  <div class='ocr_page' id='page_1' title='image "/cluster/home/n/w/nwhite01/storage/ocr_20150623/136/coo.31924054870419/150.png"; bbox 0 0 4048 6428; ppageno 0'>
   <div class='ocr_carea' id='block_1_1' title="bbox 260 356 369 418">
    <p class='ocr_par' dir='ltr' id='par_1_1' title="bbox 260 356 369 418">
     <span class='ocr_line' id='line_1_1' title="bbox 260 356 369 418; baseline 0.046 -9"><span class='ocrx_word' id='word_1_1' title='bbox 260 356 369 418; x_wconf 64' lang='lat'><strong>235</strong></span> 
     </span>
    </p>
   </div>
   <div class='ocr_carea' id='block_1_2' title="bbox 1422 356 2368 429">
    <p class='ocr_par' dir='ltr' id='par_1_2' title="bbox 1422 356 2368 429">
     <span class='ocr_line' id='line_1_2' title="bbox 1422 356 2368 429; baseline 0.013 -13"><span class='ocrx_word' id='word_1_2' title='bbox 1422 356 1520 417; x_wconf 89' lang='lat' dir='ltr'><strong>DE</strong></span> <span class='ocrx_word' id='word_1_3' title='bbox 1555 358 1614 421; x_wconf 93' lang='lat' dir='ltr'><strong>S.</strong></span> <span class='ocrx_word' id='word_1_4' title='bbox 1648 359 1956 421; x_wconf 83' lang='lat' dir='ltr'><strong>ALPHEO</strong></span> <span class='ocrx_word' id='word_1_5' title='bbox 1976 362 2072 422; x_wconf 88' lang='lat' dir='ltr'><strong>ET</strong></span> <span class='ocrx_word' id='word_1_6' title='bbox 2103 363 2368 429; x_wconf 88' lang='lat' dir='ltr'><strong>SOCllS.</strong></span> 
     </span>
    </p>
   </div>
   <div class='ocr_carea' id='block_1_3' title="bbox 3418 374 3528 442">
    <p class='ocr_par' dir='ltr' id='par_1_3' title="bbox 3418 374 3528 442">
     <span class='ocr_line' id='line_1_3' title="bbox 3418 374 3528 442; baseline 0.045 -6"><span class='ocrx_word' id='word_1_7' title='bbox 3418 374 3528 442; x_wconf 63' lang='lat'><strong>€86</strong></span> 
     </span>
    </p>
   </div>
   <div class='ocr_carea' id='block_1_4' title="bbox 265 463 1866 549">
    <p class='ocr_par' dir='ltr' id='par_1_4' title="bbox 265 463 1844 538">
     <span class='ocr_line' id='line_1_4' title="bbox 265 463 1844 538; baseline 0.002 -20"><span class='ocrx_word' id='word_1_8' title='bbox 265 467 408 536; x_wconf 71' lang='grc' dir='ltr'>ὑπὲρ</span> <span class='ocrx_word' id='word_1_9' title='bbox 451 464 547 519; x_wconf 90' lang='grc' dir='ltr'><strong>σοῦ</strong></span> <span class='ocrx_word' id='word_1_10' title='bbox 591 465 760 535; x_wconf 83' lang='grc' dir='ltr'><strong>τριῶν</strong></span> <span class='ocrx_word' id='word_1_11' title='bbox 807 464 1036 519; x_wconf 82' lang='grc' dir='ltr'>δικαίων</span> <span class='ocrx_word' id='word_1_12' title='bbox 1083 463 1446 536; x_wconf 83' lang='grc' dir='ltr'>γεραίρομεν,</span> <span class='ocrx_word' id='word_1_13' title='bbox 1481 468 1844 538; x_wconf 80' lang='grc' dir='ltr'><strong>μνημόνευμα</strong></span> 
     </span>
    </p>
   </div>
   <div class='ocr_carea' id='block_1_5' title="bbox 1967 463 3541 549">
    <p class='ocr_par' dir='ltr' id='par_1_5' title="bbox 1967 473 3541 549">
     <span class='ocr_line' id='line_1_5' title="bbox 1967 473 3541 549; baseline 0.011 -27"><span class='ocrx_word' id='word_1_14' title='bbox 1967 478 2156 524; x_wconf 64' lang='grc' dir='ltr'>ιιοιιυηι</span> <span class='ocrx_word' id='word_1_15' title='bbox 2181 473 2270 542; x_wconf 89' lang='lat' dir='ltr'><strong>qui</strong></span> <span class='ocrx_word' id='word_1_16' title='bbox 2302 489 2400 542; x_wconf 90' lang='lat' dir='ltr'><strong>pro</strong></span> <span class='ocrx_word' id='word_1_17' title='bbox 2427 483 2476 528; x_wconf 86' lang='lat' dir='ltr'><strong>te</strong></span> <span class='ocrx_word' id='word_1_18' title='bbox 2527 487 2923 545; x_wconf 82' lang='lat' dir='ltr'><strong>pugnaverunt,</strong></span> <span class='ocrx_word' id='word_1_19' title='bbox 2947 479 3001 532; x_wconf 90' lang='lat' dir='ltr'><strong>in</strong></span> <span class='ocrx_word' id='word_1_20' title='bbox 3027 482 3313 549; x_wconf 67' lang='lat' dir='ltr'><strong>praeconiis</strong></span> <span class='ocrx_word' id='word_1_21' title='bbox 3333 485 3541 539; x_wconf 81' lang='lat' dir='ltr'><strong>nostris</strong></span> 
     </span>
    </p>
   </div>
   <div class='ocr_carea' id='block_1_6' title="bbox 268 551 1851 634">
    <p class='ocr_par' dir='ltr' id='par_1_6' title="bbox 268 551 1851 634">
     <span class='ocr_line' id='line_1_6' title="bbox 268 551 1851 634; baseline 0.001 -21"><span class='ocrx_word' id='word_1_22' title='bbox 268 561 566 628; x_wconf 74' lang='grc' dir='ltr'>ἐγκωμίοις</span> <span class='ocrx_word' id='word_1_23' title='bbox 602 557 930 621; x_wconf 77' lang='grc' dir='ltr'>ἑνώσαντες,</span> <span class='ocrx_word' id='word_1_24' title='bbox 960 551 1036 611; x_wconf 79' lang='grc' dir='ltr'>ὧν</span> <span class='ocrx_word' id='word_1_25' title='bbox 1081 559 1180 629; x_wconf 81' lang='grc' dir='ltr'>τὴν</span> <span class='ocrx_word' id='word_1_26' title='bbox 1213 559 1478 631; x_wconf 79' lang='grc' dir='ltr'>ἀνδρικὴν</span> <span class='ocrx_word' id='word_1_27' title='bbox 1511 561 1851 634; x_wconf 79' lang='grc' dir='ltr'>στερρότητα</span> 
     </span>
    </p>
   </div>
   <div class='ocr_carea' id='block_1_7' title="bbox 267 651 1854 724">
    <p class='ocr_par' dir='ltr' id='par_1_7' title="bbox 267 651 1854 724">
     <span class='ocr_line' id='line_1_7' title="bbox 267 651 1854 724; baseline -0.003 -16"><span class='ocrx_word' id='word_1_28' title='bbox 267 657 328 708; x_wconf 73' lang='grc' dir='ltr'>οὗ</span> <span class='ocrx_word' id='word_1_29' title='bbox 397 654 563 724; x_wconf 78' lang='grc' dir='ltr'>φόϐος</span> <span class='ocrx_word' id='word_1_30' title='bbox 623 651 920 722; x_wconf 77' lang='grc' dir='ltr'><strong>ἐμάλαξεν,</strong></span> <span class='ocrx_word' id='word_1_31' title='bbox 987 651 1108 705; x_wconf 79' lang='grc' dir='ltr'>οὐδὲ</span> <span class='ocrx_word' id='word_1_32' title='bbox 1162 653 1326 721; x_wconf 77' lang='grc' dir='ltr'>πεῖρα</span> <span class='ocrx_word' id='word_1_33' title='bbox 1376 651 1674 716; x_wconf 80' lang='grc' dir='ltr'><strong>κολάσεως,</strong></span> <span class='ocrx_word' id='word_1_34' title='bbox 1731 652 1854 706; x_wconf 79' lang='grc' dir='ltr'>οὐδὲ</span> 
     </span>
    </p>
   </div>
   <div class='ocr_carea' id='block_1_8' title="bbox 273 743 1855 813">
    <p class='ocr_par' dir='ltr' id='par_1_8' title="bbox 273 743 1855 813">
     <span class='ocr_line' id='line_1_8' title="bbox 273 743 1855 813; baseline -0.004 -12"><span class='ocrx_word' id='word_1_35' title='bbox 273 750 425 801; x_wconf 72' lang='grc' dir='ltr'>πᾶσα</span> <span class='ocrx_word' id='word_1_36' title='bbox 455 745 549 799; x_wconf 87' lang='grc' dir='ltr'><strong>τοῦ</strong></span> <span class='ocrx_word' id='word_1_37' title='bbox 598 746 826 813; x_wconf 88' lang='grc' dir='ltr'>Μάγνου</span> <span class='ocrx_word' id='word_1_38' title='bbox 858 745 1138 805; x_wconf 78' lang='grc' dir='ltr'><strong>κακόνοια,</strong></span> <span class='ocrx_word' id='word_1_39' title='bbox 1173 743 1430 809; x_wconf 87' lang='grc' dir='ltr'>θνήσκειν</span> <span class='ocrx_word' id='word_1_40' title='bbox 1474 743 1675 806; x_wconf 78' lang='grc' dir='ltr'>αὐτοὺς</span> <span class='ocrx_word' id='word_1_41' title='bbox 1721 744 1855 796; x_wconf 87' lang='grc' dir='ltr'>ἀνα-</span> 
     </span>
    </p>
   </div>
   <div class='ocr_carea' id='block_1_9' title="bbox 272 837 1860 912">
    <p class='ocr_par' dir='ltr' id='par_1_9' title="bbox 272 837 1860 912">
     <span class='ocr_line' id='line_1_9' title="bbox 272 837 1860 912; baseline -0.004 -15"><span class='ocrx_word' id='word_1_42' title='bbox 272 846 582 912; x_wconf 76' lang='grc' dir='ltr'>γκάζουσα.</span> <span class='ocrx_word' id='word_1_43' title='bbox 609 841 852 908; x_wconf 89' lang='grc' dir='ltr'>Δυνάμει</span> <span class='ocrx_word' id='word_1_44' title='bbox 898 840 1008 909; x_wconf 83' lang='grc' dir='ltr'>γὰρ</span> <span class='ocrx_word' id='word_1_45' title='bbox 1047 838 1362 910; x_wconf 75' lang='grc' dir='ltr'>ἧνδρίζοντο</span> <span class='ocrx_word' id='word_1_46' title='bbox 1394 837 1538 907; x_wconf 82' lang='grc' dir='ltr'>θείᾳ,</span> <span class='ocrx_word' id='word_1_47' title='bbox 1569 837 1658 892; x_wconf 77' lang='grc' dir='ltr'>διὰ</span> <span class='ocrx_word' id='word_1_48' title='bbox 1699 837 1860 890; x_wconf 59' lang='grc' dir='ltr'>θανά.</span> 
     </span>
    </p>
   </div>
   <div class='ocr_carea' id='block_1_10' title="bbox 273 929 1855 1008">
    <p class='ocr_par' dir='ltr' id='par_1_10' title="bbox 273 929 1855 1008">
     <span class='ocr_line' id='line_1_10' title="bbox 273 929 1855 1008; baseline -0.005 -18"><span class='ocrx_word' id='word_1_49' title='bbox 273 956 370 992; x_wconf 81' lang='grc' dir='ltr'><strong>του</strong></span> <span class='ocrx_word' id='word_1_50' title='bbox 399 939 688 1008; x_wconf 75' lang='grc' dir='ltr'><strong>τρέχοντες</strong></span> <span class='ocrx_word' id='word_1_51' title='bbox 725 935 806 999; x_wconf 84' lang='grc' dir='ltr'><strong>είς</strong></span> <span class='ocrx_word' id='word_1_52' title='bbox 847 934 1016 1003; x_wconf 79' lang='grc' dir='ltr'>ζωὴν,</span> <span class='ocrx_word' id='word_1_53' title='bbox 1054 931 1427 1003; x_wconf 79' lang='grc' dir='ltr'><strong>προκειμένην</strong></span> <span class='ocrx_word' id='word_1_54' title='bbox 1462 932 1574 994; x_wconf 87' lang='grc' dir='ltr'>τοῖς</span> <span class='ocrx_word' id='word_1_55' title='bbox 1599 929 1855 996; x_wconf 88' lang='grc' dir='ltr'>ἀγαπῶσί</span> 
     </span>
    </p>
   </div>
   <div class='ocr_carea' id='block_1_11' title="bbox 277 1021 1756 1100">
    <p class='ocr_par' dir='ltr' id='par_1_11' title="bbox 277 1021 1756 1100">
     <span class='ocr_line' id='line_1_11' title="bbox 277 1021 1756 1100; baseline -0.007 -15"><span class='ocrx_word' id='word_1_56' title='bbox 277 1049 362 1096; x_wconf 88' lang='grc' dir='ltr'><strong>σε,</strong></span> <span class='ocrx_word' id='word_1_57' title='bbox 390 1031 482 1083; x_wconf 71' lang='grc' dir='ltr'>τὸν</span> <span class='ocrx_word' id='word_1_58' title='bbox 512 1029 672 1100; x_wconf 89' lang='grc' dir='ltr'>μόνον</span> <span class='ocrx_word' id='word_1_59' title='bbox 693 1027 826 1081; x_wconf 82' lang='grc' dir='ltr'>Θεὸν</span> <span class='ocrx_word' id='word_1_60' title='bbox 849 1026 944 1079; x_wconf 73' lang='grc' dir='ltr'><strong>καὶ</strong></span> <span class='ocrx_word' id='word_1_61' title='bbox 971 1024 1196 1096; x_wconf 82' lang='grc' dir='ltr'>σωτῆρα</span> <span class='ocrx_word' id='word_1_62' title='bbox 1219 1027 1326 1078; x_wconf 88' lang='grc' dir='ltr'><strong>τῶν</strong></span> <span class='ocrx_word' id='word_1_63' title='bbox 1359 1023 1551 1093; x_wconf 80' lang='grc' dir='ltr'>ψυχῶν</span> <span class='ocrx_word' id='word_1_64' title='bbox 1572 1021 1756 1091; x_wconf 88' lang='grc' dir='ltr'>ἡμῶν.</span> 
     </span>
    </p>
   </div>
   <div class='ocr_carea' id='block_1_12' title="bbox 348 1112 1858 1190">
    <p class='ocr_par' dir='ltr' id='par_1_12' title="bbox 348 1112 1858 1190">
     <span class='ocr_line' id='line_1_12' title="bbox 348 1112 1858 1190; baseline -0.005 -18"><span class='ocrx_word' id='word_1_65' title='bbox 348 1120 414 1175; x_wconf 84' lang='grc' dir='ltr'>ε’.</span> <span class='ocrx_word' id='word_1_66' title='bbox 446 1117 874 1190; x_wconf 85' lang='grc' dir='ltr'>Καθηλωθέντες</span> <span class='ocrx_word' id='word_1_67' title='bbox 931 1116 1210 1187; x_wconf 79' lang='grc' dir='ltr'>μάρτυρες</span> <span class='ocrx_word' id='word_1_68' title='bbox 1261 1116 1312 1168; x_wconf 78' lang='lat' dir='ltr'><strong>oi</strong></span> <span class='ocrx_word' id='word_1_69' title='bbox 1362 1115 1515 1185; x_wconf 83' lang='grc' dir='ltr'><strong>τρεῖς</strong></span> <span class='ocrx_word' id='word_1_70' title='bbox 1561 1115 1618 1166; x_wconf 84' lang='grc' dir='ltr'><strong>ὲν</strong></span> <span class='ocrx_word' id='word_1_71' title='bbox 1663 1112 1858 1174; x_wconf 85' lang='grc' dir='ltr'>λίθοις,</span> 
     </span>
    </p>
   </div>
   <div class='ocr_carea' id='block_1_13' title="bbox 275 1205 1860 1283">
    <p class='ocr_par' dir='ltr' id='par_1_13' title="bbox 275 1205 1860 1283">
     <span class='ocr_line' id='line_1_13' title="bbox 275 1205 1860 1283; baseline -0.007 -16"><span class='ocrx_word' id='word_1_72' title='bbox 275 1211 554 1283; x_wconf 80' lang='grc' dir='ltr'>ψαλμικὺν</span> <span class='ocrx_word' id='word_1_73' title='bbox 604 1211 727 1280; x_wconf 81' lang='grc' dir='ltr'>μέλι</span> <span class='ocrx_word' id='word_1_74' title='bbox 777 1211 843 1263; x_wconf 82' lang='grc' dir='ltr'>ὲκ</span> <span class='ocrx_word' id='word_1_75' title='bbox 910 1208 1119 1278; x_wconf 79' lang='grc' dir='ltr'><strong>πέτρας</strong></span> <span class='ocrx_word' id='word_1_76' title='bbox 1176 1205 1482 1277; x_wconf 78' lang='grc' dir='ltr'>θηλάζετε,</span> <span class='ocrx_word' id='word_1_77' title='bbox 1537 1205 1860 1274; x_wconf 83' lang='grc' dir='ltr'><strong>γλυκύτητα</strong></span> 
     </span>
    </p>
   </div>
   <div class='ocr_carea' id='block_1_14' title="bbox 272 1296 1860 1376">
    <p class='ocr_par' dir='ltr' id='par_1_14' title="bbox 272 1296 1860 1376">
     <span class='ocr_line' id='line_1_14' title="bbox 272 1296 1860 1376; baseline -0.006 -18"><span class='ocrx_word' id='word_1_78' title='bbox 272 1306 380 1376; x_wconf 80' lang='grc' dir='ltr'>τὴν</span> <span class='ocrx_word' id='word_1_79' title='bbox 427 1303 614 1357; x_wconf 79' lang='grc' dir='ltr'>θεόθεν</span> <span class='ocrx_word' id='word_1_80' title='bbox 664 1299 1068 1372; x_wconf 84' lang='grc' dir='ltr'>καρπούμενοι.</span> <span class='ocrx_word' id='word_1_81' title='bbox 1138 1298 1258 1370; x_wconf 88' lang='grc' dir='ltr'>Πῦρ</span> <span class='ocrx_word' id='word_1_82' title='bbox 1304 1299 1364 1352; x_wconf 86' lang='grc' dir='ltr'>δὲ</span> <span class='ocrx_word' id='word_1_83' title='bbox 1416 1298 1480 1352; x_wconf 76' lang='grc' dir='ltr'><strong>τὸ</strong></span> <span class='ocrx_word' id='word_1_84' title='bbox 1541 1296 1860 1365; x_wconf 85' lang='grc' dir='ltr'>συμφλέξαν</span> 
     </span>
    </p>
   </div>
   <div class='ocr_carea' id='block_1_15' title="bbox 279 1387 1861 1462">
    <p class='ocr_par' dir='ltr' id='par_1_15' title="bbox 279 1387 1861 1462">
     <span class='ocr_line' id='line_1_15' title="bbox 279 1387 1861 1462; baseline -0.006 -13"><span class='ocrx_word' id='word_1_85' title='bbox 279 1395 592 1460; x_wconf 79' lang='grc' dir='ltr'>στέξαντες,</span> <span class='ocrx_word' id='word_1_86' title='bbox 624 1391 868 1462; x_wconf 79' lang='grc' dir='ltr'>οὐράνιοι</span> <span class='ocrx_word' id='word_1_87' title='bbox 902 1391 1110 1462; x_wconf 82' lang='grc' dir='ltr'>ἦρθητε</span> <span class='ocrx_word' id='word_1_88' title='bbox 1144 1391 1221 1453; x_wconf 84' lang='grc' dir='ltr'>ὡς</span> <span class='ocrx_word' id='word_1_89' title='bbox 1271 1388 1496 1458; x_wconf 79' lang='grc' dir='ltr'>πυρίνου</span> <span class='ocrx_word' id='word_1_90' title='bbox 1546 1387 1635 1455; x_wconf 79' lang='grc' dir='ltr'><strong>ἐφ’</strong></span> <span class='ocrx_word' id='word_1_91' title='bbox 1677 1387 1861 1458; x_wconf 82' lang='grc' dir='ltr'>ἆρμα-</span> 
     </span>
    </p>
   </div>
   <div class='ocr_carea' id='block_1_16' title="bbox 275 1478 1855 1556">
    <p class='ocr_par' dir='ltr' id='par_1_16' title="bbox 275 1478 1855 1556">
     <span class='ocr_line' id='line_1_16' title="bbox 275 1478 1855 1556; baseline -0.01 -11"><span class='ocrx_word' id='word_1_92' title='bbox 275 1509 395 1556; x_wconf 83' lang='grc' dir='ltr'>τος,</span> <span class='ocrx_word' id='word_1_93' title='bbox 432 1489 613 1543; x_wconf 80' lang='grc' dir='ltr'>Ἠλίου</span> <span class='ocrx_word' id='word_1_94' title='bbox 640 1487 744 1554; x_wconf 84' lang='grc' dir='ltr'><strong>τὴν</strong></span> <span class='ocrx_word' id='word_1_95' title='bbox 771 1485 995 1554; x_wconf 82' lang='grc' dir='ltr'>πορείαν</span> <span class='ocrx_word' id='word_1_96' title='bbox 1020 1482 1351 1554; x_wconf 81' lang='grc' dir='ltr'>μιμούμενοι</span> <span class='ocrx_word' id='word_1_97' title='bbox 1373 1497 1390 1514; x_wconf 77' lang='grc' dir='ltr'><strong>ο</strong></span> <span class='ocrx_word' id='word_1_98' title='bbox 1424 1481 1577 1534; x_wconf 83' lang='grc' dir='ltr'>πᾶσα</span> <span class='ocrx_word' id='word_1_99' title='bbox 1596 1479 1654 1533; x_wconf 83' lang='grc' dir='ltr'>δὲ</span> <span class='ocrx_word' id='word_1_100' title='bbox 1681 1478 1855 1549; x_wconf 76' lang='grc' dir='ltr'>βλάϐη</span> 
     </span>
    </p>
   </div>
   <div class='ocr_carea' id='block_1_17' title="bbox 274 1571 1855 1649">
    <p class='ocr_par' dir='ltr' id='par_1_17' title="bbox 274 1571 1855 1649">
     <span class='ocr_line' id='line_1_17' title="bbox 274 1571 1855 1649; baseline -0.008 -13"><span class='ocrx_word' id='word_1_101' title='bbox 274 1583 579 1643; x_wconf 77' lang='grc' dir='ltr'><strong>κακώσεως</strong></span> <span class='ocrx_word' id='word_1_102' title='bbox 612 1579 827 1649; x_wconf 85' lang='grc' dir='ltr'>τρυφὰς</span> <span class='ocrx_word' id='word_1_103' title='bbox 857 1578 988 1646; x_wconf 81' lang='grc' dir='ltr'>ὑμῖν</span> <span class='ocrx_word' id='word_1_104' title='bbox 1021 1578 1119 1638; x_wconf 74' lang='grc' dir='ltr'><strong>τὰς</strong></span> <span class='ocrx_word' id='word_1_105' title='bbox 1154 1575 1306 1638; x_wconf 87' lang='grc' dir='ltr'>θείας</span> <span class='ocrx_word' id='word_1_106' title='bbox 1337 1573 1535 1627; x_wconf 73' lang='grc' dir='ltr'>ἐδίδου.</span> <span class='ocrx_word' id='word_1_107' title='bbox 1572 1571 1855 1634; x_wconf 82' lang='grc' dir='ltr'>Τοιούτοις</span> 
     </span>
    </p>
   </div>
   <div class='ocr_carea' id='block_1_18' title="bbox 273 1665 1852 1740">
    <p class='ocr_par' dir='ltr' id='par_1_18' title="bbox 273 1665 1852 1740">
     <span class='ocr_line' id='line_1_18' title="bbox 273 1665 1852 1740; baseline -0.005 -18"><span class='ocrx_word' id='word_1_108' title='bbox 273 1674 390 1740; x_wconf 62' lang='grc' dir='ltr'>γὰρ</span> <span class='ocrx_word' id='word_1_109' title='bbox 419 1669 753 1740; x_wconf 77' lang='grc' dir='ltr'>ἀμείϐεταιὸ</span> <span class='ocrx_word' id='word_1_110' title='bbox 775 1668 959 1739; x_wconf 80' lang='grc' dir='ltr'>σωτὴρ</span> <span class='ocrx_word' id='word_1_111' title='bbox 989 1669 1116 1730; x_wconf 83' lang='grc' dir='ltr'>τοὺς</span> <span class='ocrx_word' id='word_1_112' title='bbox 1149 1667 1490 1736; x_wconf 84' lang='grc' dir='ltr'>αὐτοῦχάριν</span> <span class='ocrx_word' id='word_1_113' title='bbox 1515 1665 1852 1734; x_wconf 81' lang='grc' dir='ltr'>πάσχοντας,</span> 
     </span>
    </p>
   </div>
   <div class='ocr_carea' id='block_1_19' title="bbox 286 1757 1741 1836">
    <p class='ocr_par' dir='ltr' id='par_1_19' title="bbox 286 1757 1741 1836">
     <span class='ocr_line' id='line_1_19' title="bbox 286 1757 1741 1836; baseline -0.005 -19"><span class='ocrx_word' id='word_1_114' title='bbox 286 1765 388 1819; x_wconf 84' lang='grc' dir='ltr'><strong>τοῦ</strong></span> <span class='ocrx_word' id='word_1_115' title='bbox 425 1765 586 1836; x_wconf 87' lang='grc' dir='ltr'>μόνου</span> <span class='ocrx_word' id='word_1_116' title='bbox 619 1762 756 1817; x_wconf 89' lang='grc' dir='ltr'>Θεοῦ</span> <span class='ocrx_word' id='word_1_117' title='bbox 784 1764 879 1816; x_wconf 75' lang='grc' dir='ltr'><strong>καὶ</strong></span> <span class='ocrx_word' id='word_1_118' title='bbox 909 1762 1166 1832; x_wconf 77' lang='grc' dir='ltr'>Σωτῆρος</span> <span class='ocrx_word' id='word_1_119' title='bbox 1201 1761 1312 1812; x_wconf 85' lang='grc' dir='ltr'><strong>τῶν</strong></span> <span class='ocrx_word' id='word_1_120' title='bbox 1342 1759 1530 1828; x_wconf 81' lang='grc' dir='ltr'>ψυχῶν</span> <span class='ocrx_word' id='word_1_121' title='bbox 1561 1757 1741 1827; x_wconf 82' lang='grc' dir='ltr'>ἡμῶν.</span> 
     </span>
    </p>
   </div>
   <div class='ocr_carea' id='block_1_20' title="bbox 1957 564 3534 640">
    <p class='ocr_par' dir='ltr' id='par_1_20' title="bbox 1957 564 3534 640">
     <span class='ocr_line' id='line_1_20' title="bbox 1957 564 3534 640; baseline 0.009 -25"><span class='ocrx_word' id='word_1_122' title='bbox 1957 564 2279 618; x_wconf 88' lang='lat' dir='ltr'><strong>memoriam</strong></span> <span class='ocrx_word' id='word_1_123' title='bbox 2339 580 2526 620; x_wconf 89' lang='lat' dir='ltr'><strong>eorum</strong></span> <span class='ocrx_word' id='word_1_124' title='bbox 2583 569 2980 638; x_wconf 72' lang='lat' dir='ltr'><strong>conjungentes</strong></span> <span class='ocrx_word' id='word_1_125' title='bbox 3033 587 3266 640; x_wconf 92' lang='lat' dir='ltr'><strong>quorum</strong></span> <span class='ocrx_word' id='word_1_126' title='bbox 3322 575 3534 628; x_wconf 82' lang='lat' dir='ltr'><strong>virilem</strong></span> 
     </span>
    </p>
   </div>
   <div class='ocr_carea' id='block_1_21' title="bbox 1954 657 3536 725">
    <p class='ocr_par' dir='ltr' id='par_1_21' title="bbox 1954 657 3536 725">
     <span class='ocr_line' id='line_1_21' title="bbox 1954 657 3536 725; baseline 0.006 -16"><span class='ocrx_word' id='word_1_127' title='bbox 1954 657 2320 710; x_wconf 75' lang='lat' dir='ltr'><strong>constantiam</strong></span> <span class='ocrx_word' id='word_1_128' title='bbox 2350 673 2448 713; x_wconf 90' lang='lat' dir='ltr'><strong>nec</strong></span> <span class='ocrx_word' id='word_1_129' title='bbox 2478 659 2643 712; x_wconf 91' lang='lat' dir='ltr'><strong>timor</strong></span> <span class='ocrx_word' id='word_1_130' title='bbox 2684 662 2915 714; x_wconf 91' lang='lat' dir='ltr'><strong>emolliit</strong></span> <span class='ocrx_word' id='word_1_131' title='bbox 2937 702 2952 725; x_wconf 89' lang='lat'><strong>,</strong></span> <span class='ocrx_word' id='word_1_132' title='bbox 3004 678 3104 718; x_wconf 91' lang='lat' dir='ltr'><strong>nec</strong></span> <span class='ocrx_word' id='word_1_133' title='bbox 3137 676 3536 719; x_wconf 88' lang='lat' dir='ltr'><strong>tormentorum</strong></span> 
     </span>
    </p>
   </div>
   <div class='ocr_carea' id='block_1_22' title="bbox 1956 745 3540 828">
    <p class='ocr_par' dir='ltr' id='par_1_22' title="bbox 1956 745 3540 828">
     <span class='ocr_line' id='line_1_22' title="bbox 1956 745 3540 828; baseline 0.006 -31"><span class='ocrx_word' id='word_1_134' title='bbox 1956 745 2230 814; x_wconf 83' lang='lat' dir='ltr'><strong>probatio,</strong></span> <span class='ocrx_word' id='word_1_135' title='bbox 2262 762 2364 802; x_wconf 91' lang='lat' dir='ltr'><strong>nec</strong></span> <span class='ocrx_word' id='word_1_136' title='bbox 2389 751 2568 828; x_wconf 85' lang='lat' dir='ltr'><strong>omnis</strong></span> <span class='ocrx_word' id='word_1_137' title='bbox 2594 749 2770 820; x_wconf 83' lang='lat' dir='ltr'><strong>Magni</strong></span> <span class='ocrx_word' id='word_1_138' title='bbox 2806 752 3034 814; x_wconf 88' lang='lat' dir='ltr'><strong>malitia,</strong></span> <span class='ocrx_word' id='word_1_139' title='bbox 3091 768 3189 809; x_wconf 88' lang='lat' dir='ltr'><strong>eos</strong></span> <span class='ocrx_word' id='word_1_140' title='bbox 3254 756 3392 808; x_wconf 89' lang='lat' dir='ltr'><strong>mori</strong></span> <span class='ocrx_word' id='word_1_141' title='bbox 3449 772 3540 809; x_wconf 89' lang='lat' dir='ltr'><strong>co-</strong></span> 
     </span>
    </p>
   </div>
   <div class='ocr_carea' id='block_1_23' title="bbox 1956 838 3536 915">
    <p class='ocr_par' dir='ltr' id='par_1_23' title="bbox 1956 838 3536 915">
     <span class='ocr_line' id='line_1_23' title="bbox 1956 838 3536 915; baseline 0.008 -27"><span class='ocrx_word' id='word_1_142' title='bbox 1956 853 2112 906; x_wconf 82' lang='lat' dir='ltr'><strong>gens.</strong></span> <span class='ocrx_word' id='word_1_143' title='bbox 2150 838 2342 892; x_wconf 77' lang='lat' dir='ltr'><strong>Divina</strong></span> <span class='ocrx_word' id='word_1_144' title='bbox 2366 841 2508 894; x_wconf 91' lang='lat' dir='ltr'><strong>enim</strong></span> <span class='ocrx_word' id='word_1_145' title='bbox 2544 843 2800 912; x_wconf 84' lang='lat' dir='ltr'><strong>vigebant</strong></span> <span class='ocrx_word' id='word_1_146' title='bbox 2866 846 3087 911; x_wconf 88' lang='lat' dir='ltr'><strong>virtute,</strong></span> <span class='ocrx_word' id='word_1_147' title='bbox 3161 862 3258 915; x_wconf 86' lang='lat' dir='ltr'><strong>per</strong></span> <span class='ocrx_word' id='word_1_148' title='bbox 3305 860 3536 902; x_wconf 91' lang='lat' dir='ltr'><strong>mortem</strong></span> 
     </span>
    </p>
   </div>
   <div class='ocr_carea' id='block_1_24' title="bbox 1958 929 3537 1002">
    <p class='ocr_par' dir='ltr' id='par_1_24' title="bbox 1958 929 3537 1002">
     <span class='ocr_line' id='line_1_24' title="bbox 1958 929 3537 1002; baseline 0.007 -22"><span class='ocrx_word' id='word_1_149' title='bbox 1958 936 2243 981; x_wconf 88' lang='lat' dir='ltr'><strong>currentes</strong></span> <span class='ocrx_word' id='word_1_150' title='bbox 2269 929 2335 981; x_wconf 87' lang='lat' dir='ltr'><strong>ad</strong></span> <span class='ocrx_word' id='word_1_151' title='bbox 2365 929 2554 994; x_wconf 86' lang='lat' dir='ltr'><strong>vitam,</strong></span> <span class='ocrx_word' id='word_1_152' title='bbox 2585 946 2704 1000; x_wconf 76' lang='lat' dir='ltr'><strong>quae</strong></span> <span class='ocrx_word' id='word_1_153' title='bbox 2735 943 2917 988; x_wconf 89' lang='lat' dir='ltr'><strong>manet</strong></span> <span class='ocrx_word' id='word_1_154' title='bbox 2953 935 3210 990; x_wconf 83' lang='lat' dir='ltr'><strong>timentes</strong></span> <span class='ocrx_word' id='word_1_155' title='bbox 3244 945 3318 1002; x_wconf 90' lang='lat' dir='ltr'><strong>te,</strong></span> <span class='ocrx_word' id='word_1_156' title='bbox 3359 939 3537 992; x_wconf 90' lang='lat' dir='ltr'><strong>solum</strong></span> 
     </span>
    </p>
   </div>
   <div class='ocr_carea' id='block_1_25' title="bbox 1961 1016 3284 1082">
    <p class='ocr_par' dir='ltr' id='par_1_25' title="bbox 1961 1016 3284 1082">
     <span class='ocr_line' id='line_1_25' title="bbox 1961 1016 3284 1082; baseline 0.009 -12"><span class='ocrx_word' id='word_1_157' title='bbox 1961 1016 2130 1070; x_wconf 89' lang='lat' dir='ltr'><strong>Deum</strong></span> <span class='ocrx_word' id='word_1_158' title='bbox 2165 1027 2222 1074; x_wconf 90' lang='lat' dir='ltr'><strong>et</strong></span> <span class='ocrx_word' id='word_1_159' title='bbox 2247 1021 2571 1077; x_wconf 82' lang='lat' dir='ltr'><strong>salvatorem</strong></span> <span class='ocrx_word' id='word_1_160' title='bbox 2605 1025 2913 1080; x_wconf 89' lang='lat' dir='ltr'><strong>animarum</strong></span> <span class='ocrx_word' id='word_1_161' title='bbox 2947 1036 3284 1082; x_wconf 85' lang='lat' dir='ltr'><strong>nostrarum.</strong></span> 
     </span>
    </p>
   </div>
   <div class='ocr_carea' id='block_1_26' title="bbox 2035 1109 3540 1196">
    <p class='ocr_par' dir='ltr' id='par_1_26' title="bbox 2035 1109 3540 1196">
     <span class='ocr_line' id='line_1_26' title="bbox 2035 1109 3540 1196; baseline 0.011 -34"><span class='ocrx_word' id='word_1_162' title='bbox 2035 1109 2089 1163; x_wconf 84' lang='lat'><strong>5.</strong></span> <span class='ocrx_word' id='word_1_163' title='bbox 2127 1109 2232 1178; x_wconf 87' lang='lat' dir='ltr'><strong>Qui</strong></span> <span class='ocrx_word' id='word_1_164' title='bbox 2270 1121 2380 1169; x_wconf 90' lang='lat' dir='ltr'><strong>tres</strong></span> <span class='ocrx_word' id='word_1_165' title='bbox 2414 1115 2584 1171; x_wconf 77' lang='lat' dir='ltr'><strong>clavis</strong></span> <span class='ocrx_word' id='word_1_166' title='bbox 2625 1116 2691 1170; x_wconf 86' lang='lat' dir='ltr'><strong>ad</strong></span> <span class='ocrx_word' id='word_1_167' title='bbox 2723 1133 2918 1173; x_wconf 83' lang='lat' dir='ltr'><strong>saxum</strong></span> <span class='ocrx_word' id='word_1_168' title='bbox 2954 1120 3097 1175; x_wconf 78' lang='lat' dir='ltr'><strong>affixi</strong></span> <span class='ocrx_word' id='word_1_169' title='bbox 3123 1122 3280 1185; x_wconf 86' lang='lat' dir='ltr'><strong>estis,</strong></span> <span class='ocrx_word' id='word_1_170' title='bbox 3330 1135 3540 1196; x_wconf 88' lang='lat' dir='ltr'><strong>marty-</strong></span> 
     </span>
    </p>
   </div>
   <div class='ocr_carea' id='block_1_27' title="bbox 1960 1203 3538 1282">
    <p class='ocr_par' dir='ltr' id='par_1_27' title="bbox 1960 1203 3538 1282">
     <span class='ocr_line' id='line_1_27' title="bbox 1960 1203 3538 1282; baseline 0.01 -27"><span class='ocrx_word' id='word_1_171' title='bbox 1960 1217 2073 1266; x_wconf 88' lang='lat' dir='ltr'><strong>res,</strong></span> <span class='ocrx_word' id='word_1_172' title='bbox 2106 1203 2423 1260; x_wconf 86' lang='lat' dir='ltr'><strong>Davidicum</strong></span> <span class='ocrx_word' id='word_1_173' title='bbox 2475 1208 2584 1263; x_wconf 92' lang='lat' dir='ltr'><strong>mel</strong></span> <span class='ocrx_word' id='word_1_174' title='bbox 2641 1208 2711 1264; x_wconf 92' lang='lat' dir='ltr'><strong>de</strong></span> <span class='ocrx_word' id='word_1_175' title='bbox 2757 1222 2910 1278; x_wconf 89' lang='lat' dir='ltr'><strong>petra</strong></span> <span class='ocrx_word' id='word_1_176' title='bbox 2970 1213 3246 1282; x_wconf 87' lang='lat' dir='ltr'><strong>mulgetis,</strong></span> <span class='ocrx_word' id='word_1_177' title='bbox 3293 1216 3538 1270; x_wconf 84' lang='lat' dir='ltr'><strong>divinam</strong></span> 
     </span>
    </p>
   </div>
   <div class='ocr_carea' id='block_1_28' title="bbox 1958 1297 3538 1374">
    <p class='ocr_par' dir='ltr' id='par_1_28' title="bbox 1958 1297 3538 1374">
     <span class='ocr_line' id='line_1_28' title="bbox 1958 1297 3538 1374; baseline 0.01 -29"><span class='ocrx_word' id='word_1_178' title='bbox 1958 1305 2240 1362; x_wconf 80' lang='lat' dir='ltr'><strong>guStantes</strong></span> <span class='ocrx_word' id='word_1_179' title='bbox 2303 1297 2666 1356; x_wconf 87' lang='lat' dir='ltr'><strong>dulcedinem.</strong></span> <span class='ocrx_word' id='word_1_180' title='bbox 2728 1303 2911 1372; x_wconf 87' lang='lat' dir='ltr'><strong>Ignem</strong></span> <span class='ocrx_word' id='word_1_181' title='bbox 2950 1307 3196 1374; x_wconf 87' lang='lat' dir='ltr'><strong>perpessi</strong></span> <span class='ocrx_word' id='word_1_182' title='bbox 3224 1307 3538 1370; x_wconf 89' lang='lat' dir='ltr'><strong>ardentem,</strong></span> 
     </span>
    </p>
   </div>
   <div class='ocr_carea' id='block_1_29' title="bbox 1960 1385 3541 1467">
    <p class='ocr_par' dir='ltr' id='par_1_29' title="bbox 1960 1385 3541 1467">
     <span class='ocr_line' id='line_1_29' title="bbox 1960 1385 3541 1467; baseline 0.009 -30"><span class='ocrx_word' id='word_1_183' title='bbox 1960 1385 2014 1438; x_wconf 90' lang='lat' dir='ltr'><strong>in</strong></span> <span class='ocrx_word' id='word_1_184' title='bbox 2046 1388 2244 1441; x_wconf 65' lang='lat' dir='ltr'><strong>caelum</strong></span> <span class='ocrx_word' id='word_1_185' title='bbox 2275 1389 2474 1445; x_wconf 84' lang='lat' dir='ltr'><strong>sublati</strong></span> <span class='ocrx_word' id='word_1_186' title='bbox 2535 1392 2669 1449; x_wconf 81' lang='lat' dir='ltr'><strong>estis</strong></span> <span class='ocrx_word' id='word_1_187' title='bbox 2727 1396 2885 1464; x_wconf 88' lang='lat' dir='ltr'><strong>quasi</strong></span> <span class='ocrx_word' id='word_1_188' title='bbox 2940 1411 3106 1451; x_wconf 91' lang='lat' dir='ltr'><strong>curru</strong></span> <span class='ocrx_word' id='word_1_189' title='bbox 3174 1398 3354 1467; x_wconf 82' lang='lat' dir='ltr'><strong>igneo,</strong></span> <span class='ocrx_word' id='word_1_190' title='bbox 3412 1398 3541 1452; x_wconf 74' lang='lat' dir='ltr'><strong>Elia:</strong></span> 
     </span>
    </p>
   </div>
   <div class='ocr_carea' id='block_1_30' title="bbox 1961 1477 3544 1553">
    <p class='ocr_par' dir='ltr' id='par_1_30' title="bbox 1961 1477 3544 1553">
     <span class='ocr_line' id='line_1_30' title="bbox 1961 1477 3544 1553; baseline 0.008 -27"><span class='ocrx_word' id='word_1_191' title='bbox 1961 1477 2256 1531; x_wconf 83' lang='lat' dir='ltr'><strong>transitum</strong></span> <span class='ocrx_word' id='word_1_192' title='bbox 2291 1479 2594 1545; x_wconf 82' lang='lat' dir='ltr'><strong>imitantes,</strong></span> <span class='ocrx_word' id='word_1_193' title='bbox 2619 1489 2674 1535; x_wconf 86' lang='lat' dir='ltr'><strong>et</strong></span> <span class='ocrx_word' id='word_1_194' title='bbox 2727 1484 2910 1538; x_wconf 90' lang='lat' dir='ltr'><strong>omnis</strong></span> <span class='ocrx_word' id='word_1_195' title='bbox 2939 1491 3333 1538; x_wconf 87' lang='lat' dir='ltr'><strong>tormentorum</strong></span> <span class='ocrx_word' id='word_1_196' title='bbox 3389 1499 3544 1553; x_wconf 83' lang='lat' dir='ltr'><strong>pres-</strong></span> 
     </span>
    </p>
   </div>
   <div class='ocr_carea' id='block_1_31' title="bbox 1961 1569 3543 1631">
    <p class='ocr_par' dir='ltr' id='par_1_31' title="bbox 1961 1569 3543 1631">
     <span class='ocr_line' id='line_1_31' title="bbox 1961 1569 3543 1631; baseline 0.004 -8"><span class='ocrx_word' id='word_1_197' title='bbox 1961 1583 2089 1623; x_wconf 87' lang='lat' dir='ltr'><strong>sura</strong></span> <span class='ocrx_word' id='word_1_198' title='bbox 2123 1569 2339 1627; x_wconf 89' lang='lat' dir='ltr'><strong>divinas</strong></span> <span class='ocrx_word' id='word_1_199' title='bbox 2365 1572 2522 1628; x_wconf 81' lang='lat' dir='ltr'><strong>vobis</strong></span> <span class='ocrx_word' id='word_1_200' title='bbox 2547 1573 2779 1629; x_wconf 87' lang='lat' dir='ltr'><strong>delicias</strong></span> <span class='ocrx_word' id='word_1_201' title='bbox 2815 1575 2990 1631; x_wconf 83' lang='lat' dir='ltr'><strong>dedit.</strong></span> <span class='ocrx_word' id='word_1_202' title='bbox 3025 1574 3117 1630; x_wconf 84' lang='lat' dir='ltr'><strong>Sic</strong></span> <span class='ocrx_word' id='word_1_203' title='bbox 3146 1577 3295 1630; x_wconf 92' lang='lat' dir='ltr'><strong>enim</strong></span> <span class='ocrx_word' id='word_1_204' title='bbox 3352 1592 3543 1631; x_wconf 90' lang='lat' dir='ltr'><strong>remu-</strong></span> 
     </span>
    </p>
   </div>
   <div class='ocr_carea' id='block_1_32' title="bbox 1961 1654 3544 1739">
    <p class='ocr_par' dir='ltr' id='par_1_32' title="bbox 1961 1654 3544 1739">
     <span class='ocr_line' id='line_1_32' title="bbox 1961 1654 3544 1739; baseline 0.005 -23"><span class='ocrx_word' id='word_1_205' title='bbox 1961 1673 2118 1719; x_wconf 87' lang='lat' dir='ltr'><strong>nerat</strong></span> <span class='ocrx_word' id='word_1_206' title='bbox 2175 1665 2436 1722; x_wconf 79' lang='lat' dir='ltr'><strong>Servatur</strong></span> <span class='ocrx_word' id='word_1_207' title='bbox 2512 1654 2785 1739; x_wconf 87' lang='lat' dir='ltr'><strong>patientes</strong></span> <span class='ocrx_word' id='word_1_208' title='bbox 2841 1686 2942 1739; x_wconf 91' lang='lat' dir='ltr'><strong>pro</strong></span> <span class='ocrx_word' id='word_1_209' title='bbox 3023 1686 3104 1737; x_wconf 91' lang='lat' dir='ltr'><strong>se,</strong></span> <span class='ocrx_word' id='word_1_210' title='bbox 3147 1671 3264 1725; x_wconf 90' lang='lat' dir='ltr'><strong>solo</strong></span> <span class='ocrx_word' id='word_1_211' title='bbox 3321 1671 3429 1726; x_wconf 78' lang='lat' dir='ltr'><strong>Deo</strong></span> <span class='ocrx_word' id='word_1_212' title='bbox 3487 1678 3544 1724; x_wconf 91' lang='lat' dir='ltr'><strong>et</strong></span> 
     </span>
    </p>
   </div>
   <div class='ocr_carea' id='block_1_33' title="bbox 1963 1759 2952 1820">
    <p class='ocr_par' dir='ltr' id='par_1_33' title="bbox 1963 1759 2952 1820">
     <span class='ocr_line' id='line_1_33' title="bbox 1963 1759 2952 1820; baseline 0.008 -9"><span class='ocrx_word' id='word_1_213' title='bbox 1963 1759 2235 1814; x_wconf 76' lang='lat' dir='ltr'><strong>salvatore</strong></span> <span class='ocrx_word' id='word_1_214' title='bbox 2272 1763 2577 1816; x_wconf 81' lang='lat' dir='ltr'><strong>animarum</strong></span> <span class='ocrx_word' id='word_1_215' title='bbox 2612 1775 2952 1820; x_wconf 86' lang='lat' dir='ltr'><strong>nostrarum.</strong></span> 
     </span>
    </p>
   </div>
   <div class='ocr_carea' id='block_1_34' title="bbox 983 1878 1013 1929">
    <p class='ocr_par' dir='ltr' id='par_1_34' title="bbox 983 1878 1013 1929">
     <span class='ocr_line' id='line_1_34' title="bbox 983 1878 1013 1929; baseline 0 0"><span class='ocrx_word' id='word_1_216' title='bbox 983 1878 1013 1929; x_wconf 85' lang='grc' dir='ltr'><strong>λ</strong></span> 
     </span>
    </p>
   </div>
   <div class='ocr_carea' id='block_1_35' title="bbox 276 1914 1866 2032">
    <p class='ocr_par' dir='ltr' id='par_1_35' title="bbox 276 1914 1863 2032">
     <span class='ocr_line' id='line_1_35' title="bbox 276 1914 1863 2032; baseline -0.006 -25"><span class='ocrx_word' id='word_1_217' title='bbox 276 1953 509 2022; x_wconf 82' lang='grc' dir='ltr'>Ἕτερος</span> <span class='ocrx_word' id='word_1_218' title='bbox 534 1951 791 2024; x_wconf 84' lang='grc' dir='ltr'>στιχηρὸς</span> <span class='ocrx_word' id='word_1_219' title='bbox 811 1914 1013 2032; x_wconf 54' lang='lat' dir='ltr'><strong>ﬁxo“;</strong></span> <span class='ocrx_word' id='word_1_220' title='bbox 1050 1924 1217 2032; x_wconf 52' lang='lat' dir='ltr'><strong>sgf</strong></span> <span class='ocrx_word' id='word_1_221' title='bbox 1452 1962 1466 1977; x_wconf 75' lang='grc' dir='ltr'><strong>ο</strong></span> <span class='ocrx_word' id='word_1_222' title='bbox 1543 1943 1863 2015; x_wconf 81' lang='grc' dir='ltr'>Τριήμερος</span> 
     </span>
    </p>
   </div>
   <div class='ocr_carea' id='block_1_36' title="bbox 1967 1914 3540 2032">
    <p class='ocr_par' dir='ltr' id='par_1_36' title="bbox 1967 1957 3540 2032">
     <span class='ocr_line' id='line_1_36' title="bbox 1967 1957 3540 2032; baseline 0 -15"><span class='ocrx_word' id='word_1_223' title='bbox 1967 1957 2208 2018; x_wconf 63' lang='lat' dir='ltr'><strong>Alterum</strong></span> <span class='ocrx_word' id='word_1_224' title='bbox 2239 1974 2458 2016; x_wconf 90' lang='lat' dir='ltr'><strong>carmen</strong></span> <span class='ocrx_word' id='word_1_225' title='bbox 2495 1961 2835 2032; x_wconf 82' lang='lat' dir='ltr'><strong>superhoc:</strong></span> <span class='ocrx_word' id='word_1_226' title='bbox 2883 1959 3061 2014; x_wconf 82' lang='lat' dir='ltr'><strong>Tertia</strong></span> <span class='ocrx_word' id='word_1_227' title='bbox 3108 1963 3192 2015; x_wconf 81' lang='lat' dir='ltr'><strong>die</strong></span> <span class='ocrx_word' id='word_1_228' title='bbox 3240 1964 3540 2028; x_wconf 77' lang='lat' dir='ltr'><strong>surrexisti,</strong></span> 
     </span>
    </p>
   </div>
   <div class='ocr_carea' id='block_1_37' title="bbox 793 2020 1352 2089">
    <p class='ocr_par' dir='ltr' id='par_1_37' title="bbox 793 2020 1352 2089">
     <span class='ocr_line' id='line_1_37' title="bbox 793 2020 1352 2089; baseline -0.004 -14"><span class='ocrx_word' id='word_1_229' title='bbox 793 2021 1082 2088; x_wconf 83' lang='grc' dir='ltr'>ἀνέστης,</span> <span class='ocrx_word' id='word_1_230' title='bbox 1111 2020 1352 2089; x_wconf 85' lang='grc' dir='ltr'>Χριστέ.</span> 
     </span>
    </p>
   </div>
   <div class='ocr_carea' id='block_1_38' title="bbox 351 2130 1861 2207">
    <p class='ocr_par' dir='ltr' id='par_1_38' title="bbox 351 2130 1861 2207">
     <span class='ocr_line' id='line_1_38' title="bbox 351 2130 1861 2207; baseline -0.006 -16"><span class='ocrx_word' id='word_1_231' title='bbox 351 2135 430 2202; x_wconf 83' lang='grc' dir='ltr'>ς’.</span> <span class='ocrx_word' id='word_1_232' title='bbox 473 2138 775 2207; x_wconf 80' lang='grc' dir='ltr'>’Δνήμερος</span> <span class='ocrx_word' id='word_1_233' title='bbox 816 2135 962 2206; x_wconf 82' lang='grc' dir='ltr'>ὑμᾶς</span> <span class='ocrx_word' id='word_1_234' title='bbox 1011 2133 1272 2206; x_wconf 85' lang='grc' dir='ltr'>δικαστὴς</span> <span class='ocrx_word' id='word_1_235' title='bbox 1324 2131 1730 2192; x_wconf 79' lang='grc' dir='ltr'>πιστεύσαντας</span> <span class='ocrx_word' id='word_1_236' title='bbox 1781 2130 1861 2192; x_wconf 86' lang='grc' dir='ltr'><strong>είς</strong></span> 
     </span>
    </p>
   </div>
   <div class='ocr_carea' id='block_1_39' title="bbox 277 2221 1862 2299">
    <p class='ocr_par' dir='ltr' id='par_1_39' title="bbox 277 2221 1862 2299">
     <span class='ocr_line' id='line_1_39' title="bbox 277 2221 1862 2299; baseline -0.007 -14"><span class='ocrx_word' id='word_1_237' title='bbox 277 2233 492 2299; x_wconf 76' lang='grc' dir='ltr'>Κύριον</span> <span class='ocrx_word' id='word_1_238' title='bbox 524 2230 820 2284; x_wconf 77' lang='grc' dir='ltr'>ὑποϐάλλει</span> <span class='ocrx_word' id='word_1_239' title='bbox 852 2227 1177 2298; x_wconf 83' lang='grc' dir='ltr'>βαρυτάτοις</span> <span class='ocrx_word' id='word_1_240' title='bbox 1205 2227 1508 2294; x_wconf 77' lang='grc' dir='ltr'>αἰκισμοῖς,</span> <span class='ocrx_word' id='word_1_241' title='bbox 1543 2223 1778 2294; x_wconf 85' lang='grc' dir='ltr'>χαλάσαι</span> <span class='ocrx_word' id='word_1_242' title='bbox 1805 2221 1862 2274; x_wconf 74' lang='grc' dir='ltr'>δὲ</span> 
     </span>
    </p>
   </div>
   <div class='ocr_carea' id='block_1_40' title="bbox 275 2314 1863 2391">
    <p class='ocr_par' dir='ltr' id='par_1_40' title="bbox 275 2314 1863 2391">
     <span class='ocr_line' id='line_1_40' title="bbox 275 2314 1863 2391; baseline -0.008 -14"><span class='ocrx_word' id='word_1_243' title='bbox 275 2326 372 2377; x_wconf 74' lang='grc' dir='ltr'><strong>τὸν</strong></span> <span class='ocrx_word' id='word_1_244' title='bbox 403 2323 560 2377; x_wconf 82' lang='grc' dir='ltr'>τόνον</span> <span class='ocrx_word' id='word_1_245' title='bbox 586 2323 718 2391; x_wconf 82' lang='grc' dir='ltr'>ὑμῖν</span> <span class='ocrx_word' id='word_1_246' title='bbox 746 2322 883 2385; x_wconf 84' lang='grc' dir='ltr'>ὅλως</span> <span class='ocrx_word' id='word_1_247' title='bbox 912 2321 1013 2374; x_wconf 89' lang='grc' dir='ltr'><strong>ούκ</strong></span> <span class='ocrx_word' id='word_1_248' title='bbox 1049 2320 1200 2389; x_wconf 74' lang='grc' dir='ltr'>ἔσχε,</span> <span class='ocrx_word' id='word_1_249' title='bbox 1236 2316 1694 2384; x_wconf 83' lang='grc' dir='ltr'>συντεταγμένοις</span> <span class='ocrx_word' id='word_1_250' title='bbox 1723 2314 1863 2382; x_wconf 76' lang='grc' dir='ltr'>πρὸς</span> 
     </span>
    </p>
   </div>
   <div class='ocr_carea' id='block_1_41' title="bbox 279 2405 1862 2486">
    <p class='ocr_par' dir='ltr' id='par_1_41' title="bbox 279 2405 1862 2486">
     <span class='ocr_line' id='line_1_41' title="bbox 279 2405 1862 2486; baseline -0.007 -17"><span class='ocrx_word' id='word_1_251' title='bbox 279 2420 351 2470; x_wconf 71' lang='grc' dir='ltr'>τὰ</span> <span class='ocrx_word' id='word_1_252' title='bbox 379 2415 691 2486; x_wconf 85' lang='grc' dir='ltr'>κρείττονα.</span> <span class='ocrx_word' id='word_1_253' title='bbox 716 2415 791 2467; x_wconf 86' lang='grc' dir='ltr'>Τὸ</span> <span class='ocrx_word' id='word_1_254' title='bbox 843 2413 1018 2483; x_wconf 87' lang='grc' dir='ltr'>στόμα</span> <span class='ocrx_word' id='word_1_255' title='bbox 1051 2414 1244 2481; x_wconf 84' lang='grc' dir='ltr'>γέμειν</span> <span class='ocrx_word' id='word_1_256' title='bbox 1281 2410 1467 2480; x_wconf 76' lang='grc' dir='ltr'>ὓμνων</span> <span class='ocrx_word' id='word_1_257' title='bbox 1498 2407 1637 2460; x_wconf 88' lang='grc' dir='ltr'>Θεοῦ</span> <span class='ocrx_word' id='word_1_258' title='bbox 1675 2405 1862 2460; x_wconf 77' lang='grc' dir='ltr'>αἰσθό-</span> 
     </span>
    </p>
   </div>
   <div class='ocr_carea' id='block_1_42' title="bbox 282 2497 1864 2577">
    <p class='ocr_par' dir='ltr' id='par_1_42' title="bbox 282 2497 1864 2577">
     <span class='ocr_line' id='line_1_42' title="bbox 282 2497 1864 2577; baseline -0.008 -16"><span class='ocrx_word' id='word_1_259' title='bbox 282 2525 449 2577; x_wconf 86' lang='grc' dir='ltr'>μενος</span> <span class='ocrx_word' id='word_1_260' title='bbox 495 2510 524 2560; x_wconf 83' lang='grc' dir='ltr'>ὁ</span> <span class='ocrx_word' id='word_1_261' title='bbox 575 2507 862 2576; x_wconf 89' lang='grc' dir='ltr'>τύραννος,</span> <span class='ocrx_word' id='word_1_262' title='bbox 891 2506 1005 2568; x_wconf 83' lang='grc' dir='ltr'>τοῖς</span> <span class='ocrx_word' id='word_1_263' title='bbox 1053 2501 1321 2574; x_wconf 88' lang='grc' dir='ltr'>χαλκεῦσι</span> <span class='ocrx_word' id='word_1_264' title='bbox 1355 2501 1537 2571; x_wconf 85' lang='grc' dir='ltr'>χώνην</span> <span class='ocrx_word' id='word_1_265' title='bbox 1571 2500 1687 2556; x_wconf 70' lang='grc' dir='ltr'>θεὶς</span> <span class='ocrx_word' id='word_1_266' title='bbox 1732 2497 1864 2566; x_wconf 72' lang='grc' dir='ltr'>περὶ</span> 
     </span>
    </p>
   </div>
   <div class='ocr_carea' id='block_1_43' title="bbox 279 2589 1860 2669">
    <p class='ocr_par' dir='ltr' id='par_1_43' title="bbox 279 2589 1860 2669">
     <span class='ocr_line' id='line_1_43' title="bbox 279 2589 1860 2669; baseline -0.007 -16"><span class='ocrx_word' id='word_1_267' title='bbox 279 2601 435 2666; x_wconf 82' lang='grc' dir='ltr'>αὐτὸ,</span> <span class='ocrx_word' id='word_1_268' title='bbox 474 2599 722 2669; x_wconf 77' lang='grc' dir='ltr'>μόλιὸδον</span> <span class='ocrx_word' id='word_1_269' title='bbox 777 2597 878 2667; x_wconf 83' lang='grc' dir='ltr'>μὲν</span> <span class='ocrx_word' id='word_1_270' title='bbox 922 2597 1106 2666; x_wconf 73' lang='grc' dir='ltr'>ἐγχέει</span> <span class='ocrx_word' id='word_1_271' title='bbox 1162 2595 1298 2666; x_wconf 77' lang='grc' dir='ltr'>πυρὶ</span> <span class='ocrx_word' id='word_1_272' title='bbox 1351 2590 1566 2662; x_wconf 82' lang='grc' dir='ltr'>σφοδρῷ</span> <span class='ocrx_word' id='word_1_273' title='bbox 1600 2589 1860 2656; x_wconf 84' lang='grc' dir='ltr'>τακέντα,</span> 
     </span>
    </p>
   </div>
   <div class='ocr_carea' id='block_1_44' title="bbox 277 2688 1390 2763">
    <p class='ocr_par' dir='ltr' id='par_1_44' title="bbox 277 2688 1390 2763">
     <span class='ocr_line' id='line_1_44' title="bbox 277 2688 1390 2763; baseline -0.002 -19"><span class='ocrx_word' id='word_1_274' title='bbox 277 2694 406 2754; x_wconf 76' lang='grc' dir='ltr'>τοὺς</span> <span class='ocrx_word' id='word_1_275' title='bbox 433 2691 640 2763; x_wconf 76' lang='grc' dir='ltr'>ὕμνους</span> <span class='ocrx_word' id='word_1_276' title='bbox 675 2690 890 2744; x_wconf 86' lang='grc' dir='ltr'>παῦσαι</span> <span class='ocrx_word' id='word_1_277' title='bbox 924 2689 982 2743; x_wconf 85' lang='grc' dir='ltr'>δὲ</span> <span class='ocrx_word' id='word_1_278' title='bbox 1011 2688 1114 2742; x_wconf 86' lang='grc' dir='ltr'><strong>οὐκ</strong></span> <span class='ocrx_word' id='word_1_279' title='bbox 1149 2688 1390 2758; x_wconf 76' lang='grc' dir='ltr'>ἴσχυσεν.</span> 
     </span>
    </p>
   </div>
   <div class='ocr_carea' id='block_1_45' title="bbox 353 2774 1865 2851">
    <p class='ocr_par' dir='ltr' id='par_1_45' title="bbox 353 2774 1865 2851">
     <span class='ocr_line' id='line_1_45' title="bbox 353 2774 1865 2851; baseline -0.009 -12"><span class='ocrx_word' id='word_1_280' title='bbox 353 2781 422 2846; x_wconf 82' lang='grc' dir='ltr'><strong>ζ’.</strong></span> <span class='ocrx_word' id='word_1_281' title='bbox 463 2783 676 2848; x_wconf 81' lang='grc' dir='ltr'>Ὠφέλει</span> <span class='ocrx_word' id='word_1_282' title='bbox 727 2781 830 2851; x_wconf 84' lang='grc' dir='ltr'>μὲν</span> <span class='ocrx_word' id='word_1_283' title='bbox 872 2782 953 2844; x_wconf 79' lang='grc' dir='ltr'><strong>είς</strong></span> <span class='ocrx_word' id='word_1_284' title='bbox 1001 2779 1117 2849; x_wconf 90' lang='grc' dir='ltr'>βίον</span> <span class='ocrx_word' id='word_1_285' title='bbox 1168 2778 1230 2831; x_wconf 75' lang='grc' dir='ltr'>τὸ</span> <span class='ocrx_word' id='word_1_286' title='bbox 1263 2775 1376 2848; x_wconf 88' lang='grc' dir='ltr'><strong>πῦρ</strong></span> <span class='ocrx_word' id='word_1_287' title='bbox 1406 2775 1537 2838; x_wconf 82' lang='grc' dir='ltr'>τοὺς</span> <span class='ocrx_word' id='word_1_288' title='bbox 1576 2774 1865 2842; x_wconf 88' lang='grc' dir='ltr'>μάρτυρας</span> 
     </span>
    </p>
   </div>
   <div class='ocr_carea' id='block_1_46' title="bbox 280 2865 1865 2943">
    <p class='ocr_par' dir='ltr' id='par_1_46' title="bbox 280 2865 1865 2943">
     <span class='ocr_line' id='line_1_46' title="bbox 280 2865 1865 2943; baseline -0.007 -16"><span class='ocrx_word' id='word_1_289' title='bbox 280 2872 525 2943; x_wconf 80' lang='grc' dir='ltr'>Χριστοῦ</span> <span class='ocrx_word' id='word_1_290' title='bbox 581 2873 869 2939; x_wconf 87' lang='grc' dir='ltr'>ἀδελφοὺς,</span> <span class='ocrx_word' id='word_1_291' title='bbox 914 2869 1257 2941; x_wconf 88' lang='grc' dir='ltr'>χρησιμεῦον</span> <span class='ocrx_word' id='word_1_292' title='bbox 1313 2870 1394 2931; x_wconf 86' lang='grc' dir='ltr'><strong>είς</strong></span> <span class='ocrx_word' id='word_1_293' title='bbox 1460 2867 1608 2937; x_wconf 81' lang='grc' dir='ltr'>ζωὴν</span> <span class='ocrx_word' id='word_1_294' title='bbox 1657 2865 1865 2934; x_wconf 84' lang='grc' dir='ltr'>ταύτην</span> 
     </span>
    </p>
   </div>
   <div class='ocr_carea' id='block_1_47' title="bbox 284 2955 1864 3038">
    <p class='ocr_par' dir='ltr' id='par_1_47' title="bbox 284 2955 1864 3038">
     <span class='ocr_line' id='line_1_47' title="bbox 284 2955 1864 3038; baseline -0.008 -18"><span class='ocrx_word' id='word_1_295' title='bbox 284 2967 535 3038; x_wconf 77' lang='grc' dir='ltr'>φθαρτὴν</span> <span class='ocrx_word' id='word_1_296' title='bbox 561 2982 575 2997; x_wconf 74' lang='grc' dir='ltr'><strong>ο</strong></span> <span class='ocrx_word' id='word_1_297' title='bbox 612 2969 670 3017; x_wconf 81' lang='grc' dir='ltr'>ὲν</span> <span class='ocrx_word' id='word_1_298' title='bbox 703 2963 760 3018; x_wconf 82' lang='grc' dir='ltr'>δὲ</span> <span class='ocrx_word' id='word_1_299' title='bbox 790 2964 867 3034; x_wconf 90' lang='grc' dir='ltr'>τῷ</span> <span class='ocrx_word' id='word_1_300' title='bbox 896 2963 1186 3034; x_wconf 86' lang='grc' dir='ltr'>μαρτυρίῳ</span> <span class='ocrx_word' id='word_1_301' title='bbox 1217 2961 1589 3034; x_wconf 86' lang='grc' dir='ltr'>χρηστότατον</span> <span class='ocrx_word' id='word_1_302' title='bbox 1634 2955 1864 3029; x_wconf 80' lang='grc' dir='ltr'>εὑρέθη,</span> 
     </span>
    </p>
   </div>
   <div class='ocr_carea' id='block_1_48' title="bbox 287 3048 1866 3128">
    <p class='ocr_par' dir='ltr' id='par_1_48' title="bbox 287 3048 1866 3128">
     <span class='ocr_line' id='line_1_48' title="bbox 287 3048 1866 3128; baseline -0.006 -17"><span class='ocrx_word' id='word_1_303' title='bbox 287 3058 667 3128; x_wconf 79' lang='grc' dir='ltr'>μεταϐιϐάσαν</span> <span class='ocrx_word' id='word_1_304' title='bbox 725 3058 806 3121; x_wconf 86' lang='grc' dir='ltr'><strong>είς</strong></span> <span class='ocrx_word' id='word_1_305' title='bbox 857 3055 926 3109; x_wconf 87' lang='grc' dir='ltr'>τὰ</span> <span class='ocrx_word' id='word_1_306' title='bbox 983 3055 1262 3126; x_wconf 77' lang='grc' dir='ltr'>ἄφθαρτα.</span> <span class='ocrx_word' id='word_1_307' title='bbox 1330 3053 1620 3123; x_wconf 79' lang='grc' dir='ltr'>Εὐήμερος</span> <span class='ocrx_word' id='word_1_308' title='bbox 1675 3048 1866 3117; x_wconf 74' lang='grc' dir='ltr'>αἰθρία</span> 
     </span>
    </p>
   </div>
   <div class='ocr_carea' id='block_1_49' title="bbox 2637 2031 2867 2086">
    <p class='ocr_par' dir='ltr' id='par_1_49' title="bbox 2637 2031 2867 2086">
     <span class='ocr_line' id='line_1_49' title="bbox 2637 2031 2867 2086; baseline 0 0"><span class='ocrx_word' id='word_1_309' title='bbox 2637 2031 2867 2086; x_wconf 77' lang='lat' dir='ltr'><strong>Christe.</strong></span> 
     </span>
    </p>
   </div>
   <div class='ocr_carea' id='block_1_50' title="bbox 2034 2144 3541 2217">
    <p class='ocr_par' dir='ltr' id='par_1_50' title="bbox 2034 2144 3541 2217">
     <span class='ocr_line' id='line_1_50' title="bbox 2034 2144 3541 2217; baseline 0.001 -18"><span class='ocrx_word' id='word_1_310' title='bbox 2034 2144 2087 2199; x_wconf 91' lang='lat'><strong>6.</strong></span> <span class='ocrx_word' id='word_1_311' title='bbox 2119 2144 2350 2200; x_wconf 88' lang='lat' dir='ltr'><strong>Immitis</strong></span> <span class='ocrx_word' id='word_1_312' title='bbox 2371 2159 2470 2200; x_wconf 82' lang='lat' dir='ltr'><strong>vos</strong></span> <span class='ocrx_word' id='word_1_313' title='bbox 2495 2144 2664 2215; x_wconf 80' lang='lat' dir='ltr'><strong>judex</strong></span> <span class='ocrx_word' id='word_1_314' title='bbox 2715 2144 3000 2202; x_wconf 88' lang='lat' dir='ltr'><strong>credentes</strong></span> <span class='ocrx_word' id='word_1_315' title='bbox 3033 2145 3084 2200; x_wconf 91' lang='lat' dir='ltr'><strong>in</strong></span> <span class='ocrx_word' id='word_1_316' title='bbox 3109 2145 3385 2201; x_wconf 85' lang='lat' dir='ltr'><strong>Christum</strong></span> <span class='ocrx_word' id='word_1_317' title='bbox 3419 2163 3541 2217; x_wconf 82' lang='lat' dir='ltr'><strong>gra-</strong></span> 
     </span>
    </p>
   </div>
   <div class='ocr_carea' id='block_1_51' title="bbox 1963 2235 3538 2306">
    <p class='ocr_par' dir='ltr' id='par_1_51' title="bbox 1963 2235 3538 2306">
     <span class='ocr_line' id='line_1_51' title="bbox 1963 2235 3538 2306; baseline 0.001 -16"><span class='ocrx_word' id='word_1_318' title='bbox 1963 2236 2208 2292; x_wconf 79' lang='lat' dir='ltr'><strong>vissimis</strong></span> <span class='ocrx_word' id='word_1_319' title='bbox 2263 2236 2489 2306; x_wconf 88' lang='lat' dir='ltr'><strong>subjicit</strong></span> <span class='ocrx_word' id='word_1_320' title='bbox 2558 2235 2920 2302; x_wconf 88' lang='lat' dir='ltr'><strong>cruciatibus,</strong></span> <span class='ocrx_word' id='word_1_321' title='bbox 2981 2238 3345 2293; x_wconf 87' lang='lat' dir='ltr'><strong>constantiam</strong></span> <span class='ocrx_word' id='word_1_322' title='bbox 3402 2253 3538 2292; x_wconf 88' lang='lat' dir='ltr'><strong>vero</strong></span> 
     </span>
    </p>
   </div>
   <div class='ocr_carea' id='block_1_52' title="bbox 1965 2327 3537 2396">
    <p class='ocr_par' dir='ltr' id='par_1_52' title="bbox 1965 2327 3537 2396">
     <span class='ocr_line' id='line_1_52' title="bbox 1965 2327 3537 2396; baseline 0.003 -15"><span class='ocrx_word' id='word_1_323' title='bbox 1965 2329 2182 2383; x_wconf 87' lang='lat' dir='ltr'><strong>mollire</strong></span> <span class='ocrx_word' id='word_1_324' title='bbox 2237 2338 2478 2384; x_wconf 72' lang='lat' dir='ltr'><strong>vestram</strong></span> <span class='ocrx_word' id='word_1_325' title='bbox 2539 2329 2778 2396; x_wconf 87' lang='lat' dir='ltr'><strong>nequit,</strong></span> <span class='ocrx_word' id='word_1_326' title='bbox 2844 2330 3073 2384; x_wconf 81' lang='lat' dir='ltr'><strong>virtutis.</strong></span> <span class='ocrx_word' id='word_1_327' title='bbox 3137 2330 3398 2383; x_wconf 68' lang='lat' dir='ltr'><strong>athletae.</strong></span> <span class='ocrx_word' id='word_1_328' title='bbox 3462 2327 3537 2385; x_wconf 88' lang='lat' dir='ltr'><strong>Os</strong></span> 
     </span>
    </p>
   </div>
   <div class='ocr_carea' id='block_1_53' title="bbox 1965 2417 3540 2493">
    <p class='ocr_par' dir='ltr' id='par_1_53' title="bbox 1965 2417 3540 2493">
     <span class='ocr_line' id='line_1_53' title="bbox 1965 2417 3540 2493; baseline 0.001 -19"><span class='ocrx_word' id='word_1_329' title='bbox 1965 2417 2250 2474; x_wconf 80' lang='lat' dir='ltr'><strong>fabrorum</strong></span> <span class='ocrx_word' id='word_1_330' title='bbox 2283 2421 2505 2490; x_wconf 86' lang='lat' dir='ltr'><strong>hymnis</strong></span> <span class='ocrx_word' id='word_1_331' title='bbox 2531 2420 2625 2474; x_wconf 87' lang='lat' dir='ltr'><strong>Dei</strong></span> <span class='ocrx_word' id='word_1_332' title='bbox 2654 2420 2874 2490; x_wconf 92' lang='lat' dir='ltr'><strong>plenum</strong></span> <span class='ocrx_word' id='word_1_333' title='bbox 2908 2421 3104 2476; x_wconf 87' lang='lat' dir='ltr'><strong>videns</strong></span> <span class='ocrx_word' id='word_1_334' title='bbox 3129 2430 3415 2493; x_wconf 88' lang='lat' dir='ltr'><strong>tyrannus,</strong></span> <span class='ocrx_word' id='word_1_335' title='bbox 3451 2420 3540 2475; x_wconf 87' lang='lat' dir='ltr'><strong>fu-</strong></span> 
     </span>
    </p>
   </div>
   <div class='ocr_carea' id='block_1_54' title="bbox 1965 2511 3543 2582">
    <p class='ocr_par' dir='ltr' id='par_1_54' title="bbox 1965 2511 3543 2582">
     <span class='ocr_line' id='line_1_54' title="bbox 1965 2511 3543 2582; baseline -0.003 -17"><span class='ocrx_word' id='word_1_336' title='bbox 1965 2525 2150 2565; x_wconf 88' lang='lat' dir='ltr'><strong>suram</strong></span> <span class='ocrx_word' id='word_1_337' title='bbox 2186 2511 2240 2566; x_wconf 88' lang='lat' dir='ltr'><strong>in</strong></span> <span class='ocrx_word' id='word_1_338' title='bbox 2301 2511 2434 2567; x_wconf 86' lang='lat' dir='ltr'><strong>illud</strong></span> <span class='ocrx_word' id='word_1_339' title='bbox 2458 2511 2638 2582; x_wconf 81' lang='lat' dir='ltr'><strong>injicit</strong></span> <span class='ocrx_word' id='word_1_340' title='bbox 2675 2511 3072 2582; x_wconf 83' lang='lat' dir='ltr'><strong>plumbumque</strong></span> <span class='ocrx_word' id='word_1_341' title='bbox 3131 2512 3372 2566; x_wconf 82' lang='lat' dir='ltr'><strong>infundit</strong></span> <span class='ocrx_word' id='word_1_342' title='bbox 3417 2511 3543 2579; x_wconf 81' lang='lat' dir='ltr'><strong>igne</strong></span> 
     </span>
    </p>
   </div>
   <div class='ocr_carea' id='block_1_55' title="bbox 1967 2603 3542 2677">
    <p class='ocr_par' dir='ltr' id='par_1_55' title="bbox 1967 2603 3542 2677">
     <span class='ocr_line' id='line_1_55' title="bbox 1967 2603 3542 2677; baseline -0.001 -20"><span class='ocrx_word' id='word_1_343' title='bbox 1967 2605 2174 2659; x_wconf 87' lang='lat' dir='ltr'><strong>ardenti</strong></span> <span class='ocrx_word' id='word_1_344' title='bbox 2194 2603 2569 2675; x_wconf 76' lang='lat' dir='ltr'><strong>liquefactum,</strong></span> <span class='ocrx_word' id='word_1_345' title='bbox 2607 2605 2840 2677; x_wconf 84' lang='lat' dir='ltr'><strong>hymnos</strong></span> <span class='ocrx_word' id='word_1_346' title='bbox 2858 2621 2990 2659; x_wconf 86' lang='lat' dir='ltr'><strong>vero</strong></span> <span class='ocrx_word' id='word_1_347' title='bbox 3025 2605 3182 2659; x_wconf 80' lang='lat' dir='ltr'><strong>[inire</strong></span> <span class='ocrx_word' id='word_1_348' title='bbox 3205 2620 3311 2658; x_wconf 90' lang='lat' dir='ltr'><strong>non</strong></span> <span class='ocrx_word' id='word_1_349' title='bbox 3338 2611 3542 2672; x_wconf 85' lang='lat' dir='ltr'><strong>potest.</strong></span> 
     </span>
    </p>
   </div>
   <div class='ocr_carea' id='block_1_56' title="bbox 2037 2785 3548 2860">
    <p class='ocr_par' dir='ltr' id='par_1_56' title="bbox 2037 2785 3548 2860">
     <span class='ocr_line' id='line_1_56' title="bbox 2037 2785 3548 2860; baseline -0.001 -18"><span class='ocrx_word' id='word_1_350' title='bbox 2037 2789 2092 2843; x_wconf 90' lang='lat'><strong>7.</strong></span> <span class='ocrx_word' id='word_1_351' title='bbox 2157 2787 2422 2844; x_wconf 86' lang='lat' dir='ltr'><strong>Proderat</strong></span> <span class='ocrx_word' id='word_1_352' title='bbox 2460 2789 2678 2858; x_wconf 79' lang='lat' dir='ltr'><strong>quidem</strong></span> <span class='ocrx_word' id='word_1_353' title='bbox 2712 2789 2853 2860; x_wconf 88' lang='lat' dir='ltr'><strong>ignis</strong></span> <span class='ocrx_word' id='word_1_354' title='bbox 2893 2789 2960 2844; x_wconf 87' lang='lat' dir='ltr'><strong>ad</strong></span> <span class='ocrx_word' id='word_1_355' title='bbox 3016 2789 3221 2843; x_wconf 87' lang='lat' dir='ltr'><strong>victum</strong></span> <span class='ocrx_word' id='word_1_356' title='bbox 3285 2785 3548 2841; x_wconf 79' lang='lat' dir='ltr'><strong>fratribus</strong></span> 
     </span>
    </p>
   </div>
   <div class='ocr_carea' id='block_1_57' title="bbox 1966 2878 3544 2954">
    <p class='ocr_par' dir='ltr' id='par_1_57' title="bbox 1966 2878 3544 2954">
     <span class='ocr_line' id='line_1_57' title="bbox 1966 2878 3544 2954; baseline -0.005 -18"><span class='ocrx_word' id='word_1_357' title='bbox 1966 2881 2172 2938; x_wconf 86' lang='lat' dir='ltr'><strong>Christi</strong></span> <span class='ocrx_word' id='word_1_358' title='bbox 2196 2882 2551 2954; x_wconf 87' lang='lat' dir='ltr'><strong>martyribus,</strong></span> <span class='ocrx_word' id='word_1_359' title='bbox 2583 2881 2852 2952; x_wconf 88' lang='lat' dir='ltr'><strong>adjuvans</strong></span> <span class='ocrx_word' id='word_1_360' title='bbox 2892 2881 3057 2935; x_wconf 88' lang='lat' dir='ltr'><strong>vitam</strong></span> <span class='ocrx_word' id='word_1_361' title='bbox 3092 2880 3234 2934; x_wconf 89' lang='lat' dir='ltr'><strong>hanc</strong></span> <span class='ocrx_word' id='word_1_362' title='bbox 3267 2878 3544 2945; x_wconf 83' lang='lat' dir='ltr'><strong>corrupti-</strong></span> 
     </span>
    </p>
   </div>
   <div class='ocr_carea' id='block_1_58' title="bbox 1968 2969 3548 3042">
    <p class='ocr_par' dir='ltr' id='par_1_58' title="bbox 1968 2969 3548 3042">
     <span class='ocr_line' id='line_1_58' title="bbox 1968 2969 3548 3042; baseline -0.003 -16"><span class='ocrx_word' id='word_1_363' title='bbox 1968 2971 2168 3039; x_wconf 89' lang='lat' dir='ltr'><strong>bilem;</strong></span> <span class='ocrx_word' id='word_1_364' title='bbox 2202 2972 2257 3026; x_wconf 91' lang='lat' dir='ltr'><strong>in</strong></span> <span class='ocrx_word' id='word_1_365' title='bbox 2289 2971 2549 3042; x_wconf 88' lang='lat' dir='ltr'><strong>martyrio</strong></span> <span class='ocrx_word' id='word_1_366' title='bbox 2600 2979 2786 3025; x_wconf 86' lang='lat' dir='ltr'><strong>autem</strong></span> <span class='ocrx_word' id='word_1_367' title='bbox 2825 2970 2999 3024; x_wconf 86' lang='lat' dir='ltr'><strong>multo</strong></span> <span class='ocrx_word' id='word_1_368' title='bbox 3057 2969 3246 3023; x_wconf 85' lang='lat' dir='ltr'><strong>utilior</strong></span> <span class='ocrx_word' id='word_1_369' title='bbox 3296 2975 3548 3036; x_wconf 89' lang='lat' dir='ltr'><strong>repertus</strong></span> 
     </span>
    </p>
   </div>
   <div class='ocr_carea' id='block_1_59' title="bbox 1971 3059 3550 3131">
    <p class='ocr_par' dir='ltr' id='par_1_59' title="bbox 1971 3059 3550 3131">
     <span class='ocr_line' id='line_1_59' title="bbox 1971 3059 3550 3131; baseline -0.003 -12"><span class='ocrx_word' id='word_1_370' title='bbox 1971 3075 2075 3131; x_wconf 85' lang='lat' dir='ltr'><strong>est,</strong></span> <span class='ocrx_word' id='word_1_371' title='bbox 2111 3063 2403 3120; x_wconf 88' lang='lat' dir='ltr'><strong>traducens</strong></span> <span class='ocrx_word' id='word_1_372' title='bbox 2455 3064 2521 3119; x_wconf 89' lang='lat' dir='ltr'><strong>ad</strong></span> <span class='ocrx_word' id='word_1_373' title='bbox 2579 3063 2745 3118; x_wconf 88' lang='lat' dir='ltr'><strong>vitam</strong></span> <span class='ocrx_word' id='word_1_374' title='bbox 2799 3062 3314 3131; x_wconf 85' lang='lat' dir='ltr'><strong>incorruptibilem.</strong></span> <span class='ocrx_word' id='word_1_375' title='bbox 3365 3059 3550 3115; x_wconf 82' lang='lat' dir='ltr'><strong>Dulcis</strong></span> 
     </span>
    </p>
   </div>
   <div class='ocr_carea' id='block_1_60' title="bbox 282 3142 1866 3225">
    <p class='ocr_par' dir='ltr' id='par_1_60' title="bbox 282 3142 1866 3221">
     <span class='ocr_line' id='line_1_60' title="bbox 282 3142 1866 3221; baseline -0.008 -14"><span class='ocrx_word' id='word_1_376' title='bbox 282 3155 430 3219; x_wconf 74' lang='grc' dir='ltr'>ὑμᾶς</span> <span class='ocrx_word' id='word_1_377' title='bbox 491 3155 670 3206; x_wconf 78' lang='grc' dir='ltr'>ἐκεῖσε</span> <span class='ocrx_word' id='word_1_378' title='bbox 723 3148 1134 3221; x_wconf 82' lang='grc' dir='ltr'>περιέλαμψεν,</span> <span class='ocrx_word' id='word_1_379' title='bbox 1193 3148 1270 3210; x_wconf 82' lang='grc' dir='ltr'>ὡς</span> <span class='ocrx_word' id='word_1_380' title='bbox 1327 3145 1602 3215; x_wconf 86' lang='grc' dir='ltr'>φυγόντας</span> <span class='ocrx_word' id='word_1_381' title='bbox 1669 3142 1866 3205; x_wconf 84' lang='grc' dir='ltr'>σκότος</span> 
     </span>
    </p>
   </div>
   <div class='ocr_carea' id='block_1_61' title="bbox 1967 3142 3546 3225">
    <p class='ocr_par' dir='ltr' id='par_1_61' title="bbox 1971 3149 3546 3225">
     <span class='ocr_line' id='line_1_61' title="bbox 1971 3149 3546 3225; baseline -0.006 -15"><span class='ocrx_word' id='word_1_382' title='bbox 1971 3155 2080 3210; x_wconf 92' lang='lat' dir='ltr'><strong>illic</strong></span> <span class='ocrx_word' id='word_1_383' title='bbox 2138 3153 2398 3225; x_wconf 82' lang='lat' dir='ltr'><strong>splendor</strong></span> <span class='ocrx_word' id='word_1_384' title='bbox 2429 3154 2588 3210; x_wconf 85' lang='lat' dir='ltr'><strong>vobis</strong></span> <span class='ocrx_word' id='word_1_385' title='bbox 2651 3153 2878 3217; x_wconf 79' lang='lat' dir='ltr'><strong>affulsit,</strong></span> <span class='ocrx_word' id='word_1_386' title='bbox 2938 3159 3000 3205; x_wconf 92' lang='lat' dir='ltr'><strong>ut</strong></span> <span class='ocrx_word' id='word_1_387' title='bbox 3045 3149 3247 3220; x_wconf 88' lang='lat' dir='ltr'><strong>elapsis</strong></span> <span class='ocrx_word' id='word_1_388' title='bbox 3301 3164 3368 3204; x_wconf 77' lang='lat' dir='ltr'><strong>ex</strong></span> <span class='ocrx_word' id='word_1_389' title='bbox 3427 3155 3546 3202; x_wconf 87' lang='lat' dir='ltr'><strong>atra</strong></span> 
     </span>
    </p>
   </div>
   <div class='ocr_carea' id='block_1_62' title="bbox 284 3228 1869 3315">
    <p class='ocr_par' dir='ltr' id='par_1_62' title="bbox 284 3228 1869 3315">
     <span class='ocr_line' id='line_1_62' title="bbox 284 3228 1869 3315; baseline -0.006 -16"><span class='ocrx_word' id='word_1_390' title='bbox 284 3247 496 3315; x_wconf 80' lang='grc' dir='ltr'>πλάνης</span> <span class='ocrx_word' id='word_1_391' title='bbox 546 3245 810 3314; x_wconf 69' lang='grc' dir='ltr'>ἀφεγγὲς.</span> <span class='ocrx_word' id='word_1_392' title='bbox 843 3242 1124 3296; x_wconf 78' lang='grc' dir='ltr'>Φωτίσατε</span> <span class='ocrx_word' id='word_1_393' title='bbox 1169 3239 1307 3310; x_wconf 89' lang='grc' dir='ltr'>γοῦν</span> <span class='ocrx_word' id='word_1_394' title='bbox 1359 3239 1574 3302; x_wconf 80' lang='grc' dir='ltr'>πάντας</span> <span class='ocrx_word' id='word_1_395' title='bbox 1618 3237 1792 3310; x_wconf 75' lang='grc' dir='ltr'>ἡμᾶς,</span> <span class='ocrx_word' id='word_1_396' title='bbox 1823 3228 1869 3289; x_wconf 79' lang='grc' dir='ltr'><strong>ὦ</strong></span> 
     </span>
    </p>
   </div>
   <div class='ocr_carea' id='block_1_63' title="bbox 281 3333 1507 3408">
    <p class='ocr_par' dir='ltr' id='par_1_63' title="bbox 281 3333 1507 3408">
     <span class='ocr_line' id='line_1_63' title="bbox 281 3333 1507 3408; baseline -0.004 -16"><span class='ocrx_word' id='word_1_397' title='bbox 281 3339 595 3408; x_wconf 80' lang='grc' dir='ltr'>ἀθλοφόροι,</span> <span class='ocrx_word' id='word_1_398' title='bbox 628 3337 724 3390; x_wconf 79' lang='grc' dir='ltr'><strong>καὶ</strong></span> <span class='ocrx_word' id='word_1_399' title='bbox 762 3335 928 3404; x_wconf 79' lang='grc' dir='ltr'>ζόφον</span> <span class='ocrx_word' id='word_1_400' title='bbox 955 3335 1139 3404; x_wconf 84' lang='grc' dir='ltr'>λύπης</span> <span class='ocrx_word' id='word_1_401' title='bbox 1167 3333 1507 3388; x_wconf 85' lang='grc' dir='ltr'>ἀπελάσατε.</span> 
     </span>
    </p>
   </div>
   <div class='ocr_carea' id='block_1_64' title="bbox 328 3450 984 3513">
    <p class='ocr_par' dir='ltr' id='par_1_64' title="bbox 328 3450 984 3513">
     <span class='ocr_line' id='line_1_64' title="bbox 328 3450 984 3513; baseline -0.006 -1"><span class='ocrx_word' id='word_1_402' title='bbox 328 3500 383 3513; x_wconf 78' lang='lat'><strong>-,</strong></span> <span class='ocrx_word' id='word_1_403' title='bbox 580 3450 716 3506; x_wconf 78' lang='grc' dir='ltr'>λ-</span> <span class='ocrx_word' id='word_1_404' title='bbox 942 3497 984 3508; x_wconf 88' lang='grc'><strong>..</strong></span> 
     </span>
    </p>
   </div>
   <div class='ocr_carea' id='block_1_65' title="bbox 287 3486 1870 3592">
    <p class='ocr_par' dir='ltr' id='par_1_65' title="bbox 287 3486 1870 3592">
     <span class='ocr_line' id='line_1_65' title="bbox 287 3486 1870 3592; baseline -0.004 -14"><span class='ocrx_word' id='word_1_405' title='bbox 287 3500 383 3578; x_wconf 46' lang='lat' dir='ltr'><strong>Ri)&quot;</strong></span> <span class='ocrx_word' id='word_1_406' title='bbox 422 3517 555 3592; x_wconf 75' lang='grc' dir='ltr'>ἦχος</span> <span class='ocrx_word' id='word_1_407' title='bbox 583 3486 626 3572; x_wconf 52' lang='grc' dir='ltr'>’π</span> <span class='ocrx_word' id='word_1_408' title='bbox 679 3497 716 3570; x_wconf 74' lang='grc' dir='ltr'><strong>δ</strong></span> <span class='ocrx_word' id='word_1_409' title='bbox 773 3516 908 3592; x_wconf 64' lang='grc' dir='ltr'><strong>ᾠδὴ⁸</strong></span> <span class='ocrx_word' id='word_1_410' title='bbox 936 3497 984 3571; x_wconf 73' lang='grc' dir='ltr'><strong><em>ιῖ</em></strong></span> <span class='ocrx_word' id='word_1_411' title='bbox 1199 3533 1216 3592; x_wconf 75' lang='lat'><strong>_-</strong></span> <span class='ocrx_word' id='word_1_412' title='bbox 1277 3516 1502 3586; x_wconf 73' lang='grc' dir='ltr'><strong>’Υτρὰν</strong></span> <span class='ocrx_word' id='word_1_413' title='bbox 1546 3517 1870 3586; x_wconf 75' lang='grc' dir='ltr'>διοδεύσας</span> 
     </span>
    </p>
   </div>
   <div class='ocr_carea' id='block_1_66' title="bbox 877 3588 1540 3664">
    <p class='ocr_par' dir='ltr' id='par_1_66' title="bbox 877 3588 1540 3664">
     <span class='ocr_line' id='line_1_66' title="bbox 877 3588 1540 3664; baseline 0.002 -24"><span class='ocrx_word' id='word_1_414' title='bbox 877 3588 1020 3641; x_wconf 79' lang='grc' dir='ltr'>ὡσεὶ</span> <span class='ocrx_word' id='word_1_415' title='bbox 1061 3588 1273 3655; x_wconf 81' lang='grc' dir='ltr'>ξηράν.</span> <span class='ocrx_word' id='word_1_416' title='bbox 1536 3660 1540 3664; x_wconf 17' lang='grc' dir='ltr'>λ</span> 
     </span>
    </p>
   </div>
   <div class='ocr_carea' id='block_1_67' title="bbox 357 3678 1870 3752">
    <p class='ocr_par' dir='ltr' id='par_1_67' title="bbox 357 3678 1870 3752">
     <span class='ocr_line' id='line_1_67' title="bbox 357 3678 1870 3752; baseline -0.001 -16"><span class='ocrx_word' id='word_1_417' title='bbox 357 3681 430 3752; x_wconf 80' lang='grc' dir='ltr'>η’.</span> <span class='ocrx_word' id='word_1_418' title='bbox 473 3680 603 3736; x_wconf 79' lang='grc' dir='ltr'>Ἰδοὺ</span> <span class='ocrx_word' id='word_1_419' title='bbox 633 3679 720 3750; x_wconf 76' lang='grc' dir='ltr'>δὴ,</span> <span class='ocrx_word' id='word_1_420' title='bbox 750 3678 804 3732; x_wconf 85' lang='grc' dir='ltr'><strong>τί</strong></span> <span class='ocrx_word' id='word_1_421' title='bbox 841 3678 1060 3733; x_wconf 88' lang='grc' dir='ltr'>κάλλιον</span> <span class='ocrx_word' id='word_1_422' title='bbox 1088 3679 1120 3750; x_wconf 83' lang='grc' dir='ltr'><strong>ἥ</strong></span> <span class='ocrx_word' id='word_1_423' title='bbox 1167 3679 1424 3750; x_wconf 84' lang='grc' dir='ltr'>τερπνὸν,</span> <span class='ocrx_word' id='word_1_424' title='bbox 1463 3679 1583 3734; x_wconf 87' lang='grc' dir='ltr'>ἀλλ’</span> <span class='ocrx_word' id='word_1_425' title='bbox 1617 3681 1650 3752; x_wconf 79' lang='grc' dir='ltr'><strong>ἢ</strong></span> <span class='ocrx_word' id='word_1_426' title='bbox 1684 3698 1870 3736; x_wconf 87' lang='grc' dir='ltr'>κατοι-</span> 
     </span>
    </p>
   </div>
   <div class='ocr_carea' id='block_1_68' title="bbox 285 3769 1870 3840">
    <p class='ocr_par' dir='ltr' id='par_1_68' title="bbox 285 3769 1870 3840">
     <span class='ocr_line' id='line_1_68' title="bbox 285 3769 1870 3840; baseline -0.001 -15"><span class='ocrx_word' id='word_1_427' title='bbox 285 3774 465 3838; x_wconf 75' lang='grc' dir='ltr'>κέζειν</span> <span class='ocrx_word' id='word_1_428' title='bbox 497 3771 763 3840; x_wconf 80' lang='grc' dir='ltr'>ἀδελφοὺς</span> <span class='ocrx_word' id='word_1_429' title='bbox 795 3771 1130 3837; x_wconf 77' lang='grc' dir='ltr'>ὲπιτοαυτό;</span> <span class='ocrx_word' id='word_1_430' title='bbox 1165 3769 1241 3832; x_wconf 82' lang='grc' dir='ltr'><strong>ὡς</strong></span> <span class='ocrx_word' id='word_1_431' title='bbox 1270 3771 1402 3833; x_wconf 83' lang='grc' dir='ltr'>τοὺς</span> <span class='ocrx_word' id='word_1_432' title='bbox 1435 3771 1813 3840; x_wconf 87' lang='grc' dir='ltr'>μεγαλάθλους</span> <span class='ocrx_word' id='word_1_433' title='bbox 1841 3775 1870 3826; x_wconf 82' lang='grc' dir='ltr'><strong>ὀ</strong></span> 
     </span>
    </p>
   </div>
   <div class='ocr_carea' id='block_1_69' title="bbox 286 3861 1869 3934">
    <p class='ocr_par' dir='ltr' id='par_1_69' title="bbox 286 3861 1869 3934">
     <span class='ocr_line' id='line_1_69' title="bbox 286 3861 1869 3934; baseline 0.001 -19"><span class='ocrx_word' id='word_1_434' title='bbox 286 3863 571 3926; x_wconf 79' lang='grc' dir='ltr'>παντάναξ</span> <span class='ocrx_word' id='word_1_435' title='bbox 623 3865 719 3917; x_wconf 65' lang='grc' dir='ltr'><strong>καὶ</strong></span> <span class='ocrx_word' id='word_1_436' title='bbox 765 3861 1032 3930; x_wconf 80' lang='grc' dir='ltr'>ἀδελφοὺς</span> <span class='ocrx_word' id='word_1_437' title='bbox 1084 3863 1140 3914; x_wconf 85' lang='grc' dir='ltr'>ὲν</span> <span class='ocrx_word' id='word_1_438' title='bbox 1209 3862 1375 3932; x_wconf 79' lang='grc' dir='ltr'>Ἐδὲμ</span> <span class='ocrx_word' id='word_1_439' title='bbox 1429 3862 1869 3934; x_wconf 81' lang='grc' dir='ltr'>συγκατῴκισεν.</span> 
     </span>
    </p>
   </div>
   <div class='ocr_carea' id='block_1_70' title="bbox 286 3958 1871 4030">
    <p class='ocr_par' dir='ltr' id='par_1_70' title="bbox 286 3958 1871 4030">
     <span class='ocr_line' id='line_1_70' title="bbox 286 3958 1871 4030; baseline -0.001 -17"><span class='ocrx_word' id='word_1_440' title='bbox 286 3963 326 4013; x_wconf 91' lang='grc' dir='ltr'><strong><em>Γ</em></strong></span> <span class='ocrx_word' id='word_1_441' title='bbox 331 3963 600 4028; x_wconf 77' lang='grc' dir='ltr'>εννήσεως</span> <span class='ocrx_word' id='word_1_442' title='bbox 654 3959 756 4030; x_wconf 87' lang='grc' dir='ltr'><strong>μέν</strong></span> <span class='ocrx_word' id='word_1_443' title='bbox 807 3959 926 4010; x_wconf 82' lang='grc' dir='ltr'>ἐστι</span> <span class='ocrx_word' id='word_1_444' title='bbox 982 3961 1221 4030; x_wconf 80' lang='grc' dir='ltr'>φυσικῆς</span> <span class='ocrx_word' id='word_1_445' title='bbox 1264 3958 1326 4012; x_wconf 83' lang='grc' dir='ltr'>τὸ</span> <span class='ocrx_word' id='word_1_446' title='bbox 1376 3958 1495 4012; x_wconf 87' lang='grc' dir='ltr'>κατ’</span> <span class='ocrx_word' id='word_1_447' title='bbox 1529 3959 1871 4028; x_wconf 80' lang='grc' dir='ltr'>ἀδελφότητα</span> 
     </span>
    </p>
   </div>
   <div class='ocr_carea' id='block_1_71' title="bbox 285 4050 1872 4122">
    <p class='ocr_par' dir='ltr' id='par_1_71' title="bbox 285 4050 1872 4122">
     <span class='ocr_line' id='line_1_71' title="bbox 285 4050 1872 4122; baseline 0.001 -18"><span class='ocrx_word' id='word_1_448' title='bbox 285 4055 511 4122; x_wconf 81' lang='grc' dir='ltr'>γνήσιον</span> <span class='ocrx_word' id='word_1_449' title='bbox 557 4052 653 4104; x_wconf 82' lang='grc' dir='ltr'><strong>καὶ</strong></span> <span class='ocrx_word' id='word_1_450' title='bbox 704 4050 956 4120; x_wconf 84' lang='grc' dir='ltr'>συμφυές</span> <span class='ocrx_word' id='word_1_451' title='bbox 982 4067 996 4081; x_wconf 82' lang='lat'><strong><em>°</em></strong></span> <span class='ocrx_word' id='word_1_452' title='bbox 1029 4053 1078 4104; x_wconf 83' lang='grc' dir='ltr'><strong>οί</strong></span> <span class='ocrx_word' id='word_1_453' title='bbox 1110 4053 1165 4104; x_wconf 81' lang='grc' dir='ltr'>δὲ</span> <span class='ocrx_word' id='word_1_454' title='bbox 1197 4051 1293 4105; x_wconf 78' lang='grc' dir='ltr'>καὶ</span> <span class='ocrx_word' id='word_1_455' title='bbox 1342 4051 1569 4122; x_wconf 81' lang='grc' dir='ltr'>ἀθλήσει</span> <span class='ocrx_word' id='word_1_456' title='bbox 1600 4054 1872 4122; x_wconf 80' lang='grc' dir='ltr'>ἡνωμένοι</span> 
     </span>
    </p>
   </div>
   <div class='ocr_carea' id='block_1_72' title="bbox 285 4137 1873 4215">
    <p class='ocr_par' dir='ltr' id='par_1_72' title="bbox 285 4137 1873 4215">
     <span class='ocr_line' id='line_1_72' title="bbox 285 4137 1873 4215; baseline 0.001 -19"><span class='ocrx_word' id='word_1_457' title='bbox 285 4144 573 4214; x_wconf 73' lang='grc' dir='ltr'>ὑπερφυὲς</span> <span class='ocrx_word' id='word_1_458' title='bbox 604 4143 665 4196; x_wconf 78' lang='grc' dir='ltr'><strong>τὸ</strong></span> <span class='ocrx_word' id='word_1_459' title='bbox 695 4143 860 4197; x_wconf 77' lang='grc' dir='ltr'>καλὸν</span> <span class='ocrx_word' id='word_1_460' title='bbox 893 4143 1302 4213; x_wconf 83' lang='grc' dir='ltr'>ἐκληρώσαντο.</span> <span class='ocrx_word' id='word_1_461' title='bbox 1348 4144 1409 4197; x_wconf 86' lang='grc' dir='ltr'>Ὀ</span> <span class='ocrx_word' id='word_1_462' title='bbox 1449 4137 1530 4207; x_wconf 78' lang='grc' dir='ltr'>εἷς</span> <span class='ocrx_word' id='word_1_463' title='bbox 1571 4145 1672 4214; x_wconf 80' lang='grc' dir='ltr'>τῆς</span> <span class='ocrx_word' id='word_1_464' title='bbox 1703 4145 1873 4215; x_wconf 86' lang='grc' dir='ltr'>Τριά-</span> 
     </span>
    </p>
   </div>
   <div class='ocr_carea' id='block_1_73' title="bbox 282 4231 1871 4304">
    <p class='ocr_par' dir='ltr' id='par_1_73' title="bbox 282 4231 1871 4304">
     <span class='ocr_line' id='line_1_73' title="bbox 282 4231 1871 4304; baseline -0.002 -15"><span class='ocrx_word' id='word_1_465' title='bbox 282 4237 375 4298; x_wconf 82' lang='grc' dir='ltr'><strong>δος</strong></span> <span class='ocrx_word' id='word_1_466' title='bbox 432 4234 813 4304; x_wconf 80' lang='grc' dir='ltr'>παμϐασιλεὺς</span> <span class='ocrx_word' id='word_1_467' title='bbox 857 4232 1037 4304; x_wconf 81' lang='grc' dir='ltr'>εὑρὼν</span> <span class='ocrx_word' id='word_1_468' title='bbox 1077 4233 1180 4302; x_wconf 82' lang='grc' dir='ltr'><strong>τὴν</strong></span> <span class='ocrx_word' id='word_1_469' title='bbox 1227 4231 1422 4302; x_wconf 86' lang='grc' dir='ltr'>τριάδα</span> <span class='ocrx_word' id='word_1_470' title='bbox 1469 4232 1570 4303; x_wconf 84' lang='grc' dir='ltr'><strong>τὴν</strong></span> <span class='ocrx_word' id='word_1_471' title='bbox 1609 4232 1871 4299; x_wconf 91' lang='grc' dir='ltr'>γενναίαν</span> 
     </span>
    </p>
   </div>
   <div class='ocr_carea' id='block_1_74' title="bbox 283 4321 1870 4397">
    <p class='ocr_par' dir='ltr' id='par_1_74' title="bbox 283 4321 1870 4397">
     <span class='ocr_line' id='line_1_74' title="bbox 283 4321 1870 4397; baseline -0.004 -16"><span class='ocrx_word' id='word_1_472' title='bbox 283 4329 398 4381; x_wconf 80' lang='grc' dir='ltr'><strong>τῶν</strong></span> <span class='ocrx_word' id='word_1_473' title='bbox 454 4325 727 4397; x_wconf 83' lang='grc' dir='ltr'>ἀθλητῶν,</span> <span class='ocrx_word' id='word_1_474' title='bbox 800 4323 1077 4392; x_wconf 84' lang='grc' dir='ltr'>Ἀλφειοῦ,</span> <span class='ocrx_word' id='word_1_475' title='bbox 1127 4325 1404 4391; x_wconf 87' lang='grc' dir='ltr'>Ζωσίμου,</span> <span class='ocrx_word' id='word_1_476' title='bbox 1490 4321 1870 4393; x_wconf 80' lang='grc' dir='ltr'>Ἀλεξάνδρου,</span> 
     </span>
    </p>
   </div>
   <div class='ocr_carea' id='block_1_75' title="bbox 1970 3240 3550 3316">
    <p class='ocr_par' dir='ltr' id='par_1_75' title="bbox 1970 3240 3550 3316">
     <span class='ocr_line' id='line_1_75' title="bbox 1970 3240 3550 3316; baseline -0.006 -13"><span class='ocrx_word' id='word_1_477' title='bbox 1970 3246 2175 3303; x_wconf 87' lang='lat' dir='ltr'><strong>erroris</strong></span> <span class='ocrx_word' id='word_1_478' title='bbox 2199 3246 2452 3316; x_wconf 82' lang='lat' dir='ltr'><strong>caligine.</strong></span> <span class='ocrx_word' id='word_1_479' title='bbox 2476 3245 2788 3301; x_wconf 89' lang='lat' dir='ltr'><strong>Illuminate</strong></span> <span class='ocrx_word' id='word_1_480' title='bbox 2826 3243 2994 3314; x_wconf 87' lang='lat' dir='ltr'><strong>igitur</strong></span> <span class='ocrx_word' id='word_1_481' title='bbox 3029 3257 3154 3310; x_wconf 88' lang='lat' dir='ltr'><strong>nos,</strong></span> <span class='ocrx_word' id='word_1_482' title='bbox 3184 3257 3218 3299; x_wconf 95' lang='lat' dir='ltr'><strong>o</strong></span> <span class='ocrx_word' id='word_1_483' title='bbox 3247 3240 3550 3312; x_wconf 88' lang='lat' dir='ltr'><strong>triumpha-</strong></span> 
     </span>
    </p>
   </div>
   <div class='ocr_carea' id='block_1_76' title="bbox 1971 3335 3017 3408">
    <p class='ocr_par' dir='ltr' id='par_1_76' title="bbox 1971 3335 3017 3408">
     <span class='ocr_line' id='line_1_76' title="bbox 1971 3335 3017 3408; baseline -0.003 -14"><span class='ocrx_word' id='word_1_484' title='bbox 1971 3351 2139 3406; x_wconf 89' lang='lat' dir='ltr'><strong>tores,</strong></span> <span class='ocrx_word' id='word_1_485' title='bbox 2158 3346 2214 3394; x_wconf 87' lang='lat' dir='ltr'><strong>et</strong></span> <span class='ocrx_word' id='word_1_486' title='bbox 2244 3337 2500 3394; x_wconf 69' lang='lat' dir='ltr'><strong>mmroris</strong></span> <span class='ocrx_word' id='word_1_487' title='bbox 2527 3337 2782 3393; x_wconf 88' lang='lat' dir='ltr'><strong>tenebras</strong></span> <span class='ocrx_word' id='word_1_488' title='bbox 2810 3335 3017 3408; x_wconf 84' lang='lat' dir='ltr'><strong>fugate.</strong></span> 
     </span>
    </p>
   </div>
   <div class='ocr_carea' id='block_1_77' title="bbox 2042 3515 3550 3589">
    <p class='ocr_par' dir='ltr' id='par_1_77' title="bbox 2042 3515 3550 3589">
     <span class='ocr_line' id='line_1_77' title="bbox 2042 3515 3550 3589; baseline -0.007 -11"><span class='ocrx_word' id='word_1_489' title='bbox 2042 3561 2058 3578; x_wconf 94' lang='lat'><strong>.</strong></span> <span class='ocrx_word' id='word_1_490' title='bbox 2113 3558 2130 3576; x_wconf 94' lang='lat'><strong>.</strong></span> <span class='ocrx_word' id='word_1_491' title='bbox 2186 3519 2392 3577; x_wconf 86' lang='lat' dir='ltr'><strong>Cantus</strong></span> <span class='ocrx_word' id='word_1_492' title='bbox 2451 3521 2687 3586; x_wconf 85' lang='lat' dir='ltr'><strong>primus.</strong></span> <span class='ocrx_word' id='word_1_493' title='bbox 2739 3533 2911 3589; x_wconf 87' lang='lat' dir='ltr'><strong>super</strong></span> <span class='ocrx_word' id='word_1_494' title='bbox 2971 3516 3112 3574; x_wconf 87' lang='lat' dir='ltr'><strong>hoc:</strong></span> <span class='ocrx_word' id='word_1_495' title='bbox 3167 3515 3322 3570; x_wconf 78' lang='lat' dir='ltr'><strong>Mare</strong></span> <span class='ocrx_word' id='word_1_496' title='bbox 3371 3523 3550 3570; x_wconf 84' lang='lat' dir='ltr'><strong>trans-</strong></span> 
     </span>
    </p>
   </div>
   <div class='ocr_carea' id='block_1_78' title="bbox 2429 3589 3118 3661">
    <p class='ocr_par' dir='ltr' id='par_1_78' title="bbox 2429 3589 3118 3661">
     <span class='ocr_line' id='line_1_78' title="bbox 2429 3589 3118 3661; baseline 0 -19"><span class='ocrx_word' id='word_1_497' title='bbox 2429 3607 2634 3661; x_wconf 81' lang='lat' dir='ltr'><strong>gressus</strong></span> <span class='ocrx_word' id='word_1_498' title='bbox 2677 3591 2831 3645; x_wconf 80' lang='lat' dir='ltr'><strong>sicut</strong></span> <span class='ocrx_word' id='word_1_499' title='bbox 2887 3589 3118 3642; x_wconf 79' lang='lat' dir='ltr'><strong>aridam.</strong></span> 
     </span>
    </p>
   </div>
   <div class='ocr_carea' id='block_1_79' title="bbox 2041 3677 3554 3754">
    <p class='ocr_par' dir='ltr' id='par_1_79' title="bbox 2041 3677 3554 3754">
     <span class='ocr_line' id='line_1_79' title="bbox 2041 3677 3554 3754; baseline -0.007 -14"><span class='ocrx_word' id='word_1_500' title='bbox 2041 3686 2094 3740; x_wconf 91' lang='lat'><strong>8.</strong></span> <span class='ocrx_word' id='word_1_501' title='bbox 2125 3683 2288 3750; x_wconf 84' lang='lat' dir='ltr'><strong>Ecce,</strong></span> <span class='ocrx_word' id='word_1_502' title='bbox 2323 3683 2454 3754; x_wconf 89' lang='lat' dir='ltr'><strong>quid</strong></span> <span class='ocrx_word' id='word_1_503' title='bbox 2489 3683 2770 3752; x_wconf 89' lang='lat' dir='ltr'><strong>pulchrius</strong></span> <span class='ocrx_word' id='word_1_504' title='bbox 2790 3693 2843 3738; x_wconf 87' lang='lat' dir='ltr'><strong>et</strong></span> <span class='ocrx_word' id='word_1_505' title='bbox 2870 3681 3170 3751; x_wconf 82' lang='lat' dir='ltr'><strong>jucundius</strong></span> <span class='ocrx_word' id='word_1_506' title='bbox 3199 3693 3362 3749; x_wconf 88' lang='lat' dir='ltr'><strong>quam</strong></span> <span class='ocrx_word' id='word_1_507' title='bbox 3395 3677 3554 3733; x_wconf 87' lang='lat' dir='ltr'><strong>babi-</strong></span> 
     </span>
    </p>
   </div>
   <div class='ocr_carea' id='block_1_80' title="bbox 1975 3769 3552 3841">
    <p class='ocr_par' dir='ltr' id='par_1_80' title="bbox 1975 3769 3552 3841">
     <span class='ocr_line' id='line_1_80' title="bbox 1975 3769 3552 3841; baseline -0.004 -13"><span class='ocrx_word' id='word_1_508' title='bbox 1975 3784 2088 3830; x_wconf 86' lang='lat' dir='ltr'><strong>tare</strong></span> <span class='ocrx_word' id='word_1_509' title='bbox 2122 3775 2318 3830; x_wconf 83' lang='lat' dir='ltr'><strong>fratres</strong></span> <span class='ocrx_word' id='word_1_510' title='bbox 2353 3775 2408 3828; x_wconf 90' lang='lat' dir='ltr'><strong>in</strong></span> <span class='ocrx_word' id='word_1_511' title='bbox 2457 3773 2669 3828; x_wconf 82' lang='lat' dir='ltr'><strong>unum?</strong></span> <span class='ocrx_word' id='word_1_512' title='bbox 2715 3773 2964 3841; x_wconf 85' lang='lat' dir='ltr'><strong>Insignes</strong></span> <span class='ocrx_word' id='word_1_513' title='bbox 3016 3772 3162 3827; x_wconf 90' lang='lat' dir='ltr'><strong>enim</strong></span> <span class='ocrx_word' id='word_1_514' title='bbox 3213 3769 3448 3824; x_wconf 89' lang='lat' dir='ltr'><strong>athletas</strong></span> <span class='ocrx_word' id='word_1_515' title='bbox 3495 3779 3552 3823; x_wconf 86' lang='lat' dir='ltr'><strong>et</strong></span> 
     </span>
    </p>
   </div>
   <div class='ocr_carea' id='block_1_81' title="bbox 1973 3858 3551 3920">
    <p class='ocr_par' dir='ltr' id='par_1_81' title="bbox 1973 3858 3551 3920">
     <span class='ocr_line' id='line_1_81' title="bbox 1973 3858 3551 3920; baseline -0.004 -1"><span class='ocrx_word' id='word_1_516' title='bbox 1973 3864 2169 3920; x_wconf 86' lang='lat' dir='ltr'><strong>fratres</strong></span> <span class='ocrx_word' id='word_1_517' title='bbox 2203 3879 2293 3917; x_wconf 79' lang='lat' dir='ltr'><strong>rex</strong></span> <span class='ocrx_word' id='word_1_518' title='bbox 2322 3863 2598 3918; x_wconf 80' lang='lat' dir='ltr'><strong>maximus</strong></span> <span class='ocrx_word' id='word_1_519' title='bbox 2626 3864 2680 3917; x_wconf 94' lang='lat' dir='ltr'><strong>in</strong></span> <span class='ocrx_word' id='word_1_520' title='bbox 2713 3862 2879 3916; x_wconf 82' lang='lat' dir='ltr'><strong>Edem</strong></span> <span class='ocrx_word' id='word_1_521' title='bbox 2930 3859 3242 3917; x_wconf 83' lang='lat' dir='ltr'><strong>collocavit.</strong></span> <span class='ocrx_word' id='word_1_522' title='bbox 3273 3858 3551 3913; x_wconf 76' lang='lat' dir='ltr'><strong>Naturalis</strong></span> 
     </span>
    </p>
   </div>
   <div class='ocr_carea' id='block_1_82' title="bbox 1973 3955 3549 4028">
    <p class='ocr_par' dir='ltr' id='par_1_82' title="bbox 1973 3955 3549 4028">
     <span class='ocr_line' id='line_1_82' title="bbox 1973 3955 3549 4028; baseline -0.004 -16"><span class='ocrx_word' id='word_1_523' title='bbox 1973 3959 2191 4028; x_wconf 87' lang='lat' dir='ltr'><strong>quidem</strong></span> <span class='ocrx_word' id='word_1_524' title='bbox 2233 3957 2476 4012; x_wconf 92' lang='lat' dir='ltr'><strong>cooritur</strong></span> <span class='ocrx_word' id='word_1_525' title='bbox 2498 3973 2562 4012; x_wconf 81' lang='lat' dir='ltr'><strong>ex</strong></span> <span class='ocrx_word' id='word_1_526' title='bbox 2590 3955 2932 4010; x_wconf 84' lang='lat' dir='ltr'><strong>fraternitate</strong></span> <span class='ocrx_word' id='word_1_527' title='bbox 2953 3955 3290 4022; x_wconf 84' lang='lat' dir='ltr'><strong>germanitas</strong></span> <span class='ocrx_word' id='word_1_528' title='bbox 3334 3964 3388 4024; x_wconf 87' lang='lat' dir='ltr'><strong>et</strong></span> <span class='ocrx_word' id='word_1_529' title='bbox 3413 3967 3549 4007; x_wconf 84' lang='lat' dir='ltr'><strong>con-</strong></span> 
     </span>
    </p>
   </div>
   <div class='ocr_carea' id='block_1_83' title="bbox 1974 4045 3555 4120">
    <p class='ocr_par' dir='ltr' id='par_1_83' title="bbox 1974 4045 3555 4120">
     <span class='ocr_line' id='line_1_83' title="bbox 1974 4045 3555 4120; baseline -0.005 -14"><span class='ocrx_word' id='word_1_530' title='bbox 1974 4049 2314 4120; x_wconf 87' lang='lat' dir='ltr'><strong>cordia;qui</strong></span> <span class='ocrx_word' id='word_1_531' title='bbox 2339 4065 2466 4105; x_wconf 88' lang='lat' dir='ltr'><strong>vero</strong></span> <span class='ocrx_word' id='word_1_532' title='bbox 2501 4050 2667 4103; x_wconf 88' lang='lat' dir='ltr'><strong>etiam</strong></span> <span class='ocrx_word' id='word_1_533' title='bbox 2716 4063 2892 4120; x_wconf 85' lang='lat' dir='ltr'><strong>agone</strong></span> <span class='ocrx_word' id='word_1_534' title='bbox 2938 4056 3069 4104; x_wconf 89' lang='lat' dir='ltr'><strong>sunt</strong></span> <span class='ocrx_word' id='word_1_535' title='bbox 3097 4045 3396 4116; x_wconf 90' lang='lat' dir='ltr'><strong>conjuncti,</strong></span> <span class='ocrx_word' id='word_1_536' title='bbox 3455 4059 3555 4099; x_wconf 90' lang='lat' dir='ltr'><strong>su-</strong></span> 
     </span>
    </p>
   </div>
   <div class='ocr_carea' id='block_1_84' title="bbox 1975 4135 3556 4212">
    <p class='ocr_par' dir='ltr' id='par_1_84' title="bbox 1975 4135 3556 4212">
     <span class='ocr_line' id='line_1_84' title="bbox 1975 4135 3556 4212; baseline -0.005 -16"><span class='ocrx_word' id='word_1_537' title='bbox 1975 4143 2320 4212; x_wconf 89' lang='lat' dir='ltr'><strong>pernaturale</strong></span> <span class='ocrx_word' id='word_1_538' title='bbox 2351 4140 2554 4196; x_wconf 91' lang='lat' dir='ltr'><strong>bonum</strong></span> <span class='ocrx_word' id='word_1_539' title='bbox 2612 4139 2792 4195; x_wconf 91' lang='lat' dir='ltr'><strong>sortiti</strong></span> <span class='ocrx_word' id='word_1_540' title='bbox 2817 4147 2965 4195; x_wconf 92' lang='lat' dir='ltr'><strong>sunt.</strong></span> <span class='ocrx_word' id='word_1_541' title='bbox 3023 4137 3182 4193; x_wconf 90' lang='lat' dir='ltr'><strong>Unus</strong></span> <span class='ocrx_word' id='word_1_542' title='bbox 3241 4138 3300 4191; x_wconf 90' lang='lat' dir='ltr'><strong>in</strong></span> <span class='ocrx_word' id='word_1_543' title='bbox 3357 4135 3556 4190; x_wconf 89' lang='lat' dir='ltr'><strong>Triade</strong></span> 
     </span>
    </p>
   </div>
   <div class='ocr_carea' id='block_1_85' title="bbox 1972 4228 3554 4303">
    <p class='ocr_par' dir='ltr' id='par_1_85' title="bbox 1972 4228 3554 4303">
     <span class='ocr_line' id='line_1_85' title="bbox 1972 4228 3554 4303; baseline -0.006 -14"><span class='ocrx_word' id='word_1_544' title='bbox 1972 4235 2309 4297; x_wconf 83' lang='lat' dir='ltr'><strong>Altissimus,</strong></span> <span class='ocrx_word' id='word_1_545' title='bbox 2353 4247 2673 4303; x_wconf 77' lang='lat' dir='ltr'><strong>generosam</strong></span> <span class='ocrx_word' id='word_1_546' title='bbox 2718 4239 2911 4287; x_wconf 88' lang='lat' dir='ltr'><strong>nactus</strong></span> <span class='ocrx_word' id='word_1_547' title='bbox 2949 4229 3274 4286; x_wconf 87' lang='lat' dir='ltr'><strong>athletarum</strong></span> <span class='ocrx_word' id='word_1_548' title='bbox 3295 4228 3554 4290; x_wconf 87' lang='lat' dir='ltr'><strong>triadem,</strong></span> 
     </span>
    </p>
   </div>
   <div class='ocr_carea' id='block_1_86' title="bbox 1973 4319 3555 4396">
    <p class='ocr_par' dir='ltr' id='par_1_86' title="bbox 1973 4319 3555 4396">
     <span class='ocr_line' id='line_1_86' title="bbox 1973 4319 3555 4396; baseline -0.004 -15"><span class='ocrx_word' id='word_1_549' title='bbox 1973 4327 2268 4396; x_wconf 85' lang='lat' dir='ltr'><strong>Alpheum,</strong></span> <span class='ocrx_word' id='word_1_550' title='bbox 2291 4323 2571 4380; x_wconf 83' lang='lat' dir='ltr'><strong>Zosimum</strong></span> <span class='ocrx_word' id='word_1_551' title='bbox 2609 4333 2662 4379; x_wconf 91' lang='lat' dir='ltr'><strong>et</strong></span> <span class='ocrx_word' id='word_1_552' title='bbox 2687 4322 3081 4386; x_wconf 84' lang='lat' dir='ltr'><strong>Alexandrum,</strong></span> <span class='ocrx_word' id='word_1_553' title='bbox 3109 4336 3206 4376; x_wconf 91' lang='lat' dir='ltr'><strong>eos</strong></span> <span class='ocrx_word' id='word_1_554' title='bbox 3225 4320 3327 4375; x_wconf 91' lang='lat' dir='ltr'><strong>sibi</strong></span> <span class='ocrx_word' id='word_1_555' title='bbox 3355 4319 3555 4375; x_wconf 89' lang='lat' dir='ltr'><strong>milites</strong></span> 
     </span>
    </p>
   </div>
   <div class='ocr_carea' id='block_1_87' title="bbox 289 4413 1866 4488">
    <p class='ocr_par' dir='ltr' id='par_1_87' title="bbox 289 4413 1866 4488">
     <span class='ocr_line' id='line_1_87' title="bbox 289 4413 1866 4488; baseline -0.002 -17"><span class='ocrx_word' id='word_1_556' title='bbox 289 4418 736 4488; x_wconf 83' lang='grc' dir='ltr'>στρατολογήσας</span> <span class='ocrx_word' id='word_1_557' title='bbox 762 4417 960 4481; x_wconf 82' lang='grc' dir='ltr'>αὐτοὺς</span> <span class='ocrx_word' id='word_1_558' title='bbox 990 4415 1331 4487; x_wconf 84' lang='grc' dir='ltr'>ᾠκειώσατο.</span> <span class='ocrx_word' id='word_1_559' title='bbox 1377 4414 1587 4483; x_wconf 78' lang='grc' dir='ltr'>’Υγράν</span> <span class='ocrx_word' id='word_1_560' title='bbox 1615 4413 1866 4468; x_wconf 84' lang='grc' dir='ltr'>διοδεύων</span> 
     </span>
    </p>
   </div>
   <div class='ocr_carea' id='block_1_88' title="bbox 1967 4413 3555 4488">
    <p class='ocr_par' dir='ltr' id='par_1_88' title="bbox 1977 4413 3555 4487">
     <span class='ocr_line' id='line_1_88' title="bbox 1977 4413 3555 4487; baseline -0.006 -14"><span class='ocrx_word' id='word_1_561' title='bbox 1977 4419 2324 4487; x_wconf 88' lang='lat' dir='ltr'><strong>conscripsit.</strong></span> <span class='ocrx_word' id='word_1_562' title='bbox 2361 4416 2509 4472; x_wconf 85' lang='lat' dir='ltr'><strong>Mare</strong></span> <span class='ocrx_word' id='word_1_563' title='bbox 2540 4416 2706 4486; x_wconf 86' lang='lat' dir='ltr'><strong>hujus</strong></span> <span class='ocrx_word' id='word_1_564' title='bbox 2749 4416 2874 4470; x_wconf 81' lang='lat' dir='ltr'><strong>vitae</strong></span> <span class='ocrx_word' id='word_1_565' title='bbox 2908 4413 3274 4481; x_wconf 90' lang='lat' dir='ltr'><strong>procellosum</strong></span> <span class='ocrx_word' id='word_1_566' title='bbox 3330 4425 3555 4481; x_wconf 87' lang='lat' dir='ltr'><strong>percur-</strong></span> 
     </span>
    </p>
   </div>
   <div class='ocr_carea' id='block_1_89' title="bbox 288 4478 1866 4583">
    <p class='ocr_par' dir='ltr' id='par_1_89' title="bbox 288 4478 1866 4583">
     <span class='ocr_line' id='line_1_89' title="bbox 288 4478 1866 4583; baseline -0.004 -19"><span class='ocrx_word' id='word_1_567' title='bbox 288 4478 582 4583; x_wconf 66' lang='grc' dir='ltr'><strong>βιωτικῶς⁷</strong></span> <span class='ocrx_word' id='word_1_568' title='bbox 609 4478 729 4578; x_wconf 32' lang='lat'><strong>451;—</strong></span> <span class='ocrx_word' id='word_1_569' title='bbox 756 4478 1182 4577; x_wconf 73' lang='grc' dir='ltr'>πολυκυμάντου</span> <span class='ocrx_word' id='word_1_570' title='bbox 1236 4478 1513 4572; x_wconf 80' lang='grc' dir='ltr'>πολιτείας</span> <span class='ocrx_word' id='word_1_571' title='bbox 1567 4506 1866 4577; x_wconf 80' lang='grc' dir='ltr'>διαγωγὴν,</span> 
     </span>
    </p>
   </div>
   <div class='ocr_carea' id='block_1_90' title="bbox 1967 4478 3553 4583">
    <p class='ocr_par' dir='ltr' id='par_1_90' title="bbox 1977 4503 3553 4578">
     <span class='ocr_line' id='line_1_90' title="bbox 1977 4503 3553 4578; baseline -0.004 -16"><span class='ocrx_word' id='word_1_572' title='bbox 1977 4523 2138 4574; x_wconf 90' lang='lat' dir='ltr'><strong>rens,</strong></span> <span class='ocrx_word' id='word_1_573' title='bbox 2181 4507 2264 4562; x_wconf 88' lang='lat' dir='ltr'><strong>fac</strong></span> <span class='ocrx_word' id='word_1_574' title='bbox 2323 4523 2392 4563; x_wconf 88' lang='lat' dir='ltr'><strong>ne</strong></span> <span class='ocrx_word' id='word_1_575' title='bbox 2448 4508 2864 4578; x_wconf 89' lang='lat' dir='ltr'><strong>tempestatibus</strong></span> <span class='ocrx_word' id='word_1_576' title='bbox 2913 4519 3164 4574; x_wconf 84' lang='lat' dir='ltr'><strong>mergar,</strong></span> <span class='ocrx_word' id='word_1_577' title='bbox 3224 4503 3456 4573; x_wconf 88' lang='lat' dir='ltr'><strong>Deipara</strong></span> <span class='ocrx_word' id='word_1_578' title='bbox 3499 4511 3553 4557; x_wconf 89' lang='lat' dir='ltr'><strong>et</strong></span> 
     </span>
    </p>
   </div>
   <div class='ocr_carea' id='block_1_91' title="bbox 291 4600 1875 4677">
    <p class='ocr_par' dir='ltr' id='par_1_91' title="bbox 291 4600 1875 4677">
     <span class='ocr_line' id='line_1_91' title="bbox 291 4600 1875 4677; baseline -0.004 -18"><span class='ocrx_word' id='word_1_579' title='bbox 291 4609 369 4677; x_wconf 84' lang='grc' dir='ltr'>μὴ</span> <span class='ocrx_word' id='word_1_580' title='bbox 402 4609 523 4666; x_wconf 78' lang='grc' dir='ltr'>ταῖς</span> <span class='ocrx_word' id='word_1_581' title='bbox 553 4604 874 4673; x_wconf 87' lang='grc' dir='ltr'>τρικυμίαις</span> <span class='ocrx_word' id='word_1_582' title='bbox 908 4602 1244 4670; x_wconf 82' lang='grc' dir='ltr'>βυθισθείην,</span> <span class='ocrx_word' id='word_1_583' title='bbox 1281 4600 1588 4670; x_wconf 81' lang='grc' dir='ltr'>θεοκυῆτερ</span> <span class='ocrx_word' id='word_1_584' title='bbox 1640 4603 1735 4654; x_wconf 76' lang='grc' dir='ltr'><strong>καὶ</strong></span> <span class='ocrx_word' id='word_1_585' title='bbox 1767 4617 1875 4653; x_wconf 87' lang='grc' dir='ltr'>σω-</span> 
     </span>
    </p>
   </div>
   <div class='ocr_carea' id='block_1_92' title="bbox 285 4697 773 4768">
    <p class='ocr_par' dir='ltr' id='par_1_92' title="bbox 285 4697 773 4768">
     <span class='ocr_line' id='line_1_92' title="bbox 285 4697 773 4768; baseline -0.008 -16"><span class='ocrx_word' id='word_1_586' title='bbox 285 4699 459 4768; x_wconf 87' lang='grc' dir='ltr'>τηρία</span> <span class='ocrx_word' id='word_1_587' title='bbox 491 4697 773 4750; x_wconf 79' lang='grc' dir='ltr'>δέσποινα.</span> 
     </span>
    </p>
   </div>
   <div class='ocr_carea' id='block_1_93' title="bbox 677 4772 1508 4863">
    <p class='ocr_par' dir='ltr' id='par_1_93' title="bbox 677 4772 1508 4863">
     <span class='ocr_line' id='line_1_93' title="bbox 677 4772 1508 4863; baseline -0.004 -19"><span class='ocrx_word' id='word_1_588' title='bbox 677 4791 802 4863; x_wconf 84' lang='grc' dir='ltr'><strong>’ῼδὴ</strong></span> <span class='ocrx_word' id='word_1_589' title='bbox 832 4772 879 4859; x_wconf 58' lang='grc' dir='ltr'><strong>ἶ</strong></span> <span class='ocrx_word' id='word_1_590' title='bbox 913 4789 1211 4856; x_wconf 73' lang='grc' dir='ltr'>Οὐρανίας</span> <span class='ocrx_word' id='word_1_591' title='bbox 1263 4787 1508 4856; x_wconf 55' lang='lat' dir='ltr'><strong>autem.</strong></span> 
     </span>
    </p>
   </div>
   <div class='ocr_carea' id='block_1_94' title="bbox 363 4879 1876 4953">
    <p class='ocr_par' dir='ltr' id='par_1_94' title="bbox 363 4879 1876 4953">
     <span class='ocr_line' id='line_1_94' title="bbox 363 4879 1876 4953; baseline -0.005 -13"><span class='ocrx_word' id='word_1_592' title='bbox 363 4886 435 4940; x_wconf 84' lang='lat'><strong>0&#39;.</strong></span> <span class='ocrx_word' id='word_1_593' title='bbox 479 4883 608 4938; x_wconf 77' lang='grc' dir='ltr'><strong>Ἐπὶ</strong></span> <span class='ocrx_word' id='word_1_594' title='bbox 656 4884 861 4953; x_wconf 83' lang='grc' dir='ltr'>πέτρας</span> <span class='ocrx_word' id='word_1_595' title='bbox 908 4882 1192 4953; x_wconf 79' lang='grc' dir='ltr'>ἀρῤήκτου</span> <span class='ocrx_word' id='word_1_596' title='bbox 1246 4881 1297 4932; x_wconf 88' lang='grc' dir='ltr'>οἱ</span> <span class='ocrx_word' id='word_1_597' title='bbox 1348 4879 1564 4948; x_wconf 82' lang='grc' dir='ltr'>στερεοὶ</span> <span class='ocrx_word' id='word_1_598' title='bbox 1597 4879 1876 4950; x_wconf 82' lang='grc' dir='ltr'>μάρτυρες</span> 
     </span>
    </p>
   </div>
   <div class='ocr_carea' id='block_1_95' title="bbox 290 4973 1876 5052">
    <p class='ocr_par' dir='ltr' id='par_1_95' title="bbox 290 4973 1876 5052">
     <span class='ocr_line' id='line_1_95' title="bbox 290 4973 1876 5052; baseline -0.005 -16"><span class='ocrx_word' id='word_1_599' title='bbox 290 4981 738 5052; x_wconf 82' lang='grc' dir='ltr'>θεμελιωθέντες,</span> <span class='ocrx_word' id='word_1_600' title='bbox 773 4981 839 5049; x_wconf 82' lang='grc' dir='ltr'>τῇ</span> <span class='ocrx_word' id='word_1_601' title='bbox 877 4978 1060 5031; x_wconf 88' lang='grc' dir='ltr'>πίστει</span> <span class='ocrx_word' id='word_1_602' title='bbox 1089 4978 1156 5046; x_wconf 80' lang='grc' dir='ltr'>τῇ</span> <span class='ocrx_word' id='word_1_603' title='bbox 1192 4977 1273 5036; x_wconf 83' lang='grc' dir='ltr'><strong>είς</strong></span> <span class='ocrx_word' id='word_1_604' title='bbox 1314 4974 1410 5028; x_wconf 79' lang='grc' dir='ltr'><strong>τὸν</strong></span> <span class='ocrx_word' id='word_1_605' title='bbox 1435 4973 1647 5043; x_wconf 81' lang='grc' dir='ltr'>Κύριον</span> <span class='ocrx_word' id='word_1_606' title='bbox 1693 4974 1876 5028; x_wconf 86' lang='grc' dir='ltr'>πόνων</span> 
     </span>
    </p>
   </div>
   <div class='ocr_carea' id='block_1_96' title="bbox 290 5066 1876 5146">
    <p class='ocr_par' dir='ltr' id='par_1_96' title="bbox 290 5066 1876 5146">
     <span class='ocr_line' id='line_1_96' title="bbox 290 5066 1876 5146; baseline -0.008 -16"><span class='ocrx_word' id='word_1_607' title='bbox 290 5077 532 5146; x_wconf 78' lang='grc' dir='ltr'>ὑπέσχον</span> <span class='ocrx_word' id='word_1_608' title='bbox 560 5073 774 5141; x_wconf 78' lang='grc' dir='ltr'>ποινὴν.</span> <span class='ocrx_word' id='word_1_609' title='bbox 806 5069 1220 5140; x_wconf 83' lang='grc' dir='ltr'>καθηλωθέντες</span> <span class='ocrx_word' id='word_1_610' title='bbox 1251 5070 1309 5122; x_wconf 80' lang='grc' dir='ltr'><strong>ὲν</strong></span> <span class='ocrx_word' id='word_1_611' title='bbox 1344 5068 1522 5138; x_wconf 74' lang='grc' dir='ltr'>πέτρᾳ</span> <span class='ocrx_word' id='word_1_612' title='bbox 1546 5107 1560 5132; x_wconf 89' lang='grc'><strong>,</strong></span> <span class='ocrx_word' id='word_1_613' title='bbox 1597 5066 1692 5119; x_wconf 69' lang='grc' dir='ltr'><strong>καὶ</strong></span> <span class='ocrx_word' id='word_1_614' title='bbox 1723 5067 1876 5136; x_wconf 81' lang='grc' dir='ltr'>ἡμᾶς</span> 
     </span>
    </p>
   </div>
   <div class='ocr_carea' id='block_1_97' title="bbox 289 5155 1876 5229">
    <p class='ocr_par' dir='ltr' id='par_1_97' title="bbox 289 5155 1876 5229">
     <span class='ocr_line' id='line_1_97' title="bbox 289 5155 1876 5229; baseline -0.004 -13"><span class='ocrx_word' id='word_1_615' title='bbox 289 5165 389 5216; x_wconf 84' lang='grc' dir='ltr'><strong>νῦν</strong></span> <span class='ocrx_word' id='word_1_616' title='bbox 438 5160 674 5216; x_wconf 79' lang='grc' dir='ltr'>παύουσι</span> <span class='ocrx_word' id='word_1_617' title='bbox 734 5160 847 5211; x_wconf 88' lang='grc' dir='ltr'><strong>τῶν</strong></span> <span class='ocrx_word' id='word_1_618' title='bbox 912 5159 1247 5229; x_wconf 77' lang='grc' dir='ltr'>ἀλγημάτων</span> <span class='ocrx_word' id='word_1_619' title='bbox 1305 5157 1484 5227; x_wconf 81' lang='grc' dir='ltr'>ἡμῶν.</span> <span class='ocrx_word' id='word_1_620' title='bbox 1560 5155 1876 5224; x_wconf 79' lang='grc' dir='ltr'>Ὀφειλέται</span> 
     </span>
    </p>
   </div>
   <div class='ocr_carea' id='block_1_98' title="bbox 291 5244 1877 5325">
    <p class='ocr_par' dir='ltr' id='par_1_98' title="bbox 291 5244 1877 5325">
     <span class='ocr_line' id='line_1_98' title="bbox 291 5244 1877 5325; baseline 0.013 -30"><span class='ocrx_word' id='word_1_621' title='bbox 291 5253 539 5325; x_wconf 56' lang='grc' dir='ltr'>χαρίτων</span> <span class='ocrx_word' id='word_1_622' title='bbox 585 5250 635 5302; x_wconf 79' lang='lat' dir='ltr'><strong>oi</strong></span> <span class='ocrx_word' id='word_1_623' title='bbox 682 5247 777 5301; x_wconf 91' lang='grc' dir='ltr'><strong>τοῦ</strong></span> <span class='ocrx_word' id='word_1_624' title='bbox 823 5247 960 5301; x_wconf 86' lang='grc' dir='ltr'>Θεοῦ</span> <span class='ocrx_word' id='word_1_625' title='bbox 1017 5248 1318 5316; x_wconf 75' lang='grc' dir='ltr'>μάρτυρες,</span> <span class='ocrx_word' id='word_1_626' title='bbox 1367 5246 1584 5316; x_wconf 77' lang='grc' dir='ltr'>Μάρκῳ</span> <span class='ocrx_word' id='word_1_627' title='bbox 1610 5244 1688 5315; x_wconf 72' lang='grc' dir='ltr'><strong>τῷ</strong></span> <span class='ocrx_word' id='word_1_628' title='bbox 1733 5245 1877 5315; x_wconf 75' lang='grc' dir='ltr'><strong>δεγίῳ</strong></span> 
     </span>
    </p>
   </div>
   <div class='ocr_carea' id='block_1_99' title="bbox 294 5329 1879 5411">
    <p class='ocr_par' dir='ltr' id='par_1_99' title="bbox 294 5329 1879 5411">
     <span class='ocr_line' id='line_1_99' title="bbox 294 5329 1879 5411; baseline -0.006 -15"><span class='ocrx_word' id='word_1_629' title='bbox 294 5343 529 5411; x_wconf 67' lang='grc' dir='ltr'>ποίμνια</span> <span class='ocrx_word' id='word_1_630' title='bbox 573 5336 1058 5406; x_wconf 61' lang='grc' dir='ltr'>ἀπετελέσθησαν,</span> <span class='ocrx_word' id='word_1_631' title='bbox 1087 5329 1261 5404; x_wconf 73' lang='grc' dir='ltr'>οὗπερ</span> <span class='ocrx_word' id='word_1_632' title='bbox 1307 5336 1388 5397; x_wconf 78' lang='grc' dir='ltr'><strong>είς</strong></span> <span class='ocrx_word' id='word_1_633' title='bbox 1444 5334 1650 5404; x_wconf 76' lang='grc' dir='ltr'>βλάϐην</span> <span class='ocrx_word' id='word_1_634' title='bbox 1696 5333 1879 5405; x_wconf 85' lang='grc' dir='ltr'>δεινὴν</span> 
     </span>
    </p>
   </div>
   <div class='ocr_carea' id='block_1_100' title="bbox 293 5425 1879 5501">
    <p class='ocr_par' dir='ltr' id='par_1_100' title="bbox 293 5425 1879 5501">
     <span class='ocr_line' id='line_1_100' title="bbox 293 5425 1879 5501; baseline -0.006 -16"><span class='ocrx_word' id='word_1_635' title='bbox 293 5431 476 5501; x_wconf 72' lang='grc' dir='ltr'>δεσμὰ</span> <span class='ocrx_word' id='word_1_636' title='bbox 522 5429 858 5496; x_wconf 84' lang='grc' dir='ltr'>συγκόπτειν</span> <span class='ocrx_word' id='word_1_637' title='bbox 913 5426 1230 5497; x_wconf 77' lang='grc' dir='ltr'>ταχθέντες,</span> <span class='ocrx_word' id='word_1_638' title='bbox 1277 5427 1360 5488; x_wconf 87' lang='grc' dir='ltr'><strong>είς</strong></span> <span class='ocrx_word' id='word_1_639' title='bbox 1413 5425 1549 5478; x_wconf 85' lang='grc' dir='ltr'>Θεοῦ</span> <span class='ocrx_word' id='word_1_640' title='bbox 1595 5425 1879 5494; x_wconf 82' lang='grc' dir='ltr'>ἀγάπησιν</span> 
     </span>
    </p>
   </div>
   <div class='ocr_carea' id='block_1_101' title="bbox 297 5520 774 5589">
    <p class='ocr_par' dir='ltr' id='par_1_101' title="bbox 297 5520 774 5589">
     <span class='ocr_line' id='line_1_101' title="bbox 297 5520 774 5589; baseline -0.006 -12"><span class='ocrx_word' id='word_1_641' title='bbox 297 5523 453 5577; x_wconf 71' lang='grc' dir='ltr'>αὐτοὶ</span> <span class='ocrx_word' id='word_1_642' title='bbox 489 5520 774 5589; x_wconf 75' lang='grc' dir='ltr'>ἐδέθησαν.</span> 
     </span>
    </p>
   </div>
   <div class='ocr_carea' id='block_1_102' title="bbox 371 5608 1878 5682">
    <p class='ocr_par' dir='ltr' id='par_1_102' title="bbox 371 5608 1878 5682">
     <span class='ocr_line' id='line_1_102' title="bbox 371 5608 1878 5682; baseline -0.005 -14"><span class='ocrx_word' id='word_1_643' title='bbox 371 5624 426 5671; x_wconf 87' lang='grc' dir='ltr'>ι’.</span> <span class='ocrx_word' id='word_1_644' title='bbox 464 5616 533 5668; x_wconf 83' lang='grc' dir='ltr'><strong><em>Ἥ</em></strong></span> <span class='ocrx_word' id='word_1_645' title='bbox 586 5613 688 5682; x_wconf 82' lang='grc' dir='ltr'><strong>μὲν</strong></span> <span class='ocrx_word' id='word_1_646' title='bbox 733 5612 827 5680; x_wconf 78' lang='grc' dir='ltr'>βία</span> <span class='ocrx_word' id='word_1_647' title='bbox 877 5610 970 5664; x_wconf 90' lang='grc' dir='ltr'><strong>τοῦ</strong></span> <span class='ocrx_word' id='word_1_648' title='bbox 1007 5612 1230 5679; x_wconf 80' lang='grc' dir='ltr'>Μάγνου</span> <span class='ocrx_word' id='word_1_649' title='bbox 1285 5608 1672 5679; x_wconf 70' lang='grc' dir='ltr'>φρενοϐλαὸῶς</span> <span class='ocrx_word' id='word_1_650' title='bbox 1717 5608 1878 5678; x_wconf 73' lang='grc' dir='ltr'>ἤθελε</span> 
     </span>
    </p>
   </div>
   <div class='ocr_carea' id='block_1_103' title="bbox 295 5703 1878 5776">
    <p class='ocr_par' dir='ltr' id='par_1_103' title="bbox 295 5703 1878 5776">
     <span class='ocr_line' id='line_1_103' title="bbox 295 5703 1878 5776; baseline -0.006 -15"><span class='ocrx_word' id='word_1_651' title='bbox 295 5709 529 5776; x_wconf 70' lang='grc' dir='ltr'>Μάρκον</span> <span class='ocrx_word' id='word_1_652' title='bbox 583 5706 678 5758; x_wconf 77' lang='grc' dir='ltr'><strong>τὸν</strong></span> <span class='ocrx_word' id='word_1_653' title='bbox 726 5703 1035 5774; x_wconf 83' lang='grc' dir='ltr'>Θαυμάσιον</span> <span class='ocrx_word' id='word_1_654' title='bbox 1091 5705 1302 5758; x_wconf 79' lang='grc' dir='ltr'>κλεῖσαι</span> <span class='ocrx_word' id='word_1_655' title='bbox 1336 5704 1544 5772; x_wconf 85' lang='grc' dir='ltr'>σιδήρῳ</span> <span class='ocrx_word' id='word_1_656' title='bbox 1592 5703 1878 5768; x_wconf 79' lang='grc' dir='ltr'>δήσαντος,</span> 
     </span>
    </p>
   </div>
   <div class='ocr_carea' id='block_1_104' title="bbox 305 5787 1879 5867">
    <p class='ocr_par' dir='ltr' id='par_1_104' title="bbox 305 5787 1879 5867">
     <span class='ocr_line' id='line_1_104' title="bbox 305 5787 1879 5867; baseline -0.008 -17"><span class='ocrx_word' id='word_1_657' title='bbox 305 5794 366 5852; x_wconf 68' lang='grc' dir='ltr'>οὗ</span> <span class='ocrx_word' id='word_1_658' title='bbox 393 5797 771 5867; x_wconf 79' lang='grc' dir='ltr'>φλογουμένου</span> <span class='ocrx_word' id='word_1_659' title='bbox 808 5792 1051 5864; x_wconf 75' lang='grc' dir='ltr'>σφοδρῶς</span> <span class='ocrx_word' id='word_1_660' title='bbox 1083 5792 1193 5846; x_wconf 83' lang='grc' dir='ltr'><strong>τῶν</strong></span> <span class='ocrx_word' id='word_1_661' title='bbox 1226 5790 1472 5858; x_wconf 79' lang='grc' dir='ltr'>ἀδελφῶν</span> <span class='ocrx_word' id='word_1_662' title='bbox 1505 5791 1569 5859; x_wconf 76' lang='grc' dir='ltr'>τῇ</span> <span class='ocrx_word' id='word_1_663' title='bbox 1621 5787 1822 5857; x_wconf 80' lang='grc' dir='ltr'>τριάδι,</span> <span class='ocrx_word' id='word_1_664' title='bbox 1853 5791 1879 5838; x_wconf 81' lang='grc' dir='ltr'><strong>ό</strong></span> 
     </span>
    </p>
   </div>
   <div class='ocr_carea' id='block_1_105' title="bbox 1977 4599 2538 4658">
    <p class='ocr_par' dir='ltr' id='par_1_105' title="bbox 1977 4599 2538 4658">
     <span class='ocr_line' id='line_1_105' title="bbox 1977 4599 2538 4658; baseline -0.007 0"><span class='ocrx_word' id='word_1_665' title='bbox 1977 4600 2234 4658; x_wconf 80' lang='lat' dir='ltr'><strong>salvatrix</strong></span> <span class='ocrx_word' id='word_1_666' title='bbox 2260 4599 2488 4655; x_wconf 89' lang='lat' dir='ltr'><strong>Domina</strong></span> <span class='ocrx_word' id='word_1_667' title='bbox 2522 4599 2538 4654; x_wconf 87' lang='grc' dir='ltr'><strong>ι</strong></span> 
     </span>
    </p>
   </div>
   <div class='ocr_carea' id='block_1_106' title="bbox 2280 4777 3232 4836">
    <p class='ocr_par' dir='ltr' id='par_1_106' title="bbox 2280 4777 3232 4836">
     <span class='ocr_line' id='line_1_106' title="bbox 2280 4777 3232 4836; baseline -0.003 -1"><span class='ocrx_word' id='word_1_668' title='bbox 2280 4778 2488 4836; x_wconf 87' lang='lat' dir='ltr'><strong>Cantus</strong></span> <span class='ocrx_word' id='word_1_669' title='bbox 2517 4780 2748 4835; x_wconf 88' lang='lat' dir='ltr'><strong>tertius:</strong></span> <span class='ocrx_word' id='word_1_670' title='bbox 2795 4777 3032 4836; x_wconf 67' lang='lat' dir='ltr'><strong>Calcatis</strong></span> <span class='ocrx_word' id='word_1_671' title='bbox 3064 4777 3232 4832; x_wconf 79' lang='lat' dir='ltr'><strong>arcis.</strong></span> 
     </span>
    </p>
   </div>
   <div class='ocr_carea' id='block_1_107' title="bbox 2051 4867 3556 4944">
    <p class='ocr_par' dir='ltr' id='par_1_107' title="bbox 2051 4867 3556 4944">
     <span class='ocr_line' id='line_1_107' title="bbox 2051 4867 3556 4944; baseline -0.004 -14"><span class='ocrx_word' id='word_1_672' title='bbox 2051 4875 2104 4930; x_wconf 87' lang='lat'><strong>9.</strong></span> <span class='ocrx_word' id='word_1_673' title='bbox 2132 4873 2192 4928; x_wconf 85' lang='lat' dir='ltr'><strong>In</strong></span> <span class='ocrx_word' id='word_1_674' title='bbox 2227 4881 2379 4944; x_wconf 84' lang='lat' dir='ltr'><strong>petra</strong></span> <span class='ocrx_word' id='word_1_675' title='bbox 2404 4875 2612 4943; x_wconf 86' lang='lat' dir='ltr'><strong>irrupta</strong></span> <span class='ocrx_word' id='word_1_676' title='bbox 2643 4871 2874 4928; x_wconf 84' lang='lat' dir='ltr'><strong>firmiter</strong></span> <span class='ocrx_word' id='word_1_677' title='bbox 2893 4871 3123 4943; x_wconf 79' lang='lat' dir='ltr'><strong>stabiliti</strong></span> <span class='ocrx_word' id='word_1_678' title='bbox 3147 4877 3416 4941; x_wconf 88' lang='lat' dir='ltr'><strong>martyres</strong></span> <span class='ocrx_word' id='word_1_679' title='bbox 3445 4867 3556 4924; x_wconf 81' lang='lat' dir='ltr'><strong>fide</strong></span> 
     </span>
    </p>
   </div>
   <div class='ocr_carea' id='block_1_108' title="bbox 1971 4961 3553 5037">
    <p class='ocr_par' dir='ltr' id='par_1_108' title="bbox 1971 4961 3553 5037">
     <span class='ocr_line' id='line_1_108' title="bbox 1971 4961 3553 5037; baseline -0.004 -15"><span class='ocrx_word' id='word_1_680' title='bbox 1971 4968 2029 5022; x_wconf 89' lang='lat' dir='ltr'><strong>in</strong></span> <span class='ocrx_word' id='word_1_681' title='bbox 2064 4967 2258 5030; x_wconf 90' lang='lat' dir='ltr'><strong>Deum,</strong></span> <span class='ocrx_word' id='word_1_682' title='bbox 2286 4965 2530 5020; x_wconf 87' lang='lat' dir='ltr'><strong>laborum</strong></span> <span class='ocrx_word' id='word_1_683' title='bbox 2555 4979 2772 5037; x_wconf 67' lang='lat' dir='ltr'><strong>pinnam</strong></span> <span class='ocrx_word' id='word_1_684' title='bbox 2807 4963 3122 5030; x_wconf 87' lang='lat' dir='ltr'><strong>subierunt,</strong></span> <span class='ocrx_word' id='word_1_685' title='bbox 3147 4961 3319 5018; x_wconf 89' lang='lat' dir='ltr'><strong>clavis</strong></span> <span class='ocrx_word' id='word_1_686' title='bbox 3362 4961 3428 5016; x_wconf 92' lang='lat' dir='ltr'><strong>ad</strong></span> <span class='ocrx_word' id='word_1_687' title='bbox 3464 4976 3553 5016; x_wconf 88' lang='lat' dir='ltr'><strong>sa-</strong></span> 
     </span>
    </p>
   </div>
   <div class='ocr_carea' id='block_1_109' title="bbox 1971 5054 3550 5121">
    <p class='ocr_par' dir='ltr' id='par_1_109' title="bbox 1971 5054 3550 5121">
     <span class='ocr_line' id='line_1_109' title="bbox 1971 5054 3550 5121; baseline -0.004 -7"><span class='ocrx_word' id='word_1_688' title='bbox 1971 5074 2104 5114; x_wconf 79' lang='lat' dir='ltr'><strong>xum</strong></span> <span class='ocrx_word' id='word_1_689' title='bbox 2144 5057 2307 5112; x_wconf 78' lang='lat' dir='ltr'><strong>defixi</strong></span> <span class='ocrx_word' id='word_1_690' title='bbox 2329 5073 2346 5121; x_wconf 88' lang='lat'><strong>;</strong></span> <span class='ocrx_word' id='word_1_691' title='bbox 2370 5073 2518 5113; x_wconf 90' lang='lat' dir='ltr'><strong>nunc</strong></span> <span class='ocrx_word' id='word_1_692' title='bbox 2539 5065 2722 5112; x_wconf 78' lang='lat' dir='ltr'><strong>autent</strong></span> <span class='ocrx_word' id='word_1_693' title='bbox 2757 5057 3009 5113; x_wconf 80' lang='lat' dir='ltr'><strong>eximunt</strong></span> <span class='ocrx_word' id='word_1_694' title='bbox 3037 5070 3140 5112; x_wconf 88' lang='lat' dir='ltr'><strong>nos</strong></span> <span class='ocrx_word' id='word_1_695' title='bbox 3173 5068 3204 5108; x_wconf 84' lang='lat' dir='ltr'><strong>a</strong></span> <span class='ocrx_word' id='word_1_696' title='bbox 3259 5054 3550 5110; x_wconf 90' lang='lat' dir='ltr'><strong>doloribus</strong></span> 
     </span>
    </p>
   </div>
   <div class='ocr_carea' id='block_1_110' title="bbox 1974 5148 3554 5218">
    <p class='ocr_par' dir='ltr' id='par_1_110' title="bbox 1974 5148 3554 5218">
     <span class='ocr_line' id='line_1_110' title="bbox 1974 5148 3554 5218; baseline -0.003 -14"><span class='ocrx_word' id='word_1_697' title='bbox 1974 5155 2202 5210; x_wconf 85' lang='lat' dir='ltr'><strong>nostris.</strong></span> <span class='ocrx_word' id='word_1_698' title='bbox 2262 5149 2479 5205; x_wconf 87' lang='lat' dir='ltr'><strong>Gratias</strong></span> <span class='ocrx_word' id='word_1_699' title='bbox 2536 5151 2735 5206; x_wconf 88' lang='lat' dir='ltr'><strong>debent</strong></span> <span class='ocrx_word' id='word_1_700' title='bbox 2790 5150 2846 5205; x_wconf 91' lang='lat' dir='ltr'><strong>bi</strong></span> <span class='ocrx_word' id='word_1_701' title='bbox 2888 5148 2986 5204; x_wconf 88' lang='lat' dir='ltr'><strong>Dei</strong></span> <span class='ocrx_word' id='word_1_702' title='bbox 3039 5158 3310 5218; x_wconf 87' lang='lat' dir='ltr'><strong>martyres</strong></span> <span class='ocrx_word' id='word_1_703' title='bbox 3359 5157 3554 5201; x_wconf 88' lang='lat' dir='ltr'><strong>sancto</strong></span> 
     </span>
    </p>
   </div>
   <div class='ocr_carea' id='block_1_111' title="bbox 1980 5239 3548 5316">
    <p class='ocr_par' dir='ltr' id='par_1_111' title="bbox 1980 5239 3548 5316">
     <span class='ocr_line' id='line_1_111' title="bbox 1980 5239 3548 5316; baseline -0.005 -16"><span class='ocrx_word' id='word_1_704' title='bbox 1980 5245 2182 5312; x_wconf 81' lang='lat' dir='ltr'><strong>Marco,</strong></span> <span class='ocrx_word' id='word_1_705' title='bbox 2215 5246 2373 5316; x_wconf 83' lang='lat' dir='ltr'><strong>cujus</strong></span> <span class='ocrx_word' id='word_1_706' title='bbox 2395 5260 2527 5316; x_wconf 80' lang='lat' dir='ltr'><strong>grex</strong></span> <span class='ocrx_word' id='word_1_707' title='bbox 2577 5243 2756 5298; x_wconf 81' lang='lat' dir='ltr'><strong>eflecti</strong></span> <span class='ocrx_word' id='word_1_708' title='bbox 2793 5248 2944 5306; x_wconf 89' lang='lat' dir='ltr'><strong>sunt,</strong></span> <span class='ocrx_word' id='word_1_709' title='bbox 2993 5240 3237 5312; x_wconf 87' lang='lat' dir='ltr'><strong>quando,</strong></span> <span class='ocrx_word' id='word_1_710' title='bbox 3264 5242 3332 5295; x_wconf 90' lang='lat' dir='ltr'><strong>ad</strong></span> <span class='ocrx_word' id='word_1_711' title='bbox 3367 5239 3548 5293; x_wconf 91' lang='lat' dir='ltr'><strong>dirum</strong></span> 
     </span>
    </p>
   </div>
   <div class='ocr_carea' id='block_1_112' title="bbox 1981 5331 3548 5406">
    <p class='ocr_par' dir='ltr' id='par_1_112' title="bbox 1981 5331 3548 5406">
     <span class='ocr_line' id='line_1_112' title="bbox 1981 5331 3548 5406; baseline -0.003 -17"><span class='ocrx_word' id='word_1_712' title='bbox 1981 5336 2102 5404; x_wconf 84' lang='lat' dir='ltr'><strong>ejus</strong></span> <span class='ocrx_word' id='word_1_713' title='bbox 2139 5338 2466 5406; x_wconf 86' lang='lat' dir='ltr'><strong>supplicium</strong></span> <span class='ocrx_word' id='word_1_714' title='bbox 2500 5334 2716 5390; x_wconf 85' lang='lat' dir='ltr'><strong>vincula</strong></span> <span class='ocrx_word' id='word_1_715' title='bbox 2743 5332 3016 5390; x_wconf 84' lang='lat' dir='ltr'><strong>excudere</strong></span> <span class='ocrx_word' id='word_1_716' title='bbox 3046 5331 3210 5404; x_wconf 86' lang='lat' dir='ltr'><strong>jussi,</strong></span> <span class='ocrx_word' id='word_1_717' title='bbox 3234 5331 3331 5387; x_wconf 88' lang='lat' dir='ltr'><strong>Dei</strong></span> <span class='ocrx_word' id='word_1_718' title='bbox 3359 5344 3548 5386; x_wconf 90' lang='lat' dir='ltr'><strong>amore</strong></span> 
     </span>
    </p>
   </div>
   <div class='ocr_carea' id='block_1_113' title="bbox 1980 5427 2541 5496">
    <p class='ocr_par' dir='ltr' id='par_1_113' title="bbox 1980 5427 2541 5496">
     <span class='ocr_line' id='line_1_113' title="bbox 1980 5427 2541 5496; baseline 0.002 -16"><span class='ocrx_word' id='word_1_719' title='bbox 1980 5427 2082 5496; x_wconf 91' lang='lat' dir='ltr'><strong>ipsi</strong></span> <span class='ocrx_word' id='word_1_720' title='bbox 2106 5429 2343 5482; x_wconf 86' lang='lat' dir='ltr'><strong>devincti</strong></span> <span class='ocrx_word' id='word_1_721' title='bbox 2393 5438 2541 5482; x_wconf 90' lang='lat' dir='ltr'><strong>sunt.</strong></span> 
     </span>
    </p>
   </div>
   <div class='ocr_carea' id='block_1_114' title="bbox 2043 5598 3550 5672">
    <p class='ocr_par' dir='ltr' id='par_1_114' title="bbox 2043 5598 3550 5672">
     <span class='ocr_line' id='line_1_114' title="bbox 2043 5598 3550 5672; baseline -0.003 -18"><span class='ocrx_word' id='word_1_722' title='bbox 2043 5601 2130 5656; x_wconf 78' lang='grc'><strong>10.</strong></span> <span class='ocrx_word' id='word_1_723' title='bbox 2188 5600 2434 5656; x_wconf 81' lang='lat' dir='ltr'><strong>Violenta</strong></span> <span class='ocrx_word' id='word_1_724' title='bbox 2487 5601 2664 5672; x_wconf 83' lang='lat' dir='ltr'><strong>Magni</strong></span> <span class='ocrx_word' id='word_1_725' title='bbox 2707 5600 2916 5656; x_wconf 84' lang='lat' dir='ltr'><strong>insania</strong></span> <span class='ocrx_word' id='word_1_726' title='bbox 2971 5600 3184 5657; x_wconf 83' lang='lat' dir='ltr'><strong>volebat</strong></span> <span class='ocrx_word' id='word_1_727' title='bbox 3244 5598 3550 5654; x_wconf 86' lang='lat' dir='ltr'><strong>mirabilem</strong></span> 
     </span>
    </p>
   </div>
   <div class='ocr_carea' id='block_1_115' title="bbox 1984 5691 3556 5764">
    <p class='ocr_par' dir='ltr' id='par_1_115' title="bbox 1984 5691 3556 5764">
     <span class='ocr_line' id='line_1_115' title="bbox 1984 5691 3556 5764; baseline -0.006 -15"><span class='ocrx_word' id='word_1_728' title='bbox 1984 5695 2224 5750; x_wconf 75' lang='lat' dir='ltr'><strong>Mat-cunt</strong></span> <span class='ocrx_word' id='word_1_729' title='bbox 2260 5695 2570 5764; x_wconf 75' lang='lat' dir='ltr'><strong>compedire</strong></span> <span class='ocrx_word' id='word_1_730' title='bbox 2609 5693 2756 5750; x_wconf 86' lang='lat' dir='ltr'><strong>ferro</strong></span> <span class='ocrx_word' id='word_1_731' title='bbox 2783 5702 3031 5749; x_wconf 65' lang='lat' dir='ltr'><strong>catenae:</strong></span> <span class='ocrx_word' id='word_1_732' title='bbox 3067 5707 3178 5763; x_wconf 90' lang='lat' dir='ltr'><strong>quo</strong></span> <span class='ocrx_word' id='word_1_733' title='bbox 3206 5691 3556 5746; x_wconf 87' lang='lat' dir='ltr'><strong>vehementer</strong></span> 
     </span>
    </p>
   </div>
   <div class='ocr_carea' id='block_1_116' title="bbox 1984 5781 3551 5849">
    <p class='ocr_par' dir='ltr' id='par_1_116' title="bbox 1984 5781 3551 5849">
     <span class='ocr_line' id='line_1_116' title="bbox 1984 5781 3551 5849; baseline -0.003 -9"><span class='ocrx_word' id='word_1_734' title='bbox 1984 5785 2426 5848; x_wconf 77' lang='lat' dir='ltr'><strong>int‘antlcscenlc,</strong></span> <span class='ocrx_word' id='word_1_735' title='bbox 2462 5785 2758 5840; x_wconf 79' lang='lat' dir='ltr'><strong>fraternam</strong></span> <span class='ocrx_word' id='word_1_736' title='bbox 2783 5783 3010 5842; x_wconf 85' lang='lat' dir='ltr'><strong>triadem</strong></span> <span class='ocrx_word' id='word_1_737' title='bbox 3037 5781 3180 5841; x_wconf 85' lang='lat' dir='ltr'><strong>Deus</strong></span> <span class='ocrx_word' id='word_1_738' title='bbox 3215 5781 3280 5837; x_wconf 88' lang='lat' dir='ltr'><strong>ad</strong></span> <span class='ocrx_word' id='word_1_739' title='bbox 3313 5793 3551 5849; x_wconf 75' lang='lat' dir='ltr'><strong>pugnam</strong></span> 
     </span>
    </p>
   </div>
  </div>
