4048 6424
461 346 562 407 287

1144 342 1188 398 E
1202 338 1570 399 USTATIIII
1613 335 2056 395 THESSALON
2073 335 2368 396 [CENSIS
2410 331 2970 392 METRUPOLlT/E

3616 324 3721 393 283

461 454 842 508 inﬂammavit.
877 452 1111 508 Caeleste
1149 453 1288 505 divae
1320 450 1463 504 arcis
1496 450 1658 502 limen
1692 448 1837 502 haud
1870 448 2040 502 relin-

2155 451 2274 514 θεὸς
2309 451 2598 519 ὲπύρωσεν
2630 451 2828 511 αὐτοὺς
2865 449 2947 511 εἰς
2993 447 3244 516 ἄθλησιν.
3285 445 3558 516 Οὐρανίας
3593 445 3721 515 ἀψί-

465 563 665 618 quens,
699 558 970 616 repertam
1003 556 1056 601 te
1107 544 1377 598 Dominus
1419 542 1768 606 iuhabitavit,
1813 552 1867 597 et
1910 557 2041 595 caro

464 638 582 707 ipse
611 639 790 694 factus
827 653 860 693 e
910 647 1052 691 terra
1085 649 1184 690 uos
1217 633 1461 689 sustulit.
1496 632 1686 687 Gloria
1717 633 1840 700 tibi,
1874 631 2041 704 Virgo

465 730 842 795 immaculata,
876 744 972 798 per
1003 742 1165 797 quam
1194 727 1420 782 relevati
1445 741 1664 780 smnus.

734 907 941 963 Cautus
973 915 1237 976 quartus:
1271 906 1488 971 Audivi,
1526 904 1765 958 Domine.

539 1023 628 1076 11.
667 1020 853 1077 Clavis
905 1021 1217 1091 perforati,
1272 1033 1540 1092 martyres
1599 1030 1830 1091 tyranno
1858 1019 2041 1074 clavos

466 1115 664 1170 cuditis
689 1115 1140 1178 tribulationum;
1164 1124 1328 1182 petra
1351 1114 1523 1174 affixi,
1553 1114 1608 1167 in
1631 1127 1821 1168 saxum
1853 1122 2040 1178 stunc-

468 1221 528 1259 re
559 1205 829 1261 induratis
863 1221 959 1260 cor
979 1205 1219 1259 ferreum
1252 1217 1308 1260 et
1343 1204 1784 1276 impenetrabile.
1842 1201 2039 1256 Atii-eas

466 1298 743 1366 conjicitis
776 1297 1024 1366 sagittas,
1062 1297 1262 1365 quibus
1295 1297 1577 1352 fodiuntur
1609 1295 1814 1349 inimici
1843 1296 1952 1356 Dei,
1986 1301 2040 1346 et

465 1396 889 1460 prosternuntur
934 1389 1086 1440 ruina
1145 1388 1512 1456 irreparabili.
1548 1385 1604 1440 Si
1663 1387 1866 1440 ferrum
1895 1385 2040 1438 velut

468 1495 609 1549 aqua
645 1480 859 1534 malleis
888 1477 1256 1543 subterduxit,
1290 1494 1387 1534 vos
1425 1479 1617 1532 saltem
1653 1478 1756 1531 fide
1789 1477 1843 1530 in
1872 1475 2038 1530 Deum

470 1572 643 1626 solide
685 1571 952 1639 compacti
979 1571 1130 1623 estis.
1161 1569 1348 1632 Audii,
1403 1568 1485 1622 vir
1540 1567 1909 1629 sanctissime,
1956 1563 2040 1618 vel

469 1663 651 1732 potius
683 1671 943 1732 expertus
979 1676 1099 1715 sum
1136 1671 1224 1714 tua
1255 1660 1523 1714 miracula
1554 1677 1570 1726 ;
1602 1660 1724 1714 novi
1763 1671 1909 1713 tuam
1939 1671 2040 1728 po-

473 1756 722 1820 tentiam,
765 1763 819 1809 et
854 1769 1048 1824 precor
1075 1762 1134 1808 ut
1169 1755 1369 1808 virtute
1424 1762 1512 1808 tua
1557 1762 1826 1823 prolcgar.

794 2021 1003 2076 Cantus
1025 2021 1290 2090 quintus:
1319 2018 1432 2074 Nos
1458 2019 1725 2073 illumiua.

547 2139 637 2193 12.
670 2138 898 2193 Multum
926 2152 1141 2208 gregem
1168 2137 1516 2193 custodiebas
1540 2175 1555 2201 ,
1615 2135 1794 2189 Marce
1831 2142 2042 2200 sancte;

472 2245 594 2300 quae
623 2238 801 2283 autem
831 2229 965 2294 Deo,
995 2228 1150 2297 quasi
1172 2235 1261 2280 tua
1297 2242 1460 2280 manu
1483 2267 1497 2290 ,
1531 2235 1770 2280 mactata
1831 2233 1914 2278 est
1949 2225 2042 2277 tri-

476 2330 596 2392 p'ex
621 2322 819 2385 hostia,
846 2330 1016 2376 totum
1044 2335 1263 2391 gregem
1294 2333 1651 2390 supergressa
1673 2327 1778 2373 est.
1800 2317 1911 2371 Hoc
1938 2317 2046 2371 tuis

473 2415 725 2469 ctfectum
755 2423 837 2469 est
876 2413 1154 2483 precibus,
1187 2413 1501 2467 beatissime
1531 2411 1731 2477 Marce,
1766 2421 1823 2465 ut
1851 2413 2047 2467 fratres

475 2518 793 2563 catenarum
829 2515 1048 2560 tuarum
1106 2503 1251 2558 fabri
1289 2504 1344 2558 in
1388 2519 1516 2560 vasa
1548 2503 1643 2558 Dei
1701 2505 2047 2559 sanctissima

474 2600 845 2656 fabreﬁerent.
905 2599 1097 2654 Manus
1146 2607 1340 2653 vestrae
1390 2608 1747 2668 torpuerunt,
1789 2614 1822 2654 ο
1882 2599 2046 2663 beati,

479 2693 688 2747 malleis
719 2692 1072 2761 percutiendo
1109 2690 1276 2745 Marci
1299 2691 1555 2754 vincula;
1585 2707 1690 2746 vox
1743 2699 1920 2744 autem
1950 2690 2047 2744 di—

479 2784 600 2836 vina
628 2782 844 2836 caelitus
871 2781 1115 2834 animum
1179 2781 1334 2834 vobis
1403 2781 1599 2834 erexit.
1639 2779 1888 2834 lllumina
1948 2793 2048 2834 nos

479 2883 671 2939 noctu,
697 2874 827 2928 solis
867 2881 1038 2927 mater
1064 2871 1385 2942 purissima,
1413 2881 1469 2927 et
1499 2872 1762 2942 dissipata
1788 2871 1935 2925 omni
1964 2871 2048 2925 di-

477 2983 662 3023 rarum
691 2966 924 3036 caligine
967 2965 1410 3032 tribulationum,
1461 2965 1622 3021 nobis
1675 2979 1931 3020 serenum
1960 2978 2049 3018 rc-

474 3061 676 3115 tribue.

828 3153 1031 3209 Cantus
1048 3163 1234 3209 sextus
1261 3169 1273 3206 :
1300 3154 1366 3206 Et
1393 3149 1708 3207 Ecclesium.

548 3268 636 3321 15.
666 3266 770 3333 Qui
798 3267 925 3321 olim
959 3267 1260 3334 piscatores
1282 3266 1515 3335 piscium
1560 3265 1690 3322 fecit
1740 3265 2049 3337 piscatores

479 3359 787 3424 hominum,
822 3357 908 3414 hic
941 3373 1058 3422 vos,
1086 3358 1302 3411 athletae
1352 3356 1592 3424 Domini,
1645 3372 1678 3412 a
1733 3356 2052 3412 fabricando

479 3461 698 3505 catenas
722 3449 1072 3519 diligentibus
1101 3464 1180 3515 se,
1212 3448 1456 3503 traduxit
1480 3448 1548 3502 ad
1589 3447 1896 3502 cudendum
1945 3447 2052 3502 tela

480 3541 1015 3596 adversusinimicos
1047 3557 1200 3597 suos.
1228 3541 1342 3595 Heu
1381 3542 1633 3596 lfabrum
1667 3550 1926 3610 expertus
1968 3548 2054 3595 est

479 3634 683 3688 Paulus
712 3633 1110 3704 nequissimum
1141 3643 1194 3688 et
1216 3623 1562 3688 anathemate
1585 3633 1843 3705 dignum;
1877 3634 2054 3690 bonus

477 3743 611 3781 vero
637 3727 930 3782 monticola
951 3726 1164 3782 Marcus
1198 3737 1309 3782 tres
1339 3727 1522 3782 fabros
1555 3727 1766 3783 'fratres
1816 3727 2051 3794 subegit,

481 3835 622 3888 quos
649 3827 839 3874 contra
864 3835 920 3874 sc
945 3821 1311 3888 procudentes
1342 3822 1407 3874 ad
1439 3819 1605 3874 Deum
1637 3822 1884 3876 adduxit.
1916 3819 2058 3875 Red-

481 3913 622 3967 didit
678 3920 910 3982 tyranno
962 3913 1282 3967 beatissima
1336 3913 1469 3968 trias
1512 3913 1692 3967 datam
1747 3914 2055 3969 mercedem

486 4005 809 4073 eumpedum
859 4003 1026 4058 Marci
1059 4023 1073 4070 ;
1103 4006 1196 4058 sed
1228 4005 1373 4059 Deus
1406 4004 1684 4060 meliorem
1735 4010 2056 4072 reservavit,

486 4095 743 4164 deditque
769 4096 822 4151 in
851 4097 1132 4166 praemium
1170 4100 1320 4167 regni
1353 4100 1594 4152 (celestis
1627 4100 2056 4165 possessionem.

484 4187 680 4243 Preces
713 4186 1014 4252 fundimus,
1048 4202 1080 4242 ο
1114 4187 1478 4252 sanctissime,
1503 4196 1557 4242 et
1579 4202 1802 4243 oramus
1835 4198 1888 4243 te
1913 4189 2062 4244 salu-

487 4288 596 4333 tem
629 4293 644 4344 ;
676 4293 802 4333 cum
833 4278 1001 4334 foveis
1035 4278 1568 4334 circumclaudamur
1591 4280 1659 4335 ab
1679 4291 1905 4335 auctore
1929 4280 2061 4335 mali

488 4383 732 4427 nostram
764 4372 820 4426 in
870 4371 1165 4441 perniciem
1222 4371 1492 4436 suffossis,
1549 4372 1708 4427 nobis
1776 4388 2059 4441 succurre,

485 4463 581 4533 qui
613 4473 808 4518 cuneta
841 4463 991 4517 vales
1022 4464 1088 4518 ad
1114 4462 1413 4534 perfectam
1450 4463 1612 4520 istius
1644 4463 1882 4520 ruinam.

2143 543 2231 606 δος
2267 543 2368 596 οὐκ
2399 542 2646 596 ἐκλιπὼν
2678 541 2886 612 Κύριος
2922 540 3069 594 θεῖον
3095 539 3348 608 οὐρανὸν,
3375 538 3626 607 εὑρηκώς
3658 555 3720 590 σε

2143 637 2201 688 ἐν
2246 638 2330 688 σοὶ
2378 636 2682 705 ἐσκήνωσε,
2733 634 2830 686 καὶ
2876 632 3016 701 σὰρξ
3058 631 3220 693 αὐτὸς
3269 629 3510 698 γεγονὼς
3549 629 3721 696 γῆθεν

2145 730 2292 798 ἡμᾶς
2340 728 2609 798 ὑπεξῆρε.
2638 726 2778 792 Δόξα
2809 743 2913 792 σοι,
2944 724 3280 795 πανάμωμε,
3321 725 3388 792 τῇ
3441 721 3721 792 ἀνυψώοει

2142 823 2176 891 ἡ
2184 822 2320 891 μῶν.

2508 901 2699 988 ’ῼδὴῖ
2725 934 2736 946 ·
2790 914 3159 982 Εἰσακήκοα,
3206 913 3402 982 Κύριε.

2217 1023 2308 1078 ια’.
2344 1023 2790 1094 Προσηλούμενοι
2830 1024 3130 1093 μάρτυρες,
3167 1023 3333 1093 ἥλους
3359 1020 3438 1091 τῷ
3469 1020 3722 1091 τυράννῳ

2143 1118 2390 1184 πήγνυτε
2423 1115 2657 1185 θλίψεων
2684 1132 2699 1147 ο
2731 1118 2798 1186 τῇ
2836 1115 2893 1168 δὲ
2926 1117 3104 1185 πέτρᾳ
3152 1115 3252 1184 τῆς
3279 1113 3536 1183 ὴλὼσεως
3569 1113 3723 1166 έκλι-

2143 1204 2301 1258 θοῦτε
2336 1205 2537 1273 θάμϐει
2591 1204 2684 1257 τὸν
2724 1205 3035 1273 ἀτέραμνον
3084 1202 3426 1274 χαλκοτύπον
3455 1204 3514 1255 ὲν
3558 1201 3724 1255 πνεύ-

2146 1315 2299 1367 ματι.
2329 1299 2467 1365 Βέλη
2499 1298 2933 1368 χαλκευσάμενοι
2964 1296 3249 1365 ὲπαφίετε,
3279 1296 3344 1348 δι’
3389 1289 3464 1350 ὦν
3499 1295 3726 1364 βάλλον-

2142 1408 2231 1442 ται
2277 1390 2461 1459 ὲχθροὶ
2510 1388 2603 1442 τοῦ
2659 1389 2794 1442 Θεοῦ
2850 1390 2942 1442 καὶ
2992 1387 3318 1458 ῥιπτοῦνται
3369 1385 3578 1439 πτῶσιν
3621 1386 3724 1453 τὴν

2145 1479 2457 1548 ἀνέγερτον.
2488 1479 2547 1531 Εἰ
2583 1481 2678 1534 καὶ
2726 1479 2944 1548 σίδηρος
2988 1478 3179 1550 ἔρρεεν
3211 1475 3355 1545 ὕδωρ
3384 1493 3437 1528 τι
3466 1475 3724 1544 καθάπερ

2147 1568 2688 1639 σφυρηλατούμενος,
2715 1569 2831 1622 ἀλλ’
2860 1569 3018 1639 ὑμεῖς
3056 1566 3430 1636 ἐστερεώθητε
3462 1565 3723 1632 εύπαγῶς

2143 1663 2209 1730 τῇ
2272 1661 2451 1712 πίστει
2507 1664 2574 1732 τῇ
2631 1662 2712 1724 εἰς
2767 1661 2991 1730 Κύριον.
3049 1659 3388 1728 Εἰσακήκοα,
3447 1658 3722 1723 πάναγνε,

2153 1752 2352 1820 μᾶλλον
2405 1752 2461 1805 δὲ
2515 1752 2855 1822 πεπείραμαι
2908 1750 3020 1804 τῶν
3067 1750 3362 1819 θαυμάτων
3395 1765 3510 1801 σου.
3548 1749 3724 1800 Κατε-

2071 1829 2119 1888 Β
2149 1843 2316 1910 νόησα
2364 1846 2423 1896 τὸ
2475 1846 2675 1916 κράτος
2724 1861 2856 1908 σου,
2909 1845 3004 1896 καὶ
3053 1842 3203 1911 ζητῶ
3253 1839 3604 1912 φρουρεῖσθαι
3656 1841 3723 1909 τῇ

2148 1933 2375 2002 δυνάμει
2417 1953 2533 1987 σου.

2575 2031 2695 2100 ’ῼδὴ
2717 2012 2757 2082 ἶ
2785 2073 2798 2086 .
2842 2032 3112 2086 Φὼτισον
3141 2029 3318 2100 ἡμᾶς.

2222 2137 2310 2206 ιβ’.
2368 2139 2615 2209 Ποίμνης
2666 2142 2766 2210 μὲν
2820 2142 3022 2210 πολλῆς
3084 2139 3465 2210 προεστάτεις,
3527 2134 3727 2205 Μάρκε

2148 2229 2270 2298 ἅγιε
2297 2245 2312 2260 ⁶
2349 2232 2383 2302 ή
2425 2231 2482 2284 δὲ
2528 2230 2649 2301 Θεῷ
2695 2232 2940 2298 τυθεῐσα,
2977 2231 3052 2294 ῶς
3095 2231 3182 2285 διὰ
3231 2228 3312 2296 σὲ,
3341 2227 3534 2300 τριττὴ
3565 2226 3728 2279 θυσία

2151 2323 2429 2394 ὑπερῆρεν
2465 2323 2613 2377 ἅπαν
2646 2324 2922 2394 ποίμνιον.
2960 2325 3164 2393 Ἔργον
3190 2323 3364 2375 τοῦτο
3395 2320 3500 2390 σῆς
3533 2320 3728 2390 εὐχῆς,

2149 2415 2344 2483 Μάρκε
2391 2415 2850 2486 παμμακάριστε,
2881 2415 3007 2478 τοὺς
3040 2414 3154 2468 τῶν
3201 2412 3420 2483 δεσμῶν
3455 2428 3550 2464 σου
3596 2413 3732 2478 χαλ-

2149 2505 2349 2568 κευτὰς
2395 2506 2658 2575 ἀδελφοὺς
2717 2505 3198 2575 χαλκουργηθῆναι
3245 2505 3327 2567 εἰς
3377 2501 3548 2570 σκεύη
3586 2499 3726 2553 Θεοῦ

2152 2599 2410 2668 πανίερα.
2448 2599 2652 2668 Χεῖρες
2684 2599 2785 2668 μὲν
2816 2599 2966 2667 ύμῖν,
2997 2593 3041 2652 ὧ
3100 2597 3389 2666 μακάριοι,
3423 2596 3734 2666 ένήρκεσαν

2153 2691 2598 2762 σφυρηλατοῦσαι
2645 2692 2714 2744 τὰ
2759 2690 2852 2744 τοῦ
2907 2690 3136 2759 Μάρκου
3191 2690 3411 2758 δεσμάο
3463 2685 3619 2756 φωνὴ
3671 2684 3730 2738 δὲ

2153 2785 2273 2837 θεία
2317 2784 2513 2854 ὑψόθεν
2561 2785 2749 2853 αὐχεῖν
2794 2783 3130 2856 ἐπέρρωσεν.
3186 2779 3392 2843 Φώτιξε
3437 2780 3586 2848 ἡμᾶς
3635 2794 3730 2828 νυ-

2151 2877 2297 2940 κτὺς,
2328 2876 2478 2945 ἡλίου
2513 2875 2688 2945 μῆτερ
2734 2875 2893 2944 ἁγνὴ,
2930 2874 3027 2926 καὶ
3075 2873 3257 2926 πᾶσαν
3307 2871 3571 2922 σκότωσιν
3617 2865 3734 2917 δει-

2151 2968 2258 3022 νῶν
2313 2967 2639 3040 πειρασμῶν
2695 2965 3112 3036 ἀπαγαγοῦσα,
3169 2963 3268 3034 τὴν
3321 2961 3543 3030 αἰθρίαν
3599 2959 3734 3028 ἡμῖν

2155 3060 2410 3133 βράΰευε.
2885 3130 2888 3134 η

2446 3157 2572 3228 ᾭδὴ
2592 3141 2650 3221 ’ξ
2673 3172 2688 3188 ο
2741 3155 2853 3210 Καὶ
2875 3154 2989 3223 τὴν
3021 3151 3420 3220 Ἐκκλησίαν.

2229 3267 2318 3337 ιγ’.
2363 3269 2420 3323 Ὀ
2449 3268 2617 3322 πάλαι
2644 3266 2770 3330 τοὺς
2802 3265 2976 3328 ἁλιεῖς
3009 3264 3120 3317 τῶν
3150 3262 3352 3330 ἰχθύων
3383 3260 3552 3319 ἁλιεῖς
3599 3259 3736 3310 ἀπο-

2155 3362 2379 3424 τελέσας
2424 3359 2752 3431 ἀνθρώπων,
2795 3351 2949 3421 οὗτος
2979 3359 3146 3427 ὑμᾶς,
3173 3353 3466 3421 ἀθλοφόροι
3499 3349 3734 3418 Κυρίου,

2157 3461 2220 3512 ὲκ
2247 3458 2342 3512 τοῦ
2370 3455 2655 3528 χαλκεύειν
2683 3455 2860 3524 δεσμά
2885 3455 2999 3517 τοῖς
3049 3451 3311 3505 ποθοῦσιν
3359 3448 3524 3502 αὐτόν
3565 3445 3736 3514 μετή-

2156 3566 2297 3618 γαγε
2335 3549 2637 3620 βελοποιεῖν
2666 3549 2807 3601 κατὰ
2837 3546 2946 3599 τῶν
2993 3541 3360 3613 παλαμναίων
3392 3538 3607 3608 ἐχθρῶν
3635 3534 3736 3588 τοῦ

2157 3640 2316 3695 Θεοῦ.
2351 3642 2416 3692 Ὠ
2458 3639 2703 3710 χαλκέως
2751 3639 2851 3706 μὲν
2883 3635 3154 3707 ἐπειράθη
3197 3636 3225 3688 ὁ
3271 3631 3484 3693 Παῦλος
3518 3643 3738 3694 παγκα-

2159 3732 2349 3787 κίστου
2377 3735 2472 3785 καὶ
2501 3731 2656 3798 ἀξίου
2684 3732 2935 3799 κατάρας
2961 3745 2973 3761 ο
3007 3729 3036 3782 ὁ
3069 3728 3126 3781 δὲ
3161 3726 3327 3788 καλὸς
3377 3722 3738 3794 ὀρεσίτροφος

2159 3823 2388 3893 Μάρκος
2460 3827 2608 3893 τρεῖς
2675 3824 2941 3892 ἀδελφοὺς
3017 3821 3322 3892 χαλκευτάς
3395 3815 3737 3886 ὑπηγάγετο,

2161 3915 2526 3986 χαλκεύοντας
2582 3916 2682 3986 μὲν
2737 3915 2861 3968 κατ’
2925 3912 3115 3978 αὐτοῦ,
3164 3911 3233 3965 δι’
3293 3908 3459 3963 αὐτοῦ
3513 3908 3570 3960 δὲ
3620 3905 3740 3972 Θεῴ

2163 4010 2688 4078 προσχωρήσαντας.
2753 4007 3145 4078 Ἀντέστρεφον
3200 4001 3278 4071 τῷ
3331 4000 3580 4067 τυράννῳ
3639 3996 3742 4064 τὴν

2163 4101 2314 4154 δόσιν
2343 4103 2375 4169 ἡ
2409 4099 2697 4163 πανόλϐιος
2728 4098 2905 4170 τριὰς,
2937 4098 3035 4169 τὴν
3084 4097 3334 4150 δοθεῖσαν
3366 4092 3505 4161 ὑπὲρ
3543 4089 3742 4160 μισθοῦ

2162 4193 2273 4246 τῶν
2309 4193 2528 4264 δεσμῶν
2579 4193 2689 4246 τῶν
2729 4192 2822 4246 τοῦ
2852 4192 3114 4261 Μάρκουο
3147 4191 3175 4243 ὁ
3203 4187 3269 4264 δὲ,
3312 4185 3446 4248 Θεὸς
3480 4181 3744 4251 ἐταμίευε

2164 4263 2478 4356 κρείττονα,
2511 4285 2609 4338 καὶ
2653 4285 2886 4338 δέδωκεν
2914 4284 2994 4346 εἰς
3037 4263 3281 4353 δωρεὰ(
3303 4279 3552 4346 οὐρανῶν
3583 4275 3746 4344 βασι-

2164 4377 2318 4438 λείας
2370 4377 2694 4431 ἀπόλαυσιν.
2749 4375 2859 4446 Τὴν
2911 4375 3096 4444 δέησιν
3145 4372 3436 4441 ἑκχέομεν,
3471 4369 3744 4430 πάναγνε,

2165 4467 2260 4518 καὶ
2306 4466 2608 4536 αἰτούμεθα
2639 4467 2702 4518 ὲκ
2738 4465 2832 4518 σοῦ
2889 4463 3191 4534 σωτηρίαν,
3222 4463 3304 4514 ὅτι
3347 4459 3564 4521 πολλοῖς
3595 4473 3745 4522 πυρ-

483 4555 805 4627 γηρούμεθα
863 4553 1110 4622 λάκκοις,
1181 4553 1274 4620 οὒς
1321 4555 1446 4610 καθ’
1501 4556 1663 4627 ἡμῶν
1711 4558 1739 4609 ὁ
1785 4557 2099 4627 ἀρχέκακος
2171 4556 2415 4629 ὤρυξενο
2458 4557 2553 4622 οὒς
2601 4557 2867 4628 βοήθησον
2923 4555 2998 4619 ὡς
3051 4553 3359 4623 πανσθενὴς
3406 4552 3487 4614 εἰς
3534 4551 3749 4602 ἐκείνου

483 4650 696 4704 τελείαν
726 4648 1020 4702 ἀπώλειαν.

767 4747 973 4802 Cantus
991 4747 1294 4818 septimus:
1328 4746 1450 4802 Tres
1473 4761 1538 4801 ea:
1557 4747 1775 4802 ludam.

563 4859 648 4914 Η,
668 4859 904 4915 Fcrvore
924 4859 1153 4931 spiritus
1171 4861 1412 4927 accensi,
1436 4875 1468 4915 ο
1493 4860 1767 4925 Salvator,
1789 4859 1864 4913 tui
1892 4859 2066 4914 athle-

487 4961 556 5005 tae
602 4951 668 5006 de
711 4952 892 5007 fabrili
918 4954 1025 5006 vita
1055 4963 1111 5007 et
1138 4950 1482 5008 ﬂammarum
1537 4953 1755 5007 camino
1785 4952 1855 5007 ad
1895 4961 1946 5006 te
1975 4965 2067 5006 ac-

486 5051 790 5108 cesserunt,
841 5051 896 5097 et
945 5049 1273 5112 receperunt
1322 5044 1674 5113 refrigerium
1729 5042 2065 5112 divitiasque

489 5145 545 5185 ct
576 5133 800 5201 gloriam
832 5144 1113 5188 aeternam.
1139 5132 1378 5204 Tyranni
1425 5133 1647 5202 quidem
1699 5142 1786 5188 est
1839 5132 2062 5186 tradere

491 5225 778 5279 tormentis
827 5223 1114 5292 diligentes
1166 5225 1336 5281 Deum
1369 5226 1508 5292 ;sed
1569 5226 1896 5280 miraculum
1955 5224 2065 5279 Deo

491 5317 736 5384 dignum,
756 5315 864 5371 sibi
895 5315 1134 5386 perfecte
1161 5318 1318 5372 unire
1344 5333 1442 5387 pro
1472 5333 1531 5373 se
1554 5319 1844 5387 patientes,
1867 5331 1899 5370 e
1928 5332 2066 5386 quo-

494 5421 616 5459 rum
644 5415 789 5461 sorte
811 5417 940 5462 sunt
972 5418 1078 5463 tres
1103 5409 1276 5463 nostri
1307 5409 1545 5478 patroni.
1567 5408 1724 5480 Ignea
1746 5409 1913 5462 Belial
1933 5423 2068 5462 con-

495 5509 575 5552 tra
601 5513 704 5552 nos
735 5499 838 5553 tela
871 5514 1018 5555 nunc
1045 5501 1398 5569 exstinguite,
1430 5517 1464 5555 ο
1492 5502 1624 5556 trias
1679 5517 1778 5571 par
1831 5515 2065 5555 numero

499 5591 751 5643 maxima:
778 5588 1056 5656 Triuitati,
1094 5599 1149 5646 et
1197 5591 1541 5663 refrigerium
1597 5593 1831 5648 irrorate
1881 5592 2068 5659 nobis,

499 5684 592 5750 qui
625 5678 847 5736 fervidis
879 5680 1047 5737 Deum
1082 5683 1298 5754 hymnis
1322 5684 1681 5740 celebramus.
1709 5683 1845 5738 Tres
1869 5698 1936 5737 ex
1967 5681 2068 5737 Ju-

498 5773 614 5827 daaa
638 5771 822 5831 felices
845 5775 999 5844 pueri
1023 5777 1075 5832 in
1096 5775 1345 5834 flammas
1373 5777 1608 5836 immissi
1634 5790 1849 5849 partum
1886 5785 2064 5843 tuum,

2088 4751 2139 4810 D

2503 4724 2689 4814 ᾮδὴῖ⁹
2721 4756 2735 4772 °
2764 4743 2828 4794 Οἱ
2861 4740 2931 4793 ἐκ
2963 4737 3075 4807 τῆς
3115 4737 3429 4803 Ἰουδαίας.

2243 4861 2328 4916 ιδ’.
2358 4862 2440 4932 Τῇ
2471 4858 2565 4913 τοῦ
2615 4855 2925 4927 πνεύματος
2958 4855 3105 4919 ζέσει
3135 4851 3598 4924 πυρακτούμενοι,
3630 4849 3751 4901 Σῶ-

2166 4970 2287 5023 τερ,
2342 4954 2393 5005 οἰ
2441 4949 2738 5019 ἀθλοφόροι
2797 4964 2894 5001 σου
2949 4949 3015 5000 ὲκ
3071 4945 3444 5017 χειρώνακτος
3495 4943 3608 5012 βίου
3655 4943 3751 4994 καὶ

2167 5044 2418 5104 καύσεως
2449 5043 2700 5112 καμίνων
2733 5057 2814 5092 σοι
2870 5038 3196 5109 προσέσχον,
3227 5037 3322 5090 καὶ
3372 5036 3566 5089 ἔλαϐον
3613 5037 3752 5087 ἀνα-

2167 5139 2348 5209 ψυχὴν
2385 5136 2478 5188 καὶ
2507 5133 2738 5186 πλοῦτον
2771 5131 2868 5186 καὶ
2914 5131 3074 5196 δόξαν
3124 5131 3373 5184 αἰωνίαν.
3422 5127 3754 5198 Τυραννίδος

2173 5229 2271 5298 μὲν
2299 5227 2482 5297 ἔργον,
2516 5223 2784 5277 ἐκδιδόναι
2808 5221 3030 5276 κολάσει
3053 5220 3180 5282 τοὺς
3216 5218 3550 5287 ἀγαπῶντας
3595 5216 3751 5269 Θεόειο

2169 5318 2306 5373 Θεοῦ
2357 5319 2416 5371 δὲ
2469 5315 2624 5378 αὖθις
2671 5313 2880 5384 θαῦμα,
2911 5310 3249 5365 οἰκειοῦσθαι
3307 5309 3575 5370 παντοίως
3625 5307 3752 5370 τοὺς

2172 5408 2337 5465 αὐτοῦ
2395 5413 2556 5478 χάριν
2602 5406 2934 5475 πάσχοντας,
2961 5396 3035 5456 ὧν
3088 5404 3188 5471 τῆς
3244 5401 3464 5472 μερίδος
3511 5401 3650 5454 εἰσὶν
3700 5403 3755 5454 οἱ

2171 5503 2320 5573 τρεῖς
2373 5500 2532 5569 ἡμῶν
2583 5497 2909 5566 προστάται.
2961 5494 3401 5567 Πυρακτούμενα
3439 5493 3571 5564 βέλη
3624 5493 3756 5546 καθ’

2176 5593 2335 5665 ἡμῶν
2375 5592 2467 5645 τοῦ
2517 5591 2717 5661 Βελίαρ
2764 5589 2998 5641 σόἐσατε
3043 5587 3136 5640 νῦν
3169 5586 3447 5655 κραταιῶς
3497 5588 3544 5638 οἱ
3579 5589 3755 5654 τρεῖς,

2177 5687 2224 5737 οἰ
2276 5685 2374 5753 τῆς
2425 5683 2690 5753 μεγίστης
2745 5679 3025 5748 ἰσάριθμοι
3071 5677 3328 5746 Τριάδος,
3367 5675 3462 5728 καὶ
3489 5675 3757 5744 ἀνάψυξιν

2176 5776 2428 5845 ἕνδροσον
2453 5775 2573 5829 δότε
2595 5776 2751 5844 ἡμῖν,
2781 5776 2892 5835 τοῖς
2927 5771 3149 5841 θερμῶς
3177 5769 3309 5822 Θεὸν
3334 5767 3752 5835 ὑμνολογοῦσιν.
