  <div class='ocr_page' id='page_1' title='image "/cluster/home/n/w/nwhite01/storage/ocr_20150623/136/coo.31924054870419/152.png"; bbox 0 0 4048 6428; ppageno 0'>
   <div class='ocr_carea' id='block_1_1' title="bbox 311 403 418 468">
    <p class='ocr_par' dir='ltr' id='par_1_1' title="bbox 311 403 418 468">
     <span class='ocr_line' id='line_1_1' title="bbox 311 403 418 468; baseline 0.037 -3"><span class='ocrx_word' id='word_1_1' title='bbox 311 403 418 468; x_wconf 68' lang='lat'><strong>2‘83</strong></span> 
     </span>
    </p>
   </div>
   <div class='ocr_carea' id='block_1_2' title="bbox 1221 419 2656 494">
    <p class='ocr_par' dir='ltr' id='par_1_2' title="bbox 1221 419 2656 494">
     <span class='ocr_line' id='line_1_2' title="bbox 1221 419 2656 494; baseline 0.013 -19"><span class='ocrx_word' id='word_1_2' title='bbox 1221 419 1316 476; x_wconf 90' lang='lat' dir='ltr'><strong>DE</strong></span> <span class='ocrx_word' id='word_1_3' title='bbox 1365 421 1466 482; x_wconf 85' lang='lat' dir='ltr'><strong>SS.</strong></span> <span class='ocrx_word' id='word_1_4' title='bbox 1501 423 1808 492; x_wconf 81' lang='grc' dir='ltr'><strong>ΑΝΛΝῙΛ,</strong></span> <span class='ocrx_word' id='word_1_5' title='bbox 1839 427 2116 484; x_wconf 67' lang='grc' dir='ltr'><strong>ΛΖΑΠΙΔ</strong></span> <span class='ocrx_word' id='word_1_6' title='bbox 2159 426 2251 487; x_wconf 86' lang='grc' dir='ltr'><strong>ΕΤ</strong></span> <span class='ocrx_word' id='word_1_7' title='bbox 2301 429 2656 494; x_wconf 73' lang='lat' dir='ltr'><strong>MISAELE.</strong></span> 
     </span>
    </p>
   </div>
   <div class='ocr_carea' id='block_1_3' title="bbox 3460 442 3566 504">
    <p class='ocr_par' dir='ltr' id='par_1_3' title="bbox 3460 442 3566 504">
     <span class='ocr_line' id='line_1_3' title="bbox 3460 442 3566 504; baseline 0 -1"><span class='ocrx_word' id='word_1_8' title='bbox 3460 442 3566 504; x_wconf 73' lang='lat'><strong>290</strong></span> 
     </span>
    </p>
   </div>
   <div class='ocr_carea' id='block_1_4' title="bbox 311 521 1860 618">
    <p class='ocr_par' dir='ltr' id='par_1_4' title="bbox 311 521 1860 600">
     <span class='ocr_line' id='line_1_4' title="bbox 311 521 1860 600; baseline 0.007 -26"><span class='ocrx_word' id='word_1_9' title='bbox 311 523 376 574; x_wconf 80' lang='lat' dir='ltr'><strong>Ui.</strong></span> <span class='ocrx_word' id='word_1_10' title='bbox 405 522 468 572; x_wconf 80' lang='grc' dir='ltr'>ἐκ</span> <span class='ocrx_word' id='word_1_11' title='bbox 517 521 617 587; x_wconf 83' lang='grc' dir='ltr'>τῆς</span> <span class='ocrx_word' id='word_1_12' title='bbox 658 522 917 587; x_wconf 78' lang='grc' dir='ltr'><strong>Ἰουδαίας</strong></span> <span class='ocrx_word' id='word_1_13' title='bbox 958 527 1112 595; x_wconf 86' lang='grc' dir='ltr'>τρεῖς</span> <span class='ocrx_word' id='word_1_14' title='bbox 1157 529 1423 598; x_wconf 82' lang='grc' dir='ltr'>μακάριοι</span> <span class='ocrx_word' id='word_1_15' title='bbox 1478 532 1667 595; x_wconf 83' lang='grc' dir='ltr'>παῖδες</span> <span class='ocrx_word' id='word_1_16' title='bbox 1713 533 1860 600; x_wconf 60' lang='grc' dir='ltr'>ἐμϐεη</span> 
     </span>
    </p>
   </div>
   <div class='ocr_carea' id='block_1_5' title="bbox 1960 521 3564 618">
    <p class='ocr_par' dir='ltr' id='par_1_5' title="bbox 1960 535 3564 618">
     <span class='ocr_line' id='line_1_5' title="bbox 1960 535 3564 618; baseline 0.011 -29"><span class='ocrx_word' id='word_1_17' title='bbox 1960 590 1962 595; x_wconf 65' lang='grc'><strong>,</strong></span> <span class='ocrx_word' id='word_1_18' title='bbox 1991 535 2172 604; x_wconf 78' lang='lat' dir='ltr'><strong>Virgo.</strong></span> <span class='ocrx_word' id='word_1_19' title='bbox 2203 539 2655 609; x_wconf 69' lang='lat' dir='ltr'><strong>prmﬂgurabant:</strong></span> <span class='ocrx_word' id='word_1_20' title='bbox 2697 546 2922 612; x_wconf 80' lang='lat' dir='ltr'><strong>gestasti</strong></span> <span class='ocrx_word' id='word_1_21' title='bbox 2947 547 3090 602; x_wconf 91' lang='lat' dir='ltr'><strong>enim</strong></span> <span class='ocrx_word' id='word_1_22' title='bbox 3120 547 3564 618; x_wconf 77' lang='lat' dir='ltr'><strong>ignemitumate-</strong></span> 
     </span>
    </p>
   </div>
   <div class='ocr_carea' id='block_1_6' title="bbox 307 611 1882 692">
    <p class='ocr_par' dir='ltr' id='par_1_6' title="bbox 307 611 1882 692">
     <span class='ocr_line' id='line_1_6' title="bbox 307 611 1882 692; baseline 0.009 -28"><span class='ocrx_word' id='word_1_23' title='bbox 307 611 571 684; x_wconf 81' lang='grc' dir='ltr'>ϐλημένοι</span> <span class='ocrx_word' id='word_1_24' title='bbox 598 615 756 685; x_wconf 76' lang='grc' dir='ltr'>πυρὶ,</span> <span class='ocrx_word' id='word_1_25' title='bbox 785 617 879 669; x_wconf 70' lang='grc' dir='ltr'>τὸν</span> <span class='ocrx_word' id='word_1_26' title='bbox 907 616 1065 671; x_wconf 81' lang='grc' dir='ltr'>τόκον</span> <span class='ocrx_word' id='word_1_27' title='bbox 1097 637 1192 672; x_wconf 84' lang='grc' dir='ltr'><strong>σου</strong></span> <span class='ocrx_word' id='word_1_28' title='bbox 1225 624 1495 692; x_wconf 69' lang='grc' dir='ltr'>παρθένον</span> <span class='ocrx_word' id='word_1_29' title='bbox 1520 624 1882 689; x_wconf 76' lang='grc' dir='ltr'>εἰκονίζοντες</span> 
     </span>
    </p>
   </div>
   <div class='ocr_carea' id='block_1_7' title="bbox 304 700 1881 785">
    <p class='ocr_par' dir='ltr' id='par_1_7' title="bbox 304 700 1881 785">
     <span class='ocr_line' id='line_1_7' title="bbox 304 700 1881 785; baseline 0.009 -30"><span class='ocrx_word' id='word_1_30' title='bbox 304 700 485 773; x_wconf 74' lang='grc' dir='ltr'>ἦσαν·</span> <span class='ocrx_word' id='word_1_31' title='bbox 519 705 632 776; x_wconf 89' lang='grc' dir='ltr'><strong>πῦρ</strong></span> <span class='ocrx_word' id='word_1_32' title='bbox 683 708 791 776; x_wconf 76' lang='grc' dir='ltr'><strong>γάρ</strong></span> <span class='ocrx_word' id='word_1_33' title='bbox 837 707 1001 762; x_wconf 80' lang='grc' dir='ltr'>ᾶῦλον</span> <span class='ocrx_word' id='word_1_34' title='bbox 1047 709 1291 778; x_wconf 78' lang='grc' dir='ltr'>ἕστεξας,</span> <span class='ocrx_word' id='word_1_35' title='bbox 1346 707 1518 785; x_wconf 72' lang='grc' dir='ltr'>οὗπερ</span> <span class='ocrx_word' id='word_1_36' title='bbox 1567 717 1661 768; x_wconf 78' lang='grc' dir='ltr'>καὶ</span> <span class='ocrx_word' id='word_1_37' title='bbox 1720 716 1881 780; x_wconf 81' lang='grc' dir='ltr'>βάτος</span> 
     </span>
    </p>
   </div>
   <div class='ocr_carea' id='block_1_8' title="bbox 305 795 1157 868">
    <p class='ocr_par' dir='ltr' id='par_1_8' title="bbox 305 795 1157 868">
     <span class='ocr_line' id='line_1_8' title="bbox 305 795 1157 868; baseline 0.014 -21"><span class='ocrx_word' id='word_1_38' title='bbox 305 799 437 850; x_wconf 75' lang='grc' dir='ltr'>ποτὲ</span> <span class='ocrx_word' id='word_1_39' title='bbox 465 798 637 862; x_wconf 89' lang='grc' dir='ltr'>τύπος</span> <span class='ocrx_word' id='word_1_40' title='bbox 668 795 736 868; x_wconf 77' lang='grc' dir='ltr'>ἦν</span> <span class='ocrx_word' id='word_1_41' title='bbox 767 799 862 854; x_wconf 84' lang='grc' dir='ltr'><strong>τοῦ</strong></span> <span class='ocrx_word' id='word_1_42' title='bbox 891 802 1157 865; x_wconf 81' lang='grc' dir='ltr'><strong>Μωσέως.</strong></span> 
     </span>
    </p>
   </div>
   <div class='ocr_carea' id='block_1_9' title="bbox 529 902 1670 993">
    <p class='ocr_par' dir='ltr' id='par_1_9' title="bbox 529 902 1670 993">
     <span class='ocr_line' id='line_1_9' title="bbox 529 902 1670 993; baseline 0.009 -25"><span class='ocrx_word' id='word_1_43' title='bbox 529 917 652 987; x_wconf 80' lang='grc' dir='ltr'>ᾮδὴ</span> <span class='ocrx_word' id='word_1_44' title='bbox 673 902 719 986; x_wconf 55' lang='grc' dir='ltr'><strong><em>ἦ</em></strong></span> <span class='ocrx_word' id='word_1_45' title='bbox 742 930 757 946; x_wconf 79' lang='grc'><strong>⁸</strong></span> <span class='ocrx_word' id='word_1_46' title='bbox 795 917 908 971; x_wconf 81' lang='grc' dir='ltr'><strong>Τὸν</strong></span> <span class='ocrx_word' id='word_1_47' title='bbox 929 920 1196 984; x_wconf 75' lang='grc' dir='ltr'><strong>βασιλέα</strong></span> <span class='ocrx_word' id='word_1_48' title='bbox 1225 922 1345 976; x_wconf 78' lang='grc' dir='ltr'>τῶν</span> <span class='ocrx_word' id='word_1_49' title='bbox 1371 925 1670 993; x_wconf 74' lang='grc' dir='ltr'>οὐρανῶν.</span> 
     </span>
    </p>
   </div>
   <div class='ocr_carea' id='block_1_10' title="bbox 376 1005 1878 1081">
    <p class='ocr_par' dir='ltr' id='par_1_10' title="bbox 376 1005 1878 1081">
     <span class='ocr_line' id='line_1_10' title="bbox 376 1005 1878 1081; baseline 0.009 -26"><span class='ocrx_word' id='word_1_50' title='bbox 376 1011 463 1058; x_wconf 86' lang='grc' dir='ltr'>ιε’.</span> <span class='ocrx_word' id='word_1_51' title='bbox 490 1005 949 1074; x_wconf 84' lang='grc' dir='ltr'>Σεμνοποιοῦνται</span> <span class='ocrx_word' id='word_1_52' title='bbox 989 1012 1039 1062; x_wconf 82' lang='grc' dir='ltr'><strong>οἱ</strong></span> <span class='ocrx_word' id='word_1_53' title='bbox 1092 1013 1327 1074; x_wconf 80' lang='grc' dir='ltr'>Πισιδεῖς</span> <span class='ocrx_word' id='word_1_54' title='bbox 1371 1013 1446 1076; x_wconf 83' lang='grc' dir='ltr'>ὡς</span> <span class='ocrx_word' id='word_1_55' title='bbox 1497 1015 1722 1078; x_wconf 73' lang='grc' dir='ltr'>πολίτας</span> <span class='ocrx_word' id='word_1_56' title='bbox 1753 1018 1878 1081; x_wconf 77' lang='grc' dir='ltr'>τοὺς</span> 
     </span>
    </p>
   </div>
   <div class='ocr_carea' id='block_1_11' title="bbox 299 1096 1872 1170">
    <p class='ocr_par' dir='ltr' id='par_1_11' title="bbox 299 1096 1872 1170">
     <span class='ocr_line' id='line_1_11' title="bbox 299 1096 1872 1170; baseline 0.007 -21"><span class='ocrx_word' id='word_1_57' title='bbox 299 1096 491 1163; x_wconf 82' lang='grc' dir='ltr'>ἁγίους</span> <span class='ocrx_word' id='word_1_58' title='bbox 532 1097 758 1161; x_wconf 83' lang='grc' dir='ltr'>τούτους</span> <span class='ocrx_word' id='word_1_59' title='bbox 802 1101 1178 1170; x_wconf 74' lang='grc' dir='ltr'>εὐτυχοῦντες,</span> <span class='ocrx_word' id='word_1_60' title='bbox 1239 1104 1507 1158; x_wconf 83' lang='grc' dir='ltr'>Κλαυδίου</span> <span class='ocrx_word' id='word_1_61' title='bbox 1572 1125 1630 1158; x_wconf 89' lang='grc' dir='ltr'><strong>τε</strong></span> <span class='ocrx_word' id='word_1_62' title='bbox 1695 1109 1872 1170; x_wconf 88' lang='grc' dir='ltr'>πόλις,</span> 
     </span>
    </p>
   </div>
   <div class='ocr_carea' id='block_1_12' title="bbox 299 1189 1875 1267">
    <p class='ocr_par' dir='ltr' id='par_1_12' title="bbox 299 1189 1875 1267">
     <span class='ocr_line' id='line_1_12' title="bbox 299 1189 1875 1267; baseline 0.008 -28"><span class='ocrx_word' id='word_1_63' title='bbox 299 1190 434 1240; x_wconf 83' lang='grc' dir='ltr'>ὅπου</span> <span class='ocrx_word' id='word_1_64' title='bbox 466 1189 652 1251; x_wconf 81' lang='grc' dir='ltr'>αὐτοῖς</span> <span class='ocrx_word' id='word_1_65' title='bbox 685 1192 744 1242; x_wconf 84' lang='grc' dir='ltr'>τὸ</span> <span class='ocrx_word' id='word_1_66' title='bbox 789 1192 962 1254; x_wconf 80' lang='grc' dir='ltr'>τέλος.</span> <span class='ocrx_word' id='word_1_67' title='bbox 1010 1195 1330 1263; x_wconf 75' lang='grc' dir='ltr'>Ὀψιμαθεῖς</span> <span class='ocrx_word' id='word_1_68' title='bbox 1383 1197 1483 1264; x_wconf 79' lang='grc' dir='ltr'><strong>μὲν</strong></span> <span class='ocrx_word' id='word_1_69' title='bbox 1526 1200 1622 1251; x_wconf 84' lang='grc' dir='ltr'><strong>τοῦ</strong></span> <span class='ocrx_word' id='word_1_70' title='bbox 1667 1201 1875 1267; x_wconf 76' lang='grc' dir='ltr'>ἀγαθοῦ</span> 
     </span>
    </p>
   </div>
   <div class='ocr_carea' id='block_1_13' title="bbox 296 1279 1877 1355">
    <p class='ocr_par' dir='ltr' id='par_1_13' title="bbox 296 1279 1877 1355">
     <span class='ocr_line' id='line_1_13' title="bbox 296 1279 1877 1355; baseline 0.01 -26"><span class='ocrx_word' id='word_1_71' title='bbox 296 1279 609 1346; x_wconf 82' lang='grc' dir='ltr'>γεγονότες,</span> <span class='ocrx_word' id='word_1_72' title='bbox 642 1284 877 1352; x_wconf 85' lang='grc' dir='ltr'>στερεῶς</span> <span class='ocrx_word' id='word_1_73' title='bbox 909 1285 964 1337; x_wconf 82' lang='grc' dir='ltr'><strong>δὲ</strong></span> <span class='ocrx_word' id='word_1_74' title='bbox 1009 1286 1196 1338; x_wconf 79' lang='grc' dir='ltr'>πίστει</span> <span class='ocrx_word' id='word_1_75' title='bbox 1232 1290 1574 1351; x_wconf 85' lang='grc' dir='ltr'>ἑντακέντες,</span> <span class='ocrx_word' id='word_1_76' title='bbox 1605 1291 1700 1343; x_wconf 85' lang='grc' dir='ltr'><strong>νῦν</strong></span> <span class='ocrx_word' id='word_1_77' title='bbox 1730 1293 1877 1355; x_wconf 79' lang='grc' dir='ltr'>δοξο-</span> 
     </span>
    </p>
   </div>
   <div class='ocr_carea' id='block_1_14' title="bbox 297 1371 1871 1450">
    <p class='ocr_par' dir='ltr' id='par_1_14' title="bbox 297 1371 1871 1450">
     <span class='ocr_line' id='line_1_14' title="bbox 297 1371 1871 1450; baseline 0.01 -29"><span class='ocrx_word' id='word_1_78' title='bbox 297 1371 585 1438; x_wconf 87' lang='grc' dir='ltr'>λογοῦνται</span> <span class='ocrx_word' id='word_1_79' title='bbox 620 1374 798 1436; x_wconf 85' lang='grc' dir='ltr'>καλῶς</span> <span class='ocrx_word' id='word_1_80' title='bbox 847 1376 897 1427; x_wconf 92' lang='grc' dir='ltr'>οἱ</span> <span class='ocrx_word' id='word_1_81' title='bbox 929 1376 1245 1447; x_wconf 62' lang='grc' dir='ltr'>ἀθλοφόροι.</span> <span class='ocrx_word' id='word_1_82' title='bbox 1290 1380 1380 1431; x_wconf 85' lang='grc' dir='ltr'>Ἑν</span> <span class='ocrx_word' id='word_1_83' title='bbox 1415 1383 1478 1450; x_wconf 85' lang='grc' dir='ltr'>τῇ</span> <span class='ocrx_word' id='word_1_84' title='bbox 1513 1383 1713 1450; x_wconf 71' lang='grc' dir='ltr'>χωνείᾳ</span> <span class='ocrx_word' id='word_1_85' title='bbox 1760 1384 1871 1436; x_wconf 80' lang='grc' dir='ltr'><strong>τῶν</strong></span> 
     </span>
    </p>
   </div>
   <div class='ocr_carea' id='block_1_15' title="bbox 296 1463 1872 1544">
    <p class='ocr_par' dir='ltr' id='par_1_15' title="bbox 296 1463 1872 1544">
     <span class='ocr_line' id='line_1_15' title="bbox 296 1463 1872 1544; baseline 0.008 -30"><span class='ocrx_word' id='word_1_86' title='bbox 296 1463 625 1532; x_wconf 74' lang='grc' dir='ltr'>πειρασμῶν</span> <span class='ocrx_word' id='word_1_87' title='bbox 675 1467 1042 1536; x_wconf 87' lang='grc' dir='ltr'>πυρωθέντες,</span> <span class='ocrx_word' id='word_1_88' title='bbox 1093 1470 1168 1532; x_wconf 85' lang='grc' dir='ltr'>ὡς</span> <span class='ocrx_word' id='word_1_89' title='bbox 1222 1473 1422 1541; x_wconf 87' lang='grc' dir='ltr'>χρυσὸς</span> <span class='ocrx_word' id='word_1_90' title='bbox 1491 1474 1872 1544; x_wconf 78' lang='grc' dir='ltr'>εὐροιζότατος</span> 
     </span>
    </p>
   </div>
   <div class='ocr_carea' id='block_1_16' title="bbox 294 1552 1866 1634">
    <p class='ocr_par' dir='ltr' id='par_1_16' title="bbox 294 1552 1866 1634">
     <span class='ocr_line' id='line_1_16' title="bbox 294 1552 1866 1634; baseline 0.01 -32"><span class='ocrx_word' id='word_1_91' title='bbox 294 1552 447 1620; x_wconf 80' lang='grc' dir='ltr'>ἄρτι,</span> <span class='ocrx_word' id='word_1_92' title='bbox 480 1553 745 1616; x_wconf 79' lang='grc' dir='ltr'>στίλὸετε,</span> <span class='ocrx_word' id='word_1_93' title='bbox 790 1558 1092 1626; x_wconf 87' lang='grc' dir='ltr'>μαρτύρων</span> <span class='ocrx_word' id='word_1_94' title='bbox 1123 1561 1362 1630; x_wconf 85' lang='grc' dir='ltr'>καλλονὴ</span> <span class='ocrx_word' id='word_1_95' title='bbox 1394 1565 1488 1614; x_wconf 81' lang='grc' dir='ltr'>καὶ</span> <span class='ocrx_word' id='word_1_96' title='bbox 1523 1563 1866 1634; x_wconf 81' lang='grc' dir='ltr'><strong>λαμπρότης.</strong></span> 
     </span>
    </p>
   </div>
   <div class='ocr_carea' id='block_1_17' title="bbox 294 1643 1870 1726">
    <p class='ocr_par' dir='ltr' id='par_1_17' title="bbox 294 1643 1870 1726">
     <span class='ocr_line' id='line_1_17' title="bbox 294 1643 1870 1726; baseline 0.01 -33"><span class='ocrx_word' id='word_1_97' title='bbox 294 1643 403 1694; x_wconf 85' lang='grc' dir='ltr'><strong>Τὸν</strong></span> <span class='ocrx_word' id='word_1_98' title='bbox 440 1643 663 1712; x_wconf 77' lang='grc' dir='ltr'><strong>βασιλέα</strong></span> <span class='ocrx_word' id='word_1_99' title='bbox 715 1646 827 1700; x_wconf 89' lang='grc' dir='ltr'><strong>τῶν</strong></span> <span class='ocrx_word' id='word_1_100' title='bbox 881 1651 1148 1719; x_wconf 82' lang='grc' dir='ltr'>οὐρανῶν,</span> <span class='ocrx_word' id='word_1_101' title='bbox 1206 1653 1478 1725; x_wconf 80' lang='grc' dir='ltr'>παλατίῳ,</span> <span class='ocrx_word' id='word_1_102' title='bbox 1530 1658 1595 1726; x_wconf 84' lang='grc' dir='ltr'>σῇ</span> <span class='ocrx_word' id='word_1_103' title='bbox 1644 1660 1870 1724; x_wconf 75' lang='grc' dir='ltr'>γαστρὶ,</span> 
     </span>
    </p>
   </div>
   <div class='ocr_carea' id='block_1_18' title="bbox 292 1735 1871 1817">
    <p class='ocr_par' dir='ltr' id='par_1_18' title="bbox 292 1735 1871 1817">
     <span class='ocr_line' id='line_1_18' title="bbox 292 1735 1871 1817; baseline 0.012 -32"><span class='ocrx_word' id='word_1_104' title='bbox 292 1735 554 1804; x_wconf 80' lang='grc' dir='ltr'>παρθένε,</span> <span class='ocrx_word' id='word_1_105' title='bbox 597 1740 938 1810; x_wconf 85' lang='grc' dir='ltr'>χωρηθέντα,</span> <span class='ocrx_word' id='word_1_106' title='bbox 970 1741 1205 1814; x_wconf 74' lang='grc' dir='ltr'>εὕρομεν</span> <span class='ocrx_word' id='word_1_107' title='bbox 1235 1746 1452 1816; x_wconf 82' lang='grc' dir='ltr'>ἁπάσης</span> <span class='ocrx_word' id='word_1_108' title='bbox 1483 1749 1871 1817; x_wconf 84' lang='grc' dir='ltr'>αἰχμαλωσίας</span> 
     </span>
    </p>
   </div>
   <div class='ocr_carea' id='block_1_19' title="bbox 283 1823 522 1893">
    <p class='ocr_par' dir='ltr' id='par_1_19' title="bbox 283 1823 522 1893">
     <span class='ocr_line' id='line_1_19' title="bbox 283 1823 522 1893; baseline 0.008 -17"><span class='ocrx_word' id='word_1_109' title='bbox 283 1823 522 1893; x_wconf 73' lang='grc' dir='ltr'>ρύστην.</span> 
     </span>
    </p>
   </div>
   <div class='ocr_carea' id='block_1_20' title="bbox 625 1911 1561 2000">
    <p class='ocr_par' dir='ltr' id='par_1_20' title="bbox 625 1911 1561 2000">
     <span class='ocr_line' id='line_1_20' title="bbox 625 1911 1561 2000; baseline 0.009 -19"><span class='ocrx_word' id='word_1_110' title='bbox 625 1928 748 2000; x_wconf 83' lang='grc' dir='ltr'><strong>ᾭδὴ</strong></span> <span class='ocrx_word' id='word_1_111' title='bbox 768 1911 810 1979; x_wconf 54' lang='lat' dir='ltr'><strong>ﬂ-</strong></span> <span class='ocrx_word' id='word_1_112' title='bbox 836 1945 852 1960; x_wconf 78' lang='lat'><strong>&#39;</strong></span> <span class='ocrx_word' id='word_1_113' title='bbox 884 1931 1109 2000; x_wconf 79' lang='grc' dir='ltr'>Κυρίως</span> <span class='ocrx_word' id='word_1_114' title='bbox 1141 1935 1435 1988; x_wconf 77' lang='grc' dir='ltr'>Θεοτόκον</span> <span class='ocrx_word' id='word_1_115' title='bbox 1463 1936 1561 1989; x_wconf 84' lang='grc' dir='ltr'>σέ.</span> 
     </span>
    </p>
   </div>
   <div class='ocr_carea' id='block_1_21' title="bbox 365 2013 1866 2092">
    <p class='ocr_par' dir='ltr' id='par_1_21' title="bbox 365 2013 1866 2092">
     <span class='ocr_line' id='line_1_21' title="bbox 365 2013 1866 2092; baseline 0.01 -29"><span class='ocrx_word' id='word_1_116' title='bbox 365 2017 463 2076; x_wconf 82' lang='grc' dir='ltr'>ις’.</span> <span class='ocrx_word' id='word_1_117' title='bbox 497 2013 610 2066; x_wconf 77' lang='grc' dir='ltr'>Οὐκ</span> <span class='ocrx_word' id='word_1_118' title='bbox 645 2016 792 2069; x_wconf 81' lang='grc' dir='ltr'>ἔστιν</span> <span class='ocrx_word' id='word_1_119' title='bbox 824 2019 881 2070; x_wconf 80' lang='grc' dir='ltr'><strong>ἐν</strong></span> <span class='ocrx_word' id='word_1_120' title='bbox 916 2020 1106 2088; x_wconf 82' lang='grc' dir='ltr'>Κυρίῳ</span> <span class='ocrx_word' id='word_1_121' title='bbox 1136 2021 1328 2089; x_wconf 82' lang='grc' dir='ltr'>γένους</span> <span class='ocrx_word' id='word_1_122' title='bbox 1363 2023 1624 2092; x_wconf 80' lang='grc' dir='ltr'>λαμπροῦ</span> <span class='ocrx_word' id='word_1_123' title='bbox 1675 2025 1866 2087; x_wconf 86' lang='grc' dir='ltr'>τόπος.</span> 
     </span>
    </p>
   </div>
   <div class='ocr_carea' id='block_1_22' title="bbox 301 2101 1870 2184">
    <p class='ocr_par' dir='ltr' id='par_1_22' title="bbox 301 2101 1870 2184">
     <span class='ocr_line' id='line_1_22' title="bbox 301 2101 1870 2184; baseline 0.008 -30"><span class='ocrx_word' id='word_1_124' title='bbox 301 2101 393 2155; x_wconf 88' lang='grc' dir='ltr'>Ἐν</span> <span class='ocrx_word' id='word_1_125' title='bbox 423 2105 669 2177; x_wconf 78' lang='grc' dir='ltr'>εὐγενείᾳ</span> <span class='ocrx_word' id='word_1_126' title='bbox 711 2107 888 2180; x_wconf 79' lang='grc' dir='ltr'>ψυχῆς</span> <span class='ocrx_word' id='word_1_127' title='bbox 936 2107 1028 2164; x_wconf 82' lang='grc' dir='ltr'>οὖν</span> <span class='ocrx_word' id='word_1_128' title='bbox 1058 2111 1322 2179; x_wconf 68' lang='grc' dir='ltr'>φανέντες</span> <span class='ocrx_word' id='word_1_129' title='bbox 1374 2114 1590 2184; x_wconf 78' lang='grc' dir='ltr'>φαιδροὶ</span> <span class='ocrx_word' id='word_1_130' title='bbox 1623 2115 1672 2167; x_wconf 77' lang='grc' dir='ltr'>οἱ</span> <span class='ocrx_word' id='word_1_131' title='bbox 1701 2115 1870 2184; x_wconf 83' lang='grc' dir='ltr'>ἀθλη-</span> 
     </span>
    </p>
   </div>
   <div class='ocr_carea' id='block_1_23' title="bbox 287 2197 1868 2277">
    <p class='ocr_par' dir='ltr' id='par_1_23' title="bbox 287 2197 1868 2277">
     <span class='ocr_line' id='line_1_23' title="bbox 287 2197 1868 2277; baseline 0.009 -29"><span class='ocrx_word' id='word_1_132' title='bbox 287 2197 420 2261; x_wconf 77' lang='grc' dir='ltr'>ταὶ,</span> <span class='ocrx_word' id='word_1_133' title='bbox 473 2200 782 2269; x_wconf 80' lang='grc' dir='ltr'>ἀσωμάτων</span> <span class='ocrx_word' id='word_1_134' title='bbox 836 2207 1019 2274; x_wconf 89' lang='grc' dir='ltr'>χοροῖς</span> <span class='ocrx_word' id='word_1_135' title='bbox 1073 2207 1479 2263; x_wconf 89' lang='grc' dir='ltr'>συντάττονται.</span> <span class='ocrx_word' id='word_1_136' title='bbox 1536 2203 1607 2260; x_wconf 81' lang='grc' dir='ltr'><strong><em>Ὦ</em></strong></span> <span class='ocrx_word' id='word_1_137' title='bbox 1671 2209 1868 2277; x_wconf 79' lang='grc' dir='ltr'>Μάρκε</span> 
     </span>
    </p>
   </div>
   <div class='ocr_carea' id='block_1_24' title="bbox 287 2289 1868 2367">
    <p class='ocr_par' dir='ltr' id='par_1_24' title="bbox 287 2289 1868 2367">
     <span class='ocr_line' id='line_1_24' title="bbox 287 2289 1868 2367; baseline 0.009 -28"><span class='ocrx_word' id='word_1_138' title='bbox 287 2289 564 2359; x_wconf 83' lang='grc' dir='ltr'>ὀρεινὸμε,</span> <span class='ocrx_word' id='word_1_139' title='bbox 599 2293 850 2363; x_wconf 80' lang='grc' dir='ltr'>μέμνησο</span> <span class='ocrx_word' id='word_1_140' title='bbox 895 2295 1226 2367; x_wconf 81' lang='grc' dir='ltr'>θρεμμάτων</span> <span class='ocrx_word' id='word_1_141' title='bbox 1271 2299 1380 2351; x_wconf 87' lang='grc' dir='ltr'><strong>τῶν</strong></span> <span class='ocrx_word' id='word_1_142' title='bbox 1411 2299 1666 2367; x_wconf 83' lang='grc' dir='ltr'>λογικῶν,</span> <span class='ocrx_word' id='word_1_143' title='bbox 1700 2301 1749 2354; x_wconf 83' lang='grc' dir='ltr'>οἳ</span> <span class='ocrx_word' id='word_1_144' title='bbox 1786 2319 1868 2354; x_wconf 78' lang='grc' dir='ltr'>τι-</span> 
     </span>
    </p>
   </div>
   <div class='ocr_carea' id='block_1_25' title="bbox 290 2382 1868 2464">
    <p class='ocr_par' dir='ltr' id='par_1_25' title="bbox 290 2382 1868 2464">
     <span class='ocr_line' id='line_1_25' title="bbox 290 2382 1868 2464; baseline 0.008 -31"><span class='ocrx_word' id='word_1_145' title='bbox 290 2382 488 2452; x_wconf 83' lang='grc' dir='ltr'>μῶμεν</span> <span class='ocrx_word' id='word_1_146' title='bbox 537 2386 636 2456; x_wconf 78' lang='grc' dir='ltr'>τὴν</span> <span class='ocrx_word' id='word_1_147' title='bbox 684 2388 910 2459; x_wconf 86' lang='grc' dir='ltr'>μνήμην</span> <span class='ocrx_word' id='word_1_148' title='bbox 963 2389 1060 2460; x_wconf 79' lang='grc' dir='ltr'>τὴν</span> <span class='ocrx_word' id='word_1_149' title='bbox 1113 2393 1243 2461; x_wconf 79' lang='grc' dir='ltr'>σήνο</span> <span class='ocrx_word' id='word_1_150' title='bbox 1298 2392 1392 2447; x_wconf 75' lang='grc' dir='ltr'><strong>καὶ</strong></span> <span class='ocrx_word' id='word_1_151' title='bbox 1443 2394 1539 2446; x_wconf 90' lang='grc' dir='ltr'><strong>νῦν</strong></span> <span class='ocrx_word' id='word_1_152' title='bbox 1589 2394 1868 2464; x_wconf 75' lang='grc' dir='ltr'>ποιμάνας</span> 
     </span>
    </p>
   </div>
   <div class='ocr_carea' id='block_1_26' title="bbox 285 2475 1866 2554">
    <p class='ocr_par' dir='ltr' id='par_1_26' title="bbox 285 2475 1866 2554">
     <span class='ocr_line' id='line_1_26' title="bbox 285 2475 1866 2554; baseline 0.006 -26"><span class='ocrx_word' id='word_1_153' title='bbox 285 2475 546 2540; x_wconf 71' lang='grc' dir='ltr'>ἐνταῦθα,</span> <span class='ocrx_word' id='word_1_154' title='bbox 579 2479 696 2531; x_wconf 76' lang='grc' dir='ltr'>ἐκεῖ</span> <span class='ocrx_word' id='word_1_155' title='bbox 748 2481 1089 2547; x_wconf 81' lang='grc' dir='ltr'>συνδόξασον.</span> <span class='ocrx_word' id='word_1_156' title='bbox 1124 2478 1195 2536; x_wconf 79' lang='grc' dir='ltr'><strong><em>Ὦ</em></strong></span> <span class='ocrx_word' id='word_1_157' title='bbox 1240 2484 1388 2554; x_wconf 78' lang='grc' dir='ltr'>τρεῖς</span> <span class='ocrx_word' id='word_1_158' title='bbox 1440 2483 1576 2538; x_wconf 86' lang='grc' dir='ltr'>Θεοῦ</span> <span class='ocrx_word' id='word_1_159' title='bbox 1622 2485 1866 2552; x_wconf 82' lang='grc' dir='ltr'>ὁπλῖται,</span> 
     </span>
    </p>
   </div>
   <div class='ocr_carea' id='block_1_27' title="bbox 285 2567 1869 2646">
    <p class='ocr_par' dir='ltr' id='par_1_27' title="bbox 285 2567 1869 2646">
     <span class='ocr_line' id='line_1_27' title="bbox 285 2567 1869 2646; baseline 0.007 -27"><span class='ocrx_word' id='word_1_160' title='bbox 285 2567 383 2631; x_wconf 83' lang='grc' dir='ltr'><strong>οὓς</strong></span> <span class='ocrx_word' id='word_1_161' title='bbox 411 2569 508 2622; x_wconf 87' lang='grc' dir='ltr'><strong>νῦν</strong></span> <span class='ocrx_word' id='word_1_162' title='bbox 557 2570 934 2642; x_wconf 79' lang='grc' dir='ltr'>εὐφημοῦμεν,</span> <span class='ocrx_word' id='word_1_163' title='bbox 963 2575 1104 2627; x_wconf 79' lang='grc' dir='ltr'>κατὰ</span> <span class='ocrx_word' id='word_1_164' title='bbox 1135 2575 1324 2629; x_wconf 89' lang='grc' dir='ltr'>δεινῶν</span> <span class='ocrx_word' id='word_1_165' title='bbox 1355 2575 1448 2628; x_wconf 78' lang='grc' dir='ltr'><strong>καὶ</strong></span> <span class='ocrx_word' id='word_1_166' title='bbox 1493 2575 1705 2646; x_wconf 83' lang='grc' dir='ltr'>ἀγρίων</span> <span class='ocrx_word' id='word_1_167' title='bbox 1735 2576 1869 2645; x_wconf 84' lang='grc' dir='ltr'>βαρ-</span> 
     </span>
    </p>
   </div>
   <div class='ocr_carea' id='block_1_28' title="bbox 1992 627 3184 710">
    <p class='ocr_par' dir='ltr' id='par_1_28' title="bbox 1992 627 3184 710">
     <span class='ocr_line' id='line_1_28' title="bbox 1992 627 3184 710; baseline 0.012 -30"><span class='ocrx_word' id='word_1_168' title='bbox 1992 627 2204 693; x_wconf 88' lang='lat' dir='ltr'><strong>rialem,</strong></span> <span class='ocrx_word' id='word_1_169' title='bbox 2237 632 2396 699; x_wconf 85' lang='lat' dir='ltr'><strong>cujus</strong></span> <span class='ocrx_word' id='word_1_170' title='bbox 2425 641 2587 704; x_wconf 86' lang='lat' dir='ltr'><strong>typus</strong></span> <span class='ocrx_word' id='word_1_171' title='bbox 2618 646 2734 690; x_wconf 86' lang='lat' dir='ltr'><strong>erat</strong></span> <span class='ocrx_word' id='word_1_172' title='bbox 2761 637 2933 694; x_wconf 83' lang='lat' dir='ltr'><strong>rubus</strong></span> <span class='ocrx_word' id='word_1_173' title='bbox 2963 637 3184 710; x_wconf 84' lang='lat' dir='ltr'><strong>Moysis.</strong></span> 
     </span>
    </p>
   </div>
   <div class='ocr_carea' id='block_1_29' title="bbox 2235 915 3293 990">
    <p class='ocr_par' dir='ltr' id='par_1_29' title="bbox 2235 915 3293 990">
     <span class='ocr_line' id='line_1_29' title="bbox 2235 915 3293 990; baseline 0.013 -22"><span class='ocrx_word' id='word_1_174' title='bbox 2235 915 2442 971; x_wconf 81' lang='lat' dir='ltr'><strong>Cantus</strong></span> <span class='ocrx_word' id='word_1_175' title='bbox 2488 929 2710 974; x_wconf 82' lang='lat' dir='ltr'><strong>octavus</strong></span> <span class='ocrx_word' id='word_1_176' title='bbox 2743 941 2756 973; x_wconf 91' lang='lat'>:</span> <span class='ocrx_word' id='word_1_177' title='bbox 2802 924 2990 990; x_wconf 58' lang='lat' dir='ltr'><strong>Regem</strong></span> <span class='ocrx_word' id='word_1_178' title='bbox 3028 931 3293 982; x_wconf 69' lang='lat' dir='ltr'><strong>malorum.</strong></span> 
     </span>
    </p>
   </div>
   <div class='ocr_carea' id='block_1_30' title="bbox 2059 1003 3559 1080">
    <p class='ocr_par' dir='ltr' id='par_1_30' title="bbox 2059 1003 3559 1080">
     <span class='ocr_line' id='line_1_30' title="bbox 2059 1003 3559 1080; baseline 0.008 -24"><span class='ocrx_word' id='word_1_179' title='bbox 2059 1003 2148 1057; x_wconf 79' lang='grc'><strong>15.</strong></span> <span class='ocrx_word' id='word_1_180' title='bbox 2179 1005 2495 1060; x_wconf 88' lang='lat' dir='ltr'><strong>Gloriantur</strong></span> <span class='ocrx_word' id='word_1_181' title='bbox 2524 1008 2740 1071; x_wconf 63' lang='lat' dir='ltr'><strong>Pisidtc.</strong></span> <span class='ocrx_word' id='word_1_182' title='bbox 2771 1029 2834 1064; x_wconf 85' lang='lat' dir='ltr'><strong>eo</strong></span> <span class='ocrx_word' id='word_1_183' title='bbox 2865 1017 3007 1080; x_wconf 88' lang='lat' dir='ltr'><strong>quod</strong></span> <span class='ocrx_word' id='word_1_184' title='bbox 3044 1026 3272 1071; x_wconf 87' lang='lat' dir='ltr'><strong>sanctos</strong></span> <span class='ocrx_word' id='word_1_185' title='bbox 3301 1018 3419 1071; x_wconf 90' lang='lat' dir='ltr'><strong>illos</strong></span> <span class='ocrx_word' id='word_1_186' title='bbox 3441 1035 3559 1072; x_wconf 85' lang='lat' dir='ltr'><strong>sor-</strong></span> 
     </span>
    </p>
   </div>
   <div class='ocr_carea' id='block_1_31' title="bbox 1988 1095 3559 1172">
    <p class='ocr_par' dir='ltr' id='par_1_31' title="bbox 1988 1095 3559 1172">
     <span class='ocr_line' id='line_1_31' title="bbox 1988 1095 3559 1172; baseline 0.01 -23"><span class='ocrx_word' id='word_1_187' title='bbox 1988 1095 2070 1149; x_wconf 90' lang='lat' dir='ltr'><strong>titi</strong></span> <span class='ocrx_word' id='word_1_188' title='bbox 2105 1097 2215 1150; x_wconf 87' lang='lat' dir='ltr'><strong>sint</strong></span> <span class='ocrx_word' id='word_1_189' title='bbox 2238 1101 2516 1164; x_wconf 76' lang='lat' dir='ltr'><strong>concives,</strong></span> <span class='ocrx_word' id='word_1_190' title='bbox 2548 1113 2601 1154; x_wconf 91' lang='lat' dir='ltr'><strong>et</strong></span> <span class='ocrx_word' id='word_1_191' title='bbox 2625 1103 3011 1172; x_wconf 79' lang='lat' dir='ltr'><strong>Claudiopolis.</strong></span> <span class='ocrx_word' id='word_1_192' title='bbox 3045 1108 3133 1160; x_wconf 90' lang='lat' dir='ltr'><strong>ubi</strong></span> <span class='ocrx_word' id='word_1_193' title='bbox 3185 1109 3348 1162; x_wconf 80' lang='lat' dir='ltr'><strong>vitam</strong></span> <span class='ocrx_word' id='word_1_194' title='bbox 3406 1111 3559 1164; x_wconf 76' lang='lat' dir='ltr'><strong>[inlc-</strong></span> 
     </span>
    </p>
   </div>
   <div class='ocr_carea' id='block_1_32' title="bbox 1986 1191 3555 1259">
    <p class='ocr_par' dir='ltr' id='par_1_32' title="bbox 1986 1191 3555 1259">
     <span class='ocr_line' id='line_1_32' title="bbox 1986 1191 3555 1259; baseline 0.007 -18"><span class='ocrx_word' id='word_1_195' title='bbox 1986 1198 2134 1243; x_wconf 85' lang='lat' dir='ltr'><strong>runt.</strong></span> <span class='ocrx_word' id='word_1_196' title='bbox 2169 1191 2304 1244; x_wconf 86' lang='lat' dir='ltr'><strong>Sero</strong></span> <span class='ocrx_word' id='word_1_197' title='bbox 2329 1191 2525 1247; x_wconf 91' lang='lat' dir='ltr'><strong>bonum</strong></span> <span class='ocrx_word' id='word_1_198' title='bbox 2549 1195 2745 1259; x_wconf 90' lang='lat' dir='ltr'><strong>edocti,</strong></span> <span class='ocrx_word' id='word_1_199' title='bbox 2769 1199 3073 1250; x_wconf 85' lang='lat' dir='ltr'><strong>vehementi</strong></span> <span class='ocrx_word' id='word_1_200' title='bbox 3106 1208 3286 1256; x_wconf 86' lang='lat' dir='ltr'><strong>autem</strong></span> <span class='ocrx_word' id='word_1_201' title='bbox 3313 1200 3555 1254; x_wconf 83' lang='lat' dir='ltr'><strong>lidecor-</strong></span> 
     </span>
    </p>
   </div>
   <div class='ocr_carea' id='block_1_33' title="bbox 1983 1280 3551 1350">
    <p class='ocr_par' dir='ltr' id='par_1_33' title="bbox 1983 1280 3551 1350">
     <span class='ocr_line' id='line_1_33' title="bbox 1983 1280 3551 1350; baseline 0.01 -18"><span class='ocrx_word' id='word_1_202' title='bbox 1983 1280 2241 1344; x_wconf 87' lang='lat' dir='ltr'><strong>roborati,</strong></span> <span class='ocrx_word' id='word_1_203' title='bbox 2262 1298 2405 1336; x_wconf 91' lang='lat' dir='ltr'><strong>nunc</strong></span> <span class='ocrx_word' id='word_1_204' title='bbox 2424 1285 2664 1350; x_wconf 77' lang='lat' dir='ltr'><strong>pulchris</strong></span> <span class='ocrx_word' id='word_1_205' title='bbox 2683 1287 2914 1341; x_wconf 81' lang='lat' dir='ltr'><strong>victores</strong></span> <span class='ocrx_word' id='word_1_206' title='bbox 2934 1289 3183 1345; x_wconf 76' lang='lat' dir='ltr'><strong>laudibus</strong></span> <span class='ocrx_word' id='word_1_207' title='bbox 3198 1292 3551 1348; x_wconf 78' lang='lat' dir='ltr'><strong>extolluntur-</strong></span> 
     </span>
    </p>
   </div>
   <div class='ocr_carea' id='block_1_34' title="bbox 1983 1370 3555 1446">
    <p class='ocr_par' dir='ltr' id='par_1_34' title="bbox 1983 1370 3555 1446">
     <span class='ocr_line' id='line_1_34' title="bbox 1983 1370 3555 1446; baseline 0.008 -23"><span class='ocrx_word' id='word_1_208' title='bbox 1983 1370 2040 1425; x_wconf 90' lang='lat' dir='ltr'><strong>ln</strong></span> <span class='ocrx_word' id='word_1_209' title='bbox 2070 1372 2363 1440; x_wconf 88' lang='lat' dir='ltr'><strong>liquatorio</strong></span> <span class='ocrx_word' id='word_1_210' title='bbox 2381 1377 2738 1431; x_wconf 84' lang='lat' dir='ltr'><strong>tentationum</strong></span> <span class='ocrx_word' id='word_1_211' title='bbox 2757 1381 3049 1446; x_wconf 71' lang='lat' dir='ltr'><strong>Canibusti,</strong></span> <span class='ocrx_word' id='word_1_212' title='bbox 3076 1391 3131 1435; x_wconf 86' lang='lat' dir='ltr'><strong>ut</strong></span> <span class='ocrx_word' id='word_1_213' title='bbox 3151 1397 3343 1436; x_wconf 89' lang='lat' dir='ltr'><strong>aurum</strong></span> <span class='ocrx_word' id='word_1_214' title='bbox 3369 1398 3555 1438; x_wconf 88' lang='lat' dir='ltr'><strong>recen-</strong></span> 
     </span>
    </p>
   </div>
   <div class='ocr_carea' id='block_1_35' title="bbox 1982 1465 3550 1544">
    <p class='ocr_par' dir='ltr' id='par_1_35' title="bbox 1982 1465 3550 1544">
     <span class='ocr_line' id='line_1_35' title="bbox 1982 1465 3550 1544; baseline 0.01 -28"><span class='ocrx_word' id='word_1_215' title='bbox 1982 1465 2088 1518; x_wconf 92' lang='lat' dir='ltr'><strong>tius</strong></span> <span class='ocrx_word' id='word_1_216' title='bbox 2126 1465 2306 1518; x_wconf 82' lang='lat' dir='ltr'><strong>fusum</strong></span> <span class='ocrx_word' id='word_1_217' title='bbox 2335 1466 2574 1535; x_wconf 76' lang='lat' dir='ltr'><strong>fulgetis,</strong></span> <span class='ocrx_word' id='word_1_218' title='bbox 2625 1482 2925 1539; x_wconf 75' lang='lat' dir='ltr'><strong>martyrum</strong></span> <span class='ocrx_word' id='word_1_219' title='bbox 2983 1474 3152 1527; x_wconf 82' lang='lat' dir='ltr'><strong>decus</strong></span> <span class='ocrx_word' id='word_1_220' title='bbox 3196 1485 3249 1529; x_wconf 86' lang='lat' dir='ltr'><strong>et</strong></span> <span class='ocrx_word' id='word_1_221' title='bbox 3270 1476 3550 1544; x_wconf 85' lang='lat' dir='ltr'><strong>splendor.</strong></span> 
     </span>
    </p>
   </div>
   <div class='ocr_carea' id='block_1_36' title="bbox 1981 1557 3552 1634">
    <p class='ocr_par' dir='ltr' id='par_1_36' title="bbox 1981 1557 3552 1634">
     <span class='ocr_line' id='line_1_36' title="bbox 1981 1557 3552 1634; baseline 0.01 -26"><span class='ocrx_word' id='word_1_222' title='bbox 1981 1557 2177 1625; x_wconf 70' lang='lat' dir='ltr'><strong>Regem</strong></span> <span class='ocrx_word' id='word_1_223' title='bbox 2211 1562 2476 1614; x_wconf 80' lang='lat' dir='ltr'><strong>caelorum</strong></span> <span class='ocrx_word' id='word_1_224' title='bbox 2510 1563 2706 1631; x_wconf 88' lang='lat' dir='ltr'><strong>palatio</strong></span> <span class='ocrx_word' id='word_1_225' title='bbox 2725 1565 2929 1617; x_wconf 77' lang='lat' dir='ltr'><strong>ventris</strong></span> <span class='ocrx_word' id='word_1_226' title='bbox 2962 1565 3062 1629; x_wconf 90' lang='lat' dir='ltr'><strong>tui,</strong></span> <span class='ocrx_word' id='word_1_227' title='bbox 3089 1564 3278 1634; x_wconf 81' lang='lat' dir='ltr'><strong>Virgo.</strong></span> <span class='ocrx_word' id='word_1_228' title='bbox 3327 1577 3552 1623; x_wconf 84' lang='lat' dir='ltr'><strong>conten-</strong></span> 
     </span>
    </p>
   </div>
   <div class='ocr_carea' id='block_1_37' title="bbox 1981 1651 3406 1725">
    <p class='ocr_par' dir='ltr' id='par_1_37' title="bbox 1981 1651 3406 1725">
     <span class='ocr_line' id='line_1_37' title="bbox 1981 1651 3406 1725; baseline 0.009 -23"><span class='ocrx_word' id='word_1_229' title='bbox 1981 1658 2118 1714; x_wconf 87' lang='lat' dir='ltr'><strong>tum,</strong></span> <span class='ocrx_word' id='word_1_230' title='bbox 2148 1651 2457 1709; x_wconf 86' lang='lat' dir='ltr'><strong>invenimus</strong></span> <span class='ocrx_word' id='word_1_231' title='bbox 2479 1654 2660 1709; x_wconf 87' lang='lat' dir='ltr'><strong>omnis</strong></span> <span class='ocrx_word' id='word_1_232' title='bbox 2676 1657 3012 1725; x_wconf 69' lang='lat' dir='ltr'><strong>captivitatis</strong></span> <span class='ocrx_word' id='word_1_233' title='bbox 3032 1659 3406 1715; x_wconf 83' lang='lat' dir='ltr'><strong>liberatorem.</strong></span> 
     </span>
    </p>
   </div>
   <div class='ocr_carea' id='block_1_38' title="bbox 2236 1924 3266 1997">
    <p class='ocr_par' dir='ltr' id='par_1_38' title="bbox 2236 1924 3266 1997">
     <span class='ocr_line' id='line_1_38' title="bbox 2236 1924 3266 1997; baseline 0.006 -19"><span class='ocrx_word' id='word_1_234' title='bbox 2236 1924 2441 1980; x_wconf 86' lang='lat' dir='ltr'><strong>Cantus</strong></span> <span class='ocrx_word' id='word_1_235' title='bbox 2470 1941 2684 1981; x_wconf 92' lang='lat' dir='ltr'><strong>nonus:</strong></span> <span class='ocrx_word' id='word_1_236' title='bbox 2729 1925 2855 1981; x_wconf 84' lang='lat' dir='ltr'><strong>Vere</strong></span> <span class='ocrx_word' id='word_1_237' title='bbox 2877 1927 3164 1997; x_wconf 79' lang='lat' dir='ltr'><strong>Deiparam</strong></span> <span class='ocrx_word' id='word_1_238' title='bbox 3199 1939 3266 1984; x_wconf 81' lang='lat' dir='ltr'><strong>te.</strong></span> 
     </span>
    </p>
   </div>
   <div class='ocr_carea' id='block_1_39' title="bbox 2047 2017 3550 2092">
    <p class='ocr_par' dir='ltr' id='par_1_39' title="bbox 2047 2017 3550 2092">
     <span class='ocr_line' id='line_1_39' title="bbox 2047 2017 3550 2092; baseline 0.005 -21"><span class='ocrx_word' id='word_1_239' title='bbox 2047 2017 2134 2072; x_wconf 80' lang='grc'><strong>16.</strong></span> <span class='ocrx_word' id='word_1_240' title='bbox 2167 2017 2282 2072; x_wconf 88' lang='lat' dir='ltr'><strong>Non</strong></span> <span class='ocrx_word' id='word_1_241' title='bbox 2314 2027 2398 2072; x_wconf 84' lang='lat' dir='ltr'><strong>est</strong></span> <span class='ocrx_word' id='word_1_242' title='bbox 2429 2021 2481 2071; x_wconf 91' lang='lat' dir='ltr'><strong>in</strong></span> <span class='ocrx_word' id='word_1_243' title='bbox 2505 2019 2729 2072; x_wconf 91' lang='lat' dir='ltr'><strong>Domino</strong></span> <span class='ocrx_word' id='word_1_244' title='bbox 2758 2020 2888 2074; x_wconf 87' lang='lat' dir='ltr'><strong>clari</strong></span> <span class='ocrx_word' id='word_1_245' title='bbox 2921 2030 3074 2075; x_wconf 88' lang='lat' dir='ltr'><strong>ortus</strong></span> <span class='ocrx_word' id='word_1_246' title='bbox 3100 2022 3363 2092; x_wconf 88' lang='lat' dir='ltr'><strong>acceptio.</strong></span> <span class='ocrx_word' id='word_1_247' title='bbox 3386 2021 3550 2078; x_wconf 85' lang='lat' dir='ltr'><strong>Nobi-</strong></span> 
     </span>
    </p>
   </div>
   <div class='ocr_carea' id='block_1_40' title="bbox 1972 2110 3548 2182">
    <p class='ocr_par' dir='ltr' id='par_1_40' title="bbox 1972 2110 3548 2182">
     <span class='ocr_line' id='line_1_40' title="bbox 1972 2110 3548 2182; baseline 0.004 -18"><span class='ocrx_word' id='word_1_248' title='bbox 1972 2111 2124 2165; x_wconf 85' lang='lat' dir='ltr'><strong>litate</strong></span> <span class='ocrx_word' id='word_1_249' title='bbox 2153 2111 2322 2179; x_wconf 78' lang='lat' dir='ltr'><strong>igitur</strong></span> <span class='ocrx_word' id='word_1_250' title='bbox 2354 2110 2549 2165; x_wconf 68' lang='lat' dir='ltr'><strong>animaa</strong></span> <span class='ocrx_word' id='word_1_251' title='bbox 2575 2111 2757 2182; x_wconf 84' lang='lat' dir='ltr'><strong>inclyti</strong></span> <span class='ocrx_word' id='word_1_252' title='bbox 2790 2111 3006 2167; x_wconf 65' lang='lat' dir='ltr'><strong>athletae</strong></span> <span class='ocrx_word' id='word_1_253' title='bbox 3035 2114 3326 2182; x_wconf 85' lang='lat' dir='ltr'><strong>spirituum</strong></span> <span class='ocrx_word' id='word_1_254' title='bbox 3360 2116 3548 2170; x_wconf 89' lang='lat' dir='ltr'><strong>choris</strong></span> 
     </span>
    </p>
   </div>
   <div class='ocr_carea' id='block_1_41' title="bbox 1973 2201 3549 2273">
    <p class='ocr_par' dir='ltr' id='par_1_41' title="bbox 1973 2201 3549 2273">
     <span class='ocr_line' id='line_1_41' title="bbox 1973 2201 3549 2273; baseline 0.001 -18"><span class='ocrx_word' id='word_1_255' title='bbox 1973 2211 2427 2255; x_wconf 87' lang='lat' dir='ltr'><strong>annumerantur.</strong></span> <span class='ocrx_word' id='word_1_256' title='bbox 2457 2201 2502 2256; x_wconf 88' lang='grc' dir='ltr'><strong>Ο</strong></span> <span class='ocrx_word' id='word_1_257' title='bbox 2521 2201 2720 2268; x_wconf 82' lang='lat' dir='ltr'><strong>Marce,</strong></span> <span class='ocrx_word' id='word_1_258' title='bbox 2744 2205 3010 2258; x_wconf 90' lang='lat' dir='ltr'><strong>montiqu</strong></span> <span class='ocrx_word' id='word_1_259' title='bbox 3045 2214 3252 2273; x_wconf 80' lang='lat' dir='ltr'><strong>pastor,</strong></span> <span class='ocrx_word' id='word_1_260' title='bbox 3277 2219 3549 2259; x_wconf 87' lang='lat' dir='ltr'><strong>memento</strong></span> 
     </span>
    </p>
   </div>
   <div class='ocr_carea' id='block_1_42' title="bbox 1970 2286 3545 2376">
    <p class='ocr_par' dir='ltr' id='par_1_42' title="bbox 1970 2286 3545 2376">
     <span class='ocr_line' id='line_1_42' title="bbox 1970 2286 3545 2376; baseline -0.001 -27"><span class='ocrx_word' id='word_1_261' title='bbox 1970 2293 2281 2376; x_wconf 72' lang='lat' dir='ltr'><strong>Spirituales</strong></span> <span class='ocrx_word' id='word_1_262' title='bbox 2306 2286 2579 2359; x_wconf 81' lang='lat' dir='ltr'><strong>alumnos,</strong></span> <span class='ocrx_word' id='word_1_263' title='bbox 2605 2294 2696 2362; x_wconf 92' lang='lat' dir='ltr'><strong>qui</strong></span> <span class='ocrx_word' id='word_1_264' title='bbox 2726 2302 2875 2348; x_wconf 90' lang='lat' dir='ltr'><strong>tuam</strong></span> <span class='ocrx_word' id='word_1_265' title='bbox 2931 2295 3160 2350; x_wconf 88' lang='lat' dir='ltr'><strong>colimus</strong></span> <span class='ocrx_word' id='word_1_266' title='bbox 3181 2297 3498 2349; x_wconf 85' lang='lat' dir='ltr'><strong>memoriam</strong></span> <span class='ocrx_word' id='word_1_267' title='bbox 3530 2312 3545 2362; x_wconf 93' lang='lat'><strong>;</strong></span> 
     </span>
    </p>
   </div>
   <div class='ocr_carea' id='block_1_43' title="bbox 1964 2384 3546 2455">
    <p class='ocr_par' dir='ltr' id='par_1_43' title="bbox 1964 2384 3546 2455">
     <span class='ocr_line' id='line_1_43' title="bbox 1964 2384 3546 2455; baseline 0.003 -16"><span class='ocrx_word' id='word_1_268' title='bbox 1964 2395 2019 2442; x_wconf 89' lang='lat' dir='ltr'><strong>et</strong></span> <span class='ocrx_word' id='word_1_269' title='bbox 2046 2400 2184 2454; x_wconf 87' lang='lat' dir='ltr'><strong>quos</strong></span> <span class='ocrx_word' id='word_1_270' title='bbox 2217 2384 2305 2438; x_wconf 89' lang='lat' dir='ltr'><strong>hic</strong></span> <span class='ocrx_word' id='word_1_271' title='bbox 2337 2385 2558 2454; x_wconf 91' lang='lat' dir='ltr'><strong>pavisti,</strong></span> <span class='ocrx_word' id='word_1_272' title='bbox 2595 2385 2708 2440; x_wconf 90' lang='lat' dir='ltr'><strong>illic</strong></span> <span class='ocrx_word' id='word_1_273' title='bbox 2754 2387 3127 2455; x_wconf 78' lang='lat' dir='ltr'><strong>congloriﬂca.</strong></span> <span class='ocrx_word' id='word_1_274' title='bbox 3194 2386 3238 2442; x_wconf 94' lang='grc' dir='ltr'>Ο</span> <span class='ocrx_word' id='word_1_275' title='bbox 3297 2399 3406 2442; x_wconf 91' lang='lat' dir='ltr'><strong>tres</strong></span> <span class='ocrx_word' id='word_1_276' title='bbox 3451 2387 3546 2443; x_wconf 84' lang='lat' dir='ltr'><strong>Dci</strong></span> 
     </span>
    </p>
   </div>
   <div class='ocr_carea' id='block_1_44' title="bbox 1969 2477 3544 2548">
    <p class='ocr_par' dir='ltr' id='par_1_44' title="bbox 1969 2477 3544 2548">
     <span class='ocr_line' id='line_1_44' title="bbox 1969 2477 3544 2548; baseline 0.001 -16"><span class='ocrx_word' id='word_1_277' title='bbox 1969 2479 2169 2533; x_wconf 89' lang='lat' dir='ltr'><strong>milites</strong></span> <span class='ocrx_word' id='word_1_278' title='bbox 2196 2493 2336 2548; x_wconf 86' lang='lat' dir='ltr'><strong>quos</strong></span> <span class='ocrx_word' id='word_1_279' title='bbox 2363 2493 2510 2532; x_wconf 91' lang='lat' dir='ltr'><strong>nunc</strong></span> <span class='ocrx_word' id='word_1_280' title='bbox 2525 2477 2892 2545; x_wconf 83' lang='lat' dir='ltr'><strong>celebramus,</strong></span> <span class='ocrx_word' id='word_1_281' title='bbox 2912 2480 3003 2548; x_wconf 85' lang='lat' dir='ltr'><strong>qui</strong></span> <span class='ocrx_word' id='word_1_282' title='bbox 3033 2490 3217 2534; x_wconf 79' lang='lat' dir='ltr'><strong>eontra</strong></span> <span class='ocrx_word' id='word_1_283' title='bbox 3247 2481 3544 2536; x_wconf 83' lang='lat' dir='ltr'><strong>terribilem</strong></span> 
     </span>
    </p>
   </div>
   <div class='ocr_carea' id='block_1_45' title="bbox 1966 2573 3545 2645">
    <p class='ocr_par' dir='ltr' id='par_1_45' title="bbox 1966 2573 3545 2645">
     <span class='ocr_line' id='line_1_45' title="bbox 1966 2573 3545 2645; baseline 0 -17"><span class='ocrx_word' id='word_1_284' title='bbox 1966 2573 2250 2642; x_wconf 75' lang='lat' dir='ltr'><strong>feramque</strong></span> <span class='ocrx_word' id='word_1_285' title='bbox 2293 2574 2536 2645; x_wconf 88' lang='lat' dir='ltr'><strong>gentium</strong></span> <span class='ocrx_word' id='word_1_286' title='bbox 2579 2574 2886 2628; x_wconf 86' lang='lat' dir='ltr'><strong>barbariem</strong></span> <span class='ocrx_word' id='word_1_287' title='bbox 2953 2575 3270 2643; x_wconf 84' lang='lat' dir='ltr'><strong>pugnastis.</strong></span> <span class='ocrx_word' id='word_1_288' title='bbox 3308 2574 3374 2628; x_wconf 87' lang='lat' dir='ltr'><strong>ab</strong></span> <span class='ocrx_word' id='word_1_289' title='bbox 3428 2574 3545 2628; x_wconf 72' lang='lat' dir='ltr'><strong>istis</strong></span> 
     </span>
    </p>
   </div>
   <div class='ocr_carea' id='block_1_46' title="bbox 289 2657 1860 2737">
    <p class='ocr_par' dir='ltr' id='par_1_46' title="bbox 289 2657 1860 2737">
     <span class='ocr_line' id='line_1_46' title="bbox 289 2657 1860 2737; baseline 0.006 -26"><span class='ocrx_word' id='word_1_290' title='bbox 289 2657 480 2729; x_wconf 78' lang='grc' dir='ltr'>ϐάρων</span> <span class='ocrx_word' id='word_1_291' title='bbox 503 2661 674 2714; x_wconf 75' lang='grc' dir='ltr'>ἐθνῶν</span> <span class='ocrx_word' id='word_1_292' title='bbox 696 2663 1163 2731; x_wconf 85' lang='grc' dir='ltr'>ἁνθοπλισθέντες,</span> <span class='ocrx_word' id='word_1_293' title='bbox 1182 2668 1245 2718; x_wconf 77' lang='grc' dir='ltr'>ἐκ</span> <span class='ocrx_word' id='word_1_294' title='bbox 1266 2665 1471 2720; x_wconf 85' lang='grc' dir='ltr'>τούτων</span> <span class='ocrx_word' id='word_1_295' title='bbox 1497 2667 1642 2736; x_wconf 86' lang='grc' dir='ltr'>ἡμᾶς</span> <span class='ocrx_word' id='word_1_296' title='bbox 1663 2666 1860 2737; x_wconf 73' lang='grc' dir='ltr'>λυτρώε</span> 
     </span>
    </p>
   </div>
   <div class='ocr_carea' id='block_1_47' title="bbox 1960 2657 3547 2737">
    <p class='ocr_par' dir='ltr' id='par_1_47' title="bbox 1977 2662 3547 2735">
     <span class='ocr_line' id='line_1_47' title="bbox 1977 2662 3547 2735; baseline -0.002 -14"><span class='ocrx_word' id='word_1_297' title='bbox 1977 2681 2080 2722; x_wconf 90' lang='lat' dir='ltr'><strong>nos</strong></span> <span class='ocrx_word' id='word_1_298' title='bbox 2104 2665 2353 2722; x_wconf 86' lang='lat' dir='ltr'><strong>liberate.</strong></span> <span class='ocrx_word' id='word_1_299' title='bbox 2369 2662 2414 2720; x_wconf 91' lang='grc' dir='ltr'>Ο</span> <span class='ocrx_word' id='word_1_300' title='bbox 2436 2680 2563 2721; x_wconf 87' lang='lat' dir='ltr'><strong>vere</strong></span> <span class='ocrx_word' id='word_1_301' title='bbox 2583 2665 2831 2735; x_wconf 87' lang='lat' dir='ltr'><strong>Deipara,</strong></span> <span class='ocrx_word' id='word_1_302' title='bbox 2856 2667 3026 2722; x_wconf 82' lang='lat' dir='ltr'><strong>Mater.</strong></span> <span class='ocrx_word' id='word_1_303' title='bbox 3047 2666 3147 2719; x_wconf 86' lang='lat' dir='ltr'><strong>viri</strong></span> <span class='ocrx_word' id='word_1_304' title='bbox 3175 2667 3377 2729; x_wconf 87' lang='lat' dir='ltr'><strong>nescia,</strong></span> <span class='ocrx_word' id='word_1_305' title='bbox 3403 2665 3547 2734; x_wconf 91' lang='lat' dir='ltr'><strong>puri-</strong></span> 
     </span>
    </p>
   </div>
   <div class='ocr_carea' id='block_1_48' title="bbox 288 2749 1874 2824">
    <p class='ocr_par' dir='ltr' id='par_1_48' title="bbox 288 2749 1874 2824">
     <span class='ocr_line' id='line_1_48' title="bbox 288 2749 1874 2824; baseline 0.005 -24"><span class='ocrx_word' id='word_1_306' title='bbox 288 2749 483 2804; x_wconf 82' lang='grc' dir='ltr'>σασθε.</span> <span class='ocrx_word' id='word_1_307' title='bbox 508 2751 729 2822; x_wconf 83' lang='grc' dir='ltr'>Κυρίως</span> <span class='ocrx_word' id='word_1_308' title='bbox 757 2753 1042 2818; x_wconf 85' lang='grc' dir='ltr'>Θεοτόκος,</span> <span class='ocrx_word' id='word_1_309' title='bbox 1081 2754 1254 2824; x_wconf 83' lang='grc' dir='ltr'>μῆτερ</span> <span class='ocrx_word' id='word_1_310' title='bbox 1283 2754 1739 2824; x_wconf 79' lang='grc' dir='ltr'>ἁπειράνδρως,ή</span> <span class='ocrx_word' id='word_1_311' title='bbox 1765 2754 1874 2808; x_wconf 88' lang='grc' dir='ltr'><strong>τῶν</strong></span> 
     </span>
    </p>
   </div>
   <div class='ocr_carea' id='block_1_49' title="bbox 291 2839 1874 2915">
    <p class='ocr_par' dir='ltr' id='par_1_49' title="bbox 291 2839 1874 2915">
     <span class='ocr_line' id='line_1_49' title="bbox 291 2839 1874 2915; baseline 0.004 -21"><span class='ocrx_word' id='word_1_312' title='bbox 291 2839 584 2911; x_wconf 82' lang='grc' dir='ltr'>παρθένων</span> <span class='ocrx_word' id='word_1_313' title='bbox 624 2843 918 2913; x_wconf 85' lang='grc' dir='ltr'>σεμνότης,</span> <span class='ocrx_word' id='word_1_314' title='bbox 947 2845 980 2914; x_wconf 82' lang='grc' dir='ltr'>ἡ</span> <span class='ocrx_word' id='word_1_315' title='bbox 1006 2845 1182 2913; x_wconf 82' lang='grc' dir='ltr'>φύλαξ</span> <span class='ocrx_word' id='word_1_316' title='bbox 1211 2844 1394 2915; x_wconf 80' lang='grc' dir='ltr'>ἡμῶν,</span> <span class='ocrx_word' id='word_1_317' title='bbox 1430 2844 1874 2914; x_wconf 81' lang='grc' dir='ltr'>ἀγγελοΰμνητον</span> 
     </span>
    </p>
   </div>
   <div class='ocr_carea' id='block_1_50' title="bbox 284 2939 994 3010">
    <p class='ocr_par' dir='ltr' id='par_1_50' title="bbox 284 2939 994 3010">
     <span class='ocr_line' id='line_1_50' title="bbox 284 2939 994 3010; baseline 0.004 -19"><span class='ocrx_word' id='word_1_318' title='bbox 284 2939 468 3006; x_wconf 80' lang='grc' dir='ltr'>κλέος,</span> <span class='ocrx_word' id='word_1_319' title='bbox 505 2940 566 2991; x_wconf 85' lang='grc' dir='ltr'>σὲ</span> <span class='ocrx_word' id='word_1_320' title='bbox 595 2942 994 3010; x_wconf 83' lang='grc' dir='ltr'>μεγαλύνομεν.</span> 
     </span>
    </p>
   </div>
   <div class='ocr_carea' id='block_1_51' title="bbox 1981 2758 3540 2828">
    <p class='ocr_par' dir='ltr' id='par_1_51' title="bbox 1981 2758 3540 2828">
     <span class='ocr_line' id='line_1_51' title="bbox 1981 2758 3540 2828; baseline -0.002 -16"><span class='ocrx_word' id='word_1_321' title='bbox 1981 2771 2064 2814; x_wconf 89' lang='lat' dir='ltr'><strong>Ias</strong></span> <span class='ocrx_word' id='word_1_322' title='bbox 2098 2759 2404 2828; x_wconf 79' lang='lat' dir='ltr'><strong>virginum,</strong></span> <span class='ocrx_word' id='word_1_323' title='bbox 2442 2767 2628 2813; x_wconf 90' lang='lat' dir='ltr'><strong>nostra</strong></span> <span class='ocrx_word' id='word_1_324' title='bbox 2678 2768 2883 2824; x_wconf 90' lang='lat' dir='ltr'><strong>custos,</strong></span> <span class='ocrx_word' id='word_1_325' title='bbox 2913 2759 2980 2812; x_wconf 88' lang='lat' dir='ltr'><strong>ab</strong></span> <span class='ocrx_word' id='word_1_326' title='bbox 3005 2758 3196 2828; x_wconf 79' lang='lat' dir='ltr'><strong>angelo</strong></span> <span class='ocrx_word' id='word_1_327' title='bbox 3215 2758 3540 2828; x_wconf 77' lang='lat' dir='ltr'><strong>glm-iﬁcata,</strong></span> 
     </span>
    </p>
   </div>
   <div class='ocr_carea' id='block_1_52' title="bbox 1982 2850 2492 2920">
    <p class='ocr_par' dir='ltr' id='par_1_52' title="bbox 1982 2850 2492 2920">
     <span class='ocr_line' id='line_1_52' title="bbox 1982 2850 2492 2920; baseline 0.002 -16"><span class='ocrx_word' id='word_1_328' title='bbox 1982 2859 2032 2905; x_wconf 91' lang='lat' dir='ltr'><strong>te</strong></span> <span class='ocrx_word' id='word_1_329' title='bbox 2056 2850 2492 2920; x_wconf 81' lang='lat' dir='ltr'><strong>magniﬁcamus.</strong></span> 
     </span>
    </p>
   </div>
   <div class='ocr_carea' id='block_1_53' title="bbox 1650 3216 2193 3333">
    <p class='ocr_par' dir='ltr' id='par_1_53' title="bbox 1650 3216 2193 3333">
     <span class='ocr_line' id='line_1_53' title="bbox 1650 3216 2193 3333; baseline -0.004 0"><span class='ocrx_word' id='word_1_330' title='bbox 1650 3216 2193 3333; x_wconf 83' lang='lat' dir='ltr'><strong>ORATIO</strong></span> 
     </span>
    </p>
   </div>
   <div class='ocr_carea' id='block_1_54' title="bbox 347 3447 3455 3516">
    <p class='ocr_par' dir='ltr' id='par_1_54' title="bbox 347 3447 3455 3516">
     <span class='ocr_line' id='line_1_54' title="bbox 347 3447 3455 3516; baseline -0.002 -3"><span class='ocrx_word' id='word_1_331' title='bbox 347 3450 448 3513; x_wconf 84' lang='lat' dir='ltr'><strong>DE</strong></span> <span class='ocrx_word' id='word_1_332' title='bbox 481 3450 586 3513; x_wconf 92' lang='lat' dir='ltr'><strong>SS.</strong></span> <span class='ocrx_word' id='word_1_333' title='bbox 636 3449 1138 3516; x_wconf 81' lang='lat' dir='ltr'><strong>MARTYRIBUS</strong></span> <span class='ocrx_word' id='word_1_334' title='bbox 1194 3451 1506 3516; x_wconf 84' lang='lat' dir='ltr'><strong>ANANIA.</strong></span> <span class='ocrx_word' id='word_1_335' title='bbox 1573 3450 1860 3512; x_wconf 81' lang='lat' dir='ltr'><strong>AZARIA</strong></span> <span class='ocrx_word' id='word_1_336' title='bbox 1913 3451 2010 3511; x_wconf 88' lang='grc' dir='ltr'><strong>ΕΤ</strong></span> <span class='ocrx_word' id='word_1_337' title='bbox 2068 3447 2404 3513; x_wconf 86' lang='lat' dir='ltr'><strong>MlSAELE</strong></span> <span class='ocrx_word' id='word_1_338' title='bbox 2443 3449 2526 3510; x_wconf 84' lang='grc' dir='ltr'>ΙΝ</span> <span class='ocrx_word' id='word_1_339' title='bbox 2563 3447 2976 3509; x_wconf 83' lang='lat' dir='ltr'><strong>FORNACEM</strong></span> <span class='ocrx_word' id='word_1_340' title='bbox 3024 3447 3455 3508; x_wconf 80' lang='lat' dir='ltr'><strong>CONJECTIS.</strong></span> 
     </span>
    </p>
   </div>
   <div class='ocr_carea' id='block_1_55' title="bbox 356 3786 1922 3860">
    <p class='ocr_par' dir='ltr' id='par_1_55' title="bbox 356 3786 1922 3860">
     <span class='ocr_line' id='line_1_55' title="bbox 356 3786 1922 3860; baseline -0.002 -18"><span class='ocrx_word' id='word_1_341' title='bbox 356 3796 425 3845; x_wconf 88' lang='grc' dir='ltr'>α’.</span> <span class='ocrx_word' id='word_1_342' title='bbox 467 3828 484 3844; x_wconf 93' lang='grc'><strong>.</strong></span> <span class='ocrx_word' id='word_1_343' title='bbox 527 3827 543 3842; x_wconf 93' lang='grc'><strong>.</strong></span> <span class='ocrx_word' id='word_1_344' title='bbox 587 3827 602 3844; x_wconf 93' lang='grc'><strong>.</strong></span> <span class='ocrx_word' id='word_1_345' title='bbox 647 3824 663 3842; x_wconf 91' lang='grc'><strong>.</strong></span> <span class='ocrx_word' id='word_1_346' title='bbox 706 3826 722 3843; x_wconf 93' lang='grc'><strong>.</strong></span> <span class='ocrx_word' id='word_1_347' title='bbox 762 3789 841 3859; x_wconf 81' lang='grc' dir='ltr'>πῆ</span> <span class='ocrx_word' id='word_1_348' title='bbox 887 3787 943 3841; x_wconf 86' lang='grc' dir='ltr'>δὲ</span> <span class='ocrx_word' id='word_1_349' title='bbox 988 3787 1197 3855; x_wconf 80' lang='grc' dir='ltr'>καίων,</span> <span class='ocrx_word' id='word_1_350' title='bbox 1233 3790 1322 3844; x_wconf 85' lang='grc' dir='ltr'><strong>ὅτε</strong></span> <span class='ocrx_word' id='word_1_351' title='bbox 1369 3789 1572 3860; x_wconf 81' lang='grc' dir='ltr'>δηλαδὴ</span> <span class='ocrx_word' id='word_1_352' title='bbox 1616 3786 1852 3857; x_wconf 79' lang='grc' dir='ltr'>φλογοῦ-</span> <span class='ocrx_word' id='word_1_353' title='bbox 1879 3789 1922 3847; x_wconf 89' lang='lat' dir='ltr'><strong>C</strong></span> 
     </span>
    </p>
   </div>
   <div class='ocr_carea' id='block_1_56' title="bbox 279 3877 1856 3948">
    <p class='ocr_par' dir='ltr' id='par_1_56' title="bbox 279 3877 1856 3948">
     <span class='ocr_line' id='line_1_56' title="bbox 279 3877 1856 3948; baseline -0.001 -16"><span class='ocrx_word' id='word_1_354' title='bbox 279 3896 395 3941; x_wconf 84' lang='grc' dir='ltr'>ται,</span> <span class='ocrx_word' id='word_1_355' title='bbox 449 3877 728 3947; x_wconf 86' lang='grc' dir='ltr'>διεμέρισε</span> <span class='ocrx_word' id='word_1_356' title='bbox 787 3878 900 3939; x_wconf 88' lang='grc' dir='ltr'>τοῖς</span> <span class='ocrx_word' id='word_1_357' title='bbox 951 3878 1050 3945; x_wconf 83' lang='grc' dir='ltr'>μὲν</span> <span class='ocrx_word' id='word_1_358' title='bbox 1105 3881 1300 3942; x_wconf 84' lang='grc' dir='ltr'>κακοῖς</span> <span class='ocrx_word' id='word_1_359' title='bbox 1355 3878 1727 3948; x_wconf 73' lang='grc' dir='ltr'>ἐκκυμανθεὶς</span> <span class='ocrx_word' id='word_1_360' title='bbox 1774 3878 1856 3940; x_wconf 84' lang='grc' dir='ltr'><strong>είς</strong></span> 
     </span>
    </p>
   </div>
   <div class='ocr_carea' id='block_1_57' title="bbox 277 3965 1854 4041">
    <p class='ocr_par' dir='ltr' id='par_1_57' title="bbox 277 3965 1854 4041">
     <span class='ocr_line' id='line_1_57' title="bbox 277 3965 1854 4041; baseline 0.001 -20"><span class='ocrx_word' id='word_1_361' title='bbox 277 3969 528 4041; x_wconf 76' lang='grc' dir='ltr'>ὄλεθρον,</span> <span class='ocrx_word' id='word_1_362' title='bbox 561 3965 646 4032; x_wconf 73' lang='grc' dir='ltr'>οἷς</span> <span class='ocrx_word' id='word_1_363' title='bbox 681 3968 891 4030; x_wconf 82' lang='grc' dir='ltr'>ἐκεῖνος</span> <span class='ocrx_word' id='word_1_364' title='bbox 920 3967 987 4021; x_wconf 83' lang='grc' dir='ltr'>δι’</span> <span class='ocrx_word' id='word_1_365' title='bbox 1036 3970 1206 4039; x_wconf 84' lang='grc' dir='ltr'>αὐτῆς</span> <span class='ocrx_word' id='word_1_366' title='bbox 1251 3971 1583 4041; x_wconf 77' lang='grc' dir='ltr'>ἐνήργησεν,</span> <span class='ocrx_word' id='word_1_367' title='bbox 1626 3969 1854 4040; x_wconf 79' lang='grc' dir='ltr'>ἐπιδρα-</span> 
     </span>
    </p>
   </div>
   <div class='ocr_carea' id='block_1_58' title="bbox 278 4059 1855 4133">
    <p class='ocr_par' dir='ltr' id='par_1_58' title="bbox 278 4059 1855 4133">
     <span class='ocr_line' id='line_1_58' title="bbox 278 4059 1855 4133; baseline 0.001 -19"><span class='ocrx_word' id='word_1_368' title='bbox 278 4060 402 4128; x_wconf 83' lang='grc' dir='ltr'>μὼν</span> <span class='ocrx_word' id='word_1_369' title='bbox 427 4063 542 4124; x_wconf 87' lang='grc' dir='ltr'>τοῖς</span> <span class='ocrx_word' id='word_1_370' title='bbox 573 4059 758 4131; x_wconf 83' lang='grc' dir='ltr'>κύκλῳ</span> <span class='ocrx_word' id='word_1_371' title='bbox 776 4059 1090 4124; x_wconf 78' lang='grc' dir='ltr'>Χαλδαίοιςο</span> <span class='ocrx_word' id='word_1_372' title='bbox 1108 4061 1325 4130; x_wconf 78' lang='grc' dir='ltr'>ψύξασα</span> <span class='ocrx_word' id='word_1_373' title='bbox 1348 4062 1404 4115; x_wconf 82' lang='grc' dir='ltr'>δὲ</span> <span class='ocrx_word' id='word_1_374' title='bbox 1428 4062 1705 4133; x_wconf 78' lang='grc' dir='ltr'>δροσερῶς</span> <span class='ocrx_word' id='word_1_375' title='bbox 1726 4063 1855 4125; x_wconf 82' lang='grc' dir='ltr'>τοὺς</span> 
     </span>
    </p>
   </div>
   <div class='ocr_carea' id='block_1_59' title="bbox 273 4148 1855 4226">
    <p class='ocr_par' dir='ltr' id='par_1_59' title="bbox 273 4148 1855 4226">
     <span class='ocr_line' id='line_1_59' title="bbox 273 4148 1855 4226; baseline -0.008 -6"><span class='ocrx_word' id='word_1_376' title='bbox 273 4154 493 4222; x_wconf 80' lang='grc' dir='ltr'>ἁγίους,</span> <span class='ocrx_word' id='word_1_377' title='bbox 532 4148 617 4217; x_wconf 76' lang='grc' dir='ltr'><strong>οἷς</strong></span> <span class='ocrx_word' id='word_1_378' title='bbox 652 4153 791 4223; x_wconf 78' lang='grc' dir='ltr'>πρὸς</span> <span class='ocrx_word' id='word_1_379' title='bbox 809 4151 944 4206; x_wconf 88' lang='grc' dir='ltr'>Θεοῦ</span> <span class='ocrx_word' id='word_1_380' title='bbox 971 4153 1225 4208; x_wconf 85' lang='grc' dir='ltr'>ἀνεθεῖσα</span> <span class='ocrx_word' id='word_1_381' title='bbox 1254 4155 1425 4223; x_wconf 77' lang='grc' dir='ltr'>ἐφῆκε</span> <span class='ocrx_word' id='word_1_382' title='bbox 1457 4155 1536 4226; x_wconf 82' lang='grc' dir='ltr'><strong>τῷ</strong></span> <span class='ocrx_word' id='word_1_383' title='bbox 1555 4155 1677 4223; x_wconf 83' lang='grc' dir='ltr'>ἀέρι</span> <span class='ocrx_word' id='word_1_384' title='bbox 1699 4155 1855 4221; x_wconf 78' lang='grc' dir='ltr'>ποιῆ-</span> 
     </span>
    </p>
   </div>
   <div class='ocr_carea' id='block_1_60' title="bbox 278 4245 1854 4316">
    <p class='ocr_par' dir='ltr' id='par_1_60' title="bbox 278 4245 1854 4316">
     <span class='ocr_line' id='line_1_60' title="bbox 278 4245 1854 4316; baseline 0 -18"><span class='ocrx_word' id='word_1_385' title='bbox 278 4263 372 4300; x_wconf 87' lang='grc' dir='ltr'><strong>σαι</strong></span> <span class='ocrx_word' id='word_1_386' title='bbox 397 4246 459 4298; x_wconf 81' lang='grc' dir='ltr'>τὸ</span> <span class='ocrx_word' id='word_1_387' title='bbox 479 4245 699 4312; x_wconf 79' lang='grc' dir='ltr'>ἑαυτοῦ,</span> <span class='ocrx_word' id='word_1_388' title='bbox 729 4246 792 4299; x_wconf 82' lang='grc' dir='ltr'><strong>τὸ</strong></span> <span class='ocrx_word' id='word_1_389' title='bbox 820 4245 877 4298; x_wconf 86' lang='grc' dir='ltr'><strong>δέ</strong></span> <span class='ocrx_word' id='word_1_390' title='bbox 922 4248 1038 4298; x_wconf 76' lang='grc' dir='ltr'>ἐστι</span> <span class='ocrx_word' id='word_1_391' title='bbox 1081 4245 1401 4316; x_wconf 81' lang='grc' dir='ltr'>ψυχρότητα</span> <span class='ocrx_word' id='word_1_392' title='bbox 1442 4247 1737 4316; x_wconf 76' lang='grc' dir='ltr'>ἐνεργῆσαι</span> <span class='ocrx_word' id='word_1_393' title='bbox 1771 4247 1854 4309; x_wconf 87' lang='grc' dir='ltr'>εἰς</span> 
     </span>
    </p>
   </div>
   <div class='ocr_carea' id='block_1_61' title="bbox 274 4335 1849 4406">
    <p class='ocr_par' dir='ltr' id='par_1_61' title="bbox 274 4335 1849 4406">
     <span class='ocr_line' id='line_1_61' title="bbox 274 4335 1849 4406; baseline 0.001 -18"><span class='ocrx_word' id='word_1_394' title='bbox 274 4335 564 4406; x_wconf 73' lang='grc' dir='ltr'>ἀναψυχὴν</span> <span class='ocrx_word' id='word_1_395' title='bbox 592 4335 702 4392; x_wconf 78' lang='grc' dir='ltr'><strong>τῶν</strong></span> <span class='ocrx_word' id='word_1_396' title='bbox 733 4335 834 4388; x_wconf 88' lang='grc' dir='ltr'><strong>τοῦ</strong></span> <span class='ocrx_word' id='word_1_397' title='bbox 861 4335 1000 4389; x_wconf 85' lang='grc' dir='ltr'>Θεοῦ</span> <span class='ocrx_word' id='word_1_398' title='bbox 1032 4336 1258 4402; x_wconf 84' lang='grc' dir='ltr'>παίδων,</span> <span class='ocrx_word' id='word_1_399' title='bbox 1290 4337 1473 4390; x_wconf 80' lang='grc' dir='ltr'>οὐκέτι</span> <span class='ocrx_word' id='word_1_400' title='bbox 1521 4340 1849 4406; x_wconf 86' lang='grc' dir='ltr'>καιομένων.</span> 
     </span>
    </p>
   </div>
   <div class='ocr_carea' id='block_1_62' title="bbox 273 4429 1847 4500">
    <p class='ocr_par' dir='ltr' id='par_1_62' title="bbox 273 4429 1847 4500">
     <span class='ocr_line' id='line_1_62' title="bbox 273 4429 1847 4500; baseline 0.001 -19"><span class='ocrx_word' id='word_1_401' title='bbox 273 4429 412 4481; x_wconf 84' lang='grc' dir='ltr'>ἀλλὰ</span> <span class='ocrx_word' id='word_1_402' title='bbox 447 4429 607 4498; x_wconf 87' lang='grc' dir='ltr'>μόνον</span> <span class='ocrx_word' id='word_1_403' title='bbox 642 4429 1034 4498; x_wconf 81' lang='grc' dir='ltr'>φωτιζομένων</span> <span class='ocrx_word' id='word_1_404' title='bbox 1085 4431 1184 4484; x_wconf 76' lang='grc' dir='ltr'><strong>καὶ</strong></span> <span class='ocrx_word' id='word_1_405' title='bbox 1220 4429 1737 4499; x_wconf 82' lang='grc' dir='ltr'>καταλαμπομένων</span> <span class='ocrx_word' id='word_1_406' title='bbox 1781 4433 1847 4500; x_wconf 84' lang='grc' dir='ltr'>τῇ</span> 
     </span>
    </p>
   </div>
   <div class='ocr_carea' id='block_1_63' title="bbox 273 4519 1852 4591">
    <p class='ocr_par' dir='ltr' id='par_1_63' title="bbox 273 4519 1852 4591">
     <span class='ocr_line' id='line_1_63' title="bbox 273 4519 1852 4591; baseline 0.001 -21"><span class='ocrx_word' id='word_1_407' title='bbox 273 4521 460 4587; x_wconf 72' lang='grc' dir='ltr'>φλογὶ,</span> <span class='ocrx_word' id='word_1_408' title='bbox 494 4519 684 4590; x_wconf 82' lang='grc' dir='ltr'>ὥσπερ</span> <span class='ocrx_word' id='word_1_409' title='bbox 747 4519 1096 4590; x_wconf 77' lang='grc' dir='ltr'>ἡσχολημένη</span> <span class='ocrx_word' id='word_1_410' title='bbox 1124 4519 1266 4572; x_wconf 78' lang='grc' dir='ltr'>κατὰ</span> <span class='ocrx_word' id='word_1_411' title='bbox 1316 4519 1426 4572; x_wconf 84' lang='grc' dir='ltr'><strong>τῶν</strong></span> <span class='ocrx_word' id='word_1_412' title='bbox 1481 4519 1696 4591; x_wconf 79' lang='grc' dir='ltr'>ἐχθρῶν</span> <span class='ocrx_word' id='word_1_413' title='bbox 1743 4522 1852 4574; x_wconf 81' lang='grc' dir='ltr'><strong>τῶν</strong></span> 
     </span>
    </p>
   </div>
   <div class='ocr_carea' id='block_1_64' title="bbox 271 4609 1851 4683">
    <p class='ocr_par' dir='ltr' id='par_1_64' title="bbox 271 4609 1851 4683">
     <span class='ocr_line' id='line_1_64' title="bbox 271 4609 1851 4683; baseline 0.003 -22"><span class='ocrx_word' id='word_1_414' title='bbox 271 4611 369 4664; x_wconf 88' lang='grc' dir='ltr'><strong>τοῦ</strong></span> <span class='ocrx_word' id='word_1_415' title='bbox 397 4611 559 4672; x_wconf 86' lang='grc' dir='ltr'>Θεοῦ,</span> <span class='ocrx_word' id='word_1_416' title='bbox 587 4611 874 4674; x_wconf 82' lang='grc' dir='ltr'>ἐξελάθετο</span> <span class='ocrx_word' id='word_1_417' title='bbox 900 4611 1031 4678; x_wconf 81' lang='grc' dir='ltr'>φλὸξ</span> <span class='ocrx_word' id='word_1_418' title='bbox 1054 4609 1192 4665; x_wconf 78' lang='grc' dir='ltr'>εἶναι</span> <span class='ocrx_word' id='word_1_419' title='bbox 1215 4612 1329 4674; x_wconf 89' lang='grc' dir='ltr'>τοῖς</span> <span class='ocrx_word' id='word_1_420' title='bbox 1359 4610 1452 4663; x_wconf 84' lang='grc' dir='ltr'><strong>τοῦ</strong></span> <span class='ocrx_word' id='word_1_421' title='bbox 1482 4611 1619 4665; x_wconf 83' lang='grc' dir='ltr'>Θεοῦ</span> <span class='ocrx_word' id='word_1_422' title='bbox 1641 4612 1851 4683; x_wconf 86' lang='grc' dir='ltr'>ἀνθρώ-</span> 
     </span>
    </p>
   </div>
   <div class='ocr_carea' id='block_1_65' title="bbox 272 4702 1848 4772">
    <p class='ocr_par' dir='ltr' id='par_1_65' title="bbox 272 4702 1848 4772">
     <span class='ocr_line' id='line_1_65' title="bbox 272 4702 1848 4772; baseline 0.002 -19"><span class='ocrx_word' id='word_1_423' title='bbox 272 4719 421 4765; x_wconf 83' lang='grc' dir='ltr'>ποις,</span> <span class='ocrx_word' id='word_1_424' title='bbox 456 4702 489 4772; x_wconf 83' lang='grc' dir='ltr'>ἣ</span> <span class='ocrx_word' id='word_1_425' title='bbox 522 4703 618 4754; x_wconf 82' lang='grc' dir='ltr'>καὶ</span> <span class='ocrx_word' id='word_1_426' title='bbox 675 4703 750 4763; x_wconf 81' lang='grc' dir='ltr'>ὡς</span> <span class='ocrx_word' id='word_1_427' title='bbox 782 4703 878 4755; x_wconf 71' lang='grc' dir='ltr'><strong>ἐὰν</strong></span> <span class='ocrx_word' id='word_1_428' title='bbox 909 4703 1049 4771; x_wconf 82' lang='grc' dir='ltr'>αὑτὴ</span> <span class='ocrx_word' id='word_1_429' title='bbox 1095 4703 1196 4771; x_wconf 78' lang='grc' dir='ltr'>μὲν</span> <span class='ocrx_word' id='word_1_430' title='bbox 1244 4702 1342 4772; x_wconf 85' lang='grc' dir='ltr'>ὅλη</span> <span class='ocrx_word' id='word_1_431' title='bbox 1370 4703 1561 4770; x_wconf 86' lang='grc' dir='ltr'>γέγονε</span> <span class='ocrx_word' id='word_1_432' title='bbox 1589 4704 1683 4756; x_wconf 81' lang='grc' dir='ltr'><strong>τοῦ</strong></span> <span class='ocrx_word' id='word_1_433' title='bbox 1737 4705 1848 4767; x_wconf 90' lang='grc' dir='ltr'>τοῖς</span> 
     </span>
    </p>
   </div>
   <div class='ocr_carea' id='block_1_66' title="bbox 268 4793 1848 4864">
    <p class='ocr_par' dir='ltr' id='par_1_66' title="bbox 268 4793 1848 4864">
     <span class='ocr_line' id='line_1_66' title="bbox 268 4793 1848 4864; baseline 0.001 -18"><span class='ocrx_word' id='word_1_434' title='bbox 268 4793 564 4855; x_wconf 85' lang='grc' dir='ltr'>Χαλδαίοις</span> <span class='ocrx_word' id='word_1_435' title='bbox 593 4795 965 4847; x_wconf 75' lang='grc' dir='ltr'>ὲπεισπεσεῖνο</span> <span class='ocrx_word' id='word_1_436' title='bbox 992 4794 1070 4863; x_wconf 81' lang='grc' dir='ltr'>τῷ</span> <span class='ocrx_word' id='word_1_437' title='bbox 1090 4794 1145 4846; x_wconf 82' lang='grc' dir='ltr'><strong>δὲ</strong></span> <span class='ocrx_word' id='word_1_438' title='bbox 1169 4795 1293 4861; x_wconf 74' lang='grc' dir='ltr'>ἀέρι</span> <span class='ocrx_word' id='word_1_439' title='bbox 1323 4797 1528 4864; x_wconf 82' lang='grc' dir='ltr'>ἐφῆκεν</span> <span class='ocrx_word' id='word_1_440' title='bbox 1547 4794 1848 4864; x_wconf 81' lang='grc' dir='ltr'>ἀναψύχειν</span> 
     </span>
    </p>
   </div>
   <div class='ocr_carea' id='block_1_67' title="bbox 268 4884 1850 4956">
    <p class='ocr_par' dir='ltr' id='par_1_67' title="bbox 268 4884 1850 4956">
     <span class='ocr_line' id='line_1_67' title="bbox 268 4884 1850 4956; baseline 0.002 -21"><span class='ocrx_word' id='word_1_441' title='bbox 268 4885 398 4946; x_wconf 85' lang='grc' dir='ltr'>τοὺς</span> <span class='ocrx_word' id='word_1_442' title='bbox 424 4884 520 4936; x_wconf 77' lang='grc' dir='ltr'><strong>τοῦ</strong></span> <span class='ocrx_word' id='word_1_443' title='bbox 557 4884 691 4936; x_wconf 85' lang='grc' dir='ltr'>Θεοῦ</span> <span class='ocrx_word' id='word_1_444' title='bbox 744 4885 1187 4953; x_wconf 84' lang='grc' dir='ltr'>γεροντόπαιδας.</span> <span class='ocrx_word' id='word_1_445' title='bbox 1212 4886 1305 4954; x_wconf 83' lang='grc' dir='ltr'><strong>Μὴ</strong></span> <span class='ocrx_word' id='word_1_446' title='bbox 1351 4885 1459 4954; x_wconf 88' lang='grc' dir='ltr'>γὰρ</span> <span class='ocrx_word' id='word_1_447' title='bbox 1499 4901 1850 4956; x_wconf 87' lang='grc' dir='ltr'>κατακρατη-</span> 
     </span>
    </p>
   </div>
   <div class='ocr_carea' id='block_1_68' title="bbox 267 4971 1847 5044">
    <p class='ocr_par' dir='ltr' id='par_1_68' title="bbox 267 4971 1847 5044">
     <span class='ocr_line' id='line_1_68' title="bbox 267 4971 1847 5044; baseline 0.001 -18"><span class='ocrx_word' id='word_1_448' title='bbox 267 4975 415 5040; x_wconf 80' lang='grc' dir='ltr'>τὲον,</span> <span class='ocrx_word' id='word_1_449' title='bbox 443 4973 622 5028; x_wconf 87' lang='grc' dir='ltr'>διόλου</span> <span class='ocrx_word' id='word_1_450' title='bbox 655 4975 861 5044; x_wconf 87' lang='grc' dir='ltr'>θερμὸν</span> <span class='ocrx_word' id='word_1_451' title='bbox 887 4971 1029 5028; x_wconf 79' lang='grc' dir='ltr'>εἶναι</span> <span class='ocrx_word' id='word_1_452' title='bbox 1060 4975 1153 5028; x_wconf 82' lang='grc' dir='ltr'><strong>τὸν</strong></span> <span class='ocrx_word' id='word_1_453' title='bbox 1182 4975 1307 5028; x_wconf 86' lang='grc' dir='ltr'>καθ’</span> <span class='ocrx_word' id='word_1_454' title='bbox 1333 4975 1479 5044; x_wconf 82' lang='grc' dir='ltr'>ἡμᾶς</span> <span class='ocrx_word' id='word_1_455' title='bbox 1511 4975 1675 5044; x_wconf 83' lang='grc' dir='ltr'>ἀέρα,</span> <span class='ocrx_word' id='word_1_456' title='bbox 1711 4973 1847 5044; x_wconf 71' lang='grc' dir='ltr'>μηδὲ</span> 
     </span>
    </p>
   </div>
   <div class='ocr_carea' id='block_1_69' title="bbox 2032 3782 3532 3856">
    <p class='ocr_par' dir='ltr' id='par_1_69' title="bbox 2032 3782 3532 3856">
     <span class='ocr_line' id='line_1_69' title="bbox 2032 3782 3532 3856; baseline 0.001 -17"><span class='ocrx_word' id='word_1_457' title='bbox 2032 3787 2078 3840; x_wconf 84' lang='grc' dir='ltr'>Ι.</span> <span class='ocrx_word' id='word_1_458' title='bbox 2125 3782 2389 3843; x_wconf 88' lang='lat' dir='ltr'><strong>Fornacis</strong></span> <span class='ocrx_word' id='word_1_459' title='bbox 2435 3785 2748 3856; x_wconf 58' lang='lat' dir='ltr'><strong>Babylonia</strong></span> <span class='ocrx_word' id='word_1_460' title='bbox 2810 3784 2953 3855; x_wconf 89' lang='lat' dir='ltr'><strong>ignis</strong></span> <span class='ocrx_word' id='word_1_461' title='bbox 3010 3792 3130 3839; x_wconf 83' lang='lat' dir='ltr'><strong>erat</strong></span> <span class='ocrx_word' id='word_1_462' title='bbox 3187 3784 3532 3855; x_wconf 84' lang='lat' dir='ltr'><strong>aliquatenus</strong></span> 
     </span>
    </p>
   </div>
   <div class='ocr_carea' id='block_1_70' title="bbox 1959 3876 3536 3948">
    <p class='ocr_par' dir='ltr' id='par_1_70' title="bbox 1959 3876 3536 3948">
     <span class='ocr_line' id='line_1_70' title="bbox 1959 3876 3536 3948; baseline 0.001 -18"><span class='ocrx_word' id='word_1_463' title='bbox 1959 3893 2148 3939; x_wconf 90' lang='lat' dir='ltr'><strong>urens.</strong></span> <span class='ocrx_word' id='word_1_464' title='bbox 2180 3879 2400 3948; x_wconf 88' lang='lat' dir='ltr'><strong>quando</strong></span> <span class='ocrx_word' id='word_1_465' title='bbox 2429 3880 2639 3934; x_wconf 87' lang='lat' dir='ltr'><strong>scilicet</strong></span> <span class='ocrx_word' id='word_1_466' title='bbox 2659 3878 2906 3932; x_wconf 89' lang='lat' dir='ltr'><strong>ﬂammas</strong></span> <span class='ocrx_word' id='word_1_467' title='bbox 2925 3876 3536 3946; x_wconf 67' lang='lat' dir='ltr'><strong>dispersitexundantes</strong></span> 
     </span>
    </p>
   </div>
   <div class='ocr_carea' id='block_1_71' title="bbox 1957 3967 3532 4040">
    <p class='ocr_par' dir='ltr' id='par_1_71' title="bbox 1957 3967 3532 4040">
     <span class='ocr_line' id='line_1_71' title="bbox 1957 3967 3532 4040; baseline -0.001 -20"><span class='ocrx_word' id='word_1_468' title='bbox 1957 3967 2010 4021; x_wconf 89' lang='lat' dir='ltr'><strong>in</strong></span> <span class='ocrx_word' id='word_1_469' title='bbox 2045 3968 2314 4023; x_wconf 88' lang='lat' dir='ltr'><strong>malorum</strong></span> <span class='ocrx_word' id='word_1_470' title='bbox 2368 3971 2693 4040; x_wconf 84' lang='lat' dir='ltr'><strong>perniciem,</strong></span> <span class='ocrx_word' id='word_1_471' title='bbox 2741 3983 3044 4036; x_wconf 86' lang='lat' dir='ltr'><strong>earumque</strong></span> <span class='ocrx_word' id='word_1_472' title='bbox 3097 3968 3204 4020; x_wconf 81' lang='lat' dir='ltr'><strong>vim</strong></span> <span class='ocrx_word' id='word_1_473' title='bbox 3267 3968 3532 4030; x_wconf 82' lang='lat' dir='ltr'><strong>exercuit,</strong></span> 
     </span>
    </p>
   </div>
   <div class='ocr_carea' id='block_1_72' title="bbox 1955 4055 3532 4114">
    <p class='ocr_par' dir='ltr' id='par_1_72' title="bbox 1955 4055 3532 4114">
     <span class='ocr_line' id='line_1_72' title="bbox 1955 4055 3532 4114; baseline -0.002 -4"><span class='ocrx_word' id='word_1_474' title='bbox 1955 4057 2219 4114; x_wconf 81' lang='lat' dir='ltr'><strong>invadens</strong></span> <span class='ocrx_word' id='word_1_475' title='bbox 2269 4059 2691 4114; x_wconf 81' lang='lat' dir='ltr'><strong>circumstantes</strong></span> <span class='ocrx_word' id='word_1_476' title='bbox 2742 4057 3065 4112; x_wconf 71' lang='lat' dir='ltr'><strong>Chaldaeos.</strong></span> <span class='ocrx_word' id='word_1_477' title='bbox 3116 4055 3353 4110; x_wconf 87' lang='lat' dir='ltr'><strong>Aliunde</strong></span> <span class='ocrx_word' id='word_1_478' title='bbox 3402 4071 3532 4108; x_wconf 87' lang='lat' dir='ltr'><strong>vero</strong></span> 
     </span>
    </p>
   </div>
   <div class='ocr_carea' id='block_1_73' title="bbox 1955 4147 3531 4220">
    <p class='ocr_par' dir='ltr' id='par_1_73' title="bbox 1955 4147 3531 4220">
     <span class='ocr_line' id='line_1_73' title="bbox 1955 4147 3531 4220; baseline -0.001 -16"><span class='ocrx_word' id='word_1_479' title='bbox 1955 4162 2174 4205; x_wconf 86' lang='lat' dir='ltr'><strong>sanctos</strong></span> <span class='ocrx_word' id='word_1_480' title='bbox 2205 4152 2346 4206; x_wconf 86' lang='lat' dir='ltr'><strong>roris</strong></span> <span class='ocrx_word' id='word_1_481' title='bbox 2375 4153 2549 4207; x_wconf 91' lang='lat' dir='ltr'><strong>instar</strong></span> <span class='ocrx_word' id='word_1_482' title='bbox 2578 4151 2954 4220; x_wconf 81' lang='lat' dir='ltr'><strong>ret‘rigerabat,</strong></span> <span class='ocrx_word' id='word_1_483' title='bbox 2985 4157 3038 4203; x_wconf 89' lang='lat' dir='ltr'><strong>et</strong></span> <span class='ocrx_word' id='word_1_484' title='bbox 3073 4162 3102 4202; x_wconf 89' lang='lat' dir='ltr'><strong>a</strong></span> <span class='ocrx_word' id='word_1_485' title='bbox 3137 4147 3246 4202; x_wconf 87' lang='lat' dir='ltr'><strong>Deo</strong></span> <span class='ocrx_word' id='word_1_486' title='bbox 3271 4159 3531 4203; x_wconf 82' lang='lat' dir='ltr'><strong>enervata</strong></span> 
     </span>
    </p>
   </div>
   <div class='ocr_carea' id='block_1_74' title="bbox 1953 4241 3530 4310">
    <p class='ocr_par' dir='ltr' id='par_1_74' title="bbox 1953 4241 3530 4310">
     <span class='ocr_line' id='line_1_74' title="bbox 1953 4241 3530 4310; baseline -0.004 -12"><span class='ocrx_word' id='word_1_487' title='bbox 1953 4244 2168 4300; x_wconf 86' lang='lat' dir='ltr'><strong>sinebat</strong></span> <span class='ocrx_word' id='word_1_488' title='bbox 2222 4246 2301 4298; x_wconf 89' lang='lat' dir='ltr'><strong>eis</strong></span> <span class='ocrx_word' id='word_1_489' title='bbox 2333 4245 2438 4297; x_wconf 86' lang='lat' dir='ltr'><strong>vim</strong></span> <span class='ocrx_word' id='word_1_490' title='bbox 2474 4245 2617 4299; x_wconf 88' lang='lat' dir='ltr'><strong>aeris</strong></span> <span class='ocrx_word' id='word_1_491' title='bbox 2647 4243 2819 4309; x_wconf 85' lang='lat' dir='ltr'><strong>illabi,</strong></span> <span class='ocrx_word' id='word_1_492' title='bbox 2875 4242 2979 4296; x_wconf 82' lang='lat' dir='ltr'><strong>hoc</strong></span> <span class='ocrx_word' id='word_1_493' title='bbox 3027 4251 3129 4306; x_wconf 84' lang='lat' dir='ltr'><strong>est,</strong></span> <span class='ocrx_word' id='word_1_494' title='bbox 3189 4241 3530 4310; x_wconf 71' lang='lat' dir='ltr'><strong>reft‘igrritlttt</strong></span> 
     </span>
    </p>
   </div>
   <div class='ocr_carea' id='block_1_75' title="bbox 1953 4333 3529 4405">
    <p class='ocr_par' dir='ltr' id='par_1_75' title="bbox 1953 4333 3529 4405">
     <span class='ocr_line' id='line_1_75' title="bbox 1953 4333 3529 4405; baseline -0.001 -17"><span class='ocrx_word' id='word_1_495' title='bbox 1953 4335 2135 4390; x_wconf 84' lang='lat' dir='ltr'><strong>aﬂlare</strong></span> <span class='ocrx_word' id='word_1_496' title='bbox 2167 4336 2258 4390; x_wconf 91' lang='lat' dir='ltr'><strong>Dei</strong></span> <span class='ocrx_word' id='word_1_497' title='bbox 2296 4336 2501 4404; x_wconf 87' lang='lat' dir='ltr'><strong>pueris,</strong></span> <span class='ocrx_word' id='word_1_498' title='bbox 2537 4351 2678 4405; x_wconf 88' lang='lat' dir='ltr'><strong>quos</strong></span> <span class='ocrx_word' id='word_1_499' title='bbox 2697 4335 2922 4389; x_wconf 83' lang='lat' dir='ltr'><strong>minime</strong></span> <span class='ocrx_word' id='word_1_500' title='bbox 2945 4335 3137 4387; x_wconf 88' lang='lat' dir='ltr'><strong>urebat</strong></span> <span class='ocrx_word' id='word_1_501' title='bbox 3167 4333 3406 4397; x_wconf 88' lang='lat' dir='ltr'><strong>ﬂamma,</strong></span> <span class='ocrx_word' id='word_1_502' title='bbox 3437 4336 3529 4386; x_wconf 85' lang='lat' dir='ltr'><strong>sed</strong></span> 
     </span>
    </p>
   </div>
   <div class='ocr_carea' id='block_1_76' title="bbox 1951 4429 3531 4498">
    <p class='ocr_par' dir='ltr' id='par_1_76' title="bbox 1951 4429 3531 4498">
     <span class='ocr_line' id='line_1_76' title="bbox 1951 4429 3531 4498; baseline -0.003 -14"><span class='ocrx_word' id='word_1_503' title='bbox 1951 4430 2298 4485; x_wconf 81' lang='lat' dir='ltr'><strong>illuminabat</strong></span> <span class='ocrx_word' id='word_1_504' title='bbox 2333 4439 2544 4485; x_wconf 90' lang='lat' dir='ltr'><strong>tantum</strong></span> <span class='ocrx_word' id='word_1_505' title='bbox 2579 4429 2998 4486; x_wconf 85' lang='lat' dir='ltr'><strong>etillustrabat:</strong></span> <span class='ocrx_word' id='word_1_506' title='bbox 3028 4429 3253 4498; x_wconf 88' lang='lat' dir='ltr'><strong>perinde</strong></span> <span class='ocrx_word' id='word_1_507' title='bbox 3279 4445 3343 4484; x_wconf 87' lang='lat' dir='ltr'><strong>ac</strong></span> <span class='ocrx_word' id='word_1_508' title='bbox 3368 4429 3412 4482; x_wconf 94' lang='lat' dir='ltr'><strong>si</strong></span> <span class='ocrx_word' id='word_1_509' title='bbox 3435 4431 3531 4481; x_wconf 89' lang='lat' dir='ltr'><strong>ad-</strong></span> 
     </span>
    </p>
   </div>
   <div class='ocr_carea' id='block_1_77' title="bbox 1951 4520 3530 4590">
    <p class='ocr_par' dir='ltr' id='par_1_77' title="bbox 1951 4520 3530 4590">
     <span class='ocr_line' id='line_1_77' title="bbox 1951 4520 3530 4590; baseline 0.003 -20"><span class='ocrx_word' id='word_1_510' title='bbox 1951 4536 2144 4576; x_wconf 83' lang='lat' dir='ltr'><strong>versus</strong></span> <span class='ocrx_word' id='word_1_511' title='bbox 2180 4521 2275 4575; x_wconf 88' lang='lat' dir='ltr'><strong>Dei</strong></span> <span class='ocrx_word' id='word_1_512' title='bbox 2331 4521 2589 4577; x_wconf 88' lang='lat' dir='ltr'><strong>inimicos</strong></span> <span class='ocrx_word' id='word_1_513' title='bbox 2647 4529 2933 4590; x_wconf 85' lang='lat' dir='ltr'><strong>occupata,</strong></span> <span class='ocrx_word' id='word_1_514' title='bbox 2995 4520 3413 4575; x_wconf 86' lang='lat' dir='ltr'><strong>oblivisceretur</strong></span> <span class='ocrx_word' id='word_1_515' title='bbox 3470 4537 3530 4574; x_wconf 85' lang='lat' dir='ltr'><strong>se</strong></span> 
     </span>
    </p>
   </div>
   <div class='ocr_carea' id='block_1_78' title="bbox 1949 4610 3530 4682">
    <p class='ocr_par' dir='ltr' id='par_1_78' title="bbox 1949 4610 3530 4682">
     <span class='ocr_line' id='line_1_78' title="bbox 1949 4610 3530 4682; baseline -0.001 -18"><span class='ocrx_word' id='word_1_516' title='bbox 1949 4611 2224 4666; x_wconf 86' lang='lat' dir='ltr'><strong>ﬂammam</strong></span> <span class='ocrx_word' id='word_1_517' title='bbox 2245 4627 2365 4667; x_wconf 90' lang='lat' dir='ltr'><strong>esse</strong></span> <span class='ocrx_word' id='word_1_518' title='bbox 2381 4627 2505 4682; x_wconf 83' lang='lat' dir='ltr'><strong>erga</strong></span> <span class='ocrx_word' id='word_1_519' title='bbox 2526 4614 2775 4666; x_wconf 82' lang='lat' dir='ltr'><strong>homines</strong></span> <span class='ocrx_word' id='word_1_520' title='bbox 2805 4610 2923 4671; x_wconf 89' lang='lat' dir='ltr'><strong>Dei.</strong></span> <span class='ocrx_word' id='word_1_521' title='bbox 2958 4611 3042 4666; x_wconf 86' lang='lat' dir='ltr'><strong>vel</strong></span> <span class='ocrx_word' id='word_1_522' title='bbox 3075 4619 3332 4680; x_wconf 89' lang='lat' dir='ltr'><strong>tanquam</strong></span> <span class='ocrx_word' id='word_1_523' title='bbox 3360 4611 3403 4664; x_wconf 89' lang='lat' dir='ltr'><strong>si</strong></span> <span class='ocrx_word' id='word_1_524' title='bbox 3445 4618 3530 4663; x_wconf 85' lang='lat' dir='ltr'><strong>to-</strong></span> 
     </span>
    </p>
   </div>
   <div class='ocr_carea' id='block_1_79' title="bbox 1949 4702 3528 4772">
    <p class='ocr_par' dir='ltr' id='par_1_79' title="bbox 1949 4702 3528 4772">
     <span class='ocr_line' id='line_1_79' title="bbox 1949 4702 3528 4772; baseline 0.001 -17"><span class='ocrx_word' id='word_1_525' title='bbox 1949 4713 2058 4756; x_wconf 88' lang='lat' dir='ltr'><strong>tam</strong></span> <span class='ocrx_word' id='word_1_526' title='bbox 2098 4717 2156 4756; x_wconf 89' lang='lat' dir='ltr'><strong>se</strong></span> <span class='ocrx_word' id='word_1_527' title='bbox 2183 4705 2320 4757; x_wconf 90' lang='lat' dir='ltr'><strong>dans</strong></span> <span class='ocrx_word' id='word_1_528' title='bbox 2364 4703 2638 4758; x_wconf 88' lang='lat' dir='ltr'><strong>irruendis</strong></span> <span class='ocrx_word' id='word_1_529' title='bbox 2666 4702 2960 4766; x_wconf 80' lang='lat' dir='ltr'><strong>Chaldaeis,</strong></span> <span class='ocrx_word' id='word_1_530' title='bbox 3017 4703 3129 4758; x_wconf 88' lang='lat' dir='ltr'><strong>aeri</strong></span> <span class='ocrx_word' id='word_1_531' title='bbox 3189 4703 3528 4772; x_wconf 85' lang='lat' dir='ltr'><strong>permitteret</strong></span> 
     </span>
    </p>
   </div>
   <div class='ocr_carea' id='block_1_80' title="bbox 1950 4792 3524 4864">
    <p class='ocr_par' dir='ltr' id='par_1_80' title="bbox 1950 4792 3524 4864">
     <span class='ocr_line' id='line_1_80' title="bbox 1950 4792 3524 4864; baseline 0 -18"><span class='ocrx_word' id='word_1_532' title='bbox 1950 4795 2485 4862; x_wconf 78' lang='lat' dir='ltr'><strong>reb-igerareseniles</strong></span> <span class='ocrx_word' id='word_1_533' title='bbox 2520 4794 2610 4849; x_wconf 90' lang='lat' dir='ltr'><strong>Dei</strong></span> <span class='ocrx_word' id='word_1_534' title='bbox 2649 4809 2877 4864; x_wconf 85' lang='lat' dir='ltr'><strong>pueros.</strong></span> <span class='ocrx_word' id='word_1_535' title='bbox 2902 4792 3021 4848; x_wconf 89' lang='lat' dir='ltr'><strong>Non</strong></span> <span class='ocrx_word' id='word_1_536' title='bbox 3051 4795 3194 4849; x_wconf 90' lang='lat' dir='ltr'><strong>enim</strong></span> <span class='ocrx_word' id='word_1_537' title='bbox 3230 4795 3524 4850; x_wconf 89' lang='lat' dir='ltr'><strong>tenendum</strong></span> 
     </span>
    </p>
   </div>
   <div class='ocr_carea' id='block_1_81' title="bbox 1947 4885 3526 4952">
    <p class='ocr_par' dir='ltr' id='par_1_81' title="bbox 1947 4885 3526 4952">
     <span class='ocr_line' id='line_1_81' title="bbox 1947 4885 3526 4952; baseline 0.002 -15"><span class='ocrx_word' id='word_1_538' title='bbox 1947 4895 2030 4940; x_wconf 78' lang='lat' dir='ltr'><strong>est</strong></span> <span class='ocrx_word' id='word_1_539' title='bbox 2057 4885 2382 4939; x_wconf 82' lang='lat' dir='ltr'><strong>ambientem</strong></span> <span class='ocrx_word' id='word_1_540' title='bbox 2413 4899 2514 4939; x_wconf 89' lang='lat' dir='ltr'><strong>nos</strong></span> <span class='ocrx_word' id='word_1_541' title='bbox 2541 4899 2667 4939; x_wconf 84' lang='lat' dir='ltr'><strong>aera</strong></span> <span class='ocrx_word' id='word_1_542' title='bbox 2698 4900 2817 4939; x_wconf 90' lang='lat' dir='ltr'><strong>esse</strong></span> <span class='ocrx_word' id='word_1_543' title='bbox 2845 4886 3072 4940; x_wconf 87' lang='lat' dir='ltr'><strong>omnino</strong></span> <span class='ocrx_word' id='word_1_544' title='bbox 3118 4886 3380 4952; x_wconf 87' lang='lat' dir='ltr'><strong>calidum,</strong></span> <span class='ocrx_word' id='word_1_545' title='bbox 3425 4901 3526 4940; x_wconf 74' lang='lat' dir='ltr'><strong>nec</strong></span> 
     </span>
    </p>
   </div>
   <div class='ocr_carea' id='block_1_82' title="bbox 1948 4977 3517 5047">
    <p class='ocr_par' dir='ltr' id='par_1_82' title="bbox 1948 4977 3517 5047">
     <span class='ocr_line' id='line_1_82' title="bbox 1948 4977 3517 5047; baseline 0.001 -17"><span class='ocrx_word' id='word_1_546' title='bbox 1948 4979 2174 5030; x_wconf 88' lang='lat' dir='ltr'><strong>immote</strong></span> <span class='ocrx_word' id='word_1_547' title='bbox 2203 4978 2456 5030; x_wconf 87' lang='lat' dir='ltr'><strong>standum</strong></span> <span class='ocrx_word' id='word_1_548' title='bbox 2479 4977 2606 5032; x_wconf 83' lang='lat' dir='ltr'><strong>huic</strong></span> <span class='ocrx_word' id='word_1_549' title='bbox 2637 4977 2906 5046; x_wconf 87' lang='lat' dir='ltr'><strong>opinioni,</strong></span> <span class='ocrx_word' id='word_1_550' title='bbox 2945 4978 2991 5032; x_wconf 92' lang='lat' dir='ltr'><strong>si</strong></span> <span class='ocrx_word' id='word_1_551' title='bbox 3036 4994 3142 5047; x_wconf 90' lang='lat' dir='ltr'><strong>qua</strong></span> <span class='ocrx_word' id='word_1_552' title='bbox 3199 4978 3517 5034; x_wconf 83' lang='lat' dir='ltr'><strong>attendatur</strong></span> 
     </span>
    </p>
   </div>
   <div class='ocr_carea' id='block_1_83' title="bbox 270 5065 1860 5140">
    <p class='ocr_par' dir='ltr' id='par_1_83' title="bbox 270 5065 1846 5137">
     <span class='ocr_line' id='line_1_83' title="bbox 270 5065 1846 5137; baseline -0.001 -20"><span class='ocrx_word' id='word_1_553' title='bbox 270 5066 590 5135; x_wconf 86' lang='grc' dir='ltr'>στοιχητέον</span> <span class='ocrx_word' id='word_1_554' title='bbox 623 5069 688 5137; x_wconf 78' lang='grc' dir='ltr'>τῇ</span> <span class='ocrx_word' id='word_1_555' title='bbox 721 5065 849 5137; x_wconf 79' lang='grc' dir='ltr'>δόξῃ</span> <span class='ocrx_word' id='word_1_556' title='bbox 877 5065 1052 5136; x_wconf 79' lang='grc' dir='ltr'>ταύτῃ</span> <span class='ocrx_word' id='word_1_557' title='bbox 1095 5065 1417 5134; x_wconf 84' lang='grc' dir='ltr'>άστεμφῶς,</span> <span class='ocrx_word' id='word_1_558' title='bbox 1460 5065 1514 5117; x_wconf 77' lang='grc' dir='ltr'>εἴ</span> <span class='ocrx_word' id='word_1_559' title='bbox 1557 5083 1611 5116; x_wconf 92' lang='grc' dir='ltr'><strong>τι</strong></span> <span class='ocrx_word' id='word_1_560' title='bbox 1645 5081 1846 5134; x_wconf 89' lang='grc' dir='ltr'>προσε-</span> 
     </span>
    </p>
   </div>
   <div class='ocr_carea' id='block_1_84' title="bbox 1960 5065 3524 5140">
    <p class='ocr_par' dir='ltr' id='par_1_84' title="bbox 1960 5067 3524 5140">
     <span class='ocr_line' id='line_1_84' title="bbox 1960 5067 3524 5140; baseline 0.003 -18"><span class='ocrx_word' id='word_1_561' title='bbox 1960 5070 2015 5123; x_wconf 78' lang='lat' dir='ltr'><strong>ad</strong></span> <span class='ocrx_word' id='word_1_562' title='bbox 2036 5079 2314 5122; x_wconf 88' lang='lat' dir='ltr'><strong>auctorem</strong></span> <span class='ocrx_word' id='word_1_563' title='bbox 2334 5069 2596 5122; x_wconf 89' lang='lat' dir='ltr'><strong>librorum</strong></span> <span class='ocrx_word' id='word_1_564' title='bbox 2623 5067 2701 5122; x_wconf 89' lang='lat' dir='ltr'><strong>De</strong></span> <span class='ocrx_word' id='word_1_565' title='bbox 2729 5067 3281 5136; x_wconf 78' lang='lat' dir='ltr'><strong>Providentia,virum</strong></span> <span class='ocrx_word' id='word_1_566' title='bbox 3305 5071 3524 5140; x_wconf 88' lang='lat' dir='ltr'><strong>sapien-</strong></span> 
     </span>
    </p>
   </div>
   <div class='ocr_carea' id='block_1_85' title="bbox 265 5153 1842 5225">
    <p class='ocr_par' dir='ltr' id='par_1_85' title="bbox 265 5153 1842 5225">
     <span class='ocr_line' id='line_1_85' title="bbox 265 5153 1842 5225; baseline -0.001 -18"><span class='ocrx_word' id='word_1_567' title='bbox 265 5158 428 5208; x_wconf 84' lang='grc' dir='ltr'>κτέον</span> <span class='ocrx_word' id='word_1_568' title='bbox 459 5157 552 5208; x_wconf 77' lang='grc' dir='ltr'><strong>καὶ</strong></span> <span class='ocrx_word' id='word_1_569' title='bbox 575 5155 652 5225; x_wconf 86' lang='grc' dir='ltr'>τῷ</span> <span class='ocrx_word' id='word_1_570' title='bbox 676 5156 981 5224; x_wconf 82' lang='grc' dir='ltr'>γεγραφότι</span> <span class='ocrx_word' id='word_1_571' title='bbox 1009 5156 1135 5218; x_wconf 81' lang='grc' dir='ltr'>τοὺς</span> <span class='ocrx_word' id='word_1_572' title='bbox 1170 5153 1303 5223; x_wconf 74' lang='grc' dir='ltr'>περὶ</span> <span class='ocrx_word' id='word_1_573' title='bbox 1325 5155 1619 5223; x_wconf 75' lang='grc' dir='ltr'>Προνοίας</span> <span class='ocrx_word' id='word_1_574' title='bbox 1646 5153 1842 5220; x_wconf 84' lang='grc' dir='ltr'>λόγους</span> 
     </span>
    </p>
   </div>
   <div class='ocr_carea' id='block_1_86' title="bbox 264 5247 1030 5319">
    <p class='ocr_par' dir='ltr' id='par_1_86' title="bbox 264 5247 1030 5319">
     <span class='ocr_line' id='line_1_86' title="bbox 264 5247 1030 5319; baseline 0.003 -19"><span class='ocrx_word' id='word_1_575' title='bbox 264 5249 421 5319; x_wconf 72' lang='grc' dir='ltr'>ἀνδρὶ</span> <span class='ocrx_word' id='word_1_576' title='bbox 456 5247 605 5317; x_wconf 79' lang='grc' dir='ltr'>σοφῷ</span> <span class='ocrx_word' id='word_1_577' title='bbox 643 5265 704 5300; x_wconf 91' lang='grc' dir='ltr'><strong>τε</strong></span> <span class='ocrx_word' id='word_1_578' title='bbox 733 5248 828 5301; x_wconf 78' lang='grc' dir='ltr'>καὶ</span> <span class='ocrx_word' id='word_1_579' title='bbox 873 5247 1030 5317; x_wconf 84' lang='grc' dir='ltr'>ίερῷ.</span> 
     </span>
    </p>
   </div>
   <div class='ocr_carea' id='block_1_87' title="bbox 336 5335 1842 5410">
    <p class='ocr_par' dir='ltr' id='par_1_87' title="bbox 336 5335 1842 5410">
     <span class='ocr_line' id='line_1_87' title="bbox 336 5335 1842 5410; baseline -0.003 -16"><span class='ocrx_word' id='word_1_580' title='bbox 336 5341 405 5410; x_wconf 79' lang='grc' dir='ltr'><strong>β’.</strong></span> <span class='ocrx_word' id='word_1_581' title='bbox 451 5338 518 5392; x_wconf 78' lang='grc' dir='ltr'><strong>Εἰ</strong></span> <span class='ocrx_word' id='word_1_582' title='bbox 547 5340 605 5391; x_wconf 81' lang='grc' dir='ltr'>δὲ</span> <span class='ocrx_word' id='word_1_583' title='bbox 633 5339 802 5401; x_wconf 75' lang='grc' dir='ltr'>δοκεῖ,</span> <span class='ocrx_word' id='word_1_584' title='bbox 821 5339 1194 5409; x_wconf 84' lang='grc' dir='ltr'>άσυνάρτητον</span> <span class='ocrx_word' id='word_1_585' title='bbox 1243 5335 1388 5392; x_wconf 80' lang='grc' dir='ltr'>εἶναι</span> <span class='ocrx_word' id='word_1_586' title='bbox 1435 5340 1495 5390; x_wconf 79' lang='grc' dir='ltr'><strong>τὸ</strong></span> <span class='ocrx_word' id='word_1_587' title='bbox 1523 5338 1622 5408; x_wconf 79' lang='grc' dir='ltr'><strong>τὴν</strong></span> <span class='ocrx_word' id='word_1_588' title='bbox 1671 5338 1842 5407; x_wconf 78' lang='grc' dir='ltr'>αὐτὴν</span> 
     </span>
    </p>
   </div>
   <div class='ocr_carea' id='block_1_88' title="bbox 261 5427 1840 5499">
    <p class='ocr_par' dir='ltr' id='par_1_88' title="bbox 261 5427 1840 5499">
     <span class='ocr_line' id='line_1_88' title="bbox 261 5427 1840 5499; baseline -0.001 -16"><span class='ocrx_word' id='word_1_589' title='bbox 261 5432 496 5499; x_wconf 78' lang='grc' dir='ltr'>κάμινον</span> <span class='ocrx_word' id='word_1_590' title='bbox 523 5427 714 5498; x_wconf 82' lang='grc' dir='ltr'>φλὲξαι</span> <span class='ocrx_word' id='word_1_591' title='bbox 738 5444 800 5480; x_wconf 91' lang='grc' dir='ltr'><strong>τε</strong></span> <span class='ocrx_word' id='word_1_592' title='bbox 836 5429 931 5481; x_wconf 78' lang='grc' dir='ltr'>καὶ</span> <span class='ocrx_word' id='word_1_593' title='bbox 964 5429 1235 5498; x_wconf 87' lang='grc' dir='ltr'>δροσίσαι,</span> <span class='ocrx_word' id='word_1_594' title='bbox 1260 5429 1427 5482; x_wconf 79' lang='grc' dir='ltr'>διὰτὸ</span> <span class='ocrx_word' id='word_1_595' title='bbox 1462 5429 1538 5499; x_wconf 79' lang='grc' dir='ltr'>μὴ</span> <span class='ocrx_word' id='word_1_596' title='bbox 1571 5429 1840 5490; x_wconf 82' lang='grc' dir='ltr'>ὡσαύτως</span> 
     </span>
    </p>
   </div>
   <div class='ocr_carea' id='block_1_89' title="bbox 263 5518 1842 5590">
    <p class='ocr_par' dir='ltr' id='par_1_89' title="bbox 263 5518 1842 5590">
     <span class='ocr_line' id='line_1_89' title="bbox 263 5518 1842 5590; baseline 0 -18"><span class='ocrx_word' id='word_1_597' title='bbox 263 5523 431 5590; x_wconf 69' lang='grc' dir='ltr'>ἄμφω</span> <span class='ocrx_word' id='word_1_598' title='bbox 458 5519 842 5590; x_wconf 78' lang='grc' dir='ltr'>ἐνηργηκέναι,</span> <span class='ocrx_word' id='word_1_599' title='bbox 869 5518 1001 5572; x_wconf 72' lang='grc' dir='ltr'>ἀλλὰ</span> <span class='ocrx_word' id='word_1_600' title='bbox 1031 5520 1091 5570; x_wconf 80' lang='grc' dir='ltr'>τὸ</span> <span class='ocrx_word' id='word_1_601' title='bbox 1130 5521 1226 5588; x_wconf 83' lang='grc' dir='ltr'>μὲν</span> <span class='ocrx_word' id='word_1_602' title='bbox 1255 5518 1474 5588; x_wconf 87' lang='grc' dir='ltr'>φλέγμα</span> <span class='ocrx_word' id='word_1_603' title='bbox 1502 5521 1568 5590; x_wconf 80' lang='grc' dir='ltr'>τῇ</span> <span class='ocrx_word' id='word_1_604' title='bbox 1621 5519 1714 5572; x_wconf 84' lang='grc' dir='ltr'><strong>τοῦ</strong></span> <span class='ocrx_word' id='word_1_605' title='bbox 1741 5536 1842 5572; x_wconf 85' lang='grc' dir='ltr'>πυ-</span> 
     </span>
    </p>
   </div>
   <div class='ocr_carea' id='block_1_90' title="bbox 262 5611 1838 5681">
    <p class='ocr_par' dir='ltr' id='par_1_90' title="bbox 262 5611 1838 5681">
     <span class='ocr_line' id='line_1_90' title="bbox 262 5611 1838 5681; baseline -0.001 -16"><span class='ocrx_word' id='word_1_606' title='bbox 262 5616 475 5681; x_wconf 57' lang='lat' dir='ltr'><strong>priamo;</strong></span> <span class='ocrx_word' id='word_1_607' title='bbox 501 5612 778 5674; x_wconf 74' lang='grc' dir='ltr'>ἐπιτάσει,</span> <span class='ocrx_word' id='word_1_608' title='bbox 808 5611 866 5664; x_wconf 75' lang='grc' dir='ltr'>τὸ</span> <span class='ocrx_word' id='word_1_609' title='bbox 897 5611 952 5663; x_wconf 73' lang='grc' dir='ltr'><strong>δὲ</strong></span> <span class='ocrx_word' id='word_1_610' title='bbox 986 5611 1244 5681; x_wconf 84' lang='grc' dir='ltr'>δρόσιμον</span> <span class='ocrx_word' id='word_1_611' title='bbox 1290 5613 1351 5664; x_wconf 85' lang='grc' dir='ltr'>οὺ</span> <span class='ocrx_word' id='word_1_612' title='bbox 1383 5615 1448 5680; x_wconf 78' lang='grc' dir='ltr'>τῇ</span> <span class='ocrx_word' id='word_1_613' title='bbox 1487 5615 1624 5681; x_wconf 75' lang='grc' dir='ltr'>αὐτῇ</span> <span class='ocrx_word' id='word_1_614' title='bbox 1655 5653 1668 5676; x_wconf 94' lang='grc'><strong>,</strong></span> <span class='ocrx_word' id='word_1_615' title='bbox 1702 5612 1838 5664; x_wconf 76' lang='grc' dir='ltr'>ἀλλὰ</span> 
     </span>
    </p>
   </div>
   <div class='ocr_carea' id='block_1_91' title="bbox 256 5699 1834 5772">
    <p class='ocr_par' dir='ltr' id='par_1_91' title="bbox 256 5699 1834 5772">
     <span class='ocr_line' id='line_1_91' title="bbox 256 5699 1834 5772; baseline 0 -19"><span class='ocrx_word' id='word_1_616' title='bbox 256 5703 488 5756; x_wconf 76' lang='grc' dir='ltr'>διαθέσει</span> <span class='ocrx_word' id='word_1_617' title='bbox 515 5703 757 5772; x_wconf 75' lang='grc' dir='ltr'>έτεροίᾳ,</span> <span class='ocrx_word' id='word_1_618' title='bbox 787 5703 852 5771; x_wconf 82' lang='grc' dir='ltr'>τῇ</span> <span class='ocrx_word' id='word_1_619' title='bbox 886 5703 1026 5755; x_wconf 81' lang='grc' dir='ltr'>κατὰ</span> <span class='ocrx_word' id='word_1_620' title='bbox 1083 5702 1288 5769; x_wconf 80' lang='grc' dir='ltr'>ἄνεσιν,</span> <span class='ocrx_word' id='word_1_621' title='bbox 1347 5702 1447 5754; x_wconf 79' lang='grc' dir='ltr'>εἴτ’</span> <span class='ocrx_word' id='word_1_622' title='bbox 1515 5699 1606 5755; x_wconf 77' lang='grc' dir='ltr'><strong>οὖν</strong></span> <span class='ocrx_word' id='word_1_623' title='bbox 1641 5703 1834 5770; x_wconf 78' lang='grc' dir='ltr'>ὕφεσιν</span> 
     </span>
    </p>
   </div>
   <div class='ocr_carea' id='block_1_92' title="bbox 255 5791 1830 5864">
    <p class='ocr_par' dir='ltr' id='par_1_92' title="bbox 255 5791 1830 5864">
     <span class='ocr_line' id='line_1_92' title="bbox 255 5791 1830 5864; baseline 0.001 -20"><span class='ocrx_word' id='word_1_624' title='bbox 255 5795 350 5863; x_wconf 73' lang='grc' dir='ltr'>τὴν</span> <span class='ocrx_word' id='word_1_625' title='bbox 377 5793 582 5857; x_wconf 79' lang='grc' dir='ltr'>θεόθεν,</span> <span class='ocrx_word' id='word_1_626' title='bbox 612 5791 741 5845; x_wconf 83' lang='grc' dir='ltr'>καθ’</span> <span class='ocrx_word' id='word_1_627' title='bbox 770 5791 836 5860; x_wconf 80' lang='grc' dir='ltr'>ἢν</span> <span class='ocrx_word' id='word_1_628' title='bbox 858 5791 988 5845; x_wconf 74' lang='grc' dir='ltr'>ὡσεὶ</span> <span class='ocrx_word' id='word_1_629' title='bbox 1011 5793 1104 5846; x_wconf 69' lang='grc' dir='ltr'><strong>καὶ</strong></span> <span class='ocrx_word' id='word_1_630' title='bbox 1134 5793 1208 5864; x_wconf 78' lang='grc' dir='ltr'>μὴ</span> <span class='ocrx_word' id='word_1_631' title='bbox 1242 5793 1418 5862; x_wconf 74' lang='grc' dir='ltr'>παρὸν</span> <span class='ocrx_word' id='word_1_632' title='bbox 1466 5793 1526 5844; x_wconf 84' lang='grc' dir='ltr'>τὺ</span> <span class='ocrx_word' id='word_1_633' title='bbox 1563 5794 1669 5862; x_wconf 81' lang='grc' dir='ltr'><strong>πῦρ</strong></span> <span class='ocrx_word' id='word_1_634' title='bbox 1709 5792 1830 5845; x_wconf 76' lang='grc' dir='ltr'>ἐλδ-</span> 
     </span>
    </p>
   </div>
   <div class='ocr_carea' id='block_1_93' title="bbox 1950 5168 2441 5215">
    <p class='ocr_par' dir='ltr' id='par_1_93' title="bbox 1950 5168 2441 5215">
     <span class='ocr_line' id='line_1_93' title="bbox 1950 5168 2441 5215; baseline -0.008 0"><span class='ocrx_word' id='word_1_635' title='bbox 1950 5173 2056 5215; x_wconf 90' lang='lat' dir='ltr'><strong>tem</strong></span> <span class='ocrx_word' id='word_1_636' title='bbox 2097 5169 2149 5214; x_wconf 82' lang='lat' dir='ltr'><strong>et</strong></span> <span class='ocrx_word' id='word_1_637' title='bbox 2172 5168 2441 5215; x_wconf 87' lang='lat' dir='ltr'><strong>sanctum.</strong></span> 
     </span>
    </p>
   </div>
   <div class='ocr_carea' id='block_1_94' title="bbox 2011 5331 3518 5399">
    <p class='ocr_par' dir='ltr' id='par_1_94' title="bbox 2011 5331 3518 5399">
     <span class='ocr_line' id='line_1_94' title="bbox 2011 5331 3518 5399; baseline 0.003 -13"><span class='ocrx_word' id='word_1_638' title='bbox 2011 5333 2066 5388; x_wconf 77' lang='grc'>2.</span> <span class='ocrx_word' id='word_1_639' title='bbox 2099 5331 2258 5399; x_wconf 84' lang='lat' dir='ltr'><strong>Quod</strong></span> <span class='ocrx_word' id='word_1_640' title='bbox 2285 5333 2331 5388; x_wconf 91' lang='lat' dir='ltr'><strong>si</strong></span> <span class='ocrx_word' id='word_1_641' title='bbox 2361 5333 2660 5389; x_wconf 84' lang='lat' dir='ltr'><strong>absurdum</strong></span> <span class='ocrx_word' id='word_1_642' title='bbox 2691 5333 2902 5390; x_wconf 73' lang='lat' dir='ltr'><strong>videtur</strong></span> <span class='ocrx_word' id='word_1_643' title='bbox 2930 5335 3103 5391; x_wconf 90' lang='lat' dir='ltr'><strong>eidem</strong></span> <span class='ocrx_word' id='word_1_644' title='bbox 3131 5337 3346 5392; x_wconf 89' lang='lat' dir='ltr'><strong>camino</strong></span> <span class='ocrx_word' id='word_1_645' title='bbox 3384 5337 3518 5392; x_wconf 82' lang='lat' dir='ltr'><strong>sub-</strong></span> 
     </span>
    </p>
   </div>
   <div class='ocr_carea' id='block_1_95' title="bbox 1943 5427 3517 5497">
    <p class='ocr_par' dir='ltr' id='par_1_95' title="bbox 1943 5427 3517 5497">
     <span class='ocr_line' id='line_1_95' title="bbox 1943 5427 3517 5497; baseline 0.002 -16"><span class='ocrx_word' id='word_1_646' title='bbox 1943 5427 2116 5482; x_wconf 81' lang='lat' dir='ltr'><strong>fuisse</strong></span> <span class='ocrx_word' id='word_1_647' title='bbox 2138 5429 2377 5482; x_wconf 89' lang='lat' dir='ltr'><strong>calorem</strong></span> <span class='ocrx_word' id='word_1_648' title='bbox 2408 5427 2570 5482; x_wconf 90' lang='lat' dir='ltr'><strong>simul</strong></span> <span class='ocrx_word' id='word_1_649' title='bbox 2602 5437 2656 5480; x_wconf 87' lang='lat' dir='ltr'><strong>et</strong></span> <span class='ocrx_word' id='word_1_650' title='bbox 2675 5427 3012 5497; x_wconf 83' lang='lat' dir='ltr'><strong>lrigus,quia</strong></span> <span class='ocrx_word' id='word_1_651' title='bbox 3027 5444 3133 5482; x_wconf 91' lang='lat' dir='ltr'><strong>non</strong></span> <span class='ocrx_word' id='word_1_652' title='bbox 3158 5429 3340 5483; x_wconf 86' lang='lat' dir='ltr'><strong>itidem</strong></span> <span class='ocrx_word' id='word_1_653' title='bbox 3357 5432 3517 5484; x_wconf 86' lang='lat' dir='ltr'><strong>ambo</strong></span> 
     </span>
    </p>
   </div>
   <div class='ocr_carea' id='block_1_96' title="bbox 1947 5515 3514 5588">
    <p class='ocr_par' dir='ltr' id='par_1_96' title="bbox 1947 5515 3514 5588">
     <span class='ocr_line' id='line_1_96' title="bbox 1947 5515 3514 5588; baseline 0.001 -18"><span class='ocrx_word' id='word_1_654' title='bbox 1947 5526 2138 5586; x_wconf 86' lang='lat' dir='ltr'><strong>agunt,</strong></span> <span class='ocrx_word' id='word_1_655' title='bbox 2174 5517 2267 5571; x_wconf 91' lang='lat' dir='ltr'><strong>sed</strong></span> <span class='ocrx_word' id='word_1_656' title='bbox 2288 5517 2433 5571; x_wconf 85' lang='lat' dir='ltr'><strong>calor</strong></span> <span class='ocrx_word' id='word_1_657' title='bbox 2453 5517 2679 5586; x_wconf 83' lang='lat' dir='ltr'><strong>ignitum</strong></span> <span class='ocrx_word' id='word_1_658' title='bbox 2699 5515 2907 5581; x_wconf 86' lang='lat' dir='ltr'><strong>dilatat,</strong></span> <span class='ocrx_word' id='word_1_659' title='bbox 2929 5517 3098 5588; x_wconf 80' lang='lat' dir='ltr'><strong>frigus</strong></span> <span class='ocrx_word' id='word_1_660' title='bbox 3113 5534 3242 5573; x_wconf 78' lang='lat' dir='ltr'><strong>vero</strong></span> <span class='ocrx_word' id='word_1_661' title='bbox 3265 5518 3514 5573; x_wconf 75' lang='lat' dir='ltr'><strong>cﬂ‘ectum</strong></span> 
     </span>
    </p>
   </div>
   <div class='ocr_carea' id='block_1_97' title="bbox 1943 5609 3512 5679">
    <p class='ocr_par' dir='ltr' id='par_1_97' title="bbox 1943 5609 3512 5679">
     <span class='ocr_line' id='line_1_97' title="bbox 1943 5609 3512 5679; baseline 0.001 -16"><span class='ocrx_word' id='word_1_662' title='bbox 1943 5609 2361 5678; x_wconf 89' lang='lat' dir='ltr'><strong>producithaud</strong></span> <span class='ocrx_word' id='word_1_663' title='bbox 2384 5624 2591 5679; x_wconf 88' lang='lat' dir='ltr'><strong>parem.</strong></span> <span class='ocrx_word' id='word_1_664' title='bbox 2625 5611 2717 5664; x_wconf 93' lang='lat' dir='ltr'><strong>sed</strong></span> <span class='ocrx_word' id='word_1_665' title='bbox 2755 5609 3054 5664; x_wconf 84' lang='lat' dir='ltr'><strong>absimilem</strong></span> <span class='ocrx_word' id='word_1_666' title='bbox 3084 5611 3393 5666; x_wconf 89' lang='lat' dir='ltr'><strong>remissioni</strong></span> <span class='ocrx_word' id='word_1_667' title='bbox 3417 5627 3512 5665; x_wconf 72' lang='lat' dir='ltr'><strong>seu</strong></span> 
     </span>
    </p>
   </div>
   <div class='ocr_carea' id='block_1_98' title="bbox 1942 5701 3514 5772">
    <p class='ocr_par' dir='ltr' id='par_1_98' title="bbox 1942 5701 3514 5772">
     <span class='ocr_line' id='line_1_98' title="bbox 1942 5701 3514 5772; baseline -0.001 -16"><span class='ocrx_word' id='word_1_668' title='bbox 1942 5702 2288 5764; x_wconf 83' lang='lat' dir='ltr'><strong>relaxationi,</strong></span> <span class='ocrx_word' id='word_1_669' title='bbox 2344 5717 2438 5770; x_wconf 87' lang='lat' dir='ltr'><strong>per</strong></span> <span class='ocrx_word' id='word_1_670' title='bbox 2501 5717 2662 5768; x_wconf 88' lang='lat' dir='ltr'><strong>quam</strong></span> <span class='ocrx_word' id='word_1_671' title='bbox 2725 5701 2988 5755; x_wconf 87' lang='lat' dir='ltr'><strong>divinitus</strong></span> <span class='ocrx_word' id='word_1_672' title='bbox 3035 5703 3174 5772; x_wconf 87' lang='lat' dir='ltr'><strong>ignis</strong></span> <span class='ocrx_word' id='word_1_673' title='bbox 3220 5713 3276 5754; x_wconf 92' lang='lat' dir='ltr'><strong>ut</strong></span> <span class='ocrx_word' id='word_1_674' title='bbox 3316 5703 3514 5755; x_wconf 86' lang='lat' dir='ltr'><strong>absens</strong></span> 
     </span>
    </p>
   </div>
   <div class='ocr_carea' id='block_1_99' title="bbox 1940 5792 3510 5860">
    <p class='ocr_par' dir='ltr' id='par_1_99' title="bbox 1940 5792 3510 5860">
     <span class='ocr_line' id='line_1_99' title="bbox 1940 5792 3510 5860; baseline -0.004 -12"><span class='ocrx_word' id='word_1_675' title='bbox 1940 5794 2243 5849; x_wconf 86' lang='lat' dir='ltr'><strong>habebatur</strong></span> <span class='ocrx_word' id='word_1_676' title='bbox 2275 5812 2290 5860; x_wconf 88' lang='lat'><strong>;</strong></span> <span class='ocrx_word' id='word_1_677' title='bbox 2327 5794 2722 5848; x_wconf 83' lang='lat' dir='ltr'><strong>advertendum</strong></span> <span class='ocrx_word' id='word_1_678' title='bbox 2743 5793 2796 5846; x_wconf 89' lang='lat' dir='ltr'><strong>in</strong></span> <span class='ocrx_word' id='word_1_679' title='bbox 2829 5795 3107 5848; x_wconf 82' lang='lat' dir='ltr'><strong>sexcentis</strong></span> <span class='ocrx_word' id='word_1_680' title='bbox 3135 5792 3358 5847; x_wconf 87' lang='lat' dir='ltr'><strong>casibus</strong></span> <span class='ocrx_word' id='word_1_681' title='bbox 3383 5793 3510 5844; x_wconf 87' lang='lat' dir='ltr'><strong>item</strong></span> 
     </span>
    </p>
   </div>
  </div>
