4048 6426
428 474 433 479 -
451 431 554 498 291

1159 426 1580 489 EUSTATHII
1617 428 1907 489 THESSA
1920 427 2062 489 [ΟΝ
2077 427 2372 489 ICENSIS
2407 425 2975 488 METROPULIT/E

3609 430 3723 493 292

457 548 1013 618 reperit-icontrarios
1041 545 1270 603 cﬂectus
1302 546 1370 601 ab
1387 560 1493 600 una
1514 560 1681 600 causa
1702 546 1865 601 modo
1883 545 2036 600 valde

2141 544 2352 613 γίζετο·
2394 542 2754 613 ἐνθυμητέον,
2800 544 2877 605 ὡς
2916 543 2975 595 ἐν
3032 542 3252 613 μυρίοις
3302 545 3553 599 τοιαῦταί
3578 563 3726 611 τινες

454 642 674 694 diverso
697 641 1073 709 procedentes.
1097 637 1375 691 Etmultas
1402 636 1622 705 quidem
1642 634 1698 689 in
1721 636 2030 703 exemplum

455 734 726 787 adducere
766 731 1155 785 similitudines
1184 729 1342 783 facile
1356 737 1543 798 posset
1566 727 1794 796 impiger
1826 745 1839 791 ;
1867 741 2033 780 unam

457 839 602 878 nunc
637 822 954 877 memorabo
985 820 1161 876 doctis
1189 818 1580 881 clarissimam,
1612 830 1734 884 quae
1759 815 1837 869 sic
1866 830 1923 868 se
1942 813 2036 866 hn—

457 919 563 968 llCl.
612 913 826 969 Peritos
855 914 1187 983 gubernator
1210 910 1316 967 scit
1343 925 1535 964 navem
1570 909 1805 969 salvare,
1832 907 2037 975 paritur

454 1017 507 1059 et
535 1007 763 1074 perdere
792 1022 809 1060 :
844 1006 1061 1060 salvare
1090 1003 1312 1074 quidem
1341 1000 1660 1065 cumadest,
1688 999 1917 1069 perdere
1940 1012 2037 1050 ve-

457 1112 516 1151 ro
550 1098 593 1151 si
628 1098 792 1151 absit.
832 1096 1124 1150 Evidenter
1152 1103 1336 1149 autem
1359 1102 1416 1148 et
1447 1093 1612 1163 ignis,
1643 1107 1769 1145 cum
1801 1089 1911 1144 vim
1936 1103 2036 1142 na-

456 1189 686 1245 turalem
720 1205 915 1244 exerce
927 1206 986 1243 re
1012 1203 1121 1242 non
1147 1187 1375 1251 valeret,
1393 1193 1523 1239 tunc
1543 1200 1651 1238 non
1676 1183 1870 1237 adesse
1890 1182 2038 1235 vide-

456 1287 637 1336 batur.
677 1281 745 1336 Et
774 1282 847 1336 ita
880 1282 998 1336 sine
1035 1280 1112 1347 vi,
1139 1291 1197 1334 ut
1226 1288 1380 1349 puto,
1405 1278 1830 1333 conciliarentur
1852 1275 1908 1329 in
1947 1273 2038 1327 il'o

455 1373 674 1427 camino
705 1374 828 1427 diue
854 1374 996 1428 vires
1025 1372 1255 1429 diversa:
1286 1379 1523 1434 naturae,
1547 1382 1744 1436 nempe
1775 1367 1857 1422 vis
1879 1366 2033 1436 juxta

458 1475 708 1519 naturam
736 1465 948 1529 urendi,
982 1474 1216 1533 etsupra
1233 1473 1480 1516 naturam
1504 1459 1882 1527 refrigerandi,
1909 1474 2033 1513 cum

458 1559 646 1624 praesit
674 1561 941 1613 ambabus
966 1572 1072 1611 uua
1098 1571 1287 1619 causa,
1317 1555 1527 1609 scilicet
1547 1554 1730 1609 divina
1759 1552 2034 1616 voluntas,

458 1663 577 1712 seu,
610 1652 846 1704 utaliter
874 1651 1075 1715 dicam,
1109 1650 1221 1717 ipse
1252 1654 1414 1712 Dens,
1447 1646 1539 1716 qui
1577 1644 1746 1700 simul
1778 1652 1839 1698 ut
1892 1642 2035 1713 ignis

458 1740 836 1797 immaterialis
867 1752 1035 1812 utque
1078 1742 1252 1796 imber
1281 1740 1521 1796 cmlestis
1543 1739 1797 1793 habetur.
1846 1736 1914 1790 Et
1951 1738 2034 1790 sic

456 1836 750 1903 exponitur
772 1834 1010 1891 secunda
1033 1832 1255 1889 solutio.

2135 636 2401 705 εὕρηνται
2435 635 2712 689 ἀντίθετοι
2743 634 3021 703 ἐνέργειαι
3042 673 3058 698 ,
3092 634 3383 704 προϊοῦσαι
3435 639 3579 693 κατὰ
3607 641 3726 693 ἐτε-

2140 730 2420 797 ροιοτάτου
2446 728 2623 781 αἰτίου
2664 728 2802 790 ἑνός.
2842 727 2952 780 Καὶ
2994 726 3330 782 καθελκύσαι
3398 728 3499 798 μὲν
3547 748 3727 801 παρα·

2135 819 2450 888 δειγμάτων
2482 819 2686 883 πολλάς
2732 819 3084 890 ὁμοιότητας,
3112 820 3215 872 οὐκ
3256 818 3406 874 ἔστιν
3444 822 3725 894 ἀπορῆσαι

2135 912 2227 966 τὸν
2256 912 2331 981 μὴ
2367 912 2657 967 ὀκνοῦνταο
2692 913 2966 985 μνηστέον
3015 913 3072 966 δὲ
3123 913 3260 981 πρὸς
3294 915 3355 967 τὸ
3400 915 3576 985 παρὸν
3607 917 3727 978 ἐνὸς

2134 1002 2416 1074 άριδήλου,
2449 1006 2564 1069 τοῖς
2616 1021 2680 1072 γε
2730 1003 3083 1074 μεμαθηκόσι
3141 1004 3492 1075 διακειμένου
3524 1006 3723 1069 οὕτως.

2147 1094 2206 1147 Ὀ
2240 1098 2339 1165 τὴν
2371 1097 2780 1167 κυϐερνητικὴν
2815 1096 3040 1168 ἄριστος
3068 1091 3178 1150 οἶδε
3212 1095 3409 1162 σώζειν
3436 1098 3536 1168 τὴν
3565 1100 3725 1158 ναῦν.

2134 1184 2167 1238 δ
2198 1185 2245 1238 δ’
2268 1187 2432 1249 αὐτὸς
2461 1190 2557 1240 καὶ
2585 1177 2884 1241 ἀπόλλυσιν
2906 1205 2922 1220 ο
2956 1189 3139 1241 ἐκεῖνο
3168 1187 3269 1258 μὲν
3314 1188 3460 1243 κατὰ
3505 1190 3725 1260 πρῶτον

2135 1277 2296 1346 λόγον
2327 1280 2386 1333 ἐν
2418 1277 2496 1347 τῷ
2531 1282 2813 1349 παρεῖναι,
2839 1278 3001 1333 τοῦτο
3026 1280 3083 1333 δὶ
3113 1280 3313 1346 ἄλλως,
3338 1282 3430 1335 ὅτε
3465 1281 3541 1351 μὴ
3574 1281 3725 1352 πάρ-

2138 1386 2280 1424 εστι.
2313 1371 2485 1440 Δῆλον
2515 1371 2611 1442 δὴ,
2651 1373 2735 1425 δτι
2766 1373 2860 1425 καὶ
2898 1372 2961 1426 τὸ
2992 1372 3128 1444 πῦρ.
3171 1373 3245 1443 μὴ
3287 1374 3354 1427 τά
3382 1373 3523 1426 κατὰ
3558 1373 3726 1442 φύσιν

2136 1461 2364 1528 δυνηθὲν
2399 1463 2720 1530 ἐνεργῆσαι,
2751 1462 2876 1515 τότε
2913 1462 3049 1532 μηδέ
3078 1464 3339 1532 παρεῖναι
3366 1463 3579 1516 ἐδόκει.
3612 1463 3727 1516 Καὶ

2137 1549 2316 1614 οὕτως
2348 1552 2414 1604 ἂν
2450 1551 2847 1622 συμϐιϐάζοιτο
2873 1554 3162 1616 άϐιάστως
3207 1550 3364 1625 οἶμαι
3398 1557 3459 1607 τὸ
3485 1555 3588 1625 τὴν
3623 1554 3726 1608 κά-

2141 1661 2302 1710 μινον
2334 1644 2557 1715 ἐκείνην
2593 1646 2906 1715 ἐνεργείαις
2933 1646 3279 1716 ἁξυμϐάτοις
3309 1648 3378 1701 τά
3424 1664 3488 1717 γε
3518 1649 3598 1710 είς
3620 1647 3727 1716 φύ-

2139 1753 2227 1790 σιν
2263 1737 2591 1807 μερισθῆναι
2622 1737 2767 1803 δυσὶ,
2811 1741 2877 1807 τῇ
2933 1755 2993 1792 τε
3042 1736 3140 1791 τοῦ
3188 1738 3397 1794 καῦσαι
3447 1740 3588 1793 κατὰ
3618 1740 3727 1808 φύ-

2142 1845 2250 1891 σιν,
2288 1830 2383 1881 καὶ
2412 1830 2479 1899 τῇ
2534 1829 2630 1883 τοῦ
2676 1830 2817 1899 ὑπὲρ
2872 1830 3035 1898 φύσιν
3065 1831 3338 1902 δροσίσαι,
3391 1833 3728 1903 ἀμφοτέροις

458 1926 578 1989 ἐνὸς
604 1925 1026 1986 ἐπιστατοῦντος
1049 1925 1249 1991 αίτίου,
1276 1921 1371 1976 τοῦ
1408 1922 1553 1976 θείου
1583 1922 2029 1992 προστάγματος,
2071 1921 2248 1974 εἰπεῖν
2283 1922 2341 1976 δὲ
2373 1927 2469 1977 καὶ
2504 1924 2729 1993 ἐτέρως,
2764 1924 2923 1991 Θεοῦ,
2957 1923 3040 1992 ὃς,
3107 1928 3157 1979 εί
3206 1927 3300 1980 καὶ
3356 1927 3465 1998 πῦρ
3535 1928 3724 1991 άῦλον,

456 2019 597 2073 ἀλλὰ
626 2019 717 2071 καὶ
758 2019 910 2081 ὑετὸς
942 2018 1192 2088 οὐράνιος
1222 2015 1589 2086 τεθεώρηται.
1634 2018 1751 2071 Καὶ
1796 2008 1902 2069 ὦδε
1935 2015 2034 2085 μὲν
2071 2016 2406 2072 καθέσταται
2436 2018 2532 2071 καί
2555 2018 2625 2071 τὰ
2652 2020 2752 2091 τῆς
2773 2021 3037 2090 δευτέρας
3066 2020 3295 2084 λύσεως.

526 2115 581 2170 5.
625 2116 755 2169 Erat
785 2117 949 2169 etiam
986 2115 1140 2168 tertia
1174 2115 1310 2178 hmc,
1344 2128 1660 2184 supponens
1703 2125 1757 2165 et
1788 2114 1903 2181 ipsa
1940 2127 2028 2166 ne-
2063 2115 2106 2169 Β

458 2209 702 2264 cessario
739 2206 1099 2277 providentiae
1149 2205 1243 2260 Dei
1294 2206 1714 2259 ordinationem.
1750 2203 1863 2257 lloc
1916 2205 2038 2258 ideo

460 2302 911 2372 praenoscendum
939 2309 1061 2354 est:
1089 2298 1268 2354 omnis
1302 2298 1556 2353 videlicet
1598 2309 1751 2352 actus
1782 2296 2040 2351 determi-

459 2407 624 2449 natus
654 2410 750 2464 per
777 2394 1204 2457 ordinationem,
1243 2391 1384 2446 sicut
1425 2402 1477 2446 et
1502 2406 1599 2460 per
1640 2391 1904 2443 rationem
1933 2387 2038 2442 im-

464 2489 625 2557 perii,
657 2502 766 2540 non
798 2483 1123 2539 tribuendus
1151 2491 1235 2538 est
1264 2482 1469 2551 agenti,
1502 2482 1594 2536 sed
1627 2480 1928 2546 ordinanti,
1959 2479 2039 2533 si-

462 2595 526 2636 ve
554 2595 645 2633 rex
676 2581 779 2634 iste
806 2581 898 2643 sit,
929 2577 1045 2631 sive
1084 2576 1357 2639 dominus,
1385 2577 1499 2629 sive
1530 2575 1637 2628 alio
1658 2573 1851 2643 quovis
1878 2575 2039 2627 modo

458 2686 688 2742 praeses.
747 2669 861 2725 Hoc
907 2669 1223 2739 praposito,
1253 2667 1643 2722 attendendum
1680 2665 1843 2721 etiam
1874 2674 1959 2720 est
2006 2677 2039 2718 a

463 2764 573 2816 Deo
600 2761 913 2826 ordinante,
950 2774 1048 2815 seu
1077 2758 1428 2814 ordinatione
1459 2758 1641 2811 divina
1665 2770 1893 2825 magnos
1916 2769 2040 2824 pro-

460 2857 586 2911 duci
610 2855 859 2911 eﬂ‘ectus.
893 2855 1213 2910 Addendum
1261 2869 1483 2925 quoque
1517 2855 1585 2908 ab
1613 2868 1679 2908 eo
1707 2852 1824 2908 ﬁeri
1873 2852 2039 2906 mira-

464 2949 591 3003 bilia
618 2959 672 3004 et
717 2949 1184 3018 supernaturalia,
1216 2958 1268 3003 et
1301 2964 1424 3017 qua:
1478 2947 1659 3002 nullus
1704 2947 1870 3000 homo
1900 2944 2040 2998 valet

460 3042 748 3115 attingere,
786 3059 897 3097 uno
921 3044 1116 3106 verbo,
1136 3055 1372 3112 quorum
1398 3055 1597 3096 causas
1619 3040 1858 3093 humana
1882 3053 2038 3092 mens

460 3150 529 3188 ne
545 3134 778 3189 strictim
806 3134 1025 3201 quidem
1048 3133 1290 3188 delibare
1310 3142 1505 3201 potest.
1528 3132 1851 3200 Quanquam
1872 3130 2039 3200 igitur

462 3224 572 3293 igni
603 3224 881 3279 naturales
906 3224 1152 3294 qutedam
1184 3224 1373 3278 insunt
1398 3224 1541 3276 vires
1562 3240 1589 3274 a
1622 3222 1795 3291 prima
1820 3221 2038 3290 origine

461 3317 651 3372 mundi
700 3326 1038 3376 constantes.
1098 3317 1180 3369 ha:
1214 3325 1392 3370 tamen
1430 3299 1570 3368 haud
1625 3315 1697 3366 ita
1742 3312 1945 3382 pollent
1981 3320 2038 3364 ut

462 3423 570 3463 non
603 3408 779 3478 possit
812 3416 1027 3463 creator
1074 3406 1217 3462 Deus
1246 3406 1477 3460 alterare
1499 3420 1564 3459 ac
1585 3414 1892 3472 permutare
1914 3417 2036 3456 om-

463 3501 743 3555 nimodam
776 3501 915 3569 ignis
945 3498 1332 3569 proprietatem
1365 3509 1418 3552 et
1457 3498 1738 3563 virtutem,
1772 3511 1840 3549 ne
1872 3495 2035 3564 glori-

461 3602 624 3646 entur
645 3590 826 3645 Persa:
858 3592 997 3659 ignis
1024 3590 1265 3643 cultores
1292 3589 1435 3658 quod
1462 3589 1534 3641 sit
1563 3586 1911 3655 omnipotens
1936 3600 2035 3640 nec

464 3684 574 3737 Deo
621 3683 893 3737 subditus.
938 3680 1123 3749 Itaque
1174 3679 1265 3733 Dei
1319 3679 1590 3733 ordinatio
1663 3677 1933 3731 convertit
1982 3686 2036 3731 et

460 3773 762 3841 exstinguit
782 3769 929 3825 vires
951 3769 1021 3824 ab
1042 3769 1161 3837 ipsa
1186 3777 1381 3823 natura
1405 3768 1692 3832 excitatas,
1718 3766 1865 3820 addit
1884 3779 2036 3828 vero,

461 3864 681 3932 quando
697 3862 832 3926 vult,
853 3862 989 3917 alias
1009 3858 1453 3930 super-naturales
1464 3869 1518 3914 et
1536 3859 1892 3928 prodigiosas.
1916 3859 1953 3912 ll
1966 3874 2035 3911 n-

463 3958 528 4011 de
558 3956 854 4024 aliquando
875 3954 970 4008 alit
994 3952 1137 4022 ignis
1161 3953 1235 4006 ita
1259 3966 1510 4009 corrosor
1529 3961 1584 4007 et
1600 3952 1848 4005 omnium
1871 3949 2032 4014 edas,

460 4059 519 4105 et
546 4048 806 4114 vivificat,
852 4047 965 4102 Deo
993 4047 1334 4116 imperante:
1372 4055 1432 4101 ttt
1463 4044 1795 4100 animalcula
1826 4054 2037 4099 teStan-

463 4147 551 4195 tur
586 4137 792 4193 nutrita
829 4137 881 4191 in
904 4152 1045 4208 aqua
1078 4135 1343 4201 fervente,
1373 4150 1539 4206 quam
1573 4150 1772 4190 manus
1810 4144 2034 4205 tangere

463 4228 675 4298 nequit.
709 4227 856 4283 idem
886 4226 996 4281 v’im
1035 4225 1228 4281 urendi
1259 4227 1479 4295 penitus
1507 4231 1760 4293 evacuat,
1796 4225 1905 4280 Deo
1920 4232 2036 4280 sta-

463 4304 670 4384 tuente,
724 4330 785 4375 ut
812 4320 1070 4373 invictum
1106 4317 1351 4387 przebent
1373 4328 1754 4388 argumentum
1796 4318 1890 4372 illa
1913 4333 2035 4388 per-

460 4410 633 4463 multa
663 4418 959 4478 martyrum
988 4407 1180 4473 millia,
1208 4407 1303 4476 qui
1345 4407 1524 4478 ignem
1544 4409 1877 4477 superabant
1925 4426 2031 4464 non

460 4499 725 4555 materiali
753 4516 1046 4569 corporum
1082 4500 1347 4568 tegmine,
1384 4501 1479 4555 sed
1510 4501 1872 4557 conversione
1903 4519 2035 4572 pru-

458 4608 541 4646 nae
572 4593 816 4647 ardentis
843 4596 895 4645 in
920 4605 1104 4647 rorem
1124 4590 1559 4661 refrigerantem,
1595 4600 1758 4661 atque
1784 4609 1907 4648 cum
1934 4597 2036 4649 hn-

450 4682 545 4753 jus
572 4684 820 4739 miraculi
848 4683 1275 4753 praecentoribus
1304 4683 1513 4739 sanctis
1552 4683 1739 4753 pueris
1768 4687 2030 4741 concine-

454 4777 586 4830 bant
618 4777 905 4831 victoriam
933 4777 1001 4831 de
1030 4776 1175 4846 igne,
1205 4774 1655 4846 triumphumque
1686 4779 1754 4831 de
1780 4791 1845 4832 eo
1877 4778 2027 4847 jubi-

2136 4786 2249 4840 ὅσοι
2278 4791 2502 4856 ἐκεῖνοι,
2521 4798 2969 4864 καταπατοῦντες

456 4868 659 4922 labant.

452 4962 642 5032 δρόσον
672 4960 1204 5031 άναψύχουσαν,καὶ
1248 4959 1365 5022 τοῖς
1415 4956 1512 5011 τοῦ
1560 4957 1843 5028 θαύματος
1910 4961 2065 5016 τοῦδε
2106 4976 2561 5042 προκατάρξαοιν
2637 4979 2679 5030 is

2216 2121 2287 2183 γ’.
2331 2109 2441 2168 Ἦν
2480 2116 2575 2170 καὶ
2609 2116 2769 2188 τρίτη
2803 2117 2965 2187 αῦτη,
3002 2117 3207 2188 ἔχουσα
3243 2121 3337 2173 καὶ
3378 2120 3515 2190 αὐτὴ
3552 2138 3728 2191 προσ-

2138 2208 2555 2277 υπακουόμενον
2584 2210 2903 2277 ἀναγκαίως
2924 2211 2986 2264 τὸ
3015 2205 3109 2263 τοῦ
3145 2210 3411 2280 βασιλέως
3434 2212 3570 2265 Θεοῦ
3600 2215 3728 2266 ἐπί-

2137 2314 2351 2368 ταγμαι
2403 2299 2485 2353 διὸ
2513 2301 2610 2354 καλ⁸
2640 2302 3010 2373 προληπτέον,
3038 2305 3119 2357 ὅτι
3160 2306 3310 2357 πᾶσα
3337 2306 3592 2375 ὲνέργεια
3624 2325 3728 2359 πε-

2140 2392 2453 2462 ρατουμένη
2488 2391 2579 2447 διά
2636 2394 3013 2466 προστάξεως,
3052 2398 3150 2451 ὅσα
3180 2399 3272 2452 καί
3299 2416 3447 2462 τινος
3498 2402 3730 2470 ἐπιστη-

2142 2484 2477 2553 μοναρχικοῦ
2497 2484 2685 2554 λόγου,
2712 2487 2773 2539 οὐ
2797 2487 2873 2558 τῷ
2900 2487 3120 2558 δρῶντι,
3150 2490 3290 2544 ἀλλὰ
3306 2490 3384 2560 τῷ
3403 2493 3728 2559 ἐπιτάξαντι

2140 2574 2356 2644 βασιλεί
2391 2577 2579 2646 τυχὸν,
2630 2578 2663 2649 ἢ
2723 2580 3105 2652 οἰκοδεσπότῃ,
3153 2583 3186 2652 ἢ
3239 2583 3418 2648 ἄλλως
3472 2586 3726 2640 ὁπωσοῦν

2137 2666 2452 2738 προέχοντι.
2483 2670 2691 2725 Τούτου
2718 2674 3165 2745 προειλημμένου
3195 2678 3354 2747 ἡμῖν,
3386 2678 3725 2750 ἐνθυμητέον

2137 2760 2257 2824 καὶ,
2289 2760 2372 2813 ὅτι
2401 2761 2534 2825 Θεὸς
2559 2763 2870 2819 ἐπιτάττων
2895 2804 2912 2830 ,
2957 2766 3054 2820 καὶ
3102 2767 3249 2823 θεῖον
3278 2770 3631 2840 πρόσταγμα,
3662 2774 3727 2827 τὸ

2138 2850 2201 2917 ἐξ
2237 2851 2432 2918 αὐτοῦ,
2466 2854 2851 2922 μεγαλοποιεῖ.
2905 2857 3132 2921 Τούτοις
3166 2862 3461 2928 ἐπακτέον,
3512 2862 3593 2915 δτι
3627 2866 3726 2916 καὶ

2138 2942 2408 3012 τεράστια
2439 2946 2648 3009 ἐκεῖνος
2695 2949 2866 3013 ποιεῖ,
2896 2949 2993 3002 καὶ
3046 2952 3192 3020 πέρα
3244 2953 3483 3023 φύσεως,
3529 2954 3625 3007 καὶ
3656 2957 3721 3008 οὐ

2139 3037 2261 3091 κατ’
2291 3038 2583 3108 ἄνθρωπον
2610 3041 2829 3107 οὐδένα,
2854 3044 2949 3096 καὶ
2970 3044 3109 3109 ὅλως
3132 3046 3323 3116 φάναι,
3344 3041 3421 3102 ὧν
3444 3048 3546 3103 οὐκ
3573 3048 3727 3103 ἐστιν

2139 3129 2263 3183 οὐδὲ
2294 3132 2614 3202 ἁκροθιγῶς
2639 3133 2849 3204 ψαῦσαι
2895 3137 3253 3211 άνθριυπικὴν
3292 3141 3532 3197 διάνοιαν
3558 3143 3625 3196 τά
3652 3160 3722 3213 γε

2140 3222 2222 3285 είς
2254 3223 2612 3292 αἰτιολογίαν.
2640 3226 2852 3280 Οὐκοῦν
2885 3229 2934 3281 εί
2980 3229 3074 3281 καί
3126 3230 3203 3300 τῷ
3253 3232 3391 3302 πυρὶ
3445 3235 3725 3304 ἐνέργειαι

2140 3330 2289 3378 τινες
2339 3316 2579 3371 δίδονται
2633 3321 2871 3388 φυσικαὶ
2926 3322 3231 3390 ἀνέκαθεν,
3293 3326 3359 3379 ἐκ
3413 3329 3729 3399 καταϐολῆς

2141 3407 2352 3477 κόσμου
2404 3410 2976 3481 συμπαραμένουσαι,
3015 3413 3131 3467 ἀλλ’
3187 3416 3288 3469 οὐκ
3318 3417 3469 3474 ἐστιν
3528 3421 3728 3486 αὐταῖς

2137 3503 2413 3572 αὐχῆσαι,
2450 3505 2533 3558 ὅτι
2575 3506 2677 3559 οὐκ
2709 3506 2829 3560 ἔστι
2875 3507 2955 3580 τῷ
3006 3513 3297 3582 ποιήσαντι
3331 3514 3451 3584 Θεῷ
3493 3515 3729 3588 δύναμις

2135 3595 2430 3650 ἀλλοιῶσαι
2465 3600 2562 3651 καὶ
2614 3602 3030 3669 μετασκευάσαι
3071 3604 3171 3673 τὴν
3205 3608 3262 3659 ἐν
3302 3609 3379 3678 τῷ
3411 3610 3545 3676 πυρὶ
3580 3627 3725 3663 παν-

2133 3686 2288 3740 τοίαν
2313 3688 2547 3759 δύναμιν
2581 3693 2677 3746 καὶ
2701 3693 2989 3764 ἐνέργειαν
3014 3713 3028 3728 ’
3083 3698 3171 3751 ἵνα
3199 3700 3274 3772 μὴ
3305 3702 3726 3768 ἀλαζονεύοιντο

2136 3778 2349 3871 Πέρσαι
2389 3783 2526 3850 πυρὶ
2556 3783 2917 3854 λατρεύοντες
2975 3787 3053 3851 ὡς
3100 3791 3479 3865 πολυδυνάμῳ,
3518 3795 3615 3849 καὶ
3641 3798 3722 3871 μὴ

2136 3870 2202 3924 ἂν
2233 3873 2841 3946 καταδυναστευομένου
2866 3879 2971 3933 ὑπὸ
3000 3883 3093 3934 τοῦ
3115 3882 3272 3937 Θεοῦ.
3292 3886 3385 3939 Διὸ
3407 3889 3721 3943 ἐπιτάσσων

2134 3962 2163 4013 ό
2190 3961 2324 4025 Θεὸς
2354 3965 2690 4031 μεταϐάλλει
2713 3970 2810 4022 καὶ
2839 3971 3094 4027 σϐέννυσι
3119 3976 3221 4045 μὲν
3236 3977 3335 4039 τὰς
3358 3978 3516 4046 φύσει
3542 3982 3724 4050 ἐμπυ-

2140 4058 2447 4123 ρευομένας
2477 4061 2619 4131 αὐτῇ
2661 4062 2948 4134 δυνάμεις,
2984 4067 3232 4139 ἐντίθησι
3264 4073 3340 4138 δὲ,
3387 4075 3475 4127 ὅτι
3506 4075 3573 4129 ἂν
3600 4077 3726 4130 ἐθε-

2133 4143 2300 4237 λήσῃ,
2348 4149 2446 4201 καὶ
2492 4151 2714 4218 ἀλλοίας
2762 4157 3088 4224 τεραστίους
3139 4161 3475 4234 ὑπερφυῶς.
3511 4167 3722 4237 Τρέφει

2133 4234 2269 4302 γοῦν
2294 4253 2429 4292 ποτε
2482 4241 2548 4294 τὸ
2576 4241 2719 4296 οὕτω
2754 4246 3084 4318 φθοροποιὸν
3125 4252 3238 4325 πῦρ
3270 4255 3364 4307 καὶ
3398 4234 3721 4327 παμφάγον,

2134 4328 2231 4381 καὶ
2295 4329 2579 4399 ζωογονεῖ,
2625 4336 2763 4390 Θεοῦ
2798 4341 3118 4407 κελεύοντος
3152 4359 3169 4376 ο
3234 4348 3329 4401 καὶ
3376 4353 3719 4422 μαρτυροῦσι

2136 4421 2410 4477 σκυλάκια
2447 4424 2601 4480 ῦδατι
2633 4430 2822 4501 θερμῷ
2843 4434 3240 4505 ἐντρεφόμενα.
3274 4432 3450 4511 οὗπερ
3479 4421 3577 4496 οὐκ
3598 4444 3720 4499 ἐστι

2134 4512 2330 4605 ψαύειν
2353 4517 2523 4585 χειρί.
2567 4517 2643 4572 Τὸ
2691 4521 2736 4571 δ’
2764 4524 2899 4576 αὐτὸ
2929 4526 3025 4578 καὶ
3057 4528 3156 4596 τὴν
3185 4528 3385 4585 καῦσιν
3426 4541 3717 4605 καταργεῖ,

2134 4604 2193 4698 ἐς
2221 4605 2282 4657 τὸ
2320 4609 2433 4661 πᾶν
2466 4609 2606 4664 Θεοῦ
2656 4613 2998 4679 κελεύοντο;’
3035 4621 3131 4673 καὶ
3171 4625 3472 4693 χορηγοῦσι
3508 4604 3723 4698 μαρτυ-

2138 4695 2261 4790 pia;
2291 4699 2772 4773 ἀπαραγράπτυυς
2815 4709 2866 4761 οί
2900 4709 2996 4762 τοῦ
3030 4711 3171 4765 Θεοῦ
3218 4695 3721 4790 μάρτυρεςήμυρίοι

2994 4801 3058 4854 τὸ
3079 4801 3189 4874 πῦρ
3209 4806 3308 4874 οὐχ
3335 4807 3493 4879 ύλικῇ
3529 4826 3616 4862 στε
3631 4830 3728 4877 γα.

2133 4880 2293 4936 νώσει
2327 4889 2619 4955 σωμάτων,
2656 4890 2793 4945 ἀλλά
2826 4896 3099 4969 μεταϐολῇ
3134 4899 3304 4970 πυρὸς
3339 4904 3592 4967 καίοντος
3636 4907 3722 4967 εἰς

2688 4981 2802 5050 ροῖς
2878 4984 3019 5046 νέοις
3074 4988 3581 5059 συναναμέλποντες
3622 4995 3726 5064 τὴν

455 5054 597 5107 κατὰ
624 5053 719 5107 τοῦ
757 5057 929 5123 πυρὸς
979 5054 1163 5125 νίκην,
1194 5052 1293 5107 καὶ
1341 5052 1670 5123 χαρμόσυνα
1712 5055 1833 5107 κατ’
1869 5056 2035 5109 αὐτοῦ
2075 5065 2480 5132 παιανίζοντες.

529 5149 581 5200 6.
613 5144 897 5201 Fatebitur
941 5160 1071 5217 ergo
1098 5146 1328 5217 quilibet
1356 5150 1439 5201 vir
1471 5148 1690 5216 sapiens
1720 5149 1901 5218 ignem
1944 5167 2036 5206 ro-

455 5240 672 5293 riiluum
711 5238 829 5293 fieri
863 5237 944 5293 eis
978 5253 1099 5307 quae
1135 5237 1387 5303 involvit,
1421 5254 1546 5294 cum
1575 5240 1760 5295 divina
1794 5242 1909 5295 vult
1937 5258 2030 5296 or-

452 5330 690 5383 dinatio:
722 5328 997 5398 siquidem
1028 5330 1189 5385 rebus
1233 5329 1385 5398 puris
1407 5331 1701 5400 omnisque
1726 5333 1905 5386 sordis
1931 5349 2032 5388 cr-

2214 5159 2256 5213 δ’
2264 5200 2277 5215 .
2309 5163 2483 5217 Δώσει
2507 5165 2691 5217 τοίνυν
2736 5166 2886 5232 ἅπας
2919 5170 3206 5241 ἐλλόγιμος
3256 5174 3566 5245 ἄνθρωπος,
3598 5180 3728 5250 δρο-

2140 5252 2308 5316 σῶδες
2337 5255 2690 5309 άπεκϐαίνειν
2723 5259 2834 5329 πῦρ
2860 5261 2953 5312 ἐπί
2992 5278 3057 5329 γε
3093 5266 3209 5327 τοῖς
3243 5265 3729 5341 ἐμπεριειλημμέ-

2136 5360 2247 5406 νοις
2271 5345 2439 5415 αὐτῷ,
2473 5348 2639 5417 ἡνίκα
2670 5350 2813 5403 θεῖον
2842 5350 3097 5421 βούλεται
3128 5358 3489 5428 πρόσταγμα·
3527 5365 3724 5435 ἐπειδὴ

453 5422 691 5488 pcrtibus
711 5421 929 5475 vincere
951 5420 1130 5489 ignem
1149 5421 1568 5475 convenientius
1585 5422 2023 5492 competitquatn

2136 5437 2228 5487 καὶ
2261 5437 2461 5505 πρέπει
2502 5441 2617 5501 τοῖς
2653 5441 2919 5511 καθαροῖς
2951 5445 3046 5495 καὶ
3091 5444 3199 5508 ἔξω
3231 5450 3434 5512 παντὸς
3472 5420 3725 5522 μιάσμαί

450 5513 708 5576 amianto,
731 5526 915 5580 quem,
958 5511 1112 5581 juxta
1165 5512 1450 5565 historiam
1500 5516 1834 5569 naturalem.
1886 5518 2026 5583 ignis

2136 5541 2243 5587 τος,
2291 5543 2601 5598 κατευμεγε

2610 5531 2722 5583 θεῖν
2766 5534 2862 5585 τοῦ
2908 5536 3085 5605 πυρὸς
3138 5538 3535 5612 εὐλογώτερον,
3572 5546 3725 5617 ἥπερ

448 5617 713 5670 superare
742 5616 851 5656 non
883 5603 1045 5665 valet,
1097 5613 1158 5657 ut
1191 5603 1350 5657 docet
1399 5606 1758 5673 experientia.
1801 5605 2025 5661 Minime

2136 5614 2191 5664 τὸ
2223 5616 2343 5667 καθ’
2384 5619 2629 5687 ἱστορίαν
2652 5623 2938 5691 ἀμίαντον,
2974 5620 3036 5679 οῦ
3063 5626 3174 5698 πῦρ
3204 5629 3307 5683 οὐκ
3352 5632 3466 5702 ἔχει
3494 5603 3727 5705 περιγει-

447 5708 579 5748 vero
602 5694 881 5764 singulare
910 5693 977 5749 de
1021 5694 1259 5758 ﬂamma.
1299 5696 1453 5764 juxta
1506 5712 1722 5751 sacrum
1758 5697 2021 5764 Psaltetn,

448 5797 624 5837 rorem
654 5792 866 5840 scatere
892 5787 1117 5851 sanctis,
1143 5801 1266 5841 cum
1312 5789 1532 5843 aliunde
1568 5790 1704 5858 justi
1763 5792 2026 5849 holocau-

446 5884 613 5938 stum,
631 5891 768 5938 aqun
790 5880 1173 5936 succendatur.
1192 5876 1385 5935 Nonne
1403 5881 1630 5936 omnino
1648 5886 1902 5954 congruit
1920 5890 2012 5957 qui

2131 5705 2355 5774 νέσοαι,
2404 5709 2478 5773 ὡς
2511 5712 2544 5780 ἡ
2595 5717 2760 5784 πεῖρα
2819 5719 3114 5784 μανθάνειν
3167 5722 3377 5777 δίδωσι.
3437 5726 3635 5781 Καινὸν
3665 5730 3725 5783 δὲ

2134 5790 2289 5849 οὐδὲν
2318 5797 2561 5867 πάντως,
2589 5803 2655 5855 ἐκ
2705 5807 2904 5875 φλογὸς
2933 5811 3075 5863 κατὰ
3104 5811 3196 5865 τὸν
3253 5814 3415 5883 ἱερῶς
3448 5816 3726 5885 ψάλλοντα

2125 5887 2317 5957 δρόσον
2343 5893 2452 5954 τοῖς
2477 5894 2647 5960 ὁσίοις
2676 5900 3054 5964 πηγάζεσθαι,
3085 5903 3137 5955 εί
3164 5921 3229 5956 γε
3256 5908 3352 5958 καὶ
3385 5906 3597 5961 δικαίου
3630 5913 3724 5965 6o-
