4048 6436
304 400 414 462 293

1231 400 1330 458 DE
1358 397 1487 459 ‘SS.
1529 394 1840 465 ANANIA,
1873 394 2154 453 AZARIA
2198 396 2293 456 ET
2331 397 2690 459 MISAELE.

3468 404 3573 465 29$

306 519 399 569 σία
434 515 586 569 ῦδατι
643 516 816 577 ἄλλως
872 513 1149 584 φλέγεται.
1191 509 1267 566 Ἦ
1312 514 1421 580 γὰρ
1467 514 1587 583 οὐχὶ
1635 510 1883 579 ἀκριϐῶς

1989 509 2112 576 igne
2142 511 2449 579 refrigerat,
2487 514 2740 566 euiudem
2781 527 2921 582 aqua
2957 512 3303 579 comburere,
3352 525 3407 568 et
3439 531 3572 566 cnn-

305 608 628 674 ἀκόλουθον,
657 607 749 661 τὸν
797 607 860 661 ἐν
889 607 1029 676 πυρὶ
1076 606 1419 675 δροσίζοντα,
1473 608 1564 658 τὸν
1609 605 1771 656 αὐτὸν
1804 603 1900 654 καὶ

307 699 376 752 δι’
406 698 596 761 ὓδατος
635 699 882 768 φλέγειν,
913 699 1011 753 καὶ
1060 699 1420 767 παραχωρεῖν
1469 698 1584 760 τοῖς
1629 697 1898 756 ἐναντίοις

315 790 614 860 μίγνυσθαι
643 791 738 844 καὶ
765 787 1131 860 συνέρχεσθαι
1165 787 1259 840 καὶ
1283 786 1350 839 τὰ
1381 786 1627 856 ἀλλήλων
1652 787 1900 855 ἐνεργεῖν

311 882 786 953 ἀντιμεταδόσεως
832 881 999 952 λόγῳ,
1052 880 1130 940 ὡς
1180 877 1535 932 διδάσκεσθαι
1596 880 1692 930 καὶ
1721 875 1899 938 οὕτως

311 974 483 1043 ἡμᾶς,
521 974 728 1042 ἀγαθδν
758 971 902 1027 εἶναι
935 972 1038 1044 τὴν
1070 971 1331 1041 ὁμόνοιαν
1382 969 1478 1025 καὶ
1525 970 1585 1023 τὸ
1615 967 1898 1040 σύμφυλον

307 1065 447 1135 αὐτῇ
483 1067 824 1135 φιλάλληλον
845 1082 861 1132 ;

379 1158 444 1212 ε’.
477 1158 806 1228 Περαίνεται
831 1155 926 1212 οὖν
957 1161 991 1229 ἠ
1022 1160 1186 1228 τρίτη
1230 1158 1388 1220 λύσις
1438 1157 1517 1219 είς
1541 1155 1603 1209 τὸ
1646 1153 1721 1224 μὴ
1748 1155 1900 1224 ἐνέρ-

309 1268 471 1318 γειαν
498 1253 986 1320 ἁποτεταγμένως,
1036 1251 1264 1322 τήνδεῆ
1318 1251 1558 1316 ἐκείνην,
1609 1247 1747 1300 ἀλλὰ
1797 1248 1898 1307 τὰς

307 1341 502 1406 ἁπλῶς
543 1343 852 1411 ἐνεργείας,
889 1341 957 1406 ἃς
1003 1345 1030 1396 ὁ
1059 1343 1195 1406 Θεὸς
1242 1343 1531 1411 ἀπονέμει,
1561 1340 1750 1410 ὥσπερ
1780 1343 1896 1404 τοῖς

314 1433 500 1495 ἄλλοις
537 1433 848 1503 στοιχείοις,
897 1433 1046 1488 οὓτω
1093 1435 1189 1487 καὶ
1241 1434 1319 1503 τῷ
1365 1433 1500 1503 πυρὶ
1555 1431 1899 1502 μετασκευά-

310 1542 454 1587 asto;
485 1525 651 1593 λόγῳ,
675 1526 761 1595 ἐφ’
793 1521 880 1588 οἷς
913 1525 979 1579 ἂν
1020 1525 1388 1594 εὐδοκήσειεν,
1437 1522 1892 1593 ἀπομερίζεσθαι,

308 1617 420 1686 ὅπη
454 1616 654 1686 χρεὼν,
684 1619 760 1679 ὠς
809 1618 976 1676 αὐτὸς
1018 1617 1265 1681 ἐπιτάξει
1291 1631 1308 1646 ⁸
1357 1615 1500 1669 καθὰ
1532 1617 1628 1669 καὶ
1659 1614 1754 1668 νῦν
1785 1613 1893 1667 τῶν

307 1707 632 1760 ἐντεθεισῶν
665 1707 814 1777 αύτῷ
850 1708 945 1760 δύο
971 1707 1287 1778 ἐνεργειῶν,
1321 1707 1418 1776 τῆς
1445 1723 1503 1758 τε
1543 1705 1684 1760 κατὰ
1731 1705 1896 1774 φύσιν

313 1797 588 1862 καύσεως,
614 1799 835 1852 καὶτοῦ
878 1801 1020 1852 κατὰ
1070 1799 1216 1852 θεῖον
1262 1798 1542 1866 κέλευσμά
1579 1797 1894 1867 ὑπερφυοῦς

307 1889 633 1960 δροσισμοῦ,
657 1892 754 1961 τὴν
790 1893 888 1962 μὲν
923 1890 1065 1944 κατὰ
1083 1890 1192 1943 τῶν
1219 1890 1507 1944 Χαλδαίων
1529 1891 1890 1962 ἐπαφῆκε,τῇ

307 1985 362 2036 δὲ
395 1983 522 2046 τοὺς
555 1984 783 2046 πιστοὺς
823 1983 1166 2045 ἐδεξιώσατο.

389 2072 464 2139 ς’.
495 2077 601 2128 Καὶ
626 2075 743 2128 ἐστι
767 2076 867 2145 μὲν
893 2078 988 2130 καὶ
1015 2075 1206 2130 ἀλλοία
1231 2076 1394 2148 καινὴ
1419 2077 1590 2146 πυρὸς
1613 2075 1886 2146 ἐνέργεια,

310 2165 499 2220 θεόθεν
543 2169 951 2237 ἐπιταχθέντος,
1001 2169 1183 2222 καίειν
1223 2170 1324 2239 μέν
1376 2169 1576 2240 δηλαδὴ
1613 2168 1888 2239 σφοδρῶς,

305 2257 370 2310 οὐ
405 2259 732 2312 κατακαίειν
753 2259 834 2324 δὲ,
885 2260 914 2313 ὃ
959 2261 1055 2314 καὶ
1083 2259 1165 2322 είς
1216 2261 1450 2330 χωνείαν
1487 2260 1786 2332 θεωροῦσιν
1839 2261 1890 2313 oi

306 2349 420 2402 τῶν
461 2350 621 2403 θείων
658 2351 978 2417 ἐξετασταὶ,
1006 2349 1380 2405 καλλύνουσαν
1422 2352 1497 2416 ὡς
1529 2355 1608 2416 εἰς
1649 2353 1889 2422 χρυσέαν

305 2440 516 2511 λάμψιν
544 2443 672 2504 τοὺς
701 2441 848 2496 ἔνδον
868 2441 964 2496 τοῦ
990 2443 1234 2496 τοιούτου
1265 2444 1456 2512 πυρός.
1493 2442 1632 2497 Ἀλλ’
1654 2443 1765 2512 ἐγὼ
1790 2442 1889 2513 τὴν

302 2535 606 2606 χρυσοχόον
634 2535 841 2606 ταύτην
873 2537 1069 2591 καῦσιν
1121 2538 1184 2590 ού
1228 2537 1608 2604 καταφάσκειν
1634 2534 1746 2605 ἔχω
1790 2534 1885 2588 τοῦ

299 2629 637 2684 Χαλδαῖκοῦ·
665 2625 784 2684 οῖδα
806 2632 915 2700 γάρ
938 2630 1382 2701 παραδεδομένον
1409 2631 1469 2683 τὸ
1501 2630 1678 2695 πάντη
1704 2628 1888 2682 καινό-

298 2737 488 2783 τατον,
522 2719 622 2790 τὴν
653 2720 930 2792 ἀπραξίαν
960 2721 1121 2775 αὐτοῦ
1172 2722 1270 2774 καὶ
1324 2720 1549 2790 ἀργίαν,
1581 2719 1650 2772 δι’
1702 2713 1770 2790 ἦς
1807 2717 1886 2788 μὴ

300 2812 387 2865 ὅτι
425 2828 487 2880 γε
523 2812 788 2882 χωνεύειν
817 2814 947 2876 τοὺς
977 2814 1035 2866 ἐν
1060 2811 1208 2881 αὐτῷ
1234 2811 1508 2880 θεοφιλεῖς
1535 2810 1749 2874 παῖδας.
1769 2809 1888 2864 ἀλλ’

305 2903 431 2955 οὐδὲ
463 2903 889 2974 ύποθερμαίνειν
909 2903 1206 2973 ἠπίστατο,
1255 2903 1683 2973 διατεθειμένον,
1728 2905 1801 2968 ὡς
1835 2905 1884 2957 εί

304 2998 406 3048 καὶ
433 2995 622 3064 δρόσος
647 2997 845 3061 αὐτοὺς
889 2999 1218 3069 περικέχυτο
1247 3037 1261 3053 .
1297 2995 1412 3050 Ἦν
1457 2998 1514 3051 δὶ
1564 2999 1796 3063 ἐκείνοις
1823 2999 1884 3054 τὸ

305 3087 456 3157 μέγα
479 3087 591 3157 πῦρ
620 3088 799 3144 ἐκεῖνο
835 3090 927 3143 καὶ
956 3089 1212 3162 καθάπερ
1241 3093 1291 3144 εί
1342 3091 1457 3160 φῶς
1488 3092 1751 3161 ἀμυδρὸν,
1787 3110 1883 3163 με-

2003 601 2196 656 cedere
2241 614 2298 657 ut
2328 605 2603 658 contraria
2631 607 3093 660 commisceantur
3135 610 3574 667 enm-eniantque

2001 701 2056 745 et
2097 706 2228 748 suas
2261 695 2495 748 vicissim
2522 706 2859 750 commutent
2892 699 3273 766 proprietates,
3305 708 3466 764 atque
3502 697 3573 749 ita

2002 781 2240 838 doceant
2285 785 2546 854 optimam
2595 803 2717 841 esse
2755 789 3104 844 concordiam
3147 805 3574 860 germanamque

2004 875 2169 946 hujus
2195 886 2438 933 mutuam
2487 879 2782 934 amicitiam
2814 880 2838 935 ?

2070 1149 2124 1203 5.
2150 1149 2228 1203 Ad
2260 1148 2364 1204 hoc
2400 1149 2562 1220 igitur
2594 1153 2751 1206 tertia
2785 1155 3071 1208 reducitur
3119 1155 3348 1221 solutio,
3373 1167 3431 1212 ut
3465 1175 3569 1212 non

1999 1235 2256 1293 virtutem
2284 1239 2642 1296 determinate
2684 1241 2824 1296 hanc
2856 1243 2942 1297 vel
3005 1245 3172 1310 illam,
3215 1247 3307 1300 sed
3349 1260 3573 1303 cunctas

1999 1329 2248 1384 absolute
2280 1332 2448 1396 vires,
2489 1348 2627 1402 quas
2679 1346 2790 1388 tum
2850 1337 3061 1390 caeteris
3112 1337 3396 1394 elementis
3457 1351 3568 1394 tum

2000 1425 2107 1495 igni
2129 1424 2378 1496 largitur,
2413 1429 2747 1482 transmittat
2769 1427 2909 1483 Deus
2931 1445 2994 1484 ac
3035 1429 3321 1500 dispertiat
3346 1433 3572 1501 quibus-

1999 1531 2214 1584 cunque
2249 1519 2503 1585 voluerit,
2526 1519 2616 1572 ubi
2645 1535 2780 1590 opus
2816 1530 2922 1586 est,
2958 1531 3128 1591 utque
3169 1524 3285 1592 ipse
3318 1527 3567 1579 ordinat:

1998 1607 2142 1662 sicut
2207 1623 2354 1664 nunc
2383 1625 2413 1664 e
2447 1611 2660 1664 duabus
2706 1613 2811 1682 igni
2873 1614 3054 1669 insitis
3101 1614 3330 1680 viribus,
3379 1631 3570 1683 nempe

1996 1703 2321 1759 naturaliter
2349 1703 2726 1773 comburendi,
2779 1717 2832 1761 et
2880 1710 3367 1779 supernaturaliter
3424 1710 3568 1762 divi-

1998 1795 2256 1865 nitusque
2301 1796 2676 1866 refrigerandi,
2735 1815 2898 1854 unam
2949 1803 3168 1870 quidem
3203 1803 3257 1857 in
3282 1803 3568 1859 Chaldaeos

1996 1891 2288 1956 convertit,
2318 1891 2488 1945 altera
2527 1906 2658 1946 vero
2703 1893 2950 1948 tidelibus
2983 1894 3137 1949 favit.

2065 2049 2117 2106 6.
2151 2053 2324 2105 Aliam
2379 2052 2559 2109 adhuc
2589 2056 2979 2125 proprietatem
3026 2056 3186 2112 habet
3217 2057 3358 2127 ignis
3389 2072 3416 2110 a
3457 2059 3565 2112 lico

1991 2145 2302 2210 ordinatus,
2331 2147 2441 2201 vim
2468 2163 2662 2218 nempe
2695 2149 2907 2210 urcndi.
2942 2162 2993 2203 et
3029 2167 3134 2204 non
3167 2154 3560 2206 comburcndi:

1992 2232 2141 2306 quod
2167 2237 2351 2292 divina
2385 2237 2716 2295 meditantes
2759 2249 3010 2310 spectant
3055 2243 3105 2296 in
3149 2243 3561 2298 tribulationum

1992 2329 2139 2397 igne,
2173 2345 2281 2400 quo
2307 2331 2485 2387 virtus
2515 2342 2574 2386 ut
2605 2347 2800 2387 aurum
2829 2333 3106 2402 eliquatur
3136 2343 3191 2390 et
3226 2337 3564 2406 splendidius

1989 2421 2365 2478 collustratur.
2409 2423 2514 2479 Sed
2567 2439 2669 2495 ego
2724 2425 2912 2481 dicere
2962 2441 3176 2497 nequeo
3212 2429 3562 2486 Chaldaicum

1990 2512 2171 2583 ignem
2221 2515 2430 2570 nssisse
2465 2527 2524 2570 ut
2580 2517 2682 2572 iste
2735 2534 2846 2588 quo
2875 2530 3134 2591 purgatur
3181 2537 3407 2592 aurum;
3448 2525 3563 2579 seio

1988 2604 2134 2657 enim
2173 2606 2518 2661 traditionem
2550 2624 2670 2678 qua:
2703 2610 2952 2680 perhibet
2995 2612 3144 2667 illum
3178 2614 3375 2685 insigni
3407 2616 3565 2670 mira-

1988 2699 2112 2751 culo
2169 2699 2241 2753 ita
2291 2699 2619 2755 ineiiicacem
2655 2701 2983 2772 irritumque
3027 2705 3196 2762 fuisse
3225 2704 3449 2774 factum,
3503 2719 3564 2762 ut

1988 2790 2184 2845 nedum
2206 2792 2531 2848 dissolveret
2559 2794 2765 2848 amicos
2785 2793 2877 2850 Dei
2893 2797 3147 2864 juvenes,
3174 2813 3243 2852 nc
3263 2798 3560 2855 calefacere

1988 2883 2208 2953 quidem
2230 2887 2452 2953 valeret,
2473 2886 2570 2942 sed
2600 2887 2750 2942 lieret
2773 2890 2931 2960 quasi
2961 2906 3049 2946 ros
3073 2891 3152 2946 eis
3173 2893 3560 2950 circumfusus.

1987 2975 2118 3030 Erat
2147 2977 2309 3031 etiam
2339 2979 2448 3034 illis
2475 2979 2662 3050 ingens
2691 2981 2780 3036 ille
2824 2982 3250 3052 focustanquam
3282 2985 3324 3040 si
3361 2988 3563 3041 subob-

1989 3083 2149 3123 scura
2187 3069 2278 3124 lux
2317 3071 2424 3124 luci
2463 3071 2654 3126 vividae
2695 3073 2914 3127 admota
2937 3076 3335 3145 exstinguatur.
3366 3077 3430 3132 Et
3476 3087 3560 3134 est

295 3181 451 3251 γάλῃ
483 3181 642 3250 φλογὶ
677 3182 941 3248 πελάσαν,
995 3182 1420 3237 ἀποσϐέννυται.
1476 3184 1586 3237 Καί
1639 3201 1702 3252 γε
1734 3183 1882 3239 ἐστιν

1987 3163 2206 3231 quidem
2235 3178 2320 3217 res
2345 3163 2500 3216 Valde
2532 3178 2862 3236 congruens.
2897 3165 3030 3220 Nam
3084 3168 3229 3236 ignis
3255 3169 3376 3222 fidei
3407 3173 3562 3239 ejus-

291 3272 619 3337 ἀκολούθως
648 3272 773 3344 ἔχον
803 3275 866 3328 τὸ
897 3275 1130 3346 πρᾶγμα
1151 3311 1168 3329 .
1224 3275 1470 3340 Πίστεως
1501 3279 1612 3347 γὰρ
1642 3277 1754 3348 πῦρ
1786 3278 1880 3332 καὶ

295 3368 342 3436 ἡ
374 3365 588 3419 ἐκεῖθεν
617 3365 769 3435 φλὸξ.
799 3365 942 3437 ἅπερ
973 3370 1023 3420 oi
1065 3367 1258 3431 παῖδες
1283 3368 1376 3420 ἐπὶ
1437 3367 1514 3439 τῷ
1544 3368 1664 3440 Θεῷ
1712 3370 1882 3441 ἐπύρ-

294 3474 486 3521 σευον,
510 3457 835 3528 ἁξύμμετρα
851 3455 993 3529 ἦσαν
1012 3459 1148 3528 πρὸς
1164 3458 1225 3511 τὸ
1247 3459 1550 3513 Χαλδαῖκδν
1574 3462 1668 3514 καὶ
1702 3461 1807 3515 άσύ
1817 3481 1884 3532 μ-

289 3547 517 3616 ϐληταο
549 3549 645 3602 καὶ
697 3549 880 3602 τοίνυν
931 3549 1325 3621 κατεμάραναν
1383 3551 1498 3621 πῦρ
1555 3553 1742 3606 ἐκεῖνοί
1784 3554 1882 3607 καὶ

291 3639 637 3708 ἀνθρακιὰν,
667 3641 766 3710 τὴν
786 3641 910 3695 κατ’
935 3641 1091 3706 αὐτὸ,
1129 3642 1302 3714 ἑτέρῳ
1339 3642 1568 3714 μείζονι,
1599 3645 1696 3698 καὶ
1741 3645 1882 3700 θειο-

283 3731 475 3799 τάτῳ,
505 3731 596 3783 καὶ
622 3730 711 3784 διὰ
737 3732 898 3784 τοῦτο
923 3733 1192 3802 άστὲκτῳ.

375 3818 444 3884 ζ’.
488 3820 687 3889 Ἐχρῆν
713 3820 822 3890 ἄρα
855 3823 980 3884 τοὺς
1014 3823 1459 3894 ἐκκεκαυμένους
1487 3824 1564 3893 τῷ
1585 3824 1725 3878 κατὰ
1746 3825 1881 3879 Θεὸν

285 3911 455 3980 ζήλῳ
488 3909 560 3978 μὴ
611 3905 751 3963 εἶναι
801 3911 1142 3973 καταπόνους
1190 3912 1436 3983 αἰσθητῷ
1482 3914 1677 3986 ἐκείνῳ
1724 3917 1878 3985 πυρὶ,

285 4001 446 4055 ἀλλὰ
486 4000 880 4070 καταχορεύειν
905 3999 1093 4067 αὐτοῦ,
1125 4003 1201 4067 ὡς
1234 4005 1284 4057 εί
1325 4004 1420 4057 καὶ
1451 4003 1678 4074 ψύχοντι
1715 4005 1881 4073 ἐμϐε-

286 4095 539 4162 ὗήκασιν
561 4091 735 4146 ῦδατι.
761 4092 992 4162 Ἐφριξε
1012 4093 1142 4163 γὰρ.
1161 4095 1305 4147 κατά
1327 4093 1420 4146 τὸν
1441 4092 1616 4158 οὕτως
1633 4094 1879 4159 εἰπόντα,

283 4187 398 4239 καὶ
433 4180 542 4248 εἶξε
569 4185 822 4254 σώμασιν
859 4185 1061 4253 ἁγίοις,
1111 4182 1193 4248 οἷς
1224 4185 1358 4249 Θεὸς
1406 4185 1620 4256 ἐνῴκει,
1656 4191 1715 4240 τδ
1757 4189 1881 4240 σύν-

277 4276 492 4330 ὁουλον
523 4275 659 4346 πῦρ,
690 4277 784 4329 καὶ
817 4277 916 4328 οὐκ
952 4270 1065 4345 εἶχε
1089 4277 1203 4340 τοῖς
1243 4277 1488 4346 γνησίοις
1535 4277 1748 4330 ἐκείνου
1794 4278 1884 4330 θε-

286 4368 606 4440 ραπευταῖς
647 4365 710 4418 τὸ
755 4368 1016 4418 ταπεινὸν
1066 4366 1423 4419 ἀνθίστασθαι
1455 4382 1470 4397 ο
1516 4366 1634 4419 ἀλλ’
1667 4367 1743 4429 ὡς
1791 4363 1880 4420 οἷα

281 4453 690 4528 κρυσταλωοέν
715 4454 795 4524 τῷ
827 4455 978 4525 φόϐῳ
1009 4457 1364 4528 κατηργεῖτο,
1399 4455 1496 4509 καὶ
1526 4456 1587 4510 τὸ
1614 4456 1714 4527 τῆς
1745 4457 1879 4512 καύ-

281 4565 445 4612 σεως
478 4548 576 4599 οὑκ
606 4545 752 4617 εἶχεν
795 4547 1044 4619 αὔχημα.

368 4635 443 4707 η’.
473 4637 690 4708 Ταύτης
718 4640 783 4708 δὴ
813 4640 910 4692 καὶ
941 4639 1134 4710 τρίτης
1167 4639 1614 4712 ἐπενηνεγμένης
1643 4641 1872 4709 λύσεως,

277 4729 577 4798 παρετέθη
592 4730 728 4799 αύτῇ
753 4730 851 4783 καὶ
873 4730 1087 4800 ἐτεροία
1111 4731 1344 4802 τετάρτη
1367 4730 1532 4802 αὕτη.
1557 4733 1873 4802 Ἐνεργείας

280 4822 453 4874 ἐστιν
487 4818 800 4889 ἐψαλμένας
831 4820 1068 4874 ἐνταῦθα
1091 4821 1288 4890 νοῆσαι
1327 4824 1420 4876 κα)⁹
1442 4824 1539 4885 τὰς
1561 4818 1630 4894 ἦν
1657 4824 1747 4875 ὅτε
1772 4824 1875 4877 πά-

273 4915 386 4965 λαι
417 4911 549 4962 ποτε
582 4910 658 4980 τῷ
705 4911 840 4980 πυρὶ
889 4912 1334 4982 ἐνθεωρουμένας
1359 4929 1373 4944 ο
1403 4914 1504 4967 οὐκ
1532 4914 1760 4978 ἀπεικὸς
1789 4915 1871 4980 δὲ,

275 5005 476 5059 εἰπεῖν
505 5001 598 5054 καὶ
642 5002 1111 5073 ἐνοπτριζυμένας
1164 5006 1405 5074 μεγάλας
1453 5007 1548 5059 καὶ
1580 5006 1870 5070 θειοτὰτας

275 5095 643 5158 ἀπεκϐάσεις
681 5094 977 5166 ἐσύστερον
1025 5097 1134 5150 τῶν
1165 5097 1452 5166 γραφικῶν
1482 5099 1580 5167 τῆς
1609 5098 1870 5167 ἀληθείας

271 5186 617 5250 τυπώσεων,
649 5185 714 5250 ἃς
765 5187 1164 5258 ὑπογραφικῶς
1215 5189 1666 5259 ἐσκιαγράφησεν
1695 5191 1871 5244 ἐκεῖνο

272 5283 348 5334 τὸ
386 5276 520 5346 πῦρ,
554 5280 610 5331 ἐν
643 5273 733 5341 αἷς
778 5279 875 5333 τοῦ
906 5281 1159 5352 Σωτῆρος
1203 5283 1362 5351 ἡμῶν
1418 5283 1595 5350 Ἰησοῦ
1630 5281 1867 5350 Χριστοῦ

273 5370 674 5434 ἁπεικονίζετο
699 5370 978 5440 γέννησις,
1004 5373 1126 5425 καθ’
1151 5375 1216 5442 ἢν
1241 5373 1396 5425 τοῦτο
1412 5373 1477 5442 δὴ
1504 5373 1565 5425 τὸ
1595 5373 1869 5441 πάςιμεγα

274 5461 600 5532 τεράστιον,
630 5461 691 5513 τὸ
718 5460 820 5530 τῆς
856 5461 1112 5526 θεότητος
1160 5462 1292 5531 πῦρ,
1323 5463 1398 5524 ὡς
1432 5465 1490 5514 ἐν
1520 5463 1704 5525 ἄλλοις
1735 5463 1872 5532 ψάλ-

271 5555 464 5615 λεται,
495 5553 594 5622 τὴν
623 5553 898 5623 παρθένον
925 5554 1026 5606 οὐκ
1055 5554 1301 5623 ἔφλεξεν,
1331 5551 1419 5608 οἷα
1448 5557 1658 5626 ὄμϐρου
1685 5557 1865 5625 δίκην,

272 5647 343 5698 ὅν
394 5645 712 5714 προφητικὴ
761 5645 956 5715 ὅρασις
1004 5647 1281 5718 ἐθεώρησε
1332 5653 1746 5718 πυρφορήσασα
1775 5649 1866 5701 τὸν

1901 4523 1955 4583 D

1985 3269 2090 3326 que
2113 3253 2349 3318 ﬂamma,
2377 3255 2577 3326 quibus
2601 3256 2753 3326 pueri
2792 3258 2844 3310 in
2879 3256 3046 3312 Deum
3072 3258 3391 3329 ﬂagrabant,
3440 3267 3560 3317 nul-

1987 3345 2094 3399 lam
2161 3344 2434 3400 habebant
2501 3347 2910 3415 proportionem
2979 3351 3558 3421 comparationemque

1985 3453 2111 3492 cum
2139 3438 2263 3508 igne
2289 3437 2622 3493 Chaldaico:
2659 3439 2803 3493 unde
2834 3438 3184 3496 infuscabant
3207 3443 3382 3514 ignem
3411 3446 3558 3499 hunc

1986 3529 2219 3599 ejusque
2265 3529 2512 3582 ardorem
2563 3528 2738 3584 altero
2785 3530 3025 3600 majore,
3076 3548 3140 3589 ac
3185 3533 3556 3600 divinissimo,

1982 3621 2216 3692 ideoque
2245 3621 2600 3675 intolerabili.

2055 3799 2106 3856 7.
2135 3800 2435 3871 Oportebat
2469 3801 2635 3870 igitur
2666 3802 2783 3858 zelo
2827 3801 2922 3858 Dei
2976 3820 3237 3863 accensos
3272 3808 3378 3876 igni
3434 3811 3561 3867 huic

1981 3894 2228 3948 sensibili
2265 3895 2406 3948 baud
2440 3911 2562 3949 esse
2595 3895 2857 3964 impares,
2889 3899 2982 3951 scd
3020 3902 3349 3975 superiores,
3402 3904 3559 3970 quasi

1983 3985 2231 4056 frigidam
2269 3987 2543 4057 ingressos
2591 4003 2812 4057 aquam.
2863 3987 3150 4044 Infremuit
3199 3993 3371 4055 enim,
3404 3996 3558 4049 utita

1981 4083 2182 4144 dicam,
2229 4090 2282 4136 et
2334 4084 2501 4138 cessit
2531 4085 2856 4151 corporibus
2895 4085 3108 4139 sanctis
3139 4101 3260 4155 qua:
3297 4086 3437 4140 Deus
3478 4087 3560 4140 in-

1980 4174 2284 4240 habitabat,
2319 4175 2612 4230 famulatus
2646 4177 2808 4246 ignis,
2841 4191 2944 4230 nec
2976 4178 3154 4246 potuit
3203 4178 3422 4248 inclytis
3463 4180 3553 4232 lici

1978 4267 2164 4337 pueris
2195 4283 2349 4323 suam
2388 4283 2664 4337 opponere
2693 4268 2973 4334 vilitatem,
3011 4272 3104 4324 sed
3143 4271 3290 4326 velut
3327 4275 3556 4328 horrore

1977 4359 2186 4430 gelidus
2211 4370 2264 4415 ct
2296 4361 2480 4426 bebes,
2511 4375 2670 4416 urere
2691 4375 2800 4416 non
2833 4364 3202 4433 praesumpsit.

2052 4629 2106 4684 8.
2149 4629 2339 4684 Allata:
2369 4629 2446 4684 illi
2471 4632 2646 4686 tertiae
2676 4632 2938 4687 solutioni
2968 4635 3153 4688 addita
3181 4645 3265 4690 est
3295 4637 3408 4691 haec
3447 4639 3550 4693 alia

1979 4731 2196 4790 quarta.
2221 4721 2533 4790 Recogitari
2563 4722 2708 4776 enim
2736 4735 2989 4793 possunt,
3021 4735 3131 4778 tum
3161 4741 3282 4794 quae
3311 4727 3396 4781 bic
3423 4745 3554 4796 pra--

1980 4815 2104 4869 latae
2135 4823 2262 4869 sunt
2295 4814 2548 4878 virtutes,
2593 4825 2706 4868 tum
2758 4830 2880 4884 quae
2920 4816 3216 4884 aliquando
3246 4818 3453 4886 pridem
3495 4821 3549 4872 in

1980 4907 2105 4975 igne
2134 4907 2550 4975 conspiciuntur
2575 4923 2589 4970 ;
2619 4921 2720 4960 nec
2753 4907 3032 4961 immerito
3059 4909 3291 4964 dixerim
3321 4913 3463 4965 velut
3496 4913 3548 4966 in

1979 4998 2202 5067 speculo
2250 4997 2490 5066 prospici
2536 5012 2762 5066 magnos
2800 4998 3287 5073 divinissimosque
3322 5016 3550 5060 eventus

1977 5099 2301 5145 consecutos
2321 5089 2675 5158 scripturales
2697 5091 2939 5146 veritatis
2960 5092 3185 5162 figuras,
3203 5110 3342 5164 quas
3362 5101 3552 5150 adum-

1976 5184 2173 5236 bratim
2208 5183 2517 5236 delineabat
2567 5183 2656 5238 ille
2700 5181 2871 5252 ignis,
2912 5192 2967 5238 et
3001 5185 3204 5254 quibus
3253 5186 3550 5244 Salvator-‘5

1975 5273 2149 5330 nostri
2193 5275 2618 5344 portendebatur
2652 5275 2930 5332 nativitas.
2979 5275 3038 5330 In
3081 5277 3184 5332 hac
3227 5281 3394 5347 enim,
3455 5298 3550 5351 per

1977 5368 2193 5436 insigne
2222 5367 2572 5431 miraculum,
2601 5367 2902 5423 divinitatis
2935 5369 3103 5436 ignis,
3138 5378 3196 5424 ut
3227 5373 3354 5426 alibi
3397 5378 3546 5427 cani-

1975 5469 2084 5522 tur,
2123 5459 2388 5528 virgiuem
2427 5461 2570 5511 baud
2627 5461 2785 5526 ussit,
2823 5477 2940 5531 quae
2992 5463 3183 5516 imbris
3216 5465 3388 5519 instar
3421 5481 3548 5534 pro-

1972 5552 2184 5620 phetica
2217 5552 2429 5604 visione
2461 5552 2756 5620 prospecti,
2810 5553 2991 5623 ignem
3041 5557 3294 5623 gestavit,
3351 5573 3544 5625 nempe

1971 5657 2140 5696 unum
2194 5642 2260 5696 de
2314 5641 2584 5698 Trinitate
2641 5643 2944 5700 Christum.
2997 5645 3299 5702 lneﬂabiles
3354 5649 3542 5702 insunt

275 5739 385 5804 τῆς
416 5736 646 5806 Τριάδος
695 5735 793 5789 ἕνα
832 5737 1090 5807 Χριστόν.
1157 5739 1484 5811 Ἐνεργειῶν
1512 5740 1660 5810 λόγῳ
1688 5739 1864 5793 ταῦτα

1991 5736 2110 5803 gnis
2135 5733 2498 5802 proprietates
2527 5736 2925 5803 supernaturali
2950 5735 3078 5793 huic
3110 5738 3376 5792 nativitati
3403 5757 3415 5801 ;
3445 5755 3539 5804 per

277 5827 532 5894 πυρίνων
584 5827 850 5899 ἀρρήτων
905 5831 1214 5900 γεννήσεως
1273 5831 1611 5900 ὑπερφυοῦς,
1654 5831 1721 5885 δι’
1766 5827 1858 5900 ἦς,

1967 5842 2155 5897 quam,
2193 5826 2340 5881 velut
2379 5840 2474 5895 per
2504 5825 2683 5897 ignem
2730 5829 3010 5884 ardentem
3049 5831 3209 5885 simul
3241 5841 3294 5884 et
3327 5832 3537 5886 viviiice
