4048 6436
460 401 566 464 295

1209 403 1625 465 EUS’I‘ATHII
1666 402 1956 461 THESSA
1968 403 2114 462 LON
2127 405 2141 462 Ι
2154 404 2425 464 CENSIS
2467 401 3028 463 METROPOLIT/E

3611 404 3720 470 296

462 520 819 581 irrorantem,
846 514 1025 569 omnis
1047 513 1261 583 impura
1293 524 1504 567 naturae
1527 521 1726 566 nostra}
1755 513 2013 566 materies

2139 515 2240 566 ὅσα
2274 514 2368 566 καὶ
2404 510 2577 583 πυρδς
2626 512 2975 581 φλογίξυντος
3029 511 3145 581 ἀρα
3173 521 3270 564 καί
3299 511 3567 580 ζωογόνον
3594 514 3720 582 δροο

459 625 581 679 qnae
612 607 991 663 Chaldaeorum
1024 619 1177 660 more
1200 606 1605 660 concremanda
1633 614 1775 668 erat,
1799 612 1940 659 tosta
1978 613 2033 659 et

459 710 581 755 usta
614 699 736 763 fuit,
764 710 820 754 et
848 700 991 753 sicut
1011 696 1064 751 in
1083 696 1322 751 cinerem
1350 704 1643 750 extenuata
1677 695 1814 749 abiit
1844 695 2034 764 periit-

457 808 586 860 que,
615 792 738 862 igne
772 799 1122 859 consumpta,
1148 788 1266 858 qui,
1298 796 1361 843 ut
1386 788 1460 842 ait
1483 786 1775 856 Propheta,
1809 802 2029 842 omnem

457 884 667 951 pcccati
697 882 959 935 malitiam
1007 878 1289 934 interﬁcit.
1325 877 1481 945 Quod
1520 887 1702 932 autem
1734 877 1922 931 debuit
1941 893 2034 931 su-

456 987 678 1041 peresse
696 988 757 1025 ac
790 971 1103 1026 conservari
1133 971 1200 1024 ad
1230 971 1396 1025 Deum
1424 970 1534 1023 vita
1557 970 1797 1039 angelica
1829 969 2031 1039 glorili-

452 1066 708 1128 candum,
742 1063 1045 1127 remansit;
1099 1071 1153 1117 et
1188 1063 1302 1117 hmc
1344 1062 1562 1117 residua
1602 1063 1762 1116 nobis
1790 1077 1913 1132 pars
1945 1070 2030 1116 est

449 1159 606 1224 quasi
634 1156 790 1225 plebs
819 1156 930 1219 Dei,
961 1172 1084 1223 qua:
1105 1165 1159 1210 et
1184 1155 1300 1224 ipsa
1328 1155 1408 1209 illi
1442 1155 1551 1223 igni
1574 1154 1901 1216 consimilis,
1926 1170 2029 1208 nec

449 1248 519 1299 ab
544 1264 606 1298 eo
635 1255 983 1314 consumpta,
1009 1246 1103 1299 sed
1135 1245 1320 1299 divino
1350 1246 1676 1314 baptismate
1719 1243 2024 1299 illuminata

448 1337 690 1393 simulet
714 1338 1057 1408 refrigerata,
1087 1338 1166 1391 sic
1192 1338 1466 1391 diviniore
1506 1337 1677 1404 fulget
1708 1335 2016 1405 splendore.

2143 608 2410 671 σίζον-τος,
2442 609 2595 661 πᾶσα
2627 605 2728 676 μὲν
2753 608 2812 659 ἐν
2841 608 2958 669 τοῖς
2980 605 3105 659 καθ’
3129 607 3278 677 ἡμᾶς
3306 607 3559 676 μοχθηρὰ
3588 606 3717 675 ὕλη,

2137 699 2344 766 ὁπόσην
2375 698 2695 760 Χαλδαῖκῶς
2728 698 2897 769 ἐχρῆν
2929 698 3352 761 κατακαίεσθαι,
3383 699 3715 770 κατεφρύγη

2139 790 2233 844 καὶ
2280 789 2578 860 ἔξεκαύθη,
2626 792 2723 844 καὶ
2756 790 2832 853 ὡς
2874 793 2954 853 εἰς
2988 790 3117 860 χοῦν
3152 790 3516 844 λεπτυνθεὴα
3540 790 3715 862 ᾤχετο

2138 883 2230 935 καὶ
2260 881 2512 948 ὲξώλετο,
2544 883 2680 953 πυρὶ
2730 884 3095 950 ἀφανισθεῖσα
3144 881 3223 953 τῷ
3273 886 3603 954 προφητικῷ
3630 884 3714 936 εί-

2133 974 2277 1036 πεῖν,
2329 974 2788 1027 καταναλίσκοντι
2838 977 3022 1028 πᾶσαν
3071 974 3462 1046 ἀμαρτητικὴν
3513 976 3714 1044 φαυλό-

2131 1080 2291 1129 τητα.
2344 1064 2574 1117 Ὀπόσον
2604 1065 2661 1116 δὲ
2695 1064 2803 1117 ἔδει
2840 1068 3115 1136 περιεῖναι
3151 1065 3228 1135 τῷ
3268 1066 3369 1135 pip
3411 1067 3508 1120 καὶ
3539 1068 3711 1131 σώζε-

2133 1156 2260 1207 σθαι
2302 1158 2382 1218 εἰς
2430 1154 2591 1219 δόξαν
2636 1155 2796 1218 Θεοῦ,
2833 1157 2931 1225 τὴν
2963 1157 3051 1210 διὰ
3082 1158 3362 1211 πολιτείαν
3394 1160 3705 1226 ίσάγγελον,

2132 1248 2521 1317 περιεποιήθηο
2547 1249 2643 1300 καὶ
2677 1249 2796 1302 ἐστι
2824 1248 2920 1302 τοῦ
2950 1249 3179 1318 λάχνους
3208 1251 3402 1304 τούτου
3429 1254 3456 1303 ό
3486 1252 3710 1320 περιού-

2131 1358 2244 1404 ato;
2280 1342 2339 1394 ὲν
2386 1344 2519 1412 ἡμῖν
2551 1343 2679 1406 λαὸς
2710 1342 2804 1395 τοῦ
2861 1341 3023 1407 Θεοῦ,
3056 1345 3084 1396 ό
3118 1346 3213 1396 καὶ
3247 1344 3411 1407 αὐτὸς
3443 1344 3520 1414 τῷ
3571 1350 3708 1415 πυρὶ

448 1431 737 1499 προσφυὴς
762 1430 979 1499 ἐκείνῳ,
1008 1429 1103 1483 καὶ
1132 1428 1201 1481 δι’
1226 1429 1359 1482 αὐτὸ
1394 1430 1468 1500 μὴ
1492 1428 2043 1495 καταναλισκόμενος,
2071 1430 2207 1486 ἀλλά
2241 1433 2371 1505 θείῳ
2403 1434 2742 1505 βαπτίσματι
2778 1436 3148 1505 φωτιζόμενος
3182 1435 3299 1505 ἅμα
3367 1435 3463 1488 καὶ
3519 1436 3708 1506 δροσι-

447 1524 699 1595 ζόμενοτ,
735 1529 828 1579 καὶ
859 1522 1000 1579 οὕτω
1038 1524 1401 1596 πυριλαμπὴς
1446 1525 1719 1596 θειότερον
1765 1527 2177 1597 ἐκφαινόμενος.
2535 1530 2544 1539 ’

520 1620 574 1674 9.
607 1618 717 1673 Has
756 1619 915 1673 nobis
954 1619 1103 1672 clare
1136 1627 1319 1687 postea
1352 1618 1405 1672 in
1438 1618 1755 1674 novissimis
1812 1627 2023 1688 tempo-

448 1714 601 1767 ribus
644 1710 1018 1765 manifestatas
1063 1711 1414 1780 operationes
1474 1725 1902 1779 praemonstrans
1948 1711 2020 1766 ob

448 1804 779 1875 inclytorum
815 1802 974 1857 trium
1011 1802 1277 1873 iuvenum
1331 1802 1648 1858 chaldaicus
1686 1803 1936 1858 caminus
1963 1811 2020 1857 et

448 1898 677 1967 ﬁgurate
703 1896 1059 1963 adumbrans,
1089 1912 1254 1952 unam
1274 1898 1495 1968 quidem
1514 1900 1805 1955 exercebat
1829 1898 2020 1955 adver-

2202 1623 2269 1677 0'.
2306 1623 2524 1687 Ταύτας
2572 1623 2638 1693 δὴ
2668 1624 2768 1687 τὰς
2814 1622 3061 1693 ἐναργῶς
3091 1623 3149 1676 ὲν
3192 1623 3303 1685 τοῖς
3334 1619 3563 1691 ὕστερον
3612 1620 3705 1673 ἐπ’

2126 1716 2359 1785 ἐσχάτου
2395 1716 2505 1769 τῶν
2538 1714 2753 1770 αἰώνων
2777 1714 3212 1786 ὲμφανισθείσας
3244 1715 3379 1783 ἡμῖν
3417 1713 3704 1783 ἐνεργείας

2126 1809 2438 1863 ὲκτυποῦσα
2468 1810 2558 1863 διὰ
2589 1811 2689 1879 τῆς
2718 1810 2827 1863 τῶν
2877 1809 3134 1879 μεγάλων
3157 1808 3327 1876 τριῶν
3361 1807 3569 1859 παίδων
3596 1823 3701 1861 κα-

2128 1903 2431 1973 θαρότητος
2456 1904 2488 1973 ἡ
2515 1903 2795 1973 Χαλδαῖκὴ
2828 1901 3099 1972 πυρκαϊὰ,
3121 1902 3217 1954 καὶ
3260 1899 3550 1961 είκονικῶς
3579 1898 3701 1949 δια-⁵
3777 1936 3783 1941 .

445 2005 541 2045 Sus
568 1990 870 2055 Chaldaeos,
905 2006 1045 2061 quos
1069 1992 1449 2059 comburebat,
1496 1991 1727 2046 alteram
1781 2006 1912 2045 vero
1965 1990 2013 2044 in

2125 1993 2511 2064 ζωγραφοῦσα,
2547 1994 2772 2065 ἐμέριζε
2809 1995 2909 2062 τὴν
2944 1993 3044 2064 μὲν
3076 1992 3218 2046 κατὰ
3248 1992 3359 2045 τῶν
3390 1991 3698 2057 Χαλδαίων,

447 2094 665 2139 sanctos
695 2085 946 2154 juvenes,
992 2098 1131 2153 quos
1174 2084 1553 2153 refrigerabat.
1608 2081 1815 2149 Quodsi
1848 2083 2024 2150 majo-

448 2183 491 2234 ri
515 2181 761 2235 claritatc
785 2178 1111 2235 elucidanda
1141 2178 1213 2233 sit
1258 2191 1501 2247 praesens
1529 2175 1838 2246 explanatio
1861 2190 2023 2230 ener-

445 2277 548 2344 gize
586 2273 902 2345 Bahylonici
950 2272 1114 2342 ignis,
1164 2271 1437 2325 canticum
1473 2269 1679 2324 divisas
1721 2270 1873 2334 dicit,
1913 2284 2019 2324 non

447 2375 558 2417 tam
592 2363 736 2417 vires
751 2376 872 2431 quae
902 2370 1031 2415 tunc
1054 2358 1108 2413 in
1139 2358 1232 2413 illo
1250 2367 1407 2413 erant
1427 2369 1480 2414 et
1497 2358 1566 2413 ab
1594 2373 1661 2413 eo
1690 2356 2022 2415 exerceban-

446 2466 559 2521 tur,
590 2469 751 2524 quam
778 2454 833 2507 in
867 2462 1145 2522 posterum
1172 2449 1406 2515 futuras,
1440 2459 1504 2505 ut
1532 2459 1661 2505 tunc
1693 2450 1924 2520 quidem-
1944 2461 2026 2504 ta-

446 2551 529 2605 les
576 2548 719 2619 ignis
747 2546 1110 2617 proprietates
1162 2544 1486 2615 pr0phetica
1545 2554 1758 2599 tantum
1808 2545 2020 2599 visione

444 2641 909 2713 prospicerentur,
944 2646 1129 2708 postea
1158 2651 1290 2692 vero
1319 2637 1453 2707 ipsis
1471 2638 1648 2693 oculis
1675 2638 1825 2692 clare
1857 2652 2021 2706 appa-

446 2741 648 2797 rerent,
684 2739 739 2785 et
774 2733 855 2787 sic
887 2730 1163 2785 veteribus
1194 2728 1385 2799 ﬁguris
1417 2730 1832 2799 responderent,
1887 2729 2019 2797 jux-

444 2835 499 2880 ta
539 2840 757 2880 sacrum
785 2831 1088 2885 cautorem,
1128 2828 1356 2876 eventus
1395 2819 1471 2874 illi
1499 2821 1833 2891 posteriores
1873 2836 2018 2876 nunc

443 2915 742 2986 adimpleti,
769 2912 989 2984 quando
1008 2911 1262 2966 videlicet
1285 2919 1557 2981 concepto
1583 2911 1639 2966 in
1667 2909 1888 2981 Virgine
1927 2911 2017 2964 in-

442 3010 725 3064 combusta
764 3007 885 3077 igne
922 3004 1244 3069 divinitatis,
1277 3003 1422 3057 unde
1452 3012 1609 3058 ortus
1652 3011 1738 3059 est
1778 3001 1901 3056 fons
1933 3001 2018 3055 vi-

441 3110 532 3167 tae,
568 3108 620 3154 et
648 3097 884 3152 ﬂammis
909 3107 1125 3151 scatens
1159 3095 1225 3149 ad
1259 3092 1565 3149 exurendos
1598 3107 1788 3147 omnes
1815 3092 2019 3147 diaboli

442 3189 698 3250 tribulos,
720 3202 775 3243 et
805 3201 925 3241 rore
943 3185 1100 3240 dives
1121 3183 1511 3254 adzirrigandas
1526 3182 1617 3237 Dei
1637 3183 1868 3253 plantas.
1903 3180 2017 3236 Hu-

436 3280 678 3355 iusmodi
718 3278 1061 3349 operationes
1085 3275 1301 3331 futuras
1322 3275 1571 3330 tldclibus
1602 3274 1821 3344 quidem
1843 3274 2014 3342 laetas,

441 3392 602 3432 secus
631 3389 762 3430 vero
789 3370 1123 3455 inﬁdelibus,
1145 3378 1201 3424 et
1228 3369 1303 3423 ita
1327 3366 1557 3439 singulis
1604 3367 2014 3437 proportionate

439 3469 757 3524 dividendas
785 3479 989 3536 eosque
1016 3463 1289 3519 divisuras
1319 3461 1408 3515 ille
1440 3461 1582 3530 ignis
1612 3459 2009 3530 praeﬁgurabat,

439 3561 677 3615 maxima
716 3558 917 3613 virtute
946 3555 1194 3627 prodigia
1220 3553 1460 3609 eﬁlciens
1491 3552 1939 3607 inconciliabilia.

2121 2084 2212 2150 οὒς
2240 2088 2335 2140 καὶ
2360 2086 2660 2156 διέφθειρε,
2694 2086 2791 2157 τὴν
2833 2086 2890 2140 δὲ
2932 2085 3077 2156 ὑπὲρ
3126 2085 3238 2138 τῶν
3266 2084 3431 2138 ὁσίων
3463 2083 3698 2149 παίδων,

2120 2178 2214 2242 οὒς
2245 2180 2542 2250 ὲδρόσιζεν.
2570 2179 2633 2233 Ei
2664 2179 2722 2231 δέ
2752 2196 2806 2232 τι
2855 2180 2965 2249 χρὴ
2994 2179 3097 2248 τὴν
3128 2177 3392 2247 ὑπόγυιον
3419 2177 3573 2230 λύσιν
3599 2192 3698 2229 κε-

2121 2272 2579 2342 φαλαιωσάμενον
2625 2272 2950 2341 διαφωτίσαι
2985 2271 3262 2344 σαφηνείᾳ
3296 2270 3507 2324 πλείονι
3544 2270 3700 2341 ἐνερ-

2122 2366 2276 2433 γείας
2320 2365 2664 2419 Βαϐυλωνίου
2716 2365 2911 2436 πυρὸς,
2939 2366 2974 2437 ἡ
3007 2364 3120 2435 ᾠδὴ
3168 2364 3320 2432 λέγει
3363 2362 3693 2433 μερισθῆναι

2118 2457 2181 2508 οὐ
2211 2458 2308 2519 τάς
2339 2458 2398 2507 ὲν
2428 2458 2579 2528 αὐτῷ
2613 2457 2840 2522 ἐνούσας
2866 2459 2962 2511 καὶ⁵
2986 2457 3058 2510 δι’
3090 2457 3259 2511 αὐτοῦ
3290 2458 3500 2510 ἐκείνου
3529 2459 3694 2528 ἐνηρ-

2120 2549 2384 2617 γημένας,
2414 2550 2552 2602 ἀλλά
2581 2551 2696 2612 τοῖς
2725 2551 2783 2602 ὲν
2811 2549 3029 2620 ὑστέρῳ
3058 2549 3294 2619 χρόνοις,
3318 2548 3409 2600 ἵνα
3439 2548 3562 2600 τότε
3590 2547 3694 2616 μὲν

2119 2640 2469 2707 ἐμφαίνοιντο
2515 2641 2572 2695 αἱ
2623 2639 2869 2693 τοιαῦται
2899 2640 2977 2707 τῷ
3004 2641 3143 2709 πυρὶ
3168 2638 3442 2708 ἐνέργειαι
3473 2640 3693 2691 θεοπτι-

2120 2731 2256 2795 κῶς,
2301 2732 2356 2792 ἐς
2390 2729 2446 2782 δὲ
2492 2729 2555 2782 τὸ
2591 2730 2788 2800 μέλλον
2837 2729 3280 2800 ὀφθαλμοφανῶς
3321 2728 3689 2798 ὲκφαίνοιντο,

2118 2821 2215 2875 καὶ
2242 2819 2387 2874 οὕτω
2416 2820 2797 2892 προσαρμόζοι
2829 2822 2950 2884 ταῖς
2997 2820 3178 2892 χρόνῳ
3220 2818 3449 2891 ὓστερον
3480 2818 3693 2872 θειοτά-

2118 2929 2240 2975 ταις
2264 2912 2493 2976 ταύταις
2521 2914 2864 2983 εμπράκτοις
2894 2914 3159 2968 ἐκϐάσεσι
3181 2914 3243 2965 τὸ
3273 2912 3441 2966 πάλαι
3465 2911 3565 2981 μὲν
3594 2929 3691 2965 τυ-

2119 3004 2375 3068 ποῦσθαι,
2404 3002 2499 3057 νῦν
2529 3004 2589 3058 δὲ
2612 3005 2961 3075 ἐνεργεῖσθαι
2998 3004 3142 3058 κατὰ
3170 3004 3263 3056 τὸν
3296 3004 3394 3056 καὶ
3424 3002 3567 3055 οὕτω
3587 3001 3693 3072 ψά-

2116 3096 2312 3164 λαντα,
2334 3096 2425 3149 ὅτε
2478 3095 2683 3167 δηλαδὴ
2723 3098 2784 3150 τὸ
2828 3095 3135 3168 συλληφθὲν
3179 3095 3466 3165 άφλέκτως
3515 3095 3573 3147 ὲν
3619 3096 3690 3164 τῇ

2119 3184 2374 3255 παρθένῳ
2391 3184 2503 3255 πῦρ
2523 3188 2621 3253 τῆς
2647 3185 2922 3257 θεότητος,
2951 3185 3276 3258 ἀποτεχθείη
3299 3184 3511 3240 ἐκεῖθεν
3536 3185 3691 3257 πηγὴ

2120 3275 2291 3346 ζωῆς,
2324 3275 2566 3345 αύχοῦσα
2614 3275 2715 3346 μὲν
2745 3277 2841 3329 καὶ
2869 3277 2961 3330 τὸν
3009 3277 3275 3349 φλογερὸν
3319 3277 3464 3331 κατὰ
3505 3276 3690 3347 πάσης

2121 3370 2367 3439 ἀκάνθης
2411 3370 2749 3441 διαϐολικῆς,
2776 3371 3084 3424 πλουτοῦσα
3109 3372 3167 3425 δὲ
3197 3372 3293 3426 καὶ
3320 3373 3383 3426 τὸ
3429 3372 3692 3442 δροσερῖν

2121 3463 2214 3516 ἐπὶ
2240 3464 2354 3525 τοῖς
2383 3464 2573 3533 φυτοῖς
2597 3462 2693 3518 τοῦ
2731 3464 2891 3519 Θεοῦ.
2921 3466 3191 3529 Τοιαύτας
3237 3465 3519 3538 ἐνεργείας
3552 3467 3692 3536 μετά

2119 3554 2346 3625 χρόνους
2377 3554 2569 3625 ίλαράς
2601 3555 2701 3625 μὲν
2733 3560 2847 3619 τοῖς
2877 3561 3113 3620 πιστοῖς,
3134 3558 3195 3610 οὐ
3213 3559 3473 3618 τοιαύτας
3494 3558 3552 3609 δὲ
3574 3560 3690 3618 τοῖς

436 3652 707 3717 ἀπίστοις,
734 3651 827 3705 καὶ
852 3647 997 3705 οὕτω
1026 3644 1397 3719 μεριζομένας
1422 3643 1705 3713 ἑκατέροις
1731 3641 1996 3711 ἀνάλογον
2031 3644 2130 3698 καὶ⁵
2170 3644 2505 3714 μεριζούσας
2532 3645 2728 3709 αὐτοὺς
2750 3682 2769 3712 ,
2790 3645 2852 3698 τὸ
2881 3644 2994 3717 πῦρ
3027 3648 3204 3701 ἐκεῖνο
3241 3645 3685 3719 προαπεικόνιζε,

435 3754 667 3822 δυνάμει
722 3748 995 3821 κρείττονι
1048 3741 1306 3814 ἐνεργοῦν
1354 3739 1642 3812 ἀξύμὸατα
1695 3740 1920 3809 τέρατα.

512 3851 599 3904 10.
640 3846 733 3901 illa
758 3852 952 3916 quarta
986 3841 1167 3897 tribus
1203 3837 1388 3894 addita
1434 3836 1635 3892 solutio
1663 3844 1749 3890 est
1774 3835 2005 3890 ultima:

435 3941 573 3997 nihil
596 3939 738 3993 enim
766 3934 999 4005 amplius
1028 3939 1277 4004 superest
1306 3931 1375 3987 ad
1432 3930 1757 3985 solutionem
1809 3926 2009 3997 prioris

435 4030 792 4091 ditiicultatis.
826 4029 1065 4082 Alteram
1089 4039 1221 4080 vero
1246 4023 1478 4077 inferius
1496 4023 1550 4076 in
1576 4035 1826 4077 sermone
1843 4033 2009 4087 expo-

434 4127 618 4186 sitam,
645 4135 709 4175 ac
730 4118 1016 4175 deductam
1042 4130 1105 4170 cx
1127 4115 1213 4169 his
1232 4114 1445 4169 verbis:
1486 4111 1716 4183 Utraque
1738 4113 2005 4175 instaura,

435 4215 643 4272 Christe
664 4213 825 4280 Deus,
844 4223 1082 4280 sequens
1105 4205 1399 4262 elucidabit
1430 4205 1761 4272 explanatio,
1792 4201 2005 4256 duabus

2189 3831 2241 3889 t'.
2283 3831 2432 3905 Αὕτη
2459 3833 2551 3887 καὶ
2574 3835 2609 3903 ἡ
2643 3833 2736 3887 ἐπὶ
2760 3834 2880 3898 ταῖς
2906 3833 3056 3904 τρισί¹
3083 3833 3237 3897 λύσις
3262 3835 3295 3903 ἡ
3330 3836 3424 3887 καὶ
3443 3833 3686 3904 τετάρτη

2113 3926 2213 3980 καὶ
2237 3925 2543 3979 τελευταία·
2569 3924 2634 3977 ού
2664 3924 2839 3996 γάρτι
2857 3925 3042 3978 πλεῖον
3077 3925 3207 3995 ἡμῖν
3239 3925 3687 3995 προσευπόρηται

2113 4018 2195 4079 είς
2223 4016 2380 4070 λύσιν
2401 4018 2498 4086 τῆς
2518 4015 2745 4088 πρώτης
2770 4017 3028 4085 ἀπορίας,
3047 4016 3147 4081 τῆς
3175 4016 3233 4069 δέ
3265 4032 3330 4084 γε
3364 4016 3481 4085 μετ’
3512 4016 3686 4085 αὐτὴν

2111 4109 2307 4162 ἀνόπιν
2339 4108 2434 4162 τοῦ
2475 4111 2636 4177 λόγου
2686 4106 3238 4178 ὲκτεθειμένης,ῆτις
3273 4106 3574 4178 ύπεκινήθη
3615 4108 3685 4161 ὲκ

2107 4200 2225 4254 τοῦθ
2263 4200 2552 4269 Ἑκάτερα
2573 4200 2916 4270 διόρθωσαι,
2942 4199 3164 4268 Χριστὲ
3185 4202 3218 4254 ὁ
3243 4201 3413 4266 Θεός.
3429 4199 3685 4261 Τοιοῦτος

435 4304 798 4367 solutionibus
856 4311 1118 4369 tanquam
1175 4297 1385 4352 facibus
1430 4295 1710 4350 illustrans
1754 4292 2004 4347 obscurae

2118 4299 2132 4349 5
2160 4296 2550 4366 ὃιαφωτισμὺς,
2575 4295 2696 4349 δυσὶ
2715 4293 2933 4348 λύσεσιν
2960 4295 3034 4355 ὡς
3055 4286 3145 4347 οἷα
3170 4293 3264 4346 καὶ
3291 4292 3538 4363 λυχνίαις
3581 4310 3682 4346 κα-

434 4399 719 4456 sententiae
766 4393 1093 4463 caliginem:
1131 4403 1360 4458 quarum
1394 4386 1614 4457 quidem
1663 4385 1999 4439 solutionum

2118 4391 2405 4457 ςαλάμπων
2434 4390 2533 4459 τὴν
2563 4388 2658 4441 τοῦ
2684 4385 3021 4457 ἀποροῦντος
3072 4384 3335 4455 λογισμοῦ
3383 4387 3673 4448 σκότωσιν,

432 4509 540 4550 una
572 4491 718 4545 clara
745 4497 848 4551 cst,
885 4486 1055 4541 altera
1088 4484 1219 4554 quid
1255 4479 1508 4552 profundi
1534 4478 1716 4533 habet.

504 4585 592 4639 11.
625 4581 756 4648 Quae
786 4587 968 4635 autem
1012 4584 1097 4631 est
1139 4574 1363 4636 clarior,
1397 4572 1511 4626 hac
1541 4579 1643 4625 est.
1688 4568 1918 4638 Saepius,
1967 4582 2001 4621 0

432 4678 598 4737 Deus,
630 4673 861 4733 hvmnos
887 4682 1093 4724 canens
1117 4666 1239 4729 tibi,
1263 4664 1468 4718 misceo
1495 4662 1660 4717 etiam
1692 4667 1999 4730 peccatum,

432 4765 566 4821 illud
597 4752 831 4835 quidem
851 4760 1080 4831 pulchre
1110 4756 1336 4820 iaciens,
1372 4754 1477 4808 hoc
1530 4768 1660 4806 vero
1692 4766 1997 4821 perperam.

432 4857 866 4928 Oportetigitur,
895 4853 1040 4908 sicut
1068 4852 1222 4920 prius
1253 4856 1461 4901 rectum
1489 4857 1592 4911 est,
1619 4844 1692 4898 ita
1726 4842 1922 4912 corrigi
1946 4848 2002 4896 et

433 4949 727 5022 posterius,
768 4957 957 5000 utnon
1005 4943 1233 4996 alterum
1282 4939 1353 4992 sit
1400 4937 1519 4991 sine
1567 4943 1735 4997 tortu,
1768 4934 1998 4988 alterum

434 5056 564 5097 vero
593 5039 736 5095 male
793 5035 1079 5099 claudicet,
1111 5031 1207 5087 sed
1239 5030 1401 5085 ambo
1438 5038 1529 5083 tua
1556 5027 1728 5097 gratia
1764 5026 2003 5094 dirigan-

435 5145 544 5198 tur,
581 5129 726 5204 quod
757 5126 1065 5183 alterorsim
1096 5123 1271 5192 vergit
1303 5126 1624 5189 exmquante
1659 5116 1866 5186 Optima
1908 5124 1998 5169 tua

436 5222 635 5279 libella.
692 5219 839 5274 Talis
876 5226 960 5272 est
1009 5215 1157 5269 illius
1196 5210 1528 5267 diﬂicultatis
1588 5213 1759 5278 prima
1798 5207 2000 5262 solutio

438 5314 719 5386 liquidior,
761 5309 902 5364 haud
957 5322 1088 5362 vero
1115 5304 1367 5369 dicemla,
1422 5310 1481 5357 ut
1527 5310 1677 5371 puto,
1708 5300 1997 5369 illepidior.

438 5409 621 5461 Altera
671 5412 850 5456 autem
883 5400 1000 5453 haec
1050 5407 1168 5452 est:
1216 5394 1555 5463 Quandoque
1595 5393 1862 5461 contingit
1898 5406 2001 5447 nos

440 5497 611 5567 loqui,
656 5504 712 5548 et
737 5492 949 5546 nescire
992 5488 1123 5558 quid
1159 5488 1469 5557 loquamur,
1499 5485 1641 5539 sicut
1660 5484 1821 5537 etiam
1862 5482 2003 5553 lege-

440 5604 520 5650 re,
544 5595 597 5640 ct
622 5582 838 5638 nescire
903 5579 1034 5650 quid
1098 5581 1367 5647 legamus.
1398 5579 1466 5631 Et
1498 5581 1601 5634 hoc
1664 5581 1841 5635 evenit
1893 5596 1998 5633 non

437 5694 546 5747 pra-
606 5671 941 5743 ignorantia.
1009 5668 1105 5724 sed
1155 5668 1282 5737 quia
1352 5684 1506 5724 mens
1586 5686 1693 5724 non
1773 5670 2001 5725 advertit

439 5769 505 5822 ad
554 5781 619 5821 ea
684 5777 808 5835 quae
852 5763 1113 5817 dicuntur
1161 5770 1255 5815 aut
1296 5760 1569 5831 leguntur.
1634 5763 1791 5817 Tunc
1846 5763 1996 5816 vitle-

436 5874 559 5914 mur
587 5866 647 5913 ut
672 5856 956 5925 psittacus,
992 5861 1087 5908 aut
1110 5852 1257 5923 pica,
1283 5861 1379 5909 aut
1409 5853 1501 5909 illa
1555 5852 1851 5923 Scriptura:
1882 5855 1992 5907 ai-

2108 4478 2185 4537 ὧν
2206 4482 2461 4550 λύσεωνή
2489 4481 2585 4550 μὲν
2603 4478 2966 4547 ἐπιφαίνεται,
2992 4478 3026 4547 ὴ
3044 4475 3100 4529 δὲ
3118 4476 3212 4529 καί
3230 4493 3283 4529 τι
3315 4475 3512 4546 βάθους
3539 4476 3679 4545 ἔχει.

2181 4578 2273 4625 ια’.
2299 4572 2409 4624 Καὶ
2437 4573 2471 4642 ἡ
2503 4571 2604 4640 μὲν
2639 4569 2850 4636 ἀϐαθὴς
2879 4568 2968 4637 εἴη
3001 4570 3067 4623 ἂν
3097 4568 3321 4638 τοιαύτη
3342 4584 3359 4601 ο
3393 4568 3680 4634 πολλάκις,

2110 4659 2156 4719 ὦ
2184 4665 2309 4729 Θεὲ,
2337 4663 2538 4733 ὕμνους
2561 4662 2704 4731 ᾄδων
2741 4678 2822 4715 σοι
2854 4650 3227 4732 παραμιγνύω
3254 4663 3352 4716 καὶ
3377 4662 3680 4732 ἁμαρτίαν,

2109 4758 2286 4810 ἐκεῖνο
2324 4754 2423 4824 μὲν
2453 4754 2629 4826 ὀρθῶς
2663 4753 2853 4818 ποιῶν,
2881 4753 3040 4805 τοῦτο
3063 4752 3121 4805 δὲ
3175 4753 3535 4822 πλημμελῶς.
3559 4756 3683 4824 Χρὴ

2107 4850 2262 4918 γοῦν,
2293 4848 2484 4916 ὥσπερ
2513 4848 2575 4898 τὸ
2602 4846 2821 4915 πρῶτον
2852 4845 3180 4915 διώρθωται,
3218 4844 3363 4899 οὕτω
3396 4847 3681 4913 κατορθωε-

2109 4942 2272 5010 θῆναι
2300 4945 2394 4994 καὶ
2420 4940 2481 4991 τὸ
2512 4938 2787 5007 δεύτερον,
2815 4936 2902 4991 ἵνα
2941 4935 3016 5005 μὴ
3044 4935 3275 5004 θάτερον
3320 4937 3420 5005 μὲν
3454 4937 3678 5002 ἀσκαμ-

2109 5033 2317 5094 6εύτως
2362 5032 2483 5103 ἔχῃ,
2523 5031 2584 5083 τὸ
2631 5030 2689 5083 δὲ
2734 5030 2921 5083 λοιπὸν
2950 5028 3240 5102 ὑποσκάζῃ
3275 5029 3528 5097 φαύλως’
3560 5029 3678 5081 ἀλλ’

2108 5124 2348 5190 ἑκάτερα
2373 5118 2483 5174 εἶεν
2505 5120 2864 5190 διωρθωμένα
2885 5121 2950 5190 τῇ
2985 5122 3050 5189 σῇ
3079 5119 3285 5188 χάριτι,
3314 5118 3679 5172 ἀνισασθέντα

2107 5216 2167 5265 τδ
2192 5213 2486 5285 ἑτορῥεπὲς
2515 5212 2619 5264 ὑπὸ
2656 5210 2750 5262 τοῦ
2785 5211 2880 5263 σοῦ
2901 5210 3072 5263 καλοῦ
3096 5211 3458 5277 ζυγοστάτου.
3484 5209 3681 5263 Τοιοῦ-

2106 5321 2201 5357 τον
2241 5306 2302 5356 τὸ
2349 5303 2407 5354 ἓν
2443 5302 2770 5371 θεράπευμα
2798 5302 2897 5369 τῆς
2926 5301 3161 5370 ἀπορίας
3190 5301 3251 5353 τὺ
3282 5301 3676 5368 άϐαθέστερον,

2104 5396 2207 5449 οὐκ
2236 5395 2303 5447 ἂν
2334 5394 2392 5447 δέ
2434 5410 2541 5458 τις,
2571 5391 2747 5462 οἶμαι,
2783 5392 2952 5455 εἷποι,
2977 5391 3054 5453 ὡς
3084 5391 3498 5462 ἀμαθέστερονο
3526 5392 3587 5442 τὸ
3615 5391 3677 5443 δὲ

2106 5486 2294 5554 ἕτερον
2344 5484 2459 5553 ἔχει
2504 5481 2700 5542 οὕτως.
2749 5482 2941 5534 Ἔστιν
2968 5482 3139 5535 ἐνίοτε
3168 5481 3354 5536 λαλεῖν
3386 5481 3556 5551 ἡμᾶς,
3578 5482 3677 5533 καὶ

2111 5579 2185 5646 μὴ
2215 5578 2434 5638 εἰδέναι,
2482 5575 2533 5627 τί
2577 5573 2851 5644 λαλοῦμεν
2872 5615 2887 5638 ,
2931 5573 3124 5642 ὥσπερ
3151 5575 3245 5626 καὶ
3274 5570 3677 5642 ἀναγινώσκειν

2111 5670 2229 5738 μὲν,
2266 5669 2339 5738 μὴ
2388 5668 2585 5720 εἰδέναι
2633 5667 2710 5731 δὲ,
2761 5666 2906 5736 ἆπερ
2942 5666 3414 5737 ἀναγινώσκομεν.
3453 5666 3566 5720 Καὶ
3607 5667 3671 5719 οὐ

2106 5761 2270 5825 λέγω,
2326 5759 2464 5812 κατά
2520 5758 2764 5824 ἄγνοιαν,
2796 5759 2934 5810 ἀλλά
2979 5757 3131 5828 παρά
3164 5759 3223 5810 τὸ
3270 5758 3346 5828 μὴ
3392 5758 3537 5827 ἔχειν
3580 5757 3675 5809 τὸν

2107 5851 2229 5904 νοῦν
2264 5853 2403 5923 πρὸς
2432 5854 2543 5915 τοῖς
2577 5853 2609 5922 ἢ
2641 5852 2990 5922 λαλουμένοις
3021 5852 3053 5922 ἦ
3095 5854 3667 5922 ἀναγινωσκομένοις·
