4048 6406
363 297 470 366 997

1394 301 1495 364 DE
1526 302 1628 363 SS.
1656 295 1969 370 ANANIA.
2014 300 2290 364 AZARIA
2317 304 2410 368 ΕΤ
2447 304 2806 369 MISAELE.

3524 302 3643 371 298

367 384 469 468 ὅτε.
489 413 587 468 καὶ
613 410 957 483 ψιττακίζειν
976 412 1273 482 δοκοῦμεν,
1305 413 1338 483 ἦ
1369 416 1511 469 κατὰ
1538 415 1738 478 κίσσας
1772 414 1946 485 φθέγ-

2066 433 2124 471 na
2155 417 2328 484 loqui,
2372 430 2428 474 et
2458 419 2641 475 forsan
2682 424 2830 476 velut
2866 421 2920 477 in
2952 422 3168 477 somnio
3197 421 3371 487 etfari,
3424 420 3506 475 vel
3542 437 3641 489 po-

301 554 309 568 ,
366 504 590 571 γεσθαι,
626 504 660 574 ἢ
697 505 795 558 καὶ
840 505 986 557 κατά
1035 504 1159 557 ὅνον
1211 504 1432 570 ἐκείνην
1482 505 1583 575 τὴν
1634 504 1943 575 Γραφικὴνη,

364 596 508 664 τάχα
537 595 595 648 δὲ
620 596 714 647 καὶ
737 594 814 656 ώς
831 597 889 647 ἐν
918 594 1153 663 ὀνείροις
1179 595 1385 660 λαλεῖν,
1413 595 1681 664 μενοῦνγε
1701 596 1946 666 παραλα-

366 684 504 750 λεῖν,
540 684 759 754 μήποτε
793 685 851 739 δὲ
878 684 1003 758 ξένῃ
1030 684 1251 757 γλώσσῃ
1286 684 1634 755 βατταρίζειν
1654 687 1800 740 κατὰ
1822 687 1949 748 τοὺς

370 777 513 850 μέθῃ
541 778 829 847 κατόχους,
863 776 913 831 οῖ
955 778 1128 831 πολλά
1161 778 1279 841 νοὸς
1326 778 1450 849 δίχα
1483 776 1731 842 λαλοῦσι,
1772 776 1946 849 βραχύ

366 887 424 924 τι
473 869 823 942 μαινομένων
869 869 1028 922 αὐτοὶ
1073 870 1480 942 ἐλαττούμενοι.
1534 869 1747 926 Οὐκοῦν
1794 872 1888 925 καὶ
1920 873 1949 926 6

367 959 635 1033 ὕμνῳδῶν
666 961 768 1030 μὲν
797 959 1140 1031 ῥεμϐόμενος
1173 960 1311 1030 πρὸς
1345 961 1504 1026 ἄλλα,
1538 962 1636 1015 καὶ
1677 961 1857 1015 ταῦτα
1884 962 1946 1016 οὒ

371 1052 626 1122 βιωτικὰ,
655 1048 733 1116 οἷς
764 1053 852 1107 διὰ
880 1053 942 1107 τὸ
970 1054 1028 1106 ὲν
1058 1054 1244 1115 αὐτοῖς
1272 1054 1473 1108 ἄτοπον
1494 1054 1557 1107 οὗ
1582 1055 1766 1125 χαίρει
1791 1054 1946 1117 Θεὸς.

372 1145 710 1214 ἁμαρτάνει,
743 1143 1078 1215 ψευδόμενος
1106 1144 1169 1197 τὸ
1202 1143 1299 1198 τοῦ
1330 1145 1468 1198 Θεοῦ
1507 1145 1696 1212 σέϐας,
1724 1145 1821 1199 καὶ⁷
1848 1145 1949 1217 τὴν

370 1237 454 1301 είς
490 1237 701 1290 ἐκεῖνον
754 1236 898 1289 κατὰ
930 1234 1056 1289 νοῦν
1105 1236 1371 1289 ἀνάτασιν
1419 1234 1776 1307 κοριζόμενος
1804 1253 1820 1269 ⁸
1854 1238 1951 1290 καὶ

369 1329 657 1393 τοίνυνηού
708 1328 969 1399 κατορθοῖ
1021 1329 1231 1391 ἐκεῖνος
1262 1328 1328 1382 τὸ
1364 1324 1543 1401 ᾆσμα,
1571 1330 1669 1382 καὶ
1708 1328 1776 1382 δι’
1818 1328 1951 1383 αὐτὸ

369 1421 557 1476 δέεται
602 1420 947 1491 διορθώσεως
1000 1420 1098 1475 καὶ
1149 1421 1335 1484 αὐτὸς,
1382 1420 1527 1475 καθά
1579 1421 1675 1476 καὶ
1702 1422 1729 1475 6
1762 1421 1952 1486 ἅπλῶς

371 1514 711 1584 ὲφαμάρτξυς
739 1513 1004 1583 ἐνεργῶν.
1063 1512 1153 1577 Ὦς
1202 1514 1312 1583 γὰρ
1354 1515 1383 1567 6
1428 1514 1670 1578 τοιοῦτος
1699 1515 1800 1568 οὐκ
1833 1515 1951 1568 ἔστι

370 1604 514 1674 πρὸς
548 1606 628 1675 τῷ
662 1606 874 1675 ἀγαθῷ,
900 1605 1067 1677 ήνίκα
1098 1608 1317 1676 ἐνεργεῖ
1369 1607 1467 1676 τὴν
1517 1606 1818 1676 ἁμαρτίαν,
1858 1608 1953 1661 καὶ

2057 511 2167 564 tius
2186 509 2427 575 ell‘utire,
2454 519 2509 565 et
2536 513 2834 582 aliquando
2858 514 3090 570 barbara
3120 515 3394 572 balbutire
3425 512 3640 584 lingua,

2053 598 2332 655 ebriorum
2357 600 2528 656 instar
2558 602 2650 670 qui
2683 603 2853 657 multa
2894 603 3160 660 inattente
3190 608 3461 676 garriunt,
3505 620 3643 675 pau-

2017 770 2023 775 Ι
2054 693 2108 749 lo
2130 693 2199 747 ab
2232 694 2441 751 insanis
2472 695 2866 765 discrepantes.
2904 697 3044 769 Ergo
3074 700 3279 769 psallit,
3334 716 3547 772 vagans
3574 699 3643 752 ad

2054 784 2253 851 aliena,
2278 785 2441 840 etiam
2478 801 2585 841 non
2609 789 2908 854 mundana,
2943 805 3065 860 qua:
3107 801 3297 858 utpote
3360 794 3639 865 intempe-

2055 878 2197 933 stiva
2245 878 2355 933 Deo
2408 878 2722 947 displicent,
2763 880 3051 951 delinquit,
3102 868 3379 941 frustrans
3414 885 3534 951 Dei,
3579 900 3635 941 et

2053 967 2406 1022 attentionem
2435 969 2633 1023 mentis
2663 971 2728 1023 ad
2763 968 2933 1024 Deum
2951 970 3302 1029 eﬂ‘eminans:
3337 990 3445 1029 non
3463 975 3632 1047 igitur

2052 1057 2240 1127 dirigit
2276 1058 2367 1112 illo
2405 1059 2680 1129 spiritum,
2717 1076 2780 1116 ac
2809 1063 3038 1130 proinde
3069 1074 3219 1119 caret
3262 1064 3380 1135 ipse
3407 1068 3635 1124 rectitu-

2051 1147 2201 1214 dine,
2223 1149 2360 1204 sicut
2390 1158 2443 1204 et
2469 1149 2560 1218 qui
2584 1149 2902 1220 simpliciter
2922 1159 3130 1221 peccat.
3155 1152 3626 1220 Quemadmodum

2051 1241 2197 1295 enim
2245 1241 2337 1295 hic
2383 1256 2492 1295 non
2526 1249 2634 1297 stat
2667 1243 2721 1297 in
2764 1242 2933 1307 bono,
2977 1260 3100 1299 cum
3144 1245 3272 1302 facit
3324 1259 3632 1319 peceatum,

2053 1332 2302 1401 quamvis
2334 1331 2520 1388 forsan
2552 1333 2723 1389 Deum
2776 1346 3074 1407 cognoscat
3108 1347 3366 1408 recteque
3398 1341 3636 1409 noverit,

2054 1425 2127 1479 ita
2172 1432 2225 1480 et
2274 1427 2367 1494 qui
2415 1425 2623 1496 psallit,
2673 1428 2820 1484 haud
2851 1443 2982 1484 vero
3025 1430 3268 1485 animum
3303 1433 3532 1488 intendit
3566 1436 3634 1488 ad

2018 1542 2023 1543 κ
2056 1509 2346 1566 Dominqu
2380 1528 2541 1585 quem
2571 1518 2752 1571 canit:
2784 1517 2877 1586 qui
2904 1518 3124 1586 quidem
3149 1522 3315 1576 homo
3343 1531 3633 1594 propterea

2055 1603 2310 1670 inaniter,
2333 1606 2488 1676 juxta
2512 1609 2883 1678 evangelicum
2909 1611 3156 1678 stratum,
3190 1612 3434 1672 clamans
3461 1634 3476 1670 :
3528 1618 3640 1672 Do-

368 1698 547 1750 ταῦτα
578 1698 713 1751 Θεὸν
743 1698 874 1763 ἴσως
902 1700 993 1752 καὶ
1016 1698 1174 1763 εἰδὼς
1212 1698 1311 1754 καὶ
1349 1698 1526 1771 ὀρθῶς
1553 1700 1712 1764 εἰδώς
1736 1715 1753 1731 ’
1776 1696 1953 1762 οὕτως

2066 1700 2213 1761 mine,
2247 1698 2482 1768 Domine,
2516 1701 2712 1757 merito
2750 1711 3035 1772 reputatur
3067 1721 3170 1760 non
3205 1716 3262 1762 ut
3311 1708 3500 1769 bestia
3544 1726 3641 1766 ca-

369 1788 496 1842 οὐδὲ
532 1791 559 1843 6
596 1789 782 1859 ὑμνῶν
829 1788 952 1858 μὲν,
978 1788 1052 1860 μὴ
1085 1790 1385 1843 ἀνατείνων
1431 1791 1488 1842 δὲ
1522 1790 1718 1845 ἑαυτὸν
1747 1792 1828 1854 είς
1858 1791 1949 1844 τὸν

2066 1792 2200 1846 Lulus
2232 1793 2452 1862 rugiens
2479 1802 2528 1847 et
2556 1810 2810 1863 quaerens
2833 1811 3013 1853 escam
3040 1800 3167 1864 sibi,
3188 1801 3281 1856 sed
3311 1802 3495 1872 potius
3516 1806 3635 1858 vel-

370 1876 724 1950 ὖμνούμενον
757 1880 966 1953 Κύριον
991 1898 1006 1914 ο
1039 1881 1097 1946 ὃς
1125 1880 1193 1958 δὴ
1226 1880 1519 1950 ἄνθρωπος
1551 1882 1641 1936 διὰ
1671 1882 1829 1937 τοῦτο
1856 1884 1954 1937 καὶ

2066 1892 2115 1938 ut
2150 1898 2224 1939 aes
2261 1899 2486 1951 sonans,
2533 1893 2626 1939 aut
2654 1887 2965 1956 cymbalum
3014 1886 3273 1958 tinniens,
3325 1903 3421 1951 aut
3454 1896 3645 1951 alaba—

371 1974 457 2036 εῖς
513 1976 671 2029 κενὸν
713 1976 855 2029 κατά
897 1976 997 2047 τὴν
1051 1956 1423 2046 εὐαγγελικὴν
1472 1975 1702 2045 γνώμην
1734 1976 1955 2047 κράζων

2066 1976 2148 2032 lus
2176 1984 2379 2031 temere
2424 1984 2697 2048 strepens.

369 2064 674 2134 zb'Ktﬁpte,
706 2070 903 2138 Κύριε,
944 2069 1170 2134 εἰκότως
1216 2068 1494 2138 λογίζεται
1542 2071 1666 2124 οὐδὲ
1715 2071 1791 2135 ὡς
1843 2068 2034 2136 θηρίου
2072 2071 2312 2140 σκύμνος
2338 2070 2652 2142 ώρυόμενος
2697 2075 2796 2127 καὶ
2834 2075 3016 2147 ζητῶν
3042 2078 3251 2147 τροφὴν
3276 2080 3477 2150 ἐαυτῷ,
3503 2080 3642 2134 ἀλλᾶ

376 2160 582 2229 μᾶλλον
608 2160 685 2224 ὡς
715 2164 797 2221 εἰς
831 2160 1030 2231 χαλκὸν
1067 2161 1328 2231 ἠχοῦντα,
1390 2162 1424 2232 ἤ
1456 2162 1740 2230 κύμϐαλον
1806 2162 2092 2229 ἀλαλάζον,
2121 2162 2153 2234 ἢ
2188 2164 2455 2234 κρόταλον
2483 2165 2608 2235 είκῆ
2632 2166 2863 2236 ψοφοῦν.

453 2254 543 2324 ιβ’.
563 2254 657 2306 Διὸ
676 2255 773 2307 καὶ
801 2253 1065 2325 ἑκάτερον
1085 2254 1344 2307 εὐκταῖον
1378 2253 1457 2324 τῷ
1474 2253 1703 2322 τοιούτῳ
1728 2253 1959 2322 διορθω-

374 2350 543 2419 θῆναι
564 2350 742 2418 ἀνδρὶ,
769 2351 868 2421 τήν
894 2366 954 2402 τε
982 2347 1217 2404 ἀτοπίαν
1239 2346 1350 2401 τῶν
1378 2347 1633 2417 πονηρῶν
1653 2346 1957 2415 λογισμῶν,

376 2442 472 2496 καὶ
503 2441 605 2511 τὴν
630 2440 1094 2511 ἀναμεμιγμένην
1122 2438 1306 2502 αὐτοῖς
1341 2438 1639 2510 ὑμνῳδίαν,
1667 2440 1764 2494 καὶ
1785 2438 1959 2502 οὕτως

380 2531 811 2603 ἀχρειουμὲνην.
859 2530 1107 2595 Ἐξωθῶν
1137 2531 1247 2600 γάρ
1278 2530 1377 2600 οὐχ
1405 2527 1598 2598 ῶσπερ
1645 2523 1775 2603 ἧλος
1805 2523 1958 2601 ἦλον,

379 2626 545 2681 τοῦτο
595 2625 662 2695 δὴ
708 2623 771 2678 τὸ
803 2621 1199 2693 παροιμιῶδες,
1242 2622 1359 2676 ἀλλ’
1403 2618 1594 2694 ὥσπερ
1644 2621 1960 2690 ἁγιωσύνην

380 2717 654 2789 ἁμαρτία,
695 2714 842 2770 οῦτω
896 2716 994 2768 καὶ¹
1048 2714 1283 2785 πονηροὶ⁵
1329 2713 1677 2783 διαλογισμοὶ
1728 2713 1962 2777 ἐντελεῖς

380 2811 685 2881 ὑμνῳδίας,
704 2809 803 2869 τὰς
827 2807 887 2873 ἐξ
915 2807 1042 2877 ὅλης
1068 2806 1336 2871 διανοίας,
1358 2806 1456 2860 καὶ
1477 2806 1535 2872 ἐξ
1563 2805 1691 2876 ὅλης
1711 2805 1961 2878 καρδίας,

382 2905 483 2960 καὶ
508 2903 569 2970 ἐξ
611 2902 741 2971 ὅλης
792 2900 1000 2971 ψυχῆς.
1046 2900 1156 2952 Καὶ
1187 2897 1351 2968 δῆλον
1399 2896 1553 2961 αὐτὸ,
1581 2895 1666 2960 οἷς
1699 2896 1963 2960 πολλάκις

379 2998 556 3060 οὕτως
600 2994 920 3065 ὑμνοῦντες,
952 2992 1076 3047 οὐδὲ
1128 2991 1486 3062 μεμνήμεθα,
1513 2991 1627 3045 εἴτε
1660 2990 1963 3061 ψάλλομεν.

384 3092 559 3145 Ἔνθα
587 3087 706 3151 πῶς
739 3087 805 3142 ἂν
833 3085 1030 3155 ψάλλοι
1063 3102 1148 3149 τις
1190 3082 1251 3150 ἐξ
1296 3084 1428 3152 ὅλης
1460 3084 1661 3154 ψυχῆς,
1690 3085 1825 3138 ὅπου
1857 3084 1963 3137 πᾶ.

384 3202 490 3237 σαν
518 3182 694 3251 αὐτὴν
728 3181 1020 3250 ἀπήγαγεν
1051 3179 1112 3231 ὲκ
1146 3176 1306 3242 Θεοῦ,
1340 3176 1452 3230 οὐδ’
1482 3177 1611 3246 ἄχρι
1644 3172 1798 3243 γοῦν,
1822 3174 1850 3228 ὃ
1875 3174 1962 3227 λέ-

382 3294 563 3345 γεται,
614 3273 847 3343 σημείου
903 3270 1101 3340 ἐκείνῳ
1150 3268 1539 3338 κολλώμενος;
1585 3266 1824 3338 Τοιαύτη
1876 3284 1961 3332 τις

384 3369 569 3422 ἔννοια
596 3362 1064 3436 ιπιμαρτύρεται,
1094 3354 1273 3432 οἶμαι,
1304 3360 1595 3430 ἀκρίϐειαν
1627 3360 1721 3414 καὶ⁵
1749 3376 1966 3432 τραγῳ-

386 3462 526 3533 δικῷ
553 3459 754 3530 ἐκείνῳ
803 3455 970 3527 ῥητῷ.
1003 3453 1114 3523 τῷ·
1169 3454 1234 3510 Ἠ
1268 3452 1498 3523 γλῶσσ’
1542 3451 1882 3522 ὀμώμωκεν,
1923 3453 1963 3520 ἡ

387 3554 461 3608 δὲ
485 3552 650 3623 φρὴν
680 3550 1009 3616 ἀνώμοτος.
1040 3545 1162 3598 Εἰσὶ
1192 3544 1298 3614 γάρ
1329 3544 1378 3597 οἱ
1410 3545 1671 3613 προαλεῖς
1695 3546 1750 3599 ὲν
1779 3544 1966 3608 λόγοις

388 3647 544 3707 ὄντες
568 3642 665 3697 καὶ
698 3641 999 3712 προπετεῖς
1032 3637 1132 3707 τὴν
1155 3636 1435 3705 γλῶσσαν,
1476 3638 1645 3707 πρινὴ
1686 3636 1854 3707 βάψαι
1883 3637 1967 3699 είς

388 3736 520 3791 νοῦν
567 3733 664 3789 καὶ
722 3729 1033 3802 ἐμϐαθῦναι
1087 3728 1452 3797 πράγμασιν·
1501 3727 1849 3797 ἐξόμνυνται,
1892 3730 1967 3793 ὼς

387 3830 538 3886 οὕτω
566 3828 773 3892 λαλεῖν,
806 3825 907 3897 τὴν
938 3823 1197 3892 γλῶσσαν
1233 3821 1341 3893 ἰδία
1369 3822 1468 3892 τῆς
1507 3822 1724 3892 φρενός.
1770 3819 1894 3875 Εἶεν
1924 3822 1967 3875 δ’

388 3925 461 3978 ἂν
490 3920 724 3976 τοιοῦτοι
757 3918 833 3982 ώς
865 3917 1101 3988 μάλιστα
1128 3915 1303 3986 ὅρκοι,
1328 3916 1442 3969 ὅσοι
1472 3915 1614 3967 κατά
1649 3915 1829 3985 ἔρωτα
1848 3931 1863 3947 ο
1889 3914 1971 3967 διὸ

388 4011 530 4066 οὐδὲ·
575 4008 858 4082 ἐρρῶσθαι
895 4005 1379 4076 παροιμιάζονται.
1424 4004 1536 4058 Καὶ
1583 4001 1700 4059 οῖδα
1735 4005 1856 4075 μὲν,
1889 4005 1971 4059 ὅτι

388 4101 780 4172 κατεγελάσθη
848 4097 985 4169 πρδς
1037 4097 1138 4166 τῆς
1194 4095 1493 4164 κωμῳδίας
1555 4098 1589 4165 ἡ
1655 4096 1973 4168 τραγῳδικὴ

391 4194 582 4261 ἐκείνη
613 4194 809 4261 γνώμη
833 4205 847 4219 °
882 4190 1059 4257 φειδοῖ
1089 4189 1146 4242 δὲ
1182 4189 1281 4259 τῆς
1328 4187 1522 4255 σοφίας
1565 4187 1660 4242 τοῦ
1693 4189 1973 4259 κερτομή-

396 4302 591 4347 σαντος
611 4283 759 4337 ὀκνῶ
780 4280 881 4349 τὴν
901 4280 1250 4353 ἀντίρρησιν,
1283 4278 1427 4347 λέγω
1453 4278 1534 4344 δὲ,
1565 4274 1792 4350 μυρίους
1817 4280 1974 4344 ὅσους

393 4372 540 4429 εἶναι
568 4372 784 4441 λόγους,
816 4369 864 4423 οῖ
893 4369 1017 4440 δίχα
1049 4368 1268 4438 φρενῶν
1309 4367 1654 4430 ὲκπέτονται,
1677 4366 1769 4431 οὓς
1799 4372 1972 4438 ἀφρο-

396 4468 572 4538 σύνης
602 4468 669 4522 ἂν
705 4466 967 4535 λέγοιμεν
997 4462 1218 4531 ἔκγονα.
1241 4459 1501 4514 Τοιοῦτον
1529 4461 1622 4513 καὶ
1645 4461 1678 4530 ή
1706 4460 1972 4530 ύμνῳδία,

2136 2255 2555 2326 12.Οριοη(1ιιηι
2594 2259 3168 2331 ρτοίηιίοῖιιιιῇυεῐηοιιί
3208 2265 3324 2320 viro
3351 2274 3646 2337 utrumque

2060 2349 2287 2418 corrigi,
2322 2350 2522 2404 malam
2551 2351 2763 2406 scilicet
2788 2354 3182 2420 cogitationum
3208 2357 3638 2425 aberrationem,

2061 2450 2114 2492 et
2150 2441 2467 2510 permistam
2500 2442 2586 2498 liis
2613 2445 2913 2501 orationem
2941 2448 3128 2516 sicque
3151 2449 3394 2505 inutilem
3418 2451 3642 2507 factam.

2061 2530 2306 2600 Namque
2328 2548 2435 2587 non
2455 2534 2598 2590 sicut
2618 2535 2805 2592 clavus
2824 2538 3067 2607 clavum,
3087 2541 3241 2607 juxta
3263 2544 3640 2612 proverbium,

2066 2623 2301 2695 repellit,
2334 2625 2428 2681 sed
2449 2627 2595 2683 sicut
2628 2630 2974 2686 Sanctitatem
3021 2632 3301 2703 iniquitas,
3345 2636 3418 2690 ita
3492 2650 3671 2695 vanae.

2067 2717 2431 2788 cogitationes
2481 2720 2778 2790 perfectam
2824 2735 3103 2781 removent
3142 2727 3466 2792 orationem,
3522 2743 3647 2798 quae

2067 2817 2151 2864 est
2173 2823 2237 2864 ex
2271 2819 2380 2866 tota
2406 2820 2666 2878 mente,et
2687 2829 2751 2869 ex
2782 2824 2900 2871 toto
2923 2820 3107 2884 corde,
3132 2829 3186 2874 et
3206 2836 3269 2875 ex
3298 2828 3410 2875 tota
3433 2821 3642 2877 anima.

2068 2897 2137 2953 Et
2157 2899 2261 2954 hor
2285 2902 2640 2958 manifestum
2671 2905 2853 2969 nobis,
2909 2910 3000 2977 qui
3026 2925 3169 2979 saepe
3215 2912 3298 2966 sic
3348 2913 3646 2982 psallentes

2071 3002 2140 3042 ne
2163 2990 2517 3047 meminimus
2541 2993 2763 3062 quidem
2794 3008 2860 3048 an
2887 3011 3127 3053 oremus.
3159 2997 3327 3056 Porro
3364 3003 3647 3071 quomodo

2072 3078 2266 3149 psallat
2295 3095 2358 3134 ex
2385 3090 2493 3136 tota
2527 3085 2728 3147 anima,
2753 3087 2843 3154 qui
2877 3095 3041 3142 totam
3077 3088 3223 3144 illam
3256 3106 3286 3145 a
3322 3090 3429 3145 Deo
3446 3108 3649 3148 avoca-

2065 3172 2165 3231 vit.
2203 3187 2270 3226 ne
2297 3188 2471 3242 usque
2520 3177 2592 3230 ad
2627 3177 2864 3233 litteram
2949 3181 3171 3243 quidem
3237 3184 3527 3240 verborum
3596 3186 3648 3242 ei

2066 3262 2385 3318 adhaerens?
2417 3265 2514 3321 Hic
2543 3269 2709 3323 animi
2765 3268 2939 3327 status
2986 3282 3257 3338 accurate,
3286 3284 3347 3330 ut
3385 3277 3646 3343 arbitrar,

2063 3357 2393 3424 exprimitur
2453 3359 2536 3414 his
2607 3363 2847 3431 tragoedi
2901 3365 3082 3420 verbis
3130 3384 3144 3420 :
3194 3366 3404 3422 Iuravit
3440 3369 3645 3440 lingua,

2065 3461 2210 3501 mens
2265 3464 2384 3503 vero
2434 3465 2537 3503 non
2564 3450 2794 3520 juravit.
2829 3453 2967 3508 Sunt
2992 3455 3136 3509 enim
3178 3472 3431 3513 sermone
3455 3459 3645 3528 praeci~

2067 3537 2207 3606 pites
2230 3547 2284 3593 et
2314 3556 2408 3593 ore
2431 3542 2688 3611 prompti.
2722 3543 2813 3612 qui
2841 3544 3002 3599 verba
3029 3562 3127 3600 nec
3162 3547 3347 3601 animo
3408 3549 3653 3621 deﬁgunt

2067 3645 2169 3688 nec
2217 3633 2430 3689 actibus
2486 3635 2844 3703 imprimunt;
2893 3635 3112 3701 horum,
3146 3647 3205 3691 ut
3263 3639 3333 3692 ita
3393 3640 3651 3710 dixerim,

2068 3722 2309 3792 linguam
2336 3740 2491 3780 mens
2519 3725 2711 3779 intima
2735 3726 2939 3797 ejurat'.
2964 3727 3101 3783 Sunt
3121 3739 3298 3785 autem
3329 3732 3654 3803 plerumque

2070 3809 2384 3879 huiusmodi
2435 3823 2786 3869 sacramenta
2849 3814 3003 3871 velut
3050 3830 3172 3885 quae
3222 3827 3549 3886 praestantur
3588 3820 3655 3876 de

2071 3917 2277 3966 amore,
2317 3912 2372 3959 et
2406 3902 2529 3960 ideo
2581 3906 2746 3960 etiam
2793 3922 2903 3962 non
2949 3908 3135 3964 valere
3189 3909 3466 3967 dicuntur.
3524 3912 3654 3968 Scio

2072 3996 2290 4065 quidem
2381 3996 2598 4051 irrisam
2658 3996 2831 4054 fuisse
2886 4014 2916 4052 a
2979 4002 3230 4057 comoedo
3286 4003 3656 4076 illamtragte-

2074 4088 2124 4154 dj
2161 4090 2513 4154 sententiam,
2543 4099 2598 4143 et
2663 4092 2992 4160 sapientiam
3053 4109 3331 4151 venerans
3380 4097 3502 4165 ejus
3557 4099 3653 4168 qui

2076 4178 2264 4246 illusit,
2295 4180 2677 4236 contradicere
2700 4198 2919 4249 vereor,
2973 4184 3066 4240 sed
3100 4200 3290 4242 assero
3337 4186 3656 4244 innumeros

2075 4287 2197 4327 esse
2233 4287 2517 4327 sermones
2550 4274 2641 4340 qui
2677 4274 2796 4328 sine
2847 4275 3151 4331 attentione
3178 4278 3418 4339 avolant.
3483 4289 3538 4333 et
3558 4280 3653 4349 qui

2076 4365 2182 4419 dici
2258 4373 2488 4431 possunt
2541 4365 3020 4421 inconsiderantite
3082 4366 3201 4426 ﬁlii.
3258 4368 3406 4426 Talis
3464 4380 3550 4425 est
3602 4382 3658 4426 et

2077 4455 2253 4509 oratio
2318 4455 2404 4509 cui
2470 4455 2847 4512 admiscentur
2920 4457 3083 4512 malae
3148 4458 3527 4530 cogitationes,
3600 4471 3657 4517 et

395 4557 433 4635 ᾗ
467 4557 929 4629 παραμεμίχαται
976 4553 1209 4622 πονηροὶ
1261 4551 1628 4620 διαλογισμοὶ,
1663 4551 1883 4621 ἐνιαχοῦ
1918 4551 1964 4603 δὲ

2080 4546 2376 4617 aliquando
2420 4561 2600 4614 prava:
2657 4550 2926 4603 actiones.
2959 4548 3020 4603 In
3045 4565 3153 4620 quo
3175 4552 3321 4608 enim
3352 4562 3480 4610 tunc
3498 4555 3656 4611 ades-

395 4650 502 4707 καὶ
527 4647 758 4720 πράξεις
785 4643 1084 4711 ἀλόγιστοι.
1118 4640 1266 4712 Πρδς
1297 4640 1402 4695 τίνι
1433 4640 1543 4711 γὰρ
1567 4641 1855 4710 νομιστέον
1877 4658 1975 4708 τη·-

393 4738 633 4793 νικαῦτα
679 4731 820 4789 εἶναι
854 4735 947 4785 τὸν
981 4731 1150 4794 Θεόν;
1196 4729 1340 4797 Πρὸς
1370 4728 1449 4800 τῷ
1479 4728 1624 4799 λόγῳ
1652 4730 1753 4800 τῆς
1785 4729 1973 4799 ὕμνῳ.

393 4834 545 4897 δίας,
570 4827 714 4899 ψιλῷ
744 4827 868 4880 κατ’
923 4826 1096 4887 αὐτὰς
1127 4823 1340 4889 λέξεις;
1373 4823 1405 4893 ἢ
1443 4823 1579 4894 πρὸς
1627 4823 1705 4892 τῷ
1752 4822 1976 4894 πονηρῷ

392 4921 779 4991 διαλογισμῷ;
836 4918 1192 4986 Ἀποδέχεται
1224 4915 1285 4968 τὸ
1320 4915 1563 4985 πρῶτον,
1596 4915 1734 4968 ἀλλὰ
1768 4915 1827 4968 τὸ
1858 4915 1978 4967 δεύ-

393 5032 562 5087 τερον
592 5011 913 5084 ὑπερμισεῖ.
945 5007 1103 5062 Καλὰ
1139 5010 1206 5060 τὰ
1236 5007 1337 5076 τῆς
1359 5006 1633 5075 γλώσσης,
1655 5006 1768 5059 ἀλλ’
1796 5010 1824 5060 ὁ
1854 5006 1978 5069 νοῦς

393 5105 718 5175 ἀντιφωνεῖ.
742 5100 911 5155 υῦπω
940 5099 1133 5168 φθάνει
1160 5096 1563 5167 προσδέξασθαι
1586 5097 1678 5151 τὲν
1703 5096 1979 5167 ὑμνοῦντα

396 5198 546 5272 μόνῃ
581 5193 808 5266 γλώσσῃ
834 5191 990 5254 Θεὸς,
1023 5191 1121 5244 καὶ
1167 5188 1471 5243 ἀπωθεῖται
1501 5189 1594 5242 τὸν
1628 5188 1815 5253 αὐτὸν,
1844 5188 1977 5242 διὸτι

393 5292 479 5361 τῷ
508 5289 801 5360 κρείττονι,
835 5286 902 5355 τῇ
933 5282 1107 5353 ψυχῇ,
1138 5281 1529 5353 πονηρεύεται.
1560 5282 1711 5336 Φιλεῖ
1747 5282 1839 5335 τὸν
1883 5300 1980 5352 με.

400 5383 680 5455 μνημένον
707 5376 873 5433 αὐτοῦ
896 5392 909 5406 ·
942 5375 1059 5428 ἀλλ’
1089 5377 1172 5429 ὅτι
1203 5377 1306 5429 οὐκ
1337 5379 1403 5428 ἐκ
1433 5375 1634 5446 ψυχῆς.
1682 5375 1757 5445 μὴ
1792 5376 1874 5430 δτι
1914 5393 1977 5443 γε

393 5479 553 5546 ὅλης,
584 5472 702 5528 ἀλλ’
725 5471 849 5531 οὐδὲ
876 5470 1009 5538 γοῦν
1035 5469 1172 5532 ὅλως
1211 5467 1510 5539 μέμνηται,
1539 5468 1602 5523 οὐ
1628 5469 1773 5522 πάνυ
1808 5468 1975 5538 φιλεῖ,

397 5572 615 5643 μήποτε
638 5565 798 5622 δὲκαὶ
834 5561 943 5634 βύῃ
961 5561 1030 5614 τά
1052 5554 1166 5615 ὦτα
1199 5560 1338 5630 πρὸς
1360 5560 1461 5630 τὴν
1481 5559 1574 5613 τοῦ
1606 5558 1778 5630 ῦμνου
1805 5578 1979 5630 κραυ-

393 5667 527 5735 γὴν,
546 5660 731 5729 ἀφιεὶς
755 5657 856 5709 τὸν
881 5654 1155 5725 ὑμνοῦντα
1187 5652 1264 5723 τῷ
1286 5651 1710 5724 θεραπευομένῳ
1739 5653 1974 5722 δαίμονι.

474 5751 566 5820 ιγ’,
624 5749 867 5820 Ἐφέλκῃ
920 5747 1013 5798 τὸν
1061 5747 1219 5806 Θεὸν,
1262 5741 1305 5797 ὦ
1353 5745 1630 5815 ἄνθρωπε,
1675 5740 1753 5807 οἷς
1789 5746 1979 5813 ὕμνεῖς

396 5848 613 5904 ἐκεῖνον
632 5858 648 5874 ⁸
676 5841 794 5895 ἀλλ’
820 5838 903 5903 οἷς
936 5838 1216 5907 διαλογίζῃ
1242 5836 1308 5888 τὰ
1333 5837 1426 5889 τοῦ
1452 5836 1714 5908 πονηροῦ,
1741 5836 1977 5907 ἀπάγεις

660 5937 935 5998 Γιτιιοι..
985 5935 1102 5995 Gs.
1145 5930 1519 5994 CXXXVI.‘

2079 4650 2158 4695 set
2219 4637 2406 4693 Deus?
2474 4637 2665 4694 Utrum
2725 4640 2779 4693 in
2836 4639 2981 4695 nuda
3029 4642 3316 4696 verborum
3391 4646 3657 4701 orationis

2080 4734 2371 4801 littera,an
2410 4735 2463 4788 in
2516 4734 2657 4788 mala
2728 4734 3101 4802 cogitatione?
3133 4736 3377 4793 Priorem
3435 4740 3653 4809 accipit.

2080 4826 2171 4879 sed
2210 4825 2568 4895 posteriorem
2587 4824 2722 4879 odit.
2752 4824 2986 4880 Pulchra
3048 4841 3172 4896 quae
3223 4827 3406 4898 lingua
3474 4839 3658 4891 s0nat.

2091 4915 2188 4971 sed
2239 4915 2494 4970 dissonat
2538 4918 2779 4969 animus.
2860 4914 3082 4972 Minime
3144 4927 3322 4988 potest
3376 4930 3656 4990 acceptum

2082 5008 2223 5063 Deus
2252 5008 2452 5062 habere
2509 5006 2659 5061 illum
2685 5006 2777 5076 qui
2811 5006 2972 5062 labiis
2996 5016 3203 5063 tantum
3244 5020 3385 5076 orat,
3415 5012 3508 5066 sed
3534 5027 3659 5067 cum

2079 5099 2314 5169 repellit,
2347 5097 2548 5167 quippe
2604 5097 2760 5164 cujus
2790 5095 2973 5167 potior
3021 5112 3165 5167 pars,
3221 5100 3404 5154 anima
3428 5103 3657 5161 scilicet.

2082 5204 2337 5260 perversa
2359 5195 2461 5243 est.
2491 5184 2676 5256 Diligit
2710 5201 3008 5241 memorem
3032 5189 3141 5243 sui:
3162 5188 3254 5258 qui
3281 5203 3427 5256 vero,
3457 5191 3657 5245 nedum

2083 5290 2192 5336 tota
2217 5281 2423 5344 anima,
2446 5296 2513 5335 ne
2535 5280 2806 5335 ullatenus
2841 5279 3056 5347 quidem
3085 5281 3488 5346 meminit,eum
3517 5284 3674 5339 haud—

2080 5373 2238 5428 valde
2260 5382 2427 5434 amat.
2455 5381 2508 5428 et
2530 5371 2823 5442 aliquando
2844 5372 3050 5426 claudit
3090 5387 3250 5428 aures
3288 5374 3352 5427 ad
3394 5375 3513 5445 ejus
3565 5391 3662 5431 vo-

2082 5464 2563 5534 cem,permittens
2599 5464 2915 5534 psallentem
2953 5464 3183 5519 darmoni
3214 5465 3302 5520 cui
3339 5465 3662 5523 famulatur.

2153 5556 2245 5611 13.
2281 5556 2471 5611 Allicis
2505 5556 2698 5620 Deum,
2751 5570 2785 5610 o
2835 5556 3023 5620 homo,
3081 5566 3354 5626 quatenus
3379 5574 3504 5614 eum
3524 5561 3664 5614 cele-

2082 5653 2363 5719 bras;sed
2443 5664 2712 5721 quatenus
2776 5653 2915 5708 mala
2955 5653 3185 5720 cogitas,
3229 5669 3477 5711 removes
3521 5660 3665 5725 Opti-

2083 5760 2232 5799 mum
2272 5757 2423 5799 tuum
2483 5744 2906 5800 benefactorem.
2937 5746 3042 5802 Ore
3064 5747 3340 5815 sapienter
3396 5748 3662 5818 loqueris,

2082 5837 2249 5894 corde
2278 5852 2412 5893 vero
2476 5836 2817 5907 insipienter,
2891 5839 3156 5908 quidquid
3242 5841 3296 5893 iu
3393 5853 3457 5896 os
3514 5842 3662 5898 venit

3228 5932 3302 5990 10
