4048 6440
429 291 537 356 2η)

1103 295 1524 358 ΕΗΞΤΑΤΗΙΙ
1570 297 2336 362 THESSALONICENSIS
2379 303 2943 366 METROPOLITrE

3593 315 3711 379 300

421 407 634 473 dicens,
667 417 722 462 et
755 405 833 461 sic
870 407 1068 463 misces
1129 425 1249 478 quae
1269 406 1409 465 ratio
1437 411 1532 465 tibi
1565 413 1830 482 suggerit,
1883 430 1974 468 cur

2081 462 2087 477 _
2115 414 2208 467 τὸν
2242 415 2561 484 πανάγαθον
2592 418 2850 472 σεαυτοῦ.
2889 419 3148 488 Εὐλογεῖς
3181 420 3262 490 τῷ
3293 422 3549 495 στόματι,
3577 427 3710 483 ἀλο-

415 488 484 556 iis
515 516 638 571 qua:
667 515 797 556 caro
827 499 975 564 facit,
1003 502 1286 556 exsulante
1310 505 1507 557 mentis
1539 507 1855 573 praesentia.
1892 507 2006 563 Deo

420 595 728 660 famularis,
757 596 1034 666 paulisper
1066 595 1338 651 duntaxat
1375 597 1636 665 psallens;
1685 608 1736 653 et
1762 599 2004 668 plerqu-

416 703 525 758 que
562 689 937 743 adversarium
980 689 1570 758 lwtilicas,quigaudet
1599 691 1694 746 tibi
1729 692 2005 752 insultans

416 782 544 836 dum
573 783 643 835 ita
673 782 884 851 psallis,
925 782 1222 850 etquidem
1251 785 1472 838 merito.
1499 784 1636 839 Cum
1657 786 1814 840 enim
1839 802 2006 857 opor-

414 886 526 930 teat
555 878 696 931 bene
746 890 904 932 orare
959 889 1016 932 et
1074 877 1417 932 inclamitare
1481 878 1558 932 illi
1619 881 1899 948 terriﬁca,
1945 890 2003 936 tu

412 979 636 1022 econtra
667 970 765 1024 das
797 969 844 1024 ei
892 969 1199 1024 libertatem
1220 969 1285 1025 ad
1313 977 1366 1024 te
1394 970 1713 1036 accedendi,
1751 973 1859 1027 Deo
1879 973 2004 1041 qui-

411 1061 533 1114 dem
562 1062 764 1116 absona
797 1062 1053 1131 psallens,
1083 1062 1170 1116 isti
1203 1078 1334 1117 vero
1389 1071 1664 1133 pergrata.
1700 1063 1764 1118 Et
1797 1065 2002 1120 videris

410 1150 554 1208 idem
585 1168 745 1224 agere
774 1169 836 1209 ac
860 1153 904 1209 si
931 1171 1037 1209 una
1067 1171 1229 1208 manu
1258 1157 1496 1212 chordas
1537 1157 1770 1213 titillans
1826 1157 1998 1214 melos

408 1248 596 1304 elicias
623 1262 909 1309 canorum,
951 1247 1116 1300 altera
1150 1263 1280 1301 vero
1328 1255 1502 1304 testas
1538 1249 1805 1305 eollidens
1833 1265 1995 1305 aures

407 1340 698 1396 obtundas.
753 1338 847 1394 Sic
892 1338 1040 1394 enim
1097 1339 1265 1393 Deum
1324 1340 1598 1408 paulisper
1661 1340 1991 1406 jucundans.

406 1448 512 1500 qua
563 1447 688 1487 eum
757 1432 1034 1488 celebrare
1084 1433 1332 1496 inchoas,
1367 1434 1564 1487 deinde
1589 1434 1668 1488 ira
1713 1435 1988 1496 incendis,

410 1541 515 1598 qua
548 1524 775 1579 absonis
805 1525 1094 1594 perturbes
1171 1526 1618 1595 cogitationibus.

2117 509 2244 579 γίζῃ
2271 508 2328 561 δὲ
2357 512 2423 580 τῇ
2467 510 2693 581 καρδίᾳ,
2726 511 3210 584 ὲλευθεροστομῶν
3242 511 3376 579 οἷον,
3406 519 3498 572 καὶ
3531 519 3710 586 οὕτως

2117 602 2404 672 ἡμισεύων
2425 605 2486 655 τὸ
2522 607 2580 657 ὲν
2607 605 2690 657 σοὶ
2722 604 2969 674 λογικὸν,
2996 599 3076 670 οἷς
3103 608 3136 677 ἡ
3168 607 3266 678 μὲν
3300 610 3438 680 σὰρξ
3463 613 3704 685 ἐνεργεῖ,

2113 694 2142 744 ὁ
2164 691 2286 755 νοῦς
2308 693 2364 745 δέ
2388 711 2482 747 σου
2515 696 2706 765 παρὼν
2735 698 3034 768 ἀποδημεῖ.
3058 699 3402 769 Θεραπεύεις
3424 705 3517 758 τὸν
3542 708 3702 772 Θεὸν,

2111 783 2206 836 ἐπί
2237 802 2289 836 τι
2325 785 2497 855 βραχὺ
2528 785 2751 855 ψάλλων
2775 788 2872 842 καὶ
2909 790 3074 858 μόνον
3101 806 3116 822 ο
3142 791 3220 862 τῷ
3243 794 3455 848 πλείονι
3483 796 3540 848 δὲ
3572 790 3703 868 ήδύὲ

2111 893 2224 940 νεις
2255 877 2347 930 τὸν
2377 878 2787 948 ἀντικείμενον,
2817 881 2877 944 ὃς
2915 881 3105 952 χαίρει
3134 886 3526 958 καταχορεύων
3579 905 3698 956 σου,

2109 969 2199 1022 ὅτε
2229 970 2375 1024 οὕτω
2407 972 2634 1041 ψάλλεις
2663 988 2676 1004 ’
2703 973 2801 1026 καί
2833 991 2897 1042 γε
2947 975 3148 1040 καλῶς.
3183 977 3314 1031 Δέον
3344 979 3453 1050 γὰρ
3483 980 3542 1035 δν
3572 983 3700 1037 διώ-

2109 1080 2226 1116 κειν
2257 1065 2420 1118 αὐτὸν
2446 1067 2502 1119 ὲν
2526 1064 2604 1137 τῷ
2636 1068 2774 1137 δρθά
2799 1068 3048 1138 ψάλλειν,
3072 1072 3172 1124 καὶ
3199 1072 3493 1142 ἐγκράζειν
3525 1073 3702 1139 οὕτως

2107 1156 2259 1226 αὑτῷ
2287 1158 2355 1212 τά
2407 1161 2488 1222 εἰς
2549 1160 2739 1229 φόϐον,
2775 1161 2843 1215 σὺ
2895 1161 2953 1215 δὲ
3006 1162 3144 1217 ἀλλά
3184 1165 3508 1235 παρρησίαν
3541 1168 3694 1239 αὐτῷ

2105 1252 2261 1316 δίδως
2289 1252 2534 1321 ἐγγίζειν
2569 1254 2711 1324 πρὸς
2743 1255 2827 1323 σὲ,
3048 1260 3148 1329 μὲν
3203 1261 3398 1331 ἀπῳδὰ
3450 1260 3690 1323 ψάλλων.

2105 1346 2301 1416 ἐκείνῳ
2350 1346 2409 1400 δὲ
2469 1347 2694 1417 φιλητά.
2734 1350 2851 1404 Καὶ
2905 1350 3090 1415 ἔοικας
3143 1354 3333 1423 ὅμοιόν
3383 1372 3438 1408 τι
3489 1358 3688 1419 ποιεῖν,

2105 1438 2296 1506 ὥσπερ
2331 1439 2540 1512 θατέρᾳ
2575 1442 2674 1511 μὲν
2707 1445 2859 1513 χειρὶ
2911 1445 3114 1515 χορδὰς
3160 1447 3396 1518 ἐπέρχῃ,
3422 1448 3692 1519 ψηλαφῶν

2035 1524 2077 1578 Β
2104 1529 2277 1593 αὑτὰς
2311 1531 2390 1594 εἰς
2427 1532 2646 1602 κροῦμα
2675 1533 2980 1606 ἐμμουσον,
3005 1541 3071 1609 τῇ
3116 1539 3174 1592 δὲ
3225 1539 3384 1612 λοιπῇ
3419 1558 3694 1608 κατακρο-

404 1621 519 1682 τεῖς
571 1621 836 1687 ὄστρακα.
882 1619 976 1671 και)⁵
1027 1617 1172 1670 οὕτω
1206 1618 1400 1680 λυπεῖς
1457 1618 1548 1671 τὸν
1604 1618 1979 1688 ἀκροώμενον.
2011 1621 2168 1675 Οῦτω
2227 1623 2336 1693 γάρ
2365 1641 2448 1677 τοι
2503 1626 2599 1680 καὶ
2633 1629 2728 1682 τὸν
2781 1629 2920 1684 Θεὸν
2951 1630 3127 1703 βραχύ
3157 1651 3212 1688 τι
3244 1636 3576 1707 εὐφραίνων,
3605 1631 3691 1701 οἷς

409 1711 724 1774 ὲπιὸάλλεις
757 1710 922 1766 αὐτὸν
954 1710 1170 1779 ὑμνεῖν,
1205 1705 1327 1764 εἶτα
1373 1710 1754 1782 παροργίζεις,
1780 1705 1862 1772 οἷς
1892 1710 2162 1782 θορυϐεῖς,
2192 1715 2370 1769 ἄτοπα
2403 1716 2872 1789 διαλογιζόμενος.

481 1805 570 1861 Η.
609 1806 774 1859 Detur
802 1819 930 1873 ergo
955 1803 1069 1868 tibi,
1107 1817 1140 1856 ο
1183 1803 1369 1869 frater,
1398 1812 1449 1858 et
1523 1804 1681 1858 nobis
1712 1805 1991 1868 Omnibus,

406 1894 497 1950 illa
528 1897 686 1949 ambo
707 1894 1021 1958 reformari,
1051 1904 1106 1948 et
1159 1895 1240 1950 sic
1267 1909 1368 1949 nos
1426 1910 1624 1950 canere
1684 1897 1993 1959 inturbida.

405 1991 460 2038 et
477 1985 586 2038 Deo
605 1984 796 2054 placita
822 1993 874 2038 ct
892 1986 1071 2053 pravis
1096 1985 1239 2039 haud
1261 1985 1505 2041 immista
1539 1987 1990 2058 cogitationibus,

405 2086 466 2131 ut
493 2077 677 2148 lingua
711 2087 762 2132 et
789 2077 1008 2131 animus
1031 2085 1337 2132 consonent
1369 2078 1426 2132 in
1466 2077 1652 2133 divino
1711 2080 1996 2148 psalterio,

401 2179 729 2226 concentum
759 2168 1074 2223 modulante
1119 2185 1300 2223 rerum
1328 2181 1638 2224 nostrarum
1669 2173 1994 2226 moderato-

401 2275 462 2318 re
489 2261 620 2317 Deo.
654 2260 814 2324 Nam,
845 2261 891 2316 si
922 2275 1030 2315 non
1097 2262 1214 2331 ipse
1266 2263 1511 2326 assistat,
1553 2272 1609 2318 et
1667 2265 1988 2323 attentionis

398 2352 624 2423 januatn
662 2337 1145 2420 omnitnodamquc
1175 2353 1486 2406 custodiam
1524 2369 1802 2424 apponere
1862 2357 1985 2426 dig-

399 2433 584 2508 netur,
619 2445 856 2514 primum
918 2443 1196 2500 interioris
1251 2445 1490 2500 hominis
1551 2446 1633 2500 ori
1685 2456 1740 2500 et
1799 2447 1982 2512 labiis,

401 2534 600 2592 deinde
628 2537 939 2607 apparentis
972 2536 1258 2602 involucri,
1295 2537 1349 2592 id
1371 2547 1476 2601 est,
1505 2539 1868 2595 exterioribus
1901 2539 1983 2594 ori

401 2643 466 2683 ac
500 2627 680 2692 labiis,
728 2642 850 2696 quae
883 2637 940 2684 et
972 2628 1087 2698 ipsa
1133 2628 1278 2683 haud
1308 2643 1481 2698 pauca
1535 2630 1985 2701 indigentcusto-

399 2719 488 2775 dia
514 2728 569 2774 et
593 2721 897 2775 attentione
925 2737 938 2774 :
978 2736 1086 2776 non
1118 2721 1357 2791 perfecte
1386 2721 1542 2776 nobis
1577 2724 1630 2776 in
1660 2724 1767 2777 vita
1793 2722 1980 2794 dirigi«

399 2820 489 2865 tur
513 2813 712 2878 oratio,
750 2822 803 2867 et
826 2827 949 2883 quae
975 2815 1040 2867 ad
1072 2827 1132 2868 ea
1165 2813 1385 2868 exsistit
1421 2813 1486 2867 ad
1517 2812 1693 2868 Deum
1721 2815 1977 2870 elevatio.

402 2903 569 2963 Nobis
601 2922 722 2962 eum
761 2923 978 2978 semper
1014 2916 1096 2963 est
1127 2906 1429 2963 timendum
1471 2923 1559 2974 ne,
1616 2909 1976 2966 interioribus

396 3014 492 3054 ore
514 2999 781 3069 labiisque
803 3002 1186 3071 imprudentur
1207 3002 1434 3070 apertis,
1460 3015 1584 3057 cum
1616 3000 1776 3058 bonis
1802 3001 1969 3057 atl‘ec-

397 3090 544 3147 tibus
578 3094 703 3146 mali
763 3093 991 3163 quidam
1046 3093 1449 3158 subintroeant,
1509 3094 1700 3164 quales
1776 3096 1979 3163 saepius

393 3182 724 3250 experimur,
789 3198 914 3238 cum
967 3185 1312 3239 orationibus
1384 3195 1530 3240 recta
1606 3202 1713 3241 non
1781 3195 1976 3258 praeest

395 3272 680 3342 COgitatio.
735 3272 911 3338 Sicut,
964 3291 1090 3330 eum
1143 3277 1308 3331 ovilia
1367 3277 1703 3334 incustodita
1769 3287 1978 3348 patent,

391 3365 530 3419 nihil
558 3365 736 3421 obstat
769 3369 900 3437 quin
935 3369 1094 3439 lupus
1121 3369 1413 3440 aliquando
1457 3371 1510 3424 in
1545 3371 1725 3425 ovium
1754 3386 1971 3442 gregem

392 3456 684 3528 irrumpat,
727 3468 782 3514 et
811 3463 992 3515 omnia
1062 3463 1210 3516 intus
1271 3466 1560 3532 praedetur,
1622 3463 1765 3519 sicut
1807 3465 1973 3518 etiam

388 3553 568 3619 portis
594 3553 811 3606 urbium
836 3569 943 3606 non
962 3554 1251 3623 diligenter
1282 3555 1601 3616 asservatis.
1628 3555 1813 3610 subire
1844 3571 1972 3625 pos-

386 3655 515 3697 sunt
539 3644 699 3699 simul
723 3659 847 3699 cum
869 3645 1082 3700 civibus
1100 3645 1135 3699 ii
1165 3661 1304 3715 quos
1319 3647 1435 3700 odit
1462 3647 1679 3716 sapiens
1708 3647 1972 3716 regimen.

2177 1808 2261 1862 ιδ’.
2306 1809 2526 1864 Γένοιτο
2556 1807 2651 1866 οὖν
2686 1815 2780 1868 καὶ
2816 1815 2922 1881 σοὶ,
2969 1821 3064 1871 καὶ
3113 1821 3246 1891 ἡμῖν
3292 1823 3348 1876 δὲ
3379 1823 3608 1897 ἅπασιν,
3640 1824 3687 1884 ὦ

2097 1898 2318 1966 ἀδελφὲ,
2344 1901 2714 1972 διορθωθῆναι
2741 1905 2810 1958 τά
2839 1908 3068 1964 τοιαῦτα
3095 1911 3358 1984 ἑκάτερα,
3385 1918 3481 1970 καὶ
3506 1919 3681 1985 οὕτως

2095 1987 2415 2076 ἀθορύϐητα
2451 1994 2700 2061 μέλπειν,
2733 1997 2828 2049 καὶ
2846 1997 2966 2068 Θεῷ
2998 2001 3132 2071 φίλα
3153 2005 3252 2059 καὶ
3279 2012 3538 2076 πονηροῖς
3566 2011 3683 2064 διαο

2094 2072 2380 2152 λογισμοῖς
2407 2085 2771 2155 ἀνεπίμικτα,
2804 2087 2892 2144 ῐνα
2917 2093 3015 2145 καὶ
3045 2093 3079 2163 ἡ
3114 2093 3340 2162 γλῶσσα
3364 2072 3457 2153 καὶ
3487 2102 3515 2154 ό
3557 2102 3681 2164 νοῦς

2097 2175 2446 2241 συμφωνοῖεν
2491 2177 2548 2239 ές
2598 2176 2743 2231 θεῖον
2779 2178 3106 2252 ψαλτήριον,
3156 2186 3535 2259 ρυθμιξόμενα
3583 2191 3680 2246 ὑπ’

2097 2262 2266 2316 αὐτοῦ
2301 2265 2395 2318 τοῦ
2443 2267 2742 2338 διορθωτοῦ
2798 2273 2909 2328 τῶν
2964 2277 3258 2348 ἡμετέρων
3293 2281 3429 2336 Θεοῦ
3458 2299 3472 2313 ο
3499 2284 3596 2352 ὡς,
3629 2287 3684 2341 εε

2096 2371 2177 2450 γεΔ
2200 2356 2276 2428 μὴ
2305 2357 2468 2450 αὐτὸς
2503 2360 2716 2428 ἐκεῖνος
2750 2365 3057 2436 ὲφίσταιτο,
3084 2373 3180 2424 καὶ
3211 2371 3381 2445 θύραν
3411 2381 3678 2450 περιοχῆς

2095 2447 2189 2540 καὶ
2227 2449 2474 2522 φυλακὴν
2499 2457 2764 2511 παντοίαν
2788 2459 3002 2513 εὐδοκεῖ
3027 2461 3327 2533 τεθεῖσθαι,
3352 2447 3548 2538 πρῶτα

2091 2539 2171 2609 τῷ
2203 2541 2298 2594 τοῦ
2325 2544 2474 2634 έντὸς
2504 2546 2798 2616 ἀνθρώπου
2831 2552 3064 2622 στόματι
3095 2559 3188 2609 καὶ
3219 2561 3331 2621 τοῖς
3357 2561 3524 2615 αὐτοῦ
3556 2539 3674 2634 χεί-

2090 2631 2264 2698 λεσιν,
2294 2630 2415 2688 εἶτα
2443 2638 2673 2703 καὶτοῖς
2701 2640 2796 2695 τοῦ
2828 2649 3268 2718 προφαινομένου
3303 2651 3561 2721 θυλάκου,
3596 2660 3674 2728 τῷ

2089 2725 2248 2791 ἐκτὸς
2281 2727 2486 2801 δηλαδὴ
2538 2733 2770 2802 στόματι
2826 2737 2922 2791 καὶ
2968 2743 3085 2804 τοῖς
3119 2744 3381 2812 χείλεσιν,
3409 2748 3445 2802 ἃ
3475 2751 3539 2822 δὴ
3577 2725 3672 2806 καῖ

2089 2818 2234 2917 αῦτά
2263 2821 2365 2874 οὐκ
2397 2823 2588 2894 ὀλίγης
2616 2827 2825 2882 δέονται
2859 2832 2951 2886 καὶ
2979 2835 3348 2907 φυλακῆςικαὶ
3378 2818 3667 2917 περιοχῆς,

2082 2909 2184 3008 οὐκ
2207 2909 2359 3008 ἔστιν
2390 2915 2523 3008 ἡμῖν
2558 2917 2780 2990 ἐντελὴς
2804 2921 2930 2976 οὐδὲ
2971 2927 3004 2994 ἡ
3054 2930 3194 2982 κατά
3241 2929 3355 2999 βίον
3387 2909 3670 3008 οιὶνφὲιᾷςῆ

2079 3000 2394 3100 διορθωσις.
2427 3006 2526 3061 καὶ
2575 3009 2608 3078 ἡ
2656 3009 2728 3063 δι’
2777 3013 2952 3084 αὐτῆς
2983 3019 3122 3086 πρὸς
3149 3021 3281 3076 Θεὸν
3315 3000 3524 3094 ἄρσις.-
3545 3000 3666 3100 Χρῆ

2081 3094 2196 3164 γὰρ
2221 3096 2371 3164 ἡμᾶς
2419 3100 2507 3152 ἀεὶ
2559 3100 2815 3170 δεδιέναι,
2846 3106 2943 3178 μὴ,
2966 3109 3059 3162 τοῦ
3087 3111 3235 3167 ἔνδον
3267 3118 3540 3185 στόματος

2081 3185 2189 3239 τῶν
2213 3188 2331 3241 κατ’
2349 3190 2480 3244 αὐτὸ
2509 3195 2735 3264 χειλέων
2762 3199 3095 3267 ἀφυλάκτως
3122 3207 3519 3279 ἀνοιγομένων,
3548 3232 3668 3267 συνο

2080 3279 2443 3350 εισέρχωνται
2497 3288 2616 3348 τοῖς
2665 3289 2893 3357 ἀγαθοῖς
2944 3294 3158 3366 ᾅσμασι
3191 3301 3431 3357 καίτινα
3460 3306 3663 3373 φαῦλα,

2080 3372 2240 3426 ὁποῖα
2278 3376 2450 3430 πολλὰ
2479 3379 2782 3449 ἐμάθομεν,
2811 3385 2900 3438 ὅτε
2941 3387 3016 3458 μὴ
3043 3393 3166 3452 ταῖς
3194 3391 3667 3469 ψαλμῳδὶαιςὸρ-

2082 3463 2174 3527 θδς
2215 3467 2508 3523 ἐπιστατεῖ
2539 3473 2799 3544 λογισμός
2827 3493 2842 3508 ·
2877 3477 3023 3532 καθά
3055 3499 3158 3534 που
3191 3486 3284 3538 καὶ
3425 3463 3662 3562 ἀσυντη-

2085 3557 2271 3624 ρήτοις
2306 3561 2572 3632 μάνδραις
2606 3566 2941 3636 ἀνεῳγυίαις
2974 3572 3125 3626 οὐδὲν
3150 3577 3351 3632 κωλύει
3380 3582 3475 3634 καὶ
3497 3557 3660 3639 λῦκον

2079 3648 2232 3703 ἔστιν
2266 3645 2326 3705 οὗ
2362 3655 2429 3724 τῇ
2488 3655 2598 3708 τῶν
2653 3657 2990 3730 θρεμμάτων
3041 3665 3215 3740 ἀγέλῃ
3271 3677 3658 3745 συνεισπηδᾷν,

385 3739 481 3792 καὶ
510 3737 868 3805 λυμαίνεσθαι
897 3741 964 3791 τὰ
1011 3740 1160 3802 ἐντός
1180 3756 1194 3770 ο
1240 3739 1383 3794 οὕτω
1409 3741 1466 3794 δὲ
1497 3743 1591 3796 καῖ⁵
1629 3740 1826 3804 πύλαις
1860 3741 2088 3810 πόλεων,
2111 3745 2234 3798 ὅσαι
2259 3746 2334 3818 μὴ
2358 3748 2714 3818 φυλάττονται
2759 3754 2894 3826 πρὸς
2920 3737 3660 3840 ἀκρίδειανσυνεισέρχεσθαι

384 3837 497 3897 τοῖς
556 3833 804 3895 πολίταις
857 3838 952 3890 καὶ
983 3833 1077 3898 οὓς
1125 3837 1162 3905 ἡ
1229 3835 1366 3906 ὀρθὴ
1433 3836 1680 3890 πολιτεία
1748 3839 1919 3907 μισεῖ.

460 3928 548 3982 15.
579 3925 848 3996 Optemus
895 3929 1057 3997 igitur
1091 3941 1146 3982 ut
1205 3931 1496 3998 psallamus
1537 3933 1706 3989 simul
1761 3949 1858 3987 ore
1909 3942 1966 3987 et

383 4021 586 4085 anima,
661 4031 715 4075 et
755 4022 834 4077 sic
882 4022 1024 4076 tibiae
1067 4023 1242 4078 simus
1290 4023 1476 4079 divino
1526 4024 1723 4081 inﬂatae
1753 4027 1961 4094 Spiritu

382 4121 439 4167 et
464 4113 536 4165 ita
561 4111 672 4167 Deo
702 4115 915 4180 repleti,
945 4127 1211 4186 quatenus
1273 4114 1514 4184 perlecta
1545 4133 1666 4172 eum
1715 4119 1966 4173 canimus

384 4204 642 4269 melodia,
673 4204 1063 4260 erubescamus
1103 4205 1262 4261 labiis
1292 4208 1509 4276 quidem
1557 4208 1803 4276 vigilare,
1849 4209 1967 4260 ani-

384 4311 473 4351 mo
501 4304 682 4352 autem
707 4297 970 4359 dormire,
1004 4306 1060 4351 et
1099 4312 1222 4352 esse
1260 4313 1354 4352 ore
1383 4299 1600 4367 quidem
1630 4299 1799 4366 vivos,
1836 4301 1965 4353 reli-

382 4404 490 4459 qua
513 4404 640 4443 vero
665 4389 904 4444 hominis
941 4399 1094 4459 parte
1115 4399 1384 4445 mortuos.
1408 4390 1686 4446 Benedicit
1721 4393 1959 4464 linguam

2149 3941 2231 4035 ιε’,
2262 3937 2572 4011 Εὑχοίμεθα
2607 3945 2701 3998 οὖν
2730 3947 2954 4018 ψάλλειν
2981 3952 3076 4006 καὶ
3103 3955 3334 4026 στόματι
3361 3961 3456 4013 καὶ
3481 3961 3652 4035 ψυχῇ,

2073 4027 2168 4079 καὶ
2196 4029 2348 4082 αὐλοὶ
2373 4031 2546 4096 οὕτως
2570 4031 2712 4091 εἶναι
2735 4038 2878 4094 θείου
2911 4043 3284 4116 πληρούμενοι
3304 4051 3650 4122 Πνεύματος’

2075 4121 2168 4215 καὶ
2199 4121 2464 4191 γέμοντες
2492 4126 2638 4180 οὕτω
2669 4131 2830 4198 Θεοῦ,
2855 4130 2935 4198 οἷς
2967 4137 3117 4209 αὐτῷ
3146 4142 3431 4214 μέλπομεν
3459 4121 3652 4215 ὁλομε-

2073 4211 2180 4316 λώς
2206 4232 2263 4316 τε
2298 4217 2392 4268 καὶ
2437 4219 2688 4286 ἐντελῶς,
2733 4224 2953 4296 ἔχοιμεν
3001 4211 3390 4309 ὲντροπὴν,,τῇ
3426 4211 3648 4316 γλώσσῃ

2076 4305 2174 4404 μεν
2202 4308 2592 4404 ἐγρηγορέναι,
2623 4317 2827 4370 ὑπνοῦν
2875 4321 2931 4374 δὲ
2983 4323 3060 4394 τῷ
3114 4305 3403 4398 λογισμῷ-ὀ
3428 4305 3517 4385 καὶ
3547 4305 3649 4404 ζῇν

2074 4396 2177 4492 μὲν
2207 4399 2284 4469 τῷ
2315 4402 2570 4492 στύματι,
2597 4407 2674 4477 τῷ
2729 4409 2786 4462 δὲ
2837 4410 3010 4483 λοιπῷ
3054 4415 3149 4470 τοῦ
3193 4396 3316 4473 κατ’
3355 4396 3647 4492 ἀνθρωπδν

382 4481 525 4537 Deus
567 4482 915 4552 psallentem;
950 4483 1046 4536 sed
1093 4483 1224 4550 quid
1272 4483 1374 4537 hoc
1417 4485 1576 4539 nobis
1627 4489 1870 4556 prodest,
1917 4488 1960 4541 si

2081 4484 2350 4581 θνησκειν.
2386 4491 2616 4562 Εὐλογεῖ
2643 4497 2741 4566 τὴν
2766 4481 3019 4566 γλῶσσαν
3047 4506 3074 4557 ὁ
3104 4505 3236 4571 Θεὸς
3262 4481 3638 4581 ὑμνῳδοῦσανο

380 4586 488 4626 non
528 4575 763 4627 animam
819 4589 1035 4644 quoque
1091 4574 1422 4629 benedicat?
1453 4574 1530 4630 Ne
1583 4579 1961 4645 permittamus

2081 4573 2134 4673 τί.
2150 4576 2205 4628 δὲ
2239 4579 2371 4673 ἡμῖν
2395 4583 2645 4637 ἐντεῦθεν
2678 4586 2895 4658 ὄφελος,
2917 4594 2967 4646 εἰ
3020 4593 3096 4666 μὴ
3141 4599 3237 4651 καὶ
3284 4573 3638 4673 ψυχ-ήν;

381 4680 480 4720 nos
530 4665 822 4720 ludibrium
881 4667 1239 4731 adversariis,
1298 4668 1390 4736 qui
1427 4678 1482 4722 et
1517 4670 1642 4738 ipsi,
1677 4671 1958 4726 Christum

379 4754 719 4811 Salvatorem
773 4756 970 4811 Filium
1029 4756 1120 4810 Dei
1163 4757 1586 4826 proclamantes,
1637 4776 1743 4816 non
1777 4771 1959 4817 tamen

381 4863 479 4916 pro
513 4863 580 4903 eo
608 4858 783 4902 erant.
834 4849 932 4915 i‘i'e,
970 4848 1178 4904 credita
1219 4850 1376 4906 labiis
1430 4851 1661 4921 loquela,
1713 4853 1816 4923 ipsi
1850 4856 1959 4908 alio

379 4939 728 5010 divagemur;
761 4949 1015 5007 tanquam
1039 4940 1082 4995 si
1107 4943 1250 5010 quis,
1283 4942 1509 4998 suﬂ'ossa
1540 4944 1714 4999 canali
1737 4960 1842 5015 qua
1861 4945 1958 5000 llu-

378 5038 434 5083 at
464 5031 570 5093 via,
606 5028 803 5082 deinde
833 5030 1102 5095 discedat,
1134 5046 1331 5100 aquam
1386 5033 1572 5089 sinens
1625 5035 1731 5088 alia
1759 5037 1861 5092 huc
1894 5038 1956 5090 il-

375 5120 465 5174 luc
488 5119 677 5176 dilabi.
714 5119 831 5175 Non
875 5122 1128 5177 laudatur
1159 5125 1413 5182 dominus
1451 5127 1545 5196 qui
1581 5128 1782 5183 dormit
1815 5129 1953 5200 ipse,

375 5209 503 5263 dum
550 5209 816 5264 famulum
845 5211 1046 5267 frustra
1074 5213 1295 5284 vigilare
1322 5216 1490 5286 jubet.
1557 5217 1749 5273 Nonne
1775 5220 1952 5274 domi-

377 5318 446 5356 na
473 5312 555 5356 est
584 5320 704 5372 qua:
739 5305 937 5359 dormit
973 5307 1024 5360 in
1070 5311 1226 5362 nobis
1261 5325 1437 5374 mens.
1483 5309 1778 5367 famulatur
1821 5331 1950 5370 vero

372 5391 429 5448 in
501 5395 784 5463 psallendo
826 5397 1057 5467 lingua?
1105 5398 1295 5454 Melius
1328 5409 1431 5466 est,
1467 5403 1668 5457 credite
1714 5405 1868 5471 mibi,
1902 5406 1948 5461 si

370 5485 449 5537 sic
479 5486 660 5554 lingua
691 5488 804 5542 sola
837 5490 1155 5556 psallamus,
1180 5492 1407 5559 praeside
1433 5493 1620 5549 animo
1639 5497 1944 5560 exsulante.

368 5579 648 5634 sambucis
683 5582 914 5635 seorsim
945 5583 1198 5650 psallere,
1226 5595 1276 5638 et
1301 5590 1571 5655 tympanis
1606 5588 1862 5662 tibilsque
1885 5607 1948 5647 ac

367 5668 524 5738 lyris,
556 5680 608 5724 et
636 5673 1061 5746 quibuscunque
1107 5679 1331 5732 musicis
1365 5679 1752 5736 instrumentis
1786 5685 1944 5737 lude-

364 5758 495 5813 bant
531 5771 757 5818 veteres.
799 5764 979 5831 Quare
1011 5767 1174 5837 igitur
1207 5768 1441 5825 melius?
1465 5769 1600 5837 Quia
1639 5790 1793 5830 mens
1830 5775 1939 5831 illis

2193 4671 2528 4741 παρέχοιμεν
2550 4678 2663 4740 τοῖς
2693 4665 3095 4754 ἀντικειμένοις
3121 4689 3287 4759 γελᾷν
3316 4665 3638 4763 καθί-ἡμών,

2061 4761 2112 4814 οἳ
2161 4765 2255 4816 καὶ
2304 4768 2462 4821 αὐτοὶ
2496 4771 2632 4824 Θεοῦ
2661 4773 2810 4843 Υἱδν,
2840 4778 2932 4829 τὸν
2985 4780 3218 4852 Σωτῆρα
3257 4761 3521 4851 Χριστὸν,
3549 4805 3640 4839 κε-

2063 4858 2354 4927 κραγότες,
2385 4861 2536 4930 ὅμως
2569 4866 2630 4916 οὺ
2662 4868 2800 4938 πρὸς
2848 4871 3014 4923 αὑτοῦ
3061 4867 3221 4943 ἦσαν.
3253 4876 3344 4945 Μὴ
3391 4877 3637 4946 ἐφιέντες

2059 4951 2127 5018 τῇ
2165 4951 2384 5024 γλώσσῃ
2422 4954 2628 5024 λαλεῖν,
2661 4960 2818 5012 αὐτοὶ
2871 4963 3110 5034 ἀλλαχοῦ
3147 4967 3508 5038 ρεμὸοίμεθα,
3534 4987 3636 5023 κα-

2059 5039 2235 5111 θάπερ
2269 5043 2318 5094 εί
2354 5044 2450 5097 καὶ
2496 5046 2686 5110 ὓδατος
2733 5051 2918 5121 ὀχετόν
2967 5069 3051 5115 τις
3101 5057 3360 5125 κινήσας,
3386 5059 3466 5121 είς
3513 5059 3635 5111 ὁδὸν

2058 5131 2228 5202 ῥέειν,
2261 5130 2382 5188 εἶτα
2430 5138 2634 5200 ἐκεῖνος
2679 5140 2976 5214 ἀποσταίη,
3017 5146 3290 5214 ἑτέρωθεν
3325 5149 3636 5203 πλανᾶσθαι

2053 5225 2114 5278 τὸ
2141 5225 2282 5296 ὕδωρ
2308 5229 2488 5296 ἀφεὶς,
2522 5231 2644 5284 ὅποι
2691 5232 2868 5304 τύχοι.
2921 5236 3056 5290 Οὐδὲ
3087 5237 3360 5310 δεσπότης
3392 5242 3635 5295 ἐπαινεῖ-

2052 5335 2166 5383 ται,
2201 5321 2362 5385 αὐτὸς
2399 5325 2499 5390 μὲν
2532 5329 2988 5396 κατακοιμηθεὶς,
3013 5331 3317 5400 ἀγρυπνεῖν
3351 5334 3409 5386 δὲ
3450 5335 3629 5404 μάτην

2049 5411 2193 5466 οὕτω
2238 5414 2328 5468 τὸν
2371 5415 2557 5469 δοῦλον
2595 5419 2776 5486 ἀφείς.
2823 5413 2900 5474 Ἦ
2932 5425 3042 5492 γὰρ
3073 5427 3134 5479 ού
3166 5427 3438 5498 δεσπότης
3472 5429 3570 5496 μὲν
3596 5431 3626 5483 6

2047 5506 2105 5556 ὲν
2136 5507 2268 5576 ἡμῖν
2295 5509 2637 5579 κοιμώμενος
2665 5513 2812 5579 νοῦς,
2837 5514 3081 5572 δουλεύει
3110 5519 3166 5572 δὲ
3211 5506 3626 5596 εἰς,οὐδὲν’δέον

2049 5596 2081 5664 ή
2115 5599 2170 5648 ὲν
2193 5598 2430 5666 ψαλμοῖς
2477 5602 2636 5664 λάλος
2660 5604 2924 5675 γλῶσσα;
2972 5611 3208 5664 Κάλλιόν
3257 5615 3428 5680 ἐστιν,
3457 5611 3502 5668 ὦ
3533 5611 3624 5668 οὗ·

2047 5704 2151 5778 τοι,
2201 5690 2295 5742 ἐὰν
2338 5691 2482 5744 οὕτω
2528 5698 2593 5765 τῇ
2647 5696 2870 5771 γλώσσῃ
2905 5702 3044 5775 μόνῃ
3073 5704 3394 5777 ψάλλωμεν,
3419 5707 3625 5778 ἀποδη-

2048 5777 2278 5863 μοῦντος
2299 5779 2406 5868 τοῦς
2420 5785 2726 5870 κορυφαίου
2749 5788 3038 5866 λογισμοῦ,
3062 5797 3375 5869 σαμϐύκαις
3393 5777 3625 5870 ψάλλειν
