  <div class='ocr_page' id='page_1' title='image "/cluster/home/n/w/nwhite01/storage/ocr_20150623/136/coo.31924054870419/159.png"; bbox 0 0 4048 6418; ppageno 0'>
   <div class='ocr_carea' id='block_1_1' title="bbox 337 307 3597 401">
    <p class='ocr_par' dir='ltr' id='par_1_1' title="bbox 337 307 3597 401">
     <span class='ocr_line' id='line_1_1' title="bbox 337 307 3597 401; baseline -0.001 -26"><span class='ocrx_word' id='word_1_1' title='bbox 337 308 446 376; x_wconf 65' lang='grc'><strong>30⁸3</strong></span> <span class='ocrx_word' id='word_1_2' title='bbox 1043 312 1478 375; x_wconf 75' lang='lat' dir='ltr'><strong>&#39;EUSTATHII</strong></span> <span class='ocrx_word' id='word_1_3' title='bbox 1514 312 1965 376; x_wconf 82' lang='lat' dir='ltr'><strong>TIIESSAI.ON</strong></span> <span class='ocrx_word' id='word_1_4' title='bbox 1976 315 2224 376; x_wconf 84' lang='lat' dir='ltr'><strong>lCENSl</strong></span> <span class='ocrx_word' id='word_1_5' title='bbox 2236 316 2277 377; x_wconf 91' lang='lat' dir='ltr'>S</span> <span class='ocrx_word' id='word_1_6' title='bbox 2318 313 2881 377; x_wconf 57' lang='lat' dir='ltr'><strong>METROPOLITEE</strong></span> 
     </span>
    </p>
   </div>
   <div class='ocr_carea' id='block_1_2' title="bbox 338 429 1918 510">
    <p class='ocr_par' dir='ltr' id='par_1_2' title="bbox 338 431 1918 510">
     <span class='ocr_line' id='line_1_2' title="bbox 338 431 1918 510; baseline 0.003 -23"><span class='ocrx_word' id='word_1_7' title='bbox 338 432 469 488; x_wconf 87' lang='lat' dir='ltr'><strong>liam</strong></span> <span class='ocrx_word' id='word_1_8' title='bbox 501 446 622 502; x_wconf 66' lang='lat' dir='ltr'><strong>quae</strong></span> <span class='ocrx_word' id='word_1_9' title='bbox 653 432 721 487; x_wconf 88' lang='lat' dir='ltr'><strong>ad</strong></span> <span class='ocrx_word' id='word_1_10' title='bbox 760 431 1095 503; x_wconf 84' lang='lat' dir='ltr'><strong>spiritualem</strong></span> <span class='ocrx_word' id='word_1_11' title='bbox 1123 436 1487 492; x_wconf 72' lang='lat' dir='ltr'><strong>obedientiam</strong></span> <span class='ocrx_word' id='word_1_12' title='bbox 1510 450 1918 510; x_wconf 70' lang='lat' dir='ltr'><strong>promptumque</strong></span> 
     </span>
    </p>
   </div>
   <div class='ocr_carea' id='block_1_3' title="bbox 2021 429 3613 510">
    <p class='ocr_par' dir='ltr' id='par_1_3' title="bbox 2029 429 3613 508">
     <span class='ocr_line' id='line_1_3' title="bbox 2029 429 3613 508; baseline -0.004 -19"><span class='ocrx_word' id='word_1_13' title='bbox 2029 434 2131 507; x_wconf 79' lang='grc' dir='ltr'><strong>τὴν</strong></span> <span class='ocrx_word' id='word_1_14' title='bbox 2166 435 2453 508; x_wconf 79' lang='grc' dir='ltr'><strong>παροῦσαν</strong></span> <span class='ocrx_word' id='word_1_15' title='bbox 2481 434 2701 505; x_wconf 77' lang='grc' dir='ltr'><strong>ὁμιλίαν</strong></span> <span class='ocrx_word' id='word_1_16' title='bbox 2738 434 2834 487; x_wconf 73' lang='grc' dir='ltr'><strong>ἐπὶ</strong></span> <span class='ocrx_word' id='word_1_17' title='bbox 2864 429 3234 502; x_wconf 80' lang='grc' dir='ltr'><strong>παρακλήσει,</strong></span> <span class='ocrx_word' id='word_1_18' title='bbox 3262 430 3330 501; x_wconf 75' lang='grc' dir='ltr'><strong>τῇ</strong></span> <span class='ocrx_word' id='word_1_19' title='bbox 3363 429 3443 493; x_wconf 85' lang='grc' dir='ltr'><strong>είς</strong></span> <span class='ocrx_word' id='word_1_20' title='bbox 3483 429 3613 499; x_wconf 79' lang='grc' dir='ltr'><strong>εὐη-</strong></span> 
     </span>
    </p>
   </div>
   <div class='ocr_carea' id='block_1_4' title="bbox 335 525 1913 595">
    <p class='ocr_par' dir='ltr' id='par_1_4' title="bbox 335 525 1913 595">
     <span class='ocr_line' id='line_1_4' title="bbox 335 525 1913 595; baseline 0.002 -13"><span class='ocrx_word' id='word_1_21' title='bbox 335 526 405 582; x_wconf 86' lang='lat' dir='ltr'><strong>ad</strong></span> <span class='ocrx_word' id='word_1_22' title='bbox 453 525 869 583; x_wconf 68' lang='lat' dir='ltr'><strong>auscultandum</strong></span> <span class='ocrx_word' id='word_1_23' title='bbox 908 526 1148 582; x_wconf 89' lang='lat' dir='ltr'><strong>animum</strong></span> <span class='ocrx_word' id='word_1_24' title='bbox 1194 527 1549 582; x_wconf 84' lang='lat' dir='ltr'><strong>exhortatura</strong></span> <span class='ocrx_word' id='word_1_25' title='bbox 1599 536 1706 595; x_wconf 89' lang='lat' dir='ltr'><strong>est,</strong></span> <span class='ocrx_word' id='word_1_26' title='bbox 1768 545 1913 585; x_wconf 90' lang='lat' dir='ltr'><strong>nunc</strong></span> 
     </span>
    </p>
   </div>
   <div class='ocr_carea' id='block_1_5' title="bbox 338 620 1913 691">
    <p class='ocr_par' dir='ltr' id='par_1_5' title="bbox 338 620 1913 691">
     <span class='ocr_line' id='line_1_5' title="bbox 338 620 1913 691; baseline 0.003 -18"><span class='ocrx_word' id='word_1_27' title='bbox 338 620 613 691; x_wconf 70' lang='lat' dir='ltr'><strong>accingor,</strong></span> <span class='ocrx_word' id='word_1_28' title='bbox 655 636 941 677; x_wconf 79' lang='lat' dir='ltr'><strong>recurrens</strong></span> <span class='ocrx_word' id='word_1_29' title='bbox 995 621 1063 676; x_wconf 86' lang='lat' dir='ltr'><strong>ad</strong></span> <span class='ocrx_word' id='word_1_30' title='bbox 1098 621 1271 690; x_wconf 90' lang='lat' dir='ltr'><strong>prima</strong></span> <span class='ocrx_word' id='word_1_31' title='bbox 1327 622 1550 677; x_wconf 79' lang='lat' dir='ltr'><strong>exordia</strong></span> <span class='ocrx_word' id='word_1_32' title='bbox 1597 623 1795 691; x_wconf 94' lang='lat' dir='ltr'><strong>quibus</strong></span> <span class='ocrx_word' id='word_1_33' title='bbox 1829 623 1913 677; x_wconf 89' lang='lat' dir='ltr'><strong>lu-</strong></span> 
     </span>
    </p>
   </div>
   <div class='ocr_carea' id='block_1_6' title="bbox 2017 520 3605 597">
    <p class='ocr_par' dir='ltr' id='par_1_6' title="bbox 2017 520 3605 597">
     <span class='ocr_line' id='line_1_6' title="bbox 2017 520 3605 597; baseline -0.003 -19"><span class='ocrx_word' id='word_1_34' title='bbox 2017 524 2176 578; x_wconf 77' lang='grc' dir='ltr'><strong>κοῒαν</strong></span> <span class='ocrx_word' id='word_1_35' title='bbox 2204 524 2584 597; x_wconf 75' lang='grc' dir='ltr'><strong>πνευματικὴν</strong></span> <span class='ocrx_word' id='word_1_36' title='bbox 2611 524 2707 578; x_wconf 78' lang='grc' dir='ltr'><strong>καὶ</strong></span> <span class='ocrx_word' id='word_1_37' title='bbox 2734 521 2912 577; x_wconf 85' lang='grc' dir='ltr'><strong>πειθὼ</strong></span> <span class='ocrx_word' id='word_1_38' title='bbox 2943 522 3039 576; x_wconf 65' lang='grc' dir='ltr'><strong>καλ⁵</strong></span> <span class='ocrx_word' id='word_1_39' title='bbox 3085 520 3362 591; x_wconf 79' lang='grc' dir='ltr'><strong>ὑπακοὴν,</strong></span> <span class='ocrx_word' id='word_1_40' title='bbox 3387 520 3605 591; x_wconf 74' lang='grc' dir='ltr'><strong>ἐνίστη-</strong></span> 
     </span>
    </p>
   </div>
   <div class='ocr_carea' id='block_1_7' title="bbox 2018 613 3607 691">
    <p class='ocr_par' dir='ltr' id='par_1_7' title="bbox 2018 613 3607 691">
     <span class='ocr_line' id='line_1_7' title="bbox 2018 613 3607 691; baseline -0.002 -21"><span class='ocrx_word' id='word_1_41' title='bbox 2018 634 2100 686; x_wconf 87' lang='grc' dir='ltr'><strong>μι,</strong></span> <span class='ocrx_word' id='word_1_42' title='bbox 2115 616 2492 691; x_wconf 81' lang='grc' dir='ltr'><strong>[ἀνα]δραμὼν</strong></span> <span class='ocrx_word' id='word_1_43' title='bbox 2507 620 2586 682; x_wconf 88' lang='grc' dir='ltr'><strong>είς</strong></span> <span class='ocrx_word' id='word_1_44' title='bbox 2599 617 2772 690; x_wconf 72' lang='grc' dir='ltr'><strong>ἀρχὴν</strong></span> <span class='ocrx_word' id='word_1_45' title='bbox 2799 618 3249 687; x_wconf 82' lang='grc' dir='ltr'><strong>σκοπιμωτάτην,</strong></span> <span class='ocrx_word' id='word_1_46' title='bbox 3266 613 3409 683; x_wconf 74' lang='grc' dir='ltr'><strong>ὲμοὶ-</strong></span> <span class='ocrx_word' id='word_1_47' title='bbox 3421 613 3607 675; x_wconf 81' lang='grc' dir='ltr'><strong>καλῶς</strong></span> 
     </span>
    </p>
   </div>
   <div class='ocr_carea' id='block_1_8' title="bbox 340 702 1918 783">
    <p class='ocr_par' dir='ltr' id='par_1_8' title="bbox 340 709 1913 780">
     <span class='ocr_line' id='line_1_8' title="bbox 340 709 1913 780; baseline 0.005 -21"><span class='ocrx_word' id='word_1_48' title='bbox 340 709 534 763; x_wconf 88' lang='lat' dir='ltr'><strong>henter</strong></span> <span class='ocrx_word' id='word_1_49' title='bbox 572 710 831 765; x_wconf 62' lang='lat' dir='ltr'><strong>inhaereo.</strong></span> <span class='ocrx_word' id='word_1_50' title='bbox 888 741 957 751; x_wconf 89' lang='lat'><strong>—</strong></span> <span class='ocrx_word' id='word_1_51' title='bbox 990 710 1113 766; x_wconf 82' lang='lat' dir='ltr'><strong>Fuit</strong></span> <span class='ocrx_word' id='word_1_52' title='bbox 1148 720 1383 780; x_wconf 83' lang='lat' dir='ltr'><strong>tempus,</strong></span> <span class='ocrx_word' id='word_1_53' title='bbox 1440 726 1474 766; x_wconf 93' lang='grc' dir='ltr'><strong>ο</strong></span> <span class='ocrx_word' id='word_1_54' title='bbox 1527 711 1747 775; x_wconf 83' lang='lat' dir='ltr'><strong>fratres,</strong></span> <span class='ocrx_word' id='word_1_55' title='bbox 1807 727 1913 780; x_wconf 88' lang='lat' dir='ltr'><strong>quo</strong></span> 
     </span>
    </p>
   </div>
   <div class='ocr_carea' id='block_1_9' title="bbox 2021 702 3608 783">
    <p class='ocr_par' dir='ltr' id='par_1_9' title="bbox 2021 702 3608 783">
     <span class='ocr_line' id='line_1_9' title="bbox 2021 702 3608 783; baseline -0.001 -20"><span class='ocrx_word' id='word_1_56' title='bbox 2021 711 2379 783; x_wconf 79' lang='grc' dir='ltr'><strong>ἀρέσκουσαν.</strong></span> <span class='ocrx_word' id='word_1_57' title='bbox 2407 743 2479 754; x_wconf 92' lang='lat'><strong>-</strong></span> <span class='ocrx_word' id='word_1_58' title='bbox 2506 708 2619 767; x_wconf 81' lang='grc' dir='ltr'><strong>Ἦν</strong></span> <span class='ocrx_word' id='word_1_59' title='bbox 2643 715 2861 774; x_wconf 85' lang='grc' dir='ltr'><strong>πάντως</strong></span> <span class='ocrx_word' id='word_1_60' title='bbox 2894 713 3109 781; x_wconf 80' lang='grc' dir='ltr'><strong>χρόνος,</strong></span> <span class='ocrx_word' id='word_1_61' title='bbox 3137 702 3183 763; x_wconf 80' lang='grc' dir='ltr'>ὦ</span> <span class='ocrx_word' id='word_1_62' title='bbox 3206 708 3448 776; x_wconf 73' lang='grc' dir='ltr'><strong>ἀδελφοὶ,</strong></span> <span class='ocrx_word' id='word_1_63' title='bbox 3480 705 3608 762; x_wconf 83' lang='grc' dir='ltr'><strong>καθ’</strong></span> 
     </span>
    </p>
   </div>
   <div class='ocr_carea' id='block_1_10' title="bbox 338 801 1916 872">
    <p class='ocr_par' dir='ltr' id='par_1_10' title="bbox 338 801 1916 872">
     <span class='ocr_line' id='line_1_10' title="bbox 338 801 1916 872; baseline 0.003 -18"><span class='ocrx_word' id='word_1_64' title='bbox 338 816 516 870; x_wconf 88' lang='lat' dir='ltr'><strong>neque</strong></span> <span class='ocrx_word' id='word_1_65' title='bbox 545 801 651 867; x_wconf 83' lang='lat' dir='ltr'><strong>lex,</strong></span> <span class='ocrx_word' id='word_1_66' title='bbox 692 812 783 857; x_wconf 87' lang='lat' dir='ltr'><strong>aut</strong></span> <span class='ocrx_word' id='word_1_67' title='bbox 834 804 1041 872; x_wconf 84' lang='lat' dir='ltr'><strong>regula,</strong></span> <span class='ocrx_word' id='word_1_68' title='bbox 1079 812 1175 856; x_wconf 89' lang='lat' dir='ltr'><strong>aut</strong></span> <span class='ocrx_word' id='word_1_69' title='bbox 1219 803 1322 857; x_wconf 90' lang='lat' dir='ltr'><strong>ulla</strong></span> <span class='ocrx_word' id='word_1_70' title='bbox 1371 805 1648 860; x_wconf 79' lang='lat' dir='ltr'><strong>rationalis</strong></span> <span class='ocrx_word' id='word_1_71' title='bbox 1681 805 1916 859; x_wconf 86' lang='lat' dir='ltr'><strong>homini-</strong></span> 
     </span>
    </p>
   </div>
   <div class='ocr_carea' id='block_1_11' title="bbox 337 898 1915 967">
    <p class='ocr_par' dir='ltr' id='par_1_11' title="bbox 337 898 1915 967">
     <span class='ocr_line' id='line_1_11' title="bbox 337 898 1915 967; baseline 0.005 -18"><span class='ocrx_word' id='word_1_72' title='bbox 337 898 551 967; x_wconf 88' lang='lat' dir='ltr'><strong>hnsque</strong></span> <span class='ocrx_word' id='word_1_73' title='bbox 576 898 734 967; x_wconf 85' lang='lat' dir='ltr'><strong>digna</strong></span> <span class='ocrx_word' id='word_1_74' title='bbox 762 899 1166 955; x_wconf 78' lang='lat' dir='ltr'><strong>administratio</strong></span> <span class='ocrx_word' id='word_1_75' title='bbox 1207 900 1560 966; x_wconf 83' lang='lat' dir='ltr'><strong>civitatisque</strong></span> <span class='ocrx_word' id='word_1_76' title='bbox 1591 902 1730 956; x_wconf 83' lang='lat' dir='ltr'><strong>bene</strong></span> <span class='ocrx_word' id='word_1_77' title='bbox 1760 902 1915 957; x_wconf 86' lang='lat' dir='ltr'><strong>ordi-</strong></span> 
     </span>
    </p>
   </div>
   <div class='ocr_carea' id='block_1_12' title="bbox 338 990 1918 1055">
    <p class='ocr_par' dir='ltr' id='par_1_12' title="bbox 338 990 1918 1055">
     <span class='ocr_line' id='line_1_12' title="bbox 338 990 1918 1055; baseline 0.006 -14"><span class='ocrx_word' id='word_1_78' title='bbox 338 999 490 1043; x_wconf 71' lang='lat' dir='ltr'><strong>nata:</strong></span> <span class='ocrx_word' id='word_1_79' title='bbox 535 990 855 1045; x_wconf 85' lang='lat' dir='ltr'><strong>constitutio</strong></span> <span class='ocrx_word' id='word_1_80' title='bbox 895 990 1041 1045; x_wconf 88' lang='lat' dir='ltr'><strong>inter</strong></span> <span class='ocrx_word' id='word_1_81' title='bbox 1074 991 1322 1047; x_wconf 80' lang='lat' dir='ltr'><strong>homines</strong></span> <span class='ocrx_word' id='word_1_82' title='bbox 1352 993 1665 1055; x_wconf 86' lang='lat' dir='ltr'><strong>exsisteret,</strong></span> <span class='ocrx_word' id='word_1_83' title='bbox 1709 993 1817 1049; x_wconf 86' lang='lat' dir='ltr'><strong>imo</strong></span> <span class='ocrx_word' id='word_1_84' title='bbox 1842 1009 1918 1051; x_wconf 85' lang='lat' dir='ltr'><strong>ne</strong></span> 
     </span>
    </p>
   </div>
   <div class='ocr_carea' id='block_1_13' title="bbox 336 1079 1918 1154">
    <p class='ocr_par' dir='ltr' id='par_1_13' title="bbox 336 1079 1918 1154">
     <span class='ocr_line' id='line_1_13' title="bbox 336 1079 1918 1154; baseline 0.009 -24"><span class='ocrx_word' id='word_1_85' title='bbox 336 1080 465 1133; x_wconf 68' lang='lat' dir='ltr'><strong>vitae</strong></span> <span class='ocrx_word' id='word_1_86' title='bbox 486 1079 701 1148; x_wconf 84' lang='lat' dir='ltr'><strong>quidem</strong></span> <span class='ocrx_word' id='word_1_87' title='bbox 731 1082 1000 1136; x_wconf 82' lang='lat' dir='ltr'><strong>securitas</strong></span> <span class='ocrx_word' id='word_1_88' title='bbox 1021 1093 1188 1149; x_wconf 83' lang='lat' dir='ltr'><strong>esset,</strong></span> <span class='ocrx_word' id='word_1_89' title='bbox 1208 1084 1335 1152; x_wconf 85' lang='lat' dir='ltr'><strong>quia</strong></span> <span class='ocrx_word' id='word_1_90' title='bbox 1357 1099 1535 1154; x_wconf 89' lang='lat' dir='ltr'><strong>neque</strong></span> <span class='ocrx_word' id='word_1_91' title='bbox 1554 1086 1788 1140; x_wconf 84' lang='lat' dir='ltr'><strong>societas</strong></span> <span class='ocrx_word' id='word_1_92' title='bbox 1807 1087 1918 1145; x_wconf 86' lang='lat' dir='ltr'><strong>coi-</strong></span> 
     </span>
    </p>
   </div>
   <div class='ocr_carea' id='block_1_14' title="bbox 337 1169 1918 1247">
    <p class='ocr_par' dir='ltr' id='par_1_14' title="bbox 337 1169 1918 1247">
     <span class='ocr_line' id='line_1_14' title="bbox 337 1169 1918 1247; baseline 0.005 -24"><span class='ocrx_word' id='word_1_93' title='bbox 337 1169 454 1234; x_wconf 85' lang='lat' dir='ltr'><strong>bat,</strong></span> <span class='ocrx_word' id='word_1_94' title='bbox 471 1184 649 1240; x_wconf 79' lang='lat' dir='ltr'><strong>neque</strong></span> <span class='ocrx_word' id='word_1_95' title='bbox 672 1171 863 1226; x_wconf 92' lang='lat' dir='ltr'><strong>concio</strong></span> <span class='ocrx_word' id='word_1_96' title='bbox 886 1173 1211 1237; x_wconf 85' lang='lat' dir='ltr'><strong>habebatur,</strong></span> <span class='ocrx_word' id='word_1_97' title='bbox 1235 1190 1409 1243; x_wconf 89' lang='lat' dir='ltr'><strong>neque</strong></span> <span class='ocrx_word' id='word_1_98' title='bbox 1433 1185 1918 1247; x_wconf 78' lang='lat' dir='ltr'><strong>ctetuscongrega-</strong></span> 
     </span>
    </p>
   </div>
   <div class='ocr_carea' id='block_1_15' title="bbox 335 1255 1914 1332">
    <p class='ocr_par' dir='ltr' id='par_1_15' title="bbox 335 1255 1914 1332">
     <span class='ocr_line' id='line_1_15' title="bbox 335 1255 1914 1332; baseline 0.006 -21"><span class='ocrx_word' id='word_1_99' title='bbox 335 1255 519 1321; x_wconf 78' lang='lat' dir='ltr'><strong>batur,</strong></span> <span class='ocrx_word' id='word_1_100' title='bbox 541 1273 715 1327; x_wconf 89' lang='lat' dir='ltr'><strong>neque</strong></span> <span class='ocrx_word' id='word_1_101' title='bbox 731 1259 851 1330; x_wconf 88' lang='lat' dir='ltr'><strong>(cur</strong></span> <span class='ocrx_word' id='word_1_102' title='bbox 867 1263 1008 1315; x_wconf 88' lang='lat' dir='ltr'><strong>enim</strong></span> <span class='ocrx_word' id='word_1_103' title='bbox 1030 1262 1083 1317; x_wconf 79' lang='lat' dir='ltr'><strong>id</strong></span> <span class='ocrx_word' id='word_1_104' title='bbox 1107 1263 1251 1332; x_wconf 89' lang='lat' dir='ltr'><strong>quod</strong></span> <span class='ocrx_word' id='word_1_105' title='bbox 1280 1267 1518 1319; x_wconf 91' lang='lat' dir='ltr'><strong>omnium</strong></span> <span class='ocrx_word' id='word_1_106' title='bbox 1546 1266 1914 1321; x_wconf 80' lang='lat' dir='ltr'><strong>tristissimum</strong></span> 
     </span>
    </p>
   </div>
   <div class='ocr_carea' id='block_1_16' title="bbox 339 1349 1915 1428">
    <p class='ocr_par' dir='ltr' id='par_1_16' title="bbox 339 1349 1915 1428">
     <span class='ocr_line' id='line_1_16' title="bbox 339 1349 1915 1428; baseline 0.008 -28"><span class='ocrx_word' id='word_1_107' title='bbox 339 1358 423 1401; x_wconf 88' lang='lat' dir='ltr'><strong>est</strong></span> <span class='ocrx_word' id='word_1_108' title='bbox 478 1349 726 1418; x_wconf 71' lang='lat' dir='ltr'><strong>tacebo?)</strong></span> <span class='ocrx_word' id='word_1_109' title='bbox 756 1352 1063 1409; x_wconf 84' lang='lat' dir='ltr'><strong>humanitas</strong></span> <span class='ocrx_word' id='word_1_110' title='bbox 1103 1368 1166 1408; x_wconf 85' lang='lat' dir='ltr'><strong>ac</strong></span> <span class='ocrx_word' id='word_1_111' title='bbox 1214 1357 1567 1410; x_wconf 72' lang='lat' dir='ltr'><strong>mansuetudo</strong></span> <span class='ocrx_word' id='word_1_112' title='bbox 1603 1357 1915 1428; x_wconf 78' lang='lat' dir='ltr'><strong>apparebat,</strong></span> 
     </span>
    </p>
   </div>
   <div class='ocr_carea' id='block_1_17' title="bbox 338 1441 1919 1515">
    <p class='ocr_par' dir='ltr' id='par_1_17' title="bbox 338 1441 1919 1515">
     <span class='ocr_line' id='line_1_17' title="bbox 338 1441 1919 1515; baseline 0.009 -24"><span class='ocrx_word' id='word_1_113' title='bbox 338 1456 457 1506; x_wconf 81' lang='lat' dir='ltr'><strong>qua-</strong></span> <span class='ocrx_word' id='word_1_114' title='bbox 514 1441 629 1495; x_wconf 88' lang='lat' dir='ltr'><strong>sola</strong></span> <span class='ocrx_word' id='word_1_115' title='bbox 671 1443 945 1498; x_wconf 88' lang='lat' dir='ltr'><strong>hominem</strong></span> <span class='ocrx_word' id='word_1_116' title='bbox 980 1445 1186 1513; x_wconf 83' lang='lat' dir='ltr'><strong>efficit;</strong></span> <span class='ocrx_word' id='word_1_117' title='bbox 1224 1448 1380 1515; x_wconf 84' lang='lat' dir='ltr'><strong>cujus</strong></span> <span class='ocrx_word' id='word_1_118' title='bbox 1417 1449 1493 1503; x_wconf 90' lang='lat' dir='ltr'><strong>rei</strong></span> <span class='ocrx_word' id='word_1_119' title='bbox 1527 1449 1919 1505; x_wconf 76' lang='lat' dir='ltr'><strong>demonstratio</strong></span> 
     </span>
    </p>
   </div>
   <div class='ocr_carea' id='block_1_18' title="bbox 339 1532 1919 1607">
    <p class='ocr_par' dir='ltr' id='par_1_18' title="bbox 339 1532 1919 1607">
     <span class='ocr_line' id='line_1_18' title="bbox 339 1532 1919 1607; baseline 0.009 -26"><span class='ocrx_word' id='word_1_120' title='bbox 339 1532 537 1595; x_wconf 82' lang='lat' dir='ltr'><strong>partim</strong></span> <span class='ocrx_word' id='word_1_121' title='bbox 589 1535 779 1601; x_wconf 87' lang='lat' dir='ltr'><strong>procul</strong></span> <span class='ocrx_word' id='word_1_122' title='bbox 823 1537 1155 1605; x_wconf 87' lang='lat' dir='ltr'><strong>repetenda,</strong></span> <span class='ocrx_word' id='word_1_123' title='bbox 1190 1540 1385 1606; x_wconf 89' lang='lat' dir='ltr'><strong>partim</strong></span> <span class='ocrx_word' id='word_1_124' title='bbox 1450 1553 1512 1594; x_wconf 76' lang='lat' dir='ltr'><strong>ex</strong></span> <span class='ocrx_word' id='word_1_125' title='bbox 1586 1542 1919 1607; x_wconf 73' lang='lat' dir='ltr'><strong>argumentis</strong></span> 
     </span>
    </p>
   </div>
   <div class='ocr_carea' id='block_1_19' title="bbox 335 1621 1841 1698">
    <p class='ocr_par' dir='ltr' id='par_1_19' title="bbox 335 1621 1841 1698">
     <span class='ocr_line' id='line_1_19' title="bbox 335 1621 1841 1698; baseline 0.012 -31"><span class='ocrx_word' id='word_1_126' title='bbox 335 1621 661 1690; x_wconf 77' lang='lat' dir='ltr'><strong>propinquis</strong></span> <span class='ocrx_word' id='word_1_127' title='bbox 696 1621 1038 1690; x_wconf 83' lang='lat' dir='ltr'><strong>deducenda,</strong></span> <span class='ocrx_word' id='word_1_128' title='bbox 1092 1625 1269 1681; x_wconf 77' lang='lat' dir='ltr'><strong>facilis</strong></span> <span class='ocrx_word' id='word_1_129' title='bbox 1325 1627 1430 1681; x_wconf 82' lang='lat' dir='ltr'><strong>erit</strong></span> <span class='ocrx_word' id='word_1_130' title='bbox 1479 1638 1532 1683; x_wconf 85' lang='lat' dir='ltr'><strong>et</strong></span> <span class='ocrx_word' id='word_1_131' title='bbox 1568 1630 1841 1698; x_wconf 77' lang='lat' dir='ltr'><strong>expedita.</strong></span> 
     </span>
    </p>
   </div>
   <div class='ocr_carea' id='block_1_20' title="bbox 409 1711 1917 1790">
    <p class='ocr_par' dir='ltr' id='par_1_20' title="bbox 409 1711 1917 1790">
     <span class='ocr_line' id='line_1_20' title="bbox 409 1711 1917 1790; baseline 0.009 -27"><span class='ocrx_word' id='word_1_132' title='bbox 409 1711 463 1763; x_wconf 74' lang='lat'><em>2.</em></span> <span class='ocrx_word' id='word_1_133' title='bbox 507 1712 660 1765; x_wconf 68' lang='grc' dir='ltr'><strong>Λιονί</strong></span> <span class='ocrx_word' id='word_1_134' title='bbox 711 1715 879 1770; x_wconf 88' lang='lat' dir='ltr'><strong>nostri</strong></span> <span class='ocrx_word' id='word_1_135' title='bbox 923 1717 1140 1786; x_wconf 79' lang='lat' dir='ltr'><strong>generis</strong></span> <span class='ocrx_word' id='word_1_136' title='bbox 1171 1733 1235 1773; x_wconf 90' lang='lat' dir='ltr'><strong>ac</strong></span> <span class='ocrx_word' id='word_1_137' title='bbox 1263 1718 1485 1788; x_wconf 85' lang='lat' dir='ltr'><strong>speciei,</strong></span> <span class='ocrx_word' id='word_1_138' title='bbox 1521 1720 1773 1775; x_wconf 86' lang='lat' dir='ltr'><strong>homines</strong></span> <span class='ocrx_word' id='word_1_139' title='bbox 1809 1722 1917 1790; x_wconf 91' lang='lat' dir='ltr'><strong>pri-</strong></span> 
     </span>
    </p>
   </div>
   <div class='ocr_carea' id='block_1_21' title="bbox 2015 800 3606 876">
    <p class='ocr_par' dir='ltr' id='par_1_21' title="bbox 2015 800 3606 876">
     <span class='ocr_line' id='line_1_21' title="bbox 2015 800 3606 876; baseline -0.003 -19"><span class='ocrx_word' id='word_1_140' title='bbox 2015 803 2076 857; x_wconf 79' lang='grc' dir='ltr'><strong>ὃν</strong></span> <span class='ocrx_word' id='word_1_141' title='bbox 2107 803 2264 858; x_wconf 77' lang='grc' dir='ltr'><strong>οὔπω</strong></span> <span class='ocrx_word' id='word_1_142' title='bbox 2295 804 2375 876; x_wconf 77' lang='grc' dir='ltr'><strong>μὴ</strong></span> <span class='ocrx_word' id='word_1_143' title='bbox 2403 805 2564 876; x_wconf 84' lang='grc' dir='ltr'><strong>μόνον</strong></span> <span class='ocrx_word' id='word_1_144' title='bbox 2596 805 2657 859; x_wconf 83' lang='grc' dir='ltr'><strong>οὐ</strong></span> <span class='ocrx_word' id='word_1_145' title='bbox 2688 804 2875 874; x_wconf 83' lang='grc' dir='ltr'><strong>νόμος,</strong></span> <span class='ocrx_word' id='word_1_146' title='bbox 2903 803 2937 875; x_wconf 76' lang='grc' dir='ltr'>ἢ</span> <span class='ocrx_word' id='word_1_147' title='bbox 2966 801 3171 867; x_wconf 87' lang='grc' dir='ltr'><strong>κανὼν,</strong></span> <span class='ocrx_word' id='word_1_148' title='bbox 3231 800 3264 872; x_wconf 79' lang='grc' dir='ltr'>ἢ</span> <span class='ocrx_word' id='word_1_149' title='bbox 3307 801 3606 871; x_wconf 84' lang='grc' dir='ltr'><strong>ποίμανσις</strong></span> 
     </span>
    </p>
   </div>
   <div class='ocr_carea' id='block_1_22' title="bbox 2018 893 3605 968">
    <p class='ocr_par' dir='ltr' id='par_1_22' title="bbox 2018 893 3605 968">
     <span class='ocr_line' id='line_1_22' title="bbox 2018 893 3605 968; baseline -0.003 -19"><span class='ocrx_word' id='word_1_150' title='bbox 2018 895 2235 964; x_wconf 78' lang='grc' dir='ltr'><strong>ἔλλογος</strong></span> <span class='ocrx_word' id='word_1_151' title='bbox 2289 897 2385 951; x_wconf 74' lang='grc' dir='ltr'><strong>καὶ</strong></span> <span class='ocrx_word' id='word_1_152' title='bbox 2436 896 2752 968; x_wconf 86' lang='grc' dir='ltr'><strong>ἀνθρώποις</strong></span> <span class='ocrx_word' id='word_1_153' title='bbox 2812 896 3122 966; x_wconf 77' lang='grc' dir='ltr'><strong>πρέπουσα,</strong></span> <span class='ocrx_word' id='word_1_154' title='bbox 3183 893 3217 962; x_wconf 84' lang='grc' dir='ltr'>ἢ</span> <span class='ocrx_word' id='word_1_155' title='bbox 3258 893 3605 953; x_wconf 78' lang='grc' dir='ltr'><strong>κατάστασις</strong></span> 
     </span>
    </p>
   </div>
   <div class='ocr_carea' id='block_1_23' title="bbox 2019 977 3607 1058">
    <p class='ocr_par' dir='ltr' id='par_1_23' title="bbox 2019 977 3607 1058">
     <span class='ocr_line' id='line_1_23' title="bbox 2019 977 3607 1058; baseline -0.003 -18"><span class='ocrx_word' id='word_1_156' title='bbox 2019 987 2174 1051; x_wconf 75' lang='grc' dir='ltr'><strong>ῐθους</strong></span> <span class='ocrx_word' id='word_1_157' title='bbox 2204 987 2391 1052; x_wconf 81' lang='grc' dir='ltr'><strong>ἁπλῶς</strong></span> <span class='ocrx_word' id='word_1_158' title='bbox 2417 988 2473 1041; x_wconf 76' lang='grc' dir='ltr'><strong>ἐν</strong></span> <span class='ocrx_word' id='word_1_159' title='bbox 2499 977 2813 1058; x_wconf 72' lang='grc' dir='ltr'><strong>ἀνθρώποις</strong></span> <span class='ocrx_word' id='word_1_160' title='bbox 2840 988 3089 1058; x_wconf 71' lang='grc' dir='ltr'><strong>ἐκράτει,</strong></span> <span class='ocrx_word' id='word_1_161' title='bbox 3135 985 3255 1039; x_wconf 83' lang='grc' dir='ltr'><strong>ἀλλ’</strong></span> <span class='ocrx_word' id='word_1_162' title='bbox 3314 983 3438 1038; x_wconf 81' lang='grc' dir='ltr'><strong>οὐδὲ</strong></span> <span class='ocrx_word' id='word_1_163' title='bbox 3490 982 3607 1053; x_wconf 69' lang='grc' dir='ltr'><strong>βίος</strong></span> 
     </span>
    </p>
   </div>
   <div class='ocr_carea' id='block_1_24' title="bbox 2019 1076 3607 1151">
    <p class='ocr_par' dir='ltr' id='par_1_24' title="bbox 2019 1076 3607 1151">
     <span class='ocr_line' id='line_1_24' title="bbox 2019 1076 3607 1151; baseline -0.003 -18"><span class='ocrx_word' id='word_1_164' title='bbox 2019 1079 2372 1151; x_wconf 81' lang='grc' dir='ltr'><strong>ᾠκονομεῖτο.</strong></span> <span class='ocrx_word' id='word_1_165' title='bbox 2402 1080 2593 1133; x_wconf 88' lang='grc' dir='ltr'><strong>καθότι</strong></span> <span class='ocrx_word' id='word_1_166' title='bbox 2625 1080 2747 1134; x_wconf 77' lang='grc' dir='ltr'><strong>οὐδὲ</strong></span> <span class='ocrx_word' id='word_1_167' title='bbox 2778 1080 3058 1150; x_wconf 86' lang='grc' dir='ltr'><strong>ὁμήγυρις</strong></span> <span class='ocrx_word' id='word_1_168' title='bbox 3104 1076 3420 1149; x_wconf 76' lang='grc' dir='ltr'><strong>ἡθροίζετο,</strong></span> <span class='ocrx_word' id='word_1_169' title='bbox 3481 1076 3607 1129; x_wconf 80' lang='grc' dir='ltr'><strong>οὐδὲ</strong></span> 
     </span>
    </p>
   </div>
   <div class='ocr_carea' id='block_1_25' title="bbox 2022 1169 3609 1243">
    <p class='ocr_par' dir='ltr' id='par_1_25' title="bbox 2022 1169 3609 1243">
     <span class='ocr_line' id='line_1_25' title="bbox 2022 1169 3609 1243; baseline -0.001 -19"><span class='ocrx_word' id='word_1_170' title='bbox 2022 1173 2337 1241; x_wconf 82' lang='grc' dir='ltr'><strong>πανήγυρις</strong></span> <span class='ocrx_word' id='word_1_171' title='bbox 2368 1173 2557 1243; x_wconf 75' lang='grc' dir='ltr'><strong>ἤγετο,</strong></span> <span class='ocrx_word' id='word_1_172' title='bbox 2593 1173 2716 1227; x_wconf 76' lang='grc' dir='ltr'><strong>οὐδὲ</strong></span> <span class='ocrx_word' id='word_1_173' title='bbox 2748 1173 3010 1243; x_wconf 87' lang='grc' dir='ltr'><strong>σύλλογος</strong></span> <span class='ocrx_word' id='word_1_174' title='bbox 3037 1171 3399 1243; x_wconf 78' lang='grc' dir='ltr'><strong>ὲγνωρίζετο,</strong></span> <span class='ocrx_word' id='word_1_175' title='bbox 3432 1171 3492 1224; x_wconf 87' lang='grc' dir='ltr'><strong>τί</strong></span> <span class='ocrx_word' id='word_1_176' title='bbox 3531 1169 3609 1240; x_wconf 79' lang='grc' dir='ltr'><strong>μὴ</strong></span> 
     </span>
    </p>
   </div>
   <div class='ocr_carea' id='block_1_26' title="bbox 2018 1257 3607 1333">
    <p class='ocr_par' dir='ltr' id='par_1_26' title="bbox 2018 1257 3607 1333">
     <span class='ocr_line' id='line_1_26' title="bbox 2018 1257 3607 1333; baseline 0 -22"><span class='ocrx_word' id='word_1_177' title='bbox 2018 1261 2162 1327; x_wconf 78' lang='grc' dir='ltr'><strong>λέγω</strong></span> <span class='ocrx_word' id='word_1_178' title='bbox 2183 1262 2243 1315; x_wconf 75' lang='grc' dir='ltr'><strong>τὸ</strong></span> <span class='ocrx_word' id='word_1_179' title='bbox 2265 1262 2538 1316; x_wconf 71' lang='grc' dir='ltr'><strong>οἴκτιστον</strong></span> <span class='ocrx_word' id='word_1_180' title='bbox 2560 1280 2576 1330; x_wconf 89' lang='grc'>;</span> <span class='ocrx_word' id='word_1_181' title='bbox 2602 1263 2722 1316; x_wconf 69' lang='grc' dir='ltr'><strong>οὐδὲ</strong></span> <span class='ocrx_word' id='word_1_182' title='bbox 2758 1264 3037 1333; x_wconf 80' lang='grc' dir='ltr'><strong>ἡμερότης</strong></span> <span class='ocrx_word' id='word_1_183' title='bbox 3082 1261 3423 1331; x_wconf 80' lang='grc' dir='ltr'><strong>ἐξεφαίνετο,</strong></span> <span class='ocrx_word' id='word_1_184' title='bbox 3480 1257 3607 1315; x_wconf 71' lang='grc' dir='ltr'><strong>καθ’</strong></span> 
     </span>
    </p>
   </div>
   <div class='ocr_carea' id='block_1_27' title="bbox 2019 1352 3607 1425">
    <p class='ocr_par' dir='ltr' id='par_1_27' title="bbox 2019 1352 3607 1425">
     <span class='ocr_line' id='line_1_27' title="bbox 2019 1352 3607 1425; baseline -0.001 -19"><span class='ocrx_word' id='word_1_185' title='bbox 2019 1354 2086 1421; x_wconf 81' lang='grc' dir='ltr'><strong>ἥν</strong></span> <span class='ocrx_word' id='word_1_186' title='bbox 2117 1355 2582 1425; x_wconf 78' lang='grc' dir='ltr'><strong>χαρακτηρίζεται</strong></span> <span class='ocrx_word' id='word_1_187' title='bbox 2612 1354 2899 1425; x_wconf 74' lang='grc' dir='ltr'><strong>ἄνθρωπος</strong></span> <span class='ocrx_word' id='word_1_188' title='bbox 2938 1370 2952 1386; x_wconf 75' lang='grc'><strong><em>⁸</em></strong></span> <span class='ocrx_word' id='word_1_189' title='bbox 2985 1357 3078 1407; x_wconf 75' lang='grc' dir='ltr'><strong>καὶ</strong></span> <span class='ocrx_word' id='word_1_190' title='bbox 3123 1356 3156 1423; x_wconf 83' lang='grc' dir='ltr'>ἡ</span> <span class='ocrx_word' id='word_1_191' title='bbox 3184 1353 3278 1407; x_wconf 79' lang='grc' dir='ltr'><strong>τοῦ</strong></span> <span class='ocrx_word' id='word_1_192' title='bbox 3319 1353 3483 1421; x_wconf 81' lang='grc' dir='ltr'>λόγου</span> <span class='ocrx_word' id='word_1_193' title='bbox 3524 1352 3607 1420; x_wconf 78' lang='grc' dir='ltr'><strong>τῷ</strong></span> 
     </span>
    </p>
   </div>
   <div class='ocr_carea' id='block_1_28' title="bbox 2018 1437 3608 1518">
    <p class='ocr_par' dir='ltr' id='par_1_28' title="bbox 2018 1437 3608 1518">
     <span class='ocr_line' id='line_1_28' title="bbox 2018 1437 3608 1518; baseline 0 -21"><span class='ocrx_word' id='word_1_194' title='bbox 2018 1445 2157 1508; x_wconf 79' lang='grc' dir='ltr'><strong>τέως</strong></span> <span class='ocrx_word' id='word_1_195' title='bbox 2190 1444 2490 1511; x_wconf 75' lang='grc' dir='ltr'><strong>ἀπόδειξις,</strong></span> <span class='ocrx_word' id='word_1_196' title='bbox 2540 1448 2590 1500; x_wconf 88' lang='grc' dir='ltr'><strong>εί</strong></span> <span class='ocrx_word' id='word_1_197' title='bbox 2628 1437 2737 1500; x_wconf 74' lang='grc' dir='ltr'><strong>’καὶ</strong></span> <span class='ocrx_word' id='word_1_198' title='bbox 2776 1447 2839 1499; x_wconf 76' lang='grc' dir='ltr'><strong>ὲκ</strong></span> <span class='ocrx_word' id='word_1_199' title='bbox 2880 1447 2990 1499; x_wconf 85' lang='grc' dir='ltr'><strong>τῶν</strong></span> <span class='ocrx_word' id='word_1_200' title='bbox 3042 1446 3408 1518; x_wconf 76' lang='grc' dir='ltr'><strong>πορρωτάτω.</strong></span> <span class='ocrx_word' id='word_1_201' title='bbox 3469 1444 3608 1498; x_wconf 65' lang='grc' dir='ltr'><strong>ἀλλὰ</strong></span> 
     </span>
    </p>
   </div>
   <div class='ocr_carea' id='block_1_29' title="bbox 2018 1535 3609 1606">
    <p class='ocr_par' dir='ltr' id='par_1_29' title="bbox 2018 1535 3609 1606">
     <span class='ocr_line' id='line_1_29' title="bbox 2018 1535 3609 1606; baseline 0.001 -18"><span class='ocrx_word' id='word_1_202' title='bbox 2018 1535 2222 1605; x_wconf 83' lang='grc' dir='ltr'><strong>τρόπον</strong></span> <span class='ocrx_word' id='word_1_203' title='bbox 2252 1536 2413 1592; x_wconf 77' lang='grc' dir='ltr'><strong>ἄλλον</strong></span> <span class='ocrx_word' id='word_1_204' title='bbox 2447 1538 2759 1606; x_wconf 77' lang='grc' dir='ltr'><strong>ἐγγυτάτω,</strong></span> <span class='ocrx_word' id='word_1_205' title='bbox 2791 1537 3004 1606; x_wconf 84' lang='grc' dir='ltr'><strong>λέγοιτο</strong></span> <span class='ocrx_word' id='word_1_206' title='bbox 3034 1539 3101 1592; x_wconf 67' lang='grc' dir='ltr'><strong>ἂν</strong></span> <span class='ocrx_word' id='word_1_207' title='bbox 3148 1538 3236 1591; x_wconf 78' lang='grc' dir='ltr'><strong>διὰ</strong></span> <span class='ocrx_word' id='word_1_208' title='bbox 3266 1537 3325 1590; x_wconf 81' lang='grc' dir='ltr'><strong>τὸ</strong></span> <span class='ocrx_word' id='word_1_209' title='bbox 3380 1535 3609 1590; x_wconf 73' lang='grc' dir='ltr'><strong>αὐτόθεν</strong></span> 
     </span>
    </p>
   </div>
   <div class='ocr_carea' id='block_1_30' title="bbox 2019 1626 3037 1701">
    <p class='ocr_par' dir='ltr' id='par_1_30' title="bbox 2019 1626 3037 1701">
     <span class='ocr_line' id='line_1_30' title="bbox 2019 1626 3037 1701; baseline 0.005 -22"><span class='ocrx_word' id='word_1_210' title='bbox 2019 1626 2346 1697; x_wconf 84' lang='grc' dir='ltr'><strong>εὐπόριστον</strong></span> <span class='ocrx_word' id='word_1_211' title='bbox 2371 1629 2466 1684; x_wconf 78' lang='grc' dir='ltr'><strong>καὶ</strong></span> <span class='ocrx_word' id='word_1_212' title='bbox 2487 1626 2635 1684; x_wconf 79' lang='grc' dir='ltr'><strong>οὕτω</strong></span> <span class='ocrx_word' id='word_1_213' title='bbox 2666 1632 2986 1701; x_wconf 73' lang='grc' dir='ltr'><strong>πρόχειρον.</strong></span> <span class='ocrx_word' id='word_1_214' title='bbox 3023 1683 3037 1698; x_wconf 78' lang='lat'>_</span> 
     </span>
    </p>
   </div>
   <div class='ocr_carea' id='block_1_31' title="bbox 2093 1718 3608 1792">
    <p class='ocr_par' dir='ltr' id='par_1_31' title="bbox 2093 1718 3608 1792">
     <span class='ocr_line' id='line_1_31' title="bbox 2093 1718 3608 1792; baseline 0.001 -18"><span class='ocrx_word' id='word_1_215' title='bbox 2093 1718 2159 1789; x_wconf 81' lang='grc' dir='ltr'><strong>β’.</strong></span> <span class='ocrx_word' id='word_1_216' title='bbox 2187 1719 2249 1774; x_wconf 82' lang='lat' dir='ltr'><strong>Oi</strong></span> <span class='ocrx_word' id='word_1_217' title='bbox 2274 1720 2543 1792; x_wconf 85' lang='grc' dir='ltr'><strong>γενάρχαι</strong></span> <span class='ocrx_word' id='word_1_218' title='bbox 2572 1721 2665 1775; x_wconf 80' lang='grc' dir='ltr'><strong>τοῦ</strong></span> <span class='ocrx_word' id='word_1_219' title='bbox 2696 1722 2829 1775; x_wconf 78' lang='grc' dir='ltr'><strong>καθ’</strong></span> <span class='ocrx_word' id='word_1_220' title='bbox 2862 1724 3014 1791; x_wconf 76' lang='grc' dir='ltr'><strong>ἡμᾶς</strong></span> <span class='ocrx_word' id='word_1_221' title='bbox 3047 1723 3143 1775; x_wconf 72' lang='grc' dir='ltr'><strong>καὶ</strong></span> <span class='ocrx_word' id='word_1_222' title='bbox 3168 1723 3366 1792; x_wconf 76' lang='grc' dir='ltr'><strong>γένους</strong></span> <span class='ocrx_word' id='word_1_223' title='bbox 3398 1723 3498 1778; x_wconf 76' lang='grc' dir='ltr'><strong>καὶ</strong></span> <span class='ocrx_word' id='word_1_224' title='bbox 3529 1723 3608 1776; x_wconf 85' lang='grc' dir='ltr'><strong>εῖ-</strong></span> 
     </span>
    </p>
   </div>
   <div class='ocr_carea' id='block_1_32' title="bbox 337 1784 1918 1887">
    <p class='ocr_par' dir='ltr' id='par_1_32' title="bbox 337 1805 1909 1882">
     <span class='ocr_line' id='line_1_32' title="bbox 337 1805 1909 1882; baseline 0.008 -25"><span class='ocrx_word' id='word_1_225' title='bbox 337 1806 435 1866; x_wconf 81' lang='lat' dir='ltr'><strong>uti.</strong></span> <span class='ocrx_word' id='word_1_226' title='bbox 483 1805 810 1876; x_wconf 83' lang='lat' dir='ltr'><strong>simulatque</strong></span> <span class='ocrx_word' id='word_1_227' title='bbox 858 1823 1141 1864; x_wconf 89' lang='lat' dir='ltr'><strong>numerum</strong></span> <span class='ocrx_word' id='word_1_228' title='bbox 1205 1812 1527 1881; x_wconf 87' lang='lat' dir='ltr'><strong>primarium</strong></span> <span class='ocrx_word' id='word_1_229' title='bbox 1572 1818 1909 1882; x_wconf 70' lang='lat' dir='ltr'><strong>supergressi</strong></span> 
     </span>
    </p>
   </div>
   <div class='ocr_carea' id='block_1_33' title="bbox 2021 1784 3608 1887">
    <p class='ocr_par' dir='ltr' id='par_1_33' title="bbox 2021 1784 3608 1887">
     <span class='ocr_line' id='line_1_33' title="bbox 2021 1784 3608 1887; baseline 0.003 -23"><span class='ocrx_word' id='word_1_230' title='bbox 2021 1784 2159 1877; x_wconf 77' lang='grc' dir='ltr'><strong>δούς,</strong></span> <span class='ocrx_word' id='word_1_231' title='bbox 2183 1812 2232 1865; x_wconf 78' lang='grc' dir='ltr'><strong>οἱ</strong></span> <span class='ocrx_word' id='word_1_232' title='bbox 2268 1784 2482 1881; x_wconf 62' lang='grc' dir='ltr'><strong>πρῶτοι</strong></span> <span class='ocrx_word' id='word_1_233' title='bbox 2502 1812 2807 1884; x_wconf 75' lang='grc' dir='ltr'><strong>ἂνθρωποι,</strong></span> <span class='ocrx_word' id='word_1_234' title='bbox 2835 1784 2952 1883; x_wconf 69' lang='grc' dir='ltr'><strong>ἅμα</strong></span> <span class='ocrx_word' id='word_1_235' title='bbox 3002 1784 3608 1887; x_wconf 22' lang='grc' dir='ltr'><strong>πυθμένικὺνῖάριθμὲιν</strong></span> 
     </span>
    </p>
   </div>
   <div class='ocr_carea' id='block_1_34' title="bbox 335 1894 1916 1971">
    <p class='ocr_par' dir='ltr' id='par_1_34' title="bbox 335 1894 1916 1971">
     <span class='ocr_line' id='line_1_34' title="bbox 335 1894 1916 1971; baseline 0.007 -22"><span class='ocrx_word' id='word_1_236' title='bbox 335 1894 536 1950; x_wconf 88' lang='lat' dir='ltr'><strong>liberos</strong></span> <span class='ocrx_word' id='word_1_237' title='bbox 563 1909 1008 1966; x_wconf 84' lang='lat' dir='ltr'><strong>procreaverunt,</strong></span> <span class='ocrx_word' id='word_1_238' title='bbox 1048 1901 1447 1957; x_wconf 89' lang='lat' dir='ltr'><strong>mutilationem</strong></span> <span class='ocrx_word' id='word_1_239' title='bbox 1494 1903 1804 1971; x_wconf 88' lang='lat' dir='ltr'><strong>subierunt,</strong></span> <span class='ocrx_word' id='word_1_240' title='bbox 1841 1906 1916 1960; x_wconf 90' lang='lat' dir='ltr'><strong>si-</strong></span> 
     </span>
    </p>
   </div>
   <div class='ocr_carea' id='block_1_35' title="bbox 335 1988 1915 2060">
    <p class='ocr_par' dir='ltr' id='par_1_35' title="bbox 335 1988 1915 2060">
     <span class='ocr_line' id='line_1_35' title="bbox 335 1988 1915 2060; baseline 0.009 -20"><span class='ocrx_word' id='word_1_241' title='bbox 335 1988 557 2052; x_wconf 86' lang='lat' dir='ltr'><strong>quidem</strong></span> <span class='ocrx_word' id='word_1_242' title='bbox 605 1988 728 2058; x_wconf 89' lang='lat' dir='ltr'><strong>pius</strong></span> <span class='ocrx_word' id='word_1_243' title='bbox 760 1989 894 2045; x_wconf 85' lang='lat' dir='ltr'><strong>Abel</strong></span> <span class='ocrx_word' id='word_1_244' title='bbox 922 1991 1033 2047; x_wconf 90' lang='lat' dir='ltr'><strong>cito</strong></span> <span class='ocrx_word' id='word_1_245' title='bbox 1077 1992 1334 2060; x_wconf 86' lang='lat' dir='ltr'><strong>decessit,</strong></span> <span class='ocrx_word' id='word_1_246' title='bbox 1366 1995 1513 2051; x_wconf 89' lang='lat' dir='ltr'><strong>haud</strong></span> <span class='ocrx_word' id='word_1_247' title='bbox 1546 2007 1724 2054; x_wconf 91' lang='lat' dir='ltr'><strong>morte</strong></span> <span class='ocrx_word' id='word_1_248' title='bbox 1753 2011 1915 2054; x_wconf 87' lang='lat' dir='ltr'><strong>natu-</strong></span> 
     </span>
    </p>
   </div>
   <div class='ocr_carea' id='block_1_36' title="bbox 335 2079 1911 2154">
    <p class='ocr_par' dir='ltr' id='par_1_36' title="bbox 335 2079 1911 2154">
     <span class='ocr_line' id='line_1_36' title="bbox 335 2079 1911 2154; baseline 0.008 -21"><span class='ocrx_word' id='word_1_249' title='bbox 335 2079 438 2135; x_wconf 89' lang='lat' dir='ltr'><strong>rali</strong></span> <span class='ocrx_word' id='word_1_250' title='bbox 468 2079 776 2145; x_wconf 86' lang='lat' dir='ltr'><strong>defunctus,</strong></span> <span class='ocrx_word' id='word_1_251' title='bbox 817 2083 912 2139; x_wconf 88' lang='lat' dir='ltr'><strong>sed</strong></span> <span class='ocrx_word' id='word_1_252' title='bbox 950 2099 1081 2140; x_wconf 88' lang='lat' dir='ltr'><strong>nece</strong></span> <span class='ocrx_word' id='word_1_253' title='bbox 1114 2100 1207 2154; x_wconf 88' lang='lat' dir='ltr'><strong>per</strong></span> <span class='ocrx_word' id='word_1_254' title='bbox 1239 2087 1436 2143; x_wconf 92' lang='lat' dir='ltr'><strong>diaboli</strong></span> <span class='ocrx_word' id='word_1_255' title='bbox 1474 2088 1733 2146; x_wconf 82' lang='lat' dir='ltr'><strong>invidiam</strong></span> <span class='ocrx_word' id='word_1_256' title='bbox 1765 2092 1911 2146; x_wconf 72' lang='lat' dir='ltr'><strong>illata</strong></span> 
     </span>
    </p>
   </div>
   <div class='ocr_carea' id='block_1_37' title="bbox 338 2171 1916 2251">
    <p class='ocr_par' dir='ltr' id='par_1_37' title="bbox 338 2171 1916 2251">
     <span class='ocr_line' id='line_1_37' title="bbox 338 2171 1916 2251; baseline 0.008 -26"><span class='ocrx_word' id='word_1_257' title='bbox 338 2172 619 2242; x_wconf 90' lang='lat' dir='ltr'><strong>abreptus.</strong></span> <span class='ocrx_word' id='word_1_258' title='bbox 646 2171 724 2229; x_wconf 86' lang='lat' dir='ltr'><strong>Ex</strong></span> <span class='ocrx_word' id='word_1_259' title='bbox 755 2173 847 2231; x_wconf 93' lang='lat' dir='ltr'><strong>illo</strong></span> <span class='ocrx_word' id='word_1_260' title='bbox 874 2182 1057 2232; x_wconf 90' lang='lat' dir='ltr'><strong>autem</strong></span> <span class='ocrx_word' id='word_1_261' title='bbox 1093 2187 1336 2247; x_wconf 89' lang='lat' dir='ltr'><strong>tempore</strong></span> <span class='ocrx_word' id='word_1_262' title='bbox 1363 2177 1579 2235; x_wconf 62' lang='lat' dir='ltr'><strong>daemon</strong></span> <span class='ocrx_word' id='word_1_263' title='bbox 1624 2180 1916 2251; x_wconf 88' lang='lat' dir='ltr'><strong>improbis-</strong></span> 
     </span>
    </p>
   </div>
   <div class='ocr_carea' id='block_1_38' title="bbox 339 2264 1915 2344">
    <p class='ocr_par' dir='ltr' id='par_1_38' title="bbox 339 2264 1915 2344">
     <span class='ocr_line' id='line_1_38' title="bbox 339 2264 1915 2344; baseline 0.006 -25"><span class='ocrx_word' id='word_1_264' title='bbox 339 2264 512 2321; x_wconf 87' lang='lat' dir='ltr'><strong>simus</strong></span> <span class='ocrx_word' id='word_1_265' title='bbox 540 2267 684 2323; x_wconf 90' lang='lat' dir='ltr'><strong>haud</strong></span> <span class='ocrx_word' id='word_1_266' title='bbox 710 2268 870 2324; x_wconf 87' lang='lat' dir='ltr'><strong>desiit</strong></span> <span class='ocrx_word' id='word_1_267' title='bbox 921 2269 1251 2325; x_wconf 87' lang='lat' dir='ltr'><strong>omnimodis</strong></span> <span class='ocrx_word' id='word_1_268' title='bbox 1280 2271 1418 2326; x_wconf 90' lang='lat' dir='ltr'><strong>dolis</strong></span> <span class='ocrx_word' id='word_1_269' title='bbox 1439 2271 1634 2327; x_wconf 87' lang='lat' dir='ltr'><strong>similia</strong></span> <span class='ocrx_word' id='word_1_270' title='bbox 1665 2275 1915 2344; x_wconf 78' lang='lat' dir='ltr'><strong>neqttitit&#39;c</strong></span> 
     </span>
    </p>
   </div>
   <div class='ocr_carea' id='block_1_39' title="bbox 339 2353 1917 2432">
    <p class='ocr_par' dir='ltr' id='par_1_39' title="bbox 339 2353 1917 2432">
     <span class='ocr_line' id='line_1_39' title="bbox 339 2353 1917 2432; baseline 0.006 -25"><span class='ocrx_word' id='word_1_271' title='bbox 339 2353 467 2409; x_wconf 89' lang='lat' dir='ltr'><strong>lolia</strong></span> <span class='ocrx_word' id='word_1_272' title='bbox 501 2363 557 2410; x_wconf 90' lang='lat' dir='ltr'><strong>et</strong></span> <span class='ocrx_word' id='word_1_273' title='bbox 584 2357 1057 2426; x_wconf 84' lang='lat' dir='ltr'><strong>contemporareis</strong></span> <span class='ocrx_word' id='word_1_274' title='bbox 1086 2365 1141 2411; x_wconf 89' lang='lat' dir='ltr'><strong>et</strong></span> <span class='ocrx_word' id='word_1_275' title='bbox 1171 2358 1409 2428; x_wconf 86' lang='lat' dir='ltr'><strong>posteris</strong></span> <span class='ocrx_word' id='word_1_276' title='bbox 1456 2359 1724 2427; x_wconf 85' lang='lat' dir='ltr'><strong>inserere,</strong></span> <span class='ocrx_word' id='word_1_277' title='bbox 1752 2372 1917 2432; x_wconf 88' lang='lat' dir='ltr'><strong>atque</strong></span> 
     </span>
    </p>
   </div>
   <div class='ocr_carea' id='block_1_40' title="bbox 341 2446 1915 2522">
    <p class='ocr_par' dir='ltr' id='par_1_40' title="bbox 341 2446 1915 2522">
     <span class='ocr_line' id='line_1_40' title="bbox 341 2446 1915 2522; baseline 0.005 -23"><span class='ocrx_word' id='word_1_278' title='bbox 341 2455 466 2515; x_wconf 90' lang='lat' dir='ltr'><strong>post</strong></span> <span class='ocrx_word' id='word_1_279' title='bbox 497 2446 743 2503; x_wconf 89' lang='lat' dir='ltr'><strong>fraudem</strong></span> <span class='ocrx_word' id='word_1_280' title='bbox 784 2462 890 2518; x_wconf 85' lang='lat' dir='ltr'><strong>qua</strong></span> <span class='ocrx_word' id='word_1_281' title='bbox 923 2449 1175 2518; x_wconf 77' lang='lat' dir='ltr'><strong>paradiso</strong></span> <span class='ocrx_word' id='word_1_282' title='bbox 1210 2449 1444 2520; x_wconf 86' lang='lat' dir='ltr'><strong>majores</strong></span> <span class='ocrx_word' id='word_1_283' title='bbox 1490 2462 1712 2507; x_wconf 85' lang='lat' dir='ltr'><strong>nostros</strong></span> <span class='ocrx_word' id='word_1_284' title='bbox 1738 2456 1915 2522; x_wconf 83' lang='lat' dir='ltr'><strong>priva-</strong></span> 
     </span>
    </p>
   </div>
   <div class='ocr_carea' id='block_1_41' title="bbox 337 2536 1917 2621">
    <p class='ocr_par' dir='ltr' id='par_1_41' title="bbox 337 2536 1917 2621">
     <span class='ocr_line' id='line_1_41' title="bbox 337 2536 1917 2621; baseline 0.007 -33"><span class='ocrx_word' id='word_1_285' title='bbox 337 2538 437 2600; x_wconf 76' lang='lat' dir='ltr'><strong>vit,</strong></span> <span class='ocrx_word' id='word_1_286' title='bbox 470 2536 573 2592; x_wconf 87' lang='lat' dir='ltr'><strong>alia</strong></span> <span class='ocrx_word' id='word_1_287' title='bbox 600 2539 870 2609; x_wconf 80' lang='lat' dir='ltr'><strong>expromit</strong></span> <span class='ocrx_word' id='word_1_288' title='bbox 903 2540 1171 2621; x_wconf 81' lang='lat' dir='ltr'><strong>horrenda</strong></span> <span class='ocrx_word' id='word_1_289' title='bbox 1202 2540 1459 2597; x_wconf 85' lang='lat' dir='ltr'><strong>‘l‘acinora</strong></span> <span class='ocrx_word' id='word_1_290' title='bbox 1494 2541 1777 2599; x_wconf 67' lang='lat' dir='ltr'><strong>Cainitica!</strong></span> <span class='ocrx_word' id='word_1_291' title='bbox 1804 2560 1917 2599; x_wconf 88' lang='lat' dir='ltr'><strong>ma-</strong></span> 
     </span>
    </p>
   </div>
   <div class='ocr_carea' id='block_1_42' title="bbox 339 2629 1917 2708">
    <p class='ocr_par' dir='ltr' id='par_1_42' title="bbox 339 2629 1917 2708">
     <span class='ocr_line' id='line_1_42' title="bbox 339 2629 1917 2708; baseline 0.006 -25"><span class='ocrx_word' id='word_1_292' title='bbox 339 2629 471 2685; x_wconf 63' lang='lat' dir='ltr'><strong>litiae</strong></span> <span class='ocrx_word' id='word_1_293' title='bbox 495 2630 720 2696; x_wconf 84' lang='lat' dir='ltr'><strong>similia,</strong></span> <span class='ocrx_word' id='word_1_294' title='bbox 758 2646 880 2702; x_wconf 70' lang='lat' dir='ltr'><strong>quae</strong></span> <span class='ocrx_word' id='word_1_295' title='bbox 907 2633 1122 2689; x_wconf 84' lang='lat' dir='ltr'><strong>etiamsi</strong></span> <span class='ocrx_word' id='word_1_296' title='bbox 1163 2634 1306 2690; x_wconf 87' lang='lat' dir='ltr'><strong>alius</strong></span> <span class='ocrx_word' id='word_1_297' title='bbox 1344 2636 1568 2708; x_wconf 77' lang='lat' dir='ltr'><strong>generis</strong></span> <span class='ocrx_word' id='word_1_298' title='bbox 1600 2638 1713 2692; x_wconf 89' lang='lat' dir='ltr'><strong>sint</strong></span> <span class='ocrx_word' id='word_1_299' title='bbox 1738 2647 1791 2693; x_wconf 90' lang='lat' dir='ltr'><strong>et</strong></span> <span class='ocrx_word' id='word_1_300' title='bbox 1817 2639 1917 2693; x_wconf 84' lang='lat' dir='ltr'><strong>mi-</strong></span> 
     </span>
    </p>
   </div>
   <div class='ocr_carea' id='block_1_43' title="bbox 338 2722 1914 2797">
    <p class='ocr_par' dir='ltr' id='par_1_43' title="bbox 338 2722 1914 2797">
     <span class='ocr_line' id='line_1_43' title="bbox 338 2722 1914 2797; baseline 0.007 -20"><span class='ocrx_word' id='word_1_301' title='bbox 338 2722 492 2779; x_wconf 88' lang='lat' dir='ltr'><strong>noris</strong></span> <span class='ocrx_word' id='word_1_302' title='bbox 541 2739 705 2795; x_wconf 88' lang='lat' dir='ltr'><strong>quam</strong></span> <span class='ocrx_word' id='word_1_303' title='bbox 738 2726 918 2783; x_wconf 65' lang='lat' dir='ltr'><strong>caedes</strong></span> <span class='ocrx_word' id='word_1_304' title='bbox 967 2727 1061 2783; x_wconf 88' lang='lat' dir='ltr'><strong>illa</strong></span> <span class='ocrx_word' id='word_1_305' title='bbox 1111 2740 1374 2784; x_wconf 79' lang='lat' dir='ltr'><strong>momenti</strong></span> <span class='ocrx_word' id='word_1_306' title='bbox 1425 2744 1548 2786; x_wconf 88' lang='lat' dir='ltr'><strong>esse</strong></span> <span class='ocrx_word' id='word_1_307' title='bbox 1599 2732 1914 2797; x_wconf 75' lang='lat' dir='ltr'><strong>videantur,</strong></span> 
     </span>
    </p>
   </div>
   <div class='ocr_carea' id='block_1_44' title="bbox 340 2821 1912 2891">
    <p class='ocr_par' dir='ltr' id='par_1_44' title="bbox 340 2821 1912 2891">
     <span class='ocr_line' id='line_1_44' title="bbox 340 2821 1912 2891; baseline 0.004 -18"><span class='ocrx_word' id='word_1_308' title='bbox 340 2829 517 2874; x_wconf 87' lang='lat' dir='ltr'><strong>tamen</strong></span> <span class='ocrx_word' id='word_1_309' title='bbox 558 2821 696 2876; x_wconf 86' lang='lat' dir='ltr'><strong>satis</strong></span> <span class='ocrx_word' id='word_1_310' title='bbox 734 2834 900 2891; x_wconf 83' lang='lat' dir='ltr'><strong>prope</strong></span> <span class='ocrx_word' id='word_1_311' title='bbox 933 2822 1001 2877; x_wconf 88' lang='lat' dir='ltr'><strong>ad</strong></span> <span class='ocrx_word' id='word_1_312' title='bbox 1040 2821 1188 2877; x_wconf 86' lang='lat' dir='ltr'><strong>illam</strong></span> <span class='ocrx_word' id='word_1_313' title='bbox 1222 2825 1492 2878; x_wconf 87' lang='lat' dir='ltr'><strong>accedunt</strong></span> <span class='ocrx_word' id='word_1_314' title='bbox 1522 2833 1578 2879; x_wconf 91' lang='lat' dir='ltr'><strong>et</strong></span> <span class='ocrx_word' id='word_1_315' title='bbox 1607 2824 1912 2881; x_wconf 82' lang='lat' dir='ltr'><strong>clanculum</strong></span> 
     </span>
    </p>
   </div>
   <div class='ocr_carea' id='block_1_45' title="bbox 336 2911 1917 2987">
    <p class='ocr_par' dir='ltr' id='par_1_45' title="bbox 336 2911 1917 2987">
     <span class='ocr_line' id='line_1_45' title="bbox 336 2911 1917 2987; baseline 0.004 -21"><span class='ocrx_word' id='word_1_316' title='bbox 336 2911 683 2970; x_wconf 76' lang='lat' dir='ltr'><strong>calamitates</strong></span> <span class='ocrx_word' id='word_1_317' title='bbox 737 2914 998 2971; x_wconf 88' lang='lat' dir='ltr'><strong>mortales</strong></span> <span class='ocrx_word' id='word_1_318' title='bbox 1054 2916 1390 2986; x_wconf 83' lang='lat' dir='ltr'><strong>producunt,</strong></span> <span class='ocrx_word' id='word_1_319' title='bbox 1450 2916 1639 2985; x_wconf 87' lang='lat' dir='ltr'><strong>quales</strong></span> <span class='ocrx_word' id='word_1_320' title='bbox 1702 2919 1917 2987; x_wconf 89' lang='lat' dir='ltr'><strong>potissi-</strong></span> 
     </span>
    </p>
   </div>
   <div class='ocr_carea' id='block_1_46' title="bbox 336 3006 1914 3081">
    <p class='ocr_par' dir='ltr' id='par_1_46' title="bbox 336 3006 1914 3081">
     <span class='ocr_line' id='line_1_46' title="bbox 336 3006 1914 3081; baseline 0.009 -28"><span class='ocrx_word' id='word_1_321' title='bbox 336 3015 466 3054; x_wconf 92' lang='lat' dir='ltr'><strong>num</strong></span> <span class='ocrx_word' id='word_1_322' title='bbox 509 3015 808 3074; x_wconf 76' lang='lat' dir='ltr'><strong>exsurgere</strong></span> <span class='ocrx_word' id='word_1_323' title='bbox 855 3006 1093 3063; x_wconf 88' lang='lat' dir='ltr'><strong>vidimus</strong></span> <span class='ocrx_word' id='word_1_324' title='bbox 1143 3021 1209 3063; x_wconf 85' lang='lat' dir='ltr'><strong>ex</strong></span> <span class='ocrx_word' id='word_1_325' title='bbox 1269 3008 1557 3078; x_wconf 88' lang='lat' dir='ltr'><strong>injustitiis</strong></span> <span class='ocrx_word' id='word_1_326' title='bbox 1599 3019 1655 3066; x_wconf 93' lang='lat' dir='ltr'><strong>et</strong></span> <span class='ocrx_word' id='word_1_327' title='bbox 1706 3013 1914 3081; x_wconf 88' lang='lat' dir='ltr'><strong>rapinis</strong></span> 
     </span>
    </p>
   </div>
   <div class='ocr_carea' id='block_1_47' title="bbox 2016 1900 3607 1978">
    <p class='ocr_par' dir='ltr' id='par_1_47' title="bbox 2016 1900 3607 1978">
     <span class='ocr_line' id='line_1_47' title="bbox 2016 1900 3607 1978; baseline 0.004 -25"><span class='ocrx_word' id='word_1_328' title='bbox 2016 1900 2313 1957; x_wconf 75' lang='grc' dir='ltr'><strong>ἐθεάσαντο</strong></span> <span class='ocrx_word' id='word_1_329' title='bbox 2338 1903 2509 1957; x_wconf 87' lang='grc' dir='ltr'><strong>τέκνα</strong></span> <span class='ocrx_word' id='word_1_330' title='bbox 2536 1904 2965 1974; x_wconf 71' lang='grc' dir='ltr'><strong>προϐαλόμενοι,</strong></span> <span class='ocrx_word' id='word_1_331' title='bbox 3016 1904 3111 1958; x_wconf 83' lang='grc' dir='ltr'><strong>καὶ</strong></span> <span class='ocrx_word' id='word_1_332' title='bbox 3162 1907 3607 1978; x_wconf 76' lang='grc' dir='ltr'><strong>ἐκολοϐώθησαν,</strong></span> 
     </span>
    </p>
   </div>
   <div class='ocr_carea' id='block_1_48' title="bbox 2017 1994 3607 2066">
    <p class='ocr_par' dir='ltr' id='par_1_48' title="bbox 2017 1994 3607 2066">
     <span class='ocr_line' id='line_1_48' title="bbox 2017 1994 3607 2066; baseline 0.003 -19"><span class='ocrx_word' id='word_1_333' title='bbox 2017 1994 2226 2047; x_wconf 71' lang='grc' dir='ltr'><strong>ἐκείνου</strong></span> <span class='ocrx_word' id='word_1_334' title='bbox 2264 1995 2400 2066; x_wconf 74' lang='grc' dir='ltr'><strong>ταχὺ</strong></span> <span class='ocrx_word' id='word_1_335' title='bbox 2459 1995 2867 2066; x_wconf 76' lang='grc' dir='ltr'><strong>ἀπεληλυθότος</strong></span> <span class='ocrx_word' id='word_1_336' title='bbox 2908 1996 3003 2050; x_wconf 82' lang='grc' dir='ltr'><strong>τοῦ</strong></span> <span class='ocrx_word' id='word_1_337' title='bbox 3073 1997 3244 2052; x_wconf 76' lang='grc' dir='ltr'><strong>καλοῦ</strong></span> <span class='ocrx_word' id='word_1_338' title='bbox 3299 1999 3488 2063; x_wconf 75' lang='grc' dir='ltr'><strong>Ἀϐελ,</strong></span> <span class='ocrx_word' id='word_1_339' title='bbox 3543 2001 3607 2052; x_wconf 85' lang='grc' dir='ltr'><strong>ού</strong></span> 
     </span>
    </p>
   </div>
   <div class='ocr_carea' id='block_1_49' title="bbox 2017 2085 3608 2158">
    <p class='ocr_par' dir='ltr' id='par_1_49' title="bbox 2017 2085 3608 2158">
     <span class='ocr_line' id='line_1_49' title="bbox 2017 2085 3608 2158; baseline 0.003 -19"><span class='ocrx_word' id='word_1_340' title='bbox 2017 2085 2237 2158; x_wconf 82' lang='grc' dir='ltr'><strong>Θανάτῳ</strong></span> <span class='ocrx_word' id='word_1_341' title='bbox 2282 2087 2492 2152; x_wconf 84' lang='grc' dir='ltr'><strong>ἁπλῶς,</strong></span> <span class='ocrx_word' id='word_1_342' title='bbox 2526 2088 2664 2142; x_wconf 88' lang='grc' dir='ltr'><strong>ἀλλά</strong></span> <span class='ocrx_word' id='word_1_343' title='bbox 2706 2087 2784 2157; x_wconf 85' lang='grc' dir='ltr'><strong>τῷ</strong></span> <span class='ocrx_word' id='word_1_344' title='bbox 2816 2088 2904 2142; x_wconf 85' lang='grc' dir='ltr'><strong>διὰ</strong></span> <span class='ocrx_word' id='word_1_345' title='bbox 2958 2089 3124 2158; x_wconf 84' lang='grc' dir='ltr'><strong>φόνου</strong></span> <span class='ocrx_word' id='word_1_346' title='bbox 3176 2090 3243 2143; x_wconf 88' lang='grc' dir='ltr'><strong>ὲκ</strong></span> <span class='ocrx_word' id='word_1_347' title='bbox 3290 2090 3608 2145; x_wconf 79' lang='grc' dir='ltr'><strong>διαδολικοῦ</strong></span> 
     </span>
    </p>
   </div>
   <div class='ocr_carea' id='block_1_50' title="bbox 2017 2178 3611 2253">
    <p class='ocr_par' dir='ltr' id='par_1_50' title="bbox 2017 2178 3611 2253">
     <span class='ocr_line' id='line_1_50' title="bbox 2017 2178 3611 2253; baseline 0.001 -21"><span class='ocrx_word' id='word_1_348' title='bbox 2017 2178 2237 2248; x_wconf 80' lang='grc' dir='ltr'><strong>φθόνου.</strong></span> <span class='ocrx_word' id='word_1_349' title='bbox 2285 2179 2531 2234; x_wconf 79' lang='grc' dir='ltr'><strong>Ἐκεῖθεν</strong></span> <span class='ocrx_word' id='word_1_350' title='bbox 2564 2179 2621 2234; x_wconf 84' lang='grc' dir='ltr'><strong>δὲ</strong></span> <span class='ocrx_word' id='word_1_351' title='bbox 2642 2180 2838 2250; x_wconf 84' lang='grc' dir='ltr'><strong>χρόνου</strong></span> <span class='ocrx_word' id='word_1_352' title='bbox 2866 2180 3258 2253; x_wconf 86' lang='grc' dir='ltr'><strong>κατασπείρων</strong></span> <span class='ocrx_word' id='word_1_353' title='bbox 3300 2183 3361 2236; x_wconf 84' lang='grc' dir='ltr'><strong>οὐ</strong></span> <span class='ocrx_word' id='word_1_354' title='bbox 3409 2182 3611 2236; x_wconf 80' lang='grc' dir='ltr'><strong>διέλει-</strong></span> 
     </span>
    </p>
   </div>
   <div class='ocr_carea' id='block_1_51' title="bbox 2016 2273 3601 2345">
    <p class='ocr_par' dir='ltr' id='par_1_51' title="bbox 2016 2273 3601 2345">
     <span class='ocr_line' id='line_1_51' title="bbox 2016 2273 3601 2345; baseline 0 -19"><span class='ocrx_word' id='word_1_355' title='bbox 2016 2289 2118 2326; x_wconf 92' lang='grc' dir='ltr'><strong>πεν</strong></span> <span class='ocrx_word' id='word_1_356' title='bbox 2147 2274 2175 2327; x_wconf 81' lang='grc' dir='ltr'><strong>ό</strong></span> <span class='ocrx_word' id='word_1_357' title='bbox 2194 2273 2498 2343; x_wconf 80' lang='grc' dir='ltr'><strong>ἀρχέκακος</strong></span> <span class='ocrx_word' id='word_1_358' title='bbox 2523 2275 2683 2345; x_wconf 82' lang='grc' dir='ltr'><strong>ὅμοια</strong></span> <span class='ocrx_word' id='word_1_359' title='bbox 2709 2273 2926 2339; x_wconf 74' lang='grc' dir='ltr'><strong>ζιζάνια</strong></span> <span class='ocrx_word' id='word_1_360' title='bbox 2964 2274 3291 2337; x_wconf 86' lang='grc' dir='ltr'><strong>κακοποιίας</strong></span> <span class='ocrx_word' id='word_1_361' title='bbox 3321 2276 3435 2337; x_wconf 80' lang='grc' dir='ltr'><strong>τοῖς</strong></span> <span class='ocrx_word' id='word_1_362' title='bbox 3466 2276 3562 2326; x_wconf 80' lang='grc' dir='ltr'><strong>ἐπι</strong></span> <span class='ocrx_word' id='word_1_363' title='bbox 3581 2305 3601 2315; x_wconf 92' lang='grc'><strong><em>-</em></strong></span> 
     </span>
    </p>
   </div>
   <div class='ocr_carea' id='block_1_52' title="bbox 2016 2362 3607 2437">
    <p class='ocr_par' dir='ltr' id='par_1_52' title="bbox 2016 2362 3607 2437">
     <span class='ocr_line' id='line_1_52' title="bbox 2016 2362 3607 2437; baseline 0.002 -19"><span class='ocrx_word' id='word_1_364' title='bbox 2016 2366 2200 2434; x_wconf 89' lang='grc' dir='ltr'><strong>γόνοις</strong></span> <span class='ocrx_word' id='word_1_365' title='bbox 2230 2366 2328 2420; x_wconf 76' lang='grc' dir='ltr'><strong>καὶ</strong></span> <span class='ocrx_word' id='word_1_366' title='bbox 2359 2367 2657 2436; x_wconf 80' lang='grc' dir='ltr'><strong>όψιγόνοις,</strong></span> <span class='ocrx_word' id='word_1_367' title='bbox 2679 2362 2753 2421; x_wconf 81' lang='grc' dir='ltr'><strong>ὧν</strong></span> <span class='ocrx_word' id='word_1_368' title='bbox 2783 2366 2849 2437; x_wconf 86' lang='grc' dir='ltr'><strong>δὴ</strong></span> <span class='ocrx_word' id='word_1_369' title='bbox 2885 2364 3145 2430; x_wconf 78' lang='grc' dir='ltr'><strong>ζιζανίων</strong></span> <span class='ocrx_word' id='word_1_370' title='bbox 3175 2365 3332 2436; x_wconf 78' lang='grc' dir='ltr'><strong>φῦμα</strong></span> <span class='ocrx_word' id='word_1_371' title='bbox 3385 2369 3478 2420; x_wconf 70' lang='grc' dir='ltr'><strong>καὶ</strong></span> <span class='ocrx_word' id='word_1_372' title='bbox 3506 2369 3607 2421; x_wconf 57' lang='grc' dir='ltr'><strong>ἐπὶ</strong></span> 
     </span>
    </p>
   </div>
   <div class='ocr_carea' id='block_1_53' title="bbox 2016 2455 3610 2527">
    <p class='ocr_par' dir='ltr' id='par_1_53' title="bbox 2016 2455 3610 2527">
     <span class='ocr_line' id='line_1_53' title="bbox 2016 2455 3610 2527; baseline 0.001 -18"><span class='ocrx_word' id='word_1_373' title='bbox 2016 2456 2109 2510; x_wconf 78' lang='grc' dir='ltr'><strong>τὸν</strong></span> <span class='ocrx_word' id='word_1_374' title='bbox 2129 2457 2323 2527; x_wconf 82' lang='grc' dir='ltr'><strong>Λάμεχ</strong></span> <span class='ocrx_word' id='word_1_375' title='bbox 2351 2456 2604 2521; x_wconf 78' lang='grc' dir='ltr'><strong>ἐξέπεσε,</strong></span> <span class='ocrx_word' id='word_1_376' title='bbox 2642 2455 2953 2527; x_wconf 84' lang='grc' dir='ltr'><strong>μεθοδεύων</strong></span> <span class='ocrx_word' id='word_1_377' title='bbox 2988 2473 3005 2489; x_wconf 76' lang='grc' dir='ltr'><strong><em>ο</em></strong></span> <span class='ocrx_word' id='word_1_378' title='bbox 3066 2455 3163 2510; x_wconf 70' lang='grc' dir='ltr'><strong>καὶ</strong></span> <span class='ocrx_word' id='word_1_379' title='bbox 3209 2457 3351 2526; x_wconf 76' lang='grc' dir='ltr'><strong>μετὰ</strong></span> <span class='ocrx_word' id='word_1_380' title='bbox 3377 2457 3471 2510; x_wconf 76' lang='grc' dir='ltr'><strong>τὸν</strong></span> <span class='ocrx_word' id='word_1_381' title='bbox 3521 2458 3610 2511; x_wconf 81' lang='grc' dir='ltr'><strong>δό-</strong></span> 
     </span>
    </p>
   </div>
   <div class='ocr_carea' id='block_1_54' title="bbox 2018 2547 3609 2620">
    <p class='ocr_par' dir='ltr' id='par_1_54' title="bbox 2018 2547 3609 2620">
     <span class='ocr_line' id='line_1_54' title="bbox 2018 2547 3609 2620; baseline 0.001 -21"><span class='ocrx_word' id='word_1_382' title='bbox 2018 2547 2133 2611; x_wconf 90' lang='grc' dir='ltr'><strong>λον,</strong></span> <span class='ocrx_word' id='word_1_383' title='bbox 2180 2547 2239 2613; x_wconf 85' lang='grc' dir='ltr'><strong>δς</strong></span> <span class='ocrx_word' id='word_1_384' title='bbox 2304 2548 2400 2602; x_wconf 79' lang='grc' dir='ltr'><strong>τοῦ</strong></span> <span class='ocrx_word' id='word_1_385' title='bbox 2460 2549 2792 2619; x_wconf 76' lang='grc' dir='ltr'><strong>παραδείσου</strong></span> <span class='ocrx_word' id='word_1_386' title='bbox 2847 2550 2977 2613; x_wconf 81' lang='grc' dir='ltr'><strong>τοὺς</strong></span> <span class='ocrx_word' id='word_1_387' title='bbox 3028 2548 3189 2620; x_wconf 75' lang='grc' dir='ltr'><strong>ἡμῶν</strong></span> <span class='ocrx_word' id='word_1_388' title='bbox 3250 2552 3609 2619; x_wconf 78' lang='grc' dir='ltr'><strong>προπάτορας</strong></span> 
     </span>
    </p>
   </div>
   <div class='ocr_carea' id='block_1_55' title="bbox 2019 2640 3610 2713">
    <p class='ocr_par' dir='ltr' id='par_1_55' title="bbox 2019 2640 3610 2713">
     <span class='ocr_line' id='line_1_55' title="bbox 2019 2640 3610 2713; baseline 0 -19"><span class='ocrx_word' id='word_1_389' title='bbox 2019 2642 2324 2712; x_wconf 81' lang='grc' dir='ltr'><strong>ἀφώρισεν,</strong></span> <span class='ocrx_word' id='word_1_390' title='bbox 2365 2643 2581 2711; x_wconf 81' lang='grc' dir='ltr'><strong>ἑτεροῖα</strong></span> <span class='ocrx_word' id='word_1_391' title='bbox 2611 2641 2860 2710; x_wconf 76' lang='grc' dir='ltr'><strong>ἐκφαίνει</strong></span> <span class='ocrx_word' id='word_1_392' title='bbox 2905 2641 3082 2707; x_wconf 87' lang='grc' dir='ltr'><strong>δεινὰ,</strong></span> <span class='ocrx_word' id='word_1_393' title='bbox 3112 2641 3183 2713; x_wconf 74' lang='grc' dir='ltr'><strong>τὰ</strong></span> <span class='ocrx_word' id='word_1_394' title='bbox 3213 2641 3313 2711; x_wconf 80' lang='grc' dir='ltr'><strong>μὲν</strong></span> <span class='ocrx_word' id='word_1_395' title='bbox 3358 2642 3458 2711; x_wconf 84' lang='grc' dir='ltr'><strong>τῆς</strong></span> <span class='ocrx_word' id='word_1_396' title='bbox 3511 2640 3610 2694; x_wconf 73' lang='grc' dir='ltr'><strong>τοῦ</strong></span> 
     </span>
    </p>
   </div>
   <div class='ocr_carea' id='block_1_56' title="bbox 2018 2732 3609 2805">
    <p class='ocr_par' dir='ltr' id='par_1_56' title="bbox 2018 2732 3609 2805">
     <span class='ocr_line' id='line_1_56' title="bbox 2018 2732 3609 2805; baseline -0.002 -16"><span class='ocrx_word' id='word_1_397' title='bbox 2018 2736 2160 2789; x_wconf 85' lang='grc' dir='ltr'><strong>Κάἳν</strong></span> <span class='ocrx_word' id='word_1_398' title='bbox 2189 2736 2480 2805; x_wconf 86' lang='grc' dir='ltr'><strong>μιμήσεως</strong></span> <span class='ocrx_word' id='word_1_399' title='bbox 2513 2732 2671 2805; x_wconf 78' lang='grc' dir='ltr'><strong>ἔργα,</strong></span> <span class='ocrx_word' id='word_1_400' title='bbox 2701 2733 2863 2805; x_wconf 75' lang='grc' dir='ltr'><strong>ἕτερα</strong></span> <span class='ocrx_word' id='word_1_401' title='bbox 2883 2733 2942 2788; x_wconf 78' lang='grc' dir='ltr'><strong>δὲ</strong></span> <span class='ocrx_word' id='word_1_402' title='bbox 2963 2733 3175 2796; x_wconf 85' lang='grc' dir='ltr'><strong>ἀλλοῖα,</strong></span> <span class='ocrx_word' id='word_1_403' title='bbox 3204 2733 3470 2788; x_wconf 83' lang='grc' dir='ltr'><strong>δοκοῦντα</strong></span> <span class='ocrx_word' id='word_1_404' title='bbox 3507 2734 3609 2802; x_wconf 85' lang='grc' dir='ltr'><strong>μὲν</strong></span> 
     </span>
    </p>
   </div>
   <div class='ocr_carea' id='block_1_57' title="bbox 2017 2823 3609 2896">
    <p class='ocr_par' dir='ltr' id='par_1_57' title="bbox 2017 2823 3609 2896">
     <span class='ocr_line' id='line_1_57' title="bbox 2017 2823 3609 2896; baseline -0.001 -16"><span class='ocrx_word' id='word_1_405' title='bbox 2017 2828 2226 2881; x_wconf 69' lang='grc' dir='ltr'><strong>ἐλάττω</strong></span> <span class='ocrx_word' id='word_1_406' title='bbox 2248 2823 2388 2881; x_wconf 78' lang='grc' dir='ltr'><strong>εἶναι</strong></span> <span class='ocrx_word' id='word_1_407' title='bbox 2428 2827 2535 2881; x_wconf 80' lang='grc' dir='ltr'><strong>τῶν</strong></span> <span class='ocrx_word' id='word_1_408' title='bbox 2573 2826 2933 2894; x_wconf 84' lang='grc' dir='ltr'><strong>φονευτικῶν,</strong></span> <span class='ocrx_word' id='word_1_409' title='bbox 2963 2826 3302 2880; x_wconf 82' lang='grc' dir='ltr'><strong>ἀπονεύοντα</strong></span> <span class='ocrx_word' id='word_1_410' title='bbox 3354 2827 3410 2879; x_wconf 80' lang='grc' dir='ltr'><strong>δὲ</strong></span> <span class='ocrx_word' id='word_1_411' title='bbox 3469 2828 3609 2896; x_wconf 72' lang='grc' dir='ltr'><strong>πρὸς</strong></span> 
     </span>
    </p>
   </div>
   <div class='ocr_carea' id='block_1_58' title="bbox 2020 2918 3599 2988">
    <p class='ocr_par' dir='ltr' id='par_1_58' title="bbox 2020 2918 3599 2988">
     <span class='ocr_line' id='line_1_58' title="bbox 2020 2918 3599 2988; baseline 0 -17"><span class='ocrx_word' id='word_1_412' title='bbox 2020 2921 2227 2984; x_wconf 80' lang='grc' dir='ltr'><strong>ἐκεῖνα,</strong></span> <span class='ocrx_word' id='word_1_413' title='bbox 2254 2920 2349 2973; x_wconf 67' lang='grc' dir='ltr'><strong>καὶ</strong></span> <span class='ocrx_word' id='word_1_414' title='bbox 2374 2918 2628 2981; x_wconf 77' lang='grc' dir='ltr'><strong>ὑπούλως</strong></span> <span class='ocrx_word' id='word_1_415' title='bbox 2656 2918 2993 2988; x_wconf 79' lang='grc' dir='ltr'><strong>κοριζόμενα</strong></span> <span class='ocrx_word' id='word_1_416' title='bbox 3034 2918 3378 2986; x_wconf 85' lang='grc' dir='ltr'><strong>δυσπραγίας</strong></span> <span class='ocrx_word' id='word_1_417' title='bbox 3431 2918 3599 2971; x_wconf 78' lang='grc' dir='ltr'><strong>θανα-</strong></span> 
     </span>
    </p>
   </div>
   <div class='ocr_carea' id='block_1_59' title="bbox 2017 3009 3607 3081">
    <p class='ocr_par' dir='ltr' id='par_1_59' title="bbox 2017 3009 3607 3081">
     <span class='ocr_line' id='line_1_59' title="bbox 2017 3009 3607 3081; baseline 0 -19"><span class='ocrx_word' id='word_1_418' title='bbox 2017 3012 2213 3081; x_wconf 68' lang='grc' dir='ltr'><strong>τηρὰς,</strong></span> <span class='ocrx_word' id='word_1_419' title='bbox 2244 3010 2436 3073; x_wconf 77' lang='grc' dir='ltr'><strong>ὁποίας</strong></span> <span class='ocrx_word' id='word_1_420' title='bbox 2469 3011 2697 3081; x_wconf 74' lang='grc' dir='ltr'><strong>οἴδαμεν</strong></span> <span class='ocrx_word' id='word_1_421' title='bbox 2727 3010 2801 3073; x_wconf 85' lang='grc' dir='ltr'><strong>ὡς</strong></span> <span class='ocrx_word' id='word_1_422' title='bbox 2837 3011 3074 3079; x_wconf 84' lang='grc' dir='ltr'><strong>μάλιστα</strong></span> <span class='ocrx_word' id='word_1_423' title='bbox 3103 3011 3322 3074; x_wconf 78' lang='grc' dir='ltr'><strong>καὶτὰς</strong></span> <span class='ocrx_word' id='word_1_424' title='bbox 3369 3009 3430 3076; x_wconf 76' lang='grc' dir='ltr'>ἐξ</span> <span class='ocrx_word' id='word_1_425' title='bbox 3486 3012 3607 3063; x_wconf 78' lang='grc' dir='ltr'><strong>ἀδι-</strong></span> 
     </span>
    </p>
   </div>
   <div class='ocr_carea' id='block_1_60' title="bbox 341 3097 1918 3191">
    <p class='ocr_par' dir='ltr' id='par_1_60' title="bbox 341 3097 1915 3171">
     <span class='ocr_line' id='line_1_60' title="bbox 341 3097 1915 3171; baseline 0.008 -27"><span class='ocrx_word' id='word_1_426' title='bbox 341 3106 481 3160; x_wconf 90' lang='lat' dir='ltr'><strong>quas</strong></span> <span class='ocrx_word' id='word_1_427' title='bbox 533 3108 707 3161; x_wconf 88' lang='lat' dir='ltr'><strong>nuper</strong></span> <span class='ocrx_word' id='word_1_428' title='bbox 750 3097 1085 3165; x_wconf 80' lang='lat' dir='ltr'><strong>perpetravit</strong></span> <span class='ocrx_word' id='word_1_429' title='bbox 1122 3097 1442 3171; x_wconf 86' lang='lat' dir='ltr'><strong>(diabolus),</strong></span> <span class='ocrx_word' id='word_1_430' title='bbox 1486 3110 1547 3157; x_wconf 91' lang='lat' dir='ltr'><strong>ut</strong></span> <span class='ocrx_word' id='word_1_431' title='bbox 1575 3114 1915 3170; x_wconf 84' lang='lat' dir='ltr'><strong>perverteret</strong></span> 
     </span>
    </p>
   </div>
   <div class='ocr_carea' id='block_1_61' title="bbox 2021 3097 3607 3191">
    <p class='ocr_par' dir='ltr' id='par_1_61' title="bbox 2023 3103 3607 3175">
     <span class='ocr_line' id='line_1_61' title="bbox 2023 3103 3607 3175; baseline -0.001 -18"><span class='ocrx_word' id='word_1_432' title='bbox 2023 3104 2160 3157; x_wconf 81' lang='grc' dir='ltr'><strong>κιῶν</strong></span> <span class='ocrx_word' id='word_1_433' title='bbox 2192 3103 2284 3158; x_wconf 70' lang='grc' dir='ltr'><strong>καὶ</strong></span> <span class='ocrx_word' id='word_1_434' title='bbox 2308 3104 2604 3175; x_wconf 74' lang='grc' dir='ltr'><strong>ἁρπαγῶν,</strong></span> <span class='ocrx_word' id='word_1_435' title='bbox 2630 3103 2696 3167; x_wconf 76' lang='grc' dir='ltr'><strong>ἃς</strong></span> <span class='ocrx_word' id='word_1_436' title='bbox 2717 3104 2847 3173; x_wconf 73' lang='grc' dir='ltr'><strong>ἤνυε</strong></span> <span class='ocrx_word' id='word_1_437' title='bbox 2879 3104 3246 3172; x_wconf 76' lang='grc' dir='ltr'><strong>παρασχεδὸν,</strong></span> <span class='ocrx_word' id='word_1_438' title='bbox 3278 3104 3607 3173; x_wconf 62' lang='grc' dir='ltr'><strong>διαστρέψαι</strong></span> 
     </span>
    </p>
   </div>
   <div class='ocr_carea' id='block_1_62' title="bbox 338 3187 1923 3269">
    <p class='ocr_par' dir='ltr' id='par_1_62' title="bbox 338 3187 1923 3269">
     <span class='ocr_line' id='line_1_62' title="bbox 338 3187 1923 3269; baseline 0.009 -28"><span class='ocrx_word' id='word_1_439' title='bbox 338 3187 592 3245; x_wconf 84' lang='lat' dir='ltr'><strong>animans</strong></span> <span class='ocrx_word' id='word_1_440' title='bbox 651 3191 951 3258; x_wconf 80' lang='lat' dir='ltr'><strong>rationale,</strong></span> <span class='ocrx_word' id='word_1_441' title='bbox 1003 3193 1310 3263; x_wconf 89' lang='lat' dir='ltr'><strong>pulchrum,</strong></span> <span class='ocrx_word' id='word_1_442' title='bbox 1368 3197 1614 3269; x_wconf 83' lang='lat' dir='ltr'><strong>regium,</strong></span> <span class='ocrx_word' id='word_1_443' title='bbox 1668 3199 1923 3269; x_wconf 89' lang='lat' dir='ltr'><strong>sapiens,</strong></span> 
     </span>
    </p>
   </div>
   <div class='ocr_carea' id='block_1_63' title="bbox 337 3274 1921 3357">
    <p class='ocr_par' dir='ltr' id='par_1_63' title="bbox 337 3274 1921 3357">
     <span class='ocr_line' id='line_1_63' title="bbox 337 3274 1921 3357; baseline 0.011 -28"><span class='ocrx_word' id='word_1_444' title='bbox 337 3274 602 3345; x_wconf 83' lang='lat' dir='ltr'><strong>divinum,</strong></span> <span class='ocrx_word' id='word_1_445' title='bbox 655 3280 725 3335; x_wconf 90' lang='lat' dir='ltr'><strong>ab</strong></span> <span class='ocrx_word' id='word_1_446' title='bbox 762 3281 967 3351; x_wconf 77' lang='lat' dir='ltr'><strong>angelis</strong></span> <span class='ocrx_word' id='word_1_447' title='bbox 998 3284 1330 3354; x_wconf 86' lang='lat' dir='ltr'><strong>proximum,</strong></span> <span class='ocrx_word' id='word_1_448' title='bbox 1377 3301 1407 3341; x_wconf 93' lang='lat' dir='ltr'><strong>a</strong></span> <span class='ocrx_word' id='word_1_449' title='bbox 1454 3287 1564 3343; x_wconf 90' lang='lat' dir='ltr'><strong>Deo</strong></span> <span class='ocrx_word' id='word_1_450' title='bbox 1598 3291 1921 3357; x_wconf 86' lang='lat' dir='ltr'><strong>conditum,</strong></span> 
     </span>
    </p>
   </div>
   <div class='ocr_carea' id='block_1_64' title="bbox 337 3369 1927 3454">
    <p class='ocr_par' dir='ltr' id='par_1_64' title="bbox 337 3369 1927 3454">
     <span class='ocr_line' id='line_1_64' title="bbox 337 3369 1927 3454; baseline 0.01 -34"><span class='ocrx_word' id='word_1_451' title='bbox 337 3378 498 3454; x_wconf 71' lang='lat' dir='ltr'><strong>atque</strong></span> <span class='ocrx_word' id='word_1_452' title='bbox 553 3369 863 3428; x_wconf 83' lang='lat' dir='ltr'><strong>deflecteret</strong></span> <span class='ocrx_word' id='word_1_453' title='bbox 902 3374 1033 3429; x_wconf 90' lang='lat' dir='ltr'><strong>illud</strong></span> <span class='ocrx_word' id='word_1_454' title='bbox 1067 3377 1136 3431; x_wconf 88' lang='lat' dir='ltr'><strong>ad</strong></span> <span class='ocrx_word' id='word_1_455' title='bbox 1181 3379 1471 3433; x_wconf 82' lang='lat' dir='ltr'><strong>amentiam</strong></span> <span class='ocrx_word' id='word_1_456' title='bbox 1507 3389 1564 3433; x_wconf 89' lang='lat' dir='ltr'><strong>et</strong></span> <span class='ocrx_word' id='word_1_457' title='bbox 1608 3379 1831 3445; x_wconf 84' lang='lat' dir='ltr'><strong>faceret,</strong></span> <span class='ocrx_word' id='word_1_458' title='bbox 1869 3393 1927 3436; x_wconf 88' lang='lat' dir='ltr'><strong>ut</strong></span> 
     </span>
    </p>
   </div>
   <div class='ocr_carea' id='block_1_65' title="bbox 335 3457 1924 3542">
    <p class='ocr_par' dir='ltr' id='par_1_65' title="bbox 335 3457 1924 3542">
     <span class='ocr_line' id='line_1_65' title="bbox 335 3457 1924 3542; baseline 0.011 -29"><span class='ocrx_word' id='word_1_459' title='bbox 335 3457 482 3516; x_wconf 74' lang='lat' dir='ltr'><strong>lllius</strong></span> <span class='ocrx_word' id='word_1_460' title='bbox 506 3464 683 3519; x_wconf 66' lang='lat' dir='ltr'><strong>aetatis</strong></span> <span class='ocrx_word' id='word_1_461' title='bbox 710 3466 955 3523; x_wconf 90' lang='lat' dir='ltr'><strong>homines</strong></span> <span class='ocrx_word' id='word_1_462' title='bbox 988 3468 1096 3524; x_wconf 81' lang='lat' dir='ltr'><strong>vita</strong></span> <span class='ocrx_word' id='word_1_463' title='bbox 1130 3471 1272 3525; x_wconf 89' lang='lat' dir='ltr'><strong>haud</strong></span> <span class='ocrx_word' id='word_1_464' title='bbox 1302 3473 1576 3541; x_wconf 87' lang='lat' dir='ltr'><strong>sapienter</strong></span> <span class='ocrx_word' id='word_1_465' title='bbox 1619 3483 1924 3542; x_wconf 87' lang='lat' dir='ltr'><strong>uterentur,</strong></span> 
     </span>
    </p>
   </div>
   <div class='ocr_carea' id='block_1_66' title="bbox 337 3556 1926 3626">
    <p class='ocr_par' dir='ltr' id='par_1_66' title="bbox 337 3556 1926 3626">
     <span class='ocr_line' id='line_1_66' title="bbox 337 3556 1926 3626; baseline 0.008 -16"><span class='ocrx_word' id='word_1_466' title='bbox 337 3556 432 3611; x_wconf 87' lang='lat' dir='ltr'><strong>sed</strong></span> <span class='ocrx_word' id='word_1_467' title='bbox 461 3557 638 3626; x_wconf 85' lang='lat' dir='ltr'><strong>potius</strong></span> <span class='ocrx_word' id='word_1_468' title='bbox 658 3559 724 3614; x_wconf 89' lang='lat' dir='ltr'><strong>ad</strong></span> <span class='ocrx_word' id='word_1_469' title='bbox 752 3574 929 3616; x_wconf 88' lang='lat' dir='ltr'><strong>mores</strong></span> <span class='ocrx_word' id='word_1_470' title='bbox 949 3560 1249 3619; x_wconf 87' lang='lat' dir='ltr'><strong>belluarum</strong></span> <span class='ocrx_word' id='word_1_471' title='bbox 1263 3563 1623 3621; x_wconf 87' lang='lat' dir='ltr'><strong>declinarent.</strong></span> <span class='ocrx_word' id='word_1_472' title='bbox 1645 3567 1798 3624; x_wconf 89' lang='lat' dir='ltr'><strong>Unde</strong></span> <span class='ocrx_word' id='word_1_473' title='bbox 1831 3586 1926 3625; x_wconf 87' lang='lat' dir='ltr'><strong>cx-</strong></span> 
     </span>
    </p>
   </div>
   <div class='ocr_carea' id='block_1_67' title="bbox 335 3651 1925 3727">
    <p class='ocr_par' dir='ltr' id='par_1_67' title="bbox 335 3651 1925 3727">
     <span class='ocr_line' id='line_1_67' title="bbox 335 3651 1925 3727; baseline 0.01 -26"><span class='ocrx_word' id='word_1_474' title='bbox 335 3659 454 3703; x_wconf 89' lang='lat' dir='ltr'><strong>orta</strong></span> <span class='ocrx_word' id='word_1_475' title='bbox 478 3659 562 3706; x_wconf 86' lang='lat' dir='ltr'><strong>est</strong></span> <span class='ocrx_word' id='word_1_476' title='bbox 581 3651 864 3708; x_wconf 88' lang='lat' dir='ltr'><strong>calamitas</strong></span> <span class='ocrx_word' id='word_1_477' title='bbox 890 3662 1061 3722; x_wconf 86' lang='lat' dir='ltr'><strong>tanta,</strong></span> <span class='ocrx_word' id='word_1_478' title='bbox 1085 3664 1143 3710; x_wconf 90' lang='lat' dir='ltr'><strong>ut</strong></span> <span class='ocrx_word' id='word_1_479' title='bbox 1170 3655 1406 3713; x_wconf 91' lang='lat' dir='ltr'><strong>mundus</strong></span> <span class='ocrx_word' id='word_1_480' title='bbox 1440 3672 1545 3713; x_wconf 90' lang='lat' dir='ltr'><strong>non</strong></span> <span class='ocrx_word' id='word_1_481' title='bbox 1576 3659 1806 3727; x_wconf 89' lang='lat' dir='ltr'><strong>amplius</strong></span> <span class='ocrx_word' id='word_1_482' title='bbox 1830 3676 1925 3716; x_wconf 80' lang='lat' dir='ltr'><strong>ex-</strong></span> 
     </span>
    </p>
   </div>
   <div class='ocr_carea' id='block_1_68' title="bbox 336 3741 1920 3816">
    <p class='ocr_par' dir='ltr' id='par_1_68' title="bbox 336 3741 1920 3816">
     <span class='ocr_line' id='line_1_68' title="bbox 336 3741 1920 3816; baseline 0.008 -21"><span class='ocrx_word' id='word_1_483' title='bbox 336 3741 531 3798; x_wconf 90' lang='lat' dir='ltr'><strong>sistere</strong></span> <span class='ocrx_word' id='word_1_484' title='bbox 563 3744 860 3801; x_wconf 82' lang='lat' dir='ltr'><strong>videretur.</strong></span> <span class='ocrx_word' id='word_1_485' title='bbox 898 3745 1182 3813; x_wconf 87' lang='lat' dir='ltr'><strong>Quomodo</strong></span> <span class='ocrx_word' id='word_1_486' title='bbox 1221 3748 1366 3803; x_wconf 89' lang='lat' dir='ltr'><strong>enim</strong></span> <span class='ocrx_word' id='word_1_487' title='bbox 1390 3750 1647 3816; x_wconf 88' lang='lat' dir='ltr'><strong>mundus,</strong></span> <span class='ocrx_word' id='word_1_488' title='bbox 1690 3752 1780 3807; x_wconf 92' lang='lat' dir='ltr'><strong>ubi</strong></span> <span class='ocrx_word' id='word_1_489' title='bbox 1814 3768 1920 3810; x_wconf 91' lang='lat' dir='ltr'><strong>non</strong></span> 
     </span>
    </p>
   </div>
   <div class='ocr_carea' id='block_1_69' title="bbox 337 3835 1923 3908">
    <p class='ocr_par' dir='ltr' id='par_1_69' title="bbox 337 3835 1923 3908">
     <span class='ocr_line' id='line_1_69' title="bbox 337 3835 1923 3908; baseline 0.008 -21"><span class='ocrx_word' id='word_1_490' title='bbox 337 3843 420 3888; x_wconf 86' lang='lat' dir='ltr'><strong>est</strong></span> <span class='ocrx_word' id='word_1_491' title='bbox 476 3835 676 3889; x_wconf 73' lang='lat' dir='ltr'><strong>homo?</strong></span> <span class='ocrx_word' id='word_1_492' title='bbox 739 3837 1021 3902; x_wconf 70' lang='lat' dir='ltr'><strong>Quomodo</strong></span> <span class='ocrx_word' id='word_1_493' title='bbox 1071 3848 1255 3894; x_wconf 87' lang='lat' dir='ltr'><strong>autem</strong></span> <span class='ocrx_word' id='word_1_494' title='bbox 1321 3839 1526 3908; x_wconf 86' lang='lat' dir='ltr'><strong>homo,</strong></span> <span class='ocrx_word' id='word_1_495' title='bbox 1595 3841 1685 3898; x_wconf 87' lang='lat' dir='ltr'><strong>ubi</strong></span> <span class='ocrx_word' id='word_1_496' title='bbox 1768 3860 1923 3900; x_wconf 90' lang='lat' dir='ltr'><strong>mun-</strong></span> 
     </span>
    </p>
   </div>
   <div class='ocr_carea' id='block_1_70' title="bbox 334 3926 1068 3987">
    <p class='ocr_par' dir='ltr' id='par_1_70' title="bbox 334 3926 1068 3987">
     <span class='ocr_line' id='line_1_70' title="bbox 334 3926 1068 3987; baseline 0.008 -6"><span class='ocrx_word' id='word_1_497' title='bbox 334 3926 437 3984; x_wconf 87' lang='lat' dir='ltr'><strong>dus</strong></span> <span class='ocrx_word' id='word_1_498' title='bbox 486 3944 589 3984; x_wconf 91' lang='lat' dir='ltr'><strong>non</strong></span> <span class='ocrx_word' id='word_1_499' title='bbox 619 3930 1068 3987; x_wconf 71' lang='lat' dir='ltr'><strong>administratur?</strong></span> 
     </span>
    </p>
   </div>
   <div class='ocr_carea' id='block_1_71' title="bbox 406 4018 1920 4100">
    <p class='ocr_par' dir='ltr' id='par_1_71' title="bbox 406 4018 1920 4100">
     <span class='ocr_line' id='line_1_71' title="bbox 406 4018 1920 4100; baseline 0.007 -26"><span class='ocrx_word' id='word_1_500' title='bbox 406 4021 459 4075; x_wconf 76' lang='grc'><strong>5.</strong></span> <span class='ocrx_word' id='word_1_501' title='bbox 508 4018 645 4086; x_wconf 83' lang='lat' dir='ltr'><strong>Quia</strong></span> <span class='ocrx_word' id='word_1_502' title='bbox 687 4031 867 4079; x_wconf 79' lang='lat' dir='ltr'><strong>autem</strong></span> <span class='ocrx_word' id='word_1_503' title='bbox 909 4039 941 4079; x_wconf 89' lang='lat' dir='ltr'><strong>e</strong></span> <span class='ocrx_word' id='word_1_504' title='bbox 994 4035 1200 4081; x_wconf 59' lang='lat' dir='ltr'><strong>naturae</strong></span> <span class='ocrx_word' id='word_1_505' title='bbox 1263 4026 1475 4097; x_wconf 77' lang='lat' dir='ltr'><strong>legibus</strong></span> <span class='ocrx_word' id='word_1_506' title='bbox 1521 4028 1657 4083; x_wconf 84' lang='lat' dir='ltr'><strong>fleri.</strong></span> <span class='ocrx_word' id='word_1_507' title='bbox 1684 4044 1789 4084; x_wconf 88' lang='lat' dir='ltr'><strong>non</strong></span> <span class='ocrx_word' id='word_1_508' title='bbox 1824 4045 1920 4100; x_wconf 87' lang='lat' dir='ltr'><strong>po-</strong></span> 
     </span>
    </p>
   </div>
   <div class='ocr_carea' id='block_1_72' title="bbox 333 4113 1914 4190">
    <p class='ocr_par' dir='ltr' id='par_1_72' title="bbox 333 4113 1914 4190">
     <span class='ocr_line' id='line_1_72' title="bbox 333 4113 1914 4190; baseline 0.006 -26"><span class='ocrx_word' id='word_1_509' title='bbox 333 4118 500 4175; x_wconf 81' lang='lat' dir='ltr'><strong>terat,</strong></span> <span class='ocrx_word' id='word_1_510' title='bbox 524 4113 658 4183; x_wconf 86' lang='lat' dir='ltr'><strong>quin</strong></span> <span class='ocrx_word' id='word_1_511' title='bbox 685 4114 790 4170; x_wconf 90' lang='lat' dir='ltr'><strong>illis</strong></span> <span class='ocrx_word' id='word_1_512' title='bbox 810 4114 954 4172; x_wconf 90' lang='lat' dir='ltr'><strong>loliis</strong></span> <span class='ocrx_word' id='word_1_513' title='bbox 978 4120 1271 4174; x_wconf 88' lang='lat' dir='ltr'><strong>commissa</strong></span> <span class='ocrx_word' id='word_1_514' title='bbox 1304 4130 1489 4174; x_wconf 80' lang='lat' dir='ltr'><strong>essent</strong></span> <span class='ocrx_word' id='word_1_515' title='bbox 1507 4120 1645 4174; x_wconf 88' lang='lat' dir='ltr'><strong>bona</strong></span> <span class='ocrx_word' id='word_1_516' title='bbox 1673 4121 1914 4190; x_wconf 66' lang='lat' dir='ltr'><strong>quaedam</strong></span> 
     </span>
    </p>
   </div>
   <div class='ocr_carea' id='block_1_73' title="bbox 335 4206 1911 4285">
    <p class='ocr_par' dir='ltr' id='par_1_73' title="bbox 335 4206 1911 4285">
     <span class='ocr_line' id='line_1_73' title="bbox 335 4206 1911 4285; baseline 0.008 -29"><span class='ocrx_word' id='word_1_517' title='bbox 335 4221 527 4273; x_wconf 79' lang='lat' dir='ltr'><strong>grana,</strong></span> <span class='ocrx_word' id='word_1_518' title='bbox 571 4220 603 4262; x_wconf 91' lang='lat' dir='ltr'><strong>e</strong></span> <span class='ocrx_word' id='word_1_519' title='bbox 649 4206 850 4275; x_wconf 83' lang='lat' dir='ltr'><strong>quibus</strong></span> <span class='ocrx_word' id='word_1_520' title='bbox 883 4210 1146 4285; x_wconf 82' lang='lat' dir='ltr'><strong>temporis</strong></span> <span class='ocrx_word' id='word_1_521' title='bbox 1169 4226 1424 4267; x_wconf 87' lang='lat' dir='ltr'><strong>successu</strong></span> <span class='ocrx_word' id='word_1_522' title='bbox 1465 4215 1658 4269; x_wconf 87' lang='lat' dir='ltr'><strong>messis</strong></span> <span class='ocrx_word' id='word_1_523' title='bbox 1704 4215 1911 4278; x_wconf 88' lang='lat' dir='ltr'><strong>divina,</strong></span> 
     </span>
    </p>
   </div>
   <div class='ocr_carea' id='block_1_74' title="bbox 336 4297 1915 4379">
    <p class='ocr_par' dir='ltr' id='par_1_74' title="bbox 336 4297 1915 4379">
     <span class='ocr_line' id='line_1_74' title="bbox 336 4297 1915 4379; baseline 0.008 -27"><span class='ocrx_word' id='word_1_524' title='bbox 336 4298 503 4368; x_wconf 88' lang='lat' dir='ltr'><strong>spicis</strong></span> <span class='ocrx_word' id='word_1_525' title='bbox 534 4297 890 4372; x_wconf 76' lang='lat' dir='ltr'><strong>frugibusque</strong></span> <span class='ocrx_word' id='word_1_526' title='bbox 915 4303 1217 4369; x_wconf 86' lang='lat' dir='ltr'><strong>abundans,</strong></span> <span class='ocrx_word' id='word_1_527' title='bbox 1278 4307 1521 4376; x_wconf 90' lang='lat' dir='ltr'><strong>prodiret</strong></span> <span class='ocrx_word' id='word_1_528' title='bbox 1557 4308 1915 4379; x_wconf 80' lang='lat' dir='ltr'><strong>(gubernabat</strong></span> 
     </span>
    </p>
   </div>
   <div class='ocr_carea' id='block_1_75' title="bbox 335 4391 1935 4471">
    <p class='ocr_par' dir='ltr' id='par_1_75' title="bbox 335 4391 1935 4471">
     <span class='ocr_line' id='line_1_75' title="bbox 335 4391 1935 4471; baseline 0.005 -29"><span class='ocrx_word' id='word_1_529' title='bbox 335 4391 483 4444; x_wconf 90' lang='lat' dir='ltr'><strong>enim</strong></span> <span class='ocrx_word' id='word_1_530' title='bbox 536 4394 760 4462; x_wconf 87' lang='lat' dir='ltr'><strong>sapiens</strong></span> <span class='ocrx_word' id='word_1_531' title='bbox 819 4394 1059 4463; x_wconf 84' lang='lat' dir='ltr'><strong>agricola</strong></span> <span class='ocrx_word' id='word_1_532' title='bbox 1124 4405 1178 4451; x_wconf 88' lang='lat' dir='ltr'><strong>ct</strong></span> <span class='ocrx_word' id='word_1_533' title='bbox 1224 4396 1641 4452; x_wconf 87' lang='lat' dir='ltr'><strong>administrator</strong></span> <span class='ocrx_word' id='word_1_534' title='bbox 1702 4400 1935 4471; x_wconf 40' lang='lat' dir='ltr'><strong>mundi,</strong></span> 
     </span>
    </p>
   </div>
   <div class='ocr_carea' id='block_1_76' title="bbox 334 4465 1992 4559">
    <p class='ocr_par' dir='ltr' id='par_1_76' title="bbox 334 4465 1992 4559">
     <span class='ocr_line' id='line_1_76' title="bbox 334 4465 1992 4559; baseline 0.005 -21"><span class='ocrx_word' id='word_1_535' title='bbox 334 4485 794 4555; x_wconf 84' lang='lat' dir='ltr'><strong>quemadmodum</strong></span> <span class='ocrx_word' id='word_1_536' title='bbox 828 4488 1128 4543; x_wconf 87' lang='lat' dir='ltr'><strong>etiamnum</strong></span> <span class='ocrx_word' id='word_1_537' title='bbox 1157 4488 1469 4559; x_wconf 78' lang='lat' dir='ltr'><strong>gubernat),</strong></span> <span class='ocrx_word' id='word_1_538' title='bbox 1492 4499 1545 4543; x_wconf 90' lang='lat' dir='ltr'><strong>et</strong></span> <span class='ocrx_word' id='word_1_539' title='bbox 1586 4489 1718 4559; x_wconf 86' lang='lat' dir='ltr'><strong>quin</strong></span> <span class='ocrx_word' id='word_1_540' title='bbox 1757 4491 1912 4545; x_wconf 90' lang='lat' dir='ltr'><strong>malis</strong></span> <span class='ocrx_word' id='word_1_541' title='bbox 1932 4465 1992 4523; x_wconf 27' lang='lat' dir='ltr'><strong>ID</strong></span> 
     </span>
    </p>
   </div>
   <div class='ocr_carea' id='block_1_77' title="bbox 335 4570 1904 4650">
    <p class='ocr_par' dir='ltr' id='par_1_77' title="bbox 335 4570 1904 4650">
     <span class='ocr_line' id='line_1_77' title="bbox 335 4570 1904 4650; baseline 0.003 -21"><span class='ocrx_word' id='word_1_542' title='bbox 335 4575 444 4631; x_wconf 87' lang='lat' dir='ltr'><strong>illis</strong></span> <span class='ocrx_word' id='word_1_543' title='bbox 477 4575 826 4633; x_wconf 80' lang='lat' dir='ltr'><strong>facultatibus</strong></span> <span class='ocrx_word' id='word_1_544' title='bbox 857 4579 1011 4634; x_wconf 74' lang='lat' dir='ltr'><strong>boote</strong></span> <span class='ocrx_word' id='word_1_545' title='bbox 1038 4594 1251 4649; x_wconf 88' lang='lat' dir='ltr'><strong>quoque</strong></span> <span class='ocrx_word' id='word_1_546' title='bbox 1282 4570 1467 4635; x_wconf 83' lang='lat' dir='ltr'><strong>essent</strong></span> <span class='ocrx_word' id='word_1_547' title='bbox 1489 4579 1756 4649; x_wconf 72' lang='lat' dir='ltr'><strong>adjuncta:</strong></span> <span class='ocrx_word' id='word_1_548' title='bbox 1787 4582 1904 4650; x_wconf 91' lang='lat' dir='ltr'><strong>qui-</strong></span> 
     </span>
    </p>
   </div>
   <div class='ocr_carea' id='block_1_78' title="bbox 334 4669 1913 4741">
    <p class='ocr_par' dir='ltr' id='par_1_78' title="bbox 334 4669 1913 4741">
     <span class='ocr_line' id='line_1_78' title="bbox 334 4669 1913 4741; baseline 0.003 -18"><span class='ocrx_word' id='word_1_549' title='bbox 334 4669 439 4723; x_wconf 88' lang='lat' dir='ltr'><strong>bus</strong></span> <span class='ocrx_word' id='word_1_550' title='bbox 488 4671 600 4726; x_wconf 81' lang='lat' dir='ltr'><strong>vita</strong></span> <span class='ocrx_word' id='word_1_551' title='bbox 649 4670 757 4726; x_wconf 84' lang='lat' dir='ltr'><strong>Deo</strong></span> <span class='ocrx_word' id='word_1_552' title='bbox 810 4681 1031 4741; x_wconf 84' lang='lat' dir='ltr'><strong>accepta</strong></span> <span class='ocrx_word' id='word_1_553' title='bbox 1067 4672 1438 4727; x_wconf 87' lang='lat' dir='ltr'><strong>formaretur:</strong></span> <span class='ocrx_word' id='word_1_554' title='bbox 1466 4671 1777 4727; x_wconf 86' lang='lat' dir='ltr'><strong>hominibus</strong></span> <span class='ocrx_word' id='word_1_555' title='bbox 1806 4673 1913 4728; x_wconf 88' lang='lat' dir='ltr'><strong>illis</strong></span> 
     </span>
    </p>
   </div>
   <div class='ocr_carea' id='block_1_79' title="bbox 335 4763 1909 4833">
    <p class='ocr_par' dir='ltr' id='par_1_79' title="bbox 335 4763 1909 4833">
     <span class='ocr_line' id='line_1_79' title="bbox 335 4763 1909 4833; baseline 0.002 -18"><span class='ocrx_word' id='word_1_556' title='bbox 335 4763 606 4832; x_wconf 87' lang='lat' dir='ltr'><strong>corruptis</strong></span> <span class='ocrx_word' id='word_1_557' title='bbox 648 4763 1014 4819; x_wconf 82' lang='lat' dir='ltr'><strong>interfuerunt</strong></span> <span class='ocrx_word' id='word_1_558' title='bbox 1059 4765 1146 4819; x_wconf 92' lang='lat' dir='ltr'><strong>hic</strong></span> <span class='ocrx_word' id='word_1_559' title='bbox 1192 4765 1304 4820; x_wconf 91' lang='lat' dir='ltr'><strong>illic</strong></span> <span class='ocrx_word' id='word_1_560' title='bbox 1360 4765 1605 4820; x_wconf 90' lang='lat' dir='ltr'><strong>nonnulli</strong></span> <span class='ocrx_word' id='word_1_561' title='bbox 1640 4765 1791 4833; x_wconf 89' lang='lat' dir='ltr'><strong>probi</strong></span> <span class='ocrx_word' id='word_1_562' title='bbox 1818 4766 1909 4833; x_wconf 89' lang='lat' dir='ltr'><strong>qui</strong></span> 
     </span>
    </p>
   </div>
   <div class='ocr_carea' id='block_1_80' title="bbox 335 4855 1914 4925">
    <p class='ocr_par' dir='ltr' id='par_1_80' title="bbox 335 4855 1914 4925">
     <span class='ocr_line' id='line_1_80' title="bbox 335 4855 1914 4925; baseline 0.003 -20"><span class='ocrx_word' id='word_1_563' title='bbox 335 4855 402 4906; x_wconf 87' lang='lat' dir='ltr'><strong>de</strong></span> <span class='ocrx_word' id='word_1_564' title='bbox 429 4864 749 4909; x_wconf 70' lang='lat' dir='ltr'><strong>cancrorum</strong></span> <span class='ocrx_word' id='word_1_565' title='bbox 775 4855 981 4908; x_wconf 84' lang='lat' dir='ltr'><strong>malitia</strong></span> <span class='ocrx_word' id='word_1_566' title='bbox 1007 4855 1285 4917; x_wconf 84' lang='lat' dir='ltr'><strong>dolebant,</strong></span> <span class='ocrx_word' id='word_1_567' title='bbox 1307 4864 1618 4922; x_wconf 88' lang='lat' dir='ltr'><strong>reputantes</strong></span> <span class='ocrx_word' id='word_1_568' title='bbox 1642 4856 1914 4925; x_wconf 88' lang='lat' dir='ltr'><strong>quomodo</strong></span> 
     </span>
    </p>
   </div>
   <div class='ocr_carea' id='block_1_81' title="bbox 333 4945 1920 5017">
    <p class='ocr_par' dir='ltr' id='par_1_81' title="bbox 333 4945 1920 5017">
     <span class='ocr_line' id='line_1_81' title="bbox 333 4945 1920 5017; baseline 0.003 -20"><span class='ocrx_word' id='word_1_569' title='bbox 333 4945 506 5000; x_wconf 84' lang='lat' dir='ltr'><strong>Adam</strong></span> <span class='ocrx_word' id='word_1_570' title='bbox 543 4956 598 5000; x_wconf 88' lang='lat' dir='ltr'><strong>et</strong></span> <span class='ocrx_word' id='word_1_571' title='bbox 641 4947 814 5016; x_wconf 88' lang='lat' dir='ltr'><strong>prima</strong></span> <span class='ocrx_word' id='word_1_572' title='bbox 848 4947 1072 5017; x_wconf 80' lang='lat' dir='ltr'><strong>generis</strong></span> <span class='ocrx_word' id='word_1_573' title='bbox 1119 4947 1342 5002; x_wconf 86' lang='lat' dir='ltr'><strong>humani</strong></span> <span class='ocrx_word' id='word_1_574' title='bbox 1389 4956 1563 5002; x_wconf 88' lang='lat' dir='ltr'><strong>mater</strong></span> <span class='ocrx_word' id='word_1_575' title='bbox 1588 4962 1617 5000; x_wconf 91' lang='lat' dir='ltr'><strong>a</strong></span> <span class='ocrx_word' id='word_1_576' title='bbox 1646 4945 1756 5000; x_wconf 89' lang='lat' dir='ltr'><strong>Deo</strong></span> <span class='ocrx_word' id='word_1_577' title='bbox 1788 4946 1920 5001; x_wconf 85' lang='lat' dir='ltr'><strong>fuis-</strong></span> 
     </span>
    </p>
   </div>
   <div class='ocr_carea' id='block_1_82' title="bbox 333 5038 1912 5109">
    <p class='ocr_par' dir='ltr' id='par_1_82' title="bbox 333 5038 1912 5109">
     <span class='ocr_line' id='line_1_82' title="bbox 333 5038 1912 5109; baseline 0.001 -18"><span class='ocrx_word' id='word_1_578' title='bbox 333 5047 458 5091; x_wconf 85' lang='lat' dir='ltr'><strong>sent</strong></span> <span class='ocrx_word' id='word_1_579' title='bbox 479 5038 667 5101; x_wconf 88' lang='lat' dir='ltr'><strong>creati,</strong></span> <span class='ocrx_word' id='word_1_580' title='bbox 698 5039 971 5107; x_wconf 82' lang='lat' dir='ltr'><strong>simplices</strong></span> <span class='ocrx_word' id='word_1_581' title='bbox 1003 5040 1282 5105; x_wconf 90' lang='lat' dir='ltr'><strong>nimirum,</strong></span> <span class='ocrx_word' id='word_1_582' title='bbox 1327 5038 1627 5109; x_wconf 89' lang='lat' dir='ltr'><strong>tranquilli,</strong></span> <span class='ocrx_word' id='word_1_583' title='bbox 1660 5040 1912 5093; x_wconf 90' lang='lat' dir='ltr'><strong>mutatio-</strong></span> 
     </span>
    </p>
   </div>
   <div class='ocr_carea' id='block_1_83' title="bbox 338 5130 1916 5201">
    <p class='ocr_par' dir='ltr' id='par_1_83' title="bbox 338 5130 1916 5201">
     <span class='ocr_line' id='line_1_83' title="bbox 338 5130 1916 5201; baseline 0 -19"><span class='ocrx_word' id='word_1_584' title='bbox 338 5130 423 5185; x_wconf 93' lang='lat' dir='ltr'><strong>nis</strong></span> <span class='ocrx_word' id='word_1_585' title='bbox 477 5140 752 5199; x_wconf 86' lang='lat' dir='ltr'><strong>expertes,</strong></span> <span class='ocrx_word' id='word_1_586' title='bbox 813 5131 1107 5197; x_wconf 84' lang='lat' dir='ltr'><strong>mansueti,</strong></span> <span class='ocrx_word' id='word_1_587' title='bbox 1161 5132 1362 5200; x_wconf 84' lang='lat' dir='ltr'><strong>iujnste</strong></span> <span class='ocrx_word' id='word_1_588' title='bbox 1419 5146 1581 5201; x_wconf 78' lang='lat' dir='ltr'><strong>agere</strong></span> <span class='ocrx_word' id='word_1_589' title='bbox 1625 5131 1818 5193; x_wconf 68' lang='lat' dir='ltr'><strong>nescii,</strong></span> <span class='ocrx_word' id='word_1_590' title='bbox 1862 5141 1916 5184; x_wconf 87' lang='lat' dir='ltr'><strong>et</strong></span> 
     </span>
    </p>
   </div>
   <div class='ocr_carea' id='block_1_84' title="bbox 337 5223 1914 5291">
    <p class='ocr_par' dir='ltr' id='par_1_84' title="bbox 337 5223 1914 5291">
     <span class='ocr_line' id='line_1_84' title="bbox 337 5223 1914 5291; baseline 0.002 -18"><span class='ocrx_word' id='word_1_591' title='bbox 337 5223 607 5290; x_wconf 89' lang='lat' dir='ltr'><strong>quomodo</strong></span> <span class='ocrx_word' id='word_1_592' title='bbox 633 5237 825 5277; x_wconf 86' lang='lat' dir='ltr'><strong>secure</strong></span> <span class='ocrx_word' id='word_1_593' title='bbox 856 5234 1076 5291; x_wconf 79' lang='lat' dir='ltr'><strong>agentes</strong></span> <span class='ocrx_word' id='word_1_594' title='bbox 1106 5225 1173 5279; x_wconf 91' lang='lat' dir='ltr'><strong>ad</strong></span> <span class='ocrx_word' id='word_1_595' title='bbox 1208 5225 1308 5279; x_wconf 88' lang='lat' dir='ltr'><strong>hoc</strong></span> <span class='ocrx_word' id='word_1_596' title='bbox 1350 5224 1579 5278; x_wconf 80' lang='lat' dir='ltr'><strong>fuissent</strong></span> <span class='ocrx_word' id='word_1_597' title='bbox 1609 5225 1914 5289; x_wconf 73' lang='lat' dir='ltr'><strong>constituti,</strong></span> 
     </span>
    </p>
   </div>
   <div class='ocr_carea' id='block_1_85' title="bbox 338 5315 1916 5385">
    <p class='ocr_par' dir='ltr' id='par_1_85' title="bbox 338 5315 1916 5385">
     <span class='ocr_line' id='line_1_85' title="bbox 338 5315 1916 5385; baseline 0.002 -18"><span class='ocrx_word' id='word_1_598' title='bbox 338 5323 396 5367; x_wconf 91' lang='lat' dir='ltr'><strong>ut</strong></span> <span class='ocrx_word' id='word_1_599' title='bbox 436 5323 785 5384; x_wconf 77' lang='lat' dir='ltr'><strong>augerentur,</strong></span> <span class='ocrx_word' id='word_1_600' title='bbox 818 5329 883 5367; x_wconf 91' lang='lat' dir='ltr'><strong>ac</strong></span> <span class='ocrx_word' id='word_1_601' title='bbox 943 5315 1319 5385; x_wconf 90' lang='lat' dir='ltr'><strong>multiplicatio</strong></span> <span class='ocrx_word' id='word_1_602' title='bbox 1372 5316 1511 5372; x_wconf 83' lang='lat' dir='ltr'><strong>facta</strong></span> <span class='ocrx_word' id='word_1_603' title='bbox 1573 5318 1678 5382; x_wconf 88' lang='lat' dir='ltr'><strong>sit,</strong></span> <span class='ocrx_word' id='word_1_604' title='bbox 1734 5317 1916 5370; x_wconf 71' lang='lat' dir='ltr'><strong>divino</strong></span> 
     </span>
    </p>
   </div>
   <div class='ocr_carea' id='block_1_86' title="bbox 336 5406 1253 5477">
    <p class='ocr_par' dir='ltr' id='par_1_86' title="bbox 336 5406 1253 5477">
     <span class='ocr_line' id='line_1_86' title="bbox 336 5406 1253 5477; baseline -0.002 -15"><span class='ocrx_word' id='word_1_605' title='bbox 336 5414 613 5477; x_wconf 69' lang='lat' dir='ltr'><strong>praecepto</strong></span> <span class='ocrx_word' id='word_1_606' title='bbox 640 5408 706 5462; x_wconf 88' lang='lat' dir='ltr'><strong>ad</strong></span> <span class='ocrx_word' id='word_1_607' title='bbox 729 5406 933 5461; x_wconf 88' lang='lat' dir='ltr'><strong>exitum</strong></span> <span class='ocrx_word' id='word_1_608' title='bbox 968 5409 1253 5475; x_wconf 84' lang='lat' dir='ltr'><strong>perducto.</strong></span> 
     </span>
    </p>
   </div>
   <div class='ocr_carea' id='block_1_87' title="bbox 2031 3195 3607 3267">
    <p class='ocr_par' dir='ltr' id='par_1_87' title="bbox 2031 3195 3607 3267">
     <span class='ocr_line' id='line_1_87' title="bbox 2031 3195 3607 3267; baseline -0.001 -17"><span class='ocrx_word' id='word_1_609' title='bbox 2031 3197 2091 3250; x_wconf 68' lang='lat' dir='ltr'><strong>sb</strong></span> <span class='ocrx_word' id='word_1_610' title='bbox 2121 3195 2339 3263; x_wconf 82' lang='grc' dir='ltr'><strong>λογικὸν</strong></span> <span class='ocrx_word' id='word_1_611' title='bbox 2372 3195 2511 3260; x_wconf 79' lang='grc' dir='ltr'><strong>ζῶον</strong></span> <span class='ocrx_word' id='word_1_612' title='bbox 2542 3195 2602 3249; x_wconf 81' lang='grc' dir='ltr'><strong>τὸ</strong></span> <span class='ocrx_word' id='word_1_613' title='bbox 2622 3196 2807 3263; x_wconf 79' lang='grc' dir='ltr'><strong>καλὸν,</strong></span> <span class='ocrx_word' id='word_1_614' title='bbox 2841 3196 2904 3249; x_wconf 81' lang='grc' dir='ltr'><strong>τὸ</strong></span> <span class='ocrx_word' id='word_1_615' title='bbox 2944 3196 3252 3267; x_wconf 76' lang='grc' dir='ltr'><strong>βασιλικὸν,</strong></span> <span class='ocrx_word' id='word_1_616' title='bbox 3294 3197 3356 3250; x_wconf 77' lang='grc' dir='ltr'><strong>τὸ</strong></span> <span class='ocrx_word' id='word_1_617' title='bbox 3402 3197 3607 3262; x_wconf 65' lang='grc' dir='ltr'><strong>ἔνθεον,</strong></span> 
     </span>
    </p>
   </div>
   <div class='ocr_carea' id='block_1_88' title="bbox 2028 3288 3611 3358">
    <p class='ocr_par' dir='ltr' id='par_1_88' title="bbox 2028 3288 3611 3358">
     <span class='ocr_line' id='line_1_88' title="bbox 2028 3288 3611 3358; baseline -0.002 -14"><span class='ocrx_word' id='word_1_618' title='bbox 2028 3291 2089 3344; x_wconf 78' lang='grc' dir='ltr'><strong>τὸ</strong></span> <span class='ocrx_word' id='word_1_619' title='bbox 2128 3288 2450 3357; x_wconf 80' lang='grc' dir='ltr'><strong>δευτερεῦον</strong></span> <span class='ocrx_word' id='word_1_620' title='bbox 2485 3290 2627 3358; x_wconf 85' lang='grc' dir='ltr'><strong>μετά</strong></span> <span class='ocrx_word' id='word_1_621' title='bbox 2646 3288 2939 3358; x_wconf 82' lang='grc' dir='ltr'><strong>ἀγγέλους,</strong></span> <span class='ocrx_word' id='word_1_622' title='bbox 2970 3289 3031 3343; x_wconf 80' lang='grc' dir='ltr'><strong>τὸ</strong></span> <span class='ocrx_word' id='word_1_623' title='bbox 3059 3288 3410 3356; x_wconf 86' lang='grc' dir='ltr'><strong>θεόπλαστον,</strong></span> <span class='ocrx_word' id='word_1_624' title='bbox 3464 3291 3611 3357; x_wconf 82' lang='grc' dir='ltr'><strong>φιλο-</strong></span> 
     </span>
    </p>
   </div>
   <div class='ocr_carea' id='block_1_89' title="bbox 2028 3374 3609 3451">
    <p class='ocr_par' dir='ltr' id='par_1_89' title="bbox 2028 3374 3609 3451">
     <span class='ocr_line' id='line_1_89' title="bbox 2028 3374 3609 3451; baseline -0.001 -15"><span class='ocrx_word' id='word_1_625' title='bbox 2028 3382 2226 3436; x_wconf 80' lang='grc' dir='ltr'><strong>νεικῶν</strong></span> <span class='ocrx_word' id='word_1_626' title='bbox 2259 3381 2600 3451; x_wconf 85' lang='grc' dir='ltr'><strong>μεταστῆσαι</strong></span> <span class='ocrx_word' id='word_1_627' title='bbox 2647 3382 2779 3435; x_wconf 79' lang='grc' dir='ltr'><strong>αὐτὸ</strong></span> <span class='ocrx_word' id='word_1_628' title='bbox 2806 3384 2886 3445; x_wconf 81' lang='grc' dir='ltr'><strong>εἰς</strong></span> <span class='ocrx_word' id='word_1_629' title='bbox 2915 3382 3166 3448; x_wconf 84' lang='grc' dir='ltr'><strong>ἀλογίαν,</strong></span> <span class='ocrx_word' id='word_1_630' title='bbox 3194 3374 3276 3444; x_wconf 77' lang='grc' dir='ltr'><strong>οἷς</strong></span> <span class='ocrx_word' id='word_1_631' title='bbox 3303 3383 3405 3434; x_wconf 83' lang='grc' dir='ltr'><strong>οὐκ</strong></span> <span class='ocrx_word' id='word_1_632' title='bbox 3454 3383 3609 3434; x_wconf 76' lang='grc' dir='ltr'><strong>ἐλλό-</strong></span> 
     </span>
    </p>
   </div>
   <div class='ocr_carea' id='block_1_90' title="bbox 2027 3472 3609 3546">
    <p class='ocr_par' dir='ltr' id='par_1_90' title="bbox 2027 3472 3609 3546">
     <span class='ocr_line' id='line_1_90' title="bbox 2027 3472 3609 3546; baseline -0.004 -15"><span class='ocrx_word' id='word_1_633' title='bbox 2027 3494 2139 3546; x_wconf 84' lang='grc' dir='ltr'><strong>γως</strong></span> <span class='ocrx_word' id='word_1_634' title='bbox 2167 3479 2216 3531; x_wconf 79' lang='lat' dir='ltr'><strong>ei</strong></span> <span class='ocrx_word' id='word_1_635' title='bbox 2245 3478 2367 3531; x_wconf 80' lang='grc' dir='ltr'><strong>τότε</strong></span> <span class='ocrx_word' id='word_1_636' title='bbox 2412 3478 2482 3530; x_wconf 87' lang='grc' dir='ltr'><strong>τά</strong></span> <span class='ocrx_word' id='word_1_637' title='bbox 2513 3479 2593 3538; x_wconf 86' lang='grc' dir='ltr'><strong>είς</strong></span> <span class='ocrx_word' id='word_1_638' title='bbox 2646 3476 2761 3545; x_wconf 85' lang='grc' dir='ltr'><strong>βίον</strong></span> <span class='ocrx_word' id='word_1_639' title='bbox 2821 3474 3110 3540; x_wconf 76' lang='grc' dir='ltr'><strong>διέκειντο,</strong></span> <span class='ocrx_word' id='word_1_640' title='bbox 3174 3472 3418 3543; x_wconf 66' lang='grc' dir='ltr'><strong>θηριώδη</strong></span> <span class='ocrx_word' id='word_1_641' title='bbox 3463 3472 3609 3541; x_wconf 76' lang='grc' dir='ltr'><strong>ζωὴν</strong></span> 
     </span>
    </p>
   </div>
   <div class='ocr_carea' id='block_1_91' title="bbox 2028 3563 3609 3639">
    <p class='ocr_par' dir='ltr' id='par_1_91' title="bbox 2028 3563 3609 3639">
     <span class='ocr_line' id='line_1_91' title="bbox 2028 3563 3609 3639; baseline -0.006 -17"><span class='ocrx_word' id='word_1_642' title='bbox 2028 3568 2509 3639; x_wconf 80' lang='grc' dir='ltr'><strong>ἐπαναιρούμενοι.</strong></span> <span class='ocrx_word' id='word_1_643' title='bbox 2538 3564 2648 3621; x_wconf 80' lang='grc' dir='ltr'><strong>’Ἦν</strong></span> <span class='ocrx_word' id='word_1_644' title='bbox 2664 3567 2720 3620; x_wconf 77' lang='grc' dir='ltr'><strong>δὲ</strong></span> <span class='ocrx_word' id='word_1_645' title='bbox 2746 3565 2855 3636; x_wconf 84' lang='grc' dir='ltr'><strong>ἄρα</strong></span> <span class='ocrx_word' id='word_1_646' title='bbox 2883 3565 3071 3633; x_wconf 73' lang='grc' dir='ltr'><strong>ὅμοιον</strong></span> <span class='ocrx_word' id='word_1_647' title='bbox 3117 3563 3178 3618; x_wconf 80' lang='grc' dir='ltr'><strong>τδ</strong></span> <span class='ocrx_word' id='word_1_648' title='bbox 3210 3563 3609 3631; x_wconf 62' lang='grc' dir='ltr'><strong>δυσπράγημα,</strong></span> 
     </span>
    </p>
   </div>
   <div class='ocr_carea' id='block_1_92' title="bbox 2025 3652 3610 3729">
    <p class='ocr_par' dir='ltr' id='par_1_92' title="bbox 2025 3652 3610 3729">
     <span class='ocr_line' id='line_1_92' title="bbox 2025 3652 3610 3729; baseline -0.006 -17"><span class='ocrx_word' id='word_1_649' title='bbox 2025 3659 2101 3724; x_wconf 84' lang='grc' dir='ltr'><strong>ὡς</strong></span> <span class='ocrx_word' id='word_1_650' title='bbox 2134 3660 2183 3711; x_wconf 88' lang='grc' dir='ltr'><strong>εί</strong></span> <span class='ocrx_word' id='word_1_651' title='bbox 2216 3658 2354 3729; x_wconf 86' lang='grc' dir='ltr'><strong>μηδὲ</strong></span> <span class='ocrx_word' id='word_1_652' title='bbox 2384 3657 2589 3728; x_wconf 80' lang='grc' dir='ltr'><strong>κόσμος</strong></span> <span class='ocrx_word' id='word_1_653' title='bbox 2616 3652 2681 3727; x_wconf 77' lang='grc' dir='ltr'><strong>ἦν</strong></span> <span class='ocrx_word' id='word_1_654' title='bbox 2715 3657 2816 3709; x_wconf 78' lang='grc' dir='ltr'><strong>ἔτι.</strong></span> <span class='ocrx_word' id='word_1_655' title='bbox 2863 3653 2973 3707; x_wconf 84' lang='grc' dir='ltr'><strong>Ποῦ</strong></span> <span class='ocrx_word' id='word_1_656' title='bbox 3034 3653 3144 3722; x_wconf 83' lang='grc' dir='ltr'><strong>γὰρ</strong></span> <span class='ocrx_word' id='word_1_657' title='bbox 3199 3654 3426 3721; x_wconf 82' lang='grc' dir='ltr'><strong>κόσμος,</strong></span> <span class='ocrx_word' id='word_1_658' title='bbox 3481 3652 3610 3703; x_wconf 62' lang='lat' dir='ltr'><strong>Eva;</strong></span> 
     </span>
    </p>
   </div>
   <div class='ocr_carea' id='block_1_93' title="bbox 2028 3744 3609 3821">
    <p class='ocr_par' dir='ltr' id='par_1_93' title="bbox 2028 3744 3609 3821">
     <span class='ocr_line' id='line_1_93' title="bbox 2028 3744 3609 3821; baseline -0.006 -16"><span class='ocrx_word' id='word_1_659' title='bbox 2028 3751 2103 3821; x_wconf 78' lang='grc' dir='ltr'><strong>μὴ</strong></span> <span class='ocrx_word' id='word_1_660' title='bbox 2134 3750 2462 3820; x_wconf 84' lang='grc' dir='ltr'><strong>ἇνθρωπος;</strong></span> <span class='ocrx_word' id='word_1_661' title='bbox 2495 3750 2600 3804; x_wconf 81' lang='grc' dir='ltr'><strong>ποῦ</strong></span> <span class='ocrx_word' id='word_1_662' title='bbox 2633 3749 2692 3803; x_wconf 83' lang='grc' dir='ltr'><strong>δὲ</strong></span> <span class='ocrx_word' id='word_1_663' title='bbox 2743 3747 3055 3819; x_wconf 81' lang='grc' dir='ltr'><strong>ἄνθρωπος,</strong></span> <span class='ocrx_word' id='word_1_664' title='bbox 3086 3745 3216 3799; x_wconf 79' lang='grc' dir='ltr'><strong>ἔνθα</strong></span> <span class='ocrx_word' id='word_1_665' title='bbox 3271 3745 3346 3816; x_wconf 80' lang='grc' dir='ltr'><strong>μὴ</strong></span> <span class='ocrx_word' id='word_1_666' title='bbox 3396 3746 3458 3796; x_wconf 58' lang='grc' dir='ltr'><strong>τὶ</strong></span> <span class='ocrx_word' id='word_1_667' title='bbox 3514 3744 3609 3797; x_wconf 79' lang='grc' dir='ltr'><strong>κό-</strong></span> 
     </span>
    </p>
   </div>
   <div class='ocr_carea' id='block_1_94' title="bbox 2026 3841 2591 3915">
    <p class='ocr_par' dir='ltr' id='par_1_94' title="bbox 2026 3841 2591 3915">
     <span class='ocr_line' id='line_1_94' title="bbox 2026 3841 2591 3915; baseline 0 -20"><span class='ocrx_word' id='word_1_668' title='bbox 2026 3859 2184 3915; x_wconf 87' lang='grc' dir='ltr'><strong>σμιον</strong></span> <span class='ocrx_word' id='word_1_669' title='bbox 2208 3841 2556 3896; x_wconf 86' lang='grc' dir='ltr'><strong>πολιτεύεται</strong></span> <span class='ocrx_word' id='word_1_670' title='bbox 2577 3859 2591 3907; x_wconf 90' lang='lat'><strong>;</strong></span> 
     </span>
    </p>
   </div>
   <div class='ocr_carea' id='block_1_95' title="bbox 2090 4015 3608 4097">
    <p class='ocr_par' dir='ltr' id='par_1_95' title="bbox 2090 4015 3608 4097">
     <span class='ocr_line' id='line_1_95' title="bbox 2090 4015 3608 4097; baseline 0.013 -22"><span class='ocrx_word' id='word_1_671' title='bbox 2090 4031 2163 4093; x_wconf 73' lang='grc' dir='ltr'><strong>γι.</strong></span> <span class='ocrx_word' id='word_1_672' title='bbox 2196 4023 2404 4078; x_wconf 61' lang='lat' dir='ltr'><strong>&quot;ones</strong></span> <span class='ocrx_word' id='word_1_673' title='bbox 2433 4023 2533 4075; x_wconf 81' lang='grc' dir='ltr'><strong>οὐκ</strong></span> <span class='ocrx_word' id='word_1_674' title='bbox 2561 4015 2709 4091; x_wconf 80' lang='grc' dir='ltr'><strong>εῖχεν</strong></span> <span class='ocrx_word' id='word_1_675' title='bbox 2730 4019 2907 4091; x_wconf 74' lang='grc' dir='ltr'><strong>ὀρθῶς</strong></span> <span class='ocrx_word' id='word_1_676' title='bbox 2956 4018 3198 4097; x_wconf 64' lang='grc' dir='ltr'><strong>φύσεως.</strong></span> <span class='ocrx_word' id='word_1_677' title='bbox 3253 4018 3328 4089; x_wconf 79' lang='grc' dir='ltr'><strong>μὴ</strong></span> <span class='ocrx_word' id='word_1_678' title='bbox 3385 4019 3442 4069; x_wconf 72' lang='grc' dir='ltr'><strong>ἒν</strong></span> <span class='ocrx_word' id='word_1_679' title='bbox 3490 4019 3608 4078; x_wconf 68' lang='grc' dir='ltr'><strong>τοῖς</strong></span> 
     </span>
    </p>
   </div>
   <div class='ocr_carea' id='block_1_96' title="bbox 2018 4110 3609 4184">
    <p class='ocr_par' dir='ltr' id='par_1_96' title="bbox 2018 4110 3609 4184">
     <span class='ocr_line' id='line_1_96' title="bbox 2018 4110 3609 4184; baseline -0.005 -15"><span class='ocrx_word' id='word_1_680' title='bbox 2018 4114 2289 4173; x_wconf 74' lang='grc' dir='ltr'><strong>τοιούτοις</strong></span> <span class='ocrx_word' id='word_1_681' title='bbox 2308 4112 2571 4180; x_wconf 76' lang='grc' dir='ltr'><strong>ζιζανίοις</strong></span> <span class='ocrx_word' id='word_1_682' title='bbox 2606 4110 3032 4184; x_wconf 81' lang='grc' dir='ltr'><strong>παραμεμίχθαι</strong></span> <span class='ocrx_word' id='word_1_683' title='bbox 3065 4111 3159 4164; x_wconf 82' lang='grc' dir='ltr'><strong>καί</strong></span> <span class='ocrx_word' id='word_1_684' title='bbox 3190 4127 3343 4172; x_wconf 85' lang='grc' dir='ltr'><strong>τινας</strong></span> <span class='ocrx_word' id='word_1_685' title='bbox 3375 4110 3609 4172; x_wconf 79' lang='grc' dir='ltr'><strong>κόκκους</strong></span> 
     </span>
    </p>
   </div>
   <div class='ocr_carea' id='block_1_97' title="bbox 2017 4199 3611 4279">
    <p class='ocr_par' dir='ltr' id='par_1_97' title="bbox 2017 4199 3611 4279">
     <span class='ocr_line' id='line_1_97' title="bbox 2017 4199 3611 4279; baseline -0.006 -17"><span class='ocrx_word' id='word_1_686' title='bbox 2017 4209 2314 4279; x_wconf 80' lang='grc' dir='ltr'><strong>χρηστοὺς,</strong></span> <span class='ocrx_word' id='word_1_687' title='bbox 2351 4207 2410 4271; x_wconf 74' lang='grc' dir='ltr'>ἐξ</span> <span class='ocrx_word' id='word_1_688' title='bbox 2450 4199 2524 4260; x_wconf 80' lang='grc' dir='ltr'><strong>ὧν</strong></span> <span class='ocrx_word' id='word_1_689' title='bbox 2557 4205 2782 4259; x_wconf 78' lang='grc' dir='ltr'><strong>ἐδύνατο</strong></span> <span class='ocrx_word' id='word_1_690' title='bbox 2818 4204 2993 4277; x_wconf 83' lang='grc' dir='ltr'><strong>χρόνῳ</strong></span> <span class='ocrx_word' id='word_1_691' title='bbox 3021 4202 3154 4257; x_wconf 80' lang='grc' dir='ltr'><strong>ποτὲ</strong></span> <span class='ocrx_word' id='word_1_692' title='bbox 3200 4201 3358 4273; x_wconf 82' lang='grc' dir='ltr'><strong>λήϊον</strong></span> <span class='ocrx_word' id='word_1_693' title='bbox 3414 4204 3611 4257; x_wconf 83' lang='grc' dir='ltr'><strong>ἀποτε-</strong></span> 
     </span>
    </p>
   </div>
   <div class='ocr_carea' id='block_1_98' title="bbox 2016 4293 3603 4368">
    <p class='ocr_par' dir='ltr' id='par_1_98' title="bbox 2016 4293 3603 4368">
     <span class='ocr_line' id='line_1_98' title="bbox 2016 4293 3603 4368; baseline -0.004 -17"><span class='ocrx_word' id='word_1_694' title='bbox 2016 4296 2272 4368; x_wconf 85' lang='grc' dir='ltr'><strong>λεσθῆναι</strong></span> <span class='ocrx_word' id='word_1_695' title='bbox 2301 4298 2436 4351; x_wconf 73' lang='grc' dir='ltr'><strong>θεοῦ</strong></span> <span class='ocrx_word' id='word_1_696' title='bbox 2465 4296 2705 4366; x_wconf 78' lang='grc' dir='ltr'><strong>εὖσταχυ</strong></span> <span class='ocrx_word' id='word_1_697' title='bbox 2744 4296 2837 4348; x_wconf 83' lang='grc' dir='ltr'><strong>καὶ</strong></span> <span class='ocrx_word' id='word_1_698' title='bbox 2864 4295 3222 4365; x_wconf 84' lang='grc' dir='ltr'><strong>πολύκαρπον</strong></span> <span class='ocrx_word' id='word_1_699' title='bbox 3255 4293 3603 4364; x_wconf 81' lang='grc' dir='ltr'><strong>(ᾡκονόμησε</strong></span> 
     </span>
    </p>
   </div>
   <div class='ocr_carea' id='block_1_99' title="bbox 2016 4384 3598 4463">
    <p class='ocr_par' dir='ltr' id='par_1_99' title="bbox 2016 4384 3598 4463">
     <span class='ocr_line' id='line_1_99' title="bbox 2016 4384 3598 4463; baseline -0.005 -18"><span class='ocrx_word' id='word_1_700' title='bbox 2016 4390 2127 4463; x_wconf 83' lang='grc' dir='ltr'><strong>γὰρ</strong></span> <span class='ocrx_word' id='word_1_701' title='bbox 2160 4392 2189 4445; x_wconf 85' lang='grc' dir='ltr'>ὁ</span> <span class='ocrx_word' id='word_1_702' title='bbox 2254 4390 2351 4444; x_wconf 72' lang='grc' dir='ltr'><strong>καὶ</strong></span> <span class='ocrx_word' id='word_1_703' title='bbox 2398 4388 2650 4459; x_wconf 83' lang='grc' dir='ltr'><strong>τεχνίτης</strong></span> <span class='ocrx_word' id='word_1_704' title='bbox 2691 4387 2935 4456; x_wconf 82' lang='grc' dir='ltr'><strong>γεωργὸς</strong></span> <span class='ocrx_word' id='word_1_705' title='bbox 2981 4387 3080 4440; x_wconf 73' lang='grc' dir='ltr'><strong>καὶ</strong></span> <span class='ocrx_word' id='word_1_706' title='bbox 3133 4385 3444 4456; x_wconf 84' lang='grc' dir='ltr'><strong>προνοητὴς</strong></span> <span class='ocrx_word' id='word_1_707' title='bbox 3504 4384 3598 4437; x_wconf 82' lang='grc' dir='ltr'><strong>τοῦ</strong></span> 
     </span>
    </p>
   </div>
   <div class='ocr_carea' id='block_1_100' title="bbox 2019 4476 3608 4553">
    <p class='ocr_par' dir='ltr' id='par_1_100' title="bbox 2019 4476 3608 4553">
     <span class='ocr_line' id='line_1_100' title="bbox 2019 4476 3608 4553; baseline -0.006 -16"><span class='ocrx_word' id='word_1_708' title='bbox 2019 4485 2252 4553; x_wconf 79' lang='grc' dir='ltr'><strong>κόσμου,</strong></span> <span class='ocrx_word' id='word_1_709' title='bbox 2277 4481 2424 4536; x_wconf 73' lang='grc' dir='ltr'><strong>καθά</strong></span> <span class='ocrx_word' id='word_1_710' title='bbox 2464 4480 2746 4549; x_wconf 71' lang='grc' dir='ltr'><strong>οἰκονομεῖ</strong></span> <span class='ocrx_word' id='word_1_711' title='bbox 2778 4478 2873 4532; x_wconf 82' lang='grc' dir='ltr'><strong>καὶ</strong></span> <span class='ocrx_word' id='word_1_712' title='bbox 2929 4477 3155 4545; x_wconf 79' lang='grc' dir='ltr'><strong>είσέτι),</strong></span> <span class='ocrx_word' id='word_1_713' title='bbox 3207 4476 3608 4546; x_wconf 83' lang='grc' dir='ltr'><strong>ὲγκεχυμὶσθαι</strong></span> 
     </span>
    </p>
   </div>
   <div class='ocr_carea' id='block_1_101' title="bbox 2021 4568 3611 4644">
    <p class='ocr_par' dir='ltr' id='par_1_101' title="bbox 2021 4568 3611 4644">
     <span class='ocr_line' id='line_1_101' title="bbox 2021 4568 3611 4644; baseline -0.006 -15"><span class='ocrx_word' id='word_1_714' title='bbox 2021 4574 2254 4644; x_wconf 87' lang='grc' dir='ltr'><strong>φαύλαις</strong></span> <span class='ocrx_word' id='word_1_715' title='bbox 2280 4573 2522 4635; x_wconf 70' lang='grc' dir='ltr'><strong>ἐκείναις</strong></span> <span class='ocrx_word' id='word_1_716' title='bbox 2555 4571 2807 4641; x_wconf 79' lang='grc' dir='ltr'><strong>ποιότησι</strong></span> <span class='ocrx_word' id='word_1_717' title='bbox 2837 4570 2925 4623; x_wconf 79' lang='grc' dir='ltr'><strong>καὶ</strong></span> <span class='ocrx_word' id='word_1_718' title='bbox 2958 4569 3292 4640; x_wconf 86' lang='grc' dir='ltr'><strong>χρησίμους,</strong></span> <span class='ocrx_word' id='word_1_719' title='bbox 3340 4570 3435 4621; x_wconf 75' lang='grc' dir='ltr'><strong>καὶ</strong></span> <span class='ocrx_word' id='word_1_720' title='bbox 3481 4568 3611 4630; x_wconf 77' lang='grc' dir='ltr'><strong>οἵως</strong></span> 
     </span>
    </p>
   </div>
   <div class='ocr_carea' id='block_1_102' title="bbox 2020 4663 3606 4739">
    <p class='ocr_par' dir='ltr' id='par_1_102' title="bbox 2020 4663 3606 4739">
     <span class='ocr_line' id='line_1_102' title="bbox 2020 4663 3606 4739; baseline -0.004 -18"><span class='ocrx_word' id='word_1_721' title='bbox 2020 4669 2268 4739; x_wconf 83' lang='grc' dir='ltr'><strong>διαρτίαν</strong></span> <span class='ocrx_word' id='word_1_722' title='bbox 2300 4664 2726 4735; x_wconf 73' lang='grc' dir='ltr'><strong>θεοφιλεστάτην</strong></span> <span class='ocrx_word' id='word_1_723' title='bbox 2772 4664 3080 4730; x_wconf 84' lang='grc' dir='ltr'><strong>ἀποτελεῖν,</strong></span> <span class='ocrx_word' id='word_1_724' title='bbox 3113 4663 3444 4731; x_wconf 84' lang='grc' dir='ltr'><strong>παρέκειντο</strong></span> <span class='ocrx_word' id='word_1_725' title='bbox 3491 4666 3606 4727; x_wconf 80' lang='grc' dir='ltr'><strong>τοῖς</strong></span> 
     </span>
    </p>
   </div>
   <div class='ocr_carea' id='block_1_103' title="bbox 2017 4754 3601 4830">
    <p class='ocr_par' dir='ltr' id='par_1_103' title="bbox 2017 4754 3601 4830">
     <span class='ocr_line' id='line_1_103' title="bbox 2017 4754 3601 4830; baseline -0.004 -17"><span class='ocrx_word' id='word_1_726' title='bbox 2017 4760 2140 4813; x_wconf 86' lang='grc' dir='ltr'><strong>τότε</strong></span> <span class='ocrx_word' id='word_1_727' title='bbox 2183 4756 2694 4830; x_wconf 77' lang='grc' dir='ltr'><strong>παρεξηυλημένοις</strong></span> <span class='ocrx_word' id='word_1_728' title='bbox 2732 4754 3049 4827; x_wconf 84' lang='grc' dir='ltr'><strong>ἀνθρώποις</strong></span> <span class='ocrx_word' id='word_1_729' title='bbox 3071 4756 3277 4822; x_wconf 72' lang='grc' dir='ltr'><strong>ἀναμὶξ</strong></span> <span class='ocrx_word' id='word_1_730' title='bbox 3327 4755 3421 4809; x_wconf 88' lang='grc' dir='ltr'><strong>καί</strong></span> <span class='ocrx_word' id='word_1_731' title='bbox 3453 4771 3601 4817; x_wconf 79' lang='grc' dir='ltr'><strong>τινες</strong></span> 
     </span>
    </p>
   </div>
   <div class='ocr_carea' id='block_1_104' title="bbox 2018 4846 3607 4922">
    <p class='ocr_par' dir='ltr' id='par_1_104' title="bbox 2018 4846 3607 4922">
     <span class='ocr_line' id='line_1_104' title="bbox 2018 4846 3607 4922; baseline -0.003 -18"><span class='ocrx_word' id='word_1_732' title='bbox 2018 4853 2302 4922; x_wconf 82' lang='grc' dir='ltr'><strong>ἐμμελεῖς,</strong></span> <span class='ocrx_word' id='word_1_733' title='bbox 2335 4852 2429 4906; x_wconf 76' lang='grc' dir='ltr'><strong>καὶ</strong></span> <span class='ocrx_word' id='word_1_734' title='bbox 2456 4850 2670 4905; x_wconf 77' lang='grc' dir='ltr'><strong>ἔθλιὸεν</strong></span> <span class='ocrx_word' id='word_1_735' title='bbox 2707 4846 2908 4911; x_wconf 76' lang='grc' dir='ltr'><strong>αὐτοὺς</strong></span> <span class='ocrx_word' id='word_1_736' title='bbox 2955 4847 3025 4900; x_wconf 86' lang='grc' dir='ltr'>τὰ</span> <span class='ocrx_word' id='word_1_737' title='bbox 3078 4851 3225 4900; x_wconf 83' lang='grc' dir='ltr'><strong>κακά</strong></span> <span class='ocrx_word' id='word_1_738' title='bbox 3263 4847 3373 4901; x_wconf 82' lang='grc' dir='ltr'><strong>τῶν</strong></span> <span class='ocrx_word' id='word_1_739' title='bbox 3430 4847 3607 4900; x_wconf 78' lang='grc' dir='ltr'><strong>ἄλλων</strong></span> 
     </span>
    </p>
   </div>
   <div class='ocr_carea' id='block_1_105' title="bbox 2017 4936 3606 5013">
    <p class='ocr_par' dir='ltr' id='par_1_105' title="bbox 2017 4936 3606 5013">
     <span class='ocr_line' id='line_1_105' title="bbox 2017 4936 3606 5013; baseline -0.006 -15"><span class='ocrx_word' id='word_1_740' title='bbox 2017 4947 2226 5011; x_wconf 75' lang='grc' dir='ltr'><strong>ἐκεῖνα,</strong></span> <span class='ocrx_word' id='word_1_741' title='bbox 2262 4944 2672 5013; x_wconf 76' lang='grc' dir='ltr'><strong>λογιζομένους,</strong></span> <span class='ocrx_word' id='word_1_742' title='bbox 2704 4936 2814 5005; x_wconf 75' lang='grc' dir='ltr'><strong>οἷος</strong></span> <span class='ocrx_word' id='word_1_743' title='bbox 2841 4943 2870 4994; x_wconf 87' lang='grc' dir='ltr'>ὁ</span> <span class='ocrx_word' id='word_1_744' title='bbox 2917 4939 3094 5011; x_wconf 86' lang='grc' dir='ltr'><strong>Ἀδὰμ</strong></span> <span class='ocrx_word' id='word_1_745' title='bbox 3123 4942 3220 4993; x_wconf 74' lang='grc' dir='ltr'><strong>καὶ</strong></span> <span class='ocrx_word' id='word_1_746' title='bbox 3250 4941 3282 5006; x_wconf 76' lang='grc' dir='ltr'><strong>ἡ</strong></span> <span class='ocrx_word' id='word_1_747' title='bbox 3332 4938 3456 4992; x_wconf 77' lang='grc' dir='ltr'><strong>κατ’</strong></span> <span class='ocrx_word' id='word_1_748' title='bbox 3510 4940 3606 4992; x_wconf 86' lang='grc' dir='ltr'><strong>αύ-</strong></span> 
     </span>
    </p>
   </div>
   <div class='ocr_carea' id='block_1_106' title="bbox 2017 5029 3607 5108">
    <p class='ocr_par' dir='ltr' id='par_1_106' title="bbox 2017 5029 3607 5108">
     <span class='ocr_line' id='line_1_106' title="bbox 2017 5029 3607 5108; baseline -0.005 -18"><span class='ocrx_word' id='word_1_749' title='bbox 2017 5037 2109 5090; x_wconf 75' lang='grc' dir='ltr'><strong>τὺν</strong></span> <span class='ocrx_word' id='word_1_750' title='bbox 2134 5039 2437 5108; x_wconf 84' lang='grc' dir='ltr'><strong>προμήτωρ</strong></span> <span class='ocrx_word' id='word_1_751' title='bbox 2456 5035 2744 5107; x_wconf 80' lang='grc' dir='ltr'><strong>ἄνθρωπος</strong></span> <span class='ocrx_word' id='word_1_752' title='bbox 2764 5033 3123 5103; x_wconf 80' lang='grc' dir='ltr'><strong>ἐπλάσθησαν</strong></span> <span class='ocrx_word' id='word_1_753' title='bbox 3150 5030 3258 5085; x_wconf 63' lang='lat' dir='ltr'><strong>sua</strong></span> <span class='ocrx_word' id='word_1_754' title='bbox 3291 5029 3384 5084; x_wconf 81' lang='grc' dir='ltr'><strong>τοῦ</strong></span> <span class='ocrx_word' id='word_1_755' title='bbox 3440 5031 3607 5092; x_wconf 81' lang='grc' dir='ltr'><strong>Θεοῦ,</strong></span> 
     </span>
    </p>
   </div>
   <div class='ocr_carea' id='block_1_107' title="bbox 2021 5123 3610 5195">
    <p class='ocr_par' dir='ltr' id='par_1_107' title="bbox 2021 5123 3610 5195">
     <span class='ocr_line' id='line_1_107' title="bbox 2021 5123 3610 5195; baseline -0.006 -13"><span class='ocrx_word' id='word_1_756' title='bbox 2021 5129 2186 5182; x_wconf 82' lang='grc' dir='ltr'><strong>ἁπλοῖ</strong></span> <span class='ocrx_word' id='word_1_757' title='bbox 2220 5130 2441 5192; x_wconf 78' lang='grc' dir='ltr'><strong>πάντως</strong></span> <span class='ocrx_word' id='word_1_758' title='bbox 2468 5130 2693 5192; x_wconf 74' lang='grc' dir='ltr'><strong>ἐκεῖνοι,</strong></span> <span class='ocrx_word' id='word_1_759' title='bbox 2748 5128 2843 5179; x_wconf 71' lang='grc' dir='ltr'><strong>καὶ</strong></span> <span class='ocrx_word' id='word_1_760' title='bbox 2879 5126 3265 5195; x_wconf 82' lang='grc' dir='ltr'><strong>ἀπράγμονες,</strong></span> <span class='ocrx_word' id='word_1_761' title='bbox 3297 5123 3396 5178; x_wconf 59' lang='grc' dir='ltr'><strong>καξ⁹</strong></span> <span class='ocrx_word' id='word_1_762' title='bbox 3451 5124 3610 5177; x_wconf 81' lang='grc' dir='ltr'><strong>ἀποί-</strong></span> 
     </span>
    </p>
   </div>
   <div class='ocr_carea' id='block_1_108' title="bbox 2022 5217 3607 5292">
    <p class='ocr_par' dir='ltr' id='par_1_108' title="bbox 2022 5217 3607 5292">
     <span class='ocr_line' id='line_1_108' title="bbox 2022 5217 3607 5292; baseline -0.004 -17"><span class='ocrx_word' id='word_1_763' title='bbox 2022 5225 2184 5285; x_wconf 79' lang='grc' dir='ltr'><strong>κιλοι,</strong></span> <span class='ocrx_word' id='word_1_764' title='bbox 2222 5225 2316 5275; x_wconf 69' lang='grc' dir='ltr'><strong>καὶ</strong></span> <span class='ocrx_word' id='word_1_765' title='bbox 2342 5224 2563 5292; x_wconf 74' lang='grc' dir='ltr'><strong>πραεῖς,</strong></span> <span class='ocrx_word' id='word_1_766' title='bbox 2599 5222 2695 5274; x_wconf 65' lang='grc' dir='ltr'><strong>καὶ</strong></span> <span class='ocrx_word' id='word_1_767' title='bbox 2753 5220 2908 5273; x_wconf 78' lang='grc' dir='ltr'><strong>οὐδὲν</strong></span> <span class='ocrx_word' id='word_1_768' title='bbox 2957 5219 3167 5273; x_wconf 87' lang='grc' dir='ltr'><strong>ἀδικεῖν</strong></span> <span class='ocrx_word' id='word_1_769' title='bbox 3214 5218 3440 5281; x_wconf 75' lang='grc' dir='ltr'><strong>ειδότες,</strong></span> <span class='ocrx_word' id='word_1_770' title='bbox 3511 5217 3607 5269; x_wconf 73' lang='grc' dir='ltr'><strong>καὶ</strong></span> 
     </span>
    </p>
   </div>
   <div class='ocr_carea' id='block_1_109' title="bbox 2023 5307 3601 5386">
    <p class='ocr_par' dir='ltr' id='par_1_109' title="bbox 2023 5307 3601 5386">
     <span class='ocr_line' id='line_1_109' title="bbox 2023 5307 3601 5386; baseline -0.006 -17"><span class='ocrx_word' id='word_1_771' title='bbox 2023 5317 2099 5380; x_wconf 83' lang='grc' dir='ltr'><strong>ὡς</strong></span> <span class='ocrx_word' id='word_1_772' title='bbox 2128 5317 2437 5386; x_wconf 78' lang='grc' dir='ltr'><strong>ἐτάχθησαν</strong></span> <span class='ocrx_word' id='word_1_773' title='bbox 2494 5313 2728 5367; x_wconf 74' lang='grc' dir='ltr'><strong>τοιοῦτοι</strong></span> <span class='ocrx_word' id='word_1_774' title='bbox 2789 5311 3212 5381; x_wconf 82' lang='grc' dir='ltr'><strong>φυλαττόμενοι,</strong></span> <span class='ocrx_word' id='word_1_775' title='bbox 3264 5307 3601 5374; x_wconf 71' lang='grc' dir='ltr'><strong>αὐξάνεσθαι</strong></span> 
     </span>
    </p>
   </div>
   <div class='ocr_carea' id='block_1_110' title="bbox 2024 5398 3606 5475">
    <p class='ocr_par' dir='ltr' id='par_1_110' title="bbox 2024 5398 3606 5475">
     <span class='ocr_line' id='line_1_110' title="bbox 2024 5398 3606 5475; baseline -0.008 -15"><span class='ocrx_word' id='word_1_776' title='bbox 2024 5407 2117 5460; x_wconf 68' lang='lat' dir='ltr'><strong>xui.</strong></span> <span class='ocrx_word' id='word_1_777' title='bbox 2138 5404 2512 5475; x_wconf 84' lang='grc' dir='ltr'><strong>πληθύνεσθαι</strong></span> <span class='ocrx_word' id='word_1_778' title='bbox 2539 5405 2634 5457; x_wconf 73' lang='grc' dir='ltr'><strong>καὶ</strong></span> <span class='ocrx_word' id='word_1_779' title='bbox 2662 5400 2910 5472; x_wconf 75' lang='grc' dir='ltr'><strong>πληροῦν</strong></span> <span class='ocrx_word' id='word_1_780' title='bbox 2946 5401 3046 5471; x_wconf 82' lang='grc' dir='ltr'><strong>τὴν</strong></span> <span class='ocrx_word' id='word_1_781' title='bbox 3098 5401 3449 5472; x_wconf 71' lang='grc' dir='ltr'><strong>οίκουμέιιην,</strong></span> <span class='ocrx_word' id='word_1_782' title='bbox 3506 5398 3606 5449; x_wconf 61' lang='grc' dir='ltr'><strong>καὶ</strong></span> 
     </span>
    </p>
   </div>
   <div class='ocr_carea' id='block_1_111' title="bbox 337 5491 3603 5574">
    <p class='ocr_par' dir='ltr' id='par_1_111' title="bbox 337 5491 3603 5574">
     <span class='ocr_line' id='line_1_111' title="bbox 337 5491 3603 5574; baseline -0.004 -20"><span class='ocrx_word' id='word_1_783' title='bbox 337 5502 411 5565; x_wconf 82' lang='grc' dir='ltr'><strong>ὡς</strong></span> <span class='ocrx_word' id='word_1_784' title='bbox 436 5503 650 5571; x_wconf 82' lang='grc' dir='ltr'><strong>γίνεται</strong></span> <span class='ocrx_word' id='word_1_785' title='bbox 681 5506 779 5573; x_wconf 82' lang='grc' dir='ltr'><strong>μὲν</strong></span> <span class='ocrx_word' id='word_1_786' title='bbox 801 5506 860 5559; x_wconf 82' lang='grc' dir='ltr'><strong>τὸ</strong></span> <span class='ocrx_word' id='word_1_787' title='bbox 885 5502 1095 5557; x_wconf 79' lang='grc' dir='ltr'><strong>ἐκεῖθεν</strong></span> <span class='ocrx_word' id='word_1_788' title='bbox 1117 5503 1416 5568; x_wconf 69' lang='grc' dir='ltr'><strong>κελεύσεςιις</strong></span> <span class='ocrx_word' id='word_1_789' title='bbox 1449 5507 1481 5574; x_wconf 84' lang='grc' dir='ltr'><strong>ἡ</strong></span> <span class='ocrx_word' id='word_1_790' title='bbox 1516 5503 1749 5574; x_wconf 76' lang='grc' dir='ltr'><strong>αὔξησις</strong></span> <span class='ocrx_word' id='word_1_791' title='bbox 1818 5503 1915 5556; x_wconf 72' lang='grc' dir='ltr'><strong>καὶ</strong></span> <span class='ocrx_word' id='word_1_792' title='bbox 1953 5505 1985 5573; x_wconf 82' lang='grc' dir='ltr'>ἡ</span> <span class='ocrx_word' id='word_1_793' title='bbox 2024 5502 2367 5573; x_wconf 72' lang='grc' dir='ltr'><strong>πληθυντικὴ</strong></span> <span class='ocrx_word' id='word_1_794' title='bbox 2411 5501 2719 5572; x_wconf 78' lang='grc' dir='ltr'><strong>πλήρωσις,</strong></span> <span class='ocrx_word' id='word_1_795' title='bbox 2789 5500 2851 5551; x_wconf 80' lang='grc' dir='ltr'><strong>οὐ</strong></span> <span class='ocrx_word' id='word_1_796' title='bbox 2888 5498 3245 5561; x_wconf 80' lang='grc' dir='ltr'><strong>διαπεσόντος</strong></span> <span class='ocrx_word' id='word_1_797' title='bbox 3302 5494 3396 5549; x_wconf 83' lang='grc' dir='ltr'><strong>τοῦ</strong></span> <span class='ocrx_word' id='word_1_798' title='bbox 3457 5491 3603 5546; x_wconf 72' lang='grc' dir='ltr'><strong>θείω</strong></span> 
     </span>
    </p>
   </div>
   <div class='ocr_carea' id='block_1_112' title="bbox 338 5597 727 5665">
    <p class='ocr_par' dir='ltr' id='par_1_112' title="bbox 338 5597 727 5665">
     <span class='ocr_line' id='line_1_112' title="bbox 338 5597 727 5665; baseline 0.008 -16"><span class='ocrx_word' id='word_1_799' title='bbox 338 5597 727 5665; x_wconf 83' lang='grc' dir='ltr'><strong>κελεύσματος.</strong></span> 
     </span>
    </p>
   </div>
   <div class='ocr_carea' id='block_1_113' title="bbox 407 5692 1912 5761">
    <p class='ocr_par' dir='ltr' id='par_1_113' title="bbox 407 5692 1912 5761">
     <span class='ocr_line' id='line_1_113' title="bbox 407 5692 1912 5761; baseline -0.002 -14"><span class='ocrx_word' id='word_1_800' title='bbox 407 5697 459 5747; x_wconf 71' lang='lat'><em>4.</em></span> <span class='ocrx_word' id='word_1_801' title='bbox 500 5694 603 5748; x_wconf 80' lang='lat' dir='ltr'><strong>Sed</strong></span> <span class='ocrx_word' id='word_1_802' title='bbox 632 5694 879 5761; x_wconf 71' lang='lat' dir='ltr'><strong>quamvis</strong></span> <span class='ocrx_word' id='word_1_803' title='bbox 914 5693 1071 5746; x_wconf 78' lang='lat' dir='ltr'><strong>boais</strong></span> <span class='ocrx_word' id='word_1_804' title='bbox 1118 5692 1363 5747; x_wconf 87' lang='lat' dir='ltr'><strong>morihus</strong></span> <span class='ocrx_word' id='word_1_805' title='bbox 1413 5695 1635 5747; x_wconf 79' lang='lat' dir='ltr'><strong>studere</strong></span> <span class='ocrx_word' id='word_1_806' title='bbox 1675 5693 1912 5761; x_wconf 80' lang='lat' dir='ltr'><strong>jubean-</strong></span> 
     </span>
    </p>
   </div>
   <div class='ocr_carea' id='block_1_114' title="bbox 341 5785 1914 5855">
    <p class='ocr_par' dir='ltr' id='par_1_114' title="bbox 341 5785 1914 5855">
     <span class='ocr_line' id='line_1_114' title="bbox 341 5785 1914 5855; baseline -0.001 -16"><span class='ocrx_word' id='word_1_807' title='bbox 341 5803 452 5853; x_wconf 57' lang='lat' dir='ltr'><strong>tuz‘,</strong></span> <span class='ocrx_word' id='word_1_808' title='bbox 491 5797 670 5841; x_wconf 77' lang='lat' dir='ltr'><strong>tamen</strong></span> <span class='ocrx_word' id='word_1_809' title='bbox 724 5802 753 5842; x_wconf 87' lang='lat' dir='ltr'><strong>a</strong></span> <span class='ocrx_word' id='word_1_810' title='bbox 797 5790 904 5842; x_wconf 72' lang='lat' dir='ltr'><strong>vita</strong></span> <span class='ocrx_word' id='word_1_811' title='bbox 958 5787 1225 5855; x_wconf 70' lang='lat' dir='ltr'><strong>tuajotum</strong></span> <span class='ocrx_word' id='word_1_812' title='bbox 1267 5785 1550 5853; x_wconf 71' lang='lat' dir='ltr'><strong>recedunt,</strong></span> <span class='ocrx_word' id='word_1_813' title='bbox 1585 5794 1773 5854; x_wconf 78' lang='lat' dir='ltr'><strong>utpote</strong></span> <span class='ocrx_word' id='word_1_814' title='bbox 1822 5785 1914 5855; x_wconf 84' lang='lat' dir='ltr'><strong>qui</strong></span> 
     </span>
    </p>
   </div>
   <div class='ocr_carea' id='block_1_115' title="bbox 2091 5677 3604 5752">
    <p class='ocr_par' dir='ltr' id='par_1_115' title="bbox 2091 5677 3604 5752">
     <span class='ocr_line' id='line_1_115' title="bbox 2091 5677 3604 5752; baseline -0.007 -13"><span class='ocrx_word' id='word_1_815' title='bbox 2091 5686 2154 5740; x_wconf 85' lang='grc' dir='ltr'><strong>δ’.</strong></span> <span class='ocrx_word' id='word_1_816' title='bbox 2214 5685 2523 5738; x_wconf 72' lang='grc' dir='ltr'><strong>Ψεύδοντειι</strong></span> <span class='ocrx_word' id='word_1_817' title='bbox 2578 5685 2636 5737; x_wconf 77' lang='grc' dir='ltr'><strong>δὲ</strong></span> <span class='ocrx_word' id='word_1_818' title='bbox 2668 5685 2766 5752; x_wconf 77' lang='grc' dir='ltr'><strong>τὴν</strong></span> <span class='ocrx_word' id='word_1_819' title='bbox 2788 5681 3209 5751; x_wconf 65' lang='grc' dir='ltr'><strong>προπατορικὴν</strong></span> <span class='ocrx_word' id='word_1_820' title='bbox 3254 5679 3436 5747; x_wconf 72' lang='grc' dir='ltr'><strong>βιοτὴν</strong></span> <span class='ocrx_word' id='word_1_821' title='bbox 3465 5678 3513 5730; x_wconf 81' lang='lat' dir='ltr'><strong>cl</strong></span> <span class='ocrx_word' id='word_1_822' title='bbox 3545 5677 3604 5728; x_wconf 60' lang='grc' dir='ltr'><strong>τὶ</strong></span> 
     </span>
    </p>
   </div>
   <div class='ocr_carea' id='block_1_116' title="bbox 2024 5768 3601 5848">
    <p class='ocr_par' dir='ltr' id='par_1_116' title="bbox 2024 5768 3601 5848">
     <span class='ocr_line' id='line_1_116' title="bbox 2024 5768 3601 5848; baseline -0.01 -13"><span class='ocrx_word' id='word_1_823' title='bbox 2024 5781 2186 5835; x_wconf 68' lang='grc' dir='ltr'><strong>καλὸν</strong></span> <span class='ocrx_word' id='word_1_824' title='bbox 2209 5779 2595 5843; x_wconf 67' lang='grc' dir='ltr'><strong>κελευσθέντες</strong></span> <span class='ocrx_word' id='word_1_825' title='bbox 2627 5780 2881 5848; x_wconf 58' lang='grc' dir='ltr'><strong>πάσχειν,</strong></span> <span class='ocrx_word' id='word_1_826' title='bbox 2912 5771 3004 5830; x_wconf 79' lang='grc' dir='ltr'><strong>οἷα</strong></span> <span class='ocrx_word' id='word_1_827' title='bbox 3036 5778 3115 5846; x_wconf 74' lang='grc' dir='ltr'><strong>μὴ</strong></span> <span class='ocrx_word' id='word_1_828' title='bbox 3155 5774 3283 5846; x_wconf 75' lang='grc' dir='ltr'><strong>περὶ</strong></span> <span class='ocrx_word' id='word_1_829' title='bbox 3339 5772 3468 5842; x_wconf 68' lang='grc' dir='ltr'><strong>γῆν,</strong></span> <span class='ocrx_word' id='word_1_830' title='bbox 3521 5768 3601 5832; x_wconf 69' lang='grc' dir='ltr'><strong>ὡς</strong></span> 
     </span>
    </p>
   </div>
  </div>
