4048 6414
371 438 483 507 30‘5

948 437 1076 507 DE.
1112 446 1593 510 OBEDIENTlA
1656 452 2189 519 MAGISTRATUI
2230 459 2704 525 CIIRISTIANO
2760 463 3067 526 DEBlTA.

3529 468 3643 534 306

370 552 564 624 ἐχρῆν,
590 552 920 624 μοχθοῦντες
949 556 1047 609 καὶ
1067 557 1137 611 τὰ
1165 558 1489 631 κατ’ἀύτὴν
1518 560 1676 630 ἔργα,
1721 561 1842 615 οὐδέ
1890 563 1948 616 ἐν

2069 582 2226 634 teque
2278 578 2472 637 terrae,
2544 573 2625 627 uti
2688 575 2941 642 decebat,
3017 574 3340 632 exercendae
3406 592 3631 648 operam

375 643 562 712 ἱδρῶτι
590 644 887 716 προσώπου
916 649 1269 718 ποριζόμενοι
1302 651 1640 722 ἄρτον,.οὐδέ
1674 653 1809 725 πρὸς
1861 653 1950 707 λό-

371 751 469 803 γον
502 734 704 801 ζῶντες
745 737 842 791 καὶ
867 738 1133 808 βιοῦντες,
1155 740 1229 801 ὡς
1274 745 1302 796 ὁ
1335 742 1467 805 Θεὸς
1523 743 1748 815 ὥρισεν,
1810 745 1949 800 ἀλλὰ

371 828 517 882 κατά
555 829 708 898 σφῶν
736 829 915 883 αὐτῶν
949 832 1338 903 ἀπανθρώπως
1399 835 1798 906 ἐρεθιζόμενοι,
1854 838 1951 891 καὶ

373 918 644 991 ἀλλήλους
685 922 1052 993 ταράσσοντες
1081 926 1177 978 καὶ
1207 927 1542 997 ἀράσσοντες
1571 928 1665 980 καὶ
1707 928 1951 999 σπαράτο

372 1028 583 1080 τοντες,
640 1014 729 1066 καὶ
777 1015 956 1069 πάντα
1015 1017 1251 1086 δρῶντες
1291 1019 1437 1073 κακὰ
1472 1020 1553 1084 είς
1586 1019 1713 1083 τοὺς
1746 1021 1951 1090 ὁμοίως

373 1106 559 1168 αὐτοῖς
586 1105 931 1177 ἀνθρώπους,
958 1108 1027 1162 δι’
1051 1102 1126 1163 ὧν
1173 1110 1240 1164 ἂν
1269 1112 1467 1165 ἐκεῖνοι
1522 1113 1622 1182 τὴν
1668 1112 1791 1166 τότε
1847 1130 1953 1183 μα-

375 1195 653 1264 γροζωταν
717 1196 1105 1264 ἀπεύξωνται,
1155 1200 1224 1269 ἦν
1283 1201 1468 1265 αὐτοῖς
1508 1204 1869 1279 ,παρέτεινεν
1927 1205 1956 1258 ό

374 1289 531 1351 θεός.

442 1384 509 1435 ε’.
538 1378 607 1432 Τί
632 1375 726 1434 οὖν
745 1380 846 1434 οὐκ
881 1381 948 1436 ἃν
983 1383 1198 1438 ἐποίουν
1230 1385 1310 1450 είς
1341 1384 1627 1456 διόρθωσιν
1654 1388 1704 1439 οἱ
1735 1386 1829 1440 καὶ
1850 1387 1955 1458 τὴν

371 1469 646 1537 δ.έικρισιν
684 1472 895 1526 καὶτὸν
932 1473 1166 1544 ἀριθμὸν
1204 1476 1418 1547 μέτριοι
1453 1476 1731 1546 ἄνθρωποι
1803 1477 1952 1546 τότε,

374 1564 426 1615 οἱ
457 1565 590 1632 πρὸς
626 1563 705 1632 τῷ
733 1563 873 1632 Θεῷ,
900 1565 950 1618 oi
981 1567 1126 1619 κατὰ
1171 1567 1358 1637 φύσιν,
1412 1569 1462 1621 οἱ
1510 1568 1751 1637 εὐγενῶς
1801 1569 1958 1623 ’Δδα-

380 1660 580 1726 μιαῖοι,
620 1655 717 1720 οὓς
747 1658 780 1728 ἡ
806 1657 1085 1729 ἀγαθότης
1130 1659 1409 1727 ἐδιδάξατο
1456 1660 1558 1731 τὴν
1605 1659 1797 1729 ἱλαρὰν
1860 1660 1959 1714 ἀν-

377 1747 708 1817 θρωπότητα
730 1767 744 1812 ;
770 1751 822 1803 τί
851 1750 907 1803 δὲ
966 1750 1067 1804 οὐκ
1095 1750 1164 1804 ἂν
1197 1751 1504 1821 μεθώδευον
1528 1751 1827 1822 θυμόσοφοι
1890 1750 1960 1805 τὰ

377 1844 436 1903 ἐς
464 1841 842 1910 φιλαδελφίαν,
874 1843 1137 1912 μενοῦνγε
1162 1844 1410 1915 θεόσοφοι
1460 1844 1613 1908 ὄντες
1646 1861 1663 1911 ;
1732 1845 1847 1908 πῶς
1901 1844 1957 1899 δὲ

374 1937 439 1986 ο)
477 1933 552 2002 μὴ
574 1934 927 2004 ἐνεπυρίζετο
952 1936 1020 1990 τὰ
1045 1935 1333 2007 σπλάγχνα
1354 1938 1604 2002 ἐκείνοις,
1634 1936 1728 1989 καὶ
1759 1938 1791 2006 ἡ
1820 1950 1957 2008 scapi.

374 2021 464 2074 δία
486 2021 726 2088 ἐκαίετο,
745 2021 886 2077 οὕτω
916 2023 1009 2078 τοῦ
1042 2026 1187 2079 κατὰ
1214 2026 1503 2096 ἄνθρωπον
1528 2026 1675 2080 θείου
1699 2027 1954 2097 πλάσμα-

373 2132 469 2177 τος
512 2115 686 2187 βραχύ
742 2133 796 2171 τι
871 2118 1155 2182 παντελῶς
1216 2118 1595 2190 ἠλαττωμένου
1656 2119 1956 2192 θηριώδους

375 2209 824 2279 κακεντρεχείας,
853 2210 1023 2281 μόνης
1042 2209 1140 2281 τῆς
1167 2211 1261 2263 ἐπὶ
1287 2212 1568 2282 τεσσάρων
1597 2210 1808 2282 βάσεως
1830 2214 1957 2266 ἐπι-

377 2301 679 2372 λειπούσης
702 2302 893 2366 αὐτοῖς
928 2304 1011 2367 εῐς
1043 2321 1108 2373 γε
1128 2303 1231 2374 τὴν
1258 2307 1396 2376 πρὸς
1450 2304 1621 2377 θηρία
1657 2306 1808 2360 δεινά
1862 2308 1960 2362 καὶ

376 2394 776 2466 ἀνθρωποϐόρα
813 2396 1067 2458 ἐξίσωσιν
1095 2400 1192 2451 καὶ
1222 2397 1485 2467 ὁμοίωσιν
1512 2415 1530 2466 ;

452 2495 527 2553 ς’.
555 2484 633 2542 Ἦ
661 2489 882 2554 πάντως
912 2488 1107 2561 ἔχομεν
1141 2493 1206 2545 ὲκ
1235 2490 1343 2544 τῶν
1397 2492 1624 2545 εἰκότων
1661 2495 1961 2545 συνεννοετ-

380 2581 532 2646 σθαι,
565 2580 641 2645 ὡς
659 2580 854 2652 πρῶτα
879 2581 976 2651 μὲν
1013 2581 1376 2653 ἀπωδύραντο
1415 2581 1482 2636 ἂν
1503 2583 1772 2654 ἐγκάρδια
1811 2582 1956 2638 κατά

380 2676 522 2742 σφᾶς
549 2673 746 2733 αὐτοὺς
780 2673 830 2725 oi
877 2673 1073 2742 ἀγαθοὶ
1106 2676 1305 2727 ἐκεῖνοι
1338 2674 1639 2744 ἄνθρωποι,
1664 2674 1953 2745 κορεσθέν-

376 2784 469 2830 τες
500 2765 1089 2837 καταμόναςδακρύων
1125 2782 1139 2797 ⁸
1199 2763 1318 2819 εἶτα
1373 2767 1585 2836 μέτριοί
1637 2783 1806 2832 τινες,
1862 2766 1959 2831 οὒς

377 2859 439 2913 τὸ
461 2862 600 2913 κατὰ
633 2862 797 2928 φύσιν
823 2858 966 2911 θεῖον
986 2858 1239 2928 ζὼπυρον
1264 2856 1604 2929 ἀνεθέρμανε
1651 2856 1961 2928 φιλανθρω-

381 2950 709 3015 πεύσασθαι,
744 2951 824 3015 είς
881 2950 941 3004 ἐν
983 2950 1329 3014 συνελθόντες
1381 2948 1599 3020 βουλῆς,
1661 2949 1961 3019 ἐσκέψαντο

379 3045 469 3110 ἂν,
497 3045 551 3099 τί
578 3045 983 3116 τεχνησάμενοι
1022 3026 1455 3099 ἀνακαλέσονται
1477 3042 1567 3096 τὸν
1599 3042 1831 3096 παλαιὸν
1860 3041 1959 3097 ἄν·

382 3138 621 3208 θρωπον.
662 3138 738 3190 Τὸ
787 3136 846 3190 δέ
877 3134 1128 3190 ἐντεῦθεν
1163 3135 1597 3206 ἐντεθυμημένοι
1628 3135 1825 3207 πρῶτα
1865 3136 1959 3186 τὸν

2058 672 2282 728 navant,
2321 678 2500 733 neque
2542 665 2596 719 in
2637 666 2841 721 sudore
2895 667 3054 723 faciei
3090 685 3287 740 panem
3342 670 3636 742 acquirere

2057 756 2414 822 contendunt,
2471 773 2652 828 neque
2699 760 3000 816 secundum
3048 763 3339 829 rationem,
3367 763 3446 818 ιιιὶ
3486 761 3635 820 Deus

2057 849 2340 917 praecepit,
2376 849 2539 903 vitam
2576 865 2641 905 ac
2681 866 2861 906 mores
2895 852 3156 922 dirigunt,
3209 853 3305 908 sed
3337 862 3529 909 contra
3572 869 3635 909 se

2056 936 2202 1005 ipsos
2250 939 2480 996 invicem
2521 942 2820 997 crudeliter
2869 943 3181 1013 insurgunt,
3248 944 3634 1014 perturbantes

2062 1046 2186 1086 sese
2217 1048 2281 1088 ac
2314 1032 2651 1092 oﬂ‘endentes
2689 1049 2742 1090 et
2771 1034 3100 1096 lacerantes.
3127 1046 3181 1091 et
3206 1035 3385 1090 omnis
3412 1037 3635 1107 generis

2061 1119 2202 1173 mala
2239 1121 2482 1177 inferunt
2523 1124 2594 1178 iis
2628 1123 2725 1196 qui
2756 1138 2909 1194 teque
2949 1138 3013 1177 ac
3048 1124 3149 1193 ipsi
3184 1122 3434 1178 homines
3480 1132 3635 1188 sunt,

2059 1207 2195 1261 adeo
2238 1217 2296 1262 ut
2335 1207 2411 1265 illi
2462 1208 2585 1264 vitm
2636 1211 3053 1280 longzevitatetn,
3101 1225 3131 1265 a
3170 1210 3279 1266 Deo
3323 1209 3457 1281 ipsis
3505 1226 3639 1266 con-

2060 1308 2294 1357 cessam,
2331 1297 2529 1352 misere
2558 1297 2916 1353 detestentur.

2136 1383 2189 1438 5.
2225 1383 2364 1450 Quid
2394 1384 2556 1454 igitur
2601 1399 2707 1439 non
2741 1386 2990 1441 fecerunt
3025 1386 3092 1440 ad
3140 1384 3418 1441 meliorem
3450 1387 3639 1442 condi-

2062 1474 2263 1531 tionem
2296 1475 2661 1530 reducendam
2703 1477 2863 1547 pauci
2916 1477 3168 1533 homines
3210 1477 3286 1530 illi
3317 1476 3634 1547 prudentes.

2061 1567 2173 1623 Deo
2223 1571 2452 1638 accepti,
2500 1581 2709 1626 naturae
2761 1572 3150 1627 convenienter
3197 1568 3634 1638 viventes,'veri

2061 1656 2254 1712 Adami
2286 1659 2510 1726 posteri,
2534 1673 2670 1727 quos
2699 1658 2839 1712 bona
2870 1659 3106 1728 ipsorum
3131 1659 3341 1714 indoles
3368 1658 3633 1729 placidam

2065 1746 2294 1803 docebat
2330 1747 2769 1803 humanitatem?
2812 1748 2950 1814 Quid
2999 1764 3102 1805 non
3148 1751 3527 1818 echgitarunt
3559 1751 3635 1804 illi

2063 1840 2154 1912 qui
2187 1855 2214 1893 a
2251 1840 2459 1895 ratione
2487 1855 2607 1905 sua,
2643 1839 2723 1894 vel
2745 1841 2966 1909 potiusa
2989 1842 3120 1906 Deo,
3153 1840 3229 1895 ad
3251 1842 3477 1896 fratrum
3509 1842 3641 1896 cha-

2062 1931 2277 1987 ritatem
2313 1931 2733 1988 stimulabantur
2757 1933 2785 1985 ἲ
2809 1932 3095 1999 Quomodo
3125 1934 3333 1988 viscera
3378 1933 3483 1989 illis
3527 1949 3637 1988 non

2063 2024 2393 2080 inﬂammata
2444 2032 2594 2087 sunt,
2631 2025 2902 2093 quomodo
2928 2038 3023 2078 cor
3052 2038 3159 2079 non
3210 2024 3478 2092 exarduir,
3515 2040 3639 2081 etim

2063 2119 2312 2174 viderent
2345 2116 2583 2172 divinam
2616 2127 2949 2182 creaturam,
2979 2116 3252 2171 hominem
3282 2116 3423 2182 dico,
3451 2117 3643 2172 bestiis

2063 2208 2447 2279 propemodum
2493 2222 2616 2263 esse
2667 2208 3005 2274 inferiorem,
3057 2210 3129 2261 ita
3183 2216 3245 2264 ut
3273 2208 3340 2261 ad
3390 2208 3643 2263 similitu-

2065 2296 2245 2350 dinem
2296 2296 2589 2351 bestiarum
2647 2296 2879 2351 ferarum
2936 2307 3103 2365 atque
3155 2296 3456 2353 crudelium
3507 2298 3645 2353 nihil

2065 2386 2180 2442 fere
2220 2387 2476 2442 deﬁceret
2507 2388 2609 2443 nisi
2664 2398 2720 2442 ut
2752 2397 2983 2457 quatuor
3022 2389 3253 2458 pedibus
3282 2389 3646 2445 incederent?

2139 2480 2194 2538 6.
2240 2482 2389 2537 Sane
2437 2498 2465 2537 a
2505 2497 2639 2538 vero
2689 2483 2833 2537 haud
2878 2481 3279 2549 aberrabimus,
3332 2483 3378 2538 si
3426 2482 3647 2537 conclu-

2067 2575 2246 2630 dimus
2272 2575 2396 2629 illos
2430 2574 2674 2631 homines
2707 2574 2902 2643 probos
2950 2572 3183 2641 primum
3227 2586 3440 2626 summo
3473 2571 3641 2626 animi

2068 2681 2304 2723 maerore
2349 2666 2575 2721 affectos
2627 2665 2990 2735 lacrymarum
3031 2662 3240 2734 copiam
3295 2662 3599 2733 profudisse
3626 2703 3640 2726 ,

2067 2757 2267 2812 deinde
2299 2770 2502 2825 paucos
2529 2755 2815 2824 quosdam,
2849 2752 3064 2808 fervore
3102 2751 3285 2807 divino
3310 2751 3378 2807 ad
3411 2753 3640 2807 fratrum

2069 2864 2308 2903 amorem
2338 2848 2627 2911 excitatos,
2670 2845 3012 2900 consultandi
3044 2859 3204 2900 causa
3240 2844 3562 2899 convenisse
3587 2853 3644 2898 et

2070 2941 2137 2994 de
2197 2939 2398 3008 optima
2470 2935 2862 2991 deliberavisse
2945 2934 3185 2989 ratione
3219 2948 3324 3003 qua
3398 2942 3640 2987 veterem

2070 3030 2342 3085 hominem
2378 3037 2717 3083 revocarent.
2745 3028 2880 3081 Tum
2925 3027 3104 3098 primo
3138 3025 3307 3079 Deum
3339 3033 3649 3081 creatorem

2070 3122 2253 3176 animo
2280 3120 2381 3176 sibi
2418 3126 2871 3188 repraesentantes
2915 3117 3262 3183 invocarunt,
3294 3124 3353 3170 ut
3383 3117 3644 3171 mundum

384 3228 631 3298 πλάστην
656 3229 884 3298 Κύριον,
965 3228 1060 3281 καὶ
1116 3227 1605 3299 θεοκλυτήσαντες,
1652 3226 1961 3297 ἐπιϐλέψειν

2069 3231 2223 3271 suum
2252 3213 2511 3285 respiciat
2551 3227 2868 3267 conversum
2900 3211 2968 3265 ad
3001 3210 3405 3280 improbitatem
3436 3218 3489 3263 et
3517 3222 3644 3279 per-

388 3321 481 3374 ἐπὶ
508 3320 600 3374 τὸν
623 3320 830 3391 κόσμον
852 3319 1018 3373 αὐτοῦ
1057 3323 1524 3392 περιτρεπόμενον
1560 3323 1638 3385 είς
1687 3323 1962 3391 ἀκοσμίαν

387 3416 482 3467 καὶ
517 3414 1055 3483 ἀνασκευαζόμενον,
1074 3414 1171 3468 καὶ
1207 3413 1284 3484 μὴ
1319 3414 1681 3484 ἀνασχέσθαι,
1711 3415 1962 3486 πρόϐατα

391 3506 491 3576 μὲν
519 3504 614 3559 καὶ
647 3503 775 3575 βόας
828 3503 925 3557 καὶ
972 3503 1122 3557 ἅπαν
1182 3503 1375 3574 θηρίον
1417 3505 1769 3574 διεξάγεσθαι
1820 3510 1963 3563 κατά

370 3592 574 3668 φύσιν,
595 3597 670 3660 ὡς
692 3595 1024 3667 ἐτάχθησαν,
1045 3597 1108 3650 τὸ
1133 3595 1189 3649 δέ
1215 3597 1516 3652 θεοείκελον
1546 3599 1713 3652 αὑτοῦ
1739 3599 1964 3670 πλάσμα

392 3688 815 3761 παραποιεῖσθαι
842 3687 1145 3756 ἀλογίστως
1173 3688 1253 3753 είς
1277 3688 1566 3759 ἀλλοφυὲς,
1590 3691 1967 3762 παρεκλήτευ-

393 3799 492 3836 εαν
542 3782 632 3848 ἀν,
689 3781 765 3852 μὴ
818 3779 1065 3851 παριδεῖν
1111 3781 1205 3833 τὸν
1261 3780 1568 3851 ἄνθρωπον,
1626 3785 1720 3838 καὶ
1781 3785 1963 3839 αὐτῶν

391 3873 614 3945 ἀψύχων
643 3875 726 3937 εἰς
754 3872 978 3925 ἔλαττον
1026 3869 1439 3937 διεκπίπτοντα,
1480 3873 1640 3944 εἰπερ
1688 3874 1828 3927 αὐτὰ
1863 3874 1964 3944 μὲν

390 3966 608 4036 ἠρεμεῖ,
638 3965 734 4018 καὶ
756 3966 821 4035 τῇ
862 3964 1039 4016 κτίσει
1061 3962 1383 4031 λυμαίνεται
1443 3964 1526 4028 είς
1569 3965 1747 4030 οὐδὲν,
1809 3966 1846 4019 ἀ
1905 3965 1963 4020 δὲ

390 4057 724 4128 τεταγμένος
774 4054 871 4109 ἐπὶ
925 4055 1166 4120 πάντων,
1216 4055 1312 4108 καὶ
1369 4047 1430 4108 οὗ
1470 4057 1633 4127 χάριν
1682 4058 1750 4111 τὰ
1789 4058 1966 4113 πάντα

389 4149 606 4217 γέγονε,
637 4146 882 4219 παράγει
912 4145 1012 4217 τὴν
1043 4147 1366 4219 εὐκοσμίαν,
1399 4142 1482 4212 οἷς
1508 4148 1704 4203 ἐαυτὸν
1760 4149 1965 4221 ἀπάγει

390 4237 777 4304 ἐξαναλίσκων,
811 4237 905 4292 καὶ
934 4237 1250 4307 φιλονεικεῖ,
1284 4239 1652 4311 ἀπάνθρωπον
1683 4243 1964 4312 καταστῆ-

393 4348 486 4384 σαι
522 4330 614 4384 τὸν
639 4331 847 4399 κόσμον
881 4331 978 4386 καὶ
1011 4330 1158 4401 (τόγε
1189 4333 1270 4394 είς
1306 4330 1469 4385 αὐτὸν
1523 4326 1684 4404 ἧκον)
1738 4331 1968 4387 ἀδέσπο-

389 4438 503 4477 τον.
550 4421 942 4492 Ἐδυσώπησαν
998 4421 1056 4475 δὲ
1092 4423 1158 4476 ἂν
1186 4422 1279 4477 τὸν
1297 4423 1643 4495 ὑπεράγαθον
1665 4426 1965 4497 Δεσπότην,

389 4514 485 4565 καὶ
521 4513 659 4583 μηδέ
688 4514 827 4584 πρὸς
857 4514 1143 4585 ἀκρίϐειαν
1180 4514 1335 4585 δίκης
1370 4516 1685 4580 ἐπεξελθεῖν
1714 4520 1829 4582 τοῖς
1859 4519 1966 4573 ὑπὸ

2072 3309 2368 3372 turbatum,
2433 3321 2628 3375 neque,
2686 3305 2811 3359 dum
2860 3319 2991 3360 Oves
3052 3310 3107 3359 et
3154 3302 3319 3357 buves
3361 3310 3417 3356 et
3462 3300 3646 3356 omnia

2069 3400 2326 3457 animalia
2385 3409 2595 3454 naturae
2644 3399 2811 3469 leges,
2866 3398 2934 3453 ad
2991 3411 3127 3467 quas
3187 3395 3418 3450 conditas
3474 3393 3644 3460 fuere,

2070 3503 2449 3563 sequerentur,
2519 3501 2837 3547 creaturam;
2896 3490 3005 3559 ipsi
3059 3487 3289 3543 similem
3357 3501 3388 3542 a
3454 3494 3642 3539 natura

2072 3585 2347 3641 declinare
2401 3585 2629 3640 sineret.
2679 3581 2986 3638 Oravernnt
3035 3579 3226 3644 Deum,
3262 3587 3320 3634 ut
3364 3592 3432 3633 ue
3463 3576 3644 3646 despi-

2073 3685 2221 3731 ceret
2265 3675 2560 3735 hominem,
2595 3672 2735 3728 infra
2786 3671 3085 3727 bestiarum
3130 3670 3376 3725 ordinem
3421 3668 3648 3723 descen-

2072 3769 2314 3831 dentem,
2346 3765 2617 3834 siquidem
2650 3763 2755 3818 illae
2801 3760 3097 3830 tranquille
3122 3761 3372 3815 viverent
3401 3772 3500 3813 nec
3534 3755 3646 3811 ullo

2040 3849 2239 3914 ituodo
2272 3868 2520 3913 naturam
2570 3855 2857 3921 violarent,
2908 3855 2996 3908 hic
3035 3861 3215 3907 autem
3262 3850 3352 3921 qui
3393 3849 3646 3904 omnibus

2072 3960 2294 4022 praestat
2326 3960 2381 4006 et
2404 3948 2560 4019 cujus
2592 3963 2760 4003 causa
2795 3946 2982 4011 omnia
3021 3946 3163 4001 facta
3196 3953 3347 4009 sunt,
3383 3944 3645 3998 mundum

2072 4046 2210 4102 bene
2233 4043 2541 4100 ordinatum
2569 4040 2868 4110 perturbat,
2905 4050 2959 4093 et
2989 4037 3227 4107 seipsum
3272 4035 3324 4089 in
3351 4034 3645 4104 perniciem

2073 4134 2394 4204 praecipitat,
2452 4130 2706 4200 denique,
2760 4138 3022 4192 quantum
3075 4140 3247 4197 penes
3303 4126 3484 4195 ipsum
3537 4134 3645 4189 est,

2074 4222 2384 4279 horninibus
2441 4227 2499 4274 et
2554 4218 2784 4288 imperio
2834 4217 3049 4287 privare
3108 4215 3371 4270 mttndum
3432 4214 3644 4270 nititur.

2071 4317 2341 4372 Prmterea
2369 4312 2661 4368 Dominum
2694 4312 2870 4365 omnis
2916 4308 3174 4365 bonitatis
3204 4308 3407 4362 fontem
3442 4305 3649 4375 suppli-

2072 4416 2292 4475 carunt,
2360 4421 2430 4461 ne
2491 4403 2734 4476 peccatis
2801 4420 2830 4458 a
2916 4402 3262 4457 multitudine
3322 4398 3647 4469 perpetratis

2076 4515 2292 4570 ptenam
2361 4505 2614 4552 accurate
2662 4502 3063 4564 compensaret,
3130 4506 3308 4562 neque
3370 4489 3650 4560 suppliciis

388 4604 498 4659 τῶν
519 4574 785 4660 πλειόνων
806 4574 1353 4678 -πλημμελουμὲνοίς,
1393 4574 1527 4680 μηδὲ
1550 4574 1961 4664 ἀντιταλαντεῦ-

2077 4594 2275 4663 quibus
2302 4591 2375 4646 illi
2416 4591 2468 4645 in
2501 4588 2836 4644 contribules
2887 4587 3205 4649 saevierunt,
3237 4599 3337 4638 sua
3371 4597 3650 4637 commen-

391 4714 482 4749 σαι
512 4697 725 4767 πληγὰς
753 4698 851 4760 τὰς
874 4699 933 4765 ἐξ
964 4697 1277 4761 admirati;
1302 4700 1551 4767 ἐκείνων,
1587 4701 1657 4754 δι’
1702 4695 1779 4756 ὧν
1807 4719 1974 4757 κατα-

390 4787 650 4841 ϐάλλουσι
677 4789 802 4848 τοὺς
822 4791 1105 4858 ὁμοφυεῖς,
1132 4789 1267 4861 μηδὲ
1296 4790 1728 4862 ἐκδικῆσαιτοῦς
1750 4793 1968 4861 φόνους,

390 4879 666 4951 προϐολὴν
688 4881 784 4935 ἐπὶ
805 4882 1104 4954 καταδίκης
1129 4883 1479 4953 ποιούμενον,
1539 4883 1616 4948 ὡς
1658 4885 1822 4949 αὐτὸς
1871 4888 1971 4956 μὲν

388 4972 580 5044 καίρια
609 4974 705 5028 καὶ
735 4973 898 5045 ίλαρὰ
919 4975 1274 5046 καταϐρέχων
1305 4975 1544 5030 λιπαίνει
1590 4977 1691 5048 τὴν
1733 4980 1836 5049 γῆν
1889 4979 1971 5042 είς

387 5063 599 5130 ἀγαθὸν
618 5064 871 5128 ἐκείνοις,
894 5066 942 5117 οί
968 5064 1026 5118 δὲ
1058 5066 1341 5135 χραίνουσι
1372 5067 1471 5136 τὴν
1493 5066 1663 5138 αὐτὴν
1684 5068 1970 5138 ἐμφυλίοις

385 5155 611 5225 αἵμασι,
635 5155 730 5208 καὶ
756 5154 823 5225 ἢν
854 5157 910 5207 al
939 5155 1066 5209 καθ’
1098 5155 1349 5210 ἑκούσιον
1379 5157 1574 5229 βροχαὶ
1637 5159 1967 5224 πιαίνουσιν,

384 5246 549 5302 αὐτοὶ
572 5247 792 5315 λύθροις
820 5248 1098 5318 όμογνίοις
1129 5248 1429 5317 μιαίνουσι,
1455 5249 1548 5303 καὶ
1578 5250 1655 5314 ὡς
1681 5253 1739 5314 ἐς
1763 5250 1973 5322 λάχανα

386 5339 651 5410 βρώσεως
680 5340 976 5402 τάσσοντες
1006 5340 1259 5404 ἑαυτοὺς,
1288 5340 1450 5406 ἄλλος
1515 5341 1675 5396 ἄλλον
1735 5342 1970 5414 ἀλληλο-

382 5429 598 5499 φαγίας
631 5429 783 5500 νόμῳ
815 5428 1326 5499 καταϐροχθίζουσι.

459 5522 528 5588 ζ’.
562 5521 750 5575 Ταῦτα
768 5521 826 5575 δὲ
856 5520 1058 5575 ἐκεῖνοι
1090 5521 1379 5591 εὐξάμενοι
1412 5522 1495 5595 (οὐ
1531 5524 1639 5593 γὰρ
1692 5524 1758 5579 ἂν
1804 5524 1970 5579 διέλι-

379 5633 489 5668 πεν
521 5615 549 5662 ό
580 5615 650 5667 τὰ
682 5614 853 5682 νήπια
885 5611 1029 5666 καθὰ
1053 5613 1366 5681 φυλάσσων,
1406 5614 1550 5668 οὕτω
1578 5615 1677 5669 καὶ
1728 5616 1969 5686 σοφίζων

378 5708 623 5778 Κύριος,
689 5706 785 5757 καὶ
818 5703 1048 5776 χαίρων,
1116 5708 1165 5758 εἰ
1222 5707 1318 5760 καὶ
1365 5707 1426 5773 ἐξ
1481 5708 1707 5767 ἐκείνων
1749 5707 1970 5765 ἔπαινον

379 5794 806 5865 καταρτίζεται,
836 5792 913 5863 μὴ
972 5794 1067 5847 καί
1110 5792 1366 5864 ἀνδράσιν
1414 5794 1647 5855 ἐκείνοις
1712 5797 1971 5865 χρηστοῖς

378 5892 481 5945 καὶ
519 5885 1106 5960 ἐνεστερνισμένοιςτὺ
1158 5885 1484 5957 φιλάλληλον
1536 5886 1815 5941 ἐπιπνέειν
1878 5887 1968 5940 ἐν-

2078 4695 2314 4751 suraret,
2384 4698 2558 4754 neque
2625 4682 2799 4736 credes
2863 4679 3266 4742 ulcisceretur,
3318 4677 3411 4730 sed
3468 4674 3650 4744 potius

2078 4792 2294 4848 poenam
2328 4774 2587 4839 differret,
2622 4775 2823 4842 quippe
2853 4771 2944 4841 qui
2984 4777 3289 4840 opportuno
3321 4777 3372 4823 et
3419 4765 3650 4821 fecundo

2077 4871 2254 4925 imbre
2277 4869 2529 4941 pinguem
2555 4869 2803 4921 redderet
2834 4877 3032 4919 terram
3056 4863 3108 4917 in
3138 4860 3423 4915 utilitatem
3460 4873 3647 4913 eorum

2073 4963 2162 5033 qui
2196 4961 2426 5016 fratrum
2458 4958 2721 5029 sanguine
2763 4956 2911 5011 illam
2960 4955 3359 5017 ltumectarcnt,
3394 4960 3449 5005 et
3486 4964 3649 5018 quam

2074 5057 2254 5126 pluvia
2293 5052 2553 5108 divinitus
2596 5049 2827 5117 benigne
2876 5060 3133 5103 concessa
3167 5044 3487 5115 impinguat,
3518 5057 3651 5095 con-

2071 5146 2491 5219 sanguineorum
2580 5143 2864 5197 cruoribus
2952 5139 3300 5210 polluerent,
3362 5145 3419 5191 et
3494 5135 3648 5204 quasi

2071 5239 2314 5297 obsoniis
2372 5237 2543 5292 nihilo
2608 5241 2955 5305 praestarent,
3018 5229 3342 5300 semetipsos
3413 5227 3648 5284 invicem

2066 5318 2418 5389 Idevorarent.

2142 5512 2194 5565 7.
2225 5511 2522 5578 Postquam
2554 5506 2633 5561 sic
2679 5513 2973 5561 oraverant
3027 5502 3102 5558 illi
3160 5502 3324 5574 (Deus
3375 5499 3520 5556 enim
3553 5497 3645 5566 qui

2070 5604 2155 5660 vel
2206 5602 2351 5671 ipsos
2404 5600 2638 5654 infantes
2671 5611 2777 5652 non
2813 5596 2990 5653 solum
3039 5594 3296 5660 custodit,
3336 5591 3430 5646 sed
3479 5591 3647 5643 etiam

2069 5695 2345 5763 sapientes
2379 5690 2560 5747 reddit
2593 5690 2661 5746 ab
2691 5690 2865 5759 iisque
2898 5689 3107 5742 laudem
3157 5687 3255 5740 sibi
3303 5681 3649 5750 offerrigau-

2070 5793 2183 5851 det,
2205 5786 2339 5842 viris
2368 5784 2472 5839 illis
2498 5783 2656 5839 bonis
2679 5793 2839 5851 atque
2870 5780 3111 5836 cordatis
3136 5778 3435 5832 fraternam
3456 5772 3648 5827 indidit

2070 5880 2412 5944 cbaritatem,
2446 5878 2518 5933 ita
2545 5884 2603 5929 ut
2632 5875 2829 5944 partim
2863 5889 3027 5944 supra
3061 5873 3205 5929 hunc
3232 5869 3487 5926 mundum
3519 5865 3643 5919 elati
