4048 6410
360 371 469 437 307

1088 375 1511 437 EUSTATHII
1554 374 2309 436 THESSALONICENSIS
2344 331 2921 436 lllET'ROPOLszE

3517 374 3632 443 308

360 506 482 543 cmn
523 488 632 544 Deo
681 490 1067 552 cohaererent,
1140 491 1336 558 partim
1405 490 1528 544 huic
1591 491 1810 558 mundo,
1867 501 1924 543 ut

2051 491 2223 557 νοίας,
2260 486 2334 544 ὧν
2354 495 2477 552 ταῖς
2506 490 2606 561 μὲν
2639 491 2898 545 ἂπτοιντο
2930 490 2997 545 ἂν
3046 490 3215 545 αὐτοῦ
3263 493 3399 548 Θεοῦ
3463 497 3642 570 ὑπερσ

361 584 472 636 Deo
513 581 706 650 placet,
746 582 946 637 addicti
1004 580 1236 649 essent),
1273 592 1328 636 et
1380 582 1667 637 consili-tm
1702 583 1844 652 quod
1891 590 1946 636 et

359 674 486 728 Dco‘
508 685 719 742 gratum
751 684 803 728 et
836 673 1064 727 fratrum
1099 675 1265 729 saluti
1303 674 1434 729 utile
1461 685 1626 740 esset,
1665 685 1942 744 ceperant.

359 768 414 819 in
448 769 685 820 animum
721 769 1071 831 induxerunt,
1111 767 1369 830 similem,
1395 767 1438 822 si
1474 780 1715 836 possent,
1747 777 1943 823 cmtmn

357 872 686 925 congregare
740 867 794 912 et
851 860 1173 914 concionem
1235 875 1544 916 convocare
1612 860 1665 914 in
1719 875 1821 927 qua
1881 862 1946 915 de

357 953 572 1020 publico
600 953 741 1004 bono
777 966 838 1004 ac
866 951 1040 1006 salute
1069 951 1489 1008 deliberaretur.

425 1136 479 1189 8.
532 1135 664 1189 Cum
727 1145 908 1189 autem
966 1137 1116 1190 brevi
1187 1145 1431 1206 tempore
1494 1152 1615 1192 eam
1675 1139 1944 1208 coegisset

352 1223 496 1278 Deus
524 1223 615 1293 qui
645 1225 926 1279 cliaritatis
945 1226 1202 1294 pacisque
1227 1228 1434 1280 amicus
1454 1236 1559 1294 est,
1581 1243 1749 1297 quare
1776 1230 1940 1283 etiam

349 1315 620 1369 Adamum
658 1316 725 1369 ad
758 1317 928 1382 ipsius
963 1319 1254 1387 imaginem
1276 1317 1504 1384 ellinxit,
1535 1311 1721 1375 volens
1755 1330 1814 1375 ut
1846 1336 1944 1390 per

353 1415 528 1460 totum
552 1417 824 1462 terrarum
846 1408 1032 1464 orbem
1053 1411 1173 1479 ejus
1191 1412 1390 1479 posteri
1417 1411 1939 1481 multiplicarenlur:

351 1498 452 1561 illi,
483 1511 736 1566 tanquam
767 1501 1018 1554 doctores
1054 1501 1315 1556 divinitus
1348 1503 1599 1576 inspirati
1650 1514 1702 1558 et
1732 1504 1940 1559 caelesti

350 1591 622 1662 sapientia
656 1592 930 1653 instrueti,
982 1608 1101 1661 qua:
1151 1595 1463 1649 necessaria
1514 1605 1746 1665 aptaque
1791 1596 1940 1651 vide-

348 1683 572 1748 bantur,
621 1695 1016 1750 exposuerunt.
1055 1686 1396 1740 Revocantes
1445 1687 1588 1740 enim
1637 1686 1692 1740 in
1731 1702 1938 1741 memo-

348 1775 492 1828 riam
542 1773 747 1842 primos
777 1784 1030 1843 parentes
1080 1788 1310 1843 quorum
1348 1777 1598 1843 exemplo
1656 1776 1936 1830 auditores

349 1865 416 1917 ad
449 1867 576 1920 vitae
610 1867 951 1920 honestatem
1000 1870 1242 1921 excitare
1277 1867 1595 1932 studebant,
1628 1868 1693 1921 ad
1738 1867 1934 1923 fortius
1968 1834 2008 1890 Β

349 1959 430 2013 eis
463 1959 895 2027 persuadendum
926 1960 1206 2025 dixerunt,
1254 1960 1377 2015 illos
1413 1961 1480 2016 ab
1512 1960 1670 2015 initio
1720 1961 1931 2015 nonnisi

347 2063 514 2102 unum
568 2064 598 2102 a
659 2049 769 2104 Deo
819 2051 1100 2119 accepisse
1158 2062 1511 2121 praeceptum,
1571 2052 1736 2121 idque
1777 2052 1935 2107 facile

348 2139 772 2204 observandum,
845 2147 898 2193 et
957 2141 1040 2194 cui
1078 2142 1393 2196 obedientes
1448 2141 1551 2209 ipsi
1615 2142 1690 2195 dii
1749 2150 1934 2197 essent

349 2231 586 2285 evasuri.
621 2230 700 2284 Illi
736 2242 916 2285 autem
951 2233 1279 2302 transgressi
1310 2241 1661 2301 praeceptum,
1690 2231 1936 2286 fecerunt

346 2331 408 2373 ut
440 2321 770 2375 venerabilis
799 2322 1092 2390 paradisns
1128 2323 1532 2390 relinqueretur
1580 2325 1852 2386 desertus,
1881 2330 1938 2375 et.

345 2423 543 2461 ιηιιιιοε
592 2407 681 2474 qui
735 2408 802 2462 ab
859 2409 1015 2462 initio
1063 2408 1136 2463 ibi
1185 2411 1490 2480 congregati
1537 2408 1772 2474 inerant,
1820 2411 1931 2479 jam

347 2497 441 2550 illo
487 2497 933 2560 excluderentur,
979 2497 1083 2552 hoc
1143 2499 1316 2553 solum
1352 2499 1459 2553 Deo
1509 2499 1575 2553 iis
1622 2492 1934 2570 injuugente

350 2597 411 2640 ut
441 2602 534 2656 per
568 2587 1014 2656 propagationem
1070 2588 1410 2658 multiplica-ti
1462 2599 1658 2644 terram
1697 2590 1933 2661 comple-

346 2689 496 2733 rent.
539 2676 658 2731 Jam
689 2691 844 2741 vero,
869 2689 1156 2748 pergentes
1193 2681 1480 2745 dixerunt,
1511 2683 1709 2750 posteri
1741 2699 1930 2737 eorum

351 2777 522 2824 tanta:
569 2770 825 2838 pravitati
860 2786 919 2824 se
964 2771 1258 2836 dederunt,
1309 2783 1362 2826 ut
1412 2789 1514 2827 non
1565 2775 1735 2828 solum
1786 2776 1932 2845 digni

351 2859 463 2914 sint
493 2861 582 2930 qui
614 2871 822 2915 eterra
864 2877 1087 2930 prorsus
1119 2865 1421 2928 deleantur,
1466 2867 1559 2920 sed
1598 2867 1690 2935 qui
1734 2867 1837 2920 vivi
1876 2868 1929 2921 in

343 2959 612 3005 tartarum
636 2953 1016 3009 detrudautur.
1053 2955 1123 3010 Ut
1147 2967 1330 3009 autem
1357 2957 1620 3011 acriorem
1646 2957 1924 3011 stimulum

341 3041 606 3096 adderent
657 3053 710 3097 et
765 3046 1175 3099 accusationem
1238 3049 1540 3116 graviorem
1591 3049 1929 3116 redderent‘,

340 3134 710 3189 minitabundi
753 3138 1100 3193 auditoribus
1147 3141 1442 3198 dixerunt:
1477 3141 1531 3197 Si
1580 3143 1726 3199 Deus
1771 3158 1928 3213 para-

341 3225 520 3280 disum
589 3228 934 3285 solummodo
998 3231 1360 3288 inhabitatum
1425 3235 1660 3305 relinqui
1719 3237 1924 3303 voluit,

339 3320 610 3385 quomodo
662 3331 820 3377 terra:
856 3327 1164 3393 parciturus
1212 3337 1491 3398 estquam
1545 3343 1646 3384 nos
1690 3329 1928 3385 infandis

339 3410 660 3467 criminibus
711 3417 1222 3471 commaculamus?
1261 3419 1534 3488 quomodo
1580 3421 1724 3475 haud
1770 3421 1931 3476 faciet

339 3502 689 3569 alterutrum,
749 3516 845 3560 aut
905 3520 962 3561 ut
1015 3518 1214 3563 terram
1274 3511 1606 3566 conl‘ractam
1657 3515 1928 3582 capitibus

339 3596 640 3649 incolarum
671 3598 964 3668 impingat,
1005 3613 1100 3656 aut
1151 3603 1294 3658 cmlo
1345 3604 1562 3671 dejecto
1613 3606 1928 3661 universum

338 3687 537 3752 deleat,
574 3699 667 3742 aut
696 3691 901 3744 diluvio
927 3693 1310 3764 submergens,
1341 3696 1482 3764 quod
1507 3696 1671 3752 etiam
1701 3700 1927 3766 accidit,

338 3792 508 3844 genus
533 3780 829 3834 humanum
855 3785 1018 3852 quod,
1039 3799 1162 3837 cum
1177 3786 1604 3855 pulcherrimum
1629 3803 1751 3846 esse
1769 3791 1934 3849 debe-

337 3879 442 3932 ret,
475 3885 621 3926 nunc
647 3873 887 3926 omnium
905 3875 1196 3943 pessimum
1223 3886 1327 3941 est,
1360 3893 1594 3946 prorsus
1611 3882 1937 3939 exscindat?

408 3961 462 4016 9.
498 3961 666 4016 Porro
703 3966 949 4034 magistri
987 3967 1064 4021 illi
1113 3971 1388 4039 sapientes
1433 3973 1490 4027 in
1521 3977 1755 4030 medium
1798 3994 1924 4048 pro—

336 4052 608 4108 duxerunt
673 4057 922 4114 homines
979 4059 1255 4118 ulceribus
1323 4066 1584 4135 omnique
1636 4069 1921 4124 vulnerum

336 4157 537 4212 genere
582 4142 917 4210 laborantes,
967 4163 1174 4218 eosque
1227 4153 1404 4222 palam
1441 4160 1816 4223 ostendentes,
1869 4168 1927 4214 ut

336 4234 422 4288 vel
453 4235 535 4290 sic
569 4237 1023 4307 resipiscentibus
1071 4244 1503 4302 misericordiam
1555 4249 1924 4321 injungerent,

334 4341 458 4380 cum
497 4327 770 4398 vituperio
823 4331 903 4388 eis
949 4332 1313 4401 objectantes.
1352 4340 1544 4408 quales
1574 4355 1641 4395 ex
1674 4343 1926 4410 qualibus

332 4420 626 4474 redderent
673 4423 1030 4489 contribules,
1076 4427 1213 4483 alios
1251 4430 1573 4496 mutilando,
1604 4433 1740 4487 alios
1770 4450 1926 4489 exse-

2052 580 2321 650 κοσμίως,
2375 585 2495 644 ταῖς
2525 583 2581 636 δέ
2616 583 2747 652 περὶ
2785 581 2860 635 τὰ
2918 581 3068 636 κάτω
3099 584 3421 653 στρέφοιντο
3471 589 3633 657 ἐγκο-

2052 673 2227 741 σμίως
2251 673 2366 744 ἅμα
2381 675 2472 727 καὶ
2497 675 2804 744 θεοφιλῶς),
2822 675 2918 729 καὶ
2931 675 2992 728 τὸ
3013 676 3262 730 ἐντεῦθεν
3282 679 3634 749 κυρώσαντες

2051 763 2324 833 βούλευμα
2371 765 2624 834 φιλόθεον
2679 766 2776 819 καὶ
2831 765 3185 835 φιλάδελφον,
3243 769 3647 841 άπετόλμησαν·

2048 854 2324 926 ἀθροῖσαι,
2363 857 2538 911 εἵπου
2565 857 2841 928 εὕρισκον,
2869 858 3064 927 ὁμοίαν
3083 857 3286 927 λογάδα
3337 862 3433 913 καὶ
3454 863 3631 932 δμάδα

2049 947 2450 1018 συστήσασθαι,
2484 950 2578 1004 καὶ
2611 949 2851 1020 κηρύξαι
2917 951 3139 1004 σύνοδον
3194 951 3643 1025 πολυάνθρωπον

2046 1038 2136 1090 ἐπὶ
2166 1039 2358 1109 ἀγαθῷ
2383 1042 2548 1110 κοινῷ
2576 1059 2633 1095 τε
2665 1045 2760 1095 καὶ
2783 1043 2956 1114 ῥᾴονι.

2115 1137 2188 1201 η’.
2227 1133 2315 1195 Ὠς
2344 1132 2400 1185 δέ
2434 1134 2575 1204 ταχὺ
2607 1135 2840 1206 συνῆξεν
2880 1138 2908 1190 ὁ
2957 1135 3090 1200 Θεὸς
3123 1138 3344 1208 ἐκείνην
3399 1140 3632 1211 καθοδη-

2047 1224 2243 1296 γήσας,
2277 1226 2305 1277 ὀ
2333 1225 2433 1297 τὴν
2455 1227 2680 1299 ἀγάπην
2711 1230 2808 1283 καὶ
2841 1229 2941 1301 τὴν
2999 1231 3225 1303 εἰρήνην
3291 1233 3484 1302 φιλῶν,
3535 1236 3639 1289 καὶ

2045 1313 2114 1367 δι’
2163 1315 2295 1368 αὐτὸ
2329 1317 2450 1370 κατ’
2483 1318 2668 1371 εἰκόνα
2696 1319 2895 1373 ἐαυτοῦ
2935 1320 3147 1386 πλάσας
3178 1323 3270 1376 τὸν
3311 1324 3508 1394 Ἀδάμ,
3533 1333 3631 1380 καὶ

2046 1406 2186 1476 πρὸς
2214 1409 2400 1476 ὅμοιον
2433 1409 2588 1472 τέλος
2621 1410 2808 1474 ἐνδοὺς
2850 1411 2944 1490 τὸν
2983 1413 3042 1466 ἐν
3069 1413 3148 1482 τῷ
3177 1415 3368 1485 κόσμῳ
3396 1415 3465 1469 δι’
3485 1417 3642 1471 ἐκεί-ν

2044 1513 2139 1550 νου
2170 1499 2516 1570 πληθυσμδν,
2543 1503 2763 1568 πάντως
2817 1504 2884 1559 ἂν
2940 1507 3216 1578 ἐλάλησαν
3273 1511 3496 1572 ἐκεῖνοι,
3529 1512 3629 1565 ὅσα

2046 1589 2140 1643 καὶ
2177 1589 2491 1646 διδάσκοι).οι
2561 1594 2758 1662 ἔνθεοι,
2815 1598 2883 1652 τὰ
2937 1599 3148 1666 δέοντα,
3191 1604 3287 1654 καὶ
3319 1604 3384 1673 τῇ
3444 1603 3630 1657 θεόθεν

2044 1681 2303 1753 ἐπιπνοίᾳ
2323 1686 2750 1756 σεσοφισμένοι·
2796 1691 2894 1743 καὶ
2956 1692 3260 1757 ἀναϐάντες
3311 1696 3376 1764 τῇ
3439 1697 3632 1768 μνήμῃ

2045 1777 2248 1841 ἐςτοὺς
2308 1781 2686 1853 προπάτορας,
2749 1785 2847 1839 καὶ
2897 1785 2967 1838 δι’
3025 1787 3250 1842 ἐκείνων
3299 1791 3637 1860 προθέμενοι

2039 1871 2330 1939 ἐναγαγεῖν
2384 1874 2510 1938 τοὺς
2571 1876 2960 1948 ἀκροωμένους
3013 1881 3095 1944 είς
3161 1880 3282 1951 βίου
3333 1881 3624 1955 ὀρθότητα,

2038 1965 2361 2034 προήγαγον
2387 1966 2451 2018 ἂν
2474 1969 2555 2031 εἰς
2578 1968 2742 2040 χάριν
2766 1970 3008 2037 πειθοῦς,
3036 1972 3156 2026 οἷαν
3183 1973 3284 2043 μέν
3314 1988 3320 1993 ·
3346 1975 3477 2044 μίαν
3539 1981 3628 2029 ἐν·

2038 2055 2201 2126 τολὴν
2238 2057 2439 2110 ἐκεῖνοι
2463 2059 2600 2129 πρὸς
2633 2060 2771 2112 Θεοῦ
2812 2062 3024 2130 πρῶτοι
3089 2065 3469 2132 ἐπιταγέντες,
3525 2070 3629 2138 ρᾳ-

2036 2147 2155 2200 δίαν
2188 2147 2405 2218 ἐκείνην
2433 2150 2818 2222 ἐξανυσθῆναι,
2855 2154 2930 2214 ὡς
2966 2156 3061 2208 καὶ
3099 2154 3261 2219 θεοὺς
3309 2153 3450 2212 εἶναι
3501 2161 3630 2246 τοὺς

2038 2239 2487 2305 ὑπακούσαντας,
2526 2243 2622 2296 κα)⁴
2671 2244 3127 2314 παραϐεϐηκότες
3174 2246 3371 2318 αὐτὴν,
3415 2239 3629 2318 μονάδα

2035 2331 2127 2384 τὸν
2155 2333 2353 2386 σεπτὸν
2386 2335 2724 2404 παράδεισον
2754 2338 2976 2408 ἀφῆκαν
3007 2334 3174 2402 εἶναι,
3209 2338 3284 2401 ώς
3313 2339 3419 2402 ἔξω
3480 2341 3630 2393 ἐκεί-

2037 2441 2129 2478 νου
2166 2427 2352 2494 μένειν
2373 2428 2500 2492 τοὺς
2528 2431 2622 2483 καὶ
2648 2430 2708 2484 ἐν
2733 2430 2884 2502 αὐτῷ
2915 2431 3254 2501 ἡνωμένους,
3285 2431 3385 2503 τὴν
3427 2432 3627 2503 ἀρχὴν,

2037 2518 2132 2570 καλ¹
2165 2519 2247 2581 είς
2272 2521 2596 2590 πληουσμοῦ
2623 2524 2848 2594 σπέρμα
2871 2525 2963 2578 καὶ
2985 2505 3268 2594 αύξήσεως
3285 2527 3625 2595 ἀφειμένους

2036 2611 2180 2661 κατά
2243 2611 2345 2680 τὴν
2384 2613 2480 2666 τοῦ
2533 2614 2669 2668 Θεοῦ
2725 2615 3004 2680 κέλευσιν,
3043 2612 3130 2670 οἶα
3155 2617 3211 2670 δὲ
3229 2619 3278 2671 oi
3311 2619 3372 2684 ἐξ
3401 2619 3629 2671 ἐκείνων

2036 2703 2130 2754 καὶ
2153 2703 2252 2754 ὅσα
2279 2705 2530 2759 ποιοῦσιν
2583 2708 2958 2781 ἀποτρόπαια,
3003 2703 3072 2763 δι’
3117 2704 3193 2765 ὧν
3237 2711 3628 2776 καταξιοῦντοι

2039 2791 2114 2862 μὴ
2147 2792 2309 2860 μόνον
2333 2795 2550 2866 ἀπάσης
2587 2798 2693 2868 γῆς
2725 2800 3122 2870 ἐκϐεϐλῆσθαι,
3154 2801 3294 2855 ἀλλὰ
3343 2803 3438 2855 καὶ
3489 2803 3629 2866 ζῶν-

2033 2899 2134 2946 τας
2157 2885 2240 2946 είς
2281 2885 2443 2938 αὑτὸν
2495 2888 2796 2942 καταδῦναι
2845 2892 3140 2961 τάρταρον.
3192 2893 3628 2963 Δριμυττόμενοι

2033 2974 2092 3029 δέ
2137 2975 2236 3046 τὴν
2293 2977 2638 3049 ἐπιχείρησιν
2688 2980 2928 3052 ταύτην,
2984 2982 3081 3036 καὶ
3130 2982 3231 3052 τὴν
3285 2986 3638 3056 κατηγορίαν

2035 3069 2386 3136 ἐπαύξοντες,
2448 3073 2824 3145 ὴπειλήσαντο
2873 3076 2940 3129 ἂν
2995 3079 3109 3140 τοῖς
3180 3077 3623 3147 διδασκομένοις,

2034 3160 2151 3224 καὶ,
2197 3160 2274 3223 ὡς
2330 3164 2378 3214 εί
2432 3163 2524 3215 τὸν
2577 3163 2733 3232 ἅγιον
2761 3165 3095 3235 παράδεισον
3117 3166 3377 3236 ἀοίκητον
3416 3169 3444 3220 ὁ
3492 3167 3629 3231 Θεὸς

2037 3251 2216 3322 ἀφῆκε
2247 3254 2454 3320 μένειν,
2491 3257 2607 3318 πῶς
2633 3257 2697 3310 ἂν
2725 3246 2822 3327 τῆς
2851 3257 3050 3329 λοιπῆς
3089 3259 3341 3328 φείσαιτο
3387 3260 3512 3330 γῆς,
3559 3260 3630 3332 ἢν

2024 3344 2213 3415 ἔργοις
2244 3347 2590 3419 άχρειοῦμεν
2615 3350 2911 3420 αἰσχροϊςς
2959 3353 3077 3414 πῶς
3113 3352 3169 3405 δέ
3210 3353 3311 3406 ούκ
3365 3353 3430 3407 ἂν
3479 3355 3627 3407 δυοῖν

2024 3435 2352 3511 θάτερον,-ἢ
2397 3441 2490 3494 τὸν
2523 3443 2753 3512 ούρανὺν
2819 3447 3178 3517 καταρῤάξας
3233 3447 3496 3519 ἐπιτρίψῃ
3563 3447 3626 3500 τὸ

2025 3531 2136 3583 πᾶν
2163 3532 2195 3601 ἢ
2225 3532 2505 3605 ἀνατρέψῃ
2545 3535 2737 3606 αὐτὴν,
2798 3536 3285 3608 ὲπικαταστρέψας
3339 3542 3451 3602 τοῖς
3473 3539 3638 3607 οῐκή--

2027 3637 2241 3690 τορσιν,
2294 3625 2327 3691 ἢ
2393 3625 2587 3696 ὄμϐρῳ
2647 3628 3023 3695 κατακλύσας,
3068 3629 3095 3682 ὃ
3135 3632 3335 3700 δήποτε
3392 3633 3487 3685 καὶ
3520 3631 3626 3683 άπ-

2025 3711 2150 3782 έϐη,
2203 3716 2428 3783 ἀφανιεϊ
2477 3719 2573 3771 καὶ
2633 3720 2700 3771 ἐκ
2748 3722 3036 3775 καλλίστου
3072 3724 3502 3794 ἐποφειλομένου
3525 3723 3622 3777 κά-

2027 3819 2222 3860 κιστον
2241 3809 2367 3879 ἄρτι
2409 3811 2568 3876 γένος
2603 3811 2981 3884 άνθρώπινονς

2105 3984 2172 4040 θ’.
2211 3987 2363 4056 Παρή
2378 4003 2543 4053 γαγον
2574 3987 2631 4040 δὲ
2676 3987 2743 4041 ἂν
2777 3989 2826 4042 oi
2855 3988 3186 4058 αύτομαθεῖς
3214 3991 3413 4043 ἐκεῖνοι
3461 3991 3623 4061 σοφοὶ

2029 4076 2342 4131 διδάσκαλοι
2376 4081 2432 4140 ἐς
2477 4079 2648 4146 μέσον
2684 4080 2780 4134 καὶ
2824 4079 3152 4150 ἀνθρώπους
3199 4081 3619 4151 βεϐλαμμένους

2024 4167 2208 4222 ἕλκεσι
2230 4169 2325 4222 καὶ
2351 4172 2571 4233 λοιπαῖς
2596 4171 2829 4241 πληγαῖς
2850 4171 2946 4225 καὶ
2963 4172 3096 4226 ὐποδ
3116 4171 3518 4246 [ειγματίζοντ]
3534 4191 3613 4241 ες,

2023 4258 2099 4320 ὡς
2121 4259 2423 4329 δυνηθῆναι
2453 4263 2548 4315 καὶ
2575 4262 2730 4315 ἔλεον
2756 4264 2868 4326 τοῖς
2888 4264 3290 4334 ἐγηγερμένοις
3310 4265 3610 4332 εἰσϐαλεῖν,

2021 4351 2149 4413 τοὺς
2171 4352 2273 4420 μὲν
2289 4353 2780 4422 τραυματίζοντες,
2799 4356 2926 4419 τοὺς
2950 4356 3007 4409 δέ
3033 4356 3457 4424 συγκόπτοντες,
3488 4358 3624 4410 πολ-τ

2022 4442 2146 4506 λοὺς
2177 4443 2234 4496 δὲ
2271 4445 2368 4497 καὶ
2400 4447 2874 4512 κατακόπτοντες,
2924 4448 3053 4512 τοὺς
3086 4448 3309 4512 πλείους
3353 4450 3410 4501 δὲ
3437 4467 3604 4502 κακο-

333 4513 532 4576 cando,
563 4512 762 4567 multos
800 4514 1202 4586 interﬁciendo,
1256 4519 1544 4588 plerosque
1583 4525 1730 4576 omni
1763 4518 1921 4578 modo

2033 4534 2315 4599 ποιοῦντες
2373 4537 2454 4601 είς
2507 4537 2875 4608 πολύτροπον,
2912 4540 2986 4602 ὡς
3035 4539 3294 4594 ἐντεῦθεν
3319 4542 3416 4610 τὴν
3458 4540 3614 4610 ζωὴν-

331 4603 473 4682 male
529 4606 837 4674 tractando,
887 4617 948 4662 ut
998 4609 1163 4664 etiam
1217 4611 1342 4666 talis
1393 4614 1498 4666 vita
1534 4613 1718 4668 Abelis
1771 4617 1914 4670 ctede

330 4697 698 4753 miserabilior
727 4703 1000 4757 censenda
1037 4702 1126 4758 sit.
1163 4703 1391 4774 Insuper
1418 4718 1915 4762 commemorarunt

329 4800 534 4846 metum
561 4792 655 4862 qui
691 4793 917 4848 Ca‘inum
951 4795 1234 4862 invaserit,
1271 4806 1325 4852 et
1359 4815 1387 4852 a
1430 4797 1570 4855 facie
1606 4799 1697 4854 Dei
1749 4802 1916 4868 rejec-

331 4880 560 4950 tionem,
611 4890 665 4938 et
711 4884 890 4940 vultus
922 4887 1176 4942 sudorem
1211 4889 1276 4943 ad
1315 4905 1475 4960 quem
1530 4892 1793 4954 Adamus,
1823 4893 1912 4947 ubi

329 4971 447 5028 leve
497 4977 624 5043 quid
660 4989 1005 5046 peccaverat,
1059 4983 1458 5038 condemnatus
1505 4984 1628 5042 fuit.
1675 4985 1914 5053 Denique

332 5061 656 5117 tribulorum
709 5081 772 5120 ac
838 5068 1122 5137 spinarum
1185 5071 1493 5140 iniecerunt
1555 5076 1911 5139 mentionem,

330 5153 526 5219 quibus
580 5157 766 5223 homo,
820 5157 932 5213 Deo
987 5161 1282 5229 irascente,
1338 5167 1387 5220 in
1437 5181 1567 5235 agro
1614 5166 1915 5223 laborando

329 5247 608 5314 pungnnr.
1157 5257 1168 5267 ‘

403 5336 490 5391 10.
530 5337 688 5392 Multa
722 5340 887 5410 igitur
918 5343 1186 5412 ejusmodi
1217 5350 1666 5416 pronuntiarunt.
1694 5362 1749 5408 et
1788 5369 1914 5423 pra-

328 5443 455 5482 vum
493 5429 641 5484 illum
677 5434 952 5502 morbum,
996 5453 1104 5506 quo
1149 5439 1237 5492 isti
1287 5441 1522 5496 ferarum
1558 5445 1726 5498 instar
1771 5447 1821 5500 in
1856 5462 1914 5503 se

329 5521 564 5577 invicem
637 5528 977 5592 saeviebant,
1049 5531 1302 5585 excidere
1367 5534 1728 5598 studuerunt,
1801 5536 1912 5591 Deo

330 5615 554 5667 omnino
611 5631 796 5671 eorum
861 5622 1020 5674 verba
1079 5622 1440 5679 conlirtnante
1497 5625 1912 5696 doctrinamque

339 5705 654 5776 adjuvante,
704 5721 869 5777 atque
919 5713 1132 5767 demum
1190 5716 1464 5785 tranquilli
1504 5730 1908 5787 exspectarunt,

334 5803 397 5850 ut.
433 5797 772 5858 auditoribus
807 5819 1125 5874 persuasum
1165 5817 1328 5865 esset.
1383 5810 1464 5864 Ab
1497 5811 1597 5866 hoc
1625 5810 1746 5868 inde
1778 5820 1914 5867 tem-

2017 4627 2274 4696 ἡγεῖσθαι
2312 4627 2538 4696 χείρονα
2569 4629 2661 4682 τοῦ
2697 4630 2838 4683 κατὰ
2872 4632 2963 4683 τὸν
2998 4631 3165 4684 ’Ἅϐελ
3198 4631 3454 4696 θανάτου,
3490 4635 3614 4688 ἀνε-

2021 4716 2335 4785 μίμνησκον
2367 4717 2424 4769 δέ
2450 4715 2515 4769 ἂν
2540 4717 2785 4782 ἐκείνους
2820 4719 2914 4772 καὶ
2943 4720 3172 4790 τρόμου,
3209 4721 3306 4774 τοῦ
3334 4723 3479 4775 κατά
3519 4723 3610 4774 τὸν

2017 4807 2181 4873 Κάῖν,
2240 4809 2335 4860 καὶ
2388 4808 2620 4879 ἐκϐολῆς
2668 4809 2778 4863 ἀπὸ
2833 4811 3130 4882 προσώπου
3183 4812 3277 4865 τοῦ
3303 4812 3464 4878 Θεοῦ,
3512 4815 3606 4867 καὶ

2018 4899 2259 4969 ἱδρώτων
2291 4900 2609 4969 προσώπου,
2636 4901 3172 4970 καταψηφισθέντων
3195 4903 3289 4957 τοῦ
3323 4905 3607 4974 προπάτο-

2019 5010 2129 5062 ρος,
2151 4992 2233 5061 ἐφ⁸
2260 4987 2340 5055 οἷς
2361 4993 2535 5063 βραχύ
2567 5011 2619 5046 τι
2647 4994 2868 5064 παρέϐη
2893 5009 2904 5022 ⁶
2929 4997 3022 5048 καὶ
3044 4997 3326 5066 τριϐόλους
3351 5000 3608 5070 παρήγα-

2014 5102 2111 5151 γον
2139 5086 2217 5148 si;
2251 5085 2510 5153 ἐνθύμιον
2549 5088 2646 5139 καὶ
2695 5087 2966 5154 ἀκάνθας,
3000 5089 3056 5141 αἶ
3089 5089 3225 5142 Θεοῦ
3266 5091 3612 5162 παροξύνανθ

2017 5190 2104 5236 τος
2140 5175 2388 5229 κεντοῦσι
2413 5177 2505 5229 τὸν
2527 5177 2772 5249 ἐργάτην
2794 5178 3102 5249 ἄνθρωπον.

2089 5354 2138 5408 ι’.
2186 5357 2293 5408 Καὶ
2331 5354 2558 5410 τοιαῦτα
2599 5357 2770 5412 πολλὰ
2818 5359 3019 5430 ἐκεῖνοι
3069 5360 3459 5431 ποριζόμενοι,
3508 5363 3604 5416 καὶ

2015 5446 2113 5514 τῆς
2140 5447 2355 5516 φαύλης
2391 5450 2550 5501 νόσου
2585 5451 3011 5522 κατεπᾴδοντες,
3050 5454 3116 5522 ἣν
3147 5453 3388 5524 ἔπασχον
3405 5457 3450 5506 οξ
3476 5456 3600 5507 κατ’

2018 5537 2260 5603 ἀλλήλων
2308 5539 2752 5610 ἐκθηριούμενοι,
2814 5545 3035 5608 πάντως
3086 5547 3150 5598 ἂν
3203 5547 3599 5611 συλλαλοῦντος

2019 5629 2110 5681 τοῦ
2138 5630 2294 5691 Θεοῦ,
2329 5637 2420 5685 καὶ
2455 5635 3072 5706 συνεπιλαμϐανομένου
3108 5640 3208 5706 τῆς
3244 5640 3600 5704 διδασκαλίας

2019 5721 2222 5788 αὐτοῖς,
2269 5721 2415 5793 εἶχον
2449 5725 2516 5780 ἂν
2563 5728 2747 5797 ἡρέμα
2778 5729 2866 5797 ἐφ’
2900 5731 3196 5784 ὁποσονοῦν
3224 5731 3439 5784 πείθειν
3469 5733 3598 5794 τοὺς

2020 5813 2348 5879 ἀκούοντας·
2392 5820 2484 5871 καὶ
2534 5819 2594 5872 τὸ
2626 5819 2838 5875 ἐκεῖθεν
2879 5820 3103 5894 ἡμερῶν
3137 5820 3498 5894 ἠλαττονοῦτο
3562 5824 3596 5893 ἡ
