4048 6422
340 403 440 467 309

908 395 1007 456 DE
1046 389 1524 453 OBEDIENTIA
1576 383 2114 449 MAGISTRATUI
2162 387 2637 453 CHRISTIANO
2701 393 3013 455 DEBITA.

3497 368 3606 465 aio

343 522 507 579 κακία
534 519 612 590 τῷ
644 517 826 588 συχνῷ
848 517 946 587 τῆς
969 510 1362 580 διδασκαλικῆς
1394 509 1669 579 ἐντυχίας,
1697 509 1791 563 καὶ
1826 507 1908 570 εἰς

2022 489 2145 576 pore
2163 511 2448 568 imminuta
2469 523 2552 568 est
2570 514 2907 584 improbitas,
2926 530 3048 571 cum
3067 515 3315 573 doctrina
3342 530 3606 590 perpetuo

343 620 460 672 ὅσον
508 614 602 668 καὶ
659 614 785 666 ὅσον
848 611 882 680 ἡ
920 609 1192 678 φαυλότης
1256 605 1500 676 egeam,
1541 604 1632 658 καὶ
1667 606 1700 674 ἡ
1729 603 1914 656 ἀδικία

345 707 690 763 συνέστελλεν
743 704 979 773 ἑαυτήν·
1031 702 1125 755 καὶ
1181 701 1244 770 δὴ
1274 700 1549 754 συννεύων
1574 701 1805 762 ἕκαστος
1833 699 1913 762 εἰς

342 807 515 876 ψυχὴν
537 804 632 856 καὶ
659 799 1106 869 προϐαλλόμενος
1131 797 1266 850 αἰδὼ
1291 797 1384 850 καὶ
1405 795 1648 865 νέμεσιν,
1667 794 1915 862 ἐσωφρο-

344 899 572 967 νίζοντο,
609 898 704 949 καὶ
725 894 1116 957 ὀνειδιζόμενοι
1144 892 1451 961 ἐμάνθανον
1477 887 1615 941 Θεοῦ
1647 884 1786 940 εἶναι
1820 887 1918 939 άν-

344 989 576 1057 θρωποι,
609 987 702 1038 καὶ
732 985 808 1048 ὼς
837 985 973 1055 προς
1011 985 1219 1037 ἐκεῖνον
1262 981 1543 1050 ὀφείλουσι
1578 979 1914 1050 γράφεσθαι,

346 1075 400 1132 οὗ
431 1077 532 1146 τὴν
561 1076 741 1129 εἰκόνα
769 1075 1059 1146 φοροῦσιν,
1093 1075 1188 1126 καὶ
1212 1075 1294 1126 ὅτι
1328 1070 1501 1143 βαλὴν
1545 1071 1654 1124 τῶν
1679 1072 1770 1123 ἐπί
1814 1069 1917 1137 γῆς

345 1171 543 1240 ἐτάχθη
593 1171 622 1223 ό
653 1167 943 1236 ἄνθρωπος
996 1163 1161 1225 εἶναι,
1206 1169 1302 1221 καὶ
1336 1163 1718 1232 ἐνετρέποντο,
1772 1161 1917 1215 καθὰ

345 1263 533 1333 ἐχρῆν,
567 1261 664 1314 ἐὰν
711 1259 1090 1331 πεπλασμένοι
1137 1258 1374 1313 τοιοῦτοι
1433 1257 1585 1310 αὐτοὶ
1617 1255 1918 1326 διαφέρωσι

342 1355 462 1406 κατ’
493 1353 649 1406 οὐδὲν
680 1353 911 1421 μάργων
933 1351 1031 1422 τὴν
1063 1353 1310 1421 γαστέρα
1339 1350 1568 1420 θηρίων,
1592 1349 1918 1418 ψευδόμενοι

341 1447 428 1499 τδν
457 1446 662 1498 σκοπὸν
713 1443 808 1496 τοῦ
840 1443 1000 1508 Θεοῦ,
1035 1446 1130 1496 καὶ
1162 1443 1306 1496 οὕτω
1337 1441 1783 1514 προκαλούμενοι
1823 1441 1918 1494 τὸν

340 1539 602 1600 σατανᾶν,
655 1536 965 1605 κτήσασθαι
1022 1536 1222 1599 αὐτοὺς
1249 1536 1329 1598 είς
1378 1536 1582 1588 οἰκεῖον
1613 1533 1762 1587 λαόν.
1810 1534 1918 1586 Καὶ

337 1629 516 1682 τοίνυν
546 1629 623 1691 ὡς
670 1630 727 1680 ἐν
772 1629 1046 1698 ύπαγωγῇ
1075 1645 1182 1681 τινι
1216 1626 1503 1682 ἀνέϐαινον
1557 1626 1635 1696 τῷ
1668 1624 1916 1695 λογισμῷ

337 1719 496 1788 ὑψοῦ,
533 1721 629 1772 καὶ
662 1717 926 1788 ἐφρόνουν
984 1719 1170 1771 οὐκέτι
1202 1718 1366 1787 γήϊνα
1394 1717 1476 1780 είς
1505 1716 1565 1769 τὸ
1614 1718 1746 1777 πᾶν,
1795 1716 1919 1770 ούδέ

335 1812 469 1883 περὶ
489 1811 556 1865 τὰ
585 1810 738 1866 κάτω
759 1809 1068 1874 ἐκύπταζον
1092 1827 1104 1840 ’
1131 1811 1212 1873 είς
1235 1810 1467 1882 οὐρανὸν
1495 1809 1552 1862 δέ
1576 1809 1916 1865 ἀναϐλέπον-

333 1920 424 1968 τες
451 1906 518 1957 ἐκ
545 1902 958 1972 διαλειμμάτων
983 1903 1045 1956 ού
1073 1902 1329 1974 μακρῶν,
1359 1903 1453 1955 καὶ
1476 1903 1568 1956 τὸν
1597 1902 1689 1955 τοῦ
1709 1902 1919 1972 κόσμου

334 1992 569 2063 ποιητὴν
586 1993 952 2063 ἐννοούμενοι,
979 1993 1073 2046 καὶ
1092 1990 1268 2055 οὕτως
1286 1992 1468 2062 ὑψηλά
1491 1993 1715 2062 φρονεῖν
1741 1994 1854 2048 ἀπα
1865 2009 1922 2063 ρ-

333 2085 582 2156 ξάμενοι,
619 2083 714 2137 καὶ
770 2085 876 2138 τῶν
908 2083 1253 2152 περιπεζίων
1295 2083 1763 2152 ύπεριπτάμενοι,
1822 2082 1916 2137 τοῦ

331 2176 471 2230 Θεοῦ
517 2175 814 2246 ἐνήρξαντο
863 2175 1147 2245 γίνεσθαι⁶
1210 2177 1306 2228 καὶ
1366 2175 1543 2246 ἀρχὴν
1603 2175 1799 2243 σοφίας
1826 2176 1920 2228 τὸν

331 2268 550 2320 ἐκείνου
591 2266 757 2336 φόϐον
781 2269 1286 2338 προκεντήσαντες,
1318 2268 1626 2336 ἐγράφοντο
1653 2267 1918 2332 είκονιζό-

333 2377 490 2429 μενοι
528 2360 661 2431 πρὸς
694 2361 879 2426 αὑτὸν,
910 2361 1004 2412 καὶ
1045 2359 1335 2424 ἐπείγοντο
1357 2363 1438 2423 είς
1469 2360 1595 2414 ὅσον
1627 2361 1757 2432 ἐξῆν
1783 2362 1920 2432 πρὸς

332 2450 637 2521 μεσότητα.
670 2454 779 2505 Καὶ
799 2453 854 2505 αἱ
877 2456 1062 2523 χεῖρες
1078 2455 1194 2515 τοῖς
1218 2453 1436 2516 πολλοῖς
1459 2454 1706 2521 ἐγίνοντο
1729 2453 1916 2523 ἔργου,

328 2543 808 2614 καταρῤιπτοῦσαι
850 2544 920 2596 τὰ
973 2546 1052 2607 είς
1107 2537 1309 2598 κακίαν
1339 2545 1572 2615 ὄργανα,
1634 2546 1744 2598 εἴτε
1775 2545 1918 2598 λίθοι

329 2636 542 2700 ἐκεῖνα,
589 2636 701 2688 εἴτε
768 2635 924 2699 ξύλα,
954 2634 1063 2688 εἴτε
1121 2637 1218 2688 καὶ
1257 2634 1430 2705 ξιφῶν
1484 2635 1784 2706 προϐολαί·
1824 2637 1946 2690 καὶι

329 2728 543 2796 ἤρεσκε
568 2729 681 2790 τοῖς
703 2728 1009 2797 πλείοσινή
1043 2727 1273 2798 τοιαύτη
1326 2728 1596 2796 διαγωγὴ,
1649 2730 1762 2792 τοῖς
1821 2729 1919 2799 μὲν

332 2817 751 2887 ἀδικουμένοις,
793 2820 877 2871 ὅτι
921 2819 1024 2872 οὐκ
1052 2819 1296 2890 ἔπασχον
1340 2817 1420 2872 ἐτι
1475 2819 1662 2889 ὃμοια,
1718 2821 1831 2884 τοῖς
1861 2821 1919 2874 δὲ

327 2909 662 2980 ἐρχομένοις
691 2910 780 2963 διὰ
802 2911 986 2981 πάσης
1015 2911 1255 2977 ἀδικίας,
1287 2910 1578 2991 ὅτιούκέτι
1611 2912 1919 2984 πράγματα.

326 3001 454 3054 οὔτε
521 3001 740 3071 ἔχουσιν
782 3000 907 3056 οὔτε
959 3004 1321 3074 παρέχουσιν,
1377 3003 1498 3057 ούδέ
1557 3003 1749 3073 μονίαν
1803 3004 1918 3075 βίον

329 3093 638 3148 ἀσκοῦνται
661 3094 754 3148 τὸν
780 3093 1000 3164 ἄγριον,
1024 3095 1140 3149 ἀλλ’
1167 3097 1247 3159 είς
1273 3094 1478 3163 ἀγέλας
1508 3094 1643 3148 Θεοῦ
1673 3093 1924 3164 ξυναγείέ

2017 603 2402 669 inculcaretur,
2463 613 2516 660 et
2571 606 2834 674 injustitia
2890 608 3136 666 recessit.
3197 607 3402 668 Omnes
3458 615 3602 667 enim

2017 696 2260 750 unanimi
2301 697 2480 751 studio
2529 699 2593 752 ad
2645 699 2908 768 pudorem
2951 716 3013 756 ac
3055 702 3432 771 paenitentiam
3466 719 3605 758 con-

2016 786 2161 842 versi
2237 788 2362 842 vit:e
2428 789 2694 844 rationem
2767 790 3152 859 emendarunt,
3217 804 3273 848 et
3339 793 3604 864 increpali

2019 880 2409 936 intellexerunt
2460 896 2518 936 se
2561 897 2680 937 esse
2737 883 2829 937 Dei
2892 885 3140 939 homines
3194 886 3282 954 qui
3337 888 3384 942 ei
3451 887 3607 956 cujus

2021 971 2310 1040 imaginem
2333 971 2560 1039 ferrent,
2590 989 2709 1029 sese
2729 975 2982 1031 addicere
3004 976 3281 1042 deberent,
3304 980 3605 1046 prresertim

2018 1077 2142 1116 cum
2191 1063 2353 1118 homo
2394 1064 2561 1119 totius
2611 1074 2884 1120 terrarum
2936 1067 3088 1124 orbis
3135 1084 3224 1122 rex
3277 1072 3606 1126 constitutus

2017 1165 2183 1210 esset.
2220 1155 2332 1210 imo
2366 1157 2569 1227 pudore
2599 1173 2705 1228 quo
2734 1158 2982 1224 decebat,
3012 1161 3248 1230 correpti
3279 1176 3405 1217 sunt
3437 1163 3606 1232 quod,

2020 1258 2205 1318 utpote
2251 1250 2385 1305 tales
2433 1251 2597 1304 creati
2639 1290 2655 1315 ,
2703 1253 2752 1304 in
2805 1252 2948 1306 nulla
2984 1268 3040 1307 re
3071 1269 3102 1308 a
3143 1253 3271 1308 feris
3318 1256 3606 1310 voracitati

2021 1342 2448 1398 inscrvientibus
2485 1343 2788 1409 differrent,
2841 1345 2999 1400 tinem
3048 1362 3075 1399 a
3114 1345 3223 1402 Deo
3269 1349 3604 1417 propositum

2022 1435 2163 1488 haud
2201 1437 2552 1505 attingerent,
2605 1447 2767 1506 atque
2810 1438 2889 1494 sic
2931 1448 3178 1492 satanam
3220 1450 3606 1508 provocarent,

2022 1533 2080 1576 ut
2110 1525 2254 1590 ipsos
2290 1536 2545 1594 tanquam
2579 1541 2738 1580 suum
2766 1527 3020 1597 populum
3061 1529 3387 1597 possideret.
3420 1531 3608 1598 Itaque

2022 1615 2265 1670 animum
2325 1617 2393 1671 ad
2454 1617 2735 1685 superiora
2774 1619 3106 1676 extulerunt.
3154 1635 3327 1689 neque
3375 1621 3610 1692 amplius

2023 1709 2255 1764 terrenis
2317 1708 2678 1777 inhiaverunt,
2743 1725 2920 1780 neque
2976 1712 3328 1769 inferioribus
3385 1717 3609 1770 srudue-

2025 1811 2189 1866 runt,
2239 1803 2335 1857 sed
2383 1817 2528 1873 sarpe
2571 1803 2636 1858 ad
2686 1803 2886 1860 coelum
2947 1804 3274 1874 aspicientes
3318 1819 3373 1861 et
3417 1810 3607 1864 mundi

2026 1897 2292 1950 creatoris
2357 1897 2653 1964 recordati,
2717 1897 2961 1954 coelestia
3019 1915 3212 1970 sapere
3266 1909 3343 1966 et,
3403 1901 3608 1957 relictis

2026 1987 2404 2054 terrestribus,
2471 1987 2584 2044 Deo
2630 2003 2689 2043 se
2740 2002 3070 2044 consecrare
3128 2001 3432 2058 coeperunt.
3489 1992 3611 2060 Quo

2026 2075 2232 2132 factum
2270 2088 2354 2133 est
2386 2087 2466 2145 ut,
2496 2080 2691 2134 timore
2725 2079 2816 2134 Dei
2843 2089 3100 2151 tauquam
3137 2082 3291 2138 initio
3320 2084 3608 2155 sapientiae
3701 2136 3703 2138 .

2023 2170 2305 2237 commoti,
2339 2171 2407 2226 ad
2437 2171 2555 2239 ejus
2591 2172 3002 2228 similitudinem
3034 2189 3095 2229 se
3133 2187 3527 2245 componerent
3553 2188 3610 2234 et

2027 2263 2387 2318 moderationi
2415 2264 2901 2335 temperantiaeque
2927 2281 3026 2336 pro
3052 2267 3262 2322 viribus
3293 2269 3604 2326 studerent.

2022 2353 2175 2410 Multi
2229 2355 2418 2426 igitur,
2462 2354 2691 2424 abiectis
2724 2355 3004 2426 iniustitia:
3037 2357 3432 2424 instrumentis,
3467 2359 3606 2428 lapi-

2022 2447 2183 2502 dibus
2216 2446 2494 2514 nimirum,
2528 2447 2688 2512 lignis
2720 2458 2886 2517 atque
2917 2447 3136 2518 gladiis,
3164 2448 3229 2502 ad
3258 2463 3418 2518 opera
3453 2451 3607 2506 utilia

2022 2553 2142 2593 sese
2165 2538 2545 2604 arcinxerunt,
2567 2537 2774 2610 fuitque
2800 2539 2922 2596 talis
2943 2539 3155 2596 vivendi
3180 2540 3314 2595 ratio
3336 2540 3608 2611 plerisque

2025 2641 2273 2702 accepta,
2331 2631 2532 2703 injuria
2591 2647 2785 2702 nempe
2835 2631 3088 2697 affectis,
3153 2633 3406 2703 quoniam
3465 2633 3607 2689 haud

2023 2727 2258 2798 amplius
2296 2717 2428 2782 talia
2474 2727 2849 2796 patiebantur.
2904 2737 2959 2782 et
2990 2726 3096 2783 illis
3131 2729 3220 2798 qui
3254 2727 3439 2797 injusti
3490 2727 3608 2782 fue-

2023 2829 2172 2885 rant,
2229 2819 2486 2888 quoniam
2555 2833 2732 2890 neque
2793 2819 3007 2888 neg0tia
3091 2819 3364 2874 habebant
3433 2833 3606 2889 nequc

2025 2909 2400 2975 facessebant,
2426 2926 2602 2981 neque
2624 2912 2859 2982 amplius
2883 2913 3125 2968 ferarum
3141 2927 3304 2969 more
3328 2913 3603 2979 vivebant,

2023 3003 2120 3058 sed
2186 3002 2370 3058 divino
2435 3003 2600 3058 τίοιυί
2669 3004 2929 3060 accensiti
3011 3004 3317 3060 concordia:
3384 3019 3604 3075 operam

2025 3095 2322 3161 navabant,
2352 3109 2418 3150 ex
2445 3095 2681 3150 hostium
2713 3110 2945 3152 numero
2989 3097 3058 3152 ad
3106 3094 3334 3152 fratrum
3375 3111 3606 3152 consor-

326 3203 542 3258 ρονται,
569 3187 664 3240 καὶ
694 3184 828 3252 ζῶσι
855 3188 992 3257 πρὸς
1015 3189 1272 3258 χάριτας,
1301 3186 1501 3242 οὔκουν
1523 3188 1709 3260 ἐχθροὶ
1738 3189 1919 3260 μένειν

2027 3191 2160 3247 tium
2220 3192 2568 3261 transgressi.
2617 3191 2865 3248 Cessavit
2910 3192 3075 3264 igitur
3119 3192 3429 3258 morositas,
3460 3203 3609 3247 trau-

331 3275 746 3346 τεχναζόμενοι,
799 3277 915 3331 ἀλλ’
951 3278 1033 3340 εἰς
1087 3277 1348 3346 ἀδελφοὺς
1407 3280 1749 3350 ταττόμενοι.
1805 3283 1918 3337 Καὶ

327 3366 464 3435 γοῦν
500 3367 692 3421 ἐλύετο
725 3369 759 3439 ὴ
811 3368 958 3438 ἄκρα
1002 3369 1426 3440 σκυθρωπότης,
1482 3371 1580 3425 καὶ
1608 3373 1918 3444 ἐγαληνίων

322 3461 376 3513 oi
408 3459 788 3530 ὀφρυώμενοι,
818 3461 916 3514 καὶ
945 3461 1212 3533 ἐθάρρουν
1244 3461 1716 3529 συναγελάζεσθαι
1742 3467 1792 3519 oi
1821 3483 1919 3536 μο-

323 3551 516 3615 νάδες,
552 3552 646 3604 καὶ
677 3551 725 3602 οί
749 3551 1018 3620 σποράδες
1046 3553 1126 3614 είς
1151 3551 1432 3623 ἐγγύτητα
1462 3556 1554 3606 καὶ
1582 3555 1766 3624 φιλίας
1787 3556 1923 3610 ἐνω.

325 3659 414 3698 σιν
447 3644 710 3716 ἤρχοντο,
746 3644 841 3698 καὶ
867 3645 915 3697 ot
967 3643 1334 3716 διερῤωγότες
1362 3645 1668 3719 ἀκέστριαν
1705 3647 1921 3721 ἐξεύρι-

325 3753 462 3791 σκον
499 3738 604 3807 τὴν
640 3737 899 3807 ὁμόνοιαν
931 3739 1404 3809 συρῤαπτόμενοι.

400 3835 502 3888 ια’,
540 3830 652 3883 Καὶ
685 3829 904 3901 ἔχαιρον
931 3829 1035 3898 μὲν
1064 3832 1288 3894 πάντως
1318 3833 1414 3884 καὶ
1453 3833 1502 3885 oi
1527 3832 1918 3901 λαοσυνάκται,

320 3921 421 3986 οὓς
457 3921 720 3994 πρώτους
751 3924 780 3976 ό
808 3924 952 3977 κατά
977 3923 1114 3977 Θεὸν
1144 3924 1308 3994 ζῆλος
1341 3925 1423 3988 είς
1465 3927 1525 3978 τὸ
1554 3926 1797 3979 τοιοῦτον
1819 3944 1920 3980 κα-

319 4013 416 4067 λὸν
460 4013 731 4086 ἠρέθισεο
783 4015 910 4070 καθ’
961 4015 1272 4088 ὑπερϐολὴν
1329 4016 1386 4070 δέ
1426 4017 1922 4085 μᾶλλονέξεγίνετο

319 4107 556 4176 χαίρειν
595 4107 711 4168 τοῖς
771 4106 866 4160 τοῦ
921 4105 1132 4176 ἀγαθοῦ
1188 4108 1584 4176 ἀπολαύουσιν,
1650 4113 1824 4164 είπείν
1863 4113 1922 4166 δέ

317 4197 609 4268 ἀκριϐῶς,
625 4197 961 4268 ἀμφοτέροις
985 4199 1322 4270 ἐπληθύνετο
1350 4202 1383 4270 ἡ
1407 4203 1556 4256 κατὰ
1584 4202 1718 4256 Θεὸν
1737 4204 1919 4275 ἡδονὴ,

315 4291 440 4353 τοῖς
477 4306 546 4342 τε
574 4289 791 4344 ποιοῦσι
824 4289 886 4344 τὸ
911 4290 1136 4358 ἀγαθὸν,
1171 4293 1268 4345 καὶ
1299 4292 1442 4346 οὕτω
1478 4293 1644 4356 θείοις
1675 4297 1920 4365 ἀποφαι-

316 4384 610 4454 νομένοις,
645 4383 874 4445 καὶτοῖς
903 4382 1206 4437 εὐπαθοῦσι
1240 4384 1364 4438 κατ’
1395 4385 1548 4452 αὐτὸ,
1581 4387 1677 4440 καὶ
1707 4387 1921 4458 ἀνθρω-

319 4477 660 4546 πιζομένοις
683 4475 820 4545 πρὸς
846 4476 1131 4545 ἀλήθειαν.
1162 4477 1273 4530 Kal.
1307 4475 1488 4530 τοίνυν
1524 4479 1916 4548 συνερχόμενοι

2022 3283 2173 3354 quilli
2211 3283 2365 3341 fuere
2413 3285 2810 3354 superbientes,
2855 3285 2908 3340 in
2949 3286 3270 3343 societatem
3321 3288 3606 3342 coiverunt

2021 3375 2274 3443 solitarii,
2308 3377 2374 3431 ad
2405 3376 2713 3432 sodalitatis
2760 3378 3130 3450 amicitiaeque
3177 3379 3390 3435 vincula
3421 3394 3606 3436 acces-

2021 3477 2213 3524 serunt
2257 3469 2514 3538 dispersi,
2566 3479 2622 3524 et
2661 3470 2753 3540 qui
2791 3477 2949 3526 antea
2993 3471 3248 3541 disjuncti
3298 3470 3515 3526 fuerant
3547 3474 3602 3527 in

2020 3573 2232 3614 morum
2266 3568 2428 3629 atque
2458 3559 2770 3615 animorum
2803 3575 3074 3618 consensu
3112 3561 3368 3618 solatium
3401 3563 3604 3619 dulcis-

2018 3651 2214 3709 simum
2244 3653 2584 3709 invenerunt.

2097 3833 2179 3888 Η.
2249 3832 2429 3900 Quare
2477 3833 2649 3904 gavisi
2704 3843 2832 3890 sunt
2888 3834 3127 3906 gentium
3198 3838 3604 3895 consociatores

2021 3939 2159 3994 quos
2200 3927 2406 3993 primos
2453 3925 2639 3980 fervor
2675 3925 2895 3982 divinus
2935 3928 3001 3981 ad
3045 3927 3186 3982 hanc
3234 3943 3349 3983 rem
3405 3931 3601 3984 bonam

2019 4017 2408 4088 perficiendam
2445 4017 2810 4084 excitaverat;
2848 4018 3013 4074 multo
3037 4019 3209 4090 magis
3236 4030 3395 4076 auten
3431 4022 3601 4094 gavisi

2022 4119 2150 4167 sunt
2193 4110 2284 4180 qui
2335 4109 2440 4166 hoc
2472 4110 2740 4167 beneﬂcio
2790 4110 3132 4178 fruebantur,
3185 4113 3267 4168 vel
3300 4114 3507 4183 potius,
3545 4124 3604 4169 ut

2021 4210 2281 4256 accurate
2335 4200 2650 4270 loquamur,
2711 4203 2936 4274 utrique
2969 4205 3164 4276 gaudio
3195 4205 3382 4262 divino
3409 4207 3602 4277 repleti

2025 4300 2176 4358 sunt,
2239 4293 2500 4349 nimirum
2532 4302 2587 4348 et
2620 4293 2675 4348 bi
2706 4293 2797 4363 qui
2830 4295 2995 4364 hujus
3047 4295 3303 4352 beneficii
3351 4307 3604 4356 auctores

2021 4383 2158 4438 facti
2193 4393 2243 4438 ct
2269 4384 2349 4439 sic
2383 4393 2638 4454 tanquam
2667 4385 2775 4439 divi
2813 4386 3013 4441 redditi
3050 4386 3288 4453 fuerunt,
3311 4400 3367 4445 et
3398 4389 3475 4445 illi
3509 4395 3603 4462 qui

2025 4475 2132 4532 hoc
2185 4476 2453 4532 beneficio
2485 4477 2749 4547 impertiti
2782 4493 2973 4534 revera
3016 4479 3265 4536 homines
3296 4480 3422 4538 facti
3454 4495 3600 4539 sunt.

317 4569 668 4632 πανδαισίας
719 4569 1002 4636 ἐκάθιζον,
1055 4569 1155 4622 καὶ¹
1209 4568 1430 4639 ὁμιλίας
1480 4571 1914 4642 ἐπαρρησίαζον,

2029 4564 2318 4636 Congressi
2357 4567 2524 4636 igitur
2554 4567 2806 4623 convivia
2839 4568 3218 4637 instituerunt,
3247 4581 3302 4626 et
3334 4571 3604 4628 festivita-

316 4663 416 4716 καὶ
453 4661 810 4730 πανηγύρεις
838 4658 1021 4733 ἦγον,
1046 4661 1115 4725 ἃς
1165 4660 1482 4733 ἐσχεδίαζον
1502 4663 1552 4714 οἱ
1583 4666 1789 4734 καιροὶ,
1824 4667 1920 4719 καὶ

314 4754 614 4824 ἑώρταζον
662 4752 825 4824 ὥρια.
863 4755 924 4806 Ei
964 4754 1022 4808 δέ
1061 4756 1228 4826 μήπω
1255 4758 1325 4808 τὰ
1346 4759 1599 4826 τρυφερά
1623 4757 1926 4826 ἐδέσματα,

314 4846 446 4899 οᾷδὲ
473 4842 592 4913 μὴν
626 4838 769 4908 οἶνος
798 4845 1202 4915 ἐπεχωρίαζεν,
1229 4847 1304 4909 ὡς
1333 4847 1428 4900 καὶ
1455 4848 1916 4917 τραπεζοκομείν,

314 4939 418 4993 καὶ
443 4935 856 5003 είλαπινάζειν,
881 4938 979 4989 καὶ
1014 4938 1188 5008 ἡδέως
1219 4939 1621 5003 οἰνοποτάζειν,
1639 4939 1780 4992 ἀλλά
1803 4941 1922 4992 ἐπι-

315 5028 504 5092 νοίαις
534 5026 776 5098 ἑτέραις.
809 5028 882 5090 ὡς
919 5028 948 5081 ὁ
973 5029 1170 5099 χρόνος
1196 5029 1400 5088 ἐδίδου,
1431 5028 1692 5096 ἐξωσίουν
1724 5029 1791 5082 τὰ
1825 5046 1917 5099 φι-

315 5121 568 5192 λοτήσια
590 5133 602 5148 ⁸
633 5121 730 5174 καὶ
756 5115 899 5189 ἦσαν
929 5122 1084 5192 χοροὶ
1115 5121 1211 5174 καί
1241 5138 1388 5184 τινες
1418 5120 1576 5190 ᾠδαὶ,
1605 5121 1702 5174 καί
1729 5123 1921 5190 στῖφος

313 5211 593 5285 ηθροιζον
615 5213 668 5266 οἱ
691 5213 752 5266 τὸ
776 5214 906 5283 πρὶν
933 5215 1219 5285 μονήρεις,
1249 5216 1343 5268 καὶ
1367 5216 1399 5285 η
1439 5216 1503 5268 ἐκ
1545 5215 1730 5268 κοινοῦ
1757 5217 1920 5286 χάρις

314 5307 522 5377 ἐκείνη
552 5305 788 5375 πλείστη
820 5305 1160 5374 ἐξεφαίνετο,
1213 5307 1308 5361 καὶ
1339 5309 1371 5378 ἡ
1401 5307 1591 5376 ἀγάπη
1621 5308 1921 5361 κατεσπείι-

317 5416 478 5468 ρετο,
498 5397 964 5469 (ἐπαγγελλομένη
1001 5396 1196 5469 μικρὸν
1245 5398 1374 5452 ὅσον
1433 5400 1526 5453 καὶ
1553 5397 1796 5469 βλάστην
1820 5400 1919 5454 καὶ

314 5493 506 5562 αὔξην
542 5490 642 5559 τὴν
666 5489 916 5544 δέουσαν.

331 5633 338 5636 .
391 5582 490 5655 ιβ’.
541 5581 632 5645 Ὠς
659 5580 752 5635 οὖν
773 5583 807 5652 ἡ
839 5580 1200 5652 διδασκαλική
1227 5581 1412 5653 ἐπῳδὴ
1431 5581 1915 5653 ἐπανῆγενὴρέμα

315 5675 471 5729 κατὰ
546 5671 722 5744 βραχὺ
777 5671 907 5736 τοὺς
955 5673 1235 5742 καχέκτας
1273 5673 1332 5735 ἐς
1395 5673 1588 5741 ὑγείαν
1621 5673 1819 5744 ἀληθῆ,
1853 5673 1914 5727 εὖ

319 5769 477 5837 μάλα
541 5765 859 5834 πεφυκότας
917 5763 1395 5819 ἀποκαθίστασθαι
1445 5765 1527 5829 είς
1582 5764 1646 5819 τὸ
1673 5765 1916 5820 τοιοῦτον

317 5859 517 5927 καλὸν,
577 5859 670 5912 καὶ
707 5857 770 5912 τὸ
803 5856 1007 5930 ἀγαθὸν
1041 5857 1400 5930 ἐπηυξάνετο,
1427 5858 1523 5914 καὶ
1545 5857 1917 5932 ἀρετὴέπλη-

2027 4666 2106 4714 tes
2132 4673 2344 4713 annuas
2370 4669 2618 4728 egerunt.
2645 4657 2763 4714 iam
2790 4674 2918 4715 vero
2951 4659 2995 4715 si
3018 4662 3277 4717 carebant
3307 4664 3490 4718 adhuc
3522 4665 3602 4719 ci-

2023 4750 2110 4806 bis
2141 4750 2552 4806 delicatioribus
2584 4760 2749 4822 atque
2779 4750 2930 4816 vino,
2969 4752 3047 4807 ita
3092 4763 3150 4808 ut
3197 4767 3372 4823 neque
3404 4757 3601 4826 exqui-

2025 4844 2202 4899 sitiuri
2246 4859 2556 4900 mensarum
2582 4854 2868 4914 apparatu,
2907 4859 3084 4915 neque
3115 4845 3256 4902 dulci
3305 4846 3415 4902 vini
3466 4859 3598 4917 potu

2024 4935 2438 5001 delectarentur,
2482 4945 2662 4989 tamen
2707 4935 2833 4990 aliis
2891 4937 3072 5001 rebus,
3128 4945 3290 5006 prout
3344 4938 3602 5005 temporis

2023 5025 2408 5095 opportunitas
2435 5024 2794 5090 concedebat,
2832 5025 3164 5082 festivitates
3187 5041 3315 5082 suas
3343 5028 3600 5083 condive-

2024 5125 2154 5170 runt
2191 5134 2205 5171 :
2236 5115 2388 5172 fuere
2434 5115 2691 5169 nimirum
2743 5116 2979 5187 tripudia
3008 5126 3064 5173 et
3085 5119 3356 5184 carmina,
3408 5128 3463 5174 et
3496 5120 3592 5190 qui

2023 5208 2176 5277 prius
2221 5208 2451 5262 solitarii
2501 5207 2738 5274 fuerant,
2796 5209 2850 5264 in
2894 5219 3098 5266 emtum
3147 5210 3383 5277 coivere,
3437 5220 3492 5267 et
3545 5212 3600 5268 in

2022 5300 2310 5370 propatulo
2340 5299 2561 5354 fuerunt
2607 5301 2871 5357 beneficia
2903 5301 3122 5358 unionis
3150 5313 3312 5375 atque
3334 5304 3600 5360 consortii

2023 5394 2282 5458 maxima,
2317 5403 2374 5451 et
2406 5395 2644 5450 charitas
2701 5410 2806 5451 non
2845 5395 3020 5451 solum
3072 5397 3283 5452 radices
3340 5397 3472 5467 egit,
3507 5413 3600 5454 ve-

2026 5501 2148 5542 rum
2185 5488 2352 5542 etiam
2387 5487 2589 5543 sensim
2621 5487 2934 5556 sensimque
2961 5488 3299 5543 incrementa
3324 5488 3488 5560 cepit.

2095 5579 2180 5633 12.
2223 5578 2517 5650 Postquam
2551 5580 2715 5648 igitur
2747 5580 2894 5635 brevi
2921 5591 3162 5650 tempore
3192 5581 3438 5637 doctrina
3471 5596 3601 5635 sua-

2022 5673 2106 5729 vis
2138 5674 2202 5726 ad
2234 5672 2430 5726 bonam
2479 5671 2841 5728 valetudinem
2881 5674 3173 5728 reduxerat
3201 5687 3295 5728 eos
3316 5674 3410 5742 qui
3435 5683 3596 5727 antea

2021 5765 2162 5822 male
2211 5765 2491 5829 valebant,
2549 5763 2819 5833 siquidem
2851 5779 2880 5818 a
2917 5773 3112 5820 natura
3171 5765 3239 5818 ad
3297 5763 3418 5818 talis
3467 5763 3596 5818 Ι)οηί

2026 5858 2424 5930 perceptionem
2459 5857 2568 5928 apti
2608 5865 2793 5926 erant,
2825 5865 2878 5913 et
2923 5857 3182 5914 honestas
3241 5864 3508 5924 creverat,
3544 5865 3613 5912 et
