4048 6422
375 409 475 474 311

1078 403 1505 465 ΕυδΤΑἰίιυ
1560 401 1965 463 THESSAU)

2069 399 2322 462 IENSIS
2383 397 2946 460 ΜΕΤΗΟΡΟΙΑΤᾸΞ

3537 397 3644 462 312

381 523 559 575 virtus
611 518 913 574 invalnerat
948 534 961 572 :
1001 528 1131 572 tunc
1180 516 1475 571 consiliarii
1529 516 1603 570 illi
1672 514 1961 585 prudentes

2069 514 2278 578 θύνετο,
2302 512 2596 584 εἰσηνέχθη
2625 511 2686 564 τὸ
2710 510 2968 565 ἐντεῦθεν
2996 509 3193 582 γνώμη
3224 510 3362 580 πρὸς
3413 510 3525 564 τῶν
3555 512 3644 564 ἐν-

379 627 445 668 ac
478 626 671 683 graves
724 611 1049 666 sententiam
1097 611 1149 664 in
1184 611 1421 664 medium
1473 608 1842 678 protulerunt,
1899 617 1959 660 ut

379 707 560 760 st‘atus
596 702 684 757 ille
713 702 1004 766 naturalis,
1053 716 1215 770 quem
1261 699 1429 754 veluti
1455 700 1697 753 divinum
1739 697 1958 750 institu-

386 808 500 848 tum
530 793 760 858 diceres,
795 792 1054 860 ﬁgeretur
1068 804 1132 845 ac
1162 798 1602 845 conservaretur.
1637 789 1812 854 Quam
1836 802 1960 842 sen-

381 884 606 939 tentiam
647 883 735 938 ubi
770 882 1047 946 audivere,
1099 884 1191 952 qui
1236 882 1348 952 jam
1384 882 1526 936 illius
1558 880 1802 934 bern-ﬁcii
1837 874 1995 949 par?

378 978 573 1047 ticipes
623 985 805 1042 erant,
827 975 1076 1030 lubenter
1091 975 1494 1044 aequieverunv,
1512 983 1566 1029 et
1587 974 1821 1029 charitns
1842 990 1961 1028 mu-

382 1083 474 1125 tua
499 1070 694 1124 mirum
729 1070 779 1122 in
811 1069 1025 1120 modum
1075 1077 1317 1135 promota
1343 1076 1447 1131 est,
1473 1067 1543 1120 ita
1577 1076 1634 1119 ut
1682 1066 1863 1119 cuncti
1895 1066 1960 1118 ad

379 1161 692 1232 lmjnsmodi
759 1159 1074 1215 felicitatem
1161 1160 1499 1214 retinendam
1567 1160 1959 1214 consentirent.

385 1253 670 1309 Universis
694 1251 863 1323 igitur
889 1251 992 1306 hoc
1017 1251 1221 1320 placuit
1248 1252 1334 1306 vel
1375 1262 1498 1321 post
1535 1251 1768 1321 primani
1805 1250 1960 1304 audi-

378 1346 610 1410 tionem,
643 1353 698 1400 et
733 1346 1010 1399 decretum
1045 1353 1155 1408 est,
1199 1352 1260 1398 ut
1311 1343 1507 1398 bonum
1545 1344 1851 1412 nuperrime
1881 1357 1963 1396 re-

381 1443 592 1504 pertum
658 1433 712 1488 in
773 1445 991 1503 tempus
1049 1435 1288 1489 futurum
1321 1444 1734 1504 propagaretur,
1791 1449 1964 1502 neque

380 1528 489 1581 ullo
523 1526 683 1583 modo
737 1526 866 1580 inde
900 1527 1298 1582 declinaretur.
1355 1524 1472 1580 Jam
1531 1541 1663 1580 vero
1703 1526 1844 1594 quod
1882 1525 1962 1579 sic

376 1617 653 1688 placuerat
699 1618 766 1672 de
798 1617 884 1671 die
939 1618 992 1671 in
1028 1618 1170 1671 diem
1219 1618 1396 1688 magis
1446 1617 1827 1671 conﬁrmatum
1853 1625 1959 1681 est,

381 1711 528 1766 salus
563 1710 870 1766 communis
915 1710 1274 1765 stabilitatem
1337 1711 1570 1779 accepit,
1607 1724 1662 1763 et
1685 1709 1961 1762 decretum

2064 608 2270 677 τέχνων
2309 607 2403 660 καὶ
2431 604 2737 659 σπουδαίων
2773 603 3074 675 βουλευτῶν
3101 603 3346 668 ἐκείνων,
3387 603 3644 674 μεθοδεύ-

2062 695 2222 770 θῆναι
2275 700 2608 769 παραμονήν
2661 713 2810 761 τινα,
2841 697 2936 750 καὶ
2985 697 3224 766 φυσικήν
3265 697 3361 748 καὶ
3392 695 3470 758 ὡς
3527 690 3642 750 οἷον

2061 793 2422 861 ταμιευτικὴν
2445 790 2781 860 συντήρησιν
2808 788 2903 842 τοῦ
2929 788 3276 858 θεοπέμπτου
3303 787 3639 857 εὑρήματος·

2062 885 2156 938 καὶ
2187 885 2237 937 oi
2263 885 2362 954 τὴν
2389 883 2618 954 γνώμην
2665 881 3071 949 είσδεδεγμένοι
3098 880 3164 942 δι’
3198 878 3394 947 ἀκοῆς,
3429 878 3505 940 ὡς
3535 878 3637 948 ήδη

2061 975 2156 1030 τοῦ
2197 974 2372 1030 καλοῦ
2420 975 2769 1046 γεγευμένοι,
2823 973 3266 1042 ἐγλυκάνθησαν,
3328 969 3423 1024 καὶ
3475 969 3640 1031 πόθος

2062 1069 2308 1141 ἀλλήλων
2333 1071 2414 1134 είς
2443 1070 2606 1124 πλέον
2633 1063 2778 1122 εἷλεν
2808 1068 3031 1130 αὐτοὺς,
3055 1066 3147 1120 καὶ
3173 1063 3371 1135 mil/exi]
3395 1061 3642 1116 ἑκάστων

2063 1165 2237 1235 ἐφίλει
2269 1165 2330 1219 τὺ
2355 1165 2676 1234 παράμονον
2707 1161 2802 1215 τοῦ
2830 1161 3244 1231 γλυκάσματος.
3277 1153 3642 1227 Εύηρεστήθη

2063 1257 2248 1311 τοίνυν
2297 1257 2476 1311 ἅπασι
2528 1257 2590 1310 τὸ
2616 1258 2888 1326 πρᾶγμα’
2939 1255 3036 1308 καὶ
3092 1249 3511 1312 ὑπακούσαντες
3563 1248 3643 1308 εἰς

2066 1350 2316 1422 ὑπακοὴν
2349 1349 2511 1404 ὠτίου
2541 1351 2885 1406 κατένευσαν
2927 1347 3268 1419 κυρωθῆναι,
3298 1342 3547 1413 γίνεσθαι
3582 1339 3644 1394 τὸ

2065 1444 2366 1514 εὑρημένον
2396 1444 2600 1511 ἀγαθὸν
2659 1444 2756 1496 καὶ
2790 1443 2873 1505 είς
2916 1439 2976 1494 τδ
3013 1439 3164 1507 ἑξῆς,
3195 1438 3268 1500 ὼς
3304 1436 3478 1498 οὕτως
3509 1435 3644 1486 αὐτὸ

2066 1533 2577 1602 καταπράττεσθαι,
2611 1534 2707 1586 καὶ
2733 1532 2808 1602 μὴ
2832 1532 3030 1593 ἄλλως.
3057 1527 3168 1582 Καί
3189 1543 3252 1596 γε
3283 1522 3644 1594 ἐκραταιοῦτο

2067 1626 2161 1680 ἐπὶ
2201 1625 2365 1679 πλέον
2419 1625 2543 1678 καθ’
2603 1623 2846 1694 ἑκάστην
2879 1623 3096 1692 ἡμέραν
3125 1621 3187 1673 τὸ
3211 1617 3384 1681 οὕτως
3415 1617 3644 1687 ἀρέσαν,

2066 1718 2161 1772 καὶ
2186 1717 2365 1770 κοινὸν
2395 1717 2753 1785 καθειστήκει
2785 1716 2845 1768 τὸ
2866 1717 3123 1785 ἕρμαιον,
3150 1713 3246 1766 καὶ
3274 1711 3334 1766 τὸ
3363 1711 3540 1778 δόγμα
3573 1711 3641 1777 τῇ

378 1819 480 1859 usu
511 1804 703 1857 diurno
728 1803 780 1856 in
809 1803 1260 1857 consuetudinem
1296 1802 1437 1856 abiit
1481 1817 1626 1872 qum,
1661 1801 1750 1857 ubi
1797 1801 1848 1853 in
1876 1799 1962 1853 lu-

2069 1814 2236 1880 συχνῇ
2267 1810 2428 1880 τριϐῇ
2462 1810 2757 1880 ἐστήρικτο
2784 1811 2866 1872 εἰς
2896 1810 3029 1861 αὐτὸ
3051 1807 3116 1878 δὴ
3141 1805 3301 1858 τοῦτο
3336 1802 3480 1868 ἑθος,
3506 1803 3643 1870 ὅπερ

381 1911 500 1950 cem
537 1894 736 1964 prodiit
774 1905 829 1950 et
858 1895 1000 1949 inter
1041 1894 1286 1950 homines
1345 1898 1620 1964 apparuit,
1683 1894 1964 1948 abundan-

2069 1877 2340 1969 exedisse
2394 1877 2476 1965 είς
2511 1877 2807 1971 πρόοπτον,
2869 1900 2964 1953 καὶ
2995 1877 3328 1967 τεθεαμένον
3360 1895 3516 1966 ήλίῳ,
3549 1896 3643 1948 καὶ

381 1988 511 2041 tiam
543 1987 828 2056 quamdam
861 1996 915 2041 et
943 1995 1001 2041 ut
1028 1987 1100 2040 ita
1138 1986 1339 2053 dicam,
1374 1987 1497 2041 vitae
1533 1985 1881 2057 splendorem
1908 1995 1964 2042 et

381 2081 835 2152 magnificentiam
871 2081 1149 2150 produxit.

454 2174 544 2229 15.
589 2174 669 2229 Ab
696 2173 784 2228 illo
838 2173 964 2228 inde
1028 2184 1270 2243 tempore
1343 2173 1595 2228 homines
1639 2187 1835 2228 secure
1900 2186 1964 2227 ac

383 2267 675 2340 tranquille
727 2267 1213 2334 conversabantur,
1264 2266 1524 2321 amicitiae
1570 2267 1797 2321 sincera:
1823 2265 1967 2334 vige-

378 2363 536 2428 bant,
582 2360 784 2416 foedera
811 2359 1236 2426 saneiebantur;
1286 2374 1446 2428 porro
1477 2359 1654 2414 cultus
1696 2373 1856 2412 verus
1903 2371 1966 2411 ac

379 2453 664 2510 rationalis
744 2452 996 2516 invaluit,
1062 2452 1336 2520 siquidem
1401 2453 1574 2506 Deum
1656 2458 1963 2506 creatorem

382 2547 647 2613 universi,
717 2546 794 2599 uti
857 2545 1032 2614 prius,
1098 2559 1429 2614 cognoscere
1467 2553 1743 2613 caeperunt
1784 2545 1962 2611 eique,

381 2639 525 2696 sicut
555 2637 803 2693 homines
829 2638 1006 2701 decet,
1040 2639 1249 2708 gratias
1294 2651 1475 2708 agere.
1524 2636 1794 2690 Praeterea
1820 2650 1968 2690 sum-

382 2744 532 2784 mum
566 2727 1066 2798 suavissimumqne
1101 2728 1229 2782 vita:
1263 2728 1489 2793 bonum,
1512 2726 1785 2794 justitiam
1811 2726 1959 2790 dico,

382 2821 694 2888 coluerunt,
731 2835 906 2890 neque
950 2819 1188 2890 amplius
1219 2819 1641 2878 suffocationes.
1674 2827 1730 2872 ut
1757 2820 1810 2871 in
1841 2832 1967 2886 pro-

388 2913 581 2968 verbio
634 2921 752 2978 est,
804 2911 899 2968 sed
951 2912 1273 2980 partitiones
1325 2909 1495 2965 fuere.
1582 2909 1963 2974 Mansuetudo,

385 3005 646 3075 primaria
680 3004 917 3059 hominis
948 3012 1106 3068 nota,
1147 3001 1504 3071 tranquillum
1552 3001 1790 3056 reddidit
1853 2998 1966 3055 fra-

395 3107 540 3152 trum
569 3096 1008 3159 contubernium,
1043 3105 1186 3150 terra
1222 3104 1402 3147 autem
1447 3093 1588 3146 alma
1621 3100 1815 3156 mater,
1845 3092 1964 3161 plu-

2066 1993 2398 2064 ἀναλάμψαν
2448 1993 2674 2060 ἐποίησέ
2723 2011 2845 2046 τινα
2885 1991 3320 2062 περιουσιασμδν
3369 1989 3644 2058 κτήσεως,

2067 2089 2185 2152 καὶ,
2217 2087 2292 2150 ὼς
2319 2085 2495 2150 οὕτως
2525 2088 2724 2149 εἰπεῖν,
2761 2085 2982 2156 βιότιον,
3013 2087 3109 2137 καὶ
3137 2082 3268 2136 αὐτὸ
3309 2082 3562 2150 κόσμιον.
3639 2135 3663 2154 _

2143 2186 2235 2246 ιγ’.
2279 2178 2390 2232 Καὶ
2438 2179 2893 2250 ἐπαρρησιάσατο
2923 2177 3130 2229 ἐκεῖθεν
3160 2174 3354 2244 χρόνου
3377 2173 3649 2242 τεθαρρη-

2070 2269 2208 2340 μένη
2243 2269 2658 2340 συμὸιότευσις,
2684 2268 2779 2322 κα)⁸
2808 2267 3174 2337 παρήχθησαν
3196 2264 3418 2334 ἀφελεῖς
3451 2278 3646 2316 κοινω-

2069 2364 2203 2428 νίαι,
2241 2363 2337 2416 καὶ
2371 2361 2690 2431 ὑπηύγαζον
2726 2360 3192 2427 συναλλάγματαο
3245 2355 3543 2422 ἐμελετᾶτο
3591 2353 3647 2406 δὲ

2069 2455 2164 2510 καί
2190 2472 2270 2518 τις
2304 2454 2573 2537 θρησκεία
2594 2454 2728 2524 ὀρθὴ
2761 2452 2901 2522 μετὰ
2927 2452 3266 2521 λογιότητος,
3296 2448 3648 2516 ἐπεγνωσμέ-

2069 2564 2162 2600 νου
2201 2545 2296 2600 τοῦ
2332 2547 2554 2600 πάντων
2597 2543 2829 2614 ποιητοῦ
2862 2543 3026 2608 Θεοῦ,
3058 2543 3134 2606 ὡς
3185 2541 3337 2610 ἐξῆν,
3367 2537 3649 2610 ἀρχαῖκὼι

2067 2657 2250 2708 τερον,
2279 2640 2374 2692 καὶ
2419 2638 2790 2707 ἐπωφείλοντο
2822 2640 3051 2708 χάριτες
3080 2635 3221 2688 θεῖαί
3254 2635 3316 2687 τὲ
3340 2648 3504 2695 τινες,
3555 2631 3648 2684 καὶ

2069 2731 2190 2784 ὅσαι
2213 2731 2270 2782 δέ
2294 2729 2415 2783 κατ’
2433 2729 2721 2799 ἄνθρωπον
2738 2744 2754 2760 ·
2787 2729 2883 2781 καὶ
2910 2726 3290 2794 ἐφιλοσοφεῖτο
3308 2720 3648 2788 δικαιοσύνη,

2066 2823 2127 2874 τὸ
2155 2821 2427 2891 πάμμεγα
2483 2822 2596 2883 τοῖς
2629 2821 2688 2873 ἐν
2745 2819 2846 2890 βίῳ
2895 2819 2990 2872 καὶ
3023 2817 3382 2888 χαριέστατον
3415 2814 3645 2882 ἀγαθόν·

2068 2915 2163 2968 καὶ
2195 2913 2379 2966 οὐκέτι
2405 2911 2599 2980 πνίγες
2619 2907 2781 2984 ἦσαν,
2807 2910 2944 2965 ἀλλὰ
2981 2909 3220 2980 μερίδες,
3245 2908 3306 2960 τὸ
3339 2925 3646 2979 παροιμια-

2067 3006 2339 3076 ζόμενον
2391 3005 2488 3058 καὶ
2548 3006 2596 3057 οί
2651 3006 2753 3074 μὲν
2802 3002 3027 3071 ἀδελφοὶ
3081 3000 3647 3072 ἀνενόχλητοιὲμενον

2068 3097 2410 3169 ἡμερότητος
2472 3096 2616 3164 λόγῳ
2645 3135 2662 3161 ,
2710 3093 3236 3166 χαρακτηριζούσης
3308 3094 3597 3160 ἄνθρωπον
3627 3133 3674 3162 ,μ

387 3191 567 3246 rinum
629 3188 871 3243 laborata
927 3197 1012 3242 est
1059 3186 1264 3241 arando
1305 3183 1625 3250 ,l'odi'endo,
1680 3184 1962 3250 sulcando,

2069 3189 2292 3260 ᾤχλεῖτο
2344 3188 2402 3243 δέ
2428 3189 2462 3259 ή
2521 3187 2707 3259 μήτηρ
2739 3188 2834 3256 γῆ,
2872 3186 3237 3257 βοθρευομένη
3273 3187 3368 3239 καὶ
3397 3185 3650 3255 λαχαινο-

387 3291 444 3337 et
473 3280 650 3336 omnis
687 3279 906 3352 generis
962 3278 1294 3333 nutrimenta
1347 3293 1410 3331 ac
1455 3276 1678 3331 delicias
1714 3276 1962 3346 protulit,

390 3374 481 3429 illa
518 3374 734 3443 quidem
767 3371 841 3427 ad
871 3370 1280 3438 necessitatem,
1331 3369 1432 3424 has
1471 3377 1652 3424 autem
1701 3367 1772 3422 ad
1796 3367 1967 3422 abun-

387 3465 652 3522 dantiam.

461 3559 553 3615 Η.
592 3558 701 3614 Nec
735 3558 916 3614 minus
945 3555 1131 3612 Venus
1163 3555 1444 3625 vulgivaga
1474 3554 1640 3610 veluti
1670 3555 1722 3609 in
1747 3552 1970 3609 oblivio-

395 3653 480 3707 nis
509 3665 774 3706 oceanum
805 3649 1089 3705 submersa
1120 3656 1222 3710 est,
1253 3648 1479 3716 ejusque
1527 3648 1645 3702 loco
1683 3647 1968 3701 matrimo-

388 3745 540 3799 nium
584 3744 959 3799 introduetum
1012 3739 1379 3796 sanctiﬁcavit
1427 3739 1712 3794 hominum
1775 3739 1967 3808 conju-

389 3837 563 3907 gium.
612 3835 780 3888 Amor
828 3832 1131 3888 communis
1158 3831 1436 3897 discessit,
1483 3831 1712 3900 singulae
1764 3830 1967 3899 nuptis:

391 3927 659 3982 instituta:
695 3935 842 3990 sunt,
878 3934 932 3979 et
972 3924 1347 3992 unusquisque
1390 3938 1550 3976 unam
1583 3938 1647 3977 ac
1691 3927 1965 3992 propriam

391 4033 615 4073 uxorem
656 4029 991 4085 cognoscens
1023 4014 1074 4068 in
1108 4013 1310 4069 liberos
1345 4014 1485 4068 haud
1519 4012 1735 4082 spurios
1783 4023 1967 4080 pater-

390 4125 516 4165 nam
543 4110 792 4164 exercuit
828 4114 1174 4177 potestatem,
1213 4105 1448 4178 denique
1492 4105 1560 4160 ad
1586 4105 1776 4159 Adami
1809 4107 1967 4161 Eva:-

389 4217 498 4271 que
536 4201 867 4270 excit-iplum.
915 4200 1048 4267 ipsis
1107 4206 1236 4252 ante
1301 4198 1488 4253 oculos
1545 4197 1803 4266 positum,
1859 4213 1964 4252 una

391 4308 520 4348 caro
549 4291 788 4354 fuerunt,
820 4299 876 4345 et
911 4291 977 4344 ad
1014 4288 1119 4343 tale
1143 4287 1418 4356 exemplar
1449 4288 1804 4357 conSpicuum
1835 4304 1967 4344 con-

392 4382 612 4437 formati
663 4382 770 4437 illis
820 4381 1030 4436 similes
1068 4379 1185 4433 ﬁeri
1228 4380 1570 4443 studuerunt,
1615 4389 1674 4432 ut
1718 4379 1751 4434 ii
1783 4381 1874 4449 qui
1913 4381 1964 4434 in

393 4483 672 4545 posterum
732 4473 904 4528 amori
939 4471 1174 4542 plurium
1225 4469 1552 4526 feminarum
1602 4471 1963 4540 indulgerent,

2074 3281 2213 3350 μένη
2245 3280 2341 3332 καὶ
2396 3278 2763 3350 σκαπτομένη
2799 3279 2866 3332 τὰ
2917 3278 3112 3340 πλείω,
3148 3279 3244 3330 καὶ⁵
3275 3277 3648 3332 άνεὸλάστανε

2069 3373 2334 3427 παντοίαν
2355 3370 2584 3442 τροφὴν,
2611 3370 2730 3439 ἅμα
2762 3371 2858 3421 καὶ
2887 3369 3124 3439 τρυφὴν,
3161 3369 3261 3439 τὴν
3291 3368 3392 3439 μὲν
3418 3369 3559 3422 κατὰ
3588 3367 3650 3421 τὸ

2069 3465 2366 3536 αῠταρκες,
2391 3466 2492 3535 τὴν
2517 3465 2575 3517 δέ
2606 3463 2701 3518 καὶ
2733 3463 2813 3525 είς
2841 3462 3172 3532 ὑπέρπλεον.

2144 3557 2225 3614 ιδ’.
2266 3556 2579 3612 Ἐπαύσατο
2629 3555 2687 3608 δέ
2715 3553 3001 3608 καταδῦσα
3031 3554 3108 3617 ὡς
3136 3555 3216 3618 εἰς
3247 3555 3443 3609 πόντον
3476 3555 3651 3625 λήθης

2069 3654 2165 3706 καὶ
2187 3652 2222 3721 ή
2243 3649 2537 3718 ἀδιάφορος
2565 3647 2809 3716 Κύπρις,
2835 3645 2932 3699 καί
2962 3662 3046 3709 τις
3070 3645 3251 3715 γάμου
3276 3645 3446 3709 τύπος
3473 3647 3650 3699 ἐπεισ-

2070 3743 2239 3797 ελθὼν
2272 3741 2544 3810 ἐσέμνυνε
2577 3740 2676 3808 τὴν
2705 3737 2829 3792 κατ’
2852 3737 3147 3808 ἄνθρωπον
3179 3739 3442 3808 συζυγίαν
3463 3756 3478 3770 θ
3503 3742 3598 3794 καὶ
3619 3741 3648 3792 ὁ

2073 3837 2174 3906 μέν
2233 3835 2495 3903 ἀγελαῖος
2555 3833 2738 3902 Ἔρως
2770 3830 3134 3901 ἐπτερύξατο,
3169 3830 3370 3894 ἰδίαξον
3412 3832 3468 3884 δέ
3503 3849 3650 3897 τινες

2069 3929 2326 3998 θάλαμοι,
2358 3928 2454 3979 καὶ
2478 3925 2766 3995 γνωρίζων
2798 3923 3031 3985 ἕκαστος
3059 3923 3186 3992 μίαν
3214 3924 3370 3989 ίδίαν,
3393 3925 3648 3990 ἐδέσποζε

2069 4022 2166 4075 καὶ
2188 4023 2394 4074 τέκνων
2425 4019 2524 4072 οὐκ
2575 4017 2932 4085 ἀμφιϐόλων,
2967 4018 3062 4069 καὶ
3104 4018 3139 4086 ἡ
3171 4018 3315 4070 κατὰ
3343 4017 3434 4070 τὸν
3476 4018 3649 4088 Ἀδὰμ

2069 4114 2165 4166 καὶ
2190 4113 2289 4183 τήν
2321 4111 2464 4165 Εὕαν
2490 4109 2626 4179 σάρξ
2654 4109 2753 4179 μία
2773 4105 2842 4180 ἦν
2865 4109 3076 4174 αὐτοῖς,
3102 4108 3177 4172 ὡς
3200 4105 3288 4162 οἷα
3313 4110 3420 4182 πρὸ
3445 4109 3647 4179 ὀφθαλο

2071 4203 2225 4273 μῶνο
2283 4204 2378 4254 καὶ
2435 4201 2774 4270 τυπούμενοι
2833 4198 2975 4268 πρὸς
3025 4199 3379 4269 παράδειγμα
3408 4199 3648 4254 τοιοῦτον

2068 4293 2311 4363 ἐπόψιον,
2377 4291 2750 4362 προεκέντουν
2786 4291 2986 4353 αὐτοὺς
3034 4291 3112 4354 είς
3153 4291 3412 4345 ίσότυπον
3442 4291 3536 4345 ἐπὶ
3563 4293 3649 4344 αί-

2070 4384 2238 4456 σχύνῃ
2275 4384 2383 4438 τῶν
2417 4384 2716 4455 ἐσύστερον
2743 4382 3282 4452 κοινοποιησομένων
3311 4382 3380 4436 τά
3417 4383 3646 4451 γύναιαο

2070 4478 2165 4530 καὶ
2193 4472 2336 4545 εἶχεν
2367 4475 2573 4544 ἑκάστη
2612 4473 2787 4544 σκηνὴ
2822 4474 2915 4527 καὶ
2949 4473 3100 4527 ἆπαν
3128 4475 3444 4542 κατάλυμα,
3501 4474 3648 4529 καθά

392 4565 597 4632 pudore
628 4561 1094 4617 sttl‘funderentur.
1135 4559 1295 4615 Unde
1339 4559 1542 4615 factum
1570 4571 1676 4626 est,
1709 4571 1765 4615 ut
1798 4563 1965 4631 quod-

2072 4587 2123 4623 τι
2155 4569 2306 4630 ἔθνος
2338 4570 2371 4638 ἢ
2405 4571 2500 4622 καὶ
2529 4567 2725 4637 φυλὴν,
2761 4566 2855 4621 τὸν
2891 4567 3082 4639 ἄνδρα,
3115 4567 3213 4637 τὴν
3243 4570 3500 4635 γυναῖκα,
3520 4569 3647 4632 τοὺς

394 4657 476 4711 vis
521 4654 966 4717 tabernaculum,
1004 4653 1234 4722 quodvis
1281 4653 1638 4708 diversorium
1672 4668 1824 4708 suam
1853 4653 1964 4708 vel-

393 4751 469 4803 nti
517 4749 740 4804 haberet
780 4756 995 4816 gentem
1025 4761 1090 4801 ac
1120 4744 1399 4810 familiam,
1435 4746 1690 4800 maritum
1717 4759 1964 4811 uxorem,

394 4843 406 4893 |
436 4841 616 4902 beros,
669 4846 724 4894 et
775 4836 1086 4906 quicunque
1121 4851 1242 4890 cum
1299 4837 1378 4890 eis
1413 4836 1684 4905 degebant
1716 4837 1817 4890 hoc
1850 4835 1966 4888 vin-

392 4932 519 4987 culo
554 4945 694 4985 novo
721 4929 1022 5000 conjuncti.
1061 4928 1125 4981 Et
1152 4928 1442 4984 diabolus?
1467 4929 1683 4982 Diceres
1713 4927 1854 4981 hunc
1887 4927 1967 4980 itt-

393 5036 477 5079 ter
522 5026 643 5079 illos
701 5032 833 5078 tunc
889 5025 1034 5076 haud
1083 5005 1314 5088 vixisse;
1351 5021 1692 5077 detinebatur
1738 5020 1880 5075 enim
1911 5019 1966 5072 in

395 5113 528 5168 locis
554 5127 690 5181 quos
718 5110 983 5165 Dominus
1043 5125 1147 5164 non
1205 5109 1501 5175 visitabat;
1554 5110 1718 5163 homo
1785 5117 1967 5161 autem

394 5218 583 5258 revera
615 5211 734 5255 erat
767 5201 950 5255 homo.

469 5293 556 5347 15.
595 5291 766 5346 Porro
786 5293 1035 5348 homines
1067 5293 1142 5347 illi
1181 5291 1291 5348 Deo
1319 5293 1524 5362 accepti
1550 5293 1639 5362 qui
1671 5291 1830 5362 hujus
1871 5292 1968 5347 bo-

398 5385 454 5439 ni
492 5393 741 5437 auctores
762 5397 1121 5452 suasoresque
1152 5383 1391 5448 fuerant,
1441 5384 1667 5438 nimium
1704 5394 1966 5452 quantum

398 5493 496 5530 ore
525 5475 765 5529 omnium
799 5475 1083 5541 celebrati,
1129 5479 1514 5543 admiratione,
1548 5478 1821 5541 laudibus,
1852 5475 1970 5530 feli-

400 5564 749 5620 eitationibus
795 5566 1040 5631 elati,ad
1092 5567 1396 5635 principum
1441 5567 1757 5637 dignitatem
1802 5568 1967 5622 erecti

400 5668 546 5726 sunt,
591 5669 754 5725 atque
801 5659 875 5712 ita
924 5657 1168 5714 celebres
1205 5659 1331 5712 facti
1357 5661 1612 5730 dignique
1658 5661 1828 5715 habiti
1879 5663 1970 5732 qui

400 5754 478 5808 rei
516 5751 742 5821 publica:
773 5767 959 5806 curant
991 5761 1243 5822 gererent
1289 5763 1342 5807 et
1397 5755 1652 5822 deinceps
1683 5757 1806 5808 vitae
1839 5770 1969 5822 pro-

401 5857 572 5913 spera:
617 5841 967 5901 incrementis
1013 5845 1405 5916 prospicerent.
1458 5845 1712 5903 Nonnulli
1762 5855 1969 5915 autem,

2075 4663 2295 4730 παίδας,
2327 4663 2423 4715 καὶ
2465 4661 2660 4714 ὁπόσοι
2692 4659 2842 4714 ἄλλοι
2879 4659 3166 4727 ξυνδιῆγον
3217 4660 3403 4723 αὐτοῖς
3437 4660 3648 4732 θεσμῷ,

2072 4757 2153 4826 τῷ
2175 4755 2231 4819 ἐξ
2255 4755 2411 4818 ἔθους
2435 4751 2820 4820 καινοφανοῦς.
2857 4751 2967 4803 Καὶ
2995 4751 3022 4803 ὁ
3054 4750 3267 4820 δαίμων
3285 4767 3306 4820 ;λ
3366 4753 3511 4804 Ἀλλ’
3547 4754 3647 4804 οὐκ

2076 4847 2143 4900 ἂν
2172 4843 2320 4908 εἶπες
2347 4843 2511 4898 αὐτὸν
2539 4841 2779 4895 ἐνταῦθά
2809 4857 2872 4907 γε
2899 4840 2998 4910 ζῇν
3025 4856 3040 4869 ·
3062 4835 3207 4909 εἶχον
3239 4842 3346 4910 γὰρ
3371 4839 3532 4894 αὐτὸν
3554 4843 3646 4895 τό-

2075 4955 2190 5002 ποι,
2210 4936 2300 5000 οὓς
2319 4938 2419 4990 οὐκ
2451 4937 2751 4990 ἐπεσκόπει
2775 4938 2803 4989 ό
2822 4934 3029 5005 Κύριος
3051 4950 3066 4965 ο
3091 4937 3184 4987 καὶ
3208 4930 3276 5005 ἦν
3313 4939 3339 4987 ὁ
3359 4936 3647 5007 ἄνθρωπος

2075 5032 2360 5101 ἄνθρωπος
2393 5028 2469 5099 τῷ
2494 5029 2632 5082 ὄντι.

2149 5299 2232 5346 ιε’.
2279 5293 2388 5344 Καὶ
2436 5292 2484 5343 οἱ
2515 5290 2574 5343 τὸ
2610 5289 2774 5343 καλὸν
2806 5289 2964 5342 τοῦτο
3012 5289 3378 5356 ἐξανύσαντες
3409 5289 3650 5356 θεοςιλέ-

2079 5401 2262 5438 στατοι
2283 5381 2763 5452 πρωτοσύμὸουλοι
2787 5387 2881 5434 καὶ
2913 5380 3361 5451 ἀρχιδιδάσκαλοι
3391 5379 3480 5431 διὰ
3500 5380 3644 5432 πάνυ

2080 5477 2200 5530 λίαν
2254 5473 2450 5528 πολλοῦ
2485 5474 2646 5542 λόγου
2686 5473 2967 5544 ἐφέροντο,
3025 5472 3454 5541 θαυμαζόμενοι,
3487 5471 3651 5540 εὐφη-

2082 5569 2368 5640 μούμενοι,
2391 5565 2800 5636 εὐλογούμενοι,
2827 5563 3229 5632 καθιστάμενοι
3262 5565 3317 5625 ἐς
3356 5563 3646 5632 ἄρχοντας,

2077 5664 2355 5732 τιθέμενοι
2376 5659 2449 5724 ὡς
2477 5663 2557 5724 εἰς
2588 5659 2856 5728 κεφαλὰς,
2885 5659 2979 5712 καὶ
3004 5655 3148 5709 οὕτω
3170 5655 3650 5727 περιθλεπόμενοι,

2081 5756 2176 5807 καὶ
2236 5753 2551 5820 ἀξιούμενοι
2607 5752 2931 5805 ἐπισκοπεῖν
2993 5749 3062 5802 τὰ
3119 5749 3242 5801 κατ’
3287 5747 3507 5812 αὐτοὺς,
3559 5747 3649 5801 καὶ

2084 5843 2508 5918 προσεπιλαλείν
2561 5846 2630 5900 τά
2682 5845 2740 5909 ἐς
2776 5843 2948 5898 πλείω
3005 5840 3272 5915 βιώσιμον
3328 5839 3641 5913 ἐξόρθωσιν.
