4048 6470
438 431 547 498 313

1052 422 1146 482 DE
1188 420 1660 481 OBEDIENTIA
1702 416 2237 479 MAGISTRATUI
2275 413 2747 478 CHRISTIANO
2787 415 3092 478 DEBITA.

3586 421 3692 486 δυ

433 541 590 595 Ὅσοι
614 535 669 590 δὲ
704 535 839 605 πρὸς
891 533 1114 601 βαθεῖαν
1153 534 1360 602 τόλμαν
1398 532 1779 594 ἐπιϐάλλοντες
1815 530 2004 601 ἔτυχον

2112 529 2213 582 hoc
2251 528 2412 582 veluti
2453 528 2716 583 miraculo
2773 529 3036 596 perculsi,
3084 543 3150 584 eo
3186 544 3358 601 usque
3401 541 3675 606 progressi

432 631 512 700 τῷ
533 626 799 700 θαύματι,
823 628 918 677 καὶ
943 623 1103 685 θεοὺς
1131 623 1412 676 ἐποιοῦντο
1436 624 1563 686 τοὺς
1591 621 1891 700 τοιούτους.
1917 621 2012 672 καὶ

433 721 515 784 είς
542 736 665 773 τινα
689 717 922 786 κρείττω
968 713 1132 784 φύσιν
1163 715 1360 776 αὐτοὺς
1407 714 1730 782 ἐνέγραφον,
1768 712 2010 778 ἐκπλητ-

433 813 651 880 τόμενοι
687 809 786 877 τῆς
837 808 1022 860 ἐνθέου
1077 805 1297 876 τέχνης,
1335 807 1496 875 εἴπερ
1526 805 1671 858 οὕτω
1730 803 2012 865 πείθοντες

434 902 836 963 διδασκαλικῶς
883 901 949 952 ὲκ
1001 899 1204 968 μικροῦ
1258 900 1368 952 δεῖν
1403 899 1616 966 ἀλόγων
1648 898 1725 959 είς
1755 895 2013 964 λογικοῦς

437 995 532 1050 καὶ
561 995 776 1062 λογίους
806 993 933 1055 τοὺς
970 991 1047 1064 μὴ
1079 991 1356 1054 τοιούτους
1395 990 1724 1056 διεϐίϐαζον,
1759 991 1852 1043 καὶ
1885 989 2012 1050 τοὺς

443 1089 566 1156 μηδ’
601 1085 732 1139 αὐτὸ
757 1085 917 1138 τοῦτο
941 1085 1169 1148 εἰδότας,
1201 1086 1228 1136 ὃ
1252 1084 1304 1137 τί
1339 1084 1471 1136 ποτέ
1502 1087 1650 1137 ἐστιν
1672 1085 1699 1136 ὁ
1727 1081 1863 1152 πρὸς
1880 1081 2014 1151 ἀλή-

441 1181 590 1230 θειαν
621 1177 930 1246 ἄνθρωπος,
952 1179 1028 1239 εἰς
1053 1177 1309 1247 ἐνθύμιον
1334 1180 1428 1228 καὶ
1453 1175 1621 1228 αὑτοῦ
1655 1175 1789 1227 Θεοῦ
1812 1173 2012 1243 μετερο

441 1271 732 1343 ρύθμισαν.

509 1361 607 1426 ις’.
654 1360 1060 1429 Ἐπεγνωκότες
1083 1356 1176 1414 οὖν
1197 1362 1246 1413 oi
1270 1359 1479 1430 πρῶτοι
1512 1358 1889 1414 αὖτοδιάκονοι
1914 1360 2010 1414 τοῦ

437 1453 605 1506 καλοῦ
638 1455 860 1516 ἐκεῖνοι,
919 1454 994 1515 ὡς
1027 1454 1120 1505 καὶ
1167 1451 1437 1521 βελτιοῦσι
1487 1451 1612 1513 τοὺς
1667 1451 2008 1520 ἀνθρώπους,

436 1547 532 1599 καὶ
555 1544 952 1612 θαυμάζονται,
984 1544 1079 1597 καὶ
1104 1543 1277 1607 οὕτως
1312 1545 1370 1605 ἐς
1404 1542 1578 1594 πλείω
1605 1541 1770 1611 ζῆλον
1797 1543 2013 1614 διαθερ-

439 1636 778 1706 μαινόμενοι,
813 1635 907 1689 καὶ
938 1632 1019 1698 οἷς
1042 1635 1456 1704 ἐμακαρίζοντο,
1495 1635 1574 1698 εἰς
1606 1636 1844 1688 ἐπίδοσιν
1871 1652 2012 1706 παρ-

430 1729 739 1798 αυξόμενοι,
774 1728 865 1780 καὶ
898 1725 1042 1778 οὕτω
1086 1725 1492 1795 πληθυνόμενοι
1542 1725 1884 1796 προσθήκαις
1914 1727 2009 1779 καὶ

432 1819 700 1889 διδαχαῖς,
734 1819 830 1872 καὶ
878 1816 1346 1886 δραστηριώτεροι
1380 1815 1826 1885 ἀποτελούμενοι,
1856 1817 2008 1883 ἀγεί·

433 1928 590 1978 ρουσι
623 1911 877 1974 πλείονας
934 1909 1098 1963 πάλιν
1136 1907 1350 1977 ὄχλους,
1381 1909 1475 1960 καὶ
1506 1907 1822 1971 καθίζουσιν
1854 1905 2011 1973 αὖθις

432 2001 652 2072 βουλὰς,
673 2003 769 2053 καὶ
802 2000 1286 2070 ύπομιμνήσκουσι
1318 2001 1444 2062 τοὺς
1475 2000 1574 2070 ¹ήδη
1608 2000 2010 2070 εὐμαθέστερον

429 2094 645 2145 ἐπαΐειν
689 2092 1106 2160 δεδυνημένους,
1148 2091 1210 2155 ἐξ
1263 2092 1466 2145 ὁποίων
1498 2091 1606 2145 τῶν
1631 2092 1802 2146 πάλαι
1830 2094 2008 2148 ὁποῖοι

429 2185 589 2237 αὐτοὶ
623 2183 1072 2250 ἀπετελέσθησαν
1114 2183 1202 2236 διὸ.
1256 2185 1438 2252 μέσων
1468 2183 1676 2237 τούτων
1714 2184 2012 2253 ποδηγούν-

427 2291 536 2327 των
570 2275 767 2336 αὐτοὺς
815 2275 1212 2343 ἐμϐιϐάζεσθαι
1242 2277 1323 2338 εἰς
1364 2276 1539 2345 ἀληθῆ
1572 2276 1970 2348 ἀνθρωπότητα
1991 2293 2004 2306 ·

429 2365 522 2416 καὶ
547 2363 933 2428 καταγίνονται
978 2366 1078 2434 μὲν
1127 2365 1224 2433 τῆς
1265 2365 1544 2434 προτέρας
1582 2368 1640 2419 ὲν
1690 2369 1802 2430 τοῖς
1837 2368 2011 2420 τοιού-

428 2473 542 2520 τοις
582 2456 852 2527 μαθηταῖς
899 2458 1222 2527 ἀγριότητός
1259 2474 1317 2510 τε
1381 2463 1478 2512 καὶ
1509 2459 1742 2529 πλάνης,
1792 2460 2011 2526 ὑπεξαί-

432 2564 588 2616 ρουσι
617 2547 673 2600 δὲ
709 2549 806 2618 τὴν
835 2549 1030 2614 καινὴν
1055 2550 1153 2602 καὶ
1185 2549 1498 2618 πρόσφατον
1524 2551 1882 2620 φιλαδελφίαν
1914 2553 2010 2604 καὶ

429 2639 812 2708 φιλαλληλίαν,
873 2641 970 2694 καὶ
1006 2641 1176 2708 ἔγγὺς
1227 2641 1380 2710 παρὰ
1415 2641 1592 2710 βραχὺ
1647 2641 2008 2711 ἀδελφότητα,

431 2730 533 2796 τὴν
594 2730 690 2781 καὶ
723 2730 1155 2798 πεπαγιωμένην
1190 2732 1271 2792 εἰς
1317 2731 1506 2798 ἔθιμον
1555 2731 1880 2798 παράδοσιν,
1913 2733 2010 2784 καὶ

433 2820 548 2888 βίου
571 2818 786 2888 τριϐὴν,
818 2819 914 2871 καὶ
939 2821 1136 2887 πεῖραν
1167 2820 1266 2888 καὶ
1285 2819 1582 2889 ἐμπειρίαν
1608 2819 2008 2889 δεδοκιμασμέ-

428 2926 530 2976 νην
568 2911 662 2964 καὶ
697 2909 1128 2979 ὲπεγνωσμένην
1157 2907 1456 2978 ὠφέλιμον.

507 3003 596 3068 ιζ’.
627 3001 834 3054 Αὐτίκα
877 3003 933 3054 δὲ
962 3002 1011 3054 οἱ
1041 3001 1278 3055 τοιοῦτοι
1328 3005 1610 3056 καινισταὶ
1639 3005 1739 3069 τῆς
1767 3006 2012 3076 πραότη-

424 3113 520 3159 τος
554 3096 650 3149 καὶ
675 3093 771 3148 τοῦ
810 3095 1022 3164 ἡμέρου
1078 3093 1196 3162 βίου
1230 3094 1543 3149 διδάσκαλοι
1575 3096 1882 3160 ὲξετίθεντο
1913 3098 2004 3162 ἂν,

429 3189 676 3256 ιναργῶς
705 3185 810 3240 ὑπὸ
840 3185 966 3255 ὄψιν
998 3185 1248 3254 ἄγοντες,
1293 3187 1468 3240 ὁπόσα
1503 3187 1602 3258 μὲν
1653 3188 1763 3242 τῶν
1787 3189 2005 3255 ἀγαθῶν
2031 3219 2074 3277 C

427 3281 625 3351 πρώην
669 3280 744 3350 μὴ
787 3278 1035 3349 παρόντα
1088 3277 1184 3331 νῦν
1215 3278 1508 3348 ὲνδημοῠσι
1530 3283 1640 3342 τοῖς
1667 3281 1999 3351 ἀνθρώποις,

428 3374 593 3426 ὁποῖα
642 3372 700 3424 δὲ
751 3370 860 3423 τῶν
911 3369 1100 3422 κακῶν
1147 3372 1241 3422 καὶ
1272 3371 1480 3440 πηλίκα
1512 3371 1607 3424 τοῦ
1659 3371 2001 3441 ἀνθρωπείου

431 3464 602 3534 φύλου
632 3462 1135 3530 καταναιδευόμενα
1161 3512 1164 3514 ν
1191 3461 1506 3516 ἐπαύσαντο
1535 3464 1628 3514 καὶ
1656 3461 1878 3532 ᾤχοντο,
1911 3461 2004 3514 καὶ

431 3556 588 3611 αὐτοὶ
616 3555 713 3624 μὲν
735 3554 913 3617 οὕτως
948 3551 1592 3623 ὲπιχειρηματικώτερον
1632 3554 1730 3623 τὴν
1762 3554 2006 3624 δημηγοο

436 3648 558 3716 ρίαν
581 3643 994 3715 διεχειρίζοντο.
1026 3645 1094 3696 ’Δ
1122 3641 1179 3695 δὲ
1217 3641 1407 3711 πρώην
1436 3642 1534 3710 μὲν
1563 3643 1806 3710 ἀγελαῖοι
1836 3643 2003 3713 ὄχλοι,

433 3739 531 3792 νῦν
549 3739 607 3792 δὲ
627 3737 935 3804 εὑλογιστοι
967 3736 1150 3805 δῆμοι,
1191 3733 1421 3804 χάριτάς
1445 3750 1507 3786 τε
1537 3733 1875 3804 ὡμολόγουν,
1910 3737 2007 3788 καὶ

429 3834 511 3894 εἰς
561 3829 874 3900 ἀγαθὸτητα
942 3824 1422 3892 συνεσκευάζοντο,
1487 3825 1854 3889 ἐπιτείνοντες
1907 3828 2006 3897 τὴν

431 3923 692 3994 σπουδήν.

505 4015 595 4087 ιη’.
639 4014 796 4068 Ἐπεὶ⁸
819 4013 875 4066 δὲ
898 4013 956 4065 ὲν
987 4013 1229 4080 τοσούτῳ
1254 4015 1350 4065 καὶ
1386 4013 1694 4083 γράμματα
1723 4010 2004 4081 ἐξεύρητο,

431 4110 503 4162 τὰ
531 4107 676 4161 καλὰ
706 4107 806 4173 τῆς
835 4104 1191 4173 μνημοσύνης
1237 4106 1504 4175 κειμήλια
1529 4145 1544 4170 ,
1585 4105 1645 4157 τὺ
1685 4102 2008 4172 πρωτοφυὲς

435 4203 713 4271 μουσεῖον,
769 4196 828 4250 τὸ
883 4196 984 4266 τῆς
1037 4196 1228 4266 σοφίας
1287 4199 1556 4266 ταμιεῖον,
1607 4195 1794 4264 τὸτῆς
1841 4193 2008 4264 λήθης

433 4290 732 4346 ἀντίπαλον
763 4289 1081 4359 φάρμακον,
1109 4290 1158 4341 οἱ
1183 4289 1514 4357 σκιαγράφοι
1541 4287 1642 4355 τῆς
1666 4285 1943 4354 γνώσεως,
1980 4285 2009 4335 ὁ

433 4368 532 4436 τοῦ
564 4382 746 4450 λέγειν
775 4382 1171 4450 ὑπογραμμὸς,
1203 4379 1254 4432 οἱ
1287 4379 1400 4432 τῶν
1428 4377 1677 4448 ψυχικῶν
1707 4376 2010 4448 βουλευμά-

433 4491 543 4526 των
571 4471 834 4543 μηνυταὶ,
875 4472 927 4524 οί
958 4471 1065 4524 τῶν
1095 4473 1406 4542 ἐγκαρδίων
1435 4471 1817 4539 διανοημάτων
1849 4469 2010 4538 ἐξάγ-

2119 628 2268 683 sunt,
2302 631 2358 672 ut
2395 621 2515 675 illos
2547 623 2689 676 inter
2733 623 2865 675 deos
2897 621 3164 677 referrent
3196 633 3252 677 et
3284 628 3547 695 superiori
3588 646 3685 682 na-

2121 720 2255 765 tura:
2305 712 2479 766 ordini
2555 722 2935 779 acccnscrent,
2987 714 3351 784 obsmpefacti
3425 720 3680 774 nimirum

2114 803 2318 857 virtute
2362 803 2564 866 divina,
2611 819 2740 874 qua,
2809 805 3024 859 nonnisi
3082 807 3423 862 institutione
3465 825 3528 863 ac
3562 828 3686 881 pcr-

2115 895 2392 959 suasione,
2422 909 2485 950 ex
2520 896 2584 950 iis
2607 899 2697 965 qui
2731 900 3120 968 propemodum
3160 902 3300 954 bruti
3334 903 3569 968 fuerant,
3601 921 3686 958 ra-

2115 984 2346 1040 tionales
2370 999 2435 1039 ac
2465 985 2758 1053 prudentes
2799 989 3060 1052 fecerunt,
3104 1005 3306 1061 eosque
3337 995 3430 1060 qui
3467 1011 3532 1049 ne
3561 1012 3685 1050 nos-

2115 1086 2238 1129 scut
2263 1077 2479 1144 quidem
2512 1076 2636 1145 quid
2672 1093 2860 1132 revera
2887 1081 3050 1135 homo
3077 1090 3240 1146 esset,
3267 1083 3335 1137 ad
3362 1085 3458 1139 Dei
3493 1087 3680 1140 volun-

2115 1175 2283 1221 tatem
2317 1167 2800 1222 transformarunt.

2187 1345 2276 1401 16.
2315 1345 2450 1402 Cum
2503 1349 2667 1420 igitur
2702 1350 2946 1419 primarii
3005 1349 3167 1420 hujus
3239 1355 3364 1407 boni
3433 1366 3686 1414 auctores

2113 1438 2652 1506 animadvertissent,
2714 1441 2960 1497 homines
3021 1444 3128 1499 hoc
3194 1445 3356 1499 modo
3424 1447 3682 1502 meliores

2117 1531 2256 1599 ﬁeri,
2309 1533 2520 1602 seipsos
2580 1543 2760 1589 autem
2803 1536 2855 1588 in
2899 1536 3263 1592 admiratione
3297 1552 3416 1592 esse
3462 1539 3681 1606 majori,

2113 1623 2318 1678 incensi
2365 1635 2492 1678 sunt
2522 1628 2701 1681 studio
2727 1642 2790 1682 ac
2823 1628 3054 1692 fervore,
3101 1639 3155 1681 et
3205 1629 3454 1685 laudibus
3487 1632 3683 1700 quibus

2110 1715 2180 1768 ob
2209 1728 2402 1768 novam
2453 1716 2866 1784 pr05peritatem
2900 1727 3006 1771 tam
3055 1719 3194 1774 felici
3229 1735 3484 1774 successu
3522 1737 3682 1790 auge-

2111 1816 2350 1861 scentem
2371 1808 2747 1864 afﬁciebantur
2762 1811 3044 1874 stimulati,
3067 1811 3252 1879 majori
3272 1813 3321 1864 in
3341 1812 3456 1866 dies
3471 1815 3685 1878 sapien-

2047 1879 2086 1933 Β
2115 1899 2186 1951 tia
2212 1908 2266 1952 et
2297 1900 2570 1954 activitate
2621 1901 2852 1969 praediti,
2897 1901 3076 1955 denuo
3133 1903 3369 1972 majores
3423 1904 3682 1971 colligunt

2113 2003 2286 2046 cretus
2340 1992 2644 2060 iterumque
2669 1993 2806 2046 bona
2843 1994 3070 2046 consilia
3115 2004 3462 2062 expromunt,
3501 2005 3554 2050 et
3585 2012 3679 2051 eos

2111 2083 2200 2150 qui
2231 2084 2342 2152 jam
2385 2083 2571 2139 faciles
2611 2099 2768 2138 aures
2799 2086 3041 2153 prtebere
3077 2086 3403 2155 didicerant,
3438 2104 3684 2143 commo-

2113 2176 2388 2230 nelaciunt
2419 2177 2605 2246 quales
2637 2194 2700 2231 ex
2727 2179 2977 2247 qualibus
3029 2179 3154 2234 facti
3201 2181 3328 2248 sint,
3392 2193 3552 2248 atque
3585 2183 3684 2235 hac

2111 2265 2326 2320 ratione
2359 2268 2424 2319 ad
2456 2283 2637 2321 veram
2669 2269 3064 2321 inmanitatem
3101 2286 3416 2338 promovere
3439 2274 3682 2327 student:

2112 2359 2344 2426 denique
2373 2359 2438 2412 de
2461 2360 2568 2412 vita
2599 2361 2726 2413 olim
2757 2361 2870 2413 fera
2908 2371 3073 2430 atque
3114 2363 3420 2417 errabunda
3465 2382 3678 2419 sermn-

2111 2465 2229 2502 nem
2265 2450 2536 2519 injiciunt,
2576 2461 2631 2504 et
2664 2451 2908 2504 laudibus
2946 2452 3178 2507 efferunt
3225 2463 3494 2507 recentem
3546 2457 3677 2509 cha-

2110 2542 2326 2595 ritateui
2362 2549 2599 2593 mutuam
2651 2556 2756 2610 qua
2793 2547 3178 2610 propemodum
3214 2545 3286 2598 uti
3323 2547 3518 2598 l'ratres
3549 2562 3682 2599 con-

2110 2644 2396 2688 versentur
2443 2649 2506 2687 ac
2559 2635 2779 2704 degant,
2810 2651 2928 2702 qua:
2953 2635 3064 2703 jam
3096 2636 3149 2690 in
3187 2637 3308 2690 Viue
3335 2639 3684 2693 consuetudi-

2112 2743 2232 2781 nem
2287 2725 2586 2789 transierit,
2650 2730 2915 2798 lirmoque
2985 2729 3334 2783 futnlamento
3392 2731 3680 2794 innitatur,

2112 2835 2235 2888 qua:
2286 2821 2524 2889 denique
2571 2836 2672 2874 usu
2721 2823 3165 2890 experientiaque
3215 2825 3562 2890 comprobata
3628 2835 3684 2878 et

2110 2912 2368 2966 Omnibus
2392 2911 2540 2964 utilis
2567 2911 2782 2966 inventa
2814 2914 2903 2966 sit.

2182 3002 2271 3056 ‘17.
2315 3001 2518 3055 Deinde
2540 3002 2616 3056 illi
2650 3005 3082 3058 mansuetudinis
3105 3005 3413 3061 inventores
3447 3011 3678 3076 vitaeque

2113 3092 2410 3160 tranquillae
2458 3103 2817 3159 pra'ceptores
2857 3106 3225 3162 exposuerunt
3272 3108 3324 3150 et
3347 3097 3500 3165 quasi
3558 3109 3686 3154 ante

2111 3183 2296 3238 oculos
2352 3182 2711 3246 collocarunt,
2775 3199 2936 3252 quam
3001 3186 3181 3239 multis
3211 3188 3369 3242 bonis
3402 3205 3521 3258 quae
3551 3190 3680 3244 olim

2110 3278 2354 3342 deerant,
2415 3276 2661 3330 homines
2711 3291 2853 3330 nunc
2888 3280 3202 3345 gauderent,
3241 3289 3292 3333 et
3323 3296 3484 3348 quam
3515 3282 3680 3335 multa

2109 3376 2162 3420 et
2195 3386 2381 3437 magna
2405 3371 2541 3420 mala
2591 3367 2786 3436 quibus
2821 3383 2991 3436 genus
3043 3368 3334 3423 humanum
3366 3371 3682 3428 vexabatur.

2105 3460 2216 3530 jam
2261 3461 2474 3528 penitus
2535 3465 2831 3530 exstirpata
2903 3472 3101 3526 essent;
3158 3469 3318 3528 atque
3371 3463 3448 3515 sic
3491 3463 3682 3532 majori

2113 3569 2236 3607 cum
2265 3554 2313 3606 vi
2369 3567 2433 3605 ac
2477 3569 2732 3608 successu
2758 3569 2940 3608 coram
2987 3551 3180 3621 popqu
3213 3562 3553 3620 perorat-unt.
3583 3557 3683 3621 Qui

2109 3655 2290 3699 autem
2318 3645 2578 3714 gregario:
2617 3647 2743 3699 olim
2775 3648 2945 3698 turbze
2995 3646 3229 3710 fuerant,
3263 3662 3404 3702 nunc
3432 3648 3484 3701 in
3523 3651 3687 3701 ratio-

2111 3737 2287 3790 nalem
2339 3737 2548 3792 collecti
2599 3737 2940 3799 societatem,
2995 3739 3342 3791 concordiam
3390 3741 3568 3792 colere
3603 3750 3686 3793 at-

2110 3845 2216 3898 que
2279 3831 2464 3884 virtuti
2511 3845 2956 3900 nperamnavare
3020 3846 3233 3885 summo
3295 3831 3414 3884 nisu
3461 3835 3688 3888 studue-

2113 3932 2259 3976 runt.

2183 4012 2269 4066 18.
2308 4013 2441 4068 Cum
2490 4024 2668 4066 autem
2706 4014 2796 4067 illo
2827 4025 3069 4082 tempore
3105 4012 3266 4068 etiam
3317 4014 3688 4070 invenirentur

2111 4100 2324 4166 litterae,
2372 4104 2584 4170 egregia
2647 4105 2922 4157 memoria:
2983 4105 3125 4168 dos,
3189 4103 3506 4170 primarium
3565 4121 3686 4156 inu-

2111 4209 2282 4258 seum,
2304 4195 2580 4263 sapientia:
2608 4198 3028 4264 receptaculum,
3047 4196 3335 4250 oblivionis
3362 4197 3681 4261 remedium,

2111 4285 2433 4340 eruditionis
2517 4285 2897 4350 tlelineatnrcs,
2957 4287 3279 4357 eloquentia:
3352 4294 3682 4359 exemplum,

2112 4377 2457 4432 consiliorum
2520 4379 2686 4431 animi
2735 4379 2963 4442 indices,
3035 4381 3424 4447 cogitationum
3462 4384 3682 4437 intima-

2113 4481 2229 4520 rum
2265 4466 2460 4530 nuntii,
2517 4467 2852 4520 occultorum
2901 4467 3228 4534 detectores,
3295 4471 3402 4538 typi
3431 4472 3686 4528 celeriter

434 4566 608 4633 γελοι,
638 4567 688 4618 oi
711 4564 822 4618 τῶν
847 4567 1096 4636 κρυφίων
1127 4564 1486 4634 ὲκφάντορες,
1509 4565 1560 4617 οἱ
1593 4565 1653 4616 τδ
1683 4566 1739 4616 ἔν
1771 4564 2003 4634 πράξεσι

2111 4561 2490 4626 praetereunda
2526 4560 2747 4626 ligentes
2771 4568 2824 4611 et
2850 4561 3141 4614 retinentes
3162 4572 3213 4614 et
3246 4561 3310 4614 ad
3336 4574 3678 4629 pOSIerorum

436 4657 663 4729 ρευστὸν
689 4656 998 4726 πηγνύντες
1026 4657 1118 4711 καὶ
1155 4657 1508 4726 στερεοῦντες
1534 4658 1717 4719 τύποι,
1755 4658 1848 4709 καὶ
1891 4659 2005 4719 τοῖς

433 4749 839 4821 ἐπιγινομένοις
863 4748 963 4818 ὀψὲ
1003 4749 1198 4819 χρόνου
1236 4747 1673 4819 ἀναστηλοῦντες
1709 4748 1790 4809 είς
1816 4748 2008 4818 γνώρι-

435 4861 572 4912 σμα,
605 4846 655 4896 οῖ
689 4842 974 4912 ζωγράφοι
1004 4841 1114 4895 τῶν
1164 4842 1353 4897 παλῶν
1391 4847 1484 4895 καὶ
1512 4842 1862 4910 πραγμάτων
1914 4841 2009 4894 καὶ

433 4937 766 5006 προσώπων,
797 4933 1055 5004 είδήσεώς
1075 4949 1133 4986 τε
1165 4935 1328 5003 χάριν
1357 4936 1452 4986 καὶ
1498 4935 1721 5002 μνήμης
1746 4935 2009 4986 παντοδα-

433 5025 566 5096 πῆς,
602 5025 654 5078 οῖ
708 5023 867 5078 καλοὶ
904 5026 1256 5094 χαρακτῆρες
1315 5024 1536 5095 ἀπάσης
1571 5027 1853 5093 ἐμμούσου
1884 5040 2008 5076 παι-

431 5117 690 5180 δεύσεως,
719 5117 769 5168 οἱ
809 5116 980 5185 μηδὲν
1002 5115 1229 5168 ἔλαττον
1263 5116 1437 5186 ἀκοῆς
1475 5115 1568 5169 τὸν
1602 5117 1890 5185 ἄνθρωπον
1921 5132 2010 5170 σο-

433 5207 683 5276 φίζοντες
719 5205 808 5258 διὰ
836 5207 938 5275 τῆς
965 5207 1170 5276 ὂψεως,
1197 5237 1269 5246 -
1292 5207 1380 5261 ὅτε
1407 5208 1586 5261 τοίνυν
1617 5209 1711 5260 καὶ
1741 5208 1801 5260 τὸ
1833 5207 2012 5261 τοιοῦ-

431 5318 524 5354 τον
540 5301 705 5354 καλὸν
733 5299 993 5354 ἔϐλαστεν
1015 5299 1114 5371 ῆδη
1147 5302 1204 5352 ἐν
1233 5301 1444 5370 κόσμῳ,
1481 5301 1552 5354 δι’
1597 5293 1657 5354 οὗ
1696 5301 1846 5355 ἅπαν
1888 5302 2010 5365 ἔθος

431 5393 697 5462 ἀγράφως
726 5389 1111 5460 ὴκριϐωμένον
1153 5390 1240 5443 ἐπ’
1290 5391 1485 5462 ἀγαθῷ
1540 5388 1653 5462 εἶχε
1691 5395 2009 5458 μεταποιεῖ-

433 5484 558 5537 σθαι
581 5483 663 5546 είς
692 5485 1040 5553 χρηστότητα
1063 5481 1364 5553 ἔγγραφον,
1403 5484 1472 5553 ἢν
1498 5484 1561 5552 δὴ
1595 5484 1758 5551 νόμον
1814 5483 2010 5537 καλοῦ-

434 5591 534 5643 μεν
555 5577 604 5628 οἱ
633 5573 882 5643 ὕστερον,
916 5575 1060 5627 καθά
1088 5576 1425 5647 κεκύρωται,
1460 5575 1753 5645 προέθεντο
1783 5577 2009 5640 ἀξίωσιν

431 5665 481 5716 οἱ
520 5664 619 5734 τὴν
669 5664 828 5717 ἀϐιον
879 5667 1080 5718 ἐκεῖνοι
1136 5667 1447 5728 παύσαντες
1501 5665 1646 5734 βίαν,
1677 5669 1771 5718 καὶ
1800 5667 1858 5718 τὸ
1885 5665 2007 5728 ἔθος

431 5755 970 5825 προεισηγησάμενοι
1006 5757 1100 5809 καὶ
1130 5758 1524 5825 εἰσαγαγόντες
1565 5757 1878 5810 διδάσκαλοι
1911 5775 2011 5810 κα-

431 5844 874 5917 τασφσλίσασθαι
922 5847 1226 5922 στερεωθὲν
1259 5849 1340 5925 πὸ
1377 5849 1643 5919 νεοπαγὲς
1682 5847 1872 5922 ἔθιμον
1926 5849 2007 5913 είς

2109 4652 2355 4704 notitiam
2403 4662 2525 4719 post
2585 4652 2751 4705 multa
2776 4655 2972 4706 sarcula
3021 4667 3400 4726 propagautes,
3450 4661 3683 4730 pictores

2109 4743 2490 4810 certaminum,
2554 4760 2735 4798 rerum
2790 4755 3090 4816 gestarum,
3170 4765 3546 4818 personarum,
3613 4754 3679 4806 ad

2110 4834 2350 4887 omnium
2402 4837 2762 4905 cognitionem
2820 4853 2885 4891 ac
2930 4843 3270 4906 memoriam,
3323 4848 3524 4916 egregii
3552 4863 3684 4900 cun-

2111 4935 2324 4980 ctarum
2382 4929 2731 4981 scientiarum
2788 4929 3160 4997 characteres,
3216 4933 3306 5003 qui
3334 4950 3437 4988 non
3498 4939 3679 4992 minus

2112 5034 2273 5087 quant
2328 5035 2424 5089 per
2483 5022 2748 5088 auditum,
2804 5037 2898 5090 per
2927 5023 3100 5078 visum
3145 5025 3396 5082 homines
3453 5029 3684 5084 edocent

2110 5113 2559 5180 erudiuntque—
2581 5129 2726 5179 cum,
2751 5115 2992 5182 inquam,
3027 5115 3129 5169 tale
3163 5131 3227 5170 ac
3247 5127 3451 5172 tantum
3483 5121 3682 5173 mundo

2112 5204 2356 5259 illuceret
2377 5206 2598 5270 bonmn,
2635 5222 2742 5275 quo
2789 5209 2966 5261 omnis
2995 5209 3326 5263 consuetudo
3356 5210 3516 5274 bona,
3548 5211 3682 5266 hac-

2113 5305 2276 5352 tenus
2307 5311 2622 5352 conservata
2663 5301 3010 5364 sinelitteris,
3043 5302 3312 5370 scriptura
3359 5303 3680 5358 conﬁrmata

2112 5389 2438 5452 sanciretur,
2503 5405 2664 5458 quam
2731 5391 2900 5461 legem
2947 5391 3104 5446 hodie
3155 5407 3428 5457 vocamus,
3450 5403 3574 5448 tunc
3604 5395 3682 5447 illi

2113 5481 2330 5546 quivim
2365 5495 2429 5534 ac
2485 5480 2794 5536 violentiam
2858 5483 2984 5536 olim
3043 5483 3437 5538 intolerabilem
3488 5485 3682 5554 perdo-

2115 5583 2382 5637 mucrant,
2436 5588 2650 5628 summo
2698 5575 2878 5630 studio
2915 5592 2980 5631 eo
3014 5577 3189 5632 annisi
3213 5585 3362 5641 sunt,
3400 5581 3680 5633 utrecenti

2117 5665 2492 5719 consuetudini
2549 5665 2682 5736 legis
2738 5668 3108 5723 characterem
3171 5670 3540 5738 imprimerent
3577 5681 3684 5734 ,ut

2110 5755 2318 5810 sanctio
2340 5757 2541 5826 scripta
2561 5758 2721 5812 veluti
2749 5759 2924 5827 sigillo
2954 5761 3197 5831 apposito
3249 5760 3682 5828 conﬁrmaretur,

2111 5858 2168 5904 ut
2192 5849 2561 5905 errabundum
2611 5845 2988 5921 incertumque
3023 5855 3090 5911 ad
3133 5853 3445 5912 ﬁrmitatem
3474 5852 3687 5918 redige-
