4048 6454
375 393 484 453 315

1087 377 1507 440 EUSTATHII
1548 372 2302 436 THESSALONICENSIS
2331 369 2898 434 METROPOLITIE

3531 364 3637 426 316

375 517 530 560 retur
592 513 766 568 neque
843 495 1084 572 aniplins'
1123 492 1464 548 inntabilitati
1521 490 1816 545 obnoxium
1865 503 1953 542 es-

2078 488 2310 558 νόμιμον,
2352 488 2438 541 ⁶ίνα
2459 488 2533 549 ὡς
2555 483 2667 539 οἷον
2702 484 3000 556 σφραγῖδος
3021 482 3259 552 τύπωμα
3281 480 3343 534 τὸ
3372 479 3428 534 ἐν
3454 480 3638 552 γράμ-

375 605 482 650 set.

450 774 537 829 19.
584 772 645 825 Et
678 767 925 824 homines
955 764 1007 819 in
1039 763 1353 819 societatem
1391 753 1678 812 coaalnnati
1707 753 1956 806 lubenter

379 865 612 937 amplexi
659 861 1206 921 illudconsilium,ut
1256 856 1330 909 ita
1369 855 1954 908 ﬂeretconsenserunt,

379 973 506 1014 cum
569 961 706 1010 bene
768 953 1036 1014 viderent,
1077 959 1153 1005 et.
1187 955 1243 1000 ut
1274 944 1523 1015 equidem
1549 940 1762 1008 opinor,
1791 937 1954 991 etiam

381 1041 1064 1120 pronuntiarent,.melius
1136 1037 1360 1092 omnino
1439 1048 1580 1096 esse,
1638 1041 1696 1084 ut
1755 1029 1956 1083 bonum

381 1141 536 1211 quasi
557 1151 786 1205 corpore
815 1131 1208 1189 circumdatum
1239 1127 1579 1181 in-lihrorum
1613 1121 1960 1174 fundamento

381 1232 758 1292 collocaretur,
821 1223 1024 1280 eodem~
1066 1222 1222 1274 modo
1289 1232 1396 1288 quo
1455 1216 1679 1270 verbum
1741 1211 1833 1265 Dei
1865 1218 1961 1263 aut

383 1328 503 1380 viva
559 1335 689 1376 voce
739 1317 1146 1386 praedicaretur,
1183 1319 1277 1366 aut
1307 1321 1338 1364 e'
1373 1308 1548 1364 sacris
1578 1305 1788 1376 paginis
1821 1316 1960 1370 prae-

381 1419 676 1488 legerctur.
725 1411 910 1480 Itaque
957 1407 1191 1479 syneilrii
1227 1401 1499 1472 principes
1553 1401 1620 1453 ad
1648 1399 1792 1466 leges
1821 1395 1963 1448 redi-

385 1510 586 1581 gendas
637 1513 692 1561 et
714 1516 860 1560 certa
937 1500 1225 1569 stabilique
1300 1497 1471 1548 forma
1533 1490 1774 1560 figendas
1838 1502 1974 1541 sese

385 1578 711 1672 accingunt,
749 1607 804 1652 et
856 1592 1237 1664 disquisitione
1259 1589 1322 1643 de
1345 1603 1408 1642 eo
1433 1585 1560 1656 quid
1586 1583 1652 1636 sit
1677 1581 1762 1636 lex
1808 1578 1962 1632 habi-

387 1707 444 1750 ta
504 1671 842 1754 tleceruitur,
884 1702 1003 1743 eam
1055 1700 1172 1740 esse
1229 1682 1432 1736 bonum
1483 1677 1754 1732 divinum.
1790 1671 1962 1726 Porro

387 1800 606 1862 accepta
627 1789 949 1855 insculpitur
980 1782 1196 1846 tabulis,
1231 1788 1324 1836 aut
1351 1774 1640 1848 pyxidibus
1678 1779 1732 1826 et
1761 1768 1963 1824 codici-

391 1840 776 1862 ""'r'——--"--
804 1840 818 1855 ι
1183 1840 1193 1846 υ
1351 1840 1401 1848 .-

391 1886 515 1950 hns,
552 1897 678 1948 seu,
703 1891 760 1935 ut
789 1877 1094 1932 accuratius
1125 1874 1322 1935 dicam,
1353 1864 1742 1923 voluminibus.
1769 1860 1962 1930 quibus
1997 1840 2038 1894 Β

389 1976 555 2031 veluti
598 1974 651 2028 in
690 1971 925 2042 quadam
964 1971 1124 2022 domo
1155 1973 1253 2019 aut
1298 1959 1548 2016 custodia
1581 1961 1975 2017 conservetur,

391 2079 445 2126 et
477 2067 559 2124 sic
591 2065 846 2121 universo
876 2060 1041 2117 coetui
1061 2064 1324 2130 perpetuo
1363 2051 1535 2107 adsit.

459 2244 552 2302 20.
614 2243 814 2298 Eodem
875 2249 1118 2306 tempore
1174 2233 1333 2290 electi
1403 2227 1794 2298 constitutiqne
1843 2230 1970 2280 sunt

393 2333 584 2389 arbitri
630 2330 884 2401 iustitiae,
933 2329 1285 2398 inquisitores
1326 2321 1634 2393 iniustitiae,
1685 2316 1969 2388 probitatis

393 2439 669 2486 censores,
728 2421 1160 2477 conversationis
1201 2417 1443 2470 honesta:
1479 2411 1753 2476 custodes,
1789 2409 1967 2476 legum

395 2517 730 2588 provisores,
757 2514 1158 2569 institutionum
1186 2510 1324 2563 haud
1352 2505 1586 2576 amplius
1610 2502 1979 2565 inslabi‘ium,

395 2611 488 2665 sed
516 2606 827 2676 scriptionis
885 2616 1072 2660 tenore
1106 2601 1448 2657 deiinitarum
1485 2599 1840 2666 inspectores.
1863 2591 1970 2647 Le-

394 2702 553 2772 gibus
588 2701 748 2769 igitur
791 2699 872 2754 sic
893 2695 1202 2752 constitutis
1224 2702 1298 2758 et,
1333 2705 1398 2745 ne
1418 2691 1540 2760 quis
1559 2692 1834 2759 ignoraret
1852 2700 1969 2746 eas.

397 2794 772 2865 promulgatis,
828 2791 916 2844 alii
977 2789 1042 2842 ad
1089 2787 1297 2840 illarum
1344 2797 1589 2838 normam
1638 2780 1802 2835 vitam
1857 2791 1974 2832 tuo-

395 2903 595 2958 resque
637 2897 1015 2954 composuere,
1060 2891 1112 2933 et
1164 2880 1245 2933 sic
1275 2875 1438 2931 veluti
1495 2883 1641 2929 recto
1676 2887 1838 2925 cursu
1878 2885 1975 2923 na-

396 2981 662 3048 vigantes,
721 2974 1027 3030 cmlestium
1087 2971 1344 3024 bonorum
1409 2964 1562 3020 iruiti
1630 2971 1761 3018 sunt
1818 2971 1973 3015 tran-

397 3075 686 3144 quillitate,
769 3071 916 3126 nulla
996 3067 1122 3122 vitae
1175 3062 1414 3135 procella
1475 3069 1573 3115 aut
1651 3065 1975 3127 tempestate

2063 597 2196 649 μασι
2233 579 2400 650 κῦρος
2449 579 2843 648 προσεπιτεθῇ,
2871 576 2962 630 καὶ
2995 575 3056 628 τὺ
3107 572 3445 640 πλανητεῦον
3470 589 3638 625 κιτα-

2060 673 2230 744 σταθῇ
2257 673 2342 741 ἐφ’
2365 673 2504 734 ἐνὸς,
2540 673 2633 725 καὶ
2665 672 3005 740 συντηρῆται
3037 669 3117 730 είς
3150 667 3556 736 ἀμετάστατον.

2131 763 2217 818 ιϐ’.
2258 765 2368 818 Καὶ
2405 766 2452 817 oi.
2506 763 2594 817 τοῦ
2643 762 3012 831 ἀθροίσματος
3057 758 3340 828 ἄνθρωποι
3397 756 3636 810 καταδέν-

2060 873 2245 926 χονται
2275 858 2556 919 ἀσπάσιοι,
2582 855 2674 908 καὶ
2701 855 2802 922 τὴν
2819 854 2918 921 τῆς
2942 850 3137 921 βουλῆς
3167 851 3370 920 ταύτης
3397 851 3635 915 είσαγωσσ

2059 949 2162 1020 γὴν
2211 949 2393 1011 καλῶς
2451 948 2558 1018 ἄρα
2612 945 3069 1017 προνοησάμενοι,
3128 943 3225 995 καλ⁵
3284 941 3632 1009 εὑεπηϐόλως

2059 1041 2440 1111 διεγνωκότες,
2491 1036 2646 1111 οἶμαι
2703 1040 2760 1092 δὲ
2820 1039 2912 1092 καὶ
2979 1036 3412 1104 ἐκλαλήσαντες,
3469 1033 3636 1100 μηδὲν

2060 1137 2317 1205 διαφέρον
2368 1130 2533 1200 εἶναι,
2580 1133 2876 1202 ἀσώματον
2925 1127 3324 1200 περιφέρεσθαι
3359 1129 3421 1181 τὸ
3446 1125 3635 1190 καλὸν,

2063 1229 2158 1282 καὶ
2187 1227 2450 1299 βιϐλιακῷ
2477 1227 2663 1294 ἐδάφει
2697 1221 3171 1286 ὲπαναπαύεσθαι,
3205 1221 3414 1290 ὅμοιον,
3447 1221 3656 1287 φασὶν..

2061 1321 2138 1384 ώς
2173 1323 2220 1373 εί
2251 1321 2343 1373 καὶ
2375 1319 2511 1372 Θεοῦ
2541 1319 2702 1386 λόγον
2745 1319 2786 1389 ῆί
2812 1317 2900 1371 διά
2932 1317 3200 1387 στόματος
3237 1312 3504 1385 προφέροι
3530 1329 3640 1376 τις,

2063 1412 2096 1481 ἢ
2151 1413 2224 1466 ἐκ
2247 1412 2510 1482 διφθέρας
2563 1413 2714 1481 ίερᾶς
2761 1410 3106 1477 ἀναλέγοιτο.
3164 1405 3457 1477 Λίροῦνται
3507 1403 3642 1472 γοῦν

2062 1505 2237 1569 οὓτως
2266 1506 2314 1558 oi
2355 1504 2449 1557 τοῦ
2485 1505 2767 1577 συνεδρίου
2815 1505 2911 1558 καὶ
2943 1503 3005 1556 τὸ
3056 1500 3510 1571 είσενηνεγμένον
3547 1495 3642 1552 ἐπὶ

2065 1597 2350 1669 παραδοχῇ
2387 1600 2487 1670 τῆς
2537 1596 2647 1650 τῶν
2707 1597 2890 1666 νόμων
2928 1594 3132 1658 θέσεως
3169 1591 3446 1664 βούλευμα
3475 1602 3491 1620 ⁶
3543 1588 3642 1642 καὶ

2064 1691 2224 1754 εὐθὺς
2253 1690 2648 1761 ἑρμηνεύεται,
2683 1690 2872 1745 ὁποῖόν
2899 1706 2950 1742 τι
2979 1689 3009 1741 6
3040 1689 3205 1757 νόμος
3234 1685 3374 1749 ἐστὶ,
3413 1683 3510 1738 καὶ
3537 1700 3639 1736 κατ

2065 1783 2495 1853 ταλαμϐάνεται,
2549 1783 2829 1836 θεόσδοτον
2864 1781 2959 1835 καὶ
2999 1779 3162 1842 αὑτδς
3217 1779 3405 1849 χρῆμα
3454 1767 3595 1828 εἶναι
3621 1789 3638 1805 ο

2068 1877 2166 1929 καὶ
2208 1877 2520 1947 στέργεται,
2557 1876 2651 1929 καὶ
2699 1873 2969 1928 ἐντίθεται
2997 1873 3229 1936 δέλτοις,
3264 1870 3366 1923 εἰτ’
3398 1862 3490 1922 οὗν
3538 1883 3658 1919 πυ-ιγ

2069 1967 2203 2035 ξίοις
2232 1970 2326 2022 καὶ
2360 1967 2605 2034 κώδιξιν,
2647 1966 3047 2037 ἡμαξευμένιιές
3078 1965 3135 2018 δὲ
3169 1965 3358 2033 φάναι,
3391 1960 3650 2032 βιϐλίοις,

2067 2061 2167 2114 ὅσα
2199 2059 2293 2112 καί
2318 2076 2461 2112 τισιν
2498 2061 2670 2122 οίκοις
2700 2058 2733 2129 ἢ
2763 2058 3034 2126 φυλακαῖς
3062 2057 3096 2126 ἧ
3125 2055 3412 2125 μάνδραις,
3441 2053 3521 2124 μὴ
3548 2050 3643 2106 καὶ

2069 2153 2435 2220 διαδιδράσκοι
2474 2152 2601 2214 τοὺς
2630 2150 2858 2214 πολλοὺς
2892 2147 3254 2219 ῥεμϐόμενος.
3361 2129 3367 2132 ⁸

2140 2241 2209 2296 κ’.
2256 2242 2550 2308 Ἐξαυτίκα
2577 2241 2634 2296 δὲ
2680 2241 2830 2311 ὥρας
2876 2238 3248 2309 ἐκαθίσθησαν
3295 2233 3646 2307 ἐπιλεγέντες

2069 2335 2261 2406 ἄνδρες
2295 2335 2598 2406 βραϐευταὶ
2619 2333 2796 2404 δίκης,
2828 2333 3043 2395 ἀδικίας
3070 2332 3320 2394 διῶκται,
3350 2331 3644 2401 ὀρθότητος

2070 2429 2287 2495 ταμίαι,
2315 2426 2590 2484 πολιτείας
2612 2425 2828 2493 ἀγαθῆς
2855 2423 3113 2490 φύλακες,
3143 2422 3360 2490 θεσμῶν
3383 2422 3640 2490 τηρηταὶ,

2070 2520 2208 2572 ἐθῶν
2242 2519 2480 2571 ἐκείνων
2508 2518 2695 2571 οὐκέτι
2726 2518 3015 2585 ἀγράφων,
3050 2516 3186 2568 ἀλλὰ
3225 2515 3491 2583 γραπτῶν
3523 2515 3644 2568 ἐπί-

2074 2628 2289 2664 σκοποι.
2330 2611 2442 2663 Καὶ
2473 2610 2618 2663 οὕτω
2676 2610 2992 2680 εὑρημένης
3042 2609 3141 2676 τῆς
3183 2609 3414 2677 νομικῆς
3466 2609 3650 2661 διαθέ-

2073 2721 2232 2767 σεως,
2264 2702 2359 2756 καὶ
2404 2705 2484 2766 εἰς
2518 2703 2721 2771 γνῶσιν
2760 2702 3145 2769 ὲκτεθειμένης
3191 2703 3417 2755 ἅπασιν.
3466 2703 3516 2755 οἱ
3553 2699 3648 2768 μὲν

2072 2797 2208 2868 πρὸς
2241 2797 2438 2865 νόμους
2485 2796 2888 2858 ἀπευθύνοντες
2921 2795 3171 2858 ἑαυτοὺς,
3214 2797 3307 2846 καὶ
3377 2791 3652 2858 διακυϐερ-

2073 2887 2308 2956 νώμενοι
2334 2888 2425 2941 τὸν
2451 2888 2587 2957 βίον,
2619 2887 2716 2942 καὶ
2746 2887 2892 2941 οὕτω
2921 2887 3042 2940 κατ’
3071 2885 3202 2940 εὐθὺ
3235 2885 3510 2947 πλέοντες,
3539 2882 3648 2935 τῶν

2073 2977 2173 3046 τῆς
2204 2979 2391 3032 θεόθεν
2441 2980 2685 3048 γαλήνης
2733 2978 2919 3033 καλῶν
2955 2964 3208 3048 μετεῖχον
3235 2993 3250 3008 ο
3285 2977 3378 3031 καὶ
3427 2973 3650 3044 οὐδεμία

2078 3069 2193 3140 βίου
2227 3070 2500 3141 κύμανσις
2534 3072 2733 3134 αὐτοὺς
2769 3071 3140 3124 διεσάλευσεν.
3175 3070 3238 3123 Oi
3276 3069 3332 3122 δὲ
3383 3067 3654 3121 ἀνάπαλιν

395 3163 737 3238 perturbati;
803 3161 893 3216 alii
943 3171 1148 3224 autem,
1243 3157 1407 3212 aliam
1489 3152 1723 3222 ingressi
1804 3151 1972 3214 viam,

2078 3161 2420 3232 διακείμενοι
2447 3161 2665 3231 ῥαχίαις
2699 3161 3153 3232 προσηράσσοντο
3182 3161 3278 3214 καὶ
3308 3159 3654 3222 ἀπώλλυντο,

396 3255 545 3314 satis
608 3254 736 3310 illisi
794 3255 993 3307 misere
1047 3249 1327 3320 perierunt
1381 3245 1707 3312 luernntque
1757 3253 1970 3309 poenas,

396 3362 534 3418 quas
595 3361 703 3400 non
731 3344 844 3414 jam
891 3341 1002 3395 tera
1028 3340 1114 3394 illa
1146 3353 1212 3393 ac
1243 3339 1399 3392 bruta
1437 3335 1504 3390 iis
1538 3331 1630 3402 qui
1671 3330 1828 3384 aliter
1851 3341 1974 3384 sese

397 3439 714 3510 gessissent.
747 3436 934 3489 ﬁxerat
973 3429 1328 3494 consuetudo,
1353 3427 1446 3482 sed
1472 3427 1627 3496 quasi
1665 3424 1751 3478 lex
1792 3421 1972 3475 divina

397 3505 778 3584 constituerat,
835 3517 1012 3587 gladio
1054 3514 1206 3570 suavi
1272 3521 1330 3567 ut
1385 3518 1530 3566 recte
1576 3508 1700 3576 quis
1753 3505 1970 3579 dixerit,

399 3612 658 3670 scindens
678 3625 738 3664 ac
770 3609 1103 3680 percutiens.

467 3702 560 3756 9A.
629 3697 779 3752 Talis
826 3703 1005 3750 autem
1069 3706 1350 3764 poenarum
1411 3687 1640 3745 inﬂictio
1687 3687 1877 3744 effecit
1913 3693 1974 3742 ut

400 3794 526 3849 mali
555 3792 624 3846 ab
689 3788 1034 3859 improbitate
1066 3785 1131 3840 ad
1179 3784 1512 3838 honestatem
1545 3789 1971 3843 reverterentur,

399 3902 521 3939 cum
546 3885 673 3938 talis
696 3881 978 3935 medicinae
1005 3878 1179 3931 dulcis
1201 3875 1362 3930 simul
1380 3884 1434 3928 et
1473 3888 1671 3927 amarw
1692 3870 1975 3940 impatien-

401 3986 482 4032 tes
504 3983 704 4039 essent;
758 3983 813 4024 et
842 3979 1033 4023 natura
1067 3969 1304 4022 humana
1343 3965 1502 4019 rediit
1533 3963 1598 4017 ad
1629 3971 1827 4018 statum
1860 3959 1966 4030 pri-

399 4065 671 4125 mitivum,
713 4060 1084 4128 simplicitate,
1109 4071 1240 4128 pace
1275 4067 1554 4126 perpetua,
1586 4052 1974 4121 tranquillitate

401 4174 465 4212 ac
496 4157 682 4211 laltitia
712 4155 999 4224 insignem.

471 4251 565 4304 22.
599 4249 708 4303 lloc
763 4249 836 4302 ita
892 4260 1012 4300 sese
1045 4244 1309 4300 habuerat
1351 4243 1685 4312 temporibus
1715 4241 1973 4310 antiquis,

401 4357 632 4413 quorum
659 4354 815 4394 nemo
855 4338 1012 4392 lacile
1045 4337 1463 4401 recordaretur;
1515 4334 1628 4406 jam
1675 4347 1802 4386 vero
1868 4334 1977 4386 vita

402 4451 522 4504 qua:
577 4435 706 4489 olim
771 4430 1071 4486 invaluerat
1120 4429 1356 4496 leonina,
1376 4428 1483 4496 vel,
1509 4427 1785 4482 utmttiori
1808 4428 1977 4482 verbo

2079 3254 2272 3316 ποινὰς
2309 3254 2690 3324 ὑφιστάμενοι,
2733 3255 2798 3313 ἃς
2843 3254 2904 3306 οὐ
2938 3254 3140 3323 τρόπος
3182 3253 3392 3314 ἐκεῖνος
3425 3250 3670 3314 παλαιὸς

2079 3345 2356 3416 θηριώδης
2388 3344 2662 3398 ὑπέϐαλλε
2685 3347 2803 3408 τοῖς
2835 3345 3132 3414 ἀποτόμως
3156 3342 3490 3414 δικάζουσιν,
3520 3341 3656 3395 ἀλλά

2063 3438 2242 3508 ,νόμος
2275 3438 2416 3501 θεῖος
2457 3438 2793 3509 ὑπηγόρευε,
2829 3437 3059 3506 γλυκείᾳ
3095 3436 3366 3508 μαχαίρᾳ,
3399 3434 3546 3490 καθά
3571 3451 3655 3498 τις

2079 3530 2150 3584 ἂν
2177 3531 2279 3585 οὐκ
2305 3529 2640 3600 ἀπροσφυῶς
2664 3529 2834 3591 εἴποι,
2863 3529 3190 3599 διχοτοιιῶν.

2151 3715 2258 3765 κα’.
2286 3709 2396 3762 Καὶ
2429 3724 2463 3778 η
2498 3707 2721 3779 τοιαύτη
2753 3709 3035 3776 ἐκδίκησις
3080 3708 3460 3775 ἀνακάμπτειν
3484 3706 3657 3761 ἐποίει

2082 3799 2208 3862 τοὺς
2257 3799 2463 3862 κακοὺς
2511 3799 2620 3853 ἀπὸ
2667 3800 3054 3868 στρεϐλώσεως
3099 3801 3180 3864 είς
3216 3799 3504 3870 ὀρθότητα,
3558 3799 3660 3852 οὐκ

2081 3890 2303 3961 ἔχοντας
2332 3892 2707 3961 γλυκύπικρον
2733 3893 2891 3946 τοῦτο
2917 3893 3130 3961 στέγειν
3161 3893 3487 3962 θεράπευμα
3508 3907 3525 3924 ⁸
3562 3891 3666 3946 καὶ

2082 3982 2122 4053 η
2153 3984 2270 4034 κατ’
2297 3982 2582 4052 ἄνθρωπον
2607 3983 2768 4050 φύσις
2799 3987 2882 4047 εἰς
2911 3984 3010 4052 τὴν
3041 3985 3332 4054 ἀρχέγονον
3356 3985 3661 4038 ἀνεποιείτο

2085 4075 2306 4140 πλάσιν,
2332 4075 2430 4146 τὴν
2467 4079 2521 4128 ἐν
2551 4076 2817 4145 ἁπλότητι
2845 4077 2940 4130 καὶ
2975 4076 3324 4146 ἀστασιάστῳ
3349 4075 3539 4146 είρήνῃ
3567 4074 3662 4128 καὶ

2083 4165 2355 4235 γαληναίῃ
2383 4166 2714 4220 καταστάσει
2747 4167 2838 4221 καὶ
2869 4167 3166 4236 ἱλαρότητι.

2156 4248 2263 4328 κβ¹ξ
2295 4253 2404 4310 Ἤν
2432 4256 2576 4311 οὕτω
2613 4257 2780 4311 πάλαι
2826 4259 2956 4312 ποτὲ
2998 4259 3191 4324 ταῦτα,
3229 4259 3410 4324 ἐξότου
3465 4259 3662 4330 ῥᾳδίως

2085 4349 2185 4401 οὐκ
2229 4348 2293 4402 ἂν
2325 4349 2788 4421 ὑπομνημονεύσῃ
2841 4367 2925 4413 τις
2952 4367 2966 4382 ο
3007 4353 3105 4405 καὶ
3142 4353 3170 4405 ό
3219 4351 3331 4420 βίος
3381 4353 3587 4414 ἐκεῖνος
3632 4341 3664 4405 δ

2091 4441 2306 4510 πρώην,
2336 4441 2365 4494 δ
2409 4441 2727 4513 λεοντώδης,
2757 4443 2805 4496 εί
2851 4443 2910 4497 δέ
2938 4461 3022 4506 τις
3075 4444 3439 4516 μετριώτερον
3492 4444 3662 4497 ἐθέλει

405 4543 548 4594 utar,
602 4527 814 4594 impura
883 4531 939 4578 et
1008 4537 1184 4585 vana,
1239 4522 1437 4587 corrigi
1495 4531 1548 4574 et
1603 4521 1668 4575 ad
1726 4535 1974 4575 mansue-

2088 4531 2319 4602 φράσαι,
2353 4533 2626 4604 ἀκόρητος
2660 4535 2764 4589 καὶ»
2792 4535 2914 4604 είκῆ
2953 4515 3226 4606 κείμενος,
3260 4515 3671 4606 ἐπιμεμέλητο,

404 4621 645 4675 tudinem
683 4614 919 4670 revocari
971 4623 1147 4681 ccepta
1195 4623 1298 4677 est,
1331 4613 1560 4679 primum
1614 4612 1832 4681 quidem
1886 4627 1982 4682 per

407 4713 564 4766 talem
607 4709 817 4780 qualem
871 4710 1204 4772 convictum,
1263 4706 1456 4760 deinde
1508 4720 1602 4774 per
1627 4715 1806 4759 certas
1851 4719 1981 4759 con-

405 4803 724 4856 suetudines
763 4812 1100 4863 communes,
1158 4797 1393 4866 denique
1464 4811 1559 4865 per
1617 4795 1782 4864 leges,
1862 4810 1982 4863 quae

405 4914 434 4949 a
472 4895 700 4962 singulis
747 4891 1055 4963 propositat,
1099 4890 1476 4944 universorum
1538 4885 1810 4955 suﬂ'ragiis
1860 4901 1984 4941 san-

406 4989 530 5040 citar
587 4993 732 5040 sunt.
812 4984 1110 5050 Conjnncta
1167 4980 1312 5034 enim
1371 4979 1609 5032 virorum
1673 4981 1980 5048 Sapientqu

408 5078 761 5134 meditatione
795 5085 958 5146 atque
997 5074 1397 5130 consultatione
1430 5073 1575 5143 leges
1629 5071 1980 5141 promulgata:

408 5180 570 5236 sunt,
612 5181 665 5224 et
714 5169 804 5236 jns
857 5179 1062 5222 natura:
1109 5183 1172 5223 ac
1220 5166 1461 5236 gentium
1503 5166 1774 5234 apparuit,
1809 5175 1862 5218 et
1895 5179 1988 5219 sa-

409 5262 576 5334 pienti
605 5262 693 5316 Dei
729 5261 1155 5330 dispensatione,
1191 5258 1538 5328 Spiritusqne
1568 5257 1745 5311 sancti
1780 5257 1983 5312 auxilio

413 5360 742 5410 incrementa
785 5355 946 5430 cepit.
972 5380 1040 5392 -
1067 5351 1332 5419 Quoniam
1360 5362 1537 5405 autem
1572 5350 1858 5420 pulehrmn
1892 5354 1990 5407 de-

412 5445 576 5500 bebat
623 5443 738 5496 lieri
801 5442 1121 5509 pulchrius,
1192 5451 1247 5495 et
1303 5440 1544 5496 divinum
1603 5440 1882 5507 divinius,
1933 5448 1987 5494 et

411 5536 746 5593 mundanum
774 5549 974 5590 exuere
1017 5532 1323 5589 crassitietn
1366 5548 1519 5588 suam
1545 5572 1560 5597 ,
1613 5548 1720 5604 quo
1761 5547 1992 5602 appare-

414 5639 498 5682 ret
535 5627 707 5698 ipsius
757 5627 966 5691 virtus,
1023 5635 1078 5681 et
1125 5640 1156 5680 e
1217 5635 1434 5680 terreno
1499 5624 1989 5680 transformaretur

411 5721 468 5776 in
528 5721 772 5786 caeleste,
826 5730 881 5775 et
933 5734 965 5775 e
1024 5716 1300 5772 mundano
1349 5717 1405 5771 in
1463 5718 1985 5786 supermnndanum,

412 5812 487 5869 ita
525 5822 600 5880 ut,
625 5820 885 5882 quantum
928 5818 1192 5882 augentur
1218 5807 1466 5864 homines
1497 5823 1560 5864 ac
1613 5809 1985 5881 multiplican-

2087 4625 2182 4677 καὶ
2203 4624 2284 4686 είς
2310 4625 2624 4696 ἡμερότητα
2659 4626 3052 4697 μετεϐέϐλητο,
3087 4627 3282 4698 πρῶτα
3329 4627 3429 4699 μὲν
3453 4628 3538 4682 διὰ
3567 4645 3663 4698 με-

2087 4715 2243 4786 τρίου
2294 4717 2672 4788 συνοικισμοῦ,
2730 4716 2850 4772 εἶτα
2905 4719 3251 4790 βεϐαιοτέρου
3311 4720 3678 4792 συνεθισμοῦ,

2094 4807 2232 4876 μετὰ
2274 4807 2330 4860 δὲ
2361 4807 2528 4877 νόμον
2579 4809 2862 4880 εἰσφορᾶς,
2899 4809 3081 4871 καλῶς
3123 4810 3180 4863 δὲ
3229 4811 3295 4865 ἂν
3327 4811 3440 4882 ἔχοι
3477 4816 3672 4882 φάναι,

2090 4899 2187 4952 καὶ
2243 4902 2606 4968 συνεισφορᾶς
2631 4917 2645 4930 ·
2677 4903 2830 4972 κοινὴ
2875 4903 2984 4970 γὰρ
3026 4903 3234 4973 ἀνδρῶν
3289 4906 3472 4973 σοφῶν
3502 4905 3669 4976 βουλὴ

2094 4989 2188 5042 καὶ
2237 4989 2429 5060 σκέψις
2461 4992 2555 5043 καὶ
2585 4992 2703 5044 τότε
2754 4994 2879 5056 τοὺς
2919 4995 3118 5061 νόμους
3163 4994 3452 5063 εἰσήγαγε,
3506 4995 3601 5048 καὶ¹
3642 4998 3686 5050 δ’

2096 5080 2324 5149 φυσικὸς
2372 5083 2582 5135 ἐκεῖθεν
2637 5085 2732 5137 καὶ
2765 5083 2979 5148 ἐθνικὸς
3024 5085 3190 5156 νόμος
3232 5084 3564 5156 ἐξέλαμψεν,
3593 5089 3684 5150 εἰς

2097 5173 2296 5241 ἔγγυον
2356 5173 2690 5245 προδραμὼν
2732 5177 2894 5240 αὐτὸς
2955 5178 3240 5250 οἰκονομίᾳ
3275 5180 3537 5249 πανσόφῳ
3581 5182 3675 5234 καὶ

2098 5262 2362 5334 θειότητι,
2395 5266 2459 5335 τῇ
2488 5266 2630 5316 κατᾶ
2665 5265 2754 5318 τὸν
2781 5266 2838 5318 ἐν
2862 5265 3003 5335 ἁγίῳ
3034 5265 3334 5336 Πνεύματι.
3362 5297 3436 5309 —
3465 5268 3586 5323 Ὀτι
3615 5270 3684 5323 δὲ·

2099 5355 2160 5409 τὺ
2190 5357 2351 5410 καλὸν
2385 5357 2552 5426 ἐχρῆν
2579 5357 2835 5424 γενέσθαι
2871 5357 3111 5423 κάλλιον,
3147 5359 3330 5413 καὶτὸ
3359 5359 3503 5414 θεῖον
3535 5361 3686 5414 0nd-

2099 5464 2279 5516 τερον,
2315 5450 2492 5500 καὶτὸ
2526 5448 2667 5500 κατὰ
2693 5449 2897 5518 κόσμον
2929 5449 3438 5520 ἀπολεπτυνόμενον
3478 5452 3676 5522 πάχος,

2102 5539 2178 5601 ώς
2206 5539 2540 5610 ὲκφανθῆναι
2567 5543 2628 5592 τὸ
2657 5547 2714 5596 ἐν
2761 5542 2910 5610 αὑτῷ
2942 5543 3178 5610 ἀγαθὸν,
3201 5544 3298 5598 καὶ
3325 5545 3390 5598 ἐκ
3416 5543 3680 5613 βιωτικού

2100 5632 2177 5693 είς
2203 5631 2386 5684 ἔνθεον
2414 5626 2844 5704 κατασταθῆναι,
2872 5634 2968 5688 καὶ
2989 5635 3046 5701 ἐξ
3069 5635 3368 5705 ἐγκοσμίου
3398 5637 3479 5699 είς
3509 5637 3681 5705 ὑπερ-

2099 5722 2352 5790 κόσμιον,
2393 5723 2501 5790 ἵνα,
2533 5725 2614 5788 είς
2661 5725 2788 5778 ὅσον
2818 5724 3184 5796 πληθύνονται
3214 5726 3310 5779 καὶ
3351 5725 3680 5792 αὐξάνονται

2099 5813 2150 5866 οἱ
2175 5813 2476 5883 ἀνθρωττοι,
2507 5817 2565 5880 ἐς
2593 5816 2750 5872 τόσον
2779 5817 2875 5871 καὶ
2905 5819 2938 5881 ἡ
2979 5815 3037 5881 ἐξ
3069 5817 3414 5882 ἐπιστροφῆς
3445 5816 3680 5877 καλλονὴ
