4048 6420
265 412 375 480 3Π

867 400 967 463 DE
1007 391 1478 459 OBEDIENTIA
1515 382 2043 450 MAGISTRATUI
2083 378 2557 443 CHRISTIANO
2598 379 2897 442 DEBITA.
2946 358 2954 364 l

3418 376 3529 443 318

267 521 441 580 αὐτῶν
472 521 569 574 καὶ
610 517 646 585 ἡ
688 512 941 582 ἐνάρετος
986 505 1177 576 ἀγωγὴ
1215 499 1690 574 προσεπαύξηται,
1739 494 1881 556 καὶ]

1982 509 2047 555 tr,
2073 501 2280 545 tantum
2306 490 2467 544 etiam
2492 489 2836 559 pulchritudo
2858 503 2887 542 e
2905 486 3262 543 conversione
3289 487 3523 544 oriunda

269 618 329 684 τρ
353 616 416 668 ἐκ
456 610 555 665 τοῦ
604 606 741 662 Θεοῦ
800 600 965 657 καλὸν
996 601 1077 662 είς
1128 598 1366 668 μάλιστα
1426 591 1639 661 πρέπον
1693 587 1844 654 αὐτῷ

271 675 461 774 ἐκείνῳ
513 692 930 763 ἀποκατασταίη
983 689 1171 756 (αὐτὸς
1226 686 1337 758 γάρ
1392 682 1558 754 δοτὴρ
1600 682 1695 735 καὶ
1750 675 1846 774 τοῦ

273 770 660 869 πρωτοφανοῦς
683 784 1001 857 νεογράφουΓ
1015 779 1222 851 ἀγαθοῦ
1245 778 1414 846 νόμου
1431 770 1847 843 κατείληπται)·

274 862 792 959 προσεξευρίσκεται
824 876 991 947 νόμος
1052 870 1170 942 μετ’
1219 871 1427 924 ἐκεῖνον
1476 866 1637 926 ἀλλος
1667 862 1854 916 δεύτε-

276 955 363 1052 ρος
402 975 707 1045 ὑπέρτερος
750 969 847 1024 καὶ
895 962 1363 1038 μεγαλοδύναμος,
1396 955 1615 1014 καὶτοῦ
1653 968 1854 1024 προσε-

276 1046 384 1143 ξῶς
428 1062 848 1138 τεθεοιρημὲνου
909 1062 969 1120 ἐς
1012 1055 1271 1111 τοσοῦτον
1317 1049 1743 1143 ὑπερηρμένοεὶ
1772 1046 1854 1143 εἰς

278 1137 395 1220 ἓσον
441 1161 539 1215 xui.
569 1137 730 1227 σῶμα
756 1153 922 1209 καλὸν
949 1152 1045 1205 καὶ
1093 1148 1345 1221 σφριγῶν
1384 1143 1623 1216 ὕπερθεν
1649 1138 1743 1194 τοῦ
1778 1137 1856 1210 μὴ

280 1253 522 1309 τοιούτου
555 1249 775 1320 φέροιτο
805 1244 894 1300 ἀν.
1506 1244 1513 1249 “

347 1389 457 1459 κγ’.
491 1387 604 1443 Καὶ
640 1381 710 1456 ἦν
736 1385 944 1444 ἐκεῖνος
986 1384 1015 1437 ὀ
1044 1376 1365 1442 Μωσαῖκδς,
1397 1373 1460 1428 οὗ
1511 1371 1673 1443 μόνον
1704 1371 1733 1424 ὁ
1764 1369 1858 1422 Σι-

280 1486 492 1555 ναῖτης,
531 1480 666 1535 ἀλλὰ
711 1479 808 1531 καὶ
856 1478 973 1531 ὅσοι
1007 1472 1194 1527 πολλοὶ
1246 1471 1343 1525 καὶ
1381 1466 1537 1522 αὐτοὶ
1576 1461 1863 1518 ἀκόλουθοι

283 1554 476 1646 ἐκείνῳ
506 1574 596 1628 καὶ
647 1571 938 1642 σύντροχοι
971 1567 1069 1621 καὶ
1121 1564 1430 1634 σύμφωνοι,
1483 1559 1545 1612 οὑ
1592 1557 1723 1627 ιπερῖ¹
1755 1554 1864 1624 γῆν

281 1670 469 1739 ζρπων
500 1664 684 1727 αὐτὸς.
710 1661 802 1716 καὶ
831 1662 899 1714 τὰ
921 1659 1042 1712 κατ’
1070 1655 1244 1726 αὐτὴν
1273 1653 1409 1724 μόνα
1432 1646 1865 1739 συντηρῶν.ῗκαῘ.

283 1736 524 1830 ἐξορθῶν
564 1757 662 1810 καὶ
704 1750 1198 1824 ἐπανορθούμενος,
1242 1744 1378 1799 ἀλλά
1409 1743 1504 1796 καὶ
1532 1740 1696 1801 αὐτὸς
1726 1736 1865 1830 Θεοῦ

1951 592 2006 640 et
2036 584 2163 639 vitae
2190 584 2447 638 honestas
2480 590 2913 652 promoveretur,
2945 589 2999 635 et
3030 581 3229 634 bonum
3264 579 3527 636 divinitus

1952 688 2232 745 acceptum
2273 675 2448 743 magis
2492 673 2773 742 magisque
2805 673 2858 727 in
2891 671 2987 727 Dei
3017 673 3227 727 laudem
3260 672 3528 742 gloriam-

1950 781 2058 837 que
2083 766 2298 821 cederet
2343 766 2483 834 (ipse
2527 766 2670 819 enim
2702 764 2969 835 benignus
3009 778 3143 817 nova
3182 763 3312 833 legis
3341 773 3526 820 auctor

1952 865 2117 924 atque
2149 857 2307 912 dator
2340 855 2501 911 facile
2543 855 2964 926 agnoscebatur)
3012 874 3026 910 :
3077 856 3294 910 inventa
3336 862 3419 909 est
3448 853 3528 908 in.

1954 963 2121 1017 super
2156 956 2355 1018 praeter
2385 947 2529 1002 illam
2572 949 2654 1003 lex
2701 949 2873 1003 altera
2919 948 3173 1025 superior
3213 955 3270 1001 et
3312 955 3529 1017 potens,

1956 1054 2127 1109 eaque
2150 1054 2269 1109 quae
2285 1038 2399 1109 jam
2434 1039 2534 1092 sub
2564 1034 2815 1095 manibus
2845 1047 2963 1093 erat
2993 1048 3138 1092 tanto
3160 1038 3529 1105 praestantior,

1957 1140 2162 1202 quanto
2196 1146 2395 1200 cmpus
2425 1129 2734 1200 speciosum
2763 1146 2826 1185 ac
2865 1131 3172 1200 vigorosnm
3201 1129 3343 1199 turpi
3368 1138 3532 1200 atque
3578 1188 3581 1191 ,

1959 1227 2178 1282 inlirmo
2213 1233 2472 1296 praestare
2509 1224 2776 1280 creditur.

2030 1360 2121 1415 25.
2163 1357 2288 1414 Fuit
2323 1367 2499 1414 autem
2544 1359 2633 1413 illa
2683 1358 2770 1413 lex
2805 1356 3060 1423 Mosaica,
3095 1373 3205 1412 non
3236 1357 3410 1414 solum
3443 1357 3535 1414 Si-

1964 1452 2185 1514 naitica,
2237 1451 2331 1506 sed
2382 1460 2437 1505 et
2467 1451 2587 1505 alia:
2638 1450 2820 1505 multa:
2872 1450 2923 1505 ei
2968 1449 3173 1504 similes
3201 1458 3256 1504 et
3296 1450 3536 1521 ejusdem

1971 1544 2317 1613 argumenti;
2362 1542 2474 1606 illa,
2506 1542 2749 1611 inquam,
2790 1556 2896 1596 non
2951 1543 3017 1595 ad
3073 1550 3271 1596 terram
3317 1555 3538 1611 repens,

1968 1648 2144 1703 neque
2191 1632 2470 1688 terrestria
2515 1641 2725 1687 tantum
2765 1616 3086 1703 respiciens,
3118 1632 3421 1701 corrigens,
3456 1632 3538 1687 di-

1967 1720 2174 1793 rigens,
2203 1724 2296 1778 sed
2329 1723 2507 1792 potius
2532 1738 2561 1776 a
2590 1721 2701 1778 Deo
2741 1722 2861 1793 ipso
2897 1738 3184 1793 suspensa.
3217 1722 3539 1793 Suppedita-

283 1814 491 1916 u')’;.é1t‘.
534 1848 736 1919 μᾶλλον
770 1814 1176 1916 ἐξαέπὼμενος.
1231 1838 1343 1892 Καὶ
1388 1831 1722 1902 θεογνωσίαν
1755 1828 1867 1899 γάρ

1982 1816 2046 1870 vit
2072 1815 2218 1870 enim
2241 1816 2612 1886 cognitionem
2647 1815 2735 1869 Dei
2765 1826 2819 1869 et
2855 1815 3255 1884 philosophiam
3278 1814 3543 1883 divinam,

284 1946 493 2005 ἐκεῖνος
532 1936 1031 2011 ἐπραγματεύσατο
1063 1932 1158 1986 καὶ
1203 1926 1529 2000 φιλοσοφίαν
1559 1924 1733 1989 θείαν,
1763 1921 1864 1975 εἴτ’

283 2036 376 2090 οὖν
408 2033 719 2101 θεολογίαν.
772 2031 865 2083 καὶ
911 2027 1118 2095 κόσμου
1167 2023 1468 2092 ἐπίγνωσιν
1500 2018 1598 2090 μὲν
1637 2014 1727 2070 διὰ
1767 2016 1868 2084 τῆς

281 2118 663 2188 διδασκαλίας.
690 2123 763 2195 ἢν
794 2123 828 2192 ἠ
863 2117 1200 2186 κοσμοποιία
1234 2112 1604 2185 παραδίδωσι,
1631 2109 1870 2177 διάγνω-

286 2239 370 2275 σιν
399 2220 483 2284 δέ,
532 2212 616 2281 οἷς
650 2212 951 2270 ὑποϐάλλει
1001 2210 1377 2280 φυσιολογεῖν.
1425 2208 1781 2272 κατάγνωσιν
1810 2199 1869 2254 δὲ

283 2313 381 2384 τὴν
441 2310 529 2379 ἐφ’
560 2304 641 2372 οἷς
690 2306 819 2378 χρὴ,
872 2304 943 2358 δι’
992 2296 1070 2358 ὧν
1111 2299 1371 2373 ῥυθμίζει
1422 2296 1560 2366 πρὸς
1595 2290 1751 2368 ἦθος,
1792 2293 1871 2357 ὡς

284 2401 675 2475 ἐπιμελεῖσθαι
713 2399 814 2469 μὲν
871 2397 1103 2466 κόσμου,
1152 2391 1278 2448 καθ’
1311 2390 1375 2475 ὃν
1410 2386 1769 2475 ὑπερλάμπει
1808 2385 1871 2439 τὸ

284 2469 544 2564 κόσμιον,
568 2488 926 2560 περιφρονεῖν
946 2484 1005 2538 δὲ
1031 2481 1220 2544 τᾶλλα.
1250 2479 1310 2546 ἐξ
1339 2469 1415 2531 ὧν
1450 2477 1481 2528 ὁ
1508 2474 1631 2528 κατ’
1656 2471 1871 2543 ἀνθρω-

284 2603 387 2640 πον
421 2583 539 2657 βίος
563 2579 892 2636 άπεκσαίνει
926 2578 1194 2646 ἄκοσμος.

354 2701 465 2756 κδ’.
499 2699 613 2752 Καὶ
663 2694 995 2750 ἀπετέλεσεν
1043 2694 1072 2746 ὁ
1099 2690 1342 2752 τοιοῦτος
1389 2688 1554 2758 νόμος
1612 2685 1673 2737 οὗ
1712 2682 1875 2755 μόνον

287 2792 535 2863 ἀγαθοὺς
564 2788 762 2860 ἄνδρας
791 2786 1004 2851 ἁπλῶς,
1041 2784 1220 2837 ὁποῖοι
1252 2783 1316 2852 δή
1352 2798 1497 2843 τινες
1536 2777 1633 2832 καὶ
1679 2779 1736 2830 ἐν
1764 2776 1877 2838 τοῖς

288 2886 397 2958 πρὸ
447 2883 633 2938 αὐτῶν
689 2880 1034 2949 ἐξεφάνησαν
1093 2876 1307 2945 μέτριοι
1352 2873 1554 2927 ἐκεῖνοι
1606 2869 1704 2923 καὶ
1745 2868 1878 2938 ῥᾷον

284 2977 613 3050 ἁριθμητοὶ,
648 2976 743 3028 καὶ
805 2970 1025 3044 μάλιτθ’
1053 2970 1143 3024 ὅτε
1181 2971 1214 3040 ἡ
1266 2964 1596 3038 ἀγριονομία
1641 2961 1743 3033 τὴν
1774 2961 1879 3031 γῆν
1920 2974 1923 2977 ‘

287 3068 632 3132 ἀπεσκότου,
688 3063 826 3118 ἀλλὰ
876 3065 971 3117 καὶ
1005 3060 1219 3128 ἁγίους,
1275 3059 1372 3112 καὶ
1419 3056 1480 3110 τὸ
1526 3053 1877 3117 καινότατον,

1971 1908 2024 1963 id
2063 1916 2149 1961 est
2192 1906 2539 1978 theologiam,
2582 1916 2636 1963 et
2675 1909 2858 1963 mundi
2909 1907 3274 1977 cognitionem
3305 1923 3401 1979 per
3447 1907 3541 1963 do-

1968 2000 2204 2056 ctrinam
2234 2014 2399 2070 quam
2434 2001 2641 2057 creatio
2671 2001 2854 2056 mundi
2880 2002 3124 2065 exhibet,
3154 2016 3367 2057 necnon
3397 2000 3542 2073 judio

1967 2091 2113 2146 cium
2146 2091 2212 2145 de
2237 2106 2420 2145 rerum
2451 2100 2666 2156 natura,
2698 2098 2752 2146 et
2775 2101 3142 2161 contemptum
3185 2106 3365 2146 rerum
3409 2104 3544 2146 con-

1968 2190 2179 2251 temptu
2234 2182 2560 2253 dignarum;
2614 2183 2811 2252 quibus
2858 2184 3108 2241 omnibus
3153 2199 3329 2240 mores
3384 2184 3545 2254 peril-

1968 2273 2215 2339 ciuntur,
2269 2274 2345 2328 ita
2403 2282 2465 2327 ut
2521 2275 2753 2341 mundo,
2809 2285 3079 2346 quatenus
3139 2290 3322 2331 veram
3389 2277 3545 2332 nobis

1968 2365 2289 2421 munditiem
2337 2365 2613 2433 ostendit,
2675 2366 3029 2432 Studeamus,
3087 2377 3282 2423 caetera
3341 2378 3544 2435 autem,

1970 2458 2169 2527 quibus
2210 2458 2317 2511 vita
2364 2457 2600 2512 humana
2639 2458 2706 2514 ad
2747 2459 3145 2515 immunditiem
3196 2460 3547 2533 deprimitur,

1970 2559 2414 2606 contemnamus.

2044 2663 2137 2719 24.
2180 2664 2352 2720 Porro
2401 2663 2487 2719 lex
2524 2664 2615 2721 illa
2662 2681 2771 2720 non
2816 2668 2992 2724 solum
3026 2667 3262 2725 reddidit
3297 2669 3553 2727 homines

1977 2756 2303 2828 simpliciter
2347 2758 2565 2825 probos,
2594 2758 2786 2828 quales
2832 2760 2996 2813 etiam
3044 2770 3172 2813 ante
3222 2760 3342 2816 illos
3395 2763 3553 2829 pauci

1977 2849 2200 2920 quidam
2231 2851 2574 2914 exstiterant,
2602 2858 2658 2904 et
2684 2848 2954 2919 imprimis
2976 2865 3098 2904 cum
3129 2851 3227 2905 l'eri
3264 2851 3339 2905 illi
3372 2868 3554 2908 mores

1982 2950 2184 2996 terram
2232 2940 2613 3004 obscurarent,
2667 2941 2761 2996 sed
2819 2941 2981 2995 etiam
3031 2951 3251 2997 sanctos
3297 2955 3375 3006 et,
3409 2945 3554 3013 quod

1981 3032 2218 3087 maxime
2234 3030 2612 3085 admirandum
2646 3040 2750 3094 est,
2784 3029 2876 3085 Dei
2910 3041 3119 3101 patres.
3144 3030 3412 3101 Apparuit
3451 3033 3556 3103 igi-

288 3119 662 3228 δέξτξέιέᾷραξ.
712 3157 996 3226 Ἐπεφάνη
1023 3119 1079 3206 δέ
1104 3119 1216 3224 ἄρα
1248 3153 1276 3204 ὁ
1307 3148 1551 3210 τοιοῦτος
1585 3146 1749 3214 νόμος
1785 3160 1875 3197 τε·

1982 3132 2071 3179 tur
2112 3123 2200 3179 lex
2231 3122 2321 3176 illa
2353 3120 2648 3191 perfectior
2681 3131 2736 3177 et
2772 3122 2938 3176 multo
2989 3123 3163 3194 magis
3206 3123 3562 3189 venerabilis,

287 3254 570 3323 λεώτερος
635 3249 735 3320 ρέν
788 3247 883 3301 καὶ
933 3247 1014 3309 εἰς
1078 3243 1238 3296 πλέον
1277 3239 1511 3312 ὁτιμάλα
1567 3237 1884 3306 σεϐάσμιος,

297 3347 505 3401 καθότι
541 3345 637 3397 καὶ
673 3341 1005 3412 θεόγραφος,
1041 3335 1285 3409 μελετῶν
1314 3334 1371 3388 δέ
1404 3334 1554 3406 ὅμως
1597 3330 1693 3385 καὶ
1751 3330 1887 3382 ὑπο-

291 3437 635 3510 κρουόμενος
682 3434 752 3487 τὰ
794 3430 1129 3486 τελεώτατα.
1173 3426 1495 3498 Ἐθεωρεϊτο
1546 3423 1655 3492 γὰρ
1708 3419 1783 3485 ὡς
1825 3422 1883 3475 ἐν

291 3526 660 3601 ὑπογραμμῷ
719 3521 1084 3593 σκιαγραφῶν
1140 3520 1237 3574 καὶ
1299 3515 1702 3587 ὑποχαράσσων
1764 3511 1887 3566 θεῖα

287 3623 633 3693 τυπώματα,
665 3617 977 3689 προφήταις
1008 3613 1106 3686 μὲν
1129 3612 1203 3675 ὡς
1225 3609 1564 3680 διορατικοῖς
1589 3605 1888 3659 ἐποπτευό-

292 3732 493 3789 μενος,
524 3713 622 3767 καλ⁸
650 3710 982 3777 λεπτότερον
1017 3701 1481 3769 κατανοούμενος,
1533 3702 1648 3761 τοῖς
1684 3697 1742 3751 δέ
1767 3695 1884 3750 λοι-

292 3787 421 3870 ποῖς
481 3801 796 3873 παχύτερον
858 3795 1327 3868 προσφερόμενος,
1377 3794 1473 3844 καὶ
1527 3788 1648 3843 οὐδὲ
1698 3787 1774 3851 ὡς
1827 3787 1888 3839 ἐν

292 3897 536 3966 ὑπονοίᾳ
566 3893 699 3963 γοῦν
729 3890 951 3960 ἐφικτὸς
985 3887 1084 3943 ῶν.
1104 3885 1341 3954 Μεγάλα
1369 3884 1480 3954 γὰρ
1511 3880 1609 3935 καὶ
1633 3879 1888 3932 θειότατα

292 3993 395 4044 καὶ
429 3991 551 4050 τοῖς
592 3983 851 4054 τηνικάδε
906 3981 1100 4051 χρόνου
1158 3976 1471 4048 ἀνθρώποις
1517 3971 1885 4047 ἀκατάληπτα

291 4083 513 4147 λαλῶν,
542 4078 891 4147 ἐπέκρυπτεν
914 4071 1311 4141 αἰνιττόμενος.
1333 4066 1392 4120 τὸ
1415 4066 1531 4138 φῶς
1559 4062 1704 4118 οὕτω
1730 4062 1889 4117 σκιά-

296 4176 413 4241 ζων
442 4174 548 4244 τῆς
581 4169 860 4238 γνώσεως,
895 4166 990 4219 καὶ
1016 4159 1458 4217 κατακαλύπτων
1494 4156 1593 4227 τὴν
1628 4153 1888 4225 ἀλήθειαν

294 4270 372 4332 ὡς
401 4269 463 4321 ἐν
496 4261 995 4334 παραπετάσματι,
1034 4254 1112 4325 τῷ
1146 4250 1568 4323 προφαινομένῳ
1611 4248 1713 4317 τῆς
1745 4246 1889 4316 φρά-

299 4379 446 4425 σεως
467 4376 485 4392 ο
520 4358 616 4411 καί
644 4349 791 4423 εἶχον
837 4350 1014 4418 ὀλίγοι
1057 4344 1392 4418 ἐμόαθύνειν
1443 4343 1559 4403 τοῖς
1589 4341 1887 4408 αἰνιγμοῖς,

298 4453 351 4507 si
387 4450 619 4511 πλείους
648 4444 706 4498 δέ
738 4440 880 4515 ἦσαν
905 4440 1003 4509 τῆς
1028 4435 1320 4505 ἐπιπολῆς.

375 4564 485 4618 κε’.
522 4560 637 4614 Οὐκ
696 4557 962 4628 ἠνέσχετο
989 4553 1046 4607 δὲ
1092 4551 1202 4621 ἄρα
1231 4551 1259 4603 ὁ
1310 4549 1407 4602 καὶ
1443 4544 1653 4614 ὲπιπέμ

302 4655 478 4723 νόμον
521 4647 715 4702 τοῦτον
761 4645 918 4710 Θεὸς,
970 4643 1065 4696 καὶ
1099 4639 1311 4711 βαθέως
1359 4635 1643 4699 τυπώσας,
1707 4634 1798 4686 καὶ
1833 4633 1893 4685 ὲν

307 4721 667 4817 συ-μίσόλμις
701 4735 1000 4807 παραδοὺς,
1033 4731 1110 4802 μὴ
1141 4731 1267 4801 οὐχὶ
1298 4729 1393 4783 καὶ
1422 4724 1764 4795 διασαφῆσαι
1799 4721 1896 4776 αὐ-

305 4840 402 4903 τὸς
433 4815 440 4817 ⁷
468 4836 683 4889 ἐκεῖνον
747 4828 1151 4897 ἐναργέστατα,
1203 4823 1300 4877 καὶ
1360 4816 1764 4888 τελεσφορῆσαι
1815 4815 1897 4876 εἷς

309 4924 711 4999 πληρεστάτην
733 4919 967 4992 χρῶσιν,
997 4916 1096 4970 καὶ
1124 4913 1268 4968 οὕτω
1286 4912 1513 4982 γνῶσιν,
1535 4909 1597 4963 τὸ
1632 4906 1897 4974 σκιαγράο

309 4994 502 5088 φημα.
530 5013 597 5067 El
631 5011 742 5086 γὰρ
774 5006 1099 5068 διδάσκαλος
1135 5001 1586 5071 ἀποπειρώμενος
1617 4994 1896 5066 μαθητῶν,

311 5086 456 5172 προς
489 5100 575 5167 οἷς
607 5104 701 5158 τὸν
738 5100 864 5155 νοῦν
903 5098 1039 5169 ἔχει,
1091 5097 1187 5150 καὶ
1215 5093 1477 5164 γλαφυρὰ
1523 5089 1769 5159 λαλήσας
1804 5086 1903 5138 αὖ-

310 5199 574 5268 τοῖς,καὶ
603 5191 859 5266 εὑρηκὼς
889 5192 992 5246 οὐκ
1011 5187 1426 5259 ἐμϐαθύνοντας
1457 5183 1541 5247 είς
1565 5182 1774 5249 νόησιν,
1805 5176 1904 5231 καλ⁸

312 5292 381 5347 δι’
424 5291 566 5347 αὐτὸ
594 5286 998 5346 κατοκνοῦντας
1025 5283 1126 5352 τὴν
1159 5279 1423 5350 μάθησιν,
1460 5275 1556 5329 καὶ
1588 5274 1655 5344 τῇ
1687 5268 1903 5340 ἀθυμίᾳ.

315 5383 702 5444 ἐκλείποντας,
751 5377 785 5450 ἦ
834 5378 904 5447 τῇ
959 5371 1206 5447 ῥᾳθυμία
1269 5367 1748 5428 καταπίπτοντας,
1808 5359 1905 5414 καὶ

318 5471 817 5541 ἀποτελουμένους,
861 5464 936 5528 ὡς
967 5464 1144 5525 οὕτως
1190 5461 1390 5524 εἰπεῖν,
1433 5452 1904 5523 λειπογνώμονας,

317 5567 424 5620 οὖκ
470 5540 730 5633 ἀνέχεται
764 5560 840 5627 μὴ
885 5558 945 5621 ἐς
986 5556 1103 5625 φῶς
1141 5553 1370 5622 ἀγαγεῖν
1425 5546 1817 5633 διευκρινήσαςᾉ
1844 5540 1907 5594 τὸ

320 5631 807 5724 δυσκατάληπτον,
837 5648 975 5703 ἀλλά
1008 5643 1362 5715 διερμηνεύει
1394 5638 1605 5709 σαφῶς,
1640 5636 1739 5690 καὶ
1763 5631 1909 5687 οὕτω

321 5750 424 5813 τὶς
474 5746 706 5800 ἐκείνων
738 5744 937 5799 κτᾶται
967 5740 1171 5810 ψυχάς.
1216 5736 1309 5806 Τῷ
1338 5736 1506 5789 παντὶ
1548 5732 1644 5786 ἐπὶ
1686 5729 1849 5783 πλέον
1880 5726 1910 5779 ὁ

328 5841 424 5894 καὶ
457 5839 756 5912 προάρχων
804 5831 1224 5898 ἐνδιδασκάλως,
1257 5829 1354 5886 καὶ
1376 5827 1553 5892 ἄλλως
1585 5825 1643 5880 δὲ
1676 5818 1900 5893 παμμέ-

1986 3213 2243 3284 quoniam
2300 3227 2330 3267 a
2388 3212 2499 3267 Deo
2551 3219 2670 3267 erat
2716 3212 3028 3283 conscripta
3071 3226 3125 3268 et
3172 3214 3238 3269 ad
3287 3230 3557 3271 summam

1983 3305 2372 3378 perfectionem
2413 3305 2661 3362 homines
2690 3306 3054 3376 praeparabat.
3105 3304 3563 3376 Conspiciehatur

1986 3399 2130 3453 enim
2174 3396 2330 3466 quasi
2361 3395 2695 3451 adumbrans
2730 3404 2786 3449 et
2826 3394 3110 3450 delineans
3155 3403 3424 3466 praecepta
3473 3396 3560 3451 di-

1985 3491 2131 3552 vina,
2160 3497 2213 3545 et
2237 3504 2267 3543 a
2292 3488 2571 3559 prophetis
2595 3486 3004 3558 perspicacibus
3040 3485 3310 3541 intellecta
3344 3486 3567 3557 facilius

1986 3581 2566 3652 comprehendebatur,
2598 3594 2627 3633 a
2656 3580 2869 3634 caeteris
2895 3587 3070 3634 autem
3108 3578 3367 3633 crassiori
3400 3581 3571 3637 modo

1987 3673 2425 3743 cancipiebatur,
2452 3672 2526 3726 ita
2558 3681 2618 3725 ut
2666 3672 2756 3725 vix
2804 3672 3121 3741 conjectura
3163 3672 3285 3743 ejus
3336 3686 3560 3728 sensum

1989 3774 2434 3834 assequerentur.
2479 3763 2611 3819 Cum
2664 3765 2811 3818 enim
2861 3762 3129 3831 magnalia
3177 3774 3341 3833 atque
3380 3764 3572 3820 divina

1987 3857 2341 3927 eloqueretur
2371 3872 2493 3926 quae
2520 3858 2586 3910 ab
2619 3855 2769 3911 illius
2801 3857 3063 3925 temporis
3093 3855 3410 3912 hominibus
3438 3856 3572 3927 capi-

1989 3951 2309 4023 nequibant,
2343 3951 2526 4005 lumen
2559 3948 2929 4019 intelligentiae
2952 3949 3168 4004 nonnisi
3200 3950 3573 4005 adumbrabat.

1989 4049 2378 4104 etaveritatem
2423 4047 2567 4102 velut
2611 4046 2960 4115 aenigmatum
3013 4041 3281 4096 velamine
3333 4039 3574 4105 celabat,

1991 4139 2231 4195 dictione
2279 4138 2534 4192 nimirum
2586 4150 2677 4191 res
2719 4134 2935 4190 futuras
2979 4130 3358 4204 pmﬁgurans,
3391 4144 3573 4200 quare

1990 4230 2310 4303 paucissimi
2340 4229 2687 4301 aenigmatum
2720 4241 2943 4282 sensum
2977 4223 3390 4296 perpetrabant,
3428 4222 3567 4279 mul-

1992 4322 2168 4378 titudo
2199 4330 2378 4375 autem
2406 4320 2461 4374 in
2489 4318 2780 4389 superlicie
2805 4316 3065 4372 haerebat.

1655 4544 1764 4613 φας
1798 4543 1892 4596 τὸν
1925 4496 1974 4555 θ
2068 4511 2323 4569 25.Deus
2341 4510 2525 4583 igitur,
2545 4510 2634 4580 qui
2651 4509 2789 4562 hanc
2818 4506 2990 4577 legem
3010 4504 3322 4561 hominibus
3341 4504 3581 4575 benigne

1993 4623 2306 4666 concessam
2324 4617 2376 4662 et
2390 4602 2649 4678 symbolis
2667 4601 2961 4656 involutam
2981 4599 3199 4664 tulerat,
3218 4600 3334 4667 ipse
3354 4613 3577 4668 quoque

1996 4701 2257 4772 providit,
2282 4706 2343 4751 ut
2371 4712 2434 4752 ea
2458 4697 2662 4767 optime.
2688 4692 3100 4763 intelligeretur,
3121 4698 3315 4757 etquae
3335 4690 3579 4745 obscure

1999 4793 2147 4847 dicta
2165 4799 2370 4855 essent,
2390 4787 2457 4843 ad
2480 4787 2787 4843 claritatem
2811 4799 2874 4839 ac
2898 4783 3345 4854 perspicuitatem
3364 4780 3573 4852 perdu-

2000 4891 2285 4940 cercntur.
2309 4880 2520 4936 Sienim
2545 4886 2866 4950 praeceptor,
2890 4875 3185 4945 discipulos
3205 4876 3405 4946 quibus
3439 4875 3581 4929 bene

2000 4975 2388 5045 cupitexpertu
2399 4986 2509 5038 rus,
2528 4971 2693 5025 altum
2715 4969 3000 5025 verborum
3020 4982 3241 5021 suorum
3263 4980 3481 5020 sensum
3506 4966 3578 5020 ab

2006 5068 2075 5124 iis
2100 5066 2241 5121 haud
2285 5062 2520 5135 perspici
2549 5061 3015 5125 animadvertens,
3055 5057 3131 5112 ita
3160 5056 3377 5126 quidem
3410 5064 3467 5110 ut
3503 5055 3574 5111 ad

2005 5157 2310 5214 doctrinam
2363 5154 2674 5224 pigrescant
2722 5160 2886 5219 atque
2917 5156 3011 5203 aut
3053 5148 3221 5202 animi
3253 5149 3439 5219 vigore
3485 5145 3581 5201 de-

2005 5248 2207 5316 etituti,
2244 5255 2339 5303 aut
2359 5247 2580 5301 levitate
2605 5241 2865 5313 correpti,
2900 5239 3048 5295 omni
3081 5253 3327 5309 prorsus,
3360 5245 3418 5292 ut
3452 5252 3585 5294 vere

2006 5341 2207 5403 dicam,
2253 5335 2482 5394 scientia
2524 5333 2797 5395 excidant,
2825 5345 2888 5386 ea
2924 5342 3045 5398 quae
3089 5326 3331 5383 dil‘licilia
3361 5327 3589 5398 cognita

2007 5443 2135 5490 sunt
2167 5446 2278 5486 non
2313 5429 2432 5484 vult
2476 5441 2583 5482 non
2618 5425 2675 5480 in
2725 5424 2900 5479 lucem
2943 5422 3268 5492 producere,
3299 5418 3394 5476 sed
3442 5419 3591 5475 bene

2009 5523 2247 5596 explicat
2274 5532 2328 5578 et
2364 5520 2439 5575 ita
2473 5531 2662 5573 eorum
2699 5513 2911 5570 animos
2939 5513 3225 5567 lucratur:
3265 5511 3438 5565 multo
3473 5524 3582 5580 po-

2013 5618 2122 5672 tius
2145 5615 2191 5670 is
2214 5613 2305 5684 qui
2334 5611 2402 5666 ab
2436 5618 2640 5665 aeterno
2662 5619 2907 5663 summus
2930 5601 3032 5658 fuit
3055 5611 3377 5673 praeceptor,
3407 5602 3581 5671 legem

2012 5723 2166 5767 suam
2221 5723 2251 5761 a
2286 5703 2471 5777 Moyse
2507 5700 2732 5771 ejusque
2777 5697 2975 5753 coaevis
3006 5695 3371 5764 conscriptam
3416 5694 3595 5748 bene-

2014 5805 2134 5865 vole
2180 5801 2426 5861 revelare
2469 5796 2662 5856 statuit
2708 5791 3022 5850 hominibus
3047 5789 3141 5862 qui
3169 5789 3368 5847 divina:
3397 5787 3601 5859 gratiae.
