4048 6450
431 416 538 480 319
1106 410 1524 474 EUSTATIIII
1569 403 2326 468 TIlESSALONICENSIS
2371 399 2934 462 METRGPOLITA!
3597 391 3706 458 3‘20

435 529 761 600 veritatique
809 526 1089 583 studerent
1140 535 1196 580 et
1253 538 1350 592 per
1379 521 1625 574 ultimam
1685 515 2021 586 perfectissi-

2147 531 2337 578 rtcro;,
2370 515 2462 568 τὸν
2494 512 2659 567 αὑτοῦ
2687 512 2852 580 νόμον
2884 513 2974 565 τὸν
2998 507 3278 578 δεύτερον,
3328 504 3420 559 τὸν
3453 504 3705 576 γραπτὸν

435 640 688 692 tuamque
727 622 897 690 legem
945 619 1011 674 ad
1059 620 1230 686 ipsum
1267 621 1634 676 recurrerent,
1672 617 1923 664 accurate
1957 621 2019 661 ac

2147 607 2186 660 iv
2221 607 2458 674 Μωῦσῆς
2492 608 2587 659 καὶ
2620 606 2667 658 oi
2705 603 2992 658 chai'xoi
3035 601 3433 671 ἐξεγράψαντο,
3478 595 3706 666 ἔμελλεν

431 715 552 766 stne
585 687 845 780 vituperio
869 710 984 778 ejus
1008 706 1423 777 justificationes
1454 700 1819 770 exsequendo.

2149 695 2386 766 ὺσχὸ).ως
2407 696 2751 766 ἀνακαλύψαι
2771 697 2885 756 τοῖς
2912 697 2968 746 ἐν
2999 693 3181 764 χάριτι
3205 691 3326 761 θείᾳ.
3355 691 3450 744 καὶ
3472 687 3704 760 ἀληθείᾳ⁴

433 806 792 875 νομομαθέσι,
835 805 932 858 καὶ
1003 804 1091 857 διὰ
1134 799 1228 854 τοῦ
1296 797 1530 868 ὑστέρου
1586 795 1682 847 καὶ
1737 789 2117 862 πληρεστάτου
2171 789 2339 860 νόμου
2396 788 2911 862 ἀναδραμουμένοις
2963 788 3020 850 ἐς
3074 783 3240 837 αὑτὸν
3287 783 3346 835 ὲν
3389 781 3468 852 τῷ
3521 780 3704 843 καλῶς

438 895 533 948 καὶ
581 895 704 964 δίχα
740 895 936 963 μώμου
992 891 1277 944 ἐκτελέσαι
1327 888 1396 940 τὰ
1447 886 1659 940 ἐκείνου
1719 882 2092 952 δικαιώματα.

507 989 598 1042 26.
644 987 932 1041 Deseendit
970 987 1132 1056 igitur
1163 998 1258 1052 per
1295 979 1691 1036 incarnationis
1725 975 2016 1044 dispensa-

439 1079 639 1131 tionem
691 1079 741 1130 iu
781 1074 1040 1130 mundum
1089 1088 1247 1128 suum
1296 1087 1361 1125 ac
1415 1069 1709 1133 hominem,
1743 1075 1910 1135 atque
1951 1065 2019 1119 ab

440 1169 596 1224 initio
631 1182 832 1237 paucos
859 1175 1066 1220 tantum
1097 1181 1126 1220 e
1151 1155 1496 1218 multitudine
1516 1159 1676 1230 elegit
1702 1155 2020 1227 discipulos,

442 1261 495 1314 in
541 1275 608 1314 eo
665 1273 880 1328 quoque
935 1256 1313 1310 admirandum
1373 1263 1426 1306 et
1471 1250 1838 1322 prodigiosum
1889 1247 2022 1317 quid

441 1350 774 1414 ostendens,
834 1349 974 1416 quod
1039 1360 1146 1400 non
1207 1351 1534 1412 exspectans
1585 1338 2033 1409 conspiciebatur

445 1442 709 1497 doctrinae
760 1439 985 1508 cupidos
1039 1437 1277 1499 docere.
1323 1435 1416 1490 sed
1452 1432 1632 1504 potius
1680 1430 2030 1496 semetipsum

447 1531 824 1593 exinaniebat,
847 1539 907 1584 ut
931 1530 1093 1583 etiam
1117 1530 1185 1583 ab
1212 1529 1327 1596 ipso
1350 1525 1656 1580 educendos
1679 1521 1956 1590 colligeret
1981 1525 2035 1573 et

446 1626 513 1677 ad
545 1639 731 1678 eorum
769 1620 1142 1676 infirmitatem
1173 1633 1295 1675 sese
1322 1617 1780 1672 accommodaret.

516 1715 607 1769 9.7.
652 1713 942 1769 Descendit
988 1713 1153 1783 igitur
1184 1725 1214 1766 e
1245 1708 1386 1765 coelo
1435 1705 1762 1762 illuminatio
1815 1701 2028 1773 perfec-

448 1809 684 1870 lissima,
718 1804 938 1859 luminis
983 1803 1310 1873 principium
1345 1801 1614 1855 lmninum
1652 1811 1825 1868 pater,
1867 1808 2031 1863 atque

449 1897 671 1951 umbras
700 1897 817 1950 luce
851 1902 1118 1965 penetrat.
1154 1893 1405 1964 inprimis
1435 1899 1616 1945 autem
1639 1889 1843 1959 Moysis
1868 1887 2029 1958 legis-

449 1986 642 2040 latoris
697 1983 959 2055 sapientis
1023 1983 1472 2037 adumbrationes
1522 1980 1588 2033 ad
1637 1978 2029 2048 permotionem

449 2079 731 2146 provexit,
789 2077 1076 2142 aenigmata
1128 2073 1419 2146 symboliea
1480 2071 1868 2140 interpretatus
1923 2076 2029 2134 est,

450 2170 797 2223 characteres
834 2166 1151 2221 umbratiles
1177 2169 1242 2220 ad
1284 2180 1468 2218 veram
1501 2165 1669 2216 vitam
1705 2161 1949 2223 deduxit,
1979 2168 2032 2214 et

450 2262 770 2333 praeclaram
809 2259 954 2313 illam
1005 2259 1176 2328 legem
1227 2256 1295 2311 ad
1352 2256 1630 2310 infandam
1669 2251 2032 2324 pulchritudio

447 2369 594 2420 nem,
623 2363 718 2407 aut
751 2352 795 2406 si
829 2350 1138 2406 accuratius
1165 2349 1450 2404 dicendum
1473 2357 1576 2414 est,
1601 2347 1669 2400 ad
1693 2344 2032 2415 spiritualem

448 2452 734 2502 veritatem
772 2459 1024 2500 sermone
1059 2443 1206 2498 claro
1249 2442 1540 2512 promovit.
1597 2439 1754 2494 Haud
1801 2437 2033 2506 amplius

445 2539 592 2593 enim
631 2536 800 2605 figura
826 2545 946 2605 post
968 2533 1507 2595 condescensiouem,
1534 2531 1673 2583 haud
1697 2526 2031 2597 symbolum,

449 2631 594 2685 haud
641 2630 855 2693 umbra,
893 2626 988 2682 sed
1035 2624 1218 2680 omnia
1266 2623 1468 2685 lucida,
1507 2621 1790 2691 perspicua
1824 2621 2029 2673 omnia.

447 2719 808 2774 Characteres
838 2715 1090 2785 explicati
1126 2721 1273 2776 sunt,
1309 2712 1515 2766 veritas
1555 2725 1745 2764 serena
1779 2709 1901 2763 luce
1934 2722 2031 2776 ap-

449 2811 648 2880 paruit,
677 2809 902 2879 Ῑυειίιίιε
946 2809 1026 2862 sol
1057 2819 1280 2860 exortus
1311 2815 1413 2866 est.
1465 2814 1518 2857 et
1564 2802 1654 2872 qui
1687 2809 1870 2866 antea,
1917 2816 2037 2854 um-

453 2906 674 2959 brarum
737 2901 966 2971 caligine
1021 2897 1269 2961 involuti,
1330 2911 1506 2965 neque
1564 2895 1870 2949 sciebamus
1925 2906 2037 2962 quo

450 2993 686 3049 cundum
741 3000 909 3055 esset,
963 3004 1140 3058 neque
1199 2987 1609 3058 apprehendere
1663 2985 2035 3039 necessarium

451 3085 794 3147 volebamus,
823 3098 853 3138 e
881 3083 1118 3137 tenebris
1148 3081 1424 3152 perpetuis
1455 3080 1522 3135 ad
1555 3080 1730 3135 lucem
1766 3077 2037 3133 infinitam

451 3177 690 3232 traducti
721 3189 935 3231 sumus.
966 3174 1309 3244 Ambiguitas
1332 3171 1520 3243 legalis
1545 3170 1790 3237 evanuit,
1812 3170 2038 3241 ejusque
2067 3217 2112 3276 ο

459 3273 580 3326 loco
613 3269 833 3324 advenit
879 3284 1036 3324 mens
1065 3268 1336 3337 profunda
1371 3280 1522 3328 sane,
1558 3265 1652 3320 sed
1706 3265 1868 3319 simul
1907 3265 2040 3318 sint-

453 3369 598 3435 plex,
624 3362 1062 3433 quandoquidem
1097 3361 1374 3430 sapienter
1405 3373 1468 3413 ac
1497 3369 1722 3413 strenue
1754 3357 2036 3411 veritatem

456 3459 882 3528 interpretatur;
909 3468 1016 3508 non
1037 3453 1270 3522 amplius
1293 3451 1547 3521 obiicitur
1571 3453 1817 3505 velamen
1847 3449 2040 3521 legale,

458 3554 598 3607 intra
626 3549 767 3620 quod
795 3547 987 3602 salutis
1018 3546 1263 3601 doctrina
1297 3543 1623 3598 occultatur.

530 3645 624 3700 28.
668 3643 855 3712 Neque
897 3641 1009 3710 jam
1059 3639 1263 3693 dixerit
1311 3637 1580 3706 quispiam
1633 3649 1664 3690 e
1712 3635 1929 3700 coaevis,
1981 3650 2042 3689 se

458 3737 762 3795 secundum
811 3748 1056 3790 crassam
1106 3731 1344 3787 litteram
1379 3728 1721 3797 conversari,
1750 3729 1878 3784 dum
1928 3729 2044 3783 hare

458 3830 544 3886 vel
580 3830 672 3885 illa
703 3831 769 3883 ad
816 3827 1055 3882 litteram
1106 3824 1241 3895 agit.
1290 3823 1345 3878 Si
1379 3832 1556 3877 autem
1597 3821 1880 3893 spirituale
1914 3821 2043 3890 quid

460 3926 514 3978 in
545 3923 622 3979 eis
647 3921 985 3977 reconditum
1011 3918 1104 3985 sit,
1142 3918 1266 3985 quis
1293 3917 1432 3970 seire
1455 3914 1693 3984 poterit?
1722 3912 1827 3967 Sed
1860 3914 2044 3966 omnia

460 4026 590 4072 sunt
639 4014 949 4084 perspicua,
1008 4019 1062 4064 et
1113 4009 1278 4064 Verbi
1328 4008 1495 4062 divini
1559 4007 1832 4061 incarnati
1883 4005 2044 4060 effata

461 4107 736 4162 intellectu
773 4103 988 4171 facilia;
1035 4103 1331 4173 margarita
1374 4099 1499 4154 inde
1538 4099 1884 4170 proveniens,
1929 4111 2047 4152 oui-

466 4200 550 4254 nis
582 4197 872 4253 velamenti
921 4194 1138 4249 obscuri
1175 4207 1392 4261 expers,
1443 4206 1539 4261 per
1573 4207 1631 4245 se
1681 4191 1852 4258 ipsam
1896 4204 2045 4243 com-

465 4286 839 4357 prehenditur.
870 4285 1078 4338 Aurum
1121 4292 1176 4337 ct
1224 4289 1508 4352 argentum
1543 4296 1734 4346 purum
1775 4263 2041 4348 projacet,

467 4395 574 4433 non
629 4377 1028 4436 adulteratum,
1081 4374 1229 4429 nullo
1291 4373 1470 4442 lapide
1527 4369 1700 4441 Lydio
1759 4372 2041 4441 indigens;

466 4470 672 4538 lapides
726 4467 947 4539 pretiosi
993 4475 1051 4520 ut
1095 4465 1515 4536 investigeutur,
1565 4479 1741 4532 neque
1789 4464 2044 4518 sudorem

2198 974 2314 1041 κς·’.
2350 976 2563 1030 Οὐκοῦν
2597 976 2918 1029 καταϐαίνει
2949 973 3036 1027 διὰ
3060 971 3157 1040 τῆς
3189 969 3460 1036 ἐνσάρκου
3491 967 3704 1019 οίκονο-

2131 1069 2262 1140 μίας
2297 1070 2391 1122 ἐπὶ
2419 1071 2510 1123 τὸν
2561 1067 2730 1122 αὑτοῦ
2765 1067 2862 1120 καὶ
2890 1067 3094 1134 κόσμον
3132 1061 3230 1115 καὶ
3270 1058 3581 1128 ἄνθρωπον,
3615 1056 3711 1107 καὶ

2129 1161 2416 1230 ἐκλέγεται
2451 1160 2722 1231 ,μαθητὰς
2767 1159 2984 1226 ὀλίγους
3033 1155 3254 1218 πάντως
3301 1153 3404 1222 τὴν
3439 1148 3618 1220 ἀρχὴν
3645 1147 3711 1199 ἐκ

2129 1253 2425 1324 τηλικῆσδε
2455 1253 2557 1322 τῆς
2587 1252 2712 1306 τότε
2738 1251 3016 1322 ὁλότητος,
3046 1246 3334 1318 τεράστιόν
3349 1262 3402 1298 τι
3423 1244 3519 1296 καὶ
3546 1239 3709 1296 τοῦτο

2129 1345 2380 1416 ἐκφήνας
2405 1347 2637 1409 ἐκεῖνος,
2668 1346 2717 1398 εί
2749 1346 2825 1416 μὴ
2862 1342 3166 1412 ἀναμείνας
3196 1335 3524 1410 ἐψηλαφὴθη
3565 1334 3712 1387 διδά-

2133 1437 2219 1502 ξαι
2245 1439 2371 1500 τοὺς
2397 1435 2830 1506 ἐπιθυμοῦντας,
2859 1435 2998 1490 ἀλλὰ
3027 1431 3355 1495 κατεδέξατο
3379 1425 3711 1493 κενωθῆναι,

2131 1527 2205 1586 ὡς
2244 1528 2339 1581 καὶ
2397 1527 2735 1597 ἐπιζητῆσαι
2767 1526 2894 1586 τοὺς
2947 1521 3369 1594 μαθησομένους
3419 1516 3477 1582 ἐξ
3521 1512 3712 1579 αὑτοῦ,

2068 1644 2080 1655 -
2135 1619 2227 1672 xui
2258 1620 2325 1689 τῇ
2361 1617 2587 1671 ἐκείνων
2617 1617 2878 1687 ἀσθενείᾳ
2917 1613 3342 1684 συνεκδραμεῖν.

2208 1707 2314 1774 κζ’.
2344 1710 2569 1763 Κάτεισι
2601 1709 2782 1763 τοίνυν
2821 1706 3118 1778 οὐρανόθεν
3154 1706 3187 1774 ὴ
3222 1703 3549 1771 ὑπέρφωτος
3572 1697 3716 1766 λάμ-

2137 1802 2250 1872 ψις,
2277 1805 2304 1856 ὁ
2339 1803 2672 1874 ἀρχίφωτος,
2705 1804 2732 1856 ὁ
2761 1802 2871 1856 τῶν
2901 1801 3096 1870 φώτων
3132 1797 3337 1868 πατὴρ,
3370 1795 3464 1849 καὶ
3504 1809 3713 1847 καταυ-

2141 1895 2299 1963 γάζει
2330 1895 2430 1965 τὴν
2485 1895 2667 1948 σκιάν.
2719 1893 2973 1948 Μάλιστα
3004 1892 3105 1962 μὲν
3155 1884 3250 1944 οὖν
3290 1888 3360 1941 τὸ.
3397 1885 3493 1939 τοῦ
3545 1883 3712 1954 σοφοῦ

2142 1987 2496 2059 σκιαγράφου
2526 1987 2774 2050 Μωσέως
2818 1985 3130 2054 τυπώματα
3169 1981 3370 2052 κρώζει
3402 1978 3538 2050 πρὸς
3566 1976 3718 2029 ἐντέ-

2140 2078 2310 2142 λειαν,
2357 2080 2453 2132 καὶ
2498 2077 2569 2131 τὰ
2602 2076 2913 2147 συμϐολικὰ
2955 2072 3357 2145 διερμηνεύσας
3392 2071 3715 2139 αἰνίγματα,

2141 2171 2392 2232 καὶτοὺς
2452 2171 2720 2232 τυπικους
2773 2168 3134 2238 χαρακτῆρας
3184 2167 3264 2227 είς
3320 2159 3715 2232 πραγμαίτικὴν

2141 2259 2440 2322 ἐκϐιϐάσας
2493 2260 2781 2329 ἀλήθειαν,
2810 2261 2902 2313 τὸν
2927 2261 3107 2312 καλὸν.
3137 2260 3344 2311 ἐκεῖνον
3385 2257 3551 2325 νόμον
3580 2251 3721 2317 ἐξω·

2145 2354 2332 2423 ράῖσεν
2361 2354 2441 2417 είς
2488 2353 2686 2416 κάλλος
2731 2353 3115 2423 ἀνεκλάλητον,
3156 2350 3355 2422 μενοῦν
3393 2365 3460 2419 γε
3492 2345 3722 2416 ἀκριϐέ-

2143 2459 2338 2514 στερον
2369 2443 2560 2511 φάναι,
2588 2442 2822 2513 λαλητὸν
2854 2441 2994 2512 πρὸς
3044 2440 3426 2512 πνευματικὴν
3458 2436 3720 2508 ἀλήθειαν

2139 2534 2315 2588 ιθετο.
2346 2534 2531 2599 Τὺπος
2558 2535 2669 2606 γὰρ
2709 2536 2895 2588 οὐκέτι
2922 2533 3100 2598 οὐδεὶς
3135 2533 3276 2602 μετὰ
3307 2532 3405 2602 τὴν
3442 2528 3722 2599 συγκατάμ-

2143 2626 2323 2692 ϐασιν,
2349 2626 2620 2698 σύμϐολον
2643 2628 2818 2693 οὐδὲν,
2843 2628 2972 2681 σκιὰ
2993 2626 3248 2695 οὐδεμία,
3281 2625 3461 2678 πάντα
3478 2622 3722 2692 ἐμφανῆ,

2142 2721 2402 2790 προφανῆ
2456 2719 2634 2773 πάντα
2660 2736 2674 2750 ⁸
2707 2720 2756 2772 oi
2798 2721 3149 2789 χαρακτῆρες
3191 2714 3647 2785 διασεσάφηνται,
3689 2712 3726 2781 ὴ

2143 2812 2378 2882 ἀλήθεια
2413 2813 2728 2882 ἐκπέφηνεν
2775 2792 3165 2884 αἰθριάζουσα,
3197 2813 3223 2864 ὁ
3245 2810 3347 2879 τῆς
3377 2806 3728 2875 δικαιοσύνης

2145 2905 2422 2962 ἀνέτειλεν
2460 2906 2635 2986 ἥλιος,
2689 2908 2784 2960 καὶ
2834 2905 3187 2976 συνήχθημεν
3237 2903 3347 2956 ἀπὸ
3395 2901 3621 2964 σκότους
3650 2899 3730 2953 δι-

2144 2997 2379 3070 ηνεκοῦς
2418 3001 2497 3063 είς
2542 2999 2738 3054 ἄδυτον
2765 2998 3084 3069 φωσφορίαν
3122 2996 3172 3050 οἱ
3199 2992 3394 3066 πρώην
3427 2991 3724 3063 ὲσκιασμέ-

2145 3106 2228 3144 νοι
2264 3090 2418 3162 παρὰ
2449 3089 2511 3144 τὸ
2557 3091 2697 3162 μήτε
2738 3090 2961 3153 εἰδέναι,
3013 3090 3109 3142 ποῖ
3140 3084 3548 3156 πορευσόμεθα,
3591 3081 3728 3153 μηδὲ

2155 3187 2264 3256 μὴν
2291 3178 2500 3238 ἐθέλειν
2555 3184 2618 3236 τὸ
2669 3183 2788 3236 δέον
2842 3183 3124 3254 ψηλαφᾷν.
3167 3181 3231 3235 Ἢ
3288 3179 3490 3250 νομικὴ
3538 3176 3730 3247 διπλόη

2147 3277 2457 3347 παρῆλθεν,
2492 3276 2817 3345 ἀντεισῆλθε
2847 3275 2902 3328 δὲ
2928 3275 2956 3328 ὁ
2979 3274 3147 3345 βαθὺς
3180 3273 3279 3344 μὲν
3310 3272 3388 3344 τῷ
3421 3271 3532 3324 ὖντι
3581 3269 3730 3332 νοῦς,

2153 3370 2360 3432 ἁπλοῦς
2395 3370 2453 3424 δὲ
2478 3368 2679 3432 ἄλλως,
2717 3368 2907 3420 καθότι
2951 3364 3247 3437 ἐρμηνεύει
3279 3365 3377 3417 καὶ
3408 3363 3598 3431 σαφῶς
3631 3362 3730 3415 καὶ

2151 3461 2371 3534 τρανῶς
2411 3459 2580 3531 αὐτὴν
2609 3458 2706 3531 τὴν
2747 3458 3008 3528 ἀλήθειαν
3029 3473 3042 3488 ’
3071 3456 3130 3510 οὐ
3164 3454 3532 3526 προϐέϐληται
3563 3469 3734 3506 κατα-

2152 3557 2414 3625 πέτασμα
2431 3553 2681 3623 νομικὸν,
2696 3545 2827 3605 οὖπε
2836 3571 2868 3622 ρ
2886 3549 3038 3613 ἐντὸς
3058 3549 3444 3618 κέκρυπταιτὰ
3465 3546 3734 3614 σωτήρια.

2225 3643 2334 3716 κη’.
2360 3646 2474 3698 Οὐκ
2501 3645 2615 3716 ἔχει
2643 3660 2728 3706 τις
2755 3641 2939 3710 λέγειν
2976 3641 3072 3694 καὶ
3096 3641 3154 3693 ἐν
3183 3641 3294 3702 τοῖς
3321 3638 3470 3708 ἄρτι,
3502 3634 3735 3702 ὼςἚγὼ

2154 3740 2257 3807 μὲν
2289 3737 2432 3791 κατὰ
2462 3737 2525 3789 τὸ
2565 3737 2883 3806 σωματικὸν
2924 3735 3164 3804 γράμμα
3205 3728 3737 3800 πολιτεύομαι,,τάδε

2157 3831 2252 3884 καὶ
2283 3828 2411 3882 τάδε
2465 3827 2642 3881 ποιῶν
2673 3824 3234 3897 γραμματικώτερον.
3268 3823 3333 3877 Ei
3383 3823 3438 3875 δέ
3470 3839 3522 3874 τι
3572 3838 3738 3874 πνευ‹

2158 3921 2390 3991 ματικδν
2416 3923 2475 3974 ἐν
2511 3921 2697 3983 αὐτοῖς
2728 3921 3060 3990 κέκρυπται,
3097 3918 3181 3979 τίς
3223 3917 3289 3970 ἂν
3321 3916 3529 3986 είδείης
3571 3913 3733 3968 ’Λλλά

2154 4023 2223 4069 τι
2252 4015 2431 4068 πάντα
2461 4017 2630 4083 σαφῆ,
2661 4015 2759 4067 καὶ
2786 4012 2855 4065 τὰ
2900 4013 2996 4065 τοῦ
3031 4010 3388 4080 θεανθρώπου
3423 4009 3599 4077 Λόγου
3633 4026 3738 4060 πα-

2157 4106 2520 4176 ραγγέλματα
2537 4103 2786 4175 εὔληπτα
2809 4119 2824 4134 ·
2848 4105 2943 4158 καὶ
2965 4103 3194 4154 αὐτόθεν
3217 4101 3508 4171 νοούμενος
3532 4099 3739 4170 γυμνὸς

2156 4199 2394 4260 ἅπαντος
2461 4195 2936 4268 προκαλύμματος
3004 4191 3380 4264 ἐλυτρὼδους,
3439 4195 3468 4245 ὁ
3525 4193 3738 4246 ἐκεῖθεν

2157 4289 2408 4343 ἔκκειται
2465 4291 2771 4359 μάργαρος.
2828 4288 2900 4340 Τὸ
2954 4288 3180 4357 χρυσίον
3232 4289 3326 4338 καὶ
3364 4284 3426 4336 τὸ
3471 4285 3736 4355 ἀργύριον

2158 4382 2401 4454 καθαρὸν
2447 4383 2823 4452 προϐέϐληται
2858 4380 2953 4435 καὶ
2997 4363 3327 4447 ἀκίϐδηλονξ
3364 4377 3517 4430 οὐδέν
3555 4395 3606 4429 τι
3635 4377 3736 4446 βα-

2160 4475 2326 4528 σάνου
2359 4473 2617 4544 δεόμενον
2637 4489 2650 4502 ⁸
2685 4474 2734 4527 oi
2762 4473 2938 4542 τίμιοι
2969 4471 3108 4524 λίθοι
3142 4470 3244 4523 οὐκ
3271 4469 3548 4521 ἐθέλουσιν
3582 4466 3738 4536 ἱδρῶ-

469 4579 642 4632 ueque
659 4561 901 4616 laborem
923 4560 1250 4614 fodientibus
1270 4559 1580 4627 imponunt.
1601 4557 1703 4622 Qui
1727 4557 2040 4620 donatillos,

2159 4581 2281 4629 τας,
2341 4565 2416 4628 ὡς
2471 4563 2880 4634 ἁνιχνεύεσθαι,
2933 4565 3026 4618 καὶ
3059 4565 3254 4624 πόνους
3307 4561 3570 4632 παρέχειν
3615 4561 3736 4621 τοῖς

469 4674 578 4712 non
601 4656 778 4712 solum
807 4651 1387 4725 magniﬁeetitissimus
1425 4659 1667 4719 apparet,
1693 4651 1783 4703 sed
1821 4664 1918 4718 pro
1944 4651 2050 4704 im-

469 4763 656 4804 mensa
706 4748 877 4817 ipsius
911 4745 1286 4800 misericordia
1326 4741 1596 4811 permittit
1642 4750 1698 4794 ut
1731 4741 1822 4811 qui
1859 4742 2050 4796 volunt

469 4855 670 4896 munus
731 4838 1074 4910 percipiant;
1132 4851 1238 4890 non
1306 4837 1501 4903 quaerit
1561 4844 1893 4888 mercatores
1957 4834 2049 4904 qui

469 4951 662 5006 magno
692 4949 816 4989 cum
848 4933 1001 4987 lucro
1033 4933 1168 4985 istos
1194 4933 1489 4984 revendant
1511 4943 1809 4998 eorumque
1837 4940 2052 4981 amato-

467 5031 622 5084 ribus
679 5026 954 5096 negotium
1019 5026 1329 5088 lacessant,
1379 5023 1473 5078 sed
1531 5038 1801 5092 pauperes
1854 5023 2050 5094 spiritu

468 5120 672 5174 intimae
697 5116 948 5171 amicitiae
972 5115 1191 5168 vinculo
1219 5113 1322 5168 sibi
1353 5113 1648 5182 adjungere
1681 5116 1882 5181 studet,
1915 5130 2052 5185 quos

465 5209 646 5264 ditare
687 5217 870 5277 queat,
921 5208 1052 5276 ipsis
1089 5208 1227 5260 dona
1261 5220 1358 5259 sua
1413 5206 1732 5274 impertiens
1775 5219 1937 5277 atque
1983 5209 2050 5262 ad

471 5301 820 5356 beatitudinis
849 5299 1124 5368 fastigium
1161 5297 1421 5350 evehcns.

2162 4654 2605 4726 μεταλλεύουσιν.
2661 4656 2721 4708 ’0
2771 4656 2979 4709 τούτων
3025 4655 3343 4725 χορηγητὴς
3392 4653 3492 4724 οὐχ
3547 4650 3735 4714 ἁπλῶς

2158 4748 2751 4820 μεγαλοπρεπέστατος
2799 4747 3090 4815 ἔγνωσται,
3134 4747 3272 4800 ἀλλὰ
3323 4745 3596 4817 πλήσμιον
3645 4744 3738 4796 τὸν

2155 4839 2322 4893 αὑτοῦ
2355 4841 2605 4910 προχέων
2629 4840 2781 4893 ἔλεον
2813 4840 3059 4893 ἐνδίδωσι
3089 4839 3300 4909 δωρεὰν
3330 4837 3598 4909 ἀρύεσθαι
3627 4839 3742 4898 τοῖς

2156 4935 2432 4988 ἐθέλουσι⁶
2469 4934 2564 4988 καὶ
2607 4934 2730 4987 οὐδὲ
2759 4934 2916 5004 ζητεῖ
2953 4932 3432 5002 μεγαλεμπόρους,
3481 4925 3564 4994 οἷς
3596 4932 3739 4983 ἀπο-

2157 5027 2392 5080 δώσεται
2426 5027 2619 5097 βαρείᾳ
2651 5030 2785 5098 τιμῇ
2820 5027 2887 5079 τὰ
2914 5026 3220 5097 ὑπέρτιμα,
3248 5024 3323 5087 ὡς
3356 5027 3599 5086 ἐκείνους
3643 5023 3742 5077 αὖ·

2158 5118 2242 5180 θις
2287 5120 2676 5190 ἁντιτιμᾶσθαι
2725 5119 2867 5190 αὐτὰ
2908 5120 2998 5171 ἐπὶ
3032 5119 3248 5188 ἐμπολῇ
3305 5117 3600 5189 κερδαλέα,
3646 5118 3741 5171 καὶ

2162 5212 2467 5282 πράγματα
2501 5213 2794 5281 παρίσχειν
2828 5215 2941 5275 τοῖς
2993 5211 3174 5265 αὐτῶν
3205 5210 3518 5280 ἐφιεμένοις
3567 5213 3743 5278 ἐμποο

2158 5303 2491 5374 ρικώτερον·
2557 5305 2696 5358 ἀλλὰ
2767 5306 3018 5375 πτωχοὺς
3073 5304 3152 5374 τῷ
3215 5303 3492 5371 πνεύματι
3551 5301 3740 5370 φίλους

467 5392 844 5463 βαθυκόλπους
912 5391 1068 5460 ζητεῖ
1130 5389 1410 5460 εὑρέσθαι.
1484 5390 1577 5454 οὓς
1655 5392 1919 5458 πλουτιεῖ,
1972 5395 2297 5466 παραϐύσας
2348 5399 2532 5460 αὐτοῖς
2589 5399 2658 5451 τὰ
2717 5399 2893 5451 οἰκεῖα
2970 5397 3142 5470 δῶρα,
3207 5396 3300 5449 καὶ
3372 5394 3595 5457 ὀλϐίσας
3645 5395 3740 5446 ἐπὶ

474 5487 837 5560 μακαρισμῷ.

542 5583 632 5637 29.
673 5581 826 5634 Dolet
858 5580 1023 5643 enim,
1073 5586 1131 5632 ιιι
1177 5581 1250 5633 ita
1295 5578 1492 5640 dicam,
1528 5579 1809 5634 immensis
1838 5580 2045 5637 divitiis

472 5675 609 5738 suis,
643 5682 806 5740 atque
844 5671 1109 5725 honorum
1145 5670 1313 5738 ipsius
1342 5672 1631 5739 participes
1659 5672 1901 5728 invenire
1931 5686 2046 5729 stu-

472 5768 582 5830 det,
619 5764 900 5834 improbos
931 5771 986 5817 et
1012 5763 1102 5831 qui
1139 5763 1457 5817 thesaurum
1499 5765 1566 5818 ab
1599 5765 1714 5833 ipso
1754 5765 2042 5821 collectum

471 5859 667 5918 tollere
709 5871 774 5912 ac
812 5864 1131 5927 snpportarc
1161 5856 1410 5924 possint;
1445 5857 1554 5912 imo
1599 5867 1651 5913 et
1682 5857 1926 5916 latrones
1952 5861 2047 5914 ad-

2225 5589 2327 5640 κθ¹.
2357 5587 2617 5657 Ἀχθεται
2647 5586 2758 5656 γὰρ
2788 5587 2952 5650 αὐτὸς
2976 5581 3088 5640 οἷον
3112 5587 3190 5656 τῷ
3222 5585 3346 5640 κατ’
3367 5585 3531 5639 αὑτὸν
3555 5585 3738 5656 μυρίῳ

2159 5678 2398 5749 πλούτῳ,
2424 5681 2517 5733 καὶ
2541 5681 2798 5733 ἐπιποθεῖ
2831 5681 3062 5750 μερίτας
3088 5679 3348 5750 εὑρέσθαι
3378 5677 3471 5732 τοῦ
3500 5677 3735 5746 ἀγαθοῦ,

2160 5773 2543 5840 παλαμναίους
2573 5774 2635 5844 δή
2670 5792 2825 5834 τινας
2858 5776 2951 5826 καὶ
2983 5773 3125 5836 οἵους
3172 5773 3499 5844 ἀχθοφορεῖν
3543 5772 3742 5824 ἁτλαν-

2097 5939 2104 5944 ⁸
2155 5862 2452 5936 τικώτερον
2485 5866 2555 5920 τὰ
2605 5865 2736 5932 παρ’
2784 5865 2977 5935 ἐκείνῳ
3023 5863 3506 5937 τεθησαυρισμένα
3555 5863 3733 5920 καλά·
