4048 6404
296 315 395 380 39.!

899 319 1004 380 DE
1046 320 1519 382 OBEDIENTIA
1561 321 2103 383 MAGISTRATUI
2144 323 2619 385 CHRISTIANO
2647 322 2941 385 D’EBiTA.

3442 313 3544 380 332

278 432 550 501 .dvéxstzt
578 429 635 484 δὲ
668 432 761 485 καὶ
793 434 1050 503 Ξρπαγας
1085 435 1389 500 εἰσονέτως
1440 437 1866 508 ἐπερχομένους,

1991 440 2142 493 nillil
2171 440 2403 495 solerter
2435 441 2784 495 advenientes
2818 441 2907 508 qui
2942 438 3085 494 illius
3123 439 3262 494 bona
3297 439 3549 494 auferant

297 522 516 592 βλέπων
569 525 667 576 καὶ
697 525 764 577 τὰ
820 525 1029 579 ἐκείνου
1076 528 1524 598 φορτιζομένους,
1577 528 1670 582 καὶ
1730 526 1873 583 οὕτω

299 611 664 681 βιαζομένους
711 616 813 684 τὴν
847 614 1125 685 βασιλείαν
1157 619 1266 672 τῶν
1318 618 1583 683 οὐρανῶν.
1617 619 1781 689 Φέρει
1813 618 1873 671 δέ

300 720 404 757 που
440 704 534 757 καὶ
571 703 806 772 suam;
837 706 1205 778 κλεπτόμενος
1227 725 1241 741 ο
1269 710 1330 762 οὐ
1373 711 1483 778 γὰρ
1526 708 1716 774 δέδιεν,
1749 710 1872 762 ἐπι·

297 794 478 849 λιπεῖν
502 794 665 849 αὑτὸν
691 796 758 851 τὰ
778 797 1059 868 κειμήλια,
1088 801 1168 853 ὅτι
1198 801 1332 870 μηδὲ
1361 802 1570 869 πηγαία
1599 817 1683 862 τις
1712 798 1872 870 χύσις

300 887 484 940 αὐτῶν
516 889 573 940 ὲν
612 889 807 959 ἑκείνῳ
836 890 1003 958 ἐστὶν,
1046 891 1078 960 ἣ
1123 892 1343 960 πλήθων
1385 894 1650 961 ποταμὸς,
1688 890 1873 962 ἢκόλ-

301 996 403 1042 πος
433 978 764 1053 θαλάσσιος·
789 982 1028 1046 άόυσσος
1061 985 1161 1052 μὲν
1188 979 1282 1038 οὖν
1310 983 1479 1055 πολλὴ
1516 983 1773 1047 πλούτου,
1803 979 1873 1057 ἧς

301 1069 425 1126 chr:
463 1073 646 1148 plﬂXﬁ
678 1091 762 1138 τις
779 1075 1026 1145 νενόηται
1056 1076 1407 1146 ὑποστάθμη.
1432 1076 1704 1148 ἐπέχουσα
1744 1076 1879 1131 πυθο

306 1166 466 1233 μένος
520 1166 714 1233 ηπον,
764 1168 884 1220 οὐδὲ
927 1168 1035 1238 μὴν
1085 1171 1284 1238 μέτρον
1337 1170 1541 1238 ῥητόν·
1598 1168 1713 1222 ἀλλ’
1753 1168 1875 1222 οὐδὲ

302 1255 505 1325 γνῶσις
534 1258 633 1327 τῆς
657 1257 823 1310 αὐτοῦ
853 1258 1131 1329 ἀπειρίας,
1161 1260 1237 1330 μὴ
1266 1261 1348 1311 ὅτι
1388 1277 1451 1327 γε
1486 1259 1873 1330 καταληπτικὴ

303 1348 559 1414 ἐντελῶς,
617 1349 732 1402 ἀλλ’
766 1349 887 1403 οὐδὲ
935 1349 1244 1419 ἁκροθιγῶς
1290 1353 1347 1404 ὲν
1401 1350 1627 1422 ἐπιϐολῇ
1696 1367 1873 1405 κατα-

301 1442 544 1510 νοήσεως
581 1441 853 1510 ψαύουσα.

370 1530 435 1586 λ’.
466 1531 742 1597 Τοιοῦτος,
775 1533 847 1596 ὡς
878 1536 936 1587 έν
964 1532 1225 1606 ὀλιγίστῳ
1255 1533 1704 1604 καθυπογράψαι,
1726 1537 1754 1588 ό
1778 1534 1875 1590 καὶ

300 1627 398 1677 τοῦ
414 1623 600 1695 τρίτου
623 1628 719 1680 καὶ
737 1625 859 1679 νέου
881 1626 1048 1697 νόμου
1068 1625 1231 1698 δοτὴρ
1250 1627 1400 1689 Θεὸς,
1418 1627 1564 1680 οὕτω
1582 1628 1873 1699 παμπλού-

300 1733 441 1780 ’σιος,
465 1714 608 1769 οὕτω
631 1717 1029 1789 μεγαλόδωρος,
1060 1719 1266 1790 καὶμὴν
1289 1723 1383 1777 καὶ
1404 1719 1659 1787 γνὼσεων
1687 1721 1877 1792 κύριος

302 1811 401 1863 καὶ
421 1809 741 1878 αὐτοσοφία.
761 1811 853 1864 Διὸ
884 1814 982 1865 καὶ
1011 1814 1038 1866 ό
1067 1812 1233 1883 νόμος
1261 1812 1428 1865 αὐτοῦ
1461 1813 1681 1879 suam;
1706 1814 1880 1866 τοιού·
1910 1793 1953 1853 Β

301 1916 399 1953 του
435 1901 674 1971 μεγάλου
703 1900 993 1969 λογοθέτου
1017 1904 1113 1956 καὶ
1138 1903 1429 1974 νομοδύτου
1459 1905 1553 1957 καὶ
1585 1904 1878 1974 νομοθέτου

306 1992 446 2062 πρὸς
463 1991 543 2062 τῷ
578 1993 733 2063 βάθει
762 1994 871 2048 τῶν
892 1995 1135 2061 ἐννοιῶν,
1163 1998 1259 2051 καὶ
1291 1997 1409 2066 φῶς
1429 1998 1757 2052 ἀποπάλλων
1785 1996 1883 2070 ἄῤ-

307 2084 472 2153 ρητον
498 2086 796 2156 σαφηνείας
820 2091 933 2152 τοῖς
955 2088 1223 2157 ὲπαξίοις,
1249 2093 1344 2144 καὶ
1364 2092 1668 2159 ἀκροᾶσθαι
1689 2090 1878 2154 αὐτοῦ,

306 2178 405 2229 καλ⁵
437 2176 630 2248 λύχνον
672 2180 865 2234 τοῦτον
912 2184 1028 2244 τοῖς
1073 2183 1198 2235 ποσὶ
1227 2184 1325 2236 καὶ
1352 2184 1465 2251 τῶς
1498 2185 1618 2247 ταῖς
1646 2184 1883 2245 οἰκείαις

305 2268 518 2340 τρίϐοις
545 2271 693 2342 ἔχειν
723 2275 1220 2345 προπορευόμενον.

375 2448 481 2503 λα’.
504 2450 571 2503 Ei
593 2450 649 2503 δέ
676 2467 819 2513 τινες
847 2453 941 2505 καὶ
969 2452 1080 2505 τῶν
1105 2452 1271 2507 αὑτοῦ
1302 2456 1657 2524 παραδόσεων
1684 2474 1886 2529 μυστη-

310 2541 546 2612 ριῶδεις,
588 2538 677 2595 οἶα
711 2543 1048 2609 τελεστικαὶ,
1085 2548 1180 2598 καὶ
1222 2546 1397 2610 ἄλλως
1434 2547 1490 2600 δὲ
1540 2549 1880 2618 ἀπόκρυφοι,

309 2632 405 2685 καὶ
433 2632 504 2686 δι’
526 2632 660 2686 αὐτὸ
691 2633 927 2700 βαθεῖαι,
964 2636 1074 2698 καὶ,
1104 2636 1180 2699 ὡς
1209 2636 1381 2700 οὕτως
1415 2638 1603 2706 φάναι,
1633 2638 1884 2707 νύκτεροι

307 2725 422 2785 τοῖς
450 2722 526 2793 μὴ
555 2722 648 2787 ὀξὺ
681 2723 937 2793 βλέπουσι
962 2725 1177 2790 (πολλαὶ
1225 2727 1280 2779 δὲ
1307 2729 1398 2780 καὶ
1424 2728 1675 2781 τοιαῦταί
1701 2730 1885 2802 εἰσιν),

309 2811 426 2865 ἀλλ’
460 2813 621 2876 αὐτὸς
655 2814 786 2885 ῥᾷον
808 2814 1186 2869 ἀποκαλύπτει
1206 2816 1331 2880 τοὺς
1362 2817 1517 2886 ἡμῶν
1546 2818 1883 2888 ὀφθαλμοὺς,

310 2905 475 2974 εῐπῖρ
499 2906 758 2976 ἐθέλομεν
779 2924 793 2937 ·
826 2908 920 2959 καὶ
954 2907 1030 2968 ὡς
1059 2910 1123 2961 ὲκ
1164 2907 1356 2969 νυκτὸς
1392 2908 1742 2980 ὀρθρίζοντες
1772 2931 1886 2979 ζω-

308 2997 597 3065 τιζόμεθα,
625 3000 716 3052 καῖ
751 2998 1121 3066 κατανοοῦμεν
1144 2997 1287 3052 οὕτω
1310 2999 1376 3052 τὰ
1401 2999 1682 3070 θαυμάσια
1713 3004 1889 3058 πάντα

1977 538 2032 585 et
2067 530 2146 584 sic
2181 544 2346 600 regno
2375 530 2637 587 cmlorum
2667 531 2773 584 vim
2808 531 3064 586 inferant.
3106 530 3376 584 Lnbenter
3411 530 3551 599 pati-

1981 629 2073 676 tur
2099 621 2302 677 furtum
2351 638 2474 677 cum
2507 622 2792 692 prudentia
2823 630 3224 693 perpetratum;
3260 636 3365 674 non
3404 621 3549 674 enim

1981 715 2195 777 metuit,
2236 729 2302 769 ne
2352 715 2524 783 ipsius
2567 716 2769 769 divitize
2801 730 3036 783 unquam
3063 713 3334 775 deficiant,
3375 712 3550 781 siqui-

1981 806 2102 859 dem
2138 821 2315 875 neque
2353 821 2474 860 cum
2519 807 2677 874 aquis
2722 806 3169 866 seaturientihus,
3202 818 3380 873 neque
3423 819 3546 858 eum

1979 893 2146 949 ﬂuvio
2199 895 2388 964 pleno.
2451 911 2626 965 neque
2680 911 2800 950 cum
2857 897 3026 950 maris
3070 895 3192 950 sinu
3245 893 3550 962 comparari

1981 996 2208 1055 queunt,
2241 986 2334 1039 sed
2382 987 2562 1053 potius
2595 988 2714 1041 fons
2760 985 3072 1040 divitiarum
3106 995 3190 1040 est
3231 987 3550 1047 immensus,

1979 1077 2132 1143 cujus
2160 1093 2333 1147 neque
2364 1078 2605 1133 ambitus
2633 1092 2809 1147 neque
2832 1078 3173 1148 profunditas
3202 1085 3381 1131 mente
3406 1090 3557 1127 com-

1978 1169 2264 1238 prebendi,
2297 1185 2469 1238 neque
2505 1169 2609 1223 ulla
2639 1185 2890 1223 mensura
2924 1169 3135 1223 deliniri
3163 1176 3358 1237 potest,
3390 1165 3546 1233 cujus

1981 1258 2215 1324 denique
2263 1259 2601 1315 immensitas
2646 1269 2855 1312 tantum
2908 1258 3061 1312 abest
3124 1266 3183 1308 ut
3235 1256 3344 1308 ullo
3394 1257 3553 1305 tuoin

1982 1351 2213 1420 perspici
2246 1360 2431 1421 queat,
2482 1362 2542 1406 ut
2590 1367 2655 1405 ne
2691 1351 2997 1422 conjectura
3031 1349 3247 1420 quidem
3273 1363 3391 1401 eam
3427 1349 3551 1415 quis

1985 1446 2202 1511 assequi
2255 1445 2455 1499 valeat.

2053 1534 2142 1589 50.
2185 1535 2331 1591 Talis
2378 1550 2443 1591 ac
2499 1545 2701 1600 tantus,
2767 1543 2827 1589 ut
2877 1533 3072 1588 breves
3135 1532 3326 1595 simus,
3386 1531 3559 1583 tertiae

1983 1642 2199 1697 quoque
2241 1643 2306 1683 ac
2347 1643 2499 1682 novae
2533 1627 2667 1695 legis
2706 1634 2898 1681 auctor
2924 1635 3004 1681 est
3035 1623 3199 1689 Deus,
3232 1639 3341 1679 non
3382 1620 3557 1678 solum

1984 1723 2313 1785 ditissimus,
2343 1720 2439 1776 sed
2469 1721 2632 1776 etiam
2661 1734 2946 1774 munerum
2974 1719 3223 1791 largitate
3249 1712 3562 1786 praecellen-

1982 1814 2246 1876 tissimus,
2281 1813 2458 1869 omnis
2501 1812 2743 1866 scientiae
2780 1810 3041 1866 Dominus
3086 1820 3248 1880 atque
3291 1804 3559 1874 sapientia

1983 1905 2121 1975 ipsa.
2153 1903 2333 1971 Quare
2379 1903 2547 1958 etiam
2581 1903 2664 1958 lex
2701 1901 2821 1972 ejus
2849 1901 3010 1972 digna
3039 1910 3127 1956 est
3162 1907 3311 1954 tanto
3339 1894 3559 1965 legisla-

1984 2004 2101 2050 tore
2152 1995 2331 2064 quoad
2380 1992 2666 2049 eﬂatorum
2724 1990 3170 2061 profunditatem,
3222 1996 3387 2055 atque
3437 1983 3565 2036 luce

1983 2083 2309 2152 cognitionis
2342 2082 2601 2137 indicibili
2638 2080 2924 2137 collustral
2953 2094 3047 2134 eos
3081 2078 3170 2147 qui
3218 2076 3338 2144 ejus
3369 2089 3556 2128 vocem

1982 2176 2178 2229 audire
2209 2185 2264 2229 et
2315 2175 2473 2228 istam
2508 2173 2781 2228 lucernam
2833 2172 3073 2241 ipsorum
3127 2183 3347 2238 gressus
3386 2164 3560 2221 comi-

1985 2276 2183 2321 tantem
2212 2276 2265 2320 et
2294 2267 2470 2321 lucem
2503 2267 2747 2336 ipsorum
2781 2265 3005 2319 semitas
3043 2261 3429 2317 cenducentem
3465 2256 3565 2309 ba-

1984 2359 2112 2414 bere
2148 2361 2462 2430 dignantur.

2054 2455 2143 2510 5|.
2167 2454 2285 2509 iam
2317 2470 2450 2508 vero
2483 2455 2609 2508 licet
2635 2452 2879 2524 qumdam
2905 2447 3022 2518 ejus
3048 2446 3187 2501 dicta
3221 2444 3332 2499 sint
3358 2442 3560 2496 obseu-

1987 2564 2068 2609 ra.
2096 2558 2367 2618 quatenus
2399 2545 2655 2618 mysteria
2688 2545 2988 2608 continent,
3025 2550 3077 2596 et
3113 2536 3387 2592 intellectu
3423 2530 3565 2586 difﬁ-

1986 2641 2105 2695 cilia
2145 2640 2215 2694 oh
2259 2655 2477 2696 sensum
2513 2636 2867 2710 profundum,
2904 2644 2956 2689 et
2989 2633 3056 2689 iis
3102 2630 3194 2701 qui
3238 2628 3353 2682 visu
3381 2623 3564 2679 hebeti

1987 2732 2255 2795 laborant,
2306 2731 2500 2792 noctis,
2557 2739 2614 2783 ut
2684 2728 2756 2782 ita
2815 2727 3016 2785 dicam,
3069 2720 3276 2776 umbris
3322 2716 3562 2773 involuta

1988 2822 2134 2890 (sunt
2167 2831 2347 2876 autem
2389 2820 2669 2889 plurima),
2708 2828 2889 2882 tamen
2933 2817 3051 2885 ipse
3089 2812 3341 2867 lubenter
3378 2806 3568 2863 oculos

1990 2923 2202 2967 nostros
2229 2912 2423 2976 aperit,
2460 2911 2504 2966 si
2544 2911 2702 2965 modo
2737 2909 2984 2970 velimus,
3010 2922 3117 2974 quo
3151 2905 3209 2957 lit
3253 2911 3309 2955 ut
3341 2898 3505 2956 veluti
3536 2913 3567 2952 e

1988 3012 2151 3056 nocte
2182 3010 2525 3069 emergentes
2553 2999 2885 3053 ilittSlremttr
2912 3011 2975 3051 ac
3001 2994 3269 3049 mirabilia
3302 3004 3419 3059 quae
3447 2987 3567 3058 ejus

310 3092 376 3143 ὲκ
408 3089 505 3145 τοῦ
538 3092 707 3160 νόμου
742 3090 928 3149 αὐτοῦ,
961 3091 1029 3144 τὰ
1059 3090 1230 3144 πλείω
1261 3092 1359 3161 μὲν
1388 3093 1445 3157 ἐξ
1496 3095 1762 3163 ἀφορμῶν
1809 3097 1887 3151 δι-

1992 3094 2107 3162 lege
2147 3092 2525 3154 continentur,
2558 3089 2951 3158 intelligamus,
2978 3085 3155 3143 edocti
3203 3080 3503 3149 saepissime
3534 3092 3565 3129 a

307 3181 682 3243 δασκαλικῶν,
732 3181 833 3234 ούκ
869 3182 1023 3248 ὀλίγα
1064 3181 1122 3235 δὲ
1160 3183 1252 3235 καὶ
1287 3184 1431 3237 κατὰ
1479 3183 1665 3238 ἔνθεον
1710 3188 1885 3253 ἄλλως

310 3275 624 3329 ἐπίπνοιαν.
659 3276 789 3328 Ὅτε
810 3277 901 3327 καὶ
922 3274 1038 3327 ἐστι
1064 3278 1176 3339 τοῖς
1208 3276 1332 3329 καθ’
1364 3278 1513 3345 ἡμᾶς
1538 3278 1739 3346 λέγειν,
1765 3281 1886 3351 οὐχ,

308 3366 394 3420 ὅτι
428 3367 486 3424 ὲς
537 3367 661 3418 ὅσον
691 3365 750 3418 τὸ
785 3366 974 3427 σκότος
1005 3368 1159 3434 ἡμῖν,
1202 3367 1259 3428 ἐς
1295 3366 1552 3421 τοσοῦτον
1589 3373 1683 3422 καὶ
1724 3370 1787 3423 τὸ
1828 3371 1889 3437 ἐξ

308 3458 715 3527 ἀποκαλύψεως
743 3458 980 3527 άνασχὲν
1009 3458 1142 3525 φῶς,
1201 3458 1318 3512 ἀλλ’
1343 3460 1427 3511 ὅτι
1463 3461 1887 3531 πολλαπλάσιον,

307 3556 390 3616 ὡς
423 3553 558 3620 μηδὲ
598 3550 1108 3606 καθυποϐάλλεσοαι
1138 3550 1378 3620 ἀριθμῷ,
1408 3551 1504 3604 καὶ
1531 3553 1636 3616 ὅτι,
1678 3553 1887 3606 άπελαο

309 3647 502 3708 Θέντος
532 3645 626 3698 τοῦ
658 3645 801 3698 κατὰ
837 3644 1063 3712 ἄγνοιαν
1098 3642 1510 3715 νεφώματοςιῆ
1555 3645 1647 3698 καὶ
1688 3645 1892 3715 ἑτέρως

310 3739 506 3807 φάναι,
530 3735 917 3795 ἁλλοιωθέντος
945 3737 1038 3787 καὶ
1061 3734 1402 3797 διατεθέντος
1431 3737 1511 3796 είς
1540 3739 1892 3807 χρηστότητα

308 3831 594 3900 γνώσεως,
620 3828 824 3898 ἔφαναν
855 3826 1066 3879 ἐκεῖθεν
1099 3827 1155 3880 αί
1199 3827 1482 3897 ἀστραπαὶ
1514 3831 1612 3899 τῆς
1653 3830 1891 3898 Θεογνω-

312 3924 443 3986 σίας
470 3925 582 3985 τοῖς
621 3925 677 3974 ἐν
704 3923 770 3990 τῇ
820 3919 1138 3992 οἰκουμένῃ,
1173 3920 1265 3973 ἐὰν
1309 3920 1382 3990 μὴ
1421 3938 1727 3989 κοιμωνται
1758 3926 1893 3977 ἀπο-

311 4017 705 4083 νυστάξαντεςν
737 4015 769 4084 ἢ
824 4013 1202 4082 τνφλώττωσι.
1259 4010 1411 4069 Τέως
1444 4030 1507 4081 γε
1545 4016 1672 4084 μὴν,
1706 4019 1754 4069 εί
1799 4019 1894 4071 καὶ

315 4110 601 4182 μυστήρια
632 4110 658 4161 ὁ
690 4106 864 4168 ἄλλως
914 4105 1013 4173 μὲν
1043 4104 1372 4167 τελευταῖος.
1402 4104 1616 4174 άληθῶς
1649 4108 1705 4159 δὲ
1745 4107 1889 4176 πρώ.

311 4220 503 4263 τιστος
537 4201 745 4268 κόσμος
775 4199 868 4251 καὶ
898 4199 1062 4266 νόμος
1110 4197 1570 4250 δυσανακάλυπτα
1613 4199 1748 4268 ἔχει.
1799 4203 1894 4256 καὶ

311 4291 409 4350 οἷα
435 4293 556 4362 Θεῷ
582 4294 731 4362 μόνῳ
763 4288 1089 4351 καταληπτά
1112 4284 1255 4340 εἶναι
1289 4288 1487 4351 δοκεῖν,
1516 4288 1591 4359 μὴ
1612 4290 1678 4342 ἂν
1700 4291 1756 4343 δέ
1787 4309 1894 4345 τινι

314 4388 430 4440 τῶν
460 4383 783 4452 ἀνθρώπων,
818 4380 923 4442 ἓως
964 4379 1032 4433 ἂν
1080 4380 1288 4441 ἐκεῖνος
1319 4381 1431 4442 τοῖς
1474 4379 1646 4443 ἀξίοις
1679 4383 1894 4454 ἐκφήνῃ

1991 3187 2326 3246 ἀοι-ιονὶὺιιε,
2361 3183 2656 3238 illuminati
2688 3190 2868 3235 autem
2906 3191 3297 3246 nonnunquam
3330 3171 3568 3241 Spiritus

1991 3281 2156 3333 divini
2192 3277 2399 3333 alliam.
2448 3276 2599 3331 Tunc
2634 3289 2766 3330 vero
2821 3281 2970 3328 recte
3012 3271 3196 3326 dicere
3226 3279 3522 3338 pOSSttmus
3545 3278 3565 3317 :

1991 3370 2108 3427 Non
2136 3372 2309 3425 solum
2349 3377 2550 3439 quanta
2579 3383 2681 3421 nox
2713 3376 2764 3420 et
2797 3364 2973 3434 caligo
3013 3377 3110 3417 nos
3150 3359 3385 3424 tenebat,
3418 3366 3569 3410 tanta

1993 3473 2024 3511 ο
2052 3457 2381 3511 revelatione
2409 3456 2561 3508 nobis
2591 3454 2676 3506 lux
2710 3452 2932 3517 aﬂ‘ulsit,
2957 3450 3053 3505 sed
3093 3449 3422 3509 sexcenties,
3456 3446 3569 3499 imo

1994 3551 2250 3605 inlinilies
2284 3549 2429 3618 plus:
2463 3548 2725 3617 dispersis
2764 3546 2909 3600 enim
2961 3542 3280 3614 ignorantia?
3310 3538 3568 3599 nubibus.

1994 3655 2108 3700 aut,
2137 3652 2195 3694 ut
2226 3640 2384 3694 aliter
2409 3632 2606 3703 dlc'am,
2638 3638 2942 3706 cognitione
2972 3643 3176 3689 mutata
3207 3643 3255 3686 et
3281 3633 3348 3686 ad
3377 3630 3569 3685 Inelius

1996 3746 2204 3799 evecta,
2230 3735 2377 3789 illinc
2400 3734 2606 3803 fulgura
2635 3733 2892 3787 doctrinae
2916 3731 3110 3785 divinae
3138 3745 3233 3799 per
3254 3728 3565 3783 universum

1978 3823 2383 3896 'rcsplenduere
2435 3836 2702 3881 terrarum
2755 3824 2968 3884 orbem.
3022 3822 3067 3877 si
3113 3822 3274 3875 modo
3318 3817 3575 3873 homines

2001 3933 2104 3971 non
2181 3918 2482 3970 dormirent
2546 3924 2636 3969 aut
2713 3914 2959 3968 caecitate
3047 3910 3571 3978 constringerentur.

1996 4009 2289 4070 Cancrum,
2332 4008 2545 4061 etiamsi
2575 4007 2788 4070 ultima,
2822 4005 2902 4059 vel
2949 4003 3126 4074 potius
3162 4002 3334 4071 prima
3368 4001 3456 4055 illa
3486 3998 3574 4053 lex

1997 4099 2256 4169 praeclara
2298 4099 2543 4153 continet
2591 4097 2848 4167 mysteria
2894 4094 3320 4163 inexplicabilia.
3368 4101 3423 4146 el
3469 4089 3573 4144 soli

1998 4192 2128 4252 Deo.
2173 4201 2231 4245 ut
2260 4190 2494 4254 videtur,
2535 4185 3068 4255 comprehensibilis,
3108 4200 3211 4237 non
3254 4192 3434 4236 autem
3475 4181 3570 4234 ulli

1998 4284 2223 4348 homini,
2250 4283 2560 4351 priusquam
2590 4281 2679 4335 ille
2709 4281 2807 4334 ista
2839 4278 3156 4334 revelaverit
3197 4276 3262 4329 iis
3288 4276 3379 4345 qui
3422 4273 3573 4340 digni

1997 4385 2163 4432 sunt:
2206 4382 2386 4430 tamen
2425 4375 2477 4427 in
2526 4372 2712 4426 multis
2754 4372 2907 4429 locis.
2946 4386 3119 4440 neque
3153 4369 3324 4424 solum
3362 4366 3570 4428 multis,

315 4477 485 4538 αὐτὰ,
511 4479 664 4544 ὅμως
697 4475 755 4526 ὲν
786 4471 1004 4532 πολλοῖς
1035 4471 1244 4533 τόποις,
1279 4472 1374 4524 καὶ
1417 4472 1516 4541 οὐχ
1547 4473 1737 4535 ἁπλῶς
1769 4475 1888 4526 πολ-

2002 4468 2093 4522 sed
2120 4468 2283 4521 etiam
2305 4466 2502 4520 talibus
2522 4464 2787 4528 imprimis
2810 4462 2898 4517 illa
2925 4463 2973 4516 cl
2991 4462 3124 4515 «rius
3146 4460 3575 4530 perspiciuntur,

316 4572 458 4630 λοῐς,
494 4567 630 4621 ἀλλὰ
663 4565 758 4619 καὶ
815 4564 960 4634 μάλα
1006 4562 1284 4625 τοσούτοις
1338 4563 1482 4616 πάνυ
1526 4562 1897 4635 ἐξαστράπτει

318 4662 464 4716 αὐτὰ
501 4659 640 4730 πρὸς
686 4659 1019 4727 σαφήνειαν·
1065 4656 1159 4709 καὶ
1189 4656 1345 4709 οὐδέν
1383 4673 1434 4709 τι
1470 4659 1526 4708 ὲν
1563 4658 1747 4722 αὐτοῖς
1788 4657 1896 4710 δει-

320 4756 433 4818 νῶς
484 4751 961 4823 περινενοημένον,
1009 4750 1123 4813 καὶ,
1152 4749 1227 4812 ὡς
1262 4749 1456 4812 εἰπεῖν,
1494 4748 1726 4812 ἑλικτὸν,
1775 4748 1897 4801 οὐδὲ

323 4847 467 4918 βαθὺ
522 4846 617 4897 καὶ
653 4842 904 4913 κρύφιον,
945 4839 1068 4893 οὐδὲ
1116 4840 1512 4908 ἁνακαλύψεως
1557 4841 1635 4903 εἰς
1685 4839 1895 4910 μακρὸν

318 4937 729 5010 ἑρμηνευτικῆς
762 4932 857 4985 ἐπὶ
890 4932 1191 5002 καταλήψει
1238 4932 1511 5001 δεόμενον,

395 5033 497 5101 λβν.
546 5029 755 5082 Λύτίκα
795 5026 927 5093 γοῦν
969 5026 1138 5095 χύδην
1181 5024 1624 5097 προϐεϐλημένον
1654 5023 1900 5077 ἔκκειται

323 5124 558 5182 αὐτόθεν
585 5121 840 5190 εὐμαθῶς
872 5118 977 5172 ὑπὸ
998 5118 1105 5170 τῶν
1138 5117 1447 5187 φιλοκάλων
1473 5115 1902 5186 εἰσοικιζόμενον

319 5222 417 5271 τό*
457 5235 476 5268 ι
506 5213 786 5281 Ἀγαπᾶτε
828 5209 1106 5277 ἀλλήλους,
1148 5206 1238 5259 καὶ
1267 5206 1340 5275 μὴ
1366 5206 1650 5275 ψεύδεσθε,
1679 5206 1773 5258 καὶ
1819 5206 1894 5277 μὴ

326 5304 743 5372 συκοφαντεῖτε,
767 5299 901 5353 ἀλλὰ
932 5297 1390 5369 πραγματεύεσθε
1416 5293 1551 5349 εἶναι
1587 5295 1681 5350 ἄνθ
1692 5313 1864 5364 ρωποι
1887 5312 1903 5327 ο

328 5394 531 5467 μᾶλλον
562 5394 660 5455 μὲν
691 5385 783 5442 οὖν
804 5388 940 5457 μηδὲ
964 5385 1421 5456 πραγματεύεσοε
1450 5386 1630 5439 τοῦτο.
1662 5403 1681 5436 ι
1703 5384 1769 5437 Τί
1790 5385 1901 5456 γὰρ

326 5482 811 5555 πραγματειὼδες,
844 5481 1022 5532 ποιεῖν
1051 5479 1290 5541 εὐθέτως
1320 5478 1415 5530 καὶ
1447 5477 1584 5548 μετὰ
1617 5477 1908 5550 ῥᾳστώνης

326 5577 690 5648 ἀπράγμονος
741 5571 803 5625 τὸ
848 5572 1072 5642 ὄτεχνον
1115 5570 1344 5638 ἀγαυὸν,
1376 5572 1437 5622 τό
1470 5568 1705 5641 πρέπον,
1738 5570 1906 5640 φημὶ,

326 5672 443 5731 τοῖς
478 5665 812 5737 ἀνθρώποις,
854 5664 1130 5732 ἀγελαῖον,
1166 5660 1513 5733 φιλάλληλον,
1545 5661 1641 5714 καὶ
1686 5660 1747 5715 τὸ
1779 5661 1913 5731 άλη-

331 5762 517 5817 ίιεύειν
547 5759 879 5825 κοινότερον,
927 5755 1206 5824 περινοίας
1259 5753 1478 5820 ἁπάσης
1530 5751 1676 5820 δίχα,
1727 5752 1784 5806 ὲν
1830 5749 1910 5820 τῷ

1998 4561 2073 4615 ita
2103 4570 2160 4613 ιιι
2191 4558 2303 4614 fere
2348 4558 2480 4612 nihil
2517 4557 2806 4610 admodum
2859 4556 3149 4609 obscurum
3187 4563 3241 4608 el
3272 4552 3433 4606 veluti
3461 4561 3575 4606 tor-

2003 4658 2240 4713 tuosum,
2264 4647 2396 4702 nihil
2425 4644 2747 4716 profundum
2774 4653 2829 4698 et
2849 4643 3243 4709 absconditum,
3270 4642 3405 4695 nihil
3429 4639 3574 4711 quod

2000 4741 2159 4811 longa
2211 4740 2657 4809 interpretatione
2706 4737 2773 4791 ad
2818 4736 3149 4792 intellectura
3201 4736 3459 4805 indigeat,
3517 4735 3573 4788 in

2002 4835 2108 4890 illis
2148 4832 2469 4904 reperiatur.

2073 5015 2166 5071 52.
2194 5012 2388 5069 Statim
2433 5011 2598 5079 igitur
2639 5012 2782 5065 inter
2833 5009 3063 5079 plurima
3111 5009 3237 5063 illud
3278 5025 3307 5062 ιι
3358 5007 3575 5062 virtutis

2004 5106 2263 5160 studiosis
2331 5103 2578 5158 lubenter
2650 5102 2962 5170 adoptatum
3035 5100 3192 5154 nobis
3268 5094 3573 5156 occurrit;

2014 5217 2031 5249 ι
2072 5197 2285 5266 Diligite
2330 5210 2428 5248 vos
2467 5194 2734 5255 invicem,
2793 5206 2969 5260 neque
3022 5191 3358 5253 mentimini,
3396 5206 3577 5260 neque

2008 5288 2440 5354 calunmiamini,
2467 5287 2566 5352 sed
2595 5284 2815 5340 solliciti
2844 5291 3018 5339 estote
3042 5282 3111 5337 de
3138 5298 3205 5337 eo
3244 5292 3299 5336 ut
3330 5282 3579 5338 homines

2010 5385 2146 5448 sitis,
2168 5381 2249 5437 vel
2281 5380 2483 5453 potius,
2507 5392 2574 5432 ne
2601 5378 2667 5431 de
2698 5378 2801 5431 hoc
2830 5376 3044 5445 quidem
3074 5382 3248 5429 estote
3276 5372 3513 5429 solliciti.
3553 5392 3576 5427 ι

2014 5475 2114 5541 Qui
2147 5472 2291 5526 enim
2327 5468 2545 5523 dimcile
2587 5468 2712 5531 erit,
2749 5466 2959 5521 sincere
3000 5473 3057 5519 et
3099 5473 3350 5533 prompto
3397 5466 3584 5518 animo

2013 5562 2230 5633 operari
2280 5560 2333 5616 id
2369 5559 2512 5631 quod
2555 5557 2878 5623 simpliciter
2917 5563 3002 5611 est
3054 5557 3282 5615 bonum.
3326 5555 3581 5608 nimirum

2013 5655 2164 5709 illum
2189 5651 2280 5721 qui
2304 5649 2552 5706 homines
2577 5648 2737 5704 decet
2762 5658 3005 5703 mutuum
3030 5662 3295 5709 amorem,
3319 5654 3374 5700 et
3398 5645 3586 5698 dicere

2012 5747 2299 5805 veritatem
2335 5743 2457 5802 sine
2485 5741 2593 5798 ulla
2619 5740 2810 5798 fraude
2842 5738 2927 5797 vel
2951 5738 3207 5802 artiﬁcio,
3231 5739 3304 5792 ita
3335 5746 3415 5802 ut,
3441 5732 3589 5805 quod
