4048 6404
447 311 554 377 323

1105 319 1494 384 'EUSTATH
1505 323 1562 382 ΙΙ
1605 325 2057 387 THESSAL’ON
2070 327 2090 386 Ι
2100 325 2375 396 CENSIS
2413 338 2827 400 METROPOL
2839 340 2984 402 lT/E

3616 345 3733 408 “3‘24

442 427 500 481 in
528 427 635 480 vita
669 429 946 483 communi
976 429 1088 485 fieri
1115 433 1277 496 solet,
1314 434 1467 488 navis
1498 449 1685 490 revera
1716 439 2024 494 nominetur

2139 443 2481 514 ἀγροικικῶς
2534 451 2635 513 τὴν
2693 453 2911 520 σκάφην
2972 453 3194 522 σκάφην
3244 453 3456 520 λαλεῖν,
3490 458 3581 510 καὶ
3615 451 3740 525 ἅμα

445 520 622 582 navis,
660 531 714 574 et
755 523 916 576 simul
952 538 1127 592 neque
1158 526 1503 592 calumniari,
1539 543 1712 598 neque
1744 545 2024 598 accusare,

430 623 534 668 aut
581 629 701 684 qua:
751 615 1059 684 hujusmodi
1109 618 1256 673 vitiis
1306 619 1503 692 similia
1545 621 1836 688 habentur,
1881 639 2032 679 com-

443 711 694 763 mi'tere?

511 804 602 858 53.
629 803 748 859 Non
776 807 936 876 igitur
967 808 1320 864 laborandum
1349 812 1523 865 estde
1547 813 1820 868 communi
1847 812 2029 867 chari-

444 904 554 950 tate
609 907 662 950 et
714 899 778 951 de
838 902 1067 975 veritate
1122 903 1519 970 comprehensu
1586 904 1755 969 facili,
1805 914 1860 959 et
1909 920 2030 973 (tua:

431 1005 704 1067 -prmterea
749 1001 814 1054 ad
866 999 1270 1068 ςίιιιιιῑίοἱίεῐθιιὶ
1321 1001 1518 1056 laboris
1548 1012 1824 1070 expertem
1873 1017 2030 1070 spec-

442 1106 594 1162 tant;
636 1095 729 1151 sed
779 1096 908 1149 illttd
961 1097 1140 1165 potius
1177 1112 1273 1165 pro
1309 1097 1516 1150 viribus
1565 1097 1916 1149 anniu-ndum
1963 1112 2027 1149 ac

440 1190 815 1244 meditandum
858 1199 962 1250 est,
1003 1194 1056 1242 tft
1096 1189 1386 1243 charitatis
1414 1204 1517 1242 non
1553 1187 1822 1242 faciamus
1848 1189 2029 1256 jaCIu-

443 1297 584 1345 ram,
637 1298 811 1348 neque
879 1283 934 1336 in
1000 1298 1066 1336 eo
1126 1283 1468 1336 solummodo
1519 1291 1610 1336 aut
1662 1292 1788 1336 ante
1846 1283 2026 1335 omnia

438 1375 678 1428 studium
725 1389 1062 1444 operamque
1107 1375 1463 1440 collocemus,
1495 1384 1555 1428 ut
1600 1375 1797 1429 fratres
1835 1375 2027 1442 injuria

431 1465 743 1522 adiciamus
787 1468 959 1536 iisque
1007 1478 1212 1523 metum
1269 1469 1601 1524 incutiamus
1640 1478 1692 1524 et
1728 1469 2026 1525 terribilem

432 1561 496 1614 in
541 1575 638 1616 eos
681 1562 1102 1617 dominationem
1153 1579 1527 1619 exerceamus.
1567 1565 1680 1619 lloc
1721 1565 1867 1619 enim
1921 1581 2026 1619 non

439 1653 678 1722 amplius
724 1656 978 1709 convenit
1006 1655 1216 1710 homini
1259 1659 1453 1726 probo,
1493 1659 1585 1713 sed
1615 1656 1799 1727 potius
1829 1657 2022 1712 latroni

2140 534 2276 604 μηδὲ
2318 543 2708 606 συκοφαντεῖν,
2740 542 2835 593 καὶ
2857 541 3248 605 ὲνδιαϐάλλειν,
3281 545 3376 597 καὶ
3410 545 3583 599 τάλλα
3607 547 3734 613 ἐξα-

2139 629 2464 698 μαρτάνειν,
2493 632 2664 685 ὁπόσα
2689 637 2952 704 σύστοιχα
2979 636 3202 698 κακίαις
3235 635 3549 705 τοιαύταις;

2203 814 2310 883 λγ’.
2339 813 2551 870 Οὔκουν
2582 820 3064 889 πραγματευτέον,
3089 819 3341 886 ἐξανύειν
3374 821 3474 891 τὴν
3503 824 3732 896 πρόχει-

2134 927 2230 980 ρον
2259 911 2507 981 ἀγάπην,
2537 913 2633 964 καὶ
2663 911 2762 981 τὴν
2796 911 3070 978 εῦληπτον
3102 914 3390 984 ἀλήθειαν,
3427 917 3523 970 καὶ
3553 919 3732 971 ὁπόσα

2131 1005 2296 1057 λοιπὰ
2356 1005 2494 1076 ἔργα
2548 1007 2650 1076 τῆς
2703 1007 3179 1077 ἀπραγματεύτου
3229 1009 3576 1079 ἁπλότητος·
3610 1010 3732 1064 ἀλλ’

2131 1099 2311 1150 ἐκεῖνο
2358 1099 2726 1154 σπουδαστέον
2785 1099 2881 1152 καὶ
2934 1100 3314 1170 μεθοδευτέον,
3355 1103 3430 1164 ὡς
3473 1102 3730 1174 δύναμις,

2131 1189 2192 1243 τὸ
2224 1191 2299 1261 μὴ
2331 1192 2622 1262 προΐεσθαι
2654 1194 2752 1262 τὴν
2781 1193 3031 1264 ἀγάπην.
3067 1195 3204 1266 μηδέ
3237 1195 3600 1266 προτίθεσθαι
3648 1199 3732 1259 εἰς

2130 1283 2524 1353 πραγματείαν
2556 1285 2650 1337 καὶ
2689 1286 2988 1340 σπουδαίαν
3031 1287 3260 1358 τέχνην,
3304 1288 3438 1342 αὐτὸ
3469 1286 3533 1358 δὴ
3570 1288 3731 1341 τοῦτο

2131 1376 2227 1428 καὶ
2282 1375 2469 1444 μόνον,
2497 1375 2557 1429 τὸ
2611 1377 3036 1446 ἐπιτηδεύεσθαι
3093 1383 3417 1434 κακοποιεῖν
3444 1379 3544 1451 τὴν
3571 1381 3729 1434 ἀδελ-

2133 1468 2368 1536 φότητα.
2405 1470 2502 1524 καὶ
2536 1469 2713 1534 οὕτως
2761 1471 3050 1540 ἐκφοϐεῖν,
3081 1472 3178 1526 καὶ
3211 1473 3509 1544 τεχνᾶσθαι
3541 1473 3730 1545 κυριό-

2129 1577 2273 1630 τητα
2304 1560 2661 1632 δυσάντητον.
2693 1562 2868 1616 Τοῦτο
2903 1565 3012 1634 γὰρ
3043 1564 3233 1616 οὐκέτι
3264 1563 3557 1636 ἀνθρώπου
3588 1565 3730 1633 ἀγαο

2132 1653 2253 1717 θοῦ,
2287 1655 2425 1709 ἀλλὰ
2474 1655 2506 1726 ἧ
2561 1655 2766 1726 λῃστοῦ
2822 1657 2916 1709 καὶ
2975 1657 3262 1724 πειρατοῦ,
3298 1657 3352 1711 εί
3385 1674 3470 1719 τις
3504 1659 3600 1710 καὶ
3635 1657 3729 1710 τὸν

441 1755 606 1814 atque
655 1747 864 1816 piratze,
913 1749 957 1800 si
1001 1749 1124 1818 quis
1173 1748 1333 1802 talem
1383 1748 1561 1803 adhuc
1599 1749 1742 1803 inter
1774 1747 2023 1802 homines

2136 1746 2377 1802 τοιοῦτον
2403 1747 2581 1801 ἐθέλει
2612 1746 2840 1801 τύπτειν
2865 1749 2946 1810 είς
2972 1747 3284 1817 ἄνθρωπον,
3312 1747 3344 1818 ἦ
3376 1747 3513 1802 ἀλλὰ
3532 1747 3727 1818 Θηρίου

439 1855 732 1897 recensere
760 1841 1015 1906 voluerit,
1049 1850 1144 1895 aut
1184 1841 1371 1896 bestiae
1403 1839 1529 1894 fera:
1575 1851 1629 1896 et
1671 1840 1942 1904 violentm,
1973 1851 2026 1894 et.

430 1935 648 1990 homini
676 1935 766 2005 qui
793 1933 1012 1987 dimidia
1047 1935 1131 1988 sui
1158 1948 1312 2002 parte
1339 1933 1825 1988 brutisaccenseri
1847 1935 2028 1999 debet,

441 2028 708 2097 siquidem
774 2035 996 2098 propter
1057 2026 1413 2080 inhumanam
1470 2025 1686 2081 vivendi
1760 2027 2027 2081 rationem

439 2122 680 2191 aeipsum
711 2119 991 2188 indignum
1019 2119 1280 2182 reddidit,
1309 2119 1402 2189 qui
1433 2119 1689 2191 deinceps
1717 2119 2028 2176 hominibus

444 2225 856 2271 annumeretur.
875 2215 1009 2270 Cum
1035 2224 1214 2269 autem
1239 2215 1321 2268 lex
1346 2231 1466 2282 qua:
1485 2222 1603 2282 post
1625 2213 2024 2268 sanctissimam

451 2309 849 2364 incarnationis
892 2307 1359 2377 dispensationem
1411 2307 1538 2361 data
1596 2316 1702 2372 est,
1753 2307 1894 2361 haud
1955 2305 2030 2362 sit

446 2403 747 2472 ejusmodi,
796 2416 987 2456 omnes
1032 2399 1280 2455 homines
1334 2401 1382 2456 ei
1433 2401 1658 2467 subjecti
1715 2400 2028 2455 necessario

431 2501 695 2562 praestant
733 2493 840 2546 illis
871 2492 959 2560 qui
1009 2501 1212 2547 sanctae
1243 2492 1412 2545 veteri
1461 2491 1584 2560 legi,
1611 2491 1678 2545 de
1723 2505 1826 2559 qua
1861 2504 2025 2556 supra

441 2587 704 2651 diximus,
735 2596 789 2639 et
829 2584 1099 2654 imprimis
1143 2584 1425 2653 principali
1461 2584 1746 2652 parebant.
1778 2582 2022 2636 Primiti-

435 2689 566 2728 vam
614 2676 762 2728 enim
800 2675 973 2743 legem
1025 2674 1172 2729 illaut
1216 2674 1399 2730 dicere
1449 2689 1680 2743 nequeo,
1724 2689 1864 2741 quae,
1902 2673 2027 2726 licet

432 2768 544 2836 jam
572 2776 697 2821 tunc
721 2768 773 2821 in
799 2768 1250 2822 consuetudinem
1280 2778 1642 2834 transgressa,
1666 2775 1847 2821 tamen
1876 2768 2022 2823 nulla

434 2859 829 2914 constitutione
877 2870 966 2914 aut
1012 2859 1226 2912 vinculo
1276 2859 1485 2913 sancita
1536 2868 1675 2918 erat.
1709 2861 1821 2920 sed.
1867 2859 1910 2913 si
1949 2861 2020 2914 ita

437 2951 623 3006 dicere
655 2951 736 3006 fas
761 2961 865 3017 est,
895 2950 1112 3004 volabat
1148 2960 1200 3006 et
1229 2952 1450 3004 errabat
1484 2951 1793 3021 ubicunque
1819 2951 2021 3006 admit-

439 3056 554 3099 tere
588 3047 838 3100 homines
871 3045 1090 3104 vellent.

2137 1842 2330 1913 ἀγρίου
2363 1861 2423 1896 τε
2455 1842 2548 1896 καὶ
2585 1841 2878 1913 σθεναροῦ,
2909 1843 2939 1895 ὃ
2971 1842 3235 1910 συνθήσει
3273 1859 3358 1906 τις
3392 1841 3458 1896 ἂν
3513 1844 3594 1906 είς
3627 1843 3730 1911 θη-

2142 1935 2492 2004 ριανθρώπου
2533 1934 2810 1988 ἐπίνοιαν·
2845 1935 2934 1988 ὅτε
2966 1934 3063 1988 καὶ
3097 1934 3172 1997 ὠς
3206 1933 3266 2001 ἐξ
3299 1933 3609 2006 ἀνθρώπων
3635 1935 3728 2001 γί-

2137 2045 2290 2081 νεται
2308 2030 2334 2080 ὁ
2352 2027 2618 2091 τοιοῦτος,
2643 2027 2737 2082 ἆτε
2758 2029 2850 2080 καὶ
2871 2026 3518 2098 ἀπανθρωπιζόμενοςτά
3535 2026 3728 2082 πολλά.

2142 2121 2338 2184 Ὀντος
2367 2120 2433 2192 δὴ
2456 2120 2519 2173 ού
2563 2119 2706 2190 μετὰ
2735 2121 2835 2192 τὴν
2871 2119 3141 2192 ένσαρκον
3181 2121 3499 2191 ἀγιωτάτην
3522 2121 3732 2174 οἰκονο-

2141 2217 2273 2285 μίαν
2295 2215 2589 2285 δεδομένου
2621 2215 2786 2284 νόμου
2821 2215 3028 2268 τοιοῦδέ
3049 2233 3227 2280 τινος,
3253 2216 3558 2285 ἀναγκαῖον
3587 2215 3728 2269 ’πρὶν⁸

2138 2325 2267 2372 τως,
2292 2307 2418 2370 τοὺς
2455 2307 2548 2359 ὑπ’
2583 2307 2732 2373 αὐτῷ
2763 2306 3131 2376 ταττομένους
3166 2307 3376 2369 πάντας
3407 2306 3731 2376 ἀνθρώπους

2140 2401 2467 2471 ὕπερτερεῖν
2498 2399 2606 2452 τῶν
2641 2415 2700 2451 τε
2728 2399 2873 2451 κατά
2913 2401 3014 2470 τὴν
3042 2399 3458 2470 προειρημένην
3489 2398 3584 2452 τοῦ
3625 2415 3731 2450 παο

2137 2493 2293 2550 λαιοῦ
2320 2494 2480 2562 ἁγίου
2512 2494 2680 2562 νόμου
2709 2492 2982 2556 τύπωσιν,
3033 2491 3128 2546 καὶ
3179 2491 3418 2562 μάλιστα
3447 2489 3542 2544 τοῦ
3574 2507 3729 2562 πρω-

2135 2584 2393 2654 τοφυοῦς.
2428 2583 2786 2654 Πρωτόθετον
2824 2584 2935 2653 γάρ
2969 2583 3136 2652 νόμον
3181 2582 3389 2635 ἐκεῖνον
3419 2582 3592 2634 εἰπεῖν
3626 2581 3728 2633 οὐκ

2136 2679 2267 2750 ἔχω,
2290 2678 2382 2730 τὸν
2413 2678 2516 2748 ἤδη
2569 2677 2670 2747 μὲν
2705 2677 2874 2730 ἐθάδα
2903 2676 3050 2740 τότε,
3095 2674 3351 2745 μηδαμοῦ
3386 2675 3442 2727 δὲ
3479 2673 3726 2742 τεθειμέ-

2135 2789 2227 2825 νον
2257 2769 2460 2840 θεσμοῦ
2487 2769 2689 2840 τρόπον
2715 2769 2808 2822 καὶ
2831 2767 3073 2837 θέμιδος,
3098 2767 3257 2830 ἀλλά,
3290 2768 3365 2830 ὡς
3397 2769 3597 2832 εἰπεῖν,
3624 2783 3727 2818 πε-

2137 2863 2386 2933 τόμενον,
2413 2862 2536 2916 ὅποι
2566 2861 2632 2914 ἂν
2656 2860 2820 2914 αὐτὸν
2851 2859 3250 2932 παραδέχοιντὸ
3278 2875 3442 2921 τινες.

509 3137 602 3192 3i.
629 3139 693 3192 Et
739 3137 821 3192 sic
853 3137 1070 3206 quidem
1106 3137 1353 3190 accidere
1381 3136 1635 3198 deln-hat,
1674 3147 1732 3190 nt
1765 3147 1818 3190 et
1866 3136 2024 3206 legis-

2199 3124 2294 3181 λδ’.
2330 3125 2438 3178 Καὶ
2469 3123 2612 3178 οὕτω
2663 3123 2763 3193 μὲν
2794 3122 3113 3191 ἀναγκαίως
3136 3121 3306 3192 ἐχρῆν
3340 3119 3611 3190 γίνεσθαι,
3636 3119 3725 3172 ἵνα

435 3229 582 3284 lator
621 3231 922 3284 honoratus
957 3230 1238 3298 gauderet,
1281 3243 1553 3299 quatenus
1582 3230 1781 3283 bonum
1813 3231 1880 3285 ab
1909 3231 2026 3298 ipso

427 3337 763 3377 concessum
820 3332 1153 3386 servaretur,
1204 3334 1256 3377 et
1308 3323 1406 3390 ipsi
1454 3324 1705 3378 meliores
1750 3324 2024 3389 heremus,

437 3426 497 3469 ttt
530 3417 640 3470 Deo
666 3427 830 3485 atque
869 3415 1183 3470 hominibus
1229 3427 1440 3485 gratum
1475 3427 1559 3470 est
1607 3426 2022 3485 acceptumque.

435 3507 690 3561 Attamen
719 3523 822 3560 non
856 3506 925 3559 ita
960 3506 1162 3569 evenit,
1184 3507 1276 3558 sed
1307 3521 1393 3559 res
1419 3516 1616 3559 nostra:
1644 3508 1782 3560 male
1808 3508 2027 3570 cedunt,

435 3597 705 3666 siquidem
773 3595 1077 3666 cogitantes
1151 3595 1479 3664 fatigamur,
1527 3595 1774 3650 videntes
1822 3597 2027 3664 pudore

435 3687 822 3755 suffundimur,
865 3698 920 3742 et
970 3688 1250 3757 loquentes
1291 3688 1401 3741 cito
1443 3687 1509 3740 ad
1561 3687 1836 3742 silentimn
1885 3690 2027 3743 redi-

435 3798 636 3854 guuur.

507 3876 596 3931 55.
629 3878 741 3946 Age
769 3876 938 3942 enim,
961 3874 1371 3930 consideremus
1422 3889 1534 3928 rem
1574 3883 1742 3928 totam
1788 3867 2028 3928 breviter

437 3986 505 4026 ac
549 3970 868 4024 summatim
901 3979 1230 4038 repetentes.
1263 3966 1631 4022 Fcrocitatem
1671 3976 1726 4021 et
1772 3967 2025 4021 inhuma-

437 4059 685 4124 nitatem,
716 4073 837 4126 quae
876 4067 997 4128 post
1027 4057 1233 4124 primos
1263 4068 1518 4126 parentes
1541 4057 1742 4112 sensim
1775 4065 2025 4124 posteros

429 4150 658 4212 invasit,
691 4148 846 4220 probi
889 4149 1110 4218 quidam
1154 4158 1207 4202 et
1263 4148 1424 4203 facile
1457 4149 1776 4203 numerandi
1813 4147 1912 4201 viri
1958 4147 2024 4200 ad

436 4235 911 4290 mansuetudinem
967 4235 1314 4289 deduxerunt
1359 4251 1372 4288 :
1438 4234 1790 4304 perfecerunt
1841 4243 2023 4289 autem

437 4325 565 4391 hoc,
612 4324 740 4377 dum
789 4337 1004 4378 summo
1059 4321 1258 4378 fratres
1308 4322 1769 4392 amplecterentur
1815 4337 2025 4388 amore,

434 4411 696 4468 benevole
737 4410 1042 4480 loquentes,
1087 4401 1477 4478 praeceptorum
1528 4410 1702 4465 instar
1733 4409 2028 4464 exhortan-

2131 3218 2225 3272 καὶ
2260 3221 2286 3272 ὁ
2316 3217 2620 3287 νομοθέτης
2653 3215 2843 3286 ἔχαιρε
2872 3216 3206 3287 τιμώμενος,
3231 3207 3311 3276 οἷς
3345 3213 3405 3266 τὸ
3438 3215 3531 3265 ὑπ’
3555 3212 3722 3266 αὐτοῦ

2128 3309 2415 3380 δεδομένον
2442 3309 2647 3376 ἀγαθὸν
2687 3312 3062 3379 συνετηρεῖτο,
3093 3308 3190 3360 καὶ
3235 3307 3391 3360 αὐτοὶ
3450 3305 3727 3359 ἐδελτιούο

2133 3403 2294 3473 μεθα.
2325 3402 2401 3464 ὡς
2448 3402 2544 3455 καὶ
2573 3403 2601 3454 ὁ
2635 3401 2767 3464 Θεὸς
2799 3400 2866 3455 ἂν
2897 3401 3094 3468 ἐφίλει,
3127 3400 3221 3453 καὶ
3265 3401 3430 3471 ἡμεῖς
3458 3398 3724 3467 ἀπεδεχό-

2138 3495 2302 3567 μεθα.
2345 3495 2564 3548 Γίνεται
2597 3495 2653 3548 δέ
2697 3495 2846 3564 ὅμως
2891 3495 2990 3564 οὐχ
3023 3494 3219 3557 οὕτως,
3248 3495 3385 3546 ἀλλὰ
3409 3494 3724 3547 διεκπίπτει

2129 3593 2197 3646 τά
2227 3590 2547 3659 καθ’ήμᾶς,
2594 3589 2729 3640 ὅπου
2777 3588 2870 3640 καὶ
2905 3587 3153 3650 νοοῦντες
3210 3586 3581 3658 βαρυνόμεθα,
3627 3588 3723 3638 καὶ

2137 3681 2426 3752 βλέποντες
2451 3679 2772 3750 αἰδούμεθα,
2802 3681 2897 3732 καὶ
2924 3679 3215 3744 λαλοῦντες
3239 3680 3376 3751 ταχὺ
3403 3677 3724 3733 ἀναστελλό-

2133 3777 2297 3845 μεθα.

2200 3867 2294 3922 λε’.
2319 3866 2455 3937 Φέρε
2485 3865 2594 3935 γάρ
2626 3866 3106 3938 ἁνασκεπτώμεθα
3137 3865 3224 3918 διὰ
3253 3865 3503 3936 βραχέων
3533 3867 3719 3918 {mte-

2135 3959 2327 4029 μόντες
2352 3959 2419 4012 τὰ
2440 3957 2536 4011 ὅλα
2561 3959 2863 4029 πράγματα
2885 3957 3295 4024 κεφαλαιωδῶς.
3329 3957 3456 4023 Ἐξη
3465 3956 3531 4028 μέ
3541 3973 3723 4025 ρωσαν

2129 4055 2228 4125 τὴν
2263 4053 2400 4124 μετά
2430 4055 2557 4116 τοὺς
2589 4051 2948 4122 προπάτορας
2979 4052 3036 4104 ἐν
3077 4053 3190 4114 τοῖς
3234 4051 3510 4119 ἐπιγόνοις
3548 4050 3722 4104 ἀπανς

2131 4143 2386 4215 θρωπίαν
2423 4146 2515 4198 καὶ
2540 4145 2843 4214 ἀγριότητα
2875 4144 3104 4213 χρηστοί
3135 4161 3281 4205 τινες
3322 4147 3418 4197 καὶ
3452 4145 3582 4214 ῥᾷον
3615 4159 3719 4210 μεο

2128 4239 2320 4311 τρητοὶ
2365 4237 2559 4308 ἄνδρες
2583 4253 2596 4267 ⁸
2626 4238 2833 4306 ἤνυσαν
2865 4237 2921 4290 δὲ
2975 4237 3133 4301 αὐτὸ,
3167 4236 3516 4305 ζηλώσαντες
3561 4236 3720 4304 φιλα-

2127 4329 2417 4398 δελφικῶς,
2459 4329 2797 4392 λαλήσαντες
2844 4329 3129 4392 εὐνοῖκῶς.
3161 4333 3592 4398 παραινέσειν-,τες
3641 4328 3716 4380 διο

2129 4421 2497 4486 δασκαλικῶς,
2529 4422 2624 4475 καὶ
2657 4421 2944 4491 νοηθέντες
2976 4422 3279 4484 εὐσυνέτως
3309 4425 3488 4491 ἀγαθὰ
3511 4422 3712 4489 λέγειν,

439 4515 542 4568 tes,
570 4504 769 4558 bonum
818 4517 1125 4557 sermonem
1176 4516 1296 4553 cum
1349 4501 1633 4570 prudentia
1681 4499 2024 4569 proferentes

2136 4513 2230 4566 ml.
2269 4512 2412 4565 οὓτω
2457 4489 2770 4577 πείσαντες,
2809 4515 2907 4564 καὶ
2953 4512 3032 4581 τῷ
3077 4489 3472 4583 ἐνδελεχεῖντῆς
3502 4511 3715 4578 ἀγαθῆς

434 4607 601 4663 atque
627 4593 707 4650 sic
733 4592 1146 4662 persuadentes,
1166 4601 1217 4644 et
1249 4593 1508 4645 continua
1535 4591 1874 4645 institutione
1905 4590 2022 4645 utili

433 4689 760 4759 pravitatem
791 4687 843 4742 iu
872 4687 1090 4741 virtutis
1121 4685 1286 4740 decus
1323 4693 1720 4752 permutantes,
1753 4684 2021 4752 siquidem

435 4791 491 4836 et
532 4782 634 4852 ipsi
690 4796 719 4834 a
767 4793 933 4835 carne
983 4779 1218 4833 humana
1289 4777 1649 4841 abstinentes,
1698 4787 1752 4831 et
1799 4779 1871 4832 illi
1927 4781 2020 4847 qui

435 4875 653 4929 nonnisi
699 4873 956 4928 carnibus
1000 4870 1254 4926 humanis
1303 4870 1445 4925 vesci
1486 4880 1646 4939 atque
1692 4869 1836 4924 furto
1875 4872 2020 4940 rapi-

432 4981 615 5036 naque
664 4966 846 5020 vivere
891 4972 1314 5028 consueverant,
1359 4963 1426 5016 ad
1473 4973 1620 5016 artes
1664 4978 1762 5031 pro
1817 4963 2021 5019 viribus

431 5059 768 5114 exercendas
799 5059 1041 5112 animum
1071 5056 1414 5125 appulerunt.
1455 5055 1518 5109 Et
1551 5056 1618 5108 ab
1656 5057 1809 5110 initio
1835 5057 2020 5112 Abelis

433 5151 546 5206 Deo
591 5149 801 5217 accepti
855 5149 1174 5202 memoriam
1223 5157 1529 5214 repetentes
1577 5161 1865 5216 cmperunt
1924 5165 2016 5204 aro

433 5255 617 5299 menta
660 5255 884 5311 pascere
911 5253 1074 5310 atque
1105 5241 1337 5305 nutrire,
1374 5258 1404 5296 e
1439 5241 1634 5310 quibus
1679 5244 1845 5299 multa
1877 5246 2015 5299 bona

433 5352 608 5406 eaque
669 5335 790 5388 sine
839 5348 1036 5402 magno
1099 5332 1284 5387 labore
1329 5334 1715 5402 percipicntes,
1777 5352 1805 5390 a
1859 5337 2017 5394 furtis

435 5430 645 5484 mutuis
696 5437 752 5482 et
801 5427 1043 5482 caedibus
1104 5426 1484 5495 inopportunis
1529 5444 1720 5484 manus
1755 5430 2018 5487 cohibue-

431 5531 578 5578 runt.

505 5616 597 5673 56.
635 5613 842 5682 Quibus
872 5613 1033 5669 bonis
1079 5615 1385 5685 degustatis
1427 5616 1591 5670 etiam
1641 5617 1707 5670 ad
1744 5617 1878 5672 alias
1928 5633 2018 5674 res

435 5711 596 5764 utiles
630 5707 981 5762 inveniendis
1012 5707 1253 5761 animum
1300 5708 1701 5776 applicuerunt,
1731 5718 1784 5762 et
1818 5725 2013 5779 spectt-

429 5799 533 5858 bus
552 5799 872 5868 caeterisquc
892 5797 1156 5868 ejusmodi
1179 5798 1511 5856 deversoriis
1528 5797 1769 5856 fortuitis
1787 5804 2014 5873 egressi,

2131 4603 2484 4667 διδασκαλίας
2523 4604 2918 4668 άλλοιώσαντες
2952 4596 3016 4658 ἐκ
3051 4605 3385 4676 φαυλότητος
3407 4606 3486 4668 είς
3517 4603 3710 4657 καλλοο

2132 4696 2228 4766 νὴν
2262 4695 2624 4767 ἀγαθότητος,
2653 4697 2740 4750 ὅτε
2769 4696 2868 4748 καὶ
2892 4697 3158 4768 ἀφέμενοι
3195 4700 3289 4754 τοῦ
3321 4700 3714 4768 ἀνθρωποσφα-

2129 4791 2270 4858 γεῖν,
2297 4790 2478 4859 μήπου
2509 4789 2562 4841 δὲ
2600 4788 2695 4842 καὶ
2724 4789 3186 4861 ἁνθρωποφαγείν
3209 4794 3257 4845 οί
3293 4790 3717 4863 μαθητευσάμε-

2130 4899 2234 4946 νοι,
2269 4883 2363 4934 καὶ
2409 4881 2502 4934 τοῦ
2557 4881 2833 4951 ἁρπάζειν
2884 4884 2954 4936 τὰ
3004 4885 3114 4937 τῶν
3171 4884 3369 4948 ἄλλων,
3416 4883 3716 4938 ἐπέϐαλλον

2128 4975 2369 5044 τέχναις,
2393 4973 2469 5036 ὡς
2499 4969 2646 5043 εἶχον
2677 4974 2972 5044 εὑρέσεως.
3004 4975 3115 5028 Καὶ
3146 4977 3343 5044 πρῶτα
3375 4977 3476 5046 μὲν
3501 4977 3560 5041 ἐξ
3584 4978 3714 5030 ἀνα-

2132 5068 2382 5135 μνήσεως
2419 5067 2517 5117 καὶ
2553 5065 2907 5135 ἐνθυμήσεως
2936 5067 3028 5120 τοῦ
3061 5067 3345 5134 θεοφιλοῦς
3379 5068 3546 5122 Ἀὃελ
3594 5068 3711 5118 ἐνε-

2128 5157 2393 5228 χείρησαν
2426 5157 2744 5224 ποιμαίνειν
2776 5157 2973 5209 ἐκεῖνοι
3001 5157 3096 5210 καὶ
3120 5156 3338 5226 βόσκειν
3367 5156 3504 5220 ζῶα,
3535 5155 3595 5220 ἐξ
3637 5149 3712 5208 ὧν

2127 5251 2380 5322 χρήσιμα
2414 5248 2772 5320 ποριζόμενοι
2813 5250 2986 5302 πολλά
3029 5249 3269 5320 δαψιλῶς
3297 5249 3437 5320 ἅμα,
3473 5253 3568 5304 καὶ
3592 5248 3713 5302 ούδέ
3762 5316 3765 5318 γ

2128 5347 2225 5396 σὺν
2251 5343 2430 5411 πολλῷ
2452 5343 2620 5412 πόνῳ,
2646 5341 2967 5412 ἀπήλλαξαν
2983 5347 3085 5407 τὰς
3101 5347 3293 5415 χεῖρας
3312 5344 3405 5397 τοῦ
3431 5343 3714 5417 λῃστεύειν

2125 5437 2390 5508 ἀλλήλους
2415 5440 2508 5490 καὶ
2543 5438 2650 5506 πρὸ
2689 5435 2839 5506 ὧρας
2872 5436 3090 5506 ἐξάγειν
3122 5437 3216 5492 τοῦ
3249 5436 3370 5508 ζῇν.

2195 5615 2293 5680 λζ’.
2348 5615 2683 5684 Γευσάμενοι
2720 5616 2776 5669 δὲ
2817 5618 3061 5671 τοιούτου
3115 5619 3283 5672 καλοῦ
3315 5620 3526 5689 ρᾁνος,
3561 5619 3714 5688 ἔτρε-

2123 5709 2230 5779 ψαν
2260 5708 2350 5761 τὸν
2379 5707 2505 5762 νοῦν
2533 5709 2613 5772 είς
2639 5709 2700 5760 τὸ
2729 5710 2825 5763 καὶ
2854 5711 3031 5774 ἄλλως
3065 5712 3363 5782 τεχνᾶσθαι
3387 5711 3455 5765 τὰ
3483 5713 3672 5779 καίρια
3691 5727 3708 5744 ο

2124 5803 2218 5856 καὶ
2272 5800 2555 5871 σπηλαίων
2603 5802 2866 5873 ἀφέμενοι
2941 5804 3037 5858 καὶ
3088 5804 3293 5861 λοιπῶν
3347 5805 3708 5876 αὐτοσχεδίων
