4048 6430
249 339 361 403 3&5

850 339 966 398 ’ΒΕ
1005 337 1483 400 OBEDIENTIA
1517 340 2072 407 ‘MAGISTRATUI
2112 347 2588 413 CHRISTIANO
2619 335 2927 418 'DEBl'fA.

3427 355 3530 420 £26

251 453 633 515 καταδύσεων,
661 452 719 504 ὲν
750 445 838 513 αἷς
885 452 944 504 οὔ
989 454 1267 504 κατοικεῖν
1301 452 1548 520 λέγοιντο
1577 453 1663 518 ἂν,
1707 455 1843 510 ἀλλὰ

1973 477 2003 514 11
2072 463 2268 529 quibus
2330 479 2436 518 non
2485 465 2808 533 inhabitare,
2850 469 2957 524 sed
3017 470 3312 525 bestiarum
3361 473 3528 525 instat

250 545 522 616 φωλεύειν
556 543 863 614 θηριωδῶς,
894 545 1201 612 ἀνέστησαν
1230 545 1411 610 οἴκους
1447 546 1546 600 καὶ
1594 546 1840 617 δώματα,

247 639 328 702 ὡς
360 638 456 690 καὶ
482 634 815 706 καταμένειν
844 636 1135 703 ἀσφαλεῖς,
1188 635 1285 689 καὶ
1313 638 1382 690 τὰ
1412 639 1492 700 είς
1520 638 1712 707 χρείαν
1761 641 1847 692 ὲν-

250 729 613 786 αποτίθεσθαι
645 728 1111 784 ἀνεπισούλευτοι.
1150 730 1358 784 Λύτίκα
1386 731 1441 784 δὲ
1475 732 1571 786 καὶ
1593 750 1848 802 γυναικι-

251 824 352 878 κὸν
382 822 600 892 ζεῦγμα
629 820 1026 890 συνεπήξαντο,
1056 822 1394 892 μονάσαντες
1415 825 1541 885 τοὺς
1569 826 1843 895 κήλωνας,

250 913 472 980 ἀλόγοις
502 911 781 982 ὲντρέχειν
814 911 1060 981 θηλείαις
1087 913 1344 981 ἀφέντες,
1377 914 1463 966 ὅτε
1494 915 1604 967 οὐδ’
1631 915 1696 968 ἂν
1721 917 1845 968 ἐπι-

249 1005 542 1059 ϐαίνεσοαι
587 1005 708 1067 ταῖς
745 1005 870 1056 κατ’
917 1005 1102 1067 οἴκους
1152 1004 1402 1070 γυναιξὶν
1435 1005 1654 1060 ἔπειθον
1707 1009 1849 1075 σφᾶς

252 1099 454 1161 αὐτοὺς
480 1098 530 1152 οἱ
562 1096 785 1162 ἔξωθεν,
817 1097 1079 1162 αὐτόθεν,
1123 1095 1298 1166 οἶμαι,
1353 1099 1640 1168 μαθόντες,
1669 1102 1784 1164 καὶ,
1820 1101 1848 1154 ὃ

253 1208 440 1261 φασιν,
475 1191 570 1260 ἀφ’
599 1191 808 1256 ἑστίας,
831 1191 955 1244 ὅποι
985 1193 1158 1246 κακοῦ
1189 1195 1216 1244 6
1245 1193 1489 1258 τοιοῦτος
1535 1193 1673 1266 ἔρως
1715 1196 1851 1248 ἁπο-

251 1284 598 1353 τελευτήσει,
631 1283 913 1352 δαιμονίου
947 1282 1114 1356 ζήλου
1147 1285 1486 1357 ἐρεθίζοντος
1531 1289 1624 1340 καὶ
1657 1288 1852 1341 ὑποκι-

255 1377 496 1440 νοῦντος,
532 1376 826 1430 ἀποσοϐεῖν
863 1377 964 1447 τῆς
1010 1378 1306 1448 ὁμοζύγου,
1341 1379 1502 1433 ὁποῖα
1540 1381 1635 1433 καὶ
1665 1379 1850 1446 λύκον,

253 1470 348 1524 τδν
377 1469 628 1539 ἅρπαγα.

325 1564 431 1631 λη’.
482 1561 824 1625 Ἀκολούθως
854 1562 910 1616 δὲ
943 1563 1040 1615 καὶ
1071 1562 1352 1632 γεωργίας
1392 1566 1451 1616 τὸ
1483 1564 1736 1616 ἐντεῦθεν
1769 1583 1858 1618 τεο

256 1654 611 1724 χνασθείσης,
656 1655 687 1722 ἠ
743 1655 928 1726 μήτηρ
961 1657 1030 1726 γῆ
1064 1655 1370 1726 ὀχλουμένη
1407 1656 1550 1723 γάλα
1601 1657 1855 1726 μελιτόεν

257 1746 516 1814 ἐχορήγει
536 1747 650 1809 τοῖς
677 1746 892 1810 τέκνοις
919 1745 1253 1817 ἀνθρώποις,
1277 1748 1346 1800 τὰ
1370 1747 1428 1813 ἐξ
1452 1749 1623 1820 αὐτῆς
1646 1749 1850 1816 ἀγαθά.

263 1831 359 1891 "0;
395 1831 454 1884 δὲ
491 1833 749 1901 εἰρηναῖα
807 1831 876 1906 ἦν
928 1837 1120 1906 ἡρέμα
1175 1838 1286 1899 τοῖς
1317 1838 1630 1909 ἀνθρώποις
1660 1841 1725 1893 ἐκ
1761 1838 1856 1892 τοῦ

256 1925 508 1978 τοιούτου
541 1924 765 1992 καλοῦ,τ
787 1929 1120 1997 ἀπελέγοντο
1152 1932 1248 1983 καὶ
1298 1931 1367 1984 τὰ
1413 1934 1751 1986 στασιωτικὰ
1784 1934 1861 1999 ὡς

260 2017 499 2072 ἐπιπολὺ
560 2020 654 2072 καὶ
698 2019 798 2093 τὴν
856 2021 1032 2076 είσαεὶ⁵
1082 2021 1237 2094 ἔριδα
1294 2022 1390 2076 καὶ
1443 2025 1542 2094 τὴν
1597 2026 1862 2096 ἐπίμονον

259 2110 470 2181 μὲχην,
504 2115 599 2165 καὶ
629 2113 793 2180 μόνον
851 2113 1071 2182 ἐφίλουν
1121 2117 1183 2168 τὸ
1239 2117 1509 2186 σωτήριον
1540 2115 1820 2187 αῦταρκες
1843 2135 1860 2153 ο

256 2201 356 2264 οὓς
388 2202 572 2270 μέντοι
599 2205 627 2254 ὁ
673 2202 912 2274 κερδῷος
949 2203 1186 2258 ὲκνικῶν
1227 2205 1476 2276 ὑπήγετο
1506 2205 1855 2276 φιλοτιμότε-

259 2317 380 2370 ρον.
425 2299 568 2352 Ἀλλ’
597 2301 797 2353 ἐκεῖνοι
826 2296 1028 2369 τόλμαν
1052 2299 1146 2352 καὶ
1173 2298 1346 2370 θρασὺ
1376 2301 1538 2370 μένος
1563 2301 1658 2354 καὶ
1683 2301 1886 2372 ἀλκὴν-

260 2391 643 2462 ἒνδυσάμενοι,
670 2391 983 2453 θαλαττίοις
1007 2393 1098 2445 τοῦ
1125 2390 1318 2445 λοιποῦ
1339 2392 1684 2464 παρέϐαλλον
1713 2395 1860 2462 σφᾶς

260 2485 462 2547 αὐτοὺς
493 2483 767 2547 κινδύνοις
791 2502 806 2516 ο
837 2483 936 2536 καὶ
967 2483 1028 2536 τὸ
1052 2483 1229 2552 γλυκὺ
1256 2484 1357 2554 τῆς
1385 2484 1674 2556 τραφερῆς
1699 2485 1860 2540 ἀπει-

262 2577 528 2646 πάμενοι,
559 2577 658 2646 τῆς
687 2577 938 2646 ἁλμυρᾶς
977 2575 1220 2644 ἐγίνοντο
1272 2577 1538 2647 μέτοικοι,
1565 2578 1724 2633 αὐτοὶ
1751 2580 1862 2632 τῶν

262 2668 415 2722 ἰδίων
448 2667 877 2730 ἀπεκδαίνοντες
903 2669 1106 2739 τρόπον
1131 2670 1275 2732 τινὰ,
1305 2668 1338 2738 ἢ
1381 2669 1678 2737 ’Δρπυίαις
1706 2671 1861 2724 ἐκδό-

265 2779 422 2830 μενοι
450 2761 752 2834 ἑαυτοὺς,ἢ
781 2762 918 2816 ἀλλὰ
943 2761 1076 2832 γοῦν
1107 2761 1182 2825 ὡς
1209 2763 1290 2826 είς
1319 2763 1620 2833 ἀμφιδίους
1647 2765 1860 2819 ἀποκα-

255 2854 608 2924 θιστάμενοι.

335 2946 440 3010 λη’.
488 2946 686 3008 Οῐκους
727 2963 786 3000 τε
827 2940 922 3000 οῦν
955 2945 1044 3017 ἐφ’
1071 2946 1284 3000 ὑδάτων
1329 2946 1431 3011 τὰς
1459 2947 1594 3016 νῆας
1630 2949 1859 3015 ἐτεκτή-

261 3054 431 3092 ναντο
463 3037 1097 3107 παρακινδυνεύσαντες,
1131 3041 1226 3092 καὶ
1270 3039 1508 3111 φόρτους
1553 3041 1614 3095 ὲν
1665 3041 1862 3104 αὑταῖς

1948 551 2122 607 latere
2152 570 2245 608 eos
2263 556 2386 624 jure
2411 559 2532 627 quis
2563 561 2783 620 dixerit.
2809 563 3000 618 domos
3043 573 3099 618 et
3128 564 3354 618 nidificia
3394 579 3529 618 con-

1951 655 2289 712 struxerunt,
2311 650 2384 704 ita
2410 662 2465 704 ut
2496 653 2692 708 abhinc
2717 655 2894 710 securi
2917 655 3174 726 degerent
3198 668 3248 711 et
3277 658 3340 711 ad
3366 657 3529 711 vitam

1952 741 2257 794 necessaria
2302 751 2491 796 contra
2533 747 2750 812 rapinas
2795 749 2847 801 in
2881 755 2995 800 tuto
3027 749 3324 803 baberent.
3357 747 3530 802 Simul

1951 841 2131 885 autem
2166 848 2420 904 gynzecea
2458 839 2814 903 mdiﬁcat'uul,
2848 840 3532 907 separanleslasciviosos,

1953 922 2360 981 irrationalibus
2400 943 2688 984 accurrere
2725 930 2941 985 feminis
2969 932 3232 998 sinentes,
3261 932 3530 1000 siquidem

1952 1033 2074 1072 Cum
2138 1020 2458 1075 mulieribus
2510 1025 2648 1076 intra
2708 1023 2900 1076 domos
2946 1023 3269 1079 constitutis
3329 1024 3530 1077 nullam

1953 1112 2158 1167 habere
2202 1130 2316 1168 rem
2363 1115 2429 1168 iis
2467 1129 2878 1183 persuaserunt,
2906 1133 2933 1170 a
2971 1117 3278 1183 semetipsis
3303 1125 3356 1170 et
3388 1115 3533 1183 quod

1955 1204 2131 1269 aiunt,
2173 1221 2200 1258 ιι
2250 1205 2370 1260 foco
2407 1207 2582 1262 edocti
2616 1223 2853 1277 quonam
2909 1209 3029 1262 talis
3063 1223 3216 1262 amor
3265 1209 3535 1270 tenderet,

1956 1299 2224 1353 diabolico
2279 1299 2394 1352 zelo
2455 1300 2521 1353 ad
2581 1301 2826 1370 conjugis
2873 1310 3142 1368 raptorem
3204 1300 3310 1368 lupi
3366 1299 3537 1354 instar

1955 1391 2271 1460 a'bigendmr
2309 1393 2567 1448 incitante
2584 1408 2649 1447 ac
2681 1393 3075 1448 instimulaute.

2025 1575 2118 1628 57.
2169 1575 2271 1630 Ubi
2301 1585 2486 1630 autem
2534 1576 2865 1645 agricultura
2921 1574 3161 1632 exerceri
3213 1583 3296 1630 est
3341 1585 3543 1642 ctepta,

1959 1667 2274 1722 hominibus
2318 1669 2444 1724 filiis
2477 1669 2618 1723 alma
2663 1677 2835 1723 mater
2868 1679 3009 1723 terra
3039 1669 3195 1723 dulce
3239 1668 3323 1722 Iac
3360 1682 3544 1729 suum,

1961 1754 2014 1808 id
2064 1764 2148 1812 est
2198 1757 2402 1827 fruges,
2453 1758 2794 1813 abundanter
2851 1756 3170 1827 impertivit.
3209 1755 3274 1810 Et
3325 1770 3450 1810 cum
3481 1754 3545 1807 οἱ·

1965 1847 2075 1901 tale
2101 1846 2310 1902 bonum
2356 1861 2490 1916 pace
2525 1858 2580 1902 et
2622 1847 3016 1916 tranqniilitate
3054 1846 3354 1917 gauderent
3405 1859 3545 1898 mor-

1968 1942 2127 2006 tales,
2181 1939 2368 2008 procul
2419 1939 2724 2008 allegarunt
2765 1937 3112 2005 rebelliones,
3143 1936 3547 1999 contentiones,

1966 2031 2200 2104 pugnas,
2237 2041 2401 2101 atque
2447 2046 2615 2086 aurea
2667 2030 3043 2086 mediocritate
3086 2031 3237 2085 fuere
3281 2027 3550 2092 contenti,

1964 2125 2210 2194 except-is
2240 2125 2347 2179 illis
2378 2141 2518 2195 quos
2543 2124 2678 2179 lucri
2721 2124 2854 2180 deus
2879 2121 3236 2196 (Mercurius)
3261 2121 3363 2177 sub
3391 2134 3548 2175 suam

1964 2218 2129 2274 facile
2177 2219 2382 2290 redegit
2431 2218 2885 2273 dominationem.
2917 2216 2980 2272 Hi
3031 2216 3199 2281 enim,
3235 2213 3464 2270 audacia
3496 2222 3550 2268 et

1969 2313 2135 2368 animi
2171 2312 2356 2383 vigore
2395 2327 2460 2368 ac
2497 2310 2865 2382 generositate
2899 2309 3164 2378 insignes,
3207 2307 3374 2360 maris
3401 2306 3552 2374 peri-

1963 2407 2106 2463 culis
2129 2420 2252 2462 sese
2276 2404 2514 2474 obiicere
2538 2404 2682 2460 baud
2707 2405 3033 2468 timuerunt,
3058 2411 3112 2456 et
3133 2401 3276 2457 dulci
3302 2399 3554 2468 almaque

1965 2499 2143 2570 patria
2189 2499 2380 2557 relicta
2411 2497 2528 2555 salo
2573 2513 2700 2554 sese
2739 2499 3089 2560 commisere,
3124 2495 3226 2564 ipsi
3253 2510 3318 2550 ex
3346 2501 3550 2549 semet-

1966 2594 2098 2664 ipsis
2135 2593 2282 2648 velut
2340 2593 2570 2662 egressi,
2618 2599 2714 2644 aut
2775 2589 3030 2660 Harpyiis
3079 2601 3199 2644 sese
3251 2585 3550 2649 tradentes.

1967 2692 2064 2740 aut
2089 2684 2280 2740 saltem
2312 2683 2720 2753 ampltibiorum
2746 2682 2902 2752 quasi
2933 2692 3185 2736 naturam
3215 2675 3411 2732 induti.

2035 2952 2126 3008 '58.
2158 2952 2430 3008 IEdiliciis
2457 2953 2623 3022 igitur
2647 2969 2770 3026 qu:e
2811 2953 2970 3008 undis
3014 2954 3347 3017 innatarcnt,
3382 2952 3432 3006 id
3469 2959 3553 3006 est

1966 3047 2200 3102 navibus
2233 3048 2562 3104 constructis
2605 3048 3040 3118 postltabitisque
3072 3046 3351 3116 periculis,
3386 3061 3554 3099 onera

265 3133 719 3201 ὲταμειεύσαντο,
736 3134 832 3186 καὶ
858 3134 1369 3205 περιφρονήσαντες
1393 3134 1492 3204 τὴν
1508 3133 1712 3204 τροφὸν
1732 3135 1856 3201 γῆν,

1973 3140 2017 3193 in
2045 3139 2152 3194 illis
2185 3141 2586 3210 imposuerunt,
2618 3148 2673 3196 et
2697 3151 3008 3210 contempta
3045 3141 3184 3193 alma
3219 3149 3360 3194 terra
3391 3137 3555 3191 aliam

266 3225 465 3297 ἑτέραν
496 3227 923 3296 είσεποιήσαντο
956 3228 1294 3298 τρέφουσαν.
1324 3231 1391 3300 ἣν
1417 3229 1518 3281 οὐκ
1559 3228 1625 3281 ἂν
1655 3229 1863 3298 ὸκνήσῃ

266 3334 352 3380 τις
405 3320 682 3388 μητρυιὰν
732 3320 932 3384 εἰπεῖν,
982 3321 1474 3392 ὑπεραυξήσαντες
1520 3323 1727 3376 ,ἐκεῖνοι
1763 3319 1864 3390 τὴν

265 3412 466 3482 πρώην
501 3414 802 3484 ἀγηνορίαν
831 3415 890 3468 ἐν
922 3414 999 3484 τῷ
1034 3414 1417 3469 ναυτίλλεσθαι
1447 3417 1542 3469 καὶ
1571 3415 1862 3484 ὑπερόρια.

271 3503 460 3574 Θρασὺ
488 3506 589 3574 μὲν
611 3506 720 3576 γὰρ
747 3507 842 3560 καὶ
873 3506 1100 3578 θερμὸν,
1125 3507 1469 3561 ἀπείπασθαι
1495 3506 1596 3577 μὲν
1623 3507 1866 3576 γαστρὸς

271 3597 438 3668 χάριν
470 3596 562 3650 τὸν
593 3598 753 3668 ἀέρα,
787 3599 1011 3653 δύεσθαι
1041 3599 1098 3652 δὲ
1130 3600 1476 3654 κυϐιστῶντα
1504 3601 1647 3654 κατὰ
1675 3598 1867 3669 βυθοῦ,

272 3689 375 3744 καὶ
407 3691 770 3762 ὲμϐραδύνειν
813 3691 1002 3745 αὐτόθι
1050 3693 1143 3745 τόν
1197 3694 1299 3764 τῆς
1347 3693 1548 3764 χέρσου
1595 3692 1869 3764 τρόφιμον

273 3783 590 3854 ἄνθρωπον,
619 3784 716 3837 καὶ
747 3783 923 3845 ἄλλως
969 3783 1026 3837 δὲ
1077 3784 1305 3853 ἀνέμοις
1352 3787 1410 3862 ἐμ
1459 3783 1700 3855 θαλάττῃ
1749 3783 1872 3838 δου-

274 3876 507 3929 λεύοντα
527 3876 808 3929 πονεῖσθαι
831 3877 928 3929 καὶ
949 3877 1425 3931 κατασαλεύεσθαι
1447 3879 1653 3949 τροφῆς
1680 3879 1868 3945 ἕνεκα,

278 3971 376 4024 καὶ
406 3967 579 4038 αὐτῆς
608 3968 684 4031 ὡς
715 3969 784 4021 τὰ
812 3968 987 4023 πολλὰ
1018 3969 1407 4040 δυσπορίστου.

366 4059 471 4115 λθ’.
501 4059 628 4113 Ὀτι
657 4059 715 4114 δὲ
749 4059 846 4114 καὶ
879 4061 912 4130 ἠ
938 4060 1135 4132 χέρσος
1185 4059 1494 4131 πράγματα
1544 4060 1730 4116 δίδωσι
1759 4061 1874 4126 τοῖς

278 4172 347 4209 τε
396 4153 574 4216 ἄλλως
619 4154 1151 4225 περιεργαζομένοις
1183 4154 1379 4226 αὐτὴν,
1425 4155 1522 4208 καὶ
1561 4157 1673 4218 τοῖς
1714 4155 1878 4225 θηρο-

283 4245 474 4308 λέταις
510 4245 864 4314 κυνηγέταις,
910 4249 1005 4298 καὶ
1059 4245 1235 4308 eam;
1297 4247 1355 4301 δὲ
1409 4249 1731 4318 ἀγρευταῖς,
1781 4247 1878 4300 καὶ

286 4339 556 4403 ἀνάγεται
587 4338 730 4391 αὐτὰ
775 4338 855 4400 είς
884 4337 1082 4409 τέχνην
1112 4339 1199 4410 τῷ
1226 4339 1329 4410 βίῳ
1380 4339 1687 4409 σύμφορον,
1717 4339 1878 4409 ἐτέθη

287 4431 385 4484 καὶ
412 4432 446 4500 ἠ
474 4430 759 4499 ἁλιευτικὴ
787 4431 844 4493 ἐς
870 4431 1036 4486 τόπον
1072 4433 1298 4496 τοιόνδε,
1333 4435 1429 4487 καὶ
1468 4433 1679 4503 ὡρίσθη
1710 4434 1875 4503 τέχνη

1965 3234 2371 3288 substituerunt
2451 3233 2754 3293 nutricem.
2827 3246 2993 3302 quam
3067 3232 3192 3302 jure
3251 3231 3559 3297 meritoque

1968 3343 2255 3382 novercam
2321 3326 2564 3391 dixeris;
2619 3327 2748 3397 quin
2829 3325 2938 3380 imo
2999 3325 3258 3394 majorem
3311 3323 3554 3376 animum

1967 3434 2129 3489 quam
2166 3418 2320 3489 prius
2355 3427 2661 3481 sumentes,
2692 3418 3013 3487 peregrinas
3041 3425 3388 3483 remotasqne
3426 3426 3558 3467 oras

1969 3511 2252 3580 appulere.
2285 3511 2476 3566 Audax
2509 3511 2655 3564 enim
2688 3509 2930 3578 aleaeque
2973 3507 3189 3577 plenum
3225 3506 3462 3570 facinus,
3497 3515 3558 3560 nt

1971 3607 2157 3667 homo,
2186 3612 2347 3658 terra:
2374 3603 2648 3666 alumnus,
2673 3601 2879 3657 ventris
2927 3615 3091 3656 causa
3124 3615 3304 3655 aerem
3341 3599 3559 3653 deserat

1971 3707 2137 3767 atque
2169 3695 2222 3750 in
2255 3695 2510 3766 abyssum
2545 3709 2667 3749 sese
2707 3694 3006 3762 praecipitet
3035 3693 3216 3762 ibique
3251 3705 3558 3746 commore-

1974 3797 2096 3854 tur,
2160 3796 2422 3857 prazterea
2495 3795 2786 3840 ventorum
2863 3785 3264 3838 maritimorum
3328 3781 3561 3852 imperio

1969 3881 2225 3936 subditus
2262 3879 2468 3934 laboret
2504 3889 2559 3934 et
2588 3880 2930 3945 periclitetur
2954 3878 3024 3932 ob
3067 3876 3292 3941 victum,
3323 3891 3560 3945 eumque

1975 3971 2264 4029 diﬂiculter
2292 3972 2500 4042 acquiri
2527 3972 2771 4028 solitum.

2047 4064 2138 4120 '59.
2170 4065 2435 4132 Quoniam
2483 4073 2667 4120 autem
2715 4072 2772 4118 et
2823 4069 2971 4116 terra
3010 4059 3302 4116 continens
3343 4057 3561 4125 negotia

1979 4156 2198 4213 facessit
2225 4156 2294 4212 iis
2327 4156 2420 4226 qui
2454 4170 2572 4211 eam
2606 4154 2818 4221 colunt,
2847 4163 2902 4210 et
2931 4153 3280 4208 venatoribus
3301 4152 3391 4222 qui
3417 4149 3565 4204 feras

1977 4251 2232 4306 occidunt
2261 4259 2315 4304 et
2358 4250 2553 4320 quovis
2584 4251 2743 4304 modo
2788 4247 3033 4316 capiunt,
3067 4254 3119 4302 et
3149 4245 3405 4316 quoniam
3443 4243 3564 4298 haec

1979 4343 2404 4398 considerantur
2427 4351 2685 4412 tanquam
2713 4355 2803 4394 ars
2828 4339 2951 4394 vitae
2973 4337 3120 4393 utilis
3146 4355 3161 4392 :
3193 4337 3357 4393 etiam
3387 4335 3566 4406 pisca-

1986 4441 2106 4486 tura
2149 4433 2340 4488 eodem
2375 4432 2496 4487 loco
2530 4431 2714 4486 habita
2750 4429 3084 4500 reliquisque
3120 4427 3330 4482 artibus
3367 4439 3569 4481 accen-

289 4523 387 4578 καὶ
419 4524 582 4593 αὐτὴ,
611 4524 704 4576 καὶ
730 4524 1020 4596 ἠγαπήθη,
1063 4525 1140 4588 ὡς
1168 4527 1233 4580 ὲκ
1283 4525 1378 4580 τοῦ
1412 4527 1867 4598 ἀνθρωπομαχεῖν

1984 4525 2085 4580 sita
2113 4534 2170 4580 et
2200 4523 2442 4581 studiose
2476 4533 2708 4579 tractata
2729 4532 2830 4587 est,
2855 4528 3040 4591 utpote
3067 4536 3188 4590 quae
3212 4519 3307 4576 Dei
3336 4518 3565 4589 ﬁgmen-

292 4613 807 4684 συμμεταγαγοῦσα
837 4616 900 4669 τὸ
938 4615 1032 4668 τοῦ
1067 4615 1204 4670 Θεοῦ
1237 4617 1464 4688 πλάσμα
1492 4619 1572 4682 είς
1595 4619 1885 4689 ἐπιτήδευ-

295 4723 380 4758 σιν
430 4706 820 4777 θηρολέτειραν
856 4708 952 4760 καλ⁵
1000 4709 1193 4780 αὐτὴν,
1234 4709 1303 4763 δι’
1346 4705 1414 4781 ἧς
1443 4709 1628 4763 οὐκέτι
1663 4715 1881 4779 φονεὺς,

293 4797 436 4852 ἀλλὰ
471 4797 817 4867 παλαμναῖος
844 4799 1099 4869 τεχνίτης
1147 4802 1240 4854 καὶ
1278 4801 1566 4872 ῥωμαλέος
1607 4802 1702 4854 καὶ
1733 4801 1887 4856 ἄλκι-

298 4907 400 4960 μος
429 4890 606 4943 ἐθέλει
647 4889 1067 4959 στηλιτεῦεσθαι
1104 4893 1198 4946 καὶ
1231 4893 1259 4945 6
1295 4893 1438 4947 κατὰ
1477 4893 1760 4946 θάλασσαν
1790 4893 1888 4963 θη-

299 4982 494 5053 ρατής.

375 5081 450 5138 μ’.
485 5073 596 5126 Καὶ
623 5073 767 5128 οὕτω
800 5075 900 5143 μὲν
931 5075 1237 5146 θαρραλέος
1265 5077 1362 5130 καὶ
1405 5077 1704 5148 τολμητίας
1735 5077 1764 5131 6
1794 5077 1890 5132 καὶ

301 5165 482 5229 ἄλλως
509 5165 641 5238 περὶ
671 5165 951 5221 θάλασσαν
981 5167 1133 5236 ἄγων
1167 5169 1367 5240 σχολήν
1392 5183 1410 5202 ⁸
1435 5169 1496 5222 τὸ
1523 5169 1580 5222 δὲ
1611 5168 1890 5240 θρασύναη-

305 5257 454 5323 σθαι,
487 5257 588 5328 τῆς
639 5259 940 5324 εὐσταθοῦς
979 5263 1074 5313 καὶ
1108 5257 1169 5314 εὖ
1209 5260 1362 5330 μάλα
1404 5261 1756 5332 ήδρασμένης
1796 5264 1892 5316 καὶ

305 5347 628 5417 πεπηγυίας
669 5348 774 5419 γῆς
837 5350 1130 5422 ὑπερόριον
1183 5351 1594 5423 ἀπαναστῆναι,
1647 5353 1740 5405 καὶ
1795 5350 1890 5405 τοῦ

304 5439 589 5506 ἀσφαλοῦς
637 5439 736 5510 μὲν
785 5441 1077 5511 μεθέσθαι,
1131 5443 1318 5508 σάλοις
1345 5444 1402 5498 δὲ
1433 5445 1544 5506 τοῖς
1578 5442 1637 5510 ἐξ
1671 5444 1892 5514 ἀνέμων

306 5530 560 5584 ἁστάτων
607 5532 804 5585 ἑαυτὸν
843 5533 1148 5600 ἐπιδοῦναι,
1183 5537 1276 5588 καὶ
1324 5535 1564 5605 ἄπτερον
1608 5535 1896 5604 πεφυκότα

312 5624 608 5694 μελετῆσαι
635 5623 914 5689 πέτεσθαι,
942 5628 991 5677 εἰ
1021 5627 1116 5679 καὶ
1140 5623 1214 5697 μῆ
1238 5627 1483 5697 κηρίνοις
1503 5626 1732 5692 πτίλοις,
1755 5626 1897 5680 κατὰ

308 5716 403 5768 τδν
443 5716 901 5787 λογοποιούμενον
954 5719 1200 5789 Ἴκαρον,
1249 5718 1383 5772 ἀλλὰ
1422 5720 1556 5788 γοῦν
1604 5718 1824 5780 λινέοις,
1859 5716 1897 5772 ἃ

314 5809 514 5865 θᾶττον
543 5812 608 5867 ἂν
633 5809 970 5875 κατασείσας
1000 5810 1094 5865 καὶ
1125 5811 1298 5883 ῥήξας
1330 5811 1531 5882 ἄνεμος
1568 5811 1722 5866 κάτω
1752 5811 1899 5880 κάρα

1958 4643 1963 4647 -
1989 4627 2101 4671 tum
2122 4617 2494 4687 (hominem)a
2517 4617 2664 4671 caede
2687 4617 2921 4669 bumana
2945 4611 3257 4668 deflecteret
3277 4611 3342 4666 ad
3370 4609 3572 4666 bellum

1989 4711 2121 4766 feris
2161 4709 2527 4774 inferendum,
2564 4708 2708 4763 unde
2750 4707 2827 4770 iit,
2877 4717 2936 4760 ut
2979 4716 3034 4759 et
3080 4705 3170 4759 ille
3207 4704 3296 4775 qui
3344 4703 3399 4759 in
3434 4703 3572 4756 mari

1991 4813 2252 4871 venatur,
2327 4817 2434 4858 non
2509 4801 2743 4869 amplius
2799 4797 3149 4863 interfector,
3220 4797 3316 4853 sed
3371 4793 3570 4852 artifex

1992 4898 2280 4966 ingenuus,
2314 4893 2470 4949 fortis
2498 4901 2552 4948 et
2583 4895 2864 4962 vigorosns
2897 4890 3180 4960 praedicari
3207 4890 3357 4947 velit.

2062 5076 2151 5128 40.
2183 5073 2248 5127 Et
2289 5073 2369 5127 sic
2416 5071 2634 5142 quidem
2679 5080 2734 5126 et
2788 5084 3088 5138 generosus
3113 5077 3196 5124 est
3237 5079 3294 5124 et
3337 5068 3577 5138 pericula

1993 5184 2101 5224 non
2131 5165 2328 5220 metuit
2367 5165 2457 5232 qui
2492 5163 2734 5233 alioquin
2765 5161 2967 5216 nullam
3002 5161 3171 5216 maris
3198 5176 3384 5216 curam
3435 5161 3573 5232 agit.

1993 5259 2063 5312 At
2096 5271 2222 5312 vero
2259 5256 2483 5310 audacis
2516 5265 2601 5310 est
2642 5254 2834 5317 animi,
2871 5267 2904 5307 a
2946 5263 3088 5306 terra
3130 5251 3283 5306 firma
3326 5253 3578 5321 beneque

1993 5347 2235 5404 stabilita
2259 5345 2416 5416 longe
2437 5343 2740 5409 discedere,
2760 5352 2816 5398 et
2838 5343 2979 5412 quod
3000 5340 3253 5396 instabile
3268 5351 3349 5396 est
3369 5350 3580 5408 petere,

1995 5451 2048 5498 et
2077 5439 2268 5496 oceani
2295 5438 2550 5493 ﬂuctibus
2583 5445 2863 5490 ventorum
2893 5433 3096 5504 impetu
3130 5432 3420 5504 exagitatis
3459 5447 3584 5488 sese

1997 5533 2362 5599 committere,
2385 5541 2442 5587 et
2472 5529 2678 5584 alarum
2711 5537 2988 5596 expertem
3029 5525 3268 5580 volatum
3304 5526 3580 5589 meditari,

2002 5625 2144 5682 baud
2191 5625 2408 5694 quidem
2457 5622 2653 5688 cereis,
2687 5631 2747 5675 ut
2790 5620 2842 5674 in
2890 5618 3068 5674 fabula
3106 5627 3192 5673 est
3222 5618 3290 5673 de
3319 5619 3498 5681 Icaro,
3526 5624 3582 5669 at

2001 5728 2151 5773 certe
2191 5715 2368 5771 linteis
2403 5713 2525 5780 alis,
2568 5713 2766 5782 quibus
2799 5725 2829 5766 a
2871 5721 3034 5768 vento
3079 5709 3242 5766 facile
3271 5707 3488 5778 agitatis
3526 5712 3584 5759 et

2003 5810 2241 5881 undique
2308 5808 2482 5878 ruptis
2552 5804 2898 5876 navigatores
2977 5802 3262 5862 demittere
3346 5812 3578 5856 ancoras
