4048 6400
432 275 538 338 327

1101 269 1523 336 EUSTATIIII
1563 271 2325 335 THESSALONICENSIS
2363 273 2929 339 METROPOLITJE

3583 276 3686 341 338

433 393 716 456 cogentur,
757 381 1124 453 navigatores,
1157 385 1400 452 inquam,
1427 383 1519 451 qni
1553 382 1790 452 ligonem
1837 391 2007 434 terre-

2120 383 2363 438 σαλεύειν
2387 387 2513 450 τοὺς
2545 388 2694 456 αὐτῷ
2725 388 3195 458 πεπιστευμένους
3236 388 3507 456 βιάσεται,
3551 408 3688 445 σκα-

432 490 600 535 strem
647 482 958 534 deserentes
1009 489 1060 532 ct
1106 493 1199 532 vas
1236 492 1488 531 securum
1532 475 1660 528 vino
1695 472 2009 543 recipiendo

433 583 618 642 aptum
652 580 1078 633 contemnentes,
1120 571 1170 622 in
1206 570 1437 637 ligneum
1467 582 1591 621 sese
1633 565 2005 634 coniecerunt,

427 671 486 720 in
511 681 617 736 quo
647 667 710 720 ad
744 666 938 719 malum
992 679 1161 732 nsque
1186 664 1320 730 rapti
1362 673 1413 716 et
1447 663 1512 714 ad
1546 662 1802 730 abyssum
1839 673 2008 726 usque

436 759 672 825 depressi
706 759 891 810 mortis
922 757 1095 808 aleam
1126 755 1378 816 subeunt,
1422 755 1522 806 hoc
1561 765 1692 804 sane
1723 749 1896 802 audax
1927 756 2010 802 est

434 850 645 902 facinus
691 850 787 901 \‘iri
821 849 1170 916 imperterriti
1203 861 1266 901 ac
1297 846 1568 914 generosi,
1596 854 1648 898 et.
1679 845 1790 904 vix,
1839 857 1901 895 ac
1941 855 2009 894 ne

430 935 517 988 vix
555 937 769 1005 quidem
799 937 1021 990 audacia
1046 935 1238 990 similis
1271 935 1594 1003 reperietur.

503 1117 594 1171 41.
625 1117 688 1170 Ει
720 1126 896 1171 tamen
933 1116 1222 1185 (siquidem
1252 1116 1407 1184 pejus
1432 1121 1539 1178 est,
1570 1112 1807 1168 ferarum
1840 1113 2010 1166 instar

433 1211 550 1264 sine
573 1210 788 1264 ratione
818 1211 1022 1270 vivere,
1051 1218 1105 1262 et
1153 1216 1325 1261 semel
1366 1205 1599 1258 invicem
1643 1205 1926 1267 devorare,
1955 1213 2008 1257 et

437 1301 636 1354 fratres
675 1316 702 1352 a
735 1299 843 1353 Deo
879 1307 1093 1354 creatos
1133 1298 1296 1350 variis
1329 1297 1498 1351 modis
1542 1310 1605 1350 ac
1635 1293 2007 1349 crudelissime

432 1389 757 1454 interﬁcere,
789 1399 841 1442 et
873 1390 950 1442 sic
985 1398 1175 1442 contra
1215 1388 1381 1442 Deum
1425 1385 1638 1454 luctari)
1669 1383 1914 1439 homines
1939 1382 2006 1435 ad

433 1481 906 1534 mansuetudinem
949 1482 1154 1532 reducti
1188 1479 1352 1531 etiam
1387 1478 1527 1530 hanc
1569 1476 1796 1528 alienam
1831 1481 2004 1526 artem

430 1579 776 1644 adoptarnnt,
806 1575 1054 1644 quamvis
1083 1575 1428 1628 manifestum
1457 1572 1548 1636 sit,
1575 1585 1666 1623 eos
1687 1569 1777 1638 qui
1798 1577 2000 1623 terram

433 1667 798 1719 continentem
855 1667 1152 1728 deserunt,
1197 1665 1363 1718 etiam
1422 1661 1546 1715 vita:
1601 1657 2002 1729 quodammodo

433 1757 757 1812 valedicere.

503 1849 758 1905 42.Artcs
786 1860 964 1904 autem
1012 1859 1240 1904 caeteras
1305 1846 1487 1906 omnis
1521 1843 1746 1917 periculi
1799 1858 2001 1913 exper-

434 1953 537 2007 tes,
570 1945 680 1997 imo
705 1955 755 1998 et
783 1942 1088 2010 jneundas,
1126 1951 1179 1994 ct
1230 1939 1500 1995 suavitate
1533 1937 1744 2007 plenas,
1795 1944 1851 1990 et
1886 1950 2000 1988 ma-

434 2052 592 2104 gnam
627 2035 955 2105 voluptatem
985 2048 1167 2089 secum
1200 2029 1560 2093 attrahentes,
1594 2029 1790 2099 quibus
1823 2025 2006 2080 homi-

434 2143 532 2182 nes
564 2128 691 2181 olim
730 2126 831 2180 l'eri
865 2135 1050 2195 postea
1087 2123 1356 2178 mansueti
1393 2121 1517 2174 facti
1551 2131 1700 2184 sunt,
1734 2119 1824 2172 vix
1852 2117 2007 2187 quis-

432 2231 594 2284 quam
639 2230 964 2272 ennmerare
1009 2216 1264 2282 potuerit.
1323 2210 1432 2264 Sed
1506 2213 1585 2264 sic
1637 2211 1854 2278 quidem
1907 2209 2006 2261 ad-

435 2308 664 2360 monitio
699 2307 789 2360 illa
823 2305 1012 2375 proba,
1063 2314 1118 2358 et
1161 2317 1344 2358 sermo
1371 2302 1626 2371 prudens,
1667 2311 1721 2354 et
1767 2301 2010 2352 rationa-

435 2401 560 2454 bilis
635 2400 856 2453 virtutis
912 2397 1186 2462 doctrina,
1261 2405 1314 2450 et
1391 2393 1704 2449 obedientia
1760 2399 2010 2460 prompta

436 2493 564 2546 illos
594 2493 724 2546 olim
763 2502 1044 2546 tortuosos
1081 2493 1132 2542 in
1161 2487 1541 2543 rectitudinetn
1573 2485 1812 2539 restituit
1839 2493 2008 2551 atque

434 2583 717 2653 expolivit.
756 2598 964 2636 morum
1015 2591 1196 2635 autem
1231 2579 1644 2648 perversitatem
1683 2576 1736 2630 in
1769 2574 2012 2645 probita-

439 2689 541 2731 tem
579 2676 904 2730 inmmtavit.
936 2673 1116 2727 Multae
1150 2681 1329 2726 autem
1371 2668 1717 2726 celebrantur
1759 2682 1822 2721 ac
1855 2666 2014 2722 seriae

436 2781 601 2832 artes,
667 2783 787 2836 quae
826 2777 953 2820 tunc
1012 2765 1270 2827 iuventte,
1323 2762 1572 2816 homines
1605 2768 1764 2813 antea
1812 2759 2014 2812 inertes

437 2875 600 2930 atque
634 2861 947 2926 magistratu
979 2858 1272 2911 destitutos
1307 2856 1371 2907 ad
1409 2850 1856 2908 constitutionem
1883 2849 2017 2903 civi-

439 2956 542 3010 lem
578 2955 960 3008 traduxerunt.

507 3049 599 3102 45.
634 3047 839 3100 Praeter
888 3043 993 3096 alia
1045 3042 1190 3096 enim
1235 3040 1309 3093 illi
1357 3037 1457 3092 viri
1511 3037 1787 3104 sapientes
1846 3035 2009 3090 etiam
2041 3063 2084 3119 ο

438 3143 601 3196 nrbes
656 3138 970 3194 describere
1035 3149 1099 3186 at:
1161 3132 1393 3186 condere
1455 3139 1776 3198 cmperunt,
1847 3129 2011 3181 etiam

441 3237 602 3307 hujus
632 3235 754 3290 boni
786 3229 1044 3286 salutaria
1074 3226 1319 3295 exempla
1349 3227 1580 3295 posteris
1611 3224 2005 3293 relinquentes;

440 3330 531 3401 qui
561 3339 740 3383 autem
772 3341 866 3379 eos
895 3322 1288 3392 sequebantur,
1325 3318 1574 3373 homines
1618 3316 1878 3371 nimirum
1916 3314 2016 3381 legi

441 3441 469 3477 a
499 3421 791 3488 majoribus
824 3415 1032 3469 traditae
1069 3412 1295 3476 addicti,
1329 3425 1515 3464 ansam
1544 3408 1690 3462 illine
1719 3409 2016 3477 capientes,

444 3533 555 3571 rem
603 3517 756 3569 istam
804 3509 1122 3581 przrclaram
1154 3521 1252 3573 pro
1297 3502 1504 3556 viribus
1529 3502 1940 3562 confirmarunt,
1968 3510 2021 3554 et

443 3611 667 3680 pulchro
703 3607 1054 3658 fundamento
1085 3600 1417 3652 incrementa
1455 3594 1650 3646 addere
1694 3591 2020 3644 studuerunt

445 3699 776 3755 venerabilia
811 3695 1128 3761 aedibusque
1169 3689 1258 3743 Dei
1297 3702 1554 3752 congrua.
1590 3685 1855 3740 Caeterum
1889 3683 2021 3736 arti-

450 3797 578 3848 fices
621 3793 812 3846 harum
853 3802 1035 3841 rerum
1081 3781 1424 3852 peritissimi.
1459 3779 1601 3831 inter
1630 3790 1770 3845 quos
1802 3783 1857 3830 et
1884 3775 2023 3828 anti-

447 3885 694 3955 quissimi
729 3886 1085 3936 recensentur
1113 3872 1465 3942 patriarchae,
1513 3867 1742 3923 summis
1771 3865 2021 3920 laudibus

448 3978 814 4052 praedicantur
873 3983 925 4024 et
980 3967 1324 4024 admirationi
1377 3971 1526 4025 sunt,
1578 3970 1627 4015 et
1681 3960 2021 4029 principibus

449 4069 650 4126 sanctis
681 4069 1128 4122 adnumerantur,
1191 4059 1298 4111 imo
1345 4064 1400 4109 et
1443 4052 1702 4109 cmlicolte
1746 4065 1865 4105 esse
1905 4065 2023 4104 cre-

449 4166 676 4225 duntur,
724 4157 983 4213 nimirum
1037 4160 1092 4205 et
1148 4152 1201 4203 in
1259 4147 1477 4202 divinos
1527 4144 1809 4214 apostolos
1861 4143 2020 4196 talem

447 4260 706 4312 virtutem
749 4249 1096 4309 derivantes;
1127 4243 1220 4313 qui
1252 4239 1527 4308 fastigium
1567 4238 1874 4306 imposuere
1903 4234 2024 4303 pul-

449 4349 586 4404 chro
611 4343 694 4399 illi
731 4340 961 4396 aedilicio
1005 4336 1255 4404 antiquo,
1293 4342 1348 4387 et
1397 4330 1802 4386 habitatoribus
1831 4328 2023 4397 imple-

2112 474 2266 542 φείου
2309 475 2409 544 μὲν
2456 477 2550 542 τοῦ
2601 479 2742 531 κατά
2792 479 2896 548 γῆν
2946 479 3276 548 ἀφεμένους,
3325 481 3418 534 καὶ
3475 481 3684 550 σκάφος

2111 565 2394 622 ἀκίνδυνον
2423 567 2481 620 τὸ
2531 570 2587 620 ὲν
2620 569 2888 638 ἀμπέλοις
2918 572 3455 639 περιφρονήσαντας,
3493 571 3690 642 ξυλίνῳ

2109 658 2164 710 δὲ
2194 659 2663 729 ὲμὸεϐλημὲνους,
2709 661 2778 714 δι’
2807 653 2866 715 οὗ
2902 662 3289 725 ἀναὸαίνοντες
3319 663 3426 726 ’ἐως
3453 664 3561 716 τῶν
3600 666 3691 716 ού-

2114 751 2293 819 ρανῶν
2312 752 2407 806 καὶ
2432 753 2858 816 καταϐαίνοντες
2881 753 2986 817 ἕως
3005 755 3115 808 τῶν
3140 754 3418 820 ἀϐύσσων,
3441 755 3689 826 ὀλέθροις

2111 839 2387 894 ἔκκεινται
2441 843 2582 896 ἀλλά
2628 843 2789 897 τοῦτο
2831 843 3026 914 ἀνδρὸς
3080 845 3356 914 ἀργαλέου
3387 845 3563 916 τόλμα
3593 850 3690 900 καὶ

2114 931 2383 1000 ἰτητικοῦ,
2413 935 2508 987 καὶ
2539 935 2743 999 παντὸς
2774 935 3013 1006 θάρσους
3047 953 3106 990 τε
3130 937 3227 991 καὶ
3257 937 3490 1007 θράσους
3518 938 3690 1010 ὑπέρ-

2110 1039 2311 1078 κειται.

2183 1113 2296 1184 μα’.
2336 1117 2442 1170 Καὶ
2475 1117 2627 1187 ὅμως
2680 1119 2876 1187 (κακοῦ
2927 1120 3174 1190 μείζονος
3203 1121 3300 1176 τοῦ
3334 1119 3435 1192 ζῇν
3477 1122 3687 1191 ἀλόγως

2109 1207 2249 1260 καθὰ
2280 1208 2376 1262 καὶ
2405 1209 2592 1278 θῆρες,
2618 1211 2713 1264 καὶ
2754 1211 3176 1281 ἀλληλοφαγεῖν,
3203 1213 3301 1266 καὶ
3330 1211 3544 1275 πολλοῖς
3569 1213 3691 1284 τρό-

2111 1316 2234 1361 ποις
2281 1299 2377 1352 καὶ
2430 1301 2637 1355 ἆπασιν
2673 1301 2948 1371 ἀλγεινοῖς
2997 1302 3237 1371 ἀπάγειν
3273 1302 3365 1356 τοῦ
3415 1302 3532 1372 βίου
3561 1307 3693 1367 τοὺς

2108 1389 2476 1468 θεοπλάστους
2507 1394 2792 1462 ἀδελφοὺς,
2823 1397 2916 1448 καὶ
2953 1395 3100 1448 οὕτω
3147 1395 3462 1466 θεομαχεῖν)
3487 1397 3694 1452 εἴλοντο

2108 1483 2204 1536 καὶ
2237 1485 2496 1553 τοιαύτην
2549 1484 2843 1540 ἀλλόκοτον
2889 1486 3091 1557 τέχνην
3135 1488 3187 1541 οἱ
3239 1488 3692 1559 ὲξημερωθέντες

2107 1572 2405 1645 ἄνθρωποι,
2432 1574 2557 1627 καθ’
2586 1576 2651 1647 ἢν
2679 1576 2860 1646 δῆλον,
2894 1581 2969 1640 ὡς
3001 1579 3050 1630 οἱ
3083 1579 3183 1648 τὴν
3212 1579 3317 1650 γῆν
3343 1579 3691 1652 ἀπολεξάμε-

2107 1685 2188 1721 νοι
2215 1670 2308 1722 καὶ
2332 1669 2430 1738 τὴν
2462 1669 2608 1739 ζωὴν
2635 1673 2962 1725 ἀπείπαντο.

2182 1846 2294 1917 μθ.
2317 1849 2526 1918 Τέχνας
2555 1849 2613 1902 δέ
2642 1866 2705 1911 γε
2735 1850 2930 1913 λοιπὰς
2950 1852 3146 1923 ἑτέρας
3172 1853 3293 1906 οὔτε
3321 1853 3692 1920 κινδυνώδεις,

2109 1941 2245 1996 ἀλλὰ
2276 1943 2372 1996 καὶ
2401 1943 2614 2015 ἱλαρὰς,
2641 1947 2736 1998 καὶ
2770 1945 2908 2014 πρὸς
2939 1949 3102 2016 χάριν
3131 1948 3573 2018 ἐσκευασμένας,
3598 1949 3696 2002 καὶ

2110 2038 2304 2108 ἡδονὴν
2339 2038 2542 2111 πολλὴν
2575 2040 3010 2110 ὲπισυρομένας.
3036 2044 3136 2096 οὐκ
3161 2042 3226 2098 ἂν
3248 2044 3369 2098 οὐδὲ
3397 2045 3695 2116 διαμετρὴ-

2113 2132 2306 2184 σασθαι
2359 2131 2577 2185 δύναιτό
2603 2149 2708 2198 τις,
2745 2129 2832 2195 αἷς
2867 2135 2914 2186 οἱ
2936 2137 3066 2203 πρὶν
3098 2136 3262 2205 θῆρες
3295 2137 3578 2208 ἄνθρωποι
3613 2155 3697 2191 τι-

2113 2225 2272 2280 θασολ¹
2302 2226 2592 2293 γεγόνασιν
2624 2225 2877 2296 ὔστερον.
2928 2227 3070 2280 Ἀλλ’
3113 2227 3260 2282 οὕτω
3305 2229 3406 2297 μὲν
3441 2231 3693 2302 ὑποθήκη

2113 2312 2293 2384 ἀγαθὴ
2321 2314 2524 2384 ἐκείνη,
2554 2315 2647 2367 καὶ
2675 2315 2862 2376 ἔννους
2904 2318 3295 2388 χρηστολογία,
3323 2323 3418 2374 καὶ
3441 2321 3698 2375 διδασκα-

2112 2406 2204 2458 λία
2257 2405 2544 2468 εὖσύνετος
2579 2408 2675 2460 τοῦ
2713 2408 2904 2474 καλοῦ,
2957 2410 3052 2463 xei.
3109 2411 3328 2483 ὑπακοὴ
3375 2415 3470 2466 καὶ
3519 2415 3698 2468 πειθὼ

2114 2499 2242 2562 τοὺς
2297 2499 2470 2553 πάλαι
2521 2499 2652 2552 ποτὲ
2687 2501 2968 2570 σκαμόοὺς
3005 2503 3292 2574 ἐξώρθωσε
3343 2508 3699 2572 κανονίσασα,

2115 2590 2212 2642 καὶ
2245 2591 2326 2651 εἱς
2353 2590 2484 2644 εὐθὺ
2521 2591 2862 2660 ἁποΞέσασα,
2895 2595 2991 2646 καὶ
3045 2593 3144 2662 τῆς
3198 2597 3256 2647 ὲν
3290 2596 3410 2666 ἧθει
3442 2597 3700 2667 στρεϐλό-

2114 2682 2278 2751 τητος
2324 2682 2403 2743 εἰς
2453 2681 2695 2744 ίθυτενὲς
2747 2684 3142 2752 μετεσκεύασε.
3194 2688 3306 2740 Καὶ
3353 2689 3702 2758 περιᾴδονται

2115 2774 2303 2842 τέχναι
2333 2771 2529 2827 πολλαὶ
2579 2774 2672 2826 καὶ
2704 2772 3018 2840 σπουδαῖαι,
3051 2779 3357 2847 τηνικαῦτα
3388 2781 3551 2844 εὐθὺς
3581 2782 3705 2833 ἐπι-

2118 2865 2460 2935 νενοημέναι,
2515 2866 2608 2917 καὶ
2641 2867 2718 2928 εἰς
2775 2867 3054 2920 πολιτικὸν
3105 2870 3294 2939 σχῆμα
3342 2871 3470 2935 τοὺς
3508 2872 3703 2943 πρώην

2119 2959 2216 3011 καὶ
2277 2959 2543 3027 ἀτέχνους
2586 2959 2681 3010 καὶ
2716 2958 3108 3024 ἀπολιτεύτους
3147 2964 3698 3033 ἀποκαταστήσασαι.

2194 3056 2303 3119 μγν.
2341 3051 2486 3120 Πρδς
2511 3050 2618 3118 γὰρ
2656 3053 2770 3114 τοῖς
2804 3050 2985 3116 ἄλλοις
3024 3054 3116 3107 καὶ
3149 3053 3332 3117 πόλεις
3359 3057 3564 3108 ἐκεῖνοι
3589 3041 3704 3107 sats-

2122 3139 2411 3210 ριγράςειν
2434 3141 2751 3210 ἀπήρξαντο
2783 3142 3256 3212 μηχανησάμενοι,
3291 3143 3466 3215 ἀρχὰς
3491 3145 3707 3212 ἀγαθὰς

2122 3233 2216 3284 καὶ
2250 3231 2404 3284 τνιῦδε
2456 3231 2550 3284 τοῦ
2611 3231 2777 3284 καλοῦ
2815 3235 3233 3303 παρεσχημένοι
3297 3237 3412 3297 τοῖς
3452 3235 3703 3306 ὕστερον*

2119 3326 2169 3378 οἱ
2199 3325 2257 3377 δὲ
2289 3324 2407 3394 μετ’
2431 3325 2652 3386 αὐτοὺς.
2723 3325 2772 3377 οἱ
2827 3325 2922 3378 τοῦ
2962 3325 3196 3380 παλαιοῦ
3249 3327 3452 3398 δηλαδὴ
3505 3329 3697 3397 νόμου,

2118 3419 2292 3486 λαϐῆς
2316 3418 2526 3470 ἐκεῖθεν
2561 3417 3016 3488 ὲνδεδομένης,τὸ
3057 3420 3224 3472 καλὸν
3260 3423 3442 3474 ὲκεῖνο
3500 3423 3705 3491 ἐπιμά·

2121 3513 2279 3563 λιστα
2309 3510 2676 3580 ὲστερὲωσαν,
2717 3511 2812 3563 καὶ
2835 3511 2989 3579 καλῷ
3025 3510 3262 3583 θεμελίῳ
3294 3512 3490 3581 ὲκείνῳ
3526 3513 3706 3583 παρύ·

2120 3603 2296 3672 ψωσιν
2348 3604 2440 3656 καὶ
2477 3602 2706 3672 αῦξησιν
2739 3602 3088 3671 μεθώδευσαν
3121 3605 3304 3666 άλλως
3355 3621 3412 3656 τε
3468 3605 3702 3676 σεμνὴν,

2123 3697 2216 3748 καὶ
2242 3695 2376 3750 θεοῦ
2414 3695 2586 3758 οἴκοις
2624 3696 2965 3770 πρέπουσαν.
3025 3697 3135 3749 Καὶ
3195 3697 3246 3750 οἱ
3286 3697 3396 3750 τῶν
3441 3698 3705 3751 τοιούτων

2123 3788 2599 3858 ἑπιστημονάρχαι
2638 3789 2732 3840 καὶ⁴
2777 3789 3222 3857 ἀρχιτέκτονι-ες,
3286 3790 3342 3843 ὲν
3373 3783 3458 3853 οἷς
3517 3791 3612 3845 καὶ
3655 3790 3706 3844 οι

2125 3881 2449 3951 πρέσϐιστοι
2491 3879 2854 3949 πατριάρχαι,
2888 3879 2957 3932 δι’
2979 3883 3275 3950 ἐγκωμίων
3339 3883 3566 3951 ἄγονται
3613 3886 3709 3938 καὶ

2125 3973 2422 4043 θαύματος,
2463 3974 2558 4024 καὶ
2605 3972 2688 4033 εἰς
2728 3973 3002 4042 μεγάλους
3036 3973 3223 4042 ἁγίους
3259 3977 3707 4045 ὲγγεγράφαται,

2125 4065 2220 4119 καὶ
2253 4063 2676 4137 ούρανοπολῖται
2718 4060 2856 4117 εἶναι
2909 4065 3281 4130 πιστεύονται,
3324 4068 3487 4138 δῆλον
3513 4070 3588 4132 ὠς
3613 4071 3710 4122 καὶ

2127 4159 2210 4221 εἰς
2258 4160 2387 4220 τοὺς
2443 4157 2844 4226 οὐρανοφοίτας
2901 4159 3241 4222 ἀποστόλους
3291 4161 3393 4230 τὴν
3453 4162 3710 4234 τοιαύτην

2127 4251 2331 4320 ἀρετὴν
2354 4249 2717 4315 κατάγοντες·
2777 4248 2826 4300 οἳ
2862 4250 2954 4302 καὶ
2991 4252 3191 4320 ὄροφον
3248 4256 3314 4323 τῇ
3349 4254 3486 4325 καλῇ
3523 4255 3708 4325 ἐκείνῃ

2128 4337 2388 4392 ἐπέθεντο
2431 4336 2638 4405 παλαιᾷ
2677 4337 2961 4407 οἰκοδομῇ,
3025 4342 3116 4392 καὶ
3172 4341 3478 4411 οἰκητόρων
3537 4343 3709 4412 αὐτὴν

449 4447 666 4503 verunt,
699 4445 754 4492 et
783 4433 986 4490 sanctis
1012 4431 1257 4486 ecclesiis
1282 4428 1551 4488 ditarnnt,
1585 4425 1864 4490 bealisqtle
1893 4437 2016 4490 prte-

2131 4428 2394 4498 ἒπλησαν,
2435 4429 2530 4482 καὶ
2571 4428 2890 4494 ἐκκλησίαις
2964 4409 3302 4498 ἁγιωτάταις
3357 4409 3706 4502 ἐμέστωσαν,

449 4527 682 4584 conibns
732 4538 796 4578 ac
845 4519 1048 4576 sanctis
1099 4516 1420 4587 praesulibus
1471 4513 1786 4568 constitutis
1849 4519 2028 4564 cmtns

450 4619 664 4673 divinos
694 4613 1053 4685 spiritualiter
1088 4608 1390 4680 pascendos
1421 4607 1784 4666 tradiderunt,
1807 4615 1859 4656 et
1885 4604 2028 4672 leges

450 4711 694 4765 tulerunt
727 4715 782 4761 et
826 4705 1041 4774 regulas
1081 4708 1410 4764 sanxerunt,
1465 4699 1529 4751 ad
1563 4713 1699 4765 quas
1747 4696 1841 4750 Dei
1899 4709 2029 4748 oves

354 4847 362 4852 .
450 4803 768 4860 Christiano
819 4813 971 4852 more
1021 4805 1398 4865 pascerentur,
1435 4801 1488 4845 et
1522 4807 1722 4860 pascua
1775 4794 2028 4843 ostende-

451 4906 578 4951 runt
610 4895 663 4949 in
695 4891 895 4964 quibus
921 4890 1180 4943 alimenta
1215 4894 1504 4954 caperent.

520 5175 610 5228 Η.
651 5173 765 5226 Hoc
805 5170 962 5224 modo
992 5168 1174 5236 magni
1207 5166 1282 5220 illi
1316 5165 1440 5228 viri,
1481 5179 1509 5218 a
1543 5163 1659 5229 lege
1688 5179 1793 5217 non
1820 5164 2023 5232 scripta

453 5267 510 5322 in
545 5273 737 5318 sancto
767 5261 932 5316 veteri
990 5259 1342 5313 Testamento
1377 5263 1652 5319 contenta,
1678 5254 1854 5322 legem
1885 5255 2028 5309 litte-

453 5360 531 5413 ris
570 5357 822 5410 traditam
855 5352 1205 5422 perfecerunt
1234 5363 1287 5404 et
1317 5352 1383 5403 ad
1419 5357 1629 5402 tantum
1685 5348 2027 5403 rectitudinis

451 5449 667 5504 culmen
719 5455 1040 5507 evexerunt,
1078 5452 1137 5496 ut
1192 5458 1260 5496 ne
1301 5442 1406 5495 iota
1455 5440 1676 5508 quidem
1729 5455 1899 5493 unum
1933 5451 2029 5494 attt

451 5541 673 5596 minima
724 5540 919 5591 litterae
947 5551 1080 5604 apex
1115 5534 1299 5588 divelli
1332 5534 1456 5586 inde
1489 5541 1674 5601 queat.
1707 5530 1816 5586 Nos
1842 5541 2025 5586 autem

450 5633 541 5700 qui
575 5645 718 5684 nunc
778 5629 1015 5682 vivimus
1060 5625 1484 5688 homunciones,
1537 5632 1590 5677 et
1619 5638 1730 5694 prae
1763 5625 2024 5678 omnibus

449 5739 574 5796 ego,
634 5721 875 5776 virorum
925 5719 1144 5775 illorum
1195 5717 1633 5789 prmecllentium
1686 5730 1792 5772 non
1843 5717 2022 5772 solum

2134 4522 2228 4575 καὶ
2257 4523 2507 4591 κήρυκας
2551 4523 2930 4590 μακαριστοὺς
2970 4523 3252 4588 ὲνέταξαν,
3298 4525 3394 4577 καὶ
3437 4527 3708 4596 κορυφαί-

2131 4632 2226 4679 ους
2259 4614 2438 4685 ἱεροὺς
2473 4613 2808 4686 ἐπέστησαν,
2862 4615 2959 4668 καὶ
3015 4614 3246 4684 ποίμνια
3279 4617 3396 4670 θεῖα
3446 4619 3712 4688 καταρτίο

2135 4721 2331 4767 σαντες
2381 4705 2694 4774 ἐπέτρεψαν
2727 4706 3119 4772 πνευματικῶς
3171 4707 3584 4778 ποιμαίνεσθαι,
3612 4713 3708 4765 καὶ

2132 4797 2334 4867 νόμους
2373 4798 2559 4850 ἔθεντο
2590 4797 2966 4865 ποιμενικοὺς,
3002 4798 3097 4850 καὶ
3146 4799 3383 4868 τρόπους
3438 4801 3713 4870 μεθώδευ-

2135 4909 2258 4949 σαν,
2320 4890 2444 4943 καθ’
2476 4888 2569 4950 οὓς
2625 4891 2975 4957 ποιμανεῑται
3027 4893 3418 4957 χριστιανικῶς
3481 4895 3551 4948 τὰ
3614 4895 3710 4948 τοῦ

2131 4980 2269 5032 Θεοῦ
2312 4980 2583 5049 πρόϐατα·
2642 4980 2738 5031 καὶ
2795 4976 2965 5047 νομὰς
3027 4980 3460 5050 περιηγήσαντο,
3509 4987 3569 5036 ὲν
3625 4983 3713 5048 αἷς

2136 5069 2303 5141 βοσκή
2314 5089 2473 5123 σοντα
2484 5089 2518 5122 ι.

2208 5165 2309 5233 μδ¹.
2349 5165 2453 5216 Καὶ
2505 5157 2609 5217 ὧδε
2647 5164 2746 5233 μὲν
2785 5166 2832 5217 οἱ
2886 5166 3114 5234 μεγάλοι
3145 5167 3347 5221 ἐκεῖνοι
3395 5170 3491 5221 καὶ
3519 5169 3612 5222 τὸν
3647 5170 3713 5222 ὲκ

2130 5259 2224 5313 τοῦ
2262 5257 2492 5325 ἀφελοῦς
2550 5259 2803 5328 ἀγράφου
2859 5260 2916 5310 ὲν
2946 5262 3011 5330 τῇ
3040 5261 3172 5331 ἁγίᾳ
3202 5263 3414 5333 Παλαιᾷ
3439 5264 3714 5332 ἔγγραφον

2130 5352 2294 5419 νόμον
2339 5349 2682 5410 ἐτελείωσαν,
2711 5351 3084 5420 ἀρτιὼσαντες
3105 5354 3199 5406 καὶ
3226 5356 3716 5425 ἀποκαταστήσαν-

2129 5457 2240 5502 τες,
2274 5439 2402 5493 ἔνθα
2425 5438 2549 5491 οὔτε
2581 5443 2899 5510 προσθεῖναι
2937 5439 3004 5513 ἦν
3040 5443 3118 5497 ἔτι
3141 5445 3262 5497 οὐδὲ
3303 5445 3441 5498 ἰῶτα
3468 5444 3548 5505 ἓν,
3590 5446 3713 5498 οὐδὲ

2131 5531 2362 5600 κεραίαν
2386 5531 2518 5597 γοῦν
2560 5533 2711 5600 μίαν,
2765 5533 2888 5608 ορτε
2926 5534 3174 5603 ἀφελεῖν.
3243 5536 3304 5588 Οἱ
3333 5537 3388 5588 δὲ
3423 5536 3517 5588 νῦν
3550 5538 3713 5606 ἡμεῖς

2133 5625 2320 5692 μικροὶ
2353 5623 2650 5694 άιθρωποι,
2680 5627 2772 5679 καὶ
2797 5628 2903 5696 πρὸ
2934 5628 3039 5679 τῶν
3069 5629 3243 5682 ἄλλων
3271 5632 3528 5682 ἁπάντων
3563 5633 3700 5700 ἐγὼ,

2127 5715 2228 5785 τὴν
2253 5715 2352 5785 μὲν
2389 5717 2770 5789 χρηστνμαθῆ,
2805 5723 2902 5773 καὶ
2938 5721 3036 5792 τὴν
3081 5723 3187 5776 τῶν
3227 5723 3450 5790 ἀγαθῶν
3475 5724 3710 5793 ἀνδρῶν,
