4048 6468
319 372 421 439 331

1040 376 1473 441 EUSTATHII
1508 372 2277 438 TllESSALONICENSIS
2312 374 2879 439 METROPOLlTE

3496 373 3603 437 τιτιὲ

321 488 592 543 habemus
624 501 808 544 emere
856 491 1178 560 satagimus,
1219 496 1276 545 et
1303 490 1347 545 si
1385 505 1509 560 quae
1565 505 1675 546 non
1723 488 1907 544 statim

2058 486 2113 537 π’
2149 487 2320 541 αὑτοῦ
2377 487 2440 540 τὸ
2480 486 2662 540 ἐνδέον
2689 488 2845 556 ἡμῖν,
2880 484 2975 538 καὶ
3009 484 3084 554 μὴ
3119 483 3360 553 φωέντα
3392 486 3447 537 ὁέ
3478 488 3616 537 ἀνα-

321 589 644 651 appareant,
687 597 902 638 summo
951 598 1072 638 cum
1119 583 1305 637 studio
1359 583 1686 652 inquirimus
1736 596 1906 651 usque

323 675 450 727 dum
500 677 723 730 demum
774 677 1134 745 reperiamus,
1180 690 1360 747 neque
1400 677 1574 732 solum
1610 676 1910 747 gaudemus

323 765 474 833 quod
499 781 613 822 rem
647 765 1010 831 desideratam
1038 767 1152 837 jam
1189 768 1593 838 possideamus,
1623 771 1718 824 sed
1743 769 1910 824 inter-

326 859 455 915 dum
484 859 651 916 etiam
678 859 826 929 justo
855 859 1033 929 majus
1055 860 1288 931 pretium
1326 860 1670 928 iusumimus,
1708 870 1769 916 ut
1793 876 1914 916 car-

328 968 451 1007 nem
481 953 708 1008 servitio
739 953 1013 1009 addictam
1060 953 1245 1025 aliquo
1273 968 1600 1011 ornamento
1630 955 1919 1026 pulchrio-

329 1061 442 1100 rem
465 1044 736 1101 redditam
757 1047 1166 1116 spectatoribus
1176 1046 1914 1115 exhibeamus.ornamento,

328 1140 575 1207 inquam,
595 1141 739 1209 quod
760 1154 788 1192 a
807 1139 964 1194 nobis
987 1140 1309 1210 plerumque
1328 1155 1401 1196 ne
1418 1142 1772 1212 conspicitur
1792 1141 1916 1210 qui.

331 1230 481 1285 dem?
492 1230 746 1287 Animam
763 1240 944 1287 autem
963 1231 1240 1288 dominam
1252 1232 1512 1290 sordibus
1525 1235 1686 1304 pollui
1701 1244 1755 1291 et
1773 1245 1922 1289 tene-

332 1325 446 1381 bris
466 1326 562 1391 ita,
583 1325 661 1381 uti
683 1326 915 1382 daemoni
934 1334 1058 1381 atro
1090 1336 1306 1395 gratum
1329 1337 1431 1391 est,
1453 1327 1656 1382 involvi
1676 1329 1919 1385 sinentes

333 1433 444 1475 non
472 1417 649 1473 solum
684 1417 886 1472 nullam
918 1432 1142 1488 operam
1189 1418 1578 1490 impendimus,
1613 1429 1673 1474 ιιι
1699 1419 1784 1475 vel
1817 1418 1920 1491 ipsi

332 1526 453 1567 eam
501 1517 758 1580 tanquam
791 1512 883 1567 Dei
922 1527 1182 1583 sponsam
1227 1514 1679 1581 condecoremus,
1707 1514 1793 1571 vel
1826 1529 1925 1586 per

333 1602 499 1657 alium
535 1602 696 1673 hujus
728 1602 808 1659 rei
837 1604 1079 1674 peritum
1115 1607 1221 1662 hoc
1253 1604 1372 1661 ﬁeri
1400 1605 1799 1674 sustineamus,
1824 1606 1923 1661 sed

335 1696 525 1761 etiam,
554 1695 598 1751 si
640 1696 766 1765 quis
814 1697 881 1751 ad
927 1697 1170 1753 divinam
1214 1696 1597 1756 formationem
1628 1714 1724 1756 seu
1758 1708 1927 1755 tran-

336 1788 755 1846 sformationem
814 1804 915 1845 nos
964 1789 1283 1846 invitaverit
1329 1800 1493 1862 atque
1516 1796 1926 1862 provocaverit,
1963 1822 2007 1882 Β

337 1880 604 1937 conviciis
643 1882 1051 1953 proscindimus
1096 1893 1154 1940 et
1197 1884 1390 1955 procul
1439 1886 1592 1942 abire
1636 1887 1920 1957 jubemus,

337 1972 448 2030 imo
488 1974 668 2046 gladio
714 1978 959 2047 aggressi
1009 1976 1331 2035 interimere
1376 1980 1707 2036 studemus?
1740 1980 1932 2037 Omnis

306 2080 501 2134 -porro
534 2082 626 2125 ars
669 2083 697 2122 a
748 2069 912 2125 nobis
961 2068 1208 2138 diligitur
1255 2078 1310 2126 et
1362 2070 1720 2141 approbatur,
1782 2074 1933 2129 nullo

338 2159 484 2212 inter
533 2172 630 2214 cas
662 2158 988 2214 discrimine
1017 2160 1259 2216 admisso
1295 2177 1311 2216 :
1342 2161 1432 2217 illa
1485 2171 1668 2219 autem
1711 2180 1834 2233 quae
1864 2166 1931 2221 ad

340 2250 538 2304 anima:
574 2248 1037 2318 pulchritudinem
1075 2261 1310 2321 spectat,
1341 2254 1530 2323 procul
1580 2270 1609 2309 a
1646 2258 1807 2313 nobis
1841 2274 1930 2313 re-

335 2342 480 2406 jecta
512 2342 831 2414 negligitur,
869 2358 1049 2413 neque
1081 2344 1149 2399 ad
1185 2360 1340 2401 avem
1391 2346 1686 2403 infaustam
1723 2356 1817 2403 aut
1863 2351 1931 2404 ad

338 2432 558 2501 rupium
592 2433 922 2504 praecipitia,
965 2434 1112 2491 unde
1150 2434 1369 2492 tandem
1402 2436 1699 2506 aliquando
1741 2438 1930 2495 reduci

340 2526 537 2592 possit,
565 2527 922 2595 amandatur,
949 2528 1047 2584 sed
1077 2528 1132 2584 in
1157 2528 1453 2586 oblivionis
1482 2531 1798 2600 voraginem
1828 2532 1931 2587 im-

344 2616 633 2685 mergitur,
664 2616 813 2672 unde
842 2619 914 2673 ad
950 2619 1127 2674 lucem
1154 2634 1436 2690 nunquam
1467 2622 1682 2678 redeat.

412 2707 504 2764 ιε.
560 2706 802 2765 Econtra
852 2725 1017 2768 omne
1072 2714 1320 2784 prudens
1363 2712 1683 2781 consilium,
1746 2717 1929 2771 omnia

343 2801 640 2859 doctorum
676 2814 972 2876 praecepta,
1021 2807 1089 2862 ad
1135 2806 1308 2862 vitam
1349 2808 1729 2880 corrigendam
1778 2824 1934 2879 spec-

343 2899 545 2963 tantia,
580 2905 637 2955 et
673 2898 824 2970 leges
859 2900 1177 2972 adjuvantia
1205 2909 1263 2957 et
1307 2915 1551 2959 canones
1591 2903 1931 2968 roborantia,

343 3004 633 3063 suppressa
659 2991 871 3064 iacent,
893 2994 1156 3066 omnique
1182 2997 1348 3053 modo
1368 2997 1611 3055 societas
1637 2998 1932 3055 meditatur

343 3095 451 3138 non
494 3081 564 3138 de
591 3097 679 3148 eo,
714 3092 775 3139 ιιι
812 3086 1123 3158 respublica
1165 3088 1314 3144 salva
1362 3089 1456 3155 sit,
1492 3089 1589 3147 sed
1618 3097 1683 3146 ut
1722 3089 1927 3161 justus,

2023 577 2317 649 ζητοῦντες
2353 582 2496 634 κατὰ
2542 578 2784 648 σπουδὴν
2822 577 3026 644 πολλὴν
3057 575 3479 645 ἐξευρίσκομεν,
3517 576 3619 630 καὶ

2025 672 2524 743 προσρυῖσκόμενοι
2556 672 2755 743 ἔχομεν
2785 671 3030 741 φιλητῶς
3053 670 3262 724 ἐκεῖθεν
3284 671 3347 723 τὸ
3377 670 3621 740 πεποθη-

2029 764 2212 835 μένον,
2274 766 2743 836 καταϐαλλόμενοι
2775 764 2923 818 ἔστιν
2955 757 3016 818 οὗ
3053 765 3147 816 καί
3193 779 3249 816 τι
3285 764 3616 834 ύπέρτιμον,

2026 857 2118 911 ἵνα
2146 855 2245 928 τὴν
2288 858 2484 927 δούλην
2529 858 2708 928 σάρκα
2760 854 3159 927 είξὼραῖσμδν
3213 858 3329 919 τοῖς
3360 855 3619 925 βλέπουσι

2030 949 2516 1021 παραστησώμεθα
2538 950 2627 1005 διὰ
2641 947 3037 1019 καλλωπισμοῦ
3064 965 3233 1015 τινος,
3257 941 3318 1002 οῦ
3346 947 3415 1001 τὰ
3449 947 3623 1000 πλείω

2032 1041 2157 1095 οὐδὲ
2204 1046 2285 1107 εἰς
2312 1041 2438 1112 ὅφιν
2481 1044 2619 1113 ἡμῖν
2667 1040 2930 1112 ἔρχεσθαι
2979 1041 3243 1105 δύναται;
3297 1040 3411 1109 Τὴν
3439 1040 3498 1093 δὲ
3529 1040 3619 1093 δέ⁸

2034 1149 2266 1187 σποιναν
2303 1133 2483 1205 ψυχὴν
2510 1135 2767 1204 ἀφιέντες
2807 1132 3113 1203 ρυποῦσθαι
3135 1133 3230 1186 καὶ
3262 1133 3455 1187 σκότον
3480 1131 3626 1187 οὕτω

2033 1225 2539 1296 περιδιδύσκεσθαι,
2603 1226 2679 1290 ὡς
2712 1227 2780 1280 ἂν
2808 1226 2837 1278 ό
2878 1225 3110 1297 ζοφερὸς
3168 1225 3383 1295 δαίμων
3416 1226 3623 1297 φιλοίη,

2034 1315 2165 1370 οὔτε
2203 1316 2502 1388 ζητοῦμεν,
2531 1316 2653 1382 πῶς
2697 1318 2765 1371 ἂν
2785 1318 2819 1388 ἢ
2851 1320 3019 1389 ἡμεῖς
3044 1318 3203 1374 αὐτοὶ
3227 1317 3626 1389 ἐξωραϊσωμεν

2036 1408 2112 1473 ὡς
2134 1410 2215 1473 είς
2251 1408 2478 1481 νύμφην
2510 1408 2670 1477 Θεοῦ,
2698 1409 2821 1481 ῆδι’
2852 1411 3043 1480 ἐτέρου
3079 1411 3628 1482 νυμφοστολήσωμεν

2036 1503 2429 1575 ἐπιστήμονος,
2458 1503 2595 1559 ἀλλὰ
2635 1503 2733 1558 καὶ
2762 1503 2816 1556 εί
2843 1521 2927 1568 τις
3005 1503 3300 1574 ἐπιφανείη
3353 1504 3629 1572 ἐπαγγελ-

2036 1597 2266 1669 λόμενος
2294 1600 2393 1654 καὶ
2423 1600 2871 1672 προκαλούμενος
2910 1601 2991 1662 εἰς
3022 1601 3236 1670 θεοειδῆ
3272 1601 3364 1654 καὶ
3390 1600 3626 1670 θεοφεγ-

2038 1690 2112 1760 γῆ
2146 1690 2449 1761 μόρφωσιν,
2487 1692 2586 1746 εἴτ’
2616 1691 2709 1746 οὖν
2738 1692 3192 1764 μεταμόρφωσιν,
3244 1693 3306 1747 οὐ
3336 1693 3626 1764 προπηλα-

2037 1786 2809 1860 κίζομεν,ῆόστρακίζομεν,
2844 1787 2982 1843 ἀλλὰ
3037 1787 3135 1842 καὶ
3196 1788 3447 1862 ξιφήρεις
3506 1791 3631 1842 ἐπι-

2034 1882 2345 1952 τρέχοντες,
2373 1881 2656 1953 ἀχρειοῦν,
2689 1884 2808 1936 εἶπε
2820 1901 2851 1955 ρ
2899 1878 3015 1937 οἷόν
3070 1902 3129 1938 τε
3151 1879 3240 1955 ἦν,
3270 1886 3578 1956 γλιχόμεθα
3607 1901 3624 1949 ;

2038 1971 2150 2025 Kal.
2202 1972 2398 2027 ἅπασα
2446 1972 2549 2041 μὲν
2600 1972 2765 2043 τέχνη
2819 1973 3111 2043 στέργεται
3168 1975 3300 2044 παρ’
3331 1977 3464 2047 ἡμῖν
3535 1976 3630 2029 καὶ

2034 2064 2374 2135 ἐγκρίνεται,
2407 2065 2505 2118 καὶ
2531 2066 2594 2120 οὐ
2623 2065 2982 2137 διακρίνομεν
3026 2066 3309 2137 οὐδεμίανο
3335 2069 3367 2138 ἡ
3397 2068 3455 2121 δέ
3483 2067 3631 2121 κατὰ

2033 2155 2384 2210 διδασκαλίαν
2442 2157 2590 2228 ψυχῇ
2643 2156 2967 2228 πρέπουσαν
3025 2157 3387 2229 ἀποκρίνεται
3443 2158 3632 2229 βαλλο-

2039 2249 2177 2319 μένη
2205 2248 2427 2320 μακρὰν
2478 2248 2537 2316 ἐξ
2572 2249 2754 2319 ἡμῶν,
2811 2251 2893 2313 είς
2919 2250 3044 2321 οὐχὶ
3073 2250 3319 2322 κόρακας
3353 2251 3387 2321 ἦ
3419 2251 3629 2322 πέτρας

2033 2344 2457 2415 ἀποκρήμνους,
2507 2343 2634 2397 ὅθεν
2687 2344 3073 2415 ἐπανασωθείη
3129 2344 3197 2400 ἂν
3255 2343 3387 2403 ἴσως
3450 2347 3630 2417 χρόνῳ

2034 2436 2193 2502 ποτὲ,
2222 2436 2360 2491 ἀλλὰ
2388 2438 2448 2501 ἐς
2494 2436 2658 2508 βυθὸν
2687 2436 2859 2509 λήθης
2905 2438 3181 2510 ἀφιεμένη
3244 2435 3629 2510 βαπτίζεσθαι,

2033 2530 2111 2595 ὼς
2148 2529 2224 2603 μὴ
2255 2530 2405 2602 ἔχειν
2437 2530 2728 2603 ἐκφανσιν.

2108 2711 2217 2783 μθτ.
2257 2712 2431 2783 Βουλῆ
2464 2712 2521 2767 δέ
2551 2711 2745 2767 ἅπασα
2778 2712 2877 2766 καὶ
2927 2711 3210 2784 συμϐουλὴ
3245 2712 3338 2767 καὶ
3366 2713 3631 2769 διδασκα-

2034 2810 2161 2879 λικὴ
2190 2810 2452 2880 ἁρμονία,
2509 2808 2819 2862 συνεστῶσα
2864 2806 2981 2877 βίον
3039 2806 3241 2877 ὀρθὸν,
3306 2810 3399 2861 καὶ
3445 2812 3634 2879 νόμοις

2034 2902 2410 2974 ἐπικουροῦσα
2458 2902 2556 2955 καὶ
2585 2900 3107 2971 συλλαμϐανομένη,
3166 2900 3358 2954 κανόσι
3421 2911 3633 2971 κατηρ-

2034 3013 2254 3068 γηνται⁸
2288 2996 2718 3066 ἀντιπράττεται
2751 2995 2809 3048 δέ
2834 2994 2944 3048 πᾶν
2970 2992 3264 3047 ἐπίόουλον
3315 2995 3411 3049 καὶ
3455 2996 3489 3065 ἡ
3534 2993 3634 3048 σύ-

2042 3087 2223 3155 ναξις,
2253 3086 2396 3157 οὐχὶ,
2425 3086 2545 3149 πῶς
2579 3086 2647 3141 ἂν
2675 3086 2737 3140 τὸ
2764 3086 2947 3141 κοινὸν
2970 3084 3191 3158 σωθείη,
3235 3086 3373 3140 ἀλλὰ
3417 3088 3536 3151 πῶς
3566 3087 3636 3141 ἂν

2042 3184 2069 3237 ὁ
2097 3182 2306 3241 δίκαιος
2342 3180 2465 3250 μὲνν
2497 3179 2840 3251 δύσχρηστος
2866 3178 2944 3247 δὲ,
2972 3179 3382 3251 καταπονηθείη
3408 3178 3632 3249 δεσμῷ,

344 3182 539 3246 utpote
569 3178 937 3246 importunus,
969 3179 1023 3233 in
1051 3178 1287 3235 vinculis
1311 3180 1519 3249 doleat,
1549 3190 1606 3238 et
1627 3194 1932 3253 praceptor
1957 3207 2007 3272 ο

343 3269 541 3339 quibus
585 3269 725 3326 bene
772 3270 1056 3329 institutus
1108 3282 1215 3340 est,
1250 3283 1307 3330 et
1359 3276 1427 3330 ad
1466 3290 1589 3347 quae
1630 3277 1936 3348 proﬁtenda

2049 3274 2189 3327 κοιὶὺ
2219 3271 2545 3333 διδάσκαλος
2610 3270 2941 3342 μεταμάθοι,
3010 3272 3047 3328 ἃ
3080 3271 3188 3327 καὶ
3239 3272 3402 3334 αὐτὸς
3453 3271 3638 3333 καλῶς

346 3361 486 3418 alios
513 3362 808 3420 instituere
836 3365 1060 3437 sategit,
1083 3365 1139 3422 in
1185 3379 1513 3439 perpetuum
1557 3369 1850 3437 valedicat,
1885 3379 1939 3426 et

2049 3366 2369 3429 Βεδίδακται,
2400 3368 2497 3420 καὶ
2520 3364 2747 3436 ἐτέρους
2779 3366 2986 3436 ὁμοίως
3019 3365 3298 3421 διδάσκειν
3331 3363 3638 3436 προϐέϐλη-

345 3462 502 3526 pater
534 3453 742 3527 Spiritu
773 3456 961 3513 divino
994 3457 1297 3515 instructus
1331 3473 1435 3515 non
1469 3475 1498 3536 ς
1532 3460 1642 3517 lilio
1666 3461 1939 3517 distraha-

2049 3478 2153 3525 ται,
2186 3460 2281 3514 καὶ
2308 3461 2335 3513 ό
2362 3458 2503 3513 κατὰ
2536 3457 2685 3513 θετον
2732 3456 2955 3528 πνεῦμα
2980 3459 3165 3531 πατὴρ
3216 3459 3278 3514 οὑ
3329 3460 3469 3531 πρὸς
3520 3459 3638 3513 υἱὸν

346 3555 440 3603 tur
468 3546 603 3619 (hoc
634 3548 785 3604 enim
815 3548 997 3604 minus
1029 3547 1172 3604 foret
1199 3548 1447 3619 malum),
1475 3550 1571 3605 sed
1609 3564 1708 3620 per
1739 3551 1942 3605 malum

349 3640 650 3696 daemonem
694 3640 868 3696 servis
912 3640 1194 3698 inutilibus
1224 3650 1605 3704 accenseatur.
1632 3650 1688 3698 et
1727 3641 1946 3713 episco-

351 3745 453 3801 pus
492 3731 729 3803 denique
758 3732 1040 3803 indignum
1078 3732 1209 3803 quid
1239 3733 1652 3806 infaustumque
1678 3734 1942 3805 patiatur.

428 3824 520 3881 50.
548 3823 668 3880 Non
708 3825 878 3897 igitur
927 3840 1136 3881 morem
1175 3828 1442 3896 gerimus,
1479 3841 1658 3898 neque
1686 3827 1947 3883 obedien-

357 3917 493 3972 tiam
522 3916 869 3987 spiritualem
917 3930 1228 3986 servamus,
1259 3931 1438 3988 neque
1485 3919 1733 3990 patribus
1780 3934 1946 3991 pare-

355 4024 500 4074 mus,
524 4023 666 4080 quos
688 4018 915 4065 sanctus
946 4008 1189 4080 Spiritus
1218 4010 1336 4078 dat,
1364 4025 1543 4081 neque
1589 4015 1947 4083 praeceptoris

357 4110 479 4157 arte
510 4100 842 4172 indigemus.
891 4100 1236 4173 Quapropter
1283 4103 1448 4158 etiam
1488 4115 1814 4174 praesentem
1858 4120 1950 4160 re-

359 4194 629 4265 spuimus,
661 4201 717 4249 et
740 4208 861 4249 eam
886 4209 1047 4264 quam
1068 4209 1183 4251 non
1205 4195 1497 4260 habemus,
1528 4211 1635 4251 non
1667 4197 1951 4252 desidera-

359 4302 519 4348 mus;
550 4286 697 4356 quod
723 4288 874 4343 omni
908 4287 1011 4344 arti
1050 4288 1253 4344 accidit
1284 4289 1338 4343 in
1385 4289 1726 4355 hominibus,
1756 4290 1849 4358 qui
1883 4304 1948 4344 ea

360 4391 470 4433 non
509 4392 646 4449 opus
690 4377 917 4436 habent.
968 4380 1157 4437 Rebus
1187 4391 1371 4437 autem
1426 4390 1537 4437 tam
1592 4382 1793 4438 misere
1828 4397 1950 4438 sese

2042 3552 2386 3625 ἐκστραφείη
2424 3550 2602 3620 (οῦπω
2641 3551 2750 3622 γὰρ
2786 3552 2947 3608 τοῦτο
2971 3555 3114 3624 μέγα
3147 3555 3368 3622 κακὸν),
3406 3552 3524 3606 ἀλλ’
3557 3554 3639 3615 είς

2042 3646 2229 3699 δοῦλον
2251 3647 2471 3716 ἀχρεῖον
2512 3645 2832 3715 ἐγγραφείη
2865 3644 2956 3699 διὰ
3000 3645 3244 3716 πονηροῦ
3289 3645 3634 3716 πνεύματος,

2047 3737 2141 3790 καὶ
2162 3740 2190 3791 ὁ
2218 3736 2526 3800 ἐπίσκοπος
2555 3734 2804 3790 ἄσκοπόν
2832 3752 2890 3790 τι
2917 3735 3068 3808 πάθῃ
3100 3739 3198 3791 καὶ
3229 3736 3510 3793 ἀπαίσιον.

2119 3829 2185 3885 ν’.
2217 3830 2333 3884 Οὐκ
2361 3829 2473 3900 ἄρα
2501 3828 2883 3895 ὑπακούομεν,
2949 3829 3073 3883 οὖδέ
3109 3830 3391 3900 ὑποταγὴν
3438 3826 3645 3900 τηροῦ-

2052 3939 2152 3991 μεν
2179 3920 2585 3991 πνευματικὴν,
2622 3920 2744 3975 οὐδὲ
2769 3920 2876 3975 ὑπὸ
2898 3921 3177 3993 πατράσιν
3205 3922 3397 3992 ἐσμέν,
3454 3921 3551 3986 οὓς
3583 3922 3638 3975 τί

2052 4015 2208 4083 ἆγιον
2235 4013 2461 4085 Πνεῦμα
2486 4013 2728 4082 δίδωσιν,
2772 4013 2895 4068 οὐδὲ
2924 4014 3205 4087 χρῄζομεν
3234 4016 3432 4086 τέχνης
3460 4014 3645 4068 διδασ-

2050 4105 2314 4174 καλικῆς.
2352 4105 2445 4157 Διὸ
2484 4104 2582 4159 καὶ
2625 4103 2912 4173 παροῦσαν
2940 4104 3041 4175 μὲν
3066 4101 3405 4173 ἐξωθοῦμεν,
3449 4103 3525 4175 μὴ
3551 4102 3633 4156 οῦ-

2054 4216 2154 4253 σαν
2185 4198 2243 4252 δὲ
2276 4197 2339 4251 οὐ
2362 4195 2664 4266 ποθοῦμεν*
2692 4195 2722 4250 δ
2743 4194 2809 4265 δὴ
2841 4193 3045 4265 πάσχει
3076 4196 3268 4250 ἅπασα
3291 4195 3462 4266 τέχνη
3493 4196 3650 4265 παρὰ

2053 4291 2388 4363 ἀνθρώποις,
2426 4290 2476 4344 οἳ
2515 4289 2685 4359 μηδὲν
2722 4289 2896 4361 αὐτῆς
2931 4288 3317 4359 προσδέονται.
3357 4289 3456 4343 Διὰ
3478 4288 3651 4343 ταῦτ;.

2054 4385 2188 4448 γοῦν
2221 4389 2248 4440 ὁ
2280 4386 2382 4455 τῆς
2417 4383 2635 4454 φαύλης
2686 4383 2894 4454 ταύτης
2923 4382 3252 4445 ἀκολουθίας
3280 4383 3473 4453 είρμδς
3508 4386 3657 4453 ποιρυ

362 4470 694 4528 habentibus
726 4476 1046 4529 necessario
1069 4474 1433 4545 consequitur
1463 4483 1520 4529 ut
1559 4478 1627 4531 ad
1661 4476 1939 4546 antiquam

2059 4478 2313 4551 ρησιάζει
2344 4479 2442 4533 καὶ
2467 4477 2567 4531 νῦν
2586 4478 2680 4529 τὸν
2714 4475 3025 4545 παλαιγενῆ
3081 4475 3326 4546 θηριώδη
3358 4475 3477 4546 βίον
3504 4477 3654 4529 ἐκεῖ-

359 4565 505 4621 iiiam
527 4565 696 4623 vitam
715 4566 948 4622 ferinam
969 4567 1345 4638 adspiremus,
1373 4568 1502 4624 licet
1519 4568 1828 4624 clanculum
1850 4568 1939 4623 hoc

2059 4588 2148 4623 vov
2174 4568 2428 4633 ὑπούλως
2448 4570 2545 4624 καὶ
2569 4568 2647 4629 ὡς
2666 4568 2768 4621 οὐκ
2800 4565 2868 4620 ἂν
2892 4565 3136 4620 αἴσθοιτό
3166 4582 3250 4629 τις
3266 4567 3340 4636 μὴ
3366 4563 3656 4617 κατακύπ-

358 4657 452 4711 ﬁat
471 4665 526 4713 et
555 4658 622 4714 ab
645 4657 712 4713 iis
739 4658 829 4729 qui
854 4659 1270 4729 pcrspicacitate
1290 4668 1502 4724 carent,
1541 4659 1631 4715 vix
1652 4660 1945 4716 sentiatur.

430 4750 521 4806 51.
553 4750 675 4808 mali
704 4762 885 4808 autem
924 4752 1041 4808 haec
1071 4761 1156 4831 est
1193 4767 1358 4807 causa
1387 4770 1402 4808 :
1444 4762 1589 4807 artes
1618 4761 1738 4823 post
1767 4753 1946 4808 homi-

358 4859 491 4900 num
523 4845 946 4902 civilisationem
999 4848 1250 4903 inventas
1281 4845 1596 4903 necessario
1643 4846 1947 4918 diligimus,

358 4939 616 5008 quoniam
648 4939 772 4994 sine
807 4939 915 4994 illis
963 4940 1033 4994 de
1072 4939 1179 4993 vita
1237 4939 1705 5008 periclitaremur;
1763 4939 1950 5010 probis

362 5040 543 5084 autem
590 5030 847 5087 consiliis
898 5045 963 5086 ac
1015 5032 1179 5086 bonis
1231 5031 1440 5102 legibus
1499 5046 1707 5086 morem
1760 5044 1950 5102 gerere

364 5124 638 5189 uolumus,
677 5125 788 5179 imo
812 5133 1071 5193 tanquam
1099 5124 1335 5191 inutilia,
1359 5126 1446 5180 vel
1478 5126 1642 5180 etiam
1670 5123 1949 5195 superflua
1982 5134 1985 5137 ‘

366 5214 739 5283 dedignamur.
790 5213 933 5280 Quin
977 5229 1043 5270 eo
1095 5214 1339 5270 audaciae
1380 5216 1750 5285 procedimus,
1791 5226 1946 5272 utea

371 5307 443 5359 nil
482 5306 549 5360 ad
581 5305 782 5361 victum
816 5305 1003 5361 valere
1037 5321 1343 5376 nugemur;
1377 5308 1724 5376 proverbium
1765 5318 1947 5362 autem

367 5398 512 5466 quod
535 5398 718 5465 potius
751 5397 1058 5466 portionem
1092 5412 1253 5467 quam
1285 5400 1636 5468 suspendium
1669 5414 1950 5455 commen-
1988 5452 1993 5457 .

367 5491 935 5556 dat,interverteutes,
959 5490 1134 5545 aliena
1161 5505 1259 5560 pro
1282 5493 1424 5546 bono
1449 5492 1728 5557 habemus,
1754 5509 1947 5562 panem

366 5583 718 5653 peregrinum
766 5591 1027 5652 tanquam
1078 5582 1373 5651 expetibile
1415 5584 1547 5651 quid
1584 5587 1951 5650 aestimamus,

369 5676 553 5729 vinum
597 5684 810 5745 raptum
864 5674 1265 5739 dulcissimum,
1301 5689 1499 5744 aquam
1558 5692 1589 5731 e
1640 5676 1789 5732 furto
1829 5693 1956 5747 pro-

370 5765 678 5820 venientem
732 5765 1140 5829 suavissimam,
1190 5772 1369 5819 vestes
1424 5766 1614 5831 rapina
1651 5768 1952 5838 acquisitas

372 5859 541 5913 veluti
572 5857 707 5915 lucis
732 5867 937 5924 ortum,
961 5856 1194 5927 proximi
1218 5856 1436 5914 domum
1460 5859 1614 5927 quasi
1642 5859 1954 5927 paradisum

2059 4680 2167 4716 των
2202 4663 2281 4727 ei;
2324 4661 2489 4732 βάθος
2524 4660 2619 4714 τοῦ
2644 4661 2807 4715 νοεῖν.

2133 4752 2237 4809 να’.
2283 4754 2398 4809 Καὶ
2424 4755 2453 4809 ὁ
2499 4754 2659 4822 λόγος
2692 4752 2790 4804 τοῦ
2833 4751 3043 4814 πάθους
3078 4747 3324 4812 τοιοῦτός
3352 4765 3437 4813 τις
3475 4765 3490 4780 ο
3551 4748 3652 4812 τὰς

2068 4846 2165 4916 μὲν
2210 4843 2410 4915 τέχνας
2453 4842 2556 4905 τὰς
2597 4841 2828 4912 ὕστερον
2862 4839 3178 4913 εὑρημένας
3207 4839 3348 4910 μετὰ
3385 4838 3485 4906 τὴν
3529 4841 3654 4892 κατ’

2061 4936 2387 5007 ἀνθρώπους
2427 4933 2793 5007 ἐξημέρωσιν,
2849 4932 3157 5002 στέργομεν
3187 4931 3526 5000 ἀναγκαίως,
3566 4926 3657 4986 οἷα

2065 5029 2140 5100 μὴ
2165 5028 2282 5094 ἐξὸν
2309 5027 2393 5093 δν,
2423 5025 2525 5099 ζῇν
2552 5028 2780 5079 ἐκείνων
2800 5026 2948 5095 δίχα·
3003 5026 3273 5095 χρησταῖς
3328 5025 3386 5078 δὲ
3410 5024 3656 5094 συμϐου-

2060 5121 2206 5183 λίαις
2262 5120 2356 5173 καὶ
2411 5119 2665 5186 εὐνόμως
2722 5115 2976 5185 ἐννόμοις
3024 5114 3293 5185 όκνοῦμεν
3342 5114 3657 5178 πείθεσθαι,

2064 5213 2392 5283 περιέργους
2424 5208 2625 5273 αὑτὰς,
2660 5209 2774 5261 εἴτε
2809 5209 2903 5261 καὶ
2942 5207 3267 5278 παρέργους
3301 5207 3659 5278 γνωματευό-

2066 5323 2239 5377 μενοι.
2267 5307 2377 5360 Καί
2406 5322 2511 5358 που
2548 5302 2811 5371 ἐθέλομεν
2850 5302 3150 5357 ὑπο>.αλεῑν
3205 5302 3299 5356 καὶ
3356 5303 3538 5365 αὐτοί,
3580 5303 3659 5363 ὡς

2063 5401 2219 5453 οὐδέν
2243 5417 2295 5452 τι
2349 5399 2514 5451 αὑταὶ
2574 5397 2714 5466 πρὸς
2761 5395 3017 5464 τᾶλφιτα’
3084 5398 3180 5449 καὶ
3214 5396 3344 5462 πνὶξ
3396 5396 3458 5448 ού
3498 5396 3658 5465 μερὶς

2066 5490 2426 5560 ἁναστρόφως
2466 5486 2993 5557 παροιμιαζόμενοι.
3031 5486 3196 5540 καλὸν
3221 5483 3365 5539 εἶναι
3406 5485 3473 5537 τὰ
3504 5483 3660 5537 ἀλλό-

2067 5598 2193 5651 τρια
2226 5578 2714 5650 γνωμολογοῦμεν,
2752 5579 2958 5633 καὶτὸν
2993 5580 3148 5647 ξένον
3195 5577 3364 5648 ἄρτον
3410 5579 3658 5648 ἀποφαι-

2069 5670 2273 5739 νόμεθα
2293 5670 2573 5739 νόστιμον,
2613 5671 2709 5724 καὶ
2740 5669 2832 5722 τὸν
2902 5669 3300 5738 ἁρπαγιμαίον
3340 5663 3486 5722 οἶνον
3525 5668 3660 5736 γλυ-

2075 5764 2327 5826 κύτατον,
2360 5764 2456 5815 καὶ
2486 5761 2547 5814 τὸ
2573 5761 2674 5831 τῆς
2706 5761 2915 5829 κλοπῆς
2938 5760 3084 5830 ὕδωρ
3116 5759 3409 5830 ἡδύτατον,
3443 5761 3537 5812 καὶ
3558 5760 3661 5830 τὴν
3760 5780 3763 5785 ·

2071 5854 2132 5921 ἐξ
2170 5855 2427 5923 ἁρπαγῆς
2457 5854 2668 5911 ἔνδυσιν
2692 5855 2874 5923 φωτὸς
2906 5852 3201 5924 ἀναϐολὴν,
3244 5854 3341 5910 καὶ
3390 5851 3659 5924 παράδει-
