4048 6414
434 349 543 411 333

1043 354 1142 414 DE
1187 355 1665 418 OBEDIENTIA
1711 361 2260 425 MAGISTRATUI
2299 364 2782 431 CilRlSTlANO
2826 372 3130 437 DEBITA.

3601 383 3709 447 334

431 482 525 518 σον
551 461 643 519 τὸν
675 464 957 536 ἀλλότριον
979 461 1151 523 οἷκον.
1188 471 1300 525 Καὶ
1331 472 1504 532 οὑτως
1529 476 1905 547 ἀνατρέχομεν
1936 479 1993 530 ei;

2124 480 2558 538 consideramus.
2595 486 2685 540 Sic
2716 496 2897 542 autem
2942 490 3008 543 ad
3059 490 3340 561 antiquam
3378 498 3708 555 revertimur

422 558 484 609 τὸ
516 556 744 627 ἀρχαῖον
792 561 980 623 κακὸν,
1028 562 1369 628 ἀδικοῦντες,
1415 565 1780 634 ἁρπάζοντες,
1836 571 2011 624 λοιδο-

427 647 669 717 ροῦντες.
715 650 1190 723 βλασφημοῦντες,
1237 659 1728 727 συκοφαντοῦντες,
1794 663 1889 715 καὶ
1918 665 2010 719 ἐπὶ

422 743 557 797 πᾶσι
581 743 795 807 τούτοις
824 744 920 799 καὶ
951 746 1037 799 διὰ
1069 748 1243 801 ταῦτα
1269 751 1450 804 πάντα
1479 751 1661 822 ψυχῆς
1699 755 2013 825 κερδαίνον-

418 854 513 900 τες
542 837 844 903 ἀπώλειαν,
873 839 950 902 ὡς
973 838 1097 894 οὔτε
1134 842 1292 898 αὑτοὶ
1334 844 1618 912 ξυνιέντες
1646 848 1730 914 είς
1755 849 2010 920 ἐπιστρο-

419 929 550 998 φὴν,
588 918 881 1000 μηδετοῖς
935 932 1243 1003 ἀδελφικῶς
1298 936 1358 989 ὲν
1417 938 1695 1012 θεοφιλείᾳ
1751 918 2009 1010 ἐπιστρέ-

418 1039 610 1090 φουσιν
642 1025 791 1096 ἡμᾶς
834 1025 1115 1095 ἑπόμενοι,
1145 1028 1223 1093 ὡς
1252 1029 1506 1085 ἐντεῦθεν
1537 1033 1823 1089 λείπεσθαι
1848 1036 2006 1105 ἡμῶν

417 1113 660 1181 ἑκάστῳ,
684 1116 906 1186 ἀφιέναι
931 1120 1029 1174 καὶ
1059 1120 1126 1174 τὰ
1159 1121 1326 1176 τέκνα
1363 1123 1461 1176 καὶ
1485 1125 1635 1179 ἅπαν
1658 1127 1717 1179 τὸ
1743 1127 2004 1196 φίλτατον

418 1207 717 1276 βόσκεσθαι
756 1212 1099 1283 ἀποίμαντον
1162 1215 1256 1269 καὶ
1286 1216 1675 1282 ἀνεξέταστον.
1737 1222 1847 1274 Καὶ
1901 1224 2004 1275 οὑκ

413 1303 782 1373 ἀνακρίνομεν
834 1304 1311 1378 λογοπραγοῦντες
1373 1313 1523 1380 ἡμᾶς
1578 1314 1798 1380 αὐτοὺς,
1855 1315 2002 1369 διατί

413 1394 558 1448 κατὰ
588 1395 773 1461 οἴκους
819 1398 919 1465 μὲν
956 1401 1271 1470 ποιμαίνειν
1303 1402 1463 1473 δῆθεν
1490 1405 1751 1474 ἐθέλομεν
1793 1408 2002 1476 ἀνθρω-

414 1487 590 1552 πικῶς
610 1489 672 1543 τὸ
711 1494 997 1559 συγγενὲς,
1042 1494 1102 1547 τὸ
1128 1494 1339 1557 δοῦλον.
1389 1498 1451 1549 τι
1482 1498 1666 1564 θετὸν,
1729 1500 1825 1554 καὶ
1868 1504 1998 1564 πᾶς,

410 1579 560 1644 ὅστις
581 1576 699 1647 οῦν,
750 1582 1078 1648 διδάσκαλος
1132 1588 1226 1639 καὶ
1302 1586 1599 1658 νομοθέτης
1648 1588 1759 1642 τῶν
1800 1588 1996 1643 ἑαυτοῦ

410 1674 950 1748 αὑτοχειροτόνητος,
985 1678 1132 1732 καθὰ
1161 1680 1355 1751 ἐχρῆν,
1388 1680 1732 1752 καθέστηκεν
1764 1685 1851 1745 είς
1900 1686 1997 1738 καὶ

407 1767 679 1837 ὠφέλειαν
721 1770 978 1843 σώματος
1003 1772 1099 1828 καὶ
1138 1772 1320 1845 ψυχῆς
1361 1775 1699 1830 ἀνάπαυσιν·
1756 1778 1784 1830 ό
1831 1778 1888 1831 δὲ
1930 1782 1995 1831 ἐκ

405 1862 567 1925 Θεοῦ,
598 1864 693 1917 καὶ
719 1866 859 1920 κατὰ
892 1865 1048 1932 Θεὸν,
1084 1868 1180 1921 καὶ
1212 1866 1619 1941 θεοπαρὰδοτος
1650 1869 1996 1940 καθηγητὴς,

403 1957 482 2022 ὠς
511 1958 611 2011 οὐκ
635 1959 700 2013 ἄν
726 1977 809 2024 τις
840 1959 956 2032 ἔχοι
985 1962 1289 2027 ἀντειπεῖν,
1333 1966 1864 2035 ἀποχειροτονεῖται,
1919 1965 1997 2027 ὡς

403 2042 516 2102 οἷον
560 2050 935 2120 καθαιρεθεὶς,
976 2054 1072 2108 καὶ
1127 2051 1301 2117 οὕτως
1350 2056 1684 2127 ἀφαιρεθεὶς
1746 2057 1846 2127 τὴν
1881 2057 1999 2110 θεο-

400 2142 710 2213 πρόῦλητον
730 2144 1051 2216 ὲνέργειαν;
1085 2146 1225 2201 ίνατί
1257 2148 1313 2201 δὲ
1346 2150 1454 2213 πᾶς
1489 2150 1588 2219 μὲν
1617 2143 1766 2213 οἶκος
1793 2151 1996 2220 φυλάτο

400 2252 483 2288 τει
538 2236 641 2305 τὴν
699 2237 1059 2310 ἐνδεχομένην
1142 2240 1415 2311 διαδοχὴν,
1483 2242 1673 2296 ἁλύσει
1723 2244 1996 2316 δουμένην

400 2329 595 2399 θεσμῷ
620 2334 839 2399 φύσεως
892 2335 973 2397 είς
998 2333 1389 2406 ἀδιάρρηκτον,
1457 2339 1484 2391 ὀ
1527 2336 1586 2390 δὲ
1632 2338 1993 2403 ἁποστολικὸς

399 2423 498 2476 καὶ
528 2421 706 2485 θεῖκὸς
758 2424 1081 2496 ἑξαργήσει,
1140 2419 1201 2480 οὗ
1230 2427 1430 2495 μᾶλλον
1477 2429 1583 2482 ἔδει
1639 2430 1740 2500 τὴν
1774 2430 1992 2501 σειρὰν,

398 2513 694 2583 οὐρανόθεν
724 2516 1077 2588 καθήκουσαν
1132 2518 1215 2582 εἰς
1251 2518 1344 2571 τὸν
1391 2519 1517 2574 καθ’
1554 2523 1704 2589 ἡμᾶς
1758 2522 1988 2590 κόσμον,

403 2608 590 2675 μένειν
614 2608 1014 2677 ἀδιάσπαστον,
1050 2611 1149 2665 καὶ
1177 2614 1470 2684 συντηρεῖν
1515 2614 1575 2668 τὸ
1607 2614 1794 2669 θεόθεν
1829 2616 1993 2669 καλὸν

400 2699 629 2771 συνεχὲς
667 2702 759 2756 καὶ
781 2702 980 2757 ἄλυτον
1005 2723 1021 2770 ;

469 2883 572 2953 νβ’.
607 2883 681 2936 Οὐ
758 2885 897 2938 καλὰ
949 2885 1013 2955 δὴ
1084 2885 1278 2951 ταῦτα,
1337 2888 1574 2942 οὐδ’ὅσα
1646 2889 1895 2952 τοιαῦτα,
1946 2885 1991 2944 ὦ

398 2977 647 3049 ἀδελφοὶ,
685 2979 809 3033 οὑδὲ
849 2979 1143 3050 θεάρεστα,
1172 2981 1487 3052 διαϐολικῆς
1517 2983 1574 3037 δὲ
1601 2983 1829 3047 μεθόδου
1856 2984 1992 3054 τὺρ-

398 3069 492 3122 ϐαι
523 3069 842 3139 προφανῶς.
890 3070 957 3123 Τί
986 3071 1095 3141 γὰρ
1121 3071 1229 3125 ἔδει
1274 3073 1418 3126 αὐτὰ
1475 3074 1751 3141 γίνεσθαι,
1813 3079 1863 3129 εἰ
1913 3076 1989 3146 μὴ

2123 574 2417 636 ιιιιιιίιὶειιη.
2452 574 2652 643 injuria
2686 578 3009 646 allicientes,
3044 585 3346 655 rapientes,
3386 592 3705 646 convician-

2121 672 2223 728 tes,
2284 666 2696 735 maledicentes,
2755 683 3104 740 accusantes,
3136 685 3192 732 et
3239 691 3437 748 praeter
3491 682 3607 739 haec
3651 693 3707 737 et

2119 768 2343 828 propter
2402 760 2518 815 hac
2561 761 2747 817 omnia
2795 765 2994 822 animae
3043 769 3339 839 perniciem
3401 772 3701 840 luctantes,

2122 864 2306 920 neque
2339 854 2441 922 ipsi
2496 852 2564 909 de
2610 857 2975 915 conversione
3022 861 3373 930 meditantes,
3419 879 3596 936 neque
3635 868 3704 923 iis

2114 944 2205 1013 qui
2243 953 2504 1015 tanquam
2540 946 2742 1005 fratres
2769 964 2870 1020 per
2900 967 3142 1007 amorem
3181 954 3276 1009 Dei
3304 955 3575 1014 reducere
3602 974 3704 1013 nos

2110 1035 2304 1100 velint,
2328 1037 2720 1108 obsequentes;
2759 1055 2929 1114 quare
2953 1043 3009 1098 in
3066 1046 3174 1101 line
3218 1046 3309 1101 vix
3345 1047 3463 1104 fieri
3499 1052 3703 1117 poterit

2109 1126 2240 1194 quin
2275 1140 2342 1183 eo
2376 1128 2724 1193 reducamur,
2759 1143 2818 1186 ut
2852 1131 3054 1189 liberos
3086 1145 3306 1193 nostros
3338 1152 3403 1193 ac
3432 1140 3701 1211 quidquid

2110 1234 2298 1275 amore
2320 1220 2763 1290 complectimur,
2796 1223 2914 1279 sine
2940 1238 3159 1295 pastore
3189 1242 3252 1282 ac
3284 1227 3423 1284 duce
3446 1246 3543 1299 per
3566 1246 3698 1300 pas-

2107 1326 2209 1367 cua
2250 1313 2433 1383 vagari
2459 1314 2728 1370 sinamus.
2765 1314 2951 1385 Neque
2983 1333 3082 1373 nos
3134 1316 3284 1389 ipsos
3317 1322 3686 1378 examinanda

2108 1406 2547 1476 interrogamus,
2606 1423 2777 1476 quare
2832 1423 2934 1463 nos
2995 1411 3212 1479 quidem
3277 1428 3380 1482 qua
3445 1414 3694 1472 homines

2106 1497 2157 1551 in
2250 1498 2501 1554 domibus
2598 1500 2804 1555 nostris
2877 1516 3102 1570 pascere
3182 1504 3411 1559 velimus
3494 1504 3695 1560 liberos

2107 1592 2552 1661 consanguineos
2596 1601 2652 1647 et
2701 1593 2988 1663 adoptivos
3041 1604 3097 1650 et
3144 1609 3376 1663 servos,
3424 1605 3479 1651 et
3525 1613 3698 1667 quare

2103 1684 2360 1755 quisque,
2412 1694 2718 1755 praeceptor
2769 1701 2834 1741 ac
2889 1686 3171 1758 legislator
3224 1703 3448 1743 suorum
3503 1703 3695 1759 sponte

2105 1773 2304 1838 factus,
2334 1785 2390 1830 et
2412 1776 2664 1846 corporis
2703 1776 3004 1834 valetudini
3041 1787 3096 1832 et
3137 1778 3337 1834 anima:
3370 1780 3689 1849 tranquilli-

2104 1867 2201 1921 tati
2233 1866 2572 1937 prospiciat:
2631 1877 2940 1939 praeceptor
2977 1879 3160 1924 autem
3207 1887 3236 1925 a
3282 1871 3397 1926 Deo
3439 1871 3598 1928 datus
3637 1881 3696 1928 ct

2103 1957 2412 2014 secundum
2448 1959 2617 2014 Deum
2651 1962 3013 2026 constitutus,
3040 1970 3097 2016 ct
3124 1962 3269 2032 quod
3296 1965 3548 2019 omnibus
3580 1980 3697 2018 ma-

2105 2049 2366 2105 nifestum
2401 2061 2507 2118 est,
2540 2066 2571 2106 a
2597 2051 2709 2109 Deo
2738 2066 3056 2119 concessure,
3082 2055 3391 2125 deponitur,
3432 2066 3696 2129 tanquam

2103 2144 2212 2198 vita
2263 2145 2529 2214 privatus,
2579 2156 2635 2202 et
2685 2148 2765 2203 sic
2812 2148 2880 2203 ab
2926 2163 3095 2219 opere
3139 2149 3326 2206 divino
3365 2149 3697 2222 perficiendo

2104 2237 2366 2291 arcetur?
2390 2237 2458 2292 Et
2481 2252 2582 2294 cur
2608 2239 2865 2309 quaelibet
2894 2238 3099 2295 familia
3125 2240 3326 2312 gaudet
3352 2255 3697 2309 consequen-

2102 2330 2173 2383 tia
2209 2345 2315 2384 non
2369 2330 2695 2399 interrupta,
2750 2341 2806 2386 et
2850 2331 2969 2402 lege
3018 2342 3227 2386 natura:
3283 2333 3438 2403 quasi
3496 2342 3694 2389 catena

2101 2420 2464 2476 indissolubili
2516 2418 2853 2487 continetur,
2895 2422 3103 2478 familia
3156 2434 3337 2479 autem
3390 2424 3694 2494 apostolica

2100 2521 2265 2581 atque
2294 2513 2502 2578 divina,
2545 2514 2702 2585 cujus
2727 2515 2973 2581 vincula,
3007 2525 3195 2585 utpote
3240 2531 3270 2572 e
3305 2516 3444 2569 cmlo
3495 2517 3559 2572 ad
3586 2525 3696 2572 ter-

2098 2619 2213 2658 ram
2247 2605 2661 2672 descendentia,
2709 2622 2993 2678 nunquam
3039 2608 3339 2677 .disrumpi,
3374 2609 3468 2663 sed
3513 2607 3695 2676 potius

2098 2697 2339 2752 nativam
2377 2698 2646 2754 divinitus
2697 2700 2919 2755 insitam
2948 2701 3411 2768 pulchritmiincm
3467 2717 3695 2757 conscr-

2099 2804 2229 2845 vare
2266 2791 2557 2857 deberent,
2598 2792 2948 2849 abolebitur?

2172 2882 2262 2937 52.
2293 2882 2490 2938 Omnia
2544 2884 2674 2953 ista,
2723 2901 2755 2937 ο
2788 2884 3011 2947 fratres.
3065 2902 3243 2957 neque
3292 2888 3516 2957 pulchra
3565 2895 3695 2942 sunt

2096 2989 2275 3044 neque
2300 2976 2411 3030 Deo
2435 2985 2680 3046 accepta,
2713 2980 2808 3030 sed
2844 2976 3146 3032 manifesto
3175 2976 3383 3033 fraudis
3407 2979 3694 3035 diabolica:

2098 3067 2560 3122 machinationes.
2592 3066 2879 3134 Quomodo
2914 3070 3063 3124 enim
3115 3070 3368 3126 accidere
3409 3071 3679 3140 potuisset

395 3156 671 3232 πρόθεσις
698 3158 767 3234 ἦν
792 3164 1099 3234 φιλόκεινος
1137 3164 1217 3235 τῷ
1247 3166 1547 3237 ἁρχεκάκῳ
1592 3167 1682 3221 δαί
1689 3185 1832 3238 μονι.
1893 3168 1987 3221 ἁλ-

2104 3161 2200 3215 uisi
2243 3160 2460 3215 daemon
2492 3160 2799 3216 invidiosus
2838 3161 3130 3232 omnisque
3181 3162 3306 3217 mali
3339 3172 3530 3219 auctor
3577 3164 3686 3219 sibi

394 3255 559 3323 λάξαι
583 3258 677 3309 τὸν
716 3257 922 3325 ἀγαθὸν
958 3257 1337 3330 σαϐϐατισμδν
1365 3258 1456 3312 τὸν
1494 3259 1749 3329 ψυχικὸν,
1808 3262 1900 3314 τὸν
1924 3264 1987 3316 ἐκ

395 3347 557 3414 Θεοῦ,
583 3350 676 3403 τὸν
709 3350 806 3404 ἐπὶ
848 3352 1019 3423 ἀργίᾳ
1066 3354 1248 3420 πάσης
1309 3352 1640 3416 κακώσεως,
1672 3352 1766 3408 καὶ
1821 3371 1988 3423 μετα-

395 3439 626 3511 ποιῆσαι
654 3442 838 3505 κακῶς
876 3443 936 3496 τὸ
970 3445 1038 3498 τὰ
1086 3444 1294 3515 ἀρχαῖα
1342 3444 1444 3514 μὲν
1476 3444 1793 3514 παρελθεῖν,
1822 3448 1988 3499 καινὰ

394 3530 453 3585 δὲ
481 3530 661 3585 πάντα
692 3532 947 3601 γενέσθαι
993 3534 1138 3587 κατὰ
1164 3534 1324 3599 Θεὸν,
1386 3537 1470 3588 ei:
1519 3537 1580 3588 τὸ
1620 3535 1801 3602 λέγειν
1858 3534 1987 3589 ἀνά-

396 3625 587 3689 παλιν,
634 3625 710 3688 ὡς
739 3626 987 3696 παρῆλθε
1022 3627 1124 3696 μὲν
1152 3628 1220 3681 τὰ
1278 3628 1445 3681 καινὰ
1504 3629 1597 3680 καὶ
1634 3628 1775 3695 θεῖα,
1826 3629 1895 3681 τὰ
1931 3627 1986 3681 δὲ

395 3719 600 3789 ἀρχαῖα
633 3717 813 3787 φαῦλα
852 3718 1160 3790 λεληθότως
1188 3720 1662 3789 ἀντιπαρεὶθὸντα
1693 3720 1775 3785 εἰς
1819 3721 1987 3791 μέσον

396 3812 761 3879 καταχορεύει
786 3809 887 3876 τῆς
925 3812 982 3864 ὲν
1015 3812 1151 3881 ἡμῖν
1180 3810 1512 3883 ὁμηγύρεως
1532 3830 1546 3879 ἶ

468 3908 571 3971 νγθ.
597 3902 709 3957 Καὶ
730 3900 847 3956 οἶδα
883 3904 985 3974 μὲν
1017 3903 1118 3974 (μὴ
1179 3904 1290 3973 γὰρ
1352 3905 1529 3969 οὕτως
1584 3904 1617 3975 ἦ
1672 3903 1982 3976 μανείην,ἣ

392 3995 665 4065 λαθοίμην
698 3994 789 4048 τοῦ
815 3994 1072 4065 δέοντος),
1106 3998 1187 4050 ὅτι
1218 3999 1277 4050 οὑ
1310 4000 1639 4068 κοιμήσεται
1685 4000 1713 4051 ὁ
1744 3997 1875 4061 Θεὸς
1908 4001 1987 4060 εἰς

392 4086 575 4150 τέλος,
609 4087 748 4140 ἀλλὰ
779 4087 1008 4149 δυνατὸς
1065 4088 1161 4141 καὶ
1211 4090 1583 4159 κραιπαλικὸς
1616 4090 1691 4153 ὡς
1748 4090 1806 4156 ἐξ
1839 4090 1986 4143 οἴνου

393 4181 783 4248 ἀναστήσεται,
804 4179 899 4233 καὶ
922 4180 1328 4251 ἐγκαταστήσει
1347 4182 1416 4234 τὰ
1429 4179 1630 4234 ἑαυτοῦ
1651 4183 1763 4245 τοῖς
1790 4182 1981 4246 αὑτοῦ,

390 4275 472 4347 τῷ
505 4275 817 4345 διδασκάλῳ
852 4274 913 4329 τὸ
937 4274 1235 4339 διδάσκειν,
1285 4274 1363 4345 τῷ
1396 4276 1567 4346 πατρὶ
1595 4276 1657 4331 τὸ
1706 4276 1987 4345 ὑπηκόους

393 4368 542 4437 ἔχειν
570 4368 695 4430 τοὺς
731 4367 908 4431 υἱοὺς,
938 4366 1017 4437 τῷ
1041 4367 1388 4437 ποιμαίνοντι
1418 4366 1480 4420 τὸ
1504 4368 1662 4436 ἄγειν
1698 4371 1792 4422 καὶ
1822 4372 1989 4422 ἐπαν-

396 4461 556 4529 άγειν
582 4461 650 4514 τὰ
684 4461 935 4529 ποίμνια,
966 4459 1042 4524 ὡς
1071 4460 1269 4531 χρεών·
1305 4462 1399 4515 καὶ
1429 4464 1623 4527 παντὶ,
1686 4461 1762 4525 ὡς
1797 4462 1987 4524 ἁπλῶς

2093 3253 2472 3322 proposuisset
2492 3250 2794 3307 Sabbatum
2829 3253 3051 3318 bonum,
3079 3253 3442 3324 spiritualem,
3476 3255 3683 3310 divini-

2094 3356 2183 3400 tus
2224 3346 2439 3411 datum,
2470 3345 2650 3401 omnis
2694 3346 2917 3402 malitia:
2961 3347 3358 3417 suppressione
3407 3347 3679 3417 insignem

2095 3437 2440 3505 perturbare,
2476 3446 2530 3513 et
2558 3437 2685 3492 illud
2715 3438 2859 3507 quod
2893 3436 3097 3493 dicitur
3126 3455 3139 3492 :
3169 3436 3370 3493 Vetera
3404 3438 3689 3509 disparuec

2097 3540 2246 3593 runt,
2284 3531 2466 3584 omnia
2499 3532 2802 3583 secundum
2836 3528 3007 3584 Deum
3056 3531 3318 3584 innovata
3366 3539 3517 3594 sunt,
3547 3530 3690 3584 male

2095 3629 2408 3691 pervertere
2444 3621 2498 3676 in
2533 3621 2637 3676 hoc
2680 3640 2694 3676 :
2728 3620 2877 3674 Nova
2913 3636 2978 3675 ac
3028 3621 3213 3676 divina
3272 3621 3684 3691 disparuerunt,

2096 3725 2248 3769 \etus
2285 3725 2466 3768 autem
2502 3715 2812 3784 malignitas
2838 3714 3040 3770 sensim
3066 3716 3379 3784 sensimque
3406 3716 3456 3768 in
3482 3728 3685 3769 coetum

2095 3820 2341 3862 nostrum
2371 3808 2637 3879 irrepsit?

2164 3906 2253 3959 53.
2292 3903 2556 3974 Equidem
2605 3905 2727 3958 novi
2766 3905 2965 3975 (neque
2994 3903 3141 3958 enim
3175 3902 3311 3957 adeo
3342 3914 3523 3957 mente
3564 3918 3687 3957 sum

2094 4008 2310 4063 captus,
2337 4009 2513 4064 neque
2542 3994 2703 4050 ofﬁcii
2737 3993 3046 4063 immemor)
3072 3994 3213 4063 quod
3242 3992 3386 4048 Dens
3420 4008 3526 4047 non
3557 3992 3689 4047 dor-

2095 4094 2226 4143 mict
2260 4090 2316 4143 in
2350 4088 2540 4155 finem,
2586 4088 2681 4145 sed
2741 4103 2935 4160 potens
2964 4105 3028 4143 ac
3062 4089 3205 4145 velut
3234 4104 3265 4144 e
3289 4090 3416 4143 vino
3474 4091 3685 4142 excita-

2096 4193 2181 4238 tus
2213 4192 2493 4251 essnrget,
2526 4192 2580 4239 et
2632 4198 2730 4237 sua
2783 4183 2984 4253 cuique
3027 4184 3309 4247 attribuet,
3364 4180 3684 4252 praeceptori

2096 4290 2158 4332 ut
2190 4280 2407 4341 doceat,
2450 4276 2591 4346 patri
2619 4286 2677 4329 ut
2709 4276 2912 4330 habeat
2943 4275 3086 4330 lilios
3118 4275 3443 4344 morigeros.
3481 4272 3685 4344 pastori

2094 4379 2150 4424 ut
2175 4386 2397 4440 gregem
2429 4373 2592 4423 ducat
2616 4383 2682 4424 ac
2716 4369 2962 4432 redueat,
2997 4369 3070 4422 nti
3108 4367 3356 4431 addecet,
3385 4376 3441 4420 et
3475 4375 3534 4420 ut
3560 4365 3687 4419 bre-

2096 4464 2176 4517 vis
2206 4464 2335 4527 sint,
2372 4463 2523 4516 omni
2578 4472 2635 4517 et
2670 4463 2960 4532 praeposito
2990 4470 3044 4515 et
3088 4460 3308 4515 subdito
3343 4458 3495 4513 dabit
3539 4458 3685 4527 quod

394 4556 593 4620 εἰπεῖν,
619 4554 941 4625 ὑπερέχοντι
974 4554 1071 4607 καὶ
1120 4555 1520 4626 ὑπερεχομένῳ
1565 4556 1985 4610 ὲπανασώσεται

2104 4571 2143 4615 2t
2175 4559 2538 4627 Spiritualiter
2593 4559 2641 4612 ei
2699 4556 3011 4636 conveniat,
3053 4568 3108 4610 et
3166 4553 3467 4609 secundum
3508 4551 3683 4623 legem

390 4645 455 4699 τὸ
481 4645 871 4715 πνευματικῶς
895 4644 1163 4716 καθῆκον,
1207 4647 1306 4701 καὶ
1341 4648 1401 4701 τὸ
1430 4650 1634 4702 οἰκεῖον
1684 4650 1779 4703 καὶ
1811 4667 1991 4720 προσ-

390 4743 529 4813 ῆκον
551 4738 873 4803 κανονικῶς.

464 4832 561 4887 νδν.
596 4833 709 4886 Καὶ
757 4826 881 4886 οῖδα
918 4830 1018 4901 μὲν
1054 4829 1206 4883 τοῦθ’
1236 4831 1414 4894 οὑτως
1454 4831 1738 4901 ἐσόμενονο
1792 4832 1987 4903 ἤθελον

391 4925 452 4980 δὲ
490 4924 667 4989 ἄλλως
694 4924 898 4979 αὐτίκα
941 4923 1105 4978 τοῦτο
1135 4922 1357 4993 βλέπειν
1383 4925 1480 4979 καὶ
1514 4926 1754 4994 χαίρειν,
1785 4927 1881 4979 καὶ
1911 4924 1987 4995 μὴ

391 5016 775 5071 δυσελπιστεῖν
826 5017 921 5071 καὶ
973 5016 1215 5085 ἀγωνιᾷν
1273 5016 1367 5069 καὶ
1419 5016 1773 5070 εὑλαὸεῖσθαι
1837 5017 1987 5086 παρὰ

391 5109 508 5172 τοῖς
537 5106 841 5174 εἰσέπειτα,
870 5111 965 5160 καὶ
1000 5105 1282 5176 συνοχλεῖν
1316 5107 1410 5159 τὸν
1443 5106 1669 5176 Κύριον,
1687 5105 1988 5174 ἀναστῆναι

393 5201 495 5255 καὶ
533 5199 754 5268 ὑψῶσαι
780 5200 943 5269 χεῖρα
974 5196 1191 5268 ὑψηλὴν
1234 5199 1316 5261 είς
1373 5196 1620 5268 ἐμϐριθῆ
1681 5197 1987 5268 ἐκδίκησιν,

398 5289 536 5361 μηδὲ
578 5289 903 5343 ἀποκεῖσθαι
944 5288 1307 5359 συγγράφειν,
1372 5289 1446 5351 ὡς
1483 5290 1593 5359 ἄρα
1610 5291 1800 5360 καιρὸς
1831 5286 1987 5362 ἦλθε,

394 5384 493 5436 καὶ
517 5380 792 5451 ιὺφόρησε
830 5379 1089 5445 ζιζανίων
1153 5379 1249 5434 καὶ
1290 5378 1547 5434 ἀκανθῶν
1596 5381 1658 5435 τὸ
1697 5382 1791 5435 τοῦ
1851 5383 1988 5437 Θεοῦ

395 5469 531 5539 παρ’
566 5472 697 5542 ἡμῖν
725 5470 824 5523 καὶ
850 5471 1127 5541 πλήρωμα
1166 5472 1259 5525 καὶ
1290 5470 1586 5541 κλήρωμα,
1619 5472 1711 5525 καὶ
1748 5473 1824 5535 ὡς
1848 5471 1990 5526 ἐθλί-

397 5562 574 5631 6ησαν
599 5560 857 5615 ἐντεῦθεν
882 5561 1081 5625 ἱκανοὶ,
1125 5560 1272 5616 καθὰ
1319 5562 1421 5614 οὑκ
1454 5563 1646 5633 ἐχρῆν,
1702 5563 1796 5617 καὶ⁵
1826 5565 1987 5627 ὅσους

396 5655 500 5706 οὑκ
528 5653 661 5720 ἔδει,
694 5656 789 5707 καὶ
815 5654 891 5717 ὡς
932 5653 1033 5707 οὑκ
1065 5652 1290 5724 ἔτρεπε,
1345 5652 1443 5706 καὶ
1492 5654 1743 5717 νυγέντες
1787 5656 1836 5707 οἱ
1879 5672 1986 5707 πα-

397 5742 583 5806 θόντες
609 5743 1042 5814 ἐκεντρίσθησαν
1062 5745 1142 5806 είς
1174 5743 1391 5815 ὀδύνην.
1438 5742 1568 5813 Ὀψὲ
1606 5744 1661 5797 δέ
1690 5760 1822 5799 ποτε
1842 5747 1984 5815 μετὰ

396 5835 770 5907 τοσάπληγον,
799 5835 996 5910 deeds
1029 5837 1104 5907 μὴ
1142 5835 1529 5906 δεκάπληγονι
1565 5838 1648 5902 είς
1677 5835 1981 5909 εὔχρηστον

2094 4660 2159 4710 ad
2194 4655 2369 4722 ipsum
2399 4659 2633 4721 spectet.

2166 4828 2255 4884 54.
2286 4827 2449 4893 Novi,
2477 4829 2725 4897 inquam,
2756 4830 2871 4883 iut'c
2900 4828 2973 4882 ita
3006 4827 3124 4883 fore
3154 4842 3171 4884 :
3206 4825 3398 4883 vellem
3428 4837 3535 4881 tam
3556 4839 3699 4901 pro-q

2095 4924 2247 4978 Illius
2301 4925 2403 4978 ista
2449 4924 2636 4979 videre
2692 4931 2748 4979 ct
2799 4922 2996 4987 lauari,
3043 4936 3218 4991 neque
3254 4922 3549 4991 desperare
3585 4930 3703 4987 nec."

2094 5013 2281 5069 dolere
2313 5029 2411 5068 nec
2434 5013 2628 5069 timere
2648 5017 2714 5068 de
2744 5014 3005 5083 posteris,
3037 5014 3150 5069 imo
3172 5012 3461 5068 Dominum
3492 5025 3688 5083 rogare

2094 5118 2151 5160 ut
2173 5116 2430 5176 exsurgat
2459 5117 2511 5161 et
2540 5121 2762 5161 manum
2797 5108 2863 5161 ad
2897 5106 3192 5161 vindictam
3227 5120 3476 5162 severam
3511 5106 3687 5160 extol-

2093 5200 2188 5264 lat,
2219 5214 2318 5256 nec
2356 5200 2586 5255 rationis
2626 5199 2915 5254 reddenda:
2948 5210 3162 5270 tempus
3203 5199 3564 5264 distrahatur,
3610 5196 3688 5251 si-

2096 5292 2318 5362 quidem
2366 5300 2705 5347 momentum
2750 5292 2995 5357 advenit,
3023 5300 3077 5344 et
3110 5290 3329 5344 divinus
3367 5300 3476 5344 tum
3509 5298 3689 5343 cretus

2100 5393 2218 5438 tum
2248 5385 2431 5439 clerus
2460 5383 2588 5438 lolia
2623 5398 2687 5437 ac
2720 5385 2911 5452 spinas
2960 5381 3167 5439 affatim
3217 5381 3582 5451 protulerunt,
3628 5389 3685 5435 ct

2096 5476 2241 5531 haud
2272 5476 2428 5546 pauci
2454 5475 2785 5531 contumelia
2812 5473 2990 5529 allecti
3017 5481 3145 5528 sunt
3175 5482 3303 5544 quot
3333 5479 3388 5529 et
3408 5473 3682 5543 quomodo

2092 5584 2200 5623 non
2226 5568 2452 5623 decebat
2478 5578 2531 5622 et
2558 5567 2628 5622 ob
2658 5582 2851 5623 causas
2885 5568 3156 5635 indignas,
3195 5566 3431 5633 caesique
3485 5563 3703 5629 verbe-_

2092 5660 2244 5714 ribus
2289 5660 2492 5715 misere
2543 5660 2790 5715 dolorum
2844 5659 3051 5714 aculeis
3102 5657 3288 5712 traditi
3334 5664 3482 5711 sunt.
3530 5654 3677 5708 Sero

2094 5758 2276 5804 autem
2311 5750 2606 5818 aliquando
2631 5761 2755 5820 post
2790 5759 2865 5803 tot
2897 5749 3106 5818 plagas,
3141 5761 3261 5815 quae
3282 5747 3488 5800 utinam
3523 5741 3677 5797 haud

2093 5840 2484 5910 decuplentur!
2520 5852 2663 5897 terra
2716 5841 2804 5897 illa
2852 5843 2918 5897 ad
2960 5854 3283 5911 pr03peram
3331 5838 3676 5895 fertilitatem
