4048 6464
338 370 446 434 335

337 580 560 635 inbmret
580 590 873 650 tantusque
893 578 1038 633 zelus
1054 578 1268 632 divinus
1287 592 1373 630 me
1389 577 1519 642 urit,
1535 577 1663 629 utin
1681 575 1821 627 votis
1839 589 1925 626 ar-

332 669 677 725 dentissitnis
699 670 951 736 habeam,
975 679 1034 724 ut
1058 671 1124 722 ab
1142 669 1246 722 hoc
1264 669 1448 722 statim
1471 669 1556 721 die
1577 666 1786 721 zizania
1807 681 1926 733 per-

341 769 546 812 mutata
570 759 620 812 in
644 773 836 826 purum
861 758 1193 810 frumentum
1213 765 1559 816 excrescant.
1593 770 1660 808 ne
1685 767 1923 822 unquam

341 864 370 901 a
396 849 638 903 datmone
676 849 1010 914 cribrentur,
1038 857 1093 903 et
1119 858 1176 902 ιιι
1215 848 1404 916 spinm,
1442 847 1514 900 uti
1563 845 1675 898 Deo
1712 853 1922 915 gratum

339 941 790 1005 est,extollautur
817 943 1013 1011 partim
1038 942 1091 996 in
1122 941 1338 1005 cedros,
1366 941 1698 1010 cyparissos,
1732 938 1916 1006 pinus,

340 1045 480 1098 quas
545 1031 636 1084 Dei
689 1031 888 1086 domus
954 1033 1212 1101 expetit,
1268 1031 1464 1100 partim
1525 1030 1806 1097 erigantur
1865 1027 1916 1079 in

342 1123 477 1177 alias
513 1125 733 1178 arbOrcs
765 1131 988 1179 edentes
1023 1125 1206 1192 fruges
1241 1141 1374 1191 quas
1414 1123 1557 1176 Deus
1591 1121 1785 1190 diligit.

1053 370 1477 434 EUSTATIIII
1515 368 1804 428 TilESSA
1820 367 2289 430 LONICENSIS
2331 367 2892 428 METROPOLITJE

327 486 553 542 redibit.
575 485 886 556 Tantopere
903 494 1085 541 autem
1105 486 1431 540 desiderium
1461 483 1608 538 istud
1633 483 1782 536 cordi
1806 499 1925 536 meo

2048 483 2165 552 ⁵γῆ
2216 481 2401 552 ἐκείνη
2443 482 2705 551 εὐφορίαν
2764 481 3134 548 ἀποκατέστη.
3209 477 3297 542 Ἐς

3344 479 3604 533 τοσοῦτον

2025 574 2081 626 δέ
2123 591 2212 643 μοι
2234 573 2302 626 τὰ
2325 575 2422 642 τῆς
2451 575 2708 638 τοιαύτης
2742 576 2982 642 ἐφέσεως
3009 573 3287 640 ἐντέτηκε,
3320 573 3417 627 καὶ
3452 574 3478 625 ὁ
3507 573 3602 626 τοῦ

2024 665 2158 719 Θεοῦ
2191 666 2349 731 ζῆλος
2381 666 2668 719 ὐπεκκαῖει
2704 684 2792 734 με,
2819 665 2959 716 ὥστε
2994 665 3062 717 δι’
3095 665 3260 735 εὐχῆς
3295 661 3435 718 εἶναί
3489 686 3600 736 μοι,

2028 757 2352 820 αὐτομάτως
2383 758 2490 809 ἀπὸ
2551 758 2650 825 τῆς
2693 758 2936 825 σήμερον
2997 757 3092 809 καὶ
3133 761 3204 808 τά
3265 757 3480 821 ζιζάνια
3523 759 3604 818 είς

2027 849 2274 918 καθαρὸν,
2294 853 2438 902 σῖτον
2489 849 2832 918 ἀναθηλῆται
2891 849 3358 918 μεταμειφθέντα,
3415 851 3491 910 rb;
3529 852 3603 921 μὴ

2027 939 2092 992 ἂν
2130 941 2206 1009 τῷ
2233 941 2447 1008 δαίμονι
2486 941 2791 1009 σινιαθῆναί
2821 957 2949 993 ποτε
2980 939 3075 993 τοῦ
3120 941 3333 1006 λοιποῦ,
3378 942 3468 994 καὶ
3507 932 3606 1004 τὰς

2026 1033 2266 1095 ἀκάνθας
2297 1035 2352 1086 δὲ
2381 1034 2645 1103 ἀναϐῆναι
2679 1033 2962 1100 θεοφιλῶς.
2989 1037 3085 1095 τὰς
3118 1035 3216 1101 μὲν
3251 1034 3604 1102 παρυῲωθεί-

2020 1140 2117 1184 σας
2140 1128 2218 1186 εἰς
2253 1126 2475 1193 κέδρους
2493 1128 2587 1178 καὶ
2621 1127 2999 1196 κυπαρίσσους
3017 1129 3110 1179 καὶ
3127 1127 3356 1187 πεύκας,
3376 1123 3449 1178 ὧν
3470 1129 3495 1178 ό
3511 1125 3604 1178 τοῦ

340 1213 476 1268 Θεοῦ
494 1210 638 1277 οἶκος
663 1215 894 1284 ἐφίεται,
916 1216 1010 1279 τάς
1029 1217 1085 1269 δὲ
1103 1213 1523 1285 ἀναδραμούσας
1547 1214 1625 1277 είς
1657 1213 1874 1277 ἑτεροῖα
1894 1207 2089 1283 δένδρα
2104 1217 2325 1286 εὐαυξῆ.
2346 1217 2806 1288 καρποφοροῦντα
2831 1219 3060 1286 τροφὴν,
3092 1219 3154 1288 ἢν
3169 1219 3358 1287 ἀγαπᾷ
3385 1219 3413 1267 ὁ
3446 1217 3600 1279 Θεὸς.

418 1308 505 1362 55.
543 1308 600 1362 Si
626 1318 805 1362 autem
835 1311 948 1363 haec
976 1310 1182 1373 dicens,
1208 1325 1240 1364 ο
1269 1309 1488 1373 fratres,
1522 1316 1573 1362 ct
1611 1306 1912 1360 amicorum

341 1399 566 1454 vulnera
597 1402 920 1466 ostendens,
969 1402 1150 1470 gravis
1205 1417 1270 1456 ac
1321 1416 1546 1457 severus
1578 1401 1764 1454 videor
1814 1397 1918 1450 illis

349 1492 442 1562 qui
511 1493 650 1547 forte
720 1493 929 1561 pudore
998 1493 1406 1558 suﬂ‘unduntur,
1457 1491 1918 1562 quemadmodum

346 1584 489 1652 quis,
553 1584 645 1650 qui
706 1599 832 1638 cum
880 1586 1160 1653 speciosus
1201 1601 1307 1639 non
1363 1584 1459 1650 sit,
1507 1595 1690 1639 tamen
1749 1581 1920 1634 videri

351 1674 477 1728 talis
511 1675 663 1737 velit,
703 1675 980 1730 invehitur
1011 1678 1062 1730 in
1099 1691 1224 1731 eum
1257 1677 1347 1744 qui
1401 1675 1500 1744 ipsi
1545 1674 1763 1738 dixerit,
1804 1673 1916 1724 for-

353 1776 497 1818 tuam
529 1765 838 1835 speciosam
870 1783 1032 1836 quam
1074 1767 1175 1822 sibi
1219 1767 1488 1831 attribuit,
1521 1781 1643 1820 esse
1687 1763 1920 1818 ementic

2095 1314 2187 1361 ve'.
2225 1311 2286 1362 Εἰ
2316 1310 2370 1362 δὲ
2409 1311 2582 1363 ταῦτα
2613 1311 2821 1377 λέγων,
2849 1311 2944 1364 καὶ
2973 1311 3132 1378 γοῦν,
3166 1304 3211 1363 ὦ
3253 1309 3470 1377 ἀδελφοὶ
3509 1311 3604 1362 καὶ

2025 1401 2393 1470 παραδεικνὺς
2419 1403 2605 1468 φιλικά
2628 1402 2944 1472 τραύματα,
2973 1402 3143 1472 βαρὺς
3163 1402 3304 1455 δοκῶ
3325 1404 3436 1465 τοῖς
3473 1401 3605 1463 ἴσως

2029 1492 2441 1560 αἰσχυνομένοις
2463 1534 2476 1555 ,
2515 1493 2659 1547 καθά
2690 1494 2786 1547 καὶ
2814 1493 2868 1545 εῐ
2897 1511 2979 1556 τις
3015 1493 3091 1563 μὴ
3121 1491 3197 1544 ὢν
3225 1492 3442 1562 ὡραῖος,
3482 1493 3604 1545 ἐθέ-

2027 1579 2133 1633 λων
2161 1581 2214 1634 δὲ
2233 1581 2474 1645 τοιοῦτος
2494 1582 2691 1648 δοκεῖν,
2714 1584 3092 1637 κατατείνεται
3109 1583 3204 1636 τοῦ
3229 1583 3610 1636 ἀναδιδάσκον-

2027 1689 2117 1734 τος
2164 1675 2369 1726 ἐκεῖνον
2391 1713 2404 1735 ,
2441 1673 2516 1736 ὼς
2545 1674 2797 1744 ψεύδεται
2833 1675 2930 1744 τὴν
2968 1674 3294 1743 εὐμορφίαν,
3328 1676 3393 1745 ἢν
3431 1673 3611 1744 ἐαυτῷ

2029 1763 2325 1833 ἐπιγράφει
2377 1795 2445 1806 -
2491 1765 2606 1819 ἀλλ’
2645 1765 2758 1833 ἐγὼ
2802 1765 3132 1835 πληροφορῶ
3185 1764 3280 1818 και
3323 1765 3445 1834 ἄρτι
3485 1767 3610 1826 τοὺς

350 1866 486 1923 tam,
534 1869 588 1912 at
619 1874 720 1928 ego
753 1860 1090 1914 auditoribus
1119 1874 1436 1929 persuasum
1468 1873 1590 1914 esse
1625 1859 1803 1926 cupio,
1836 1870 1921 1910 me

2048 1853 2342 1917 ικούοντας,
2391 1855 2474 1907 ὅτι
2520 1855 2842 1907 κολακεύειν
2892 1855 3071 1918 ὀκνῶ,
3108 1855 3205 1907 καὶ
3259 1855 3358 1907 οὐκ
3398 1855 3505 1923 ἔχω
3551 1854 3611 1907 εὖ

352 1949 562 2004 adulari
595 1951 810 2005 nescire
838 1961 933 2006 aut
959 1953 1141 2006 omnia
1168 1951 1652 2006 indiscriminatim
1676 1948 1924 2002 laudibus

354 2038 554 2094 efferre
584 2048 747 2110 atque
792 2039 871 2095 sic
914 2041 1091 2112 palam
1127 2042 1372 2096 mentiri.
1410 2041 1568 2098 Unus
1603 2040 1748 2095 enim
1782 2037 1926 2090 Deus

354 2133 580 2188 omnino
614 2148 676 2189 ac
710 2149 927 2205 semper
949 2144 1003 2189 et
1043 2135 1240 2204 ubique
1263 2135 1516 2190 laudibus
1543 2133 1923 2193 celebraudus,

349 2223 708 2300 iustissimus,
754 2226 1014 2295 optimus,
1062 2225 1465 2287 sanctissimus,
1522 2224 1575 2277 in
1621 2237 1729 2292 quo
1779 2220 1924 2274 mtila

353 2317 493 2370 inest
530 2317 815 2386 iniustitia,
852 2333 881 2373 a
919 2334 1026 2388 quo
1062 2318 1213 2374 fraus
1253 2327 1308 2373 et
1359 2316 1565 2371 malitia
1596 2326 1930 2384 quaecunque

353 2408 568 2463 exsulat
617 2427 633 2465 :
688 2411 852 2465 homo
899 2420 1102 2476 autem,
1142 2411 1453 2480 quicunque
1487 2409 1704 2462 demum
1753 2407 1824 2459 sit
1876 2412 1931 2457 et

356 2495 852 2572 quantamcunque
891 2502 1134 2572 attigerit
1178 2511 1394 2556 aetatem
1425 2540 1440 2564 ,
1499 2499 1698 2553 lrustra
1752 2495 1932 2550 studet

357 2597 413 2646 et
461 2591 714 2661 opinatur
773 2603 830 2649 et
891 2595 1103 2649 laborat
1149 2604 1208 2646 ttt
1252 2593 1307 2648 in
1349 2593 1604 2647 omnibus
1657 2590 1814 2644 laude
1863 2588 1934 2640 sit

355 2683 570 2752 dignus.
605 2684 865 2751 Quamvis
899 2687 1044 2740 enim
1091 2685 1320 2756 plurima
1367 2684 1556 2739 fecerit
1609 2684 1661 2737 in
1711 2682 1933 2742 mundo,

361 2787 466 2828 non
507 2784 692 2830 tamen
731 2780 814 2842 eof
845 2778 1144 2846 perveniet,
1179 2787 1239 2832 ut
1269 2778 1444 2830 omnis
1488 2776 1658 2845 culpa:
1689 2790 1753 2829 ac
1791 2773 1930 2827 vitu-

363 2865 504 2934 perii
534 2881 734 2936 expers
769 2871 838 2924 sit
871 2871 924 2924 in
957 2871 1064 2937 via,
1099 2872 1192 2924 sed
1233 2871 1404 2925 solum
1435 2871 1504 2925 ob
1523 2886 1608 2934 ea,
1644 2885 1764 2940 qua:
1796 2869 1934 2923 bene

363 2960 577 3029 peragit
608 2967 665 3015 et
709 2971 982 3031 quatenus
1024 2979 1249 3034 sc0pnm
1301 2963 1640 3033 prepositum
1689 2961 1930 3031 attingit,

357 3049 482 3121 jure
513 3052 816 3125 meritoque
849 3055 1124 3111 laudatur.

430 3143 522 3199 56.
554 3145 730 3217 Atque
777 3148 894 3203 haec
936 3159 1020 3204 est
1065 3163 1244 3204 arenae
1293 3149 1402 3215 lex,
1456 3163 1561 3219 qua
1610 3149 1823 3204 athleta:
1877 3164 1939 3202 ac

359 3237 578 3305 pugiles
630 3240 700 3294 ad
749 3240 1122 3297 fortitudinem
1178 3242 1624 3307 exstintulantur,
1672 3253 1728 3298 ut
1782 3244 1942 3298 modo

362 3327 639 3398 laudibus,
692 3333 1198 3401 acclamationibus,
1254 3334 1721 3400 felicitationibus,
1774 3339 1938 3391 modo

361 3421 604 3492 praemiis
648 3425 1006 3482 adornentur.
1078 3425 1185 3482 Sed
1241 3428 1309 3483 ab
1366 3427 1434 3482 iis
1487 3428 1577 3498 qui
1631 3430 1939 3484 animarum

365 3526 554 3569 curam
601 3525 819 3586 gerunt,
871 3518 1143 3574 interdum
1195 3535 1264 3576 ne
1293 3519 1383 3575 ille
1427 3521 1644 3591 quidem
1673 3520 1766 3591 qui
1806 3521 1945 3575 bene

364 3603 602 3662 luctatus
633 3615 738 3670 est.
765 3607 1032 3664 laudatur.
1064 3610 1309 3666 Metuunt
1359 3611 1636 3677 nimirum,
1671 3626 1738 3667 ne
1775 3611 1942 3666 disci—

364 3699 476 3766 puli
509 3707 916 3772 sectatoresque
949 3703 1162 3756 virtutis
1207 3717 1303 3771 per
1345 3718 1628 3759 assensum
1669 3717 1732 3758 ac
1761 3715 1947 3774 gratu-

367 3789 624 3848 lationem
678 3794 744 3846 ad
802 3793 1003 3849 fastum
1053 3810 1358 3866 vanamque
1403 3795 1716 3866 superbiam
1777 3797 1949 3872 prori-

368 3883 608 3956 piantur;
660 3884 889 3956 ideoque
945 3887 1252 3957 vituperant
1298 3897 1624 3960 pttgnatorcs
1673 3897 1948 3955 strenuos,

370 3990 511 4046 quos
554 3985 735 4034 tamen
775 3978 1041 4050 ejusmodi
1095 3987 1496 4051 praceptorum
1551 3979 1825 4051 vituperia
1879 3979 1944 4034 ad

373 4070 566 4127 melius
605 4070 833 4128 incitant
861 4081 914 4128 et
941 4070 1088 4132 velut
1125 4071 1330 4128 stimuli
1356 4072 1575 4130 virtutis
1614 4074 1767 4128 fiunt.

449 4251 538 4305 57.
578 4249 670 4307 Sic
705 4259 884 4306 autem
925 4251 1016 4322 qui
1061 4252 1113 4308 in
1151 4261 1398 4323 tempore
1447 4252 1701 4310 virtutem
1731 4253 1950 4310 aemula-

377 4353 486 4410 tur,
513 4343 674 4400 laude
699 4345 894 4416 dignus
925 4346 1050 4401 erit.
1075 4345 1179 4403 Ubi
1217 4362 1366 4411 vero,
1391 4361 1503 4417 prae
1540 4346 1709 4401 nimio
1734 4346 1952 4414 ardore,

375 4433 515 4488 ultra
553 4449 774 4505 scopum
808 4445 1117 4506 proreptus,
1151 4445 1244 4492 aut
1270 4435 1440 4493 nimia
1462 4436 1679 4508 pigritia
1709 4446 1952 4492 retentus

379 4529 713 4597 peccaverit,
770 4539 901 4585 tunc
961 4546 1149 4585 revera
1204 4531 1349 4585 nulla
1401 4531 1592 4600 dignus
1639 4530 2028 4606 censebiturD

382 4618 563 4686 laude,
609 4621 704 4676 sed
737 4621 917 4690 potius
957 4622 1123 4676 verba
1177 4622 1360 4676 audiet
1405 4637 1546 4692 quae,
1598 4632 1656 4675 ut
1703 4638 1807 4676 non
1844 4623 1954 4676 sint

382 4711 546 4766 nimis
592 4713 738 4768 acria
789 4722 843 4768 et
895 4714 1258 4780 amarulenta,
1313 4723 1492 4768 tamen
1543 4715 1735 4785 judicii
1772 4716 1950 4779 melle,

382 4803 459 4856 uti
495 4803 672 4868 decet,
711 4814 1070 4873 attemperata
1099 4816 1248 4871 sunt,
1299 4806 1344 4860 si
1387 4805 1639 4876 nimirum
1676 4817 1954 4874 peccaturo

380 4893 489 4948 tale
520 4893 592 4947 sit
622 4902 682 4949 ut
715 4909 842 4961 non,
875 4894 1312 4964 supplantatione
1361 4895 1583 4962 diaboli,
1619 4896 1771 4966 lapso
1817 4897 1959 4952 inle-

383 4983 544 5037 ritum
587 4998 650 5038 ac
687 4994 921 5039 mortem
951 4986 1330 5043 comminetur.
1371 4986 1598 5052 Quando
1637 4996 1817 5042 autem
1852 5003 1958 5042 non

386 5076 755 5140 mediocriter.
801 5087 859 5131 ιιι
910 5077 983 5131 ita
1018 5078 1217 5144 dicam,
1273 5079 1368 5135 sed
1419 5079 1720 5148 capitaliter
1770 5095 1961 5148 pecca-

386 5167 526 5222 verit
560 5177 615 5224 et
663 5171 1030 5239 transgressio
1079 5171 1163 5225 vix
1210 5172 1416 5226 remitti
1467 5187 1628 5240 posse
1679 5173 1960 5237 videatur,

387 5273 517 5315 tunc
555 5270 811 5328 peccator
861 5262 1152 5332 vituperiis
1195 5273 1245 5319 et
1284 5263 1745 5333 increpationibus
1797 5265 1964 5319 casti-

391 5351 632 5420 gabitur,
665 5359 742 5415 et,
791 5353 836 5406 si
889 5354 1048 5409 modo
1079 5365 1316 5409 mentem
1373 5371 1559 5410 sanam
1599 5354 1812 5417 habeat,
1849 5356 1967 5409 vul-

393 5440 538 5495 neris
552 5443 889 5497 curationem
914 5459 1012 5515 per
1030 5446 1422 5501 correctionem
1444 5449 1586 5501 velut
1611 5463 1706 5517 per
1726 5462 1964 5501 amaram

394 5532 630 5588 radicem
670 5532 920 5590 lubenter
960 5537 1229 5591 admittet.
1277 5538 1331 5592 Si
1382 5538 1526 5592 enim
1565 5555 1668 5592 non
1723 5540 1792 5592 ita
1845 5555 1968 5592 seu-

394 5624 549 5690 serit,
584 5625 679 5680 sed
719 5626 897 5693 potius
923 5625 1266 5695 spiritualem
1305 5629 1630 5683 medicinam
1664 5645 1804 5699 τηειρ
1833 5628 1971 5682 ferre

398 5723 561 5785 atque
585 5717 824 5772 aversari
849 5718 1122 5784 videatur,
1178 5718 1318 5773 male
1346 5721 1547 5784 audiet,
1580 5722 1653 5774 nil
1683 5735 1972 5776 commune

403 5805 607 5862 habens
642 5822 764 5864 cum
795 5808 1114 5866 hominibus
1146 5810 1303 5865 laude
1341 5811 1542 5879 dignis,
1574 5821 1627 5868 et
1661 5821 1780 5878 post
1809 5812 1973 5865 mttlta

2034 1945 2216 2013 λέγειν
2255 1946 2472 2000 ἅπαντα
2521 1948 2601 2008 εἰς
2651 1947 2984 2017 ἀδιάκριτον,
3035 1948 3129 2001 καὶ
3164 1946 3310 2000 οὕτω
3359 1947 3613 2016 φανερῶς

2037 2038 2349 2108 ψεύδεσθαι.
2396 2036 2488 2104 Εἷς
2519 2041 2628 2112 γὰρ
2662 2043 2756 2093 και
2793 2042 2952 2109 μόνος
2983 2041 3274 2111 εὐλογητὸς
3307 2042 3481 2111 πάντη
3519 2041 3614 2094 καὶ

2042 2132 2260 2192 πάντως
2303 2133 2397 2186 καὶ
2438 2134 2668 2186 πάντοτε
2717 2135 2743 2184 ὁ
2770 2133 2920 2196 Θεὸς,
2955 2133 3014 2195 ὃς
3046 2133 3144 2185 οὐκ
3176 2129 3284 2186 οἶδε
3342 2134 3615 2204 ἁμαρτίαν

2043 2226 2238 2287 ποιεῖν,
2269 2225 2298 2276 ὁ
2326 2225 2686 2287 δικαιότατος,
2713 2225 2741 2276 ὁ
2777 2225 3112 2291 πανάγαθος,
3147 2227 3176 2277 ὁ
3201 2225 3519 2293 άγιώτατος,
3557 2227 3616 2278 ἐν

2041 2312 2085 2384 ᾧ
2120 2319 2219 2370 οὐκ
2254 2317 2400 2370 ἔστιν
2448 2317 2651 2378 ἀδικία,
2697 2310 2756 2370 οὗ
2788 2319 2895 2379 πᾶς
2925 2311 3072 2380 δόλος
3109 2318 3203 2369 καὶ
3255 2317 3427 2370 κακὸν
3470 2317 3616 2371 ἅπαν

2042 2407 2339 2479 ἐξώρισται
2360 2424 2374 2439 ο
2422 2407 2708 2476 ἄνθρωπος
2737 2407 2791 2460 δὲ
2815 2447 2829 2472 ,
2861 2407 3041 2470 ὁποῖος
3071 2404 3139 2459 ἂν
3164 2407 3372 2470 ἐκεῖνος
3405 2407 3499 2460 καὶ
3531 2408 3618 2475 εἴη

2045 2503 2141 2555 καὶ
2181 2500 2376 2561 ὁπόσος
2408 2499 2498 2552 τὸν
2525 2499 2624 2570 τῆς
2654 2500 2795 2569 ζωῆς
2831 2500 3057 2569 χρόνον,
3096 2501 3274 2568 μάτην
3307 2500 3400 2553 καὶ
3445 2499 3618 2553 ἐθέλει

2048 2592 2143 2646 καὶ
2167 2591 2338 2645 οἴεται
2363 2591 2453 2644 καὶ
2480 2591 2954 2660 πραγματεύεται,
2981 2591 3167 2654 ἁπλῶς
3197 2590 3368 2653 οὕτως
3397 2591 3621 2660 εὐλογηο

2049 2684 2141 2746 τὸς
2179 2678 2316 2736 εἶναι
2350 2683 2544 2736 διόλου.
2580 2683 2754 2735 Πολλά
2792 2685 2899 2752 γὰρ
2934 2681 3174 2752 ἐνεργῶν
3207 2681 3348 2735 κατά
3381 2681 3618 2750 κόσμον,

2047 2775 2148 2827 οὐκ
2178 2773 2243 2827 ἂν
2283 2773 2550 2844 ἐξανύσῃ,
2584 2775 2672 2827 διὰ
2711 2775 2926 2829 πάντων
2955 2775 3213 2846 ἔρχεσθαι
3237 2773 3621 2843 ἀλογοπράγη-

2047 2882 2138 2926 τος
2167 2865 2261 2918 καὶ
2285 2865 2582 2934 ἀμώμητος
2615 2868 2673 2918 ἐν
2694 2865 2800 2938 όδῷ
2821 2881 2834 2895 ·
2865 2866 3072 2937 διόπερ,
3101 2867 3186 2935 ἐφ’
3213 2863 3294 2929 οἷς
3316 2865 3415 2936 μὲν
3437 2865 3620 2918 εὐστο-

2049 2957 2136 3024 χεῖ
2193 2956 2289 3009 καὶ
2341 2956 2518 3027 ὀρθῶς
2574 2955 2756 3027 βάλλει
2811 2957 2954 3011 κατὰ
3026 2957 3266 3022 σκοποῦ,
3317 2955 3623 3025 εὐλογεῖται

2050 3047 2293 3109 πάντως.

2121 3137 2237 3203 νς’.
2273 3138 2384 3192 Καὶ
2421 3137 2536 3193 ἔστι
2575 3138 2732 3192 τοῦτο
2766 3138 3085 3203 ἀλειπτικὸς
3119 3141 3303 3211 νόμος,
3340 3142 3406 3196 δι’
3435 3136 3496 3198 οὗ
3531 3144 3626 3197 καὶ

2046 3234 2095 3286 οἱ
2126 3232 2478 3293 ἀεθλεύοντες
2507 3231 2602 3284 καὶ
2635 3233 2684 3284 οἱ
2717 3231 3096 3301 ἀριστεύοντες
3125 3232 3522 3302 προσαύξονται
3547 3236 3627 3299 εἰς

2048 3324 2408 3394 κραταίωσιν,
2435 3323 2486 3376 οῖ
2517 3323 2615 3392 μὲν
2647 3323 2893 3385 ἐπαίνοις
2921 3325 3015 3376 καὶ
3041 3322 3314 3392 εὐλογίαις
3331 3326 3422 3377 καὶ
3452 3326 3630 3392 ἐγκω-

2055 3418 2219 3486 μίοις.
2243 3418 2293 3471 οἱ
2318 3417 2374 3469 δὲ
2399 3418 2492 3470 καὶ
2517 3415 2709 3487 δώροις
2742 3415 3188 3485 ὐπαλειφόμενοι.
3219 3417 3327 3470 Καὶ
3348 3417 3456 3486 μὴν
3479 3417 3629 3470 ἔστιν

2050 3509 2140 3562 ὅτε
2169 3507 2290 3561 οὐδὲ
2321 3509 2350 3562 ὁ
2378 3508 2737 3578 ἀγαθουργῶν
2776 3508 3084 3572 εὐλογεῖται
3122 3509 3272 3578 παρά
3304 3524 3368 3576 γε
3397 3511 3508 3572 τοῖς
3549 3509 3628 3561 οι-

2054 3597 2349 3667 κονομοῦσι
2385 3597 2450 3651 τὰ
2478 3596 2706 3667 ψυχικά.
2743 3597 2804 3650 Ol
2837 3596 2890 3649 δὲ
2920 3597 3172 3662 δεδιότες,
3209 3597 3284 3668 μὴ
3311 3599 3423 3660 τοῖς
3448 3598 3627 3667 μαθη-

2055 3691 2372 3761 τευομένοις
2393 3692 2486 3744 καὶ
2507 3689 2890 3760 ἀλειφομένοις
2909 3691 2987 3753 είς
3014 3689 3214 3760 ἀρετὴν
3240 3693 3272 3761 ἠ
3292 3690 3510 3759 εὐλογία
3531 3691 3627 3742 καὶ

2056 3802 2162 3855 χρη
2171 3783 2422 3852 στολογία
2442 3783 2524 3848 είς
2540 3783 2710 3852 τῦφον
2733 3781 3140 3853 ἀποτελευτήσῃ
3163 3781 3424 3848 καὶδόξαν
3440 3779 3626 3850 κενὴν,

2055 3865 2402 3948 δυσφημοῦσι
2432 3875 2560 3938 τούς
2601 3873 2840 3943 ἀγαθοὺς
2884 3874 3114 3945 μύστας,
3142 3868 3223 3937 οἷς
3251 3874 3346 3927 καὶ
3386 3871 3627 3940 γίνονται

2054 3965 2104 4016 οἱ
2134 3963 2365 4017 τοιοῦτοι
2389 3962 2758 4016 διδασκαλικοὶ
2781 3962 3075 4032 ὀνειδισμοὶ
3099 3961 3378 4032 ἐρεθισμοὶ
3400 3961 3538 4033 πρὸς
3562 3962 3630 4014 τά

2059 4055 2368 4126 κρείττονα,
2394 4055 2490 4108 καὶ
2517 4054 2592 4118 ὡς
2619 4047 2707 4108 οἷα
2733 4055 2995 4124 μάστιγες
3022 4055 3101 4118 εἰς
3132 4054 3398 4125 ἐργασίαν
3417 4052 3634 4125 ἀγαθὴν

2059 4149 2514 4218 ἐπισπέρχουσαι.

2131 4238 2230 4306 νζ.
2282 4238 2423 4292 Ἀλλ’
2458 4237 2601 4292 οὕτω
2632 4237 2731 4308 μέν
2765 4233 3066 4306 εὐλογεῖται
3094 4253 3177 4298 τις
3206 4235 3262 4288 ἐν
3286 4235 3463 4306 καιρῷ
3492 4239 3632 4300 ἀγα-

2062 4329 2380 4402 θοπραγῶν.
2402 4330 2530 4383 Ὅτε
2553 4329 2608 4388 δέ
2634 4328 2790 4399 πουῆ
2819 4325 3163 4398 ὑπερϐαλὼν,
3189 4326 3262 4390 ώς
3285 4326 3637 4396 διεκδραμεῖν

2061 4425 2154 4478 τὸν
2187 4423 2422 4487 σκοπὸν,
2461 4422 2494 4492 ἢ
2524 4418 2771 4490 ἐλλείψεις
2807 4419 3044 4490 ἁμάρτοι
3065 4459 3080 4483 ,
3106 4419 3227 4470 τότε
3258 4418 3314 4472 δὲ
3346 4419 3634 4488 εὐλογητὸς

2063 4517 2163 4588 μὲν
2190 4516 2290 4570 οὐκ
2325 4515 2390 4569 ἂν
2422 4513 2572 4567 ἔσται
2605 4512 2739 4584 πρὸς
2788 4511 2959 4582 αὐτὴν
2999 4510 3285 4580 ἀλήθειαν,
3319 4510 3539 4564 ἀκούσει
3576 4509 3633 4562 δέ

2059 4609 2221 4663 ποθεν
2251 4607 2461 4673 λαλιὰς,
2494 4607 2543 4659 εἰ
2572 4609 2667 4662 καὶ
2696 4605 2770 4676 μὴ
2798 4604 2937 4658 πάνυ
2972 4621 3024 4657 τι
3062 4605 3259 4675 πικρὰς
3289 4605 3380 4656 καὶ
3409 4603 3484 4664 ώς
3521 4596 3633 4655 οἷον

2055 4699 2430 4770 ἀψινθιώδεις,
2463 4697 2598 4751 ἀλλά
2631 4695 2762 4765 γοῦν
2790 4695 3051 4757 ἐπιεικῶς
3081 4693 3423 4764 κεκραμένας
3455 4693 3633 4763 μέλιτι

2057 4793 2404 4864 διακρίσεως,
2438 4793 2526 4846 ὅτε
2564 4789 2765 4861 δηλαδὴ
2792 4789 2854 4842 τὸ
2881 4789 3217 4858 πρόσκομμα
3246 4787 3305 4840 οὐ
3337 4802 3465 4839 συντ
3478 4785 3636 4856 ριὸὴν

2061 4885 2276 4940 ἀπειλεῖ
2302 4885 2379 4951 τῷ
2407 4882 2792 4945 καταπεσόντι,
2819 4880 2896 4944 ὡς
2935 4881 3012 4943 είς
3045 4879 3275 4932 θάνατον
3295 4919 3311 4942 ,
3352 4875 3638 4947 σκελισμῷ

2061 4975 2344 5046 δαίμονος·
2379 4972 2476 5037 ὡς,
2509 4973 2560 5024 εῑ
2585 4988 2646 5039 γε
2672 4972 2732 5023 οὐ
2765 4969 2982 5039 μέτρια,
3011 4968 3087 5032 ὡς
3114 4968 3285 5031 οὕτως
3313 4968 3509 5033 εἰπεῖν,
3545 4986 3643 5020 κα-

2063 5069 2428 5138 κοπραγήσει,
2448 5063 2585 5118 ἀλλά
2613 5062 2918 5132 κατάκρας,
2951 5061 3044 5114 καὶ
3073 5062 3322 5130 φανεῖται
3347 5061 3644 5132 ἀπαραμύ-

2065 5160 2224 5229 θητος
2246 5159 2279 5230 ή
2310 5153 2637 5226 ὑπερϐασία,
2660 5152 2964 5224 τηνικαῦτα
2987 5153 3083 5206 καὶ
3105 5153 3380 5222 σκώψεται
3405 5152 3432 5203 ὁ
3455 5154 3646 5205 ἐπται-

2066 5258 2199 5320 κὼς,
2226 5252 2319 5306 καὶ
2343 5248 2752 5318 ἐπιτιμήσεται,
2779 5245 2873 5298 καὶ
2899 5244 3199 5314 θεραπείαν
3218 5245 3533 5315 τραύματος
3559 5243 3648 5296 διὰ

2071 5347 2442 5419 παραινέσεως
2472 5344 2633 5396 ὁποῖα
2648 5341 2742 5395 καὶ
2773 5341 2974 5410 πικρᾶς
2997 5354 3142 5401 τινος
3174 5337 3332 5408 ῥίζης
3352 5335 3648 5403 δεξάμενος

2073 5439 2272 5508 ἱλαρῶς
2302 5435 2658 5507 προσήσεται,
2697 5432 2855 5499 εἴπερ
2887 5431 3077 5498 φρονεῖ
3108 5425 3360 5487 ἐντελῶς.
3389 5423 3479 5492 Μὴ
3514 5439 3648 5491 φρο-

2072 5531 2176 5583 νῶν
2202 5529 2310 5598 γὰρ
2331 5527 2523 5591 οὓτως,
2549 5525 2681 5578 ἀλλὰ
2703 5523 2944 5591 ἐκφήνας
2962 5517 3380 5587 δυσανασχετεῖν
3402 5514 3495 5568 καὶ
3511 5515 3648 5566 ἀπο-

2075 5623 2361 5676 δυσπετεῖν
2386 5619 2522 5690 πρὸς
2544 5619 2640 5689 τὴν
2667 5617 2806 5672 κατὰ
2832 5612 3049 5682 πνεῦμα
3075 5610 3343 5679 ἰατρείαν,
3377 5606 3560 5667 κακῶς
3589 5623 3648 5660 τε

2077 5715 2372 5770 ἀκούσεται
2411 5710 2744 5772 ἀπεναντίας
2786 5709 2897 5768 τοῖς
2939 5703 3252 5771 εὐλογητοῖς
3302 5696 3648 5768 ἀνθρώποις,

2080 5805 2173 5860 καὶ
2207 5803 2346 5873 μετά
2381 5801 2551 5857 πολλὰ
2587 5801 2654 5854 τὰ
2692 5803 2749 5855 ἐν
2789 5799 2965 5871 μέσῳ,
3007 5794 3100 5848 καὶ
3135 5792 3253 5846 οὐδὲ
3299 5789 3446 5860 αὐτῴ
3482 5789 3649 5859 φίλα,
