4048 6424
379 354 487 416 337
989 350 1091 413 DE
1124 348 1602 413 OBEDIENTIA
1654 347 2199 410 MAGISTRATUI
2237 350 2713 413 CIIllISTIANO
2757 348 3066 413 DEBlTA.

3563 351 3670 415 338

382 466 904 542 σκορακισθήσεται,
930 466 1005 532 ὠς
1035 469 1065 522 ὁ
1093 465 1189 521 τοῦ
1218 464 1356 522 Θεοῦ
1387 466 1551 539 νόμος
1581 465 1675 519 καὶ
1703 465 1733 520 δ
1760 463 1973 518 ἐκεῖθεν

2103 466 2450 534 ncommoda,
2517 466 2622 536 ipsi
2677 468 2891 537 gravia,
2947 467 3537 532 excommunicabltur.
3591 470 3675 524 uti

381 560 777 633 θεραπευτικὸς
803 558 986 614 κανὼν
1011 559 1368 630 παραδίδωσι.

454 736 559 810 νη’.
592 740 705 793 Καὶ
736 741 765 792 ὁ
802 739 902 810 μὲν
929 737 1126 807 etiam;
1153 737 1246 793 τὸν
1273 737 1448 802 οὕτως
1474 738 1853 809 ἀθεράπευτον
1879 738 1978 791 οὐκ

382 832 452 887 ἂν
483 833 614 896 ῐσως
647 832 978 897 ἀποδεκτέος
1005 831 1159 886 ἐσται
1187 830 1366 887 οὐδενὶ
1393 830 1505 885 τῶν
1534 830 1604 885 τὰ
1626 830 1842 884 ἐκείνου
1878 828 1979 900 ζη-

382 925 643 979 λούντων.
699 923 757 978 '0
795 926 852 979 δὲ
901 924 1036 989 Θεὸς
1086 924 1182 979 καὶ
1215 925 1275 984 οἱ,
1317 925 1414 979 τοῦ
1449 923 1585 979 Θεοῦ
1622 924 1980 991 ἀποδέξωνται

381 1017 476 1071 τὸν
504 1016 750 1087 ἀκριϐῶς
785 1018 1131 1087 ἰατρεύοντα,
1160 1016 1263 1072 κᾶν
1284 1018 1335 1073 οἱ
1364 1016 1473 1071 τῶν
1501 1015 1808 1089 ἀνθρώπων
1846 1017 1979 1083 υἱοὶ,

386 1109 749 1180 βαρυκάρδιοι
787 1109 940 1170 ὄντες
980 1110 1076 1163 καὶ
1110 1110 1439 1180 ἀγαπῶντες
1479 1110 1853 1181 ματαιότητας
1889 1112 1982 1162 καὶ

385 1205 584 1273 ψεῦδος
604 1246 619 1271 ,
652 1205 997 1273 εὐλογεῖσθαι
1032 1205 1126 1260 τὸν
1162 1206 1352 1277 ὅμοιον
1382 1204 1721 1274 βούλωνται,
1755 1204 1852 1257 καὶ
1880 1204 1982 1257 οὐκ

385 1297 694 1364 ἀνέχωνται
735 1297 906 1368 ψόγον
949 1299 1206 1369 πάσχειν.
1265 1296 1408 1351 Ἀλλ’
1447 1299 1476 1351 ὀ
1512 1296 1815 1369 ἀρχιατρὸς
1848 1294 1983 1360 Θεὸς

387 1390 676 1458 ἀνθέξεται
720 1393 814 1444 τοῦ
859 1391 1146 1454 ποιοῦντος
1190 1391 1254 1444 τὸ
1296 1390 1525 1460 ἀγαθὸν,
1561 1391 1655 1443 καὶ
1698 1388 1983 1459 ἐκδικήσει

386 1484 596 1537 ἐκεῖνον
625 1484 1021 1553 βλαπτόμενον.
1046 1483 1253 1554 Μηδεὶς
1277 1484 1391 1554 γάρ
1415 1482 1634 1550 οἰέσθω,
1660 1480 1984 1552 ἀπορρᾳθύ-

392 1580 517 1647 μεῖν
570 1579 628 1631 ἐν
675 1580 790 1642 τοῖς
838 1583 1105 1643 τοιούτοις
1151 1579 1244 1633 τὸν
1295 1576 1522 1648 ὕψιστον
1555 1574 1797 1645 Κύριον·
1846 1573 1986 1629 ἀλλὰ

390 1672 913 1743 πεπληροφορήσθω
935 1712 949 1738 ,
1006 1670 1210 1736 παντὸς
1269 1670 1445 1727 κακοῦ
1497 1669 1593 1723 καὶ
1652 1667 1847 1738 ἀνδρὸς
1888 1667 1984 1721 καὶ

389 1763 725 1835 πράγματος
764 1766 928 1818 αὑτὸν
960 1761 1493 1830 κατεξανιστασθαι,
1533 1759 1633 1831 ὀψὲ
1665 1760 1764 1831 μὲν
1800 1759 1891 1814 διὰ
1922 1760 1984 1815 τὸ

394 1856 755 1926 μακρόθυμον
775 1856 945 1910 αὐτοῦ
969 1857 1065 1910 καὶ
1086 1857 1489 1927 φιλάνθρωπον,
1505 1853 1795 1924 αὐστηρῶς
1817 1852 1875 1906 δέ
1896 1869 1980 1922 γε,

391 1949 511 2014 καὶ,
541 1949 687 2002 κατά
705 1949 800 2001 τὸν
829 1952 1006 2019 μέγαν
1038 1948 1207 2004 Δαυῒδ
1230 1950 1427 2015 εἰπεῖν,
1450 1947 1556 2011 ἐως
1588 1945 1816 2016 σφόδρα,
1839 1943 1984 2016 ὁπη-

390 2037 520 2093 νίκα
561 2040 654 2093 καὶ
685 2041 845 2094 τοῦτο
868 2040 1161 2113 διακρινεῖ.

462 2216 562 2271 νθ’.
594 2216 703 2271 Καὶ
726 2215 1060 2288 ἐνθυμητέον
1091 2216 1352 2281 ἐνταῦθα,
1385 2209 1432 2272 ὧ
1461 2215 1707 2286 ἀδελφοὶ,
1734 2216 1816 2271 ὅτι
1839 2215 1985 2270 καθά

388 2307 715 2373 διδάσκαλος
757 2312 955 2379 μέγας,
1000 2311 1449 2381 προσφυέστερον
1482 2307 1540 2362 δὲ
1575 2309 1767 2376 φάναι,
1801 2306 1986 2362 διδασ-

392 2401 579 2456 κάλων
613 2402 961 2467 διδάσκαλος,
994 2402 1091 2456 καὶ
1133 2401 1458 2472 φιλοσοφίας
1495 2403 1555 2457 δὲ
1595 2402 1838 2471 ἀπάσης,
1889 2401 1988 2454 καὶ

391 2493 568 2567 αὐτῆς
599 2495 704 2566 τῆς
742 2494 1080 2549 ἀνυποθέτου
1114 2488 1520 2567 προϊστάμενος
1555 2493 1776 2566 (καλῶς
1805 2494 1863 2547 δὲ
1905 2495 1988 2548 εί-

391 2591 520 2643 στείν
565 2589 682 2658 ἔχει
727 2604 836 2655 τις,
877 2590 972 2641 καὶ
1021 2588 1489 2659 προκαθήμενος),
1549 2588 1653 2642 οὐκ
1697 2587 1766 2642 ἂν
1809 2587 1988 2641 ἐθέλοι

393 2681 559 2740 αὐτὸς
589 2681 660 2734 δι’
688 2680 886 2736 ἐαυτοῦ
918 2682 1015 2734 καὶ
1050 2682 1219 2752 μόνου
1255 2683 1667 2752 μυσταγωγεῖν.
1710 2679 1874 2735 Ἀλλᾶ
1899 2697 1989 2733 σοο

318 2836 322 2839 Α
394 2773 564 2843 φίσας
592 2772 892 2836 πολυειδῶς
923 2774 1170 2842 ἐτέρους,
1201 2775 1280 2836 si;
1308 2773 1433 2827 ὅσον
1460 2774 1723 2844 ἐγχωρεῖ,
1749 2772 1989 2844 προϐάλ-

391 2863 550 2919 λεται
597 2863 876 2921 διδάσκειν
922 2865 1050 2928 τοὺς
1104 2864 1534 2937 ὑποδεεστέρους
1568 2867 1628 2918 ἐν
1678 2867 1987 2934 φοιτηταῖς.

393 2957 565 3019 asta;
588 2959 775 3028 μέντοι
797 2958 991 3026 παρὼν
1009 2957 1097 3028 ἐφ’
1113 2957 1284 3012 amo:
1303 2958 1563 3028 δόγμασι,
1581 2958 1676 3012 καὶ
1692 2956 1987 3027 διαρθρῶν,

395 3051 456 3104 εἰ
485 3051 540 3104 τί
570 3068 677 3106 που
710 3052 1039 3122 δυσφραδιῖς
1067 3051 1206 3122 ἔχει,
1237 3053 1326 3105 ναὶ
1360 3053 1414 3104 δὲ
1448 3054 1540 3106 καὶ
1573 3051 1991 3121 ἐπιδιορθούμε-

2088 561 2273 614 divina
2323 569 2378 612 et
2428 574 2683 617 canones
2720 560 2990 632 ejusmodi
3053 564 3400 617 sanationem
3446 577 3677 618 concer-

2088 650 2176 705 lex
2212 661 2404 706 nentes
2436 652 2681 707 tradunt.

2155 745 2243 800 58.
2287 744 2550 812 Quamvis
2582 754 2764 802 autem
2801 760 2847 801 Is
2884 749 2976 814 qui
3013 744 3178 799 talem
3217 745 3489 799 hominem
3524 745 3678 800 iucu-

2083 837 2313 893 rabilem
2345 837 2551 908 aﬂligit,
2587 838 2732 893 illius
2764 839 2954 892 amicis
2987 839 3072 892 vix
3111 837 3327 893 futurus
3369 839 3442 893 sit
3478 852 3678 907 accep-

2086 941 2191 999 tus,
2224 940 2407 987 tamen
2445 932 2585 988 Deus
2621 935 2850 1003 ejusque
2887 930 3068 986 annuli
3114 932 3368 987 solertem
3407 931 3673 986 medicum

2087 1023 2551 1094 comprobabunt,
2597 1024 2727 1080 licet
2779 1024 3058 1079 hominum
3096 1022 3218 1088 lilii,
3275 1032 3462 1093 utpote
3508 1025 3677 1078 corde

2086 1115 2386 1188 praefracto
2413 1117 2625 1186 prmditi
2676 1126 2732 1172 et
2781 1117 3082 1169 vanitatum
3130 1114 3513 1183 utendaciique
3561 1125 3678 1170 stn-

2088 1210 2249 1276 diosi,
2285 1209 2555 1280 ejusmodi
2587 1211 2861 1265 hominem
2913 1207 3164 1263 laudibus
3212 1207 3394 1262 ell'erri
3454 1209 3679 1277 cupiant.

2087 1318 2152 1357 ac
2200 1305 2427 1358 omnino
2471 1302 2895 1372 vituperationis
2937 1302 3047 1356 sint
3086 1300 3574 1371 impatientissimi.
3607 1305 3677 1353 At

2089 1414 2218 1452 vero
2263 1396 2428 1462 Deus,
2468 1412 2713 1451 summus
2745 1396 3013 1461 medicus,
3047 1409 3171 1448 eum
3215 1394 3309 1464 qui
3351 1393 3678 1463 probitatem

2087 1499 2353 1556 sectatur,
2399 1489 2701 1558 adjuvabit,
2738 1497 2795 1542 et
2843 1489 2936 1559 qui
2989 1486 3207 1557 injuria
3245 1485 3478 1540 allicitur
3527 1485 3678 1541 illum

2088 1581 2402 1636 uit-iacetur.
2436 1579 2513 1635 Ne
2540 1581 2666 1650 quis
2696 1579 2842 1635 enim
2870 1580 3146 1650 opinetur,
3175 1576 3461 1631 Dominum
3493 1591 3685 1647 supre-

2091 1688 2240 1726 mum
2275 1673 2404 1727 talia
2445 1688 2553 1728 non
2586 1672 2805 1737 curare,
2846 1672 2942 1726 sed
2983 1671 3169 1740 potius
3199 1669 3678 1740 persuasissimum

2090 1763 2195 1818 sibi
2238 1762 2458 1828 habeat,
2510 1777 2635 1817 cum
2669 1761 2931 1816 omnibus
2963 1760 3122 1816 malis
3152 1768 3207 1815 et
3255 1760 3571 1816 hominibus
3624 1768 3712 1814 et

2093 1854 2248 1911 factis
2284 1868 2515 1927 poenam.
2548 1854 2902 1922 iullicturum,
2943 1869 3069 1911 sero
3118 1854 3338 1924 quidem
3377 1855 3450 1910 ob
3493 1854 3682 1924 longa-

2091 1947 2397 2006 uituitatem
2433 1962 2499 2004 ac
2547 1946 2830 2020 bominqm
2862 1959 3129 2013 amorem,
3167 1960 3359 2003 severe
3390 1955 3572 2000 autem
3601 1953 3679 2011 et,

2093 2048 2150 2091 ut
2181 2053 2308 2094 cum
2343 2053 2537 2109 magno
2578 2037 2783 2093 Davide
2820 2038 3036 2108 loquar,
3068 2037 3430 2104 validissime,
3458 2038 3682 2107 quando

2093 2132 2195 2187 hoc
2232 2142 2596 2202 Opportunum
2623 2130 2971 2201 judicaverit.

2166 2225 2254 2281 59.
2295 2222 2413 2279 Jant
2440 2239 2591 2291 vero,
2619 2240 2654 2279 ο
2685 2223 2906 2291 fratres,
2934 2223 3040 2280 hoc
3068 2236 3287 2295 quoque
3313 2223 3681 2279 attendamus.

2093 2316 2567 2384 Quemadmodum
2616 2331 2846 2386 magnus
2877 2326 3206 2387 praeceptor,
3245 2316 3329 2372 vel
3361 2324 3422 2371 ut
3454 2329 3686 2372 accura-

2098 2414 2206 2465 tius
2266 2409 2480 2480 loquar,
2538 2419 2842 2480 praceptor
2898 2419 3337 2481 praeceptorum,
3390 2410 3685 2480 omnisque

2096 2501 2476 2573 philosophias,
2528 2502 2694 2558 etiam
2759 2517 2865 2557 non
2914 2503 3212 2572 suppositas
3263 2500 3555 2571 praefectus
3605 2505 3686 2570 (et

2097 2598 2175 2650 uti
2229 2597 2367 2651 bene
2413 2595 2537 2665 quis
2586 2594 2814 2662 dixerit,
2876 2592 3204 2666 praesidens)
3256 2606 3366 2650 non
3416 2594 3533 2666 ipse
3589 2609 3686 2664 per

2097 2689 2452 2759 semetipsum
2480 2703 2545 2743 ac
2571 2692 2745 2743 solum
2779 2688 2895 2743 vult
2934 2687 3176 2752 initiare,
3210 2687 3305 2743 sed
3347 2688 3687 2744 multimodis

2099 2784 2237 2839 alios
2262 2783 2545 2848 erudiens,
2578 2793 2843 2851 quantum
2881 2782 2994 2837 fieri
3042 2790 3243 2854 potest,
3284 2784 3373 2850 ad
3396 2780 3689 2838 inferiores

2097 2875 2401 2946 discipulos
2444 2876 2756 2931 edocendos
2802 2874 3043 2944 delegat,
3106 2875 3234 2929 dum
3287 2876 3429 2944 ipse,
3473 2875 3690 2931 cunctis

2100 2966 2406 3036 disciplinis
2457 2968 2823 3038 praepositas,
2870 2966 3115 3038 explicat
3162 2966 3208 3022 si
3256 2967 3386 3036 quid
3436 2967 3689 3038 exposita

2071 3062 2375 3119 Διῑὶίῐὶοἱιίιιει
2430 3062 2758 3133 reperiatur,
2808 3071 2884 3128 et,
2941 3060 3032 3116 ubi
3066 3074 3207 3130 opus
3259 3058 3448 3128 fuerit,
3500 3058 3693 3131 dirigit

394 3163 519 3211 νος,
568 3147 692 3200 ὅποι
742 3147 974 3217 δεήσειε,
1009 3144 1083 3198 τὰ
1129 3144 1516 3210 διδασκαλεῖα,
1570 3146 1865 3214 ἐπικοσμεῖ
1919 3143 1990 3197 τὰ

2101 3171 2144 3211 ει
2166 3154 2345 3221 holas,
2375 3164 2433 3209 et
2467 3162 2702 3224 augusta
2738 3153 2994 3215 adornat,
3045 3159 3100 3205 et
3128 3151 3419 3221 pulchrum
3459 3150 3694 3221 adauget

399 3243 599 3312 σεμνὰ,
643 3242 739 3295 καὶ
773 3241 835 3295 τὸ
880 3240 1042 3294 καλὸν
1084 3242 1234 3293 ποίεί
1268 3242 1363 3293 καὶ
1402 3238 1586 3293 πλεῖον
1616 3238 1710 3291 καὶ
1749 3238 1991 3293 κάλλιον.

398 3334 561 3389 οῦτω
590 3336 686 3389 καὶ
714 3336 744 3388 δ
765 3334 867 3404 τῆς
905 3334 1097 3403 σοφίας
1124 3334 1358 3404 χορηγὸς
1390 3332 1545 3398 Θεὸς,
1573 3330 1864 3401 πληθύνων
1890 3332 1992 3386 καὶ

396 3426 497 3479 ἐπὶ
548 3426 651 3495 γῆς
693 3425 1052 3498 πολυτρόπως
1107 3426 1200 3480 διὰ.
1256 3425 1590 3496 ἐνσωμὰτων
1641 3425 1994 3495 θεραπόντων

397 3520 569 3575 αὐτοῦ
605 3521 665 3573 τὸ
708 3522 910 3573 οἰκεῖον
947 3519 1190 3588 ἀγαθὸν,
1228 3520 1344 3589 ἄλλα
1386 3519 1624 3572 ἔπλασεν
1665 3520 1992 3593 ἄνθρωπον,

399 3615 502 3668 καὶ
523 3612 717 3682 σοφίαν
747 3614 944 3685 ἐκείνῳ
977 3613 1209 3683 ἐνέθετο,
1253 3616 1439 3686 πηγήν
1470 3632 1597 3669 τινα
1626 3614 1835 3686 ταύτην
1869 3616 1996 3685 γλυ-

401 3706 563 3759 κεῖαν
600 3705 677 3769 ὡς
725 3704 791 3759 ἐκ
841 3704 1115 3774 πελάγους
1152 3707 1250 3760 τοῦ
1301 3709 1423 3760 κατ’
1458 3708 1705 3773 ἐκεῖνον,
1756 3707 1996 3761 λιδάδιον

402 3798 579 3868 γλυκὺ
609 3798 670 3863 ἐξ
698 3797 944 3853 ἀϐύσσου
967 3798 1329 3872 γλυκύτητος,
1353 3800 1997 3883 ἀπόρῤοιανέπιστήμης

404 3890 574 3960 ἁγίας
602 3907 665 3943 τε
699 3888 805 3945 καῖ
825 3891 1071 3963 ἀρρήτου
1116 3891 1217 3962 τῆς
1250 3893 1311 3946 ἐν
1338 3892 1556 3964 ἐκείνῳ,
1591 3888 1660 3965 ἧς
1696 3892 1864 3963 μέρος
1901 3895 1997 3946 καὶ

403 3983 472 4039 τὸ
511 3985 950 4056 προγνωστικόν.

479 4074 546 4144 ξ’.
566 4078 957 4150 Προσφήτευσε
985 4078 1144 4150 γοῦν,
1176 4078 1323 4132 καθὰ
1358 4077 1624 4149 μαθόντες
1652 4080 1999 4150 ἐσχήκαμεν,

408 4172 671 4244 ὁπρῶτος
688 4170 1000 4242 ἄνθρωπος,
1028 4172 1231 4225 αὐτίκα
1250 4171 1439 4225 θεόθεν
1471 4172 1865 4241 ἐμπνεόμενος.
1893 4176 2002 4229 Καὶ

409 4264 474 4319 τὸ
496 4262 711 4320 ἐκεῖθεν
730 4263 1061 4336 ἀρξάμενος,
1083 4264 1184 4318 οὐκ
1200 4266 1402 4336 ἀνῆκεν
1424 4267 1453 4318 ὁ
1478 4265 1758 4334 πάνσοφος
1775 4267 2000 4336 Κύριος,

2098 3258 2154 3302 et
2183 3255 2511 3316 promovet:
2555 3245 2630 3299 ita
2670 3244 2834 3300 etiam
2883 3243 3066 3297 omnis
3097 3242 3387 3312 sapientiai
3435 3241 3693 3313 princeps

2101 3339 2264 3398 Deus.
2292 3337 2665 3408 multiplicans
2688 3336 2742 3392 in
2766 3346 2912 3392 terra
2940 3334 3109 3390 variis
3130 3334 3309 3392 modis
3330 3348 3430 3404 per
3453 3334 3694 3392 famulos

2099 3448 2330 3506 corpore
2389 3432 2607 3487 indutos
2664 3430 3055 3498 benignitatem
3113 3427 3502 3494 suam,simul
3528 3438 3693 3498 atque

2100 3526 2309 3583 creavit
2360 3523 2665 3587 hominem,
2723 3518 2920 3574 indidit
2968 3516 3045 3572 illi
3080 3517 3430 3587 sapientiam,
3487 3514 3694 3571 fontem

2101 3616 2397 3689 quemdam
2428 3613 2642 3668 dulcem
2664 3624 2734 3665 ex
2761 3608 2931 3680 ipsius
2961 3606 3099 3662 mari
3119 3606 3427 3662 derivatum
3456 3604 3695 3659 rivulum

2107 3725 2332 3768 suavem
2372 3723 2442 3766 ex
2498 3709 2698 3779 abysso
2752 3701 3069 3770 suavitatis,
3114 3701 3391 3755 traducem
3453 3701 3698 3756 scientia:

2101 3814 2309 3860 sanctae
2337 3814 2393 3858 et
2423 3798 2717 3856 inell‘abilis
2742 3837 2758 3866 ,
2807 3796 2964 3865 cujus
3009 3808 3138 3865 pars
3172 3804 3256 3850 est
3294 3791 3526 3849 facultas
3561 3794 3699 3865 pra}:-

2103 3898 2314 3955 sciendi
2344 3895 2550 3952 futura.

2176 4075 2270 4132 60.
2310 4072 2669 4143 Prophetavit
2720 4070 2907 4140 igitur,
2961 4070 3422 4139 quemadmodum
3472 4081 3697 4139 compe-

2104 4170 2302 4231 rimus.
2332 4167 2540 4237 primus
2570 4167 2755 4227 homo,
2778 4164 3055 4231 extemplo
3080 4161 3346 4217 divinitus
3379 4161 3697 4230 inspiratus.

2105 4265 2284 4334 Atque
2306 4263 2437 4316 hinc
2465 4273 2719 4321 exorsus,
2762 4272 2867 4313 non
2894 4254 3131 4311 cessavit
3160 4254 3422 4309 Dominus
3450 4254 3696 4308 omnium

410 4360 540 4424 τοὺς
566 4358 860 4428 ἐπιγόνους
881 4360 956 4422 ὡς
982 4360 1074 4413 καὶ
1102 4357 1198 4412 νῦν
1223 4358 1484 4427 σοφίζων,
1513 4356 1630 4412 ἀλλ’
1662 4361 1990 4427 ἑπιπὲμπειι

2108 4355 2577 4426 sapientissimus,
2630 4358 2883 4420 posteros
2941 4346 3276 4412 illuminare,
3330 4344 3405 4399 uti
3443 4352 3499 4399 et
3553 4358 3701 4397 nunc

410 4453 493 4524 τῷ
537 4453 733 4525 κόσμῳ
787 4453 1160 4522 φιλοτιμεῖται
1207 4451 1427 4523 θεότητι
1464 4456 1990 4523 παρωνυμουμένους

2112 4454 2194 4516 iit,
2231 4447 2577 4504 :edmittere
2616 4444 2670 4498 in
2707 4442 2967 4497 mundum
3012 4439 3216 4507 satagit
3257 4437 3402 4491 viros
3433 4434 3702 4490 divinitati

416 4542 647 4615 ἄνδρας.
677 4544 838 4614 ,Θεῖοι
873 4544 983 4613 γὰρ
1038 4545 1134 4597 καὶ
1175 4542 1352 4596 ἔνθεοι
1408 4543 1607 4596 ἐκεῖνοι
1652 4559 1871 4605 παντως
1909 4545 1990 4596 κα¹

2111 4542 2341 4600 similes.
2370 4539 2551 4594 Divini
2592 4537 2739 4594 enim
2770 4544 2825 4591 et
2857 4534 2968 4590 Deo
3011 4531 3200 4601 repleti
3241 4543 3434 4585 omnes
3465 4542 3599 4583 sane
3629 4528 3702 4583 illi

415 4635 645 4701 πάντες,
679 4636 871 4689 ὁπόσοι
898 4638 964 4690 ἐκ
991 4634 1127 4688 Θεοῦ
1159 4634 1315 4688 αὐτοὶ
1342 4634 1646 4704 ζωούμενοι
1685 4636 1783 4689 καὶ
1811 4635 1990 4705 ἐλλαμι

2114 4648 2263 4704 Sunt,
2297 4636 2389 4705 qui
2423 4647 2456 4687 a
2493 4636 2603 4687 Deo
2654 4630 2754 4700 ipsi
2796 4625 3055 4681 viviiicati
3089 4633 3144 4680 et
3169 4621 3492 4688 illumiitati,
3538 4629 3705 4690 atque

416 4730 675 4801 πόμενοι,
711 4729 810 4785 καὶ
836 4729 981 4784 οὕτω
1011 4728 1191 4799 φωτὸς
1220 4731 1317 4784 καὶ
1354 4727 1501 4799 ζωῆς
1532 4726 1693 4795 λόγον
1726 4730 1784 4781 ἐν
1818 4725 1990 4798 κόσμιγ

2111 4733 2191 4787 sit:
2224 4729 2362 4783 lucis
2395 4735 2451 4782 et
2479 4726 2601 4779 vitae
2638 4721 2928 4778 scientiam
2955 4719 3009 4773 in
3045 4717 3248 4771 mundo
3280 4723 3580 4786 geStantes,
3611 4731 3705 4771 eos

417 4823 744 4895 ἐπέχοντες,
778 4821 1114 4892 ζωογονοῦσι
1146 4822 1272 4885 τοὺς
1305 4822 1362 4873 ἐν
1392 4819 1514 4892 Θεῴ
1544 4818 1841 4888 φιλοζώους
1867 4859 1882 4885 ,
1914 4822 1990 4874 κα¹

2106 4829 2206 4898 qui
2240 4827 2293 4880 iu
2346 4824 2458 4879 Deo
2505 4822 2689 4876 vivere
2722 4817 2966 4883 student,
3000 4814 3280 4869 viviilcant
3323 4820 3381 4868 et
3431 4810 3707 4867 illusmtut

418 4916 836 4988 περιλάμπουσι
860 4915 989 4979 τοὺς
1017 4916 1158 4987 μήτε
1190 4912 1663 4984 ἀμϐλυωποῦντας
1691 4915 1764 4967 τὰ
1792 4916 1851 4979 ἐς
1879 4915 1990 4986 ἀρε·

2108 4935 2209 4975 eos
2245 4917 2339 4988 qui
2372 4919 2438 4969 ad
2467 4913 2728 4968 virtutem
2754 4923 2864 4966 non
2889 4905 3188 4963 caecutiunt
3215 4911 3272 4960 e‘t
3300 4904 3367 4958 ad
3395 4918 3560 4973 opera
3592 4902 3704 4957 Deo

418 5009 554 5081 τὴν,
583 5009 678 5062 καὶ
716 5007 855 5078 μηδὲ
887 5006 1182 5070 ὀκνοῦντας
1216 5007 1582 5079 ἐγρηγορέναι
1623 5008 1706 5070 εἰς
1744 5008 1990 5080 ἐργασίαι

2114 5021 2271 5083 grata
2329 5024 2452 5064 sese
2508 5005 2799 5075 accingere
2858 5003 3129 5055 nituntur.
3188 4996 3469 5068 lnspiraus
3523 5005 3705 5051 autem

420 5101 740 5174 Osdpectov,
786 5102 898 5156 Καὶ
941 5098 1202 5171 ἐμπνέων
1243 5101 1356 5162 τοῖς
1393 5098 1661 5163 τοιούτοις
1700 5098 1990 5170 ἀνθρώποις

2112 5107 2321 5161 talibus
2368 5099 2685 5157 hominibus
2736 5094 2969 5152 docendi
3021 5091 3362 5157 facultatem,
3412 5098 3470 5143 et
3515 5089 3709 5144 indens

424 5197 637 5261 ἐκεῖνος
669 5193 741 5248 τὰ
759 5191 1146 5258 διδασκαλικά,
1175 5191 1270 5245 καὶ
1297 5191 1606 5262 μεθοδεύων
1631 5192 1735 5263 τὴν
1764 5208 1990 5263 πνεῦμα

2116 5196 2443 5268 sapientiam
2477 5188 2841 5262 spiritualem,
2887 5185 3111 5256 adjuvat
3146 5194 3202 5239 et
3233 5181 3464 5252 .iuspicit
3489 5194 3586 5236 eos
3612 5181 3707 5251 qui

422 5289 586 5361 τικὴν
629 5286 978 5357 σοφιστείαν,
1019 5285 1404 5354 συνεπιτρέχει
1445 5285 1541 5338 καὶ
1576 5286 1751 5356 ἐφορᾷ
1779 5285 1907 5350 τοὺς
1944 5286 1990 5339 δι

2116 5292 2184 5346 ad
2215 5293 2390 5360 ipsum
2418 5288 2660 5341 animum
2690 5281 3005 5345 advertunt,
3036 5286 3091 5334 et
3120 5275 3439 5332 condonans
3473 5288 3710 5343 praecep-

424 5358 594 5437 αὐτδν
616 5380 919 5452 σχολαστάς
938 5395 955 5412 ο
984 5377 1084 5433 καὶ
1106 5376 1563 5449 προσεπισάλλων
1583 5379 1695 5439 τοῖς
1720 5394 1990 5448 μυσταγω

2119 5358 2350 5450 toribus,
2406 5379 2591 5451 quoad
2648 5392 2786 5446 opus
2846 5381 2952 5440 est,
3010 5371 3242 5443 gratiam
3309 5358 3722 5439 intelligentiae,

424 5474 621 5544 γοῦσιν
648 5472 932 5541 ἀναλόγως
967 5473 1128 5542 χάριν
1161 5467 1632 5540 ἐπιστημονικὴν,
1669 5470 2010 5543 συνεπιλαμ-

423 5570 657 5625 ϐάνεται
690 5567 873 5628 αὐτοῖς
897 5563 995 5617 τοῦ
1029 5563 1217 5636 ἔργου,
1249 5564 1345 5616 καὶ
1384 5561 1718 5632 συγγράφει,
1755 5563 1853 5617 καὶ
1884 5580 2011 5618 συν-

428 5658 748 5731 ἐπιμερίζει
780 5662 851 5712 τὰ
880 5659 962 5721 εἰς
1006 5656 1420 5728 καταρτισμὸν,
1455 5656 1551 5710 καὶ
1582 5653 1836 5708 συλλαλεῖ
1865 5654 2014 5726 διερ-

434 5754 690 5826 μηνεὺων
716 5754 774 5819 ἐξ
804 5752 1026 5821 ἀπάσης
1059 5749 1313 5822 Γραφῆς,
1340 5747 1487 5803 καθὰ
1511 5747 1581 5802 τὰ
1609 5747 1752 5820 ὑπὲρ
1778 5749 1972 5804 ἑαυτοῦ
1996 5790 2010 5816 ,

431 5846 635 5920 ὁμοίως
670 5847 764 5902 καὶ
793 5845 864 5900 τά
891 5843 953 5909 ἐξ
979 5841 1147 5899 αὑτοῦ
1165 5882 1181 5912 ,
1210 5840 1523 5907 ἀκολούθως
1561 5839 1617 5896 δὲ
1648 5840 1741 5896 καὶ
1779 5857 2010 5896 συνεπο-

2121 5476 2344 5545 adjuvat
2367 5486 2463 5528 eos
2489 5472 2544 5525 in
2573 5482 2739 5539 opere
2782 5463 3155 5531 exsequendo,
3202 5470 3259 5515 et
3289 5459 3563 5531 promittit
3599 5456 3710 5511 dis-

2122 5566 2421 5634 tribuitque
2466 5578 2586 5633 quae
2648 5559 2716 5615 ad
2770 5556 3167 5628 perfectionem
3228 5552 3588 5614 conducunt,
3654 5559 3710 5603 et

2119 5666 2479 5717 conversatur
2516 5669 2639 5709 cum
2691 5652 2798 5716 eis,
2849 5648 3133 5719 explicans
3183 5658 3215 5700 e
3265 5654 3373 5700 tota
3415 5642 3706 5709 Scriptura

2119 5766 2242 5823 quae
2295 5750 2364 5804 ab
2410 5750 2526 5818 ipso
2563 5746 2816 5801 oriuntur
2863 5751 2918 5799 et
2964 5739 3033 5796 ad
3076 5742 3250 5811 ipsum
3301 5739 3561 5801 redeunt,
3605 5747 3706 5786 nec

2127 5845 2308 5903 minus
2334 5843 2565 5901 incitare
2582 5838 2823 5911 satagit,
2846 5845 2900 5895 et
2932 5837 2985 5893 in
3011 5832 3253 5891 docendo
3287 5829 3506 5900 adjuvat
3536 5836 3706 5898 atque
