4048 6440
346 364 457 427 339
1072 358 1422 419 EUSTATI!
1440 357 1496 414 ΙΙ
1532 345 2299 412 TIIESSALONICENSIS
2334 339 2906 403 ME‘l‘ROPJLlT/E
3518 334 3624 397 3'0

344 482 650 544 promovet.
688 471 765 527 ita
799 487 892 542 per
928 472 1077 525 viros
1109 470 1176 522 ab
1210 469 1327 537 ipso
1357 466 1423 520 ad
1460 463 1766 519 docendum
1800 462 1928 513 des-

2054 454 2224 525 πρύνει
2245 453 2546 523 ἐπιμελῶς.
2571 453 2666 506 καὶ
2686 450 3029 504 συνδιδάσκει
3056 449 3147 500 καὶ
3172 447 3488 516 συνωφελεί.
3520 449 3626 500 Καὶ

348 541 570 631 tinatos,
627 563 757 619 dum
802 541 922 632 ipse
970 561 1024 616 in
1078 560 1309 613 excelsis
1349 568 1600 612 versatur
1639 550 1928 607 invisibilis

2054 549 2186 603 >ὒτω
2214 549 2305 602 διὰ
2328 548 2435 601 τῶν
2459 546 2552 600 ὐπ’
2573 544 2739 598 αὐτοῦ
2768 542 3227 613 προϐαλλομένων
3260 542 3341 604 εἰς
3372 541 3628 594 διδασκα-

346 659 516 727 (Ictus
566 673 799 728 namque
832 657 1065 711 mundus
1116 655 1227 709 Deo
1262 652 1453 721 plenus
1499 651 1628 718 est),
1677 646 1930 702 meliores

2054 646 2182 705 tiav,
2220 642 2279 695 ὲν
2308 640 2386 709 τῷ
2409 642 2500 693 καὶ
2530 639 2692 692 αὐτὸν
2720 637 2928 692 ἄνωθεν
2965 635 3184 703 ἀοράτῳ
3215 636 3473 704 παρεῖναι
3509 632 3625 704 (τοῦ

346 726 485 803 fiunt
513 748 605 816 qui
641 726 727 802 ad“
749 747 1004 802 virtutem
1038 743 1360 800 sectandam
1391 740 1503 810 apti
1530 749 1676 794 sunt.

2054 733 2176 787 θεοῦ
2196 733 2307 802 γὰρ
2336 732 2481 795 ἄπας
2509 732 2537 784 ὁ
2559 732 2765 800 κόσμος
2793 727 3005 798 γέμει),
3027 726 3296 797 βελτίονες
3326 728 3373 779 οἱ
3404 727 3627 796 εὐφυεῖς

2039 828 2107 879 τὰ
2140 829 2220 888 εἰς
2251 825 2454 895 ἀρετὴν
2481 825 2742 892 γίνονται.
3326 828 3335 831 ’

420 927 509 985 61.
539 928 678 994 Quid
730 925 912 982 autem
944 926 1071 981 dico
1120 926 1231 989 apti
1258 924 1285 978 2
1326 922 1539 977 Etenim
1588 936 1618 975 e
1657 920 1931 989 lapidibus

2112 918 2210 982 ἐπ’.
2244 919 2287 971 Τ
2295 918 2309 970 Ξ
2339 917 2395 971 δὲ
2426 917 2569 986 λέγω
2596 918 2643 969 οἱ
2675 915 2896 985 εὐφυεῖς
2922 932 2937 980 ;
2967 916 3099 968 ὅπου
3134 930 3198 982 γε
3223 914 3317 967 καὶ
3348 917 3412 968 ὲκ
3432 914 3619 982 λίθων,

349 1035 568 1092 quoque
598 1034 737 1089 quos
763 1019 1024 1090 colligunt
1065 1017 1161 1088 qui
1206 1025 1396 1071 sancta
1444 1014 1663 1069 metalla
1697 1012 1930 1076 fodiunt,

2054 1012 2132 1074 »ὓς
2160 1011 2588 1078 ἀναλέγονταιοί
2620 1010 2794 1079 ἁγίως
2827 1008 3273 1080 μεταλλεύοντες,
3304 1009 3629 1064 ἀνίστανται

349 1124 654 1182 exsurgunt
702 1112 887 1168 divina
931 1112 1163 1179 semina,
1214 1110 1267 1165 id
1319 1117 1406 1165 est
1449 1108 1619 1165 divini
1657 1106 1929 1162 homines.

2054 1108 2343 1179 σπέρματα
2375 1109 2516 1173 θεῖα,
2543 1106 2643 1160 εἴτ’
2672 1106 2766 1161 οὖν
2788 1104 2925 1159 Θεοῦ
2947 1105 3248 1175 ἄνθρωποι.
3283 1105 3357 1158 Τὸ
3386 1104 3446 1159 δὲ
3462 1105 3629 1160 καλὸν

348 1204 460 1262 Res
485 1214 665 1260 autem
698 1204 787 1259 illa
829 1202 1090 1271 praeclara
1116 1202 1281 1258 etiam
1321 1202 1378 1257 in
1421 1214 1521 1257 nos
1551 1198 1817 1255 redundat
1842 1196 1933 1267 qui

2054 1197 2222 1253 Ιίκεῖνο
2259 1199 2491 1269 καθήκει
2523 1197 2623 1251 καὶ
2668 1200 2751 1263 είς
2780 1198 2929 1269 ἡμᾶς
2968 1197 3188 1262 αὐτοὺς,
3224 1196 3351 1260 τούς
3400 1196 3501 1265 τῆς
3529 1195 3629 1250 νῦν

348 1313 497 1353 nunc
525 1297 781 1353 vivimus.
812 1295 948 1351 Nam
980 1295 1149 1352 divini
1172 1294 1327 1351 verbi
1352 1303 1590 1357 torrens,
1627 1291 1933 1347 doctrinam

2054 1291 2279 1363 ἡμέρας.
2307 1292 2381 1345 Τὸ
2409 1293 2518 1362 γὰρ
2541 1291 2635 1345 τοῦ
2666 1290 2855 1345 ἐνθέου
2881 1290 3042 1358 λόγου
3075 1290 3278 1360 ῥεῦμα,
3301 1289 3631 1343 τὸδιδασκα-

350 1387 493 1455 dico,
527 1386 790 1444 divinitus
817 1387 1143 1453 scaturiens,
1171 1386 1338 1442 veluti
1377 1386 1431 1440 in
1459 1382 1726 1455 quosdam
1757 1383 1933 1447 sinus,

2054 1382 2216 1448 λικὶν,
2237 1380 2575 1453 πλημμῦρον
2612 1381 2801 1435 θεόθεν
2827 1380 2904 1444 ὡς
2930 1382 3011 1444 εἰς
3045 1381 3281 1443 κόλπους
3317 1378 3494 1443 τινὰς,
3530 1382 3630 1443 τὰς

353 1480 616 1534 nimirum
644 1480 696 1533 in
723 1478 937 1539 animas
967 1479 1260 1547 proborum
1294 1487 1689 1548 praeceptorum
1732 1477 1937 1530 immit-

2054 1475 2156 1529 τῶν
2207 1476 2387 1547 ὀρθῶν
2429 1474 2771 1530 διδασκάλων
2819 1472 3020 1543 ψυχὰς,
3076 1472 3172 1527 καὶ
3219 1471 3376 1537 αὖθις
3419 1472 3631 1524 ἐκεῖθεν

353 1570 509 1636 titur,
559 1570 792 1641 indeque
823 1570 1101 1633 proﬂuens
1139 1569 1303 1625 etiam
1344 1571 1414 1625 ad
1458 1585 1561 1625 nos
1594 1567 1853 1640 pertingit
1884 1577 1938 1620 et

2054 1569 2317 1640 προρῤέον
2356 1568 2452 1622 καὶ
2492 1571 2572 1632 εἰς
2601 1570 2773 1639 ἡμᾶς,
2827 1567 2922 1621 καὶ
2957 1567 3033 1628 ὡς
3077 1565 3446 1635 παραδείσους
3493 1563 3629 1617 Θεοῦ

352 1672 614 1731 tanquam
644 1664 929 1732 paradisus
970 1664 1183 1719 divinos
1230 1664 1424 1732 irrigat
1459 1662 1527 1717 ad
1569 1661 1936 1715 omnimodatn

2054 1661 2265 1732 αρδεύει
2295 1662 2388 1714 ἐπὶ
2420 1661 2651 1731 παντοίᾳ
2680 1660 3053 1731 καρποφορίᾳ,
3096 1658 3165 1712 δι’
3198 1654 3268 1732 ἦς
3296 1658 3471 1730 ψυχαὶ
3504 1659 3632 1728 τρέ-

353 1754 694 1812 fertilitatem
729 1771 839 1825 qua
864 1756 1060 1812 animas
1091 1756 1434 1824 nutriuntur,
1466 1764 1522 1812 et
1552 1754 1719 1812 veluti
1755 1754 1937 1809 sulcos

2054 1770 2263 1823 φονται,
2298 1755 2393 1807 καὶ
2421 1753 2498 1816 ὡς
2527 1753 2773 1817 αὔλακας
2812 1753 3072 1822 μεθύσκει
3102 1752 3195 1806 ἐπὶ
3228 1752 3434 1823 βλάστῃ
3467 1758 3635 1822 ψυχν-

353 1848 585 1904 inundat
629 1851 715 1907 ad.
743 1850 1145 1906 incrementum
1194 1850 1529 1918 animarum,
1579 1857 1635 1905 et
1683 1857 1940 1918 tauquam

2054 1848 2254 1919 τρόφῳ,
2283 1848 2378 1901 καὶ
2401 1848 2475 1911 ὡς
2513 1847 2840 1919 ἀνθρώπους
2867 1848 2925 1900 δὲ
2956 1845 3336 1918 ρυπουμένους
3372 1845 3478 1900 ἱλύῑ
3509 1846 3635 1917 βιω-

356 1940 610 1996 homines
641 1940 765 1996 vitae
790 1942 1047 1998 sordibus
1085 1942 1510 2031 comiqaculatos
1548 1944 1614 1998 ad
1645 1942 1941 2012 puritatem

2054 1943 2175 2012 τικῇ
2211 1941 2470 1995 ἀπολούει
2501 1942 2561 2005 ἐς
2593 1940 2967 2011 καθαρότητα.
3001 1941 3113 1993 Καὶ
3147 1940 3248 1993 οὐκ
3279 1941 3427 1994 ἔστιν
3455 1941 3632 2004 ἄλλως

358 2032 593 2089 lavando
638 2034 912 2103 perducit.
960 2032 1147 2104 Neque
1196 2049 1326 2091 vero
1366 2034 1525 2091 aliter
1557 2033 1706 2091 salus
1755 2043 1943 2089 nostra

2054 2035 2116 2088 τὰ
2147 2037 2204 2087 ὲν
2236 2035 2370 2105 ἡμῖν
2408 2035 2653 2104 σωτήρια
2682 2034 3198 2105 καταπράττεσθαι,
3237 2033 3270 2104 ἢ
3316 2033 3504 2086 τοῦτον
3538 2033 3634 2086 καὶ

359 2125 642 2195 obtingere
671 2134 874 2197 potest,
919 2127 1025 2183 nisi
1066 2127 1171 2183 hoc
1204 2128 1323 2184 solo
1367 2128 1550 2195 modo,
1599 2126 1948 2198 quantumvis

361 2216 417 2272 in
452 2217 574 2273 aliis
600 2218 874 2274 methodis
910 2218 1259 2276 inveniendis
1297 2219 1549 2276 homines
1585 2219 1911 2274 allaborent.

430 2307 521 2364 62.
562 2309 885 2378 Quicunque
926 2310 1093 2380 igitur
1131 2311 1236 2367 hoc
1266 2311 1466 2366 bonum
1501 2310 1642 2380 quod
1684 2324 1850 2363 unum
1882 2323 1947 2364 ac

361 2402 538 2456 solum
574 2401 630 2457 in
686 2410 797 2458 toto
836 2408 1039 2460 mundo
1066 2404 1357 2474 reperitur,
1409 2411 1792 2468 contemnunt,
1826 2416 1946 2470 pcr-

362 2508 587 2549 suasum
635 2493 742 2550 sibi
779 2494 1043 2563 habeant,
1090 2511 1150 2552 se
1207 2498 1262 2552 in
1323 2495 1562 2552 tenebris
1607 2493 1947 2550 densissimis

360 2588 711 2643 cmcutientes
757 2589 1038 2655 oberrare,
1068 2589 1196 2660 quia
1249 2604 1427 2660 neque
1473 2588 1734 2645 doctrina:
1765 2587 1944 2641 lumen

358 2694 474 2748 pne
499 2694 559 2735 se
587 2679 770 2735 ferunt
798 2695 907 2751 quo
954 2683 1009 2736 in
1057 2682 1217 2753 hujus
1247 2682 1367 2737 vita:
1394 2680 1628 2752 caligine
1655 2681 1943 2742 ducantur,

298 2838 301 2847 ὦ
359 2785 538 2840 neque
567 2771 672 2826 alia
703 2773 917 2831 ratione
943 2774 1257 2843 diriguntur
1284 2791 1300 2841 ;
1339 2774 1448 2830 imo
1475 2788 1576 2844 pro
1602 2773 1811 2827 lumine
1840 2774 1946 2827 iSto

361 2865 523 2922 hilari
560 2866 873 2922 incendium
924 2868 1095 2924 irruet
1144 2868 1200 2923 in
1260 2879 1424 2937 caput
1472 2882 1688 2935 eorum,
1740 2877 1795 2921 et
1848 2882 1946 2936 pro

361 2957 528 3013 latice
576 2958 958 3030 refrigerante,
1006 2960 1246 3034 desuper
1299 2959 1561 3031 irrigante
1604 2968 1659 3014 et
1690 2960 1742 3013 in
1777 2958 1944 3020 vitam

359 3062 622 3115 aeternam
646 3052 895 3119 saliente,
926 3052 1183 3109 ﬂuctibus
1211 3053 1371 3108 malis
1401 3054 1803 3125 opprimentur,
1837 3069 1942 3107 non

358 3144 535 3199 solum
580 3144 807 3212 amaris,
852 3143 949 3199 sed
992 3145 1181 3212 etiam,
1230 3160 1354 3216 quin
1398 3147 1616 3216 gravior
1646 3159 1805 3215 pinna
1837 3155 1942 3212 est,
1973 3185 2015 3241 ο

357 3236 508 3291 οηιυί
542 3238 726 3308 vigore
753 3252 818 3293 ac
864 3236 1166 3303 fertilitate,
1200 3248 1259 3311 ut
1302 3239 1374 3293 ita
1405 3239 1606 3306 dicam,
1645 3238 1943 3294 destitutis.

356 3330 453 3386 Sic
478 3322 675 3385 autem
704 3329 1014 3385 communis
1042 3333 1284 3387 omnium
1331 3330 1493 3387 Pater
1541 3344 1737 3400 magna
1785 3330 1948 3385 orba-

358 3421 508 3477 bitur
536 3421 831 3478 liberorum
864 3422 1019 3492 copia
1067 3438 1233 3493 quam
1283 3423 1520 3495 impetus
1576 3422 1948 3478 datnoniacus

359 3500 729 3574 absorbue'rit.

432 3609 522 3666 65.
563 3611 699 3665 Cum
737 3613 879 3668 enim
909 3613 1051 3667 inter
1090 3625 1284 3666 omnes
1311 3618 1551 3675 constet,
1583 3608 1946 3663 calamitatem

359 3717 484 3758 esse
511 3704 826 3772 exittosam,
878 3705 924 3760 si
958 3704 1209 3760 homines
1243 3718 1341 3773 pro
1393 3701 1570 3757 lubitu
1608 3700 1950 3770 arbitrioque

359 3809 484 3860 suo,
520 3795 653 3851 nulli
700 3796 949 3866 subjecto
993 3794 1239 3861 domino,
1287 3794 1539 3850 viverent
1588 3793 1756 3864 (quod
1803 3791 1948 3847 idem

323 3869 327 3873 ’
360 3894 448 3939 est
475 3894 638 3955 atque
669 3886 903 3954 propriae
937 3885 1201 3940 voluntati
1234 3884 1513 3940 addictum
1542 3898 1665 3939 esse
1693 3890 1750 3938 et
1780 3882 1949 3939 nimia

360 3991 487 4030 cum
525 3975 719 4030 tiducia
747 3978 909 4046 genio
950 3976 1298 4047 indulgere):
1353 3976 1448 4031 tali
1492 3976 1824 4042 calamitate,
1864 3985 1949 4030 ut-

360 4077 490 4137 pote
522 4068 725 4122 nemini
756 4068 1013 4136 subjecti,
1063 4068 1318 4124 laborant
1357 4068 1540 4138 populi
1591 4067 1668 4122 illi
1705 4071 1797 4139 qui
1840 4083 1948 4123 non

359 4160 569 4214 habent
595 4161 759 4216 duces
790 4159 902 4216 Deo
952 4175 1212 4231 supremo
1246 4161 1370 4217 duci
1404 4160 1735 4217 submissos.
1790 4159 1950 4216 Tales

363 4252 509 4307 enim
535 4254 760 4322 populos
792 4256 1028 4309 mundus
1054 4254 1380 4324 circumagit
1400 4268 1497 4310 ceu
1517 4254 1774 4308 animalia
1799 4269 1950 4322 quae-

362 4350 486 4400 dam
511 4348 784 4418 capitibus
809 4350 1073 4404 carentia.
1110 4348 1291 4415 Quare
1321 4364 1416 4404 eos
1440 4364 1535 4418 per
1546 4348 1754 4417 jocum,
1775 4350 1851 4403 ttti
1895 4349 1950 4403 in

360 4443 537 4495 veteri
557 4442 844 4511 proverbio
876 4452 983 4507 est,
1012 4442 1329 4512 ἀκεφάλους
1361 4442 1459 4496 καὶ
1489 4442 1797 4513 ἀναύχενας
1831 4439 1948 4510 (qui

2052 2127 2210 2196 μόνον
2234 2126 2326 2180 τὸν
2348 2127 2572 2198 τρόπον,
2600 2126 2704 2180 κᾶν
2734 2128 2782 2180 εί
2804 2126 2899 2180 καὶ
2926 2126 3098 2180 πολλὰ
3127 2126 3294 2195 κάμοι
3314 2142 3401 2190 τις
3425 2125 3636 2197 διερευ-

2048 2220 2312 2289 νώμενος,
2351 2220 2553 2293 μυρίαν
2586 2218 2838 2290 ὲτεροίαν
2869 2218 3117 2290 μέθοδον.

2121 2312 2218 2381 ξξθ.
2254 2314 2319 2366 Οί
2367 2314 2548 2366 τοίνυν
2585 2312 2750 2367 καλὸν
2785 2311 2945 2366 τοῦτο
2976 2311 3034 2365 ἓν
3067 2312 3163 2366 καὶ
3214 2312 3376 2382 μόνον
3408 2312 3542 2366 αὐτὸ
3574 2314 3639 2367 ὲν

2047 2404 2154 2475 ὅλῳ
2186 2404 2265 2472 τῷ
2299 2404 2492 2475 κόσμῳ
2534 2403 3107 2475 ἀποπροσποιούμενοι
3145 2404 3636 2475 πληροφορείσθω.

2051 2514 2151 2551 σαν
2173 2536 2188 2560 ,
2219 2497 2302 2549 ὅτι
2332 2513 2391 2549 τε
2423 2497 2482 2551 ὲν
2511 2497 2689 2568 σκότῳ
2716 2497 3025 2569 ψηλαφητῷ
3058 2498 3251 2569 τυφλοὶ
3283 2498 3595 2554 πλανῶνται
3615 2542 3629 2563 ,

2047 2589 2109 2643 τὸ
2140 2588 2523 2644 διδασκαλικὸν
2554 2588 2669 2655 φῶς
2699 2587 2826 2642 οὗτε
2857 2590 3115 2662 φέροντες
3148 2590 3257 2661 πρὸ
3287 2590 3489 2661 χειρῶν
3508 2631 3524 2657 ,
3557 2589 3635 2655 ὡς

2051 2683 2108 2734 ὲν
2140 2684 2204 2751 τῇ
2235 2680 2379 2734 κατὰ
2410 2680 2528 2750 βίον
2557 2680 2875 2751 ὁδηγεῖσθαι
2904 2684 3081 2748 νυκτὶ,
3121 2679 3247 2736 οὔτε
3277 2682 3501 2738 ἄλλοθεν
3540 2699 3634 2752 χο-

2053 2773 2408 2845 Ρηγούμενοι,
2433 2774 2528 2827 καὶ
2551 2775 2634 2828 ὅτι
2661 2776 2781 2830 ἀντὶ
2810 2775 2989 2844 φωτὸς
3010 2776 3255 2829 τοιούτου
3285 2773 3471 2846 ίλαροῦ
3501 2774 3634 2844 φλὸξ

2050 2867 2151 2937 τῆς
2181 2867 2363 2922 αὐτῶν
2393 2869 2883 2939 καταρῤαγήσεται
2916 2868 3184 2938 κεφαλῆς,
3217 2868 3310 2921 καὶ
3344 2869 3465 2922 ἀντὶ
3502 2868 3637 2923 ἀνα-

2048 2961 2311 3031 ψύχοντος
2343 2959 2556 3025 ὕδατος,
2581 2960 2794 3016 ἄνωθεν
2822 2960 2926 3032 μὲν
2955 2960 3430 3031 ἐπομϐρουμένου,
3457 2960 3637 3014 κάτω-

2048 3056 2140 3109 θεν
2169 3055 2226 3108 δὲ
2255 3053 2555 3124 ἁλλομένου
2588 3054 2670 3117 εἰς
2700 3053 2920 3108 αἰώνιον
2950 3052 3131 3124 ζωὴν,
3165 3054 3320 3108 ὕδασι
3359 3055 3635 3109 κατακλυ-

2053 3150 2341 3220 σθήσονται
2358 3165 2494 3218 πονη
2503 3149 2637 3219 ροίς,
2657 3150 2719 3201 οὐ
2740 3148 2900 3218 μόνον
2921 3147 3098 3211 ἄλλως
3125 3150 3365 3219 πικροῖς,
3385 3148 3522 3203 ἀλλὰ
3543 3149 3639 3203 καὶ

2050 3241 2432 3310 ἀτενουμένοις
2452 3282 2467 3308 ,
2494 3241 2595 3303 εἶτ’
2630 3237 2728 3294 οὖν
2757 3238 3083 3295 ἀτεκνοῦσιν
3113 3239 3207 3293 ἐπὶ
3237 3240 3446 3310 ζημίαν
3464 3282 3479 3307 ,
3511 3244 3565 3295 εί
3585 3259 3639 3296 τι

2049 3334 2155 3406 χρὴ
2185 3333 2329 3389 οὕτω
2356 3334 2600 3403 φράσαι,
2631 3333 2726 3386 τοῦ
2759 3330 2939 3387 κοινοῦ
2973 3332 3192 3388 πάντων
3225 3333 3439 3405 Πατρὸς
3473 3335 3641 3404 ἀφαι-

2053 3427 2318 3497 ρουμένου
2385 3424 2587 3494 πολλὴν
2650 3424 2865 3494 πληθὺν
2928 3424 3169 3493 τέκνων,
3231 3426 3301 3497 ἢν
3361 3428 3640 3500 παρέσυρε

2049 3521 2361 3592 κατάρρους
2385 3520 2679 3591 δαιμόνιος.

2122 3610 2220 3678 ξγ’.
2255 3611 2729 3681 Ὀμολογουμένου
2758 3612 2867 3684 γὰρ
2890 3614 3002 3675 τοῖς
3026 3613 3085 3666 ἒν
3112 3612 3191 3684 τῷ
3218 3613 3410 3685 κόσμῳ
3432 3614 3636 3668 ἅπασιν

2050 3704 2384 3775 ἀνθρώποις,
2409 3703 2578 3757 κακὸν
2605 3698 2750 3757 εἶναι
2778 3704 3162 3774 ὁλεθρευτικδν
3184 3706 3245 3760 τὸ
3273 3706 3637 3773 αὐτεξουσίως

2051 3799 2147 3852 καὶ
2188 3797 2504 3859 ἁδεσπότως
2542 3795 2783 3868 ἄναρχον
2826 3796 3098 3867 (τοιοῦτον
3135 3798 3191 3852 δὲ
3236 3799 3297 3852 τὸ
3341 3798 3637 3867 αὐτόνομον

2052 3890 2146 3943 καὶ
2171 3887 2523 3959 ίδιόρρυθμον
2552 3888 2650 3940 καὶ
2678 3888 3064 3956 πεισματικδν,
3097 3889 3210 3941 εἴτε
3233 3889 3636 3960 πεισμονικὸν),

2050 3982 2159 4035 ὑπὸ
2174 3978 2434 4051 τοιαύτην
2461 3982 2672 4033 κεῖνται
2698 3979 3012 4049 φαυλότητα
3037 3979 3130 4033 καὶ
3154 3980 3352 4034 κακίαν
3373 3981 3639 4050 ἀναρχίας

2050 4076 2147 4129 καὶ
2171 4073 2316 4139 λαοὶ,
2345 4073 2462 4126 ὅσοι
2495 4073 2572 4141 μὴ
2609 4070 2795 4142 έχουσι
2826 4071 3169 4144 καθηγητὰς,
3200 4067 3276 4126 ὧν
3309 4073 3637 4144 ὐπερανέχει

2049 4169 2079 4221 ὁ
2121 4166 2380 4236 μέγιστος
2419 4164 2744 4240 ἡγούμενος,
2795 4165 2824 4218 ὀ
2856 4164 2990 4228 Θεός
3019 4180 3034 4197 ·
3088 4163 3184 4219 καὶ
3222 4166 3478 4235 περιάγει
3508 4167 3638 4229 τοὺς

2049 4258 2328 4320 τοιούτους
2359 4257 2522 4320 λαοὺς
2542 4259 2572 4311 ὁ
2603 4259 2810 4328 κόσμος
2842 4249 2931 4310 οἷα
2974 4255 3069 4310 καί
3112 4272 3233 4310 τινα
3265 4255 3403 4321 ζῶα,
3428 4250 3512 4319 οἷς
3539 4259 3639 4311 οὐκ

2051 4349 2356 4403 ἐπίκεινται
2398 4348 2656 4418 κεφαλαί.
2694 4349 2784 4402 Διὸ
2819 4348 2984 4403 καλὸν
3027 4348 3150 4419 μὲν,
3191 4348 3288 4402 καὶ
3329 4348 3639 4417 ἀκεφάλους

2053 4444 2147 4497 καὶ
2188 4442 2494 4510 ἀναύχενας
2535 4444 2661 4505 τοὺς
2708 4441 3011 4506 τοιούτους,
3052 4441 3197 4495 κατά
3233 4458 3357 4496 τινα
3402 4441 3639 4495 παλαιὰν

364 4543 469 4583 nec
483 4540 645 4600 caput
661 4544 762 4586 nec
778 4530 977 4587 collum
997 4531 1221 4597 habent)
1249 4532 1374 4602 jure
1393 4531 1788 4596 notninaveris,
1850 4545 1949 4585 seu

2057 4534 2404 4603 λογοποιίαν,
2438 4533 2806 4603 ἁποσκῶψαϋ,
2840 4532 3061 4587 κάλλιον
3087 4532 3145 4587 δὲ
3175 4533 3290 4598 καὶ,
3321 4532 3398 4596 ὡς
3424 4533 3505 4594 εἰς
3533 4531 3637 4600 cpti-

364 4623 548 4694 potius
564 4625 841 4681 vermibus
854 4625 1220 4681 iuarticulatis
1237 4627 1602 4692 aceensueris,
1622 4626 1954 4681 exsistentes

365 4718 610 4787 quidem,
637 4720 779 4789 quod
803 4722 869 4775 ad
897 4720 1018 4775 vitat
1044 4720 1313 4775 rationem
1338 4720 1555 4784 attinet,
1580 4719 1674 4774 sed
1704 4727 1955 4788 putantes

367 4827 491 4868 sese
522 4824 781 4881 praestare
811 4813 960 4868 omni
1013 4812 1217 4868 honuini
1259 4811 1352 4880 qui
1382 4810 1496 4867 Deo
1535 4810 1952 4881 appropinquat,

367 4916 423 4958 et
454 4908 521 4961 ad
573 4906 647 4961 ita
699 4907 1046 4962 sentiendum
1099 4907 1203 4962 sibi
1258 4905 1494 4961 invicem
1529 4902 1952 4974 persuadentes,

370 4996 629 5051 ﬁduciam
664 4997 717 5051 in
750 4997 913 5052 rebus
946 4998 1147 5066 quibus
1178 5011 1290 5053 non
1336 4996 1650 5068 oportebat,
1677 4993 1954 5051 collocan-

374 5100 477 5143 tes.
512 5088 589 5144 De
618 5090 717 5144 hac
748 5088 946 5145 ﬁducia
982 5090 1339 5160 quantumvis
1375 5089 1576 5159 saepius
1610 5086 1774 5144 verba
1823 5086 1950 5150 feci,

369 5194 523 5241 nunc
565 5196 815 5252 quoque,
873 5192 1139 5250 quantum
1191 5181 1326 5239 satis
1382 5191 1489 5247 est,
1546 5178 1952 5236 recordationis

370 5270 541 5341 gratia
582 5270 830 5341 proferre
868 5273 1020 5329 libet.

441 5364 533 5419 64.
568 5363 789 5420 Fiducia
840 5375 897 5421 et
924 5365 1272 5436 conﬁdentia,
1318 5382 1409 5422 res
1442 5367 1496 5422 in
1534 5376 1778 5437 tempore
1807 5364 1953 5420 desi-

371 5456 656 5521 derabilis,
689 5472 1079 5527 nonnunquam
1105 5469 1286 5514 autem
1311 5457 1590 5529 fugienda,
1622 5457 1698 5512 uti
1723 5457 1952 5521 scimus,

371 5548 693 5619 plerumque
725 5564 790 5603 ex
824 5566 929 5603 una
962 5552 1147 5605 radice
1186 5566 1252 5607 ac
1281 5550 1455 5616 fonte,
1483 5565 1580 5606 seu
1622 5560 1681 5604 ut
1714 5549 1948 5617 simpli-

373 5642 494 5694 t-ius
534 5640 745 5710 loquar,
770 5656 837 5696 ex
875 5658 982 5698 uno
1011 5643 1282 5714 principio
1310 5643 1636 5713 procedunt,
1679 5657 1709 5697 e
1731 5642 1952 5710 subjec—

374 5732 521 5784 tioue
560 5732 838 5787 nimirum.
871 5731 1005 5787 Cum
1061 5743 1240 5789 autem
1274 5733 1544 5802 bipertitae
1585 5735 1694 5786 sint
1755 5728 1949 5799 (altera

372 5820 514 5883 busta
568 5824 714 5884 enim
772 5837 1012 5902 apparot,
1062 5824 1364 5885 secundum
1412 5841 1576 5898 quam
1622 5824 1804 5897 quoad
1866 5837 1955 5879 res

2059 4642 2147 4680 σιν
2174 4624 2562 4696 ἀδιαρθρώτων
2596 4625 2899 4697 σκωλήκων
2926 4622 3201 4689 ἀποτάξαι
3224 4623 3443 4686 αὐτοὺς,
3474 4622 3635 4684 ὄντας

2059 4720 2181 4789 μὲν,
2219 4721 2396 4772 ὁποῖοι
2435 4717 2506 4771 τὰ
2545 4720 2602 4781 ἐς
2651 4718 2768 4787 βίον
2817 4717 3196 4789 ἐκφαίνονται,
3247 4713 3537 4778 δοκοῦντας
3578 4714 3632 4767 δὲ

2057 4812 2419 4884 ὑπερανέχειν
2448 4810 2740 4883 ἀνθρώπου
2775 4809 2979 4873 παντὸς
2997 4848 3014 4876 ,
3036 4806 3348 4877 δγγιζοντος
3379 4804 3461 4877 τῷ
3490 4806 3631 4876 θεῷ.

2056 4904 2154 4959 καὶ
2174 4902 2578 4973 συμπείθοντας
2602 4901 2866 4973 ἀλλήλους
2894 4902 2975 4966 εἰς
2997 4901 3060 4956 τὸ
3086 4897 3231 4954 οὕτω
3263 4900 3512 4970 φρονεῖν,
3543 4898 3637 4951 καὶ

2058 4997 2268 5065 πεῖσμα
2314 4994 2705 5065 φυλάττοντας,
2745 4991 2834 5062 ἐφ’
2881 4987 2964 5055 οἷς
3010 4992 3114 5047 οὐκ
3161 4990 3354 5062 ὲχρῆν.
3395 4989 3532 5058 Περὶ
3579 4984 3640 5043 οὗ

2056 5087 2360 5157 πείσματος
2384 5086 2557 5141 πολλὰ
2572 5088 2666 5139 καὶ
2685 5085 2947 5148 πολλάκις
2969 5084 3142 5140 ειπὼν
3162 5083 3337 5138 ἐθέλω
3360 5084 3536 5138 xiv-tet
3550 5081 3643 5137 )θα

2060 5186 2296 5250 μετρίως
2316 5175 2762 5249 ἐπισημήνασθαι
2788 5193 2840 5230 τι
2868 5176 3006 5247 πρδς
3021 5174 3353 5246 ἀνάμνησιν.

2128 5351 2225 5417 ξδ’.
2258 5353 2332 5405 To
2356 5353 2563 5420 πεῖσμα
2594 5351 2690 5405 καὶ
2720 5353 2753 5421 ἡ
2783 5351 3079 5423 πεισμονὴ,
3099 5351 3161 5404 τὸ
3182 5351 3277 5405 καὶ
3305 5350 3562 5405 εὐκταῖον
3583 5352 3640 5402 ἐν

2055 5443 2233 5516 καιρῷ
2263 5443 2474 5514 χρῆμα,
2515 5444 2608 5497 καὶ
2642 5442 2817 5506 ἄλλως
2856 5443 2911 5495 δὲ
2952 5442 3238 5510 φευκτέον,
3268 5440 3345 5504 ὡς
3379 5438 3601 5508 οἴδαμεν
3620 5480 3641 5509 ,

2057 5537 2403 5607 ἑξὼρμηνται
2430 5538 2504 5600 ὡς
2525 5535 2757 5589 ἐπιπολὺ
2785 5538 2887 5590 ὅσα
2912 5536 3005 5588 καὶ
3023 5533 3184 5605 ῥίζης
3211 5532 3357 5595 τινὸς
3378 5530 3410 5601 ἢ
3429 5531 3637 5601 πηγῆς,

2059 5632 2245 5693 ἁπλῶς
2288 5631 2343 5685 δὲ
2387 5631 2597 5695 εἰπεῖν,
2641 5630 2821 5700 ἀρχῆς
2865 5629 3156 5698 ἀμφότερα
3185 5626 3285 5696 τῆς
3333 5624 3638 5701 ὑποταγῆς,

2059 5726 2250 5791 Διττῆς
2279 5722 2335 5775 δὲ
2363 5722 2527 5792 οὐσης
2555 5722 2729 5790 αὐτῆς
2763 5724 2817 5793 (ἡ
2854 5722 2952 5791 μὲν
2981 5722 3091 5790 γὰρ
3121 5719 3305 5787 ἀγαθὴ
3330 5717 3642 5786 διεκφαίνε-

2059 5834 2177 5883 ται,
2238 5815 2357 5871 καθ’
2415 5818 2480 5888 ἢν
2532 5816 2735 5888 δηλαδὴ
2802 5814 3113 5886 θεοφιλέσιν
3174 5809 3493 5882 ἀνθρώποις
3546 5809 3641 5869 ἐπὶ
