4048 6468
440 333 544 400 ειι

1048 341 1147 403 DE
1185 341 1667 404 OBEDIENTIA
1709 341 2248 411 MAGISTRATUI
2295 350 2780 414 CIIRISTIANO
2817 353 3125 417 D‘EBlTi.

3618 357 3724 421 3-52

439 445 735 518 ποάιγμασι
765 449 987 513 πάντως
1011 451 1309 522 ὠφελίμοις
1333 453 1757 523 ὑποτασσόμεθα
1774 472 1789 487 ·
1816 457 1850 526 ἡ
1881 454 1938 508 δὲ
1961 455 2007 508 οἰ

2130 462 2359 514 omnino
2412 461 2573 517 miles
2630 462 2761 518 viris
2816 462 2926 518 Deo
2955 464 3195 535 acceptis
3230 478 3327 519 nos
3359 464 3720 536 subiicimus;

434 543 686 614 τοιαύτη,
720 543 1071 615 θεωρουμένη
1103 545 1266 617 αὑτὴ,
1294 546 1383 599 ὅτε
1408 549 1691 617 φορτικοῖς
1714 546 2025 618 ἀνθρώποις

435 639 760 709 ὑπείχομεν,
788 639 891 693 οὑκ
921 638 1295 702 εὑπαιδεύτως
1324 638 1656 709 τυπούμενοι
1687 639 1825 710 πρὸς
1853 638 2028 693 τοιοῦ-

431 750 525 787 τον
569 731 775 803 φαῦλον
810 733 1222 804 παράδειγμα),
1259 730 1456 801 διπλῆν
1492 729 1635 785 εἶναι
1684 732 1900 802 ἀνάγκη
1933 732 2025 785 καὶ

434 825 533 897 τὴν
562 826 620 894 ἐξ
650 827 855 897 ἀμφοῖν
879 825 1076 882 πειθώ.

500 1005 596 1070 ξεν.
631 1003 1004 1074 Πεπεισμένοι
1053 1003 1155 1072 μὲν
1202 1002 1312 1074 γὰρ
1364 1003 1589 1072 ἀγαθοῖς
1641 1003 2019 1069 διδασκάλοις,

433 1094 638 1164 ἀγαθὸν
675 1097 883 1163 πεῖσμα
913 1095 1199 1166 πάσχομεν
1221 1112 1237 1128 ’
1273 1096 1348 1165 μὴ
1372 1095 1639 1159 τοιούτοις
1680 1095 1738 1149 δὲ
1769 1095 2024 1150 ὑπείκον-

430 1204 545 1249 τες,
574 1187 837 1256 πείσματι
860 1185 1048 1257 ἀζήλῳ
1070 1186 1149 1258 τῷ
1178 1186 1411 1252 ἐκεῖθεν,
1444 1188 1568 1241 ὅποι
1593 1185 1670 1257 μὴ
1700 1186 1900 1256 πρέπει
1926 1188 2025 1240 ἀν-

430 1277 694 1347 θρώποις,
714 1277 1033 1349 ὲκνεύομεν.
1054 1278 1268 1333 Οὐκοῦν
1289 1278 1572 1349 ὑποταγῆς
1595 1278 2023 1350 προηγουμένης

427 1372 526 1425 ἐπὶ
555 1371 874 1443 ὑστεροῦντι
904 1373 1191 1444 πείσματι,
1223 1374 1319 1429 καὶ
1352 1372 1768 1442 δευτερεύοντος
1796 1373 2022 1436 πάντως

427 1467 498 1521 τά
544 1483 609 1537 γε
640 1469 721 1531 εἰς
765 1467 1048 1536 ὑποταγὴν
1085 1465 1181 1521 τοῦ
1218 1466 1611 1533 ὑπακούοντος,
1648 1466 1708 1529 ὃς
1751 1467 1853 1535 μὲν
1899 1465 2022 1534 Θεῷ

428 1561 783 1630 προσανέχων
805 1559 1054 1614 πείθεται
1084 1558 1396 1630 διδασκάλῳ
1412 1560 1605 1631 ὲνθὲῳ,
1635 1560 1730 1613 καὶ
1753 1559 1851 1624 τὰς
1879 1559 2020 1612 sat-2L

427 1654 521 1707 θεν
538 1652 919 1724 εἰσδεχόμενος
943 1652 1227 1719 ὑποθήκας
1255 1655 1402 1706 ποιεῖ
1423 1651 1493 1705 τὰ
1519 1651 1857 1723 καθήκοντα,
1882 1650 2020 1704 Θεοῦ

425 1745 712 1815 ἄνθρωπος
744 1745 975 1807 ἐκεῖνος,
1012 1745 1106 1797 καὶ
1134 1744 1397 1815 σταθερὸς
1427 1744 1592 1808 αὐτὸς
1619 1746 1679 1797 ὲν
1700 1747 1893 1816 ἀρετῇ,
1922 1744 2018 1797 καὶ

2131 548 2302 604 altera
2364 564 2543 606 autem
2601 570 2707 609 non
2741 555 2863 609 talis
2919 564 3025 619 est,
3072 556 3166 611 sed
3202 556 3256 609 in
3284 571 3350 611 co
3382 558 3722 626 conspicitur

2130 644 2275 710 quod
2313 643 2509 699 vilibus
2551 645 2863 702 hominibus
2914 649 3224 712 obedimus,
3277 660 3331 704 et
3361 650 3428 704 ad
3456 651 3565 705 tale
3604 669 3720 706 n-a-

2131 733 2247 790 lum
2276 738 2585 808 exemplum
2622 740 2763 794 male
2806 740 3064 809 effingere
3112 756 3216 798 nos
3264 744 3598 811 studemus),
3653 747 3718 796 ad

2130 828 2384 898 bipartita
2422 833 2728 888 necessario
2768 832 2930 888 etiam
2981 836 3265 904 persuasio
3298 836 3402 891 erit
3429 848 3496 891 ex
3527 837 3717 891 antiba-

2130 920 2231 975 bus
2260 921 2557 990 proﬂuens.
2738 980 2743 985 ,
3149 976 3179 994 .

2197 1009 2290 1067 65.
2324 1012 2384 1066 Si
2430 1013 2575 1067 enim
2610 1014 2766 1069 bonis
2818 1014 3246 1082 praeceptoribus
3301 1031 3578 1084 paremus,
3622 1018 3718 1069 ba-

2128 1118 2253 1159 nam
2307 1104 2557 1160 fiduciam
2590 1106 2992 1170 nanciscimur;
3053 1108 3134 1163 sin
3182 1122 3313 1163 vero
3361 1124 3468 1164 non
3521 1110 3719 1164 talibus

2126 1194 2431 1261 ohedimus,
2487 1196 2819 1253 confidentia
2881 1198 3022 1253 mala
3079 1199 3209 1255 illuc
3244 1215 3356 1270 quo
3413 1215 3518 1255 non
3555 1200 3715 1255 decet

2132 1284 2410 1347 homines,
2440 1285 2800 1343 declinamus.
2861 1286 2997 1342 Cum
3025 1288 3191 1354 igitur
3219 1291 3529 1346 obedientia
3578 1306 3718 1361 pra:-

2126 1378 2303 1441 cedat,
2341 1379 2539 1433 lidueia
2574 1389 2759 1434 autem
2793 1383 3183 1452 subsequatur,
3220 1395 3427 1439 etcum
3484 1386 3714 1441 omnino

2123 1465 2424 1518 secundum
2463 1466 2642 1519 locum
2667 1466 2909 1524 obtineat
2930 1470 3036 1543 qui
3084 1486 3294 1527 morem
3327 1473 3469 1543 gerit
3524 1492 3538 1528 :
3581 1490 3716 1545 pro-

2125 1555 2271 1611 fecto
2298 1559 2342 1612 si
2377 1560 2483 1615 Deo
2530 1559 2818 1629 obediens,
2855 1562 3053 1619 fiducia
3086 1563 3140 1618 in
3188 1574 3525 1635 praceptore
3578 1566 3718 1620 divi-

2124 1652 2272 1705 nitus
2322 1651 2587 1720 inspirato
2639 1656 2906 1711 collocata
2966 1656 3193 1727 ejusque
3245 1657 3492 1713 doctrina
3554 1659 3607 1712 in
3657 1675 3718 1714 se

2126 1755 2342 1807 recepta
2376 1744 2428 1799 id
2459 1746 2603 1816 quod
2653 1748 2811 1804 decet
2845 1748 3003 1813 facit,
3047 1750 3142 1804 Dei
3174 1748 3339 1805 homo
3360 1750 3489 1812 erit,
3526 1750 3716 1808 lirmns

426 1838 648 1908 βέϐαιος
678 1838 734 1890 ὲν
762 1837 968 1902 καλοῖς,
1001 1839 1092 1891 καὶ
1129 1837 1378 1907 ἀσφαλὴς
1405 1838 1508 1910 τὴν
1546 1837 1891 1908 ἀγαθότητα,
1926 1838 2007 1891 καῖ

2129 1835 2180 1890 in
2210 1837 2434 1903 virtute.
2470 1848 2740 1896 constans
2779 1841 2833 1895 in
2862 1842 3043 1905 bonis,
3076 1841 3435 1898 inconcussus
3480 1844 3534 1898 in
3586 1861 3716 1910 pro.

427 1930 735 2003 ἀστεμφὴς,
770 1931 845 1993 ὡς
890 1933 985 1984 καὶ
1018 1930 1399 1998 ἐπαινεῖσθαι,
1435 1931 1529 1985 καὶ⁵
1561 1931 1755 1996 στῦλος
1784 1931 2016 2003 ὀρθότη-

425 2039 519 2084 τος
555 2021 875 2093 ἀστραϐὴς,
910 2022 1010 2076 καὶ
1050 2021 1304 2092 θεμέλιος
1349 2022 1624 2094 ἀρραγὴς,
1662 2022 1711 2077 εἰ
1747 2022 1841 2087 καί
1885 2040 2014 2076 ποτε

424 2116 800 2178 κατασείεται,
842 2116 936 2168 καὶ
985 2114 1328 2186 παραδείσου
1371 2116 1590 2188 δένδρον
1638 2114 1878 2187 εῦριζον,
1922 2117 2018 2169 καὶ

422 2202 535 2261 οἷον
557 2208 631 2279 μὴ
646 2207 1086 2262 διατινάσσεσθαι
1105 2208 1178 2270 ὡς
1205 2210 1287 2271 εἰς
1310 2208 1515 2262 πτῶσιν
1532 2209 1831 2279 δαιμονίοις
1856 2207 2016 2262 πνεύ-

426 2315 585 2368 μασι,
618 2301 710 2352 καὶ
746 2298 881 2352 Θεοῦ
911 2294 1059 2362 οἶκος
1087 2300 1449 2363 ἅκατάλυτος.
1484 2302 1595 2354 Καὶ
1628 2300 1687 2353 τὸ
1720 2302 1929 2370 πεῖσμα
1956 2299 2016 2351 τὸ

424 2392 567 2446 κατά
592 2391 834 2445 τοιοῦτον
859 2391 1145 2461 ἄνθρωπον
1162 2393 1260 2462 οὑχ
1283 2392 1472 2456 ἁπλῶς
1501 2395 1559 2445 ὲν
1591 2393 1803 2464 ἐπαίνῳ
1827 2394 2015 2460 κείμε-

420 2504 513 2541 νον
548 2485 913 2556 θαυμάζεται,
933 2485 1070 2540 ἀλλὰ
1095 2486 1188 2539 καὶ
1220 2486 1340 2558 Θεῴ
1374 2486 1529 2556 φίλον
1560 2489 1657 2543 καὶ
1691 2486 1849 2557 ἅγιον
1875 2503 2014 2555 γνω-

420 2581 747 2652 ματεύεται.

492 2675 601 2741 Eg’.
631 2673 770 2731 Είδέ
805 2692 891 2739 τις
918 2673 1023 2728 ὑπὸ
1066 2672 1379 2744 διδασκάλῳ
1428 2672 1504 2743 μὴ
1535 2672 1679 2727 οὑτω
1723 2690 2010 2744 προηγου-

418 2766 572 2837 μένῳ
601 2769 682 2829 εἰς
711 2763 844 2819 εὐθὺ
878 2765 1168 2826 τάσσεται,
1203 2763 1342 2817 ἀλλὰ
1368 2765 1557 2834 κύκλῳ
1587 2766 2006 2837 περιπατοῦντι,

414 2859 514 2913 καὶ
538 2859 639 2929 τὴν
658 2857 931 2929 εὐθύτητα
958 2855 1333 2928 στρεϐλοῦντι,
1353 2855 1414 2920 ὃς
1437 2856 1537 2910 οὑκ
1568 2857 1633 2911 ἂν
1666 2857 1752 2927 εἴη
1775 2859 2010 2928 ἄμωμος

415 2954 476 3005 ὲν
507 2953 611 3024 ὁδῷ
640 2953 916 3022 Κυριακῇ,
949 2945 1250 3004 κάντεῦθεν
1278 2949 1374 3003 ἀπ’
1397 2951 1650 3013 ἐναντίας
1673 2950 1755 3021 τῷ
1796 2953 2008 3022 πρωτίο

416 3064 531 3118 στῳ
552 3046 648 3100 καὶ
667 3046 763 3101 ἐπὶ
783 3045 974 3117 θρόνου
998 3043 1155 3115 δόξης
1181 3044 1490 3114 ὑπερτάτου
1518 3045 1816 3116 καθημένῳ
1847 3047 2008 3116 φερό-

417 3157 603 3210 μενος,
665 3141 764 3209 τῆς
820 3138 1291 3215 διεστραμμένης.
1330 3136 1555 3201 πειθοῦς
1611 3138 1853 3206 γίνεται·
1910 3139 2008 3193 καὶ

410 3231 594 3302 λαχὼν
622 3234 834 3285 ἐκεῖθεν
859 3233 964 3302 ἁρχ
978 3233 1035 3293 ὶς
1065 3231 1127 3282 οὑ
1157 3228 1492 3298 θεοφιλείας,
1514 3229 1635 3283 οὑδὲ
1662 3231 2006 3302 φρονήσεως,

408 3330 472 3381 τὸ
500 3329 609 3382 πᾶν
660 3329 716 3381 δὲ
754 3331 1153 3401 συνῃρημένως
1183 3326 1375 3392 φάναι,
1429 3324 1531 3379 οὑκ
1559 3325 1834 3397 ἐναρέτως
1867 3326 2007 3397 πρὸς

408 3419 699 3490 ἀληθειαν,
744 3420 840 3474 καὶ
872 3420 1074 3482 πείσας
1117 3417 1337 3483 ἑαυτὸν,
1382 3417 1460 3480 είς
1485 3417 1640 3481 τέλος
1666 3417 1767 3472 οὐκ
1802 3419 2007 3487 ἀγαθὸν

411 3511 721 3576 ἐνίσταται,
782 3510 878 3564 καὶ
933 3509 1186 3579 ἀγωνιῶν
1233 3507 1561 3573 ἀντιϐαίνει,
1612 3510 1920 3579 κοινότερον
1948 3510 2007 3562 δὲ

409 3604 643 3674 φράσαι,
688 3603 826 3674 πρὸς
887 3602 1157 3657 ίδιωτείαν
1191 3600 1262 3654 δι’
1289 3600 1613 3671 εὐμάθειαν,
1645 3601 1747 3669 τὴν
1781 3602 1841 3655 ἐν
1888 3603 2007 3665 τοῖς

408 3692 650 3755 πολλοῖς,
711 3690 1090 3761 πεισματῖζει,
1144 3688 1220 3752 ὡς
1257 3688 1532 3743 καὶκατὰ
1564 3689 1767 3759 κράτος
1821 3690 2002 3760 νικᾷν,

408 3784 505 3839 καὶ
539 3784 796 3853 συνιστᾷν
823 3782 851 3836 ὃ
888 3782 1144 3851 βούλεται
1171 3796 1186 3813 ο
1240 3781 1342 3834 οὑκ
1384 3780 1559 3848 ἔστιν,
1589 3780 1701 3835 οὐδ’
1734 3781 1801 3835 ἂν
1828 3783 2006 3836 εἰπεῖν

406 3876 661 3948 τολμήσῃ
687 3892 774 3940 τις
803 3876 944 3947 όρθὰ
966 3876 1183 3944 φρονῶν
1218 3874 1312 3928 καὶ
1333 3874 1498 3944 λόγου
1535 3874 1789 3946 μέτοχος,
1815 3876 2007 3945 εναρέ-

405 3992 517 4039 τως
554 3972 862 4027 διακεῖσθαι
895 3973 990 4025 τὸν
1020 3970 1167 4025 οὑτω
1198 3971 1576 4042 πεισμονικόν.
1611 3972 1685 4024 Οὑ
1720 3972 1831 4043 γὰρ
1854 3972 2001 4026 δέδο-

404 4085 521 4132 ται,
558 4065 767 4136 φαύλης
797 4065 975 4137 ἀρχῆς
1004 4065 1211 4134 ἀγαθὸν
1235 4060 1375 4118 εἶναι
1402 4064 1805 4136 συμπέρασμα.

480 4161 579 4228 ξς.
609 4162 672 4215 El
706 4160 763 4214 δὲ
789 4159 883 4213 καί
907 4177 994 4222 τις
1025 4163 1084 4214 ὲν
1123 4159 1356 4230 διαλόγῳ
1385 4163 1455 4213 τὰ
1480 4159 1657 4228 ψευδῆ
1695 4157 2001 4229 προτείνων

405 4256 821 4330 παρασυνάγειν
873 4254 1136 4324 ἀλήθειαν
1172 4254 1449 4323 φαίνεται,
1478 4252 1617 4307 ἀλλὰ
1638 4254 1701 4306 τὸ
1747 4252 2004 4323 ἐφαμαρ-

404 4366 517 4412 τως
539 4347 957 4418 προηγούμενον
997 4347 1099 4399 οὑκ
1123 4340 1243 4398 οἶδα
1279 4345 1401 4410 πῶς
1445 4345 1513 4399 ἂν
1534 4345 1651 4416 ἔχοι
1677 4346 2003 4401 ἀποϐαίνειν

408 4442 704 4511 σωτήριον.
742 4438 914 4508 Δῆλον
931 4438 1009 4505 δὲ,
1032 4436 1108 4501 ὡς
1132 4439 1213 4501 εἰς
1233 4438 1430 4491 ταυτὸν
1449 4437 1576 4508 ἥκει
1599 4438 1796 4503 κακοῦ,
1822 4438 1999 4509 φαύλῃ

2129 1927 2296 1983 bitate
2318 1938 2371 1984 et
2423 1931 2753 1997 inﬂexibilis,
2802 1941 2860 1985 ut
2896 1932 3110 1987 laudem
3146 1943 3422 1989 mereatur
3460 1936 3715 1991 columna

2128 2022 2466 2080 rectitudinis
2544 2039 2648 2079 non
2735 2023 3047 2088 in‘cnrvata,
3118 2023 3531 2084 fundamentum
3608 2043 3714 2081 non

2125 2118 2518 2181 evertendam,
2579 2117 2831 2188 quamvis
2888 2133 3276 2189 nonnunquam
3339 2120 3712 2187 concutiatur,

2126 2212 2288 2264 arbor
2343 2210 2580 2279 paradisi
2646 2212 2858 2268 radices
2908 2213 2961 2266 in
3022 2210 3357 2282 profundum
3389 2228 3577 2284 agens,
3638 2214 3711 2267 ita

2125 2308 2184 2350 ut
2216 2307 2452 2368 nequeat
2484 2314 2513 2353 a
2542 2300 2703 2356 malis
2726 2300 3069 2358 damonibus
3095 2302 3150 2357 in
3182 2303 3399 2358 ruinam
3431 2303 3622 2374 dejici,
3658 2314 3715 2359 et

2121 2390 2318 2447 domus
2347 2391 2439 2447 Dei
2471 2393 2851 2451 inevertibilis.
2883 2394 3060 2451 Porro
3089 2396 3285 2452 fiducia
3319 2396 3583 2465 ejusmodi
3612 2398 3711 2452 viri

2121 2501 2228 2539 non
2261 2486 2432 2540 solum
2482 2486 2643 2541 laude
2702 2498 2756 2543 et
2788 2489 3157 2544 admiratione
3236 2499 3319 2545 est
3351 2488 3537 2560 digna,
3617 2492 3713 2545 sed

2119 2580 2283 2634 etiam
2323 2581 2429 2635 Deo
2463 2588 2686 2652 accepta
2724 2590 2779 2636 et
2809 2593 2999 2638 sancta
3030 2581 3396 2639 existimatur.

2192 2671 2283 2729 66.
2325 2672 2383 2729 Si
2408 2674 2533 2744 quis
2564 2685 2745 2732 autem
2779 2692 2886 2732 non
2922 2691 2950 2730 a
2985 2677 3079 2731 tali
3121 2684 3456 2748 praeceptore
3477 2678 3531 2733 in
3561 2687 3713 2733 recto

2119 2766 2438 2833 collocatur,
2474 2768 2568 2823 sed
2594 2770 2648 2823 in
2682 2772 2815 2824 orbe
2849 2768 3094 2825 instabiii
3134 2777 3299 2839 atque
3325 2769 3712 2826 rectitudinem

2117 2867 2487 2927 pervertente,
2527 2859 2600 2914 ita
2634 2870 2691 2914 ut
2723 2876 2830 2915 non
2864 2861 2935 2917 sit
2963 2859 3466 2932 irreprebensibilis
3510 2861 3565 2916 in
3624 2861 3711 2917 via

2121 2951 2354 3017 Domini,
2385 2966 2482 3007 seu
2531 2953 2714 3023 potius
2750 2953 2819 3010 ab
2864 2967 2932 3008 eo
2971 2955 3064 3022 qui
3129 2954 3182 3008 in
3265 2969 3486 3010 summo
3526 2955 3712 3022 gloriae

2118 3043 2317 3100 throno
2341 3045 2516 3111 sedet,
2545 3054 2829 3100 avertatur
2846 3054 2899 3100 et
2926 3059 3177 3114 perversa
3199 3045 3394 3102 ﬁducia
3414 3046 3711 3105 innitatur:

2119 3137 2184 3201 is,
2215 3137 2474 3206 quoniam
2503 3151 2685 3208 neque
2715 3137 2807 3192 Dei
2854 3152 3043 3194 amore
3086 3152 3265 3208 neque
3288 3138 3575 3208 prudentia
3602 3140 3709 3195 im-

2114 3231 2319 3297 buitur,
2353 3241 2431 3298 et,
2456 3240 2515 3285 ut
2548 3231 2787 3287 breviter
2821 3232 3025 3298 dicam,
3064 3232 3263 3288 fiducia
3318 3248 3441 3304 qua:
3490 3234 3710 3290 virtutis

2111 3339 2177 3379 ac
2202 3323 2449 3379 veritatis
2471 3323 2684 3379 fructus
2743 3333 2850 3391 est,
2902 3324 3207 3380 destitutus
3269 3324 3340 3379 ad
3384 3325 3543 3380 flnem
3598 3342 3706 3382 non

2111 3417 2312 3472 bonum
2345 3416 2520 3470 tendit
2551 3426 2604 3470 et
2633 3433 2831 3485 magno
2854 3432 2981 3472 cum
3025 3419 3228 3487 impetu
3266 3432 3365 3488 per
3399 3417 3704 3473 doctrinam

2109 3503 2444 3558 multitudini
2489 3506 2764 3575 propriam
2817 3507 2882 3561 ad
2930 3506 3294 3577 ignorantiam
3361 3508 3708 3578 progreditur

2108 3605 2164 3653 et
2196 3610 2413 3652 omnem
2439 3596 2622 3652 funem
2680 3607 2878 3663 movet,
2922 3608 2980 3653 ut
3027 3599 3200 3670 ipsius
3236 3599 3505 3670 voluptati
3536 3601 3703 3656 satis-

2110 3687 2301 3753 faciat,
2332 3689 2398 3751 is,
2447 3689 2693 3759 inquam,
2743 3690 2834 3744 tali
2884 3689 3078 3745 fiducia
3150 3689 3324 3747 fretus
3401 3706 3431 3746 a
3487 3692 3705 3746 nemine

2108 3792 2258 3836 recte
2278 3784 2549 3838 sentiente
2573 3792 2664 3838 aut
2697 3787 2833 3840 bene
2874 3785 3145 3840 instructo
3199 3783 3386 3839 virtuti
3437 3787 3702 3841 conveni-

2105 3884 2264 3929 enter
2313 3875 2613 3944 dispositus
2662 3892 2786 3932 esse
2818 3876 3053 3932 dicetur.
3092 3877 3135 3932 E
3172 3877 3316 3933 malo
3367 3877 3513 3933 enim
3540 3877 3698 3947 prin-

2105 3969 2250 4037 cipio
2296 3969 2474 4024 bonus
2498 3971 2619 4024 linis
2681 3983 2979 4042 eXsurgere
3034 3970 3244 4041 nequit.
3538 3962 3541 3965 ’

2177 4151 2267 4205 67.
2301 4150 2528 4206 Etiamsi
2563 4165 2693 4206 vero
2725 4150 2846 4220 quis
2890 4151 2944 4205 in
3007 4151 3426 4206 conversatione
3477 4151 3701 4206 menda-

2106 4242 2250 4298 cium
2281 4242 2569 4313 profereus
2600 4245 2888 4299 veritatem
2947 4242 3415 4298 subintroducere
3455 4243 3697 4306 videtur,

2105 4332 2237 4388 illud
2271 4342 2453 4388 tamen
2485 4337 2628 4405 quod
2656 4347 2914 4404 perverse
2963 4332 3273 4398 disseritur,
3321 4332 3508 4387 nescio
3562 4346 3702 4399 quo-

2106 4424 2270 4480 modo
2294 4426 2349 4479 in
2388 4425 2624 4482 salutem
2675 4427 2872 4482 cedere
2926 4425 3121 4494 possit.
3168 4422 3461 4479 Manifesta
3514 4432 3698 4477 autem

402 4552 467 4588 τε
495 4535 639 4605 ἀρχῇ
675 4531 992 4603 πεισθῆναι,
1028 4531 1125 4583 καὶ
1155 4529 1278 4583 κατ’
1311 4530 1531 4599 ἐκείνην
1582 4528 1996 4601 στρεϐλωθῆναι

2120 4518 2171 4572 ιιι
2210 4518 2352 4573 idem
2384 4518 2588 4572 malum
2626 4516 2790 4581 redit,
2840 4521 2936 4570 au‘t
2963 4514 3236 4585 principio
3300 4527 3565 4583 perverso
3622 4514 3703 4566 in-

402 4628 487 4691 είς
520 4628 589 4681 τὰ
623 4626 754 4695 ἑξῆς
790 4623 1280 4709 λόγῳιὺποταγῆς,
1306 4622 1402 4675 καὶ
1441 4620 1659 4675 οἴκοθεν
1689 4622 2001 4690 παρεκνεῦ-

406 4737 500 4774 σαι
521 4721 620 4790 τῆς
640 4717 832 4789 ὀρθῆς,
873 4718 1007 4770 ὅπου
1036 4716 1087 4769 οἱ
1120 4714 1398 4785 ἀλιτήριοι
1423 4715 1519 4767 καὶ
1556 4717 1700 4769 κατά
1728 4714 1831 4784 τῆς
1863 4714 1997 4785 ἀρε-

402 4813 506 4880 τῆς
526 4809 919 4882 αἱρετίςοντες,
953 4807 1004 4862 οἳ
1038 4808 1135 4861 καὶ
1156 4806 1314 4860 αὑτοὶ
1356 4805 1671 4877 δαιμονίαις
1698 4804 1995 4877 προθέσεσι

402 4902 836 4964 καθυπείκοντες
864 4900 1149 4954 πείθονται
1179 4900 1261 4963 είς
1286 4898 1478 4953 κακόν.
1532 4898 1657 4952 Ὅτι
1688 4899 1746 4952 δὲ
1783 4899 1863 4963 είς
1890 4916 1997 4968 γα·-

401 4999 576 5069 λήνην
605 4997 876 5067 σωτήριον
918 4993 1250 5065 καθορμίςει
1289 4994 1416 5055 τοὺς
1435 4995 1494 5048 ὲν
1525 4991 1627 5064 βίῳ
1668 4992 1999 5056 σαλεύοντας

399 5090 463 5145 τὸ
495 5089 743 5158 θεοφιλὲς
769 5091 979 5155 πεῖσμα
999 5085 1127 5148 τοὺς
1161 5085 1295 5139 αὑτὸ
1330 5084 1579 5157 ἔχοντας,
1613 5085 1706 5139 καὶ
1735 5086 1769 5155 ἡ
1798 5083 1993 5156 πρώτη

399 5184 630 5256 λεκτικὴ
662 5182 812 5245 θέσις
843 5179 1008 5235 αὑτοῦ
1054 5179 1338 5233 δείκνυσι·
1393 5178 1676 5244 πείσματα
1708 5178 1818 5248 γὰρ
1855 5178 1996 5231 είθί-

401 5277 580 5347 σμεθα
599 5277 781 5343 λέγειν
806 5273 1030 5341 σπάρτα
1050 5272 1305 5338 ναυτικὰ,
1338 5265 1421 5335 οἷς
1447 5262 1666 5342 ’δηλαδὴ
1691 5270 1826 5333 ναῦς
1849 5270 1995 5323 ὲλλι-

401 5367 723 5440 μενισθεῖσα
781 5364 1054 5428 πείθεται,
1110 5364 1187 5433 μὴ
1237 5362 1514 5433 ἁφιεμένη
1543 5361 1991 5427 διασαλεύεσθαι,

399 5465 495 5517 καῖ
536 5462 616 5523 εἰς
645 5458 895 5513 κίνδυνον
927 5456 1244 5520 κλύζεσθαι·
1273 5457 1363 5511 ὅτε
1395 5456 1492 5510 καὶ
1544 5455 1698 5527 μένει
1723 5456 1902 5511 ἐκεῖνο
1929 5455 1992 5508 τὸ

398 5556 612 5624 σκάφος
644 5554 856 5624 ἤρεμον
888 5552 981 5604 ἐπὶ
1020 5553 1088 5623 τῇ
1114 5550 1363 5621 σωτηρίᾳ
1399 5548 1599 5603 ἑαυτοῦ
1628 5566 1689 5602 τε
1742 5548 1840 5602 καὶ⁸
1878 5548 1991 5603 τῶν

394 5649 662 5721 ἑμπλέειν
692 5646 991 5716 λαχόντων.
1024 5642 1296 5699 Ἐνταῦθα
1319 5642 1384 5712 δὴ
1410 5642 1751 5707 πεποιθότως
1777 5641 1989 5696 πυνθὰ-

396 5757 585 5810 νομαι,
614 5738 744 5792 πότε
773 5735 1168 5807 φιλοκινδύνως
1210 5733 1602 5797 αὑθαδιάζεται
1640 5733 1771 5796 ναῦς
1801 5734 1987 5786 τοιαύ-

396 5851 489 5899 τη,
526 5833 621 5899 καί
669 5828 984 5903 ἀπορρῆξαι
1035 5827 1131 5882 τοῦ
1160 5828 1383 5909 λιμένος
1424 5826 1627 5898 ἑαυτὴν
1664 5826 1985 5897 φιλονεικεῖ,

2104 4610 2201 4666 niti
2229 4611 2390 4681 eique
2414 4625 2624 4667 morem
2649 4609 2892 4681 gerendo
2917 4609 3024 4663 huc
3050 4618 3217 4677 atque
3281 4607 3412 4662 illuc
3479 4607 3698 4678 agitari,

2107 4715 2202 4758 aut
2242 4705 2309 4758 ab
2335 4706 2491 4759 initio
2519 4705 2587 4759 de
2620 4712 2770 4758 recto
2825 4704 3046 4757 tramite
3084 4700 3400 4769 deflectere,
3457 4701 3550 4756 ubi
3604 4702 3703 4757 bo-

2109 4797 2283 4852 tnines
2314 4814 2546 4866 nequam
2611 4797 2907 4866 virtutique
2964 4795 3314 4852 obluctantes
3364 4792 3701 4864 ingrediun-

2110 4896 2217 4955 tur,
2250 4889 2341 4959 qui
2387 4899 2442 4944 et
2464 4890 2588 4960 ipsi,
2637 4888 3085 4959 inspirationibus
3128 4887 3453 4943 obedientes
3485 4887 3697 4942 daemo-

2109 4982 2282 5037 niacis
2312 4983 2379 5036 ad
2411 4981 2738 5052 pravitatem
2760 4979 3059 5034 declinant.
3120 4977 3276 5046 Quod
3320 4986 3501 5032 autem
3561 4977 3701 5032 fidu-

2107 5076 2191 5130 cia
2222 5073 2483 5146 (πεῖσμα)
2527 5076 2579 5127 in
2624 5075 2734 5129 Deo
2769 5073 3034 5128 collocata
3063 5071 3183 5126 illos
3209 5070 3304 5141 qui
3350 5085 3413 5126 ea
3432 5070 3695 5141 gaudent,

2107 5168 2328 5237 quando
2371 5168 2496 5221 vitae
2554 5165 2972 5235 tempestatibus
3030 5164 3337 5230 turbantur,
3364 5162 3418 5218 in
3484 5173 3698 5232 portum

2103 5260 2456 5331 tranquillum
2496 5268 2551 5315 et
2575 5259 2879 5314 salutarem
2910 5258 3235 5323 introducit,
3267 5256 3535 5326 primaria
3597 5272 3695 5308 vo-

2105 5355 2285 5410 cabuli
2341 5354 2670 5426 significatio
2731 5352 3008 5418 ostendit;
3063 5350 3319 5405 fiduciam
3364 5349 3697 5420 (πείσματα)

2103 5450 2249 5504 enim
2290 5449 2564 5521 appellare
2611 5448 2855 5504 solemus
2900 5446 3163 5502 rudentes
3210 5447 3459 5501 nauticos
3501 5446 3701 5513 quibus

2107 5544 2261 5597 navis
2293 5544 2344 5597 in
2378 5553 2535 5612 portu
2573 5542 2871 5597 constituta
2917 5540 3193 5595 retinetur
3235 5537 3531 5609 quominus
3563 5536 3701 5588 tim--

2108 5637 2252 5690 tibus
2291 5635 2528 5706 agitetur
2562 5643 2655 5690 aut
2703 5634 2814 5689 ullo
2877 5634 3039 5690 modo
3096 5633 3459 5704 periclitetur,
3500 5629 3574 5683 ita
3640 5638 3697 5679 ttt

2104 5730 2380 5801 navigium
2419 5729 2550 5784 illud
2606 5729 3001 5800 tranquillitate
3081 5726 3301 5780 fruatur
3350 5738 3458 5778 non
3515 5721 3697 5774 minus

2103 5825 2171 5893 3.11
2197 5839 2350 5881 suam
2385 5825 2556 5896 ipsius
2580 5825 2810 5882 salutem
2844 5839 3003 5896 quam
3050 5836 3237 5880 corum
3305 5820 3409 5892 qui
3432 5819 3570 5874 forte
3601 5817 3700 5870 dco
