4048 6442
354 331 460 395 343
1066 327 1491 390 EUSTATIIII
1534 320 1938 384 THESSALOJ

2040 318 2293 379 IENSIS
2336 320 2906 379 METliOi‘OLl'l‘rE
3511 319 3546 379 3
3568 319 3615 377 .4

349 446 649 501 \ebuntur.
675 439 795 498 Jam
832 455 981 506 vero,
1006 454 1128 494 eum
1178 454 1373 507 magna
1396 436 1591 491 tiducia
1638 434 1931 500 interrogo,

2042 431 2169 482 πότε
2201 431 2255 484 δὲ
2300 431 2362 483 τὸ
2417 429 2681 508 ἀπόγαιον
2735 430 2913 481 ἐκεῖνο
2966 430 3174 496 πεῖσμα
3209 428 3608 496 μεταπείθεται

352 534 774 602 numejusmodi
814 534 970 588 navis
1018 532 1345 600 sibimetipsi
1385 530 1602 592 relicta,
1687 542 1719 581 e
1772 536 1934 595 portu

2041 523 2230 586 ἁπλῶς
2264 521 2409 577 οὕτω
2456 520 2712 592 ῥαγῆναι,
2749 522 2843 574 καὶ
2878 521 2938 573 τὸ
2986 521 3423 588 πεπιστευμένον
3466 521 3614 592 αὐτῷ

351 642 450 683 sua
498 634 693 697 sponte
733 626 886 680 exire
953 624 1148 694 possit,
1240 638 1309 676 an
1356 621 1560 676 rudens
1613 619 1705 673 ille
1778 628 1936 673 terra:

2040 616 2220 668 πλοῖον
2257 615 2479 684 ἀφεῖναι
2521 614 2689 683 βάψαι
2746 617 2825 676 εἰς
2852 613 3119 676 κίνδυνον,
3168 614 3199 684 ἢ
3234 615 3458 681 ἀνέμοις
3485 616 3614 681 ἐξῶ-

354 718 546 773 axns
568 731 760 770 navem
809 717 912 772 sibi
941 716 1315 778 commissam,
1366 713 1659 782 quominus
1709 709 1933 778 abrepta

2041 724 2195 770 σταις
2234 705 2487 761 ἐκδοῦναι
2511 707 2851 777 παράφορον,
2881 708 2929 759 εί
2955 707 3029 777 μὴ
3059 708 3168 774 ἄρα
3198 707 3230 777 ἢ
3263 709 3614 778 κατασέσηπε

367 808 661 863 discrimen
704 804 871 860 ullum
917 805 1103 861 subire
1139 813 1253 858 autc
1277 802 1526 859 violentis
1575 801 1749 854 ventis
1799 799 1936 853 tradi

2040 800 2100 853 τὸ
2122 801 2355 870 σχοινίον
2387 802 2583 864 ἐκεῖνο,
2622 799 2655 869 ἢ
2690 801 2866 863 ἄλλως
2913 800 3244 854 εὖανάλυτον
3274 800 3612 853 κέκλωσται.

350 903 545 973 possit,
599 917 706 957 non
738 897 1049 972 prohibeat,
1100 900 1207 954 nisi
1246 906 1340 951 aut
1408 896 1692 965 putredine
1770 904 2058 965 corruptus
2144 900 2215 951 sit
2276 896 2421 952 funis
2488 897 2593 963 ille,
2680 905 2774 951 aut
2858 898 2996 954 male
3052 896 3352 958 confectus,
3410 901 3480 950 ila
3561 906 3619 950 ι.ι

352 995 516 1050 facile
561 994 952 1063 disrumpatur.

428 1084 521 1140 68.
561 1081 900 1152 Quapropter
931 1083 986 1135 in
1032 1080 1340 1135 hOminibus
1377 1079 1572 1134 ﬁducia
1621 1090 1817 1132 revera
1849 1083 1934 1129 est

351 1189 444 1230 res
492 1176 657 1239 bona,
714 1173 947 1243 ideoque
1001 1174 1208 1229 sanctis
1256 1172 1589 1243 martyribus
1647 1169 1881 1239 appetita
1916 1208 1931 1232 ,

352 1265 486 1321 viris
511 1263 912 1321 venerabilihus
934 1263 1153 1330 dilecta,
1179 1264 1546 1334 omnibusque
1567 1262 1791 1316 omnino
1818 1258 1931 1313 Deo

350 1354 733 1412 obedientibus
778 1351 1052 1421 ati‘ectata,
1120 1363 1306 1423 utpote
1349 1368 1419 1407 ex
1458 1367 1565 1421 qua
1606 1349 1785 1405 omnis
1820 1348 1933 1403 vir-

356 1457 450 1504 tus
504 1454 561 1502 et
610 1462 703 1502 ars
759 1457 813 1501 et
855 1446 1083 1501 scientia
1142 1454 1197 1499 et
1247 1444 1562 1511 reipublicze
1620 1438 1937 1498 constitutio

352 1539 654 1606 exoritur;
692 1554 852 1607 quam
906 1539 1113 1593 utinam
1160 1537 1303 1593 Deus
1357 1536 1613 1593 omnibus
1662 1531 1934 1589 Christia-

356 1633 448 1689 nis
506 1631 770 1688 concedat
813 1630 868 1685 in
926 1629 1117 1700 eisque
1160 1638 1473 1692 conservet,
1505 1627 1581 1682 ita
1612 1635 1673 1681 ut
1716 1636 1934 1693 semper

357 1725 502 1781 adsit
556 1722 638 1778 eis
712 1736 777 1777 ac
845 1729 1121 1777 remaneat
1179 1729 1237 1775 et
1304 1729 1549 1790 tempore
1616 1726 1926 1787 opportuno

356 1815 628 1870 emcacem
656 1828 716 1868 se
746 1820 983 1883 prastet,
1014 1822 1073 1866 ut
1101 1819 1358 1882 tanquam
1400 1818 1619 1866 sanctas
1642 1809 1929 1865 columnas
1968 1796 2011 1852 Β

360 1921 416 1959 ιιι
459 1915 717 1971 angustas
758 1914 967 1960 statuas
993 1917 1265 1974 navesque
1296 1901 1388 1958 Dei
1440 1902 1614 1973 erigat
1646 1901 1768 1970 ejus
1815 1915 1934 1956 ser-

358 1998 558 2051 vitores
592 1998 662 2051 ad
693 1996 924 2052 salutem
958 2009 1322 2051 communem.
1358 1993 1507 2051 Talis
1549 2002 1640 2051 est
1671 1992 1759 2047 illa
1795 1992 1935 2047 (idu-

358 2090 444 2145 cia
466 2088 529 2144 'in
558 2088 671 2146 Deo
701 2088 964 2159 reposita,
984 2087 1102 2144 sine
1130 2103 1236 2160 qua
1272 2087 1415 2143 nulla
1445 2096 1530 2143 est
1548 2086 1696 2142 salus
1718 2101 1735 2152 ;
1757 2099 1862 2156 qua
1889 2083 1935 2139 si

358 2181 611 2238 homines
671 2188 902 2247 carent,
966 2196 1068 2235 cur
1153 2181 1370 2235 tandem
1441 2178 1728 2249 paradisus
1786 2177 1939 2248 plan-

359 2279 506 2328 tatus
550 2280 655 2339 est,
692 2286 815 2327 cum
854 2270 1034 2327 nullos
1075 2271 1364 2327 habiturus
1408 2270 1481 2326 sit
1535 2268 1785 2325 incolas?
1842 2267 1941 2322 Est

352 2370 536 2417 autem
563 2376 727 2432 porro
754 2361 860 2417 alia
888 2360 1108 2429 ﬁducia,
1139 2360 1477 2430 imprudens,
1524 2357 1932 2421 irrationabilis,

351 2448 555 2522 lignea,
611 2466 814 2516 saxea,
858 2451 1043 2518 bruta,
1095 2451 1438 2523 impetuosa,
1501 2449 1889 2506 inexcusabilis
1920 2486 1937 2515 ,

352 2541 622 2610 informis,
670 2543 969 2610 obdurans,
1003 2544 1327 2609 inhumana,
1375 2557 1705 2614 provocans,
1737 2555 1928 2612 rapax,

352 2633 709 2699 daemoniaca,
742 2634 955 2699 insana,
987 2649 1149 2704 quam
1198 2634 1349 2703 pacis
1387 2633 1651 2688 Dominus
1696 2648 1727 2685 a
1777 2629 1938 2686 nobis

354 2736 413 2779 et
458 2727 528 2780 ab
561 2724 1191 2794 omnibus-hominibus,
1243 2724 1512 2796 imprimis
1565 2732 1745 2780 autem
1778 2722 1941 2778 Chri-

353 2816 551 2875 stianis
592 2816 784 2888 procul
827 2818 1089 2874 avertat!

425 3016 516 3075 69.
548 3014 820 3073 Exaudias
858 3030 981 3082 nos,
1003 3029 1037 3071 ο
1069 3014 1210 3071 Deus
1233 3014 1509 3081 Salvator,
1532 3014 1782 3085 princeps
1802 3030 1941 3088 pra-

356 3118 662 3182 ceptornm,
692 3124 904 3165 summe
933 3109 1074 3165 inter
1101 3121 1434 3173 mconomos,
1477 3110 1643 3163 tetius
1668 3116 1936 3164 terrarum

356 3203 513 3260 orbis
557 3202 839 3273 magister,
887 3202 996 3257 dux
1038 3216 1320 3257 sacrorum
1366 3202 1643 3269 ordinum,
1691 3202 1941 3272 princeps

353 3295 690 3366 principum,
736 3293 963 3350 Domine
1012 3294 1384 3361 dominorum,
1437 3305 1600 3364 caput
1638 3296 1947 3363 gubernan-

352 3385 511 3451 tium,
538 3385 630 3455 qui
659 3390 881 3455 propter
933 3397 1033 3440 nos
1082 3398 1113 3440 e
1150 3384 1287 3440 ccelo
1341 3385 1408 3438 ad
1454 3400 1558 3441 nos
1596 3384 1941 3452 descendisti,

352 3477 602 3532 utetiam
635 3476 1000 3546 corporaliter
1031 3475 1393 3547 principatum
1434 3486 1584 3530 tuum
1619 3475 1940 3532 ostenderes

354 3566 762 3637 ignorantibus,
791 3567 884 3635 qui
923 3566 1232 3636 praacepisti
1289 3581 1356 3621 ac
1393 3565 1698 3636 subjecisti,
1732 3574 1787 3620 ct
1813 3564 1941 3620 doc-

353 3656 504 3712 trina
550 3666 643 3711 tua
689 3655 884 3711 salutis
930 3653 1278 3710 fundamenta
1315 3655 1540 3725 posuisti
1577 3673 1592 3710 :
1635 3655 1721 3710 fac
1754 3665 1810 3709 ut
1841 3670 1941 3711 nos

355 3746 706 3814 obedientes,
746 3746 1003 3815 morigeri
1035 3745 1177 3801 etde
1205 3745 1392 3801 omciis
1433 3747 1632 3802 thalriS
1666 3748 1801 3801 bene
1853 3747 1941 3801 in-

354 3838 559 3905 stituti,
592 3839 842 3908 quamvis
891 3852 1036 3902 sero,
1087 3837 1334 3907 discipuli
1374 3838 1591 3893 virtutis
1629 3837 1843 3904 ﬁamus,
1884 3847 1940 3894 et

355 3932 397 3986 ii
417 3931 688 4000 imprimis
713 3931 807 4001 qui
832 3929 1001 3984 cultui
1030 3942 1123 3983 tuo
1154 3929 1400 3999 proxime
1424 3945 1546 3984 sese
1565 3930 1938 3998 addixerunt;

359 4020 448 4074 {ac
482 4029 541 4074 ut
575 4033 695 4086 nos,
727 4019 1029 4075 secundum
1077 4029 1324 4072 sanctum
1379 4017 1751 4085 Psalmistam,
1805 4020 1943 4074 ἰησ-

366 4110 620 4181 prehensi
655 4110 712 4164 in
758 4109 846 4163 via
879 4118 967 4163 tua
1015 4108 1372 4163 ambulemus.
1422 4109 1721 4165 Ambulans
1768 4111 1936 4177 enim,

355 4201 567 4269 inquit,
603 4200 657 4255 in
690 4200 776 4254 via
819 4199 1306 4271 irreprehcnsibili,
1345 4201 1435 4255 hic
1471 4200 1603 4255 mihi
1643 4202 1937 4267 serviebat,

359 4309 468 4349 non
518 4308 651 4349 sane
682 4292 866 4348 furore
904 4294 1147 4361 percitus
1196 4304 1291 4349 aut
1355 4295 1559 4363 impetu
1611 4295 1938 4350 irresistibili

355 4386 416 4441 in
478 4387 738 4457 perniciei
793 4388 1058 4457 gurgitem
1127 4399 1248 4440 sese
1296 4386 1679 4455 praecipitans.
1736 4386 1937 4441 Precor

2115 1077 2220 1149 ξη’.
2250 1078 2461 1135 Οὐκοῦν
2492 1081 2550 1132 ἐν
2598 1078 2911 1151 ἀνθρώποις
2940 1080 3149 1148 πεῖσμα
3172 1078 3231 1133 τὸ
3265 1078 3363 1147 μέν
3398 1098 3450 1131 τι
3481 1080 3552 1145 ἀγ
3565 1099 3617 1131 ι-

2036 1173 2128 1227 Οὸν
2158 1171 2396 1242 ἀληθῶς,
2448 1173 2547 1226 xui.
2593 1173 2661 1225 δι’
2692 1172 2826 1226 αὐτὸ
2854 1171 3098 1242 ζηλωτὸν
3139 1172 3317 1241 ἁγίοις
3350 1172 3612 1243 μάρτυσι,

2033 1263 2130 1316 καὶ
2163 1263 2422 1334 ἀνδράσιν
2454 1264 2623 1327 ὁσίοις
2648 1263 2958 1334 ἀγαπητὸν,
2991 1263 3085 1317 καὶ
3115 1264 3254 1326 ὅλως
3295 1263 3468 1318 ἅπασι
3498 1267 3614 1328 τοῖς

2038 1352 2503 1423 ὑποτεταγμένοις
2526 1353 2606 1422 τῷ
2656 1353 2778 1425 Θεῷ
2811 1354 3059 1425 φιλητὸν,
3102 1354 3170 1408 δι’
3194 1348 3257 1409 οὗ
3289 1357 3458 1426 ἀρετὴ
3486 1357 3609 1427 πρό-

2038 1463 2187 1499 πασα
2211 1446 2305 1500 καὶ
2325 1445 2491 1515 τέχνη
2510 1447 2607 1500 καὶ
2622 1447 2904 1517 ἐπιστήμη
2930 1447 3025 1500 καὶ⁵
3049 1444 3309 1508 σύστασις
3336 1448 3614 1512 πολιτείας

2034 1537 2209 1609 ὀρθῆς
2236 1554 2252 1569 ·
2314 1539 2411 1593 καὶ
2442 1538 2611 1612 διδοίη
2645 1540 2675 1593 ὁ
2707 1539 2839 1603 Θεὸς
2881 1540 3011 1594 αὐτὸ
3043 1540 3386 1610 Χριστιανοῖς
3417 1540 3613 1609 ἅπασι,

2034 1631 2133 1685 καὶ
2186 1631 2672 1702 παραφυλάττοιτο
2717 1633 2779 1685 τὸ
2818 1631 3059 1685 τοιοῦτον
3109 1631 3272 1684 καλὸν
3322 1633 3380 1685 ἐν
3406 1632 3612 1695 αὐτοῖς,

2035 1723 2181 1779 ὥστε
2209 1723 2554 1794 παραμένειν
2584 1725 2680 1777 καὶ
2724 1722 3207 1793 παρακατέχεσθαι
3254 1723 3348 1776 καὶ
3377 1725 3615 1795 ἐνεργεῖο

2041 1816 2166 1870 σθαι
2188 1816 2269 1878 είς
2303 1815 2540 1887 καίριον,
2574 1815 2649 1879 ὡς
2680 1814 2933 1868 ἐντεῦθεν
2957 1815 3281 1883 ἀνδριάντας
3314 1817 3491 1882 ί;ροὺς
3522 1818 3615 1866 καὶ

2044 1907 2243 1977 στήλας
2271 1907 2434 1976 ἀγίας
2456 1909 2549 1961 καὶ
2572 1907 2734 1970 ναοὺς
2755 1901 2865 1959 οἷον
2890 1906 3025 1959 Θεοῦ
3052 1908 3276 1977 ἀνιστᾷι
3296 1906 3423 1969 τοὺς
3444 1905 3612 1962 αὐτοῦ

2041 1999 2380 2071 θεράποντας
2431 2001 2525 2054 ἐπὶ
2579 1999 2747 2070 κοινῷ
2785 2000 3146 2069 συμφέροντι.
3205 2000 3317 2053 Kal
3371 1999 3615 2053 τοιοῦτον

2043 2090 2144 2161 μέν
2174 2092 2351 2145 ἐκεῖνο
2376 2091 2611 2161 πεῖσμα,
2641 2089 2703 2143 τὸ
2740 2089 2884 2143 κατά
2915 2089 3070 2152 Θεὸν,
3090 2083 3151 2142 οὗ
3182 2091 3350 2159 χωρὶς
3378 2090 3477 2142 οὐκ
3498 2089 3616 2142 ἐστι

2042 2180 2336 2247 σώζεσθαι,
2365 2174 2427 2235 οὗ
2465 2178 2542 2251 μὴ
2572 2178 2729 2250 παρὰ
2757 2180 2873 2240 τοῖς
2906 2177 3221 2249 ἀνθρώποις
3251 2178 3425 2243 ὄντος,
3448 2180 3500 2229 τί
3524 2179 3620 2247 δή-

2041 2291 2174 2329 ποτε
2212 2272 2551 2343 πεφύτευται
2603 2271 2934 2343 παράδεισος
2957 2311 2973 2339 ,
3027 2271 3281 2343 ἀοίκητος
3318 2271 3614 2342 ἐσόμενος;

2040 2367 2245 2421 Λοιπὸν
2271 2364 2329 2419 δὲ
2362 2365 2551 2435 ἕτερον
2603 2365 2832 2433 πεῖσμα,
2861 2363 2922 2415 τὸ
2974 2362 3310 2433 ἀδιάκριτον,
3343 2364 3403 2415 τὸ
3431 2364 3616 2430 ἀλόγι-

2042 2476 2189 2525 στον,
2218 2458 2279 2512 τὸ
2305 2457 2539 2523 ξύλινον,
2564 2456 2626 2510 τὸ
2657 2459 2723 2510 ἐκ
2755 2455 2995 2526 πετρῶν,
3025 2455 3085 2508 τὸ
3112 2454 3398 2525 θηριῶδες,
3426 2455 3488 2508 τὸ
3515 2455 3613 2508 θυ-

2046 2551 2243 2623 μῶδες,
2266 2551 2326 2603 τὸ
2351 2546 2787 2617 ἀναπολόγητον,
2809 2546 2870 2600 τὸ
2891 2546 3317 2617 ἀνειδοποίητον,
3345 2548 3405 2599 τὸ
3428 2550 3614 2616 ἀγριο-

2042 2641 2218 2706 ποιὸν,
2244 2640 2305 2695 τὸ
2328 2639 2722 2708 ἀπάνθρωπον,
2752 2639 2813 2692 τὸ
2838 2638 3099 2709 μάχιμον,
3132 2638 3191 2690 τὸ
3216 2636 3527 2709 λῃστρικὸν,
3553 2636 3614 2689 τὸ

2040 2733 2346 2805 δαιμόνιον,
2396 2732 2459 2786 τὸ
2522 2733 2692 2803 μηδὲν
2744 2730 2917 2799 ὑγιὲς,
2967 2730 3104 2800 ὅπερ
3138 2730 3477 2798 ἀπαγάγοιό
3511 2729 3613 2797 τῆς

2042 2826 2269 2897 εἰρήνης
2334 2822 2545 2895 Κύριος
2600 2824 2696 2878 καὶ
2751 2822 2909 2893 ήμῶν
2956 2821 3048 2875 καὶ
3078 2820 3280 2883 παντὸς
3328 2817 3614 2890 ἀνθρώπου

2042 2921 2285 2988 ἐτεροίου
2311 2933 2373 2970 τε
2400 2915 2496 2969 καὶ
2519 2914 2757 2985 μάλιστα
2790 2910 3154 2981 Χριστιανοῦι

2114 3009 2213 3075 ἔθ’.
2243 3008 2374 3079 Είης
2412 3007 2701 3061 ἐπακούων
2722 3004 2904 3076 ὴμῶν,
2929 3004 3111 3073 Σῶτερ
3146 3003 3296 3067 Θεὸς,
3351 3005 3379 3056 ὁ
3410 2999 3615 3071 πρώτι-

2049 3121 2171 3168 στος
2192 3099 2576 3174 ἐνηγούμενος,
2603 3099 2633 3152 ό
2657 3100 2915 3170 μέγιστος
2949 3098 3007 3151 ἐν
3030 3098 3357 3167 οἰκονόμοις,
3389 3100 3416 3149 ὁ
3438 3100 3617 3149 οίκου-

2048 3196 2264 3267 μενικὸς
2294 3195 2642 3262 διδάσκαλος,
2675 3196 2705 3247 ό
2739 3194 2832 3248 ἐπὶ
2853 3194 2961 3247 τῶν
2992 3192 3152 3263 ἱερῶν
3199 3190 3614 3253 καταστάσεων,

2043 3290 2072 3342 ό
2098 3289 2206 3341 τῶν
2262 3288 2544 3359 ἀρχόντων
2595 3286 2803 3360 ἄρχων,
2843 3288 2872 3339 ὁ
2911 3286 3020 3339 τῶν
3076 3281 3281 3356 κυρίων
3330 3283 3555 3354 Κύριος,
3586 3284 3618 3335 ,ὁ

2045 3378 2249 3442 ὕπατος
2269 3379 2329 3433 ἐν
2358 3382 2470 3442 τοῖς
2501 3378 2923 3442 ὑποτάσσουσιν,
2947 3378 2975 3430 ὁ
3010 3374 3285 3430 κατελθὼν
3325 3374 3618 3446 οὐρανόθεν

2042 3469 2110 3524 δι’
2140 3471 2290 3541 ἡμᾶς
2344 3471 2430 3540 ἐφ’
2461 3470 2630 3542 ήμᾶς,
2681 3469 2773 3523 ἴνα
2801 3468 2895 3523 καὶ
2948 3467 3277 3539 σωματικῶς
3331 3465 3618 3541 ὑποδείξῃς

2045 3561 2145 3632 τὴν
2172 3562 2504 3633 ἡγεμονείαν
2543 3578 2636 3614 σου
2666 3561 2782 3624 τοῖς
2805 3560 2997 3629 ἀγνοοῦ
3008 3576 3081 3627 σι,
3105 3558 3199 3613 καὶ
3220 3555 3503 3622 ἐπιτάξας,
3521 3558 3616 3609 καὶ

2014 3660 2017 3663 ’
2048 3656 2348 3720 ὑποτάξας,
2400 3654 2498 3708 καὶ
2527 3653 2651 3715 δοὺς
2682 3653 2856 3724 ἀρχὰς
2903 3652 2996 3704 ἐπὶ
3027 3649 3273 3721 σωτηρίᾳ.
3306 3648 3615 3703 διδασκαλι-

2045 3745 2180 3814 κῶς,
2214 3745 2310 3800 καὶ
2342 3742 2731 3811 ὑπακουσθεὶς,
2772 3742 2868 3797 καὶ
2920 3743 3135 3804 πείσας,
3167 3742 3261 3794 καὶ
3285 3741 3353 3794 τά
3382 3739 3615 3808 ποιητέα

2048 3836 2546 3908 ἐγκελευσάμενος,
2578 3836 2914 3908 ἀποτελέσῃς
2942 3833 3190 3904 μαθητάς
3215 3831 3502 3903 ὀψιμαθεῖς
3518 3830 3614 3885 τοῦ

2047 3926 2238 3989 καλοῦ,
2272 3928 2367 3980 καὶ
2391 3926 2470 3981 ἐτι
2507 3925 2711 3997 μᾶλλον
2759 3928 2889 3987 τοὺς
2919 3923 3207 3993 ἐγγυτάτω
3233 3922 3614 3992 λειτουργοῦν-

2045 4020 2143 4083 τάς
2176 4037 2283 4086 σοι,
2322 4019 2372 4073 οἳ
2418 4021 2555 4072 κατὰ
2617 4019 2707 4072 τὸν
2766 4019 2935 4085 ἀγίως
2965 4016 3238 4086 ψάλλοντα
3288 4015 3618 4085 πορεύεσθαι

2043 4115 2268 4184 ἄμωμοι
2296 4114 2353 4166 ἐν
2374 4111 2478 4183 ὁδῷ
2508 4115 2576 4184 τῇ
2606 4113 2746 4166 κατά
2778 4111 2835 4164 σὲ
2863 4107 3270 4183 ἀπαιτούμεθα.
3308 4108 3617 4180 Πορευόμεο
3672 4165 3677 4171 ,

2043 4225 2134 4272 νος
2166 4208 2301 4278 γὰρ,
2331 4208 2524 4278 φησὶν,
2562 4206 2618 4259 ἐν
2642 4205 2746 4272 όδῷ
2776 4204 3015 4276 ἀμώμῳ,
3036 4197 3191 4266 οὗτός
3224 4219 3316 4270 μοι
3344 4202 3589 4271 ἑλειτουρ

2038 4319 2147 4370 γει,
2181 4303 2241 4356 οὐ
2296 4302 2405 4372 μὴν
2456 4300 2809 4371 παροιστρῶν
2843 4299 2938 4353 καὶ
2984 4299 3125 4353 κατά
3152 4299 3436 4369 φάραγγος
3466 4302 3616 4353 ἀπω-

2037 4392 2189 4456 λείας
2227 4393 2436 4465 τρέχων
2461 4390 2789 4454 ἀκάθεκτος.
2825 4390 3087 4461 Εὐξάμην
3112 4388 3168 4445 δὲ
3218 4391 3413 4455 οὕτως,
3436 4385 3482 4445 ῶ
3504 4393 3621 4460 φιλ-

357 4489 540 4533 autem
593 4480 696 4534 hoc
741 4481 921 4542 modo,
973 4477 1289 4532 ovDomine
1348 4477 1623 4531 hominum
1679 4478 1937 4533 amantis-

2044 4483 2298 4557 ἀνθρωπε
2318 4485 2516 4555 Κύριε,
2541 4485 2608 4536 δι’
2632 4482 2763 4537 αὐτὸ
2788 4483 2853 4555 δὴ
2883 4482 3043 4537 τοῦτο
3072 4484 3167 4536 καὶ
3196 4485 3382 4553 μόνον,
3402 4484 3483 4538 ὅτι
3508 4485 3614 4535 πᾶν

353 4573 515 4638 sitne,
561 4572 631 4627 ob
700 4571 756 4628 id
800 4572 1000 4637 solum,
1063 4571 1188 4641 quia
1245 4584 1407 4624 omne
1458 4571 1655 4623 bonum
1709 4571 1941 4640 desuper

356 4662 517 4721 nobis
568 4678 666 4731 per
722 4673 774 4718 te
836 4664 1059 4729 accidit,
1128 4678 1235 4718 non
1300 4676 1481 4717 autem
1541 4663 1664 4730 quia
1725 4662 1942 4715 dininilc

354 4768 582 4818 prorsus
642 4753 755 4809 fere
826 4755 1165 4823 impossibile
1225 4756 1340 4821 sit,
1394 4764 1454 4809 ut
1530 4754 1726 4807 malum
1779 4754 1938 4807 istam

353 4847 606 4901 ﬁduciam
635 4849 977 4914 abﬂeiamus,
1000 4848 1280 4903 deleamus
1313 4858 1367 4902 et
1395 4848 1461 4900 ad
1480 4846 1704 4900 nihilum
1733 4846 1944 4915 rediga-

354 4954 496 4994 mus.
531 4938 868 5009 Simulatque
898 4941 1043 4995 enim
1075 4942 1371 5003 voluimus,
1399 4937 1490 5007 qui
1518 4936 1610 4992 tibi
1634 4937 1938 5003 obedimus,

352 5030 515 5084 etiam
545 5030 874 5101 perfecimus
904 5049 920 5099 ;
963 5043 1019 5087 et
1049 5032 1374 5101 simulatque
1398 5032 1453 5084 in
1480 5031 1718 5083 animam
1775 5030 1935 5083 indu-

358 5132 563 5195 simus,
620 5128 690 5183 ad
723 5130 885 5186 ﬁnem
939 5132 1284 5200 pertigimus,
1331 5130 1436 5195 vel,
1470 5137 1526 5182 ut
1571 5125 1938 5198 praegnantius

355 5225 500 5276 idem
555 5223 823 5286 dicamus,
877 5225 1227 5295 simulatque,
1277 5239 1439 5278 curas
1501 5232 1718 5277 nostras
1778 5220 1831 5273 in
1887 5225 1939 5272 te

354 5312 684 5380 rejicieutes,
733 5316 998 5371 adversus
1045 5318 1150 5371 hoc
1220 5317 1424 5370 malum
1486 5324 1698 5372 nosmet
1756 5312 1940 5367 accin-

354 5419 559 5468 ximus,
611 5405 891 5460 victoriam
936 5408 1352 5476 reportavimus.

428 5496 515 5549 70.
544 5494 838 5550 Victoriam
873 5509 1052 5553 autem
1082 5500 1481 5568 reportabiinus
1513 5501 1616 5554 hoc
1646 5499 1837 5553 modo:
1876 5497 1940 5552 Si

355 5587 483 5653 quis
515 5586 619 5640 sibi
662 5586 823 5642 facile
853 5592 1184 5658 persuaserit
1211 5599 1268 5643 et
1297 5589 1464 5643 nimia
1495 5591 1691 5644 ﬁducra
1741 5591 1936 5645 ductus

354 5677 422 5728 ad
455 5691 650 5731 manus
687 5694 808 5734 cum
837 5680 1001 5735 feroci
1033 5682 1195 5752 pugili
1227 5683 1590 5737 conserendas
1614 5693 1668 5737 et
1701 5698 1932 5752 pugnam

355 5782 478 5824 cum
505 5770 814 5831 adversario
835 5774 1122 5830 iucundam
1143 5776 1494 5846 processerit,
1523 5785 1579 5832 ut
1603 5776 1752 5833 brevi
1783 5785 1924 5845 post,

2043 4576 2249 4644 ἀγαθὸν
2273 4575 2483 4630 ἀνωθεν
2511 4575 2644 4644 ἡμῖν
2664 4574 2754 4627 διὰ
2780 4575 2875 4627 σοῦ
2904 4574 3233 4641 ἐπιγίνεται,
3262 4575 3321 4626 οὐ
3352 4575 3456 4643 μὴν
3479 4572 3612 4625 διότι

2044 4666 2185 4718 πάνυ
2223 4665 2483 4736 δυσχερὲς
2531 4665 2630 4719 καὶ
2662 4665 2925 4720 ἀδυνάτου
2982 4666 3173 4732 ἐγγὺς,
3198 4663 3504 4734 ἀπιῤῥῆξκι
3552 4662 3612 4716 τὸ

2042 4754 2248 4825 φαῦλον
2274 4756 2484 4825 πεῖσμα
2519 4756 2614 4808 καὶ
2637 4754 2890 4809 διαλῦσαι
2913 4755 3008 4809 καὶ
3030 4753 3295 4808 ἀναλῦσαι
3329 4755 3404 4815 ὡς
3440 4754 3519 4817 εἰς
3555 4758 3612 4806 τὶ

2045 4844 2232 4917 μηδὲν.
2263 4846 2419 4917 ’Δμα
2447 4846 2555 4918 γὰρ
2586 4846 2967 4917 ἐϐουλήθημεν
2993 4848 3043 4900 oi
3062 4848 3160 4917 τῆς
3191 4847 3286 4916 σῆς
3310 4847 3613 4917 ὑποταγῆς,

2042 4938 2138 4989 καὶ
2163 4936 2468 5008 ἡνύσαμεν,
2505 4937 2623 5007 ἅμα
2686 4940 3111 5010 ἐνενοησάμεθα,
3143 4939 3239 4992 καὶ
3279 4940 3614 4992 ἀπετελέσα-

2042 5045 2174 5099 μεν·
2205 5029 2295 5084 ἴνα
2315 5030 2372 5084 δέ
2403 5030 2708 5101 μεγαλείως
2743 5032 3068 5102 φράσωμεν,
3103 5033 3221 5104 ἅμα
3259 5032 3617 5103 ὡπλίσοημεν

2041 5120 2183 5175 κατά
2216 5123 2389 5176 κακοῦ
2421 5122 2724 5177 τοιοῦδεόί
2753 5123 2854 5192 τὴν
2884 5126 2942 5178 ἐν
2977 5126 3108 5193 ἡμῖν
3137 5127 3410 5196 μέριμναν
3438 5127 3531 5178 ἐπὶ
3559 5125 3618 5177 σὲ

2040 5214 2202 5284 μόνον
2234 5216 2677 5288 ἐπιρῤίπτοντες,
2718 5216 2813 5269 κα)⁵
2853 5217 3259 5288 νενικήκαμεν,
3630 5202 3637 5217 ‘

2108 5486 2171 5535 o'.
2208 5481 2317 5534 Καὶ
2340 5482 2372 5550 ή
2403 5480 2630 5549 με’)οδος
2650 5482 2748 5553 τῆς
2774 5483 2933 5554 νίκης
2963 5485 3142 5539 τοιάεε
3166 5502 3273 5549 τις·
3305 5486 3616 5540 ’Υποτεθεῖο

2040 5571 2153 5625 σθω
2179 5589 2265 5635 τις
2288 5573 2485 5638 πείσας
2511 5576 2705 5630 ἑαυτὸν
2730 5577 2995 5647 εὐχερῶς,
3029 5581 3124 5631 καὶ
3153 5580 3362 5650 κραγὸν
3406 5582 3617 5648 πεῖσμα

2040 5662 2376 5731 συμπλέξας,
2395 5665 2744 5719 ὲπανατείναι
2772 5669 2966 5737 χεῖρας
2991 5668 3320 5739 παλαμναίῳ
3339 5670 3617 5739 πυγμάχῳ

2040 5757 2133 5808 καὶ
2162 5754 2260 5825 οἴῳ
2294 5756 2757 5829 καταπολεμῆσαι
2787 5761 2878 5813 τὸν
2909 5756 3331 5829 ἀνθιστάμενον,
3355 5760 3491 5813 ἀλλά
3529 5779 3601 5831 μιι
