4048 6478
402 345 512 411 855
1012 348 1111 407 DE
1152 347 1621 409 OBEDIENTlA
1666 351 2205 415 MAGISTRATUI
2251 354 2725 415 CIIRISTIANO
2764 356 3059 418 DEBl’l‘A.
3551 360 3661 426 346

397 463 533 532 κρδν
563 462 657 514 καὶ
692 461 878 532 ἕτερος
909 462 1072 516 αὐτὸν
1109 464 1279 532 ἀνῆκε
1316 463 1525 531 θυμὸς,
1555 464 1792 532 ἀφέσθαι
1836 470 1971 535 ταχὺ

2078 470 2345 520 sententia
2403 468 2708 532 immutata,
2768 473 2836 523 ab
2888 471 2981 523 illo
3028 472 3326 525 certamine
3357 475 3664 537 recesserit,

395 554 496 621 τῆς
523 553 730 623 τόλμης
753 554 994 623 ἐκείνης,
1033 554 1106 625 μὴ
1138 557 1234 609 καὶ
1276 556 1634 626 ἀποθραυσθῇ
1658 558 1757 622 τῆς
1796 575 1970 627 κεφα-

2079 569 2330 613 mctn--us
2361 575 2425 614 ne
2457 562 2635 628 capite
2671 576 2928 629 percusso
2967 562 3033 615 ad
3068 562 3324 627 nihilum,
3375 565 3452 618 uti
3490 566 3663 629 aiunt,

393 643 513 712 λῆς,
548 644 645 697 καί
676 661 776 698 που
810 647 906 699 καὶ
938 647 1179 717 σποδηθῇ
1213 647 1356 699 κατά
1382 649 1473 699 τὶν
1517 647 1689 710 οὕτως
1720 649 1965 713 εἰπόντα,

2076 651 2351 715 redactus,
2384 656 2674 717 contritus,
2709 653 3006 730 suffocatus
3038 665 3262 724 pereat;
3305 664 3358 709 et
3390 657 3435 710 si
3471 656 3667 711 deinde

394 737 488 791 καὶ
513 736 777 806 ὲπιτριϐᾗ
805 737 1089 808 φλώμενος
1132 740 1225 792 καὶ
1262 740 1591 807 πνιγόμενος
1618 755 1630 768 ·
1685 740 1780 793 καὶ
1822 739 1968 806 λογι-

2075 739 2241 807 p:-iori
2276 741 2365 795 illo
2415 741 2691 810 insipienti
2738 745 2981 799 cnusilio‘
3023 746 3238 815 abjcctn
3278 748 3424 801 aliud
3459 749 3659 816 ceperit

394 829 530 893 σμὸν
553 827 741 882 τοῦτον
763 829 1017 901 δεύτερον
1065 835 1285 886 συνετὸν
1317 832 1484 902 μωρῷ
1515 834 1708 900 ἐκείνῳ
1763 834 1965 904 πρώτῳ

2074 832 2392 900 sapientius,
2425 846 2481 886 et
2507 847 2731 904 utroque
2760 837 3059 894 deliberato
3092 851 3147 893 et
3177 851 3515 907 comparato,
3551 856 3668 893 mo-

389 923 745 991 ἁντιστήσας,
775 923 870 974 καὶ
903 923 1069 992 ἄμφω
1097 923 1468 986 ταλαντεύσας
1496 925 1560 976 ἐκ
1588 925 1963 994 παραθέσεως,

2077 937 2314 982 mentum
2346 928 2609 984 inclinare
2638 931 2703 985 ad
2723 931 3018 986 secundum
3054 935 3411 999 intellexerit,
3441 946 3572 990 tunc
3595 935 3661 989 ad

390 1013 485 1066 καὶ
519 1012 693 1084 ῥοπὴν
722 1013 974 1085 εὑρηκὼς
1009 1016 1066 1066 ὲν
1088 1014 1164 1085 τῷ
1186 1014 1624 1086 δευτερεύσαντι,
1652 1016 1762 1085 ἔχει
1786 1016 1966 1084 λέγειν

2078 1029 2314 1073 mentem
2346 1034 2449 1088 qua
2484 1020 2723 1086 priorem
2760 1033 3105 1091 suggesserat
3139 1025 3462 1077 sententiam
3516 1034 3664 1077 recte

389 1103 622 1168 ἀστείως
670 1104 808 1175 πρὸς
859 1106 950 1160 τὸν
978 1107 1326 1176 κατάρξαντα
1380 1108 1506 1161 νοῦν
1556 1110 1734 1162 ἐκεῖνο
1766 1110 1827 1161 τὸ
1854 1128 1960 1161 πα-

2075 1111 2272 1181 poterit
2298 1094 2509 1166 dicere:
2546 1112 2777 1167 Suasisti
2807 1114 3050 1182 quidem,
3073 1122 3130 1167 at
3149 1130 3251 1167 non
3269 1113 3658 1181 persuadebis:

385 1197 537 1251 λαιόν
558 1213 573 1229 ·
605 1197 680 1261 ὡς
709 1200 771 1252 ού
800 1199 1036 1266 πείσεις,
1067 1200 1175 1254 οὐδ’
1210 1202 1277 1270 ἢν
1328 1202 1527 1273 πείσῃς
1549 1218 1562 1232 '
1608 1202 1835 1267 ἔπεισας
1868 1203 1966 1273 μὲν

2075 1203 2288 1258 voluisti
2324 1203 2490 1268 enim,
2523 1214 2584 1259 ut
2606 1215 2798 1259 contra
2829 1205 3111 1260 fortiorem
3140 1220 3333 1276 pugna:
3361 1206 3658 1261 discrimen

386 1290 517 1361 γὰρ,
545 1285 590 1345 ὦ
639 1291 799 1358 θυμὲ,
833 1294 1023 1363 χεῖρας
1047 1295 1302 1357 ἀντήρεις
1346 1295 1604 1366 ἀνασχεῖν
1638 1297 1780 1349 κατά
1812 1297 1965 1366 ἰσχυ-

2074 1294 2313 1349 subircm
2337 1333 2352 1361 ,
2385 1310 2565 1364 neque
2595 1305 2798 1363 tamen,
2845 1295 3097 1365 quamvis
3121 1310 3207 1349 me
3260 1297 3519 1349 seducere
3542 1303 3660 1350 stu-

389 1384 612 1454 ροτέρου
647 1384 791 1454 ἥπερ
823 1384 933 1452 ἐγώ
953 1403 966 1415 ο
998 1385 1059 1438 οὐ
1088 1386 1284 1463 πείσῃς
1314 1387 1370 1440 δὲ
1402 1387 1554 1456 ὅμως
1586 1387 1667 1450 είς
1694 1387 1870 1452 τέλος,
1920 1389 1968 1441 εί

2073 1385 2276 1451 (lueris,
2315 1387 2441 1441 mihi
2465 1403 2704 1457 unqn.nn
2738 1387 3117 1457 persuadebis.
3161 1384 3368 1441 Vereor
3395 1387 3538 1441 enim
3567 1401 3657 1451 ne,

384 1477 483 1531 καὶ
509 1476 869 1547 παρέπεισας.
898 1476 1248 1545 Εύλαϐοῦμαι
1278 1476 1386 1550 γὰρ
1413 1478 1761 1545 ἰλυσπᾶσθαι,
1791 1481 1968 1551 ριφεὶς

2073 1483 2141 1538 ad
2176 1494 2374 1539 terram
2426 1483 2634 1548 allisns,
2701 1482 2935 1551 rependo
2996 1482 3177 1550 potius
3206 1482 3309 1536 sim
3367 1481 3655 1551 obnoxius,

384 1570 467 1631 ei;
494 1569 619 1637 γῆν,
663 1569 760 1621 καὶ
791 1568 934 1622 οὕτω
978 1567 1078 1639 τὴν
1109 1569 1268 1640 ἓρψιν
1311 1571 1651 1638 ἀλλάξασθαι
1679 1570 1778 1643 τῆς
1822 1572 1970 1643 βαδί-

1453 1571 1651 1638 ξασθαι
1679 1570 1778 1643 τῆς
1822 1572 1970 1643 βαδί-
2072 1594 2235 1647 quam
2272 1589 2421 1634 recte
2457 1577 2760 1633 incedendo
2795 1577 3045 1632 idoneus.

386 1678 544 1723 σεως.

454 1752 554 1810 οα’.
588 1755 758 1810 Πάλιν
791 1756 1052 1827 λογισμὸς
1077 1758 1436 1829 παρέπλαγξὲ
1468 1776 1617 1824 τινα,
1649 1759 1811 1812 ὁποῖα
1835 1759 1965 1811 πολ-

2144 1754 2235 1808 71.
2271 1754 2508 1809 Rursum
2541 1755 2705 1819 ratio,
2739 1755 2814 1809 uti
2848 1756 2991 1810 haud
3040 1769 3167 1811 raro
3212 1754 3462 1810 accidere
3494 1752 3651 1817 soch,

380 1846 449 1899 λά
469 1849 614 1917 φιλεῖ
643 1849 738 1902 καὶ
772 1848 997 1903 τοιαῦτα
1016 1850 1292 1919 γίνεσθαι,
1321 1853 1570 1918 γενναῖον
1597 1847 1760 1915 εἶναι,
1789 1851 1966 1904 παλα-

2068 1846 2304 1916 aliquem
2334 1845 2562 1911 induxit,
2595 1859 2652 1901 ut
2683 1862 3007 1916 generosum
3028 1862 3158 1904 sese
3187 1846 3446 1901 exhibeat
3472 1855 3526 1899 et
3547 1846 3654 1898 im-

385 1940 590 2009 μεῖσθαι
620 1940 1018 2011 συμποδισμὸν,
1049 1941 1106 1995 εί
1130 1959 1217 2007 τις
1251 1944 1334 2007 είς
1361 1944 1709 2014 παλαίστραν
1736 1944 1963 1998 ἀντικα-

2066 1939 2373 2008 pedimenta
2398 1941 2443 1995 si
2479 1953 2600 2009 quae
2630 1939 2683 1993 in
2719 1952 2886 1995 arena
2916 1945 3231 2003 occurrant,
3255 1937 3467 1992 fortiter
3494 1935 3650 2006 disji-

379 2032 614 2103 τασταίη
645 2033 817 2105 αὐτῷ.
852 2035 964 2088 Καὶ
982 2035 1403 2108 ὲπανηγυρίσθη
1433 2036 1603 2105 ἀγὼν,
1630 2035 1727 2091 καὶ
1751 2034 1960 2107 ἐκηρύ-

2062 2031 2192 2087 ciat.
2226 2030 2539 2088 Certatnine
2591 2031 2760 2104 igitur
2794 2030 3022 2099 indicto,
3062 2042 3117 2086 et
3161 2046 3337 2101 pugna
3382 2030 3649 2100 praeconis

380 2125 485 2195 χθη
517 2124 957 2198 παλαισμοσύνη,
989 2128 1084 2182 καὶ
1117 2127 1283 2192 αὐτὸς
1317 2129 1615 2200 παρεισέδυ
1649 2130 1707 2193 ἐς
1736 2130 1958 2199 μέσους,

2060 2139 2195 2181 voce
2211 2126 2553 2192 aununtiata,
2576 2126 2667 2181 ille
2684 2126 2737 2180 in
2760 2127 2995 2181 medium
3017 2125 3382 2197 progreditur,
3402 2121 3648 2178 (ιρι-ιωιῶ

378 2217 585 2271 ἐθέλων
615 2219 960 2291 συμπλοκὴν,
994 2222 1087 2274 καὶ
1120 2220 1339 2293 θαρρῶν
1392 2222 1820 2286 καταπαλαίειν,
1862 2221 1960 2276 καὶ

2062 2217 2273 2284 avidus,
2311 2219 2380 2274 de
2406 2218 2633 2274 victoria
2672 2228 2881 2284 certus,
2921 2219 3036 2274 suis
3058 2218 3268 2273 viribus
3294 2216 3348 2272 in
3381 2214 3646 2284 ejusmodi

377 2310 480 2381 ἤδη
503 2308 562 2364 εὖ
594 2312 741 2381 μάλα
766 2312 1082 2383 συμπείσας
1107 2314 1301 2367 ἑαυτὸν
1321 2318 1404 2378 είς
1429 2312 1685 2387 τοιαύτην
1706 2313 1954 2387 ἄθλησιν.

2059 2326 2357 2382 congressu
2388 2313 2615 2368 nimium
2646 2323 2910 2383 quantum
2938 2311 3201 2368 conﬁsus.
3233 2312 3304 2366 At
3331 2311 3421 2365 ubi
3454 2311 3646 2364 adver-

388 2399 531 2454 ’Λ>.λ’
581 2402 804 2457 ἐπειδὰν
853 2404 1269 2477 ἀνταγωνιστὴν
1314 2405 1582 2476 θεάσηται
1611 2408 1873 2475 φανέντα,
1897 2406 1957 2460 ὃν

2058 2402 2263 2456 sarium
2283 2416 2444 2471 quem
2468 2416 2575 2457 non
2597 2410 2903 2471 putaverat,
2927 2410 3277 2472 apparentem
3300 2408 3644 2454 etarrecturn

379 2492 454 2561 μὴ
491 2491 919 2565 ἐνθυμούμενος,
955 2495 1091 2550 ἀλλά
1116 2497 1239 2550 τότε
1280 2497 1494 2552 κατίδοι
1533 2496 1957 2569 ὲξανακύψαντα

2059 2502 2114 2551 et
2142 2494 2283 2550 hosti
2303 2493 2518 2550 obviam
2544 2503 2765 2551 euntem
2797 2493 3083 2565 conspicit,
3115 2500 3240 2548 tunc
3264 2490 3488 2556 rationi,
3511 2490 3647 2546 dicit

373 2585 473 2637 καὶ
528 2586 611 2651 είς
656 2586 951 2642 ἀντίπαλον
999 2591 1462 2661 προχωρήσαντα,
1517 2590 1578 2644 ού
1635 2590 1849 2655 πείσεις
1877 2591 1957 2662 τῷ

2057 2585 2309 2656 quamvis
2354 2594 2513 2643 antea
2546 2587 2908 2658 persuaseris,
2938 2600 3047 2641 non
3078 2582 3308 2652 amplius
3338 2584 3646 2655 persuade-

374 2672 566 2746 πρώην
585 2675 859 2747 λογισμῷ,
901 2677 1032 2748 ἔφη,
1066 2678 1170 2732 κᾶν
1203 2680 1419 2748 φθάσας
1449 2679 1677 2744 ἔπεισας
1705 2696 1718 2712 ⁸
1757 2682 1821 2735 οὐ
1844 2681 1955 2753 γὰρ

2059 2677 2172 2744 bis;
2208 2678 2334 2735 nolo
2362 2679 2511 2734 enim
2551 2679 2694 2750 turpi
2722 2694 2854 2736 casu
2897 2678 3136 2745 conteri,
3169 2677 3264 2733 sed
3299 2676 3482 2747 potius
3517 2690 3639 2731 cum

373 2766 638 2838 ἀνέξομαι
672 2769 857 2823 πεσὼν
889 2768 1305 2840 συντρίψεσθαι,
1364 2772 1458 2826 καὶ
1496 2770 1731 2825 καθόλου
1757 2773 1817 2825 ὲν
1840 2773 1956 2836 τοῖς

2057 2768 2416 2838 prudentibus
2465 2770 2913 2842 sapientibusque
2944 2770 3082 2826 viris
3108 2769 3394 2826 consilium
3425 2769 3560 2824 inire
3588 2780 3644 2825 et

373 2858 638 2929 φρονοῦσι
688 2862 786 2916 καὶ
833 2861 1072 2933 μαθοῦσι
1120 2860 1498 2932 βουλεύεσθαι,
1532 2862 1629 2917 καὶ
1663 2858 1823 2926 αὖθις
1871 2864 1954 2926 είς

2056 2860 2123 2914 ad
2157 2859 2392 2918 olIlcium
2418 2863 2640 2919 reverti.
2696 2863 2790 2918 Sic
2822 2861 3006 2919 multis
3044 2862 3100 2918 in
3132 2862 3296 2918 rebus
3346 2860 3510 2916 homo
3538 2859 3641 2915 silli

370 2953 495 3007 δέον
546 2954 1070 3023 μεταϐουλεύεσθαι.
1129 2954 1318 3009 Πείθει
1370 2956 1470 3027 μέν
1532 2973 1616 3019 τις
1670 2955 1867 3010 ἑαυτὸν
1894 2956 1954 3008 ὲν

2055 2956 2296 3013 conﬁsus
2327 2957 2410 3012 vel
2432 2957 2498 3012 ad
2519 2955 2721 3011 malum
2747 2958 3047 3027 propendet
3073 2964 3128 3011 et
3154 2954 3466 3012 stimulatur
3500 2955 3639 3009 adeo

371 3046 613 3113 πολλοῖς,
654 3048 750 3103 καὶ
788 3051 868 3114 εῖς
891 3066 944 3103 τι
973 3048 1174 3120 ψεκτὸν
1206 3050 1304 3103 καὶ
1331 3048 1704 3116 κατατίθεται,
1729 3047 1824 3103 καί
1847 3065 1951 3101 που

2057 3058 2116 3103 ιιι
2147 3049 2216 3103 ad
2256 3063 2394 3120 opus
2444 3047 2862 3120 aggrediendum
2915 3057 3140 3118 paratus
3181 3047 3292 3112 sit;
3345 3046 3439 3102 sed
3467 3047 3640 3117 pinni-

369 3141 702 3211 ἐρεθίζεται,
752 3142 849 3194 καὶ
903 3143 985 3206 εἰς
1045 3142 1206 3213 ἔργον
1261 3141 1491 3213 ἐξορμᾷ.
1537 3141 1856 3210 Μεταγνοὺς
1889 3139 1947 3193 δὲ

2057 3140 2227 3196 tentia
2264 3150 2550 3213 correptus
2600 3140 2813 3196 desistit
2839 3140 2907 3194 ab
2933 3139 3026 3194 illo
3052 3139 3105 3193 in
3135 3139 3279 3208 quod
3310 3146 3471 3193 antea
3513 3152 3639 3207 pro-

368 3235 599 3305 ἀῳίησιν
628 3235 830 3297 ἐκεῖνο,
861 3235 942 3296 εἰς
966 3235 1106 3304 ὅπερ
1133 3233 1452 3295 κατένευσε,
1479 3231 1573 3286 καὶ
1596 3232 1783 3303 χαίρει
1805 3250 1948 3287 nau-

2048 3232 2205 3288 clivis
2218 3199 2448 3301 exstitit,
2460 3240 2516 3288 et
2535 3234 2677 3303 quod
2695 3247 2801 3288 non
2820 3231 3125 3302 perrexerit
3142 3231 3365 3302 gaudet,
3379 3238 3435 3286 et
3446 3245 3640 3301 quam-

369 3330 623 3396 οῖὶμενος,
664 3325 759 3380 καὶ
781 3324 922 3393 λόγῳ
949 3326 1199 3396 τοιούτῳ.
1243 3326 1292 3378 εί
1325 3325 1420 3379 καὶ
1454 3324 1774 3389 πέπεισται,
1795 3325 1947 3394 ὅμως

2049 3326 2134 3381 vis
2186 3336 2345 3381 antea
2397 3327 2628 3381 cesserit
2674 3324 2942 3393 ejusmodi
3001 3324 3255 3388 consilio,
3302 3331 3482 3378 tamen
3530 3337 3636 3377 non

367 3419 552 3473 οὐκέτι
579 3416 850 3482 πείθεται,
872 3419 1058 3488 ὅμοιον
1078 3418 1212 3471 ὡσεὶ
1232 3418 1329 3471 καὶ
1351 3415 1617 3487 ὁρμηθεὶς
1647 3417 1789 3472 κατὰ
1808 3432 1947 3488 κρη-

2049 3418 2283 3487 amplius
2310 3418 2474 3483 cedit,
2508 3416 2674 3473 veluti
2714 3417 2758 3472 si
2799 3416 2924 3487 quis
2957 3415 3027 3472 de
3063 3414 3366 3487 praecipitio
3395 3426 3519 3470 sese
3547 3416 3638 3468 dc-

370 3509 528 3580 μνοῦ,
561 3504 681 3563 εἶτα
724 3509 1053 3580 μετάμελος
1088 3507 1596 3579 ἐπαναστρέψεται,
1627 3508 1725 3562 καὶ
1757 3506 1945 3573 ἔννους

2044 3508 2190 3580 jectu
2201 3525 2314 3577 rus,
2335 3517 2521 3581 postea
2545 3519 2750 3564 mutata
2775 3519 2956 3564 mente
2978 3509 3274 3564 revertitur
3296 3514 3354 3562 et
3379 3505 3635 3575 insipien-

365 3607 432 3658 ἐκ
452 3602 803 3671 δυσλογίστου
833 3601 1086 3671 γένηται.

2051 3599 2177 3655 tiam
2203 3600 2255 3654 in
2287 3600 2605 3670 sapientiam
2631 3608 2934 3671 permutat.“

435 3690 536 3762 οβ’.
568 3691 689 3763 Χρὴ
745 3691 928 3747 τοίνυν
982 3691 1161 3753 οὕτως
1207 3693 1305 3746 ἐπὶ
1348 3692 1575 3749 πάντων
1601 3693 1712 3748 τῶν
1739 3691 1947 3762 ὁμοίων

2118 3692 2208 3747 72.
2243 3691 2323 3746 Ita
2355 3691 2519 3762 igitur
2545 3694 2598 3748 in
2627 3693 2774 3747 omni
2802 3708 2858 3748 re
2880 3691 3043 3747 simili
3077 3691 3195 3748 ﬁeri
3250 3692 3428 3747 decet.
3458 3689 3631 3745 Nimi-

364 3784 636 3854 γίνεσθαι,
691 3781 768 3845 ὡς
799 3781 1113 3846 ἀκολούθως
1151 3782 1247 3836 καὶ
1276 3784 1448 3854 ἡμᾶς,
1506 3781 1947 3851 ἀναλαϐομένους

2049 3800 2166 3839 rum
2199 3784 2245 3839 si
2278 3785 2566 3840 consilium
2582 3785 2850 3855 cepimus,
2875 3785 2961 3838 vel
2990 3798 3056 3838 ex
3084 3785 3241 3838 nobis
3269 3784 3405 3854 ipsis
3434 3784 3632 3853 impru-

365 3878 578 3947 πεῖσμα
605 3875 879 3940 ὁπωσοῦν,
915 3875 1027 3928 εἴτε
1052 3874 1110 3941 ἐξ
1143 3874 1304 3945 ἡμῶν
1334 3874 1521 3928 αὐτῶν
1551 3871 1816 3936 ἀϐούλως,
1834 3871 1944 3923 εἴτε

2049 3877 2320 3941 dentibus,
2355 3878 2442 3931 vel
2479 3886 2812 3947 pratceptum
2843 3876 3140 3942 malignum
3185 3883 3502 3947 sequentes,
3548 3874 3631 3929 vel

361 3969 508 4024 κατά
533 3967 885 4023 διδασκαλίαν
909 3966 1265 4032 κακόϐουλον,
1306 3968 1527 4030 πάντως
1560 3966 1616 4020 δὲ
1646 3965 1755 4019 ἀπὸ
1782 3966 1945 4035 ἀρχε-

2048 3968 2281 4039 denique
2317 3969 2546 4024 daemoni
2580 3969 2846 4024 malorum
2879 3968 3111 4039 principi
3163 3970 3627 4040 obtemperantes,

361 4063 539 4119 κάκου
566 4061 838 4131 δαίμονος,
863 4061 959 4115 καὶ
1002 4060 1373 4131 ὡρμημένους
1428 4063 1486 4121 ὲς
1513 4058 1716 4129 πρᾶξιν
1745 4060 1947 4113 ἀποτε-

2048 4068 2103 4114 et
2126 4062 2191 4113 ad
2216 4073 2356 4129 opus
2405 4059 2769 4130 improbitatis
2813 4061 3027 4115 macula
3083 4074 3362 4130 aspersum
3395 4060 3632 4128 accingi-

360 4152 641 4207 λευτῶσαν
689 4152 768 4215 είς
829 4149 1170 4221 φαυλότητα,
1221 4148 1601 4217 ἐνθυμεῖσθαι,
1663 4143 1802 4201 εἷναί
1825 4163 1947 4200 τινα

2047 4166 2192 4217 mur,
2225 4159 2336 4207 tum
2378 4161 2629 4222 reputare
2660 4153 2944 4219 debemus,
2966 4167 3089 4209 esse
3111 4152 3350 4222 aliquem
3379 4154 3629 4220 superio-

360 4244 522 4314 ήμῶν
550 4242 859 4314 κρείττονα,
912 4240 1009 4295 καὶ
1040 4242 1088 4294 εἰ
1127 4240 1203 4311 μὴ
1231 4239 1544 4312 ἄνθρωπον,
1600 4238 1739 4292 ἀλλά
1766 4254 1828 4308 γε
1854 4237 1947 4292 τὸν

2048 4258 2187 4311 rem,
2231 4245 2331 4299 etsi
2365 4258 2472 4299 non
2510 4245 2782 4300 hominem
2838 4251 2896 4300 at
2947 4245 3140 4315 saltem
3186 4246 3379 4310 Deum,
3412 4246 3525 4312 qui,
3550 4243 3628 4298 uti

359 4339 516 4405 Θεὸν,
532 4335 594 4401 ὃς
621 4335 798 4400 διδοὺς
819 4336 886 4389 τὰ
908 4333 1091 4403 ἀγαθά
1123 4334 1479 4403 καταγίνεται
1500 4335 1600 4405 τῆς
1623 4333 1944 4402 κακότητος,

2048 4335 2312 4391 bonorum
2361 4336 2509 4404 fons,
2570 4338 2912 4409 improbitati
2943 4339 3287 4408 adversatur,
3336 4338 3464 4394 etsi
3494 4340 3628 4410 quid

360 4430 558 4485 ἑαυτὸν
592 4429 808 4490 πάντως
846 4426 1079 4480 ἐκδικῶν
1112 4426 1202 4480 διά
1230 4425 1331 4498 τῆς
1372 4425 1633 4496 τοιαύτης
1661 4423 1948 4492 ἐπεξελεύ-

2047 4429 2314 4500 ejusmodi
2356 4431 2759 4498 admiserimus,
2791 4433 3003 4489 ultnrus
3021 4443 3124 4488 est.
3152 4431 3272 4504 Ipse
3311 4434 3455 4489 enim
3482 4435 3625 4505 leges

361 4539 528 4587 σεως.
567 4520 809 4584 Ἐκεῖνος
830 4519 939 4590 γὰρ
965 4519 1059 4572 καὶ
1084 4518 1388 4590 νομοθέτης
1429 4516 1770 4587 ἀγαθότητος
1799 4517 1943 4571 ἀπά-

2045 4524 2278 4592 optimas
2311 4524 2466 4592 tulit;
2500 4524 2673 4594 ipsius
2705 4536 2789 4581 est
2817 4527 3052 4580 mundus
3077 4527 3392 4593 universus,
3449 4527 3626 4597 ipsius

360 4633 464 4686 σης
487 4631 503 4646 °
534 4613 632 4667 καὶ
678 4610 847 4666 αὐτοῦ
888 4612 1061 4678 ἐστιν,
1115 4610 1310 4682 ὥσπερ
1349 4610 1378 4664 ὁ
1416 4610 1646 4680 κόσμος,
1673 4607 1818 4663 οὕτω
1848 4610 1943 4662 καὶ

2043 4630 2234 4671 omnes
2266 4617 2450 4672 mundi
2476 4617 2787 4687 principes;
2830 4618 2944 4687 ipse
2977 4619 3259 4690 przeccpit,
3308 4627 3367 4675 ut
3398 4619 3623 4674 obedia-

358 4710 507 4771 ἄπας
531 4705 759 4775 κόσμιος
790 4703 1121 4776 ἡγούμενος,
1153 4705 1249 4760 καὶ
1277 4703 1444 4759 αὑτοῦ
1472 4705 1591 4757 ἔστι
1621 4701 1944 4774 παράγγελ-

2043 4722 2167 4762 mus
2199 4716 2253 4762 et
2294 4723 2503 4765 morem
2539 4723 2798 4780 geramus
2840 4711 3217 4781 superioribus
3274 4710 3368 4781 qui
3418 4710 3624 4781 efﬁgies

362 4815 465 4869 μα,
533 4796 959 4852 πείθεσθαικαὶ
1019 4796 1273 4852 ὑπείκειν
1314 4798 1429 4859 τοῖς
1476 4795 1833 4866 ἡγουμένοις,
1891 4792 1942 4847 οἳ

2043 4799 2164 4868 ejus
2192 4807 2320 4855 sunt
2348 4815 2413 4857 ac
2444 4802 2758 4859 simulacra.
2821 4803 2960 4859 Hinc
2990 4812 3237 4874 apparet,
3272 4818 3463 4860 eorum
3487 4819 3622 4858 con-

358 4889 577 4943 ἑκείνου
603 4886 742 4941 εἰσὶν
772 4886 1136 4957 είκονίσματα
1165 4886 1261 4940 καλ⁴
1290 4885 1612 4957 ἰνδάλματα.
1647 4883 1739 4938 Διὸ
1784 4884 1881 4938 καὶ
1905 4883 1939 4955 ἠ

2047 4893 2350 4962 tumeliam,
2365 4896 2744 4962 oﬂ‘ensionem,
2763 4895 3041 4965 injuriam,
3061 4903 3431 4966 contemptum
3446 4896 3626 4952 redire

359 4981 547 5036 αὐτῶν
576 4979 737 5052 ὕϐρις
765 4980 861 5034 καὶ
887 4978 1063 5051 βλάϐη
1086 4979 1182 5033 καὶ
1216 4979 1250 5051 ὴ
1276 4978 1400 5035 κατ’
1427 4978 1605 5032 αὐτῶν
1630 4976 1817 5032 ἀδικία
1845 4974 1942 5029 καὶ

2044 4994 2112 5048 ad
2165 4989 2342 5060 illum,
2399 4993 2495 5061 qui
2540 4997 2598 5047 et
2630 5003 2849 5046 omnem
2906 4983 3192 5058 malitiam,
3245 4999 3300 5044 et
3344 4987 3403 5044 in
3432 4986 3624 5059 primis

361 5072 662 5144 περιεργία
694 5072 790 5126 καὶ
816 5071 1225 5142 περιφρόνησις
1274 5074 1353 5134 είς
1380 5071 1592 5125 ἐκεῖνον
1625 5068 1943 5123 ἀναϐαίνειν

1455 5071 1592 5124 εἶνον
1625 5068 1943 5123 ἀνασαίνειν
2043 5083 2508 5155 perseverantiam
2542 5084 2598 5139 in
2622 5096 2685 5139 ea
2714 5081 2840 5138 odio
2871 5081 3053 5137 habet.

360 5160 806 5231 διαγινώσκεται,
856 5161 952 5216 τὸν
998 5161 1266 5234 μισοῦντα
1318 5162 1420 5235 μὲν
1446 5161 1541 5215 καὶ
1564 5159 1715 5216 ἆπαν
1747 5159 1938 5224 κακὸν,

362 5253 461 5326 οὐχ
485 5252 692 5325 ἥκιστα
711 5253 768 5307 δὲ
789 5252 890 5324 τὴν
919 5252 1044 5308 κατ’
1078 5253 1214 5308 αὐτὸ
1245 5253 1538 5325 ἐπιμονήν.
2132 5256 2139 5261 “
2570 5290 2573 5291 ν

430 5351 531 5413 στ’.
562 5344 641 5400 Ού
688 5344 798 5417 γὰρ
841 5344 995 5398 ἔστιν
1042 5346 1363 5420 ἀντειπεῖν,
1396 5346 1471 5416 μὴ
1515 5343 1788 5416 ἐπιμονήν
1818 5359 1942 5397 τινα

2114 5341 2204 5395 73.
2236 5340 2382 5396 Inter
2430 5351 2621 5394 omnes
2656 5339 2801 5393 enim
2843 5344 3077 5403 constat,
3104 5336 3358 5393 ﬁduciam
3402 5350 3621 5407 perver-

363 5439 645 5509 χειρίστην
677 5437 773 5491 καὶ
802 5437 866 5490 τὸ
896 5438 1108 5507 πεῖσμα
1137 5432 1274 5491 εῖναι
1308 5437 1372 5490 τὸ
1405 5434 1610 5507 φαῦλον
1631 5477 1646 5503 ,
1685 5435 1785 5490 καὶ
1815 5435 1943 5488 ἰδιό-

2042 5450 2158 5490 sam
2190 5448 2313 5490 esse
2342 5433 2595 5504 pessimis
2629 5433 2937 5502 quibusque
2980 5432 3373 5488 aceensendam
3393 5470 3411 5498 ,
3442 5432 3610 5502 siqui-

362 5542 503 5597 τητα
532 5524 738 5598 ζωῖκὴν
762 5525 1225 5591 δυσαπάλειπτον,
1245 5526 1518 5598 πολλαχοῦ
1539 5525 1595 5581 δὲ
1624 5527 1720 5580 καὶ
1746 5525 1942 5590 evaga—

2044 5533 2166 5585 dem
2213 5525 2429 5583 aﬂectio
2455 5533 2540 5581 est
2577 5526 2768 5592 animi,
2793 5539 2915 5595 quae
2941 5523 3166 5580 nonnisi
3198 5524 3504 5589 diﬂiculter,
3533 5525 3623 5580 in-

362 5615 604 5672 λειπτον.
628 5618 775 5689 Πλὴν
808 5618 947 5673 ἀλλά
970 5620 1029 5672 ὲν
1057 5618 1372 5692 ἀνθρώποις
1402 5620 1650 5690 λογίμοις
1694 5620 1791 5673 καὶ
1818 5620 1941 5672 ὲπι-

2045 5621 2259 5675 terdum
2310 5629 2491 5675 autem
2526 5618 2679 5675 nullo
2719 5621 2880 5675 modo
2909 5619 3174 5691 supprimi
3207 5627 3407 5688 potest.
3448 5616 3622 5675 Carte-

366 5709 661 5780 σταμένοις
726 5709 1119 5765 ύποκλίνεσθαι
1182 5711 1330 5782 λόγῳ
1407 5712 1503 5766 καὶ
1559 5709 1942 5764 ὲπιπείθεσθαι

2044 5727 2162 5764 rum
2199 5710 2448 5765 homines
2477 5708 2709 5764 solertes
2740 5709 3043 5780 rationique
3062 5710 3283 5765 obedire
3321 5717 3375 5761 et
3396 5706 3620 5775 obsequi

366 5804 467 5858 οὔκ
518 5804 635 5859 ἔστι
673 5805 755 5875 μὴ
786 5803 1189 5878 ἐξαλείφεσθαι,
1211 5805 1306 5860 καὶ
1372 5804 1471 5875 τὴν
1534 5805 1791 5877 τοιαύτην
1839 5805 1940 5856 οὐκ

2045 5802 2280 5857 scientes
2309 5800 2458 5856 illam
2484 5800 2682 5857 malam
2706 5798 3048 5858 affectionem
3083 5800 3201 5857 sine
3229 5798 3396 5856 dubio
3420 5811 3620 5854 emere
