4090 6434
468 339 572 402 347

1165 334 1594 398 EUSTATHII
1632 328 2388 393 TliESSALONICENSlS
2417 328 2986 390 METROPOLI'NE

3616 329 3729 396 3l8

471 438 698 503 pessum
730 445 745 482 :
794 443 967 498 neque
1004 428 1147 484 enint
1185 444 1214 482 a
1250 439 1441 482 natura
1477 427 1558 481 eis
1607 428 1775 480 indita
1803 434 1914 489 est,
1952 424 2045 478 sed

2154 424 2366 495 ἀγαθὴν
2400 422 2662 495 ἰδιότητα,
2686 425 2768 476 ὅτι
2801 425 2937 493 μηδὲ
2980 424 3044 475 ἐκ
3091 421 3304 489 φύσεως
3335 420 3726 488 αὖτοῗςγαῦξά-

469 538 567 593 per
593 520 788 576 malam
819 521 1120 574 doctrinam
1150 526 1203 572 et
1224 517 1666 574 consuetudinem
1702 516 2037 570 incrementa

467 614 613 683 capit
648 623 700 666 et
745 612 1042 676 stabiliter,
1079 611 1162 665 vel
1203 611 1405 680 potius,
1460 621 1517 664 ut
1572 606 1912 662 ntanifrstins
1960 607 2041 660 lo-

468 715 626 767 quar,
663 715 756 767 per
788 698 1167 754 conﬁdentiam
1211 714 1522 767 perversam
1555 713 1674 767 qua:
1715 709 1767 751 et
1801 698 1914 767 ipsa
1943 698 2041 751 du-

465 792 588 861 plex
624 802 726 846 est.
774 790 988 844 Etenim
1020 802 1114 844 aut
1148 805 1177 843 a
1214 792 1510 859 semetipso
1542 791 1664 859 quis
1706 790 1864 843 talem
1900 808 2039 842 itait-

467 884 695 937 ciscitur
743 880 1146 945 confidentiam,
1206 881 1330 933 dum
1380 880 1589 932 scilicet
1654 894 1847 944 magno
1912 894 2034 932 cum

467 973 653 1027 labore
692 988 812 1028 sese
846 974 1023 1026 erudit
1073 972 1397 1041 instruitque
1440 982 1491 1024 et
1524 971 1604 1026 sic
1653 971 1794 1024 male
1843 970 2038 1025 ﬁducia

466 1064 743 1130 impletur,
802 1072 897 1116 aut
954 1063 1170 1117 aliunde
1223 1063 1486 1131 principia
1546 1069 1731 1124 sumit,
1789 1064 2038 1132 malaque

465 1155 817 1223 persuasione
842 1156 1100 1209 seductus
1129 1154 1512 1210 consuetudini
1543 1170 1703 1223 quam
1732 1155 1896 1208 scint-l
1919 1172 2003 1206 am
2023 1183 2035 1193 -

464 1248 655 1317 plexus
689 1255 796 1311 est,
836 1246 1187 1316 pertinaciter
1217 1245 1546 1299 iulmrescit.
1582 1245 1696 1299 Nisi
1737 1247 1881 1297 enim
1915 1247 2038 1313 quis

468 1339 639 1395 nimio
671 1338 749 1394 rei
783 1338 1019 1406 alicujus
1056 1352 1243 1392 amore
1286 1344 1554 1400 teneatur,
1588 1336 1678 1389 vix
1710 1335 1758 1389 ei
1811 1335 2037 1388 intuere-

464 1432 566 1494 bit,
599 1430 695 1484 sed
725 1430 908 1499 potius
943 1427 1101 1484 facile
1146 1444 1209 1483 ea
1245 1428 1429 1482 relicta
1465 1427 1531 1482 ad
1562 1427 1720 1481 aliam
1762 1426 2033 1479 trttusibit.

467 1521 563 1576 illa
597 1522 758 1592 igitur
789 1522 955 1575 animi
988 1520 1204 1574 affectio
1226 1536 1330 1575 non
1360 1524 1425 1573 ad
1457 1521 1729 1574 hominem
1763 1519 2033 1587 vulgarem

467 1616 727 1685 pertinet,
778 1616 870 1668 sed
908 1615 1200 1667 ascititium
1248 1613 1535 1666 manifesto
1561 1613 1686 1680 quid
1722 1622 1803 1665 est
1836 1623 1889 1665 et
1942 1628 2035 1679 per

466 1707 775 1763 doctrinam
829 1708 1307 1775 superinduetum,
1364 1706 1629 1774 siquidem
1685 1705 1766 1758 vri
1816 1707 1883 1758 ab
1931 1705 2037 1757 alio

467 1800 724 1870 quopiam
759 1798 812 1852 in
845 1799 933 1852 illa
966 1798 1106 1852 mala
1137 1798 1419 1852 affectione
1452 1800 1807 1852 cenlirmatus
1829 1808 1932 1861 est,
1962 1798 2042 1852 vt-l

466 1907 586 1945 eam
615 1906 712 1945 sua
739 1900 932 1960 sponte
961 1888 1199 1954 admisit,
1238 1889 1397 1956 eique
1432 1889 1826 1944 contumaciter
1851 1891 2040 1943 addie-

468 1994 557 2038 tus
605 1985 658 2037 in
715 1984 829 2038 dies
878 1982 1173 2037 ardentiori
1225 1984 1410 2036 studio
1460 1982 1725 2044 incubuit.
1770 1999 1874 2036 non
1913 1983 2034 2037 sine

2145 534 2295 570 νεται
2318 517 2381 569 τὸ
2409 517 2671 583 τοιοῦτον,
2714 517 2849 570 ἀλλὰ
2876 516 2965 571 διὰ
2989 516 3088 568 οὐκ
3124 514 3483 568 εὐπαιδεύτου
3514 515 3731 568 συνεθιο

2148 609 2288 678 σμσῦ
2310 611 2405 663 καὶ
2431 609 2625 679 φύεται
2645 611 2739 665 καὶ
2756 609 3070 681 άδρύνεται,
3090 608 3426 678 σαφέστερον
3444 608 3500 661 δὲ
3524 610 3723 671 εἰπεῖν,

2144 702 2232 755 διὰ
2282 702 2494 772 φαύλης
2531 698 2774 766 πειθοῦς,
2843 700 3041 769 διπλῆς
3089 701 3185 753 καὶ
3222 698 3448 767 ταύτης.
3517 697 3589 749 Ἢ
3615 699 3726 765 γὰρ

2141 792 2358 845 οἴκοθεν
2388 792 2634 845 πείθεται
2656 809 2765 859 τις,
2791 792 3067 863 μοχθηρὸν
3100 790 3262 850 αὐτὸς
3292 788 3482 841 ἑαυτόν
3502 787 3724 852 διδάξας

2142 884 2239 936 καὶ
2261 885 2559 947 παιδεύσας
2584 885 2677 938 καὶ
2702 886 2907 954 στήσας
2940 881 3307 951 πεισματικδν
3334 878 3523 940 κακῶς
3558 874 3725 936 εἶναι.

2144 976 2176 1048 ἢ
2215 975 2485 1044 ἑτέρωθεν
2537 974 2870 1045 παραλαχὼν
2899 976 3095 1044 ἀρχὰς,
3130 974 3224 1025 καὶ
3259 971 3602 1040 rte-llanny
3657 973 3727 1040 τῇ

2143 1068 2354 1120 ἐκεῖθεν
2413 1066 2839 1137 παρελκυσθεὶς,
2894 1067 2992 1119 καὶ
3035 1064 3178 1118 οὕτω
3214 1062 3497 1130 διαμείνας
3558 1062 3729 1121 κακὸς

2142 1160 2409 1229 ἐπιμονῆς
2442 1159 2607 1228 λόγῳ,
2638 1158 2901 1227 φιλτάτης
2931 1157 3097 1227 αὐτῷ.
3133 1156 3209 1210 Οὐ
3242 1158 3352 1226 γὰρ
3380 1157 3445 1209 ἄν
3491 1172 3602 1219 τις,
3650 1155 3731 1222 μὴ

2142 1250 2455 1320 ὑπερφιλῶν
2479 1251 2731 1320 πρᾶγμα,
2752 1252 3059 1319 παραμενεῖ
3079 1251 3134 1312 ές
3159 1248 3290 1301 αὐτό
3335 1247 3468 1300 ἀλλὰ
3484 1246 3619 1315 ταχὺ
3639 1247 3735 1297 ὲκ-

2143 1341 2389 1411 πηδήσας
2405 1342 2871 1412 ἀπαλλαγήσεται.
2886 1344 2960 1395 Οὐ
2977 1342 3155 1394 τοίνυν
3176 1341 3368 1394 ίδιότοσ
3386 1336 3484 1410 [οι.
3503 1334 3741 1407 ίδιότηςι

2145 1433 2437 1503 ἀνθρώπου
2474 1433 2534 1487 τδ
2568 1434 2808 1487 τοιοῦτον
2841 1433 3009 1496 πάθος
3051 1435 3220 1493 ἐστ’τν,
3263 1431 3398 1483 ἁλλὰ
3435 1429 3734 1494 ἐπίκτητον

2143 1523 2284 1579 εἶναι
2324 1528 2414 1580 καὶ
2444 1527 2687 1580 διδακτὸν
2721 1528 3006 1595 ἔγνωσται,
3053 1527 3171 1596 ἦτοι
3224 1524 3535 1582 πεισθέντος
3581 1522 3733 1581 τινός

2145 1618 2311 1670 ποθεν
2333 1618 2551 1680 ἔξωθεν,
2575 1618 2607 1686 ἢ
2636 1616 2960 1686 αὑτομαθῶς
2990 1614 3251 1675 παθνῖντος
3268 1614 3365 1681 τὴν
3391 1612 3609 1671 κακίαν,
3635 1611 3735 1661 καὶ

2151 1710 2405 1776 μένοντος
2457 1708 2725 1771 τοιούτου,
2783 1707 2876 1760 καὶ
2946 1705 3319 1773 ὲπαυξομένου
3362 1706 3739 1771 καὶστερεου-

2154 1803 2315 1869 μέιου
2355 1802 2431 1865 είς
2463 1801 2708 1870 διηνεκὲς
2747 1799 2999 1867 δαιμονία
3030 1797 3432 1865 συναντιλήψει,
3468 1796 3561 1849 καὶ
3594 1795 3739 1847 κατὰ

2151 1893 2272 1955 ἔθος
2306 1895 2387 1955 εἰς
2414 1894 2674 1962 δευτέραν
2726 1889 2838 1946 οἷον
2895 1892 3058 1959 φύσιν
3106 1889 3446 1958 ἀποϐεϐηκὸς
3499 1904 3740 1957 γεγενη-
3822 1940 3831 1947 ,

2145 1985 2306 2055 μένου
2344 1986 2730 2055 πεισματικοῦ.

467 2078 593 2133 mali
625 2079 763 2149 genii
804 2079 1027 2143 auxilio,
1057 2087 1111 2132 et
1145 2078 1243 2139 sie,
1283 2078 1531 2143 improba
1597 2080 1991 2134 consuetudine
2068 2081 2120 2134 in
2172 2082 2401 2137 alteram
2462 2082 2625 2138 veluti
2683 2094 2928 2136 naturam
2994 2089 3350 2144 transeunte,
3405 2078 3741 2133 confidentia

472 2176 613 2230 male
646 2174 858 2229 inflatus
890 2183 997 2229 est.

537 2265 630 2321 74.
688 2266 783 2321 Est
822 2277 1004 2320 autem
1044 2265 1238 2321 ﬁducia
1288 2267 1514 2319 omnino
1568 2266 1734 2320 animi
1784 2281 2038 2334 perseve-
2073 2283 2113 2334 ις

468 2361 647 2415 rentia
674 2374 703 2413 a
732 2360 870 2413 mala
901 2360 1227 2412 conﬁdentia
1261 2360 1526 2429 originem
1556 2371 1737 2420 nacta,
1760 2370 1815 2413 et
1849 2362 2050 2427 perdu-

466 2455 609 2511 ratio
642 2453 798 2507 ﬁrma
833 2460 889 2506 et
928 2461 1208 2515 constans,
1258 2452 1308 2505 id
1357 2461 1437 2505 est
1484 2450 1859 2505 immutabilis.
1919 2452 2055 2506 Pro-

468 2556 654 2618 pterea
704 2547 866 2599 homo
903 2545 986 2598 sic
1014 2543 1243 2598 aﬂ'ectus
1271 2544 1395 2612 jure
1430 2545 1736 2613 meritoque
1764 2545 2055 2614 appellabi-

471 2647 562 2692 tur
588 2645 751 2692 tenax
798 2634 1058 2704 propositi
1092 2643 1146 2689 et
1186 2649 1541 2704 perseverans
1571 2643 1625 2689 et
1672 2635 2048 2703 inexorabilis,

469 2744 581 2785 non
636 2738 747 2783 tam
804 2728 1102 2785 secondum
1164 2738 1415 2783 naturam
1483 2728 1823 2798 simpliciter,
1887 2744 2047 2799 quam

470 2820 772 2876 secundum
812 2820 1086 2889 propriam
1119 2818 1456 2873 voluntatem
1506 2820 1779 2889 animique
1816 2834 2049 2888 prepon-

470 2913 705 2976 sinnem,
757 2913 916 2981 cujus
966 2921 1285 2982 potestatem
1327 2912 1443 2981 ipse
1492 2913 1676 2969 habet.
1731 2913 1847 2967 Etsi
1902 2914 2044 2967 enim

471 3013 681 3058 natura:
729 3003 936 3059 indoles
987 3003 1183 3057 mutari
1237 3005 1440 3073 nequit,
1472 3014 1711 3059 attamen
1761 3020 1879 3072 quae
1926 3013 2050 3072 post

472 3102 724 3148 naturam
758 3103 904 3158 sunt,
949 3094 1330 3158 immutantur,
1357 3104 1413 3148 et
1450 3094 1720 3163 imprimis
1750 3094 1903 3147 dotes
1946 3094 2049 3146 ltll-

472 3200 650 3239 mana:
695 3183 914 3254 preprie
955 3185 1113 3238 dicit!)
1158 3184 1367 3240 facilius
1405 3184 1602 3241 mutari
1641 3194 1868 3252 queunt,
1910 3199 2050 3251 pra:-

471 3276 668 3331 sertim
713 3274 803 3330 ubi
852 3276 918 3327 ad
957 3277 1211 3329 virtutem
1248 3285 1500 3345 vergunt,
1538 3288 1700 3343 quam
1762 3274 1905 3328 Deus
1937 3276 2053 3340 ipse

472 3367 719 3435 adjuvat,
744 3366 812 3421 ab
842 3366 1191 3433 improbitate
1214 3382 1318 3422 nos
1341 3369 1639 3432 abducens,
1697 3365 1773 3420 uti
1799 3367 1960 3419 etiam
1996 3365 2051 3419 in

472 3458 668 3511 fiducia
704 3465 951 3524 apparet.

547 3549 635 3604 75.
675 3547 731 3603 Si
762 3551 907 3604 enim
945 3550 1047 3604 boc
1072 3551 1217 3619 quod
1247 3551 1464 3606 videtur
1497 3562 1552 3606 et
1598 3550 1741 3620 quod
1770 3549 2046 3604 hominem

474 3641 541 3694 ad
570 3640 839 3710 agendum
870 3639 1099 3710 impellit
1126 3655 1192 3695 ac
1248 3642 1564 3710 persuadet,
1598 3654 1807 3697 naturae
1849 3642 2051 3696 buma-

477 3747 562 3785 nJ:
601 3732 937 3787 contrarium
991 3742 1079 3787 est
1119 3730 1372 3802 ﬂectique
1427 3734 1701 3799 nescium,
1732 3734 1841 3786 imo
1899 3718 2059 3786 nitui-

477 3839 569 3878 um
612 3833 881 3893 quantum
938 3823 1181 3879 indurat.
1239 3823 1387 3880 Talis
1441 3825 1672 3880 alfectus
1701 3839 1808 3878 non
1839 3835 1923 3878 est
1954 3824 2059 3879 uisi

477 3931 693 3970 tnerntn
745 3914 1034 3970 arbitrium
1084 3923 1139 3970 et
1163 3916 1387 3972 habitus
1441 3916 1739 3984 singularis
1773 3931 1896 3970 eum
1936 3916 2057 3985 qni,

479 4008 652 4062 veluti
693 4007 932 4077 sapiens,
982 4018 1135 4062 tanta
1195 4023 1320 4063 cum
1356 4010 1655 4077 pertinacia
1689 4009 1740 4063 in
1771 4009 1914 4062 malo
1942 4023 2063 4077 per-

476 4102 643 4169 sistit,
720 4101 1106 4157 ostentationis
1206 4103 1417 4156 macula
1495 4118 1814 4172 aspergens.
1887 4100 2062 4156 Porro

476 4192 749 4262 ejusmodi
778 4192 1004 4248 affectus
1032 4194 1088 4249 in
1115 4195 1511 4265 singularitatis
1542 4196 1807 4258 studimn,
1841 4209 2059 4258 vanam,

477 4286 900 4341 ostentationem
944 4286 1367 4357 superbiamque
1390 4290 1702 4359 degenerat.
1757 4288 1875 4342 Jam
1932 4301 2061 4341 vero

486 4386 742 4447 reputare
796 4379 1081 4443 debemus,
1115 4379 1401 4433 Dominum
1459 4380 1550 4449 qui
1614 4380 1866 4449 superbis
1925 4377 2064 4433 resi-

485 4473 607 4535 stit,
634 4485 978 4541 nequaquam
1011 4470 1195 4526 favere
1224 4470 1318 4525 tali
1354 4471 1489 4526 velle
1516 4471 1858 4526 confidentia)
1886 4486 1915 4523 a
1952 4484 2058 4538 qua

479 4562 699 4619 Lucifer
727 4576 957 4617 exorsus
985 4573 1089 4628 est,
1140 4571 1328 4632 utpote
1354 4563 1471 4633 qui,
1500 4563 1759 4630 superbia
1808 4577 1873 4616 ac
1902 4562 2059 4617 Vulti-

476 4667 592 4712 tate
647 4654 926 4722 seductus,
962 4669 1085 4708 cum
1130 4656 1235 4709 alia
1278 4671 1471 4726 magna
1499 4655 1737 4721 efficere,
1768 4664 1878 4708 tum
1907 4655 2062 4708 thro-

477 4763 610 4803 num
650 4761 808 4801 suum
852 4746 908 4801 in
938 4747 1177 4803 nubibus
1210 4748 1478 4804 collocare
1524 4756 1576 4804 et
1610 4749 1692 4806 sic
1733 4748 1843 4803 Deo
1865 4747 2060 4803 similis

476 4839 594 4894 ﬁeri
635 4838 885 4909 jactavit.

547 4931 636 4988 76.
676 4930 782 4998 Qui
829 4947 954 4987 cum
1021 4932 1117 4988 tali
1176 4930 1377 4989 ﬁducia
1435 4932 1788 5001 inniteretur,
1842 4940 2059 4988 veteres

476 5023 598 5095 ejus
654 5025 900 5088 asseclae,
977 5028 1288 5096 exemplum
1342 5025 1489 5080 illius
1546 5027 1743 5088 secuti,
1796 5024 1884 5078 vix
1950 5023 2057 5078 dici

2213 2270 2304 2325 οδ’.
2343 2268 2449 2323 Καὶ
2485 2268 2602 2321 ἔστι
2628 2267 2688 2320 τὸ
2718 2269 2925 2335 πεῖσμα
2946 2267 3004 2319 έν
3034 2265 3113 2337 τῷ
3142 2265 3373 2319 καθόλου
3406 2265 3572 2333 ήθους
3603 2265 3703 2316 ὲητι
3722 2294 3738 2305 ο

2153 2362 2288 2433 μονὴ
2309 2362 2396 2416 διὰ
2430 2361 2863 2431 προῦπαρξέισης
2900 2359 3113 2431 φαύλης
3142 2358 3386 2421 πειθοῦς,
3418 2358 3510 2410 καὶ
3536 2358 3740 2409 ἐνστα-

2152 2478 2238 2522 σις
2274 2459 2470 2524 ἀτενὴς
2495 2460 2588 2511 καὶ
2619 2456 2986 2526 ἀμετάὸατος,
3008 2454 3207 2509 ταυτὸν
3234 2454 3278 2505 δ’
3304 2454 3504 2517 εἰπεῖν,
3529 2453 3744 2518 ἀμετά-

2152 2553 2306 2615 θετος
2331 2568 2346 2582 σ
2386 2551 2465 2603 διὸ
2495 2552 2591 2603 καὶ
2634 2548 3060 2620 ἰσχυρογνώμων
3097 2546 3299 2615 λέγοιτ’
3325 2547 3390 2600 ἂν
3419 2543 3669 2614 ἀκριϐῶς
3714 2546 3741 2596 ό

2148 2645 2308 2699 τοῦτο
2339 2645 2566 2713 πάσχων
2593 2642 2907 2714 ἄνθρωπος,
2932 2641 3027 2694 καὶ
3045 2641 3311 2710 ὲνστάτης
3338 2637 3738 2707 ἀπαραίτητος,

2151 2736 2211 2790 οὐ
2245 2737 2429 2803 μέντοι
2465 2734 2611 2787 κατὰ
2640 2734 2807 2802 φύσιν
2836 2733 3090 2800 ἀκράτως
3140 2733 3232 2783 καὶ
3260 2730 3595 2796 καταμόνας,
3658 2731 3739 2789 ὼς

2150 2826 2327 2889 οὕτως
2349 2829 2551 2891 εἰπεῖν,
2575 2825 2713 2879 ἀλλὰ
2747 2827 2887 2878 κατὰ
2912 2826 3110 2878 οἰκεῖον
3134 2823 3346 2891 θέλημα
3375 2821 3469 2875 καὶ⁵
3493 2819 3738 2892 ψυχικὴν

2154 2919 2356 2988 ὁρμὴν,
2393 2914 2459 2990 ἦς
2504 2918 2666 2980 αὐτός
2706 2918 2823 2969 ἐστι
2862 2916 3074 2987 κύριος.
3137 2914 3199 2967 Εἰ
3235 2915 3341 2984 γὰρ
3381 2913 3566 2965 καὶτὸ
3592 2911 3741 2964 κατὰ

2157 3010 2322 3080 φύσιν
2371 3008 2706 3080 μεταθέσθαι
2732 3009 2831 3062 οὐκ
2890 3007 3063 3073 ἔστιν,
3116 3006 3254 3059 ἀλλὰ
3285 3004 3352 3057 τά
3381 3003 3520 3072 μετὰ
3551 3002 3739 3070 φύσιν,

2159 3104 2252 3155 καὶ
2275 3101 2513 3171 μάλιστά
2538 3117 2595 3152 τε
2621 3104 2689 3152 τά
2718 3100 2842 3152 κατ’
2885 3098 3175 3171 ἄνθρωπον
3210 3097 3339 3168 ῥᾷον
3377 3094 3604 3148 δύναται.
3639 3112 3739 3163 με-

2158 3190 2500 3255 τατίθεσθαι,
2535 3190 2630 3242 καὶ
2673 3189 2975 3259 ὲπιμᾶ).λον
3029 3187 3098 3241 τὰ
3124 3190 3204 3249 εἰς
3243 3186 3444 3256 ἀρετὴν
3477 3185 3738 3255 ῥέποντα,

2156 3281 2225 3357 ἦς
2256 3284 2395 3355 πρὸς
2452 3283 2749 3354 ἐξόρθωσιν
2782 3284 2947 3346 αὐτὸς
2997 3283 3025 3334 ὁ
3069 3281 3203 3343 Θεὸς
3248 3279 3734 3349 ἀντιλαμϐάνεται,

2158 3377 2390 3445 ἀπάγων
2413 3378 2560 3447 ἡμᾶς
2586 3376 2686 3445 τῆς
2717 3377 2798 3438 εἰς
2832 3375 2891 3429 τὸ
2918 3374 3160 3428 ἐναντίον
3184 3371 3441 3441 σπουδῆς,
3464 3370 3624 3423 ὁποία
3653 3386 3739 3432 τις

2157 3466 2254 3520 καὶ
2284 3469 2378 3522 ἐπὶ
2405 3467 2501 3521 τοῦ
2529 3469 2835 3537 πείσματος
2864 3467 3141 3537 φαίνεται.

2232 3559 2325 3613 σε’.
2364 3559 2427 3613 Ei
2458 3560 2560 3630 μὲν
2590 3560 2700 3629 γάρ
2730 3560 2788 3612 τὸ
2814 3559 2972 3624 δόξαν
2997 3559 3091 3611 xal.
3130 3555 3483 3625 ὑποκινῆσαν
3508 3556 3601 3609 καὶ
3630 3572 3734 3606 πα-

2167 3651 2433 3718 ραπείσαν
2478 3650 2559 3714 εἰς
2621 3650 2824 3718 πρᾶξιν
2873 3649 2966 3699 τὸν
3018 3645 3306 3716 ἄνθρωπον
3364 3642 3734 3712 ἁπάνθρωπόν

2087 3773 2129 3832 C
2164 3745 2308 3805 ἐστι,
2332 3742 2428 3794 καὶ
2454 3743 2535 3803 είς
2565 3740 2718 3794 οὐδὲν
2759 3738 3035 3809 μαλθακὸν
3077 3738 3375 3802 ἐνδίδωσιν,
3400 3736 3534 3790 ἀλλὰ
3570 3735 3732 3804 σκλη-

2169 3835 2389 3903 ρύνεται
2439 3834 2520 3894 είς
2578 3832 2701 3886 ὅσον
2758 3833 2851 3883 καὶ
2905 3832 3067 3883 ὅσονο
3120 3830 3388 3895 {lito-iouia
3435 3830 3649 3890 πάντως
3696 3826 3731 3896 ἡ

2166 3927 2393 3995 τοιαύτη
2423 3927 2571 3979 ἐστὶν
2595 3923 2773 3995 ὄρεξις
2803 3922 2897 3976 καὶ
2931 3923 3230 3992 αύτονομία
3260 3922 3355 3975 καὶ
3386 3921 3533 3984 θέσις
3559 3920 3736 3990 παρά-

2168 4019 2320 4085 δοξος
2350 4019 2441 4071 ἐπὶ
2481 4016 2844 4087 φανητιασμῴ
2887 4013 2982 4067 τοῦ
3027 4011 3322 4084 τηροῦντος
3362 4012 3568 4081 ταύτην
3599 4015 3737 4081 ἁμεο

2166 4110 2463 4164 ταπείστου
2487 4110 2587 4178 τὴν
2633 4109 2833 4162 κακίαν
2864 4106 3054 4176 σοφοῦ.
3083 4107 3358 4161 Τάσσεται
3384 4106 3444 4159 δὲ
3475 4106 3536 4159 τὸ
3560 4103 3734 4158 τοιοῦ-

2167 4218 2260 4255 τον
2290 4200 2459 4262 πάθος
2492 4200 2585 4254 καὶ
2622 4201 2702 4262 είς
2749 4197 3078 4269 ἰδιοτροπίαν
3117 4197 3211 4249 καί
3250 4197 3409 4261 δόξαν
3446 4195 3631 4265 κενὴν,
3656 4188 3740 4257 οἷς

2169 4292 2264 4345 κα)⁸
2290 4291 2348 4344 τὸ
2377 4290 2723 4358 ὑπερήφανον
2748 4287 3229 4356 συναναφαίνεται.
3264 4287 3378 4341 Καὶ
3406 4286 3606 4341 αὐτίκα
3627 4283 3736 4355 χρὴ

2168 4385 2311 4437 νοεῖν
2346 4383 2516 4453 ἡμᾶς,
2558 4383 2641 4434 ὅτι
2683 4379 2925 4442 ἐναντίος
2959 4380 2987 4432 ὁ
3018 4381 3129 4443 τοῖς
3174 4378 3546 4449 ὑπερηφάνοις
3583 4378 3735 4431 ἀντιο

2166 4474 2506 4543 τασσόμενος
2536 4473 2721 4540 κύριος
2747 4471 2968 4542 ἔρχεται
3001 4469 3080 4541 τῷ
3106 4469 3335 4538 τοιούτῳ
3364 4472 3648 4537 πείσματι,
3672 4456 3733 4517 οὗ

2168 4562 2445 4633 κατῆρξεν
2489 4564 2518 4615 ὀ
2564 4560 2896 4629 Ἑωσφόρο;,
2932 4559 2990 4625 ὃς
3026 4559 3455 4630 ὑπερφαίνεσθαι
3504 4557 3733 4624 φιλονει-

2169 4655 2362 4724 κήσας,
2405 4652 2539 4706 ἀλλα
2587 4668 2647 4704 τε
2692 4653 2841 4705 δεινὰ
2888 4652 3182 4722 ἐϐρόντησε
3218 4650 3471 4715 ¹ποιῆσαι,
3500 4649 3592 4699 καὶ
3641 4642 3731 4695 τὸν

2167 4745 2330 4798 αὑτοῦ
2351 4744 2539 4814 θρόνον
2568 4744 2880 4815 ὲφρυάξατο
2903 4747 2958 4797 ὲν
2990 4744 3238 4812 νεφέλαις
3266 4740 3619 4808 καταστῆσαι,
3640 4734 3734 4788 καὶ

2165 4833 2338 4895 οὕτως
2367 4836 2553 4907 ὅμοιος
2582 4836 2802 4889 ἔσεσθαι
2830 4835 2908 4904 τῷ
2937 4834 3079 4905 Θεῷ.

2236 4925 2346 4992 ος’.
2390 4927 2634 4981 Ἐκείνου
2664 4928 2719 4980 δὲ
2749 4926 2894 4980 οὕτω
2927 4928 3212 4987 πείσαντος
3247 4919 3739 4987 ἑαυτὸν,λαϐόντες

2167 5018 2378 5073 ἐκεῖθεν
2420 5017 2592 5089 ἀρχὰς
2625 5019 2674 5071 οἱ
2721 5017 2955 5071 ἔκπαλαι
3002 5014 3403 5085 δαιμονιώδεις,
3439 5011 3543 5066 οὐκ
3589 5009 3739 5064 ἐστιν

479 5125 679 5184 potest,
729 5124 935 5186 quanto
967 5117 1149 5172 studio
1199 5133 1324 5174 eum
1379 5117 1585 5172 imitari
1651 5115 2050 5172 contenderim:

2167 5112 2364 5177 εἰπεῖν,
2401 5111 2574 5167 ὁπόσα
2615 5111 2753 5181 πρὸς
2800 5110 3032 5181 μίμησιν
3086 5107 3473 5178 ὲτεχνόισαντο,
3504 5106 3602 5174 τὴν
3640 5103 3741 5174 μὲν

475 5210 715 5265 divinam
766 5209 910 5262 enim
963 5209 1255 5264 essentiam
1281 5219 1700 5278 postponeutes,
1761 5207 2059 5261 imbecillis

479 5310 646 5368 atque
677 5298 934 5354 obscuris
979 5299 1119 5354 male
1143 5314 1265 5354 sese
1313 5299 1661 5354 tradiderunt
1683 5298 1939 5363 dominis,
1972 5312 2065 5352 eo-

478 5410 584 5462 que
620 5392 819 5449 furoris
874 5407 1048 5463 usque
1095 5408 1434 5464 processere,
1489 5404 1548 5449 ut
1591 5394 1829 5464 pessima
1890 5396 2061 5448 conli-

476 5485 665 5539 dentia
700 5485 839 5537 duce
895 5497 1059 5552 quam
1093 5483 1279 5539 nullus
1318 5494 1616 5554 praeceptor
1651 5485 1931 5553 corrigere
1961 5499 2062 5554 po-

477 5584 640 5643 tera‘t,
686 5577 931 5631 adinstar
993 5575 1196 5631 diaboli
1259 5575 1490 5631 illudere
1543 5575 1656 5631 Deo
1720 5576 2057 5632 viderentur.

476 5670 616 5724 Cum
650 5668 795 5722 enim
834 5665 1027 5733 Deum,
1079 5668 1175 5736 qni
1233 5678 1317 5723 est
1377 5667 1707 5737 principium
1775 5683 2051 5723 summum

478 5762 753 5830 simulque
781 5757 1035 5830 principii
1065 5773 1261 5831 expers
1293 5770 1347 5816 et
1381 5762 1533 5814 omni
1561 5759 1831 5831 principio
1863 5762 2050 5816 excel-

2161 5204 2346 5258 ἔνθεον
2376 5203 2650 5275 ὑπεροχὴν
2682 5203 3097 5272 παρωσάμενοι,
3128 5200 3380 5270 βεϐήλοις
3406 5198 3463 5252 δὲ
3491 5199 3588 5250 καὶ
3619 5193 3743 5248 ἁδο-

2163 5298 2348 5366 κίμοις
2393 5297 2687 5358 δεσπόταις
2742 5294 2987 5362 ἀγεννῶς
3046 5293 3442 5354 πιστεύσαντες
3488 5290 3740 5354 ἑαυτοὺς,

2163 5390 2257 5444 καὶ
2286 5392 2367 5453 εἰς
2389 5391 2545 5442 τόσον
2571 5389 2865 5449 ἐκστάντες
2895 5385 3110 5440 ἑαυτῶν
3134 5385 3227 5437 διὰ
3250 5385 3595 5452 φαυλοτάτης
3624 5398 3745 5434 πει-

2165 5481 2392 5549 σμονῆς,
2425 5474 2492 5551 ἦς
2537 5479 2638 5532 οὐκ
2680 5474 2794 5548 εῖχέ
2824 5495 2910 5539 τις
2949 5474 3271 5537 διδάσκαλος
3315 5470 3744 5542 παραγίνεσθαι,

2165 5572 2240 5633 ὠς
2269 5573 2365 5624 καὶ
2386 5571 2822 5643 μυκτηρίζεσθαι
2845 5570 2945 5638 τῆς
2973 5569 3276 5638 μιμήσεως.
3306 5564 3438 5616 θεὸν
3458 5563 3566 5632 γὰρ
3590 5565 3752 5616 άπειο

2164 5663 2420 5731 πάμενοι,
2441 5661 2538 5732 τὴν
2560 5662 2797 5732 ἄναρχον
2822 5664 2913 5715 καὶ
2933 5664 3032 5715 ὑπε
3043 5661 3266 5731 ράρχιον
3296 5658 3472 5728 ἀρχὴν
3494 5658 3592 5711 καὶ
3612 5673 3750 5709 παν-

2159 5754 2477 5823 τοδύναμον,
2509 5753 2783 5825 αἰλούροις
2842 5755 3121 5809 ἐπέδωκαν
3179 5752 3433 5815 ἑαυτοὺς.
3488 5753 3583 5803 καὶ
3636 5747 3753 5821 βοϊ-
