4090 6430
346 309 451 369 349
954 317 1048 375 DE
1090 319 1576 383 ()BEDIENTIA
1621 324 2161 386 MAGISTRATUI
2207 328 2682 389 CHRISTIANO
2726 330 3025 388 DEBITA.
3511 328 3616 390 330

336 428 471 489 ὂίοις
498 428 804 498 ἀπένειμαν
866 431 1052 494 σέϐας,
1086 433 1184 486 καὶ
1237 433 1464 490 τοιαῦτα
1517 439 1640 489 τινὰ
1695 438 1957 506 ὲμωρα-.

2061 440 2246 504 :ntius,
2303 450 2584 511 negarent,
2626 442 2819 497 felibus
2870 454 2992 495 sese
3042 439 3352 504 tradidere,
3402 450 3457 497 et
3491 451 3616 495 tan-

338 535 521 584 ναντο,
552 522 1039 588 ἀποσεμνύναντες
1069 524 1421 591 διδασκαλίας
1455 529 1578 600 δίχα
1615 544 1919 598 πεισματι-

2061 549 2120 589 os
2151 535 2459 598 coluerunt,
2511 535 2723 604 aliaque
2773 532 2973 588 similia
3007 532 3387 600 desipuerunt,
3423 535 3496 588 ita
3529 550 3611 599 ιιι,

336 613 450 675 κῶς
478 613 571 665 καὶ
606 613 856 683 κυάμους
877 619 972 668 καὶ
1000 617 1243 688 κρόμυα.

2061 626 2304 681 ominum
2345 627 2678 682 rusticorum
2716 642 2890 689 more,
2929 626 3015 680 vel
3057 625 3195 682 fabis
3247 635 3413 694 atque
3447 627 3608 697 cepis

2021 717 2181 773 litare
2244 718 2390 773 haud
2428 725 2842 775 erubescerent.

2096 810 2182 865 77.
2241 811 2311 865 lis
2349 819 2530 865 autem
2585 812 2675 882 qui
2732 814 2824 868 tali
2911 811 3242 869 conﬁdentia
3310 810 3483 865 inﬂati
3548 810 3616 864 ad

2025 906 2343 973 pravitatem
2371 904 2737 973 abripiuntur,
2773 920 2834 959 ea
2866 914 3127 970 tanquam
3164 905 3405 958 anchora
3465 901 3613 963 freti,

2024 995 2355 1050 adversatur
2394 994 2559 1057 Deus,
2597 994 2866 1064 siquidem
2912 994 3046 1047 nihil
3103 993 3251 1046 aliud
3292 991 3398 1045 illis
3457 985 3615 1044 cordi

2029 1097 2111 1141 est
2163 1086 2271 1140 nisi
2332 1093 2393 1140 ut
2447 1086 2724 1139 hominem
2781 1084 2928 1140 male
2987 1083 3333 1152 praecipitent
3386 1081 3618 1151 ejusqoe

342 1181 454 1226 κως
488 1162 803 1234 ἄνθρωπον,
839 1168 935 1221 καὶ
974 1169 1297 1240 ἐμπηδῆσαι
1335 1173 1670 1236 πεπτωκότι,
1700 1174 1797 1227 καὶ
1843 1172 1924 1225 si-

2061 1177 2202 1231 ltilth
2233 1177 2563 1251 insultantes
2610 1176 2796 1231 dicere
2832 1176 3073 1244 possint:
3103 1172 3182 1228 En
3220 1172 3416 1226 misere
3440 1170 3615 1240 jaees,

343 1260 504 1311 πεῖν·
567 1276 587 1310 ι
637 1259 953 1349 Κατάκεισο
1004 1261 1180 1327 οὕτως
1238 1263 1534 1337 ἀνέγερτος
1580 1286 1599 1319 ι
1647 1265 1788 1320 Ἀλλ’
1834 1267 1925 1319 ὅτε

2061 1284 2309 1340 ιυηιιυιιιιι
2347 1267 2642 1338 resurges!
2679 1264 2782 1321 Uhi
2848 1281 2978 1321 vero
3023 1265 3232 1320 invenit
3290 1263 3475 1335 (Deus)
3510 1263 3619 1315 ali-

342 1351 469 1404 τινά
499 1351 728 1422 εὑρήσει
758 1353 1085 1424 κυρώσαντα
1116 1358 1175 1409 ὲν
1200 1358 1397 1428 ἑαυτῷ,
1426 1359 1487 1413 οὐ
1516 1362 1724 1427 πεῖσμα
1746 1359 1927 1425 λέγειν

2072 1378 2191 1417 uem
2264 1361 2358 1431 qui
2419 1375 2599 1429 neque
2652 1358 2987 1413 conlidentia
3053 1372 3230 1426 neque
3307 1354 3619 1424 arrogantia

346 1440 600 1513 ὲθέ).ω,ῆ
638 1447 1021 1516 πεισμονικὴν,
1061 1448 1129 1500 τὰ
1163 1446 1466 1516 ξενόφωνα,
1495 1448 1718 1513 πειθοῦς
1750 1450 1807 1503 δὲ
1833 1450 1930 1503 τύ-

2061 1454 2305 1514 ιιιιιιξερὶι,
2342 1451 2438 1507 sed
2490 1451 2688 1506 liducia
2758 1451 3005 1513 honesta,
3081 1446 3362 1513 laudabili,
3440 1448 3617 1508 ﬁrma,

347 1550 518 1602 πωμα
573 1534 737 1589 καλόν
788 1537 972 1593 ἐκεῖνο
1021 1543 1116 1595 καὶ
1156 1542 1499 1610 μακαριστὸν
1529 1542 1625 1595 καὶ
1668 1540 1930 1609 θεοφιλῶς

2061 1558 2363 1598 nconcussa
2408 1541 2705 1596 secundum
2743 1539 2838 1594 Dei
2887 1539 3222 1594 voluntatem
3278 1537 3475 1607 plenus
3510 1544 3618 1598 est,

348 1625 595 1691 ἀσφαλὲς
628 1628 726 1682 καὶ
770 1628 1011 1699 βέϐαιον,
1043 1632 1245 1687 αὐτίκα
1276 1635 1413 1703 πρὸς
1454 1635 1666 1686 ἐκείνου
1696 1635 1928 1703 γίνεται,

2061 1650 2158 1689 ιιιιη
2199 1633 2447 1704 protinus
2476 1632 2724 1699 adjuvat,
2771 1632 2825 1685 in
2859 1630 3078 1685 virtutis
3131 1629 3406 1683 tramitem
3445 1626 3621 1681 dedu-

348 1718 448 1771 καὶ
476 1719 617 1788 πρὸς
652 1720 853 1791 ἀρετὴν
879 1723 1075 1784 εὐοδοῖ.
1099 1724 1190 1777 καὶ
1238 1724 1603 1792 ἀσφαλίζεται
1636 1726 1706 1779 τὰ
1740 1725 1930 1795 διαϐή-

2061 1727 2136 1794 :it,
2191 1740 2418 1795 gressus
2453 1723 2726 1794 ejusmodi
2771 1723 3011 1778 hominis
3043 1720 3355 1785 conﬁrmat,
3388 1719 3621 1783 laqueos

354 1829 505 1879 ματα
546 1814 645 1867 τοῦ
693 1817 938 1870 τοιούτου
984 1818 1297 1888 ἀνθρώπου,
1331 1820 1426 1873 καὶ
1455 1817 1555 1886 τὴν
1582 1820 1641 1872 ὲν
1673 1820 1930 1889 σχοινίοις

2061 1834 2104 1874 ic
2167 1818 2304 1872 retia
2338 1816 2461 1885 ejus
2490 1815 2719 1885 pedibus
2752 1813 3096 1868 imminentia
3124 1811 3190 1865 ad
3215 1810 3442 1866 nihilum
3478 1811 3627 1864 redi-

409 792 507 853 oC’.
558 793 669 846 Καὶ
721 793 867 849 οὕτω
922 796 1023 864 μὲν
1077 802 1190 861 τοῖς
1242 801 1520 855 πείθουσιν
1570 803 1798 865 ἑαυτοὺς
1841 806 1920 868 εἰς

341 884 660 955 φαυλότητα
691 886 1064 958 ὑπερηφάνως
1101 892 1159 959 ἐξ
1184 893 1653 965 ἀποτελέσματος,
1688 899 1781 950 καί
1811 914 1922 950 τοι·

340 980 499 1034 οὖτον
527 982 739 1049 πεῖσμα
765 983 1293 1055 κατακλωσαμένοις
1321 988 1674 1057 ἀντιφέρεται
1711 991 1738 1039 ὁ
1767 990 1918 1051 θεὸς.

340 1065 424 1135 οἷς
457 1069 516 1124 ἓν
549 1070 710 1126 τοῦτο
743 1074 838 1126 καὶ
869 1076 1032 1144 μόνον
1054 1076 1144 1130 διὰ
1180 1078 1409 1143 σκοποῦ,
1441 1078 1781 1151 καταρῤίψαι
1810 1080 1924 1133 ἁδί-

349 1904 770 1979 διατεινομένην
794 1910 997 1977 παγίδα
1034 1913 1148 1973 τοῖς
1183 1911 1393 1964 ἐκείνου
1431 1913 1559 1965 ποσὶ
1614 1910 1819 1981 σχάσας
1851 1910 1930 1973 εἰς

352 1999 745 2072 ἀνενέργητον,
780 2004 882 2056 κᾶν
917 2002 1212 2076 βηματίζῃ,
1238 2004 1373 2073 ὀρθὰ
1410 2006 1556 2058 ποιεῖ
1587 2001 1935 2074 προπορεύε-

359 2091 508 2156 σθαι,
539 2094 644 2146 κᾶν
666 2094 840 2148 ἐθέλοι
865 2097 1107 2166 τρέχειν,
1138 2096 1466 2150 ἑκπέτεσθαι
1503 2098 1664 2160 ποιεῖ,
1691 2093 1766 2158 ὡς
1798 2094 1935 2164 ταχὺ

360 2186 737 2252 λαμῦάνεσοαι
767 2187 863 2242 τοῦ
899 2192 957 2241 ἐν
995 2189 1186 2257 ἐφέσει
1222 2189 1413 2245 καλοῦ.
1458 2190 1577 2243 Κᾶν
1607 2188 1829 2241 ἑστάναι
1854 2186 1940 2239 δε-

358 2282 507 2348 ήσοι,
531 2282 629 2334 οὐκ
661 2281 728 2335 ἂν
753 2282 866 2335 οὐδ’
889 2282 1053 2347 αὐτὸς
1081 2283 1289 2352 δαίμων
1320 2282 1674 2336 ὐποσκελίσοι
1700 2282 1793 2333 τὸν
1831 2298 1940 2334 τοι·

356 2373 538 2439 οὖτον,
568 2375 645 2438 ὡς
679 2374 815 2428 Θεοῦ
848 2375 1140 2445 ἄνθρωπον
1187 2376 1282 2429 καὶ
1331 2375 1638 2428 πεποιθότα
1670 2374 1752 2435 είς
1796 2373 1941 2425 ἐκεῖ·

357 2485 476 2537 νον,
508 2468 603 2521 καὶ
651 2466 829 2532 οὕτως
874 2469 1216 2537 ἀνεστηκότα
1265 2466 1341 2530 ὡς
1379 2470 1460 2531 είς
1491 2467 1614 2537 ὅρος
1659 2465 1819 2529 Σιὼν,
1847 2465 1942 2519 καὶ

355 2558 437 2619 ὡς
475 2557 627 2613 οἷκον
656 2558 713 2612 δὲ
761 2559 900 2614 Θεοῦ
955 2560 1452 2630 τεθεμελιωμένον,
1493 2558 1640 2612 καθά
1677 2558 1738 2612 τὸ
1787 2558 1944 2625 ἅγιον

357 2652 699 2721 Εὐαγγέλιον
734 2652 1010 2723 βούλεται,
1046 2656 1141 2706 καὶ
1190 2654 1291 2706 οὐκ
1320 2653 1500 2706 εἰδότα
1532 2650 1942 2714 κατασείεσθαι,

357 2747 394 2817 ἢ
425 2747 666 2815 ἀνέμοις,
689 2745 765 2810 ὡς
789 2740 879 2799 οἷα
906 2746 1232 2814 καλάμινον,
1263 2745 1295 2809 ἦ
1330 2745 1746 2814 καταράσσουσι
1776 2759 1947 2795 ποτα-

364 2845 513 2909 μοῖς,
535 2840 613 2903 ὡς
654 2836 742 2893 οἷα
776 2841 870 2893 ἐπὶ
902 2839 1135 2909 ψάμμου
1166 2840 1199 2910 ἢ
1235 2841 1442 2909 πέτρας
1490 2838 1827 2908 ἀστηρίκτου
1862 2852 1948 2888 τε-

363 2931 798 3003 θεμελιωμένον,
858 2932 1226 3003 μετριώτερον
1259 2931 1316 2984 δὲ
1371 2929 1563 2999 φάναι,
1607 2931 1701 2983 καὶ
1755 2929 1948 2982 στόλου

361 3027 524 3096 δίκην
559 3025 956 3092 ἀνεσταμένον,
994 3023 1119 3078 οὔτε
1151 3024 1476 3090 πλαγιάζειν
1524 3023 1639 3075 οἴου
1666 3039 1727 3074 τε
1774 3019 1949 3084 ὄντος,

2042 1913 2137 1982 git,
2169 1917 2225 1966 et
2257 1917 2477 1966 euntem
2539 1908 2594 1962 in
2628 1916 2774 1961 recta
2802 1906 2888 1962 via
2971 1913 3275 1969 conservat,
3317 1910 3625 1958 currentem

2042 2014 2223 2059 autem
2260 2011 2522 2070 tanquam
2575 2001 2678 2055 alis
2709 2000 2897 2064 donat,
2935 2008 2995 2053 ut
3025 2011 3191 2068 quam
3221 1996 3507 2051 celerrime
3541 1998 3609 2050 ad

2043 2098 2204 2150 ﬁnem
2235 2094 2440 2149 bonum
2476 2093 2772 2164 pertingat.
2806 2091 2863 2145 Si
2894 2098 3076 2145 autem
3133 2088 3392 2143 standum
3439 2088 3628 2151 fuerit,

2042 2204 2113 2243 ne
2141 2190 2254 2258 ipse
2278 2185 2496 2257 quidem
2529 2185 2777 2240 diabolus
2798 2199 2924 2239 eum
2958 2181 3347 2253 supplantabit;
3378 2191 3462 2236 εει
3483 2181 3630 2235 enim

2046 2281 2212 2336 homo
2240 2281 2335 2335 Dei
2368 2279 2423 2333 in
2450 2293 2626 2349 eoque
2657 2277 2907 2333 ﬁduciam
2960 2276 3216 2341 collocat,
3243 2275 3318 2330 ita
3351 2273 3509 2343 quasi
3574 2273 3631 2325 ia

2049 2386 2233 2431 monte
2290 2372 2421 2429 Sion
2473 2371 2806 2427 constitutus
2867 2370 2961 2434 sit,
3027 2375 3082 2423 et
3128 2376 3388 2436 tanquam
3438 2364 3634 2420 domus

2049 2471 2168 2534 Dei,
2226 2468 2304 2522 uti
2347 2474 2596 2523 sanctum
2650 2462 3001 2535 Evangelium
3043 2460 3140 2525 ait,
3206 2458 3379 2513 ﬁrmis
3440 2456 3628 2512 innixa

2051 2559 2443 2624 fundamentis,
2515 2571 2793 2627 nunquam
2834 2553 3203 2618 concutiatur,
3257 2566 3431 2621 neque
3503 2564 3634 2618 pro-

2053 2655 2228 2718 cellis,
2281 2665 2341 2708 ut
2396 2652 2631 2716 arundo,
2668 2663 2848 2719 neque
2904 2646 3231 2701 torrentium
3264 2644 3493 2712 impetu,
3546 2644 3625 2697 uti

2056 2749 2253 2803 domus
2300 2762 2464 2816 super
2533 2759 2700 2799 arena
2758 2751 2854 2797 aut
2918 2741 2974 2795 iu
3041 2753 3177 2809 rupe
3244 2738 3387 2792 haud
3462 2737 3637 2793 solida

2055 2840 2302 2905 fundata,
2335 2837 2430 2894 sed
2482 2852 2605 2907 quae
2648 2836 2832 2906 potius
2863 2833 3123 2904 persistat
3171 2831 3439 2887 columna:
3467 2830 3640 2884 instar

2058 2950 2181 3006 quae
2238 2947 2416 3002 neque
2462 2929 2741 2992 inclinari,
2802 2927 3002 2981 nedum
3067 2923 3228 2994 dejici
3282 2931 3481 2992 potest,
3531 2922 3640 2978 into

2060 3029 2310 3100 quemvis
2352 3027 2615 3095 impetum
2648 3022 2865 3077 fortiter
2924 3032 3118 3075 arcere
3147 3031 3212 3073 ac
3243 3016 3505 3082 repellere
3540 3029 3640 3070 va-

366 3119 557 3191 πολλῷ
582 3121 639 3174 δὲ
673 3119 877 3190 μᾶλλον
908 3119 1030 3173 οὐδὲ
1065 3117 1459 3180 καταπίπτειν,
1491 3116 1630 3169 ἀλλά
1670 3114 1768 3169 καὶ
1794 3114 1951 3167 δυνα-
1984 3152 2032 3215 c
2064 3123 2137 3177 ιει
2163 3159 2178 3174 ,

368 3215 537 3286 μένου
572 3215 809 3284 ἰσχυρῶς
841 3213 1136 3282 ὑπανέχειν
1167 3212 1229 3264 τὸ
1258 3209 1640 3280 ἐπικείμενον.

439 3314 545 3377 οη’.
575 3307 943 3378 Προκείμενος
973 3304 1038 3374 δὴ
1063 3306 1091 3356 ό
1116 3304 1248 3368 Θεὸς
1288 3303 1465 3358 ἆπασι
1494 3304 1608 3365 τοῖς
1638 3299 1952 3369 ἀνθρώποις

367 3403 452 3466 είς
483 3401 663 3454 αἰτίαν
700 3399 797 3452 καὶ
826 3396 1005 3468 ἀρχὴν
1054 3397 1151 3450 καὶ
1183 3393 1544 3467 παράδειγμα
1574 3392 1955 3463 (προσκυνητὰ

366 3493 429 3548 δὲ
462 3491 640 3547 ταῦτα
672 3493 731 3546 ὲν
755 3488 906 3557 αὐτῷ
942 3489 1168 3557 πάντα),
1200 3487 1297 3540 καὶ
1349 3484 1560 3547 ἔπεισε,
1607 3482 1703 3537 καὶ
1750 3479 1955 3535 πείθων

368 3587 436 3640 οὐ
462 3584 734 3641 διαλείπει
763 3584 891 3646 τοὺς
919 3584 1000 3646 εἰς
1040 3580 1205 3635 αὐτὸν
1239 3578 1678 3642 ἀποϐλέποντας,
1702 3574 1957 3644 στερεοὺς

372 3678 519 3736 εἶναι
543 3680 639 3734 καί⁸
662 3676 917 3749 βεϐαίους
950 3678 1095 3731 κατά
1133 3675 1235 3744 τῆς
1283 3673 1508 3737 κακίας,
1549 3671 1647 3726 καὶ
1677 3667 1959 3739 ἀμεταόά-

372 3790 504 3836 τους
540 3771 635 3826 τοῦ
669 3770 1102 3840 ἀγαθοπραγεῖν,
1143 3767 1241 3821 καὶ
1291 3765 1436 3827 οἴους
1488 3762 1628 3816 ἄλλα
1676 3778 1735 3813 τε
1783 3760 1959 3812 ποιεῖν

374 3863 775 3935 εὖαγγελικῶς,
809 3862 908 3916 καὶ
940 3863 1229 3932 μιμεῖσθαι
1255 3858 1416 3913 αὑτὸν
1439 3858 1519 3920 είς
1552 3857 1677 3909 ὅσον
1703 3852 1957 3922 δύναμις,

374 3957 477 4011 καὶ
506 3954 794 4026 ὁμολογεῖν
843 3954 1052 4006 ἐκεῖνον
1086 3950 1320 4005 ἐνώπιον
1370 3947 1482 4001 τῶν
1532 3944 1858 4015 ἀνθρώπων.
1902 3942 1963 3996 Ὀ

376 4050 436 4105 δέ
472 4066 537 4116 γε
573 4050 846 4114 Σατανᾶς,
875 4046 1069 4100 καθότι
1118 4042 1526 4112 ἀντικείμενος,
1549 4040 1649 4109 τῆς
1686 4035 1965 4092 ἀνάπαλιν

378 4141 676 4204 διαθέσεως
721 4140 816 4193 καὶ
855 4138 1030 4200 αἴτιος
1074 4137 1169 4191 καὶ
1200 4135 1467 4203 ὲνστάτης
1505 4131 1647 4195 ἐστὶ,
1676 4143 1966 4196 κακοπρα-

381 4236 504 4303 γείν
538 4249 599 4286 τε
630 4232 836 4286 πείθων
869 4232 996 4294 τοὺς
1046 4228 1195 4298 αὑτῷ
1270 4225 1734 4296 προσανέχοντας,
1767 4220 1862 4275 καὶ
1910 4219 1970 4281 ἐς

380 4327 449 4381 τὸ
480 4327 591 4381 πᾶν
618 4325 872 4395 γίνεσθαι
903 4324 1050 4377 κατά
1082 4320 1178 4377 τοῦ
1217 4319 1376 4374 Θεοῦ.

458 4590 561 4648 οϐ’.
594 4591 703 4644 Καὶ
736 4589 867 4652 ίδοὺ,
898 4586 996 4640 δύο
1022 4585 1231 4640 τούτων
1278 4578 1625 4652 ίδιοτροπιῶν
1656 4576 1749 4631 καὶ
1777 4574 1968 4630 ἐνστά-

388 4705 537 4743 σεων
564 4688 598 4756 ὴ
635 4685 734 4756 μὲν
760 4682 940 4753 φαύλη
966 4681 1094 4744 τοὺς
1128 4675 1566 4746 ποικιλοτρόπως
1590 4668 1969 4742 δαιμονιώδεις

386 4782 469 4853 τῷ
507 4780 608 4851 βίῳ
638 4775 1107 4845 παρειστήγαγεν,
1128 4772 1162 4842 ἡ
1196 4769 1253 4822 δὲ
1279 4768 1508 4838 δευτέρα
1535 4766 1660 4829 τοὺς
1700 4765 1972 4834 ἡγιασμέο

388 4889 516 4936 νους
553 4869 634 4940 τῷ
664 4867 787 4938 Θεῷ
817 4865 1207 4937 παρεστήσατο
1239 4858 1509 4931 ἀσκητὰς,
1551 4856 1678 4919 τοὺς
1706 4857 1807 4923 τῆς
1839 4855 1974 4924 ἐρή-

394 4984 526 5037 μου,
548 4964 674 5026 τοὺς
705 4959 983 5024 στυλίτας,
1004 4957 1132 5020 τοὺς
1154 4956 1424 5027 χωστοὺς,
1448 4953 1574 5011 τοὺς
1598 4949 1975 5019 ὲγκλείστους,

390 5058 523 5122 τοὺς
552 5053 864 5117 πολιτικοὺς
900 5049 1220 5112 παιδευτὰς,
1255 5047 1383 5109 τοὺς
1412 5044 1523 5098 τῶν
1547 5041 1737 5115 ψυχῶν
1762 5042 1977 5102 ἀτενεῖς

393 5148 762 5223 θεραπευτὰς,
808 5147 936 5209 τοὺς
1005 5142 1117 5197 τῶν
1183 5137 1669 5210 ὲξαγορευομένων
1726 5130 1978 5205 ψυχικῶν

392 5242 734 5316 τραυμάτων
775 5238 1027 5309 ίατῆρας,
1058 5235 1151 5298 οὓς
1182 5233 1397 5302 ἀνάγκη
1419 5232 1515 5285 καὶ
1541 5227 1691 5301 ξυρῷ
1721 5228 1819 5282 καὶ
1844 5241 1980 5280 καυ-

392 5339 526 5408 τῆρι
558 5333 820 5406 χρῆσθαι,
844 5331 937 5384 ὅτε
982 5326 1301 5399 παραπέσοι
1336 5324 1551 5394 καιρὸς,
1597 5322 1723 5383 τοὺς
1757 5320 1867 5373 τῶν
1900 5316 1979 5370 ἔτι

397 5427 799 5501 κρυπτομένων
831 5422 1154 5495 ὲρευνητάς,
1196 5420 1325 5482 τοὺς
1354 5417 1466 5470 εἴτε
1514 5413 1836 5481 ἀτέγκτους,
1869 5409 1983 5463 εἴτε

397 5518 778 5592 διακριτικοὺς
829 5516 941 5571 τῶν
1012 5509 1457 5580 ἀναιδευομένων
1512 5505 1807 5568 κολαστὰς,
1855 5503 1984 5565 τοὺς

399 5613 872 5673 ἔπανασώσαντας
919 5611 1030 5672 τοῖς
1084 5604 1443 5678 ἠδικημένοις
1495 5602 1641 5654 ᾶπαν
1690 5598 1983 5668 ἅρπαγμα,

401 5708 533 5771 τοὺς
575 5706 668 5761 καὶ
698 5701 1108 5773 φιλανθρώπως
1137 5699 1233 5753 καὶ
1272 5696 1447 5757 ἄλλως
1478 5695 1537 5748 δὲ
1568 5693 1795 5755 δικαίως
1826 5690 1986 5756 ἐλέγ-

409 5814 632 5874 χοντας,
656 5795 744 5867 ἐφ’
775 5788 856 5860 οἷς
887 5793 1189 5865 ἐνδέχεται,
1216 5790 1344 5855 τοὺς
1390 5786 1769 5854 ὀνειδίζοντας,
1799 5781 1885 5852 ἐφ’
1907 5776 1987 5844 οἷς

2126 3299 2215 3353 78.
2236 3298 2377 3352 Deus
2402 3295 2566 3366 igitur
2580 3291 2673 3363 qui
2694 3289 2949 3346 omnibus
2962 3286 3281 3341 hominibus
3300 3294 3353 3339 et
3371 3299 3538 3340 causa
3551 3298 3643 3339 ex-

2056 3393 2203 3450 sistit
2233 3401 2287 3447 et
2315 3387 2643 3461 principium
2673 3391 2729 3439 et
2752 3381 3030 3450 exemplar
3065 3380 3205 3451 (haec
3238 3377 3423 3434 omnia
3454 3384 3638 3432 autem

2058 3488 2114 3542 in
2163 3498 2229 3541 eo
2281 3493 2409 3539 sunt
2454 3476 2832 3545 adoranda),
2871 3483 2925 3529 et
2989 3474 3240 3527 hortatus
3300 3480 3407 3533 est,
3441 3479 3494 3524 et
3518 3483 3645 3538 per.

2058 3587 2227 3651 petuo
2270 3576 2523 3630 hortatur
2579 3584 2677 3627 eos
2753 3569 2847 3638 qui
2931 3566 2998 3622 ad
3057 3566 3234 3634 ipsum
3310 3562 3643 3633 respiciunt,

2060 3681 2119 3727 ut
2175 3668 2319 3725 ﬁrmi
2386 3672 2813 3733 constantesque
2858 3661 2971 3715 sint
3017 3659 3070 3713 in
3131 3672 3314 3731 pugna
3375 3657 3641 3714 adversus

2063 3762 2486 3833 improbitatem,
2532 3767 2590 3813 et
2649 3761 3060 3827 perseverantes
3101 3752 3155 3806 in
3219 3750 3457 3815 virtute,
3508 3750 3649 3805 vita.

2062 3872 2170 3927 que
2221 3854 2288 3909 ad
2339 3850 2616 3921 Evangelii
2666 3862 2912 3903 normam
2955 3845 3252 3914 composita
3315 3846 3494 3914 ipsum
3551 3857 3650 3913 pro

2063 3947 2251 4003 virhus
2275 3945 2559 3999 imitentur
2586 3949 2750 4010 atque
2774 3952 2959 3995 coram
2986 3936 3310 3992 hominibus
3341 3935 3649 3992 conﬁtean-

2066 4048 2176 4095 tur.
2208 4038 2418 4094 Contra
2452 4032 2706 4095 Satanas,
2733 4040 2920 4101 utpote
2962 4027 3338 4091 adversarius,
3383 4027 3650 4097 oppositae

2071 4128 2379 4186 aﬁectionis
2429 4135 2622 4180 auctor
2658 4133 2745 4179 est
2792 4120 3219 4191 instigatorque,
3270 4131 3368 4173 eos
3430 4117 3524 4187 qui
3582 4115 3651 4170 ab

2072 4223 2250 4294 ipsius
2286 4220 2536 4292 partibus
2565 4224 2713 4274 stant
2764 4215 3077 4286 impellens,
3130 4221 3191 4267 ut
3242 4210 3504 4266 malitiam
3566 4221 3654 4263 se-

2073 4321 2311 4383 quantur
2362 4318 2418 4365 et
2468 4308 2525 4363 in
2578 4307 2838 4362 omnibus
2894 4302 3058 4359 rebus
3100 4300 3213 4355 Deo
3269 4298 3652 4354 adversentur.

2145 4571 2234 4626 79.
2259 4570 2338 4625 En
2363 4568 2470 4624 duo
2499 4566 2626 4622 vitae
2656 4560 3011 4621 instituendas
3041 4557 3455 4629 dirigendwquc
3478 4554 3650 4610 modi.

2072 4668 2228 4723 Prior
2258 4671 2499 4734 itemque
2537 4661 2713 4717 maius
2743 4674 2837 4715 eos
2871 4658 2967 4727 qui
3006 4670 3035 4710 a
3072 4652 3214 4708 malo
3276 4650 3436 4720 genio
3485 4648 3659 4716 inspi-

2079 4769 2274 4817 rantur
2291 4756 2360 4813 ad
2389 4756 2516 4812 vitae
2537 4753 2787 4810 turbines
2809 4747 3051 4807 deducit.
3073 4745 3227 4801 Alter
3251 4757 3348 4798 eos
3409 4741 3503 4812 qui
3537 4738 3651 4793 Deo

2075 4867 2196 4909 sese
2213 4855 2627 4912 consecrarunt,
2658 4842 2838 4898 reddit
2867 4847 3106 4901 ascetas.
3140 4834 3425 4899 eremitas,
3493 4829 3656 4901 styli-

2077 4956 2185 5012 tas,
2210 4934 2911 5002 subterraneos,inclusos,
2939 4931 3201 4986 doctores
3219 4924 3492 4997 publicos,
3518 4933 3659 4977 stre-

2075 5054 2218 5095 nuos
2244 5035 2550 5092 animarum
2580 5039 2890 5092 curatores,
2917 5022 3209 5078 vulnerum
3239 5016 3440 5073 animae
3477 5027 3658 5069 enun-

2077 5135 2343 5189 tiatorum
2367 5127 2632 5190 medicos,
2665 5123 2761 5195 qui
2785 5117 3009 5191 quando
3033 5119 3406 5186 opportunum
3441 5107 3659 5163 videtur

2081 5224 2305 5282 cultello
2330 5229 2385 5277 et
2415 5217 2665 5275 cauterio
2697 5212 2780 5270 uti
2807 5212 3048 5276 debent;
3076 5219 3242 5278 porro
3296 5215 3487 5258 eorum
3537 5213 3661 5265 qua

2081 5318 2261 5372 adhuc
2280 5311 2492 5370 occulta
2520 5314 2648 5365 sunt
2701 5305 3070 5375 indagatores,
3127 5295 3503 5366 improbitatis
3563 5298 3660 5346 aut

2080 5420 2304 5464 severos
2336 5412 2431 5459 aut
2461 5401 2759 5456 clementes
2792 5392 3060 5455 vindices,
3096 5403 3286 5444 eorum
3311 5386 3403 5457 qui
3464 5383 3664 5449 injuste

2084 5498 2305 5571 spoliati
2333 5502 2462 5552 sunt
2493 5491 2833 5554 defensores,
2887 5487 3159 5541 humanos
3210 5479 3502 5550 iustusque
3562 5490 3662 5546 pro

2087 5602 2335 5659 tempore
2361 5591 2741 5654 coargutores,
2771 5594 2870 5633 nec
2900 5591 3013 5631 non
3048 5573 3144 5629 ubi
3176 5585 3314 5641 opus
3336 5579 3441 5632 est,
3475 5579 3661 5637 repre-

2089 5656 2377 5743 hensores,
2414 5674 2479 5730 ad
2506 5671 2727 5727 virtutis
2772 5665 3014 5725 studium
3059 5656 3488 5731 promovendum
3548 5667 3666 5707 mo-

2092 5776 2332 5843 nitores,
2364 5769 2431 5827 ad
2477 5766 2802 5838 probitatem
2838 5754 3186 5818 excitandam
3246 5749 3664 5818 vituperatores,
