4090 6414
480 340 580 407 3ῖι1

1194 333 1619 395 EUSTATllll
1663 333 2054 394 TIiESSAl.G

2166 335 2426 394 IENSIS
2467 331 3039 412 ΜΕΤΒΟΡΟῌΤΑΞ

3656 330 3762 393 352

486 465 551 513 ad
578 466 799 527 peccata
831 454 1059 511 delenda
1101 453 1498 523 speculatores,
1525 452 1592 505 ad
1635 451 1759 505 vitae
1793 451 2054 520 spiritua-

2168 454 2366 526 χρεὼν,
2424 454 2554 516 τοὺς
2617 452 2997 521 εὐλογοῦντας,
3042 450 3118 513 ὡς
3171 448 3643 519 θαρσοποιεῖν’τά
3679 452 3762 513 είς

482 550 551 604 lis
581 552 917 603 incrementa
952 545 1329 615 instigatores,
1356 550 1411 597 et
1431 554 1488 596 nt
1515 558 1623 596 uno
1653 543 1823 597 verbo
1851 543 2054 607 dicam,

485 643 792 695 animarum
815 638 995 709 quoad
1031 640 1195 690 vitam
1222 647 1280 691 et
1343 635 1598 704 spiritum
1645 644 1953 700 curatores,
2006 645 2063 689 ct

481 733 626 801 quod
651 746 924 787 suunnum
959 738 1063 793 est,
1107 729 1296 785 beatos
1330 727 1425 781 Dei
1460 726 1834 791 confcssores,
1901 742 2063 797 quos,

482 828 609 897 'quia
641 828 845 881 sanctis
875 825 1162 895 apostolis,
1196 833 1248 878 et
1270 822 1521 891 antiquae
1549 820 1677 891 legi,
1711 830 1839 875 ante
1885 822 2067 874 omnia

483 930 665 974 autem
699 918 807 973 Deo
842 919 933 988 qui
957 918 1213 988 princeps
1241 923 1327 972 est
1352 914 1603 970 veritatis
1629 914 1806 979 testis,
1835 921 1889 967 et
1912 911 2072 966 Chri-

2171 548 2399 617 ἀρετὴν,
2470 545 2598 609 τοὺς
2645 544 3083 615 ἐπιπλήττοντας
3141 544 3224 605 είς
3272 541 3581 613 διόρθωσιν,
3635 542 3761 605 τοὺς

2174 638 2593 708 ἐπιτηροῦντας,
2613 638 2689 701 ὡς
2711 635 3114 691 ἀνακόπτεσθαι
3137 634 3205 689 τὰ
3228 635 3600 705 ἁμαρτητικὰ,
3631 634 3762 696 τοὺς

2173 729 2587 796 λογιστεύοντας
2647 728 3042 798 πνευματικῶς
3089 727 3157 780 τά
3209 726 3481 797 πρακτέα,
3527 727 3587 780 τὸ
3649 728 3761 779 πᾶν

2178 822 2461 893 ἐπιτόμως
2485 822 2682 887 εἰπεῖν,
2715 823 2845 885 τοὺς
2873 820 2982 875 τῶν
3015 820 3209 891 ψυχῶν
3245 819 3603 890 ἐπιμελητὰς,
3628 821 3760 883 τούς

2181 931 2242 967 τε
2278 917 2419 970 κατά
2455 915 2588 987 βίον,
2613 916 2708 969 καὶ
2732 915 2848 969 ὅσοι
2883 931 2944 967 τε
2975 911 3152 976 ἄλλως
3184 910 3282 965 τοῦ
3334 910 3672 981 πνεύματος,
3700 912 3761 964 τὸ

481 1023 566 1067 sto
603 1011 873 1066 Salvatori
908 1012 1070 1067 ﬁdem
1111 1009 1355 1064 habuere
1401 1018 1566 1078 atque
1596 1006 1651 1061 in
1716 1004 2054 1060 sanctissima

2175 1009 2396 1062 πάντων
2439 1011 2626 1079 μεῖζον
2656 1009 2855 1073 είπεῖν,
2876 1008 3004 1072 τοὺς
3041 1005 3334 1078 μακαρίως
3355 1006 3431 1075 τῷ
3453 1004 3574 1076 Θεῷ
3610 1022 3757 1076 μαριο

478 1105 585 1158 llde
610 1104 918 1172 perstitere,
962 1116 1157 1158 servos
1184 1101 1278 1156 Dei
1310 1100 1547 1156 reddidit
1592 1099 1840 1170 ipsorum
1875 1094 1942 1150 de
1968 1094 2063 1149 illo

479 1196 759 1251 confessio
792 1206 845 1250 et
865 1194 1264 1258 testimonium,
1290 1203 1345 1250 et
1369 1207 1518 1248 mors
1558 1207 1658 1263 pro
1683 1190 1775 1245 illo
1837 1191 2064 1244 tolerata

477 1304 599 1356 qn.e
628 1287 874 1342 omnium
910 1301 1092 1342 rerum
1127 1286 1369 1342 maxime
1410 1283 1681 1340 horrenda
1707 1293 1872 1353 atque
1899 1280 2067 1336 diris-

480 1378 622 1436 sima
647 1389 754 1435 est.

2171 1105 2542 1172 τυρήσαντας,
2571 1100 2667 1164 οὓς
2689 1100 3016 1164 πεισθέντας
3047 1102 3161 1160 τοῖς
3194 1097 3376 1167 ἁγίοις
3407 1097 3756 1163 ἀποστόλοις,

2172 1194 2270 1246 καὶ
2305 1195 2412 1264 πρό
2446 1211 2510 1263 γε
2550 1194 2730 1249 αὐτῶν
2762 1197 2829 1266 τῇ
2886 1193 3018 1267 ἁγίᾳ
3061 1193 3272 1263 παλαιᾷ
3325 1191 3641 1263 νομοδοσίᾳ.
3675 1193 3755 1244 εὶ-

2171 1286 2297 1337 πεῖν
2334 1285 2391 1340 δὲ
2417 1287 2478 1339 τὸ
2510 1288 2868 1356 σεμνότατον,
2898 1289 2979 1355 τῷ
3028 1285 3467 1358 πρωτομάρτυρι
3494 1286 3597 1353 τῆς
3627 1284 3761 1346 ἀλη-

2171 1372 2322 1440 θείας
2351 1375 2429 1447 τῷ
2460 1377 2601 1446 Θεῷ,
2632 1376 2710 1449 τῷ
2745 1378 2952 1450 σωτῆρι
2986 1376 3232 1449 Χριστῷ,
3266 1377 3358 1430 καὶ
3386 1374 3758 1447 ἐμμείναντας

482 1474 549 1543 τῇ
579 1472 859 1545 ἁγιωτάτῃ
889 1472 1069 1526 πειθοῖ
1090 1470 1408 1543 ᾠκειώσατο
1434 1474 1513 1536 είς
1544 1470 1890 1542 θεράποντας
1917 1468 1994 1538 τῷ
2030 1467 2153 1538 Θεῷ
2194 1471 2223 1539 ἡ
2276 1469 2416 1540 ὑπὲρ
2465 1472 2672 1526 ἐκεῖνον
2725 1474 3003 1543 ὁμολογία,
3034 1474 3128 1528 καὶ
3175 1472 3476 1544 μαρτυρία,
3507 1478 3605 1525 καὶ
3634 1474 3664 1526 ό
3693 1463 3758 1524 δι’

485 1564 698 1619 ἐκεῖνον
736 1564 991 1632 θάνατος,
1027 1565 1491 1637 τδ.φρικτότατον
1525 1568 1582 1619 ὲν
1614 1563 1924 1637 ἀνθρώποις
1948 1562 2146 1630 δεινὸν,
2168 1565 2265 1618 καὶ
2293 1566 2369 1636 τῷ
2396 1566 2510 1620 ὄντι
2542 1568 2804 1639 ῥίγιστον.

548 1658 638 1715 80.
672 1660 834 1715 Tales
867 1662 912 1716 si
940 1660 1335 1730 quisimitatur
1364 1676 1665 1728 eorumque
1719 1661 1885 1714 rectis
1932 1658 2056 1727 Opi-

477 1749 741 1807 nionibus
764 1766 889 1808 sese
914 1752 1118 1807 addicit
1154 1763 1209 1806 et
1270 1753 1338 1808 iis
1356 1752 1709 1822 pertinaciter
1762 1751 2061 1806 adhaerens

2246 1659 2322 1716 π’.
2355 1663 2495 1727 Τοὺς
2521 1665 2795 1727 τοιούτους
2836 1666 2891 1719 εί
2930 1684 3016 1730 τις
3060 1663 3401 1736 μιμούμενος
3424 1664 3522 1718 καὶ
3553 1663 3761 1718 πείθων

2174 1753 2369 1808 ἑαυτὴν
2409 1756 2684 1810 ὲνίσταιτο
2713 1759 2831 1821 ταῖς
2861 1759 3050 1828 ὀρθαῖς
3080 1757 3261 1823 δόξαις
3290 1758 3386 1811 καὶ
3420 1755 3755 1826 ὑπολήψεσι,

478 1856 602 1912 qua:
628 1842 822 1899 decent
848 1843 1001 1909 facit,
1025 1844 1295 1916 principio
1333 1845 1479 1899 bono
1507 1845 1714 1898 bonum
1761 1843 1922 1896 ﬁnem
1951 1841 2048 1894 ad-

2173 1847 2268 1900 καὶ
2316 1849 2653 1918 παραμένων
2684 1850 2873 1913 αὐταῖς
2908 1851 3139 1921 πράττει
3192 1852 3261 1904 τὰ
3308 1849 3540 1913 δεόντως
3585 1849 3761 1918 καθή-

474 1932 732 2004 jungens,
766 1934 814 1989 is
832 1933 1009 2005 primo
1033 1935 1173 1990 haud
1206 1935 1423 1990 dicatur
1446 1934 1747 2003 improbam
1773 1930 2059 1987 conﬁd--n-

477 2025 611 2079 tiam
645 2024 822 2095 sequi,
857 2024 952 2080 sed
968 2025 1147 2096 potius
1173 2034 1336 2081 rectae
1370 2023 1493 2079 ﬁdei
1545 2032 1710 2092 atque
1764 2020 2045 2075 tenacitati

474 2116 625 2171 circa
657 2131 746 2171 res
782 2116 998 2174 divinas
1026 2132 1249 2187 operam
1302 2118 1433 2173 dare
1469 2134 1482 2172 :
1529 2113 1862 2171 confidentia
1912 2113 2057 2168 enim

475 2207 567 2263 illa
589 2208 864 2279 plerisque
888 2210 1127 2264 virorum
1159 2210 1374 2279 piorum
1412 2223 1518 2261 non
1549 2205 1926 2277 approbanda,
1955 2205 2051 2259 sed

474 2297 777 2354 infaustum
800 2299 931 2369 quid
964 2313 1088 2354 esse
1112 2297 1416 2353 videbatur.
1473 2297 1594 2352 Jam
1658 2311 1784 2351 vero
1837 2291 2056 2349 etiamsi

478 2405 771 2462 ponamus,
798 2391 960 2448 talem
986 2391 1236 2446 aﬁ‘ectum
1273 2392 1338 2445 iis
1368 2392 1458 2461 qui
1484 2398 1632 2444 recta
1659 2386 1853 2443 ﬁducia
1894 2383 2060 2439 innisi

485 2491 714 2539 tenaces
746 2493 875 2538 sunt
917 2483 1211 2554 pr0positi,
1243 2482 1562 2547 convenire,
1627 2489 1805 2534 tamen
1864 2477 2061 2532 distin-

481 2576 760 2646 guendum
786 2577 894 2631 erit
922 2576 1349 2646 dicendumque,
1376 2592 1443 2630 ne
1468 2573 1811 2644 spiritualem
1832 2571 2050 2641 quidem

472 2668 570 2736 qui
605 2667 858 2724 ﬁduciam
890 2669 1075 2735 habet,
1117 2669 1316 2739 ubique
1344 2665 1399 2722 'et
1453 2668 1504 2720 in
1567 2666 1824 2721 omnibus
1886 2664 2049 2717 rebus

471 2758 599 2816 ideo
628 2760 991 2827 laudari;sed
1049 2762 1353 2827 interdum,
1423 2760 1536 2815 imo
1596 2757 1796 2828 srepius
1846 2756 1913 2810 de
1958 2770 2055 2810 sua

471 2852 771 2908 tenacitate
798 2854 1040 2909 remittet
1064 2863 1119 2909 et
1151 2854 1219 2909 de
1262 2855 1386 2921 jure
1444 2868 1567 2919 suo,
1615 2859 1877 2922 quantum
1939 2849 2052 2903 ﬁeri

471 2954 676 3017 potest,
706 2946 882 3012 cedet,
924 2961 1103 3017 neque
1128 2946 1302 3002 solum
1337 2946 1402 3001 ad
1437 2944 1759 3015 litigandum
1828 2953 2059 2998 conten-

473 3036 821 3109 dendnmque
853 3038 1001 3093 haud
1032 3039 1136 3094 erit
1164 3052 1485 3107 propensus,
1535 3033 1631 3091 sed
1690 3049 1759 3087 ne
1799 3033 1864 3087 de
1891 3031 2058 3103 iustis

475 3128 697 3200 quidem
724 3129 792 3184 ad
819 3140 1124 3186 extremum
1160 3144 1335 3199 usque
1367 3138 1572 3184 ce.tare
1606 3126 1793 3180 volet.-

544 3310 636 3368 Sl.
669 3309 810 3368 Hine
837 3311 1006 3377 enim,
1035 3309 1129 3364 tali
1189 3310 1332 3366 bona
1389 3308 1584 3381 agendi
1634 3308 1847 3364 ratione
1896 3309 2053 3374 inita,

470 3403 741 3461 bellorum
770 3401 1005 3457 induciae
1026 3415 1091 3455 ac
1122 3400 1327 3456 fcedera
1344 3410 1400 3456 et
1428 3400 1633 3456 similes
1662 3416 1751 3457 res
1772 3400 2059 3455 laudandte

472 3497 740 3567 originem
779 3507 1019 3550 traxere.
1052 3494 1149 3548 ltle
1178 3494 1342 3564 igitur
1367 3493 1460 3562 qui
1488 3495 1567 3550 sic
1598 3493 1735 3565 agit,
1785 3509 1892 3548 non
1936 3509 2053 3546 an-

470 3589 619 3660 plius
656 3588 870 3643 dicetur
902 3586 1131 3642 omnino
1158 3594 1339 3651 tenax,
1377 3583 1472 3639 sed
1506 3584 1672 3639 veluti
1722 3584 2045 3639 immutatus

470 3679 1205 3738 honestiorihusnrnahitur
1238 3676 1557 3733 nominibus
1611 3695 1625 3731 :
1686 3677 2059 3747 appellabitur

472 3774 738 3832 nimirum
766 3772 1066 3836 humanus,
1097 3770 1383 3841 paciﬁcus,
1404 3769 1500 3823 irai.
1519 3768 1797 3833 inimicus,
1817 3783 2055 3825 concor.

472 3872 580 3925 dia:
607 3868 841 3932 amicus,
868 3875 923 3920 et
959 3873 1019 3920 ut
1048 3863 1362 3920 accuratius
1391 3863 1609 3933 loquar,
1648 3865 2040 3922 moderationis

473 3975 686 4016 amans.
736 3959 842 4027 Qui
861 3957 1008 4012 enim
1032 3957 1099 4012 de
1123 3956 1245 4026 jure
1273 3957 1416 4025 quod
1452 3957 1605 4027 prius
1642 3958 1914 4012 tenaciter
1956 3957 2048 4012 de-

471 4050 747 4117 fenderat,
775 4048 1054 4121 paululum
1082 4046 1331 4112 remittit,
1367 4046 1435 4101 ad
1473 4045 1633 4101 aliam
1656 4046 1909 4101 ﬁduciam
1942 4062 2060 4118 pos.

470 4142 705 4200 nitentia
733 4149 1068 4203 commotus,
1090 4137 1286 4192 deduci
1314 4140 1478 4204 solet,
1507 4139 1732 4208 quando
1790 4141 2052 4194 virtutem

471 4247 761 4304 sequensa
796 4229 1078 4301 proposito
1109 4227 1325 4284 desistit
1348 4237 1403 4283 et
1461 4243 1491 4282 a
1559 4229 1860 4299 pertinacia
1914 4246 2049 4286 con-

472 4326 706 4383 tentiosa
728 4323 795 4379 ad
823 4321 1249 4376 moderationem
1280 4320 1473 4375 transit
1499 4336 1515 4388 ;
1544 4321 1836 4390 siquidem,
1864 4338 2054 4390 quem-

470 4418 767 4477 admodum
837 4415 930 4470 ille
985 4415 1102 4484 qui,
1156 4412 1484 4482 poenitentia
1540 4413 1768 4479 ductus,
1828 4414 1897 4468 ab
1956 4413 2056 4468 im-

469 4514 637 4584 proba
659 4510 896 4581 etimpia
932 4507 1284 4570 conﬁdentia,
1324 4521 1419 4576 per
1436 4504 1596 4561 aliam
1652 4505 1908 4560 ﬁduciam
1946 4508 2047 4562 lto-

472 4609 685 4657 nestam
708 4598 1049 4668 compulsus.
1080 4595 1149 4649 ad
1170 4596 1451 4652 meliorem
1486 4609 1711 4651 sensum
1746 4609 1806 4651 se
1839 4598 2056 4652 confert

470 4692 850 4749 immutatione
873 4689 989 4744 sive
1032 4687 1394 4742 conversione
1437 4685 1607 4750 facta,
1641 4686 1717 4741 ita
1776 4689 1940 4743 etiam
1963 4690 2056 4758 qui

468 4786 860 4842 moderationis
891 4784 1174 4839 studiosus
1204 4793 1312 4849 est,
1340 4782 1431 4838 ubi
1467 4783 1535 4837 ab
1574 4782 1737 4837 initio
1802 4782 1909 4853 iuri
1944 4800 2048 4840 suo

468 4877 700 4931 ﬁrmiter
734 4873 1282 4939 inhaereredecrevit,
1330 4873 1532 4928 deinde
1582 4881 1828 4943 tempore
1850 4889 2053 4945 oppor-

471 4979 606 5024 tuno
635 4968 976 5023 laudabiliter
1006 4967 1330 5021 immutatus
1358 4975 1413 5019 et
1436 4966 1503 5020 ad
1530 4980 1715 5034 pacem
1741 4981 2050 5036 propensus

467 5072 522 5116 ct
557 5060 634 5116 uti
668 5060 945 5117 veteribus
991 5059 1336 5129 sapientibus
1361 5057 1622 5129 placitum
1672 5069 1774 5121 est,
1817 5058 1886 5114 de
1921 5059 2048 5127 jure

467 5168 570 5208 suo
604 5152 1003 5223 aliquantulum
1036 5152 1264 5217 relaxat,
1296 5161 1462 5221 atque
1486 5149 1741 5205 virtutem
1776 5152 2055 5220 ostendit;

468 5243 526 5297 id
553 5251 637 5298 est
660 5242 1112 5305 moderationem,
1147 5242 1225 5296 uti
1259 5243 1533 5310 sapientes
1594 5255 1713 5295 eam
1772 5257 2057 5313 nuncupa-

469 5349 621 5397 vere,
652 5341 706 5386 et
736 5333 813 5387 ita
849 5333 1107 5388 concedit
1136 5333 1472 5389 adversariis
1496 5341 1660 5404 atque
1683 5334 1753 5388 iis
1784 5349 1845 5389 se
1876 5335 2052 5405 subji-

466 5426 562 5480 cit.

538 5515 631 5569 82.
663 5514 760 5571 His
780 5515 943 5586 igitur
970 5517 1074 5572 hoc
1098 5517 1260 5572 modo
1289 5524 1343 5571 et
1366 5516 1635 5573 hactenus
1668 5517 2048 5574 consideratis

2170 1956 2364 2007 κοντα,
2425 1943 2665 2009 χρηστὸν
2717 1942 2874 2007 τέλος
2926 1944 3197 2008 ἐπιτιθεὶς
3252 1945 3450 2014 ἀρχαῖς
3495 1942 3758 2010 ἀγαθαῖς.

2169 2032 2367 2103 πρῶτα
2398 2033 2503 2103 μὲν
2532 2034 2633 2087 οὐκ
2663 2034 2729 2089 ἂν
2750 2035 2965 2104 λέγοιτο
2988 2040 3197 2107 πεῖσμα
3228 2037 3525 2105 φυλάττειν
3565 2036 3605 2107 ἦ
3642 2053 3759 2089 πει-

2177 2124 2406 2197 σμονὴν,
2440 2126 2752 2194 όρθοδοξίαν
2778 2127 2836 2182 δὲ
2872 2130 2967 2183 καὶ
3002 2129 3328 2199 ἐνστατικὴν
3357 2128 3643 2200 προσοχὴν
3664 2126 3759 2181 ἐπὶ

2168 2218 2280 2279 τοῖς
2314 2216 2409 2270 τοῦ
2443 2218 2580 2272 Θεοῦ
2604 2235 2618 2248 ο
2655 2219 2713 2272 αί
2742 2219 2852 2290 γὰρ
2899 2223 3190 2289 πεισμοναὶ
3231 2221 3322 2274 καὶ
3354 2222 3421 2274 τὰ
3469 2220 3761 2290 πείσματα

2167 2307 2356 2376 ἔδοξαν
2395 2308 2469 2381 μὴ
2502 2311 2593 2363 ἐπ’
2620 2311 2812 2380 ἀγαθῷ
2832 2312 3109 2366 τεθεῖσθαι
3137 2316 3253 2378 τοῖς
3281 2315 3338 2365 ὲν
3370 2314 3552 2383 ἀγαθῇ
3591 2315 3760 2384 μοίρᾳ

2168 2400 2435 2466 πλείοσιν,
2487 2401 2624 2455 ἀλλά
2667 2400 2989 2470 δυσώνυμόν
3027 2418 3080 2454 τι
3115 2402 3308 2471 χρῆμα
3375 2397 3545 2455 εἶναι.
3602 2402 3665 2454 El
3700 2401 3757 2454 δὲ

2169 2493 2264 2543 xui.
2295 2491 2428 2554 ἴσως
2460 2490 2666 2562 θῶμεν.
2691 2493 3137 2563 προσαρμόττειν
3166 2492 3305 2547 αὑτά
3334 2494 3430 2546 καὶ
3459 2495 3575 2556 τοῖς
3607 2494 3753 2547 δεόν-

2168 2600 2276 2645 τως
2311 2587 2705 2653 πεπεισμένοις
2731 2587 2827 2639 καὶ
2849 2584 3025 2651 οὕτως
3045 2587 3408 2651 ὲνστατικοῖς,
3433 2585 3542 2656 ἔχω
3564 2585 3754 2640 διελὼν

2165 2674 2405 2729 ἐνταῦθα
2439 2678 2640 2743 εἰπεῖν,
2672 2677 2748 2741 ὡς
2779 2677 2902 2731 οὐδὲ
2928 2679 2954 2731 ό
2986 2676 3361 2746 πνευματικός
3381 2678 3751 2748 πεισματικὸς

2165 2766 2471 2822 ἐπαινεῖται
2507 2769 2741 2823 πάντοτε
2776 2769 2872 2822 καὶ
2906 2769 2999 2824 ἐπὶ
3041 2769 3202 2832 πᾶσι,
3228 2767 3470 2832 τοιοῦτος
3497 2767 3577 2822 ὢν
3597 2787 3611 2801 ·
3635 2769 3733 2822 ἀλλ

2164 2860 2315 2914 ἔστιν
2339 2861 2478 2914 ὅπου
2508 2861 2603 2915 καὶ
2639 2863 2698 2915 ἐν
2727 2860 2943 2927 πολλοῖς
3001 2861 3493 2932 μετακινηθήσεται
3522 2863 3625 2930 τῆς
3669 2862 3748 2915 oi—

2166 2952 2322 3013 κείας
2363 2952 2695 3017 ὲνστάσεως,
2726 2956 2821 3008 καὶ
2868 2953 3170 3007 ὑπενδώσει
3220 2954 3314 3007 καὶ
3363 2953 3530 3007 αὑτοῦ
3559 2955 3624 3025 δὴ
3652 2954 3747 3007 τοῦ

2164 3044 2287 3099 κατ’
2315 3045 2480 3098 αὐτὸν
2509 3045 2722 3099 δικαίου
2754 3044 2827 3108 ὡς
2852 3040 2965 3099 οἷόν
2996 3063 3080 3111 τε,
3107 3045 3201 3098 καὶ
3235 3044 3653 3116 χαυνωθήσεται
3681 3047 3741 3099 οὐ

2169 3138 2332 3206 μόνον
2373 3136 2468 3190 τοῦ
2517 3137 2695 3201 ἄλλως
2729 3137 3081 3207 φιλονεικεῖν,
3116 3136 3250 3190 ἀλλά
3283 3138 3378 3191 καὶ
3430 3138 3600 3192 αὑτοῦ
3646 3139 3741 3192 τοῦ

2083 3213 2124 3268 C
2162 3230 2254 3280 ἐπὶ
2280 3227 2511 3292 δικαίοις
2542 3229 2623 3292 είς
2651 3230 2821 3301 ἄκρον
2846 3228 2942 3282 καὶ
2979 3229 3240 3300 ὑπερλίαν
3273 3228 3564 3298 μάχεσθαι.

2233 3328 2346 3377 πα’.
2389 3321 2675 3375 Ἐντεῦθεν
2731 3323 2842 3392 γὰρ
2900 3322 3052 3392 καλῷ
3100 3321 3329 3391 τοιούτῳ
3364 3322 3737 3391 μεθοδεύματι
3774 3362 3800 3403 ο

2161 3416 2220 3468 αἱ
2250 3415 2437 3483 ἀνοχαὶ
2462 3415 2568 3491 τῶν
2595 3415 2849 3485 πολέμων
2872 3416 3274 3484 ὲπινενόηνται,
3298 3415 3394 3469 καὶ
3414 3415 3469 3467 αἱ
3494 3415 3739 3480 σπονδαὶ,

2162 3508 2259 3561 καὶ
2281 3508 2381 3561 ὅσα
2408 3507 2549 3561 καλὰ
2572 3506 2820 3561 τοιαῦτα.
2864 3507 2972 3560 Καὶ
2995 3508 3177 3559 τοίνυν
3224 3509 3365 3560 ούτω
3396 3506 3569 3561 ποιῶν
3597 3508 3740 3561 ἐκεῖ·

2161 3617 2252 3661 νος
2293 3598 2481 3652 οὐκέτι
2520 3599 2887 3668 πεισματικὺς
2940 3598 3379 3669 ὀνομασθήσεται
3407 3598 3466 3653 τὸ
3500 3598 3736 3662 σύνολον,

2161 3689 2300 3745 ἀλλὰ
2327 3690 2400 3754 ὡς
2429 3685 2540 3743 οἷον
2573 3690 2912 3760 μεταϐαφεὶς
2938 3689 3322 3761 χρωσθήσεται
3343 3690 3733 3763 χρηστοτέραις

2166 3783 2424 3853 κλήσεσι,
2475 3783 2859 3852 φιλάνθρωπος
2906 3783 3385 3852 ἐπονομαζόμενος
3418 3782 3512 3835 καὶ
3546 3778 3731 3847 ἀφιλό-

2160 3891 2360 3939 νεικος,
2392 3873 2487 3927 καὶ⁸
2520 3874 2692 3944 μισῶν
2722 3873 2821 3944 μὲν
2844 3874 2905 3927 τὸ
2931 3873 3258 3945 ἀκράχολον,
3287 3873 3509 3938 εὔκολος
3527 3874 3582 3927 δὲ
3607 3872 3732 3942 μᾶλ-

2159 3966 2251 4029 λον
2276 3961 2414 4020 εἶναι
2440 3967 2854 4037 προτιθέμενος,
2881 3968 3059 4020 εἰπεῖν
3081 3967 3139 4020 δὲ
3171 3969 3433 4038 ἀκριϐῶς,
3459 3964 3733 4033 ἐπιεικής.

2168 4060 2231 4111 ⁸0
2259 4059 2367 4128 γὰρ
2401 4062 2463 4112 ὲκ
2495 4059 2798 4126 πείσματος
2847 4057 3076 4122 ἀτενοῦς
3104 4058 3317 4113 δικαίου
3353 4059 3732 4125 ὑποκαταϐὰς,

2160 4152 2241 4214 εἰς
2275 4151 2529 4221 ἐτεροίαν
2555 4148 2729 4203 πειθὼ
2773 4150 2867 4203 ἐπὶ
2910 4151 3171 4223 μετανοίᾳ
3204 4152 3503 4220 μετέπεσεν
3531 4154 3733 4219 ἐπιμη-

2161 4242 2501 4310 θευσάμενος
2553 4243 2842 4313 ὲναρέτως,
2874 4245 2970 4297 καὶ
2995 4245 3063 4296 ὲκ
3094 4242 3399 4312 φιλονείκου
3431 4242 3735 4303 ἐνστάσεως

2164 4332 2547 4403 μετεληλυθὼς
2575 4333 2658 4396 είς
2687 4334 2988 4387 ἐπιείκειαν
3009 4349 3024 4364 ο
3066 4333 3189 4386 ἐπεί
3220 4350 3325 4399 τοι,
3357 4334 3501 4389 καθά
3528 4336 3556 4387 ό
3593 4330 3733 4383 κατὰ

2126 4421 2469 4493 .μετάμελον
2520 4423 2583 4475 ἐκ
2629 4422 2851 4486 πειθοῦς
2904 4423 3119 4495 φαύλης
3152 4423 3250 4476 καὶ
3284 4423 3595 4496 ἁμαρτικῆς
3644 4417 3732 4471 διὰ

2160 4515 2423 4584 δευτέρας
2460 4516 2717 4586 ἐναρέτου
2747 4517 2969 4580 πειθοῦς
3000 4517 3473 4587 μεταϐαλλόμενος
3494 4520 3575 4577 εἰς
3600 4514 3729 4566 καλ-

2163 4608 2316 4662 λίονα
2354 4610 2680 4680 μετέρχεται
2720 4610 2865 4677 νοῦν,
2914 4609 3360 4681 μετατιθέμενος,
3390 4611 3490 4663 εἴτ’
3511 4607 3605 4662 οὖν
3632 4621 3731 4675 με·

2160 4698 2581 4768 ταπειθόμενος,
2612 4700 2756 4755 οὑτω
2781 4718 2899 4765 πως
2929 4703 3027 4755 καὶ
3058 4704 3087 4755 ό
3116 4701 3366 4770 ἐπιεικὴς
3398 4698 3592 4753 ἑαυτὸν
3615 4694 3734 4749 πεί-

2164 4808 2267 4855 σας
2299 4792 2369 4846 τὰ
2392 4793 2588 4864 πρῶτα
2620 4794 2698 4863 τῷ
2724 4795 2911 4865 οἰκείῳ
2939 4794 3128 4865 δικαίῳ
3177 4792 3357 4857 καλῶς
3391 4790 3733 4858 ἐνίστασθαι,

2162 4877 2283 4937 εἶτα
2328 4884 2559 4950 δεόντως
2604 4885 2927 4958 μεταϐαλὼν
2952 4888 3011 4940 ὲν
3044 4885 3244 4956 καιρῷ,
3279 4888 3394 4955 καὶ,
3433 4886 3509 4951 ὡς
3538 4885 3735 4953 εἰπεῖν,

2163 4977 2429 5046 ὲπιείξας,
2469 4980 2564 5033 καὶ
2616 4979 2763 5034 καθά
2818 4979 2967 5035 δοκεῖ
3011 4982 3125 5043 τοῖς
3177 4979 3346 5043 πάλαι
3397 4981 3604 5051 σοφοῖς,
3643 4979 3740 5033 καὶ

2163 5068 2565 5141 παραθραύσας
2601 5070 2711 5125 τῶν
2753 5088 2879 5125 τινα
2917 5070 3275 5126 δικαιούντων
3323 5071 3509 5139 αὑτὸν,
3536 5069 3740 5143 ἀρετὴν

2162 5160 2436 5229 ἐκφαίνει,
2492 5161 2616 5232 τὴν,
2665 5164 2740 5225 ὼς
2784 5163 2834 5215 oi
2886 5163 3042 5232 σοφοὶ
3088 5163 3383 5233 ὀνομάζειν
3432 5163 3738 5236 βούλονται,

2160 5252 2462 5306 ἐπιείκειαν
2482 5269 2496 5286 ο
2528 5253 2623 5305 καὶ
2654 5251 2832 5317 οὕτως
2863 5255 3088 5307 ὑπείκει
3114 5256 3458 5327 τασσόμενος
3492 5255 3597 5310 ὑπὸ
3624 5256 3741 5318 τοῖς

2160 5342 2475 5410 ὲνστάταις,
2500 5346 2597 5398 καὶ
2622 5342 2756 5398 αὐτὸ
2784 5344 2849 5413 δὴ
2872 5344 3033 5398 τοῦτο
3056 5345 3522 5416 ὑποτασσόμενος.

2228 5522 2342 5593 πβ⁹.
2376 5522 2454 5576 Οῦ
2466 5540 2543 5577 τω
2572 5523 2638 5596 δὴ
2671 5522 2879 5578 τούτων
2900 5522 3038 5595 ἡμῖν
3066 5522 3496 5595 τεθεωρημένων
3523 5500 3621 5574 καῖ
3644 5520 3739 5574 ἐπὶ

466 5605 536 5673 (si
563 5604 710 5659 enim
756 5605 972 5672 longius
1036 5605 1363 5675 protrahere
1415 5605 1560 5660 hanc
1621 5605 2047 5675 disputationem

2166 5615 2410 5669 τοσοῦτον
2426 5617 2526 5687 (είς
2546 5616 2711 5669 πλέον
2728 5617 2838 5687 γὰρ
2855 5616 3133 5669 ἐπιτεῖναι
3152 5615 3212 5670 τὺ
3225 5612 3470 5669 τοιοῦτον
3489 5613 3735 5682 σκέμμα,

464 5697 756 5763 vellemus,
789 5696 1182 5752 ostentationis
1215 5697 1598 5767 inopportunaa
1619 5699 1828 5754 crimen
1859 5701 2046 5755 incur-

467 5791 763 5857 tmemus),
781 5789 916 5858 quid
941 5790 1161 5847 tandem
1189 5804 1300 5846 non
1326 5791 1650 5863 subiicimus
1701 5808 1823 5865 nos,
1860 5809 1890 5850 ο
1932 5795 2044 5849 Do-

2156 5704 2476 5776 φιλοτιμίαν
2528 5707 2779 5785 οἰήσεται
2822 5725 2908 5771 τις
2958 5706 3234 5776 ἄκαιρον),
3285 5704 3342 5757 τί
3389 5703 3591 5774 δήποτε
3637 5703 3738 5773 οὑχ

2157 5795 2602 5867 ὑποτασσόμεθα,
2639 5793 2684 5853 ὧ
2716 5798 2893 5870 σῶτερ
2938 5797 3119 5869 κύριε,
3143 5797 3171 5851 ὃ
3218 5799 3311 5852 καὶ
3335 5794 3550 5867 φθάσας
3575 5794 3733 5861 εὐξά-
