4090 6448
327 372 437 437 353

941 372 1039 432 DE
1075 371 1549 435 OBEDIENTIA
1591 376 2131 441 MAGISTllATUl
2174 383 2652 446 CilRlSTlANO
2689 387 2994 449 DEBITA.

3506 392 3607 457 3M

330 504 463 559 μην,
496 485 813 556 πειθόμενοι
843 488 955 547 τοῖς
982 485 1071 539 διὰ
1108 484 1205 540 σοῦ
1235 486 1579 549 διδασκάλοις
1619 489 1798 556 ἡμῶν,
1827 492 1914 544 καὶ

2026 497 2173 552 ηιίιιο
2208 495 2480 562 Salvator,
2513 501 2657 568 quod
2682 500 2797 569 jam
2868 502 3021 571 prius
3048 502 3380 568 desideravi,
3411 506 3608 561 docto-

328 580 430 644 τὴν
461 578 723 648 τοιαύτην
757 577 928 631 πειθὼ
963 577 1300 647 στερεοῦμεν
1327 578 1386 632 ἐν
1410 581 1545 650 ἡμῖν
1577 582 1784 645 αὐτοῖς,
1816 584 1912 637 καὶ

325 671 427 731 τὰς
480 668 542 734 ἐξ
591 670 822 723 ἐκείνων
872 668 1324 738 συμπεραίνομεν
1363 668 1540 739 ἀρχὰς
1573 671 1912 741 ὲναρμονῖως

324 760 535 835 fluitat?)
590 762 873 833 ἀληθείας,
907 761 1042 815 ἀλλὰ
1072 760 1147 831 τῷ
1192 763 1566 834 ἀντικειμένῳ
1598 764 1914 835 ὑποστρωνυ

321 857 563 927 ιιύμεθα,
586 856 871 920 πείθοντες
895 857 1044 923 ἡμᾶς
1073 857 1293 919 αὐτοὺς.
1326 856 1583 926 ἀλλήλοις
1607 860 1775 927 ἀντιμ

321 951 582 1021 φρίσσειν
614 952 713 1004 ὅσοι
756 950 854 1004 καὶ
882 949 1067 1012 ὅπλοις
1108 949 1445 1021 ἀγχεμάχοις
1479 951 1601 1018 μὲν,
1641 954 1764 1012 ταῖς
1809 970 1912 1004 κα-

328 1042 670 1113 κομηχάνοις
704 1041 987 1094 ἑπιθέσεσι
1013 1040 1110 1093 καὶ
1138 1040 1280 1113 τ[αῖς
1317 1039 1730 1115 ὲπι]β[ού]λ[οις
1761 1041 1913 1114 tn]:-

324 1136 499 1197 νοίαις
532 1135 628 1188 καὶ
654 1136 959 1203 περινοίας
984 1134 1082 1186 καὶ
1113 1136 1459 1202 πεισμοναῖς,
1488 1134 1805 1205 τηλεϐόλοις
1830 1126 1910 1196 δὲ’.

324 1230 447 1291 ταῖς
499 1228 896 1296 συκοφαντίαις
944 1234 1040 1279 καὶ
1079 1229 1196 1290 ταῖς
1243 1228 1552 1282 ἀποσταδὸν
1608 1227 1912 1294 διαϐολαῖς,

324 1317 384 1385 ἐξ
417 1311 494 1373 ὧν
526 1319 680 1371 οὐδέν
709 1336 761 1372 τι
789 1318 954 1371 καλὶν
987 1319 1045 1369 ὲν
1074 1320 1215 1388 ἡμῖν
1241 1321 1563 1387 ὲκφανεϊται
1590 1320 1744 1384 ποτὲ,
1776 1320 1913 1373 ἀλλὰ

330 1412 425 1463 καὶ
450 1412 479 1464 ὁ
516 1411 798 1474 πολιτικὸς
833 1412 932 1465 καὶ
963 1414 990 1465 ὁ
1040 1411 1416 1482 πνευματικὸς
1474 1413 1805 1484 παράδεισος
1851 1412 1911 1466 οὐ

331 1505 493 1577 μόνον
526 1504 907 1574 ἀπανθήσουσι
943 1506 1039 1558 καὶ
1072 1506 1316 1576 ἄκαρποι
1352 1505 1631 1578 μενοῦσιν,
1659 1506 1794 1561 ἀλλά
1821 1507 1915 1560 καὶ

329 1594 707 1666 ἀποψυγὲντες
738 1597 819 1658 είς
864 1595 1106 1668 ἐρημίαν
1154 1598 1726 1667 ἀποκαταστήσονται,
1762 1596 1858 1652 καὶ
1887 1600 1915 1651 ό

330 1687 455 1742 καθ’
484 1689 633 1757 ἡμᾶς
665 1688 724 1742 δὲ
769 1688 977 1758 κόσμος
1017 1691 1113 1744 καὶ
1159 1688 1276 1760 βίος
1316 1690 1564 1761 ἄκοσμος
1607 1691 1786 1752 ἔσται,
1817 1690 1915 1744 καὶ

330 1781 394 1833 οὐ
427 1781 570 1834 κατὰ
592 1782 722 1846 τοὺς
753 1783 1182 1854 ίστορουμὲνους
1208 1782 1479 1850 δικαίους,
1509 1781 1711 1855 τρόπον
1739 1783 1795 1836 δὲ
1821 1782 1912 1835 ἄλ-

323 1872 418 1927 λον
445 1873 600 1938 ἆὸιος
622 1891 637 1938 ;

397 2057 511 2121 πγθ.
560 2052 703 2121 Ἐγὼ
734 2053 790 2108 δὲ
839 2054 898 2109 ὲν
942 2053 1153 2119 τούτοις
1185 2055 1328 2110 δοκῶ
1377 2073 1470 2125 μοι
1510 2056 1722 2111 πολλῶν
1747 2074 1912 2112 τινων

326 2147 554 2200 ἀγοὲειν
594 2146 1047 2217 αἰτιολογούντων
1096 2149 1481 2219 εὐλογοφανῶς
1511 2150 1674 2220 δῆθεν
1702 2151 1768 2205 τὰ
1792 2149 1912 2205 κατ’

326 2240 550 2306 αὐτοὺς,
606 2243 699 2294 καὶ
751 2240 1189 2307 ὑπολαλούντων,
1235 2244 1311 2313 μὴ
1370 2242 1439 2298 ἂν
1486 2242 1695 2310 ἀγαθὸν
1747 2238 1909 2309 εἶναι,

328 2336 469 2401 me
522 2336 813 2396 πολιτικῶς
866 2336 1199 2404 ἐλευθέριον,
1250 2337 1377 2398 τοὺς
1425 2336 1525 2406 μὲν
1566 2335 1824 2406 μείζονας
1852 2338 1911 2390 ὲν

324 2426 643 2499 ἀνθρώποις
687 2425 853 2495 εἶναι,
893 2429 1023 2492 τοὺς
1064 2428 1120 2481 δὲ
1163 2428 1473 2493 ὑπάγεσθαι
1505 2431 1585 2493 εἰς
1615 2429 1912 2484 ἐλάττωσιν

323 2525 422 2576 καὶ
453 2524 795 2585 ύπόπτωσιν,
818 2523 913 2576 καὶ
939 2520 1137 2583 ταῦτα,
1166 2522 1292 2575 ἔνθα
1320 2524 1353 2591 ἡ
1386 2521 1541 2590 φιλία
1565 2522 1749 2590 ἰσότης
1770 2520 1911 2576 εἶναι

324 2616 633 2683 νομίζεται.
667 2614 759 2667 καὶ
792 2615 1129 2669 ἰσοπολιτεία
1154 2614 1497 2683 νενόμισται,
1523 2616 1620 2669 καὶ
1649 2616 1909 2669 κοινωνία

324 2708 805 2780 πραγματεύεται.
859 2707 1150 2775 Νοοῦντες,
1181 2704 1361 2780 οἶμαι,
1394 2710 1443 2762 οἱ
1490 2709 1746 2774 τοιοῦτοι,
1792 2710 1914 2764 ἀνι-

322 2804 527 2871 σότητα
548 2803 761 2876 φαύλην
793 2805 1159 2875 ἐμφαίνεσθαι
1187 2808 1300 2871 τοῖς
1327 2806 1744 2876 διδασκομένοις
1772 2807 1913 2877 πρὸς

322 2898 449 2960 τοὺς
472 2898 849 2963 διδάσκοντας,
872 2901 967 2953 καὶ
995 2901 1110 2961 τοῖς
1143 2899 1597 2968 ποιμαινομένοις
1623 2900 1760 2969 πρὸς
1781 2901 1909 2963 τοὺς

324 2992 742 3061 ποιμαίνοντάς,
779 2993 875 3046 καὶ
909 2994 1023 3055 τοῖς
1066 2991 1337 3061 ὑπάρχοις
1390 2991 1527 3063 πρὸς
1563 2992 1692 3054 τοὺς
1745 2990 1907 3061 ἐξάρ-

323 3102 544 3155 χοντας,
576 3086 673 3139 καὶ
702 3083 774 3140 δι’
804 3086 938 3139 αὐτὸ
990 3085 1263 3154 φευκτέαν
1313 3082 1459 3139 εἶναι
1493 3084 1594 3156 τὴν
1629 3083 1911 3154 ὑποταγὴν

2019 590 2173 645 ribus
2206 606 2235 644 a
2269 599 2321 644 te
2346 592 3041 663 constitutis.etcjusmodi
3074 597 3323 649 tiduciam
3361 598 3412 652 in
3443 600 3603 654 nobis

2016 683 2457 746 constabilinms,
2491 695 2543 737 et
2572 686 2939 741 fundamentis
2984 687 3185 741 abillis
3237 687 3403 755 iactis
3459 690 3595 745 insi.

2017 776 2215 831 stimus
2234 777 2535 830 secundum
2567 779 2816 833 veritatis
2853 780 3137 850 impetum.
3164 782 3259 837 sed
3293 783 3476 853 potius
3501 783 3601 837 ad.

2018 869 2265 924 versario
2298 871 2730 936 succumbimus,
2779 873 2937 927 nobis
2988 873 3124 942 ipsis
3179 873 3432 938 fidentes.
3499 891 3600 929 nos

2018 962 2254 1017 invicem
2311 963 2665 1020 ilcbcllantcs.
2704 1003 2755 1019 ..
2812 965 3040 1021 horrere
3102 978 3366 1037 quantum
3400 976 3453 1021 rt
3515 984 3602 1022 ιιι-α-

2017 1056 2123 1110 mis
2151 1055 2216 1110 ad
2242 1057 2495 1114 cominus
2522 1059 2872 1128 pugnandum
2925 1059 3092 1130 aptis,
3160 1061 3382 1117 insidiis
3442 1063 3601 1115 ntali-

2015 1152 2158 1217 gnis,
2197 1150 2450 1207 consiliis
2474 1151 2818 1220 perniciosis,
2849 1154 3255 1223 suspicionibus
3315 1165 3370 1210 et
3423 1157 3599 1209 couti-

2016 1243 2242 1306 dentiis.
2280 1252 2334 1299 ct
2363 1243 2535 1300 armis
2590 1245 2659 1299 ad
2711 1246 2928 1301 eminus
2977 1247 3294 1301 certandum
3361 1248 3600 1311 idoneis,

2017 1336 2284 1393 conviciis
2316 1347 2370 1392 et
2396 1337 2809 1399 calumniis,‘ex
2869 1338 3072 1408 quibus
3127 1356 3406 1410 nunquam
3470 1341 3601 1397 boni

2016 1431 2146 1500 quid
2184 1430 2239 1485 in
2269 1446 2371 1485 nos
2412 1430 2766 1494 redundabit,
2796 1431 2889 1486 sed
2930 1443 2980 1486 et
3012 1433 3325 1488 mundanus
3355 1442 3407 1489 ct
3434 1434 3596 1499 spiri-

2019 1523 2185 1579 tualis
2223 1524 2517 1593 paradisus
2540 1539 2648 1579 non
2711 1526 2889 1579 solum
2946 1525 3176 1580 ﬂoribus
3232 1534 3287 1582 et
3330 1526 3601 1583 fructibus

2016 1614 2306 1681 carebunt,
2341 1616 2438 1670 sed
2470 1616 2636 1671 etiam
2669 1624 3049 1672 cmarcesccnt
3114 1627 3169 1672 et
3198 1617 3252 1672 in
3314 1616 3593 1671 desertum

2016 1709 2526 1775 commutabuntur,
2563 1726 2666 1766 nec
2696 1726 2804 1765 non
2842 1719 2985 1765 terra
3015 1723 3203 1766 nosua
3233 1717 3285 1764 et
3317 1710 3425 1763 vita
3450 1709 3601 1762 muni

2018 1802 2215 1858 decore
2243 1803 2343 1857 erit
2369 1803 2653 1866 destituta,
2686 1804 2835 1858 nullo
2867 1804 3029 1856 modo
3102 1805 3302 1859 similis
3354 1804 3480 1857 vitae
3502 1803 3599 1868 ju-

2021 1903 2232 1950 stornm
2259 1895 2351 1965 qui
2386 1896 2611 1968 scriptis
2647 1895 2923 1963 feruntur,
2981 1897 3077 1951 sed
3111 1897 3234 1952 vita:
3280 1911 3349 1952 ne
3383 1897 3602 1951 nomine

2014 1987 2228 2059 quidem
2266 1988 2425 2056 digna
2450 1987 2475 2041 ’ἓ

2088 2082 2177 2136 85.
2207 2080 2323 2135 Jam
2350 2096 2483 2134 vero
2515 2081 2607 2135 hic
2654 2094 2843 2137 eorum
2888 2080 2978 2150 qui
3029 2080 3272 2151 penitius
3308 2095 3396 2135 res
3450 2081 3604 2135 indav

2012 2186 2145 2246 gant
2174 2174 2318 2230 baud
2359 2189 2566 2244 paucos
2595 2174 2865 2242 speciose,
2896 2181 2955 2226 ut
2985 2174 3089 2243 ipsi
3114 2183 3424 2238 autumant,
3452 2173 3587 2226 mihi

2015 2269 2376 2338 oblaqucntes
2410 2266 2576 2320 audio
2608 2274 2773 2333 atque
2828 2265 3094 2331 dicentes,
3157 2280 3335 2334 neque
3394 2266 3597 2319 bonum

2013 2375 2193 2430 neque
2220 2360 2440 2414 civitate
2466 2359 2636 2413 libera
2663 2358 2887 2427 dignum
2914 2373 3055 2418 esse.
3087 2367 3148 2411 ut
3175 2356 3420 2411 nonnulli
3461 2356 3606 2410 ἰιιιιοι*

2014 2454 2267 2509 homines
2293 2455 2403 2509 sint
2432 2453 2765 2521 superiores,
2797 2452 2887 2506 alii
2925 2460 3104 2505 autem
3140 2451 3380 2504 minores
3399 2458 3453 2505 et
3475 2448 3604 2505 sui»

2016 2547 2136 2612 diti,
2173 2545 2338 2614 idque
2370 2559 2436 2597 eo
2469 2542 2669 2608 minus,
2703 2541 2975 2609 siquidem
3022 2539 3263 2595 cbaritas
3321 2539 3608 2593 existima-

2016 2651 2104 2693 tur
2134 2637 2418 2707 aequalitas
2444 2650 2587 2701 esse,
2614 2644 2669 2689 et
2699 2634 2907 2704 paritas
2949 2632 3153 2687 civium
3215 2630 3427 2701 legibus
3484 2645 3607 2700 pro-

2017 2732 2255 2796 mulgata
2289 2740 2394 2793 est,
2433 2740 2486 2782 ct
2516 2742 2708 2782 omnes
2765 2742 2929 2780 unam
2991 2723 3440 2779 communionem
3475 2737 3608 2777 cou-

2016 2830 2271 2879 stituunt.
2304 2823 2387 2889 lli,
2425 2822 2642 2889 opinor,
2680 2821 3001 2874 cxi~timant
3031 2817 3452 2888 inmqualitatcm
3486 2830 3608 2883 qua:

2014 2917 2159 2972 inter
2197 2916 2453 2971 doctores
2487 2924 2542 2971 et
2565 2913 2890 2983 discipulos,
2929 2914 3069 2966 inter
3102 2925 3295 2982 greges
3333 2918 3388 2963 et
3418 2918 3604 2977 pasto-
3632 2902 3641 2909 “

2016 3026 2125 3077 res,
2162 3010 2304 3065 inter
2331 3008 2584 3065 subditos
2604 3015 2661 3062 et
2684 3015 2979 3075 regnantes
3014 3003 3327 3063 intercedit.
3394 3001 3599 3053 malum

2015 3103 2143 3171 quid
2170 3116 2291 3157 csse
2311 3110 2365 3156 ct
2399 3108 2685 3170 propterea
2713 3099 2783 3153 ab
2810 3097 3067 3151 omnibus
3128 3096 3222 3166 qui
3253 3095 3321 3149 ad
3375 3094 3600 3148 liberam

320 3182 439 3243 τοῖς
479 3181 967 3253 ὲπαναιρουμένοις
1006 3180 1299 3251 ἐλευθέραν
1345 3180 1493 3248 ζωήν
1522 3211 1592 3220 -
1622 3178 1914 3233 λανθάνον-

2018 3194 2181 3249 vitam
2243 3193 2544 3260 adspirant,
2572 3190 2971 3262 subiectionem
3031 3187 3215 3257 respui
3268 3187 3465 3241 debere
3503 3203 3517 3239 :
3549 3196 3607 3240 at

322 3293 414 3328 ται
444 3273 505 3327 δὲ
535 3273 646 3345 ἄρα
678 3275 727 3328 οἱ
759 3274 907 3329 οὕτω
952 3277 1418 3346 γνωματεύοντες,
1447 3276 1529 3329 ὅτι
1555 3271 1910 3339 καθυπάγου-

2018 3284 2110 3353 qui
2134 3285 2208 3339 ita
2241 3253 2509 3347 statuunt,
2532 3253 2649 3337 non
2672 3253 3156 3341 animadvertunt,
3188 3297 3248 3335 se
3273 3278 3604 3334 submittere

328 3384 421 3420 σιν
479 3368 734 3432 ἑαυτοὺς,
761 3370 1000 3438 πατέρες
1054 3369 1155 3438 μὲν
1204 3368 1381 3431 ὄντες,
1408 3369 1521 3430 τοῖς
1552 3367 1787 3428 τέκνοις,
1820 3364 1910 3419 δε-

326 3461 526 3514 σπόται
575 3460 654 3523 δὲ,
688 3461 803 3523 τοῖς
849 3459 1077 3524 δούλοις,
1129 3460 1348 3530 νηπίοις
1388 3459 1467 3523 δὲ,
1504 3459 1552 3511 ει
1579 3457 1658 3528 τῷ
1714 3456 1911 3528 μακρῷ

322 3556 506 3625 χρόνῳ
537 3555 617 3614 είς
646 3553 829 3624 γῆρας
857 3553 1168 3608 ἐλάσουσιν.
1214 3553 1323 3607 Ἒῶ
1369 3556 1468 3616 τὶς
1495 3554 1790 3620 γυναῖκας.
1820 3544 1912 3614 αἷς

323 3644 506 3711 αὐτοὶ,
535 3645 866 3715 τεταγμένοι
907 3645 1146 3712 κεφαλαὶ
1174 3639 1338 3706 εἶναι,
1370 3645 1454 3708 είς
1494 3644 1663 3706 πόδας
1690 3641 1915 3696 ὑποκεί-

325 3755 513 3791 σονται
548 3739 686 3792 κατὶ
717 3739 819 3807 τὴν
865 3740 1018 3808 σφῶν
1068 3738 1251 3791 αὐτῶν
1280 3736 1531 3807 γνώμην,
1562 3735 1630 3789 δι’
1665 3728 1735 3806 ἦς
1765 3734 1826 3788 τὸ
1855 3735 1913 3787 ὲν

322 3828 640 3898 ἀνθρώποις
662 3830 935 3901 ὑπερέχον
964 3830 1271 3884 κολούεται.

396 3922 505 3980 τπδ’.
541 3926 599 3979 Ei
631 3926 741 3996 γὰρ
773 3925 869 3978 καὶ
901 3926 959 3977 ὲν
1009 3930 1123 3985 τοῖς
1157 3925 1475 3992 εἰρημένοις
1525 3924 1781 3993 ἀνισότης
1824 3924 1914 3978 ἐκ·

325 4019 602 4089 πέφανται
654 4018 1085 4087 ἀναμφίλεκτος,
1126 4019 1180 4072 τί
1227 4020 1326 4089 μὴ,
1377 4036 1473 4072 του
1514 4018 1683 4074 αὐτοῦ
1717 4020 1911 4080 τόπου,

324 4112 424 4167 καὶ
459 4111 624 4182 ἔργον
674 4108 771 4165 καὶ
816 4109 1131 4181 ἀξιώματος
1181 4111 1386 4173 πάντες
1422 4113 1719 4180 γινόμενοι,
1767 4111 1914 4165 διδά-

326 4221 555 4268 σκοντες
588 4203 687 4274 μὲν
715 4204 1003 4275 πατρικῶς
1040 4205 1089 4257 οἱ
1139 4204 1555 4274 γεννησάμενοι,
1585 4206 1681 4257 καὶ
1719 4202 1919 4272 ῥυθμί-

324 4300 515 4365 ζοντις
545 4297 614 4351 τὰ
645 4297 811 4352 τέκνα
843 4299 924 4362 εἰς
949 4292 1102 4369 ἦθος,
1135 4300 1192 4350 ὲν
1226 4301 1406 4368 καιρῷ
1437 4298 1495 4351 δὲ
1527 4299 1623 4351 καὶ
1647 4296 1917 4367 ἐπιπλήτ-

324 4407 514 4453 τοντες
561 4390 660 4445 καὶ
709 4390 1065 4461 πλήττοντες,
1111 4391 1583 4446 ἀντιδιδάσκονται
1629 4394 1725 4447 καὶ
1767 4395 1916 4447 ἀντι-

326 4484 660 4551 πλήττονται
734 4484 829 4537 καὶ
898 4483 1349 4552 ἀντιγεννῶνται,
1400 4485 1496 4539 καὶ
1554 4486 1637 4548 εἰς
1688 4485 1916 4554 ἀγωγὴν

2014 3379 2538 3449 semetipsos.cnm
2610 3385 2863 3445 parentes
2918 3384 3066 3440 sunt,
3122 3375 3269 3439 ﬁliis,
3326 3389 3451 3429 cum
3508 3372 3607 3427 do-

2014 3473 2170 3534 mini,
2198 3473 2395 3532 servis.
2430 3487 2554 3527 eum
2589 3471 2655 3526 ad
2694 3469 3041 3537 grandmvam
3095 3478 3430 3523 senectutem
3472 3481 3604 3534 per-

2011 3566 2277 3631 venerint,
2309 3563 2628 3620 infantibus.
2683 3561 2838 3618 Mitto
2914 3562 3150 3617 feminas
3213 3561 3413 3631 quibus
3477 3558 3606 3625 ipsi,

2011 3657 2133 3716 licet
2157 3656 2361 3711 domini
2403 3671 2590 3710 earum
2624 3652 2933 3716 coiistituti,
2963 3652 3027 3705 ad
3067 3652 3234 3720 pedes
3262 3649 3608 3719 provolvun-

2017 3760 2103 3803 tur
2133 3748 2354 3819 quando
2381 3748 2489 3802 illis
2515 3747 2761 3809 libuerit,
2794 3746 2867 3799 ita
2904 3755 2965 3798 ut
3008 3743 3142 3798 illud
3173 3757 3281 3812 quo
3311 3741 3415 3796 viri
3440 3749 3603 3795 ante-

2014 3843 2211 3897 cellens.
2239 3843 2458 3901 debent.
2495 3840 2710 3908 penitus
2760 3839 3178 3893 intervertatur.

2087 3934 2169 3988 84.
2223 3933 2285 3988 Ει
2314 3936 2358 3990 si
2398 3934 2450 3987 in
2482 3933 2645 3988 dictis
2675 3931 3024 4001 inzrqualitas
3052 3928 3347 3985 manifesto
3383 3932 3609 3997 apparet

2017 4044 2115 4082 cur
2149 4045 2280 4093 non,
2317 4043 2441 4083 cum
2478 4041 2671 4083 omnes
2694 4028 2889 4081 eolem
2956 4026 3009 4079 in
3075 4025 3196 4078 loco
3222 4033 3278 4079 et
3324 4037 3492 4092 opere
3552 4027 3611 4075 et

2017 4119 2227 4174 honore
2256 4118 2544 4185 exsistant,
2577 4126 2761 4187 patres
2785 4120 2878 4185 qui
2935 4117 3075 4171 lilios
3117 4115 3415 4170 instituunt
3439 4123 3494 4167 et
3527 4113 3595 4167 ad

2018 4228 2199 4267 mores
2232 4213 2490 4267 honestos
2536 4221 2892 4281 componunt.
2956 4226 3055 4263 nec
3111 4224 3221 4263 non
3252 4208 3305 4262 in
3358 4216 3609 4276 tempore

2017 4303 2302 4373 vituperiis
2324 4313 2379 4357 et
2408 4302 2727 4358 verberibus
2764 4304 3058 4365 castigant,
3088 4309 3141 4356 ct
3203 4300 3309 4371 ipsi
3355 4300 3605 4355 vicissim

2018 4393 2322 4448 edocentur
2348 4403 2396 4448 et
2420 4395 2765 4463 castigantur
2794 4405 2847 4449 et
2879 4405 3235 4464 generantur,
3264 4406 3318 4451 et
3346 4395 3409 4448 ad
3441 4394 3608 4448 vitam

1974 4478 1983 4483 ’
2021 4487 2285 4555 puerilem
2322 4486 2717 4553 redeunt?Qui
2743 4495 2923 4543 autem
2954 4497 3135 4557 patres
3205 4487 3439 4543 familias
3477 4502 3611 4540 con-

326 4576 731 4646 επανέρχονται
752 4575 1002 4645 νηπιώδη
1023 4592 1040 4642 ;
1065 4569 1161 4633 Οἷς
1183 4576 1241 4629 δὲ
1263 4578 1666 4631 οἶκοεεσποτεῖν
1688 4576 1914 4641 δίδοται,

2025 4577 2200 4632 stiluti
2232 4588 2379 4641 sunt,
2414 4594 2513 4633 cur
2540 4595 2647 4633 non
2678 4589 2731 4633 et
2765 4579 2868 4648 ipsi
2898 4579 3074 4634 servis
3100 4594 3219 4633 sese
3251 4579 3491 4631 Siliititlnl
3528 4579 3611 4628 in-

325 4667 417 4721 διὰ
446 4667 500 4719 τί
536 4669 611 4736 μὴ
643 4671 741 4721 καὶ
765 4666 922 4721 αὐτοὶ
950 4670 1063 4730 τοῖς
1093 4667 1305 4732 δούλοις
1336 4667 1766 4734 ὁποὸισάζούσιν
1791 4669 1918 4723 ἑαυ-

323 4763 454 4824 τοὺς
484 4762 545 4815 ἐν
579 4760 761 4831 μέρει,
790 4760 888 4815 καὶ
936 4760 1109 4822 οὕτως
1150 4759 1471 4824 ἀνισάζουσι
1511 4760 1572 4813 τδ
1613 4761 1714 4829 τῆς
1742 4759 1916 4831 τύχης

326 4855 712 4928 ἑτεῳρῤεπές
735 4855 804 4908 Τί
832 4854 908 4926 μὴ
928 4856 1022 4909 καὶ
1047 4855 1098 4908 οἱ
1143 4856 1220 4924 τῷ
1245 4855 1395 4926 γήρᾳ
1425 4855 1749 4925 πρέσϐιστοι
1784 4857 1918 4909 ἐπα-

325 4946 731 5017 ναστρὲφουσιν
760 4946 843 5009 εἰς
878 4946 1094 5010 παιδία,
1120 4947 1219 5017 οὐχ
1262 4946 1339 5010 ὡς
1377 4945 1786 5018 κληρονομῆσαι
1819 4947 1919 5019 βα-

328 5038 538 5092 σιλείαν
571 5037 839 5109 οὐρανῶν,
868 5039 1007 5091 ἀλλά
1037 5040 1319 5092 ἐκκεῖσθαι
1345 5039 1650 5108 ἀθύρμασι,
1677 5040 1773 5093 καὶ
1792 5040 1927 5092 mil;

328 5130 443 5196 ζειν
470 5132 568 5184 καὶ
591 5130 914 5197 παίζεσθαις
939 5131 1097 5186 Οὕτω
1119 5133 1176 5186 δὲ
1197 5133 1264 5187 ἂν
1289 5134 1386 5187 καὶ
1418 5134 1680 5202 γυναῖκες
1708 5134 1798 5187 διὰ
1819 5134 1918 5204 τὴν

327 5224 591 5295 τοιαύτην
642 5225 899 5291 ὲξίσωσιν
952 5225 1408 5296 ἀντιτεθήσονται
1455 5227 1570 5290 τοῖς
1620 5226 1918 5296 όμοζύγοις

331 5319 427 5370 καὶ
465 5317 826 5382 δεσπόζουσιν
859 5318 1061 5384 αὐτῶν,
1105 5319 1203 5371 κα)⁸
1232 5318 1325 5372 τὸν
1359 5318 1725 5373 ἀποστολικδν
1760 5318 1920 5388 ἆγιον

332 5407 534 5461 κανόνα
561 5406 628 5462 λύ
642 5423 810 5471 τουσι,
844 5409 941 5461 καὶ
967 5407 1173 5462 ἄναλλα
1197 5408 1387 5479 τρόπῳ
1418 5408 1611 5481 τοιῷδε
1644 5409 1713 5462 τὰ
1739 5410 1918 5462 πάντα

331 5500 679 5570 γενήσονται.
729 5499 853 5565 Πῶς
891 5502 1000 5572 γὰρ
1049 5501 1147 5554 καὶ
1197 5499 1694 5571 ἀποκληρώσομεν,
1741 5501 1919 5564 ἄλλως

335 5593 438 5664 μὲν
471 5593 573 5656 τὰς
629 5592 725 5647 καὶ
757 5594 995 5661 φυσικὰς
1034 5592 1129 5645 καὶ
1181 5594 1565 5663 πνευματικὰς
1612 5595 1790 5665 ἀρχὰς
1823 5612 1925 5647 και

330 5682 655 5751 ταλύεσθαι,
703 5685 800 5747 τὰς
860 5685 1198 5755 ὁπουδήποτε
1248 5684 1455 5748 ἄλλοθι,
1483 5686 1551 5738 es
1580 5684 1638 5739 δὲ
1668 5685 1923 5739 οἱκειακὰ

334 5775 477 5843 μόνα
518 5774 578 5829 εὖ
615 5774 974 5842 καθεστάναι,
1022 5778 1090 5830 τὰ
1134 5778 1213 5841 εἰς
1268 5777 1553 5848 προταγὴν
1594 5777 1689 5831 καὶ
1722 5777 1924 5831 ὑποτα-

329 5865 438 5936 γήν
458 5884 475 5931 ς

2026 4669 2260 4724 terdum.
2324 4677 2373 4722 et
2432 4668 2521 4722 sic
2563 4667 2790 4723 fortunae
2851 4668 3215 4738 imparilatein
3269 4668 3612 4735 exmquant?

2023 4755 2164 4823 Quid
2195 4757 2432 4827 denique
2464 4758 2541 4813 illi
2570 4758 2660 4827 qui
2689 4758 2756 4812 ad
2782 4758 3116 4827 decrepitam
3145 4757 3414 4812 devenere
3441 4773 3601 4809 sene-

2024 4855 2253 4911 ctutem,
2282 4848 2521 4919 ejusdem
2561 4849 2889 4915 mqualitatis
2921 4865 3107 4913 causa,
3145 4864 3252 4902 nou
3321 4857 3610 4902 i‘cvurlllt”

2028 4951 2113 4994 tur
2146 4941 2210 4993 ad
2249 4940 2559 5003 infantiam,
2589 4940 2729 4993 haud
2756 4956 2889 4994 sane
2928 4952 2983 4994 ut
3011 4940 3160 5009 regni
3188 4939 3453 4994 cmiorum
3494 4938 3608 4990 Irr-
3635 4954 3677 5011 ο,

2027 5034 2184 5088 redes
2215 5034 2364 5100 ﬁant,
2398 5035 2492 5089 scd
2520 5043 2575 5087 ut
2602 5034 2827 5088 ludicris
2883 5033 3248 5096 delectentur,
3309 5042 3365 5087 ct
3415 5032 3612 5086 ludunt

2026 5134 2081 5179 et
2121 5125 2359 5179 ludibrio
2388 5124 2730 5180 habeantur?
2759 5123 2834 5177 ita
2858 5123 3021 5177 etiam
3060 5120 3340 5185 mulieres,
3362 5120 3607 5189 ejus-ictu
3635 5176 3643 5184 ,

2027 5202 2277 5289 paritatis
2313 5219 2509 5289 gratia,
2539 5218 2864 5287 coniugibus
2898 5217 2991 5286 qui
3025 5229 3215 5270 carum
3250 5212 3455 5269 domini
3481 5219 3615 5266 aunt

2028 5312 2489 5380 aibcquabuntur,
2516 5321 2859 5365 etsanctum
2901 5308 3148 5379 Apostoli
3180 5322 3450 5362 canonem
3484 5306 3610 5359 irri-

2027 5411 2142 5457 tum
2171 5400 2416 5466 reddent,
2445 5411 2607 5470 atque
2636 5402 2739 5456 hoc
2766 5401 2929 5454 modo
2952 5398 3609 5454 omniaintervertentur.

2030 5493 2317 5560 Quomodo
2352 5494 2496 5548 enim
2528 5494 2641 5547 tieri
2689 5494 2908 5562 poterit,
2945 5500 3004 5547 ut
3063 5491 3351 5561 principiis
3388 5500 3614 5543 natura-

2031 5589 2176 5643 libus
2210 5598 2263 5642 et
2293 5587 2679 5657 spiritualibus
2711 5628 2726 5650 ,
2795 5601 3138 5657 qumcunque
3188 5584 3409 5638 demum
3474 5588 3611 5646 s':nt,

2031 5680 2313 5737 dissolutis
2349 5690 2514 5751 atque
2539 5680 2887 5749 contemptis,
2941 5694 3004 5735 ea
3029 5693 3150 5748 qua:
3201 5678 3267 5731 ad
3322 5684 3615 5745 regnantes

2032 5785 2087 5829 et
2133 5775 2382 5830 subditos
2440 5783 2710 5846 spectant,
2770 5775 2908 5831 bene
2979 5770 3125 5843 apud
3176 5784 3280 5825 nos
3336 5764 3615 5825 habeant?
