4090 6428
449 383 556 445 3ῐὸ

447 589 560 657 jam
612 604 738 641 vero
766 591 928 641 etiam
974 589 1224 651 ili-sertis,
1282 604 1401 657 qua:
1435 590 1589 642 multi
1618 590 1710 658 qui
1744 590 1905 641 \itam
1942 605 2029 643 sc-

458 677 702 730 cuudum
758 677 925 730 Deum
983 679 1194 742 vivunt,
1241 686 1296 731 et
1340 678 1653 733 dilexerunt
1684 691 1732 734 et
1771 679 2032 742 diligunt,

453 769 583 823 etin
602 769 998 823 habitationem
1013 769 1278 824 Nazirteis
1300 770 1520 838 dignam
1537 768 2032 833 transformarunt,

455 861 548 915 ubi
581 876 758 928 neque
785 860 1080 921 invenitur.
1107 875 1285 930 neque
1313 869 1605 931 cooptatur
1632 870 1729 916 aut
1757 861 2031 929 diligitur,

453 954 566 1005 imo
594 966 662 1007 ne
696 953 962 1021 quzrritur
1005 951 1227 1021 quidem
1279 952 1619 1024 firmiterque
1681 952 2037 1008 constituitur

354 1038 371 1045 ’
457 1044 711 1114 superior
740 1044 1043 1099 secundum
1074 1043 1340 1113 Spiritum
1395 1053 1663 1109 sanctum,
1714 1045 1882 1113 legem
1918 1058 2037 1099 recc

457 1144 569 1190 tam
603 1150 873 1206 usumque
905 1136 1232 1190 laudabilem
1257 1144 1313 1191 et
1359 1145 1567 1191 natura:
1596 1139 2035 1201 convenientem,

456 1240 512 1283 ct
550 1229 778 1285 inferior
814 1230 907 1299 qui
937 1230 985 1283 ei
1032 1230 1233 1294 subsit,
1265 1246 1332 1284 ex
1368 1229 1569 1299 quibus
1604 1231 1871 1287 ambobus
1916 1229 2040 1303 pul-

458 1325 611 1385 chra.
664 1322 1009 1379 rationabilis
1046 1323 1427 1393 laudandaque
1482 1324 1773 1379 conficitur
1805 1326 2036 1394 paritas,

459 1416 761 1469 secundum
834 1429 1021 1481 quam,
1076 1413 1169 1468 ubi
1233 1430 1320 1469 res
1374 1414 1832 1470 administrantur
1880 1416 2036 1485 juxta

458 1504 698 1556 divinant
751 1502 1111 1567 voluntatem,
1175 1502 1330 1557 multi
1396 1503 1650 1575 discipuli
1704 1505 2033 1564 doctoribus

459 1592 840 1663 perfectiores,
893 1596 1035 1649 servi
1095 1596 1250 1665 probi
1303 1597 1542 1652 dominis
1598 1600 2038 1665 excellentiorcs.

465 1686 731 1753 infantes,
771 1688 1068 1743 secundum
1115 1688 1356 1744 divinam
1429 1691 1814 1749 revelationem
1848 1704 1903 1749 et
1940 1696 2041 1751 be-

461 1782 808 1852 nignitatem,
856 1782 1081 1839 senibus
1108 1784 1485 1849 prudentiores
1515 1784 1669 1850 fiunt,
1694 1795 1748 1842 et
1780 1789 2042 1844 mulieres

1118 381 1545 443 EUSTATlIIl
1593 381 2048 444 TIIESSALON

2153 381 2377 443 ENSES
2414 382 2977 441 ΜΓῪΠΟΡΟΙΛΤΕ

524 497 614 550 Si}.
658 495 745 550 Va:
777 497 1094 564 regionibus
1141 508 1193 549 et
1226 498 1440 567 oppidis
1498 507 1553 551 et
1592 498 1729 551 viris
1769 507 1821 551 et
1869 498 2035 565 agris,
2077 504 2113 558 Α

3614 383 3716 447 3’.6

2218 505 2321 552 713'.
2379 499 2516 550 Οὒαὶ
2570 499 2778 567 χώραις
2834 499 2927 551 καὶ
2965 498 3152 552 πόλετι
3203 500 3297 551 καὶ
3355 499 3571 570 κώμαις
3627 510 3721 561 καὶ

2137 589 2480 660 ἁ·ξροῖς,ἥδη
2533 590 2588 641 δὲ
2622 590 2719 643 καὶ
2768 590 3020 659 ἐρήμοις,
3073 589 3138 652 ἃς
3187 589 3375 643 πολλοὶ
3427 592 3536 645 τῶν
3584 595 3720 651 κατὰ

2133 682 2268 734 Θεδν
2301 681 2522 745 ζώντων
2550 681 2857 750 ἠγάπησαν
2891 682 2983 734 καὶ
3013 680 3293 749 ἀγαπῶσι,
3328 682 3423 736 καὶ
3455 685 3534 746 εἰς
3584 685 3721 736 οἰκι-

2138 779 2276 847 σμόν
2333 778 2696 847 μετεϐάλοντο
2749 777 3072 847 Ναζιραίοις
3132 779 3437 848 πρέποντα,
3479 779 3615 833 ἔνθα⁶
3645 781 3719 849 μὴ

2136 872 2458 940 εὑρίσκεται
2486 872 2581 925 καὶ
2612 872 2928 939 ὲπιλέγεται
2961 872 3055 923 καὶ
3084 873 3400 941 στέργεται,
3435 872 3526 926 ναὶ
3548 874 3604 927 δὲ
3628 877 3721 928 καὶ

2138 964 2385 1033 ζητεῖται
2438 966 2536 1018 καὶ
2565 965 2827 1016 τάσσεται
2889 963 3132 1033 στερεῶς
3163 966 3191 1018 ό
3241 965 3344 1033 μέν
3375 982 3460 1029 τις
3514 966 3722 1036 μείζων

2138 1053 2284 1108 κατὰ
2316 1054 2544 1124 Πνεῦμα
2589 1055 2745 1121 ἅγιον
2776 1056 2872 1108 καὶ
2904 1056 3071 1125 νόμον
3113 1056 3275 1124 όρθδν
3305 1060 3398 1110 καὶ
3438 1056 3559 1120 ἔθος
3589 1058 3720 1110 εὐθὺ

2139 1146 2234 1198 καὶ
2290 1146 2452 1211 φύσει
2509 1149 2974 1219 παραδεδομένον,
3017 1151 3044 1200 ὀ
3106 1150 3164 1203 δὲ
3196 1150 3289 1202 ὑπ’
3345 1153 3575 1218 ἐκεῖνον,
3630 1147 3719 1204 οἷα

2139 1240 2403 1292 ἐλάττων*
2443 1240 2500 1302 ἐξ
2532 1234 2607 1291 ὧν
2641 1241 3026 1310 ἀμφοτέρωνή
3086 1243 3227 1309 καλὴ
3291 1243 3383 1294 καὶ
3415 1245 3473 1295 ἐν
3513 1244 3720 1311 ἰσότητι

2143 1330 2281 1397 σοφὴ
2313 1332 2409 1384 καὶ
2461 1332 2720 1401 ἐπαινετὴ
2773 1337 3175 1401 γεωμετρεῖται
3243 1335 3447 1405 ἰσότης,
3479 1334 3604 1388 καθ’
3652 1335 3721 1399 ἢν

2142 1419 2376 1485 ἐναλλὰξ
2405 1420 2514 1474 τῶν
2545 1424 2892 1491 πραγμάτιον
2930 1424 3459 1495 διοικονομουμένων
3485 1425 3722 1494 ἐλλόγως

2143 1514 2328 1567 θεόθεν
2363 1516 2459 1569 καὶ
2488 1515 2728 1583 μαθηταὶ
2754 1517 2939 1570 πολλοὶ
2964 1519 3275 1588 κρείττονες
3304 1517 3643 1571 διδασκάλων
3664 1519 3723 1571 ὲν

2142 1610 2547 1677 ἀποτελέσματυ.
2580 1610 2846 1678 γίνονται,
2896 1612 2991 1665 καὶ
3022 1612 3198 1666 δοῦλοι
3231 1613 3290 1666 δὲ
3328 1612 3528 1680 ἀγαθοὶ
3556 1613 3725 1680 ὑπέρ-

2142 1716 2198 1751 τε
2211 1716 2289 1767 ροι
2312 1699 2590 1753 δεσποτῶν
2618 1700 2693 1773 μὴ
2723 1700 3012 1765 τοιούτων,
3068 1704 3164 1756 καὶ
3193 1704 3368 1773 νήπια
3432 1702 3722 1772 ὑπερφερῆ

2146 1792 2424 1861 γερόντιον
2457 1793 2521 1845 ἐκ
2550 1793 2701 1855 θείας
2740 1794 3141 1864 ἀποκαλύψεως
3179 1795 3275 1849 καὶ
3331 1793 3722 1863 δυναμώσεως,

461 1876 555 1930 Dei
609 1876 781 1945 gratia
817 1891 881 1930 ac
922 1877 1188 1945 sapientia
1224 1877 1513 1934 illustratze
1541 1880 1787 1934 animum
1823 1882 2034 1938 virilem

2153 1885 2238 1936 καὶ
2297 1886 2560 1951 γυναῖκες
2637 1885 2981 1954 ἀνδρίζονται
3040 1885 3205 1956 σοφία
3279 1885 3404 1956 θείᾳ
3471 1886 3571 1939 καὶ
3624 1886 3725 1955 χά-

462 1967 745 2019 cvltilwttt.

539 2062 626 2114 86.
659 2064 700 2114 0
725 2071 871 2116 artes
910 2061 1231 2133 litteraeque,
1265 2063 1457 2131 quidni
1488 2072 1544 2118 et
1573 2078 1670 2119 vos
1702 2064 1933 2119 invicem
1958 2066 2041 2119 in-

460 2153 677 2217 videtis,
708 2164 761 2209 et
788 2156 856 2210 de
906 2155 1314 2225 pra-eminentia
1358 2156 1601 2224 iactatis,
1633 2167 1798 2226 atque
1818 2160 2044 2213 annula-

464 2248 611 2301 tione
637 2248 884 2315 improba
921 2248 1251 2304 dissidetis?
1307 2251 1350 2303 Ο
1395 2249 1623 2305 missum
1674 2265 1874 2320 corpus
1928 2268 2044 2305 ma-

464 2354 655 2408 gnum,
713 2339 1014 2394 secundum
1076 2350 1318 2395 veterem
1377 2341 1717 2411 Opinionem,
1773 2343 2043 2398 descende

468 2432 787 2501 aliquando,
819 2440 872 2487 et
907 2447 1030 2501 quae
1084 2433 1179 2488 tibi
1230 2434 1450 2489 subdita
1503 2443 1651 2497 sunt,
1684 2436 1738 2489 in
1793 2436 2041 2490 ctelitum

467 2539 699 2579 numero
739 2525 1011 2579 receuscri
1045 2526 1316 2594 permitte.
1351 2526 1395 2582 Ο
1455 2528 1699 2583 membra
1729 2529 2043 2597 particulte-

466 2631 572 2684 que
605 2616 916 2672 hominibus
966 2617 1219 2687 propriae,
1268 2618 1457 2688 quidni
1522 2619 1811 2684 insurgitis
1848 2629 2040 2674 contra

468 2708 758 2773 pulchrttm
796 2718 985 2777 caput,
1013 2722 1257 2763 vesnum
1290 2709 1454 2764 veluti
1515 2711 1711 2764 malum
1745 2710 1907 2765 ?Cur
1946 2728 2043 2765 vo-

468 2800 551 2855 bis
598 2801 882 2856 tolerabile
913 2801 1153 2863 videtur,
1189 2810 1250 2856 ut
1273 2802 1642 2856 membrorum
1676 2806 1923 2874 compagi
1948 2819 2039 2858 su-

468 2893 857 2963 perimpositus
886 2895 960 2948 sit
993 2894 1248 2965 globulus
1307 2893 1702 2960 foraminosus,
1754 2897 2044 2950 maximam

466 2995 673 3052 partem
701 3001 763 3041 ex
787 2987 1006 3042 ossibus
1024 2986 1365 3057 compositus
1384 2997 1437 3041 et
1459 3000 1626 3042 carne
1651 2987 2046 3057 propemodum

414 3152 420 3157 υ
468 3078 808 3134 destitutus?
833 3078 942 3134 Cur
986 3088 1225 3134 vestrum
1287 3078 1720 3150 unumquodque
1751 3080 1963 3136 laborat
1985 3096 2049 3135 ac

468 3172 725 3239 luctatur,
778 3173 1079 3243 praesertim
1138 3187 1268 3227 vero
1320 3180 1529 3241 pectus,
1578 3173 1708 3228 dum
1774 3183 1940 3242 caput
1995 3173 2046 3226 iu

472 3267 581 3319 alto
624 3267 865 3335 positum
909 3266 1088 3319 omnis
1119 3264 1327 3321 laboris
1369 3280 1564 3334 expers
1619 3265 1844 3328 eminet,
1882 3273 1936 3319 et
1965 3276 2040 3335 ty-

468 3360 624 3413 ranni
646 3359 819 3414 instar
838 3358 1195 3427 superciliose
1227 3357 1533 3413 luxuriatur
1561 3367 1616 3412 et
1636 3368 1832 3413 czrtera
1874 3372 2044 3411 ment-

471 3453 567 3506 lira
603 3452 772 3506 veluti
807 3450 1033 3504 humilia
1081 3448 1364 3520 despicit?
1406 3447 1452 3505 Ο
1480 3464 1574 3505 vos
1612 3450 1701 3519 qui
1731 3450 1892 3504 nobis
1943 3451 2042 3502 do-

470 3550 650 3611 gmata
675 3549 823 3597 recta
849 3552 1228 3612 prteceptaque
1251 3540 1435 3597 divina
1460 3541 1787 3605 tradidistis,
1812 3540 2044 3607 apostoli

469 3643 523 3688 et
572 3632 751 3687 (ταξιοιί
811 3633 965 3688 verbi
1031 3632 1273 3689 ccelestis
1323 3647 1625 3703 prmcones,
1688 3647 1788 3687 cur
1827 3632 2043 3686 tandem

476 3726 718 3782 animum
779 3725 844 3779 ad
919 3738 1015 3779 vos
1068 3726 1350 3780 advertere
1375 3725 1603 3795 jubetis,
1672 3739 1775 3780 nec
1835 3724 2048 3792 legibus

474 3818 671 3873 vestris
702 3832 767 3874 ac
793 3816 1064 3871 doctrinis
1098 3816 1375 3871 adversari
1430 3814 1656 3870 sinitis?
1683 3814 1876 3871 Nonne
1922 3816 2045 3869 uni-

474 3909 623 3964 versi
660 3922 761 3964 nos
795 3906 1260 3978 quemadmodum
1315 3921 1411 3961 vos
1457 3921 1676 3977 quoque
1735 3904 1987 3961 homines
2020 3922 2050 3961 e

476 4003 595 4056 luto
625 3999 846 4055 conficti
898 4014 1086 4053 sumus
1110 3998 1135 4050 ἲ

547 4095 639 4148 87.
700 4093 823 4148 llaec
879 4093 1087 4157 omnia,
1143 4106 1266 4162 quae
1298 4091 1498 4147 talibus
1562 4091 1724 4147 dictis
1783 4092 2053 4159 factisque

475 4186 1035 4257 comprehenduntur,
1106 4199 1346 4254 quonam
1398 4183 1645 4253 tendant,
1693 4184 1907 4239 nonnisi
1958 4185 2053 4254 qui

475 4296 664 4338 crasso
694 4280 915 4347 ingenio
966 4278 1181 4333 laborat
1230 4285 1285 4331 et
1318 4292 1401 4331 res
1456 4277 1695 4346 penitius
1744 4278 2054 4347 perspicere

480 4373 690 4442 nequit,
721 4370 880 4425 facile
930 4368 1281 4440 iguoraverit.
1321 4369 1559 4437 Apparet
1602 4368 1774 4432 enim,
1808 4385 1933 4423 eum
1959 4370 2054 4439 qui

480 4482 589 4521 non
624 4465 821 4521 intimo
875 4464 1041 4519 corde
1103 4463 1481 4532 apostolorum
1536 4460 1872 4531 Petrumque
1923 4461 2055 4516 doc-

2150 1996 2180 2048 ρ
2206 1996 2281 2030 τι.

2221 2067 2343 2134 πς’.
2368 2065 2440 2122 Ὦ
2469 2072 2657 2140 τέχναι
2698 2073 2793 2122 καὶ
2828 2073 3155 2139 ἐπιστῆμαι,
3205 2073 3258 2125 τί
3291 2072 3365 2140 μὴ
3393 2073 3482 2126 διὰ
3521 2072 3725 2141 φθόνου

2150 2164 2245 2215 καὶ
2282 2164 2442 2233 ὑμεῖς
2466 2163 2727 2232 ἀλλήλαις
2757 2164 3004 2235 ἔρχεσθε,
3049 2160 3129 2227 οἷς
3162 2164 3498 2234 θεωρυῦνται
3522 2164 3727 2223 67:500-

2150 2257 2264 2322 γαὶ,
2298 2259 2393 2310 καὶ
2421 2259 2480 2311 ὲν
2514 2259 2644 2326 ὑμῖν
2666 2258 2728 2309 τὸ
2782 2257 3076 2324 ἐπίφθονον
3112 2259 3169 2309 ἐν
3207 2262 3318 2321 τοῖς
3352 2259 3478 2311 καθ’
3528 2260 3676 2325 ἡμᾶς
3708 2272 3724 2325 ;

2151 2342 2221 2399 Ὦ
2245 2349 2495 2415 πεμπτδν
2548 2348 2693 2417 μέγα
2719 2348 2901 2415 σῶμα.
2933 2347 2994 2399 τὸ
3052 2348 3196 2402 κατὰ
3258 2349 3498 2402 παλαιὰν
3543 2348 3725 2411 δόξτν,

2153 2438 2533 2505 ὕποκατὰϐηθι
2562 2440 2740 2507 χρόνῳ
2774 2439 2928 2499 ποτε,
2989 2441 3084 2492 καὶ
3140 2439 3541 2509 παραχώρησον
3565 2439 3730 2509 οὖρα-

2154 2530 2397 2596 νωθῆναι
2428 2531 2497 2583 τὰ
2543 2530 2648 2583 ὑπὸ
2680 2532 2760 2583 σέ.
2815 2526 2887 2583 Ὠ
2925 2531 3065 2600 μέλη
3119 2531 3213 2583 καὶ
3248 2533 3390 2600 μέρη
3422 2530 3492 2584 τὰ
3528 2531 3586 2583 ὲν
3637 2533 3729 2583 άν-

2155 2621 2414 2691 θρώποις,
2451 2624 2503 2674 τί
2540 2623 2613 2692 μὴ
2649 2621 3113 2688 κατεξανίστασθε
3142 2623 3242 2689 τῆς
3263 2622 3438 2692 καλῆς
3460 2622 3727 2690 κεφαλῆς,

2152 2710 2248 2764 τοῦ
2288 2713 2347 2764 ὲν
2378 2714 2509 2782 ἡμῖν
2538 2713 2793 2781 οὐρανοῦ,
2826 2713 2961 2765 ἀλλὰ
2985 2714 3214 2766 ἀνεκτὸν
3248 2715 3378 2783 ύμῖν
3407 2715 3577 2779 δοκεῖ,
3608 2715 3731 2768 όλου

2160 2804 2379 2869 μελείας
2402 2805 2657 2873 τοιαύτης
2686 2804 3049 2868 ὑπερκεῖσθαι
3084 2806 3336 2875 σφαιρίον
3369 2806 3729 2878 πολύτρητον,

2154 2890 2213 2950 οὗ
2243 2897 2305 2949 τὸ
2333 2897 2515 2949 πλεῖον
2548 2896 2784 2958 ὀστῶδες
2808 2898 2901 2949 καὶ
2931 2898 3052 2950 οὐδὲ
3107 2897 3373 2967 πλουτοῦν
3398 2901 3600 2969 σαρκὸς
3632 2916 3732 2950 πε-

2159 2986 2511 3055 ριουσιασμόν
2542 3002 2555 3052 ;
2592 2987 2687 3036 Διά
2716 2985 2770 3037 τί
2804 2985 2859 3038 δὲ
2912 2986 3064 3054 ὑμῶν
3105 2986 3205 3055 μὲν
3261 2987 3498 3039 ἕκαστον
3532 2986 3730 3056 μοχθεῖ

2157 3079 2249 3132 καὶ
2275 3080 2476 3148 μᾶλλον
2510 3078 2579 3130 τὰ
2617 3080 2755 3145 μετᾶ
2780 3077 2872 3130 τὸν
2907 3077 3154 3147 θώρακα,
3194 3078 3254 3130 τὸ
3274 3078 3330 3131 δὲ
3357 3078 3460 3147 τῆς
3488 3078 3731 3147 κεφαλῆς

2158 3174 2370 3242 ἕξαρμα
2400 3172 2603 3241 μόχθου
2630 3171 2831 3234 παντὸς
2859 3171 3156 3241 ἀπείρατον
3197 3171 3604 3243 ὑπερκάθηται,
3635 3173 3733 3225 καὶ

2161 3267 2235 3330 ὡς
2261 3264 2352 3321 οἷὰ
2379 3284 2463 3328 τις
2491 3266 2757 3334 τύραννος
2783 3265 3095 3331 ὲξαπόπτου
3124 3267 3329 3336 τρυφᾷ,
3379 3266 3477 3319 καὶ
3505 3266 3607 3319 ὅσα
3638 3267 3733 3319 καὶ

2149 3358 2375 3427 πεδινῆς
2402 3358 2505 3425 τῆς
2555 3356 2752 3425 λοιπῆς
2783 3356 3035 3426 διαρτίας
3083 3356 3262 3410 ἐθέλει
3328 3359 3732 3428 κατατρυφᾷν;

2147 3447 2217 3502 Ὦ
2246 3450 2543 3517 παραδόται
2566 3449 2676 3501 τῶν
2713 3451 2771 3503 ὲν
2795 3450 2925 3516 ἡμῖν
2969 3450 3372 3519 καὶδογμᾶτων
3412 3449 3591 3519 ὀρθῶν
3638 3451 3736 3503 καὶ

2149 3542 2489 3610 πραγμάτων
2551 3540 2731 3605 θείων,
2788 3540 3081 3594 ἀπόστολοι
3136 3544 3230 3594 καὶ
3261 3542 3442 3594 λοιποὶ
3469 3540 3735 3610 θεοκήρυ-

2150 3650 2267 3695 κες,
2298 3632 2351 3685 τί
2376 3632 2574 3700 δήποτε
2596 3630 2847 3685 κελεύετε
2876 3633 3027 3702 ἡμᾶς
3068 3632 3213 3702 ἔχειν
3271 3633 3397 3695 τοὺς
3429 3631 3726 3701 λογισμοὺς

2152 3724 2287 3793 πρὸς
2330 3724 2482 3792 ὑμῖν,
2541 3726 2637 3776 καὶ
2687 3724 2762 3792 μὴ
2797 3723 2984 3791 ἀφίετε
3008 3724 3440 3791 ἁντινομοθετεῖν
3463 3725 3555 3777 καὶ
3581 3725 3731 3776 ἀντι-

2153 3816 2561 3885 γνωματεύειν;
2596 3810 2673 3867 Ἶί
2721 3816 2826 3883 γὰρ
2864 3817 2986 3884 οὐχὶ
3014 3817 3107 3870 καὶ
3132 3818 3287 3885 ἡμεῖς
3320 3818 3518 3880 πάντες
3538 3817 3732 3886 ἐπίσης

2153 3909 2280 3975 ὑμῖν
2332 3908 2426 3960 καὶ
2472 3907 2675 3976 ὁμοίιος
2707 3910 2815 3961 ἀπὸ
2868 3908 2969 3977 γῆς
3008 3909 3286 3978 ἄνθρωποι
3330 3910 3731 3980 πεπλάσμεθα;

2231 4086 2339 4152 πζθ.
2397 4087 2582 4141 Ταῦτα
2614 4087 2668 4140 δὲ
2698 4087 2896 4151 πάντα,
2928 4088 3021 4141 καὶ
3062 4089 3178 4141 ὅσοι
3213 4087 3447 4142 τοιοῦτοι
3466 4089 3618 4158 λόγοι
3643 4090 3739 4142 καὶ

2156 4182 2340 4250 ἠθικοὶ
2372 4180 2589 4250 τρόποι,
2630 4179 2734 4232 ποῦ
2783 4180 2916 4233 ποτὲ
2969 4180 3375 4248 ἅνατείνονται,
3425 4183 3607 4251 παχὺς
3671 4183 3739 4236 ἂν

2157 4274 2243 4343 εῐη
2301 4273 2509 4342 καὶμὴ
2572 4272 2794 4343 βάπτων
2828 4277 2911 4334 είς
2962 4272 3089 4325 νοῦν
3149 4273 3319 4343 βαθὺν
3384 4275 3479 4328 καὶ
3521 4274 3739 4345 ὀρθὸνό

2161 4366 2395 4433 ἀγνοῶν.
2433 4366 2605 4434 Δῆλον
2634 4365 2764 4434 γὰρ,
2792 4363 2867 4427 ὡς
2897 4365 2926 4417 ό
2974 4365 3049 4435 μὴ
3096 4366 3421 4431 ὲνδιαθέτως
3476 4383 3742 4437 ειιροσποιε⁵
3814 4382 3821 4387 ’

2162 4456 2415 4526 ούμενος,
2451 4456 2550 4509 καὶ
2592 4454 2734 4508 οὕτω
2768 4455 3011 4525 φιληδῶν
3065 4457 3181 4520 τοῖς
3214 4458 3600 4521 ἀποστολικοῖς
3642 4459 3739 4510 καὶ

480 4561 638 4615 trina:
668 4558 939 4620 addictus,
963 4556 1056 4611 sed
1083 4554 1150 4609 ab
1174 4568 1236 4608 ea
1267 4554 1477 4610 alienus
1508 4562 1610 4618 εει,
1646 4553 1791 4608 haud
1826 4553 2048 4607 multum

2164 4549 2507 4618 πατερικοῖς,
2556 4546 2678 4600 ἀλλ’
2738 4547 3349 4618 ἀποπροσποιούμενος,
3403 4549 3570 4616 ἐγγὺς
3607 4548 3735 4617 ἥκει

475 4653 672 4709 abesse
703 4666 732 4704 a
768 4645 1184 4704 contemnendis
1223 4646 1393 4701 rebus
1441 4645 1661 4709 divinis,
1716 4660 1841 4699 cum
1872 4654 2056 4701 tamen

478 4747 625 4799 inter
659 4754 853 4797 omnes
879 4745 1118 4804 constet,
1153 4752 1183 4791 a
1211 4735 1321 4791 Deo
1373 4735 1514 4791 sicut
1538 4751 1704 4792 omne
1735 4737 1940 4791 bonum
1985 4737 2059 4790 ita

476 4836 642 4890 etiam
672 4832 1022 4890 sanctissima
1056 4827 1347 4900 Evangelia
1396 4828 1598 4883 tradita
1644 4842 1787 4897 esse,
1837 4837 1892 4883 et
1923 4829 2058 4884 doc-

478 4928 679 4982 trinam
709 4923 1082 4994 apostolorum
1112 4931 1547 4993 cmterorumque
1576 4921 1887 4976 divinorum
1920 4936 2062 4991 prae-

479 5032 681 5072 connm
717 5024 771 5071 et
814 5016 1172 5085 interpretum
1203 5014 1270 5068 ad
1300 5027 1400 5069 nos
1430 5013 1735 5083 pervenire.
1773 5012 2063 5082 Quaprop-

481 5118 567 5164 ter
602 5107 790 5174 etiam,
828 5107 924 5176 qui
955 5106 1062 5162 illis
1090 5105 1334 5161 adhmret
1362 5115 1527 5174 atque
1562 5119 1657 5175 per
1682 5119 1778 5161 eos
1802 5105 1856 5159 in
1891 5105 2060 5159 altum

485 5197 734 5254 ascendit
780 5198 1028 5266 aliosque
1079 5209 1266 5250 secum
1319 5195 1553 5259 extollit,
1594 5193 1691 5250 Dei
1741 5204 1827 5249 est
1875 5193 2061 5258 homo,

489 5290 794 5359 morigeros
838 5290 942 5344 sibi
980 5288 1212 5344 reddens
1242 5288 1472 5354 similes,
1496 5297 1550 5342 et
1575 5290 1646 5342 ita
1680 5287 1847 5343 Deum
1882 5287 2061 5356 ipsum

487 5382 697 5444 colens,
742 5379 807 5433 ad
837 5393 997 5448 quem
1026 5379 1211 5433 omnia
1244 5377 1312 5432 ab
1344 5377 1657 5434 hominibus
1713 5378 1850 5434 bene
1907 5388 2060 5448 gesta

489 5471 675 5529 redeu:
767 5471 1027 5542 quoniam
1069 5479 1123 5526 et
1144 5471 1318 5540 gratia
1364 5470 1572 5525 bonum
1618 5469 1854 5525 faciendi
1912 5471 2062 5525 illinc

490 5570 675 5621 desce.
697 5563 797 5618 dit.
834 5562 937 5629 Qui
970 5572 1148 5616 autem
1182 5562 1507 5627 reluctatur,
1548 5569 1603 5615 et
1636 5561 1862 5617 auribus
1903 5563 2065 5617 obtu-

494 5657 631 5713 ratis
689 5670 855 5711 omne
910 5653 1149 5709 studium
1207 5653 1259 5707 in
1299 5668 1365 5708 eo
1424 5654 1676 5715 collocat,
1739 5663 1799 5706 ut
1847 5655 2069 5708 resistat

496 5758 658 5819 atque
703 5748 1048 5813 retractetur,
1085 5746 1133 5801 is
1170 5744 1490 5815 magistrum
1521 5759 1550 5797 a
1578 5758 1688 5813 quo
1714 5744 1780 5797 ad
1810 5747 2066 5799 virtutem

497 5839 831 5907 sequendam
873 5838 1154 5904 incitatur,
1196 5846 1421 5894 coronat
1488 5835 1735 5907 quidem,
1789 5838 1903 5905 ipse
1941 5852 2067 5891 vero

2162 4641 2517 4710 περιφρονεῖν
2544 4639 2642 4692 καὶ
2677 4639 2746 4692 τὰ
2778 4639 2837 4706 ἐξ
2870 4638 3038 4692 αὐτοῦ
3067 4638 3227 4704 θεοῦ,
3257 4640 3318 4705 ἐξ
3362 4633 3422 4692 οὗ
3449 4639 3740 4710 ὡμολόγηο

2160 4746 2275 4794 ται,
2301 4728 2490 4798 ὥσπερ
2524 4730 2633 4783 πᾶν
2685 4729 2918 4797 ἀγαθὸν,
2951 4729 3094 4783 οὕτω
3124 4730 3219 4782 καὶ
3256 4733 3322 4783 τὰ
3368 4730 3475 4783 τῶν
3499 4730 3738 4798 ἁγιωτά-

2162 4838 2270 4874 των
2297 4820 2636 4890 εὐαγγελίων
2666 4821 3094 4891 παραδεδόσθαι,
3122 4822 3216 4874 καὶ
3241 4820 3309 4873 τὰ
3335 4821 3447 4874 τῶν
3483 4821 3648 4875 θείων
3682 4823 3741 4876 δὲ

2163 4912 2483 4965 ἀποστόλων
2511 4912 2606 4965 καὶ
2631 4912 2837 4965 λοιπῶν
2890 4912 3243 4983 θεοκηρύκων
3274 4913 3370 4966 καὶ⁵
3413 4913 3744 4985 διερμηνευ-

2162 5004 2272 5057 τῶν
2303 5004 2565 5075 καθήκειν
2595 5005 2675 5067 εἰς
2698 5006 2868 5073 ἡμᾶς.
2900 5005 2993 5056 Διὸ
3026 5005 3118 5058 καὶ
3160 5007 3187 5057 ὀ
3228 5006 3329 5075 μὲν
3384 5006 3549 5071 αὐτὸς
3576 5008 3746 5061 οἰκει-

2166 5098 2419 5166 ούμενος,
2466 5097 2563 5149 καὶ
2615 5096 2684 5149 δι’
2718 5096 2898 5150 αὐτῶν
2945 5100 3026 5159 εἰς
3068 5099 3185 5167 ῥίον
3234 5099 3618 5169 εὐθυνόμενος,
3648 5099 3747 5153 καὶ

2166 5190 2386 5258 ἐτέρους
2417 5189 2475 5242 δὲ
2531 5187 2881 5250 ἀπευθύνων.
2917 5189 3013 5241 τοῦ
3067 5188 3205 5243 Θεοῦ
3257 5193 3407 5244 ἐστὶν
3437 5192 3755 5263 ἄνθρωποςι

2165 5282 2390 5351 ὁμοίους
2419 5279 2570 5348 αὐτῷ
2630 5282 2800 5334 ποιῶν
2844 5279 2971 5343 τοὺς
3022 5282 3428 5349 ὑπακούοντας,
3483 5287 3575 5339 καὶ
3603 5285 3748 5339 οὕτω

2169 5372 2494 5446 θεραπεύων
2523 5374 2615 5425 τὸν
2673 5370 2805 5425 Θεὸν
2840 5372 3028 5437 αὐτὸν,
3063 5378 3144 5437 εἰς
3207 5376 3266 5428 ὃν
3293 5376 3576 5430 ἀναϐαίνει
3609 5380 3747 5445 ἁγα-

2169 5468 2401 5539 θουργία
2428 5470 2578 5520 πᾶσα
2610 5469 2644 5538 ή
2680 5467 2738 5519 ἐν
2765 5464 3099 5537 ἀνθρώποις,
3143 5470 3339 5521 καθότι
3370 5470 3464 5523 καὶ⁹
3503 5471 3536 5537 ἡ
3586 5471 3748 5540 χάρις

2168 5561 2262 5615 τοῦ
2288 5563 2554 5629 πράττειν
2585 5559 2645 5611 τὸ
2673 5558 2877 5627 ἀγαθὸν
2901 5560 3111 5612 ἐκεῖθεν
3156 5561 3560 5631 καταϐέϐηκεν.
3605 5562 3663 5616 ’0
3688 5564 3747 5617 δέ

2168 5669 2231 5719 γε
2256 5650 2670 5715 ἁποδυσπετῶν,
2702 5652 2799 5704 καὶ
2828 5652 2926 5714 τὰς
2952 5652 3052 5719 μὲν
3074 5653 3242 5714 ἀκοὰς
3265 5651 3595 5719 ἀποκλείων,
3621 5655 3749 5717 τοὺς

2168 5744 2226 5795 δὲ
2259 5742 2427 5803 πόδας
2462 5742 2557 5793 καὶ
2587 5740 2687 5803 τὰς
2714 5743 2905 5812 χεῖρας
2938 5742 3234 5806 εὐθετίξων
3285 5742 3364 5805 είς
3410 5744 3472 5796 τὸ
3503 5745 3751 5799 ἀντιϐαί-

2172 5850 2288 5887 νειν
2310 5839 2405 5885 καὶ
2427 5833 2838 5902 ἀντιπράττειν,
2874 5835 2964 5887 τὸν
3003 5834 3106 5904 μὲν
3148 5834 3473 5890 διδάσκοντα
3518 5840 3612 5891 καὶ
3642 5857 3744 5910 κη-
