  <div class='ocr_page' id='page_1' title='image "/cluster/home/n/w/nwhite01/storage/ocr_20150623/136/coo.31924054870419/186.png"; bbox 0 0 4090 6462; ppageno 0'>
   <div class='ocr_carea' id='block_1_1' title="bbox 364 375 470 441">
    <p class='ocr_par' dir='ltr' id='par_1_1' title="bbox 364 375 470 441">
     <span class='ocr_line' id='line_1_1' title="bbox 364 375 470 441; baseline 0.047 -5"><span class='ocrx_word' id='word_1_1' title='bbox 364 375 470 441; x_wconf 64' lang='lat'><strong>3-57</strong></span> 
     </span>
    </p>
   </div>
   <div class='ocr_carea' id='block_1_2' title="bbox 974 370 2994 435">
    <p class='ocr_par' dir='ltr' id='par_1_2' title="bbox 974 370 2994 435">
     <span class='ocr_line' id='line_1_2' title="bbox 974 370 2994 435; baseline 0 -2"><span class='ocrx_word' id='word_1_2' title='bbox 974 374 1072 433; x_wconf 88' lang='lat' dir='ltr'><strong>DE</strong></span> <span class='ocrx_word' id='word_1_3' title='bbox 1106 372 1583 434; x_wconf 78' lang='lat' dir='ltr'><strong>OBEDIENTIA</strong></span> <span class='ocrx_word' id='word_1_4' title='bbox 1623 370 2150 432; x_wconf 76' lang='lat' dir='ltr'><strong>MAGISTRATUI</strong></span> <span class='ocrx_word' id='word_1_5' title='bbox 2185 370 2661 432; x_wconf 77' lang='lat' dir='ltr'><strong>CHRISTIANO</strong></span> <span class='ocrx_word' id='word_1_6' title='bbox 2701 371 2994 435; x_wconf 78' lang='lat' dir='ltr'><strong>DEDITA.</strong></span> 
     </span>
    </p>
   </div>
   <div class='ocr_carea' id='block_1_3' title="bbox 3520 368 3627 430">
    <p class='ocr_par' dir='ltr' id='par_1_3' title="bbox 3520 368 3627 430">
     <span class='ocr_line' id='line_1_3' title="bbox 3520 368 3627 430; baseline 0.019 -2"><span class='ocrx_word' id='word_1_7' title='bbox 3520 368 3627 430; x_wconf 61' lang='lat'><strong>353</strong></span> 
     </span>
    </p>
   </div>
   <div class='ocr_carea' id='block_1_4' title="bbox 368 457 1949 540">
    <p class='ocr_par' dir='ltr' id='par_1_4' title="bbox 368 462 1940 540">
     <span class='ocr_line' id='line_1_4' title="bbox 368 462 1940 540; baseline -0.005 -19"><span class='ocrx_word' id='word_1_8' title='bbox 368 471 631 540; x_wconf 71' lang='grc' dir='ltr'>ρύττςντα</span> <span class='ocrx_word' id='word_1_9' title='bbox 659 478 716 520; x_wconf 75' lang='grc' dir='ltr'><strong>το</strong></span> <span class='ocrx_word' id='word_1_10' title='bbox 753 465 916 519; x_wconf 69' lang='grc' dir='ltr'>καλὸν</span> <span class='ocrx_word' id='word_1_11' title='bbox 946 466 1040 518; x_wconf 70' lang='grc' dir='ltr'><strong>καὶ</strong></span> <span class='ocrx_word' id='word_1_12' title='bbox 1076 466 1157 530; x_wconf 85' lang='grc' dir='ltr'><strong>εἰς</strong></span> <span class='ocrx_word' id='word_1_13' title='bbox 1191 465 1320 518; x_wconf 76' lang='grc' dir='ltr'>αὐτὸ</span> <span class='ocrx_word' id='word_1_14' title='bbox 1348 462 1793 534; x_wconf 72' lang='grc' dir='ltr'><strong>προκαλούμενον</strong></span> <span class='ocrx_word' id='word_1_15' title='bbox 1818 479 1940 514; x_wconf 87' lang='grc' dir='ltr'>στε-</span> 
     </span>
    </p>
   </div>
   <div class='ocr_carea' id='block_1_5' title="bbox 2053 457 3621 540">
    <p class='ocr_par' dir='ltr' id='par_1_5' title="bbox 2053 457 3621 531">
     <span class='ocr_line' id='line_1_5' title="bbox 2053 457 3621 531; baseline -0.001 -17"><span class='ocrx_word' id='word_1_16' title='bbox 2053 463 2167 531; x_wconf 67' lang='lat' dir='ltr'><strong>quia</strong></span> <span class='ocrx_word' id='word_1_17' title='bbox 2206 478 2231 514; x_wconf 89' lang='lat' dir='ltr'><strong>a</strong></span> <span class='ocrx_word' id='word_1_18' title='bbox 2261 461 2419 516; x_wconf 82' lang='lat' dir='ltr'><strong>Patre</strong></span> <span class='ocrx_word' id='word_1_19' title='bbox 2449 463 2655 518; x_wconf 79' lang='lat' dir='ltr'><strong>cmlesti</strong></span> <span class='ocrx_word' id='word_1_20' title='bbox 2720 462 2999 525; x_wconf 86' lang='lat' dir='ltr'><strong>desciscit,</strong></span> <span class='ocrx_word' id='word_1_21' title='bbox 3058 459 3202 514; x_wconf 86' lang='lat' dir='ltr'><strong>inter</strong></span> <span class='ocrx_word' id='word_1_22' title='bbox 3265 457 3405 513; x_wconf 74' lang='lat' dir='ltr'><strong>illius</strong></span> <span class='ocrx_word' id='word_1_23' title='bbox 3437 463 3621 528; x_wconf 73' lang='lat' dir='ltr'><strong>perdi-</strong></span> 
     </span>
    </p>
   </div>
   <div class='ocr_carea' id='block_1_6' title="bbox 364 552 1942 632">
    <p class='ocr_par' dir='ltr' id='par_1_6' title="bbox 364 552 1942 632">
     <span class='ocr_line' id='line_1_6' title="bbox 364 552 1942 632; baseline -0.008 -15"><span class='ocrx_word' id='word_1_24' title='bbox 364 559 751 632; x_wconf 71' lang='grc' dir='ltr'>φανοῖἀύτδς</span> <span class='ocrx_word' id='word_1_25' title='bbox 781 557 838 609; x_wconf 79' lang='grc' dir='ltr'>δὲ</span> <span class='ocrx_word' id='word_1_26' title='bbox 889 557 983 610; x_wconf 77' lang='grc' dir='ltr'><strong>τοῦ</strong></span> <span class='ocrx_word' id='word_1_27' title='bbox 1035 556 1293 627; x_wconf 77' lang='grc' dir='ltr'><strong>οὐρανίου</strong></span> <span class='ocrx_word' id='word_1_28' title='bbox 1350 555 1552 624; x_wconf 81' lang='grc' dir='ltr'>πατρὸς</span> <span class='ocrx_word' id='word_1_29' title='bbox 1602 552 1846 616; x_wconf 74' lang='grc' dir='ltr'>ἀποστὰς</span> <span class='ocrx_word' id='word_1_30' title='bbox 1876 556 1942 623; x_wconf 81' lang='grc' dir='ltr'>τῇ</span> 
     </span>
    </p>
   </div>
   <div class='ocr_carea' id='block_1_7' title="bbox 364 649 1135 724">
    <p class='ocr_par' dir='ltr' id='par_1_7' title="bbox 364 649 1135 724">
     <span class='ocr_line' id='line_1_7' title="bbox 364 649 1135 724; baseline -0.004 -18"><span class='ocrx_word' id='word_1_31' title='bbox 364 652 614 724; x_wconf 76' lang='grc' dir='ltr'><strong>ἀπωλείᾳ</strong></span> <span class='ocrx_word' id='word_1_32' title='bbox 635 650 841 704; x_wconf 74' lang='grc' dir='ltr'>τίθεται</span> <span class='ocrx_word' id='word_1_33' title='bbox 880 651 961 713; x_wconf 83' lang='grc' dir='ltr'><strong>εἰς</strong></span> <span class='ocrx_word' id='word_1_34' title='bbox 994 649 1135 703; x_wconf 77' lang='grc' dir='ltr'>υἱόν.</span> 
     </span>
    </p>
   </div>
   <div class='ocr_carea' id='block_1_8' title="bbox 437 738 1943 814">
    <p class='ocr_par' dir='ltr' id='par_1_8' title="bbox 437 738 1943 814">
     <span class='ocr_line' id='line_1_8' title="bbox 437 738 1943 814; baseline -0.004 -18"><span class='ocrx_word' id='word_1_35' title='bbox 437 743 713 814; x_wconf 75' lang='grc' dir='ltr'>πη’.Καὶ,</span> <span class='ocrx_word' id='word_1_36' title='bbox 759 740 942 810; x_wconf 76' lang='grc' dir='ltr'>κύριε,</span> <span class='ocrx_word' id='word_1_37' title='bbox 994 740 1204 808; x_wconf 80' lang='grc' dir='ltr'>βοήθει,</span> <span class='ocrx_word' id='word_1_38' title='bbox 1256 739 1489 811; x_wconf 87' lang='grc' dir='ltr'>μήποτε,</span> <span class='ocrx_word' id='word_1_39' title='bbox 1554 738 1643 792; x_wconf 82' lang='grc' dir='ltr'><strong>ὅτε</strong></span> <span class='ocrx_word' id='word_1_40' title='bbox 1702 738 1943 809; x_wconf 76' lang='grc' dir='ltr'>μετέρχῃ</span> 
     </span>
    </p>
   </div>
   <div class='ocr_carea' id='block_1_9' title="bbox 363 829 1947 904">
    <p class='ocr_par' dir='ltr' id='par_1_9' title="bbox 363 829 1947 904">
     <span class='ocr_line' id='line_1_9' title="bbox 363 829 1947 904; baseline -0.004 -15"><span class='ocrx_word' id='word_1_41' title='bbox 363 839 456 889; x_wconf 76' lang='grc' dir='ltr'>τὸν</span> <span class='ocrx_word' id='word_1_42' title='bbox 487 837 544 888; x_wconf 75' lang='grc' dir='ltr'><strong>ἒν</strong></span> <span class='ocrx_word' id='word_1_43' title='bbox 580 834 831 904; x_wconf 76' lang='grc' dir='ltr'>πολιτείᾳ</span> <span class='ocrx_word' id='word_1_44' title='bbox 861 832 1105 886; x_wconf 76' lang='grc' dir='ltr'>τοιοῦτον</span> <span class='ocrx_word' id='word_1_45' title='bbox 1138 831 1448 900; x_wconf 77' lang='grc' dir='ltr'>ἄνθρωπον,</span> <span class='ocrx_word' id='word_1_46' title='bbox 1488 829 1947 883; x_wconf 74' lang='grc' dir='ltr'>συναπολεσθεῖεν</span> 
     </span>
    </p>
   </div>
   <div class='ocr_carea' id='block_1_10' title="bbox 363 924 1948 998">
    <p class='ocr_par' dir='ltr' id='par_1_10' title="bbox 363 924 1948 998">
     <span class='ocr_line' id='line_1_10' title="bbox 363 924 1948 998; baseline -0.003 -16"><span class='ocrx_word' id='word_1_47' title='bbox 363 930 460 983; x_wconf 70' lang='grc' dir='ltr'><strong>καὶ</strong></span> <span class='ocrx_word' id='word_1_48' title='bbox 490 928 691 998; x_wconf 73' lang='grc' dir='ltr'>ἕτεροι,</span> <span class='ocrx_word' id='word_1_49' title='bbox 718 927 873 981; x_wconf 75' lang='grc' dir='ltr'>οὐδὲν</span> <span class='ocrx_word' id='word_1_50' title='bbox 904 928 1037 984; x_wconf 75' lang='grc' dir='ltr'>ἴσως</span> <span class='ocrx_word' id='word_1_51' title='bbox 1066 926 1251 980; x_wconf 81' lang='grc' dir='ltr'>αῐτιοι·</span> <span class='ocrx_word' id='word_1_52' title='bbox 1279 925 1416 979; x_wconf 78' lang='grc' dir='ltr'>ἀλλὰ</span> <span class='ocrx_word' id='word_1_53' title='bbox 1442 925 1600 978; x_wconf 74' lang='grc' dir='ltr'>τοῦτο</span> <span class='ocrx_word' id='word_1_54' title='bbox 1626 924 1727 994; x_wconf 78' lang='grc' dir='ltr'><strong>μὲν</strong></span> <span class='ocrx_word' id='word_1_55' title='bbox 1750 924 1850 978; x_wconf 76' lang='grc' dir='ltr'><strong>οὐκ</strong></span> <span class='ocrx_word' id='word_1_56' title='bbox 1880 925 1948 979; x_wconf 79' lang='grc' dir='ltr'>ἄν</span> 
     </span>
    </p>
   </div>
   <div class='ocr_carea' id='block_1_11' title="bbox 367 1016 1947 1087">
    <p class='ocr_par' dir='ltr' id='par_1_11' title="bbox 367 1016 1947 1087">
     <span class='ocr_line' id='line_1_11' title="bbox 367 1016 1947 1087; baseline -0.001 -14"><span class='ocrx_word' id='word_1_57' title='bbox 367 1037 499 1073; x_wconf 85' lang='grc' dir='ltr'>ποτε</span> <span class='ocrx_word' id='word_1_58' title='bbox 552 1020 794 1087; x_wconf 79' lang='grc' dir='ltr'><strong>ποιήσῃς</strong></span> <span class='ocrx_word' id='word_1_59' title='bbox 826 1020 855 1071; x_wconf 86' lang='grc' dir='ltr'><strong>ό</strong></span> <span class='ocrx_word' id='word_1_60' title='bbox 913 1016 1138 1084; x_wconf 75' lang='grc' dir='ltr'>ἀγαθὸς,</span> <span class='ocrx_word' id='word_1_61' title='bbox 1198 1016 1259 1070; x_wconf 73' lang='grc' dir='ltr'>οὗ</span> <span class='ocrx_word' id='word_1_62' title='bbox 1308 1017 1410 1087; x_wconf 85' lang='grc' dir='ltr'>τῆς</span> <span class='ocrx_word' id='word_1_63' title='bbox 1456 1018 1810 1086; x_wconf 79' lang='grc' dir='ltr'><strong>δικαιοσύνης</strong></span> <span class='ocrx_word' id='word_1_64' title='bbox 1849 1019 1947 1071; x_wconf 78' lang='grc' dir='ltr'><strong>καὶ</strong></span> 
     </span>
    </p>
   </div>
   <div class='ocr_carea' id='block_1_12' title="bbox 367 1108 1946 1181">
    <p class='ocr_par' dir='ltr' id='par_1_12' title="bbox 367 1108 1946 1181">
     <span class='ocr_line' id='line_1_12' title="bbox 367 1108 1946 1181; baseline -0.002 -15"><span class='ocrx_word' id='word_1_65' title='bbox 367 1112 481 1181; x_wconf 76' lang='grc' dir='ltr'><strong>ἅμα</strong></span> <span class='ocrx_word' id='word_1_66' title='bbox 504 1109 877 1179; x_wconf 76' lang='grc' dir='ltr'>ἐλεημοσύνης</span> <span class='ocrx_word' id='word_1_67' title='bbox 916 1109 1017 1161; x_wconf 81' lang='grc' dir='ltr'><strong>οὐκ</strong></span> <span class='ocrx_word' id='word_1_68' title='bbox 1052 1109 1201 1162; x_wconf 74' lang='grc' dir='ltr'>ἔστιν</span> <span class='ocrx_word' id='word_1_69' title='bbox 1245 1108 1646 1178; x_wconf 75' lang='grc' dir='ltr'>ἀπαρίθμησις,</span> <span class='ocrx_word' id='word_1_70' title='bbox 1688 1110 1773 1162; x_wconf 75' lang='grc' dir='ltr'><strong>ὅτι</strong></span> <span class='ocrx_word' id='word_1_71' title='bbox 1811 1111 1946 1179; x_wconf 68' lang='grc' dir='ltr'>μηδὲ</span> 
     </span>
    </p>
   </div>
   <div class='ocr_carea' id='block_1_13' title="bbox 372 1198 1948 1270">
    <p class='ocr_par' dir='ltr' id='par_1_13' title="bbox 372 1198 1948 1270">
     <span class='ocr_line' id='line_1_13' title="bbox 372 1198 1948 1270; baseline -0.001 -15"><span class='ocrx_word' id='word_1_72' title='bbox 372 1205 644 1270; x_wconf 75' lang='grc' dir='ltr'>μάρπτειν</span> <span class='ocrx_word' id='word_1_73' title='bbox 674 1198 857 1266; x_wconf 78' lang='grc' dir='ltr'><strong>ἑξείης</strong></span> <span class='ocrx_word' id='word_1_74' title='bbox 911 1198 1141 1264; x_wconf 82' lang='grc' dir='ltr'>ἐθέλεις,</span> <span class='ocrx_word' id='word_1_75' title='bbox 1196 1198 1254 1261; x_wconf 86' lang='grc' dir='ltr'>ὅς</span> <span class='ocrx_word' id='word_1_76' title='bbox 1294 1216 1351 1251; x_wconf 87' lang='grc' dir='ltr'><strong>τε</strong></span> <span class='ocrx_word' id='word_1_77' title='bbox 1405 1199 1600 1263; x_wconf 75' lang='grc' dir='ltr'>αἴτιος,</span> <span class='ocrx_word' id='word_1_78' title='bbox 1664 1201 1721 1262; x_wconf 77' lang='grc' dir='ltr'>ὃς</span> <span class='ocrx_word' id='word_1_79' title='bbox 1757 1218 1817 1252; x_wconf 82' lang='grc' dir='ltr'><strong>τε</strong></span> <span class='ocrx_word' id='word_1_80' title='bbox 1853 1204 1948 1255; x_wconf 77' lang='grc' dir='ltr'><strong>καὶ</strong></span> 
     </span>
    </p>
   </div>
   <div class='ocr_carea' id='block_1_14' title="bbox 370 1289 1948 1362">
    <p class='ocr_par' dir='ltr' id='par_1_14' title="bbox 370 1289 1948 1362">
     <span class='ocr_line' id='line_1_14' title="bbox 370 1289 1948 1362; baseline 0.001 -17"><span class='ocrx_word' id='word_1_81' title='bbox 370 1293 510 1362; x_wconf 74' lang='grc' dir='ltr'>οὐχὶ,</span> <span class='ocrx_word' id='word_1_82' title='bbox 535 1291 676 1344; x_wconf 83' lang='grc' dir='ltr'>κατὰ</span> <span class='ocrx_word' id='word_1_83' title='bbox 703 1290 793 1343; x_wconf 79' lang='grc' dir='ltr'><strong>τὸν</strong></span> <span class='ocrx_word' id='word_1_84' title='bbox 828 1289 975 1343; x_wconf 78' lang='grc' dir='ltr'>οὕτω</span> <span class='ocrx_word' id='word_1_85' title='bbox 1008 1289 1271 1359; x_wconf 61' lang='grc' dir='ltr'>φάμενον</span> <span class='ocrx_word' id='word_1_86' title='bbox 1310 1289 1447 1343; x_wconf 69' lang='grc' dir='ltr'>ἀλλὰ</span> <span class='ocrx_word' id='word_1_87' title='bbox 1478 1292 1657 1344; x_wconf 84' lang='grc' dir='ltr'>πάντα</span> <span class='ocrx_word' id='word_1_88' title='bbox 1689 1292 1785 1356; x_wconf 81' lang='grc' dir='ltr'>μὲν</span> <span class='ocrx_word' id='word_1_89' title='bbox 1810 1295 1948 1360; x_wconf 75' lang='grc' dir='ltr'>ἀγα-</span> 
     </span>
    </p>
   </div>
   <div class='ocr_carea' id='block_1_15' title="bbox 370 1380 1949 1453">
    <p class='ocr_par' dir='ltr' id='par_1_15' title="bbox 370 1380 1949 1453">
     <span class='ocr_line' id='line_1_15' title="bbox 370 1380 1949 1453; baseline 0.001 -17"><span class='ocrx_word' id='word_1_90' title='bbox 370 1385 461 1437; x_wconf 71' lang='grc' dir='ltr'>θὸν</span> <span class='ocrx_word' id='word_1_91' title='bbox 486 1385 775 1453; x_wconf 80' lang='grc' dir='ltr'>ἄνθρωπον</span> <span class='ocrx_word' id='word_1_92' title='bbox 827 1380 1140 1451; x_wconf 80' lang='grc' dir='ltr'>φυλάττων,</span> <span class='ocrx_word' id='word_1_93' title='bbox 1173 1382 1303 1445; x_wconf 80' lang='grc' dir='ltr'>τοὺς</span> <span class='ocrx_word' id='word_1_94' title='bbox 1334 1382 1392 1435; x_wconf 84' lang='grc' dir='ltr'><strong>δὲ</strong></span> <span class='ocrx_word' id='word_1_95' title='bbox 1433 1383 1508 1452; x_wconf 83' lang='grc' dir='ltr'>μὴ</span> <span class='ocrx_word' id='word_1_96' title='bbox 1547 1383 1823 1446; x_wconf 78' lang='grc' dir='ltr'>τοιούτους</span> <span class='ocrx_word' id='word_1_97' title='bbox 1862 1404 1949 1447; x_wconf 70' lang='grc' dir='ltr'>ιρι..</span> 
     </span>
    </p>
   </div>
   <div class='ocr_carea' id='block_1_16' title="bbox 369 1471 1948 1546">
    <p class='ocr_par' dir='ltr' id='par_1_16' title="bbox 369 1471 1948 1546">
     <span class='ocr_line' id='line_1_16' title="bbox 369 1471 1948 1546; baseline 0.004 -24"><span class='ocrx_word' id='word_1_98' title='bbox 369 1471 708 1541; x_wconf 80' lang='grc' dir='ltr'>λανθρώπως</span> <span class='ocrx_word' id='word_1_99' title='bbox 740 1472 837 1525; x_wconf 82' lang='grc' dir='ltr'>καὶ</span> <span class='ocrx_word' id='word_1_100' title='bbox 866 1471 1128 1533; x_wconf 78' lang='grc' dir='ltr'>ἐπιεικῶς</span> <span class='ocrx_word' id='word_1_101' title='bbox 1162 1472 1679 1541; x_wconf 79' lang='grc' dir='ltr'>διοικονομούμενος</span> <span class='ocrx_word' id='word_1_102' title='bbox 1721 1478 1809 1528; x_wconf 53' lang='grc' dir='ltr'><strong>καλ</strong></span> <span class='ocrx_word' id='word_1_103' title='bbox 1849 1494 1948 1546; x_wconf 73' lang='grc' dir='ltr'><strong>κη-</strong></span> 
     </span>
    </p>
   </div>
   <div class='ocr_carea' id='block_1_17' title="bbox 366 1565 1947 1641">
    <p class='ocr_par' dir='ltr' id='par_1_17' title="bbox 366 1565 1947 1641">
     <span class='ocr_line' id='line_1_17' title="bbox 366 1565 1947 1641; baseline 0.002 -22"><span class='ocrx_word' id='word_1_104' title='bbox 366 1565 592 1633; x_wconf 82' lang='grc' dir='ltr'>δόμενος</span> <span class='ocrx_word' id='word_1_105' title='bbox 633 1567 729 1619; x_wconf 74' lang='grc' dir='ltr'><strong>καὶ</strong></span> <span class='ocrx_word' id='word_1_106' title='bbox 784 1566 1134 1637; x_wconf 77' lang='grc' dir='ltr'><strong>ἀνεχόμενος,</strong></span> <span class='ocrx_word' id='word_1_107' title='bbox 1204 1568 1613 1635; x_wconf 84' lang='grc' dir='ltr'>κατακεράσεις</span> <span class='ocrx_word' id='word_1_108' title='bbox 1668 1570 1947 1641; x_wconf 75' lang='grc' dir='ltr'><strong>διακρίσει</strong></span> 
     </span>
    </p>
   </div>
   <div class='ocr_carea' id='block_1_18' title="bbox 366 1654 1947 1726">
    <p class='ocr_par' dir='ltr' id='par_1_18' title="bbox 366 1654 1947 1726">
     <span class='ocr_line' id='line_1_18' title="bbox 366 1654 1947 1726; baseline 0.001 -18"><span class='ocrx_word' id='word_1_109' title='bbox 366 1657 467 1724; x_wconf 80' lang='grc' dir='ltr'>τὴν</span> <span class='ocrx_word' id='word_1_110' title='bbox 500 1656 704 1725; x_wconf 83' lang='grc' dir='ltr'>κρίσιν,</span> <span class='ocrx_word' id='word_1_111' title='bbox 733 1657 829 1711; x_wconf 82' lang='grc' dir='ltr'><strong>καὶ</strong></span> <span class='ocrx_word' id='word_1_112' title='bbox 875 1654 1351 1726; x_wconf 83' lang='grc' dir='ltr'>καταμελιτώσεις</span> <span class='ocrx_word' id='word_1_113' title='bbox 1400 1655 1545 1710; x_wconf 73' lang='grc' dir='ltr'>οὕτω</span> <span class='ocrx_word' id='word_1_114' title='bbox 1585 1660 1686 1725; x_wconf 75' lang='grc' dir='ltr'>τὴν</span> <span class='ocrx_word' id='word_1_115' title='bbox 1719 1661 1947 1725; x_wconf 79' lang='grc' dir='ltr'>πικρὶαν</span> 
     </span>
    </p>
   </div>
   <div class='ocr_carea' id='block_1_19' title="bbox 366 1747 1944 1820">
    <p class='ocr_par' dir='ltr' id='par_1_19' title="bbox 366 1747 1944 1820">
     <span class='ocr_line' id='line_1_19' title="bbox 366 1747 1944 1820; baseline 0.003 -20"><span class='ocrx_word' id='word_1_116' title='bbox 366 1747 468 1817; x_wconf 83' lang='grc' dir='ltr'>τῆς</span> <span class='ocrx_word' id='word_1_117' title='bbox 494 1750 817 1819; x_wconf 81' lang='grc' dir='ltr'>καταδίκης,</span> <span class='ocrx_word' id='word_1_118' title='bbox 869 1749 899 1803; x_wconf 85' lang='grc' dir='ltr'><strong>δ</strong></span> <span class='ocrx_word' id='word_1_119' title='bbox 947 1748 1011 1820; x_wconf 81' lang='grc' dir='ltr'>δὴ</span> <span class='ocrx_word' id='word_1_120' title='bbox 1040 1749 1276 1802; x_wconf 72' lang='grc' dir='ltr'>πάντοτε</span> <span class='ocrx_word' id='word_1_121' title='bbox 1326 1751 1520 1813; x_wconf 81' lang='grc' dir='ltr'>ποιεῖς,</span> <span class='ocrx_word' id='word_1_122' title='bbox 1562 1752 1801 1820; x_wconf 76' lang='grc' dir='ltr'><strong>μερίζων</strong></span> <span class='ocrx_word' id='word_1_123' title='bbox 1828 1756 1944 1817; x_wconf 78' lang='grc' dir='ltr'>τοῖς</span> 
     </span>
    </p>
   </div>
   <div class='ocr_carea' id='block_1_20' title="bbox 2051 551 2559 607">
    <p class='ocr_par' dir='ltr' id='par_1_20' title="bbox 2051 551 2559 607">
     <span class='ocr_line' id='line_1_20' title="bbox 2051 551 2559 607; baseline 0 0"><span class='ocrx_word' id='word_1_124' title='bbox 2051 551 2215 607; x_wconf 87' lang='lat' dir='ltr'><strong>tionis</strong></span> <span class='ocrx_word' id='word_1_125' title='bbox 2242 552 2559 607; x_wconf 68' lang='lat' dir='ltr'><strong>collocatur.</strong></span> 
     </span>
    </p>
   </div>
   <div class='ocr_carea' id='block_1_21' title="bbox 2119 730 3626 801">
    <p class='ocr_par' dir='ltr' id='par_1_21' title="bbox 2119 730 3626 801">
     <span class='ocr_line' id='line_1_21' title="bbox 2119 730 3626 801; baseline 0.001 -17"><span class='ocrx_word' id='word_1_126' title='bbox 2119 730 2208 787; x_wconf 89' lang='lat'><strong>88.</strong></span> <span class='ocrx_word' id='word_1_127' title='bbox 2262 730 2391 797; x_wconf 85' lang='lat' dir='ltr'><strong>Fac,</strong></span> <span class='ocrx_word' id='word_1_128' title='bbox 2452 731 2701 796; x_wconf 87' lang='lat' dir='ltr'><strong>Domine,</strong></span> <span class='ocrx_word' id='word_1_129' title='bbox 2754 748 2823 787; x_wconf 88' lang='lat' dir='ltr'><strong>ne</strong></span> <span class='ocrx_word' id='word_1_130' title='bbox 2874 733 3094 801; x_wconf 83' lang='lat' dir='ltr'><strong>quando</strong></span> <span class='ocrx_word' id='word_1_131' title='bbox 3142 732 3302 786; x_wconf 91' lang='lat' dir='ltr'><strong>talem</strong></span> <span class='ocrx_word' id='word_1_132' title='bbox 3351 732 3626 787; x_wconf 79' lang='lat' dir='ltr'><strong>hominem</strong></span> 
     </span>
    </p>
   </div>
   <div class='ocr_carea' id='block_1_22' title="bbox 2051 825 3627 896">
    <p class='ocr_par' dir='ltr' id='par_1_22' title="bbox 2051 825 3627 896">
     <span class='ocr_line' id='line_1_22' title="bbox 2051 825 3627 896; baseline -0.001 -17"><span class='ocrx_word' id='word_1_133' title='bbox 2051 828 2309 896; x_wconf 81' lang='lat' dir='ltr'><strong>castigas,</strong></span> <span class='ocrx_word' id='word_1_134' title='bbox 2353 826 2443 880; x_wconf 89' lang='lat' dir='ltr'><strong>alii</strong></span> <span class='ocrx_word' id='word_1_135' title='bbox 2490 827 2651 881; x_wconf 85' lang='lat' dir='ltr'><strong>simul</strong></span> <span class='ocrx_word' id='word_1_136' title='bbox 2710 836 2957 894; x_wconf 90' lang='lat' dir='ltr'><strong>pereant,</strong></span> <span class='ocrx_word' id='word_1_137' title='bbox 2999 828 3094 894; x_wconf 92' lang='lat' dir='ltr'><strong>qui</strong></span> <span class='ocrx_word' id='word_1_138' title='bbox 3138 825 3378 879; x_wconf 78' lang='lat' dir='ltr'><strong>fortasse</strong></span> <span class='ocrx_word' id='word_1_139' title='bbox 3432 827 3627 881; x_wconf 79' lang='lat' dir='ltr'><strong>inson-</strong></span> 
     </span>
    </p>
   </div>
   <div class='ocr_carea' id='block_1_23' title="bbox 2051 919 3627 991">
    <p class='ocr_par' dir='ltr' id='par_1_23' title="bbox 2051 919 3627 991">
     <span class='ocr_line' id='line_1_23' title="bbox 2051 919 3627 991; baseline 0.003 -21"><span class='ocrx_word' id='word_1_140' title='bbox 2051 926 2131 971; x_wconf 89' lang='lat' dir='ltr'><strong>tes</strong></span> <span class='ocrx_word' id='word_1_141' title='bbox 2186 929 2366 974; x_wconf 82' lang='lat' dir='ltr'><strong>sunt:</strong></span> <span class='ocrx_word' id='word_1_142' title='bbox 2428 930 2483 972; x_wconf 84' lang='lat' dir='ltr'><strong>at</strong></span> <span class='ocrx_word' id='word_1_143' title='bbox 2532 935 2663 975; x_wconf 80' lang='lat' dir='ltr'><strong>vero</strong></span> <span class='ocrx_word' id='word_1_144' title='bbox 2711 930 2765 974; x_wconf 92' lang='lat' dir='ltr'><strong>tu</strong></span> <span class='ocrx_word' id='word_1_145' title='bbox 2820 935 3100 988; x_wconf 90' lang='lat' dir='ltr'><strong>nunquam</strong></span> <span class='ocrx_word' id='word_1_146' title='bbox 3155 920 3259 974; x_wconf 91' lang='lat' dir='ltr'><strong>hoc</strong></span> <span class='ocrx_word' id='word_1_147' title='bbox 3315 919 3481 974; x_wconf 76' lang='lat' dir='ltr'><strong>facies</strong></span> <span class='ocrx_word' id='word_1_148' title='bbox 3534 921 3627 991; x_wconf 86' lang='lat' dir='ltr'><strong>qui</strong></span> 
     </span>
    </p>
   </div>
   <div class='ocr_carea' id='block_1_24' title="bbox 2050 1006 3626 1078">
    <p class='ocr_par' dir='ltr' id='par_1_24' title="bbox 2050 1006 3626 1078">
     <span class='ocr_line' id='line_1_24' title="bbox 2050 1006 3626 1078; baseline -0.003 -18"><span class='ocrx_word' id='word_1_149' title='bbox 2050 1008 2228 1063; x_wconf 86' lang='lat' dir='ltr'><strong>bonus</strong></span> <span class='ocrx_word' id='word_1_150' title='bbox 2272 1023 2351 1070; x_wconf 83' lang='lat' dir='ltr'><strong>es,</strong></span> <span class='ocrx_word' id='word_1_151' title='bbox 2378 1010 2539 1077; x_wconf 78' lang='lat' dir='ltr'><strong>cujus</strong></span> <span class='ocrx_word' id='word_1_152' title='bbox 2576 1008 2785 1078; x_wconf 84' lang='lat' dir='ltr'><strong>justitia</strong></span> <span class='ocrx_word' id='word_1_153' title='bbox 2821 1015 2984 1075; x_wconf 89' lang='lat' dir='ltr'><strong>atque</strong></span> <span class='ocrx_word' id='word_1_154' title='bbox 3013 1007 3391 1061; x_wconf 77' lang='lat' dir='ltr'><strong>misericordia</strong></span> <span class='ocrx_word' id='word_1_155' title='bbox 3442 1006 3626 1060; x_wconf 87' lang='lat' dir='ltr'><strong>inlini-</strong></span> 
     </span>
    </p>
   </div>
   <div class='ocr_carea' id='block_1_25' title="bbox 2047 1102 3630 1171">
    <p class='ocr_par' dir='ltr' id='par_1_25' title="bbox 2047 1102 3630 1171">
     <span class='ocr_line' id='line_1_25' title="bbox 2047 1102 3630 1171; baseline 0 -16"><span class='ocrx_word' id='word_1_156' title='bbox 2047 1112 2098 1155; x_wconf 85' lang='lat' dir='ltr'><strong>ta</strong></span> <span class='ocrx_word' id='word_1_157' title='bbox 2127 1111 2231 1164; x_wconf 84' lang='lat' dir='ltr'><strong>est,</strong></span> <span class='ocrx_word' id='word_1_158' title='bbox 2272 1118 2441 1171; x_wconf 78' lang='lat' dir='ltr'><strong>quare</strong></span> <span class='ocrx_word' id='word_1_159' title='bbox 2485 1118 2589 1155; x_wconf 90' lang='lat' dir='ltr'><strong>non</strong></span> <span class='ocrx_word' id='word_1_160' title='bbox 2628 1102 2818 1155; x_wconf 89' lang='lat' dir='ltr'><strong>eodem</strong></span> <span class='ocrx_word' id='word_1_161' title='bbox 2861 1102 3022 1155; x_wconf 88' lang='lat' dir='ltr'><strong>modo</strong></span> <span class='ocrx_word' id='word_1_162' title='bbox 3070 1111 3283 1155; x_wconf 78' lang='lat' dir='ltr'><strong>sontem</strong></span> <span class='ocrx_word' id='word_1_163' title='bbox 3353 1104 3630 1168; x_wconf 89' lang='lat' dir='ltr'><strong>percuties</strong></span> 
     </span>
    </p>
   </div>
   <div class='ocr_carea' id='block_1_26' title="bbox 2047 1193 3624 1263">
    <p class='ocr_par' dir='ltr' id='par_1_26' title="bbox 2047 1193 3624 1263">
     <span class='ocr_line' id='line_1_26' title="bbox 2047 1193 3624 1263; baseline -0.003 -14"><span class='ocrx_word' id='word_1_164' title='bbox 2047 1202 2103 1249; x_wconf 86' lang='lat' dir='ltr'><strong>et</strong></span> <span class='ocrx_word' id='word_1_165' title='bbox 2146 1193 2511 1249; x_wconf 85' lang='lat' dir='ltr'><strong>insontem.si</strong></span> <span class='ocrx_word' id='word_1_166' title='bbox 2556 1194 2679 1263; x_wconf 89' lang='lat' dir='ltr'><strong>quis</strong></span> <span class='ocrx_word' id='word_1_167' title='bbox 2722 1195 2913 1247; x_wconf 88' lang='lat' dir='ltr'><strong>insons</strong></span> <span class='ocrx_word' id='word_1_168' title='bbox 2954 1194 3063 1248; x_wconf 88' lang='lat' dir='ltr'><strong>diei</strong></span> <span class='ocrx_word' id='word_1_169' title='bbox 3126 1202 3326 1262; x_wconf 77' lang='lat' dir='ltr'><strong>potest,</strong></span> <span class='ocrx_word' id='word_1_170' title='bbox 3377 1194 3470 1247; x_wconf 87' lang='lat' dir='ltr'><strong>sed</strong></span> <span class='ocrx_word' id='word_1_171' title='bbox 3501 1208 3624 1245; x_wconf 89' lang='lat' dir='ltr'><strong>om-</strong></span> 
     </span>
    </p>
   </div>
   <div class='ocr_carea' id='block_1_27' title="bbox 2051 1284 3628 1356">
    <p class='ocr_par' dir='ltr' id='par_1_27' title="bbox 2051 1284 3628 1356">
     <span class='ocr_line' id='line_1_27' title="bbox 2051 1284 3628 1356; baseline 0.001 -18"><span class='ocrx_word' id='word_1_172' title='bbox 2051 1302 2171 1338; x_wconf 75' lang='grc' dir='ltr'>ηυιιι</span> <span class='ocrx_word' id='word_1_173' title='bbox 2225 1288 2497 1342; x_wconf 83' lang='lat' dir='ltr'><strong>hominem</strong></span> <span class='ocrx_word' id='word_1_174' title='bbox 2554 1288 2755 1342; x_wconf 89' lang='lat' dir='ltr'><strong>bonum</strong></span> <span class='ocrx_word' id='word_1_175' title='bbox 2800 1287 3083 1353; x_wconf 80' lang='lat' dir='ltr'><strong>servabis,</strong></span> <span class='ocrx_word' id='word_1_176' title='bbox 3126 1290 3218 1356; x_wconf 89' lang='lat' dir='ltr'><strong>qui</strong></span> <span class='ocrx_word' id='word_1_177' title='bbox 3245 1301 3374 1341; x_wconf 80' lang='lat' dir='ltr'><strong>vero</strong></span> <span class='ocrx_word' id='word_1_178' title='bbox 3404 1284 3628 1340; x_wconf 67' lang='lat' dir='ltr'><strong>malitia</strong></span> 
     </span>
    </p>
   </div>
   <div class='ocr_carea' id='block_1_28' title="bbox 2050 1379 3630 1448">
    <p class='ocr_par' dir='ltr' id='par_1_28' title="bbox 2050 1379 3630 1448">
     <span class='ocr_line' id='line_1_28' title="bbox 2050 1379 3630 1448; baseline -0.001 -16"><span class='ocrx_word' id='word_1_179' title='bbox 2050 1386 2179 1432; x_wconf 78' lang='lat' dir='ltr'><strong>sunt</strong></span> <span class='ocrx_word' id='word_1_180' title='bbox 2214 1379 2435 1444; x_wconf 88' lang='lat' dir='ltr'><strong>addicti,</strong></span> <span class='ocrx_word' id='word_1_181' title='bbox 2486 1380 2722 1435; x_wconf 88' lang='lat' dir='ltr'><strong>lmmane</strong></span> <span class='ocrx_word' id='word_1_182' title='bbox 2746 1387 3142 1448; x_wconf 83' lang='lat' dir='ltr'><strong>mansueteque</strong></span> <span class='ocrx_word' id='word_1_183' title='bbox 3198 1380 3481 1443; x_wconf 77' lang='lat' dir='ltr'><strong>tractabis,</strong></span> <span class='ocrx_word' id='word_1_184' title='bbox 3530 1395 3630 1434; x_wconf 86' lang='lat' dir='ltr'><strong>cu-</strong></span> 
     </span>
    </p>
   </div>
   <div class='ocr_carea' id='block_1_29' title="bbox 2051 1472 3624 1543">
    <p class='ocr_par' dir='ltr' id='par_1_29' title="bbox 2051 1472 3624 1543">
     <span class='ocr_line' id='line_1_29' title="bbox 2051 1472 3624 1543; baseline -0.001 -19"><span class='ocrx_word' id='word_1_185' title='bbox 2051 1473 2219 1536; x_wconf 61' lang='lat' dir='ltr'><strong>ratiis,</strong></span> <span class='ocrx_word' id='word_1_186' title='bbox 2273 1473 2551 1537; x_wconf 82' lang='lat' dir='ltr'><strong>tolerabis,</strong></span> <span class='ocrx_word' id='word_1_187' title='bbox 2616 1474 2671 1526; x_wconf 84' lang='lat' dir='ltr'><strong>in</strong></span> <span class='ocrx_word' id='word_1_188' title='bbox 2731 1472 2942 1542; x_wconf 85' lang='lat' dir='ltr'><strong>judicio</strong></span> <span class='ocrx_word' id='word_1_189' title='bbox 2978 1473 3230 1527; x_wconf 81' lang='lat' dir='ltr'><strong>faciendo</strong></span> <span class='ocrx_word' id='word_1_190' title='bbox 3275 1472 3624 1543; x_wconf 67' lang='lat' dir='ltr'><strong>diiudicabis,</strong></span> 
     </span>
    </p>
   </div>
   <div class='ocr_carea' id='block_1_30' title="bbox 2049 1562 3626 1634">
    <p class='ocr_par' dir='ltr' id='par_1_30' title="bbox 2049 1562 3626 1634">
     <span class='ocr_line' id='line_1_30' title="bbox 2049 1562 3626 1634; baseline 0.001 -20"><span class='ocrx_word' id='word_1_191' title='bbox 2049 1572 2212 1630; x_wconf 84' lang='lat' dir='ltr'><strong>atque</strong></span> <span class='ocrx_word' id='word_1_192' title='bbox 2256 1562 2328 1615; x_wconf 90' lang='lat' dir='ltr'><strong>ita</strong></span> <span class='ocrx_word' id='word_1_193' title='bbox 2378 1563 2749 1619; x_wconf 70' lang='lat' dir='ltr'><strong>damnationis</strong></span> <span class='ocrx_word' id='word_1_194' title='bbox 2795 1565 3215 1619; x_wconf 63' lang='lat' dir='ltr'><strong>amaritudinem</strong></span> <span class='ocrx_word' id='word_1_195' title='bbox 3275 1564 3626 1634; x_wconf 75' lang='lat' dir='ltr'><strong>temperabis,</strong></span> 
     </span>
    </p>
   </div>
   <div class='ocr_carea' id='block_1_31' title="bbox 2049 1653 3628 1726">
    <p class='ocr_par' dir='ltr' id='par_1_31' title="bbox 2049 1653 3628 1726">
     <span class='ocr_line' id='line_1_31' title="bbox 2049 1653 3628 1726; baseline 0.005 -23"><span class='ocrx_word' id='word_1_196' title='bbox 2049 1653 2193 1724; x_wconf 82' lang='lat' dir='ltr'><strong>quod</strong></span> <span class='ocrx_word' id='word_1_197' title='bbox 2260 1670 2479 1721; x_wconf 68' lang='lat' dir='ltr'><strong>semper</strong></span> <span class='ocrx_word' id='word_1_198' title='bbox 2534 1656 2689 1720; x_wconf 80' lang='lat' dir='ltr'><strong>facis,</strong></span> <span class='ocrx_word' id='word_1_199' title='bbox 2740 1656 2827 1712; x_wconf 88' lang='lat' dir='ltr'><strong>his</strong></span> <span class='ocrx_word' id='word_1_200' title='bbox 2885 1658 3108 1726; x_wconf 90' lang='lat' dir='ltr'><strong>quidem</strong></span> <span class='ocrx_word' id='word_1_201' title='bbox 3170 1656 3459 1719; x_wconf 82' lang='lat' dir='ltr'><strong>beneﬁcia,</strong></span> <span class='ocrx_word' id='word_1_202' title='bbox 3516 1657 3628 1711; x_wconf 85' lang='lat' dir='ltr'><strong>illis</strong></span> 
     </span>
    </p>
   </div>
   <div class='ocr_carea' id='block_1_32' title="bbox 2052 1746 3624 1817">
    <p class='ocr_par' dir='ltr' id='par_1_32' title="bbox 2052 1746 3624 1817">
     <span class='ocr_line' id='line_1_32' title="bbox 2052 1746 3624 1817; baseline 0.003 -20"><span class='ocrx_word' id='word_1_203' title='bbox 2052 1746 2482 1801; x_wconf 76' lang='lat' dir='ltr'><strong>niiserirordiaiu</strong></span> <span class='ocrx_word' id='word_1_204' title='bbox 2517 1748 2838 1802; x_wconf 87' lang='lat' dir='ltr'><strong>condonans</strong></span> <span class='ocrx_word' id='word_1_205' title='bbox 2892 1759 3058 1817; x_wconf 88' lang='lat' dir='ltr'><strong>atque</strong></span> <span class='ocrx_word' id='word_1_206' title='bbox 3097 1748 3536 1803; x_wconf 87' lang='lat' dir='ltr'><strong>benevolentiam</strong></span> <span class='ocrx_word' id='word_1_207' title='bbox 3566 1756 3624 1801; x_wconf 89' lang='lat' dir='ltr'><strong>et</strong></span> 
     </span>
    </p>
   </div>
   <div class='ocr_carea' id='block_1_33' title="bbox 373 1836 1949 1915">
    <p class='ocr_par' dir='ltr' id='par_1_33' title="bbox 373 1837 1947 1915">
     <span class='ocr_line' id='line_1_33' title="bbox 373 1837 1947 1915; baseline 0.003 -25"><span class='ocrx_word' id='word_1_208' title='bbox 373 1837 472 1905; x_wconf 73' lang='grc' dir='ltr'>μὲν</span> <span class='ocrx_word' id='word_1_209' title='bbox 499 1839 847 1909; x_wconf 83' lang='grc' dir='ltr'>εὐεργεσίας,</span> <span class='ocrx_word' id='word_1_210' title='bbox 882 1840 997 1903; x_wconf 79' lang='grc' dir='ltr'>τοῖς</span> <span class='ocrx_word' id='word_1_211' title='bbox 1043 1839 1101 1893; x_wconf 83' lang='grc' dir='ltr'>δὲ</span> <span class='ocrx_word' id='word_1_212' title='bbox 1159 1838 1591 1911; x_wconf 73' lang='grc' dir='ltr'><strong>εὐσπλαγχνίας,</strong></span> <span class='ocrx_word' id='word_1_213' title='bbox 1622 1842 1718 1895; x_wconf 76' lang='grc' dir='ltr'><strong>καὶ</strong></span> <span class='ocrx_word' id='word_1_214' title='bbox 1765 1842 1947 1915; x_wconf 81' lang='grc' dir='ltr'>ἱλαρό-</span> 
     </span>
    </p>
   </div>
   <div class='ocr_carea' id='block_1_34' title="bbox 2053 1836 3631 1915">
    <p class='ocr_par' dir='ltr' id='par_1_34' title="bbox 2056 1839 3631 1910">
     <span class='ocr_line' id='line_1_34' title="bbox 2056 1839 3631 1910; baseline 0.003 -19"><span class='ocrx_word' id='word_1_215' title='bbox 2056 1839 2411 1902; x_wconf 88' lang='lat' dir='ltr'><strong>hilaritatem,</strong></span> <span class='ocrx_word' id='word_1_216' title='bbox 2456 1842 2508 1893; x_wconf 91' lang='lat' dir='ltr'><strong>in</strong></span> <span class='ocrx_word' id='word_1_217' title='bbox 2552 1841 2728 1910; x_wconf 72' lang='lat' dir='ltr'><strong>ptrnis</strong></span> <span class='ocrx_word' id='word_1_218' title='bbox 2778 1851 2964 1896; x_wconf 87' lang='lat' dir='ltr'><strong>autem</strong></span> <span class='ocrx_word' id='word_1_219' title='bbox 3012 1840 3320 1909; x_wconf 78' lang='lat' dir='ltr'><strong>inﬂigendis</strong></span> <span class='ocrx_word' id='word_1_220' title='bbox 3371 1855 3631 1895; x_wconf 84' lang='lat' dir='ltr'><strong>mansue-</strong></span> 
     </span>
    </p>
   </div>
   <div class='ocr_carea' id='block_1_35' title="bbox 366 1929 1945 2003">
    <p class='ocr_par' dir='ltr' id='par_1_35' title="bbox 366 1929 1945 2003">
     <span class='ocr_line' id='line_1_35' title="bbox 366 1929 1945 2003; baseline 0.004 -22"><span class='ocrx_word' id='word_1_221' title='bbox 366 1946 557 1998; x_wconf 78' lang='grc' dir='ltr'>τητας,</span> <span class='ocrx_word' id='word_1_222' title='bbox 590 1932 687 1985; x_wconf 77' lang='grc' dir='ltr'><strong>καὶ</strong></span> <span class='ocrx_word' id='word_1_223' title='bbox 725 1930 1071 2002; x_wconf 83' lang='grc' dir='ltr'>συμμετρίας</span> <span class='ocrx_word' id='word_1_224' title='bbox 1112 1929 1520 1994; x_wconf 70' lang='grc' dir='ltr'>ἒπεξιλεύσεων</span> <span class='ocrx_word' id='word_1_225' title='bbox 1550 1935 1945 2003; x_wconf 83' lang='grc' dir='ltr'>πραγματευό-</span> 
     </span>
    </p>
   </div>
   <div class='ocr_carea' id='block_1_36' title="bbox 374 2020 1947 2096">
    <p class='ocr_par' dir='ltr' id='par_1_36' title="bbox 374 2020 1947 2096">
     <span class='ocr_line' id='line_1_36' title="bbox 374 2020 1947 2096; baseline 0.004 -22"><span class='ocrx_word' id='word_1_226' title='bbox 374 2037 556 2090; x_wconf 71' lang='grc' dir='ltr'>μενος.</span> <span class='ocrx_word' id='word_1_227' title='bbox 588 2023 682 2074; x_wconf 83' lang='grc' dir='ltr'>καὶ</span> <span class='ocrx_word' id='word_1_228' title='bbox 712 2022 970 2075; x_wconf 77' lang='grc' dir='ltr'>οὐδέποτε</span> <span class='ocrx_word' id='word_1_229' title='bbox 1008 2020 1178 2074; x_wconf 80' lang='grc' dir='ltr'>θέλων</span> <span class='ocrx_word' id='word_1_230' title='bbox 1218 2023 1511 2090; x_wconf 76' lang='grc' dir='ltr'>ἀνθρώπου</span> <span class='ocrx_word' id='word_1_231' title='bbox 1546 2026 1814 2091; x_wconf 78' lang='grc' dir='ltr'><strong>κάκωσιν,</strong></span> <span class='ocrx_word' id='word_1_232' title='bbox 1852 2027 1947 2096; x_wconf 85' lang='grc' dir='ltr'>μό-</span> 
     </span>
    </p>
   </div>
   <div class='ocr_carea' id='block_1_37' title="bbox 368 2112 1949 2188">
    <p class='ocr_par' dir='ltr' id='par_1_37' title="bbox 368 2112 1949 2188">
     <span class='ocr_line' id='line_1_37' title="bbox 368 2112 1949 2188; baseline 0.004 -23"><span class='ocrx_word' id='word_1_233' title='bbox 368 2130 462 2165; x_wconf 88' lang='grc' dir='ltr'><strong>νον</strong></span> <span class='ocrx_word' id='word_1_234' title='bbox 499 2114 554 2166; x_wconf 80' lang='grc' dir='ltr'>δὲ</span> <span class='ocrx_word' id='word_1_235' title='bbox 582 2114 760 2182; x_wconf 83' lang='grc' dir='ltr'>μισῶν</span> <span class='ocrx_word' id='word_1_236' title='bbox 806 2114 867 2167; x_wconf 78' lang='grc' dir='ltr'><strong>τὸ</strong></span> <span class='ocrx_word' id='word_1_237' title='bbox 897 2113 1042 2167; x_wconf 76' lang='grc' dir='ltr'>κατὰ</span> <span class='ocrx_word' id='word_1_238' title='bbox 1070 2112 1326 2179; x_wconf 83' lang='grc' dir='ltr'>δαίμονα,</span> <span class='ocrx_word' id='word_1_239' title='bbox 1361 2116 1452 2168; x_wconf 76' lang='grc' dir='ltr'>τὸν</span> <span class='ocrx_word' id='word_1_240' title='bbox 1487 2117 1799 2188; x_wconf 76' lang='grc' dir='ltr'>ἀρχέκακον</span> <span class='ocrx_word' id='word_1_241' title='bbox 1824 2120 1949 2174; x_wconf 85' lang='grc' dir='ltr'>ἀνε-</span> 
     </span>
    </p>
   </div>
   <div class='ocr_carea' id='block_1_38' title="bbox 370 2205 696 2272">
    <p class='ocr_par' dir='ltr' id='par_1_38' title="bbox 370 2205 696 2272">
     <span class='ocr_line' id='line_1_38' title="bbox 370 2205 696 2272; baseline 0.012 -18"><span class='ocrx_word' id='word_1_242' title='bbox 370 2205 501 2255; x_wconf 78' lang='grc' dir='ltr'><strong>πίστ</strong></span> <span class='ocrx_word' id='word_1_243' title='bbox 512 2222 696 2272; x_wconf 71' lang='grc' dir='ltr'>ροφον.</span> 
     </span>
    </p>
   </div>
   <div class='ocr_carea' id='block_1_39' title="bbox 446 2296 1947 2369">
    <p class='ocr_par' dir='ltr' id='par_1_39' title="bbox 446 2296 1947 2369">
     <span class='ocr_line' id='line_1_39' title="bbox 446 2296 1947 2369; baseline 0.003 -20"><span class='ocrx_word' id='word_1_244' title='bbox 446 2296 554 2349; x_wconf 80' lang='grc' dir='ltr'>πθ’.</span> <span class='ocrx_word' id='word_1_245' title='bbox 591 2298 1017 2367; x_wconf 79' lang='grc' dir='ltr'>Κεφαλαιωτέον</span> <span class='ocrx_word' id='word_1_246' title='bbox 1045 2317 1137 2369; x_wconf 90' lang='grc' dir='ltr'><strong>μοι</strong></span> <span class='ocrx_word' id='word_1_247' title='bbox 1172 2300 1263 2353; x_wconf 80' lang='grc' dir='ltr'>τὸν</span> <span class='ocrx_word' id='word_1_248' title='bbox 1289 2300 1467 2368; x_wconf 84' lang='grc' dir='ltr'>λόγον,</span> <span class='ocrx_word' id='word_1_249' title='bbox 1500 2299 1544 2353; x_wconf 75' lang='grc' dir='ltr'>ὦ</span> <span class='ocrx_word' id='word_1_250' title='bbox 1580 2300 1824 2369; x_wconf 56' lang='grc' dir='ltr'>ἁδελφολ,</span> <span class='ocrx_word' id='word_1_251' title='bbox 1852 2302 1947 2354; x_wconf 69' lang='grc' dir='ltr'><strong>καί⁸</strong></span> 
     </span>
    </p>
   </div>
   <div class='ocr_carea' id='block_1_40' title="bbox 372 2389 1948 2463">
    <p class='ocr_par' dir='ltr' id='par_1_40' title="bbox 372 2389 1948 2463">
     <span class='ocr_line' id='line_1_40' title="bbox 372 2389 1948 2463; baseline 0.003 -22"><span class='ocrx_word' id='word_1_252' title='bbox 372 2390 703 2442; x_wconf 81' lang='grc' dir='ltr'>συσταλτὲον</span> <span class='ocrx_word' id='word_1_253' title='bbox 734 2389 1031 2459; x_wconf 84' lang='grc' dir='ltr'>εύροοῦντα</span> <span class='ocrx_word' id='word_1_254' title='bbox 1068 2392 1149 2453; x_wconf 86' lang='grc' dir='ltr'><strong>εἰς</strong></span> <span class='ocrx_word' id='word_1_255' title='bbox 1172 2392 1345 2445; x_wconf 83' lang='grc' dir='ltr'>πλείω</span> <span class='ocrx_word' id='word_1_256' title='bbox 1384 2392 1691 2463; x_wconf 71' lang='grc' dir='ltr'>διατριϐὴν,</span> <span class='ocrx_word' id='word_1_257' title='bbox 1730 2396 1823 2446; x_wconf 74' lang='grc' dir='ltr'><strong>καὶ</strong></span> <span class='ocrx_word' id='word_1_258' title='bbox 1853 2393 1948 2463; x_wconf 80' lang='grc' dir='ltr'><strong>δη-</strong></span> 
     </span>
    </p>
   </div>
   <div class='ocr_carea' id='block_1_41' title="bbox 368 2480 1949 2556">
    <p class='ocr_par' dir='ltr' id='par_1_41' title="bbox 368 2480 1949 2556">
     <span class='ocr_line' id='line_1_41' title="bbox 368 2480 1949 2556; baseline 0.001 -23"><span class='ocrx_word' id='word_1_259' title='bbox 368 2481 574 2534; x_wconf 83' lang='grc' dir='ltr'>λωτέον</span> <span class='ocrx_word' id='word_1_260' title='bbox 607 2481 665 2533; x_wconf 80' lang='grc' dir='ltr'><strong>οὐ</strong></span> <span class='ocrx_word' id='word_1_261' title='bbox 702 2480 839 2549; x_wconf 80' lang='grc' dir='ltr'>πρὸς</span> <span class='ocrx_word' id='word_1_262' title='bbox 870 2482 1227 2551; x_wconf 75' lang='grc' dir='ltr'>ἀναφώνησιν</span> <span class='ocrx_word' id='word_1_263' title='bbox 1255 2483 1436 2554; x_wconf 76' lang='grc' dir='ltr'>ψιλὴν,</span> <span class='ocrx_word' id='word_1_264' title='bbox 1463 2483 1579 2537; x_wconf 74' lang='grc' dir='ltr'>ἀλλ’</span> <span class='ocrx_word' id='word_1_265' title='bbox 1612 2486 1784 2556; x_wconf 73' lang='grc' dir='ltr'>αὐτὴν</span> <span class='ocrx_word' id='word_1_266' title='bbox 1814 2486 1949 2555; x_wconf 75' lang='grc' dir='ltr'><strong>ἀλὴ.</strong></span> 
     </span>
    </p>
   </div>
   <div class='ocr_carea' id='block_1_42' title="bbox 370 2573 1947 2642">
    <p class='ocr_par' dir='ltr' id='par_1_42' title="bbox 370 2573 1947 2642">
     <span class='ocr_line' id='line_1_42' title="bbox 370 2573 1947 2642; baseline 0.004 -17"><span class='ocrx_word' id='word_1_267' title='bbox 370 2573 544 2639; x_wconf 83' lang='grc' dir='ltr'>θειαν,</span> <span class='ocrx_word' id='word_1_268' title='bbox 574 2574 670 2635; x_wconf 85' lang='grc' dir='ltr'>ὡς,</span> <span class='ocrx_word' id='word_1_269' title='bbox 702 2576 749 2625; x_wconf 88' lang='grc' dir='ltr'><strong>εἰ</strong></span> <span class='ocrx_word' id='word_1_270' title='bbox 780 2573 854 2642; x_wconf 85' lang='grc' dir='ltr'>μὴ</span> <span class='ocrx_word' id='word_1_271' title='bbox 891 2576 984 2626; x_wconf 76' lang='grc' dir='ltr'>καὶ</span> <span class='ocrx_word' id='word_1_272' title='bbox 1017 2573 1113 2628; x_wconf 83' lang='grc' dir='ltr'>τοῦ</span> <span class='ocrx_word' id='word_1_273' title='bbox 1144 2576 1312 2628; x_wconf 80' lang='grc' dir='ltr'>πάλαι</span> <span class='ocrx_word' id='word_1_274' title='bbox 1343 2576 1475 2629; x_wconf 72' lang='grc' dir='ltr'>ποτὲ</span> <span class='ocrx_word' id='word_1_275' title='bbox 1515 2577 1782 2631; x_wconf 83' lang='grc' dir='ltr'>ἀνέκαθεν</span> <span class='ocrx_word' id='word_1_276' title='bbox 1811 2580 1947 2631; x_wconf 80' lang='grc' dir='ltr'>ἁπο-</span> 
     </span>
    </p>
   </div>
   <div class='ocr_carea' id='block_1_43' title="bbox 373 2664 1949 2738">
    <p class='ocr_par' dir='ltr' id='par_1_43' title="bbox 373 2664 1949 2738">
     <span class='ocr_line' id='line_1_43' title="bbox 373 2664 1949 2738; baseline 0.005 -22"><span class='ocrx_word' id='word_1_277' title='bbox 373 2664 537 2717; x_wconf 86' lang='grc' dir='ltr'>λύτου</span> <span class='ocrx_word' id='word_1_278' title='bbox 570 2665 712 2719; x_wconf 84' lang='grc' dir='ltr'>κατὰ</span> <span class='ocrx_word' id='word_1_279' title='bbox 750 2668 939 2721; x_wconf 80' lang='grc' dir='ltr'>ἄνεσιν</span> <span class='ocrx_word' id='word_1_280' title='bbox 988 2665 1106 2736; x_wconf 86' lang='grc' dir='ltr'>βίου</span> <span class='ocrx_word' id='word_1_281' title='bbox 1158 2669 1541 2738; x_wconf 82' lang='grc' dir='ltr'>ἀπανθίσομεν</span> <span class='ocrx_word' id='word_1_282' title='bbox 1584 2670 1655 2722; x_wconf 82' lang='grc' dir='ltr'>τὰ</span> <span class='ocrx_word' id='word_1_283' title='bbox 1686 2672 1949 2726; x_wconf 75' lang='grc' dir='ltr'>κάλλιστα</span> 
     </span>
    </p>
   </div>
   <div class='ocr_carea' id='block_1_44' title="bbox 370 2757 1948 2833">
    <p class='ocr_par' dir='ltr' id='par_1_44' title="bbox 370 2757 1948 2833">
     <span class='ocr_line' id='line_1_44' title="bbox 370 2757 1948 2833; baseline 0.006 -24"><span class='ocrx_word' id='word_1_284' title='bbox 370 2757 468 2809; x_wconf 70' lang='grc' dir='ltr'>ἐπὶ</span> <span class='ocrx_word' id='word_1_285' title='bbox 501 2759 757 2812; x_wconf 82' lang='grc' dir='ltr'>συστάσει</span> <span class='ocrx_word' id='word_1_286' title='bbox 793 2759 911 2829; x_wconf 81' lang='grc' dir='ltr'>βίου</span> <span class='ocrx_word' id='word_1_287' title='bbox 933 2758 1028 2812; x_wconf 79' lang='grc' dir='ltr'>τοῦ</span> <span class='ocrx_word' id='word_1_288' title='bbox 1066 2762 1187 2813; x_wconf 82' lang='grc' dir='ltr'>καθ’</span> <span class='ocrx_word' id='word_1_289' title='bbox 1231 2762 1402 2831; x_wconf 81' lang='grc' dir='ltr'>ἡμᾶς,</span> <span class='ocrx_word' id='word_1_290' title='bbox 1439 2764 1535 2815; x_wconf 69' lang='grc' dir='ltr'>καὶ</span> <span class='ocrx_word' id='word_1_291' title='bbox 1568 2763 1662 2815; x_wconf 75' lang='grc' dir='ltr'>τοῦ</span> <span class='ocrx_word' id='word_1_292' title='bbox 1695 2764 1948 2833; x_wconf 79' lang='grc' dir='ltr'>δευτέρου</span> 
     </span>
    </p>
   </div>
   <div class='ocr_carea' id='block_1_45' title="bbox 369 2849 1949 2924">
    <p class='ocr_par' dir='ltr' id='par_1_45' title="bbox 369 2849 1949 2924">
     <span class='ocr_line' id='line_1_45' title="bbox 369 2849 1949 2924; baseline 0.006 -22"><span class='ocrx_word' id='word_1_293' title='bbox 369 2849 467 2904; x_wconf 83' lang='grc' dir='ltr'>τοῦ</span> <span class='ocrx_word' id='word_1_294' title='bbox 499 2851 640 2904; x_wconf 81' lang='grc' dir='ltr'><strong>κατὰ</strong></span> <span class='ocrx_word' id='word_1_295' title='bbox 679 2851 779 2924; x_wconf 82' lang='grc' dir='ltr'><strong>τὴν</strong></span> <span class='ocrx_word' id='word_1_296' title='bbox 835 2853 999 2922; x_wconf 82' lang='grc' dir='ltr'>ἁγίαν</span> <span class='ocrx_word' id='word_1_297' title='bbox 1054 2853 1290 2908; x_wconf 81' lang='grc' dir='ltr'>παλαιὰν</span> <span class='ocrx_word' id='word_1_298' title='bbox 1337 2854 1721 2924; x_wconf 68' lang='grc' dir='ltr'>ἐπιλεξόμεθα,</span> <span class='ocrx_word' id='word_1_299' title='bbox 1755 2858 1858 2910; x_wconf 83' lang='grc' dir='ltr'>ὅσα</span> <span class='ocrx_word' id='word_1_300' title='bbox 1888 2876 1949 2911; x_wconf 90' lang='grc' dir='ltr'><strong>τε</strong></span> 
     </span>
    </p>
   </div>
   <div class='ocr_carea' id='block_1_46' title="bbox 370 2943 1952 3019">
    <p class='ocr_par' dir='ltr' id='par_1_46' title="bbox 370 2943 1952 3019">
     <span class='ocr_line' id='line_1_46' title="bbox 370 2943 1952 3019; baseline 0.006 -23"><span class='ocrx_word' id='word_1_301' title='bbox 370 2943 554 3012; x_wconf 76' lang='grc' dir='ltr'>ὅμοια,</span> <span class='ocrx_word' id='word_1_302' title='bbox 596 2944 691 2997; x_wconf 70' lang='grc' dir='ltr'>καὶ</span> <span class='ocrx_word' id='word_1_303' title='bbox 720 2946 897 2999; x_wconf 81' lang='grc' dir='ltr'>ὁπόσα</span> <span class='ocrx_word' id='word_1_304' title='bbox 936 2949 1073 3016; x_wconf 78' lang='grc' dir='ltr'>πρὸς</span> <span class='ocrx_word' id='word_1_305' title='bbox 1120 2947 1344 3017; x_wconf 83' lang='grc' dir='ltr'>ἰσότητα</span> <span class='ocrx_word' id='word_1_306' title='bbox 1370 2950 1677 3019; x_wconf 76' lang='grc' dir='ltr'>συντρέχει,</span> <span class='ocrx_word' id='word_1_307' title='bbox 1713 2950 1952 3019; x_wconf 73' lang='grc' dir='ltr'>μάλιστα</span> 
     </span>
    </p>
   </div>
   <div class='ocr_carea' id='block_1_47' title="bbox 368 3035 1950 3115">
    <p class='ocr_par' dir='ltr' id='par_1_47' title="bbox 368 3035 1950 3115">
     <span class='ocr_line' id='line_1_47' title="bbox 368 3035 1950 3115; baseline 0.004 -26"><span class='ocrx_word' id='word_1_308' title='bbox 368 3035 430 3089; x_wconf 76' lang='grc' dir='ltr'>δὲ</span> <span class='ocrx_word' id='word_1_309' title='bbox 464 3036 559 3089; x_wconf 81' lang='grc' dir='ltr'>τοῦ</span> <span class='ocrx_word' id='word_1_310' title='bbox 594 3037 902 3104; x_wconf 75' lang='grc' dir='ltr'>ἁγιωτάτων</span> <span class='ocrx_word' id='word_1_311' title='bbox 938 3040 1124 3115; x_wconf 75' lang='grc' dir='ltr'>τρίτου</span> <span class='ocrx_word' id='word_1_312' title='bbox 1173 3039 1275 3108; x_wconf 84' lang='grc' dir='ltr'>τὴν</span> <span class='ocrx_word' id='word_1_313' title='bbox 1318 3040 1413 3092; x_wconf 84' lang='grc' dir='ltr'><strong>καὶ</strong></span> <span class='ocrx_word' id='word_1_314' title='bbox 1459 3039 1807 3110; x_wconf 84' lang='grc' dir='ltr'>τελειοτάτην</span> <span class='ocrx_word' id='word_1_315' title='bbox 1856 3044 1950 3095; x_wconf 75' lang='grc' dir='ltr'>καὶ</span> 
     </span>
    </p>
   </div>
   <div class='ocr_carea' id='block_1_48' title="bbox 370 3127 1951 3202">
    <p class='ocr_par' dir='ltr' id='par_1_48' title="bbox 370 3127 1951 3202">
     <span class='ocr_line' id='line_1_48' title="bbox 370 3127 1951 3202; baseline 0.003 -22"><span class='ocrx_word' id='word_1_316' title='bbox 370 3127 693 3198; x_wconf 80' lang='grc' dir='ltr'>τελεστικὴν</span> <span class='ocrx_word' id='word_1_317' title='bbox 716 3129 1123 3198; x_wconf 79' lang='grc' dir='ltr'>εἰσοικισόμεθα</span> <span class='ocrx_word' id='word_1_318' title='bbox 1147 3131 1328 3201; x_wconf 79' lang='grc' dir='ltr'>χάριν,</span> <span class='ocrx_word' id='word_1_319' title='bbox 1352 3130 1412 3185; x_wconf 83' lang='grc' dir='ltr'><strong>οὐ</strong></span> <span class='ocrx_word' id='word_1_320' title='bbox 1444 3129 1851 3202; x_wconf 73' lang='grc' dir='ltr'>συλλεξάμενοι,</span> <span class='ocrx_word' id='word_1_321' title='bbox 1876 3133 1951 3195; x_wconf 84' lang='grc' dir='ltr'>ὼς</span> 
     </span>
    </p>
   </div>
   <div class='ocr_carea' id='block_1_49' title="bbox 2051 1933 3630 2004">
    <p class='ocr_par' dir='ltr' id='par_1_49' title="bbox 2051 1933 3630 2004">
     <span class='ocr_line' id='line_1_49' title="bbox 2051 1933 3630 2004; baseline 0.001 -20"><span class='ocrx_word' id='word_1_322' title='bbox 2051 1940 2163 1985; x_wconf 90' lang='lat' dir='ltr'><strong>tum</strong></span> <span class='ocrx_word' id='word_1_323' title='bbox 2197 1937 2251 1984; x_wconf 90' lang='lat' dir='ltr'><strong>te</strong></span> <span class='ocrx_word' id='word_1_324' title='bbox 2294 1933 2542 2000; x_wconf 69' lang='lat' dir='ltr'><strong>prwbens</strong></span> <span class='ocrx_word' id='word_1_325' title='bbox 2587 1948 2762 2002; x_wconf 86' lang='lat' dir='ltr'><strong>neque</strong></span> <span class='ocrx_word' id='word_1_326' title='bbox 2802 1948 3047 2004; x_wconf 88' lang='lat' dir='ltr'><strong>unquam</strong></span> <span class='ocrx_word' id='word_1_327' title='bbox 3095 1933 3336 1988; x_wconf 90' lang='lat' dir='ltr'><strong>hominis</strong></span> <span class='ocrx_word' id='word_1_328' title='bbox 3367 1933 3630 2001; x_wconf 87' lang='lat' dir='ltr'><strong>perditio-</strong></span> 
     </span>
    </p>
   </div>
   <div class='ocr_carea' id='block_1_50' title="bbox 2050 2027 3630 2098">
    <p class='ocr_par' dir='ltr' id='par_1_50' title="bbox 2050 2027 3630 2098">
     <span class='ocr_line' id='line_1_50' title="bbox 2050 2027 3630 2098; baseline 0.001 -19"><span class='ocrx_word' id='word_1_329' title='bbox 2050 2042 2172 2081; x_wconf 87' lang='lat' dir='ltr'><strong>nem</strong></span> <span class='ocrx_word' id='word_1_330' title='bbox 2218 2028 2470 2098; x_wconf 79' lang='lat' dir='ltr'><strong>cupien=.</strong></span> <span class='ocrx_word' id='word_1_331' title='bbox 2514 2030 2606 2082; x_wconf 79' lang='lat' dir='ltr'><strong>sed</strong></span> <span class='ocrx_word' id='word_1_332' title='bbox 2639 2030 2986 2085; x_wconf 88' lang='lat' dir='ltr'><strong>solummodo</strong></span> <span class='ocrx_word' id='word_1_333' title='bbox 3044 2028 3348 2083; x_wconf 70' lang='lat' dir='ltr'><strong>daemonem</strong></span> <span class='ocrx_word' id='word_1_334' title='bbox 3385 2027 3630 2098; x_wconf 80' lang='lat' dir='ltr'><strong>pravita-</strong></span> 
     </span>
    </p>
   </div>
   <div class='ocr_carea' id='block_1_51' title="bbox 2059 2119 3389 2179">
    <p class='ocr_par' dir='ltr' id='par_1_51' title="bbox 2059 2119 3389 2179">
     <span class='ocr_line' id='line_1_51' title="bbox 2059 2119 3389 2179; baseline 0.002 -7"><span class='ocrx_word' id='word_1_335' title='bbox 2059 2119 2131 2174; x_wconf 91' lang='lat' dir='ltr'><strong>tis</strong></span> <span class='ocrx_word' id='word_1_336' title='bbox 2175 2132 2456 2177; x_wconf 88' lang='lat' dir='ltr'><strong>auctorem</strong></span> <span class='ocrx_word' id='word_1_337' title='bbox 2502 2124 2916 2179; x_wconf 82' lang='lat' dir='ltr'><strong>tenacissimum</strong></span> <span class='ocrx_word' id='word_1_338' title='bbox 2981 2122 3111 2178; x_wconf 89' lang='lat' dir='ltr'><strong>odio</strong></span> <span class='ocrx_word' id='word_1_339' title='bbox 3158 2122 3389 2177; x_wconf 84' lang='lat' dir='ltr'><strong>habens.</strong></span> 
     </span>
    </p>
   </div>
   <div class='ocr_carea' id='block_1_52' title="bbox 2123 2300 3628 2370">
    <p class='ocr_par' dir='ltr' id='par_1_52' title="bbox 2123 2300 3628 2370">
     <span class='ocr_line' id='line_1_52' title="bbox 2123 2300 3628 2370; baseline -0.001 -13"><span class='ocrx_word' id='word_1_340' title='bbox 2123 2300 2357 2357; x_wconf 73' lang='lat' dir='ltr'><strong>89.1am</strong></span> <span class='ocrx_word' id='word_1_341' title='bbox 2419 2317 2631 2364; x_wconf 82' lang='lat' dir='ltr'><strong>vero,o</strong></span> <span class='ocrx_word' id='word_1_342' title='bbox 2700 2303 2921 2370; x_wconf 79' lang='lat' dir='ltr'><strong>fratres,</strong></span> <span class='ocrx_word' id='word_1_343' title='bbox 2982 2303 3254 2357; x_wconf 85' lang='lat' dir='ltr'><strong>orationis</strong></span> <span class='ocrx_word' id='word_1_344' title='bbox 3310 2316 3511 2356; x_wconf 91' lang='lat' dir='ltr'><strong>cursus</strong></span> <span class='ocrx_word' id='word_1_345' title='bbox 3559 2316 3628 2355; x_wconf 89' lang='lat' dir='ltr'><strong>ne</strong></span> 
     </span>
    </p>
   </div>
   <div class='ocr_carea' id='block_1_53' title="bbox 2052 2392 3631 2464">
    <p class='ocr_par' dir='ltr' id='par_1_53' title="bbox 2052 2392 3631 2464">
     <span class='ocr_line' id='line_1_53' title="bbox 2052 2392 3631 2464; baseline -0.002 -17"><span class='ocrx_word' id='word_1_346' title='bbox 2052 2394 2192 2447; x_wconf 90' lang='lat' dir='ltr'><strong>ultra</strong></span> <span class='ocrx_word' id='word_1_347' title='bbox 2227 2393 2444 2447; x_wconf 90' lang='lat' dir='ltr'><strong>modum</strong></span> <span class='ocrx_word' id='word_1_348' title='bbox 2487 2393 2788 2458; x_wconf 83' lang='lat' dir='ltr'><strong>discurrat,</strong></span> <span class='ocrx_word' id='word_1_349' title='bbox 2815 2392 3234 2464; x_wconf 78' lang='lat' dir='ltr'><strong>restringcndus</strong></span> <span class='ocrx_word' id='word_1_350' title='bbox 3258 2401 3341 2447; x_wconf 91' lang='lat' dir='ltr'><strong>est</strong></span> <span class='ocrx_word' id='word_1_351' title='bbox 3364 2392 3631 2446; x_wconf 60' lang='lat' dir='ltr'><strong>cohibenv</strong></span> 
     </span>
    </p>
   </div>
   <div class='ocr_carea' id='block_1_54' title="bbox 2050 2480 3629 2551">
    <p class='ocr_par' dir='ltr' id='par_1_54' title="bbox 2050 2480 3629 2551">
     <span class='ocr_line' id='line_1_54' title="bbox 2050 2480 3629 2551; baseline -0.001 -16"><span class='ocrx_word' id='word_1_352' title='bbox 2050 2482 2282 2551; x_wconf 89' lang='lat' dir='ltr'><strong>dusque.</strong></span> <span class='ocrx_word' id='word_1_353' title='bbox 2314 2480 2470 2548; x_wconf 83' lang='lat' dir='ltr'><strong>Quod</strong></span> <span class='ocrx_word' id='word_1_354' title='bbox 2517 2492 2697 2536; x_wconf 85' lang='lat' dir='ltr'><strong>autem</strong></span> <span class='ocrx_word' id='word_1_355' title='bbox 2723 2484 2831 2549; x_wconf 85' lang='lat' dir='ltr'><strong>jam</strong></span> <span class='ocrx_word' id='word_1_356' title='bbox 2866 2482 3067 2546; x_wconf 78' lang='lat' dir='ltr'><strong>diram,</strong></span> <span class='ocrx_word' id='word_1_357' title='bbox 3113 2498 3219 2536; x_wconf 91' lang='lat' dir='ltr'><strong>non</strong></span> <span class='ocrx_word' id='word_1_358' title='bbox 3254 2497 3403 2537; x_wconf 86' lang='lat' dir='ltr'><strong>mera</strong></span> <span class='ocrx_word' id='word_1_359' title='bbox 3463 2482 3629 2536; x_wconf 86' lang='lat' dir='ltr'><strong>verba</strong></span> 
     </span>
    </p>
   </div>
   <div class='ocr_carea' id='block_1_55' title="bbox 2052 2572 3624 2644">
    <p class='ocr_par' dir='ltr' id='par_1_55' title="bbox 2052 2572 3624 2644">
     <span class='ocr_line' id='line_1_55' title="bbox 2052 2572 3624 2644; baseline -0.001 -16"><span class='ocrx_word' id='word_1_360' title='bbox 2052 2583 2202 2638; x_wconf 87' lang='lat' dir='ltr'><strong>sunt,</strong></span> <span class='ocrx_word' id='word_1_361' title='bbox 2248 2575 2341 2630; x_wconf 89' lang='lat' dir='ltr'><strong>sed</strong></span> <span class='ocrx_word' id='word_1_362' title='bbox 2375 2573 2574 2628; x_wconf 86' lang='lat' dir='ltr'><strong>veritas</strong></span> <span class='ocrx_word' id='word_1_363' title='bbox 2604 2574 2876 2629; x_wconf 88' lang='lat' dir='ltr'><strong>absoluta.</strong></span> <span class='ocrx_word' id='word_1_364' title='bbox 2904 2573 3042 2639; x_wconf 80' lang='lat' dir='ltr'><strong>Nisi,</strong></span> <span class='ocrx_word' id='word_1_365' title='bbox 3076 2572 3141 2627; x_wconf 89' lang='lat' dir='ltr'><strong>ad</strong></span> <span class='ocrx_word' id='word_1_366' title='bbox 3170 2575 3388 2628; x_wconf 88' lang='lat' dir='ltr'><strong>modum</strong></span> <span class='ocrx_word' id='word_1_367' title='bbox 3426 2574 3624 2644; x_wconf 65' lang='lat' dir='ltr'><strong>prisca:</strong></span> 
     </span>
    </p>
   </div>
   <div class='ocr_carea' id='block_1_56' title="bbox 2053 2668 3626 2737">
    <p class='ocr_par' dir='ltr' id='par_1_56' title="bbox 2053 2668 3626 2737">
     <span class='ocr_line' id='line_1_56' title="bbox 2053 2668 3626 2737; baseline -0.001 -16"><span class='ocrx_word' id='word_1_368' title='bbox 2053 2668 2177 2722; x_wconf 73' lang='lat' dir='ltr'><strong>vitm</strong></span> <span class='ocrx_word' id='word_1_369' title='bbox 2205 2669 2462 2724; x_wconf 85' lang='lat' dir='ltr'><strong>omnibus</strong></span> <span class='ocrx_word' id='word_1_370' title='bbox 2495 2668 2740 2724; x_wconf 86' lang='lat' dir='ltr'><strong>numeris</strong></span> <span class='ocrx_word' id='word_1_371' title='bbox 2760 2668 3051 2732; x_wconf 68' lang='lat' dir='ltr'><strong>absolutae,</strong></span> <span class='ocrx_word' id='word_1_372' title='bbox 3077 2670 3481 2737; x_wconf 86' lang='lat' dir='ltr'><strong>pulcherrimos</strong></span> <span class='ocrx_word' id='word_1_373' title='bbox 3504 2668 3626 2723; x_wconf 84' lang='lat' dir='ltr'><strong>edi-</strong></span> 
     </span>
    </p>
   </div>
   <div class='ocr_carea' id='block_1_57' title="bbox 2055 2760 3633 2830">
    <p class='ocr_par' dir='ltr' id='par_1_57' title="bbox 2055 2760 3633 2830">
     <span class='ocr_line' id='line_1_57' title="bbox 2055 2760 3633 2830; baseline 0.001 -16"><span class='ocrx_word' id='word_1_374' title='bbox 2055 2760 2403 2826; x_wconf 54' lang='lat' dir='ltr'><strong>mnsﬁl‘ruetus</strong></span> <span class='ocrx_word' id='word_1_375' title='bbox 2423 2760 2478 2813; x_wconf 92' lang='lat' dir='ltr'><strong>in</strong></span> <span class='ocrx_word' id='word_1_376' title='bbox 2498 2762 2598 2814; x_wconf 91' lang='lat' dir='ltr'><strong>hac</strong></span> <span class='ocrx_word' id='word_1_377' title='bbox 2615 2763 2931 2830; x_wconf 84' lang='lat' dir='ltr'><strong>vita,neque</strong></span> <span class='ocrx_word' id='word_1_378' title='bbox 2951 2760 3245 2815; x_wconf 87' lang='lat' dir='ltr'><strong>secundam</strong></span> <span class='ocrx_word' id='word_1_379' title='bbox 3263 2777 3382 2829; x_wconf 63' lang='lat' dir='ltr'><strong>qua:</strong></span> <span class='ocrx_word' id='word_1_380' title='bbox 3398 2761 3450 2815; x_wconf 90' lang='lat' dir='ltr'><strong>in</strong></span> <span class='ocrx_word' id='word_1_381' title='bbox 3470 2775 3633 2815; x_wconf 70' lang='lat' dir='ltr'><strong>sacro</strong></span> 
     </span>
    </p>
   </div>
   <div class='ocr_carea' id='block_1_58' title="bbox 2054 2853 3631 2922">
    <p class='ocr_par' dir='ltr' id='par_1_58' title="bbox 2054 2853 3631 2922">
     <span class='ocr_line' id='line_1_58' title="bbox 2054 2853 3631 2922; baseline 0.003 -17"><span class='ocrx_word' id='word_1_382' title='bbox 2054 2854 2225 2908; x_wconf 85' lang='lat' dir='ltr'><strong>veteri</strong></span> <span class='ocrx_word' id='word_1_383' title='bbox 2258 2853 2614 2909; x_wconf 86' lang='lat' dir='ltr'><strong>Testamento</strong></span> <span class='ocrx_word' id='word_1_384' title='bbox 2660 2853 2998 2909; x_wconf 88' lang='lat' dir='ltr'><strong>describitur</strong></span> <span class='ocrx_word' id='word_1_385' title='bbox 3020 2862 3074 2908; x_wconf 85' lang='lat' dir='ltr'><strong>et</strong></span> <span class='ocrx_word' id='word_1_386' title='bbox 3099 2868 3221 2922; x_wconf 67' lang='lat' dir='ltr'><strong>qua:</strong></span> <span class='ocrx_word' id='word_1_387' title='bbox 3252 2854 3450 2909; x_wconf 86' lang='lat' dir='ltr'><strong>similia</strong></span> <span class='ocrx_word' id='word_1_388' title='bbox 3476 2864 3631 2915; x_wconf 85' lang='lat' dir='ltr'><strong>sunt.</strong></span> 
     </span>
    </p>
   </div>
   <div class='ocr_carea' id='block_1_59' title="bbox 2054 2943 3635 3013">
    <p class='ocr_par' dir='ltr' id='par_1_59' title="bbox 2054 2943 3635 3013">
     <span class='ocr_line' id='line_1_59' title="bbox 2054 2943 3635 3013; baseline 0.001 -17"><span class='ocrx_word' id='word_1_389' title='bbox 2054 2944 2362 3012; x_wconf 79' lang='lat' dir='ltr'><strong>sequimur,</strong></span> <span class='ocrx_word' id='word_1_390' title='bbox 2396 2959 2572 3013; x_wconf 86' lang='lat' dir='ltr'><strong>neque</strong></span> <span class='ocrx_word' id='word_1_391' title='bbox 2630 2943 2997 2998; x_wconf 68' lang='lat' dir='ltr'><strong>sanctissima:</strong></span> <span class='ocrx_word' id='word_1_392' title='bbox 3039 2943 3212 2997; x_wconf 82' lang='lat' dir='ltr'><strong>tertiae</strong></span> <span class='ocrx_word' id='word_1_393' title='bbox 3256 2944 3485 3013; x_wconf 78' lang='lat' dir='ltr'><strong>gratiam</strong></span> <span class='ocrx_word' id='word_1_394' title='bbox 3513 2958 3635 3010; x_wconf 74' lang='lat' dir='ltr'><strong>per-</strong></span> 
     </span>
    </p>
   </div>
   <div class='ocr_carea' id='block_1_60' title="bbox 2055 3035 3632 3105">
    <p class='ocr_par' dir='ltr' id='par_1_60' title="bbox 2055 3035 3632 3105">
     <span class='ocr_line' id='line_1_60' title="bbox 2055 3035 3632 3105; baseline -0.002 -14"><span class='ocrx_word' id='word_1_395' title='bbox 2055 3036 2253 3091; x_wconf 83' lang='lat' dir='ltr'><strong>fectam</strong></span> <span class='ocrx_word' id='word_1_396' title='bbox 2277 3044 2329 3091; x_wconf 89' lang='lat' dir='ltr'><strong>et</strong></span> <span class='ocrx_word' id='word_1_397' title='bbox 2357 3036 2724 3104; x_wconf 64' lang='lat' dir='ltr'><strong>perﬁcientem</strong></span> <span class='ocrx_word' id='word_1_398' title='bbox 2749 3035 3124 3105; x_wconf 88' lang='lat' dir='ltr'><strong>adipiscimur,</strong></span> <span class='ocrx_word' id='word_1_399' title='bbox 3152 3051 3258 3090; x_wconf 88' lang='lat' dir='ltr'><strong>non</strong></span> <span class='ocrx_word' id='word_1_400' title='bbox 3291 3036 3632 3105; x_wconf 80' lang='lat' dir='ltr'><strong>colligentes,</strong></span> 
     </span>
    </p>
   </div>
   <div class='ocr_carea' id='block_1_61' title="bbox 2055 3127 3632 3197">
    <p class='ocr_par' dir='ltr' id='par_1_61' title="bbox 2055 3127 3632 3197">
     <span class='ocr_line' id='line_1_61' title="bbox 2055 3127 3632 3197; baseline -0.002 -16"><span class='ocrx_word' id='word_1_401' title='bbox 2055 3138 2112 3183; x_wconf 91' lang='lat' dir='ltr'><strong>ut</strong></span> <span class='ocrx_word' id='word_1_402' title='bbox 2153 3128 2206 3182; x_wconf 90' lang='lat' dir='ltr'><strong>in</strong></span> <span class='ocrx_word' id='word_1_403' title='bbox 2235 3127 2490 3185; x_wconf 79' lang='lat' dir='ltr'><strong>transitu.</strong></span> <span class='ocrx_word' id='word_1_404' title='bbox 2529 3127 2688 3197; x_wconf 90' lang='lat' dir='ltr'><strong>stipis</strong></span> <span class='ocrx_word' id='word_1_405' title='bbox 2726 3127 2921 3189; x_wconf 86' lang='lat' dir='ltr'><strong>instar.</strong></span> <span class='ocrx_word' id='word_1_406' title='bbox 2953 3127 3045 3181; x_wconf 83' lang='lat' dir='ltr'><strong>sed</strong></span> <span class='ocrx_word' id='word_1_407' title='bbox 3078 3128 3632 3195; x_wconf 79' lang='lat' dir='ltr'><strong>rccipicntes,quem-</strong></span> 
     </span>
    </p>
   </div>
   <div class='ocr_carea' id='block_1_62' title="bbox 370 3201 1949 3294">
    <p class='ocr_par' dir='ltr' id='par_1_62' title="bbox 370 3201 1949 3294">
     <span class='ocr_line' id='line_1_62' title="bbox 370 3201 1949 3294; baseline 0.003 -20"><span class='ocrx_word' id='word_1_408' title='bbox 370 3219 431 3274; x_wconf 74' lang='grc' dir='ltr'>ὲν</span> <span class='ocrx_word' id='word_1_409' title='bbox 457 3220 763 3285; x_wconf 83' lang='grc' dir='ltr'>ἐπελεύσει,</span> <span class='ocrx_word' id='word_1_410' title='bbox 796 3221 954 3288; x_wconf 88' lang='grc' dir='ltr'>δίκην</span> <span class='ocrx_word' id='word_1_411' title='bbox 978 3222 1199 3291; x_wconf 76' lang='grc' dir='ltr'>ἐράνου,</span> <span class='ocrx_word' id='word_1_412' title='bbox 1226 3223 1367 3277; x_wconf 81' lang='grc' dir='ltr'>ἀλλὰ</span> <span class='ocrx_word' id='word_1_413' title='bbox 1419 3201 1818 3294; x_wconf 80' lang='grc' dir='ltr'>εἰσδεξάμενοι,</span> <span class='ocrx_word' id='word_1_414' title='bbox 1876 3225 1949 3290; x_wconf 87' lang='grc' dir='ltr'><strong>ὡς</strong></span> 
     </span>
    </p>
   </div>
   <div class='ocr_carea' id='block_1_63' title="bbox 2053 3201 3635 3294">
    <p class='ocr_par' dir='ltr' id='par_1_63' title="bbox 2066 3217 3635 3289">
     <span class='ocr_line' id='line_1_63' title="bbox 2066 3217 3635 3289; baseline -0.002 -15"><span class='ocrx_word' id='word_1_415' title='bbox 2066 3219 2388 3275; x_wconf 80' lang='lat' dir='ltr'><strong>-admodum</strong></span> <span class='ocrx_word' id='word_1_416' title='bbox 2443 3217 2606 3274; x_wconf 79' lang='lat' dir='ltr'><strong>Pater</strong></span> <span class='ocrx_word' id='word_1_417' title='bbox 2672 3231 2889 3288; x_wconf 85' lang='lat' dir='ltr'><strong>patrum</strong></span> <span class='ocrx_word' id='word_1_418' title='bbox 2917 3227 2972 3274; x_wconf 89' lang='lat' dir='ltr'><strong>et</strong></span> <span class='ocrx_word' id='word_1_419' title='bbox 3021 3233 3271 3275; x_wconf 88' lang='lat' dir='ltr'><strong>summus</strong></span> <span class='ocrx_word' id='word_1_420' title='bbox 3327 3227 3635 3289; x_wconf 63' lang='lat' dir='ltr'><strong>praeceptor</strong></span> 
     </span>
    </p>
   </div>
   <div class='ocr_carea' id='block_1_64' title="bbox 371 3312 1948 3386">
    <p class='ocr_par' dir='ltr' id='par_1_64' title="bbox 371 3312 1948 3386">
     <span class='ocr_line' id='line_1_64' title="bbox 371 3312 1948 3386; baseline 0.003 -21"><span class='ocrx_word' id='word_1_421' title='bbox 371 3314 401 3365; x_wconf 85' lang='grc' dir='ltr'><strong>ὁ</strong></span> <span class='ocrx_word' id='word_1_422' title='bbox 427 3313 537 3363; x_wconf 81' lang='grc' dir='ltr'><strong>τῶν</strong></span> <span class='ocrx_word' id='word_1_423' title='bbox 560 3312 818 3381; x_wconf 79' lang='grc' dir='ltr'>πατέρων</span> <span class='ocrx_word' id='word_1_424' title='bbox 846 3312 1030 3383; x_wconf 83' lang='grc' dir='ltr'>πατὴρ</span> <span class='ocrx_word' id='word_1_425' title='bbox 1061 3313 1158 3367; x_wconf 73' lang='grc' dir='ltr'><strong>καὶ</strong></span> <span class='ocrx_word' id='word_1_426' title='bbox 1185 3314 1693 3386; x_wconf 77' lang='grc' dir='ltr'>πρωτοδιδάσκαλος</span> <span class='ocrx_word' id='word_1_427' title='bbox 1730 3334 1948 3384; x_wconf 88' lang='grc' dir='ltr'>παραγ-</span> 
     </span>
    </p>
   </div>
   <div class='ocr_carea' id='block_1_65' title="bbox 373 3404 1952 3478">
    <p class='ocr_par' dir='ltr' id='par_1_65' title="bbox 373 3404 1952 3478">
     <span class='ocr_line' id='line_1_65' title="bbox 373 3404 1952 3478; baseline 0.004 -22"><span class='ocrx_word' id='word_1_428' title='bbox 373 3404 582 3471; x_wconf 80' lang='grc' dir='ltr'>γέλλει,</span> <span class='ocrx_word' id='word_1_429' title='bbox 615 3406 754 3472; x_wconf 81' lang='grc' dir='ltr'>μετὰ</span> <span class='ocrx_word' id='word_1_430' title='bbox 806 3404 1139 3474; x_wconf 80' lang='grc' dir='ltr'>διακρίσεως</span> <span class='ocrx_word' id='word_1_431' title='bbox 1186 3406 1335 3477; x_wconf 84' lang='grc' dir='ltr'>αὐτῷ</span> <span class='ocrx_word' id='word_1_432' title='bbox 1364 3424 1423 3459; x_wconf 87' lang='grc' dir='ltr'><strong>τε</strong></span> <span class='ocrx_word' id='word_1_433' title='bbox 1483 3408 1802 3478; x_wconf 76' lang='grc' dir='ltr'>πρεπούσης</span> <span class='ocrx_word' id='word_1_434' title='bbox 1858 3409 1952 3462; x_wconf 75' lang='grc' dir='ltr'><strong>καὶ</strong></span> 
     </span>
    </p>
   </div>
   <div class='ocr_carea' id='block_1_66' title="bbox 372 3494 1949 3568">
    <p class='ocr_par' dir='ltr' id='par_1_66' title="bbox 372 3494 1949 3568">
     <span class='ocr_line' id='line_1_66' title="bbox 372 3494 1949 3568; baseline 0.003 -20"><span class='ocrx_word' id='word_1_435' title='bbox 372 3496 526 3564; x_wconf 79' lang='grc' dir='ltr'>ἡμᾶς</span> <span class='ocrx_word' id='word_1_436' title='bbox 556 3494 898 3564; x_wconf 77' lang='grc' dir='ltr'>βελτιούσης,</span> <span class='ocrx_word' id='word_1_437' title='bbox 927 3497 1020 3548; x_wconf 81' lang='grc' dir='ltr'><strong>καὶ</strong></span> <span class='ocrx_word' id='word_1_438' title='bbox 1042 3494 1186 3550; x_wconf 80' lang='grc' dir='ltr'>οὕτω</span> <span class='ocrx_word' id='word_1_439' title='bbox 1233 3498 1619 3568; x_wconf 82' lang='grc' dir='ltr'>σκευασόμεθα</span> <span class='ocrx_word' id='word_1_440' title='bbox 1662 3500 1949 3564; x_wconf 81' lang='grc' dir='ltr'>πάντοθεν,</span> 
     </span>
    </p>
   </div>
   <div class='ocr_carea' id='block_1_67' title="bbox 373 3585 1952 3660">
    <p class='ocr_par' dir='ltr' id='par_1_67' title="bbox 373 3585 1952 3660">
     <span class='ocr_line' id='line_1_67' title="bbox 373 3585 1952 3660; baseline 0.003 -21"><span class='ocrx_word' id='word_1_441' title='bbox 373 3588 474 3640; x_wconf 73' lang='grc' dir='ltr'><strong>καὶ</strong></span> <span class='ocrx_word' id='word_1_442' title='bbox 525 3585 1145 3656; x_wconf 70' lang='grc' dir='ltr'>συνεπιλαμϐανομένης</span> <span class='ocrx_word' id='word_1_443' title='bbox 1194 3589 1292 3659; x_wconf 83' lang='grc' dir='ltr'>τῆς</span> <span class='ocrx_word' id='word_1_444' title='bbox 1352 3589 1664 3658; x_wconf 77' lang='grc' dir='ltr'>ἁγιωτάτης</span> <span class='ocrx_word' id='word_1_445' title='bbox 1722 3590 1952 3660; x_wconf 83' lang='grc' dir='ltr'>Τριάδος</span> 
     </span>
    </p>
   </div>
   <div class='ocr_carea' id='block_1_68' title="bbox 374 3676 1956 3751">
    <p class='ocr_par' dir='ltr' id='par_1_68' title="bbox 374 3676 1956 3751">
     <span class='ocr_line' id='line_1_68' title="bbox 374 3676 1956 3751; baseline 0.001 -20"><span class='ocrx_word' id='word_1_446' title='bbox 374 3676 714 3745; x_wconf 85' lang='grc' dir='ltr'>ἀποθώμεθα</span> <span class='ocrx_word' id='word_1_447' title='bbox 742 3677 802 3730; x_wconf 70' lang='grc' dir='ltr'>ιν</span> <span class='ocrx_word' id='word_1_448' title='bbox 836 3680 901 3748; x_wconf 82' lang='grc' dir='ltr'>τῇ</span> <span class='ocrx_word' id='word_1_449' title='bbox 935 3678 1137 3750; x_wconf 78' lang='grc' dir='ltr'>καρδίᾳ</span> <span class='ocrx_word' id='word_1_450' title='bbox 1168 3679 1237 3731; x_wconf 75' lang='grc' dir='ltr'>τὰ</span> <span class='ocrx_word' id='word_1_451' title='bbox 1272 3682 1541 3751; x_wconf 78' lang='grc' dir='ltr'>σωτήρια,</span> <span class='ocrx_word' id='word_1_452' title='bbox 1568 3681 1634 3734; x_wconf 76' lang='grc' dir='ltr'>τὰ</span> <span class='ocrx_word' id='word_1_453' title='bbox 1666 3680 1767 3748; x_wconf 75' lang='grc' dir='ltr'>μὲν</span> <span class='ocrx_word' id='word_1_454' title='bbox 1797 3681 1956 3735; x_wconf 75' lang='grc' dir='ltr'>αὐτοὶ</span> 
     </span>
    </p>
   </div>
   <div class='ocr_carea' id='block_1_69' title="bbox 374 3768 1956 3842">
    <p class='ocr_par' dir='ltr' id='par_1_69' title="bbox 374 3768 1956 3842">
     <span class='ocr_line' id='line_1_69' title="bbox 374 3768 1956 3842; baseline 0.001 -22"><span class='ocrx_word' id='word_1_455' title='bbox 374 3768 684 3836; x_wconf 80' lang='grc' dir='ltr'>φιλοπόνως</span> <span class='ocrx_word' id='word_1_456' title='bbox 717 3769 1133 3840; x_wconf 81' lang='grc' dir='ltr'>ἀναλεγόμενοι,</span> <span class='ocrx_word' id='word_1_457' title='bbox 1175 3770 1245 3824; x_wconf 81' lang='grc' dir='ltr'>τὰ</span> <span class='ocrx_word' id='word_1_458' title='bbox 1274 3770 1331 3824; x_wconf 78' lang='grc' dir='ltr'>δὲ</span> <span class='ocrx_word' id='word_1_459' title='bbox 1373 3772 1470 3824; x_wconf 80' lang='grc' dir='ltr'>καὶ</span> <span class='ocrx_word' id='word_1_460' title='bbox 1501 3771 1956 3842; x_wconf 80' lang='grc' dir='ltr'>ὑπαγορευόντων</span> 
     </span>
    </p>
   </div>
   <div class='ocr_carea' id='block_1_70' title="bbox 375 3859 1960 3933">
    <p class='ocr_par' dir='ltr' id='par_1_70' title="bbox 375 3859 1960 3933">
     <span class='ocr_line' id='line_1_70' title="bbox 375 3859 1960 3933; baseline 0.001 -20"><span class='ocrx_word' id='word_1_461' title='bbox 375 3859 605 3927; x_wconf 80' lang='grc' dir='ltr'>ἀγαθῶν</span> <span class='ocrx_word' id='word_1_462' title='bbox 630 3860 967 3915; x_wconf 69' lang='grc' dir='ltr'>διδασκάλων</span> <span class='ocrx_word' id='word_1_463' title='bbox 1006 3861 1376 3933; x_wconf 83' lang='grc' dir='ltr'>ἐκδεχόμενοι,</span> <span class='ocrx_word' id='word_1_464' title='bbox 1407 3863 1660 3933; x_wconf 78' lang='grc' dir='ltr'>δακτύλῳ</span> <span class='ocrx_word' id='word_1_465' title='bbox 1694 3863 1831 3916; x_wconf 79' lang='grc' dir='ltr'>Θεοῦ</span> <span class='ocrx_word' id='word_1_466' title='bbox 1866 3879 1960 3930; x_wconf 77' lang='grc' dir='ltr'>γε·</span> 
     </span>
    </p>
   </div>
   <div class='ocr_carea' id='block_1_71' title="bbox 377 3952 1953 4027">
    <p class='ocr_par' dir='ltr' id='par_1_71' title="bbox 377 3952 1953 4027">
     <span class='ocr_line' id='line_1_71' title="bbox 377 3952 1953 4027; baseline 0.002 -20"><span class='ocrx_word' id='word_1_467' title='bbox 377 3952 703 4023; x_wconf 80' lang='grc' dir='ltr'>γραμμένα,</span> <span class='ocrx_word' id='word_1_468' title='bbox 732 3955 829 4007; x_wconf 77' lang='grc' dir='ltr'><strong>καὶ</strong></span> <span class='ocrx_word' id='word_1_469' title='bbox 858 3952 1035 4018; x_wconf 76' lang='grc' dir='ltr'>οὕτως</span> <span class='ocrx_word' id='word_1_470' title='bbox 1075 3955 1311 4025; x_wconf 76' lang='grc' dir='ltr'>ἀπονητί</span> <span class='ocrx_word' id='word_1_471' title='bbox 1355 3956 1772 4027; x_wconf 76' lang='grc' dir='ltr'>παραδεδομένα</span> <span class='ocrx_word' id='word_1_472' title='bbox 1799 3958 1953 4025; x_wconf 80' lang='grc' dir='ltr'>ἡμῖν,</span> 
     </span>
    </p>
   </div>
   <div class='ocr_carea' id='block_1_72' title="bbox 376 4045 1960 4117">
    <p class='ocr_par' dir='ltr' id='par_1_72' title="bbox 376 4045 1960 4117">
     <span class='ocr_line' id='line_1_72' title="bbox 376 4045 1960 4117; baseline 0.001 -18"><span class='ocrx_word' id='word_1_473' title='bbox 376 4045 843 4117; x_wconf 79' lang='grc' dir='ltr'>οἰχησόμεθα,ὠς</span> <span class='ocrx_word' id='word_1_474' title='bbox 875 4047 936 4099; x_wconf 87' lang='grc' dir='ltr'><strong>ού</strong></span> <span class='ocrx_word' id='word_1_475' title='bbox 992 4046 1243 4112; x_wconf 75' lang='grc' dir='ltr'>θέλομεν.</span> <span class='ocrx_word' id='word_1_476' title='bbox 1312 4047 1468 4113; x_wconf 68' lang='grc' dir='ltr'>Ἰδοὺ,</span> <span class='ocrx_word' id='word_1_477' title='bbox 1522 4048 1750 4116; x_wconf 77' lang='grc' dir='ltr'>εἴπομεν</span> <span class='ocrx_word' id='word_1_478' title='bbox 1804 4049 1960 4117; x_wconf 84' lang='grc' dir='ltr'>ὑμῖν,</span> 
     </span>
    </p>
   </div>
   <div class='ocr_carea' id='block_1_73' title="bbox 2051 3311 3634 3381">
    <p class='ocr_par' dir='ltr' id='par_1_73' title="bbox 2051 3311 3634 3381">
     <span class='ocr_line' id='line_1_73' title="bbox 2051 3311 3634 3381; baseline -0.001 -15"><span class='ocrx_word' id='word_1_479' title='bbox 2051 3311 2231 3381; x_wconf 86' lang='lat' dir='ltr'><strong>jubet,</strong></span> <span class='ocrx_word' id='word_1_480' title='bbox 2288 3327 2411 3366; x_wconf 91' lang='lat' dir='ltr'><strong>cum</strong></span> <span class='ocrx_word' id='word_1_481' title='bbox 2457 3311 2665 3380; x_wconf 84' lang='lat' dir='ltr'><strong>judicio</strong></span> <span class='ocrx_word' id='word_1_482' title='bbox 2727 3311 2833 3380; x_wconf 91' lang='lat' dir='ltr'><strong>ipsi</strong></span> <span class='ocrx_word' id='word_1_483' title='bbox 2882 3311 3265 3375; x_wconf 77' lang='lat' dir='ltr'><strong>conveniente,</strong></span> <span class='ocrx_word' id='word_1_484' title='bbox 3317 3320 3481 3380; x_wconf 85' lang='lat' dir='ltr'><strong>atque</strong></span> <span class='ocrx_word' id='word_1_485' title='bbox 3532 3326 3634 3365; x_wconf 83' lang='lat' dir='ltr'><strong>nos</strong></span> 
     </span>
    </p>
   </div>
   <div class='ocr_carea' id='block_1_74' title="bbox 2060 3403 3633 3470">
    <p class='ocr_par' dir='ltr' id='par_1_74' title="bbox 2060 3403 3633 3470">
     <span class='ocr_line' id='line_1_74' title="bbox 2060 3403 3633 3470; baseline -0.002 -11"><span class='ocrx_word' id='word_1_486' title='bbox 2060 3407 2311 3461; x_wconf 65' lang='lat' dir='ltr'><strong>meliores</strong></span> <span class='ocrx_word' id='word_1_487' title='bbox 2341 3406 2624 3467; x_wconf 76' lang='lat' dir='ltr'><strong>reddente,</strong></span> <span class='ocrx_word' id='word_1_488' title='bbox 2665 3403 3015 3460; x_wconf 83' lang='lat' dir='ltr'><strong>etTrinitale</strong></span> <span class='ocrx_word' id='word_1_489' title='bbox 3067 3403 3417 3459; x_wconf 84' lang='lat' dir='ltr'><strong>sanetissima</strong></span> <span class='ocrx_word' id='word_1_490' title='bbox 3470 3403 3633 3470; x_wconf 87' lang='lat' dir='ltr'><strong>adju-</strong></span> 
     </span>
    </p>
   </div>
   <div class='ocr_carea' id='block_1_75' title="bbox 2059 3497 3629 3566">
    <p class='ocr_par' dir='ltr' id='par_1_75' title="bbox 2059 3497 3629 3566">
     <span class='ocr_line' id='line_1_75' title="bbox 2059 3497 3629 3566; baseline 0.001 -17"><span class='ocrx_word' id='word_1_491' title='bbox 2059 3508 2219 3554; x_wconf 83' lang='lat' dir='ltr'><strong>vante</strong></span> <span class='ocrx_word' id='word_1_492' title='bbox 2275 3500 2327 3553; x_wconf 90' lang='lat' dir='ltr'><strong>in</strong></span> <span class='ocrx_word' id='word_1_493' title='bbox 2386 3499 2549 3552; x_wconf 86' lang='lat' dir='ltr'><strong>corde</strong></span> <span class='ocrx_word' id='word_1_494' title='bbox 2580 3498 2903 3566; x_wconf 84' lang='lat' dir='ltr'><strong>reponimus</strong></span> <span class='ocrx_word' id='word_1_495' title='bbox 2944 3497 3226 3562; x_wconf 86' lang='lat' dir='ltr'><strong>salutaria,</strong></span> <span class='ocrx_word' id='word_1_496' title='bbox 3271 3512 3395 3566; x_wconf 68' lang='lat' dir='ltr'><strong>qua:</strong></span> <span class='ocrx_word' id='word_1_497' title='bbox 3431 3500 3629 3566; x_wconf 84' lang='lat' dir='ltr'><strong>partim</strong></span> 
     </span>
    </p>
   </div>
   <div class='ocr_carea' id='block_1_76' title="bbox 2059 3589 3634 3660">
    <p class='ocr_par' dir='ltr' id='par_1_76' title="bbox 2059 3589 3634 3660">
     <span class='ocr_line' id='line_1_76' title="bbox 2059 3589 3634 3660; baseline -0.001 -15"><span class='ocrx_word' id='word_1_498' title='bbox 2059 3591 2162 3659; x_wconf 82' lang='lat' dir='ltr'><strong>ipsi</strong></span> <span class='ocrx_word' id='word_1_499' title='bbox 2195 3590 2437 3645; x_wconf 84' lang='lat' dir='ltr'><strong>studiose</strong></span> <span class='ocrx_word' id='word_1_500' title='bbox 2465 3590 2867 3658; x_wconf 85' lang='lat' dir='ltr'><strong>conquirimus,</strong></span> <span class='ocrx_word' id='word_1_501' title='bbox 2896 3593 3091 3658; x_wconf 85' lang='lat' dir='ltr'><strong>partim</strong></span> <span class='ocrx_word' id='word_1_502' title='bbox 3120 3603 3149 3642; x_wconf 88' lang='lat' dir='ltr'><strong>a</strong></span> <span class='ocrx_word' id='word_1_503' title='bbox 3170 3589 3326 3644; x_wconf 89' lang='lat' dir='ltr'><strong>bonis</strong></span> <span class='ocrx_word' id='word_1_504' title='bbox 3359 3589 3634 3660; x_wconf 83' lang='lat' dir='ltr'><strong>magistris</strong></span> 
     </span>
    </p>
   </div>
   <div class='ocr_carea' id='block_1_77' title="bbox 2059 3682 3634 3754">
    <p class='ocr_par' dir='ltr' id='par_1_77' title="bbox 2059 3682 3634 3754">
     <span class='ocr_line' id='line_1_77' title="bbox 2059 3682 3634 3754; baseline -0.003 -14"><span class='ocrx_word' id='word_1_505' title='bbox 2059 3685 2378 3749; x_wconf 87' lang='lat' dir='ltr'><strong>edocenmr,</strong></span> <span class='ocrx_word' id='word_1_506' title='bbox 2415 3684 2587 3754; x_wconf 78' lang='lat' dir='ltr'><strong>digito</strong></span> <span class='ocrx_word' id='word_1_507' title='bbox 2623 3683 2716 3737; x_wconf 86' lang='lat' dir='ltr'><strong>Dei</strong></span> <span class='ocrx_word' id='word_1_508' title='bbox 2748 3682 3058 3750; x_wconf 84' lang='lat' dir='ltr'><strong>conscripta</strong></span> <span class='ocrx_word' id='word_1_509' title='bbox 3088 3690 3146 3737; x_wconf 89' lang='lat' dir='ltr'><strong>et</strong></span> <span class='ocrx_word' id='word_1_510' title='bbox 3190 3682 3263 3736; x_wconf 90' lang='lat' dir='ltr'><strong>ita</strong></span> <span class='ocrx_word' id='word_1_511' title='bbox 3298 3682 3418 3737; x_wconf 91' lang='lat' dir='ltr'><strong>sine</strong></span> <span class='ocrx_word' id='word_1_512' title='bbox 3447 3684 3634 3737; x_wconf 84' lang='lat' dir='ltr'><strong>labore</strong></span> 
     </span>
    </p>
   </div>
   <div class='ocr_carea' id='block_1_78' title="bbox 2062 3772 3632 3844">
    <p class='ocr_par' dir='ltr' id='par_1_78' title="bbox 2062 3772 3632 3844">
     <span class='ocr_line' id='line_1_78' title="bbox 2062 3772 3632 3844; baseline -0.002 -13"><span class='ocrx_word' id='word_1_513' title='bbox 2062 3778 2220 3831; x_wconf 78' lang='lat' dir='ltr'><strong>nobis</strong></span> <span class='ocrx_word' id='word_1_514' title='bbox 2281 3775 2503 3841; x_wconf 83' lang='lat' dir='ltr'><strong>tradita,</strong></span> <span class='ocrx_word' id='word_1_515' title='bbox 2551 3774 2880 3829; x_wconf 84' lang='lat' dir='ltr'><strong>decedemus</strong></span> <span class='ocrx_word' id='word_1_516' title='bbox 2936 3772 3212 3844; x_wconf 87' lang='lat' dir='ltr'><strong>quomodo</strong></span> <span class='ocrx_word' id='word_1_517' title='bbox 3267 3772 3632 3828; x_wconf 74' lang='lat' dir='ltr'><strong>uoluerimus.</strong></span> 
     </span>
    </p>
   </div>
   <div class='ocr_carea' id='block_1_79' title="bbox 2064 3864 3636 3929">
    <p class='ocr_par' dir='ltr' id='par_1_79' title="bbox 2064 3864 3636 3929">
     <span class='ocr_line' id='line_1_79' title="bbox 2064 3864 3636 3929; baseline -0.004 -6"><span class='ocrx_word' id='word_1_518' title='bbox 2064 3868 2223 3929; x_wconf 85' lang='lat' dir='ltr'><strong>Ecce,</strong></span> <span class='ocrx_word' id='word_1_519' title='bbox 2248 3867 2484 3920; x_wconf 78' lang='lat' dir='ltr'><strong>diximus</strong></span> <span class='ocrx_word' id='word_1_520' title='bbox 2533 3866 2713 3929; x_wconf 83' lang='lat' dir='ltr'><strong>vobis,</strong></span> <span class='ocrx_word' id='word_1_521' title='bbox 2746 3874 2801 3920; x_wconf 89' lang='lat' dir='ltr'><strong>et</strong></span> <span class='ocrx_word' id='word_1_522' title='bbox 2831 3864 3044 3920; x_wconf 82' lang='lat' dir='ltr'><strong>audivit</strong></span> <span class='ocrx_word' id='word_1_523' title='bbox 3074 3864 3380 3919; x_wconf 86' lang='lat' dir='ltr'><strong>omniscius</strong></span> <span class='ocrx_word' id='word_1_524' title='bbox 3406 3873 3461 3917; x_wconf 89' lang='lat' dir='ltr'><strong>et</strong></span> <span class='ocrx_word' id='word_1_525' title='bbox 3515 3880 3636 3917; x_wconf 91' lang='lat' dir='ltr'><strong>om-</strong></span> 
     </span>
    </p>
   </div>
   <div class='ocr_carea' id='block_1_80' title="bbox 2066 3953 3630 4026">
    <p class='ocr_par' dir='ltr' id='par_1_80' title="bbox 2066 3953 3630 4026">
     <span class='ocr_line' id='line_1_80' title="bbox 2066 3953 3630 4026; baseline 0 -18"><span class='ocrx_word' id='word_1_526' title='bbox 2066 3955 2317 4024; x_wconf 88' lang='lat' dir='ltr'><strong>nipotens</strong></span> <span class='ocrx_word' id='word_1_527' title='bbox 2351 3953 2510 4022; x_wconf 86' lang='lat' dir='ltr'><strong>Deus,</strong></span> <span class='ocrx_word' id='word_1_528' title='bbox 2564 3959 2653 4011; x_wconf 87' lang='lat' dir='ltr'><strong>cui</strong></span> <span class='ocrx_word' id='word_1_529' title='bbox 2708 3954 2881 4026; x_wconf 77' lang='lat' dir='ltr'><strong>gloria</strong></span> <span class='ocrx_word' id='word_1_530' title='bbox 2922 3955 2978 4009; x_wconf 93' lang='lat' dir='ltr'><strong>in</strong></span> <span class='ocrx_word' id='word_1_531' title='bbox 3018 3955 3217 4010; x_wconf 66' lang='lat' dir='ltr'><strong>saecula</strong></span> <span class='ocrx_word' id='word_1_532' title='bbox 3278 3955 3630 4009; x_wconf 75' lang='lat' dir='ltr'><strong>saeculorum.</strong></span> 
     </span>
    </p>
   </div>
   <div class='ocr_carea' id='block_1_81' title="bbox 2063 4047 2258 4103">
    <p class='ocr_par' dir='ltr' id='par_1_81' title="bbox 2063 4047 2258 4103">
     <span class='ocr_line' id='line_1_81' title="bbox 2063 4047 2258 4103; baseline 0.005 -1"><span class='ocrx_word' id='word_1_533' title='bbox 2063 4047 2258 4103; x_wconf 87' lang='lat' dir='ltr'><strong>Amen.</strong></span> 
     </span>
    </p>
   </div>
   <div class='ocr_carea' id='block_1_82' title="bbox 378 4140 3637 4219">
    <p class='ocr_par' dir='ltr' id='par_1_82' title="bbox 378 4140 3637 4219">
     <span class='ocr_line' id='line_1_82' title="bbox 378 4140 3637 4219; baseline 0.002 -22"><span class='ocrx_word' id='word_1_534' title='bbox 378 4141 674 4206; x_wconf 79' lang='grc' dir='ltr'>ἀκούοντος</span> <span class='ocrx_word' id='word_1_535' title='bbox 690 4141 900 4197; x_wconf 79' lang='grc' dir='ltr'>καὶτοῦ</span> <span class='ocrx_word' id='word_1_536' title='bbox 933 4143 1029 4197; x_wconf 73' lang='grc' dir='ltr'>ἐπὶ</span> <span class='ocrx_word' id='word_1_537' title='bbox 1060 4142 1279 4197; x_wconf 84' lang='grc' dir='ltr'>πάντων</span> <span class='ocrx_word' id='word_1_538' title='bbox 1306 4143 1401 4196; x_wconf 75' lang='grc' dir='ltr'>καὶ</span> <span class='ocrx_word' id='word_1_539' title='bbox 1435 4143 1615 4196; x_wconf 79' lang='grc' dir='ltr'>πάντα</span> <span class='ocrx_word' id='word_1_540' title='bbox 1641 4144 1839 4205; x_wconf 81' lang='grc' dir='ltr'>εἰδότος</span> <span class='ocrx_word' id='word_1_541' title='bbox 1862 4145 1957 4197; x_wconf 79' lang='grc' dir='ltr'>καὶ</span> <span class='ocrx_word' id='word_1_542' title='bbox 1994 4144 2294 4216; x_wconf 79' lang='grc' dir='ltr'>δυναμένου</span> <span class='ocrx_word' id='word_1_543' title='bbox 2314 4147 2470 4215; x_wconf 78' lang='grc' dir='ltr'>Θεοῦ,</span> <span class='ocrx_word' id='word_1_544' title='bbox 2492 4140 2534 4215; x_wconf 81' lang='grc' dir='ltr'>ᾧ</span> <span class='ocrx_word' id='word_1_545' title='bbox 2553 4146 2725 4219; x_wconf 78' lang='grc' dir='ltr'>ἠδόξα</span> <span class='ocrx_word' id='word_1_546' title='bbox 2743 4149 2824 4212; x_wconf 86' lang='grc' dir='ltr'><strong>εἰς</strong></span> <span class='ocrx_word' id='word_1_547' title='bbox 2843 4149 2969 4212; x_wconf 78' lang='grc' dir='ltr'>τοὺς</span> <span class='ocrx_word' id='word_1_548' title='bbox 2991 4149 3191 4211; x_wconf 76' lang='grc' dir='ltr'>αἰῶνας</span> <span class='ocrx_word' id='word_1_549' title='bbox 3238 4146 3346 4201; x_wconf 80' lang='grc' dir='ltr'><strong>τῶν</strong></span> <span class='ocrx_word' id='word_1_550' title='bbox 3398 4144 3637 4202; x_wconf 84' lang='grc' dir='ltr'>αἰώνων.</span> 
     </span>
    </p>
   </div>
   <div class='ocr_carea' id='block_1_83' title="bbox 391 4235 591 4307">
    <p class='ocr_par' dir='ltr' id='par_1_83' title="bbox 391 4235 591 4307">
     <span class='ocr_line' id='line_1_83' title="bbox 391 4235 591 4307; baseline 0 -19"><span class='ocrx_word' id='word_1_551' title='bbox 391 4235 591 4307; x_wconf 73' lang='grc' dir='ltr'>Ἀμήν.</span> 
     </span>
    </p>
   </div>
  </div>
