4090 6440
390 377 498 446 361

1517 372 1925 440 PROLOGUS
1966 371 2048 436 IN
2085 371 2531 438 PINDARICA.

3545 373 3654 438 362

407 498 510 570 μὲν
544 492 817 558 ἐπαίνοις,
852 491 976 548 ὅποι
1005 491 1262 563 ἐγχωρεῖ,
1300 490 1506 558 πλατὺς
1547 493 1696 565 ῥέειο
1724 491 1985 564 δυσπορί-
2013 495 2059 554 Α
2087 490 2232 563 έχων
2260 492 2374 557 τοῖς
2411 491 2441 547 ὃ
2469 507 2605 562 φασι
2636 487 2890 562 βεϐήλοις
2935 490 3004 546 τά
3054 490 3135 556 είς
3190 489 3502 561 ἀγροικίαν,
3539 493 3658 557 τοῖς

404 603 548 651 στως
585 586 644 641 δὲ
669 586 810 655 έχων
850 583 1249 655 ἐγκωμιάζειν,
1278 583 1312 655 ἢ
1344 584 1636 654 ἐπιτέμνει
1680 586 1773 638 τὸν
1802 585 1981 639 ἐπίνι-

2085 599 2150 652 γε
2201 583 2310 654 μὴν
2344 585 2588 648 συνετοίς
2632 583 2831 638 ἀείδων
2867 582 3154 654 χαρίεντα,
3209 583 3262 637 οἳ
3292 582 3354 637 τὸ
3398 583 3660 654 λαϐυρινο

400 696 519 748 κον,
548 679 752 750 σχάσας
782 676 846 732 τδ
873 679 1161 748 γραφεῖον,
1189 675 1265 738 ώς
1297 670 1386 731 οἷα
1419 675 1556 748 μηδέ
1587 675 1816 746 βάπτειν
1839 675 1984 748 έχων
2085 674 2254 739 θῶδες
2277 673 2378 746 τῆς
2399 675 2459 730 ἐν
2484 673 2634 745 αὐτῷ
2671 676 2930 748 φράσεως
2977 676 3075 730 καὶ
3101 677 3217 740 τοῖς
3247 676 3465 740 πολλοῖς
3513 677 3659 731 ἀδιό-

401 770 536 826 αύτδ
565 771 647 834 είς
673 769 958 839 ἀντίχαριν
989 765 1224 839 χρουσοῢ
1257 766 1294 838 ή
1322 783 1471 832 τινος
1503 767 1738 839 δωρεᾶς’
1774 768 1808 839 ἢ
1842 768 1980 823 ἀλλά

401 860 764 933 παρεκϐαίνει
792 859 864 914 τὰ
886 859 1058 914 πολλὰ
1089 859 1170 925 είς
1202 858 1436 930 μακρὸν,
1465 858 1542 923 ῶς
1565 854 1708 914 εῖναι
1742 858 1893 915 ἐστιν
1914 853 1979 916 οὗ

396 957 497 1026 τὴν
525 952 892 1025 παρέκϐασιν,
922 951 986 1006 τό
1023 951 1302 1022 πάρεργον
1331 951 1428 1006 τοῦ
1472 951 1638 1022 ἔργον
1677 951 1780 1022 τῆς
1807 950 1974 1022 ᾤδῆςν

404 1042 652 1112 μείζονα,
684 1042 780 1096 zeal
826 1040 1280 1112 προκοιλιοῦσθαι
1329 1043 1391 1095 τὸ
1435 1041 1600 1112 σῶμα
1630 1041 1729 1096 τοῦ
1780 1043 1977 1112 μέλους

399 1137 468 1208 τῇ
521 1133 866 1203 παρεκϐάσει
896 1132 1056 1200 δίκην
1103 1133 1496 1204 προγάστορος.
1527 1133 1640 1189 Kal
1672 1133 1823 1189 ἐστιν
1851 1133 1979 1190 ούδέ

401 1225 562 1282 τοῦτο
595 1225 906 1297 ἁμάρτημα
927 1223 1146 1294 γραφῆς
1173 1223 1252 1294 τῷ
1291 1223 1568 1296 Πινδάρῳ,
1601 1223 1742 1280 ἀλλά
1777 1223 1976 1295 τέχνης

403 1317 627 1389 μέθοδος
658 1313 1068 1386 παρεκϐατικὴ,
1119 1317 1298 1387 χαρτά
1349 1316 1614 1386 ποιούσης
1647 1315 1821 1387 αὐτῷ,
1879 1315 1978 1370 καὶ

395 1414 460 1468 τὸ
486 1412 582 1468 τοῦ
627 1412 790 1480 λόγου
836 1411 995 1481 ἀρμα
1043 1409 1382 1480 ἐλαυνούσης
1425 1411 1778 1482 μακροτέραν
1835 1409 1975 1484 πρδς

395 1504 620 1572 ἔνδειξιν
647 1503 1023 1576 πολυμαθείας
1050 1520 1108 1558 τε
1139 1504 1236 1558 καὶ
1263 1503 1448 1575 ίσχύος
1487 1503 1793 1576 γραφικῆς.

463 1647 528 1700 ε’.
563 1641 761 1713 Διττῆς
797 1640 857 1695 δέ
906 1639 1074 1709 οὔσης
1101 1639 1203 1710 τῆς
1250 1637 1672 1712 παρεκϐάσεως,
1720 1639 1816 1695 zeal
1863 1640 1968 1710 τῆς

395 1735 498 1807 μὲν
543 1733 948 1805 ἀπηρτημένης
979 1730 1158 1801 πάντη
1207 1729 1303 1785 καὶ
1351 1731 1675 1801 ἀωμφυοῦς
1709 1731 1848 1800 πρὸς
1897 1733 1971 1784 τὰ

389 1826 486 1882 τοῦ
514 1823 766 1895 νικητοῦ,
817 1823 917 1893 τῆς
965 1821 1022 1876 δέ
1048 1821 1399 1892 κολλωμένης
1447 1823 1533 1888 είς
1577 1821 1649 1877 τὰ
1681 1821 1850 1878 αὑτοῦ
1875 1824 1972 1878 zeal
2001 1841 2044 1899 Β

394 1915 848 1987 συμϐαλλομένης
879 1912 964 1976 είς
1019 1911 1112 1965 τὸν
1133 1912 1229 1966 τοῦ
1265 1912 1488 1982 νικητοῦ
1539 1910 1781 1978 Επαινον,
1827 1911 1969 1985 αὕτη

393 2007 494 2078 μὲν
517 2005 591 2069 ὡς
627 2005 793 2076 μέρος
822 2005 942 2058 ἐστὶ
969 2003 1068 2073 τῆς
1096 2001 1266 2074 ᾠδῆς,
1297 2003 1484 2074 ἐκείνη
1513 2002 1571 2058 δέ
1608 2002 1785 2068 άλλως
1831 2003 1969 2059 ἀποὲ

391 2096 648 2170 σεμνύνει
693 2098 786 2151 τὸν
816 2095 1144 2166 νικηφόρον,
1200 2093 1561 2166 ἀρκούμενον,
1598 2098 1646 2148 εί
1702 2093 1970 2166 τοῦδαφος

385 2191 485 2259 τῆς
519 2188 854 2260 Πινδαρικῆς
901 2186 1048 2261 ᾠδῆς
1105 2188 1624 2258 συγκατακείμενον
1657 2190 1754 2244 zeal
1801 2190 1971 2244 afach

387 2281 506 2352 εχει
539 2279 854 2352 προσώποις
881 2279 1166 2351 ήρωῖκοῐς,
1222 2278 1256 2348 ἢ
1283 2279 1380 2334 zeal
1429 2279 1630 2346 άλλως,
1691 2281 1788 2335 ἐὰν
1824 2281 1970 2348 θεῖος

389 2372 488 2427 καί
519 2389 637 2434 πως
659 2369 804 2424 οὕτω
833 2368 1064 2434 σύνναος
1085 2371 1115 2424 ό
1142 2369 1374 2439 νικητὴς
1410 2369 1470 2423 ἐν
1500 2371 1602 2442 μιᾷ
1629 2369 1744 2443 ᾠδῇ
1765 2372 1970 2442 γίνοιτο

393 2462 710 2534 προσώποις
749 2459 1009 2532 μεγάλοις
1058 2462 1155 2514 zeal
1212 2459 1355 2532 ὑπὲρ
1401 2461 1588 2529 αὑτὸν,
1620 2463 1718 2518 zeal
1760 2465 1831 2520 τά
1865 2466 1966 2537 τῆς

384 2555 556 2624 τιμῆς
582 2550 1001 2624 συμμερίζοιτο.
1027 2551 1322 2621 Δογιστέον
1353 2551 1411 2606 δὲ
1437 2553 1520 2616 είς
1568 2545 1966 2626 παρεκϐάσεων

387 2649 654 2718 σύναρσιν
681 2644 777 2698 καὶ
801 2644 900 2706 τὰς
929 2643 1040 2698 τῶν
1064 2643 1248 2714 φυλῶν
1286 2645 1406 2715 ήτοι
1441 2648 1690 2719 φατριῶν
1742 2651 1966 2722 μνήμας

383 2736 483 2792 zeal
507 2737 610 2800 τὰς
638 2735 770 2805 περὶ
797 2735 980 2790 αὐτῶν
1009 2734 1278 2806 ίστορίας,
1307 2737 1390 2792 ἐτι
1433 2737 1491 2792 δὲ
1525 2739 1624 2794 καὶ
1668 2740 1773 2806 τὰς
1797 2759 1965 2798 τοπο-

381 2829 648 2901 γραφίας,
675 2827 730 2882 εῐ
751 2845 854 2884 που
881 2829 978 2883 καὶ
1005 2828 1172 2883 αὐταὶ
1213 2829 1624 2901 παραπέσαιεν,
1670 2833 1765 2888 zeal
1798 2834 1870 2888 τὰ
1895 2835 1960 2890 ἐκ

387 2921 577 2993 μύθων
618 2921 677 2976 δέ
705 2921 803 2976 zeal
865 2919 1122 2992 ίστοριῶν
1185 2920 1636 2992 παραδείγματα,
1691 2923 1761 2978 δι’
1818 2918 1961 3000 ὧνή

382 3011 772 3084 παρεκϐατικὴ
805 3010 1027 3078 μέθοδος
1062 3008 1144 3081 τῷ
1171 3009 1426 3083 Πινδάρῳ
1476 3011 1788 3077 ἐξανύεται.

459 3148 537 3216 ς’.
569 3149 741 3216 Δῆλον
783 3147 861 3214 δὲ,
902 3147 979 3212 ὡς
1022 3147 1118 3202 zeal
1174 3146 1449 3217 ἀσάφειαν
1491 3147 1876 3219 ἐπιτηδεύεται
1901 3150 1962 3204 ἐν

386 3241 626 3303 πολλοῖςο
657 3239 756 3295 zeal
774 3236 918 3293 οὕτω
942 3238 1190 3292 πλουτῶν
1220 3240 1279 3291 ἐν
1301 3238 1379 3310 τῷ
1405 3241 1661 3312 γράφειν,
1692 3241 1845 3311 ὅμως
1863 3242 1962 3296 zeal

379 3330 704 3400 ταυτολογεί
746 3329 898 3400 νόμῳ
932 3327 1234 3400 ῥητορικῷ,
1261 3331 1393 3385 ποτέ
1436 3330 1538 3402 μὲν
1568 3332 1629 3386 ἐν
1673 3334 1785 3397 τοῖς
1812 3332 1962 3404 ἐγγι-

383 3437 509 3489 στα,
532 3422 666 3477 ποτὲ
695 3421 756 3477 δέ
779 3420 1154 3494 πορρώτερον.

452 3555 521 3624 ζ’.
544 3557 927 3624 Κατείληπται
965 3555 1022 3610 δέ
1051 3557 1255 3626 ἄριστα
1295 3557 1684 3628 γνωμολογῶν,
1727 3559 1797 3614 τά
1857 3561 1961 3631 μὲν

380 3652 481 3704 καὶ
505 3649 574 3704 ἐκ
622 3648 972 3720 παλαιτέρων
1026 3649 1376 3719 παραποιῶν,
1422 3649 1493 3704 τὰ
1539 3649 1598 3704 δέ
1650 3649 1748 3705 καὶ
1799 3654 1961 3718 αὐτὸς
2005 3635 2024 3644 “

377 3740 844 3810 ἀποφαινόμενος.
871 3739 1247 3810 Φιλοτιμεϊται
1273 3739 1332 3795 δὲ
1359 3740 1452 3796 zeal
1477 3741 1672 3812 μύθοις
1701 3743 1798 3797 καὶ
1821 3745 1961 3798 ίστοσ

381 3830 552 3903 ρίαις,
582 3831 758 3884 ἐκεῖνο
785 3829 884 3902 μέν
913 3830 1371 3903 ποιητικώτερον,
1401 3831 1562 3888 τοῦτο
1588 3831 1646 3888 δέ
1666 3834 1804 3906 πρὸς
1827 3833 1962 3906 ἀλή-

378 3923 554 3988 θειαν,
581 3917 650 3995 ἦς
670 3921 918 3992 ἐφίενται
963 3925 1010 3977 οί
1050 3924 1227 3993 σοφοί.

450 4037 522 4108 η’.
548 4037 661 4090 Kal
693 4039 800 4109 μήν
832 4041 881 4092 εί
934 4039 1032 4094 zeal
1079 4039 1328 4112 δωρίζει,
1379 4041 1481 4113 οὐχ
1513 4042 1717 4114 ἥκιστα
1750 4043 1809 4098 δέ
1859 4044 1957 4098 zeal

375 4126 632 4190 αίολίζει,
660 4126 809 4196 ὅμως
839 4127 962 4181 οὐδὲ
994 4126 1103 4182 τῶν
1135 4128 1312 4183 ἀλλων
1361 4128 1659 4185 διαλέκτων
1688 4135 1961 4204 ἀπέχεται

372 4219 524 4287 λόγῳ
551 4217 764 4289 κοινῆς,
817 4217 1074 4288 καθάπερ
1129 4219 1252 4274 οὐδὲ
1287 4220 1553 4288 γλωσσῶν
1617 4222 1730 4276 τῶν
1787 4223 1959 4288 ίδίως.

373 4311 532 4366 Ποιεῖ
559 4309 618 4363 δὲ
643 4309 797 4374 αὐτὸ,
825 4307 1294 4380 μετεωριζόμενος
1322 4311 1402 4374 είς
1427 4312 1706 4378 πολυειδὲς
1727 4314 1962 4384 μέγεθος

372 4401 588 4473 λυρικῷ
609 4402 947 4472 χαρακτῆρι·
978 4401 1060 4455 διὸ
1086 4401 1181 4455 zeal
1215 4400 1531 4471 ἀττικίζων,
1573 4405 1749 4474 φιλῶν
1780 4407 1838 4461 δέ
1866 4408 1962 4463 zeal

371 4499 475 4564 τὴν
507 4497 812 4564 σαφήνειαν
841 4493 944 4565 τὴν
973 4493 1080 4547 τῶν
1121 4494 1450 4566 Ἑλληνικῶν
1480 4497 1704 4564 λαλιῶν,
1728 4493 1840 4554 οἷον
1854 4499 1955 4568 ψυ-
1983 4535 2035 4597 D

373 4588 497 4660 χὴν,
537 4587 628 4640 ἵνα
651 4585 729 4656 μὴ
752 4584 934 4656 ἀψυχα
967 4585 1154 4659 γράφῃ
1185 4588 1279 4641 καὶ
1303 4587 1481 4659 πάντη
1505 4589 1772 4660 ἀγλευκῆ,
1800 4593 1956 4647 ἀνθο-

371 4681 690 4751 λογήματος
739 4677 948 4732 τοιοῦδε
998 4678 1229 4746 γλυκέος
1279 4680 1603 4750 ὀποστερῶν
1633 4680 1702 4734 τά
1752 4681 1958 4752 σίμϐλα

371 4775 472 4844 τῆς
512 4770 676 4825 αὑτοῦ
731 4769 1028 4841 ποιήσεως,
1077 4771 1228 4841 ὅμως
1277 4769 1486 4844 βραχέα
1535 4774 1648 4838 τοῖς
1692 4775 1956 4841 τοιούτοις

371 4864 663 4935 ἐντρέχων,
733 4862 874 4933 ταχὺ
933 4861 1246 4931 μεταηδᾷ,
1294 4862 1600 4929 διαλέκτοις
1653 4883 1712 4919 τε
1773 4867 1956 4937 φίλαις

371 4954 524 5024 αὺτῷ
597 4953 819 5016 ίδιάζων
864 4952 993 5013 τοὺς
1022 4952 1231 5021 λόγους,
1272 4955 1364 5008 zeal
1408 4955 1516 5026 μὴν
1560 4958 1654 5010 zeal
1685 4962 1812 5021 τοὺς
1843 4977 1955 5014 κοι-

374 5044 502 5105 νοὺς
530 5043 916 5112 παρεκκλίνων
942 5045 1380 5114 σχηματισμοὺς,
1405 5044 1472 5098 δι’
1501 5047 1634 5100 αὐτὸ
1655 5048 1714 5102 δὲ
1737 5051 1858 5104 οὐδὲ
1885 5053 1953 5124 τῇ
1995 5089 2002 5094 -

377 5139 688 5208 γοργοτάτη
719 5135 1044 5206 κατακόρως
1088 5135 1395 5208 χρώμενος,
1453 5140 1546 5192 καὶ
1600 5143 1848 5211 μάλιστα
1884 5149 1951 5218 τῇ

375 5229 518 5282 κατά
549 5227 841 5296 κόμματα,
875 5225 972 5279 καὶ
999 5225 1101 5299 ὅσῃ
1153 5228 1211 5281 δὲ
1243 5230 1374 5302 περὶ
1423 5229 1602 5298 λέξεις
1630 5235 1955 5309 γλισχρεύε-

374 5339 487 5376 ται.

449 5437 514 5494 θ’.
558 5440 670 5494 Kal
705 5441 806 5512 τὴν
831 5443 1147 5513 σκωπτικήν
1169 5441 1225 5496 δὲ
1256 5442 1450 5512 φιλῶν,
1477 5443 1818 5514 πολύτροπον
1848 5443 1949 5498 zeal

373 5529 584 5602 ταύτην
633 5531 1032 5604 διαχειρίζεται
1094 5533 1422 5604 γλυκασμοῦ
1480 5537 1667 5607 χάριν,
1712 5537 1792 5606 πῆ
1849 5537 1952 5608 μὲν

375 5622 520 5675 κατά
548 5623 882 5694 ὁμοτέχνων,
920 5625 994 5694 πῆ
1030 5626 1088 5679 δὲ
1142 5627 1238 5680 zeal
1284 5627 1565 5701 ἐτεροίως.
1604 5627 1693 5690 Ὠς
1743 5627 1804 5682 δέ
1852 5627 1952 5682 καὶ

372 5711 868 5784 ἐπιχειρηματικός
922 5717 1069 5769 ἐστιν
1093 5717 1419 5788 ότιμάλιστα
1451 5717 1553 5771 zeal
1599 5717 1836 5789 εὔπορος
1861 5720 1953 5774 ἐπὶ

373 5803 506 5871 πᾶν,
534 5806 628 5858 καὶ
650 5803 726 5867 ώς
750 5806 1046 5875 ἀπρόσιτος
1081 5808 1181 5877 μὲν
1215 5808 1310 5862 καὶ
1336 5809 1508 5878 θύρας
1535 5811 1949 5882 ἐπιτεθειμένας

699 5897 972 5964 ΡΑτιιοι..
1013 5901 1130 5962 Gn.
1157 5902 1475 5966 CXXXVI.

2079 768 2270 822 δευτον
2309 767 2702 832 ἀπευθύνουσι,
2745 767 2968 832 καὶτὰς
3009 769 3202 832 ἐλικας
3245 768 3658 840 περιοδεύοντες

2079 863 2185 930 ἐως
2217 863 2312 918 καὶ
2345 861 2656 928 ἐνδοτάτου,
2691 858 2790 916 εἶτ’
2817 857 2974 925 αὖθις
2993 861 3352 926 ἀνελίττουσι,
3392 861 3489 916 καὶ
3512 863 3658 914 οῐκοι

2079 953 2204 1011 κατ’
2247 954 2496 1026 ἔμφρονα
2542 954 2668 1008 νοῦν
2725 953 3201 1009 ἀποκαθίστανται
3229 970 3243 986 ·
3279 954 3379 1008 zeal
3418 954 3495 1018 ὡς
3534 953 3656 1007 ίλα-

2083 1049 2234 1120 ρύνει
2293 1047 2393 1118 μὲν
2450 1045 2644 1116 ἀκοὴν,
2681 1041 2764 1109 οἷς
2795 1046 2893 1100 zeal
2929 1046 3120 1111 ξυνετά
3173 1044 3326 1100 λαλεί
3362 1045 3459 1100 καὶ
3511 1046 3656 1117 πρὸς

2079 1140 2398 1211 γλύκασμα,
2431 1137 2730 1210 ἐκπλήττει
2755 1137 2801 1190 δ’
2831 1137 3012 1203 αὖθις,
3041 1133 3124 1202 οἷς
3160 1139 3254 1192 καὶ
3296 1138 3397 1209 τὴν
3447 1137 3652 1208 φράσιν

2079 1229 2228 1286 κατά
2260 1229 2637 1298 πολυτροπίαν
2673 1229 2937 1298 στρυφνοϊ
2967 1228 3217 1299 ἑτέρωθι,
3255 1229 3350 1283 zeal
3382 1228 3556 1293 λέξεις
3592 1228 3652 1284 δὲ

2076 1321 2179 1384 τάς
2216 1320 2279 1372 ἐκ
2304 1319 2532 1391 τριόδων
2563 1319 2946 1390 ἀπορρίπτων,
2979 1320 3368 1390 παρεμπλέκει
3397 1336 3500 1372 που
3531 1319 3650 1382 καὶ,

2076 1410 2142 1472 ἃς
2173 1411 2204 1464 ό
2236 1411 2338 1482 τὴν
2368 1410 2546 1482 ἀρχὴν
2570 1411 2814 1473 ἀκούσας
2843 1409 2988 1464 πάνυ
3019 1412 3310 1482 ἐπαπορεϊ·
3340 1410 3421 1466 ἔτι
3464 1410 3524 1466 δὲ
3555 1410 3654 1464 zeal

2074 1503 2151 1568 ώς
2176 1505 2294 1567 τοῖς
2348 1502 2626 1567 ἐπιθέτοις
2655 1502 2802 1557 πάνυ
2856 1503 3099 1568 ποικίλος
3123 1505 3266 1570 ἐστὶ,
3315 1502 3412 1557 zeal
3459 1505 3563 1558 ὅσα
3592 1499 3658 1558 δε

2075 1593 2212 1649 ἀλλα
2242 1593 2378 1666 πρὸς
2399 1591 2606 1664 ἀρετὴν
2631 1592 2906 1663 ποιήσεως
2944 1592 3094 1646 ἐστὶν
3126 1592 3276 1664 αὐτῷ
3317 1591 3650 1661 ἐπιγράψαι,

2073 1686 2108 1756 ή
2136 1683 2238 1755 τῆς
2266 1681 2633 1753 ἀναγνώσεως
2681 1681 2986 1753 ἐκκαλύψει
3031 1682 3262 1747 διέξοδος
3285 1699 3302 1716 ο
3334 1677 3404 1755 ἦς
3445 1683 3653 1754 προλη-

2075 1776 2242 1832 πτέον
2271 1775 2369 1832 zeal
2393 1777 2568 1831 ταῦτα
2604 1775 2746 1830 πάνυ
2779 1775 3102 1846 ἀναγκαίως
3127 1776 3208 1840 είς
3239 1791 3302 1829 τε
3345 1776 3653 1846 σαφήνειαν

2076 1871 2298 1925 πλείονα
2322 1868 2432 1924 τῶν
2462 1868 2750 1941 προσεχῶς
2797 1868 3215 1940 δεδηλωμένων,
3251 1868 3349 1923 zeal
3382 1869 3465 1933 είς
3517 1867 3654 1922 θεω-

2076 1963 2201 2034 ρίαν
2241 1961 2655 2034 ἐντελεστέραν,
2677 1960 2744 2033 ήν
2775 1961 2876 2016 οὐκ
2903 1962 2973 2017 ἂν
3003 1962 3122 2032 ἐρεῖ
3147 1978 3235 2029 τις
3259 1959 3490 2033 ἀπᾴδειν
3512 1959 3653 2032 πρὸς

2071 2055 2141 2109 τὰ
2164 2052 2262 2110 τοῦ
2296 2053 2552 2126 λυρικοῦ.

2145 2175 2200 2225 ι’.
2244 2168 2307 2224 '0
2334 2170 2866 2242 προκεχειρισμένος
2899 2171 2980 2234 είς
3010 2167 3361 2240 παρεκϐολὴν
3403 2166 3648 2238 μελικὸς,

2070 2258 2134 2314 οὗ
2166 2259 2230 2313 τδ
2257 2260 2359 2330 τῆς
2400 2259 2728 2330 μεταλλείας
2767 2257 3124 2329 πολύσχημον
3177 2257 3452 2328 φαίνεται,
3485 2253 3649 2311 πολύ-

2070 2369 2198 2414 νους
2230 2351 2307 2406 ὣν
2332 2351 2422 2422 ἐφ’
2451 2352 2682 2416 ἀπασιν,
2725 2353 2787 2405 ἐν
2826 2351 2928 2421 μὲν
2964 2350 3254 2421 διηγήσεσι
3304 2348 3400 2402 zeal
3432 2348 3648 2416 ἑτέραις

2069 2444 2170 2497 οὐκ
2193 2443 2402 2514 ὀλίγαις
2427 2443 2663 2508 ἐννοίαις
2701 2443 3082 2514 ἀσαφέστερον
3113 2441 3407 2506 διάκειται,
3437 2442 3534 2494 zeal
3569 2439 3648 2503 ὡς

2068 2535 2232 2600 αύτός
2264 2535 2366 2590 πού
2417 2553 2608 2606 φησιν,
2649 2535 2960 2607 ἑρμηνέων
3006 2534 3075 2601 ές
3129 2533 3197 2588 τὸ
3232 2533 3357 2591 πᾶν
3402 2530 3645 2602 χατίζει.

2068 2626 2197 2683 Πᾶν
2224 2629 2429 2691 ἐκεῖνος
2459 2625 2698 2682 ἐνταῦθα
2733 2626 2932 2696 λέγων,
2961 2625 3022 2679 οὐ
3045 2624 3107 2678 τὸ
3137 2624 3327 2688 ἁπλῶς
3353 2624 3642 2690 καθόλου,

2066 2717 2205 2774 ἀλλὰ
2249 2718 2312 2771 τὸ
2359 2717 2484 2790 μεθ’
2523 2716 2882 2788 ὑπεξαίρεσιν
2932 2716 3044 2770 τῶν
3090 2714 3391 2783 συνετῶν,
3440 2717 3469 2770 ὃ
3525 2716 3646 2769 ἐστι

2065 2807 2423 2876 συνιέντων,
2451 2809 2528 2874 ὡς
2549 2809 2914 2881 λογιωτέρων,
2946 2803 3025 2863 ὧν
3052 2807 3519 2878 περιαιρεθέντων
3542 2806 3646 2877 τῆς

2063 2899 2176 2956 τῶν
2221 2900 2513 2974 ἀκροατῶν
2565 2900 2846 2970 ὁλότητος,
2895 2899 2957 2954 τὸ
3003 2897 3317 2964 ἐπίλοιπον,
3375 2897 3643 2952 annua

2063 2991 2200 3046 αὐτὸ
2234 2991 2345 3046 πᾶν
2371 2991 2525 3045 ἐστιν
2550 2991 2848 3060 ἀπέριττον
2887 2989 3075 3060 μέντοι
3104 2990 3250 3046 κατά
3286 2989 3511 3059 γνῶσιν,
3547 2989 3644 3042 καὶ

2063 3081 2134 3136 δι’
2158 3081 2292 3136 αὐτὸ
2319 3079 2629 3152 έρμηνέων
2652 3078 2897 3150 χατίζει.
2928 3082 3038 3135 Kal
3071 3079 3216 3135 οὕτω
3245 3079 3348 3150 μὲν
3377 3080 3436 3132 ἐν
3457 3078 3645 3144 ἄλλοις

1987 3195 2030 3256 ο
2061 3175 2092 3231 ό
2125 3175 2388 3246 Πίνδαρος
2427 3173 2658 3242 ἀσαφῶς
2699 3172 2874 3227 ἐθέλει
2898 3173 3157 3244 γράφειν,
3199 3172 3278 3237 ώς
3333 3169 3645 3242 ἑρμηνέων

2059 3269 2269 3324 δεῖσθαι
2297 3269 2386 3335 είς
2414 3267 2483 3322 τὸ
2524 3266 2670 3331 πᾶν,
2703 3266 2848 3322 καθά
2877 3267 3118 3338 εἴρηται.
3155 3267 3287 3320 Ὅτε
3336 3265 3393 3321 δέ
3429 3265 3646 3336 θαυμα-

2062 3359 2206 3424 στῶς
2243 3358 2618 3429 γνωμολογεῖν
2649 3357 2858 3428 δεήσει,
2900 3357 2996 3413 zeal
3046 3357 3227 3423 άλλως
3262 3356 3321 3411 δέ
3368 3358 3544 3412 είπετν
3586 3374 3643 3413 τι

2059 3453 2297 3518 ἀστεῖον,
2326 3452 2449 3506 τότε
2474 3450 2540 3522 δὴ
2571 3450 2826 3521 βιάζεταί
2871 3467 2992 3512 πως
3021 3451 3103 3514 είς
3134 3449 3206 3504 τά
3237 3448 3414 3504 πολλά
3453 3449 3642 3520 ήρέμα

2063 3546 2201 3617 πρὸς
2237 3547 2538 3616 σαφήνειαν
2570 3543 2783 3610 ἐαυτὸν,
2836 3542 2912 3607 ὡς
2944 3543 3012 3598 ἂν
3031 3541 3092 3596 τὺ
3118 3543 3280 3597 καλὸν
3303 3543 3390 3612 εῑη
3419 3541 3642 3597 κάλλιον

2061 3638 2194 3706 παρ’
2222 3636 2394 3708 αὐτῷ,
2449 3637 2545 3691 καὶ
2586 3637 2662 3708 μὴ
2699 3634 2978 3701 λανθάνοι,
3015 3635 3257 3708 ἀσαφείᾳ
3279 3636 3474 3708 βαθείᾳ
3506 3637 3644 3707 ἐπη-

2061 3728 2457 3801 λυγαζόμενον,
2484 3729 2586 3783 ὅσα
2619 3729 2721 3784 zeal
2742 3728 2858 3799 φῶς
2888 3728 3042 3799 νέφει
3075 3727 3204 3786 τινί.

2135 3846 2226 3897 ια’.
2257 3839 2477 3894 Γίνεται
2503 3841 2562 3895 δὲ
2592 3839 2744 3912 αὐτῷ
2775 3843 2810 3913 ή
2847 3842 3106 3912 ἀσάφεια,
3131 3843 3200 3914 ἢν
3225 3842 3478 3913 ἐπίτηδες
3511 3842 3642 3897 πολ-

2059 3931 2160 4002 λήν
2217 3931 2566 4002 ἐπισύρεται,
2612 3931 2678 3986 ἐκ
2708 3950 2768 3988 τε
2803 3933 3116 3995 συντάξεων
3172 3933 3462 4004 ἀσυνήθων
3518 3932 3640 3988 κατ’

2063 4028 2306 4101 ίδιότητα
2363 4031 2650 4101 σχήματος
2708 4031 2876 4102 φίλην
2924 4030 3104 4102 αὐτῷ,
3159 4030 3228 4097 ἀς
3273 4030 3642 4102 ἀναστρέφειν

2061 4121 2167 4194 χρὴ
2196 4122 2335 4194 πρὸς
2359 4123 2636 4195 ὀρθότητα
2687 4125 2971 4195 φράσεως,
3027 4127 3123 4179 καὶ
3155 4125 3219 4178 ἐκ
3276 4122 3370 4178 τοῦ
3399 4124 3641 4195 χρῆσθαι

2059 4215 2184 4270 ἀντὶ
2215 4215 2356 4269 ὅλων
2383 4217 2500 4280 τοῖς
2541 4218 2815 4287 μερικοίς.
2851 4219 2916 4270 Ὃ
2948 4216 3106 4287 ζηλοῖ
3151 4216 3228 4282 ώς
3269 4217 3510 4287 μάλιστα
3542 4217 3642 4271 zeal

2061 4305 2372 4378 Λυκόφρων
2408 4308 2468 4362 ἐν
2496 4310 2610 4372 τοῖς
2643 4307 2892 4379 ὕστερον.
2929 4307 3363 4380 Παραδείγματα
3397 4307 3492 4363 τοῦ
3536 4307 3641 4378 μὲν

2060 4397 2467 4467 Δυκοφρονείου
2498 4398 2666 4469 ζήλου
2717 4400 2773 4452 ἐν
2803 4402 2920 4464 τοῖς
2969 4399 3098 4471 ἐξῆς
3127 4400 3300 4471 μυρία
3334 4398 3638 4469 Πινδαρικὰ

2063 4490 2340 4559 φανεῖται,
2360 4490 2456 4544 τοῦ
2484 4489 2542 4544 δὲ
2581 4491 2806 4546 τάσσειν
2851 4491 3142 4562 ἀσυνήθως
3195 4490 3320 4546 καθ’
3351 4490 3634 4560 ὑποταγὴν

2061 4579 2172 4633 τῶν
2221 4579 2552 4649 ὀφειλόντων
2598 4581 3026 4652 προτάττεσθαι,
3081 4583 3179 4637 τό·
3206 4582 3504 4650 ἐνίκησαν
3551 4581 3632 4649 οἵ,

2059 4669 2231 4741 ἤγουν
2261 4670 2486 4736 οἵτινες
2526 4670 2862 4740 ἐνίκησαν·
2895 4671 2988 4724 zeal
3036 4669 3099 4723 τό
3118 4685 3132 4700 ·
3175 4669 3406 4725 ἔπαθον
3437 4667 3501 4720 ατ
3521 4684 3632 4738 με.

2059 4761 2237 4832 τάλα,
2293 4761 2464 4833 ἤγουν
2510 4763 2737 4828 αἵτινες
2769 4762 3030 4817 ἔπαθον·
3076 4762 3172 4816 καί
3196 4775 3210 4789 °
3248 4761 3546 4830 καμόντες
3574 4759 3634 4814 οι

2060 4855 2289 4921 πολλὰ,
2325 4856 2494 4927 ἦγουν
2521 4854 2581 4909 οἳ
2627 4855 2921 4924 καμόντες
2943 4870 2959 4888 ο
2997 4855 3129 4908 καί·
3165 4854 3238 4908 έν
3275 4853 3372 4908 καὶ
3405 4851 3635 4908 θαλάσ-

2058 4961 2140 5012 σῃ
2166 4960 2179 4975 ο
2214 4947 2307 5001 καί
2327 4961 2344 4979 ο
2404 4946 2471 5000 έν
2499 4947 2597 5000 καὶ
2628 4945 2882 5014 τελευτᾷ
2911 4963 2924 4977 ·
2954 4946 3077 5000 καί·
3111 4945 3309 5000 τελεῖν
3331 4944 3418 5016 μή
3456 4960 3595 5001 τινα
3614 4959 3632 4978 ⁸

2058 5038 2156 5090 zeal
2189 5037 2289 5091 ὅσα
2314 5037 2565 5091 τοιαῦτα.

2131 5172 2222 5244 ιβ’.
2263 5171 2388 5227 Ἔτι
2438 5173 2495 5227 δὲ
2523 5172 2731 5244 ἀσαφὲς
2783 5173 2934 5245 αὐτῷ
2969 5175 3070 5228 σὺν
3115 5175 3298 5239 ἀλλοις
3349 5175 3446 5231 zeal
3482 5175 3542 5229 τὸ
3575 5176 3635 5229 ἐν

2057 5264 2248 5336 στοιϐῇ
2277 5265 2610 5334 ἀποφάσεων
2644 5265 2776 5334 μίαν
2807 5267 3200 5336 παραλείπειν,
3229 5267 3304 5334 ὡς
3329 5267 3634 5339 νοουμένην

2057 5358 2198 5410 κατὰ
2237 5356 2418 5411 κοινοῦ
2452 5357 2550 5410 zeal
2582 5357 2755 5429 αὐτὴν
2789 5358 2854 5411 ἐκ
2895 5358 3008 5412 τῶν
3039 5359 3240 5430 ἐφεξῆς
3298 5361 3634 5432 ἐκπεφώνη-

2059 5448 2261 5518 μένων,
2291 5443 2403 5501 οἷον
2426 5465 2441 5480 ο
2473 5448 2708 5515 ἄδικον,
2743 5451 2883 5506 οὔτε
2919 5451 3272 5521 ὑπέροπλον
3299 5453 3474 5521 ὕϐριν
3496 5451 3632 5522 δρέ-

2059 5552 2216 5606 πων,
2247 5541 2417 5612 ήγουν
2435 5559 2451 5574 ο
2480 5540 2620 5596 οὔτε
2642 5541 2853 5598 ἄδικον
2870 5545 3060 5613 ὕϐριν,
3091 5545 3232 5601 οὔτε
3257 5545 3630 5615 ὑπέροπλον.

2058 5631 2167 5684 Kal
2217 5632 2415 5685 πάλινο
2451 5631 2638 5686 ναυσί
2674 5632 2754 5702 δ’,
2786 5635 2927 5689 οὔτε
2979 5635 3152 5702 πεζὸς
3187 5635 3304 5689 ἐὼν
3337 5635 3537 5704 εὕροις
3565 5633 3632 5700 ές

2067 5721 2498 5792 ’Υπερὸορέους
2561 5725 2721 5792 ὁδὸν,
2749 5727 2951 5796 ήγουν·
2986 5726 3126 5781 οὔτε
3189 5726 3436 5792 ναυσίν,
3490 5723 3632 5780 οὔτε

2053 5815 2199 5886 πεζῇ
2222 5815 2501 5874 όδεύσοιρ
2531 5817 2608 5875 ἂν
2638 5820 2702 5888 ές
2740 5818 3180 5892 Ὑπερϐορέους.
3224 5819 3337 5873 Kal
3385 5817 3617 5889 ἐτέρωθι
