4090 6424
427 362 535 426 363

1113 362 1531 422 EUSTATHII
1566 359 2333 422 TIIESSALONICENSIS
2375 359 2930 422 METROPOLITAE

3589 355 3696 422 38L

431 478 489 530 δέ
514 493 527 507 ·
565 477 761 544 νόσοι,
795 476 933 530 οὔτε
967 477 1156 546 γῆρας
1185 476 1528 545 οὐλόμενον
1578 474 1861 544 κέκραται
1916 490 2012 543 1-8-
2042 477 2090 536 Α
2117 484 2186 526 τα
2219 472 2394 527 πλείω
2443 475 2508 529 ἐκ
2562 474 3000 547 παραποιήσεων
3067 471 3165 526 καὶ
3220 470 3542 543 ὀμοιώσεων
3595 487 3706 525 πα-

431 567 561 638 νεᾷ,
593 571 765 642 ἦγουν
788 585 802 601 ο
845 570 984 623 οὔτε
1015 571 1213 636 νόσοι,
1249 568 1390 624 οὔτε
1428 566 1642 639 γῆρας.
1672 567 1845 621 Τοῦτο
1865 568 1921 622 δὲ
1947 566 2012 622 τὸ

435 663 622 732 σχῆμα
679 663 776 716 καὶ
839 665 952 726 τοῖς
1003 661 1236 732 ὕστερον
1280 661 1579 732 ἐζήλωται,
1611 656 1724 713 οἷον
1750 675 1765 690 ο
1809 658 2006 731 ξίφος,

431 734 575 808 οὐδὲ
603 754 745 823 πῦρ,
801 753 926 808 οὐδ’
965 732 1270 822 αἰκισμός,
1323 752 1496 822 ἤγουν
1522 768 1537 784 ο
1586 752 1660 806 οὐ
1696 751 1895 820 ξίφος,
1935 751 2010 806 οὐ

433 845 576 913 πῦρ,
609 849 720 900 οὐκ
753 849 962 900 αικίαι.
1000 845 1261 899 Τοιοῦτόν
1306 861 1359 898 τι
1396 845 1492 898 κοιλ⁸
1523 843 1585 898 τό
1609 858 1622 873 '
1657 844 2010 912 ,ϐαρουμενη

431 938 666 1005 γαστὴρ
701 939 775 992 οὐ
803 937 998 1005 μόνον
1028 935 1181 1005 πρὸς
1208 936 1453 1005 δρόμον,
1489 935 1631 990 ἀλλ’
1677 935 1822 990 οὐδὲ
1859 933 2015 1004 πρὸς

435 1033 636 1086 ὕπνον
677 1030 1013 1098 ἐπιτηδεία.
1050 1029 1126 1084 Τὸ
1179 1031 1288 1101 γὰρ
1335 1029 1548 1092 ἐντελές
1574 1046 1588 1061 ⁶
1619 1031 1690 1084 οὐ
1719 1030 1913 1098 μόνον
1940 1031 2013 1084 οὐ

437 1123 589 1192 πρὸς
617 1123 844 1192 δρόμον
872 1123 1207 1189 ἐπιτηδεία.
1243 1123 1399 1193 Ἐχοι
1443 1123 1490 1176 δ’
1523 1121 1589 1176 ἂν
1637 1122 1782 1176 οὕτω
1815 1123 2016 1192 συμϐι-

440 1215 608 1269 δάσαι
629 1233 712 1278 τις
745 1216 836 1268 καὶ
861 1215 921 1268 τό
949 1231 962 1246 ⁸
1000 1215 1094 1268 ἐπ’
1127 1215 1383 1280 οὐδενὸς
1431 1210 1546 1269 οὖν
1578 1213 1699 1268 τῶν
1731 1215 2016 1269 ἁπάντων

437 1307 549 1360 οὐκ
588 1310 782 1372 ἐστιν,
820 1305 914 1374 ἐφ’
966 1305 1083 1373 ὅτῳ
1131 1305 1269 1374 οὐχί
1307 1305 1428 1358 τῶν
1467 1304 1773 1359 ἁπάντων.
1819 1306 2018 1376 ’Λρνήο

442 1413 582 1461 σεως
619 1399 731 1468 γὰρ
759 1397 972 1452 ἔνδειαν
997 1398 1059 1451 τὸ
1090 1397 1308 1470 πρῶτον
1359 1396 1507 1468 ἔχειν
1537 1397 1679 1462 δόξοι
1707 1397 1774 1451 ἂν
1801 1398 2014 1468 κόμμα,

438 1481 740 1558 νοουμένης
779 1489 890 1542 ἀπὸ
921 1488 1104 1542 κοινοῦ
1157 1491 1219 1542 ἐκ
1265 1489 1367 1559 τῆς
1397 1489 1664 1559 κειμένης
1697 1489 1753 1542 ἐν
1781 1489 1858 1558 τῷ
1894 1491 2017 1544 δευ-

439 1577 603 1650 τέρῳ.
637 1579 964 1651 Πινδαρικδν
990 1580 1162 1634 δὲκαὶ
1187 1581 1244 1634 τό
1271 1597 1285 1612 ⁸
1317 1579 1406 1634 Διί
1438 1580 1562 1636 σὺν
1591 1580 1810 1649 Αίακῷ,
1844 1583 2015 1652 ἤγουν

440 1667 565 1724 σὺν
595 1669 680 1723 Διί
710 1669 811 1726 καί
867 1669 1091 1736 Αίακῷ.
1127 1671 1238 1724 Καὶ
1267 1671 1327 1724 ἐν
1357 1669 1506 1741 αὐτῷ
1552 1669 1662 1742 γὰρ
1695 1671 1804 1724 ἀπὸ
1835 1669 2019 1724 κοινοῦ

441 1761 798 1830 λαμϐάνεται,
842 1763 920 1826 ώς
968 1766 1065 1818 καὶ
1114 1762 1293 1816 ὀπίσω
1340 1763 1403 1817 τὸ
1459 1763 1619 1820 τεθὲν
1673 1763 2014 1836 ἔμπροσθεν,

445 1849 616 1920 ἥγουν
643 1853 675 1922 ή
700 1853 824 1908 σὺν
855 1853 1132 1925 πρόθεσις.

514 1975 602 2037 ιγ’.
639 1969 795 2024 Ἔστι
829 1971 884 2024 δὲ
927 1971 1022 2026 καὶ
1051 1973 1140 2028 διὰ
1166 1973 1225 2028 τὸ
1260 1973 1382 2028 λίαν
1416 1973 1856 2045 περιφραστικδν
1883 1975 2018 2028 ἀσα-

443 2059 548 2129 φὴς
586 2064 614 2115 ὁ
651 2063 934 2134 Πίνδαρος,
972 2065 1000 2118 δ
1027 2070 1290 2138 τεχνᾶται
1318 2067 1644 2136 δεξιώτατα,
1701 2071 1782 2134 είς
1815 2070 2013 2124 ἑαυτόν

441 2169 500 2206 τε
524 2154 684 2208 τοῦτο
709 2158 880 2210 ποιῶν
909 2158 1003 2211 καὶ
1033 2162 1113 2222 εἰς
1145 2161 1214 2214 τὰ
1242 2161 1353 2214 τῶν
1388 2161 1589 2218 ἄλλων.

514 2267 598 2321 ιδ’.
627 2268 753 2322 Ὀτι
783 2269 838 2323 δέ
865 2270 1055 2341 ὥσπερ
1083 2275 1115 2342 ἡ
1143 2273 1324 2345 πυκνὴ
1350 2275 1691 2346 περίφρασις
1721 2275 1852 2347 παρ’
1871 2275 2020 2345 αὐτῷ

437 2359 712 2428 ἀσάφειαν
759 2365 924 2426 ποιεῖ,
955 2362 1099 2416 οὕτω
1145 2364 1242 2417 καὶ
1277 2367 1309 2434 ἡ
1345 2366 1637 2436 συντομία,
1670 2366 1794 2421 καθ’
1835 2368 1903 2440 ἣν
1926 2367 2021 2420 καὶ

442 2451 789 2523 στενολεσχεῖ
819 2471 922 2507 που
953 2454 981 2508 6
1038 2455 1095 2507 ἐν
1129 2455 1348 2520 πολλοῖς
1405 2457 1774 2513 πλατύνεσθαι
1817 2458 2021 2528 τεχνώ-

445 2559 626 2610 μενος.

514 2664 594 2710 ιε’.
629 2661 738 2714 Καὶ
767 2663 800 2732 ἡ
832 2663 1088 2734 καινότης
1115 2665 1171 2719 δὲ
1205 2665 1315 2719 τῶν
1341 2665 1660 2731 διαλέκτων,
1686 2664 1754 2718 δι’
1783 2659 1852 2736 ἦς
1899 2681 2019 2718 και-

441 2751 716 2820 νοφραδής
749 2753 864 2806 ἐστι
899 2756 994 2808 καὶ
1053 2754 1347 2821 ἀλλόκοτος
1374 2757 1454 2820 είς
1495 2755 1690 2826 ἀκοὴν,
1739 2757 1772 2828 η
1806 2754 1900 2809 toi
1935 2754 2018 2826 βι-

443 2840 594 2894 ϐλίου
623 2842 856 2912 δηλώσει
898 2845 1231 2912 ἀνάγνωσις.

516 2955 613 3021 ις’.
647 2959 755 3012 Καὶ
791 2960 1062 3014 ἐπιθέτων
1104 2962 1162 3016 δὲ
1197 2963 1438 3032 πόριμος
1463 2965 1762 3035 ἐπινοητὴς
1787 2966 1814 3019 ὁ
1857 2963 2023 3028 αὐτὸς

439 3048 823 3118 διεκπέφηνεν,
852 3053 927 3118 ώς
961 3055 1051 3108 ὅτε
1077 3056 1203 3127 δίχα
1238 3058 1450 3127 μυρίων
1482 3057 1662 3112 ἄλλων
1683 3059 1744 3111 τὸ
1770 3060 2023 3126 γενναῖον

443 3145 902 3213 κρατησίμαχον
965 3145 1137 3215 λέγει,
1199 3149 1294 3202 καὶ
1342 3149 1535 3203 ἵππον
1599 3148 2022 3217 κρατησίποδα

446 3233 537 3284 τὸν
566 3232 750 3304 δρόμῳ
783 3237 1108 3306 νικήσαντα,
1157 3239 1296 3309 πρὸς
1320 3239 1623 3309 ὁμοιότητα
1653 3239 1746 3291 τοῦ
1799 3238 2022 3308 χαλκό-

444 3324 626 3392 ποδες
659 3327 852 3393 ἵπποι,
891 3331 985 3383 καὶ
1023 3331 1116 3384 τοῦ
1153 3332 1554 3399 κραταίποδες
1585 3347 1596 3358 ·
1631 3335 1725 3385 καὶ
1755 3333 2027 3401 πόλεμον

443 3416 804 3484 χαλκεντέα,
844 3423 938 3470 καὶ
975 3420 1132 3472 λαόν
1177 3421 1536 3490 ἵππαιχμον,
1566 3421 1642 3485 ὼς
1675 3424 1812 3492 πρὶς
1838 3422 1898 3476 τὸ
1929 3425 2025 3476 Ιπ-

446 3509 882 3579 ποκορυστήνσ
924 3512 1016 3564 καὶ
1075 3514 1267 3581 φόϐον
1319 3514 1804 3584 ἀνδροδάμαντα,
1847 3517 1922 3580 ὡς
1977 3516 2030 3570 εῐ

441 3617 527 3664 τις
558 3603 704 3656 είποι
725 3603 1123 3672 λαοδάμαντα
1145 3621 1157 3634 '
1190 3606 1286 3659 καὶ
1325 3607 1430 3659 Δία
1459 3608 1790 3677 εὐρύζυγον
1844 3611 2025 3671 ἄλλως

443 3695 596 3764 παρά
625 3693 684 3746 τὸ
718 3693 1048 3764 ὑψίζυγον’
1091 3697 1184 3749 τὸν
1208 3697 1255 3750 δ’
1291 3699 1455 3752 αὑτὸν
1488 3702 1584 3752 καὶ
1613 3700 2026 3768 ὀρεσίκτυπον

445 3787 539 3840 καὶ
562 3786 976 3858 ἐρισφάραγον
1010 3788 1107 3841 καὶ
1134 3789 1432 3859 όρσινεφῆ
1457 3791 1554 3845 καὶ
1589 3793 2029 3861 αίολοόρόντην

451 3879 543 3932 καὶ
579 3882 1156 3948 φοινικοστερόπαν·
1207 3882 1304 3934 καὶ
1348 3883 1586 3953 Ἀθηνᾶν
1638 3883 1695 3934 δὲ
1727 3883 2026 3954 ἐγχείϐρο-

436 3992 558 4045 μον
580 3976 739 4028 καλεῖ
763 3975 1112 4040 ἐπιθετικῶς,
1141 3977 1238 4028 καὶ
1259 3978 1489 4044 αἰχμὴν
1511 3975 2023 4046 δαμασίμϐροτον,

445 4070 538 4124 καὶ
566 4069 851 4138 ἁλιερκέα
893 4069 1164 4139 Αἴγιναν,
1215 4071 1290 4132 ὡς
1325 4071 1485 4135 εἴπερ
1517 4069 1622 4141 ἔφη
1675 4071 1984 4141 ἀμφίαλον
2009 4085 2022 4100 ⁸

441 4166 537 4217 καὶ
579 4164 980 4230 κρατησιϐίαν
1009 4163 1185 4231 χερσὶ
1227 4164 1318 4216 τὸν
1376 4164 1684 4234 ῥωμαλέον,
1715 4165 1809 4218 καὶ
1843 4167 2026 4233 ἁρμα-

440 4253 778 4319 σιδούπους
834 4257 960 4318 τοὺς
1002 4256 1437 4322 ἱππικωτάτους,
1492 4256 1587 4309 καὶ
1640 4256 2023 4324 ἐλασίχθονα

445 4349 796 4402 Ποσειδῶνα
851 4349 945 4403 τὸν
991 4349 1352 4416 ἐννοσίγαιον,
1403 4349 1499 4402 καὶ
1546 4349 2022 4418 ἐλικοϐλέςεαρον

455 4443 832 4515 Ἀφροδίτην,
863 4444 961 4496 καὶ
1011 4440 1345 4511 ζωθάλμιον
1386 4441 1590 4510 Χάριν,
1623 4441 1750 4495 καθ’
1800 4442 1868 4513 ῆν
1911 4442 2021 4507 ζῶν

2115 563 2307 619 λαιῶν.
2335 565 2448 621 Καὶ
2475 566 2626 620 δοκεῖ
2643 567 2670 619 ὸ
2693 566 2834 637 ἀνὴρ
2864 564 3151 620 κάνταῦθα
3185 565 3264 635 μὴ
3297 564 3509 618 ἐθέλειν
3535 580 3700 634 ποιη-

2113 659 2236 722 ταῖς
2275 658 2488 730 ἑτέροις
2518 659 2774 728 φανερῶς
2819 657 3239 724 ἐπακολουθεῖν,
3269 657 3320 710 εί
3367 657 3428 710 δέ
3460 673 3567 710 που
3603 655 3704 709 καὶ

2117 750 2232 822 ἁλῷ
2260 751 2625 822 ἐφεπόμενος,
2649 751 2798 820 ἔχειν
2821 752 3100 822 ἐκτροπάς
3122 765 3297 816 τινας,
3330 749 3399 804 δι’
3430 741 3508 804 ὧν
3536 747 3705 818 ἄλλην

2114 843 2238 899 Ιτινὰ
2273 845 2546 914 τρέπεται
2577 845 2732 916 παρά
2763 844 2862 909 τὰς
2898 844 3236 916 λεωφόρους.

2192 957 2280 1023 ιζ’2
2317 959 2478 1014 Ἐστι
2507 959 2564 1014 δὲ
2591 972 2732 1030 προς
2769 958 2986 1022 τούτοις
3022 957 3121 1012 κοιλ⁸
3149 955 3519 1027 ἀλληγορικδς
3548 955 3576 1008 6
3601 952 3706 1006 ἀνὰ

2115 1051 2279 1122 χεῖρα
2308 1051 2600 1121 μελοποιὸς
2635 1052 2757 1106 καθ’
2789 1053 3067 1119 ἑκατέραν
3098 1049 3464 1119 ἀλληγορίαν,
3509 1049 3613 1117 τήν
3643 1063 3704 1100 τε

2116 1139 2262 1194 κατά
2289 1142 2554 1212 ῥήτορας,
2579 1141 2648 1212 ἢν
2676 1141 2772 1196 καὶ
2812 1141 3156 1212 Ἑρμογένης
3182 1136 3294 1194 οἶδε
3324 1139 3422 1192 καὶ
3450 1138 3501 1190 οι
3536 1135 3708 1205 Ὅμη-

2121 1233 2390 1302 ρίζοντες,
2428 1235 2525 1288 καὶ
2559 1236 2628 1306 ἦν
2657 1233 3156 1306 πραγματεύονται
3181 1234 3230 1286 οί
3255 1231 3324 1286 τὰ
3361 1231 3572 1301 μυθικά
3615 1231 3706 1282 θε-

2123 1325 2480 1393 ραπεύοντες.
2516 1327 2579 1380 E!
2634 1328 2693 1380 δὲ
2753 1326 3012 1396 σκληρῶς
3045 1325 3347 1397 ἀλληγορεῖ
3377 1324 3446 1378 τὰ
3509 1323 3704 1389 πλείω,

2118 1418 2257 1472 ἀλλὰ
2296 1420 2390 1472 καὶ
2414 1418 2588 1484 οὕτως
2613 1421 2745 1488 ἡδὺς
2781 1419 2954 1489 δοκεῖ,
2995 1420 3072 1482 ώς
3095 1421 3189 1472 καὶ
3217 1417 3410 1481 ἁπλῶς
3451 1415 3705 1486 λυρικδς,

2121 1511 2219 1565 καὶ
2243 1511 2320 1575 ώς
2353 1512 2620 1580 Πίνδαρος
2677 1513 2920 1583 ἰδιότητα
2952 1511 3165 1575 σώζων,
3189 1512 3256 1582 ἢν
3293 1509 3458 1571 αὐτὸς
3508 1507 3707 1581 είλετο,

2121 1603 2224 1657 οὐκ
2254 1604 2543 1660 ἐκπίπτων
2576 1607 2730 1660 ἄκων
2754 1607 2836 1669 είς
2859 1605 3125 1676 ψυχρίαν,
3175 1603 3312 1660 ἀλλά
3342 1601 3550 1656 σκοπὸν
3575 1599 3710 1653 αὐτὸ

2124 1694 2492 1767 προθέμενος,
2555 1699 2652 1752 καὶ
2705 1699 2986 1769 εὐστοχῶν
3045 1697 3128 1761 είς
3180 1697 3408 1766 γραφῆς
3467 1693 3710 1762 ἰδιότητα

2123 1784 2472 1859 δυσμίμητον
2498 1805 2513 1821 ο
2551 1790 2677 1844 καθ’
2718 1790 2786 1862 ἢν
2817 1791 2911 1844 καὶ
2941 1789 3042 1860 τὴν
3073 1789 3286 1861 τροπὴν
3317 1787 3464 1841 πάνυ
3511 1784 3708 1852 φιλῶν,

2123 1872 2192 1948 ἦς
2218 1879 2346 1934 ἄνευ
2377 1881 2478 1936 οὐκ
2513 1881 2582 1936 ἂν
2611 1881 2844 1953 συσταίη
2873 1881 2999 1936 οὔτε
3034 1882 3196 1951 λόγος
3227 1879 3548 1952 ῥητορικὸς,
3580 1874 3709 1930 οὔτε

2119 1970 2256 2042 ἄλλη
2305 1990 2391 2037 τις
2424 1974 2635 2044 ὁμιλία,
2675 1975 2984 2030 ἐπεκτείνει
3015 1977 3112 2032 καὶ
3159 1974 3229 2029 τὰ
3258 1974 3356 2044 τῆς
3393 1971 3605 2044 τροπῆς
3636 1967 3707 2024 δι’

2119 2061 2482 2135 ἀλληγορίας,
2515 2064 2752 2136 ἐχούσης
2778 2081 2833 2118 τι
2866 2065 2964 2119 καὶ
3005 2063 3499 2138 σκληρότητος-,είς
3532 2057 3712 2130 παρά-

2123 2171 2300 2227 σημον
2329 2157 2511 2229 ἐαυτῷ
2545 2157 2644 2213 καὶ
2674 2157 2836 2213 τοῦτο
2867 2157 3182 2229 τιθέμενος.

2203 2269 2296 2341 ιη’.
2335 2267 2778 2344 Ἐμμετεργάζει
2813 2272 2872 2328 δέ
2906 2273 3000 2326 καὶ
3033 2271 3364 2342 ἐκφράσεσι,
3423 2269 3522 2324 καὶ
3570 2286 3711 2340 προ-

2121 2366 2385 2437 θεωρίαις
2411 2364 2470 2418 δέ
2524 2382 2630 2419 που
2679 2365 3000 2437 διαφωτίζει
3043 2363 3351 2438 ῥητορικῶς
3385 2363 3454 2416 τὰ
3503 2361 3713 2432 γραφό-

2125 2475 2288 2529 μενα.

2197 2571 2288 2625 ιϐ’.
2322 2571 2700 2642 Παρεκσαίνει
2725 2571 2780 2625 δὲ
2805 2571 2897 2624 καὶ
2932 2571 3015 2634 εἰς
3045 2568 3290 2632 παλαιὰς
3323 2567 3592 2636 ἱστορίας,
3621 2562 3714 2620 οἷα

2123 2666 2216 2719 καὶ
2248 2665 2584 2736 πολυῖστωρ,
2612 2665 2693 2717 ἐτι
2717 2663 2775 2717 δὲ
2797 2667 2914 2729 ﬁxa).
2951 2664 3034 2727 είς
3071 2662 3278 2734 μύθους
3307 2662 3540 2732 τρόποις
3575 2659 3709 2714 πολε

2123 2760 2258 2826 λοῖς,
2297 2758 2469 2812 ἐνίοτε
2494 2759 2591 2811 καὶ
2622 2757 2762 2827 ύπέρ
2785 2757 2846 2809 τὸ
2880 2755 3125 2827 μέτριον,
3153 2760 3436 2826 χρώμενος
3466 2755 3586 2817 ταῖς
3613 2752 3713 2824 μέν

2123 2852 2234 2906 τῶν
2269 2849 2669 2926 παρεκϐάσεων
2697 2849 2758 2904 ού
2787 2849 2927 2903 κατά
2973 2866 3096 2902 τινα
3141 2847 3555 2918 ἐκφανεστάτην
3587 2863 3713 2900 συν-

2125 2947 2378 3016 άρτησιν,
2447 2945 2567 3009 ταῖς
2615 2943 2673 2996 δὲ
2748 2942 2835 2996 διὰ
2886 2941 3404 3013 παραδειγματικὴν
3439 2941 3709 3009 ἀνάγκην,

2125 3036 2242 3091 τισὶ
2305 3037 2363 3090 δὲ
2415 3037 2511 3091 καὶ
2565 3035 2707 3106 πρὸς
2779 3033 3200 3104 γνωμολογικὴν
3233 3033 3527 3098 πίστωσιν,
3591 3033 3714 3094 ταῖς

2129 3129 2340 3184 πλείοσι
2376 3129 2433 3182 δέ
2451 3128 2518 3182 δι’
2545 3129 2805 3198 ἐγκώμια
2839 3125 3124 3198 προγόνων
3156 3125 3189 3196 ἢ
3225 3125 3491 3196 πατρίδος
3532 3124 3563 3196 ἢ
3608 3141 3714 3178 πα-

2124 3224 2284 3295 τριᾶς
2313 3221 2411 3276 τοῦ
2441 3223 2693 3292 νικητοῦ.

2197 3335 2268 3392 κ’.
2306 3335 2467 3392 Οὕτω
2499 3336 2554 3389 δὲ
2584 3334 2874 3405 στρυφνῶς
2898 3333 3098 3404 φράζει
3128 3335 3252 3396 ταῖς
3290 3331 3528 3393 ἐννοίαις
3567 3329 3714 3384 κατά

2130 3429 2446 3497 πολύνοιαν,
2484 3429 2560 3492 ώς
2599 3427 2762 3499 ἔργον
2792 3422 2938 3482 εἶναι
2971 3427 3266 3496 πολλαχοῦ,
3311 3426 3412 3496 μιᾷ
3443 3441 3554 3478 τινι
3583 3440 3712 3477 στα-

2128 3519 2304 3589 θερῶς
2332 3519 2518 3590 ἐννοίᾳ
2545 3519 2940 3589 ἐνευστοχῆσαι
2964 3518 3057 3573 τὸν
3102 3519 3579 3588 ἀναγινώσκοντα,
3618 3518 3710 3571 διά

2128 3612 2188 3664 τὸ
2225 3611 2368 3665 οὕτω
2399 3613 2492 3666 καὶ
2531 3611 2676 3666 οὕτω
2709 3611 2952 3667 νοεῖσθαι
2981 3612 3155 3682 αὐτὴν
3195 3612 3339 3664 κατὰ
3363 3611 3432 3664 τὰ
3479 3612 3538 3662 ἐν
3572 3627 3713 3680 χρη·

2129 3707 2290 3776 σμοῖς
2351 3703 2657 3776 ἀμφίϐολα.
2695 3705 2878 3761 Πολλά
2917 3705 2974 3759 δέ
3011 3705 3122 3758 τῶν
3152 3705 3248 3759 τοῦ
3297 3706 3566 3774 Πινδάρου
3616 3704 3712 3758 καὶ

2127 3796 2428 3866 γνωμικῶς
2455 3796 2724 3850 δοκοῦντα
2748 3797 3034 3867 λέγεσθαι,
3082 3799 3235 3868 ὅμως
3287 3797 3410 3851 καθ’
3460 3797 3713 3867 ἐτεροίαν

2127 3889 2390 3959 ἐπιϐολὴν
2418 3891 2496 3954 είς
2532 3890 2669 3944 ἰδίαν
2691 3889 2904 3945 ἔννοιαν
2942 3891 3220 3946 ἕλκονται.
3269 3891 3431 3945 Ἔστι
3459 3891 3513 3944 δὲ
3538 3891 3715 3955 δεινὸς

2127 3984 2224 4036 καὶ
2256 3983 2317 4036 οὺ
2375 3984 2536 4053 μόνον
2586 3983 2737 4038 τὸὲν
2778 3984 3118 4038 ἐπεκτείνειν
3177 3984 3569 4054 παραφράσεσι
3619 3983 3717 4036 καὶ

2129 4076 2508 4146 περιφράσεσι
2537 4077 2632 4130 καί
2662 4094 2806 4130 τισιν
2846 4078 3121 4148 ἐτεροίαις
3155 4076 3422 4146 μεθόδοις,
3459 4075 3597 4130 ἀλλὰ
3621 4075 3716 4128 καὶ

2127 4170 2196 4223 τὰ
2227 4167 2398 4222 πολλὰ
2429 4171 2710 4240 συναιρεῖν
2737 4172 2818 4233 είς
2844 4171 3046 4240 κομιδῆ
3073 4168 3273 4239 βραχύ.
3309 4169 3556 4240 Ὀμήρου
3581 4165 3715 4237 γοῦν

2129 4261 2400 4332 χάλκεον
2423 4264 2691 4331 οἱῳανὸν
2724 4263 2996 4333 φαμένου,
3026 4264 3124 4318 καὶ
3163 4261 3313 4317 θεῶν
3344 4261 3482 4328 ἕδος
3511 4261 3722 4331 ἀσφας

2133 4353 2263 4420 λὲς,
2306 4356 2400 4407 καὶ
2420 4355 2689 4423 χρύσεον
2721 4353 3006 4419 δάπεδον,
3039 4355 3202 4418 αὐτὸς
3239 4353 3518 4424 ἐπιτεμὼν
3544 4352 3714 4407 ταῦτα

2137 4446 2380 4501 συνεῖλεν
2408 4449 2488 4509 είς
2521 4448 2585 4500 τὸ
2649 4447 3041 4517 χαλκεόποδα
3073 4447 3226 4502 θεῶν
3255 4446 3440 4514 ἕδραν
3470 4447 3562 4499 τὸν
3616 4445 3710 4498 ού-

437 4558 521 4598 τις
555 4538 771 4592 θάλλει·
811 4537 906 4590 καὶ
940 4533 1146 4605 ἀγῶνα
1172 4533 1240 4586 δὲ
1263 4533 1796 4603 μνησιστέφανον,
1822 4532 1882 4586 ὃν
1927 4534 2022 4586 καὶ
2057 4540 2102 4596 D
2136 4538 2298 4608 ρανδν
2338 4539 2526 4608 φάναι.
2569 4539 2728 4592 Ἐστι
2770 4539 2827 4592 δὲ
2869 4539 2965 4592 καὶ
3002 4540 3269 4610 ἐπιτυχὴς
3302 4541 3420 4604 ταῖς
3463 4536 3709 4607 γνώμαις

439 4633 644 4702 ἑτέρως
669 4629 813 4685 κατὰ
839 4628 1001 4696 λόγον
1053 4623 1391 4697 δριμύτατον
1419 4625 1748 4695 μνηστῆρα
1797 4623 2021 4695 στεφά-

437 4743 561 4780 νων
588 4720 763 4786 εἷττεν,
793 4721 866 4784 ὣς
903 4738 1006 4775 που
1043 4720 1138 4773 καὶ
1175 4719 1478 4788 αὐλητικὸν
1511 4719 1676 4788 νόμον
1692 4717 2023 4787 μνηστῆρα

433 4819 690 4888 ἀγώνων
722 4817 848 4888 ἐφη,
883 4816 1057 4886 ἤγουν
1089 4814 1171 4876 είς
1213 4813 1439 4883 μνήμην
1473 4813 1679 4880 ἄγοντα
1703 4813 1832 4878 τοὺς
1868 4813 2021 4878 ἀγῶ-

441 4932 536 4974 νας
563 4929 574 4940 ·
606 4910 747 4963 καθᾶ
794 4910 886 4961 καὶ
914 4910 1069 4962 λαὸν
1105 4905 1432 4976 μνηστῆρα
1464 4907 1734 4976 πολέμου
1783 4907 2022 4978 δριμέως

442 5007 546 5060 πού
596 5017 732 5074 φησι
764 5002 857 5054 τὸν
895 5001 1250 5071 μεμνημένον
1297 5001 1501 5070 μάχης,
1543 5000 1694 5068 παρά
1743 5000 1805 5053 τό
1834 5016 1845 5030 ·
1869 5001 2022 5070 μνή-

440 5102 638 5154 ιἰιοθε
666 5095 734 5148 δὲ
767 5093 1046 5162 θούριδος
1093 5089 1314 5158 ἀλκῆς.
1354 5091 1632 5162 Πολλαχοῦ
1682 5092 1738 5145 δὲ
1786 5095 1880 5145 καὶ
1910 5094 2023 5162 δρι-

443 5194 592 5262 μέως
622 5189 849 5259 γράφει,
885 5186 1023 5256 μηδὲ
1056 5186 1186 5255 μιᾶς
1211 5184 1323 5239 τῶν
1353 5183 1666 5257 ῥητορικῶν
1696 5185 1851 5237 ἰδεῶν
1889 5185 2024 5239 ἁπε-

437 5285 696 5356 λχόμενος,
731 5279 824 5341 ’ώς
878 5278 993 5343 καὶ,
1037 5277 1127 5329 ὅτε
1183 5275 1312 5341 τοὺς
1372 5277 1620 5342 ἐνδόξους
1670 5277 2023 5347 εὐωνύμους

442 5376 596 5445 φησὶ,
641 5373 739 5425 καὶ
777 5371 960 5438 λιτὴν
1003 5369 1061 5422 δὲ
1099 5369 1216 5424 Ἠῶ
1245 5371 1346 5440 τὴν
1370 5369 1658 5437 εὐκταίαν,
1703 5372 1822 5436 καὶ,
1853 5370 1928 5431 ώς
1956 5371 2024 5426 ἄν

438 5487 528 5531 τις
563 5463 888 5535 Ὁμηρικῶς
921 5462 1092 5529 εῖποι,
1141 5463 1546 5527 πολύλιστον,
1586 5463 1699 5516 εἴτε
1743 5464 1838 5516 καὶ
1899 5465 2022 5516 καθ’

441 5559 627 5629 ἔτερόν
652 5575 773 5610 τινα
810 5557 1142 5623 τρίλιστον.
1177 5555 1440 5610 Τοιοῦτον
1487 5556 1543 5608 δέ
1577 5573 1629 5608 τι
1663 5561 1753 5609 καὶ
1785 5557 1844 5609 τὸ
1879 5557 2023 5610 στά-

437 5671 548 5706 σιν
574 5650 960 5714 ἀντιάνειραν
987 5650 1178 5720 φάναι,
1225 5649 1472 5720 Ὂμήρου
1531 5649 1865 5719 Ἀμαζόνας
1919 5651 2026 5704 ἁν-

441 5745 743 5812 τιανείρας
772 5741 1049 5808 εἰπόντος.
1077 5743 1260 5807 Ὀλως
1291 5741 1350 5796 δὲ
1403 5742 1500 5796 καὶ
1533 5743 1566 5812 ἡ
1600 5741 1886 5811 φιλοτιμία
1917 5741 2024 5795 τῶν

440 5838 803 5910 καινοφώνων
828 5839 1093 5897 ἐπιθέτων
1146 5838 1560 5911 ἐπιτετήδευται
1607 5837 1689 5908 τῷ
1743 5837 2018 5910 Πινδάρῳ,

2132 4631 2226 4684 καὶ
2252 4630 2478 4700 ὑψηλὸς,
2510 4626 2598 4684 οία
2631 4633 2708 4703 μὴ
2749 4631 2909 4702 μόνον
2959 4630 3192 4702 εὐφυὴς,
3225 4631 3363 4685 ἀλλὰ
3393 4629 3486 4683 καὶ
3531 4645 3710 4699 μεγα-

2131 4725 2359 4796 λοφυής.

2206 4816 2312 4872 κα’.
2351 4816 2588 4882 Αίολίζει
2619 4817 2676 4872 δὲ
2703 4815 2772 4871 τὰ
2802 4816 2998 4880 πολλὰ,
3033 4818 3080 4870 εί
3115 4816 3210 4869 καὶ
3245 4815 3321 4886 μὴ
3356 4813 3558 4885 ἀτριϐῆ
3589 4812 3714 4866 δίει-

2133 4928 2218 4964 σιν
2251 4911 2490 4978 Αἷολίδα,
2521 4911 2617 4966 καὶ
2642 4911 2786 4965 κατά
2817 4912 3044 4981 Δωριεῖς
3066 4910 3123 4962 δὲ
3160 4909 3386 4980 φράζει,
3413 4911 3462 4962 εί
3496 4908 3590 4960 καὶ
3616 4906 3714 4975 τῆι,

2133 5007 2509 5076 σκληροτέρας
2541 5004 2775 5074 Δωρίδος
2822 5003 3114 5072 ἀπέχεται,
3147 4999 3270 5054 καθ’
3325 5000 3395 5069 ἢν
3451 4995 3639 5061 παίζει
3688 4990 3716 5050 ὁ

2132 5098 2395 5166 Κωμικὸς
2429 5097 2484 5151 ἐν
2515 5114 2571 5149 τε
2621 5097 2826 5159 ἄλλοις,
2857 5096 2952 5148 καὶ
2991 5095 3048 5146 ἐν
3080 5093 3158 5164 τῷ
3194 5090 3336 5146 Μῶα
3367 5089 3514 5153 πᾶα,
3541 5092 3567 5142 ὃ
3600 5091 3717 5142 ἐστι

2132 5190 2348 5244 Μοῦσα
2372 5187 2564 5243 πᾶσα.
2600 5189 2662 5242 Εἰ
2689 5187 2765 5257 μή
2799 5203 2882 5250 τις
2916 5184 3159 5239 τοιοῦτόν
3187 5200 3241 5237 τι
3269 5184 3390 5253 ἐρεῖ
3413 5183 3542 5252 παρ’
3565 5179 3718 5251 αὑτῷ

2132 5277 2270 5335 εἶναι
2309 5282 2369 5334 τό
2396 5296 2409 5309 '
2445 5279 2805 5344 ἐπιτόσσας,
2844 5279 2871 5330 ὃ
2901 5281 3047 5331 ἐστιν
3079 5275 3407 5343 ἐπιτυχὼν,
3443 5274 3543 5325 καὶ
3578 5272 3718 5325 τόσ-

2131 5389 2236 5426 σαι
2266 5371 2470 5437 καλῶν,
2495 5372 2666 5441 ἤγουν
2711 5370 3044 5440 ἐπιτυχεῖν,
3085 5367 3178 5421 καὶ
3205 5368 3297 5420 τό·
3352 5365 3635 5435 ἀμεῦσαι,
3689 5365 3719 5418 ὃ

2132 5467 2246 5518 ἐστι
2296 5463 2625 5532 παρελθεῖν
2681 5461 2778 5514 καλ⁸
2825 5459 3096 5529 νικῆσαι,
3133 5453 3285 5512 οἷον·
3347 5456 3719 5525 ἀμεύσεσθαι

2130 5555 2359 5621 Νάξιον
2399 5553 2736 5622 Τίσανδρον
2767 5571 2781 5584 θ
2820 5553 2943 5606 ὅθεν
3002 5552 3096 5604 καὶ
3154 5547 3501 5620 ἀμευσιεπῆ
3535 5561 3720 5616 φρον-

2130 5650 2266 5705 τίδα
2322 5652 2458 5719 φησι
2509 5650 2610 5719 τὴν
2663 5647 2877 5717 ταχέως
2928 5645 3226 5715 εὑρετικὴν
3280 5643 3566 5696 διάνοιαν·
3619 5643 3717 5696 καὶ

2131 5739 2551 5808 ἀμευσίπορον
2581 5738 2844 5806 τρίοδον,
2899 5736 3023 5789 καθ’
3055 5737 3123 5804 ἣν
3158 5733 3450 5805 ἀμείόεται
3496 5732 3716 5802 πορεία,

2130 5831 2204 5895 ώς
2237 5830 2466 5900 ἄγεσθαι
2494 5833 2572 5895 εἰς
2602 5829 2800 5884 ταύτὸν
2834 5829 2989 5900 παρὰ
3017 5829 3192 5898 τούτῳ
3225 5827 3283 5880 τὸ
3325 5825 3594 5896 ἀμείϐειν
3619 5823 3716 5878 καὶ
