4090 6416
419 381 524 447 3ξιἾ

1127 380 1423 440 ΈΙΙΞΤΑΤ
1434 379 1556 439 IIII
1598 372 2355 438 TIIESSALONICENSI‘S
2394 365 2958 433 ΜΕΤΒΟΡΟΜΤιΕ

3573 332 3680 422 363

420 500 616 572 Ἀργει
644 499 824 557 θανὼν
850 502 878 555 ό
903 478 1186 568 Πίνδαρος,
1213 493 1333 552 εἶτα
1357 501 1436 560 εἱς
1462 498 1562 568 τὴν
1591 496 1829 567 πατρίδα
1852 495 1996 548 ἐκεῖ·
2023 500 2072 555 Α
2099 493 2305 558 ὀστῶν,
2362 493 2506 547 οὕτω
2544 494 2639 545 καὶ
2675 491 2784 544 ἀπὸ
2833 487 3094 557 νεϐρείων
3124 484 3278 541 αὖλοὶ
3308 483 3572 554 ἐγίνοντο.
3609 480 3674 536 ’Π

417 599 508 648 θεν
553 597 844 666 ἐκομίσθη,
896 595 1044 665 ὅμως
1069 595 1218 646 ἐστιν
1260 592 1583 660 ὑπονοῆσαι,
1630 591 1713 644 ὅτι
1743 589 1997 644 ἀπελθὼν

413 685 494 749 εἷς
523 702 647 740 τινα
679 685 1110 753 Πελοποννήσιον
1134 681 1347 750 ἀγῶνα,
1380 682 1474 735 καὶ
1498 680 1679 736 θανὼν
1705 681 1829 734 κατ’
1862 679 1996 734 αὐτὸ

412 781 473 832 τὸ
499 782 725 849 Ἄργος,
775 777 1012 847 ἀπεδόθη
1045 775 1258 830 ἐκεῖθεν
1292 774 1512 846 πατρίδι
1558 774 1771 843 νεκρός.
1818 773 1908 844 Τῷ
1939 772 1996 826 δέ

415 870 637 940 ῥηθέντι
665 870 767 942 υἱῷ
795 870 1076 941 Διοφάντῳ
1107 867 1202 922 καὶ
1237 867 1647 939 δαφνηφορικόν
1676 863 1830 938 ᾆσμα
1860 865 1998 936 γρά-

411 964 511 1033 ψαι
542 963 762 1031 λέγεται
788 963 817 1014 ὀ
842 963 1046 1032 πατὴρ,
1079 963 1138 1024 ὅς
1161 978 1294 1030 φασι
1320 961 1415 1013 καὶ
1433 959 1730 1030 Σιμωνίδου
1759 958 1992 1028 ἤκουσε,

412 1055 675 1126 νεώτερος
722 1056 824 1126 μὲν
854 1055 1074 1110 ἐκείνου
1130 1053 1229 1120 ὢν,
1269 1051 1646 1126 πρεσϐύτερος
1674 1052 1731 1106 δὲ
1780 1051 1998 1121 Βακχυ-

412 1151 441 1202 λ
449 1149 578 1205 ίδου.

484 1287 597 1346 κςν.
638 1283 829 1336 Εἱπεῖν
867 1282 923 1336 δέ
958 1281 1117 1336 τοῦτο
1175 1284 1268 1336 καὶ
1325 1283 1508 1346 ἄλλως
1559 1282 1700 1336 κατὰ
1726 1283 1854 1345 τοὺς
1891 1300 1996 1335 πα·
2061 1296 2069 1303 ·

413 1376 618 1442 λαιοὺς,
669 1375 903 1431 ἐπέϐαλε
942 1375 1214 1446 Πίνδαρος
1244 1376 1356 1438 τοῖς
1391 1375 1612 1445 χρόνοις
1669 1374 1993 1444 Σιμωνίδου,

411 1460 740 1542 ᾖνεὼτερος
772 1467 1173 1538 πρεσϐυτέρου.
1208 1467 1330 1521 Τῶν
1359 1468 1544 1523 αὐτῶν
1580 1468 1712 1536 γοῦν
1747 1467 1993 1537 μέμνην-

410 1576 505 1610 ται
535 1557 839 1628 ἀμφότεροι
876 1559 1150 1630 πράξεων.
1170 1558 1331 1612 Ἀλλὰ
1365 1561 1460 1612 καὶ
1491 1559 1641 1629 παρὰ
1682 1559 1890 1630 Ἱέρωνι
1919 1557 1996 1629 τῷ

413 1650 839 1722 Συῤῥακουσίων
880 1651 1128 1722 τυράννῳ
1181 1650 1351 1722 ἄμφω
1405 1651 1676 1720 ἐγένοντο,
1706 1651 1998 1724 ἀποδημή-

413 1759 607 1806 σαντες
659 1743 862 1813 δηλαδὴ
922 1745 1048 1798 καθ’
1079 1742 1301 1816 ἐτέρους
1326 1744 1422 1798 καὶ
1452 1745 1611 1800 αὐτοὶ

411 1931 679 2001 φέρεσθαι
716 1931 867 1986 δοκεῖ
893 1931 954 1986 τὸ
987 1932 1446 2004 περιφερόμενον.
1480 1931 1715 2000 Λέγεται
1746 1931 1878 2002 γάρ,
1906 1933 1993 1986 ὃτι

411 2021 678 2093 Πίνδαρος
729 2023 1047 2095 ἐρωτηθεὶς,
1103 2023 1194 2078 διὰ
1250 2023 1304 2077 τί
1353 2023 1663 2094 Σιμωνίδης
1719 2023 1820 2095 μὲν
1855 2022 1996 2095 πρὸς

409 2116 537 2178 τοὺς
569 2116 869 2185 τυράννους
899 2117 1261 2188 ἀπεδήμησεν
1309 2117 1390 2180 εἱς
1422 2115 1698 2182 Σικελίαν,
1735 2115 1898 2180 αὐτὸς
1931 2115 1996 2169 δὲ

405 2207 507 2259 οὐκ
555 2207 728 2262 ἐθέλει
757 2224 772 2275 ;
804 2211 932 2280 ἐφη,
968 2208 1119 2264 Διότι
1169 2207 1431 2280 βούλοιιαι
1471 2210 1697 2282 ἐμαυτῷ
1731 2210 1994 2282 ζῇνίοῦκ

408 2299 578 2370 ἄλλῳ.

480 2433 582 2500 κζ’.
627 2434 847 2509 ’ᾼδεται
875 2435 932 2490 δὲ
977 2438 1095 2502 καὶ,
1123 2436 1198 2501 ὡς
1231 2436 1465 2510 εὐσεϐὴς
1495 2431 1565 2511 ἦν
1587 2480 1602 2504 ,
1638 2437 1816 2508 τιμῶν
1842 2438 1996 2492 Πᾶνα

409 2527 505 2581 καὶ
538 2525 703 2584 Ῥέαν
758 2529 852 2582 καὶ
885 2529 1204 2584 Ἀπόλλωνα
1229 2572 1246 2596 ,
1285 2532 1384 2587 καὶ
1444 2531 1526 2585 δτι
1578 2531 1722 2584 κατὰ
1767 2530 1868 2601 τὴν
1898 2527 1993 2584 τοῦ⁹

408 2610 613 2687 Ξέρξου
642 2618 894 2674 διάϐασιν
919 2621 1138 2691 ἤκμαζε
1169 2622 1272 2691 τὴν
1302 2623 1539 2692 ήλικίαν.
1573 2622 1673 2674 Διὰ
1698 2619 1754 2674 δέ
1788 2621 1849 2675 τὸ
1879 2619 1997 2674 θεο-

407 2714 572 2783 φιλὴς
614 2712 786 2779 δόξαι,
813 2715 910 2768 καὶ
937 2715 1108 2785 τιμῆς
1153 2716 1358 2786 πολλὴν
1385 2716 1711 2786 περιουσίαν
1735 2715 1896 2784 έσχεν
1935 2715 1994 2768 ἐν

410 2803 692 2876 Ἕλλησιν.
730 2805 1004 2860 Ἀπόλλων
1042 2805 1173 2876 γοῦν
1209 2805 1354 2861 οὕτω
1381 2807 1548 2877 φασὶν
1597 2807 1760 2862 αὐτὸν
1791 2806 1991 2878 ἐφίλει,

407 2896 484 2957 ὡς
511 2898 607 2952 καὶ
640 2897 835 2966 μερίδα
854 2897 1169 2968 ’λαμϐάνειν
1203 2901 1268 2952 ἐκ
1301 2900 1412 2952 τῶν
1460 2899 1741 2970 θυομένων
1776 2898 1990 2970 ἐκείνῳ,

407 2989 502 3042 καὶ
545 2988 639 3041 τὸν
673 2988 823 3057 ἱερέα
847 2988 910 3043 δὲ
961 2989 1092 3061 βοᾷν
1138 2991 1199 3044 ἐν
1232 2993 1352 3054 ταῖς
1408 2991 1624 3055 θυσίαις
1649 3007 1664 3024 ·
1695 2991 1995 3059 Πίνδαρος

407 3080 507 3135 ἐπὶ
536 3085 602 3135 τὸ
641 3081 895 3137 δεῖπνον
932 3083 1014 3149 τῷ
1048 3083 1198 3150 θεῷ’
1233 3085 1264 3156 ἢ
1300 3085 1396 3137 καὶ
1444 3084 1623 3148 ἄλλως
1643 3101 1657 3116 ο
1690 3085 1993 3155 Πίνδαρος

407 3171 510 3224 ἴτω
558 3171 659 3225 έπὶ
691 3173 758 3225 τὸ
805 3172 1057 3229 δεῖπνον
1084 3175 1194 3230 τσῦ
1229 3174 1392 3230 θεοῦ.
1434 3176 1594 3230 Κατὰ
1631 3173 1694 3232 δέ
1715 3177 1908 3240 ἄλλους
1935 3179 1993 3232 ἐν

405 3265 627 3334 Δελφοῖς
650 3265 858 3319 κλείειν
906 3267 936 3320 ὀ
973 3267 1247 3338 νεωκόρος
1303 3267 1520 3336 μέλλων
1549 3268 1646 3321 τὸν
1700 3267 1862 3334 νεὼν,
1895 3287 1994 3341 κηο

408 3362 598 3426 ρύσσει
631 3357 756 3411 καθ’
779 3359 992 3430 ἡμέραν
1013 3373 1029 3391 ·
1064 3359 1364 3428 Πίνδαρος
1401 3363 1435 3415 d
1469 3361 1854 3429 μουσοποιὸς
1882 3377 1994 3416 πα-

398 3450 545 3518 ρίτω
574 3452 726 3518 πρὸς
755 3451 820 3503 τὸ
859 3450 1110 3505 δεῖπνον
1127 3451 1209 3517 τῷ
1251 3451 1384 3518 θεῷ.
1419 3453 1531 3505 Kal
1563 3453 1674 3523 γὰρ
1702 3453 1762 3506 ἐν
1785 3456 1853 3526 τῇ
1883 3454 1992 3510 τῶν

407 3543 626 3597 Πυθίων
671 3545 829 3616 ἑορτῇ
889 3544 1180 3617 ἐγεννήθη,
1234 3544 1309 3609 ὡς
1359 3544 1514 3615 δηλοῖ
1552 3545 1662 3599 ’καὶ
1695 3545 1859 3610 αὐτὸς
1915 3547 1992 3600 εἱ-

407 3652 528 3687 πων
548 3649 562 3663 ⁹

405 3775 805 3854 Πενταετηρὶς
861 3775 1038 3854 {lepra
1089 3778 1476 3854 βουπομπρς,
1533 3783 1604 3835 ἐν
1661 3783 1696 3852 ᾗ
1752 3785 1991 3854 πρῶτον

701 3846 975 3916 ἐϐάσθην
1005 3846 1315 3919 ἁγαπατὸς
1348 3846 1847 3925 ἐνσπαργᾶνοιξι,

406 3957 436 4012 6
464 3958 614 4013 ἐστιν
644 3959 929 4030 ἐλέχθην,
973 3962 1052 4027 ὡς
1097 3962 1208 4017 ἀπὸ
1240 3965 1336 4017 τοῦ
1363 3963 1546 4032 βάζω,
1585 3968 1617 4038 ἢ
1669 3970 1763 4023 καὶ
1813 3969 1989 4035 ἄλλως

404 4047 701 4117 εύὰσθην,
735 4051 1117 4121 εὐφημήθην.
1153 4053 1229 4117 ὡς
1253 4054 1362 4108 ἀπὸ
1396 4056 1492 4109 τοῦ
1524 4057 1988 4129 εὐάζὶο.Λέγεται

403 4139 462 4194 δέ
494 4141 608 4204 καὶ,
642 4141 725 4195 ὅτι
746 4142 774 4194 ὀ
804 4142 920 4195 Πὰν
954 4142 1162 4212 μεταξὺ
1194 4145 1540 4216 Κιθαιρῶνος
1562 4150 1658 4204 καὶ
1691 4151 1987 4215 Ἑλικῶνος

405 4229 563 4300 ὥρθη
588 4231 733 4303 ᾅδων
765 4235 973 4288 παιᾶνα
1009 4235 1305 4307 Πινδάρου.
1359 4239 1452 4292 Διὸ
1499 4241 1598 4294 καὶ
1629 4242 1793 4305 αὐτὸς
1831 4238 1990 4315 ᾆσμα

405 4324 686 4391 ἐποίησεν,
717 4325 776 4376 ἐν
809 4317 852 4393 ᾧ
885 4328 1042 4396 χάριν
1079 4326 1228 4398 αὐτῷ
1276 4327 1375 4400 τῆς
1397 4332 1562 4402 τιμῆς
1592 4331 1988 4405 ἀνθομολογεῖ-

402 4430 513 4477 ται,
541 4413 600 4467 οὗ
637 4416 803 4485 ἀρχή·

2097 586 2155 640 δέ
2189 587 2398 656 χέλυς,
2429 585 2462 638 ὅ
2491 585 2667 639 ἐστιν
2693 585 2732 653 ἡ
2787 581 3023 650 κιθάρα,
3056 580 3114 646 ἐξ
3147 578 3515 651 ἀρχαιοτάτης
3546 576 3676 645 κλή-

2102 695 2242 742 σεως
2290 679 2768 748 κεκληρονόμηται
2814 678 2894 740 εἱς
2953 675 3176 745 φράσιν.
3233 667 3344 726 Ἦν
3411 671 3524 742 γὰρ
3585 669 3675 722 ὅτε

2098 770 2368 841 ὀστρακον
2393 773 2602 842 χέλυος,
2632 772 2803 842 ήγουν
2836 767 3100 840 χελώνης,
3133 767 3212 830 εἱς
3235 765 3483 835 κοίλωμα
3513 760 3677 817 κιθά-

2103 864 2296 936 ραςτῷ
2339 865 2516 936 Ἐρμῇ
2562 866 2963 936 ἐχρησίμευσεν
2999 861 3220 932 (ὡςοκαὶ
3253 860 3369 932 μετ’
3400 859 3560 927 ὀλίγα
3585 873 3676 926 γε-

2099 956 2416 1030 γράψεται),
2445 957 2569 1011 καθ’
2597 949 2660 1011 οὕ
2691 957 2996 1010 ἐνταθεῖσαι
3035 952 3228 1026 χορδαὶ
3279 952 3381 1022 τὴν
3438 949 3674 1019 κιθάραν

2097 1051 2454 1106 ἀπετέλεσαν.
2504 1049 2563 1105 Ὀ
2602 1049 2659 1103 δέ
2692 1049 2877 1119 ἐσμὸς
2917 1047 3068 1118 δηλοῖ
3103 1046 3216 1117 -μέν
3265 1045 3366 1116 τήν
3419 1042 3676 1114 βοτρυδὸν

2100 1140 2380 1210 συνίζησιν
2409 1141 2517 1196 τῶν
2545 1141 2839 1210 μελισσῶν,
2866 1134 2942 1196 ὧν
2976 1143 3035 1193 ἐν
3060 1141 3174 1202 τοῖς
3203 1136 3504 1208 κατωτέρω
3535 1134 3676 1188 πλα-

2099 1237 2216 1288 τεῖα
2250 1236 2442 1306 μνήμη
2498 1234 2674 1291 ἐσται.
2735 1235 3034 1289 Δασύνεται
3087 1235 3198 1303 γὰρ
3251 1230 3360 1285 ἀπὸ
3385 1231 3494 1286 τοῦ
3533 1226 3660 1291 ἔξω.

2101 1325 2361 1394 Κάθισμα
2395 1328 2504 1394 γὰρ
2557 1325 2829 1396 μελισσῶν
2854 1327 2887 1395 ή
2921 1324 3068 1392 λέξις
3097 1323 3269 1394 δηλοῖ,
3303 1323 3400 1377 καὶ
3444 1320 3676 1391 συνιστᾷ

2097 1418 2160 1472 τὸ
2186 1419 2320 1474 δασῦ
2350 1419 2588 1473 ἐνταῦθα
2625 1419 2845 1488 πνεῦμα
2873 1420 2901 1472 ό
2929 1417 3079 1487 παρὰ
3115 1413 3484 1484 Ἀριστοτέλει
3511 1415 3569 1466 ἐν
3597 1411 3677 1480 τῷ

2099 1509 2239 1580 Περὶ
2264 1509 2420 1574 ζώων
2483 1509 2727 1579 ἱστορίας
2756 1511 3080 1580 ἀφορισμός.
3130 1507 3200 1562 Τὸ
3238 1506 3309 1561 δὲ
3345 1503 3676 1574 κηρόδετον

2093 1599 2235 1670 μέλι
2279 1599 2644 1671 ἀφομοιοῦταὶ
2676 1617 2794 1664 πως
2813 1601 2893 1670 τῷ
2917 1602 3046 1670 παρ’
3083 1597 3336 1671 Αἰσχύλῳ
3363 1595 3675 1665 κηροπλά-

2097 1707 2225 1761 στῳ
2275 1693 2510 1760 δόνακι,
2555 1693 2616 1754 ὀς
2671 1693 2821 1764 δηλοῖ
2846 1693 2906 1747 τὸ
2939 1693 3216 1762 σύριγγα.
3247 1689 3581 1756 Μαινάλιος
3616 1687 3674 1742 δέ

1727 1762 1862 1808 φους
1913 1747 1994 1808 εἱς
2100 1785 2252 1808 οη.-
2286 1788 2304 1808 ι
2348 1785 2461 1808 πη.-
2622 1784 2946 1808 ..-μμρψμ
3007 1784 3300 1808 νομιμωι

413 1761 607 1852 σαντες
659 1761 862 1850 οηλαοη
922 1761 1047 1798 καυι
1079 1761 1301 1816 ετερους
1326 1761 1422 1798 και
1452 1761 1611 1800 αυτοι
1661 1761 1862 1849 σοφρυς
1913 1761 1994 1808 εις
2100 1785 2253 1851 θετὸς
2279 1788 2309 1841 ὁ
2347 1785 2461 1840 Πὰν
2511 1787 2589 1850 ὡς
2622 1761 2968 1857 ,Αρχαδικόςο
3007 1784 3098 1838 Ἑν
3124 1761 3389 1854 Μαινάλῳ
3423 1783 3530 1852 γὰρ
3565 1781 3675 1834 ἔτι-

407 1852 511 1946 τἾν
539 1834 764 1946 21nd.“
767 1853 818 1889 ν’
844 1837 961 1946 Pa}
991 1836 1100 1906 μὴν
1129 1835 1265 1946 πρὸξ
1291 1836 1350 1890 τὸ
1373 1837 1660 1946 ἱστοῗῖλθὲν
1693 1854 1852 1946 τοι)ῗο
1881 1838 1994 1946 δέω
2022 1838 2069 1899 Β
2101 1879 2257 1946 μᾶτο,
2282 1875 2578 1946 Ἀρκαδίας
2607 1875 2744 1946 ὀρει.
2782 1876 3025 1946 Κερόεις
3049 1875 3104 1929 δέ
3153 1877 3182 1928 6
3208 1874 3390 1937 αὐτὸς,
3424 1873 3548 1926 ἐπεὶ
3579 1889 3675 1925 κε-

2143 1879 2257 1940 ᾶτο,
2282 1875 2578 1946 Ἀρκαδίας
2607 1875 2744 1946 ὀρει.
2782 1876 3025 1946 Κερόεις
3049 1875 3104 1929 δέ
3153 1877 3182 1928 6
3208 1874 3390 1937 αὐτὸς,
3424 1873 3548 1926 ἐπεὶ
3579 1889 3675 1925 κε-

2099 1967 2374 2040 ρασφόρος
2401 1967 2718 2032 ἐπλάττετο,
2754 1967 2842 2023 διὰ
2868 1969 2968 2032 τὰς
2993 1967 3105 2021 τῶν
3141 1967 3286 2038 ὀρῶν
3327 1965 3523 2036 ἐξοχὰς
3571 1963 3674 2026 τὰς

2097 2061 2464 2133 ὕψηλοτάτας,
2513 2061 2571 2118 αἳ
2601 2062 2766 2115 αὑταὶ
2799 2063 2966 2134 μέρος
3000 2060 3109 2113 εἶσὶ
3141 2058 3236 2112 τοῦ
3266 2057 3488 2122 παντὸς,
3531 2056 3611 2118 εἱς
3645 2054 3673 2108 6

2099 2153 2578 2225 μεταλαμϐάνεται
2611 2156 2706 2208 καὶ
2739 2156 2766 2208 6
2796 2153 2933 2207 Πάν.
2966 2151 3090 2205 Ὀτι
3123 2151 3179 2204 δέ
3210 2148 3430 2218 κέρατα
3459 2148 3675 2215 ἐλέγον·

2095 2263 2157 2300 το
2182 2248 2279 2300 καὶ
2303 2248 2359 2299 αἱ
2398 2247 2610 2318 ὀρειναὶ
2637 2245 2926 2316 ὑπεροχαὶ,
2964 2243 3114 2314 δηλοί
3141 2243 3168 2294 6
3197 2241 3414 2312 γράψας
3455 2237 3671 2308 ὑψικέ-

2088 2355 2247 2408 ρατα
2283 2340 2535 2409 πέτραν,
2568 2340 2669 2410 τὴν
2703 2339 2799 2393 καὶ
2839 2337 3050 2408 ὑψηλὴν
3083 2336 3176 2390 καὶ
3225 2335 3305 2398 εἱς
3335 2332 3431 2402 ὀξῦ
3477 2333 3677 2402 λήγου-

2098 2446 2218 2485 σαν.
2285 2430 2508 2499 Ὕμνον
2548 2429 2618 2483 δὲ
2674 2431 2891 2494 ἀείσας
2948 2428 3148 2481 ταυτόν
3207 2427 3324 2479 ἐστι
3384 2423 3464 2495 τῷ
3515 2423 3675 2491 ᾄσας

2097 2520 2350 2589 παιᾶνα,
2392 2523 2504 2586 τὸν,
2532 2521 2608 2584 ὡς
2632 2522 2959 2589 δεδήλωται,
2991 2519 3340 2590 Πινδαρικὺν,
3371 2519 3418 2571 εἱ
3451 2516 3544 2570 καὶ
3574 2516 3672 2569 άλ-

2095 2610 2202 2674 λως
2232 2613 2474 2683 ἑτεροῖόν
2505 2631 2556 2667 τι
2590 2615 2740 2685 παρὰ
2767 2614 2860 2668 τὸν
2890 2613 3060 2684 ὕμνον
3097 2615 3126 2667 6
3159 2612 3349 2665 παιάν.
3405 2609 3674 2674 Δόνακες

2095 2703 2153 2757 δὲ
2181 2705 2398 2774 νόμιοι,
2427 2706 2675 2760 τουτέστι
2707 2706 2876 2776 φίλοι
2923 2704 3050 2771 τοῖς
3103 2702 3395 2774 νέμουσιο
3434 2700 3528 2754 καὶ
3573 2700 3670 2769 ὅλη

2097 2795 2359 2866 σύριγξή
2407 2795 2486 2865 τῷ
2514 2797 2651 2850 Πανὶ
2701 2796 2830 2868 φίλη
2869 2797 2952 2851 διὰ
2994 2797 3091 2860 τὰς
3148 2795 3320 2858 πνοὰς
3352 2793 3461 2848 τῶν
3504 2809 3672 2846 κατα-

2095 2885 2319 2954 κόσμων
2346 2887 2571 2957 ἀνέμων
2624 2889 2724 2942 καὶ
2759 2889 2886 2950 τοὺς
2925 2886 3139 2942 ἐκείθεν
3169 2886 3500 2958 συριγμοὺς,
3523 2885 3560 2940 ἃ
3593 2883 3674 2955 τῷ

2097 2980 2236 3034 Πανὶ
2267 2982 2432 3036 παντὶ
2460 2983 2593 3050 φίλα
2632 2983 2760 3038 εἱσί.
2792 2983 2903 3037 Καὶ
2953 2981 3099 3036 οὕτω
3143 2969 3242 3051 μὲν
3271 2981 3333 3034 τὺ
3380 2979 3675 3050 εἰρημένον

2095 3073 2433 3145 ἐπίγραμμα
2473 3075 2700 3146 θεοφιλῆ
2762 3074 3023 3146 ἐμφαίνει
3057 3074 3311 3144 γενέσθαι
3354 3074 3447 3128 τὸν
3478 3074 3676 3128 Πίνδα-

2021 3203 2066 3262 c
2101 3181 2214 3262 ρον.
2250 3167 2484 3234 Λέγεται
2514 3167 2571 3221 δὲ
2604 3167 2719 3262 καὶ,
2770 3166 2848 3232 ὡς
2891 3169 3157 3238 Δημήτηρ
3189 3166 3328 3236 ὀναρ
3364 3166 3494 3220 ποτέ
3525 3165 3673 3235 αὐτῷ

2103 3255 2432 3324 ἐπιφανεῖσα
2482 3255 2790 3327 ἐμέμψατο,
2849 3259 2898 3310 εἱ
2944 3259 3113 3327 μόνην
3185 3256 3327 3310 θεῶν
3372 3256 3541 3325 αὐτὴν
3575 3256 3674 3327 οὐχ

2099 3345 2364 3418 ὕμνησεν.
2411 3347 2470 3401 '0
2499 3346 2556 3401 δὲ
2610 3348 2703 3402 καὶ
2733 3349 2814 3411 εἱς
2844 3348 3018 3419 αὐτὴν
3045 3348 3326 3418 ἐποίησεν,
3359 3346 3668 3418 ἀρξάμενος

2099 3437 2276 3492 οὕτω·
2311 3441 2534 3494 Πότνια
2566 3439 2936 3509 θεσμοφόρε·
2993 3439 3088 3494 καὶ
3119 3439 3302 3510 βωμὸν
3354 3439 3412 3494 δὲ
3465 3440 3672 3508 ἀμφοῖν

2094 3531 2206 3600 πρὸ
2228 3533 2325 3602 τῆς
2364 3532 2540 3596 οἰκίας
2575 3532 2851 3602 ἱδρύσατο.
2903 3532 3234 3604 Χαμαιλέων
3284 3532 3341 3586 δέ
3388 3549 3524 3602 φασι
3574 3532 3674 3586 καὶ

2097 3620 2317 3692 Ἴστρος
2351 3621 2699 3694 ἱστοροῦσιν,
2753 3624 2832 3687 ὡς
2866 3624 2997 3696 περὶ
3060 3623 3336 3680 Ἑλικῶνα
3393 3623 3673 3695 θηρῶντας

2094 3715 2287 3783 αὐτοῦ,
2331 3719 2427 3771 καὶ
2456 3715 2688 3787 καμάτῳ
2708 3717 3124 3788 κατενεχθέντος
3155 3719 3236 3783 εἱς
3272 3717 3460 3784 ὕπνον,
3489 3717 3675 3788 μέλισ-

2096 3825 2166 3862 σα
2187 3806 2264 3878 τῷ
2288 3807 2518 3877 στόματι
2559 3806 3006 3880 πμροσκαθίσασα,
3037 3808 3206 3880 κηρία
3246 3808 3464 3864 ἐνέθετο
3486 3823 3501 3840 ·
3531 3809 3580 3862 οἱ
3615 3808 3672 3862 δέ

2091 3897 2230 3970 ὕναρ
2256 3899 2422 3966 φασὶν
2468 3899 2599 3954 ἱδεῖν
2619 3898 2809 3965 αὐτὸν,
2844 3898 2922 3963 ὡς
2951 3898 3169 3969 μέλιτος
3199 3900 3292 3953 καὶ
3330 3898 3505 3970 κηροῦ
3536 3899 3672 3970 πλῆ-

2088 4007 2191 4064 -ρες
2223 3991 2374 4062 αὐτῷ
2413 3991 2632 4060 γεγόνοι
2661 3989 2725 4045 τὸ
2751 3990 2950 4062 στόμα.
2984 3991 3096 4046 Καὶ
3138 3990 3314 4054 οὕτως
3342 3989 3672 4062 οἰωνισάμε-

2092 4100 2206 4148 νος,
2230 4083 2424 4138 ἔπειτα
2475 4083 2559 4148 εἱς
2589 4084 2880 4157 ποιητικὴν
2913 4084 3154 4156 ἐτράπη,
3189 4083 3671 4154 καθηγησαμένων

2093 4174 2246 4244 αὐτῷ
2272 4173 2370 4227 τοῦ
2421 4173 2618 4244 μαθεῖν
2654 4175 2693 4246 ἢ
2738 4175 2834 4230 τοῦ
2877 4176 3062 4230 Λάσου
3083 4214 3098 4239 ,
3133 4173 3210 4239 ὡς
3239 4176 3478 4246 εἴρηται,
3510 4175 3544 4246 ἢ
3575 4174 3670 4229 τοῦ

2105 4263 2396 4334 Ἀθηναίου
2446 4263 2862 4334 Ἀγαθοκλέους,
2893 4265 2928 4335 ἢ
2987 4262 3420 4334 Ἀπολλοδώρου,
3446 4264 3507 4318 ὃν
3536 4281 3670 4333 φασι

2091 4361 2187 4415 καὶ
2218 4360 2620 4431 προϊστάμενον
2649 4359 2888 4414 κυκλίων
2911 4359 3110 4430 χορῶν,
3148 4358 3244 4413 καὶ
3281 4358 3669 4429 ἀποδημοῦντα

2092 4452 2384 4508 πιστεῦσαι
2437 4454 2535 4522 τὴν
2597 4452 2947 4506 διδασκαλίαν
2985 4451 3262 4523 Πινδάρῳ,
3312 4451 3465 4505 παιδὶ
3507 4451 3663 4518 ὀντι,⁶

400 4545 479 4605 Ὠ
505 4550 653 4617 Πὰν,
715 4551 846 4608 Πὰν
874 4594 890 4620 ,
928 4551 1251 4627 Ἀρκαδίας
1281 4551 1520 4627 ’μεδέων
1577 4555 1677 4611 καί
1739 4555 1987 4627 σεμνῶν
2011 4558 2065 4620 D
2092 4543 2184 4598 τὸν
2200 4545 2257 4598 δὲ
2280 4540 2338 4599 εὖ
2365 4545 2425 4598 τὸ
2454 4544 2733 4598 πιστωθέν
2760 4545 3212 4615 διακοσμήσαντα
3239 4542 3658 4614 περιϐοηθῆναι.

948 4624 1188 4678 ἀδύτων
1211 4624 1440 4693 φύλαξ.

399 4734 481 4803 Τῇ
543 4736 758 4808 ἱστορίᾳ
827 4736 884 4790 δέ
959 4735 1138 4807 ταύτῃ
1204 4736 1480 4806 μαρτυρεῖ
1525 4737 1620 4791 καὶ
1657 4736 1987 4810 ἐπίγραμμα

401 4826 634 4880 παλαιὸν
664 4829 848 4883 ἐκεῖνο
868 4844 883 4859 ο

472 4963 1036 5038 Νεξρείωννὸπόσον
1081 4968 1354 5038 σάλπιγξ
1382 4968 1722 5037 ὑπερίσχεν
1749 4967 1982 5038 αὐλῶν,

545 5032 792 5089 Τόσσον
830 5037 986 5106 ὑπὲρ
1031 5037 1240 5106 πάσας
1271 5032 1664 5109 ἓψογέσεῗὸ
1697 5039 1909 5110 χέλυς.

470 5143 629 5199 Οὐδὲ
651 5147 854 5218 μάτην
881 5149 1118 5218 ἁπαλός
1141 5150 1278 5221 περὶ
1309 5152 1587 5223 χείλεσιν
1611 5153 1803 5224 ἐσμὸς
1829 5153 1986 5209 ἐκεῖ·

398 5331 404 5337 .
482 5281 828 5362 ῌΪΕπλασε
861 5291 1205 5362 κηρόδετον,
1239 5292 1520 5361 Πίνδαρε,
1557 5293 1690 5347 σεῖο
1709 5241 1916 5362 μέιλῖς

467 5353 718 5426 Μάρτυς
745 5360 790 5411 ιδ
817 5353 1150 5427 Μαῗνάλιος
1176 5353 1407 5430 κερόεις
1427 5353 1611 5430 Ὁέὸς,
1639 5353 1837 5434 ὕιῖνον
1865 5364 1987 5420 ἀεί-

535 5491 591 5552 1'
594 5492 667 5550 ὸν
683 5493 815 5563 σέο,
843 5494 945 5551 καὶ
966 5498 1194 5567 νομίων
1233 5501 1582 5572 λησάμενος
1609 5434 1912 5558 aedi»?

402 5626 569 5696 Λέγει
585 5627 650 5683 δὲ
679 5627 741 5683 τὸ
763 5629 1092 5702 ἐπίγραμμα
1111 5629 1272 5686 τοῦτο
1293 5635 1600 5705 νεϐρείους
1629 5638 1730 5709 μὶν
1760 5637 1978 5707 αὕλοῦς,

408 5717 530 5780 τοὺς
557 5718 630 5781 ὡς
656 5718 810 5785 εἰκὸς
828 5719 888 5786 ἐξ
914 5718 1116 5777 ὀστέων
1149 5721 1352 5792 ἐλάφου
1376 5726 1626 5797 νεογνῆς.
1655 5727 1826 5798 Δῆλον
1846 5727 1978 5801 γὰρ,

398 5807 479 5873 ὥς
504 5809 695 5882 νεϐρὸς
719 5812 781 5868 τὸ
800 5813 1043 5883 νεογιλδν
1069 5815 1174 5888 τῆς
1205 5815 1412 5890 ἐλάφου
1431 5835 1446 5852 ο
1475 5817 1624 5886 ὡςδέ
1653 5819 1762 5876 ἀπὸ
1783 5821 1978 5879 ὀνείων

2090 4635 2247 4698 Τινὲς
2281 4635 2337 4688 δέ
2371 4651 2458 4702 γε,
2495 4635 2572 4698 ὡς
2618 4633 2922 4706 κατωτέρω
2953 4635 3276 4705 ῥηθήσεται,
3331 4635 3390 4686 τὸ
3439 4633 3662 4702 σημεῖον

2086 4725 2189 4794 τῆς
2217 4723 2480 4795 μελίσσης
2508 4723 2664 4778 παιδὶ
2697 4724 2956 4795 νεωτάτῳ
2999 4723 3081 4777 ἔτι
3113 4722 3232 4777 ὕντι
3262 4722 3510 4793 Πινδάρῳ
3540 4722 3660 4772 ἐπι-

2087 4816 2345 4886 γενέσθαι
2397 4816 2726 4887 ἱστοροῦσιν.
2768 4816 2892 4870 Ὂτι
2947 4815 3006 4870 δέ
3049 4815 3106 4868 ἐν
3141 4815 3361 4886 παλαιῷ
3389 4814 3666 4885 ἐπιγράμ-

2093 4924 2223 4980 ματι
2279 4908 2458 4962 κεῖται
2511 4907 2730 4978 γοργῶς
2763 4908 2953 4979 μνήμη
2997 4905 3096 4962 τοῦ
3151 4907 3465 4979 μελισσείου
3510 4905 3667 4962 τοῦδε

2087 5003 2310 5074 κηρίου,
2351 5002 2653 5074 δεδήλωται
2682 5001 2963 5074 ἀνωτέρω.

2157 5184 2267 5250 κη’.
2310 5177 2512 5250 Ἐχθρά
2546 5176 2605 5231 δέ
2647 5193 2781 5246 φασι
2825 5176 3167 5247 φρονούντων
3194 5177 3452 5251 ἀλλήλοις
3489 5179 3661 5248 Ἀθη-

2085 5270 2252 5326 ναίων
2289 5270 2386 5325 καὶ
2425 5269 2703 5340 Θηϐαίων,
2735 5271 2857 5323 ἐπεὶ
2897 5268 3108 5340 ἔγραψέ
3157 5287 3260 5323 που
3287 5286 3302 5302 ·
3338 5264 3414 5327 Ὦ
3445 5270 3542 5326 ταὶ
3575 5275 3668 5325 λι-

2086 5361 2270 5430 παραὶ
2303 5361 2402 5416 καὶ
2425 5360 2867 5430 μεγαλοπόλιες
2901 5359 3151 5429 Ἀθῆναι
3171 5400 3188 5425 ,
3222 5362 3366 5416 κατὰ
3398 5361 3455 5416 δέ
3487 5378 3666 5426 τινας,

2076 5454 2206 5508 ἐπεὶ
2238 5452 2491 5522 ἔρεισμα
2523 5451 2817 5519 Ἑλλάδος
2847 5451 2951 5523 ἐφη
2985 5454 3087 5516 τὰς
3126 5453 3384 5525 Ἀθήνας,
3418 5452 3664 5523 ἐζημίω-

2085 5562 2187 5600 σαν
2227 5545 2392 5599 αὐτὸν
2448 5543 2679 5613 Θηϐαῖοι
2729 5543 2931 5614 χιλίαις
2984 5545 3280 5616 δραχμαῖς,
3312 5542 3377 5608 ἃς
3414 5543 3662 5610 ἐξέτισαν

2083 5638 2227 5705 ὑπὲρ
2261 5635 2429 5690 αὐτοῦ
2458 5635 2736 5706 Ἀθηναῖοι
2783 5636 2860 5701 ὡς
2910 5635 3272 5706 φυλακτικοῦ.
3322 5637 3559 5703 Λέγεται
3603 5635 3663 5689 δὲ

2080 5731 2204 5795 καὶ,
2237 5727 2314 5792 ὡς
2346 5727 2609 5789 Λάκωνες
2661 5729 3053 5802 ἐμπρήσαντές
3105 5746 3237 5784 ποτε
3273 5728 3468 5801 Θήϐας
3515 5727 3661 5784 κατὰ

2085 5822 2291 5894 μάχην,
2324 5814 2394 5893 ἦς
2414 5815 2556 5895 ἦρχε
2589 5822 2906 5887 Παυσανίας
2947 5822 2976 5876 ὀ
3011 5822 3164 5893 σφῶν
3195 5821 3473 5895 βασιλεὺς,
3514 5820 3661 5880 alti.-
