4090 6416
763 0 1551 16 *ᾟ-ωΜ--μη--ν-

378 377 480 443 371

1053 381 1469 443 EUSTATHII
1512 374 2263 440 THESSALONICENSIS
2295 379 2852 442 METROPOLITJE

3530 383 3638 450 372

379 497 596 566 εῐρηται
632 494 664 566 ἢ
713 496 866 567 παρὰ
914 495 972 550 1b
1028 496 1206 550 λύειν
1250 497 1400 564 ἀρὰς
1424 534 1442 560 ,
1473 494 1554 559 οἷς
1585 496 1724 566 πρὸς
1752 497 1948 570 ἡδονὴν
1980 498 2029 557 Δ
2055 494 2195 566 ὁμοῦ
2227 497 2474 564 ίνδικτοι,
2505 500 2666 553 τοῦτο
2711 500 2922 570 ἑκάστη
2969 519 3076 554 των
3125 502 3499 573 Ολυμπιάδων
3525 511 3640 586 τοῖς

379 588 625 654 γλυκέως
655 588 1058 659 άρμόττεται,ἢ
1090 589 1240 660 παρὰ
1257 589 1318 642 τὸ
1347 591 1594 660 μυθικῶς
1623 592 1704 653 εἰς
1731 592 1958 661 λύτρον

381 679 916 748 καταλλακτήρων
948 681 1238 750 εὑρεθῆναι
1269 682 1371 736 ὑπὸ
1401 683 1606 754 Ἐρμοῦ
1657 683 1956 754 δςιχέλυν,

380 771 409 824 δ
443 773 557 824 ἐστι
589 772 817 839 λύραν,
863 773 922 840 ἐξ
968 774 1240 845 ὀστράκου
1292 775 1647 831 συντεθεῖσαν
1692 776 1960 848 χελώνης,

381 863 507 927 δυὺεῖ
538 863 614 933 τῷ
659 863 835 930 Φοίϐῳ
889 867 1012 921 ἀντὶ
1064 867 1204 938 βοῶν
1257 868 1487 939 κλοπῆς,
1535 869 1710 934 οὕτως
1733 869 1962 923 ἐλύσατο

384 953 566 1025 ἐαυτῷ
604 955 696 1008 τὸν
728 956 871 1027 ὑπὲρ
910 956 1008 1011 τοῦ
1045 959 1365 1030 κλέμματος
1393 959 1572 1032 χόλον,
1611 960 1834 1029 λέγουσι
1865 961 1964 1014 καὶ

383 1043 525 1097 αὐτὰ
553 1046 604 1098 οί
636 1046 882 1103 παλαιοί.

449 1175 545 1234 λε’.
589 1179 772 1232 ἰστέον
798 1178 857 1234 δὲ
887 1181 1006 1247 καὶ,
1058 1182 1164 1249 ὅτι,
1193 1185 1478 1256 τεσσάρων
1505 1186 1673 1242 ὅντων
1691 1186 1964 1258 πριωνύ·

387 1283 506 1335 μων
554 1269 784 1338 ἀγώνων
822 1270 1193 1345 Ἑλληνικῶν,
1239 1277 1290 1330 οἳ
1340 1279 1435 1330 καὶ
1468 1279 1606 1349 ἱεροὶ
1635 1279 1951 1347 ἐκαλοῦντο,

385 1358 478 1422 οὓς
505 1362 553 1414 οἰ
587 1363 849 1428 νικῶντες
884 1365 1137 1434 ἠξιοῦντο
1173 1368 1333 1438 λόγου
1377 1374 1488 1433 τοῖς
1520 1375 1784 1444 λυρικοῖς,
1809 1373 1962 1442 πρώ-

384 1467 510 1515 τους
535 1451 785 1517 ἐξέθεντο
819 1456 867 1508 οἰ
903 1455 979 1527 τῷ
1007 1458 1260 1530 Πινδάρῳ
1290 1461 1434 1528 φίλοι
1479 1462 1615 1532 πρὸς
1659 1464 1966 1532 ἀνάγνωσιν

382 1542 511 1608 τοὺς
549 1544 1010 1614 Ὀλυμπιονίκας,
1051 1549 1141 1604 διὰ
1170 1552 1232 1604 τὸ
1257 1552 1352 1606 τοῦ
1377 1553 1713 1624 Ὀλυμπικοῦ
1756 1556 1966 1624 ἀγῶνος

385 1635 530 1690 πάνυ
589 1636 824 1706 ἔνδοξον,
885 1633 948 1693 οὗ
1008 1641 1109 1712 τὴν
1175 1643 1322 1698 θέσιν
1374 1647 1824 1717 σεμνο).ογοῦντες
1859 1651 1967 1702 τῶν

381 1741 529 1788 τινες
553 1728 818 1783 παλαιῶν.
844 1731 923 1794 εἰς
941 1732 1009 1784 τά
1043 1733 1182 1786 κατὰ
1211 1736 1426 1788 Πέλοπα
1453 1739 1546 1790 καὶ
1581 1741 1846 1808 Οἰνόμαον
1873 1742 1968 1793 αὐ-

385 1818 483 1886 τὴν
531 1817 916 1888 ἀναφέρουσιν,
946 1821 1022 1885 ὡς
1079 1823 1289 1878 ἐκεῖθεν
1318 1829 1510 1897 χρόνου
1539 1829 1844 1898 ἀρξαμένου
1874 1830 1966 1885 τοῦ

383 1907 494 1962 τῶν
534 1907 854 1979 Ὀλυμπίων
894 1913 1105 1981 ἀγῶνος
1126 1931 1139 1944 ·
1169 1917 1307 1986 πρὸς
1355 1918 1384 1972 ὃ
1413 1922 1968 1991 οἱδυσαρεστούμενοί

385 2012 575 2064 φασιν,
600 1998 677 2062 ὡς
720 2001 953 2072 αἰσχρὰν
981 2003 1152 2070 οὕτως
1192 2006 1358 2061 οὖσαν
1383 2013 1449 2079 τῇ
1486 2013 1635 2083 αἰτίᾳ
1675 2014 1774 2082 τὴν
1818 2014 1967 2067 θέσιν

381 2087 482 2141 οὐκ
505 2090 570 2145 ἂν
595 2088 924 2159 διεφύλαξαν
948 2097 999 2149 οἰ
1025 2097 1264 2168 ἀρχαῖοι,
1295 2101 1405 2153 οὐδ’
1433 2102 1497 2154 ἂν
1526 2105 1856 2172 παρέμεινεν
1888 2110 1967 2168 εἰς

382 2179 525 2234 οὕτω
554 2185 768 2256 μακρὸν
796 2186 939 2255 ἱερὸς
957 2187 1247 2260 λεγόμενος
1265 2193 1474 2260 όάγὼν,
1500 2193 1584 2262 ἐφ’
1605 2189 1687 2258 οἷς
1707 2196 1768 2248 οὐ
1793 2199 1969 2252 τοιού-

379 2273 474 2337 τός
510 2275 628 2330 ἐστι
683 2277 772 2332 διὰ
813 2279 872 2332 τὸ
911 2280 1034 2333 κατ’
1073 2282 1254 2337 αἰτίαν
1286 2280 1500 2354 αῐσχος,
1532 2287 1617 2357 ἐφ’
1648 2283 1966 2362 ᾖτέθειτοι,

381 2365 527 2435 ἥπερ
555 2367 702 2420 ἐστὶν
728 2367 866 2453 ἔρως
921 2371 1306 2443 Ἱπποδαμείας
1335 2379 1431 2432 κα²ι
1495 2381 1658 2449 φόνος
1689 2384 1962 2454 Οἰνομάου

383 2460 697 2530 περίεργος.
727 2449 946 2534 Ἕτερον.
987 2467 1042 2520 δὲ
1099 2470 1181 2533 είς
1223 2467 1500 2543 Ἠρακλῆν
1557 2449 1831 2544 ἀνάγουσι-
1865 2479 1964 2548 τὴν

379 2550 477 2606 τοῦ
521 2553 859 2626 Ὀλυμπικοῦ
884 2559 1094 2628 ἀγῶνος
1124 2563 1451 2637 καταϐολὴν,
1483 2567 1627 2622 καθὰ
1655 2570 1750 2622 καὶ
1778 2569 1965 2637 amv-

381 2646 545 2716 δαρος
572 2648 908 2721 ἐνδοξότερον
943 2651 1105 2706 αὐτὸν
1137 2657 1352 2726 κοσμεῖ.
1402 2658 1554 2712 Ἐπεὶ
1585 2660 1693 2730 γὰρ
1722 2664 1821 2734 τὴν
1851 2663 1962 2717 A6-

380 2739 508 2806 γέου
541 2740 749 2812 κόπρον
775 2743 1023 2814 καθήρας
1058 2746 1159 2799 οὐκ
1177 2747 1334 2820 ἔτυχε
1363 2750 1475 2804 τῶν
1505 2754 1954 2825 ἐπηγγελμένων,

384 2833 710 2900 συναγαγών
740 2852 874 2904 φασι
907 2840 1288 2909 στρατόπεδον,
1309 2843 1402 2897 τόν
1426 2861 1485 2896 τε
1513 2846 1728 2915 Αὐγέαν
1744 2847 1961 2920 ἀπάγει

382 2923 490 2978 τοῦ
514 2922 640 2993 ζῇν,
678 2927 773 2981 καὶ
803 2927 900 2999 τὴν
922 2925 1084 2985 *Ηλιν
1110 2933 1493 3001 παρίσταται,
1523 2936 1691 3007 ήγουν
1730 2941 1957 3008 πορθεῖ.

383 3016 494 3070 Καὶ
528 3017 700 3072 πολλά
737 3018 958 3091 λάφυρα
998 3028 1529 3098 περιποιησάμενος,
1555 3029 1748 3097 ἀγῶνα
1773 3031 1958 3103 τίθησι

380 3110 494 3171 τοίς
533 3109 653 3179 μετ’
685 3110 856 3166 αὑτοῦ
910 3114 1282 3187 πολεμήσασι.
1336 3120 1446 3174 Καὶ
1489 3123 1549 3176 τὸ
1583 3122 1706 3188 ἔθος
1740 3125 1956 3180 ἐκεῖθεν

379 3199 673 3270 διέμεινεν.
704 3204 770 3258 Ol
816 3205 874 3258 δέ
911 3207 1047 3278 μηδέ
1100 3209 1238 3281 πρὸς
1287 3210 1446 3266 τοῦτο
1497 3215 1956 3288 εύαρεστούμενοί
1985 3205 2032 3268 C

382 3309 548 3362 φασιν
571 3335 588 3362 ,
621 3295 698 3361 ὡς
745 3298 867 3352 οὐδὲ
909 3299 1051 3371 αὕτη
1085 3301 1304 3372 ἔμεινεν
1352 3305 1420 3359 ἂν
1458 3307 1491 3377 ή
1529 3307 1798 3372 διάθεσις,
1832 3311 1957 3363 ἐπεὶ

379 3385 701 3458 δυσχερείας
739 3394 1135 3463 πραγματικῆς
1163 3391 1232 3467 ἦν
1281 3397 1590 3469 ὑπόμνησις
1609 3414 1624 3430 ·
1653 3401 1792 3454 ἀλλὰ
1820 3403 1960 3471 μᾶλ-

381 3478 473 3530 λον
511 3479 720 3548 Ἰφιτός
771 3499 906 3551 φασι
952 3486 1046 3538 καὶ
1096 3485 1406 3560 Εὐρύλοχος
1476 3491 1603 3554 τοὺς
1656 3492 1959 3564 Κιρραίους

378 3571 936 3643 καταπολεμήσαντες
971 3575 1176 3647 λῃστὰς
1200 3617 1218 3643 ,
1265 3581 1365 3649 τὴν
1397 3581 1671 3652 παράλιον
1699 3583 1800 3652 τῆς
1842 3585 1958 3638 Φωο

380 3660 531 3724 κίδος
563 3662 920 3734 κατέχοντας,
952 3668 1048 3720 καὶ
1075 3668 1249 3722 πολλὰ
1274 3670 1335 3736 ἐξ
1371 3672 1554 3726 αὐτῶν
1584 3674 1805 3746 λάφυρα
1832 3692 1956 3729 συν-

378 3753 770 3822 αναγαγόντες,
797 3757 827 3808 ὁ
875 3757 973 3825 μὲν
1004 3759 1213 3828 Ἴφιτος
1260 3763 1330 3816 τὰ
1396 3763 1672 3834 Ὀλύμπια
1719 3768 1958 3822 κατεδά-

377 3843 524 3910 λετο,
565 3847 636 3899 τά
674 3847 849 3901 Πύθια
885 3850 944 3903 δὲ
974 3851 1005 3903 ό
1051 3852 1380 3925 Εὐρύλοχος.
1414 3857 1524 3911 Καὶ
1553 3861 1890 3932 παρέμεινεν
1921 3866 1956 3934 ή

379 3936 530 4001 θέσις
559 3937 725 4011 αὕτη,
765 3940 842 4006 ὡς
888 3943 998 3998 ἀπὺ
1047 3944 1261 4011 ἐνδόξου
1289 3949 1473 4014 αἰτίας
1507 3949 1708 4021 ἔχουσα
1736 3953 1838 4026 τὴν
1859 3956 1958 4027 ἁρ-

378 4046 503 4100 χην.

448 4164 562 4230 λς’.
615 4165 742 4220 Ὀτι
803 4166 861 4222 δὲ
916 4168 1060 4224 κατὰ
1109 4174 1540 4244 πενταετηρίδας
1605 4177 1841 4234 ἐτελεῖτο
1887 4181 1957 4236 τὰ

391 4257 693 4329 Ὀλύμπια,
724 4259 814 4318 διὰ
847 4261 907 4315 1b
943 4263 1084 4318 πάνυ
1120 4265 1406 4336 πόρρωθεν
1446 4269 1804 4340 συλλέγεσθαι
1844 4275 1955 4330 τῶν

377 4349 688 4407 ἀθλούντων
733 4353 962 4421 πολλούς
987 4372 1001 4388 ο
1036 4358 1129 4412 καὶ
1164 4359 1240 4423 ὠς
1279 4361 1616 4418 αἱτοιαῦται
1652 4381 1954 4440 πενταετη-

380 4444 524 4512 ρίδες
563 4445 656 4499 καί
699 4445 1060 4517 Ὀλυμπιάδες
1109 4451 1358 4520 ἐλέγοντο
1391 4457 1455 4507 ἐκ
1493 4455 1592 4525 τῆς
1637 4456 1955 4528 Ὀλυμπίων

2062 591 2271 646 πάλαι·
2302 591 2400 644 καὶ
2437 591 2551 644 ὅσοι
2583 589 2640 644 δέ
2692 587 2848 646 ἆθλοι
2883 592 2974 646 τὸν
2995 593 3369 664 Ὀλυμπιακὸν
3415 601 3640 652 συνετέ-

2061 683 2189 737 λουν
2211 682 2422 752 ἀγῶνα,
2446 683 2671 755 δηλοῦσι
2705 683 2804 753 μὲν
2835 685 2931 738 καὶ
2961 685 3012 738 οῑ
3043 686 3268 740 παλαιοὶ
3295 691 3509 758 σαφῶς,
3543 694 3638 745 καὶ

2061 778 2094 848 ή
2133 778 2471 849 προκειμένη
2501 777 2556 829 δὲ
2598 779 2974 852 παρεκδολικὴ
3016 783 3376 850 πραγματεία
3407 785 3640 854 ἐκφανεῖ

2063 869 2211 926 ἆπαν
2242 869 2484 924 τοιοῦτον
2515 869 2666 934 ἄξιον
2697 871 2976 940 γνώσεως.

2135 1006 2236 1071 λζ’,
2284 1006 2402 1060 Νῦν
2432 1007 2490 1060 δὲ
2530 1006 2730 1079 ῥητέον
2787 1010 2871 1064 ὅτι
2913 1009 2970 1062 1b
3003 1009 3296 1080 λεγόμενον
3343 1013 3640 1069 πένταθλον

2064 1097 2210 1152 οὕτω
2253 1097 2668 1170 περιγράφεται
2703 1099 2893 1170 μέτρῳ
2933 1099 3180 1172 ιαμσικῷ
3204 1117 3224 1133 .

2210 1239 2429 1307 Ἀλμα,
2451 1236 2638 1306 πάλη,
2669 1237 2988 1309 δίσκουμα,
3026 1238 3242 1306 κοντὸς
3270 1241 3368 1295 καί
3395 1242 3637 1312 δρόμος.

2066 1373 2178 1427 Καὶ
2217 1372 2419 1442 ἑτέρως
2449 1371 2506 1424 δὲ
2550 1371 2716 1444 ήρῴῳ
2753 1373 2972 1446 μέτρῳ·

2067 1507 2257 1587 ‘3}..ng
2285 1507 2751 1587 ποδὸςηδιξσκομ
2781 1528 2846 1565 τε
2860 1513 3148 1587 βοξίὴ-καί
3173 1516 3427 1584 ἄκοντος
3465 1519 3640 1587 ἐρωὴ,

2064 1579 2173 1632 Καὶ
2205 1579 2448 1650 δρόμος.
2478 1580 2590 1648 ἠδὲ
2634 1582 2798 1650 πάλη
2822 1599 2836 1613 ⁸
2881 1585 2993 1654 μία
3013 1579 3076 1638 δ’
3102 1585 3325 1643 ἔπλετο
3367 1579 3518 1732 atii-1
3555 1579 3644 1728 τιιὲζ

3430 1701 3440 1713 .
3469 1678 3602 1715 ευτγ
3626 1702 3639 1716 .

2138 1787 2240 1858 λη’.
2268 1789 2388 1842 Ἔτι
2423 1790 2598 1844 ἰστέον
2623 1791 2720 1844 καὶ
2775 1791 2857 1845 ὅτι
2889 1791 2948 1844 1b
2978 1793 3037 1846 ἐν
3071 1795 3185 1858 τοῖς
3217 1796 3482 1862 ἐπινίκοις
3515 1800 3645 1852 Πιν-

2001 1867 2044 1923 Β
2072 1880 2293 1951 δαρικδν
2331 1881 2530 1950 μέτρον
2575 1885 2742 1951 τριὰς
2788 1883 3053 1939 ἐκαλεῖτο,
3088 1881 3197 1938 Ἦν
3226 1887 3283 1940 δὲ
3323 1890 3380 1941 ἐν
3424 1889 3500 1959 τῷ
3540 1908 3644 1943 κο.-

2072 1972 2227 2026 θόλου
2267 1972 2491 2049 τοιαύῖη
2550 1974 2708 2042 τριὰς
2757 1975 2966 2044 ποίημα
2992 2015 3006 2038 ,
3057 1977 3114 2030 ἐν
3160 1970 3239 2044 ᾧ,
3273 1979 3416 2033 καθὰ
3451 1983 3549 2034 καὶ
3586 1985 3643 2034 ἐν

2068 2066 2182 2128 τοῖς
2216 2063 2310 2118 τοῦ
2347 2063 2616 2133 Κωμικοῢ
2647 2064 2926 2135 δηλοῦται,
2978 2065 3094 2120 ἔστι
3130 2071 3340 2140 στροφὴ
3369 2072 3464 2124 καὶ
3493 2073 3645 2127 ἀντί-

2069 2174 2305 2230 στροφος
2328 2158 2424 2213 καὶ
2451 2157 2686 2229 ἐπῳδός·
2728 2161 2856 2231 περὶ
2891 2153 2966 2215 ὧν
2994 2162 3087 2214 καὶ
3125 2162 3174 2214 οί
3205 2163 3304 2235 τῆς
3336 2165 3641 2237 ῥητορικῆς

2067 2250 2264 2320 τέχνης
2303 2250 2793 2320 ὑπομνηματιαταὶ
2838 2252 3271 2323 διαλαμϐάνουσι
3305 2261 3642 2325 σαφέστατα.

2068 2342 2237 2409 Δῆλον
2268 2340 2325 2393 δέ
2353 2340 2484 2395 ἔνθα
2511 2343 2620 2395 εἰσ)⁴
2642 2342 2711 2395 τὰ
2735 2345 2865 2413 τρία
2891 2344 3084 2409 ταῦτα,
3109 2347 3142 2415 ή
3179 2347 3388 2417 στροφὴ
3416 2349 3642 2419 δηλαδὴ,

2066 2435 2099 2502 ή
2131 2433 2492 2504 ἀντίστροφος
2525 2434 2621 2488 καὶ
2659 2438 2686 2488 ὁ
2716 2435 2948 2507 ἐπῳδὸς,
2997 2439 3117 2491 ἐκεῖ
3170 2439 3267 2492 καὶ
3323 2442 3477 2510 χοροί
3511 2443 3642 2509 εἰσι,

2068 2529 2452 2598 στρεφόμενοι,
2486 2531 2582 2583 καὶ
2613 2530 3125 2602 ἀντιστρεφόμενοι,
3177 2534 3271 2586 καὶ
3320 2534 3409 2588 διὰ
3461 2537 3646 2606 μέσων

2065 2619 2392 2691 ἐπᾴδοντες,
2438 2621 2534 2676 καί
2587 2622 2649 2675 1b
2705 2623 3008 2692 στάσιμον·
3068 2624 3181 2677 εἴτε
3235 2624 3447 2679 κύκλιοι
3497 2625 3645 2680 οὗτοί

2064 2712 2223 2777 εἰσιν,
2251 2711 2347 2777 οὓς
2365 2714 2413 2766 οἰ
2449 2712 2668 2784 ᾄδοντες
2691 2714 3164 2786 ᾀσματοκάμπται
3193 2716 3540 2771 σκώπτονται
3567 2718 3644 2788 τῷ

2063 2798 2337 2874 Κωμίκῷ,
2369 2806 2480 2857 εἴτε
2529 2806 2627 2858 καὶ
2674 2807 2942 2876 ἑτεροῖον
2988 2801 3066 2860 ὧν
3102 2808 3198 2861 καὶ
3238 2809 3419 2863 αὐτῶν
3469 2812 3644 2882 ίδμων

2065 2897 2291 2952 πάντων
2317 2899 2345 2951 ὀ
2379 2897 2680 2968 Πίνδαρος,
2716 2899 2871 2953 οὐδὲν
2924 2899 2985 2952 δὲ
3035 2896 3203 2973 ἦττον
3254 2901 3426 2956 αὑτοῦ
3487 2905 3581 2956 καὶ
3613 2907 3642 2958 ό

2061 2987 2287 3058 κοσμῶν
2315 2988 2482 3041 αὑτὸν
2522 2990 2815 3060 χοροποιὸς
2867 2990 3086 3060 Αἰνέας,
3112 2993 3242 3062 περί
3275 2985 3337 3046 οὗ
3375 2994 3480 3063 πρὸ
3517 2995 3643 3065 βρα-

2060 3079 2203 3149 χέων
2228 3079 2470 3149 είρηται.
2517 3080 2643 3134 Ὅτι
2695 3081 2752 3136 δὲ
2807 3083 2858 3136 οἰ
2902 3083 3226 3154 Πινδαρικοὶ
3269 3085 3530 3140 ἐπινίκιοι
3572 3089 3640 3157 τῇ

2063 3172 2352 3242 προσεχῶς
2373 3172 2720 3246 δεδηλωμένη
2749 3175 2929 3242 τριάδι
2955 3175 3292 3245 ἐναλλάγδην
3326 3177 3644 3234 συντελοῦν-

2059 3281 2151 3319 ται
2184 3265 2309 3319 κατ’
2340 3265 2663 3320 ἀκολουθίαν
2685 3267 3051 3320 εὐσύντακτον
3081 3269 3420 3338 ἐναρμόνιον,
3445 3271 3510 3340 ἦν
3542 3270 3642 3324 οὐκ

2059 3359 2175 3410 ἐστι
2213 3359 2549 3428 παραϐῆναιο
2579 3361 2674 3413 καὶ
2709 3361 2842 3422 οἵοις
2869 3360 2998 3414 ποσὶ
3033 3361 3128 3414 καὶ
3162 3361 3388 3430 μέτροις
3421 3365 3456 3434 ή
3490 3365 3640 3417 τοιά-

2056 3449 2114 3504 δε
2149 3449 2312 3519 τριὰς
2351 3450 2663 3520 ἑκασταχοῦ
2695 3452 3091 3521 ἀπαρτίζεται,
3131 3454 3449 3521 σαφέστατα
3484 3457 3639 3508 ἐκτί-

2058 3542 2246 3594 θενται
2270 3543 2319 3594 οἰ
2351 3542 2972 3612 ὑπομνηματισάμενοι,
3002 3539 3084 3607 οἷς
3124 3544 3224 3596 καὶ
3266 3543 3417 3597 ἐστιν
3463 3545 3638 3614 εὐμα-

2059 3631 2169 3696 θῶς
2210 3633 2528 3687 ἀκολουθεῖν
2554 3635 2681 3698 τοὺς
2706 3635 3096 3705 περιελθόντας
3131 3639 3545 3702 ἐπισκεπτικῶς
3577 3640 3641 3692 τὸ

2056 3729 2150 3784 τοῦ
2189 3727 2586 3799 Ἡφαιστίωνος
2621 3733 2882 3802 μετρικδν
2929 3733 3271 3804 ἐγχειρίδιον.
3319 3737 3464 3791 Ἀλλ’
3494 3740 3640 3791 ἐκεῖ·

2056 3841 2126 3878 να
2161 3823 2260 3893 μὲν
2297 3825 2486 3895 ἐτέρου
2541 3823 2710 3896 ἔργου
2736 3842 2750 3854 ·
2791 3825 3027 3881 ἐνταῦθα
3072 3828 3132 3881 δὲ
3164 3827 3226 3881 1b
3275 3833 3642 3900 προκείμενον

2055 3914 2341 3978 ἐπέλευσις
2367 3916 2469 3969 οὐκ
2504 3916 2841 3987 ἀσυνήθης,
2879 3917 2947 3970 τὰ
2998 3917 3063 3972 ἐκ
3116 3918 3228 3972 τῶν
3294 3919 3640 3990 Πινδαρικῶν

2056 4007 2342 4063 ἐπινικίων
2373 4007 2714 4076 συλλέγουσα
2759 4010 3013 4081 χρήσιμα
3055 4013 3136 4074 εἰς
3189 4012 3401 4082 εἴδησιν
3434 4013 3642 4084 εὔχρη-

2059 4115 2184 4152 στον
2209 4101 2321 4162 τοῖς
2350 4100 2447 4154 καὶ
2473 4101 2707 4171 γράφειν
2739 4100 2836 4153 καὶ
2883 4101 3060 4166 ἄλλως
3093 4103 3148 4156 δέ
3191 4120 3311 4163 πως
3343 4109 3486 4159 νοεῖν
3524 4107 3642 4162 ἐθέ-

2059 4193 2233 4257 λουσι,
2269 4193 2365 4245 καὶ
2397 4192 2560 4244 τοῦτο
2590 4193 2651 4245 οὐ
2680 4193 2822 4246 κατὰ
2859 4194 3322 4269 ὑπομνηματικην
3357 4197 3640 4270 ἐξήγησιν,

2058 4284 2178 4338 ἀλλ’
2209 4287 2287 4349 εἰς
2314 4287 2442 4338 ὅσον
2469 4288 2533 4338 ἐκ
2564 4285 2914 4343 πλατυτάτου
2951 4288 3221 4360 λειμῶνος
3251 4292 3639 4363 ἀνθολογῆσαι,

2056 4376 2160 4431 ὅσα
2184 4375 2283 4429 οὐκ
2316 4376 2385 4431 ἂν
2420 4379 2646 4431 πατοῖτο
2680 4379 2714 4449 ἢ
2768 4378 2949 4444 ἄλλως
2984 4381 3358 4452 ἐξαθερίζοιτο
3406 4389 3522 4450 τοῖς
3575 4403 3641 4455 γε

2061 4465 2378 4534 φιλοκάλοις
2442 4468 2538 4522 καὶ
2585 4467 2752 4523 εἰδόσι
2813 4469 2884 4524 τὰ
2940 4470 3052 4526 τῶν
3097 4473 3333 4528 Μουσῶν
3365 4475 3640 4545 στεφανὼ-

377 4535 763 4607 πανηγύρεως,
816 4539 886 4612 ἢν
945 4543 1040 4595 ἐπὶ
1085 4544 1371 4616 Ὀλυμπίῳ
1422 4541 1562 4617 ἦγον
1609 4549 1714 4615 Διὶ,
1746 4549 1823 4618 τῷ
1851 4549 1946 4604 τοῦ
1981 4558 2026 4614 ι)
2058 4573 2230 4627 ματα.

390 4627 716 4700 Ἡρακλέους
743 4633 911 4686 πατοί
932 4648 947 4664 °
971 4637 1065 4688 καὶ
1090 4636 1192 4700 ὄτι,
1216 4636 1354 4706 ὅπερ
1382 4639 1494 4701 τοῖς
1527 4636 1755 4709 ὕστερον
1782 4640 1944 4696 πέντε
