4090 6418
441 295 546 359 375

1133 293 1559 358 EUSTATHII
1594 293 2359 366 THESSALONICENSIS
2399 304 2972 372 METROPOLITIE

3591 303 3702 373 376

508 409 562 463 ‘5.
615 405 756 472 Quid
811 405 944 460 mihi
1021 418 1152 462 vero
1202 406 1620 464 discurrendum
1675 422 1772 478 per
1817 409 1998 482 singul

2102 460 2108 474 .
2207 419 2276 490 γ’.
2309 421 2376 476 Τί
2400 421 2457 475 δέ
2484 435 2576 491 μοι
2620 419 2932 488 ἐπεξελθεῖν
2966 421 3110 478 κατά
3155 419 3328 493 μέρος
3375 420 3493 487 τοῖς
3519 420 3704 476 τοιού-

441 498 630 554 talium
663 511 860 568 magna
897 510 964 552 ex
991 506 1144 568 parte
1174 497 1464 565 bonorum,
1501 514 1624 554 cum
1657 499 1800 555 bene
1841 502 2024 558 scien-

439 592 587 648 tibus
612 590 858 649 indicare
879 588 1132 654 sufficiat,
1157 590 1298 659 quod
1325 589 1636 661 huiusmodi
1658 591 2025 648 simulationis

439 683 653 756 species
683 681 1053 738 omnimodam
1082 695 1148 736 ex
1181 681 1412 737 historia
1453 681 1707 738 virtutem
1761 692 1816 742 et
1861 683 2023 739 mali-

438 777 569 832 tiam
602 775 857 832 visendas
899 788 964 828 ac
1022 772 1326 829 audiendas
1377 775 1615 844 antiquis
1662 777 2021 846 proponebat,

435 878 495 924 ut
519 868 663 922 illam
704 866 926 936 quidem
986 863 1304 934 probarent,
1354 865 1495 922 banc
1515 880 1644 922 vero
1698 866 2024 936 rejicerent?

437 957 648 1015 Bonum
687 958 794 1014 hoc
826 956 1025 1012 exinde
1058 954 1277 1011 transiit
1307 957 1374 1011 ad
1398 965 1672 1026 posteros,
1713 967 1772 1011 ut
1797 972 1903 1013 non
1931 973 2023 1014 so-
2052 998 2058 1002 -

435 1051 542 1106 Iuni
571 1064 602 1106 e
641 1048 952 1104 viventibus
981 1058 1298 1103 mutuemur
1320 1048 1448 1103 boni
1488 1048 1772 1104 scientiam
1796 1065 1812 1116 ;
1846 1049 1939 1105 sed
1965 1057 2020 1105 et

431 1157 555 1198 cum
592 1141 821 1196 mortuis
847 1153 942 1208 per
963 1138 1105 1194 hanc
1140 1139 1566 1195 transactionem
1609 1148 2018 1209 conversantes,

431 1238 601 1286 vitam
620 1228 806 1284 virtuti
831 1241 1127 1296 congruam
1155 1227 1540 1298 adipiscamur.
1560 1228 1627 1282 Et
1660 1228 1784 1283 talis
1799 1229 2016 1300 quidem

430 1331 552 1379 erat
615 1331 745 1378 tunc
791 1319 1007 1377 scenica
1068 1319 1482 1388 demonstratio,
1539 1337 1662 1377 cum
1734 1323 2018 1380 rationalis

431 1425 580 1472 esset
609 1427 974 1486 personarum
1001 1420 1055 1467 et
1083 1413 1360 1467 actionum
1393 1412 1647 1480 imitatio,
1692 1421 1747 1468 et
1792 1413 1846 1468 in
1898 1415 2020 1472 istis

431 1507 754 1577 qualitatum
832 1501 1161 1572 ﬂorilegium
1213 1503 1280 1557 ad
1337 1503 1709 1558 studiosorum
1773 1503 2020 1575 discipli-

432 1612 582 1653 nam.
619 1594 686 1649 Et
709 1601 827 1650 erat
857 1591 1018 1662 hujus
1063 1591 1324 1660 temporis
1356 1601 1508 1647 actor
1530 1594 1786 1650 scenicus
1835 1595 2019 1652 omnis

431 1685 655 1742 virtutis
686 1693 1015 1755 praeceptor,
1039 1680 1390 1736 introducens
1413 1683 1628 1750 quidem
1661 1683 1717 1738 in
1744 1685 2014 1740 theatrum

437 1779 605 1834 etiam
661 1773 991 1829 malitiarum
1039 1781 1216 1842 typos,
1277 1786 1384 1827 non
1431 1782 1489 1827 ut
1531 1777 1652 1842 quis
1700 1787 1886 1830 earum
1935 1775 2019 1830 in-

431 1872 622 1926 dueret
637 1867 888 1931 formam,
930 1863 1027 1920 sed
1057 1873 1117 1918 ut
1149 1864 1320 1932 ipsam
1341 1875 1705 1920 aversaretur.
1751 1863 1821 1921 Ut
1853 1867 2014 1923 aliter

431 1962 632 2027 dicam,
665 1958 844 2030 quoad
867 1957 1082 2012 vultum
1119 1955 1372 2022 mendax,
1407 1955 1462 2011 in
1497 1957 1812 2027 magisterio
1843 1973 2012 2015 verax

429 2066 589 2120 erat;
622 2060 678 2106 et
715 2057 970 2122 poterant
1024 2057 1364 2120 spectatores
1393 2059 1523 2104 tunc
1576 2049 1678 2105 sibi
1731 2048 2010 2108 lucrosum

429 2147 659 2202 reddere
708 2141 1049 2198 mendacium
1093 2150 1150 2196 et
1191 2139 1324 2194 illud
1385 2140 1679 2210 laudabile,
1727 2142 1820 2198 ubi
1868 2144 2011 2214 quod

426 2235 659 2307 spissum
678 2243 734 2289 et
755 2232 1012 2290 sensibile
1029 2242 1166 2296 erat,
1189 2232 1402 2287 veritati
1418 2248 1522 2288 non
1547 2243 1664 2288 crat
1682 2250 2007 2306 congruum;

425 2330 572 2400 quod
627 2337 807 2383 autem
866 2326 934 2380 ad
975 2325 1301 2381 sententiam
1331 2324 1666 2381 enuntiatam
1705 2328 2006 2397 spectabat,

424 2425 621 2481 animae
648 2420 892 2492 quaedam
920 2425 1038 2473 erat
1071 2416 1262 2487 ﬁgura.

493 2517 550 2574 4.
597 2514 713 2568 Dici
741 2525 871 2568 vero
901 2524 1118 2581 quoque
1151 2517 1328 2579 potest
1355 2509 1618 2580 ejusmodi
1643 2517 1802 2566 actor
1851 2513 2006 2581 quasi

423 2606 798 2666 substantivus
837 2615 1044 2657 sermo.
1112 2599 1355 2670 Corpore
1411 2614 1646 2671 namque
1708 2611 2007 2672 personato

421 2710 649 2770 prorsus
682 2697 864 2760 hctus,
887 2691 1196 2762 disciplinis
1229 2692 1661 2748 substantialiter
1695 2697 2000 2764 constabat,

420 2801 478 2850 et
507 2791 694 2862 aliquo
726 2789 887 2843 modo
923 2785 1213 2841 videbatur
1245 2785 1337 2840 ille
1369 2785 1648 2841 inhaerens
1685 2788 1885 2844 animis
1910 2791 2005 2845 lte-

421 2885 618 2950 roicis,
673 2897 704 2936 a
756 2879 953 2950 quibus
1007 2878 1221 2933 fortiter
1264 2877 1559 2948 inspiratus
1604 2879 2004 2953 edocebat_au-

419 2977 648 3033 ditores.
693 2970 1021 3027 Rectissime
1050 2969 1212 3026 etiam
1251 2969 1455 3026 dixeris
1490 2971 1638 3025 illum
1680 2981 1740 3026 ut
1767 2974 1998 3030 monito-

420 3082 558 3133 rem,
589 3064 810 3119 .alienos
861 3073 1147 3116 sermones
1203 3059 1340 3114 bene
1385 3061 1844 3118 transmittentem
1897 3080 2001 3121 au-

419 3159 736 3224 dientibus;
799 3155 915 3210 sive
953 3155 1110 3226 quasi
1168 3153 1481 3220 bifrontem,
1521 3173 1552 3213 e
1585 3158 1825 3216 vultibus
1841 3177 2001 3230 ,uno,

415 3253 519 3308 etsi
553 3265 659 3306 non
708 3247 988 3319 quomodo
1036 3246 1250 3302 celeber
1319 3245 1512 3314 ianus,
1557 3259 1836 3319 utentem;
1888 3253 2006 3309 sive

420 3343 712 3413 quemdam
733 3339 1023 3410 duplicem,
1041 3339 1145 3396 etsi
1165 3339 1322 3395 aliter
1334 3355 1498 3411 quam
1515 3340 1837 3400 Molionidte.
1865 3345 2005 3402 Ima-

420 3436 698 3507 ginaretur
729 3430 925 3500 aliquis
953 3434 1008 3485 in
1042 3430 1165 3496 Illo,
1199 3432 1733 3502 metempsychoseos
1759 3437 1998 3504 nomine,

421 3532 797 3598 portentosam
848 3521 1297 3578 transfusionem.
1357 3524 1460 3590 Qui
1501 3539 1627 3580 vero
1653 3538 1833 3582 mente
1865 3530 2002 3585 sitn-

418 3619 541 3689 plex
578 3625 686 3680 est,
722 3613 869 3668 velut
913 3612 1311 3667 mandatarium
1370 3613 1531 3668 talem
1581 3623 1998 3686 nuncupaverit,

420 3709 671 3783 personis
700 3708 938 3763 heroicis
991 3704 1444 3772 subservientem,
1505 3710 1662 3777 quasi
1719 3727 2001 3769 sermones

411 3809 654 3877 ipsarum
692 3809 748 3856 et
775 3801 1019 3854 actiones
1048 3798 1313 3854 imitando
1344 3801 1695 3870 exprimeret,
1724 3820 1828 3860 non
1855 3805 2001 3876 judi-

417 3911 554 3954 cans
585 3894 800 3964 quidem
845 3889 1150 3946 secundum
1195 3889 1338 3957 illas,
1363 3891 1471 3958 vel,
1513 3902 1572 3947 ut
1611 3894 1754 3950 idem
1795 3897 1998 3966 dicam,

410 3989 728 4044 discernens
748 3983 831 4038 vel
861 3982 1192 4048 decernens,
1213 3989 1270 4037 et
1297 3981 1374 4037 ita
1415 3983 1587 4053 judex
1640 4001 1730 4042 res
1757 3987 1995 4058 ipsarum

409 4077 803 4140 determinatus,
827 4082 883 4128 ut
913 4083 1038 4144 agat
1061 4081 1115 4130 et
1146 4075 1293 4129 dicat
1312 4090 1434 4146 quae
1447 4077 1664 4146 quidem
1689 4079 1796 4136 illae
1815 4083 1996 4152 reipsa

411 4168 667 4225 fecissent
703 4180 764 4220 ac
799 4163 1092 4221 dixissent.
1540 4159 1548 4165 ’

465 4318 537 4396 ⁷5.
575 4324 752 4394 Aliter
786 4339 931 4393 enim
960 4338 1128 4410 judex
1188 4340 1511 4412 simpliciter
1551 4345 1842 4405 diceretur.
1885 4350 1993 4407 Sed

2127 531 2242 578 τοις
2272 515 2353 580 εἰς
2384 515 2548 572 πλέον
2578 518 2828 586 ἀγαθοῖς,
2863 515 2985 569 δέον
3023 513 3084 568 δν
3115 513 3568 586 δποκρούσασθαι
3588 517 3704 577 τοῖς

2127 606 2191 660 εὖ
2217 608 2438 674 εἰδόσιν,
2467 609 2545 672 ὡς
2587 609 2648 662 τὸ
2675 608 2776 680 τῆς
2834 607 3097 678 τοιαύτης
3155 606 3506 676 ὑποκρίσεως
3560 597 3706 666 εἶδος

2129 699 2396 753 παντοίαν
2436 699 2728 771 ἱστορικῶς
2767 700 2974 770 ἀρετήν
3003 715 3064 752 τε
3097 699 3192 752 καὶ
3225 695 3428 751 κακίαν
3466 698 3581 760 τοῖς
3605 696 3706 765 ἀρ-

2124 789 2304 858 χαίοις
2334 787 2547 854 ἐξέθετο
2581 789 2662 855 εῐς
2690 806 2753 844 τι
2788 791 3063 861 πρόοπτον
3100 790 3197 842 καὶ
3229 789 3311 852 είς
3341 789 3600 856 ἐπήκοον,
3627 785 3708 852 ὡς

2121 878 2222 950 τὴν
2241 880 2338 949 μὲν
2359 881 2600 947 ἐκείνους
2621 880 2917 953 αἱρεῖσθαι,
2942 880 3042 952 τὴν
3059 881 3115 935 δὲ
3135 880 3664 952 ἀποπροσποιεῖσθαι
3685 897 3703 948 ;

2128 972 2194 1024 Ὀ
2223 972 2289 1044 δὴ
2310 973 2476 1028 καλδν
2505 975 2720 1030 ἐκεῖθεν
2750 974 2961 1047 κατέϐη
2989 977 3087 1030 καὶ
3111 975 3192 1038 είς
3215 973 3343 1037 τοὺς
3372 975 3697 1044 μετέπειτα,

2123 1065 2212 1120 Eva
2243 1065 2321 1139 μὴ
2351 1067 2519 1138 μόνον
2541 1068 2608 1122 ἐκ
2633 1067 2741 1123 τῶν
2787 1067 3009 1134 ζώντων
3053 1065 3443 1140 ἐρανιζὼμεθα
3471 1066 3572 1138 τὴν
3605 1064 3700 1120 τοῦ

2123 1157 2334 1227 ἀγαθοῦ
2369 1159 2634 1231 μάθησιν,
2685 1160 2822 1216 ἀλλά
2868 1161 2967 1215 καὶ
3020 1163 3237 1230 νεκροῖς
3279 1158 3595 1230 ὁμιλοῦντες
3629 1157 3700 1212 δι’

2123 1251 2470 1323 ὑποκρίσεως
2497 1253 2736 1324 ἐκείνης,
2759 1254 2859 1326 τὴν
2886 1254 3011 1308 κατ’
3030 1252 3232 1324 ἀρετὴν
3262 1252 3410 1323 ζωὴν
3437 1268 3700 1323 προσεπι-

2120 1343 2402 1416 κτώμεθα.
2432 1346 2544 1401 Καὶ
2568 1347 2794 1419 τοιαύτη
2827 1347 2925 1418 μέν
2949 1342 3016 1418 ἧν
3045 1347 3134 1401 ὅτε
3162 1347 3195 1417 ἡ
3219 1345 3548 1418 ὑποκριτικὴ
3577 1345 3700 1398 ἐπί-

2118 1437 2306 1506 δειξις,
2341 1437 2576 1511 μίμησις
2605 1439 2744 1494 οὖσα
2789 1439 3100 1512 προσώπων
3132 1456 3191 1494 τι
3225 1440 3321 1494 καὶ
3351 1440 3699 1512 πραγμάτων

2119 1529 2362 1600 ἐλλογος,
2415 1534 2511 1586 καὶ
2542 1533 2892 1603 ἀνθολόγημα
2923 1532 3024 1604 τῆς
3065 1534 3124 1587 ἐν
3151 1531 3382 1595 ἐκείνοις
3411 1533 3699 1602 ποιότητος

2118 1625 2214 1678 ἐπὶ
2257 1599 2542 1680 παιδεύσει
2593 1623 2704 1678 τῶν
2742 1599 3208 1694 ἐντυγχανόντων.
3245 1623 3355 1677 Καὶ
3400 1618 3470 1695 ἦν
3500 1624 3528 1677 ό
3571 1599 3714 1706 sese:

2051 1749 2096 1808 8
2123 1716 2430 1808 ὑποκριτὴς
2465 1717 2664 1808 ἀρετῆς
2693 1716 2914 1786 ἀπάσης
2946 1715 3290 1783 διδάσκαλος,
3332 1715 3693 1808 παρεισάγων

2125 1809 2226 1880 μέν
2254 1809 2337 1872 είς
2367 1807 2430 1862 τὸ
2487 1807 2716 1879 θέατρον
2747 1808 2844 1861 καὶ
2874 1809 3082 1870 τύπους
3127 1807 3358 1873 κακιῶν,
3402 1807 3501 1877 οὐχ
3552 1806 3695 1860 ὥστε

2124 1899 2232 1971 μὴν
2264 1899 2623 1970 μορφωθῆναι
2658 1916 2785 1953 τινα
2833 1899 2970 1970 πρὸς
2997 1897 3188 1964 αὐτὰς,
3237 1899 3352 1952 ἀλλ’
3382 1897 3457 1962 ὡς
3498 1897 3694 1968 ἐκτρὲ-

2116 1988 2325 2061 ψασθαι
2347 2004 2363 2020 ·
2395 1991 2571 2044 είπεῖν
2596 1990 2654 2044 δέ
2684 1991 2781 2044 καὶ
2812 1989 3010 2056 ἄλλως,
3034 1989 3366 2061 ψευδόμενος
3397 1991 3606 2053 ἐκεῖνος
3630 1987 3693 2042 τδ

2118 2081 2434 2151 πρόσωπον,
2491 2079 2887 2153 ἀληθιζόμενος
2931 2079 3002 2151 ἦν
3050 2083 3143 2136 τὸν
3196 2082 3562 2137 διδάσκαλον·
3598 2082 3692 2136 καὶ⁵

2117 2169 2262 2244 εἶχον
2310 2173 2360 2226 οἱ
2395 2172 2589 2227 θεαταὶ
2631 2173 2956 2243 πορίζεσθαι
3005 2173 3312 2246 τηνικαῦτα
3355 2174 3552 2246 ψεῦδος
3597 2162 3713 2228 καῖ’

2116 2265 2297 2318 ἐκεῖνο
2322 2265 2629 2333 ἐπαινετὸν,
2665 2258 2726 2320 οὗ
2748 2266 2810 2320 τὸ
2842 2267 2939 2337 μὲν
2964 2269 3112 2338 παχὺ
3143 2269 3237 2322 καὶ
3261 2266 3398 2340 πρὸς
3436 2266 3692 2338 αἴσθησιν

2115 2353 2273 2409 ούδέν
2292 2354 2524 2419 ούδόλως
2552 2350 2622 2428 ἦν
2660 2355 2798 2427 πρὸς
2824 2357 3105 2427 ἀλήθειαν,
3139 2357 3201 2412 τὺ
3226 2358 3282 2412 δὲ
3315 2359 3450 2429 πρὸς
3479 2356 3688 2412 ἔννοιαν

2113 2446 2215 2517 τὴν
2251 2446 2660 2518 ἐκλαλουμένην
2689 2448 2871 2520 ψυχῆς
2901 2444 2970 2520 ἦν
2997 2467 3052 2504 τι
3085 2450 3383 2521 μόρφωμα.

2183 2535 2248 2592 δ’.
2279 2539 2436 2591 Ἔστι
2469 2539 2526 2592 δέ
2571 2538 2664 2592 τδν
2695 2539 2998 2613 ὑποκριτὴν
3030 2543 3237 2596 ἐκεῖνον
3277 2543 3456 2598 είπεῖν
3485 2543 3579 2598 καὶ
3607 2541 3686 2607 ὡς

2111 2623 2224 2683 οἷον
2247 2628 2407 2699 λόγον
2432 2630 2778 2702 αὐτόχρημα.
2806 2632 2881 2686 Τδ
2913 2634 3022 2705 γὰρ
3055 2634 3176 2689 καθ’
3203 2635 3495 2708 ὑπόκρισιν
3522 2635 3684 2705 σῶμα

2110 2721 2441 2792 ψευδόμενος
2463 2723 2544 2787 εις
2571 2722 2632 2776 τδ
2671 2726 2802 2791 πᾶν,
2840 2728 2960 2790 ταῖς
3003 2725 3135 2796 γοῦν
3180 2726 3551 2792 διδασκαλίαις
3592 2727 3684 2784 ού-

2112 2812 2300 2880 σίωτο,
2329 2813 2424 2867 καί
2454 2829 2572 2877 πως
2603 2812 2767 2885 ἐῴκει
2797 2816 3026 2887 κάτοχος
3063 2819 3274 2880 ἐκεῖνος
3313 2815 3454 2874 εἶναι
3484 2820 3686 2890 ψυχαῖς

2113 2906 2402 2976 ήρωῖκαῖς,
2436 2905 2531 2975 ὑφ’
2573 2899 2649 2960 ὧν
2698 2907 3108 2979 ψυχαγωγικῶς
3157 2912 3527 2982 ἐμππόμενος
3576 2909 3685 2964 sat-

2109 2993 2275 3048 δασκε
2304 2995 2432 3058 τοὺς
2453 2995 2751 3064 ἀκροατάς.
2781 2996 2947 3062 Τάξοι
2988 2997 3045 3051 δέ
3075 2997 3142 3052 ἂν
3170 3015 3259 3062 τις
3283 2998 3446 3052 αὑτὸν
3483 2999 3577 3053 καὶ
3606 2997 3683 3062 ὡς

2028 3102 2077 3164 c
2107 3086 2187 3150 είς
2211 3085 2502 3154 ύποῦολέα,
2525 3087 2717 3157 λόγους
2742 3089 3058 3161 ἀλλοτρίους
3077 3090 3388 3155 εύθυϐόλως
3411 3091 3687 3162 πορθμεύ-

2104 3195 2236 3233 οντα
2264 3180 2376 3243 τοῖς
2401 3178 2779 3250 ἀκροωμένοις
2803 3197 2816 3211 ·
2877 3180 2910 3252 ἢ
2950 3182 3046 3236 καὶ
3079 3181 3155 3246 ὡς
3181 3176 3292 3236 οἷον
3333 3182 3682 3252 διπρόσωπον

2105 3270 2320 3343 θατέρῳ
2353 3273 2467 3325 τοῖν
2492 3272 2813 3342 προσῶποιν
2848 3273 3200 3346 ἐνεργοῦντα,
3230 3275 3280 3329 εί
3305 3277 3399 3330 καὶ
3426 3277 3501 3347 μὴ
3537 3277 3682 3332 κατά

2103 3363 2194 3418 τὸν
2226 3364 2624 3434 περιᾳδόμενον
2665 3365 2876 3420 Ἰαννον
2899 3383 2913 3398 ο
2951 3367 2984 3437 ἢ
3031 3369 3128 3422 καὶ
3177 3367 3404 3423 διπλοῦν
3453 3386 3599 3431 τινα,
3631 3371 3681 3425 εί

2103 3457 2199 3509 καὶ
2223 3455 2418 3522 ἄλλως,
2449 3457 2594 3527 ἥπερ
2617 3457 2668 3510 οῖ
2697 3457 3036 3512 Μολιονίδαι.
3060 3459 3407 3530 Φαντάσηται
3436 3460 3483 3514 δ’
3506 3461 3575 3516 ἄν
3597 3478 3682 3526 τις

2101 3547 2160 3599 ἐν
2189 3545 2266 3614 τῷ
2304 3546 2532 3617 τοιούτῳ
2563 3548 2658 3600 καὶ
2685 3547 2780 3600 τὸν
2821 3549 3253 3620 τερατευόμενον
3297 3552 3678 3624 μεταγγισμὸν

2103 3638 2578 3709 μετεμψυχώσεως
2603 3639 2750 3711 λόγῳ
2770 3678 2786 3696 .
2829 3642 2890 3694 ’0
2909 3641 2965 3695 δέ
2994 3642 3086 3698 τὸν
3118 3642 3241 3697 νοῦν
3265 3645 3554 3716 ἀπέριττός
3585 3647 3680 3702 καὶ

2099 3729 2175 3795 ὡς
2203 3732 2285 3794 είς
2306 3731 2525 3784 ἐντολέα
2569 3732 2660 3786 τὸν
2697 3733 2939 3788 τοιοῦτον
2967 3735 3325 3807 ἐγγράφεται,
3369 3736 3683 3809 καθυπουρ-

2099 3821 2302 3892 γοῦντα
2333 3822 2648 3892 προσώποις
2691 3824 2976 3895 ἡρωϊκοῖς,
3006 3826 3140 3882 ὡσεὶ
3170 3831 3264 3883 καὶ
3295 3830 3488 3898 λόγους
3536 3832 3680 3886 ἐκεί-

2099 3931 2208 3969 νων
2233 3915 2330 3967 καὶ
2363 3914 2501 3984 ἔργα
2533 3915 2674 3985 πρὸς
2707 3917 2944 3988 μίμησιν
2973 3919 3306 3991 ἐξεμάττετο
3330 3938 3344 3954 ο
3380 3925 3440 3976 οὐ
3473 3925 3676 3995 κρίνων

2100 4006 2202 4077 μὲν
2231 4007 2352 4059 κατ’
2391 4005 2664 4072 ἐκείνους,
2717 4009 2917 4063 ταύτὸν
2966 4010 3012 4063 δ’
3042 4013 3238 4076 εἰπεῖν,
3294 4014 3587 4086 διακρίνων
3637 4017 3670 4087 ἢ

2095 4097 2418 4167 ἐπικρίνων,
2445 4099 2542 4151 καὶ
2572 4096 2719 4152 οὕτω
2765 4102 3035 4171 κριτικῶς
3069 4103 3295 4174 ὁρίζων,
3323 4107 3462 4161 αὐτά
3487 4109 3553 4181 δὴ
3603 4110 3673 4164 τά

2094 4191 2342 4256 ἐκείνων,
2374 4189 2463 4244 ῖνα
2497 4192 2593 4246 καὶ
2617 4195 2748 4265 ποιῇ
2773 4195 2868 4248 καὶ
2892 4195 3048 4270 λέγῃ,
3077 4196 3222 4270 ᾇπερ
3245 4198 3314 4254 ἂν
3343 4203 3542 4257 ἐκεῖνοι
3573 4203 3674 4258 αὖ·

2091 4282 2260 4338 τόγρη
2271 4299 2370 4338 ita.

2312 4299 2370 4338 a.

2155 4299 2340 4428 15:113.}!
2379 4375 2489 4448 γὰρ
2513 4375 2580 4432 ἂν
2615 4377 2807 4450 κριτὴς
2835 4380 3142 4446 ἀσυνθέτως
3177 4357 3416 4454 ἐλέγετο.
3447 4387 3562 4442 Νῦν
3587 4389 3664 4454 δὲ,

404 4445 573 4498 nunc,
619 4441 680 4485 ut
709 4440 1056 4502 comparatus
1085 4431 1150 4487 ad
1173 4484 1181 4495 ,
1207 4433 1402 4489 ducem
1435 4447 1490 4491 et
1521 4438 1588 4492 ad
1624 4449 1905 4508 praetorem
1937 4455 1993 4501 et

404 4522 470 4552 ..Α
532 4522 762 4552 {nino-in
822 4523 1060 4552 nan-:mh
1100 4527 1448 4552 ruminans“...
1521 4537 1598 4552 ..-ι
1660 4532 1959 4552 --.ι-..-,..-α

2102 4465 2287 4537 ὥσπερ
2311 4431 2430 4522 ἐστὶ
2459 4431 2609 4540 ,πρὸς
2634 4431 2726 4524 ⁴ἑὸν
2950 4431 3670 4552 καὶ.⁷

401 4522 474 4577 ad
531 4522 762 4592 imperio
821 4523 1062 4578 maximo
1099 4527 1473 4594 praepositum,
1518 4537 1603 4583 est
1657 4532 1984 4604 subpraator,

398 4623 455 4669 et
475 4615 689 4670 subdux
736 4624 793 4668 et
819 4614 1172 4685 ,hyparchus,
1201 4617 1280 4671 sic
1327 4628 1381 4672 et
1431 4621 1498 4675 ad
1538 4621 1777 4689 judicent
1835 4627 1984 4682 illum

403 4706 768 4777 praecipuum,
795 4707 880 4761 cui
905 4707 1059 4776 quasi
1089 4709 1268 4762 thema
1303 4709 1490 4765 subest
1512 4714 1870 4785 primitivum,
1902 4731 1987 4779 est

399 4810 555 4854 actor
603 4801 890 4866 scenicus;
937 4799 1196 4880 colligens
1255 4803 1475 4870 quidem
1529 4816 1583 4859 et
1629 4807 1746 4878 ipse
1793 4814 1985 4870 critico

395 4893 580 4958 modo,
637 4907 799 4961 opera
867 4899 922 4946 et
989 4893 1174 4958 verba,
1238 4895 1400 4950 ambo
1451 4898 1692 4965 hernica,
1744 4917 1853 4958 non
1899 4915 1983 4961 ta-

395 4999 518 5039 men
578 4984 1011 5040 indubitabiliter
1063 4986 1154 5041 illa
1203 4987 1314 5056 ipsa
1339 5003 1460 5058 qua:
1489 4995 1783 5048 secundum
1818 5012 1982 5054 accu-

393 5085 570 5128 ratam
602 5084 728 5130 sunt
771 5076 1081 5143 veritatem,
1128 5079 1223 5134 sed
1285 5081 1602 5137 verisimilia
1645 5095 1700 5140 ct
1749 5086 1978 5146 forsitan

393 5168 469 5220 ita
493 5180 552 5221 se
581 5167 859 5232 habentia,
879 5175 933 5222 et
962 5169 1205 5225 moribus
1235 5170 1452 5226 illorum
1481 5173 1776 5243 submissa,
1817 5189 1872 5234 et
1904 5181 1977 5236 ita

392 5256 507 5310 fere
533 5257 635 5311 sub
661 5257 874 5328 judicio
901 5259 1114 5313 illorum
1146 5263 1324 5331 posita
1355 5279 1369 5329 ;
1402 5265 1472 5320 ad
1508 5268 1844 5326 suadendum
1878 5291 1977 5328 au.

392 5343 656 5399 (litoribus
717 5356 776 5399 ut
834 5348 1084 5413 crcdanl,
1125 5353 1172 5405 si
1226 5368 1336 5408 non
1381 5353 1672 5424 ipsissima,
1744 5372 1801 5415 ut
1854 5369 1974 5435 quis

391 5435 607 5503 dixerit,
637 5437 824 5492 saltem
859 5441 985 5494 talia
1012 5442 1261 5499 debuisse
1282 5455 1561 5518 prototypa
1583 5466 1703 5508 esse
1728 5457 1968 5526 heroica,

389 5528 589 5595 quibus
649 5530 932 5600 disciplina
987 5534 1266 5591 theatralis
1318 5541 1568 5614 refulget,
1611 5555 1664 5602 et
1725 5551 1860 5606 adeo
1913 5563 1970 5609 ut

392 5617 700 5684 huiusmodi
730 5634 921 5679 orator
944 5623 1132 5682 dicere
1176 5635 1400 5688 auderet
1455 5636 1666 5694 animas
1722 5643 1968 5700 heroicus

391 5721 646 5769 evocatas
673 5714 818 5785 loqui
863 5717 1149 5786 etfacere,
1195 5738 1290 5792 per
1325 5724 1445 5782 illos
1477 5739 1692 5789 actores
1739 5749 1800 5789 ea
1848 5752 1970 5809 qum

2073 5674 2192 5721 τον,
2249 5655 2323 5720 ὡς
2374 5661 2468 5712 καὶ

2087 4558 2187 4612 καὶ
2215 4557 2355 4628 πρὸς
2377 4558 2472 4614 τὸν
2514 4561 2574 4614 ἐν
2603 4561 2839 4635 μεγίστῃ
2869 4563 3014 4635 ἀρχῇ
3046 4565 3075 4618 ὀ
3115 4567 3494 4641 ύποπράκτωρ
3523 4573 3620 4626 καὶ
3643 4576 3672 4626 ὁ

2087 4648 2326 4714 emam:
2347 4651 2442 4703 καὶ
2470 4653 2498 4704 ὁ
2524 4650 2797 4723 ὕπαρχος,
2826 4654 2992 4710 τοῦτο
3015 4656 3112 4710 καὶ
3137 4659 3275 4730 πρὸς
3303 4663 3500 4731 κριτὴν
3522 4665 3669 4716 ἐκεῖ·

2086 4757 2178 4794 νον
2207 4746 2506 4813 κορυφαῖον
2548 4741 2662 4800 οἷον
2688 4747 2821 4801 ὄντα
2849 4749 2939 4803 διά
2986 4749 3048 4802 τὸ
3081 4753 3430 4820 πρωτόθετον
3477 4758 3505 4810 ὁ
3536 4757 3669 4810 ύπο·

2085 4835 2285 4911 κριτής
2310 4851 2324 4866 ο
2354 4836 2754 4909 ἀναλεγόμενος
2783 4839 2883 4910 μὲν
2913 4841 3007 4894 καὶ
3033 4843 3197 4907 αύτὸς
3223 4849 3456 4918 κριτικῴ
3478 4851 3666 4920 τρόπῳ

2083 4924 2226 4994 ἔργα
2253 4927 2351 4979 καὶ
2377 4927 2592 4995 λόγους,
2621 4930 2838 5001 ήρωῖκά
2867 4934 2960 4986 καὶ
2989 4933 3176 5004 ἀμφω,
3202 4937 3264 4989 ού
3299 4939 3406 5008 μὴν
3432 4943 3670 5010 ἀναμφι-

2082 5016 2293 5082 λέκτως
2330 5021 2469 5074 αύτὰ
2513 5023 2698 5075 ἐκεῖνα
2729 5025 2800 5078 τὰ
2832 5025 2967 5094 πρὸς
3015 5028 3487 5105 ἀπηκριϐωμένην
3529 5036 3661 5106 ἀλή·

2083 5111 2256 5178 θειαν,
2285 5111 2404 5166 ἀλλ’
2435 5115 2674 5182 ἐοικότα,
2707 5117 2806 5170 καὶ
2835 5119 2975 5189 τάχα
3005 5120 3071 5173 ἂν
3109 5122 3284 5188 οὕτως
3321 5127 3536 5195 ἔχοντα,
3565 5132 3662 5182 καὶ

2082 5202 2410 5272 ύπαγόμενα
2435 5207 2546 5268 τοῖς
2575 5206 2804 5261 ἐκείνων
2828 5209 3005 5280 ¹ῖλθεσι,
3037 5215 3129 5265 καὶ
3152 5214 3228 5277 ὡς
3257 5217 3360 5269 ύπό
3390 5235 3449 5285 γε
3481 5219 3662 5291 κρίσει

2077 5293 2210 5346 ὄντα
2239 5296 2303 5364 τῇ
2339 5297 2463 5349 κατ’
2492 5297 2734 5361 ἐκείνους
2758 5315 2772 5331 ·
2794 5301 2869 5364 ὠς
2895 5301 3039 5372 ἔχειν
3063 5305 3274 5359 πείθειν
3302 5309 3429 5372 τοὺς
3457 5313 3663 5382 ἀκροα-

2078 5384 2181 5448 τὰς
2211 5386 2442 5452 οἴεσθαι,
2474 5388 2524 5440 εί
2547 5390 2641 5442 καὶ
2668 5393 2743 5460 μὴ
2765 5392 3059 5461 αύτότατα,
3087 5400 3233 5452 καθά
3255 5417 3338 5464 τις
3367 5401 3492 5473 ἔφη,
3521 5405 3658 5458 ἀλλὰ

2077 5475 2212 5554 γοῦν
2240 5476 2465 5531 τοιαῦτα
2511 5474 2652 5533 εῖναι
2689 5480 2754 5534 ἂν
2785 5485 2882 5537 καὶ
2933 5486 3002 5538 τὰ
3039 5489 3377 5558 πρωτότυπα
3421 5494 3657 5564 ήρωῐκὰ,

2075 5559 2158 5629 οἷς
2188 5567 2221 5637 ἡ
2247 5569 2577 5642 ὑποκριτικὴ
2601 5571 2942 5641 ὲλλάμπεται
2972 5577 3214 5646 μέθοδος,
3249 5583 3345 5636 καὶ
3369 5559 3658 5648 είς-τοσοῦέ

2515 5662 2787 5734 τολμῆσαι
2823 5665 2889 5720 ἂν
2943 5669 3036 5724 τὸν
3091 5671 3236 5726 οὓτω
3290 5661 3664 5748 ῥητορεύοντκ

2076 5765 2118 5814 φ
2135 5749 2281 5818 am,
2313 5750 2491 5822 ψυχας
2523 5756 2767 5826 ήρωῖκάς
2791 5758 3133 5832 ἀνοιγομένας
3156 5762 3336 5823 λαλεῖν
3361 5769 3454 5822 καὶ
3483 5771 3656 5825 ποιεῖν

1665 6411 2179 6418 __—_————-——
