4090 6412
359 350 469 413 377

1662 341 1763 403 DE
1795 339 1924 402 SIM
1934 338 2345 403 ULATIONE.

3504 335 3608 399 378

362 467 452 520 διὰ
494 464 680 536 μέσων
708 462 817 516 τῶν
846 460 1164 534 ὑποκριτῶν
1191 459 1261 517 τά
1297 462 1377 528 είς
1414 462 1716 536 κηληθμδν,
1746 485 1822 532 ως
1847 467 1936 521 οὗ.

2038 473 2166 518 sunt
2200 459 2624 532 spectatoribus,
2651 466 2709 514 ιιι
2740 458 2814 513 ita
2865 457 3065 523 dicam,
3114 456 3607 512 incantamentum.

358 574 468 620 τως
499 556 698 622 είπεῖν,
728 553 842 609 τῶν
893 553 1129 611 θεατῶν.
1173 551 1249 609 Ob
1303 555 1590 626 ποιητικὸν
1624 557 1755 612 ῐδιον
1799 557 1933 629 παρ’

360 652 544 714 ἄλλοις
577 649 676 720 μὶν
702 649 758 704 αί
788 649 968 704 ἀοιδαὶ
993 647 1232 715 Μοῦσαι,
1267 650 1421 721 παρὰ
1451 649 1508 704 δὲ
1541 651 1617 723 τῷ
1647 653 1935 723 κορυφαίῳ

360 743 420 795 ιν
450 741 698 811 μελικοῖς
725 739 783 794 al
827 739 1164 813 Κηληδόνες,
1200 741 1331 796 ἀλλο
1375 742 1541 812 τέρας
1572 743 1735 799 αὐταὶ
1781 747 1936 816 παρά

360 848 422 900 γε
454 831 517 885 τὸ
545 829 656 886 τῶν
705 831 1007 903 Σειρήνων.
1050 832 1108 886 Ὀ
1138 831 1196 886 δὲ
1244 831 1391 888 οὓτω
1413 835 1690 906 τολμηρὸς
1751 837 1935 908 ῥήτωρ

361 922 454 977 καὶ
491 921 592 994 τὴν
638 921 889 994 ἔντεχνον
930 922 1167 978 παλαιὰν
1222 925 1518 995 ὑπόκρισιν
1563 926 1818 998 όρίσηται
1867 929 1936 984 ἀν

359 1015 694 1084 ἀγοήτευτον
744 1015 1129 1085 ψυχαγωγίαν,
1177 1015 1497 1086 βελτιοῦσαν
1533 1019 1628 1074 τὸν
1673 1019 1811 1091 βίον,
1840 1024 1936 1077 καὶ

357 1108 450 1162 τὸν
483 1106 655 1179 αὐτὴν
698 1107 955 1179 μετιόντα
988 1109 1275 1180 ὑποφήτην
1300 1109 1490 1181 ψυχῶν
1516 1113 1773 1182 ἡρωϊκῶν
1797 1114 1936 1186 πρὸς

363 1198 479 1268 βίου
507 1199 868 1268 λυσιτέλειαν,
897 1200 931 1274 ἢ
957 1201 1164 1271 βιϐλίον
1197 1202 1440 1274 ἱστορίας
1467 1203 1576 1271 ζῶν
1599 1207 1692 1260 καὶ
1719 1206 1933 1274 λαλοῦν,

362 1291 395 1362 ἢ
425 1290 523 1345 καὶ
547 1291 745 1363 ήρώων
769 1292 977 1365 ὑποδρη
988 1293 1184 1363 στῆρα,
1208 1291 1291 1360 οἷς
1320 1296 1416 1351 καὶ
1443 1297 1737 1354 τεθνεῶσιν
1756 1298 1785 1352 ὁ
1812 1297 1937 1363 νοῦς

359 1382 430 1437 δι’
456 1381 622 1438 αὑτοῦ
653 1388 783 1456 περὶ
812 1383 919 1455 γῆν
951 1383 1209 1450 σώζεται.

431 1587 507 1656 ς’.
547 1589 656 1645 Kal.
685 1591 830 1646 οὓτω
855 1589 958 1664 μὶν
989 1591 1194 1662 ἀγαθὸν
1221 1590 1459 1648 παλαιὸν
1501 1591 1599 1648 καὶ
1629 1593 1664 1664 ή
1703 1592 1938 1664 ὑπόκρι-

361 1695 469 1745 σις,
498 1681 595 1735 καὶ
623 1683 651 1735 ό
685 1681 807 1737 κατ’
832 1682 1006 1753 αὐτὴν
1035 1683 1312 1754 τεχνίτης.
1357 1683 1511 1738 Ἐπεὶ
1539 1682 1598 1739 δὲ
1625 1683 1725 1737 οὑκ
1752 1677 1821 1754 ἦν
1858 1681 1935 1754 μὴ

360 1772 457 1827 καὶ
486 1773 549 1828 τὸ
578 1773 748 1829 καλὸν
777 1775 956 1830 έκεῖνο
1005 1776 1444 1847 καπηλευθῆναι,
1476 1777 1572 1830 καὶ
1606 1774 1800 1847 πρῶτα
1831 1776 1935 1848 μὲν

356 1864 730 1938 ἀχρειωθῆναι
761 1868 907 1923 κατά
935 1867 1243 1939 παράμιξιν
1291 1867 1652 1938 φαυλότητος,
1686 1861 1810 1921 εἶτα
1837 1868 1933 1921 καὶ

360 1957 640 2022 παντελῶς
665 1959 1092 2030 ἀμαυρωθῆναι,
1123 1959 1201 2025 ὡς
1229 1960 1350 2015 ἀντὶ
1391 1959 1587 2031 τέχνης
1625 1958 1932 2030 εὑχρήστου

358 2048 442 2114 είς
493 2052 960 2124 ματαιοτεχνίαν,
1011 2053 1123 2108 εῐτε
1174 2053 1536 2123 κακοτεχνίαν
1597 2052 1930 2120 διεκπεσεῖν,

357 2140 516 2196 ἀνύει
544 2141 717 2198 ταῦτα
745 2144 776 2197 ό
803 2144 1145 2215 πολύτροπος
1175 2144 1324 2216 βίοςο
1353 2145 1450 2198 καὶ
1479 2144 1624 2200 κατά
1642 2161 1696 2198 τι
1733 2143 1931 2212 φθόνου

356 2233 637 2304 τέχνασμα
669 2238 736 2306 τῇ
775 2235 1104 2306 ἀγαθουργῷ
1141 2236 1670 2307 ὲπιϐουλευσάμενος
1705 2235 1934 2306 ὑποκρί-

359 2343 467 2394 σει,
506 2327 700 2399 πρῶτα
739 2327 842 2400 μὲν
875 2331 1174 2384 ἐπινοεῖται
1211 2328 1282 2383 τὰ
1332 2328 1633 2399 Σατυρικά,
1683 2327 1935 2399 μίγματα

357 2421 543 2474 ἐκεῖνα
577 2419 830 2490 πράξεων
865 2421 962 2476 καὶ
990 2422 1168 2491 λόγων
1192 2422 1302 2476 τῶν
1328 2424 1386 2476 ὲν
1416 2421 1730 2492 προσώποις
1765 2421 1934 2490 ἡρωϊ-

356 2514 497 2577 κοῖς,
532 2505 610 2568 ὧν
633 2513 696 2566 τὸ
721 2514 916 2586 κρᾶμα
936 2513 1138 2583 γέλωτι
1159 2515 1254 2568 καὶ
1280 2513 1489 2586 σπουδῇ
1517 2511 1933 2584 παραμέμικτο.

360 2602 474 2655 Kal.
518 2601 699 2655 ἴσασιν
732 2602 872 2656 αὐτὰ
909 2603 962 2656 oi
1007 2602 1432 2674 ἐντετυχηκότες
1482 2601 1737 2667 παλαιοῖς
1768 2602 1933 2672 πονήη

361 2709 551 2762 μασιν,
580 2686 654 2747 ῶν
691 2691 851 2762 ὀλίγα
880 2692 1004 2748 τινὰ
1037 2694 1417 2766 περιφέρεται.

430 2807 496 2872 ζ’.
530 2808 686 2862 Μετά
723 2808 782 2862 δὲ
822 2808 891 2863 τὰ
926 2809 1204 2880 Σατυρικά
1240 2808 1696 2878 σπουδαιογελοῖα
1727 2807 1939 2861 εὐδοκί-

364 2912 506 2968 μησε
529 2899 591 2951 τὸ
613 2898 956 2970 Κωμῳδικδν
990 2897 1368 2970 ὑποκριτικὸν,
1406 2899 1595 2953 οὐκέτι
1627 2897 1936 2971 προσώπων

359 2989 619 3060 ἡρωϊκῶν
669 2991 1053 3062 ἀντεχόμενον,
1084 2993 1134 3045 εί
1166 2992 1243 3062 μή
1295 3007 1399 3045 που
1441 2991 1500 3044 έν
1549 2990 1842 3061 παρέργῳ·
1867 2989 1937 3042 τά

364 3081 537 3135 πολλά
565 3083 622 3137 δὲ
649 3085 938 3154 συρφετοῖς
972 3082 1480 3153 ἐγκαλινδούμενον,
1513 3082 1609 3137 καὶ
1652 3079 1796 3136 οὕτω
1832 3097 1935 3136 και

2039 555 2128 610 Sic
2156 554 2428 624 poeticum
2452 551 2792 622 privilegium
2811 552 3027 622 quidem
3050 551 3190 616 apud
3210 559 3438 607 caeteros
3483 563 3614 606 sunt

2043 647 2374 702 cantatrices
2406 659 2594 712 musae,
2620 644 2762 714 apud
2785 658 2918 699 vero
2936 643 3286 713 coryphaeum
3317 644 3371 697 in
3404 643 3614 697 melicis

2044 746 2172 795 sunt
2221 737 2546 802 Celedones,
2583 738 2726 791 aliud
2760 736 2892 807 ipsa:
2922 744 3225 790 monstrum
3247 735 3611 804 prasterSire-

2037 846 2162 887 num
2185 828 2504 901 prodigium.
2539 828 2632 884 Ille
2664 843 2789 884 vero
2817 827 3214 882 audacis~imus
3243 827 3426 880 rhetor
3454 826 3612 880 indu-

2039 925 2294 982 striosam
2313 932 2549 977 veterem
2570 930 2741 976 artem
2788 921 3056 974 scenicam
3103 917 3356 973 deiiniret
3404 919 3616 971 anima-

2038 1015 2280 1069 rumsinc
2337 1012 2511 1082 magia
2535 1011 2924 1075 evocationem,
2956 1023 3072 1077 qua:
3123 1007 3287 1061 vitam
3335 1008 3611 1063 meliorem

2037 1104 2188 1172 facit,
2201 1113 2256 1159 et
2275 1118 2400 1159 eum
2423 1102 2518 1172 qui
2544 1102 2893 1172 prosequitur
2915 1101 3084 1165 illam,
3112 1111 3286 1153 vatem
3309 1100 3612 1154 animarum

2037 1197 2380 1254 heroicarum
2410 1197 2477 1250 ad
2521 1201 2644 1248 vita:
2687 1193 2998 1257 utilitatem,
3023 1191 3108 1244 vel
3145 1191 3386 1245 historiae
3413 1191 3610 1246 librum

2042 1292 2314 1346 viventem
2341 1296 2397 1343 et
2429 1287 2766 1357 loquentem,
2790 1283 2877 1338 vel
2921 1283 3147 1337 heroum
3205 1283 3487 1352 famulum,
3519 1299 3619 1354 per

2037 1400 2200 1456 quem
2241 1384 2458 1440 ill‘orum
2492 1380 2659 1438 etiam
2691 1385 3033 1435 mortuorum
3067 1391 3221 1432 mens
3242 1377 3294 1432 in
3325 1387 3473 1434 terra
3501 1393 3618 1434 ser-

2037 1488 2218 1534 vatur.

2105 1587 2161 1644 6.
2183 1587 2254 1644 Et
2277 1588 2356 1643 sic
2376 1591 2594 1660 quidem
2619 1594 2819 1653 bonum
2844 1606 2963 1654 erat
2996 1593 3281 1664 antiquum
3300 1595 3356 1644 et
3379 1601 3470 1642 ars
3491 1599 3616 1641 sce-

2037 1679 2160 1734 nica
2189 1689 2240 1733 et
2263 1680 2426 1749 hujus
2447 1684 2584 1740 artis
2611 1689 2829 1747 artifex.
2854 1691 2984 1748 Cum
3009 1701 3190 1747 autem
3219 1687 3334 1742 ﬁeri
3366 1698 3474 1740 non
3493 1695 3618 1750 pos-

1967 1808 2010 1864 Β
2037 1779 2122 1826 set
2143 1781 2201 1827 ut
2231 1772 2335 1829 hoc
2359 1775 2560 1832 bonum
2581 1794 2688 1835 non
2705 1793 3167 1853 corrumperetur,
3185 1790 3242 1837 et
3287 1779 3460 1850 primo
3490 1775 3614 1846 (ιιιί-

2034 1865 2155 1919 dem
2197 1867 2266 1922 ob
2289 1868 2476 1924 vilium
2534 1885 2713 1928 rerum
2770 1875 3148 1931 admistionem
3193 1871 3398 1928 inutilis
3437 1868 3613 1932 ﬂeret,

2035 1956 2225 2012 deinde
2247 1974 2469 2029 prorsus
2491 1965 2653 2018 etiam
2677 1967 2758 2021 sic
2781 1966 3178 2033 obfuscaretur,
3205 1973 3287 2029 ut,
3305 1965 3438 2018 artis
3459 1962 3614 2016 bona!

2035 2049 2176 2114 loco,
2200 2052 2252 2105 in
2277 2067 2470 2108 vanum
2495 2057 2608 2112 sive
2633 2060 2830 2114 malum
2863 2060 3135 2116 desineret
3155 2058 3465 2122 artiﬁcium,
3497 2056 3614 2112 hare

2036 2140 2248 2210 perﬁcit
2279 2143 2628 2202 multiformis
2649 2149 2794 2216 vita;
2825 2159 2901 2216 et,
2917 2150 3217 2205 secundum
3251 2148 3486 2218 aliquam
3522 2144 3612 2199 in-

2039 2233 2196 2288 vidiae
2227 2236 2710 2306 machinationem,
2747 2242 2864 2296 utili
2927 2243 3178 2298 insidiata
3233 2243 3468 2306 theatro,
3520 2251 3621 2292 ex-

2038 2325 2240 2395 cogitat
2283 2337 2550 2400 satyram,
2586 2332 2874 2387 misturam
2926 2334 3072 2388 illam
3105 2335 3379 2388 actionum
3412 2341 3467 2387 et
3494 2345 3615 2385 ser-

2037 2431 2256 2472 monum
2277 2419 2329 2474 in
2347 2423 2594 2490 personis
2611 2425 2848 2481 heroicis
2872 2427 3193 2497 positorum,
3215 2440 3444 2496 quorum
3466 2439 3618 2480 eom-

2033 2508 2234 2577 positio
2263 2511 2371 2566 risu
2398 2513 2774 2584 gravitateque
2822 2517 3107 2571 commista
3131 2525 3232 2572 est.
3283 2515 3412 2572 Haec
3435 2515 3618 2570 sciunt

2035 2599 2126 2669 qui
2154 2602 2430 2658 veteribus
2467 2605 2794 2661 studuerunt
2837 2609 3129 2678 Operibus,
3179 2621 3407 2678 quorum
3439 2607 3620 2678 aliqua

2037 2705 2212 2761 pauca
2247 2693 2732 2752 circumferuntur.

2109 2801 2162 2856 7.
2203 2800 2336 2860 Post
2363 2814 2604 2878 satyram
2633 2819 2815 2864 autem
2840 2810 3030 2881 iocoso
3055 2813 3313 2884 serieque
3347 2823 3618 2886 temperaa

2040 2902 2172 2960 tam,
2203 2893 2255 2948 in
2289 2895 2493 2952 honore
2519 2895 2621 2952 fuit
2647 2906 3058 2968 repraesentatio
3103 2907 3334 2972 comica,
3363 2921 3465 2960 non
3496 2906 3612 2977 jam

2039 3000 2304 3055 personas
2330 2988 2583 3046 heroicas
2614 2999 2878 3059 tractans,
2905 2996 3010 3051 nisi
3049 2994 3191 3052 forte
3217 3012 3312 3066 per
3343 3001 3620 3055 accessio-

2039 3090 2188 3141 nem,
2223 3081 2318 3132 sed
2351 3081 2671 3153 plerumque
2699 3086 2950 3141 sordibus
2983 3087 3249 3155 involuta,
3271 3091 3456 3160 sicque
3480 3107 3617 3146 con-

360 3151 797 3245 ταπατούμενον,
829 3176 926 3230 καὶ
957 3151 1024 3230 ἂν
1053 3151 1371 3246 κεισόμενον
1408 3175 1490 3238 είς
1530 3173 1852 3245 παρόραμα,
1882 3173 1932 3228 εί

2038 3165 2269 3233 sulcata,
2303 3181 2467 3241 atque
2507 3173 2559 3227 in
2602 3175 2913 3243 despectum
2953 3193 3168 3247 casura,
3205 3180 3306 3236 nisi
3339 3181 3618 3254 eleganter

366 3263 444 3335 μή
470 3265 1034 3338 καλλιρρημονοῦντες
1054 3267 1106 3319 οί
1130 3265 1384 3337 κωμῳδοὶ
1405 3265 1677 3335 ἐπήγοντο
1702 3264 1804 3327 τὰς
1825 3264 1935 3318 τῶν

360 3355 573 3408 θεατῶν
603 3355 797 3424 ἀκοὰς,
844 3357 943 3411 καὶ
975 3354 1121 3410 οὕτω
1165 3356 1571 3427 πλατυνάμενοι
1601 3353 1938 3427 περιεσώθη-

361 3462 466 3500 σαν
505 3446 585 3510 είς
635 3447 948 3516 ἀνάγνωσιν
997 3449 1112 3512 τοῖς
1161 3447 1396 3516 ὲλλόγως
1451 3445 1695 3516 βιοῦσιν·
1749 3446 1799 3500 οἳ
1840 3446 1934 3499 τοῦ

362 3537 578 3592 ἐκεῖθεν
611 3538 810 3610 μυελοῦ
841 3539 1220 3612 κερδαίνοντες
1247 3539 1650 3612 ἀπόρῤιπτοῦσι
1677 3538 1746 3592 τά
1780 3537 1935 3602 ὀστᾶ,

360 3633 460 3686 καὶ
489 3631 623 3688 ἄλλο
655 3632 711 3686 δὶ
741 3634 872 3699 πᾶν,
897 3633 1020 3689 ὅσον
1045 3632 1122 3704 μὴ
1147 3633 1423 3704 νόστιμον,
1452 3634 1534 3706 είς
1558 3632 1934 3700 ἑξουθένωσιν.

433 3749 506 3817 η’.
536 3746 648 3800 Καὶ
670 3745 814 3801 οὕτω
841 3745 940 3817 μὲν
960 3747 1112 3818 τρεῖς
1141 3738 1303 3801 αὗται
1325 3744 1560 3799 παλειιιαλ⁸
1589 3743 1935 3816 ὑποκρίσεις,

360 3840 430 3909 τῇ
477 3839 578 3908 μὲν
611 3839 992 3910 μεταχειρίσει
1025 3837 1301 3909 διάφοροι,
1332 3837 1610 3908 ἐλλόγιμοι
1659 3835 1718 3890 δὲ
1760 3834 1937 3898 ἄλλως

363 3931 464 3984 καὶ
519 3932 822 4000 ιπαγωγοὶ,
871 3930 1179 4002 ἀνθήσασαι
1237 3929 1506 3984 ἀνέκαθεν
1568 3927 1787 4000 χρόνου,
1840 3927 1938 3980 καὶ

362 4021 581 4094 καρπὸν
617 4021 675 4075 δὲ
704 4020 1032 4090 ἐνεγκοῦσαι
1058 4022 1260 4087 πᾶσαι,
1289 4022 1323 4090 ή
1355 4021 1453 4091 μὲν
1478 4019 1690 4073 παλαιὰ
1718 4017 1936 4086 θαυμά-

366 4134 504 4181 σιον,
535 4119 570 4189 ή
599 4116 832 4189 δευτέρα
857 4115 917 4169 δὲ
943 4115 1039 4170 καὶ
1070 4114 1229 4186 τρίτη
1252 4114 1362 4168 οὐδ’
1394 4115 1557 4169 αὐταὶ
1589 4114 1769 4188 πάντῃ
1803 4115 1940 4170 ἀπό-

279 4205 288 4208 ’
364 4205 582 4277 ὄλητον,
613 4205 897 4272 ἐξώλοντο.
943 4203 1212 4274 Ἀνεφάνη
1260 4203 1318 4258 δὲ
1347 4204 1582 4276 τετάρτη
1621 4205 1740 4276 μετ’
1795 4204 1939 4260 ὲκεί-

364 4316 484 4363 νας,
517 4296 644 4352 οὔτε
671 4298 911 4368 ἐλλογος,
937 4295 1059 4350 οὐδὲ
1092 4296 1198 4368 μὴν
1233 4295 1415 4366 ἀγαθὴ
1443 4295 1581 4360 ὅλως
1611 4296 1690 4359 είς
1732 4295 1934 4368 ψυχήν,

361 4389 459 4445 καὶ
483 4391 571 4446 διὰ
601 4391 761 4445 τοῦτο
794 4388 1120 4462 έρεθίζουσα
1153 4385 1278 4450 τοὺς
1308 4385 1597 4456 φιλοῦντας
1626 4387 1688 4440 τὸ
1713 4387 1934 4459 ἀληθὲς,

2035 3256 2320 3327 loquentes
2344 3263 2573 3318 comoedi
2599 3275 2961 3334 spectatorum
2985 3268 3347 3338 captivassent
3373 3273 3616 3329 auditum

2036 3361 2090 3406 et
2120 3352 2192 3406 ita
2216 3351 2396 3409 dill'usi
2422 3357 2621 3412 servati
2641 3357 2866 3415 fuissent
2895 3361 2966 3416 ad
2997 3363 3348 3419 instruendos
3377 3367 3619 3422 rationao

2041 3445 2228 3502 biliter
2291 3449 2535 3508 viventes
2577 3469 2596 3508 :
2637 3455 2727 3522 qui
2761 3454 3050 3511 medullam
3081 3457 3435 3528 excipientes,
3490 3476 3617 3517 ossa

2046 3538 2327 3608 rejiciunt,
2350 3549 2406 3596 et
2436 3543 2582 3599 aliud
2615 3560 2797 3613 omne,
2827 3548 3182 3619 quodcunque
3215 3565 3321 3606 non
3349 3561 3433 3607 est
3463 3553 3614 3622 utile,

2037 3644 2229 3686 aversa
2236 3640 2294 3687 ιιι
2301 3647 2331 3686 υ
2339 3649 2386 3690 ι’.

2107 3743 2162 3798 8.
2203 3742 2270 3799 Ει
2324 3745 2398 3798 ita
2455 3745 2674 3816 quidem
2727 3756 2835 3804 tres
2890 3747 2994 3804 illae
3053 3757 3266 3810 veteres
3317 3756 3619 3826 commdiae,

2039 3840 2275 3887 tractatu
2309 3834 2526 3904 quidem
2581 3835 2831 3903 diversae,
2878 3837 3099 3896 aliunde
3142 3857 3270 3898 vero
3297 3844 3537 3918 insignes
3564 3859 3620 3904 et

2037 3925 2106 3978 ad
2138 3924 2475 3979 suadendum
2507 3935 2645 3996 apta:
2668 3968 2684 3994 ,
2723 3941 2843 3994 quae
2871 3943 2899 3981 a
2955 3928 3117 3998 longo
3145 3941 3387 4002 tempore
3419 3936 3618 3992 ﬂorue-

2041 4025 2168 4071 runt
2202 4025 2258 4072 et
2288 4017 2524 4072 fructum
2569 4019 2811 4075 tulerunt
2849 4035 3060 4090 omnes,
3092 4022 3178 4077 illa
3219 4025 3438 4096 quidem
3473 4031 3618 4083 anti—

2038 4123 2146 4178 qua
2208 4109 2536 4175 mirabilem,
2587 4111 2826 4166 secunda
2883 4127 3014 4168 vero
3057 4128 3121 4169 ac
3151 4117 3306 4170 tertia
3356 4134 3457 4174 nec
3488 4120 3622 4191 ipsa

2037 4213 2262 4270 prorsus
2316 4199 2712 4268 abjiciendum,
2765 4203 3070 4272 perierunt.
3118 4204 3383 4276 Apparuit
3437 4220 3616 4265 autem

2037 4301 2160 4360 post
2190 4291 2310 4344 illas
2342 4301 2563 4361 quarta,
2599 4306 2702 4347 nec
2747 4293 3056 4360 rationalis,
3119 4312 3219 4351 nec
3270 4313 3496 4367 prorsus
3546 4302 3616 4358 ad

2041 4383 2274 4437 animam
2301 4383 2533 4452 utilis,et
2558 4384 2679 4440 ideo
2706 4385 2815 4439 veri
2839 4395 3108 4441 amatores
3156 4391 3404 4449 excitans
3435 4399 3615 4464 quoad

361 4485 533 4556 ὁμόσε
577 4486 780 4558 χωρεῖν
829 4482 910 4555 τῷ
942 4481 1063 4535 κατ⁹
1105 4480 1276 4552 αὐτῆς
1319 4480 1494 4550 ψόγῳ,
1527 4478 1672 4532 καθά
1710 4478 1936 4550 πρώτην

2041 4476 2484 4531 consentiendum
2560 4477 2614 4530 in
2680 4476 2796 4547 ejus
2841 4478 3310 4548 vituperationem,
3361 4492 3613 4555 tanquam

363 4577 672 4647 ἀράξαντες
729 4576 892 4644 λόγου
945 4573 1173 4645 βαλϐῖδα
1221 4569 1665 4642 ὑπεκρουόμεθα.
1707 4570 1818 4624 Καὶ
1850 4570 1940 4624 οἷα

364 4670 466 4740 μὲν
505 4669 604 4740 τήν
635 4669 812 4740 ἀρχὴν
849 4668 907 4721 ὲν
950 4664 1262 4735 ἀνθρώποις
1289 4660 1703 4722 ἐπολιτεύσατο.
1748 4662 1849 4715 οὐκ
1871 4660 1938 4715 ἀν

360 4759 540 4812 εἰπεῖν
571 4759 684 4827 ἔχοι
724 4757 921 4828 μικρὸς
953 4753 1271 4824 ἀκρίϐειαν.
1315 4749 1739 4804 Ἐπολιτεύσατο
1787 4749 1844 4804 δὲ
1871 4749 1938 4804 ἀν

363 4851 609 4912 πάντως,
639 4848 781 4902 καθά
815 4847 916 4901 οὐκ
944 4845 1139 4916 ἀγαπᾷ
1169 4845 1199 4898 δ
1228 4845 1385 4909 Θεός.

434 4961 504 5018 θ’.
540 4965 661 5016 Ἔτι
683 4963 866 5015 θετέον
893 4963 973 5024 εἰς
1001 4961 1348 5031 ὑποκρίσεως
1366 4959 1532 5014 τόπον
1554 4957 1649 5012 καὶ
1677 4955 1776 5030 τὴν
1799 4955 1941 5011 κατὰ

359 5058 453 5112 τὸν
482 5057 794 5127 ἀρχέκακον
833 5055 959 5124 δφιν
1000 5055 1210 5107 ἐκεῖνον
1235 5051 1618 5123 ψευδαπάτην,
1654 5051 1753 5121 τὴν
1781 5048 1940 5120 ψίθυ-

311 5142 318 5146 ’
361 5167 478 5222 ρον.
508 5149 625 5202 Νῦν
657 5147 715 5200 δὲ
760 5145 1032 5216 ἀκμάζειν
1064 5144 1263 5212 έοικεν,
1293 5144 1405 5198 εἴτε
1439 5143 1680 5212 σφριγᾷν
1723 5141 1819 5195 καὶ
1847 5143 1940 5208 ὀρ-

363 5241 471 5310 μᾷν
504 5239 599 5291 καὶ
622 5236 906 5310 τεθηλέναι
944 5237 1024 5299 εἰς
1063 5234 1277 5304 καρπὸν
1311 5233 1539 5302 σαπρόν.
1582 5231 1717 5300 Ἐμὲ
1759 5231 1938 5284 τοίνυν

360 5309 548 5394 αὑτὸν,
582 5330 675 5381 τὸν
705 5309 832 5400 ἄρτι
870 5327 1026 5381 τοῦδε
1055 5327 1149 5380 τοῦ
1188 5325 1363 5379 κακοῦ
1407 5324 1754 5395 ξυγγραφέα,
1783 5323 1938 5390 ἐξόλ-

359 5423 514 5477 λυσιν
544 5424 578 5492 ἡ
613 5421 806 5493 μιαρά.
863 5420 975 5474 Καὶ
1002 5419 1111 5491 γάρ
1149 5436 1232 5472 τοι
1282 5417 1673 5486 κατακώχιμος
1722 5415 1798 5468 ὢν
1835 5433 1937 5485 μυο

361 5515 505 5586 ρίαις
535 5514 780 5578 κακίαις,
811 5513 998 5584 μήπου
1027 5513 1082 5564 δὲ
1109 5510 1206 5564 καὶ
1233 5509 1499 5573 ἁπάσαις,
1527 5506 1938 5577 διαλελώόημαι

361 5609 458 5661 καὶ
485 5605 591 5659 ὑπὸ
617 5608 842 5676 ταύτης,
869 5605 944 5666 ώς
969 5605 1069 5658 οὑκ
1091 5599 1270 5674 οἴμαι,
1302 5603 1356 5656 εί
1377 5619 1462 5664 τις
1492 5600 1653 5662 ἄλλος
1682 5599 1789 5652 τῶν
1817 5597 1936 5651 κατ’

361 5699 486 5767 ἐμὲ.
520 5699 647 5751 Δέον
678 5696 810 5766 γοῦν
853 5713 985 5749 ποτε
1036 5695 1219 5766 χολᾷν,
1270 5695 1354 5763 ἐφ’
1396 5688 1478 5756 οἷς
1526 5689 1960 5763 πραγματικῶς.

359 5791 667 5851 διάκειμαι.
715 5789 1109 5856 ἀνακαγχάζω,
1156 5787 1513 5854 ἐπικρύπτων
1562 5784 1820 5852 ἐμαυτὸν,
1860 5783 1938 5847 ὡς

2049 4567 2222 4635 prima
2263 4567 2534 4623 sermonis
2581 4568 2840 4638 repagula
2883 4571 3265 4630 abscindentes
3317 4576 3622 4632 insinuavi-

2048 4674 2187 4713 mus.
2239 4657 2371 4726 Quae
2395 4660 2609 4728 qualem
2674 4663 2726 4716 in
2791 4662 3100 4718 hominibus
3160 4678 3220 4719 se
3279 4669 3505 4737 gesserit
3548 4671 3619 4726 ab

2046 4749 2257 4819 origine
2289 4751 2472 4808 dicere
2516 4767 2622 4807 non
2655 4762 2839 4823 posset
2877 4755 2978 4808 nisi
3029 4765 3220 4811 auctor
3253 4760 3466 4828 gravisj;
3523 4763 3620 4820 sed

2051 4843 2274 4897 omnino
2323 4843 2492 4898 vitam
2546 4845 2695 4912 degit
2746 4845 2956 4915 qualem
3005 4862 3112 4901 non
3149 4859 3291 4904 anmt
3318 4851 3474 4907 Deus.

2117 4955 2170 5011 9.
2211 4958 2522 5013 Ponendum
2580 4968 2664 5014 est
2701 4961 2877 5017 adhuc
2935 4961 2989 5016 in
3033 4972 3149 5017 arte
3206 4965 3418 5020 scenica
3475 4967 3620 5024 illam

2047 5063 2166 5117 qua:
2189 5049 2484 5102 secundum
2515 5056 2793 5104 auctorem
2829 5049 3002 5105 totius
3040 5050 3169 5103 mali
3189 5065 3414 5121 serpens
3454 5053 3622 5109 sedu-

2045 5139 2186 5193 ctrix
2247 5148 2370 5205 est,
2429 5149 2804 5196 susurrantem
2869 5140 3011 5196 dico.
3073 5139 3226 5196 Nunc
3293 5153 3470 5197 autem
3518 5144 3618 5200 llo.

2047 5246 2262 5286 rescere
2310 5233 2547 5298 videtur,
2601 5232 2716 5287 sive
2778 5232 3106 5302 germinare,
3153 5248 3506 5303 prorumpere
3556 5253 3621 5294 ac

2046 5322 2196 5377 abire
2247 5322 2304 5376 in
2361 5321 2595 5377 fructum
2651 5321 2953 5393 putridum.
3012 5325 3207 5381 Memet
3275 5327 3482 5384 scilicet
3537 5330 3619 5400 ip-

2045 5431 2188 5478 sum,
2216 5426 2538 5484 praeseutem
2571 5416 2730 5484 hujus
2775 5418 2903 5472 mali
2967 5417 3385 5488 descriptorem,
3444 5423 3621 5492 perdit

2045 5508 2220 5564 bestia
2246 5509 2334 5563 illa
2371 5509 2655 5564 scelerata.
2679 5509 2892 5565 Etenim
2923 5510 3153 5565 traditus
3197 5511 3344 5568 mille
3364 5512 3624 5582 iniquita-

2046 5599 2210 5664 tibus,
2250 5602 2406 5656 sinon
2451 5600 2727 5668 omnibus,
2790 5603 2938 5657 abea
2993 5603 3306 5658 did‘amatus
3365 5620 3506 5666 sum,
3561 5616 3621 5658 ut

2048 5691 2244 5756 nullus,
2272 5701 2424 5762 puto,
2447 5693 2577 5748 mihi
2595 5695 2902 5764 aequalium.
2927 5693 3150 5764 Oportet
3168 5696 3310 5750 enim
3334 5695 3622 5764 aliquando

2047 5787 2111 5839 de
2137 5784 2364 5856 negotiis
2387 5785 2582 5856 quibus
2605 5786 2806 5858 insum,
2828 5787 3010 5844 vexari
3047 5787 3238 5856 bilem;
3263 5785 3359 5843 sed
3395 5785 3622 5842 abscon-
