4090 6420
502 359 611 427 3'19

1177 353 1605 419 EUSTATHII
1649 349 2408 414 THESSALUNICENSIS
2441 353 3007 419 ΜΕΤιιΟΡΟιΙΤιΕ

3651 354 3773 417 380

502 481 639 533 deus
672 489 759 532 me
793 473 929 530 sicut
961 485 1206 544 possum,
1235 471 1407 527 rideo.
1464 466 1659 527 Essent
1699 468 1917 541 quidam
1943 485 1975 525 a
2007 484 2091 526 me

2193 468 2304 540 ἐγὼ
2329 465 2468 527 οῖδα.
2499 470 2629 527 Δέον
2658 471 2718 526 δν
2760 474 3044 546 ἀφορίζειν
3084 472 3238 538 τινὰς
3270 471 3368 528 ἀπ’
3399 472 3557 544 ἐμοῦ,
3589 474 3766 543 ἀγκαο

501 569 855 640 segregandi:
880 567 973 623 sed
1001 568 1173 637 magis
1198 565 1317 620 illos
1346 562 1414 618 ad
1437 563 1650 635 negetis
1682 576 1923 618 reservo.
1946 560 2089 617 Cau-

503 677 622 719 sam
648 668 922 732 oporteret
960 658 1253 716 defendere
1286 665 1480 714 :tseeo
1529 656 1582 711 in
1615 655 1880 727 judicium
1929 654 2083 710 mihi.

504 753 576 809 Ut
625 752 804 809 omnia
838 750 1163 806 brevissime
1209 749 1387 805 dicam
1408 788 1424 817 ,
1453 746 1772 818 plerumque
1810 746 2086 801 sincerum

502 845 681 899 virum
730 843 980 899 mentior.
1037 841 1251 897 Utinam
1298 842 1515 896 tandem
1564 854 1671 894 non
1716 852 1939 909 prorsus
1988 835 2089 889 fal-

502 938 610 1001 lar,
654 948 706 993 te
753 950 984 1007 precor,
1030 934 1173 991 Deus
1227 933 1499 1001 Salvator,
1550 932 1645 1004 qui
1688 946 1851 1002 super
1881 945 1965 985 me
1990 943 2087 1000 po-

501 1028 662 1082 suisti
703 1043 922 1083 manum
948 1036 1141 1089 ,tuam.
1185 1025 1303 1082 Hoc
1329 1025 1494 1098 igitur
1517 1040 1686 1081 unum
1720 1039 1826 1080 non
1869 1023 2085 1090 simulo,

499 1120 869 1185 sanctitatem,
901 1133 933 1175 a
965 1134 1069 1188 qua
1104 1127 1347 1175 remotus
1379 1133 1523 1184 sum,
1572 1131 1679 1173 non
1709 1116 2045 1171 solummodo
2070 1154 2086 1180 ,

507 1233 527 1265 ι
566 1221 828 1282 quantum
873 1226 904 1266 a
950 1222 1093 1267 terra
1144 1211 1309 1265 distat
1359 1210 1582 1273 coalum,
1613 1228 1634 1261 ι
1671 1208 1789 1276 sed,
1820 1207 1867 1262 si
1900 1206 2084 1263 sielo-

503 1305 598 1373 qui
630 1304 777 1367 licet,
819 1310 1079 1372 quantum
1122 1315 1188 1355 ex
1217 1300 1616 1369 superterrenis
1645 1299 1713 1352 ad
1754 1298 1910 1353 ﬁctos
1940 1296 2087 1351 anti-

510 1397 683 1467 podes
723 1393 960 1465 spatium
1014 1393 1206 1446 currit.
1256 1392 1398 1447 Ecce
1452 1390 1750 1463 pessimum
1801 1388 2086 1460 memetip—

507 1506 627 1545 sum
656 1485 967 1542 manifesto.
996 1483 1111 1539 Non
1147 1484 1291 1539 enim
1337 1483 1640 1539 sinceritati
1701 1482 2082 1552 memetipsum

501 1581 771 1637 fallaciter
808 1577 1073 1643 inseriho,
1113 1576 1410 1632 secundum
1447 1574 1739 1644 plerosque
1768 1589 1957 1630 eorum
1992 1573 2083 1643 qui

498 1682 629 1728 sunt
687 1671 831 1725 circa
888 1683 1008 1732 nos,
1053 1680 1151 1736 ego
1204 1665 1296 1734 qui
1373 1664 1536 1718 etiam
1622 1662 1844 1718 frivolos
1907 1661 2083 1717 homi-

500 1781 598 1821 nes
621 1765 761 1818 inter
780 1761 952 1816 aniles
977 1768 1033 1815 et
1061 1757 1271 1813 vetulos
1298 1766 1354 1811 et
1376 1766 1461 1813 stu
1472 1756 1628 1828 pidos
1662 1769 1929 1823 numero;
1983 1768 2082 1810 nec

502 1875 659 1929 aeque
690 1859 905 1913 cunctis
939 1855 992 1910 in
1024 1853 1316 1908 amicitiam
1351 1852 1778 1924 imprudentem,
1812 1851 2081 1910 blandito-
2112 1831 2159 1888 Β

508 1966 627 2007 rem
658 1965 747 2006 me
774 1949 1007 2021 praebeo.
1036 1945 1263 2012 Verum,
1292 1945 1479 2000 stricte
1505 1958 1718 2017 semper
1744 1961 1863 2017 quae
1893 1959 2083 2000 secun-

506 2043 636 2100 dum
668 2040 831 2098 Deum
861 2043 979 2104 est,
1026 2034 1351 2093 charitatem
1397 2035 1749 2105 amplectens,
1809 2031 2083 2090 nihilomi-

504 2151 609 2192 nus
637 2134 899 2189 invitante
927 2139 1194 2200 tempore,
1223 2134 1412 2183 contra
1447 2125 1708 2179 malitiam
1740 2124 1903 2191 latro,
1939 2125 2089 2178 dixe-

500 2229 572 2282 rit
619 2226 707 2281 ille
763 2224 1038 2294 malignus
1078 2221 1171 2290 qui
1230 2217 1557 2273 laudabilem
1611 2217 2086 2286 reprehensionem

506 2324 563 2377 in
626 2320 834 2375 latratu
899 2316 1090 2386 ponit;
1147 2321 1201 2368 et
1259 2326 1433 2383 neque
1497 2311 1846 2381 paciscerer,
1914 2323 2090 2375 neque

506 2410 890 2483 complectenti
918 2409 1285 2471 coadunarer,
1320 2405 1423 2459 etsi
1460 2403 1800 2459 simultatem
1836 2401 1970 2455 mihi
1997 2416 2093 2454 ex-

504 2506 771 2574 probrans
795 2510 1157 2568 rumperetur.
1191 2495 1325 2551 Cum
1370 2494 1498 2549 ﬂere
1551 2502 1788 2563 oportet,
1839 2506 1947 2546 non
1977 2491 2088 2545 risu

503 2595 797 2653 sardonico
834 2601 974 2647 utar.
1007 2589 1105 2645 Est
1160 2602 1374 2658 quoque
1435 2587 1566 2640 mihi
1629 2582 1911 2639 rationalis
1951 2583 2090 2636 laeti—

506 2688 596 2743 tia:
646 2685 887 2749 occasio,
919 2697 1043 2737 cum
1094 2694 1225 2743 non,
1292 2677 1585 2731 contractis
1639 2674 1941 2744 superciliis
1990 2685 2092 2728 nec

507 2778 673 2836 labiis
704 2775 1042 2838 constrictis,
1078 2770 1286 2827 sull‘oco
1315 2768 1607 2839 gaudium,
1648 2768 1778 2821 illud
1821 2768 1967 2821 intus
1996 2779 2093 2835 per

507 2870 824 2944 hypocrisin
874 2882 1226 2938 componens.
1273 2864 1389 2919 Non
1448 2863 1768 2918 simulanter
1812 2858 2091 2915 laudarem

506 2983 671 3040 quem
709 2981 817 3022 non
846 2964 1033 3033 diligo,
1064 2962 1259 3030 linguas
1316 2958 1547 3030 gratiam
1590 2957 1795 3026 ﬁngens
1843 2954 2089 3011 adulato-

505 3063 678 3123 riam,
729 3070 852 3113 cum
902 3053 1068 3109 etiam
1133 3050 1502 3106 adulationem
1561 3048 1678 3101 scio
1739 3048 2088 3116 propaginem

2187 561 2412 633 λίζομαι
2443 564 2571 629 τοὺς
2605 564 2888 630 τοιούτους
2935 563 3570 637 πραγματευτικώτερον
3590 581 3606 597 ·
3639 566 3761 620 δέον

2185 653 2728 726 δικαιολογήσασθαι,
2753 657 2890 713 ἀλλὰ
2915 657 3171 727 ἐχεμυθῶ
3199 658 3279 722 είς
3308 659 3484 728 κρίμα
3515 658 3657 728 ἐμοί.
3685 659 3759 712 Τὸ

2188 751 2300 803 πᾶν
2328 750 2385 802 ἐν
2425 748 2751 822 βραχυτάτῳ
2798 752 3006 805 εἰπεῖν’
3044 751 3313 822 ψεύδομαι
3353 751 3445 804 τὸν
3484 750 3645 822 ὀρθὸν
3672 751 3754 805 ἄν·

2189 840 2409 911 θρωπον
2437 842 2506 896 τὰ
2536 842 2726 898 πολλά.
2751 843 2843 915 Μὴ
2867 842 2977 914 γάρ
3015 860 3106 914 μοι
3134 850 3349 912 γένοιτο
3372 844 3429 907 ἐς
3471 843 3532 896 τὸ
3560 859 3760 897 παντε-

2188 933 2299 999 λὲς,
2334 933 2431 1005 μὴ,
2459 927 2504 989 ὦ
2533 934 2637 989 Θεέ
2665 935 2875 1007 Σῶτερ,
2903 938 2932 990 ό
2962 935 3057 991 καὶ
3092 935 3173 999 είς
3211 935 3312 1006 ἐμέ
3331 933 3442 999 θεὶς
3469 932 3569 1005 τὴν
3597 934 3760 1005 χεῖρά

2190 1043 2311 1081 σου.
2356 1028 2457 1081 Ἕν
2485 1029 2620 1097 γοῦν
2662 1029 2840 1083 ἐκεῖνο
2869 1028 2969 1099 οὑχ
3015 1027 3409 1099 ὑποκρίνομαι,
3446 1025 3547 1098 τὴν
3604 1026 3759 1094 ἁγιό-

2185 1137 2347 1193 τητα,
2379 1116 2448 1193 ἦς
2474 1116 2848 1192 ἀφιστάμενος
2878 1120 2941 1174 οὑ
2977 1118 3162 1189 μόνον,
3194 1137 3213 1172 ι
3244 1119 3369 1173 ὅσον
3397 1117 3622 1188 οὐρανός
3647 1118 3758 1171 ἐστ’

2186 1214 2297 1268 ἀπὸ
2323 1214 2508 1285 γαίης,
2541 1233 2561 1268 ι
2589 1213 2705 1269 ἀλλ’
2731 1214 2892 1285 είπερ
2924 1209 2993 1287 ἦν
3023 1213 3224 1279 εἰπεῖν,
3257 1212 3354 1266 καὶ
3388 1212 3514 1265 ὅσον
3560 1212 3624 1264 ἐκ
3651 1210 3761 1263 τῶν

2188 1305 2497 1379 ὑπεργείων
2514 1309 2595 1372 είς
2606 1309 2733 1373 τοὺς
2752 1307 3140 1378 ἐννοουμένους
3156 1304 3468 1366 ἀντίποδας.
3489 1301 3764 1371 Ἑκφαίνω

2185 1399 2426 1471 ἐμαυτὸν
2452 1399 2563 1455 ίδοὺ
2593 1399 2985 1471 περιπόνηρον.
3016 1396 3155 1452 Οὑτε
3190 1393 3301 1467 γάρ
3334 1396 3413 1459 είς
3442 1392 3758 1449 ἀπλαστίαν

2186 1492 2424 1562 ἐμαυτὸν
2458 1490 2825 1563 ψευδογραφῶ
2857 1489 3001 1545 κατὰ
3034 1490 3161 1553 τοὺς
3210 1487 3429 1551 πλείους
3477 1486 3588 1539 τῶν
3630 1484 3763 1557 περὶ

2186 1585 2358 1657 ἡμᾶς.
2386 1586 2415 1639 ό
2461 1585 2560 1640 καὶ
2603 1586 2733 1649 τοὺς
2777 1583 3003 1646 ἀΰαθεῖς
3047 1580 3372 1652 ἀνθρώπως
3409 1578 3490 1641 είς
3532 1592 3765 1647 μαμμα.

2186 1677 2415 1742 κούθους
2451 1678 2546 1732 καὶ
2597 1675 2918 1749 πολυώρους
2954 1674 3054 1729 καὶ
3102 1671 3376 1744 μελιτίδας
3423 1668 3722 1739 ἐγγράφων
3746 1683 3761 1697 ’

2185 1771 2308 1827 οὐδὲ
2339 1771 2459 1843 μὴν.
2485 1769 2683 1839 ἐπίσης
2730 1769 2937 1823 ἅπασιν
2967 1766 3043 1831 ὡς
3088 1766 3147 1829 ἐς
3185 1763 3374 1835 φιλίαν
3424 1759 3767 1824 ἀδιακρίτως

2187 1862 2574 1935 προσφέρομαι
2617 1861 2855 1933 ἁρέσκου
2886 1859 3065 1929 δίκην.
3113 1856 3277 1912 Ἀλλὰ
3308 1855 3554 1925 στέργων
3585 1850 3766 1923 ὀρθῶς

2187 1956 2274 2009 ἀεὶ
2299 1953 2400 2026 τὴν
2426 1954 2569 2009 κατὰ
2593 1955 2726 2008 Θεὸν
2758 1952 3001 2022 ἀγάπην,
3025 1951 3174 2021 ὅμως
3206 1946 3401 2019 καιροῦ
3432 1946 3767 2008 καλέσαντος

2189 2046 2521 2101 καθυλακτῶ
2552 2045 2649 2100 τοῦ
2684 2042 2878 2111 κακοῦ,
2904 2043 3052 2097 εῐποι
3080 2043 3147 2097 ἂν
3174 2043 3383 2104 ἐκεῖνος
3414 2040 3442 2092 ὀ
3470 2038 3661 2103 κακδς,
3703 2036 3769 2098 ὃς

2187 2138 2281 2193 τὸν
2307 2137 2591 2193 ἐπαινετὸν
2624 2137 2847 2208 ἔλεγχον
2878 2137 2962 2201 είς
2995 2134 3243 2206 βαῦσμὸν
3275 2132 3460 2201 τίθησι
3487 2147 3502 2163 ·
3531 2131 3628 2185 καὶ
3657 2130 3768 2183 οὑκ

2188 2232 2256 2287 ἂν
2287 2232 2413 2287 οὔτε
2462 2230 2881 2301 συναλλάξαιμι,
2912 2228 3037 2283 οὔτε
3068 2226 3433 2296 ἀτπαζομένῳ
3481 2238 3772 2295 προσενω-

2191 2326 2365 2397 θείην,
2399 2325 2503 2379 κᾶν
2526 2321 2855 2396 διαρῤαγείη
2885 2319 3165 2375 ἐπικαλῶν
3187 2335 3279 2389 μοι
3300 2317 3362 2372 τὸ
3401 2316 3773 2387 μνησίκακον.

2191 2418 2444 2473 κλαῦσαι
2469 2416 2693 2486 δεῆσαν,
2724 2415 2826 2469 οὑκ
2849 2413 2916 2468 ἂν
2947 2412 3232 2475 ἐκγελάσω
3257 2404 3564 2482 σαρδόνιον.
3609 2407 3776 2460 Ἐστι

2196 2530 2289 2583 μοι
2328 2511 2420 2565 καὶ
2445 2510 2730 2581 χαρμονῆς
2760 2508 2981 2574 ἐλλόγου
3011 2509 3226 2575 καιρὸς,
3257 2505 3348 2557 ὅτε
3392 2505 3492 2557 οὑκ
3534 2501 3601 2556 ἂν
3639 2517 3778 2553 συν-

2192 2601 2418 2672 αγαγὼν
2452 2602 2551 2663 τὰς
2594 2600 2786 2670 ὀφρῦς,
2817 2599 2911 2653 καὶ
2955 2598 3024 2652 τὰ
3048 2597 3204 2669 χείλη
3245 2594 3564 2663 συσφίγξας,
3598 2590 3781 2656 πνίξω

2193 2694 2476 2756 συστείλας
2514 2692 2613 2763 τὴν
2658 2692 2838 2762 χαρὰν
2888 2691 3040 2752 ἐντὸς
3086 2686 3480 2759 ὑποκριτικῶς.
3536 2685 3652 2738 Οὐκ
3699 2682 3780 2737 ἂν

2193 2785 2633 2857 ὑποκρινάμενος
2666 2783 3043 2854 ἐπαινέσαιμι,
3074 2781 3132 2835 ὃν
3163 2782 3225 2835 οὑ
3256 2781 3416 2849 φιλῶ,
3440 2777 3780 2849 ψευδόμενος

2191 2880 2445 2950 γλώσσης
2478 2878 2638 2949 χάριν
2672 2876 3131 2947 κολακικώτερον,
3165 2874 3287 2929 ἐπεί
3318 2890 3401 2926 τοι
3424 2874 3519 2925 καὶ
3550 2869 3648 2941 τὴν
3678 2886 3783 2921 κο-

2191 2972 2418 3027 λακείαν
2443 2969 2775 3041 παραφυάδα
2810 2964 2927 3022 οἶδα
2945 2968 3149 3035 φαύλου
3170 2965 3475 3034 στελέχους,
3516 2962 3615 3031 τῆς
3635 2961 3780 3013 ὑπο-

2190 3064 2447 3135 κρίσεως.
2483 3061 2557 3114 Ού
2594 3060 3037 3131 προσποιήσομαι
3072 3057 3193 3111 οὐδὲ
3224 3055 3286 3108 τὸ
3318 3047 3779 3124 ἐγκρατευτικόν.

508 3167 687 3221 pravae
710 3141 1342 3220 stipitis,simulationis.
1388 3141 1503 3195 Non
1557 3141 1686 3194 item
1738 3138 2087 3191 sobrietatem

2193 3155 2412 3209 Βέλτιον
2468 3152 2755 3224 ἡγήσομαι
2817 3148 3152 3219 κατάσχετος
3213 3147 3355 3218 μέθῃ
3411 3140 3781 3213 ἐκφανθῆναι,

511 3246 708 3315 ﬁngam
732 3278 749 3306 ,
781 3239 951 3295 satius
984 3238 1193 3292 ducens
1239 3243 1451 3300 captum
1506 3230 1768 3286 ebrietate
1811 3245 1895 3284 me
1921 3229 2089 3284 videri

2193 3251 2338 3321 ἢπερ
2364 3243 2884 3317 ψευδογραφηοῆναι
2927 3241 3063 3311 πρὸς
3104 3237 3433 3309 νηστευτήν.
3481 3233 3780 3303 Πεπληρο-

512 3353 676 3407 quant
732 3332 999 3386 fallaciter
1021 3342 1116 3397 pro
1159 3326 1381 3381 homine
1414 3323 1600 3377 sobrio
1637 3322 1847 3375 haberi.
1871 3319 2091 3407 Manum

515 3428 724 3485 habens
747 3438 927 3481 messe
957 3437 1078 3493 quae
1107 3419 1254 3477 venit
1282 3434 1313 3474 a
1337 3418 1442 3473 Deo
1456 3416 1694 3486 plenam,
1722 3413 1956 3470 fructum
1983 3428 2092 3469 non

509 3517 866 3580 abscondam,

586 3611 677 3667 10.
698 3611 956 3677 υιιιοιυω
992 3604 1263 3661 declarem
1286 3640 1302 3668 ,
1336 3599 1738 3654 simulationem
1757 3612 1879 3667 ego,
1911 3606 1971 3651 ut
2002 3595 2092 3666 qui

512 3703 751 3760 maxime
786 3714 855 3754 ex
885 3696 1174 3759 erunibus,
1211 3695 1265 3748 in
1309 3692 1436 3747 odio
1499 3689 1695 3744 habeo.
1741 3686 1854 3743 lloc
1912 3698 2091 3743 autem

512 3799 638 3854 dico
667 3773 772 3849 nou
803 3792 1075 3863 glorians,
1102 3785 1507 3859 Astydamantis
1543 3786 1740 3853 instar,
1772 3792 1835 3839 ut
1861 3784 2088 3859 dicitur,

512 3888 612 3946 sed
648 3886 949 3944 secundum
984 3881 1396 3937 aceurationem
1427 3878 1610 3933 studio
1634 3876 1857 3946 proprio
1897 3875 2091 3928 immu-

516 3993 668 4034 nem.
711 3975 946 4030 Prorsus
985 3971 1131 4026 enim
1178 3969 1380 4023 malum
1411 3968 1553 4023 istud
1612 3967 1877 4043 detestor,
1923 3972 1977 4019 et
2022 3962 2092 4017 ab

513 4070 634 4145 illo,
692 4073 956 4135 quantum
1016 4074 1242 4130 possunt
1293 4058 1530 4112 decline.
1584 4056 1642 4111 Si
1702 4070 1831 4111 vero
1898 4056 1949 4109 in
2008 4056 2093 4111 his

512 4164 656 4220 forte
682 4161 913 4215 diversa:
967 4151 1266 4209 locutionis
1325 4150 1644 4225 convincar,
1696 4148 1823 4203 hinc
1873 4148 2091 4217 quidem

516 4253 897 4320 memetipsum
937 4258 1205 4301 accusans
1226 4242 1294 4298 de
1338 4255 1492 4297 more
1517 4239 1879 4306 simulatorio,
1947 4239 2094 4295 sicut

519 4350 632 4422 jam
673 4354 833 4402 antea
878 4338 1168 4396 confessus
1203 4349 1322 4390 sum
1347 4385 1362 4410 ,
1401 4334 1547 4389 illinc
1599 4340 1778 4388 autem
1825 4334 1970 4388 idem
2002 4348 2095 4388 ne-

518 4456 678 4513 gans,
710 4450 841 4492 ecce
875 4431 1006 4487 mihi
1044 4431 1227 4484 laetus
1261 4426 1561 4483 advocatus
1598 4427 1653 4479 in
1685 4424 1913 4479 veritate
1968 4424 2093 4480 dico

2194 3339 2509 3410 φορημένος
2556 3338 2654 3404 τὴν
2683 3336 2841 3405 χεῖρα
2868 3331 3060 3402 θέρους
3090 3328 3187 3389 τοῦ
3223 3329 3288 3383 ἐκ
3332 3324 3493 3393 Θεοῦ,
3524 3324 3624 3378 οὑκ
3649 3324 3787 3377 ἐπι-

2191 3430 2476 3501 κρύψομαι
2504 3427 2596 3482 τὸν
2625 3425 2859 3498 καρπόν.

2265 3613 2324 3665 ι’.
2353 3602 2581 3661 Συνόλου
2620 3604 2676 3658 δέ
2726 3600 3108 3673 ἀποφήνασθαι
3136 3617 3151 3634 ο
3180 3598 3438 3671 ἀπεχθῶς
3491 3595 3604 3666 ἐγὼ
3654 3594 3783 3649 διᾶ-

2194 3715 2391 3766 κειμαι
2426 3698 2556 3767 περὶ
2584 3695 2684 3766 τὴν
2714 3695 3026 3765 ὑπόκρισιν,
3054 3692 3129 3754 ῶς
3171 3692 3271 3744 οὑκ
3314 3687 3430 3751 οἷδ’,
3466 3690 3519 3742 εἰ
3560 3705 3643 3749 τις
3674 3688 3782 3741 ἀν-

2195 3789 2451 3861 θρώπων.
2487 3788 2645 3855 Λέγω
2675 3787 2730 3841 δὲ
2767 3788 2920 3851 αὐτὸ,
2956 3787 3058 3838 οὑκ
3103 3783 3497 3853 ἀποσεμνύνων
3537 3779 3782 3857 ἐμαυτὸν

2207 3878 2644 3947 Ἀστυδάμαντος
2676 3878 2856 3948 δίκην,
2883 3875 2912 3929 ὃ
2936 3876 3180 3943 λέγεται,
3207 3875 3343 3928 ἀλλὰ
3374 3873 3509 3943 πρὸς
3538 3871 3782 3942 ἀφίλαυ-

2191 3989 2285 4027 τον
2316 3972 2626 4043 άκρίϐειαν.
2663 3970 2814 4024 Πανυ
2855 3986 2962 4038 γαρ
3001 3978 3144 4039 μισω
3179 3970 3330 4021 τουτὶ
3358 3967 3418 4020 τὸ
3443 3966 3634 4029 κακὸν,
3676 3966 3780 4019 καὶ

2192 4067 2273 4129 είς
2311 4066 2435 4120 ὅσον
2458 4065 2712 4135 δύναμις,
2753 4063 3105 4134 παρεκκλίνω
3151 4064 3246 4115 ἀπ’
3280 4062 3467 4115 αὐτοῦ.
3501 4062 3564 4114 Εἰ
3589 4058 3643 4113 δέ
3682 4077 3778 4112 τυ-

2193 4158 2289 4229 χὸν
2345 4158 2772 4227 ἐναντιοφωνίας
2824 4159 2883 4209 ἐν
2926 4156 3136 4221 τούτοις
3197 4156 3514 4226 ἀλίσκομαι,
3559 4156 3636 4223 πῆ
3672 4156 3776 4224 μὲν

2194 4248 2519 4320 κατηγορῶν
2547 4247 2786 4318 ἐμαυτοῦ
2811 4247 2872 4300 τὺ
2904 4247 3255 4319 ὑποκριτικὸν
3282 4241 3433 4319 ἦθος,
3458 4245 3531 4308 ὡς
3559 4244 3774 4313 φθάσας

2192 4340 2761 4411 ἀνθωμολογησάμην,
2813 4340 2891 4410 πῆ
2926 4339 2983 4392 δὲ
3032 4340 3447 4410 ἀπαρνούμενος
3497 4336 3559 4391 τὸ
3614 4338 3773 4401 αὑτὸ,

2194 4431 2311 4485 ἀλλ’
2344 4432 2451 4486 ίδοὺ
2485 4432 2790 4503 δικηγορῶν
2837 4430 3062 4503 ἐμαυτῷ
3104 4432 3249 4501 λέγω
3309 4432 3445 4503 πρὸς
3484 4430 3772 4501 ἀλήθειαν,

512 4541 659 4612 quod
699 4538 764 4593 de
792 4542 993 4590 caetero
1017 4541 1356 4600 prosequens
1383 4524 1718 4581 sinceritatis
1764 4525 1960 4590 solem,
2010 4525 2087 4578 si-

2194 4526 2278 4579 ὅτι
2311 4525 2486 4588 ἄλλως
2539 4524 2638 4597 μέν
2684 4525 3036 4596 μεταδιώκων
3090 4525 3181 4578 τὸν
3224 4525 3323 4596 τῆς
3375 4523 3775 4592 ἀνυποκρισίας

522 4627 844 4687 rnulationis
870 4623 1070 4693 effugio
1098 4621 1354 4676 tenebras
1378 4635 1393 4686 ;
1420 4620 1515 4673 sed
1557 4630 1897 4687 quascunque
1918 4616 2093 4670 simu-

514 4721 704 4778 latorie
722 4719 901 4772 facere
924 4713 1207 4770 confessus
1230 4725 1372 4776 sum,
1397 4712 1510 4763 haec
1536 4718 1666 4763 sunt
1691 4723 1720 4762 a
1743 4722 1828 4762 me
1848 4707 2093 4762 rationes

516 4809 856 4883 oeconomiae,
910 4806 1124 4876 qualem
1188 4801 1369 4873 regula
1427 4799 1731 4870 praeseriblt
1825 4798 2092 4854 discretos

515 4918 796 4964 sermones
833 4902 1152 4971 dispensare
1199 4905 1466 4959 statuens,
1514 4894 1765 4963 labiaque
1794 4894 2091 4948 secundum

514 4994 980 5069 opportunitatem
1014 4990 1250 5065 aperire,
1286 5001 1386 5042 nec
1411 5000 1524 5041 non
1548 4994 1751 5055 apertae
1803 4984 2092 5041 locutionis

514 5083 1058 5156 intempestivitatem
1117 5080 1313 5154 vitare,
1376 5085 1543 5148 atque
1623 5075 1848 5131 omnino
1906 5090 2091 5131 rerum

516 5176 922 5238 conditionibus
969 5173 1038 5228 ad
1058 5185 1194 5243 opus
1229 5169 1658 5226 accommodari.
1687 5167 1841 5234 Quod
1874 5167 2092 5240 quidem

519 5275 569 5329 si
607 5273 726 5341 quis
750 5268 946 5324 tribuit
984 5264 1329 5321 siutulatorio
1355 5262 1683 5337 discrimini,
1741 5276 1850 5316 non
1905 5269 2093 5330 posset

520 5376 736 5420 omnem
756 5362 1097 5415 honestatem
1119 5365 1175 5412 et
1195 5355 1625 5411 moderationem
1652 5366 1706 5411 et
1724 5355 2090 5429 disciplinam,

515 5455 716 5527 quibus
764 5455 821 5507 in
887 5450 1142 5505 vitiorum
1206 5450 1389 5520 fugam
1437 5448 1773 5504 inducuntur
1819 5448 2089 5529 homines,

514 5544 793 5620 hypocrisi
847 5557 956 5598 non
1009 5541 1298 5612 subjicere,
1368 5540 1710 5597 Manifestum
1775 5551 1860 5598 est
1916 5541 2089 5616 enim,

520 5639 666 5710 quod
717 5636 998 5692 hominum
1052 5643 1268 5711 natura,
1311 5649 1434 5704 qum
1487 5635 1694 5690 lubrica
1743 5646 1826 5690 est
1868 5641 1920 5688 et
1943 5649 2093 5688 erra-

517 5731 697 5786 bunda
724 5729 885 5784 facile
917 5736 1091 5799 potest
1124 5728 1447 5797 praecipitari
1473 5727 1528 5782 in
1559 5728 1767 5782 ruinam
1796 5746 1809 5794 ;
1844 5727 1935 5782 ille
1965 5741 2093 5782 vero

516 5820 612 5892 qui
645 5820 989 5878 rectitudinis
1037 5818 1301 5876 Dominus
1355 5828 1462 5889 est,
1495 5819 1730 5889 desuper
1786 5813 2090 5888 respicietis
2123 5833 2136 5846 '

2193 4617 2367 4689 ἥλιον,
2403 4619 2659 4686 ἐκφεύγω
2705 4618 2765 4671 τὸ
2797 4619 2895 4689 τῆς
2936 4620 3280 4689 ὑποκρίσεως
3322 4616 3598 4671 σκοτεινόν
3621 4632 3635 4647 ·
3672 4616 3776 4668 ὅσα

2193 4708 2249 4762 δὲ
2283 4709 2781 4781 διωμολογησάμην
2829 4711 2963 4782 δρᾷν
2998 4709 3390 4780 ὑποκριτικῶς,
3443 4709 3560 4763 ἀλλ’
3587 4710 3774 4761 ἐκεῖνα

2193 4801 2510 4872 οίκονομίας
2564 4803 2673 4855 είσὶ
2721 4803 2816 4855 καὶ
2862 4802 2992 4874 παρ’
3053 4801 3178 4872 ἐμοὶ
3231 4801 3467 4873 μέθοδοι,
3519 4801 3709 4853 ὁποίαν
3745 4801 3775 4852 ὁ

2192 4894 2352 4965 ὀρθὸς
2377 4888 2753 4965 παραγγέλλει
2783 4894 2985 4960 κανὼν,
3019 4895 3208 4964 λόγους
3232 4913 3291 4949 τε
3321 4894 3598 4963 κριτικοὺς
3628 4894 3775 4945 οἰκο-

2193 4990 2381 5058 νομεῖν
2438 4989 2646 5050 ἐκεῖνος
2690 4988 3130 5058 διαταττόμενος,
3165 4990 3262 5043 καὶ
3310 4988 3460 5059 χείλη
3504 4989 3561 5042 ἐν
3594 4987 3775 5056 καιρῷ

2193 5081 2452 5155 ᾀνοίγειν,
2484 5080 2673 5137 καὶτὸ
2721 5082 2820 5151 τῆς
2862 5081 3174 5153 παρρησίας
3227 5084 3456 5153 ἄκαιρον
3510 5080 3770 5148 ἀπολέγε-

2197 5151 2346 5240 θθαι,
2386 5177 2480 5230 καὶ
2509 5174 2648 5237 ὅλως
2694 5176 2818 5235 ταῖς
2849 5174 3230 5244 περιπετείαις
3270 5175 3381 5228 τῶν
3429 5176 3773 5245 πραγμάτων

2195 5266 2276 5330 είς
2307 5267 2422 5319 δέον
2449 5266 2847 5336 ἁρμόττεσθαι,
2880 5268 3057 5336 Ὅπερ
3089 5268 3252 5331 εἴτις
3284 5268 3545 5320 ὑποσαλεί
3567 5266 3774 5336 διαιρέ-

2197 5374 2330 5427 ματι
2351 5357 2714 5430 ὑποκριτικῷ,
2739 5360 2837 5412 οὐκ
2857 5359 2923 5414 ἂν
2945 5361 3137 5430 φθάνοι
3164 5359 3256 5412 καὶ
3277 5361 3445 5413 πᾶσιν
3468 5361 3773 5428 σεμνότητα

2194 5449 2290 5502 καὶ
2321 5450 2655 5521 κοσμιότητα
2681 5451 2774 5505 καὶ
2814 5453 3118 5519 παίδευσιν,
3153 5454 3223 5507 δι’
3248 5446 3323 5510 ὧν
3344 5456 3412 5525 τῇ
3450 5454 3562 5507 τῶν
3586 5451 3773 5506 κακῶν

2194 5543 2371 5613 ἀποχῇ
2388 5542 2672 5610 ἐνάγονται
2689 5544 2986 5617 ἄνθρωποι,
3008 5547 3439 5618 καθυπάγωνείς
3459 5549 3772 5619 ὑπόκρισιν.

2192 5634 2363 5704 Δῆλον
2393 5637 2522 5706 γὰρ,
2543 5635 2620 5701 ὡς
2645 5639 2679 5708 ή
2705 5640 2803 5706 μὲν
2832 5641 2955 5694 κατ’
2984 5642 3273 5714 ἄνθρωπον
3305 5644 3466 5712 φύσις
3495 5641 3772 5703 εὐόλισθος

2192 5720 2352 5791 οὖσα,
2399 5728 2494 5781 καὶ
2533 5727 2596 5780 τὸ
2643 5728 3024 5798 ἁμαρτητικὸν
3079 5734 3322 5797 εὐπετῶς
3360 5734 3473 5804 ἔχει
3511 5733 3775 5804 καταρρι-

2194 5818 2471 5883 πτείσθαι,
2526 5817 2633 5888 ὅπη
2679 5818 2753 5889 μὴ
2782 5823 2887 5892 χρή
2915 5837 2929 5855 '
2966 5824 2993 5877 ὁ
3028 5823 3084 5881 δὲ
3113 5825 3206 5895 τῆς
3239 5827 3533 5898 ὀρθότητος
3565 5824 3770 5896 Κύριος
