4090 6426
309 371 411 437 381
1609 380 1712 442 DE
1752 379 2303 446 SIMULATIONE.
3493 388 3603 453 382

307 484 610 557 ὑπερείδων
653 485 848 557 αὐτὴν,
883 487 978 542 δύο
1018 488 1194 544 ταῦτα
1229 490 1444 560 ὲξανύει
1476 493 1682 564 ἀγαθὰ,
1712 513 1883 550 κατα-

2011 496 2156 575 Ιιαηι,
2200 499 2317 557 haec
2358 502 2470 556 duo
2520 500 2662 557 bona
2728 500 2963 578 perlicit,
3004 517 3034 557 a
3083 502 3330 563 cadendo
3372 520 3599 575 prmer—

310 580 533 635 πίπτειν
566 597 628 633 τε
674 579 903 637 κωλύων
930 585 989 637 ὲν
1024 583 1102 653 τῷ
1155 584 1466 656 ὑπερείδειν
1503 587 1599 642 καὶ
1652 606 1888 659 συγκρο-

2011 608 2144 660 rans,
2179 592 2537 650 sustentando
2565 593 2888 674 fortiﬁcans,
2919 603 2973 650 et
3002 595 3211 665 lapsam
3268 596 3505 666 erigens.
3534 597 3600 653 Et

311 677 450 738 τείν,
486 673 583 727 καὶ
620 673 898 730 πεσοῦσαν
946 675 1267 741 ὲξανιστῶν.
1308 680 1419 734 Καὶ
1450 681 1512 735 ού
1555 681 1828 752 δήπουθεν
1860 683 1891 736 ὀ

2011 702 2125 743 lane
2150 688 2241 758 qui
2271 688 2605 757 ceteroquin
2636 688 2855 757 quidem
2872 673 3087 754 pronus
3112 700 3197 745 est
3221 692 3286 743 ad
3308 689 3592 753 malitiam,

313 765 485 830 ἄλλως
514 764 616 833 μὲν
645 765 867 835 ἕτοιμος
896 767 978 830 είς
1008 768 1228 832 κακίαν,
1260 775 1327 842 τῇ
1356 771 1412 825 δὲ
1442 773 1585 828 κατά
1613 774 1741 830 νοῦν
1761 774 1892 830 διοι-

2011 778 2090 834 sed
2120 777 2359 847 spiritali
2389 777 2768 833 moderatione
2792 777 3041 856 erigitur,
3075 794 3185 835 non
3230 779 3595 849 appellabitur

315 860 472 930 κὴσει
505 857 919 929 ὲξορθούμενος,
955 861 1170 931 λέγοιτο
1192 865 1258 918 ἂν
1292 866 1618 938 ὑποκριτής.

2011 869 2139 926 timu
2153 870 2319 935 lator,

387 957 474 1005 ια’.
522 950 865 1023 ’Υποκριτὴν
913 955 1021 1025 γὰρ
1071 955 1299 1027 οἴδαμεν
1340 954 1482 1013 εἶναι
1510 959 1602 1014 τὸν
1626 961 1684 1015 ἐν
1714 960 1891 1034 ἀγαθῇ

2066 959 2153 1015 ll.
2169 958 2547 1017 Simulatorem
2579 961 2794 1031 quidem
2818 977 2941 1018 esse
2966 963 3170 1020 scimus
3185 979 3306 1019 eum
3337 963 3425 1032 qui
3450 963 3592 1018 bona

315 1045 678 1115 προσποιήσει
709 1046 804 1100 καὶ
839 1049 1117 1121 φαντασίᾳ
1149 1052 1216 1120 τῇ
1249 1049 1452 1116 ἔξωθεν
1470 1054 1896 1126 εὐχρηστεῖσθαι

2011 1053 2179 1123 tpecie
2203 1062 2257 1108 et
2288 1055 2613 1124 apparentia
2647 1054 2863 1110 videtur
2896 1056 3046 1111 utilis
3072 1064 3128 1111 et
3157 1056 3400 1110 divinum
3456 1069 3592 1111 cre-

311 1135 593 1199 δοκοῦντα,
624 1138 722 1192 καὶ
747 1138 826 1200 ὡς
856 1142 938 1202 εἰς
966 1140 1139 1213 μύρον
1169 1144 1314 1198 θεῖον
1344 1144 1674 1203 καθεστάναι
1694 1164 1710 1180 ⁸
1743 1150 1814 1204 τά
1838 1149 1898 1204 δὲ

2011 1147 2217 1201 teretur
2251 1156 2627 1216 unguentum;
2670 1147 2902 1202 interius
2956 1156 3137 1202 autem
3167 1148 3378 1202 inutilis
3415 1154 3497 1201 est
3526 1162 3592 1204 ac

312 1229 469 1294 ἐντὸς
506 1230 730 1302 ἀχρεῖον
770 1232 869 1285 καὶ
918 1233 1188 1289 ὀδωδότα·
1240 1239 1338 1293 καὶ
1375 1237 1520 1293 θεῖον
1568 1241 1670 1312 μὲν
1709 1242 1896 1306 δολίως

2011 1238 2188 1304 foetet;
2222 1237 2709 1309 fraudulenterque
2758 1239 2975 1296 divinus
3018 1248 3264 1309 apparet,
3315 1240 3443 1295 dum
3494 1254 3585 1295 sev

315 1322 778 1392 προφαινόμενον,
815 1325 1094 1396 δαιμόνιον
1126 1327 1184 1380 δὲ
1217 1328 1289 1382 τά
1336 1331 1396 1392 ἐς
1445 1331 1696 1401 κρύφιον.
1725 1334 1793 1389 Et
1842 1335 1900 1389 δὲ

2011 1341 2150 1386 creto
2179 1330 2549 1387 danuoniacus
2579 1339 2684 1385 est.
2716 1330 2775 1386 Si
2809 1346 2938 1386 vero
2976 1331 3101 1387 talis
3160 1341 3241 1387 est
3277 1332 3584 1403 hypocrita.

313 1415 559 1478 τοιοῦτος
589 1416 619 1470 ὁ
651 1415 981 1486 ὑποκριτὴς,
1011 1419 1132 1484 πῶς
1156 1420 1223 1474 ἃν
1249 1421 1338 1493 εἴη
1366 1423 1556 1494 ὅμοιος
1581 1427 1607 1479 ὀ
1633 1428 1698 1499 τῇ
1733 1428 1903 1500 κακίᾳ

2011 1423 2271 1494 quomodo
2299 1423 2349 1479 ei
2382 1423 2574 1479 similis
2604 1430 2753 1479 esset
2782 1424 2874 1493 qui
2902 1437 3026 1478 cum
3058 1424 3259 1478 malitia
3310 1423 3590 1478 luctatur?

315 1506 608 1573 παλαίων;
651 1509 749 1563 καὶ
784 1507 1202 1581 πολεμούμενος
1249 1513 1348 1585 μὲν
1390 1515 1480 1568 ὑπ’
1514 1517 1704 1588 αὐτῆς,
1734 1519 1903 1574 νικῶν

2011 1516 2096 1587 qui
2158 1515 2375 1586 quidem
2427 1515 2495 1570 ab
2541 1515 2629 1571 illa
2690 1516 2833 1571 bello
2878 1530 3174 1586 oppressus
3215 1517 3360 1571 illam
3403 1526 3588 1572 tamen

313 1598 373 1653 δὲ
403 1599 572 1670 αὐτὴν
604 1601 896 1672 ἐγκρατῶς
917 1618 933 1634 ο
964 1603 1062 1657 καὶ
1114 1605 1551 1678 κολακευόμενος
1600 1611 1720 1679 μὲν,
1768 1613 1903 1669 ἀνα-

314 1691 490 1745 νεύων
520 1693 579 1747 δὲ
635 1694 730 1747 καὶ
757 1697 1092 1751 καταπτύων
1143 1699 1338 1769 αὐτῆς,
1369 1701 1459 1754 ὅτε
1506 1704 1684 1772 φιλεῖν
1740 1707 1905 1761 αὐτὸν

315 1784 513 1839 ἐθέλει.
549 1786 712 1841 Ἀλλά
741 1787 915 1843 ταῦτα
943 1790 1041 1859 μὲν
1061 1790 1206 1846 οὕτω
1236 1792 1586 1850 καθιστάσθω
1625 1815 1736 1869 μοι,
1761 1800 1903 1872 τάχα

320 1878 421 1948 μὲν
447 1880 727 1949 ἀμεμφῶς
756 1881 970 1957 ἔχοντα,
1006 1882 1135 1946 ἴσως
1173 1884 1230 1939 δὲ
1258 1888 1352 1940 καὶ
1380 1887 1584 1950 άλλως.

389 1966 479 2039 ιβ’.
513 1970 575 2024 Οί
607 1970 667 2024 5‘s
696 1971 1012 2043 ὑποκριταὶ,
1049 1967 1124 2029 ὧν
1155 1977 1250 2031 καὶ
1297 1981 1512 2046 φθάσας
1554 1985 1902 2057 πεπείραμαι

320 2058 416 2111 καὶ
439 2059 612 2113 είσέτι
646 2061 952 2132 πειρῶμαι,
985 2063 1247 2137 τοιαύτην
1281 2068 1466 2139 ἔχουσι
1498 2079 1898 2148 καταγραφήν.

329 2148 752 2206 ’Υποποιοῦνται
783 2153 892 2224 πρὸ
924 2155 1036 2208 τῶν
1056 2155 1236 2211 ἄλλων
1259 2160 1322 2213 τὸ
1349 2162 1546 2231 φίλιον,
1581 2167 1902 2234 ποππύζον-

316 2258 412 2306 τες
451 2244 545 2296 τὸν
598 2247 1115 2317 παρατυγχάνοντα,
1152 2248 1483 2321 θὼπτοντες,
1545 2259 1903 2327 αἱκάλλοντες

315 2334 394 2399 ὡς
419 2329 509 2389 οἷα
537 2338 630 2391 καί
655 2354 774 2393 τινα
799 2339 1036 2411 κυνάρια
1062 2340 1344 2415 σαίνουρα,
1381 2349 1743 2420 κνυζώμενοι,
1769 2373 1905 2426 προ-

2008 1608 2243 1664 llrmiter
2283 1608 2572 1676 vincit;et
2619 1609 2873 1667 adulatus
2903 1612 2971 1667 ab
3019 1610 3234 1678 eadem,
3281 1611 3487 1679 respuit
3528 1617 3585 1665 et

2007 1703 2265 1772 conspuit
2294 1703 2470 1770 illam,
2520 1703 2741 1773 quando
2782 1703 2897 1758 vult
2942 1704 3182 1759 osculari
3217 1719 3364 1759 eum.
3435 1703 3589 1756 Atta-

2009 1811 2134 1849 men
2178 1794 2299 1850 haec
2330 1796 2549 1865 quidem
2581 1794 2714 1848 mihi
2745 1794 2829 1850 sic
2859 1802 3066 1849 statuta
3102 1795 3232 1861 sint,
3272 1793 3417 1848 forte
3464 1793 3587 1860 qui-

2006 1889 2125 1944 dem
2158 1888 2561 1956 irreprehensa,
2592 1887 2886 1958 aliquando
2915 1902 3046 1942 vero
3081 1886 3553 1957 reprehendenda.

2077 1977 2165 2032 12.
2198 1975 2508 2048 Hypocritze
2556 1992 2712 2045 vero,
2745 1992 2883 2047 quos
2907 1978 3022 2047 jam
3057 1985 3322 2046 expertus
3369 1990 3489 2029 sum
3534 1985 3591 2029 et

2004 2071 2186 2127 adhuc
2216 2069 2491 2138 experior,
2519 2070 2681 2126 talem
2713 2072 2950 2126 subeant
2981 2070 3423 2126 delineationem.
3450 2067 3587 2122 Fin-

2004 2171 2137 2233 gunt
2192 2170 2319 2217 ante
2350 2162 2532 2217 omnia
2591 2162 2911 2228 amicitiam,
2944 2161 3177 2217 subeant
3232 2168 3589 2229 provocantes

2004 2270 2426 2326 occurrentem,
2495 2259 2803 2325 adulantes,
2871 2257 3197 2319 mulcentes.
3263 2266 3324 2311 ut
3378 2255 3589 2311 faciunt
3704 2306 3709 2309 _

2004 2352 2169 2410 catuli
2202 2352 2429 2407 caudam
2461 2362 2767 2421 moventes,
2786 2351 3153 2425 Agannientes,
3181 2349 3248 2404 ad
3277 2349 3443 2418 pedes
3463 2360 3592 2416 pro-

318 2427 696 2499 κυλινδόμενοι
727 2431 926 2497 ποδῶν,
960 2432 1236 2504 λείχοντες
1262 2440 1461 2509 μικροῦ
1490 2444 1585 2496 καὶ
1616 2444 1761 2517 ἴχνη,
1797 2448 1904 2518 πρὸ

2011 2442 2197 2507 voluti,
2224 2441 2451 2512 vestigia
2479 2441 2590 2497 fere
2610 2441 2936 2506 lambentes,
2959 2455 3144 2495 eoram
3173 2439 3403 2501 dilectis,
3431 2437 3590 2491 beni-

316 2520 430 2575 τῶν
478 2524 827 2594 φιλουμὲνων
876 2527 1171 2598 βαΰζοντες
1205 2532 1468 2599 εὐνοϊκῶς
1497 2536 1680 2608 δῆθεν,
1723 2540 1904 2596 πάντα

2011 2548 2107 2605 gae
2155 2548 2309 2598 sane,
2338 2532 2630 2600 latrantes,
2655 2532 2838 2587 omnia
2865 2531 3152 2595 facientes,
3188 2529 3372 2584 omnia
3405 2528 3593 2582 dicen-

316 2615 622 2683 ποιοῦντες,
665 2618 846 2674 πάντα
876 2621 1152 2690 λέγοντες,
1189 2626 1257 2678 δι’
1280 2619 1357 2680 ὧν
1389 2628 1456 2683 ἂν
1494 2630 1904 2699 ὲφελκύσωνται

2011 2632 2111 2691 tes,
2138 2626 2337 2696 quibus
2357 2625 2601 2681 alliciant
2630 2624 2908 2680 hominem
2928 2624 2993 2678 ad
3017 2621 3436 2679 assuescendum
3456 2617 3591 2689 ipsis

318 2708 630 2780 ἄνθρωπον,
662 2717 1027 2788 προσανέχειν
1073 2721 1261 2785 αὐτοῖς
1295 2722 1371 2786 ὡς
1400 2724 1641 2794 ἑταίροις
1687 2726 1901 2795 φίλοις·

2011 2726 2064 2772 ιιι
2109 2715 2292 2772 charis
2336 2715 2538 2782 sociis;
2586 2716 2902 2786 plorantes,
2953 2730 3058 2769 non
3110 2713 3323 2775 solum,
3371 2709 3591 2777 quando

318 2801 620 2869 κλαίοντες,
651 2806 714 2858 οὐ
744 2809 928 2875 μόνον,
953 2811 1043 2865 ὅτε
1072 2812 1313 2883 δάκρυον
1332 2817 1359 2868 ὀ
1385 2816 1541 2884 φιλού
1550 2835 1715 2887 μενος
1738 2822 1904 2890 ἐκρή-

2011 2809 2215 2863 amicus
2249 2809 2301 2862 in
2331 2808 2699 2864 tribulationis
2724 2809 2994 2878 lacrymas
3013 2807 3269 2876 erumpit,
3286 2804 3380 2861 sed
3403 2804 3586 2867 etiam,

318 2892 405 2959 ξει
431 2892 703 2966 θλισερὸν,
733 2897 873 2952 ἀλλά
896 2902 1014 2968 καὶ,
1045 2902 1136 2955 ὅτε
1158 2916 1262 2957 που
1291 2909 1503 2978 χαίρων
1534 2909 1697 2974 αὐτὸς
1728 2911 1901 2984 πάθῃ,

319 2984 418 3077 καὶ
449 2987 688 3058 ὁπηνίκα
725 2990 784 3044 δὲ
812 2991 958 3048 οὕτω
986 2997 1205 3067 συμϐὰν
1227 2998 1508 3069 ὀφθαλμία
1537 3005 1903 3077 ἐπιγενομένη

320 3075 557 3148 λυπήσει
589 3080 690 3153 τὴν
741 3082 866 3154 ὄψιν
894 3085 972 3149 ὡς
1022 3089 1105 3152 είς
1144 3089 1401 3162 δάκρυον,
1443 3094 1473 3147 ὃ
1499 3075 1776 3165 πήγνυται
1810 3101 1905 3154 καὶ

2005 2915 2130 2956 cum
2159 2900 2298 2954 forte
2326 2898 2575 2970 gaudens
2610 2901 2728 2969 ipse
2753 2899 2833 2954 sic
2874 2899 3129 2962 allicitur,
3160 2906 3216 2953 et
3245 2910 3367 2952 cum
3398 2908 3591 2963 super-

2006 2990 2234 3047 veniens
2280 2989 2568 3045 oculorum
2622 2989 2847 3044 morbus
2904 2990 3081 3043 visqu
3145 2988 3329 3043 dolore
3390 2983 3591 3053 premit

2007 3091 2269 3152 tanquam
2304 3081 2369 3137 ad
2396 3081 2604 3147 fletum,
2626 3081 2717 3152 qui
2746 3080 3062 3151 coaguletur
3094 3080 3148 3134 in
3177 3078 3585 3150 lippitudinem.

319 3169 405 3268 sic
438 3171 642 3268 λήμην.
679 3175 863 3249 Πάντῃ
892 3179 1005 3250 γὰρ
1028 3182 1249 3247 πάντως
1281 3185 1654 3253 μεθοδεύουσι,
1686 3189 1769 3262 τῷ
1804 3207 1899 3259 γε-

2012 3176 2224 3246 Ubique
2250 3175 2396 3231 enim
2425 3174 2572 3230 omni
2603 3175 2762 3229 modo
2796 3174 3019 3228 student
3048 3174 3211 3228 irriso
3233 3168 3587 3234 conformari,

316 3260 550 3335 λωμὲνῳ
596 3270 1122 3339 συσχηματίζεσθαι,
1172 3277 1565 3348 ἀκριϐούμενοι
1612 3280 1713 3351 τήν
1740 3260 1903 3353 πρὸς

2013 3270 2321 3325 naturalem
2376 3269 2550 3338 ipsius
2586 3278 2771 3340 typum
2828 3266 3139 3337 exprimere
3190 3272 3491 3331 conantes;
3535 3270 3592 3319 et

318 3356 531 3412 ἐκεῖνον
559 3358 782 3429 εὐφυῶς
803 3361 1050 3420 τύπωσιν
1069 3382 1085 3399 ο
1117 3369 1213 3421 καὶ
1253 3368 1398 3424 οὕτω
1445 3373 1545 3442 μὲν
1600 3372 1902 3440 κλαίοντες,

321 3448 606 3520 χαίροντες
628 3452 686 3506 δὲ
721 3455 958 3521 ἀστείως
997 3458 1098 3526 μὲν
1132 3461 1284 3528 ἴσως,
1310 3462 1399 3516 ὅτε
1428 3464 1606 3535 χαράν
1628 3467 1656 3519 ὀ
1686 3466 1902 3520 θωπευ-

323 3540 514 3611 όμενος
537 3543 653 3616 ἔχει
680 3562 694 3577 ·
726 3547 791 3600 τὸ
813 3548 872 3602 δὲ
910 3550 1008 3606 καὶ
1038 3551 1235 3618 άλλως,
1267 3555 1301 3625 ἤ
1351 3557 1605 3627 κέρχνειν
1638 3559 1671 3630 ἢ
1711 3559 1905 3631 βήχειν

322 3633 507 3703 ἠρέμα
535 3637 756 3693 ἐπέλθοι
781 3640 997 3713 ἐκείνῳ.
1037 3644 1545 3717 Ὑποποιησάμενοι
1570 3650 1698 3721 γὰρ,
1725 3651 1906 3709 δοκεῖν

319 3722 593 3796 ἄγχεσθαι
624 3729 872 3800 γελῶντα
905 3735 1137 3802 ἐκεῖνον,
1181 3739 1612 3796 συνδιατίθενται
1651 3742 1731 3813 τῷ
1763 3761 1904 3814 καγ-

319 3817 525 3890 χασμῷ
575 3822 658 3885 είς
703 3822 1005 3897 ὁμοιότητα
1030 3845 1046 3861 ο
1076 3827 1286 3901 ψύλλης
1321 3831 1381 3885 δὲ
1429 3833 1787 3906 ὲνδακούσης,
1829 3835 1906 3901 ὡς

318 3909 794 3984 ἐπισημήνασθαι,
844 3916 878 3988 ἢ
930 3918 1096 3989 μυίας
1154 3922 1641 3995 ἐπιπετασθείσης,
1690 3926 1903 3997 ἕτοιμοι

321 3999 418 4053 καὶ
445 4002 775 4075 ὁπλοφορεῖν
810 4009 952 4062 κατά
993 4011 1102 4065 τῶν
1142 4012 1484 4069 ἐνδακόντων
1509 4015 1559 4068 oi
1601 4014 1803 4078 θῶπες.
1842 4016 1905 4071 Εί

318 4093 380 4146 δέ
405 4111 526 4160 πως
556 4096 810 4153 ὑπώπιον
837 4099 870 4170 ἢ
900 4101 1238 4174 πρόσκομμα
1273 4105 1437 4159 πάθοι
1465 4106 1700 4179 βληχρόν
1722 4125 1776 4162 τι
1809 4109 1907 4162 καὶ

320 4185 583 4258 ἀμυδρὸν,
606 4190 933 4246 σπένδουσιν
969 4193 1290 4268 Ἀσκληπιῷ
1311 4198 1409 4251 καὶ
1439 4200 1744 4273 Πανακείᾳ,
1780 4216 1906 4255 συν-

321 4278 746 4351 επικαλούμενοι
793 4285 890 4338 καὶ
913 4284 1013 4358 τὴν
1063 4286 1225 4340 Ἰασὼ
1251 4289 1390 4360 πρὸς
1419 4289 1741 4361 θεραπείαν.
1774 4290 1905 4346 Ὅτε

321 4371 381 4425 δὲ
413 4375 511 4428 καὶ
547 4375 629 4438 είς
664 4377 920 4449 πταρμὸν
942 4379 1287 4454 ὲξανεμωθῇ,
1317 4382 1485 4453 βαϐαὶ
1517 4383 1630 4438 τῶν
1658 4400 1905 4455 προσκυ-

322 4467 583 4535 νημάτων
613 4469 709 4524 καὶ
752 4470 860 4525 τῶν
902 4472 1235 4544 εὐφημιῶνι
1276 4474 1599 4543 ’Δγωνιῶσι,
1645 4477 1742 4531 καὶ
1776 4493 1908 4549 κρο-

2010 3363 2085 3418 ita
2121 3362 2338 3432 quidem
2376 3360 2599 3429 ﬂentes;
2630 3362 2879 3415 laetantes
2906 3374 3034 3415 vero
3064 3358 3337 3414 interdum
3362 3358 3588 3428 quidem

2011 3455 2241 3518 urbane,
2310 3457 2533 3524 quando
2593 3453 2840 3508 laetitiam
2912 3452 3164 3507 adulatus
3218 3451 3417 3511 habet;
3485 3449 3590 3506 hoc

2012 3555 2192 3600 autem
2218 3544 2354 3602 alias
2376 3586 2389 3611 ,
2426 3544 2472 3600 si
2501 3542 2686 3598 forsan
2721 3542 2965 3599 raucitas
3000 3543 3083 3598 vel
3119 3558 3281 3613 parva
3313 3542 3477 3597 tussis
3510 3542 3589 3598 illi

2012 3635 2390 3707 superveniat.
2424 3634 2742 3706 Conspicati
2774 3635 2918 3691 enim
2945 3636 3096 3691 illum
3124 3636 3393 3690 ridentem
3417 3635 3588 3691 δυσο-

2011 3737 2242 3800 catoque
2271 3728 2383 3783 fere
2429 3727 2682 3792 similem,
2708 3728 2772 3782 ad
2810 3710 3170 3783 imitationem
3197 3726 3313 3797 ejus
3334 3727 3588 3782 cachinni

2011 3828 2431 3888 componuntur.
2469 3817 2621 3883 Quod
2649 3817 2692 3873 si
2735 3818 2897 3887 pulex
2930 3818 3309 3882 momorderit,
3343 3825 3403 3870 ut
3435 3817 3590 3886 signo

2011 3911 2416 3975 manifestatur,
2446 3911 2533 3964 vel
2574 3911 2840 3966 insederit
2883 3925 3096 3973 musca,
3117 3911 3294 3982 parati
3334 3920 3462 3966 sunt
3497 3912 3594 3964 ad-

2012 4018 2207 4060 versus
2242 4002 2556 4058 mordentes
2585 4015 2737 4056 arma
2774 4016 2970 4072 capere
2997 4002 3335 4059 adulatores.
3376 4000 3432 4058 Si
3458 4016 3592 4057 vero

2012 4096 2156 4152 forte
2210 4096 2502 4166 quamdam
2552 4094 2724 4148 levem
2783 4094 3219 4163 suggillationem
3264 4095 3348 4151 vel
3391 4096 3595 4151 subob-

2012 4205 2232 4247 scuram
2294 4188 2530 4259 patiatur
2573 4185 2985 4252 ol'fcndiculum,
3023 4184 3343 4256 Esculapio
3410 4186 3590 4240 Pana-

2013 4293 2234 4352 ceaeque
2277 4279 2471 4347 libant,
2509 4279 2730 4347 insuper
2775 4284 2829 4332 et
2861 4275 3119 4332 Iasonem
3148 4278 3217 4332 ad
3248 4277 3591 4333 curationem

2012 4374 2353 4430 invocantes.
2388 4371 2527 4425 Cum
2570 4379 2754 4424 autem
2788 4372 2841 4425 in
2877 4377 3377 4425 sternutamentum
3402 4373 3594 4439 exagi-

2014 4474 2180 4533 tetur,
2210 4463 2393 4536 papa)!
2433 4476 2555 4532 quae
2582 4460 2947 4517 salutationes
2983 4469 3039 4516 et
3092 4461 3276 4531 qualia
3323 4465 3485 4517 votat
3529 4462 3589 4519 lu

321 4555 461 4610 κύδα
492 4558 528 4631 ἢ
557 4559 732 4632 ἄχνην
758 4562 882 4619 τινά
910 4564 1281 4633 ῖφιζάνουσαν
1301 4567 1501 4631 ἰδόντες
1525 4570 1589 4640 τῇ
1621 4568 1716 4623 τοῦ
1745 4569 1902 4639 φίλου

2011 4559 2305 4627 angoribus
2330 4565 2457 4612 sunt
2485 4565 2719 4611 tramam
2744 4553 2830 4611 vel
2856 4555 3094 4624 glumam
3140 4553 3198 4609 in
3225 4554 3387 4610 amicl
3416 4555 3587 4610 vesti-

319 4649 589 4723 ἀναϐολῇ.
622 4653 940 4728 Καθημὲνῳ
967 4659 1343 4730 παρίστανται
1371 4660 1606 4728 ἀτενεῖς,
1645 4663 1747 4726 τὰς
1784 4665 1904 4735 χεῖ-

324 4758 427 4812 ρας
462 4743 873 4813 ιπαλλάξαντες
914 4749 1025 4821 πρὸ
1055 4750 1149 4806 τοῦ
1188 4752 1417 4821 κόλπου,
1464 4752 1598 4807 ὡσεὶ
1623 4755 1717 4808 καὶ
1746 4754 1907 4826 βασι-

318 4834 463 4902 λέως
486 4835 826 4910 ἔμπροσθεν,
860 4842 1142 4910 ἐθέλοντες
1169 4842 1328 4917 οἶμαι
1372 4848 1469 4902 καὶ
1497 4846 1685 4900 ’ὀπίσω
1713 4847 1907 4916 συνδῆ-

323 4944 417 4983 σαι
471 4931 886 5006 περσικώτερον
935 4935 1130 5001 αὒτάς,
1187 4936 1275 4992 ῖνα
1313 4937 1374 4992 τδ
1402 4938 1784 5009 ,δουλοπρεπὶς
1827 4938 1908 5002 είς

321 5020 497 5079 πλέον
527 5024 870 5097 ἑμφήνωσιν.
910 5026 1347 5096 Ἑξαναστάντος
1373 5032 1531 5087 αὐτοὶ
1561 5034 1906 5107 σκύλλονται,

320 5116 718 5189 ἀπορούμενοι,
748 5119 778 5174 δ
796 5137 847 5175 τι
878 5120 1197 5195 δράσαιενῆ
1227 5124 1289 5191 ἐξ
1314 5126 1606 5199 ἐπιταγῆς,
1638 5127 1672 5200 ἢ
1707 5129 1905 5196 ἄλλως.

334 5209 608 5266 Ὀδεύοντι
639 5215 1115 5286 παρομαρτοῦσιν,
1139 5215 1241 5271 ὅσα
1268 5219 1363 5272 καὶ
1389 5219 1615 5292 ὀτρηροὶ
1643 5221 1913 5294 θεράπον-

323 5319 438 5371 τες,
472 5303 910 5375 φιλονεικοῦντες
938 5307 1040 5379 τὴν
1074 5309 1326 5381 πρόοδον.
1358 5311 1746 5383 Μακαρίζουσι
1779 5315 1907 5380 τοὺς

323 5395 685 5466 γειναμένους
731 5396 824 5451 τὸν
852 5396 1159 5468 ἄνθρωπον.
1198 5398 1268 5453 Εῖ
1310 5416 1363 5453 τι
1409 5399 1656 5472 λαλήσει,
1698 5404 1908 5473 φαντά-

325 5485 514 5551 ζουσιν
543 5486 730 5555 αὐτὸν,
769 5488 950 5558 ὀλίγον
979 5491 1079 5561 μέν
1103 5496 1159 5545 τί
1187 5493 1360 5559 ἐστιν,
1394 5493 1490 5547 ἐὰν
1516 5495 1596 5557 είς
1623 5495 1906 5566 Δημοσθέο

325 5599 443 5655 νην,
476 5582 527 5636 οί
549 5582 610 5638 δὲ
631 5583 725 5637 καὶ
754 5583 836 5646 είς
862 5583 1028 5639 αὐτὸν
1066 5584 1299 5658 Ἑρμῆν.
1323 5585 1599 5655 Τοξεύων,
1629 5588 1709 5652 είς
1736 5589 1906 5643 ’Λεα-

327 5692 415 5745 ριν
452 5675 732 5740 εἰκάζεται
762 5675 854 5730 τδν
885 5675 1217 5747 περίκλυτον
1236 5692 1253 5709 ο
1301 5680 1535 5751 τρέχων,
1570 5682 1679 5749 sic:
1697 5680 1907 5752 Βορεά-

318 5767 422 5830 δας
452 5767 754 5837 ἀνάγεταν
807 5767 1005 5839 μικρὸν
1050 5768 1185 5840 γὰρ,
1223 5769 1385 5839 εῐπερ
1432 5770 1512 5835 είς
1547 5770 1784 5843 Περσέα,
1813 5771 1906 5825 τὸν

327 5857 473 5915 καθά
500 5875 590 5922 τις
636 5857 744 5930 ἔφη
788 5859 1221 5933 ἀρσυλόπτερον.
1256 5861 1459 5933 ’ᾼδων,
1514 5862 1759 5934 Ὀρφέως
1803 5863 1902 5933 ὲμ-

2015 4660 2200 4710 mente
2254 4649 2697 4722 supersedentem
2749 4648 3019 4705 videntes.
3075 4648 3234 4720 Apud
3305 4648 3585 4704 sedentem

2012 4755 2196 4804 astant
2258 4744 2498 4809 attenti,
2575 4742 2828 4798 manibus
2876 4752 3005 4798 ante
3075 4742 3252 4796 sinum
3320 4743 3592 4799 consertis

2016 4850 2274 4910 tanquam
2322 4835 2377 4892 in
2410 4835 2555 4906 regis
2589 4841 2891 4904 conspectu
2922 4832 3174 4888 volentes
3211 4834 3400 4899 etiam,
3433 4842 3591 4902 puto,

2014 4932 2230 5004 perslco
2260 4941 2435 4995 more,
2464 4936 2619 4982 retro
2647 4925 2844 4995 ligatas
2876 4924 3000 4981 illas
3024 4924 3249 4992 habere,
3284 4933 3343 4979 ut
3372 4925 3440 4980 ad
3475 4939 3595 4980 ser-

2014 5025 2271 5081 viendum
2348 5020 2529 5077 devoti
2589 5019 2765 5090 magis
2850 5027 3174 5089 appareant,
3244 5027 3602 5088 assurgente,

2014 5117 2267 5172 laborant
2295 5113 2394 5179 illi,
2427 5113 2786 5170 observantes
2807 5111 2938 5183 quid
2972 5111 3176 5168 faciant
3207 5110 3291 5167 vel
3313 5126 3380 5167 ex
3409 5113 3605 5184 jussu,

2016 5210 2102 5266 vel
2138 5209 2316 5274 aliter,
2346 5206 2449 5262 iter
2474 5205 2771 5262 facientem
2803 5204 3159 5271 comitantur,
3191 5205 3356 5261 veluti
3383 5205 3611 5261 celeres

2016 5301 2184 5365 servi,
2232 5311 2586 5369 progressum
2632 5294 2975 5352 aemulantes.
3040 5294 3240 5352 Beatos
3292 5296 3601 5366 praedicant

2014 5393 2108 5464 qui
2146 5398 2447 5464 genuerunt
2503 5390 2798 5445 hominem.
2837 5388 2896 5445 Si
2925 5386 3058 5458 quid
3106 5389 3385 5460 loquatur,
3438 5388 3607 5446 illum».

2016 5502 2210 5561 parum
2269 5485 2426 5540 abest
2472 5485 2602 5551 quin
2640 5483 2727 5538 vel
2767 5484 2822 5539 in
2889 5481 3355 5551 Demosthenem,
3406 5484 3610 5554 plures.

2014 5583 2176 5640 etiam
2207 5580 2260 5636 in
2292 5579 2469 5648 ipsum
2506 5575 2837 5633 Mercurium
2864 5578 3285 5650 transﬂgurent.
3317 5577 3599 5649 Sagittam

2012 5675 2210 5732 Abaris
2250 5673 2452 5728 famam
2482 5671 2763 5743 adaequat;
2806 5685 3060 5737 currens,
3109 5670 3460 5741 aquilonibus
3498 5683 3603 5723 as-

2014 5765 2321 5829 similatur;
2396 5777 2586 5832 parum
2651 5763 2819 5829 enim,
2879 5761 2926 5817 si
2987 5762 3210 5825 Perseo,
3255 5760 3371 5830 qui,
3426 5758 3585 5815 velut

2015 5856 2210 5928 aliquis
2266 5855 2445 5922 dixit,
2518 5855 2781 5928 pennipes
2843 5863 2985 5912 erat.
3032 5853 3308 5922 Cantans,
3360 5851 3597 5925 Orpheo.
