4090 6416
539 362 649 426 338
1175 369 1639 431 ’EUS’l‘ATHlI
1669 363 2119 429 TIIESSALON
2135 364 2435 430 lCENSIS
2487 371 3053 437 METROPOLITA‘S
3687 382 3790 448 381

541 486 804 542 musicior
834 497 957 543 esse
1003 487 1349 556 praedicatur.
1410 488 1599 544 Vitum
1647 489 1728 544 sic
1781 488 2073 546 celebratur

2180 505 2192 542 ι
2223 485 2446 553 μελέστε
2458 506 2550 558 ρος
2579 487 2718 545 εἶναι
2749 492 2961 548 ἀκούει.
3003 492 3187 549 Καλὸν
3225 489 3366 550 εἴναι
3405 491 3665 568 μανθάνει
3697 505 3790 557 καὶ

532 575 699 632 Nirea
752 578 1035 647 praeponit,
1065 587 1118 636 et
1149 593 1314 651 super
1337 581 1520 636 omnia
1557 579 1768 636 felicem
1800 594 1922 636 esse
1957 596 2076 635 mun

2219 577 2363 645 ὑπὲρ
2393 579 2567 650 Νιρέα
2591 583 2684 636 τὸν
2713 585 3124 658 περιᾳδόμενον.
3157 589 3267 643 Καὶ
3295 591 3391 646 ἐπὶ
3415 592 3578 646 πᾶσιν
3607 593 3788 648 εὔδαι-

533 673 663 727 dum
720 672 908 737 aiunt,
948 673 1090 740 quod
1131 675 1295 728 talem
1352 676 1730 730 exornationis
1750 673 1922 745 gratia
1971 674 2076 730 obti

2217 673 2404 739 μονεῖν
2451 673 2543 728 τὸν
2590 677 2796 746 κόσμον
2827 681 3012 748 φασὶν,
3049 682 3132 736 ὅτι
3167 683 3410 739 τοιοῦτον
3453 685 3670 758 εἴληχεν
3697 686 3788 741 ἀν-

537 763 720 820 nuerit
749 765 1050 820 hominem.
1086 764 1262 822 Unum
1297 766 1424 835 quid
1457 766 1523 820 ad
1553 765 1912 826 elevationem
1947 767 2076 820 amit

2212 759 2318 829 δρα
2348 763 2425 827 είς
2452 765 2831 838 ἐπικόσμημα.
2867 769 2966 822 Ἕν
2996 786 3048 825 τι
3070 772 3295 842 ἀφιᾶσιν
3325 771 3464 829 εἶναι
3489 776 3787 830 ἀσάλευτον

534 855 847 926 relinquunt
885 857 1236 923 intentatum,
1281 855 1554 912 hominem
1610 857 1789 912 facere
1816 854 2012 924 Deum,
2059 872 2076 913 ε

2214 852 2297 915 είς
2361 854 2716 928 ὑπερύψωσιν
2757 859 3000 931 φιλικὴν,
3051 865 3113 917 τὸ
3171 865 3513 937 θεοποιῆσαι,
3559 869 3654 921 καὶ
3705 870 3786 931 είς

531 952 586 1006 in
627 967 842 1008 sacram
877 953 1139 1009 extollere
1193 954 1527 1009 columnam.
1566 954 1820 1009 Attamen
1868 955 2076 1010 divinur

2215 945 2370 1016 ἱερὰν
2425 953 2627 1023 στήλην
2657 953 2967 1023 ἀναστῆσαι
2995 957 3085 1010 τὸν
3136 957 3448 1028 ἄνθρωπον.
3487 959 3561 1012 Τδ
3603 961 3785 1029 μέντοι

528 1059 595 1098 ac
625 1045 1019 1101 divinissimum
1056 1055 1220 1117 atque
1235 1049 1624 1119 divum,atque
1655 1047 1764 1104 Deo
1783 1047 2014 1104 similem
2054 1065 2076 1105 c

2212 1038 2360 1093 θεῖον
2385 1042 2480 1095 καὶ
2509 1042 2784 1098 θειότατον
2815 1050 2913 1103 καὶ
2942 1046 3201 1102 θέσκελον
3234 1051 3328 1104 καὶ
3357 1049 3660 1104 θεοείκελον
3692 1052 3785 1105 καὶ

526 1135 637 1190 Deo
663 1150 845 1203 parem
870 1147 925 1192 et
968 1138 1056 1192 Dei
1088 1139 1365 1207 :emulum,
1406 1149 1461 1194 et
1489 1142 1534 1195 si
1596 1142 1738 1209 quod
1787 1150 1872 1196 est
1921 1142 2076 1208 hujus

2209 1130 2273 1185 τὸ
2311 1131 2542 1198 θεοειδές
2581 1137 2678 1190 καὶ
2721 1138 2784 1190 τὸ
2817 1139 3171 1209 θεομίμητον,
3219 1141 3316 1195 καὶ
3347 1143 3400 1196 εί
3443 1159 3497 1196 τι
3539 1145 3783 1197 τοιοῦτον

525 1229 674 1284 tnodi
703 1229 1011 1285 venerabile
1037 1240 1458 1302 cognomentum
1489 1233 1806 1302 frequenter
1831 1233 2076 1302 appellan

2211 1223 2409 1294 σεμνδν
2440 1223 2634 1295 ὄνομα,
2671 1229 2841 1298 συχνά
2872 1231 3238 1302 κατεπᾴδουσι
3281 1232 3376 1286 τοῦ
3408 1233 3623 1304 ἀνδρός.
3662 1236 3782 1289 Ἔτι

523 1321 824 1377 hominem.
873 1322 1028 1378 Mane
1076 1337 1138 1378 se
1182 1323 1382 1378 lavanti
1416 1325 1700 1380 asistunt:
1743 1338 1773 1379 a
1805 1326 2072 1380 dormieut

2206 1315 2487 1387 λουομὲνῳ
2545 1321 3029 1390 παραπατοῦσινο
3092 1323 3391 1388 ὑπνοῦντος
3450 1326 3782 1383 ἀποσοϐοὖσι

525 1412 719 1469 sedulo
747 1428 962 1469 muscas
996 1412 1258 1484 abigunt;
1285 1414 1534 1484 spuentis
1557 1429 1667 1469 non
1689 1414 1876 1470 sittant
1903 1417 2076 1470 calcar

2204 1407 2308 1472 τὰς
2341 1409 2506 1478 μυίας
2553 1413 2946 1484 προμηθικῶςο
2980 1413 3290 1480 πτύσαντος
3315 1416 3416 1471 οὐκ
3454 1418 3650 1485 ἀφιᾶσι
3681 1438 3785 1473 παο

521 1505 786 1573 salivam,
847 1523 954 1562 non
996 1488 1371 1564 'l'astidiosam
1419 1507 1565 1563 illam
1621 1523 1744 1564 esse
1809 1518 2062 1576 putantes

2202 1499 2437 1569 τηθῆναι
2470 1501 2562 1554 τὸν
2607 1502 2805 1569 σίελον,
2849 1503 2924 1574 μὴ
2968 1506 3158 1575 σικχδν
3191 1505 3354 1559 αὑτὸν
3385 1502 3524 1562 εἶναι
3567 1508 3783 1578 φιλοσο-

520 1598 618 1652 sed
651 1613 922 1653 arumnam
970 1599 1111 1655 visu.
1148 1599 1546 1656 Ascendentem
1578 1600 1631 1655 itt
1674 1601 1962 1672 subjugale
1995 1602 2098 1657 hu-

522 1692 690 1745 meris
719 1691 1016 1758 extollunt,
1047 1702 1101 1746 et
1145 1693 1490 1748 adhaerentes
1534 1692 1649 1758 illi,
1693 1693 1862 1748 veluti
1899 1709 2100 1749 muscae

521 1786 789 1855 cnpediis,
837 1785 904 1840 de
967 1785 1145 1842 reditu
1212 1801 1534 1856 persuasum
1595 1787 1798 1843 habere
1877 1789 2094 1844 nolunt.

2204 1591 2474 1660 φοῦντες,
2522 1593 2639 1648 ἀλλ’
2698 1595 2828 1666 ἡδὺν
2881 1595 3200 1667 βλέπεσθαι.
3265 1598 3652 1655 Ἀνασαίνοντα
3702 1603 3782 1664 είς

2202 1679 2499 1750 ὑποζύγιον
2553 1683 2916 1739 ἀναϐάλλουσι
2966 1687 3342 1755 κουφίζοντες,
3392 1689 3489 1742 καὶ
3538 1708 3782 1762 παρακο-

2199 1772 2520 1838 λουθοῦντες
2552 1776 2654 1829 ὅσα
2687 1777 2782 1830 καὶ
2815 1780 2972 1846 μυῖαι
3005 1779 3380 1849 γλυκάσματι,
3411 1781 3513 1836 οὐκ
3536 1783 3778 1838 ἐθέλουσι
3829 1815 3836 1822 ο

519 1847 794 1933 Ειίθιτυιιι
836 1894 1052 1950 quoque
1097 1880 1428 1948 calumnias,
1463 1889 1653 1937 contra
1701 1896 1861 1952 quas,
1915 1882 2076 1936 amict

2202 1866 2489 1922 πείθεσθαι
2512 1870 2591 1931 εἰς
2619 1869 2956 1939 ἀνάκαμψιν.
2995 1847 3361 1948 Ἀφηγοῧνται
3382 1872 3475 1927 καὶ
3500 1873 3776 1941 διαδολὰς,

518 1973 782 2039 intentas,
815 1974 922 2046 ipsi
962 1990 1098 2031 sane
1134 1979 1510 2044 decertarunt,
1547 1992 1793 2047 quasque
1848 1977 2099 2032 confuta-

517 2076 734 2132 verunt,
759 2077 814 2122 et
857 2068 1000 2138 ipsas
1039 2083 1147 2123 non
1196 2083 1380 2137 veras,
1427 2072 1524 2127 sed
1569 2069 1752 2136 fictas,
1804 2071 2089 2128 scelerati.

510 2158 804 2213 Adulatum
855 2162 934 2215 sic
979 2161 1190 2218 ironice
1237 2162 1341 2231 ipsi
1381 2162 1716 2219 contumelia
1765 2161 2094 2231 efﬁcientes,

511 2265 704 2319 argute
760 2253 1260 2310 comminiscuntur
1305 2256 1430 2311 vitae
1501 2258 1956 2313 communitatem
2038 2269 2094 2314 et

511 2345 836 2402 substantia:
859 2345 1320 2413 distributionem,
1354 2347 1465 2403 vini
1488 2349 1806 2418 amphoras,
1840 2361 1894 2406 et
1955 2352 2094 2407 alios

512 2438 756 2494 autumni
831 2437 1064 2504 fructus,
1124 2452 1180 2495 et
1249 2441 1459 2498 catinos
1520 2442 1785 2510 placentis
1839 2445 2089 2511 refertos,

507 2531 586 2588 illi
632 2531 993 2601 proferentes.
1034 2532 1102 2589 Et
1146 2536 1520 2590 comedentem
1568 2537 1784 2605 quidem
1813 2549 1865 2592 et
1897 2538 2092 2593 biben-

504 2633 612 2680 tem
643 2625 711 2679 ad
750 2627 1226 2697 intemperantiam
1265 2629 1591 2696 incitant,ut
1624 2629 1726 2700 ipsi
1759 2640 2087 2698 praetexunt,

501 2718 570 2770 ad
605 2718 728 2777 vita!
767 2723 1246 2787 snstetttationem,
1298 2722 1391 2777 sed
1439 2723 1573 2777 alias
1630 2736 1793 2795 puto,
1830 2736 1884 2779 ut
1918 2725 2088 2794 ipsius

501 2809 683 2879 gulam
710 2811 1138 2882 ebrietatemqne
1174 2815 1306 2870 risui
1340 2817 1576 2872 habeant
1613 2834 1628 2872 :
1669 2832 1858 2873 verum
1896 2820 1941 2872 si
1979 2834 2084 2874 non

501 2903 757 2960 satiatum
795 2904 947 2959 illum
989 2921 1134 2977 aegre
1176 2906 1362 2964 ferunt
1403 2909 1456 2964 in
1506 2913 1860 2981 apparentia,
1912 2913 2086 2982 magis

393 3001 398 3005 '
500 3003 683 3053 tamen
730 2999 1054 3069 gauderent,
1096 3002 1241 3072 quod
1281 3002 1384 3072 ipsi
1416 3003 1562 3058 laute
1602 3004 1964 3075 replerentur.
2003 3007 2082 3061 En

498 3099 680 3144 autem
717 3091 920 3160 aliquid
960 3095 1086 3149 novi
1121 3095 1293 3165 magis
1322 3112 1336 3149 :
1371 3097 1645 3167 mysteriis
1680 3098 1988 3167 initiantur,
2027 3107 2084 3154 et

493 3181 716 3252 propria
752 3194 996 3253 secreta,
1031 3201 1151 3256 quae
1185 3191 1268 3245 vel
1312 3191 1587 3258 iecerunt,
1611 3194 1694 3246 vel
1728 3194 2080 3263 excogitave-
2107 3211 2151 3268 ο

493 3286 648 3344 runt,
688 3279 952 3344 revelant,
981 3289 1035 3335 et
1069 3281 1185 3352 ipsa
1214 3284 1482 3353 pessima;
1515 3295 1568 3340 et
1602 3295 1862 3356 tanquam
1899 3287 2078 3342 amico

489 3369 642 3438 loqui
677 3372 1014 3444 credereque
1054 3385 1251 3432 cuncta
1292 3377 1349 3433 in
1392 3379 1575 3434 animo
1619 3381 1890 3449 reposita,
1935 3382 2076 3448 ausi,

496 3463 756 3518 miserum
790 3475 846 3520 et
878 3475 1008 3522 tunc
1043 3481 1346 3537 provocmt
1399 3469 1463 3524 ad
1497 3476 1839 3528 consortium
1864 3513 1879 3538 ,
1925 3484 1985 3529 ut
2022 3484 2077 3529 et

491 3556 584 3611 ille
640 3559 886 3627 quaedam
944 3573 1166 3620 suorum
1219 3558 1555 3621 secretorum
1615 3565 1946 3622 manifestet.
2009 3569 2076 3627 Et

493 3652 610 3707 haec
634 3652 850 3722 quidem
875 3655 976 3727 ipsi
999 3657 1231 3728 faciunt,
1250 3670 1304 3718 et
1329 3665 1411 3719 his
1441 3663 1546 3718 alia
1570 3663 1725 3735 plura
1754 3665 2070 3736 pejoraqne,

496 3761 668 3817 usque
690 3749 815 3804 dum
849 3753 1141 3820 praestigiis
1168 3755 1485 3826 deceperint
1515 3760 1841 3829 inescatam,
1881 3763 2070 3832 illique

489 3846 866 3912 persuaserint
897 3853 958 3900 ut
989 3846 1123 3914 ipsis
1151 3850 1390 3904 conﬁdat
1415 3860 1469 3905 et
1501 3853 1658 3922 quasi
1685 3855 1850 3912 rectis
1877 3857 2068 3913 amicis

493 3937 779 3993 inhaereat.
813 3939 947 3994 Cum
980 3951 1161 3996 autem
1185 3943 1327 3996 intra
1364 3947 1502 4002 retia
1527 3949 1895 4005 miserandum
1922 3954 2067 4010 hunc

491 4031 867 4100 passerculum
893 4043 1108 4105 captum
1161 4038 1512 4107 retinuerint,
1541 4051 1667 4097 tunc
1693 4043 2066 4106 simulationis

491 4125 744 4181 nebulam
789 4127 1130 4198 abjicientes,
1155 4141 1440 4202 apparent,
1466 4135 1706 4194 amicitia
1730 4153 1856 4197 vera
1877 4141 2069 4214 sicque

488 4217 696 4273 malitia
732 4220 1184 4290 splendidissimi.

563 4311 653 4367 l5.
697 4312 766 4366 Et
819 4316 1091 4384 quomodo
1129 4326 1366 4376 tractent
1415 4321 1565 4379 hunc
1620 4324 1926 4402 hominem,
1960 4347 2064 4404 ego

491 4407 628 4471 scio,
670 4404 890 4474 fratres,
923 4418 976 4463 et
1003 4423 1099 4465 vos
1119 4411 1292 4477 scitis,
1324 4421 1380 4468 et
1411 4425 1538 4471 ante
1560 4431 1657 4474 vos
1683 4419 1864 4476 sciunt
1916 4427 2060 4482 scri-

487 4506 694 4566 ptores,
738 4497 848 4553 imo
875 4498 1052 4554 omnis
1103 4503 1368 4560 mundus:
1392 4507 1536 4560 unde
1561 4509 1892 4580 superﬂuum
1916 4526 2063 4574 esset

487 4605 760 4661 exponere
806 4606 930 4660 quae
977 4591 1045 4647 de
1081 4603 1279 4650 caetero
1327 4598 1513 4655 auditu
1551 4616 1658 4656 non
1699 4616 1825 4663 sunt
1877 4610 2060 4680 digna.

492 4685 738 4738 Araneus
777 4684 868 4754 qui
926 4683 998 4739 ita
1051 4685 1320 4753 culicem,
1373 4702 1592 4760 captum
1641 4698 1850 4754 retibus
1908 4711 2063 4759 tene-

488 4783 596 4843 ret,
617 4774 1007 4833 animalculum
1033 4778 1354 4837 oll‘enderet.
1383 4781 1487 4837 Sed
1513 4786 1654 4843 istud
1689 4806 1786 4860 per
1811 4804 2061 4851 attenua-

489 4869 690 4924 tionem
715 4868 933 4924 dicitur.
955 4869 1066 4926 Leo
1091 4887 1221 4927 vero
1245 4875 1324 4930 sic
1348 4876 1584 4935 irrueret
1611 4885 1723 4952 ovi,
1750 4887 2062 4961 animalqne

491 4961 654 5018 dente
713 4960 1072 5033 discerperet.
1100 4967 1242 5021 sicut
1305 4968 1383 5024 illi
1414 4971 1784 5031 miserandum
1818 4960 2055 5040 amicum

487 5055 810 5123 discerpunt
836 5055 1109 5123 lactantes,
1140 5059 1249 5116 imo
1279 5077 1409 5119 vero
1453 5065 1647 5122 hilaria
1680 5082 1964 5139 canentes,
1998 5085 2058 5131 ut

485 5148 650 5203 etiam
679 5163 800 5204 cum
837 5149 972 5218 ipsis
997 5151 1160 5207 veluti
1187 5154 1414 5210 canibus
1445 5157 1675 5215 ludibria
1709 5166 2057 5235 conspician-

487 5248 594 5293 tur.
662 5238 776 5295 Non
858 5241 1002 5297 enim
1068 5245 1419 5311 erubescunt,
1483 5253 1578 5304 sed
1629 5258 2055 5314 ostentationem

400 5328 408 5333 ’
484 5341 693 5394 amant,
727 5332 886 5400 quasi
917 5349 1014 5402 per
1038 5334 1261 5391 chorum
1290 5348 1344 5394 et
1369 5343 1722 5412 cantilenam,
1753 5347 1878 5404 talia
1911 5366 2057 5407 com-

485 5423 700 5490 plentes
727 5422 783 5476 hi
817 5427 1051 5482 audaces
1081 5435 1136 5481 et
1173 5429 1514 5486 miserabiles
1551 5451 1565 5486 :
1607 5452 1772 5492 unum
1806 5443 2050 5511 quidem,

479 5515 622 5581 quod
645 5516 905 5570 audacter
923 5517 1183 5574 adversus
1201 5525 1494 5579 amicitiam
1515 5537 1716 5598 agunt;
1741 5533 1882 5588 aliud
1902 5551 2052 5600 vero.

484 5606 626 5661 ouod
662 5607 797 5662 nihil
830 5609 1104 5667 laudabile
1139 5615 1367 5672 faciunt.

553 5780 636 5839 li.
673 5783 862 5858 Itaque
898 5803 1004 5846 non
1029 5788 1139 5859 jam
1171 5794 1469 5851 amicitiam
1513 5798 1898 5860 blandimentis
1931 5807 2049 5863 alli-

2199 1953 2274 2012 ὧν
2303 1959 2470 2028 δῆθεν
2511 1961 2932 2032 ἐπιφερομένων
2961 1963 3041 2033 τῷ
3072 1963 3210 2033 φίλῳ
3247 1965 3404 2018 αὐτοὶ
3431 1968 3777 2037 προέστησαν

2197 2049 2492 2119 ἀντίμαχοι
2529 2051 2623 2104 καὶ
2647 2051 2979 2122 ἀνέτρεψαν,
3013 2052 3106 2106 καὶ
3148 2053 3321 2116 αὑτὰς
3347 2055 3451 2108 οὑκ
3478 2056 3775 2125 ἀληθευού-

2199 2155 2321 2202 σας,
2351 2140 2489 2194 ἀλλὰ
2517 2139 2921 2212 πλαττομένας,
2967 2144 3016 2197 oi
3049 2142 3387 2215 ἐπίτριπτοι.
3423 2146 3776 2217 ’Υδρίζοντες

2196 2232 2355 2285 αὑτοὶ
2383 2229 2529 2284 οὕτω
2565 2231 2810 2302 πλαγίως
2841 2235 2934 2288 τὸν
2965 2237 3419 2309 κολακευόμενον,
3461 2241 3774 2308 σοφίζονται

2195 2325 2292 2378 καὶ
2338 2324 2454 2395 βίου
2507 2327 2801 2381 κοινωνίαν
2853 2328 2948 2382 καὶ
3001 2331 3323 2400 περιουσίας
3373 2332 3776 2405 ἀπομερισμὸν,

2195 2415 2384 2486 βίκους
2415 2417 2557 2471 οῐνου
2587 2419 3014 2490 περιφοροῦντες
3043 2421 3266 2494 ἐκείνῳ,
3305 2425 3402 2478 καὶ
3428 2426 3651 2496 ὀπώραν
3680 2427 3772 2481 ἄλ-

2191 2509 2315 2562 λοτε
2373 2509 2582 2580 ἀλλην,
2640 2512 2736 2565 καὶ
2787 2512 3016 2581 τρυϐλία
3070 2517 3377 2586 πεμμάτων
3429 2520 3625 2590 μεστά.
3663 2521 3774 2574 Καὶ

2190 2601 2445 2657 ἐσθίοντα
2498 2604 2599 2675 μέν
2631 2605 2725 2658 καὶ
2773 2606 3004 2660 πίνοντα
3061 2610 3466 2665 συνεπωθοῦσιν
3499 2614 3581 2677 είς
3629 2614 3772 2686 πλη-

2193 2695 2426 2765 σμονὴν,
2465 2694 2528 2749 τὸ
2562 2695 2662 2766 μέν
2691 2700 3020 2766 φαινόμενον
3049 2700 3141 2752 ἐπὶ
3174 2701 3436 2756 συστάσει
3482 2703 3653 2774 ζωῆς,
3678 2706 3775 2760 ἀλ-

2189 2788 2298 2852 λως
2337 2789 2394 2842 δέ
2419 2785 2598 2857 οἶμαι,
2650 2789 2738 2842 ἵνα
2775 2790 3128 2862 καταγελῷεν
3160 2792 3328 2847 αὑτοῦ
3377 2795 3458 2857 είς
3501 2796 3771 2870 βορότητα

2188 2882 2287 2934 καὶ
2336 2879 2713 2950 οίνοφλυγίαν.
2742 2881 2834 2951 Μὴ
2866 2882 3283 2954 ἐμφορουμένου
3313 2885 3372 2939 δέ
3415 2887 3635 2942 δοκοῦσι
3669 2890 3772 2960 μὲν

2187 2972 2475 3043 ἄχθεσθαι,
2502 2971 2743 3044 χαίροιεν
2770 2971 2827 3026 δέ
2859 2972 2928 3027 ἂν
2959 2974 3179 3041 μᾶλλον,
3211 2975 3294 3030 ὅτι
3332 2977 3489 3032 αὐτοὶ
3518 2978 3770 3050 πλησθή-

2188 3082 2373 3119 σονται
2425 3064 2688 3136 δαψιλῶς.
2729 3065 2802 3119 Τὸ
2836 3065 2894 3118 δέ
2933 3066 3284 3138 καινότερον*
3333 3071 3429 3124 καὶ
3466 3073 3767 3142 μυστηριά-

2186 3151 2396 3219 ζονται,
2423 3155 2518 3208 καὶ
2548 3155 2757 3226 κρύφια
2777 3156 2955 3210 οἰκεῖα
2979 3156 3012 3227 ἢ
3041 3155 3342 3227 δράσαντες
3370 3158 3402 3225 ἢ
3434 3160 3766 3228 πλάσαντες,

2186 3242 2612 3308 ἐκκαλύπτουσι,
2641 3245 2734 3298 καὶ
2756 3244 2896 3300 αὐτὰ
2916 3246 3189 3317 χείριστα,
3213 3247 3310 3302 καὶ
3334 3247 3411 3312 ὡς
3441 3245 3530 3305 οἷα
3558 3251 3762 3324 τεθαρ-

2187 3334 2422 3405 ρηκότες
2458 3337 2600 3407 φίλῳ
2629 3337 2814 3393 λαλεῖν
2850 3339 2947 3392 καὶ
2994 3340 3359 3411 παρατιθέναι
3399 3343 3467 3397 τὰ
3513 3345 3573 3398 ἐν
3615 3345 3762 3418 ψυχῇ

2187 3427 2424 3493 ἅπαντα,
2463 3429 2904 3500 προκαλούμενοι
2957 3431 3050 3484 τὸν
3074 3431 3309 3486 ἐλεεινὸν
3363 3435 3643 3491 κάνταῦθα
3683 3441 3766 3504 είς

2179 3519 2500 3592 ὁμοιότητα,
2531 3521 2617 3575 ἵνα
2640 3524 2736 3576 καὶ
2753 3525 2961 3584 ἐκεῖνος
2979 3521 3090 3576 τῶν
3113 3540 3236 3577 τινα
3258 3525 3388 3596 παρ’
3413 3525 3562 3596 αὑτῷ
3587 3529 3764 3601 ἀπορ-

2182 3609 2363 3678 ρήτων
2395 3609 2630 3684 ἐκφήνῃ.
2659 3612 2771 3666 Καὶ
2815 3611 2988 3666 ταῦτα
3026 3614 3126 3682 μὲν
3161 3614 3411 3671 ποιοῦσιν
3459 3617 3634 3683 αὐτοὶ,
3666 3620 3760 3674 καὶ

2178 3699 2385 3755 τούτων
2413 3702 2578 3774 ἕτερα
2612 3703 2783 3757 πλείω
2823 3705 2916 3758 καὶ
2953 3705 3141 3777 χείρω,
3169 3705 3274 3770 ἕως
3305 3707 3371 3760 ἂν
3394 3711 3762 3780 καταγοητεύ-

2181 3810 2316 3848 σωσι
2348 3795 2440 3848 τὸν
2469 3795 2885 3864 δελεαζόμενον,
2921 3798 3216 3863 πείσαντες
3246 3799 3472 3872 θαρρεῖν
3505 3803 3757 3870 ἐκείνοις,

2176 3887 2274 3940 καὶ
2312 3887 2668 3959 προσανέχειν
2713 3889 2812 3942 ὅσα
2842 3890 2937 3942 καὶ
2963 3889 3138 3960 φίλοις
3177 3891 3377 3962 ὀρθοῖς.
3410 3893 3541 3947 Ὅτε
3573 3895 3631 3948 δέ
3657 3895 3757 3966 θηο

2179 3981 2482 4050 ρασὰμενοι
2517 3980 2627 4034 ἐσω
2655 3980 2884 4049 παγίδος
2913 3980 2976 4034 τὸ
3006 3982 3226 4053 οίκτρδν
3257 3985 3434 4038 ἐκεῖνο
3471 3985 3756 4056 στρουθίον

2177 4075 2518 4144 κατάσχωσι,
2549 4076 2672 4127 τότε
2703 4073 2768 4144 δὴ
2795 4073 2857 4127 τὸ
2875 4073 2975 4140 τῆς
3001 4073 3348 4145 ὑποκρίσεως
3375 4077 3754 4148 ἀπαγαγόντες

2173 4163 2355 4231 νέφος,
2383 4163 2745 4233 ἐκλάμπουσι,
2779 4167 2846 4237 τῇ
2870 4164 3004 4236 πρὸς
3029 4164 3288 4236 ἀλήθειαν
3309 4167 3464 4242 φιλίᾳ
3489 4171 3583 4224 καὶ
3605 4169 3753 4226 οὕτω

2175 4256 2344 4326 κακίᾳ
2373 4257 2861 4326 περιφανέστατοι.

2246 4353 2334 4415 ιγ’.
2369 4348 2480 4400 Καὶ
2503 4344 2590 4401 οἷα
2618 4347 2952 4404 διατίθενται
2983 4351 3076 4406 τὸν
3121 4351 3316 4424 ἄνδρα,
3348 4353 3459 4423 ἐγώ
3504 4373 3566 4409 τε
3597 4351 3741 4423 οῖδα,

2171 4429 2217 4490 ὦ
2256 4436 2501 4506 ἀδελφοὶ,
2535 4441 2629 4492 καὶ
2661 4439 2820 4508 ὑμεῖς
2871 4441 3074 4508 οίδατε,
3100 4443 3198 4497 καὶ
3227 4444 3333 4514 πρὸ
3359 4445 3517 4516 ὑμῶν
3541 4448 3751 4501 οῐδασιν

2167 4528 2218 4580 ot
2281 4528 2872 4601 βιϐλιογραφήσαντες,
2909 4534 3006 4586 καὶ
3064 4536 3092 4588 ό
3125 4535 3330 4600 κόσμος
3363 4536 3420 4589 δὲ
3449 4537 3594 4601 ἄπας
3619 4553 3632 4568 °
3667 4539 3750 4592 διὸ

2171 4619 2266 4671 καὶ
2303 4620 2561 4689 περιττὸν
2601 4620 2667 4674 ἂν
2693 4623 2806 4690 είη,
2836 4623 3190 4680 ἐκθέσθαιτά
3250 4628 3345 4680 καὶ
3393 4629 3570 4692 ἄλλως
3608 4632 3750 4700 μηδὲ

2165 4703 2338 4774 ἀκοῆς
2359 4703 2506 4771 ἀξια.
2561 4707 2834 4780 Ἀράχνης
2865 4710 2932 4765 ἀν
2955 4728 3041 4776 τις
3064 4712 3207 4768 οὕτω
3245 4715 3486 4770 κώνωπα
3519 4719 3749 4781 περιλα-

2165 4796 2298 4861 ϐὼν,
2334 4794 2415 4862 οἷς
2439 4799 2776 4867 δικτυοῦται,
2823 4805 3160 4874 κακουργοίη
3205 4807 3334 4877 περὶ
3377 4808 3437 4860 τὸ
3481 4807 3744 4878 ζωΰφιον.

2177 4890 2340 4944 Ἀλλά
2383 4891 2544 4946 τοῦτο
2569 4892 2671 4962 μὲν
2699 4894 2783 4957 είς
2811 4893 3088 4949 εὐτέλειαν
3126 4899 3462 4968 πέφρασται.
3497 4901 3650 4955 Λέων
3683 4903 3744 4955 δὲ

2162 4983 2338 5049 οὕτως
2372 4985 2440 5041 ἃν
2470 4987 2732 5059 ἐπιϐρίσῃ
2762 4991 3047 5062 προϐάτῳ,
3075 4993 3168 5045 καὶ
3201 4995 3418 5065 συσχὼν
3437 4995 3742 5070 διασπάσῃ-

2159 5093 2253 5130 ται
2281 5077 2343 5131 τὸ
2365 5077 2526 5143 ζῶον,
2559 5079 2635 5143 ὡς
2664 5081 2865 5134 ἐκεῖνοι
2903 5082 2996 5136 τὸν
3041 5085 3262 5155 οἰκτρὸν
3315 5086 3469 5156 φίλον
3513 5088 3747 5144 διασπα-

2163 5167 2416 5239 ράττουσι
2442 5171 2750 5241 χαίροντες,
2785 5175 3049 5244 μενοῦνγε
3077 5177 3380 5247 μέλποντες
3403 5180 3736 5250 εὐφρόσυνα,

2162 5259 2248 5312 ἵνα
2278 5261 2372 5314 καὶ
2400 5262 2488 5313 ἐπ’
2517 5263 2701 5317 αὐτῶν
2726 5265 2826 5318 ὅσα
2860 5267 2954 5320 καὶ
2980 5269 3259 5338 κυναρίων
3290 5270 3582 5342 μέλπηθρα
3612 5289 3738 5326 τινα

2162 5350 2476 5422 θεωροῖντο.
2511 5354 2648 5408 Οὐδὲ
2702 5356 2810 5426 γὰρ
2841 5359 3282 5429 ἐπαισχύνονται,
3316 5361 3450 5415 ἀλλά
3479 5364 3570 5416 καὶ
3608 5366 3736 5432 φιλ-

2159 5442 2528 5500 ενδεικτοῦσιν
2549 5447 2624 5510 ὠς
2647 5450 2739 5502 ἐπὶ
2763 5449 2909 5520 χορῷ
2933 5453 3026 5504 καὶ
3047 5451 3250 5522 μολπῇ,
3282 5453 3511 5507 τοιαῦτα
3550 5455 3739 5526 πλημ-

2161 5533 2452 5603 μελοῦντες
2479 5539 2528 5590 οί
2561 5545 2654 5594 καὶ
2687 5541 2908 5609 θρασεῖς
2940 5548 3032 5597 καὶ
3072 5545 3304 5607 τάλανες
3329 5561 3344 5574 ·
3380 5547 3440 5598 τὸ
3495 5548 3615 5616 μὲν,
3648 5549 3736 5602 ὅτι

2156 5626 2399 5695 τολμῶσι
2431 5633 2574 5684 κατὰ
2608 5634 2814 5701 φιλίας,
2851 5633 2912 5688 τὺ
2943 5636 3020 5700 δέ,
3049 5637 3133 5690 ὅτι
3162 5637 3316 5692 οὐδέν
3350 5655 3402 5692 τι
3426 5640 3592 5709 δρῶσι
3624 5658 3734 5711 μα-

2157 5720 2434 5788 καριστόν.

2229 5812 2314 5870 ιδ’.
2349 5815 2564 5873 Οὐκοῦν
2593 5817 2718 5872 οὕτε
2755 5821 2999 5875 σαίνουσι
3031 5821 3128 5878 τοῦ
3187 5823 3376 5879 λοιποῦ
3437 5826 3498 5880 τὸ
3529 5824 3732 5895 φίλιον,

2725 6125 2758 6182 I
