4090 6426
288 374 398 439 385

1603 370 1706 433 DE
1732 368 2288 431 SlMULATIONE.

3458 365 3567 430 386

280 487 406 542 οὔτε
442 484 732 554 κλαυθμοῦ
762 483 859 539 καὶ
891 485 1069 556 χαρᾶς
1107 482 1326 557 μερῖται
1383 483 1695 553 φαίνονται,
1753 482 1875 536 οὐδὲ

1991 481 2162 546 ciunt,
2223 497 2324 538 nec
2373 480 2532 536 ﬂetus
2580 489 2633 534 ct
2685 481 2866 549 gaudii
2925 477 3226 551 participes
3279 492 3564 549 apparent,

258 579 516 662 ’ἀμύνειν
542 579 576 652 ἢ
608 579 944 651 θεραπεύειν
976 577 1430 650 προσποιοῦνται,
1463 577 1556 631 καὶ
1587 577 1681 631 τοῦ
1706 578 1876 648 τιμᾷν

285 677 376 730 καὶ
398 675 649 742 εὐλογεῖν
685 673 778 728 τδν
801 673 998 744 πρῴην
1041 673 1195 742 φίλον
1225 671 1318 726 καὶ
1347 671 1747 741 εὐδαιμονίζειν
1771 671 1878 724 ἀπ-

287 767 518 839 έχονται.
541 767 732 836 Δῖρειν
759 765 817 819 δὲ
842 765 1004 819 αὑτὸν
1030 765 1124 817 ἐπὶ
1152 764 1353 834 χειρῶν
1380 763 1690 818 ἀναϐολέων
1715 763 1876 834 δίκην

289 863 541 917 τοσοῦτον
601 861 924 930 ἀπέχουσιν,
960 859 1104 913 ὥστε
1161 859 1256 912 καὶ
1305 858 1667 928 βοθρεύοντες
1706 875 1878 911 κατα-

291 955 566 1018 ϐάλλουσι,
609 954 705 1008 καὶ
733 955 991 1024 ἐπέχουσι
1019 954 1076 1008 δέ
1102 969 1114 984 ο
1151 954 1246 1007 καὶ
1288 952 1344 1004 εί
1377 971 1426 1005 τι
1459 952 1765 1023 ἐχορήγουν
1797 947 1876 1020 τῷ

286 1049 428 1121 φίλῳ
465 1048 602 1120 πρὸς
629 1047 902 1112 δεξίωσιν,
931 1048 978 1101 εί
1005 1047 1063 1099 δὲ
1095 1045 1190 1099 καὶ
1223 1045 1505 1116 μυστήρια
1537 1040 1877 1114 ἐκειμηλιώσ-

291 1143 458 1198 σαντό
491 1159 597 1196 που
637 1140 832 1210 φιλικά
858 1141 907 1193 οἱ
943 1139 1052 1210 πρὸ
1084 1139 1290 1193 τούτων
1323 1136 1738 1208 ἐξερευγόμενοι
1774 1153 1878 1204 μυ-

291 1235 586 1308 στηριακά,
620 1235 716 1288 καὶ
771 1229 839 1286 αὖ
881 1232 1050 1286 πάλιν
1107 1228 1610 1299 ἀντεισδεχόμενοι,
1652 1229 1760 1281 οὐδ’
1810 1227 1877 1282 ἀν

290 1329 506 1399 πηγαία
534 1327 693 1397 χύσις
721 1323 946 1395 ἡτισοῦν
1003 1322 1268 1392 ἐκδράσοι
1327 1322 1457 1392 ῥᾷον
1497 1320 1877 1374 ἀναϐάλλουσα

287 1423 346 1476 τὸ
386 1423 509 1476 κατ’
542 1421 715 1491 αὐτὴν
763 1417 993 1489 ἀρχικὸν
1024 1415 1196 1486 ὕδωρ,
1249 1414 1324 1476 ὡς
1359 1415 1564 1468 ἐκείνοι
1617 1411 1876 1483 ἐξεμοῦσι

283 1516 352 1569 τὰ
412 1510 863 1584 παρατεθειμένα
910 1509 1140 1579 κρύφια.
1172 1505 1360 1562 Ταῦτα
1409 1505 1468 1559 δὲ
1516 1505 1702 1560 πάντα
1731 1503 1875 1558 διατί

286 1609 384 1663 καὶ
413 1608 562 1670 τίνος
626 1604 823 1669 ἓνεκας
853 1601 981 1656 Ὀτι
1057 1597 1399 1670 φαυλότατόν
1447 1615 1502 1652 τι
1549 1595 1876 1668 παραπεσὸν

243 1685 246 1688 ’
289 1701 550 1773 πρᾶγμα,
592 1697 716 1753 οὐδὲ
745 1694 942 1751 όὸολοῦ
970 1693 1318 1764 ἀξιούμενον,
1352 1690 1596 1759 ἐλύπησε
1625 1689 1720 1744 τὸν
1744 1689 1878 1742 ύπο-

288 1791 481 1864 κριτὴν
539 1786 996 1858 παρεωραμένον,
1029 1785 1106 1849 ὡς
1155 1783 1223 1838 ἂν
1266 1781 1434 1846 αὐτὸς
1478 1781 1652 1844 εἴποι,
1703 1777 1872 1845 ἀξιῶν
1897 1817 1948 1879 Β

286 1879 623 1944 δεσποτικῶς
644 1882 702 1944 ἐς
731 1879 793 1934 τὸ
833 1879 944 1933 πᾶν
969 1875 1052 1948 τῷ
1093 1871 1523 1944 κολακευομένῳ
1554 1869 1870 1940 προσφέρε-

288 1975 437 2042 σθαι,
496 1975 594 2030 καὶ
649 1969 877 2044 μηδενὸς
935 1969 1340 2037 ἀποτυγχάνειν
1392 1963 1454 2030 ἐξ
1505 1962 1742 2027 ἐκείνου,
1793 1955 1872 2019 ὧν

287 2069 506 2139 ἐφίεται
525 2083 540 2100 ·
575 2067 604 2121 δ
629 2065 847 2129 πάντως
873 2063 974 2116 οὐκ
997 2059 1146 2116 εστιν
1169 2061 1230 2114 ἐν
1248 2057 1330 2132 τῷ
1363 2057 1462 2131 βίῳ
1488 2056 1626 2128 πρὸς
1652 2055 1873 2122 οὐδενὸς

284 2160 561 2230 γίνεσθαι,
596 2160 732 2214 ὅπου
775 2174 840 2227 γε
875 2158 984 2219 πᾶς
1019 2154 1312 2226 ἄνθρωπος
1362 2152 1486 2206 οὐδὲ
1520 2149 1616 2204 τοῦ
1661 2149 1869 2204 οἰκείου

283 2253 481 2324 κρατεῖ
533 2251 713 2306 διόλου
769 2247 1167 2320 βουλεύματος,
1218 2243 1358 2299 ἀλλά
1404 2260 1458 2297 τι
1490 2241 1752 2313 κυρώσας
1808 2242 1870 2296 ἐν

285 2345 566 2417 σταθερῷ,
599 2343 700 2416 τὴν
733 2344 975 2413 σήμερον
1015 2338 1214 2410 αῦριον
1259 2334 1604 2408 μεταϐαλὼν,
1642 2335 1871 2402 ἀπεχει-

289 2438 550 2510 ροτὸνησε
575 2435 676 2507 τὴν
702 2434 914 2490 οἰκείαν
939 2432 1220 2506 πρόθεσιν.
1253 2429 1319 2482 Τί
1346 2429 1403 2482 δέ
1431 2445 1576 2498 φημι
1630 2426 1824 2497 αῦριον
1849 2443 1868 2494 ;

282 2531 407 2587 δέον
428 2532 626 2594 εἰπεῖν,
654 2531 737 2584 ὅτι
781 2525 1056 2596 αὐθωρδν,
1117 2522 1190 2578 τά
1213 2539 1272 2576 τε
1303 2521 1462 2587 ἀλλα,
1513 2521 1610 2574 καὶ
1631 2519 1768 2574 διότι
1807 2520 1868 2572 οὐ

283 2621 430 2676 πάνυ
489 2620 698 2690 ἀπᾷδον
746 2618 882 2690 πρὸς
916 2615 1201 2688 ἀλήθειαν,
1251 2612 1315 2669 τὸ
1345 2613 1446 2677 τὰς
1479 2612 1687 2684 φρένας
1731 2609 1870 2683 πρὸς

280 2715 456 2788 τύχας
471 2711 777 2784 κεκτῆσθαι
799 2711 969 2782 ἡμᾶς.

357 2815 444 2864 ιε’.
476 2807 587 2862 Καὶ
616 2805 762 2861 οὕτω
791 2805 892 2876 μὲν
937 2803 1010 2860 τά
1049 2803 1109 2866 ἐς
1149 2800 1336 2871 φιλίαν
1381 2797 1787 2871 κακουργοῦσιν
1819 2799 1870 2853 οί

285 2903 388 2972 τῆς
413 2897 784 2971 ὕποκριτικῆς
813 2898 1100 2970 αἱρέσεως,
1129 2895 1221 2950 ὅτε
1270 2889 1766 2966 μεταχειρίσασθαι
1808 2890 1872 2944 τὸ

286 2992 413 3049 κατ’
440 2990 620 3063 αὐτὴν
647 2987 986 3058 πρόθωνται.
1023 2985 1135 3040 Καὶ
1154 2984 1318 3058 ἢρκει
1349 2981 1452 3054 μέν
1478 2980 1713 3038 ἐνταῦθα
1733 2978 1873 3051 φαύ-

287 3089 414 3152 λους
439 3084 841 3156 ἐληλεγμένους
879 3079 1078 3142 αὐτοὺς
1111 3079 1330 3148 ἀφεῖναι
1360 3075 1578 3147 βάλλειν
1604 3077 1663 3140 ἐς
1699 3074 1873 3145 κόρα-

1985 588 2084 628 nec
2119 574 2257 629 tueri
2289 573 2369 628 vel
2388 574 2593 630 servire
2617 573 2846 642 tingunt,
2869 583 2921 629 et
2951 573 3020 628 ab
3054 572 3374 629 honorando
3404 573 3572 628 bene-

1978 660 2318 730 dicendoque
2361 678 2424 715 ac
2465 660 2809 730 praedicando
2831 663 3048 717 beatum
3080 662 3222 717 hunc
3253 661 3567 717 hesternum

1981 745 2242 818 amicum,
2285 751 2585 808 abstinent.
2623 749 2855 806 Tantum
2888 741 3068 807 autem
3102 755 3257 807 abest
3295 763 3375 821 ut,
3410 755 3569 822 equi-

1979 859 2175 901 sonum
2207 845 2399 908 instar,
2445 846 2593 898 illum
2619 845 2670 898 iu
2707 846 2958 899 manibus
2994 845 3208 911 tollant,
3253 855 3312 900 ut
3346 862 3473 901 eum
3511 848 3564 901 in

1977 951 2174 993 caveas
2206 937 2544 1007 praecipitent
2598 945 2653 992 et
2693 935 2968 1003 obruant;
3020 946 3073 992 et
3121 938 3167 992 si
3213 939 3344 1008 quid
3390 940 3569 994 amico

1979 1029 2397 1099 suppeditabant
2463 1031 2530 1084 ad
2591 1028 2844 1083 amicitia:
2880 1029 3116 1099 signum,
3163 1038 3220 1085 et
3251 1031 3301 1086 si
3346 1031 3569 1085 aliunde

1978 1121 2241 1190 mysteria
2279 1120 2441 1176 amici
2487 1120 2745 1190 quopiam
2776 1120 3045 1175 servanda
3080 1123 3443 1190 reponebam.
3484 1122 3564 1176 illi

1977 1212 2068 1282 qui
2101 1219 2261 1267 antea
2291 1212 2646 1284 divulgabant
2675 1212 3019 1281 mysteriosa,
3054 1223 3112 1268 ut
3145 1213 3384 1270 vicissim
3419 1215 3564 1269 obti-

1979 1313 2304 1366 nereut,uon
2331 1303 2542 1359 facilius
2566 1303 2688 1359 fons
2709 1303 3020 1360 cbullientis
3040 1320 3190 1375 aqua:
3209 1321 3362 1360 suam
3387 1306 3568 1361 fonta-

1979 1397 2155 1453 nalem
2183 1413 2378 1468 aquam
2408 1397 2710 1462 emitteret,
2745 1413 2908 1468 quam
2942 1398 3030 1452 isti
3067 1400 3306 1467 reposita
3343 1409 3564 1454 secreta

1977 1499 2256 1544 eructant.
2282 1487 2410 1543 Hmc
2441 1499 2624 1543 autem
2650 1489 2838 1544 omnia
2871 1505 3044 1559 quare
3066 1501 3120 1544 et
3139 1499 3363 1560 propter
3390 1490 3560 1560 quid?

1979 1580 2116 1649 Quia
2147 1596 2234 1636 res
2271 1581 2455 1650 aliqua
2494 1581 2758 1636 vilissima
2791 1581 3206 1650 superveniens,
3253 1595 3354 1636 nec
3410 1581 3558 1637 oboli

1975 1673 2320 1738 aestimanda,
2376 1673 2722 1728 contristavit
2763 1672 3162 1738 simulatorem,
3227 1673 3567 1743 despectum,

1977 1768 2119 1822 sicut
2149 1768 2262 1834 ipse
2291 1766 2520 1828 diceret,
2551 1766 2981 1822 dominationem
3016 1766 3069 1820 in
3102 1765 3354 1822 omnibus
3399 1781 3565 1836 super

1983 1858 2262 1915 adulatum
2297 1858 2499 1914 habere
2526 1857 2712 1914 volens
2739 1867 2794 1914 et
2821 1859 2890 1913 ab
2921 1858 3010 1914 illo
3051 1858 3186 1913 nihil
3220 1873 3408 1914 eorum
3447 1875 3567 1928 qua:

1983 1948 2281 2012 desiderat,
2310 1963 2418 2004 non
2453 1948 2704 2004 obtinere
2742 1966 2756 2002 :
2799 1950 2945 2018 quod
2994 1951 3046 2003 in
3084 1949 3198 2004 vita
3247 1964 3480 2020 prorsus
3527 1963 3559 2004 a

1983 2040 2200 2098 nemine
2231 2047 2409 2112 potest
2437 2039 2698 2104 obtineri,
2762 2041 2853 2094 ubi
2904 2027 3122 2110 quidem
3171 2041 3352 2097 omnis
3404 2042 3569 2097 homo

1983 2134 2222 2208 propria:
2256 2134 2554 2190 voluntatis
2601 2147 2709 2187 non
2756 2144 2842 2188 est
2886 2132 3110 2188 omnino
3142 2133 3414 2198 dominus,
3447 2134 3567 2198 sed,

1985 2237 2279 2300 postquam
2314 2224 2522 2295 aliquid
2560 2224 2794 2279 ﬁrmiter
2822 2222 3044 2287 statuit,
3082 2222 3348 2278 hodierna
3387 2223 3473 2278 die
3512 2221 3568 2276 iu

1982 2320 2286 2377 crastinam
2341 2325 2698 2383 commutata,
2735 2315 3016 2386 proprium
3060 2314 3400 2385 abjudicavit
3443 2329 3572 2386 pro-

1982 2416 2244 2488 positum.
2295 2413 2404 2470 Cur
2446 2421 2626 2466 autem
2681 2410 2804 2465 dico
2839 2407 3171 2478 crastinam}?
3201 2407 3351 2464 dium
3402 2422 3572 2477 opor-

1988 2510 2135 2565 tebat
2186 2508 2374 2564 dicere
2425 2504 2608 2570 illico;
2652 2502 2906 2572 istudque
2933 2541 2948 2565 ,
2989 2500 3131 2555 inter
3172 2507 3398 2565 caetera,
3438 2499 3570 2571 quia

1986 2620 2094 2660 non
2126 2611 2209 2658 est
2236 2601 2459 2656 omnino
2506 2613 2538 2653 a
2585 2595 2817 2651 veritate
2869 2593 3130 2660 alienum,
3181 2592 3330 2665 quod
3371 2607 3570 2650 sensus

1981 2697 2142 2767 juxta
2176 2696 2454 2748 fortunam
2487 2689 2771 2744 habemus.

2062 2789 2149 2845 15.
2175 2787 2241 2843 Et
2263 2788 2335 2842 ita
2361 2785 2577 2854 quidem
2605 2783 2813 2838 bonum
2835 2779 3091 2836 amicitiae
3114 2787 3458 2850 pervertunt,
3475 2793 3569 2848 qu.

1987 2882 2267 2956 pertinent
2297 2879 2365 2935 ad
2407 2888 2609 2932 sectam
2646 2875 3086 2946 hypocritarum,
3117 2887 3244 2927 cum
3305 2873 3383 2938 id,
3424 2871 3569 2943 quod

1986 2975 2158 3049 ipsius
2175 2983 2282 3042 est,
2303 2970 2690 3026 administrare
2718 2966 3047 3024 luculentius
3066 2964 3306 3036 aggressi
3330 2976 3479 3021 sunt.
3505 2965 3572 3019 Et

1992 3069 2210 3142 quidem
2247 3065 2322 3122 ibi
2363 3061 2666 3118 sumciebat
2699 3063 2833 3116 istos
2864 3059 2929 3114 de
2975 3059 3252 3129 pravitate
3285 3058 3569 3112 convictos

288 3149 420 3246 acac.
609 3149 722 3248 γάρ
782 3172 1108 3243 τηλικούτου
1177 3168 1876 3241 καταπανουργευσάμενος

1991 3161 2053 3216 de
2105 3159 2274 3230 gradu
2332 3154 2594 3224 dejicere.
2655 3151 2758 3220 Qui
2821 3152 2966 3207 enim
3031 3149 3298 3205 adversus
3349 3156 3562 3203 tantum

289 3270 527 3344 ἀγαθοῦ,
560 3269 710 3325 κατά
756 3267 911 3321 ποίου
945 3265 1136 3336 ἐτέρου
1183 3262 1627 3334 εύλαθηθήσεται
1660 3263 1736 3333 μὴ
1788 3263 1883 3316 ἀν-

291 3363 624 3439 δρίσασθαι;
653 3357 1124 3428 Ἐπισκεῲῶμεθα
1150 3355 1208 3409 δὲ
1233 3356 1382 3426 ὅμως
1415 3353 1512 3408 καὶ
1563 3353 1652 3408 ἐπ’
1697 3352 1883 3419 ἀλλοις

295 3457 400 3526 τὴν
433 3453 614 3510 αὐτῶν
667 3449 998 3522 μοχθηρίαν,
1069 3447 1176 3518 ὂπη
1227 3446 1515 3517 ἐπιτιμίας
1565 3443 1882 3518 ἀφώρισται

299 3545 728 3617 ἐντυγχάνοντας
755 3558 772 3576 ο
807 3541 983 3603 οὐδεὶς
1013 3540 1124 3611 γὰρ
1151 3540 1252 3612 τὴν
1273 3538 1539 3610 τοιαύτην
1565 3538 1754 3608 ἀγνοεῖ
1783 3555 1884 3610 μο-

294 3637 554 3713 χθηρίαν,
583 3637 696 3708 ὅπη
725 3635 1013 3704 ἐπιτιμίας
1036 3633 1350 3704 ἀφώρισται
1373 3647 1390 3665 ο
1425 3631 1541 3686 ἀλλ’
1576 3630 1723 3686 ὥστε
1752 3648 1882 3686 συν-

293 3733 533 3804 ἀγαγεῖν
565 3747 623 3786 τι
660 3728 760 3784 καὶ
807 3727 964 3784 αὐτοὶ
994 3725 1135 3798 πρὸς
1163 3724 1518 3797 κατάκρισιν,
1551 3723 1646 3778 καὶ
1677 3739 1885 3796 προσε-

290 3821 548 3878 πιδαλεϊν
578 3818 660 3892 τῷ
684 3817 809 3873 κατ’
833 3816 1008 3886 αὐτῆς
1048 3815 1295 3886 μεγίστῳ
1331 3814 1513 3882 κάδδῳ
1540 3813 1724 3885 ψῆφον
1751 3816 1885 3882 μίαν

293 3913 434 3986 γοῦν
461 3931 588 3970 τινα
639 3911 922 3983 μέλαιναν,
945 3908 1048 3981 τὴν
1079 3907 1169 3962 διὰ
1195 3909 1417 3978 γραφῆς
1448 3906 1676 3978 ταύτης,
1698 3909 1886 3978 ὅμοιον

297 4008 378 4072 ὡς
443 4007 497 4060 εί
559 4003 653 4059 καί
705 4018 854 4066 τινος
907 3998 1198 4071 ἀλιτηρίου
1242 3997 1426 4052 λάϊνον
1463 3997 1886 4068 ἀμφιεσαμένου

299 4099 535 4174 χιτῶνα,
581 4096 643 4152 δν
681 4093 834 4166 αὑτῷ
871 4093 906 4165 ὴ
957 4091 1130 4148 κακία
1169 4088 1461 4158 ἐξύφανεν,
1504 4089 1584 4153 εἰς
1615 4088 1892 4160 ἐπίσημον

299 4194 561 4262 ἐντάφιον
617 4185 939 4260 περίϐλημα
993 4182 1426 4256 προσεπιρρίψει
1479 4183 1577 4236 καὶ⁹
1614 4179 1779 4245 αύτδς
1827 4182 1892 4235 ἐκ

299 4283 549 4356 παρόδου
585 4279 838 4350 λιθάριον
863 4277 947 4340 είς
977 4272 1288 4344 ἀφοσίωσιν
1324 4271 1536 4344 ἔθιμον.

377 4385 479 4444 ις’.
523 4372 845 4446 Θεωρητέον
879 4369 975 4426 οῦν
1030 4369 1124 4424 τὸν
1157 4364 1484 4439 ὑποκριτὴν,
1537 4361 1726 4428 ὁποῖός
1773 4362 1894 4417 ἐστι

297 4472 401 4527 καὶ
427 4471 487 4525 ἐν
516 4471 583 4540 τῇ
617 4465 873 4537 πολιτικῇ
907 4461 1192 4533 κοινωνίᾳ,
1223 4460 1315 4514 ὅτε
1349 4457 1562 4524 τάξεώς
1597 4473 1703 4510 που
1732 4472 1895 4527 περι-

299 4563 512 4635 φανοῦς
542 4558 994 4625 ἐπιτεύξεται.⁹Δ
1007 4573 1083 4627 μα
1110 4549 1252 4608 εἶδεν
1283 4550 1450 4606 αὑτὸν
1480 4550 1515 4622 ὴ
1554 4549 1734 4620 ἀγορὰ
1759 4547 1795 4619 ἢ
1831 4545 1893 4601 τὸ

299 4657 714 4733 βουλευτήριον,
745 4652 844 4707 καὶ
883 4650 1048 4713 εὐθὺς
1086 4645 1450 4718 περιθέμενος
1480 4643 1542 4698 τδ
1571 4644 1674 4713 τῆς
1694 4641 1896 4714 εὐσχη-

299 4753 570 4827 μοσύνης,
599 4747 700 4802 είτ’
728 4745 824 4801 οὖν
853 4741 1146 4806 εὐλαϐείας
1177 4740 1273 4794 καὶ
1299 4737 1581 4810 προσοχῆς
1611 4734 1706 4792 καὶ
1735 4735 1897 4806 ἀκρι-

299 4825 463 4906 Cela;
514 4839 885 4913 προσωπεῖον,
951 4832 1202 4907 βουλεύει
1264 4829 1367 4900 μὲν
1401 4827 1602 4902 βουλάς
1651 4825 1892 4897 ἀγαθὰς,

299 4934 565 5008 ἀγορεύει
595 4933 655 4987 δὲ
704 4931 776 4986 τά
817 4929 1140 4984 συνοίσοντα
1162 4942 1179 4958 ο
1211 4923 1311 4981 καὶ
1337 4921 1550 4995 ὁμιλῶν
1575 4921 1678 4992 μὲν
1713 4917 1898 4973 ἐπιλέ-

300 5045 468 5101 γεται
523 5025 671 5092 νοῦν,
699 5024 759 5088 ὃς
817 5019 1234 5094 προφερόμενος
1279 5015 1358 5081 ῶς
1386 5015 1468 5078 είς
1515 5011 1654 5067 Θεοῦ
1708 5009 1897 5101 φωνὴν

304 5097 646 5193 ἀπηχεϊταιο
715 5115 977 5188 πράττων
1031 5111 1090 5166 δὲ
1147 5107 1398 5180 ἀφορίζει
1449 5105 1546 5161 τὸν
1594 5103 1794 5193 μῶμον
1837 5097 1898 5193 ἐξ

305 5190 536 5275 ἐαυτοῦ,
564 5209 641 5271 ῶς
671 5206 768 5260 καὶ
817 5201 1136 5274 φθονεῖσθαι
1173 5199 1291 5262 τοῖς
1343 5212 1410 5267 γε
1438 5194 1755 5268 βασκάνοις.
1785 5190 1899 5245 Καὶ

305 5301 534 5361 διαιτῶν
581 5300 681 5373 μὲν
707 5297 808 5353 οὐκ
832 5298 900 5352 ἀν
929 5297 988 5360 ἐς
1017 5293 1314 5364 πρόσωπον
1352 5285 1661 5358 ἀποϐλέψῃ,
1690 5283 1802 5339 οὐδ’
1832 5283 1901 5338 ἀν

310 5393 816 5464 κατακαυχήσηται
840 5386 1012 5443 αὐτοῦ
1041 5385 1216 5457 δῶρον
1248 5399 1265 5416 ο
1297 5380 1465 5454 μίσος
1495 5378 1554 5434 δὲ
1604 5377 1784 5440 άλλως
1813 5391 1904 5444 γι-

310 5489 546 5560 νόμενος
573 5484 889 5556 πράγμασι,
914 5480 1015 5552 τὴν
1041 5479 1305 5548 ἐνάρετον
1336 5471 1597 5543 συντηρεῐ
1625 5468 1903 5560 σύμϐασιν

307 5559 462 5650 λόγῳ
485 5577 563 5647 τῷ
594 5574 718 5631 κατ’
758 5575 985 5647 ἀρετήν.
1021 5571 1242 5642 Κρίνων
1271 5568 1329 5622 δέ
1357 5562 1595 5650 ἀπορθοί
1614 5561 1716 5633 τὴν
1756 5559 1902 5650 γνῶ-

313 5647 444 5740 μηνν
465 5667 548 5730 είς
590 5665 866 5733 εὐθύτητα
891 5660 1141 5731 θεοφιλῆ.
1159 5653 1540 5718 Ἐπανασώζει
1572 5649 1720 5706 ἀπαν
1740 5647 1908 5719 ἀφαί-

316 5773 494 5831 papa,
513 5754 888 5827 παρῤησιάζει
909 5753 971 5807 τὸ
991 5749 1226 5816 δίκαιον,
1252 5743 1586 5816 περιγράφει
1612 5742 1674 5796 τδ
1694 5741 1904 5808 ἀδικον,

311 5849 552 5915 κολάζει
584 5847 840 5916 δεόντως,
875 5841 1250 5902 ἐπιεικεύεται
1296 5835 1647 5912 πρεπόντως,
1682 5831 1909 5906 καθείρ-

1987 3252 2192 3308 bonum
2223 3261 2481 3320 perverse
2517 3244 2649 3314 egit,
2698 3253 2889 3299 contra
2941 3241 3086 3312 quod
3122 3239 3268 3295 aliud
3299 3238 3575 3295 verebitur

1989 3345 2271 3399 audacter
2311 3337 2490 3394 ferri?
2525 3334 2916 3389 Examinemus
2972 3341 3177 3398 tamen,
3211 3340 3265 3385 et
3312 3330 3364 3386 in
3427 3330 3573 3394 aliis,

1989 3435 2233 3508 ipsorum
2261 3429 2616 3502 pravitatem,
2645 3425 2735 3480 ubi
2763 3439 3000 3481 censura
3027 3427 3244 3494 signata
3273 3433 3357 3478 est
3377 3437 3578 3478 occur-

1991 3525 2268 3583 reutilms.
2321 3520 2493 3576 Nemo
2547 3518 2694 3574 enim
2744 3516 2907 3572 talem
2958 3516 3179 3587 ignorat
3222 3516 3571 3586 pravitatem,

1989 3619 2085 3676 ubi
2119 3628 2355 3672 censura
2388 3621 2572 3667 notata
2606 3616 2690 3666 est
2714 3625 2730 3674 ;
2758 3608 2855 3665 sed
2884 3622 2985 3664 nos
3008 3606 3176 3663 etiam
3207 3607 3421 3678 aliquid
3456 3606 3576 3662 col-

1989 3713 2232 3783 ligemus
2279 3709 2349 3764 ad
2389 3703 2934 3770 condemnationem,
2976 3710 3054 3768 et,
3100 3702 3346 3757 maximo
3382 3708 3574 3757 contra

1992 3800 2443 3873 illumsuﬂ'ragio,
2482 3796 2796 3869 sull‘ragium
2836 3810 3002 3850 unum
3028 3793 3252 3864 inquam
3277 3792 3470 3849 saltem
3489 3791 3578 3848 ni-

1991 3911 2172 3969 grum,
2215 3892 2358 3964 quod
2410 3900 2495 3948 est
2525 3891 2671 3946 illius
2720 3886 3132 3953 accusationis,
3177 3884 3577 3954 superadjicie-

1997 4003 2139 4055 nius,
2163 3983 2618 4053 quemadmodum
2647 3980 2717 4048 si,
2750 3979 2978 4035 homine
3030 3976 3265 4033 scelesto
3312 3975 3578 4048 lapideam

1999 4076 2246 4132 tunicam
2280 4074 2494 4140 induto,
2535 4087 2702 4144 quam
2742 4068 2850 4141 ipsi
2891 4069 3110 4125 malitia
3161 4068 3357 4134 texuit,
3396 4070 3452 4123 in
3505 4068 3583 4124 si-

1995 4176 2218 4242 gnatum
2257 4166 2567 4236 sepulcrum
2625 4171 2682 4219 et
2735 4163 2858 4234 ipse
2919 4161 3187 4218 transitor
3225 4175 3296 4216 ex
3343 4161 3428 4215 via
3466 4153 3592 4230 pal?

1998 4262 2131 4318 lium
2170 4259 2445 4331 lapideum
2493 4256 2562 4312 ad
2609 4253 2979 4325 expiationem
3009 4269 3076 4309 ex
3115 4265 3266 4308 more
3289 4251 3576 4320 conjiciat.

2068 4352 2158 4409 16.
2207 4350 2633 4408 Consideremus
2673 4346 2841 4418 igitur
2866 4344 3264 4411 simulatorem,
3299 4343 3480 4414 qualis
3510 4345 3585 4398 sit

1995 4445 2054 4503 in
2111 4443 2258 4501 civili
2318 4441 2756 4506 communitate,
2802 4439 2849 4494 si
2900 4435 3122 4508 quando
3183 4437 3250 4491 ad
3311 4436 3582 4507 insignem

2001 4535 2310 4610 pervenerit
2333 4534 2606 4591 ordinem.
2629 4529 2827 4586 Statim
2854 4540 2908 4584 ut
2941 4527 3226 4598 conspexit
3250 4541 3374 4582 eum
3405 4525 3583 4582 forum

1999 4628 2088 4686 vel
2148 4635 2392 4696 senatus,
2451 4622 2728 4694 extemplo
2781 4620 3130 4693 majestatis,
3180 4619 3297 4676 sive
3346 4619 3589 4674 circum-

2001 4721 2302 4796 spectionis
2351 4727 2407 4776 et
2475 4715 2785 4789 prudentia.-
2825 4727 3034 4769 necnon
3085 4709 3332 4782 obsequii
3399 4724 3592 4780 perso-

2005 4831 2130 4874 nam
2198 4815 2441 4879 indutus,
2495 4808 2818 4867 consiliator
2877 4807 3104 4877 quidem
3140 4803 3372 4860 consilia
3421 4804 3591 4872 bona,

2003 4919 2058 4965 et
2109 4905 2352 4975 loquitur
2409 4901 2573 4958 verba
2629 4912 2841 4967 magna;
2916 4895 3138 4951 utilitati
3188 4893 3391 4950 futura.
3437 4893 3589 4950 Con-

2004 4996 2276 5054 versando
2300 4991 2625 5051 sententiam
2652 4989 2872 5058 quidem
2900 4985 3204 5050 concludit,
3231 4999 3353 5055 quae
3376 4983 3589 5053 prolata
3655 5007 3661 5012 -

2007 5101 2268 5163 tanquam
2300 5088 2367 5144 ad
2413 5085 2508 5142 Dei
2554 5096 2740 5138 vocem
2767 5089 2965 5146 sonat;
3024 5078 3307 5148 operando
3343 5090 3476 5132 vero
3512 5075 3595 5133 sic

2002 5181 2038 5240 ἐ
2086 5199 2148 5240 se
2203 5190 2456 5238 removet
2495 5172 3011 5246 reprehensionem,
3061 5179 3122 5225 ut
3153 5169 3354 5225 invidis
3399 5169 3592 5225 saltem

2009 5278 2105 5334 ﬂat
2136 5277 2411 5345 objectum
2446 5268 2692 5328 invidiae.
2725 5266 2948 5322 Arbiter
2986 5263 3192 5327 factus,
3234 5276 3342 5318 non
3378 5262 3446 5315 ad
3479 5261 3598 5316 vul-

2011 5380 2124 5426 tum
2197 5381 2436 5439 unquam
2509 5361 2798 5428 attendet,
2871 5371 2975 5414 nec
3043 5370 3105 5412 se
3158 5355 3365 5412 donum
3421 5352 3596 5408 invito

2011 5464 2187 5535 ipsum
2235 5459 2458 5534 gloriari
2510 5456 2753 5513 audebit.
2793 5452 2990 5510 Mistus
3032 5449 3254 5506 aliunde
3331 5446 3592 5518 negotiis,

2005 5554 2343 5613 laudabilem
2389 5547 2832 5608 conciliationem
2864 5584 2883 5613 ,
2971 5557 3229 5601 sermone
3292 5542 3597 5596 secundum

2013 5648 2280 5705 virtutem
2333 5642 2503 5710 facto,
2556 5646 2868 5697 conservat.
2915 5633 3200 5698 Judicans,
3268 5631 3598 5689 sententiam

2012 5741 2170 5814 juxta
2206 5735 2597 5794 rectitudinem
2664 5729 2778 5787 Deo
2836 5728 3121 5800 placitam,
3177 5724 3389 5794 dirigit.
3425 5722 3601 5814 Omne

2019 5811 2295 5892 restaurat
2326 5827 2643 5900 abreptum,
2672 5832 2863 5897 aperte
2889 5819 3101 5896 justum
3128 5816 3394 5890 declarat,
3419 5811 3602 5886 repri-
