4090 6426
531 377 631 437 381

1232 367 1650 437 EUSTATHII
1687 360 2451 428 THESSALONICENCIS
2480 359 3052 425 METROPOLITIE

3693 359 3795 426 388

534 485 634 541 mit
660 483 941 553 iniustum,
960 482 1115 555 punit
1130 491 1457 553 opportune,
1479 481 1768 537 clementia
1785 478 2105 535 convenien-

2218 492 2380 546 γνυσι
2413 477 2707 549 κραταιῶς,
2740 477 2968 548 ἀφίησιν
2999 472 3285 539 ἐπιεικῶς.
3325 472 3515 538 Εῖποις
3541 472 3610 528 ἂν
3648 473 3788 529 ὲκεί-

535 584 619 627 ter
676 573 867 639 utitur,
927 572 1159 626 ﬁrmiter
1206 580 1459 636 coercet,
1515 569 1816 624 clementer
1861 567 2107 623 dimittit.

534 670 668 726 Eum
695 667 910 725 virtutis
942 668 1233 739 imaginem
1254 666 1481 724 dixeris.
1509 665 1712 721 Praeter
1733 665 1878 721 enim
1911 669 2107 719 ctetera

536 774 726 819 noster
759 765 920 818 homo
956 763 1190 830 primum
1232 760 1388 830 tingit
1423 768 1477 815 et
1527 757 1896 814 humilitatem
1924 762 1979 811 et
2013 770 2110 810 ve-

534 858 750 911 ritatem
779 872 792 908 :
826 854 1289 921 humilitatem,eo
1310 854 1453 923 quod
1482 851 1724 907 omnium
1755 857 1838 907 est
1867 864 2060 904 servus
2088 863 2104 917 ;

533 949 851 1013 veritatem,
883 947 1009 1018 quia
1042 961 1149 1002 non
1196 947 1403 1002 diceret
1435 944 1640 1017 aliquid
1684 942 1911 1009 bonum,
1963 941 2107 1011 quod

537 1040 646 1094 tale
687 1055 794 1094 non
837 1050 1010 1095 esset.
1040 1037 1317 1110 Operatur
1358 1039 1600 1093 maxime
1634 1036 1920 1108 pulchram
1965 1035 2106 1090 hanc

535 1131 783 1201 dyadem;
813 1146 909 1186 eos
931 1131 1020 1199 qui
1046 1138 1171 1185 sunt
1192 1130 1243 1185 in
1270 1130 1507 1184 maximo
1533 1129 1700 1199 gradu
1722 1138 1938 1192 exutus,
1962 1136 2112 1194 post-

536 1238 696 1290 quam
740 1224 791 1275 in
825 1223 906 1278 eis
949 1221 1094 1276 illam
1124 1222 1517 1276 demonstravit
1552 1230 1607 1276 et
1639 1219 1868 1275 curavit.
1919 1218 2112 1273 Eleva-

538 1321 627 1367 tus
678 1313 834 1380 quasi
890 1313 1104 1368 duabus
1138 1312 1322 1368 aureis
1349 1313 1471 1378 alis,
1514 1311 1762 1367 veritatis
1801 1311 2012 1366 scilicet
2057 1320 2112 1365 et

539 1404 889 1470 humilitatis,
934 1419 965 1459 a
1012 1413 1205 1459 senatu
1251 1405 1567 1476 populoque
1618 1415 1859 1460 amatur.
1903 1404 2111 1460 Exinde

537 1494 902 1562 quodcunque
941 1494 1101 1549 civile
1137 1494 1416 1565 negotium
1469 1495 1522 1547 in
1570 1510 1763 1548 manus
1788 1493 1906 1563 ejus
1943 1493 2109 1559 venit,

470 1656 476 1665 .
536 1588 628 1640 sed
655 1586 949 1655 praesertim
984 1588 1443 1656 neg0tiamrivata.
1473 1586 1623 1642 Solet
1678 1586 1969 1651 enim,etsi
2002 1600 2109 1641 non

449 1676 462 1686 ’
538 1666 793 1748 semper,
834 1678 1147 1749 frequenter
1183 1680 1398 1746 saltem,
1435 1680 1509 1734 illi
1552 1679 1619 1734 de
1668 1695 1727 1735 re
1771 1678 1988 1748 publica
2025 1694 2115 1733 cu-

2210 590 2303 629 νον
2356 572 2563 643 ἀρετῆς
2629 572 2934 643 ἀφίδρυμα.
2986 569 3132 642 Πρὸς
3188 570 3298 642 γὰρ
3348 570 3416 626 αὖ
3469 573 3583 637 τοῖς
3613 572 3795 640 ἄλλοις

2210 668 2602 738 προσποιεῖται
2629 668 2657 721 δ
2684 666 2779 722 avo
2791 682 2971 737 ρωπος
3004 665 3104 735 τὴν
3128 665 3305 735 ἀρχὴν
3331 666 3426 719 καὶ
3452 664 3513 719 τὸ
3537 668 3792 722 ταπεινὸν

2211 760 2306 813 καὶ
2352 758 2713 830 ὰληθευτικόν
2734 774 2751 791 ⁶
2782 757 2843 810 τὸ
2872 756 3154 819 ταπεινὸν,
3184 752 3266 820 οἷς
3317 757 3614 828 θεραπεύει
3660 761 3796 830 πρό-

2212 866 2441 915 παντας⁶
2463 851 2525 905 τδ
2546 851 2922 921 ἀληθευτικὸν,
2940 844 3021 910 οἷς
3037 853 3137 906 οὐκ
3155 850 3219 905 ἂν
3235 851 3369 920 φαίη
3394 869 3446 906 τι
3465 852 3691 920 ἀγαθὸν,
3714 856 3789 925 μὴ

2210 942 2382 1008 οῦτως
2404 944 2543 1014 ἔχον.
2566 943 3025 1016 Πραγματεύεται
3045 942 3449 1012 δὲὲπιμάλιστα
3460 944 3562 1013 τὴν
3589 946 3788 1016 καινὴν

2211 1036 2412 1107 ταύτην
2446 1036 3014 1106 δυάδα,ἁποδυόμενος
3060 1036 3186 1100 τούς
3218 1037 3278 1088 ὲν
3310 1037 3556 1107 μεγίστῳ
3574 1036 3789 1109 βαθμῷ,

2180 1130 2305 1200 ,καὶ
2339 1129 2748 1200 ἐπιδειξάμενος
2777 1128 2946 1198 αὐτὴν
2969 1129 3026 1182 ὲν
3054 1128 3306 1193 ἐκείνοις,
3332 1128 3430 1182 καὶ
3452 1130 3791 1201 τεθεραπευ-

2212 1222 2342 1283 κὼς.
2378 1224 2485 1276 Kai
2514 1220 2823 1293 ἁνυψωοεὶς
2851 1223 3083 1292 χρυσαῖν
3113 1216 3199 1275 οἷα
3233 1223 3527 1291 πτερύγοιν
3557 1224 3623 1293 τῇ
3646 1223 3791 1276 κατά

2210 1314 2309 1387 τὴν
2339 1313 2597 1384 ἀλήθειαν
2641 1314 2739 1367 καὶ
2788 1313 3144 1376 ταπείνωσιν,
3174 1314 3412 1382 φιλεῖται
3443 1314 3582 1384 πρός
3601 1331 3661 1367 τε
3686 1314 3789 1382 τῆς

2214 1407 2434 1479 βουλῆς,
2460 1406 2593 1477 πρός
2613 1423 2671 1460 τε
2692 1406 2784 1460 τοῦ
2815 1405 3013 1475 δήμου.
3047 1404 3363 1458 Κάντεῦθεν
3380 1405 3526 1459 ἅπαν
3555 1407 3789 1476 πρᾶγμα

2214 1498 2496 1552 πολιτικὸν
2525 1498 2652 1569 ἥκει
2686 1498 2767 1561 είς
2795 1499 2984 1568 χεῖρας
3027 1496 3195 1565 αὐτῷ,
3228 1496 3327 1567 οὐχ
3361 1498 3567 1567 ἥκιστα
3599 1497 3656 1552 δὲ
3691 1497 3789 1550 καὶ

2212 1590 2280 1643 τὰ
2310 1589 2578 1644 ίδιωτικά.
2615 1589 2764 1641 Φιλεῖ
2791 1590 2921 1659 γὰρ,
2950 1590 2999 1642 εἰ
3034 1590 3130 1642 καὶ
3165 1588 3240 1659 μὴ
3269 1588 3441 1651 ἐσαεὶ,
3478 1590 3538 1651 ἐς
3566 1589 3696 1657 γοῦν
3726 1588 3790 1641 τδ

2215 1682 2373 1747 πολὺ,
2401 1681 2478 1753 τῷ
2508 1681 2890 1752 ἐπιμελομένῳ
2914 1680 3011 1734 τοῦ
3040 1681 3223 1735 κοινοῦ
3253 1680 3788 1751 προσεπιϐάλλεσθαι

533 1771 675 1824 ranti
738 1772 1028 1840 superaddi
1090 1788 1271 1827 rerum
1313 1772 1646 1843 privatarum
1697 1785 1855 1826 cura.
1901 1769 2105 1824 Adeunt

2215 1775 2312 1829 καὶ
2343 1776 2376 1845 ἡ
2416 1775 2526 1828 τῶν
2565 1775 2671 1846 ἰδίᾳ
2701 1777 2796 1827 καὶ
2826 1774 3146 1828 καθέκαστα
3197 1774 3525 1845 ἐπιστροφή.
3558 1774 3790 1828 Φοιτῶσι

535 1864 697 1931 igitur
770 1863 943 1929 illum,
977 1863 1313 1932 quibuslibet
1362 1865 1550 1929 horis,
1604 1862 1899 1927 innumeri,
1957 1876 2109 1917 com-

535 1955 863 2009 municaturi
910 1956 975 2010 de
1006 1956 1169 2011 rebus
1196 1955 1560 2021 omnimodis,
1594 1963 1724 2025 puta
1780 1956 1845 2009 de
1879 1953 2105 2023 nuptiis,

533 2048 599 2100 de
619 2048 1059 2116 mereationibus,
1082 2049 1318 2119 denique
1344 2049 1409 2105 de
1429 2050 1606 2104 omnis
1645 2048 1862 2120 generis
1878 2063 2113 2102 conven-

534 2139 786 2193 tionibus.
841 2140 906 2193 Et
946 2151 1027 2195 est
1065 2141 1195 2210 ipsis
1249 2141 1337 2195 ille
1380 2144 1554 2196 bonus
1572 2156 1767 2206 annus,
1812 2154 1974 2209 quem
2000 2155 2107 2194 non

444 2248 447 2251 ·
531 2239 782 2300 aequaret
828 2246 1002 2286 annus
1049 2234 1441 2301 superveniens
1491 2232 1880 2301 felicissimus;
1936 2230 2112 2288 facilis

531 2323 597 2375 ad
629 2336 823 2378 omnes
855 2332 910 2375 et
944 2324 1012 2377 de
1058 2323 1203 2376 nulla
1257 2324 1525 2392 pravitate
1570 2325 1871 2379 convictus.
1910 2323 2110 2395 Itaque

530 2413 733 2468 sensim
790 2413 1102 2484 sensimque
1170 2415 1419 2471 ascendit
1469 2415 1535 2470 ad
1589 2416 1856 2485 gloriam,
1907 2426 1960 2471 et
2011 2416 2112 2471 alis

529 2502 689 2559 famae
721 2505 1063 2569 sublevatus,
1091 2520 1195 2561 non
1247 2520 1474 2576 operose
1514 2507 1741 2578 pedibus
1769 2523 1833 2564 ac
1859 2509 2110 2565 manibus

532 2610 754 2649 sursum
811 2599 1009 2661 tendit,
1058 2600 1150 2651 sed
1199 2600 1483 2653 commode
1524 2615 1622 2670 per
1663 2614 1808 2665 aera,
1843 2611 2102 2670 tanquam

529 2688 732 2753 alatus,
769 2689 1037 2758 exsurgit.
1070 2688 1365 2760 Postquam
1397 2699 1578 2745 autem
1609 2706 1803 2745 omnes
1827 2693 2107 2761 perversis

528 2779 634 2836 viis
673 2783 738 2834 ad
769 2796 828 2835 se
906 2783 1167 2845 traxerit,
1215 2793 1268 2838 et
1314 2783 1391 2838 sic
1428 2784 1493 2838 ad
1537 2784 1711 2854 ipsum
1764 2785 2109 2851 devenerint,

527 2880 579 2925 et
615 2874 835 2926 verbum
880 2890 900 2925 ι
939 2872 1127 2927 Bonus
1190 2873 1300 2940 ille,
1333 2891 1352 2925 ι
1400 2875 1600 2943 passim
1656 2874 1744 2930 hic
1792 2875 1958 2931 fuerit
2014 2876 2098 2931 di.

526 2966 831 3036 vulgatum,
859 2974 993 3021 tunc
1034 2976 1274 3021 veterem
1320 2966 1469 3020 illum
1505 2966 1719 3023 Deoceu
1765 2968 1818 3022 in
1857 2977 2095 3023 mentem

526 3057 638 3112 cito
678 3058 1093 3124 rememorabit,
1139 3058 1228 3127 qui
1283 3072 1410 3113 suos
1451 3060 1707 3114 concives
1752 3059 1965 3130 justitia
2004 3075 2096 3114 re-

526 3165 757 3218 rumque
805 3152 1180 3206 communium
1232 3166 1364 3206 cura
1412 3152 1765 3217 demulserat,
1824 3163 1879 3208 et
1919 3152 1998 3207 sic
2049 3152 2103 3206 in
2134 3185 2181 3248 ο

527 3242 848 3297 archontem
884 3254 1219 3311 assumptus,
1260 3252 1448 3312 postea
1482 3243 1698 3299 fortiter
1726 3243 1832 3299 illis
1864 3243 2101 3308 inhaesit,

525 3348 645 3403 quae
672 3350 778 3387 non
820 3335 1230 3397 conveniebant,
1257 3334 1372 3404 ipse
1411 3350 1627 3405 quoque
1660 3337 1728 3390 ad
1751 3335 1945 3391 similia
1979 3351 2103 3390 mu-

529 3435 698 3482 tatur.
726 3425 792 3480 Et
825 3426 1059 3494 qualiter
1108 3435 1306 3482 tractet
1354 3427 1440 3482 vel
1496 3428 1642 3483 lianc
1686 3428 1905 3493 urbem,
1940 3442 2104 3497 quam

523 3518 772 3571 obtinere
800 3518 973 3586 potuit
997 3516 1235 3572 oliiciosc
1251 3519 1570 3588 regendam,
1593 3517 1678 3572 vel
1706 3517 1849 3572 hunc
1871 3532 2093 3588 pagum,

524 3610 663 3680 apud
698 3626 858 3679 quem
912 3611 1143 3674 habitat,
1207 3613 1290 3667 vel
1345 3613 1449 3668 hoc
1502 3612 1839 3681 oppidulum,
1892 3613 1945 3666 in
1992 3627 2101 3682 quo

523 3705 788 3759 educatus
836 3711 942 3768 est,
983 3704 1357 3759 deducendum
1405 3703 1623 3773 quidem
1690 3712 1775 3758 est
1825 3718 1890 3757 ex
1928 3702 2104 3758 histo-

524 3797 625 3850 riis
655 3805 710 3848 et
746 3795 1134 3861 monumentis,
1187 3796 1551 3866 colligendum
1599 3805 1784 3850 autem
1827 3795 1993 3849 etiam
2035 3809 2103 3851 ex

518 3889 608 3943 his
636 3901 755 3956 quae
777 3887 922 3941 velut
952 3886 1149 3956 ubique
1175 3888 1306 3941 tinnt
1329 3904 1343 3951 ;
1369 3887 1516 3941 mille
1540 3899 1775 3955 namque
1806 3888 1932 3941 talia
1954 3887 2104 3957 prius

525 3990 838 4048 conspecta,
874 3982 1147 4049 hucusque
1174 3981 1339 4036 etiam
1390 3981 1662 4035 videntur.
1695 3979 1862 4036 Nobis
1918 3991 2097 4037 autem

515 4073 706 4128 dicere
777 4072 1025 4135 suiiiciet,
1074 4073 1246 4127 oculis
1298 4072 1473 4128 acutis
1513 4087 1651 4143 opus
1693 4087 1817 4129 esse
1861 4073 2098 4144 alioquin

516 4160 731 4215 homini
780 4161 859 4216 sic
910 4161 1147 4223 elevato,
1179 4169 1233 4214 ut
1280 4161 1333 4214 in
1380 4175 1437 4216 se
1488 4170 1608 4230 post
1664 4162 2098 4230 assumptiouem

514 4254 670 4307 clare
709 4254 1028 4323 perspiciat,
1063 4254 1402 4308 necessarias
1435 4261 1613 4307 autem
1647 4267 1769 4308 esse
1798 4268 2012 4324 preces,
2040 4264 2099 4310 ut

509 4347 719 4401 exinde
752 4345 929 4418 possit
960 4346 1218 4401 sublimis
1260 4345 1486 4400 humilia
1516 4353 1787 4416 spectare.

592 4481 679 4537 17.
710 4480 878 4537 Porro
907 4481 1296 4537 transeundum
1324 4491 1408 4536 cst
1436 4495 1501 4535 ex
1542 4482 1645 4537 hoc
1673 4482 1935 4552 primario
1963 4497 2097 4540 con—
2126 4491 2175 4552 υ

510 4584 711 4645 spcctu
752 4577 819 4629 ad
864 4590 927 4630 ea
958 4589 1079 4645 quae
1111 4573 1372 4629 inferiora
1410 4574 1817 4643 humilioraque
1845 4585 1995 4642 sunt,
2042 4576 2098 4633 in

517 4669 764 4738 gratiam
802 4676 1034 4722 texturae
1065 4666 1340 4723 sermonis
1377 4667 1683 4736 variegatae,
1733 4667 1926 4738 hisque
1965 4682 2101 4737 qua-

510 4764 875 4831 ‘iibuscunque
919 4775 1013 4831 per
1062 4759 1225 4814 unius
1296 4758 1563 4814 collectivi
1626 4761 1844 4814 modum
1904 4760 2098 4817 immo-

498 4856 774 4919 randum,
813 4868 880 4909 ne
902 4852 1112 4921 longius
1142 4852 1195 4904 in
1243 4851 1539 4920 injucunda
1575 4850 1807 4905 materia
1845 4851 2100 4909 immore—

518 4961 666 5010 mur,
696 4944 985 5009 siquidem,
1010 4943 1157 4997 velut
1186 4951 1461 5011 portenta,
1479 4944 1558 4997 sic
1576 4952 1634 4998 et
1655 4943 1720 4998 de
1743 4942 1866 4999 istis
1888 4958 2098 4998 sermo-

512 5053 622 5094 ncs
653 5037 868 5091 onerosi
900 5044 1048 5091 sunt.
1072 5033 1227 5089 ‘Sunt
1258 5035 1426 5089 etiam
1462 5034 1515 5089 in
1562 5034 1670 5090 illis
1715 5035 1919 5106 passim
1963 5034 2097 5091 locis

514 5130 665 5185 tales
715 5128 974 5182 artiﬁces.
1008 5126 1124 5182 Non
1171 5125 1316 5181 enim
1359 5126 1476 5181 vult
1516 5125 1715 5181 malum
1758 5141 1789 5181 a
1857 5126 2097 5183 minimis

514 5221 809 5285 absistere,
842 5221 936 5275 sed
958 5235 1060 5290 per
1082 5219 1266 5274 omnia
1309 5218 1428 5275 sine
1481 5219 1771 5275 retinentia
1810 5221 2095 5290 progredi-

512 5322 631 5368 tur.
661 5312 938 5367 Simulans
973 5311 1174 5381 quippe
1216 5311 1441 5365 malitia:
1475 5312 1744 5380 sophista,
1784 5311 1867 5367 vel
1916 5312 2095 5380 petius

516 5410 683 5459 verba
738 5405 830 5460 Dei
878 5419 1174 5474 usurpans,
1209 5419 1278 5458 ex
1327 5403 1514 5458 verbis
1567 5402 1713 5458 illius
1738 5402 1803 5458 ad
1857 5402 2092 5460 famulos

510 5497 877 5554 dteruoniacos
928 5497 1059 5552 illud
1093 5496 1303 5566 profert
1344 5495 1709 5551 adulteratum
1757 5514 1772 5549 ι
1827 5513 1846 5549 ι
1881 5494 2088 5552 Videte.

414 5646 421 5655 κ
508 5602 587 5642 ne
636 5589 1001 5645 contemnatis
1058 5585 1142 5643 vel
1190 5601 1360 5641 unum
1434 5599 1501 5642 ex
1565 5585 1774 5656 pusillis
1842 5586 1960 5641 istis
1987 5588 2027 5653 ί,
2068 5606 2087 5641 ι

488 5816 499 5823 ε
581 5817 603 5856 ρ
635 5809 820 5867 Matth.
856 5828 1012 5883 mu,
1043 5815 1132 5871 ιο.

2220 1869 2350 1938 γοῦν
2383 1867 2515 1939 παρ’
2547 1867 2711 1921 αὐτὸν
2745 1867 2931 1937 μυρίοι
2957 1867 3094 1932 ὅσοι,
3128 1866 3223 1919 καὶ
3252 1867 3376 1919 ὅσαι
3403 1860 3565 1936 ὧραι,
3592 1883 3792 1920 κοινω-

2217 1961 2438 2032 σόμενοι
2478 1960 2609 2031 περὶ
2638 1959 2985 2030 πραγμάτων
3029 1958 3325 2020 παντοίων,
3359 1958 3473 2010 τῶν
3520 1958 3662 2010 κατὰ
3692 1957 3793 2025 τά.

2218 2069 2372 2122 μους,
2408 2051 2520 2104 τῶν
2550 2051 2692 2105 κατὰ
2726 2050 3020 2121 ἐμπορίας,
3052 2050 3168 2102 τῶν
3190 2049 3334 2102 κατὰ
3364 2048 3789 2118 συναλλάγματα

2215 2142 2555 2195 παντοδαπά.
2606 2141 2719 2195 Καὶ
2764 2141 2912 2197 ἔστιν
2972 2142 3158 2203 αὐτοῖς
3192 2142 3220 2193 ὁ
3282 2142 3528 2204 ἐπέτειος
3581 2139 3790 2206 ἀγαθὸς

2212 2228 2388 2298 οὗτος,
2420 2232 2480 2287 ὃν
2514 2232 2616 2285 οὐκ
2654 2232 2721 2286 ἂν
2757 2231 2822 2284 τὸ
2848 2231 3002 2284 ἐπιὸν
3030 2230 3332 2287 καταλάϐοι
3370 2231 3489 2295 ετος
3522 2230 3794 2299 άγαθυνό-

2217 2343 2378 2395 μενον
2398 2341 2414 2358 ⁵
2446 2323 2746 2395 εὔχρηστος
2777 2324 2863 2393 ἐφ’
2890 2323 3090 2389 ἅπασι,
3124 2323 3257 2392 μηδὲ
3289 2326 3421 2393 μιᾶς
3450 2323 3791 2393 φαυλότητος

2212 2416 2595 2486 ἁλισκόμενος.
2630 2416 2744 2469 Καὶ
2771 2415 2957 2468 τοίνυν
2995 2414 3280 2469 ἀναϐαίνει
3311 2417 3368 2479 ἐς
3393 2417 3517 2469 ὅσον
3538 2415 3633 2469 καὶ
3659 2417 3787 2471 ὅσον

2213 2511 2281 2579 τῇ
2314 2508 2562 2577 εὐκλείᾳ,
2610 2509 2707 2561 καὶ
2755 2507 2949 2578 φήμης
2982 2508 3208 2579 πτεροῖς
3253 2507 3648 2576 κουφιζόμενος
3687 2509 3789 2561 οὐκ

2214 2600 2587 2669 ἁναρῤιχᾶται
2615 2599 2890 2668 πονήρως,
2926 2596 3042 2652 ἀλλ’
3073 2597 3333 2667 εὐμαρῶς
3364 2598 3605 2668 αἰθέριος
3635 2600 3786 2653 ἄνειο

2214 2705 2320 2752 σιν,
2352 2689 2426 2750 ὡς
2453 2681 2568 2740 οἷον
2605 2688 2923 2755 πετόμενος.
2971 2687 3141 2741 Ἐπὰν
3189 2687 3247 2741 δὲ
3302 2688 3514 2751 πάντας
3551 2688 3787 2758 ἐφελκῦ-

2214 2795 2377 2850 σηται
2398 2777 2477 2850 τῷ
2493 2778 2636 2831 κατὰ
2662 2778 2932 2848 πονηρίαν
2959 2778 3325 2849 μεθοδεύματι
3353 2779 3449 2833 καὶ
3473 2781 3610 2850 πρὸς
3631 2781 3788 2853 αὐτῷ

2210 2873 2409 2927 ἐκεῖνοι
2466 2871 2752 2938 γένωνται,
2784 2869 2964 2924 καὶτὸ
3004 2870 3237 2937 ’Δγαθὸς
3267 2874 3294 2924 ὁ
3320 2871 3470 2925 δεῖνα
3502 2873 3785 2945 πανταχοῦ

2208 2964 2319 3016 τῶν
2348 2964 2529 3017 ἐκεῖσε
2556 2961 2956 3033 ὂιαφημισθείη
2977 2977 2994 2994 ·
3023 2963 3146 3016 τότε
3175 2963 3240 3033 δὴ
3273 2966 3365 3017 τδν
3398 2966 3634 3021 παλαιὸν
3653 2967 3791 3037 Δηό-

2210 3074 2319 3128 κην
2385 3058 2591 3109 ἐκεῖνον
2651 3055 3006 3126 ἀναπολήοας
3055 3057 3199 3125 τάχα
3235 3057 3314 3120 είς
3363 3055 3510 3123 νοῦν,
3546 3058 3605 3122 ὃς
3654 3060 3787 3124 τοὺς

2211 3150 2488 3222 ῑγχώρους
2507 3146 2701 3213 θέλξας
2722 3151 2789 3219 τῇ
2813 3149 3214 3220 δικαιοπραγίᾳ
3239 3150 3332 3203 καὶ
3354 3152 3421 3221 τῇ
3446 3151 3553 3205 τῶν
3579 3152 3784 3206 κοινῶν

2208 3243 2518 3314 ἐπιμελείᾳ,
2537 3241 2632 3295 καὶ
2659 3240 3047 3305 ἀποκαταστάς
3072 3241 3248 3306 οὕτως
3266 3243 3348 3305 είς
3376 3242 3633 3313 ἄρχοντα,
3662 3241 3788 3301 εἶτα

2206 3336 2441 3393 ἐπέϐαλε
2472 3334 2780 3405 κρατερῶς,
2816 3327 2899 3398 οἷς
2925 3334 3028 3387 οὐκ
3056 3334 3188 3400 ἔδει,
3242 3337 3641 3404 μεταϐάλλεται
3685 3342 3789 3394 καὶ

2207 3430 2371 3493 αὐτὸς
2403 3429 2493 3497 ἐφ’
2518 3427 2751 3499 ὁμοίοις.
2789 3429 2901 3481 Καὶ
2933 3421 3022 3481 οἷα
3054 3427 3357 3482 διατίθεται
3387 3428 3419 3501 ἢ
3474 3431 3574 3501 τὴν
3599 3431 3785 3499 πόλιν,

2206 3524 2275 3595 ἦν
2304 3521 2369 3576 ἂν
2395 3520 2552 3592 λάχοι
2585 3520 2898 3592 περιέπειν,
2926 3519 2958 3590 ἢ
2999 3518 3099 3589 τὴν
3131 3517 3348 3589 κώμην,
3378 3521 3501 3575 καθ’
3530 3524 3598 3594 ἥν
3629 3524 3786 3579 eum.

2209 3615 2387 3678 ζεται,
2419 3613 2452 3682 ἢ
2486 3612 2588 3682 τὴν
2634 3611 2973 3681 κωμόπολιν,
3025 3606 3093 3683 ἦς
3155 3611 3468 3683 ἅπότροφος
3524 3613 3786 3685 ηὔξηται,

2208 3703 2537 3757 ἆναλεκτέον
2569 3703 2668 3771 μὲν
2728 3703 2792 3756 ὲκ
2823 3700 2931 3754 τῶν
2958 3702 3214 3772 ἱστοριῶν
3241 3706 3336 3758 καὶ
3377 3705 3488 3757 τῶν
3539 3722 3789 3777 συγγρα.

2209 3797 2348 3866 φῶν,
2380 3793 2840 3865 προσεπιλεκτέον
2870 3794 2926 3849 δὲ
2952 3795 3048 3849 καὶ
3077 3795 3185 3849 ἀπὸ
3210 3795 3320 3850 τῶν
3349 3795 3425 3861 ὡς
3470 3798 3733 3854 ἑκάστοτε
3756 3814 3778 3834 ⁸

2210 3887 2380 3959 μυρία
2404 3887 2515 3959 γὰρ
2544 3887 2641 3941 καὶ
2666 3885 2891 3947 τοιαῦτα
2919 3885 3443 3957 προτεθεωρημένα,
3475 3890 3568 3943 καὶ
3603 3890 3782 3948 εἰσέτι

2207 3980 2303 4034 νῦν
2334 3978 2616 4049 βλέπεται.
2663 3978 2831 4048 Ἢμῖν
2859 3978 2915 4031 δὲ
2941 3978 3118 4030 εἰπεῖν
3167 3978 3416 4049 ἀρκέσει,
3453 3978 3529 4042 ὡς
3577 3981 3783 4050 ὀφθαλ-

2210 4072 2328 4145 μῶν
2363 4072 2536 4137 ὀξέων
2585 4071 2763 4125 δέεται
2794 4069 2888 4123 τοῦ
2930 4070 3120 4124 λοιποῦ
3151 4071 3180 4123 ὁ
3222 4069 3398 4135 οὕτως
3434 4073 3781 4144 ἀνειλημμι.

2205 4180 2318 4230 νος,
2350 4162 2771 4219 ἀναϐλεπόντων
2795 4164 2990 4231 τρανὲς
3030 4159 3119 4213 ἐπ’
3149 4160 3310 4214 αὐτὸν
3344 4162 3483 4231 μετὰ
3508 4163 3607 4235 τὴν
3646 4166 3783 4222 ἀνά..

2205 4255 2390 4326 ληψιν,
2420 4253 2577 4325 χρεία
2606 4253 2661 4305 δὲ
2695 4254 2789 4306 καὶ
2818 4252 3013 4324 εὐχῶν,
3046 4250 3101 4305 εῖ
3119 4267 3236 4317 πως
3273 4252 3486 4309 ὲκεῖθεν
3523 4256 3785 4329 ἐφορεύει

2212 4347 2427 4419 βλέπων
2461 4347 2531 4399 τὰ
2553 4344 2811 4398 ταπεινά.

2275 4481 2361 4547 ιζ’.
2427 4479 2780 4536 Μεταϐατέον
2837 4478 2903 4550 δὴ
2961 4480 3026 4532 ὲκ
3068 4478 3170 4548 τῆς
3213 4479 3518 4551 κορυφαίας
3573 4480 3784 4554 ταύτης

2196 4575 2486 4647 περιωπῆς
2510 4571 2674 4628 πάλιν
2703 4572 2795 4625 ἐπὶ
2825 4573 2893 4625 τὰ
2921 4571 3222 4641 κατωτέρω
3255 4573 3350 4626 καὶ
3381 4576 3780 4644 ταπεινότερα,

2196 4666 2500 4737 διαπλοκῆς
2555 4654 3125 4736 χάριν’ποικιλτικῆς
3188 4664 3287 4735 τῆς
3350 4666 3409 4721 ἐν
3454 4666 3623 4737 λόγῳ,
3677 4669 3783 4723 καὶ

2196 4757 2602 4828 ἐνδιατριπτέον
2662 4755 2847 4820 αὐτοῖς
2880 4754 2968 4825 ἐφ’
2994 4756 3294 4809 ὁποσονοῦν
3321 4758 3396 4810 -ὲν
3428 4756 3506 4828 τῷ
3540 4757 3781 4814 καθόλου

2199 4848 2607 4921 συλληπτικῶς,
2633 4847 2721 4902 ἵνα
2752 4848 2828 4918 μὴ
2872 4848 2931 4912 ές
2965 4846 3179 4918 μακρὸν
3212 4847 3479 4917 άγλευκεῖ
3506 4867 3779 4920 πραγμα-

2196 4943 2316 5013 τείᾳ
2367 4939 2817 5011 ἑνδιατρίϐωμεν,
2851 4942 3084 5011 ἐπείπερ
3138 4941 3231 4995 καὶ
3266 4942 3538 5012 φορτικοὶ,
3580 4942 3780 5015 ὥσπερ

2197 5032 2267 5087 τὰ
2302 5032 2528 5103 μισητὰ,
2561 5031 2705 5086 οὕτω
2727 5032 2824 5085 καὶ
2868 5032 2917 5085 οῖ
2951 5033 3081 5102 περὶ
3120 5032 3300 5086 αὐτῶν
3342 5034 3513 5103 λόγοι.
3542 5034 3698 5089 Εἰσὶν
3716 5037 3782 5091 ὲν

2194 5128 2308 5189 τοῖς
2330 5124 2639 5197 ἑκασταχοῦ
2663 5124 2847 5188 τόποις
2882 5125 2975 5179 καὶ
3002 5125 3344 5198 χειροτέχναι
3368 5125 3624 5181 τοιοῦτοι.
3652 5128 3775 5183 Οὐκ

2195 5216 2369 5273 ἐθέλει
2405 5217 2514 5285 γὰρ
2540 5216 2601 5270 τὸ
2631 5215 2803 5270 κακὸν
2834 5215 2958 5269 οὐδὲ
3004 5216 3113 5269 τῶν
3146 5217 3534 5289 σμικροτάτων
3568 5218 3782 5291 ἀπέχε-

2196 5309 2343 5376 σθαι,
2393 5307 2531 5362 ἀλλὰ
2556 5307 2645 5361 διὰ
2679 5308 2898 5363 πάντων
2937 5307 3320 5373 ἀνυποστόλως
3369 5311 3556 5382 χωρεῖ.
3601 5309 3777 5364 Ὑπο-

2195 5399 2519 5471 κρινόμενος
2550 5399 2657 5471 γάρ
2685 5401 2713 5453 ὁ
2738 5401 3003 5472 σοφιστὴς
3035 5398 3136 5470 τῆς
3166 5400 3383 5467 κακίας,
3428 5401 3634 5472 μᾶλλον
3665 5402 3777 5474 μὲν

2195 5487 2289 5548 οῦν
2324 5492 2610 5547 ὐποσυλῶν
2643 5492 2713 5548 τὰ
2742 5491 2837 5548 τοῦ
2888 5490 3028 5547 Θεοῦ
3061 5494 3308 5565 ῥήματα,
3342 5495 3642 5566 παραποιεῖ
3699 5494 3773 5550 ὲκ

2197 5586 2308 5640 τῶν
2339 5587 2548 5641 ἐκείνου
2579 5586 2692 5650 τοῖς
2722 5584 3211 5659 δαιμονοφορήτοις
3268 5584 3637 5658 θεραπευταῖς
3667 5587 3769 5642 τόδ
