4090 6436
430 359 540 423 389

1697 373 1798 434 DE
1834 373 2392 444 SIMULATIONE.

3576 382 3684 447 τ)θῦ

434 475 453 508 ε
501 471 720 572 Ὁρᾶτε,
763 470 841 544 μὴ
873 477 1329 549 καταφρονήσητε
1386 480 1522 550 μηδὲ
1551 481 1682 550 γοῦν
1727 484 1846 549 ἑνὸς
1892 486 1989 540 τῶι

2105 491 2219 546 sive
2244 492 2575 560 hominibus,
2603 494 2721 552 sive
2743 495 3068 555 artiﬁciolis.
3095 498 3302 557 Idcirco
3327 499 3418 572 qui
3443 499 3680 558 subsunt

433 563 646 633 μικρῶν
675 565 902 630 τούτων,
939 584 959 616 ι
1003 566 1116 620 είτε
1147 568 1478 641 ἀνθρώπων,
1504 573 1614 627 εἴτε
1663 579 1760 629 καὶ
1812 593 2005 647 τεχνυ-

430 657 616 728 δρίων.
649 660 743 711 Διὸ
773 661 869 712 καὶ
900 661 951 714 oi
1004 663 1125 726 ταῖς
1155 664 1376 735 τέχναις
1406 669 1844 739 παρυφεστῶτες
1876 672 2008 725 ὐπο-

434 749 642 821 κριταὶ,
673 750 1102 824 ἀγαθοπραξιῶν
1131 757 1523 828 κατάρχοντες,
1549 761 1652 815 ὅσα
1695 762 1791 816 καὶ
1825 761 2008 816 δελεα-

437 842 682 910 σμάτων,
715 843 810 896 καί
839 862 993 911 τινας
1023 849 1320 921 ἀγαθοὺςῆ
1356 853 1452 907 καὶ
1474 853 1652 919 ἄλλως
1681 861 2006 927 περιφανεῖς

429 930 498 984 δι’
529 933 712 987 αὐτῶν
772 934 1171 1006 Θηρασάμενοι,
1231 941 1327 994 καὶ
1377 944 1664 1012 ὲπαγωγοὶ
1721 946 2002 1015 φανέντες,

432 1022 631 1078 αὐτίκα
664 1027 1067 1095 συνεπάγονται
1102 1030 1350 1094 καὶτοὺς
1378 1035 1676 1106 ἑτεροίους.
1721 1037 2005 1108 Είὼθαμεν

432 1117 539 1188 γὰρ
568 1119 618 1171 oi
651 1118 935 1190 ἄνθρωποι
966 1124 1088 1186 ταῖς
1116 1123 1223 1178 τῶν
1256 1129 1511 1197 χρηστῶν
1540 1129 1756 1201 ἀνδρῶν
1793 1133 2005 1202 χαίρειν

432 1211 721 1280 μιμήσεσι,
750 1212 938 1266 πολλοὶ
974 1213 1031 1266 δὲ
1063 1217 1158 1270 καὶ
1189 1221 1308 1282 ταῖς
1338 1220 1447 1274 τῶν
1491 1221 1678 1284 ἅπλῶς
1713 1222 2003 1293 μειζόνων.

441 1301 688 1357 Ἐπειδὰν
742 1304 800 1356 δὲ
861 1304 1089 1369 πλείους
1147 1308 1564 1379 ἐπαγάγωνται,
1606 1312 1701 1366 καὶ
1761 1313 2003 1384 οὐδαμοῦ

428 1393 610 1462 φαύλη
653 1393 782 1464 περὶ
812 1395 1012 1459 αὐτοὺς
1059 1397 1330 1469 ὑπόληψις
1382 1400 1778 1472 προφαίνηται,
1838 1420 2006 1472 μετα-

426 1483 715 1540 ϐάλλονται
747 1487 841 1539 καὶ
879 1487 1057 1541 αὐτοί.
1085 1489 1197 1543 Καὶ
1225 1492 1273 1542 oi
1302 1491 1494 1561 πρῴην
1522 1492 1879 1562 ἀληθευτικοὶ
1907 1495 2004 1549 καὶ

425 1577 802 1648 ἀπράγμονες,
829 1579 926 1632 καὶ
956 1579 1094 1644 ὅλως
1131 1581 1206 1652 μὴ
1243 1579 1572 1654 βαρύνοντες
1602 1584 1663 1639 τὸ
1687 1585 2001 1655 φυλετικὸν,

425 1670 562 1740 μηδὲ
585 1673 710 1736 τοὺς
737 1671 966 1741 μισθοὺς
998 1673 1446 1744 παρατείνοντες,
1475 1677 1571 1730 καὶ
1596 1676 1663 1732 τὰ
1688 1676 1915 1747 τεχνικὰ
1945 1675 2004 1729 δὲ

421 1763 798 1832 ἀκριϐοῦντες,
838 1764 932 1818 καὶ
976 1762 1124 1818 οὕτω
1153 1767 1388 1835 χρηστοὶ
1425 1767 1817 1832 πιστευθέντες
1838 1764 2001 1835 εἶναι,

2097 584 2313 639 artibus
2362 585 2750 656 simulatores,
2794 591 2967 647 bonos
3005 600 3159 648 actus
3205 593 3492 662 tingentes,
3524 596 3679 664 quasi

2108 675 2492 746 illectamenta,
2516 681 2890 750 quosdamque
2915 683 3085 739 honos
3119 684 3202 739 vel
3235 685 3394 741 aliter
3438 687 3680 756 insignes

2107 771 2247 825 inter
2285 770 2434 840 ipsos
2473 773 2674 838 venali,
2711 773 3005 845 blandique
3041 777 3208 833 duces
3258 778 3383 842 visi,
3417 779 3679 834 continuo

2107 861 2209 917 sibi
2244 863 2451 917 sociant
2475 873 2529 919 et
2557 863 2718 920 alios.
2756 865 3008 921 Solemus
3038 869 3183 922 enim
3227 868 3476 924 homines
3509 870 3681 924 bono-

2108 968 2225 1007 rum
2261 953 2564 1010 imitatione
2592 957 2857 1022 virorum,
2889 958 3181 1030 pluresque
3212 961 3536 1029 simpliciter
3557 976 3677 1015 ma-

2100 1043 2280 1113 jorum
2317 1045 2620 1102 imitatione
2655 1047 2914 1118 gaudere.
2955 1050 3248 1120 Postquam
3276 1060 3460 1108 autem
3508 1053 3677 1120 pluri-

2109 1151 2228 1191 mos
2251 1136 2352 1192 sibi
2381 1137 2714 1205 junxerunt,
2749 1149 2804 1194 et
2842 1143 3068 1197 minime
3096 1160 3257 1212 prava
3297 1145 3511 1200 videtur
3533 1147 3677 1216 apud

2106 1227 2222 1282 illos
2241 1229 2608 1296 congregatio,
2638 1239 2912 1284 mutantur
2934 1242 2989 1286 et
3021 1233 3136 1287 isti.
3161 1235 3262 1299 Qui
3287 1237 3435 1303 prius
3453 1251 3675 1291 veraces

2113 1327 2169 1373 et
2197 1319 2419 1385 sinceri,
2456 1335 2562 1376 non
2595 1319 2819 1376 omnino
2847 1324 3189 1378 contribules
3215 1327 3535 1395 gravabant,
3581 1341 3679 1380 nec
3746 1372 3748 1374 .

2107 1405 2428 1460 detinebant
2464 1409 2770 1474 mercedes,
2812 1410 2904 1464 sed
2943 1424 3060 1467 arte
3111 1411 3252 1466 facta
3300 1415 3590 1480 curabant,
3625 1427 3678 1470 et

2107 1496 2186 1551 sic
2215 1497 2366 1567 probi
2421 1512 2544 1552 esse
2590 1498 2975 1567 credebantur,
3016 1504 3215 1556 bonum
3261 1504 3480 1566 quidem
3514 1519 3678 1574 super

2105 1587 2320 1643 divitias
2360 1589 2616 1644 habuisse
2660 1605 2854 1646 nomen
2940 1592 3165 1648 minime
3205 1603 3410 1660 amant,
3457 1595 3680 1650 euilibet

2106 1687 2288 1732 autem
2342 1678 2676 1750 improbitati
2728 1689 2784 1737 et
2829 1681 3117 1738 inhonesto
3164 1684 3395 1752 qmestui
3448 1684 3676 1750 cedunt;

2106 1771 2539 1841 praesertimque,
2572 1772 2618 1828 si
2655 1785 2804 1829 sorte
2837 1776 3109 1844 contingit
3138 1775 3271 1845 ipsis
3303 1784 3360 1829 ut
3392 1775 3678 1830 architecti

425 1853 645 1924 μισοῦσι
675 1855 775 1925 μὲν
807 1857 983 1927 ὄνομα
1016 1857 1321 1927 κεκτῆσθαι
1361 1858 1528 1912 καλὸν
1581 1858 1722 1929 ὑπὲρ
1748 1858 1983 1914 πλοῦτον

2107 1859 2216 1914 sint
2249 1869 2305 1915 et
2348 1861 2585 1929 publicis
2633 1864 2859 1931 praesint
2903 1867 3182 1932 operibus,
3221 1866 3362 1920 inter
3411 1865 3515 1918 alia
3563 1881 3682 1934 quae

419 1946 667 2015 γίνονται
693 1947 751 2002 δὲ
792 1948 1080 2020 βδελυρίας
1124 1949 1348 2020 ἁπάσης
1381 1949 1478 2006 καὶ
1503 1950 1730 2021 κέρδους
1766 1951 1996 2023 αἰσχροῦ

418 2041 645 2110 ἥττονες
667 2056 682 2072 ο
715 2044 808 2095 καὶ
872 2042 1097 2112 μᾶλλον,
1128 2042 1288 2112 εἴπερ
1323 2043 1734 2114 ἀρχιτεκτονεῖν
1787 2043 1996 2110 λάχωσι

407 2132 514 2187 ,καὶ
543 2132 818 2203 δημοσίων
847 2134 1239 2204 προΐστασθαι,
1272 2134 1408 2188 ἄλλα
1439 2149 1501 2186 τε
1542 2134 1999 2205 πλημμελοῦντες

417 2223 632 2290 ἀνόσια,
659 2224 754 2278 καὶ
778 2225 903 2288 τοὺς
932 2225 1241 2297 ὑπουργοὺς
1263 2222 1638 2290 κολοϐοῦντες,
1666 2218 1743 2278 ὧν
1774 2223 2000 2294 μισθοῦ-

419 2333 541 2370 νται
565 2331 580 2345 ·
633 2317 683 2371 οἳ
721 2318 950 2387 φέρουσι
1006 2318 1107 2389 μὲν
1138 2318 1352 2390 βαρέως
1398 2317 1752 2388 κολουόμενοι
1782 2317 1880 2371 τοῦ
1910 2336 1998 2388 μι-

419 2410 571 2476 σθοῦ,
605 2411 939 2481 ὑπομένουσι
965 2411 1023 2465 δὲ
1052 2413 1176 2475 τοὺς
1200 2411 1480 2474 τοιούτους
1507 2410 1869 2482 ἐργολάϐους,
1909 2411 1996 2464 δε-

414 2504 591 2566 διότες
618 2501 708 2558 οἶα
734 2504 921 2574 βαρεῖς
981 2504 1376 2576 ὲργεπείκτας,
1427 2505 1477 2558 εί
1516 2507 1592 2575 μὴ
1639 2505 1735 2558 τοῦ
1766 2504 1996 2576 κέρδους

417 2599 759 2669 ἐκχωροῦσιν
797 2599 1006 2661 αὐτοῖς.
1039 2599 1152 2652 Καὶ
1183 2599 1294 2670 μὴν
1327 2597 1424 2652 καὶ
1458 2600 1508 2652 οί
1541 2600 1602 2652 ὲν
1650 2599 1764 2662 τοῖς
1813 2597 1991 2652 τοιού-

410 2707 529 2755 τοις
559 2692 733 2744 είσέτι
763 2691 926 2745 πλέον
977 2693 1466 2763 μικροῦποκριταὶ,
1517 2692 1566 2746 οἳ
1599 2693 1724 2755 τοὺς
1761 2691 1994 2763 χάλικας

410 2783 616 2855 δηλαδὴ
649 2782 1122 2855 παραφοροῦντες,
1152 2783 1246 2838 καὶ
1269 2783 1362 2838 τὸν
1389 2783 1564 2855 πηλὸν
1592 2783 1626 2854 ἢ
1657 2783 1756 2854 τὴν
1776 2783 1992 2836 τίτανον

2104 1949 2450 2006 committunt
2513 1950 2784 2018 facinora,
2858 1955 3250 2008 submissormn
3309 1957 3680 2026 upcrariorum

2103 2043 2385 2097 mercedes
2413 2044 2684 2098 mutilant.
2720 2044 2812 2100 lsti
2869 2047 3086 2116 quidem
3128 2061 3271 2116 aegre
3320 2048 3500 2101 terunt
3538 2063 3681 2102 mer—

2104 2133 2236 2189 cede
2267 2131 2542 2200 l‘rustrari,
2571 2136 2665 2190 sed
2705 2137 3016 2206 hujusmodi
3043 2139 3405 2193 eomlnctores
3445 2154 3676 2207 operum

2104 2226 2392 2294 sustinent,
2430 2241 2622 2298 graves
2663 2243 2759 2283 eos
2817 2229 3065 2285 timentes
3110 2230 3358 2284 laborum
3392 2240 3680 2286 exactores

2106 2316 2344 2383 habere,
2383 2318 2485 2374 nisi
2527 2319 2673 2388 quod
2715 2319 2816 2375 sibi
2851 2320 3059 2374 lucrum
3112 2321 3402 2376 retineant.
3440 2321 3506 2374 Et
3547 2335 3680 2377 vero

2101 2419 2231 2467 sunt
2278 2409 2334 2464 in
2379 2411 2577 2467 talibus
2635 2426 2742 2466 non
2799 2411 3091 2468 admodum
3146 2413 3533 2479 simulatores;
3587 2415 3679 2482 qui

2107 2501 2326 2572 lapillos
2358 2501 2564 2558 scilicet
2594 2500 2846 2569 aderunt,
2893 2505 3325 2574 murtariumque
3350 2506 3440 2560 Tac
3472 2504 3677 2560 calcem

2101 2593 2374 2658 molliunt,
2402 2594 2558 2649 initio
2593 2595 2833 2663 quidem,
2878 2597 3245 2666 partientibus
3275 2612 3440 2665 opera
3481 2598 3675 2653 viden-

2100 2688 2680 2758 turprobisineerique
2719 2704 2827 2759 prae
2848 2705 2906 2746 se
2925 2689 3109 2745 ferunt
3167 2691 3433 2761 speciem,
3463 2690 3675 2746 brevis-

2097 2780 2234 2836 sime
2255 2794 2386 2836 vero
2409 2790 2594 2849 postea
2621 2782 2674 2837 in
2699 2783 3033 2838 contrarium
3060 2791 3491 2839 commutantur.

409 2880 796 2951 όργαζόμενοι,
850 2880 948 2943 τὰς
977 2880 1154 2950 ἀρχὰς
1205 2881 1324 2950 μὲν,
1361 2881 1452 2934 ὅτε
1493 2879 1845 2952 γνωρισθῶσι
1870 2880 1985 2940 τοῖς
2026 2876 2430 2946 ὲργοδοτοῦσιν,
2466 2876 2684 2948 εὐήθεις
2768 2880 2862 2934 καὶ
2915 2878 3174 2933 ἁπλοῖκοὶ
3216 2877 3515 2933 τυποῦνται
3577 2875 3678 2949 τὴν

409 2978 566 3042 θέαν,
608 2977 808 3048 μικρὸν
853 2976 912 3030 δὲ
940 2975 1066 3030 ὅσον
1093 2975 1524 3042 ὲξαλλάσσουσιν
1553 2976 1782 3040 ἑαυτοὺς
1813 2976 1893 3040 είς
1931 2974 2001 3028 τὰ
2039 2973 2302 3044 ἔμπαλιν.

483 3077 576 3142 ιη’.
633 3070 792 3124 Οὕτω
843 3069 1132 3124 κάνταῦθα
1187 3069 1613 3142 σμικροπρεπὴς
1673 3071 1707 3141 ἡ
1760 3069 1992 3136 τοιαύτη

407 3165 599 3231 κακία,
633 3165 742 3230 ἵνα,
774 3162 966 3234 ὥσπερ
1001 3164 1110 3218 ὑπὸ
1140 3167 1306 3220 παντὶ
1326 3164 1463 3235 λίθῳ
1491 3163 1791 3235 σκορπίους
1823 3180 1994 3217 κατα-

2173 3071 2262 3126 18.
2299 3071 2392 3127 Sic
2420 3082 2476 3128 et
2509 3073 2584 3128 ibi
2615 3086 2778 3143 parca
2809 3070 3078 3140 reperitur
3105 3068 3418 3140 huiusmodi
3444 3067 3674 3122 malitia:

2100 3170 2180 3226 ut,
2239 3165 2694 3233 quemadmodum
2751 3162 2852 3216 sub
2918 3160 3066 3217 omni
3119 3160 3298 3230 lapide
3361 3159 3676 3226 scorpiones

406 3260 699 3330 ὂψοάνειν
722 3258 1096 3329 φαμὲν,ο’ύτω
1125 3261 1221 3312 καὶ
1246 3257 1352 3312 ὑπὸ
1382 3233 1546 3312 παντὶ
1579 3233 1763 3327 σχεδόν
1803 3274 1859 3310 τι
1891 3257 1987 3310 ἀν-

2097 3255 2392 3311 dormitare
2414 3255 2669 3317 dicimus,
2704 3255 2782 3309 sic
2811 3254 2976 3312 etiam
3005 3255 3104 3308 sub
3132 3253 3278 3307 omni
3306 3251 3421 3307 fere
3453 3251 3678 3306 homine

410 3351 617 3421 Θρώπῳ
677 3351 973 3420 ὑπόκρισιν
1037 3350 1360 3420 ὲνδομυχεῖν
1393 3349 1647 3419 λέγωμεν
1673 3366 1688 3382 ο
1733 3350 1798 3421 ἢν
1824 3348 1988 3412 εἴτις

411 3443 640 3511 ὲλλόγως
661 3444 969 3513 δυσφημεῖν
991 3441 1388 3512 προσθήσεται,
1421 3440 1566 3494 εἴποι
1590 3440 1680 3508 ἂν,
1709 3441 1784 3504 ὡς
1811 3441 1984 3511 ἀρετὴ

415 3535 660 3605 δαίμονός
690 3539 829 3604 ἐστι,
863 3535 1064 3598 κακίας
1108 3533 1303 3596 κάλλος
1333 3532 1588 3601 ὓπουλον,
1631 3533 1986 3604 πραγματεία

405 3627 828 3698 αἰσχροκερδὴς,
866 3627 980 3680 ἐσθ’
1014 3627 1154 3680 ὅπου
1181 3625 1238 3678 δὲ
1270 3627 1365 3680 καὶ
1403 3625 1642 3697 ἀκερδὴς
1676 3626 1814 3680 Θεοῦ
1852 3644 1986 3698 προ-

405 3719 527 3791 νοίᾳ
545 3733 564 3749 θ’
587 3719 846 3790 βδελυρία
875 3718 1452 3790 παρακεκαλυμμένη,
1479 3722 1822 3790 σκιαγραφία
1850 3735 1987 3790 χρη⁴

403 3811 690 3881 στότητος,
721 3809 998 3879 ἁγαθότης
1042 3809 1510 3880 ψευδεπίγραφος,
1543 3809 1821 3872 ἀπωλείας
1848 3811 1982 3864 λάκ-

401 3916 502 3963 κος
532 3899 882 3970 ἠνθισμένος,
915 3901 991 3962 ὡς
1023 3900 1120 3954 καὶ
1147 3899 1436 3954 λανθάνειν
1460 3915 1474 3930 ·
1513 3899 1692 3968 γελῶν
1723 3899 1982 3967 θάνατος,

403 3992 610 4063 πικρία
659 3992 1006 4062 μελιτόεσσα,
1056 3991 1248 4055 σκότος
1282 3991 1606 4063 ψηλαφητὺν
1657 3992 1756 4062 μὲν
1805 3993 1983 4056 ἄλλως

399 4086 516 4148 τοῖς
569 4083 644 4155 μὴ
687 4084 973 4154 ἐχέφροσι,
1010 4083 1248 4152 φευκτὸν
1303 4084 1360 4137 δὲ
1406 4087 1521 4148 τοῖς
1555 4083 1977 4161 βαδυγνὼμοσιο

397 4175 509 4246 Θὴρ
564 4175 899 4244 σαρκοϐόρος
968 4175 1288 4246 προὸἀτου,
1348 4176 1792 4248 περιτεθειμένος
1862 4175 1982 4230 κώ-

393 4269 543 4321 διον·
587 4268 773 4338 Αἵδης,
823 4259 885 4320 οὗ
918 4267 1235 4337 προλὰμπει
1267 4269 1422 4339 ζωή·
1479 4269 1595 4339 φῶς
1641 4269 1978 4334 ἐπιπολάζον

399 4359 559 4430 βαθεῖ
581 4359 782 4430 σκότῳ,
813 4358 1042 4429 ἀλώπηξ
1061 4359 1203 4429 λόγῳ
1228 4360 1291 4413 τὸ
1311 4361 1534 4415 δύσνουν
1559 4361 1943 4431 ἐπικοσμοῦσα
1960 4378 1974 4391 ⁸

402 4451 482 4512 ἰὸς
531 4450 819 4517 γλυκάζων
852 4451 951 4519 μὲν
1004 4453 1071 4521 τῇ
1129 4453 1403 4522 προφορᾷ,
1468 4452 1759 4516 πικράζτον
1805 4453 1862 4506 δὲ
1909 4454 1976 4524 τῇ

396 4542 608 4614 φθορᾷ·
643 4543 877 4610 γλυκεῖα
904 4542 1108 4613 σφαγὴ,
1145 4542 1344 4608 ἄλυπος
1395 4543 1644 4614 ὄλεθρος,
1680 4543 1836 4611 λόγος
1882 4544 1978 4598 θα-

395 4635 655 4704 νατηρὸς,
687 4633 911 4698 ἄοπλος,
951 4634 1049 4700 νὺξ
1076 4635 1176 4688 οὐκ
1213 4635 1618 4705 ἁναπαύσιμος,
1645 4636 1776 4689 σκιὰ
1813 4635 1978 4691 θανά-

397 4741 584 4793 σιμος,
619 4725 804 4796 ἔχιδνα
851 4725 1118 4796 ὑφειμένη
1170 4727 1511 4799 αἱμοχαρής·
1551 4727 1770 4799 δράκων
1807 4727 1977 4783 τᾶλλα

396 4817 502 4886 μὲν
541 4814 901 4886 βροτολοιγὸς,
935 4819 1031 4870 καὶ
1072 4816 1215 4871 οὕτω
1261 4818 1518 4890 σκληρὸς,
1575 4820 1852 4888 μαλθακὸς
1916 4820 1974 4873 δὲ

393 4906 466 4959 τὰ
497 4906 576 4968 είς
609 4905 810 4976 χρυσὸν
838 4906 981 4958 κατά
1007 4905 1098 4959 τὸν
1125 4907 1524 4977 θρυλλούμενον
1554 4910 1972 4980 χρυσοφύλακα.

393 4996 534 5063 Δίχα
559 4995 669 5065 γὰρ
697 4995 864 5064 ἄλλης
894 4994 1233 5072 φαυλότητος
1263 5000 1356 5052 καὶ
1378 4999 1726 5069 χρυσομανὲς
1757 5002 1820 5055 τὸ
1844 5003 1975 5056 ὑπο-

392 5086 644 5156 κριτικὸν
676 5086 864 5156 φῦλον,
895 5089 990 5142 καὶ
1030 5087 1148 5143 λίαν
1200 5091 1342 5145 πάνυ
1381 5093 1672 5161 κερδαλέον
1695 5107 1707 5121 ·
1742 5098 1838 5148 καὶ
1869 5096 1972 5149 οὐκ

396 5180 470 5233 ἂν
495 5179 709 5244 οὐδενὸς
744 5179 934 5250 ἐτέρου
966 5181 1185 5252 πρίαιτό
1241 5201 1328 5247 τις
1373 5185 1474 5256 τὴν
1513 5187 1678 5240 αὐτοῦ
1729 5186 1968 5252 εὔνοιαν,

393 5271 482 5324 ὅτι
515 5272 589 5341 μὴ
618 5271 846 5342 χρυσοῦ,
888 5273 982 5327 καὶ
1007 5275 1174 5328 αὐτοῦ
1210 5276 1454 5346 συνεχῶς
1488 5279 1928 5349 ὲπαντλουμένου
1956 5297 1970 5313 ·

393 5358 496 5424 ὡς,
529 5359 689 5432 εἴπερ
719 5360 894 5431 λείψοι
927 5364 1080 5432 ποτὲ,
1119 5367 1542 5423 συνεπιλέλοιπε
1574 5371 1670 5424 καὶ
1696 5372 1728 5440 ἡ
1754 5369 1968 5425 εὔνοιαο

393 5449 537 5506 καθὰ
580 5453 679 5505 καὶ
713 5455 780 5522 τῇ
820 5453 1017 5527 λυχνίᾳ
1049 5457 1444 5531 ἐπιλειπούσης
1493 5461 1592 5532 τῆς
1629 5460 1974 5533 ὲξαπτούσης

395 5542 551 5617 ὕλης,
585 5544 898 5619 συναπῆλθε
923 5549 1019 5603 καὶ
1042 5549 1102 5603 τὸ
1131 5550 1200 5604 δι’
1230 5552 1448 5624 ἐκείνης
1476 5552 1752 5626 λαμπρόν.

2096 3347 2505 3404 simulationem
2591 3347 2807 3401 latitare
2880 3345 3321 3416 pronuntiemus.
3390 3343 3562 3411 Quam
3627 3343 3673 3398 si

2094 3440 2218 3510 quis
2261 3455 2328 3495 ex
2379 3439 2658 3509 proposito
2717 3437 2877 3492 vellet
2935 3436 3236 3501 dili‘amare,
3287 3436 3493 3492 diceret
3530 3435 3676 3505 quod

2091 3541 2176 3587 est
2221 3531 2425 3586 diaboli
2475 3531 2670 3595 virtus,
2727 3529 2983 3586 simulata
3035 3529 3254 3583 malitiae
3306 3527 3672 3596 pulchritudo,

2093 3624 2344 3694 probrosi
2373 3625 2669 3694 negotiatio
2715 3624 2965 3689 lucrosa,
3001 3624 3095 3678 sed
3130 3631 3380 3691 respectu
3421 3619 3516 3674 Dei
3551 3621 3673 3675 sine

2092 3714 2283 3781 lucro;
2337 3715 2578 3784 nequitia
2632 3713 2827 3777 velata,
2882 3711 3203 3766 adumbrata
3263 3709 3518 3764 utilitatis
3577 3710 3673 3763 de-

2089 3807 2334 3877 scriptio,
2401 3805 2660 3863 bonitatis
2709 3803 3084 3866 simulacrum,
3141 3802 3462 3872 perditionis
3519 3800 3671 3853 lacus

2088 3897 2332 3964 ﬂoribus,
2364 3914 2430 3953 ne
2485 3907 2766 3965 cernatur,
2819 3910 3188 3966 conspersus,
3245 3909 3391 3949 mors
3453 3892 3670 3956 ridens,

2089 3990 2394 4061 amaritudo
2460 3989 2700 4052 mellita,
2775 3987 3006 4041 lenebrze
3071 3984 3368 4054 palpabiles
3433 3981 3516 4036 vel
3575 3981 3672 4036 hu—

2088 4083 2328 4138 minibus
2365 4097 2470 4137 non
2509 4081 2820 4150 sagaeibus,
2847 4082 2941 4136 sed
2975 4079 3238 4148 fugiendae
3271 4074 3669 4145 prudentibus:

2089 4176 2202 4231 fera
2235 4174 2413 4228 carnis
2448 4174 2606 4228 ovilis
2636 4187 2826 4238 vorax,
2855 4171 3194 4228 circumdata
3242 4167 3468 4231 vellere,
3505 4165 3674 4220 infera

2087 4284 2210 4334 nus,
2239 4277 2365 4322 ante
2398 4281 2557 4335 quem
2605 4265 2861 4336 praelucet
2901 4265 3056 4330 vita;
3104 4263 3289 4317 lumen
3333 4274 3498 4328 super
3542 4273 3666 4328 pro-

2086 4361 2282 4416 fundas
2324 4361 2576 4414 tenebras
2607 4358 2886 4423 volitans;
2938 4356 3128 4424 vulpes
3169 4365 3422 4408 sermone
3469 4349 3669 4404 malam

2086 4451 2446 4509 intentionem
2498 4465 2814 4516 exornans;
2867 4447 3062 4518 sagitta
3113 4445 3252 4500 lenis
3289 4443 3505 4513 quidem
3544 4455 3670 4510 pro-

2089 4543 2450 4609 nuntiatione,
2500 4542 2594 4598 sed
2642 4555 2828 4595 amara
2882 4537 3275 4606 corruptione;
3331 4530 3503 4586 dulcis
3555 4539 3669 4584 true

2085 4635 2311 4703 eidatio,
2351 4634 2523 4690 hilare
2571 4633 2799 4697 lethum,
2853 4630 3001 4686 acies
3050 4626 3300 4684 lethifera
3331 4624 3450 4679 sine
3475 4621 3666 4682 armis.

2084 4745 2190 4786 nox
2227 4744 2334 4784 non
2366 4727 2430 4782 ad
2461 4727 2878 4796 quiescendum,
2925 4721 3167 4777 mortalis
3228 4717 3445 4782 umbra,
3479 4714 3664 4783 vipera

2080 4822 2340 4893 sanguine
2397 4822 2656 4892 gaudens,
2684 4815 2986 4881 submissa;
3036 4816 3221 4876 draco,
3255 4809 3435 4880 quoad
3467 4817 3665 4861 cmtera

2080 4912 2300 4986 quidem
2351 4911 2597 4968 mortifer
2654 4919 2817 4977 atque
2865 4907 3055 4970 durus,
3107 4904 3200 4960 sed
3236 4901 3388 4972 juxta
3425 4897 3668 4954 celebra-

2083 5016 2194 5061 tum
2249 5001 2739 5074 ehrysophylacem
2813 4998 2992 5054 mollis
3050 4997 3120 5051 ad
3179 5008 3397 5049 aurum.
3455 4993 3664 5044 Practer

2079 5099 2222 5153 enim
2257 5097 2418 5152 aliam
2449 5093 2795 5165 pravitatem,
2847 5089 3230 5145 simulator-um
3257 5099 3430 5156 genus
3457 5083 3663 5137 insanit

2078 5205 2210 5245 auro
2239 5190 2499 5258 valdeque
2531 5187 2802 5241 lucrosum
2844 5193 2925 5240 est
2957 5201 2972 5249 ;
3009 5189 3064 5236 et
3108 5195 3217 5235 non
3250 5178 3358 5233 alio
3410 5189 3658 5244 quocun~

2078 5300 2182 5353 que
2209 5279 2642 5337 benevolentiam
2687 5277 2804 5346 ejus
2848 5275 3046 5345 aliquis
3084 5276 3322 5341 lemeret,
3367 5269 3471 5324 nisi
3500 5283 3655 5332 auro,

2075 5388 2252 5443 eoque
2287 5372 2547 5428 continue
2584 5368 2849 5440 profuso;
2891 5367 3026 5423 adeo
3061 5373 3158 5431 ut,
3196 5363 3242 5419 si
3278 5360 3495 5433 quando
3521 5359 3664 5414 deli-

2079 5474 2251 5529 eeret,
2289 5462 2546 5519 deﬁceret
2573 5463 2737 5518 etiam
2768 5457 3174 5523 benevolentia,
3207 5452 3659 5526 quemadmodum

2080 5559 2337 5622 lucernae,
2369 5557 2655 5613 deﬁciente
2689 5569 2812 5630 quae
2844 5552 3025 5625 ignem
3055 5549 3146 5606 dat
3191 5549 3441 5608 materia.
3497 5541 3659 5600 simul

2081 5648 2327 5705 aufertur
2353 5648 2558 5705 lumen.
