4090 6412
456 356 558 423 391

537 479 622 534 l9.
657 475 804 534 Istud
861 475 1063 531 malum
1111 475 1275 530 etiam
1335 476 1646 543 nuptiarum
1696 473 1855 529 bonis
1914 469 2126 534 insi-A

463 573 644 628 diatur
689 589 703 626 :
754 570 948 624 mulier
991 568 1135 623 enim
1180 568 1417 637 coniugii
1451 566 1715 622 simulans
1762 564 2056 622 contineno

465 668 617 728 tiam,
651 665 717 719 ad
740 663 1024 719 mtecltiam
1056 660 1373 716 inardescit.

534 758 625 811 20.
665 756 808 811 Istud
848 754 1181 824 proditiones
1242 754 1474 817 invenit,
1516 764 1567 809 et
1608 767 1729 808 cum
1762 752 1905 816 aliis,
1954 764 2052 819 pa-

463 847 687 900 triarum
723 844 1074 913 proditiones.
1111 843 1318 899 Etenim
1367 844 1582 898 sincere
1610 852 1880 905 amantes,
1914 839 2057 896 ami-

461 953 579 1003 cus,
637 937 852 1003 socius,
917 934 1131 1001 affinis,
1194 934 1372 999 civis,
1425 934 1663 1000 amicos,
1723 941 2051 999 consortes,

463 1028 837 1092 contribules,
888 1027 1143 1083 concives
1193 1034 1460 1094 tuentur;
1512 1026 1605 1096 qui
1670 1038 1799 1080 vero
1851 1039 2055 1095 caupo-

466 1132 656 1177 nautes
687 1123 1011 1177 cltaritatem
1053 1121 1526 1187 adulteraverunt,
1563 1118 1885 1189 plerumque
1933 1118 2053 1189 qui-

465 1220 586 1272 dum
617 1217 684 1271 ad
722 1218 954 1283 lucrum,
996 1231 1123 1271 raro
1155 1230 1282 1271 vero
1328 1215 1513 1283 gloriae
1551 1228 1740 1279 causa,
1771 1214 2049 1281 amicitiae,

468 1311 744 1379 totiusque
797 1307 1225 1373 communitatis,
1284 1315 1340 1361 et
1392 1306 1633 1377 generis,
1693 1314 1749 1362 et
1806 1305 2051 1378 ejusdem

466 1402 707 1471 regionis
736 1400 934 1455 civium
965 1399 1264 1455 adversarii
1294 1398 1455 1456 fiunt.

535 1585 627 1639 21.
688 1585 793 1639 Alii
862 1582 1231 1640 simulationis
1289 1582 1514 1638 effectus
1588 1592 1716 1637 sunt
1784 1579 2050 1638 absconsa

463 1678 772 1733 latrocinia.
827 1675 940 1731 Non
977 1677 1239 1733 audentes
1272 1676 1417 1732 enim
1472 1674 1762 1732 homicidae
1814 1690 2048 1746 pugnam

463 1769 530 1823 ad
564 1769 759 1823 faciem
821 1769 979 1833 inire,
1016 1767 1172 1823 aliter
1222 1766 1595 1833 insidiantur;
1644 1776 1700 1823 et
1748 1766 1801 1821 in
1829 1767 2052 1822 simula-

1186 354 1613 418 EUSTATHII
1648 352 2413 418 THESSALONICENSIS
2450 355 3017 420 METBOPOLlT/E

2077 1817 2125 1877 B

3623 352 3739 422 392

2227 470 2313 537 tO',
2347 472 2519 528 Τοῦτο
2544 476 2605 528 16
2627 474 2799 528 κακὸν
2825 471 3102 546 ἐνεδρεύει
3130 472 3225 528 καὶ
3262 473 3377 536 τοῖς
3422 471 3518 527 τοῦ
3553 471 3739 545 γάμου

2156 563 2367 628 καλοῖς.
2409 564 2552 634 Γυνὴ
2604 565 2715 638 γὰρ
2765 564 3177 635 ὑποκρινομένη
3207 564 3269 619 16
3312 563 3414 633 τῆς
3474 564 3741 635 συζυγίας

2157 656 2525 728 εὐάρμοστον,
2560 657 3013 730 οίστρηλατεϊται
3041 658 3121 721 είς
3154 657 3423 728 μοιχικόν.

2226 757 2297 807 κ’.
2345 751 2519 806 Τοῦτο
2571 751 2670 814 τὰς
2712 750 3010 821 προδοσίας
3040 748 3251 821 ἐξεῦρε,
3287 750 3387 816 τάς
3432 767 3491 804 τε
3544 750 3735 818 ἄλλας,

2155 842 2253 896 καὶ⁵
2278 842 2381 907 τάς
2413 842 2523 896 τῶν
2561 843 2859 914 πατρίδων.
2892 843 3100 913 Ὀρθῶς
3125 843 3226 910 μὲν
3252 843 3365 915 γάρ
3385 844 3733 911 ἀγαπῶντες,

2155 936 2184 989 6
2211 935 2386 1002 φίλος,
2416 936 2444 989 6
2475 934 2760 1001 κοινωνὸς,
2787 936 2815 988 ό
2840 935 3135 1006 ὁμογενὴς,
3162 938 3191 990 6
3219 936 3467 1007 πολίτης,
3499 934 3736 1001 σώζουσι

2153 1028 2282 1090 τοὺς
2320 1027 2529 1096 φίλους,
2582 1029 2714 1092 τοὺς
2774 1028 3177 1092 συναλλάκτας,
3233 1030 3361 1093 τοὺς
3406 1028 3503 1082 τοῦ
3564 1027 3735 1083 αὑτοῦ

2154 1118 2367 1187 γένους,
2419 1119 2549 1184 τοὺς
2582 1119 2901 1189 πατριώτας
2925 1136 2942 1154 ο
2972 1119 3337 1183 νοθεύσαντες
3382 1118 3437 1172 δὲ
3471 1118 3572 1190 τὴν
3597 1118 3737 1186 ἀγά-

2155 1226 2267 1279 πην
2291 1208 2638 1279 καπηλικῶς,
2665 1211 2733 1266 τά
2757 1211 2928 1266 πολλὰ
2960 1211 3062 1281 μὲν
3114 1212 3211 1264 ἐπὶ
3241 1211 3445 1280 κέρδει,
3486 1212 3630 1265 κατά
3680 1226 3737 1264 τι

2152 1300 2212 1355 δέ
2248 1319 2350 1355 που
2386 1304 2614 1358 σπάνιον
2643 1304 2739 1359 καὶ
2772 1302 2934 1373 δόξης
2973 1304 3157 1375 χάριν,
3195 1304 3587 1371 καταγίνονται
3634 1302 3735 1374 τῆς

2154 1392 2359 1461 φιλίας,
2398 1396 2494 1448 καὶ
2522 1394 2812 1460 κοινωνίας
2845 1395 3085 1467 ἀπάσης,
3122 1397 3217 1449 καὶ
3247 1396 3463 1464 γένους,
3493 1394 3587 1448 καὶ
3621 1395 3734 1448 τῶν

2152 1488 2254 1556 τῆς
2284 1486 2457 1555 αὐτῆς
2483 1486 2610 1555 γῆς.

2223 1578 2332 1635 κα’.
2378 1576 2761 1653 ’Υποκρὶσεως
2807 1581 3163 1653 ἀποτέλεσμα
3221 1582 3320 1635 καὶ
3348 1581 3418 1636 τά
3469 1581 3731 1653 εγκρυφῆ

2151 1667 2504 1742 λῃστευτικά.
2539 1670 2624 1741 Μὴ
2652 1670 2989 1741 θαρροῦντες
3019 1672 3132 1743 γὰρ
3162 1672 3212 1725 oi
3247 1671 3465 1740 φονικοὶ
3502 1672 3604 1738 τὴν
3639 1674 3734 1727 ἀν-

2152 1763 2465 1832 τιμέτωπον
2490 1764 2695 1835 μάχην,
2725 1763 3103 1835 ὑποκάθηνται
3124 1763 3299 1827 ἄλλως
3318 1779 3335 1794 ·
3359 1764 3451 1817 καὶ
3481 1764 3538 1816 ἐν
3566 1779 3740 1835 προσ·

464 1862 612 1916 tione
640 1860 851 1916 consilii
880 1876 987 1915 non
1020 1860 1169 1927 mali,
1221 1860 1401 1916 subito
1430 1858 1648 1930 quidem
1700 1859 2051 1931 ltypocriseos

2157 1855 2373 1925 ποιήσει
2416 1855 2513 1910 τοῦ
2548 1858 2624 1927 μὴ
2668 1855 2873 1926 φαύλου
2909 1856 3113 1927 αἴφνης
3158 1855 3464 1927 γυμνοῦσιν
3509 1857 3735 1920 ἑαυτοὺς

463 1966 754 2021 personam
782 1954 1013 2017 exuunt,
1041 1964 1191 2004 arma
1229 1949 1406 2020 palam
1441 1952 1743 2019 stringunt,
1762 1955 1817 2005 et
1846 1949 1921 2005 ita
1950 1948 2051 2005 sibi

460 2043 658 2114 placita
689 2043 986 2112 complent.

530 2137 624 2192 εἰ.
677 2136 1036 2208 llypocriseos
1103 2135 1299 2192 nebula
1350 2134 1759 2205 speculatorum
1825 2135 2054 2193 insidias

459 2230 812 2295 obumbrans,
848 2228 1073 2301 grandia
1110 2227 1249 2283 mala
1277 2236 1333 2283 et
1350 2226 1684 2283 exercitibus
1731 2236 1788 2284 et
1831 2226 2055 2283 urbibus

461 2323 647 2379 infert.

530 2417 623 2471 25.
660 2413 950 2470 Simulatio
1000 2411 1256 2468 amicitia;
1314 2410 1584 2466 celebrem
1631 2418 1849 2481 quoque
1897 2411 2053 2469 exci-

463 2507 601 2561 tavit
628 2505 1045 2561 Semiramidem
1081 2503 1346 2558 adversus
1377 2501 1669 2558 Persarum
1709 2517 1916 2574 regem,
1942 2518 2051 2559 non

461 2598 636 2675 sol_um
706 2597 1021 2657 innocuum,
1066 2595 1161 2649 sed
1216 2603 1272 2648 et
1324 2593 1747 2649 amicissimum.
1818 2593 2053 2651 Perfidia

468 2686 689 2741 Sinonis
729 2698 982 2753 maguum
1020 2682 1383 2752 Trojanorum
1418 2681 1537 2736 urbi
1593 2680 1793 2735 malum
1846 2683 2050 2739 intulit.

463 2776 662 2830 Verum
690 2775 763 2830 ibi
785 2776 850 2828 de
876 2776 1055 2844 ligneo
1082 2787 1223 2843 equo
1251 2774 1448 2845 aliquis
1473 2772 1625 2842 justo
1648 2775 1768 2843 plus
1786 2776 2053 2834 extollens

463 2868 804 2931 artificium,
858 2867 1006 2921 dicat
1072 2881 1178 2920 non
1246 2867 1738 2922 dissimulationem
1790 2869 2051 2938 perfidam

462 2961 603 3015 istud
636 2973 773 3029 Opus
811 2956 1138 3027 perfecisse,
1181 2956 1264 3011 vel
1295 2965 1353 3010 ut
1388 2956 1701 3013 distinctius
1731 2958 2049 3027 loquamur,

463 3071 569 3111 non
601 3055 947 3124 sapientiam,
988 3053 1343 3125 ltypocriseos
1390 3052 1531 3117 loco,
1585 3053 1747 3126 hujus
1785 3053 2048 3111 facinoris

2159 1946 2260 2019 μὲν
2291 1948 2386 2002 τοῦ
2419 1946 2786 2019 ὑποκριτικοῦ
2825 1949 3206 2020 προσωπείου,
3241 1949 3312 2003 τά
3362 1948 3506 2003 ὅπλα
3537 1947 3596 2003 δέ
3624 1948 3735 2003 τῶν

2155 2039 2365 2110 θηκῶν,
2393 2042 2489 2095 καὶ
2513 2040 2718 2111 δρῶσιν
2742 2039 2889 2097 οὕτω
2918 2043 2989 2096 τὰ
3020 2040 3175 2112 σφίσι
3202 2041 3427 2112 θελητά.

2226 2135 2329 2206 κβ’.
2370 2136 2749 2208 Ὑποκρίσεως
2774 2136 2938 2208 νέφος
2964 2136 3059 2190 καὶ
3086 2135 3215 2201 τοὺς
3251 2136 3572 2201 ἐπιϐούλους
3596 2153 3734 2190 πευ-

2154 2228 2325 2300 θῆνας
2353 2230 2721 2302 ἐπηλυγάζον,
2758 2234 2904 2302 μέγα
2941 2230 3115 2286 κακδν
3142 2231 3457 2303 ἐπιπέμπει
3493 2231 3589 2285 καὶ
3620 2230 3737 2295 τοῖς

2158 2322 2543 2392 στρατεύμασι
2574 2325 2672 2378 καὶ
2693 2326 2816 2388 ταῖς
2846 2324 3093 2379 πόλεσιν.

2226 2418 2336 2481 κγ’.
2382 2414 2711 2485 ’Υπόκρισις
2740 2414 2925 2484 φιλίας
2950 2414 3047 2468 καὶ
3075 2412 3175 2484 τὴν
3207 2413 3540 2484 περίκλυτον
3570 2412 3737 2483 Σεμί-

2156 2522 2325 2575 ραμιν
2383 2508 2669 2577 κατεπῇρε
2727 2505 2821 2559 τοῦ
2856 2506 3027 2577 μηδὲν
3070 2506 3400 2576 ἠδικηκότος
3450 2502 3732 2576 Περσικοῦ

2155 2597 2443 2669 βασιλέως.
2474 2598 2614 2653 ἀλλά
2661 2599 2757 2652 καὶ
2795 2598 3293 2669 ὑπερφιλήσαντος.
3335 2598 3663 2670 ’Υπόκρισις
3697 2599 3732 2671 ἡ

2152 2689 2247 2742 τοῦ
2272 2688 2507 2750 Σίνωνος
2527 2690 2588 2742 16
2619 2688 2763 2760 μέγα
2790 2688 2935 2743 κατὰ
2965 2688 3074 2743 τῶν
3100 2687 3310 2760 Τρώων
3335 2687 3510 2742 κακὸν
3536 2686 3734 2759 ἐκορύ-

2154 2797 2357 2850 φωσεν.
2408 2781 2569 2836 Ἀλλά
2616 2782 2691 2852 μή
2746 2799 2833 2845 τις
2867 2780 3107 2835 ἐνταῦθα
3162 2779 3448 2851 σεμνύνων
3488 2779 3559 2834 τά
3589 2780 3734 2836 κατά

2152 2872 2245 2926 16v
2276 2872 2524 2943 δούρειον
2563 2872 2756 2939 ἵππον,
2790 2873 3058 2940 σόφισμα,
3093 2871 3321 2940 λεγέτω,
3363 2871 3423 2926 οὑ
3463 2871 3570 2942 μὴν
3593 2887 3733 2944 κρυ·

2151 2964 2369 3037 ψίνοιαν
2403 2966 2771 3035 ὑποκριτικὴν
2811 2965 3067 3030 ἐξανῦσαι
3108 2965 3168 3018 16
3200 2964 3363 3035 ἔργον
3395 2966 3607 3019 ἐκεῖνοο
3642 2966 3735 3020 εὐ-

2153 3060 2510 3131 κρινέστερον
2534 3059 2593 3112 δὲ
2625 3060 2826 3121 εἰπεῖν,
2860 3058 2934 3128 μὴ
2969 3057 3166 3125 σοφίαν
3198 3058 3469 3112 αίτιάσθω
3513 3057 3728 3112 ἐκείνου

465 3150 707 3218 assignet
757 3163 1001 3202 causam.
1051 3144 1194 3200 Bene
1236 3145 1340 3200 scit
1376 3145 1523 3200 enim
1556 3160 1681 3201 vere
1718 3147 2040 3218 interpella-

2154 3150 2249 3204 τοῦ
2277 3150 2706 3220 ἀριστεύματος,
2740 3151 2801 3205 οὑ
2847 3150 2957 3221 μὴν
2988 3151 3303 3221 ὑπόκρισιν.
3340 3149 3414 3204 Εὖ
3447 3150 3557 3223 γάρ
3587 3148 3731 3206 οἶδεν

463 3250 644 3309 turus,
690 3241 835 3311 quod
884 3240 1106 3296 cuilibet
1153 3237 1303 3309 operi
1353 3248 1473 3294 arte
1516 3236 1665 3293 facto
1700 3241 1817 3296 sive
1855 3254 2049 3296 secun-

465 3336 593 3390 dum
625 3334 983 3404 iniquitatem,
1016 3332 1133 3387 sive
1174 3330 1473 3387 secundum
1503 3330 1877 3400 prudentiam,
1913 3346 2051 3401 quo-

465 3440 585 3480 rum
631 3434 804 3479 mater
867 3423 1135 3477 industria
1194 3431 1526 3491 praesumpta
1575 3426 1697 3487 est,
1747 3423 2046 3478 comitatur

466 3516 665 3584 aliquis
697 3515 876 3578 dolus,
906 3513 1225 3583 pariterque
1254 3512 1572 3567 artificium.
1596 3510 1843 3567 Artificio
1868 3522 2049 3568 autem

466 3608 701 3676 doloque
749 3620 906 3661 nemo
951 3603 1305 3659 amrmaverit
1374 3619 1481 3659 non
1530 3602 1695 3659 etiam
1764 3604 2047 3672 perfidiam

467 3699 787 3770 plerumque
835 3698 1026 3754 saltem
1102 3700 1348 3753 subesse.
1398 3695 1466 3750 Et
1515 3695 1561 3752 si
1607 3695 1827 3767 quidem
1875 3697 2050 3754 bonus

468 3802 553 3847 est
591 3791 768 3859 dolus,
802 3792 978 3846 bonus
1010 3791 1174 3847 etiam
1224 3798 1305 3845 est
1337 3789 1690 3861 hypocriseos
1723 3789 2050 3855 comitatus;

469 3885 611 3955 quod
629 3885 697 3938 de
735 3883 1073 3954 sophismate
1109 3895 1325 3952 quoque
1361 3881 1524 3937 valet.
1546 3881 1602 3935 Si
1618 3895 1751 3936 vero
1767 3881 1903 3936 mala
1923 3889 2052 3938 sunt

467 3976 633 4032 etiam
664 3975 845 4040 ambo,
863 3975 1393 4045 sicuti;argumentor
1413 3974 1478 4028 de
1498 3972 1642 4028 facto
1667 3972 1904 4040 Sinonis,
1928 3973 2051 4030 talis

468 4084 593 4125 esse
630 4071 790 4124 debet
817 4068 962 4124 illius
996 4067 1321 4138 hypocrisis,
1347 4081 1454 4120 non
1488 4065 1649 4121 aliter
1674 4080 1736 4120 ac
1766 4065 2042 4121 simulatio

471 4160 804 4232 percelebris
871 4159 926 4212 in
977 4156 1427 4227 magnanimitate
1477 4155 1775 4228 Megabyzi.
1824 4154 1881 4210 Si
1927 4155 2051 4225 quis

471 4264 654 4308 autem
706 4251 825 4306 hac
873 4248 1101 4305 honoris
1154 4248 1442 4319 cupiditati
1503 4250 1755 4318 virilique
1810 4249 2052 4305 audacia

471 4346 729 4410 ascribat,
766 4344 1014 4400 utetiam
1061 4356 1245 4399 comes
1292 4342 1567 4398 simulatio
1614 4342 1905 4409 laudanda,
1931 4342 2053 4397 infl-

472 4441 574 4494 tias
608 4453 710 4491 non
745 4436 918 4491 ierim.
956 4436 1066 4506 Ego
1098 4449 1230 4490 vero
1279 4448 1383 4487 non
1420 4437 1714 4489 secundum
1746 4434 1867 4488 illus
1905 4433 2036 4488 mihi

2151 3242 2179 3294 6
2231 3242 2403 3306 6v1to;
2462 3243 2972 3313 ὑποκρουσόμενος,
3035 3242 3119 3296 ὅτι
3179 3245 3346 3298 παντὶ
3389 3242 3539 3315 ἔργῳ
3568 3242 3731 3316 δεινῷ

2151 3336 2519 3406 ἐξανυομένῳ,
2560 3335 2660 3389 εἴτ’
2687 3334 2782 3388 οὖν
2810 3334 2954 3388 κατά
2986 3334 3277 3404 πονηρίαν,
3298 3336 3411 3389 εἴτε
3437 3335 3726 3406 φρόνησιν,

2151 3423 2226 3483 ῶν
2263 3430 2446 3501 μήτηρ
2500 3428 2535 3499 ἠ
2587 3427 2836 3498 δεινότης
2882 3427 3340 3498 πεφιλοσόφηται.
3402 3429 3713 3500 παρέπεται

2150 3521 2247 3574 καί
2285 3539 2369 3585 τις
2396 3519 2570 3586 δόλος,
2600 3518 2806 3592 ὁμοίως
2834 3520 2893 3573 δὲ
2949 3519 3046 3573 καὶ
3093 3518 3365 3590 σόφισμα.
3416 3521 3730 3592 Σοφίσματι

2149 3612 2209 3666 δὲ
2240 3613 2336 3665 καὶ
2362 3612 2503 3682 δόλῳ
2536 3613 2639 3667 οὑκ
2660 3613 2726 3668 ἄν
2760 3629 2843 3675 τις
2874 3610 3317 3683 ἀπισχυρίσηται
3353 3612 3430 3683 μὴ
3462 3613 3585 3684 οὐχὶ
3631 3614 3730 3668 καὶ

2152 3707 2448 3776 ὑπόκρισιν
2476 3705 2547 3759 τά
2593 3722 2658 3775 γε
2687 3704 2862 3759 πλείω
2895 3703 3357 3776 παρακολουθεῖν.
3392 3706 3506 3760 Καὶ
3541 3706 3590 3760 εί
3626 3704 3729 3776 μέν

2152 3798 2358 3867 ἀγαθὸς
2383 3798 2410 3852 ό
2438 3797 2614 3864 δόλος,
2650 3796 2859 3864 ἀγαθὸν
2894 3796 2989 3850 καὶ
3028 3795 3091 3850 16
3127 3796 3251 3852 καθ’
3284 3796 3577 3869 ὑπόκρισιν
3625 3814 3731 3853 πα-

2155 3890 2583 3964 ρακολούθημαο
2636 3889 2782 3945 οὕτω
2834 3889 2889 3944 δὲ
2921 3890 3017 3945 καὶ
3050 3889 3144 3945 ἐπὶ
3186 3890 3547 3961 σοφίσματος.
3574 3889 3637 3945 El
3672 3891 3731 3947 δι

2152 3981 2338 4050 φαῦλα
2363 3982 2459 4036 καὶ
2486 3982 2678 4051 ἄμφω,
2723 3981 2869 4035 καθά
2898 3998 3003 4035 που
3042 3976 3322 4052 οἶμαικαὶ
3361 3982 3424 4037 τὸ
3463 3983 3607 4038 κατά
3638 3984 3732 4037 Σί-

2151 4091 2318 4138 νωνα,
2348 4075 2436 4143 εἴη
2467 4073 2534 4128 ἂν
2566 4070 2793 4140 τοιαύτη
2832 4074 2929 4128 καὶ
2958 4075 2993 4146 ἡ
3045 4073 3169 4129 κατ’
3222 4075 3386 4129 αὑτὸν
3411 4076 3731 4147 ὑπόκρισις,

2152 4165 2297 4220 καθά
2353 4167 2448 4219 καὶ
2494 4168 2528 4237 ἠ
2571 4167 2713 4221 κατά
2748 4166 2838 4220 τὸν
2867 4166 3207 4237 περίπυστον
3259 4168 3319 4221 ἐν
3347 4170 3733 4242 μεγαλοψυχίᾳ

2150 4256 2501 4324 Μεγάϐυζον.
2534 4258 2595 4312 Et
2620 4258 2676 4311 δέ
2707 4275 2790 4322 τις
2826 4258 2967 4312 αύτά
2997 4260 3080 4321 είς
3135 4259 3456 4330 φιλοτιμίαν
3506 4262 3603 4315 καὶ
3631 4265 3732 4315 ἀν-

2151 4350 2349 4421 δρικὴν
2404 4349 2611 4420 τόλμαν
2654 4349 3018 4421 ἐγγράφεται,
3060 4350 3151 4404 ῐνα
3205 4351 3300 4405 καὶ
3358 4353 3393 4423 ἡ
3433 4353 3735 4420 ἀκόλουθος

2146 4442 2456 4512 ὑπόκρισις
2486 4441 2747 4511 ἐνάρετος
2776 4441 2888 4512 εἴη,
2915 4440 3058 4494 ἐστω
3090 4441 3190 4511 μὲν
3226 4442 3360 4496 αὐτὸ
3383 4441 3556 4504 οὕτως
3585 4443 3731 4515 ἐχον.

471 4545 747 4595 net-erum,
782 4528 1303 4598 planedefatigatus,
1351 4536 1405 4579 et
1460 4540 1525 4579 ex
1574 4522 2052 4596 opportunissimis

2175 4537 2318 4604 Ἐγὼ
2351 4537 2407 4590 δὲ
2435 4537 2535 4591 οὐκ
2580 4537 2646 4592 ἂν
2684 4538 2806 4592 κατ’
2846 4536 3092 4599 ἐκείνους
3142 4536 3419 4608 ἐσινάμην
3473 4537 3735 4606 ἐμαυτὸν,

473 4624 724 4689 re;ectus,
754 4635 902 4674 vanae
932 4617 1118 4688 gloriae
1151 4629 1341 4670 causa.

538 4820 630 4874 24.
686 4819 792 4874 Sed
865 4814 990 4887 quid
1065 4813 1196 4869 mihi
1266 4817 1645 4884 exponendum
1698 4813 2052 4885 hyporrtseos

471 4910 743 4979 exempla,
808 4922 927 4978 quae
985 4906 1285 4976 frequentia
1341 4905 1611 4961 habentur
1678 4909 1734 4961 in
1814 4909 2052 4979 antiquis

468 5000 834 5073 scriptoribus
878 4999 969 5067 qui
1026 4998 1306 5053 historiam
1362 5006 1597 5054 tractant
1626 4999 1649 5053 ί
1678 4997 1908 5055 Concise
1951 5015 2053 5057 nec

470 5091 655 5162 procul
698 5103 728 5142 a
764 5090 989 5142 veritate
1053 5086 1343 5141 dicendum
1410 5095 1493 5141 est
1522 5087 1777 5140 mundum
1815 5102 2051 5157 prmseu-

471 5187 578 5231 tem
609 5191 730 5232 esse
759 5190 945 5230 crassa
972 5173 1319 5229 simulatione
1348 5173 1584 5243 plenum.
1614 5175 1714 5242 Qui
1748 5176 1830 5230 vel
1860 5177 1913 5231 in
1949 5179 2054 5234 hoc

470 5267 611 5335 ipso,
665 5265 808 5334 quod
860 5283 879 5317 ι
913 5267 1147 5319 mundus
1178 5283 1195 5317 ι
1244 5271 1349 5330 est,
1402 5266 1545 5335 apud
1591 5281 1689 5321 nos
1736 5282 1832 5336 per
1879 5269 2055 5324 homi-

472 5372 570 5412 nes
622 5355 927 5422 ltujusmodi
989 5355 1240 5421 fallitur;
1303 5358 1376 5411 ita
1434 5367 1533 5424 ut,
1591 5359 2051 5427 quemadmodum

472 5449 655 5515 magni
687 5449 778 5503 Dei
813 5464 1009 5503 nomen
1037 5463 1134 5519 per
1155 5464 1251 5504 eos
1278 5450 1369 5518 qui
1404 5450 1644 5505 divinam
1675 5468 1777 5507 non
1813 5469 2054 5524 sequun-

469 5548 560 5595 tur
615 5540 1051 5609 inspirationem,
1103 5540 1558 5609 blasphematur,
1599 5544 1679 5597 sic
1724 5544 1889 5598 etiam
1936 5544 2053 5600 bla-

471 5630 789 5699 spbematur
838 5631 1022 5685 mundi
1061 5645 1257 5686 nomen
1305 5646 1403 5701 per
1450 5646 1544 5687 eos
1587 5633 1679 5703 qui
1735 5633 1918 5689 mundi
1946 5651 2051 5691 non

472 5732 640 5789 sunt;
673 5724 863 5794 quales
899 5733 1047 5784 sunt.
1078 5723 1171 5792 qui
1205 5732 1419 5796 gentem
1454 5724 1869 5795 hypocritarum
1899 5741 2053 5782 com-

474 5825 766 5885 ponentes,
800 5815 1224 5872 destructionem
1258 5830 1424 5890 super
1469 5830 1686 5873 omnem
1733 5816 1902 5874 aliam
1958 5821 2056 5876 tri-

2150 4629 2469 4699 κατακόψας
2516 4629 2716 4700 μικροῦ
2762 4628 2897 4692 δεῖν,
2939 4629 3040 4682 καὶ
3079 4628 3190 4683 τῶν
3223 4630 3611 4702 καιριωτάτων
3644 4631 3739 4685 ἐκ-

2151 4722 2468 4792 κρουσθεὶς,
2497 4723 2655 4792 δόξης
2688 4723 2852 4793 χάριν
2883 4724 3068 4789 κενῆς.

2224 4814 2326 4869 κδ’.
2371 4814 2532 4870 Ἀλλά
2560 4815 2612 4868 τί
2636 4832 2725 4884 μοι
2750 4815 2922 4870 πλείω
2950 4815 3283 4887 ἐπέρχεσθαι
3308 4814 3740 4885 παραδείγματα

2152 4908 2509 4980 ὑποκριτικά,
2534 4910 2859 4980 ἐπιρρέοντα
2896 4909 3070 4978 συχνά
3092 4911 3156 4961 ἐκ
3188 4908 3540 4963 παλαιτάτων
3565 4908 3738 4961 ἀκου-

2154 5003 2379 5073 σμάτων
2412 5005 2524 5066 τοῖς
2567 5005 2803 5073 ίστορεῖν
2845 5002 3343 5074 προτεθειμένοιςς
3380 5004 3514 5056 Δέον
3556 5003 3737 5056 εἰπεῖν

2155 5092 2623 5162 συνεπτυγμένως
2658 5092 2757 5146 xci.
2787 5093 2910 5146 οὐδὲ
2946 5093 3170 5163 μακρὰν
3204 5092 3494 5163 ἀληθείας,
3546 5092 3736 5164 πλήρη

2152 5184 2250 5237 νῦν
2281 5183 2376 5236 16v
2409 5183 2616 5253 κόσμον
2648 5177 2789 5236 εἶναι
2819 5183 3201 5252 ὑποκρίσεως·
3250 5184 3309 5247 ὃς
3339 5200 3406 5252 γε
3452 5183 3550 5238 καὶ
3602 5184 3739 5237 αὐτὸ

2157 5272 2322 5327 τοῦτο
2354 5273 2415 5326 τὸ
2454 5291 2473 5326 t
2514 5273 2720 5342 κόσμος
2767 5292 2786 5326 ι
2824 5269 2968 5327 εἶναι
2998 5274 3257 5345 ψεύδεται
3286 5275 3421 5346 παρ’
3452 5275 3588 5345 ἡμῖν
3644 5274 3740 5331 διὰ

2153 5366 2280 5428 τοὺς
2313 5365 2609 5431 τοιούτους,
2661 5366 2739 5429 ὡς
2785 5366 3258 5437 βλασφημείσθαι,
3319 5366 3463 5422 καθά
3522 5367 3585 5422 16
3638 5367 3739 5421 τοῦ

2156 5456 2399 5526 μεγάλου
2422 5457 2557 5511 Θεοῦ
2592 5457 2764 5529 ὄνομα
2798 5458 2885 5511 διά
2915 5459 3043 5520 τοὺς
3081 5458 3156 5529 μὴ
3193 5458 3435 5522 ἐνθέους,
3466 5458 3609 5513 οὕτω
3639 5460 3740 5515 καὶ

2153 5549 2213 5602 16
2233 5548 2326 5602 τοῦ
2351 5550 2562 5620 κόσμου
2576 5550 2665 5605 διὰ
2687 5551 2815 5615 τοὺς
2846 5552 3148 5621 ἀκόσμους·
3177 5553 3355 5604 ὁποῖοι
3382 5551 3479 5606 καὶ
3496 5552 3559 5605 16
3580 5550 3741 5614 ἐθνος

2150 5642 2253 5709 τῆς
2289 5642 2655 5709 ὑποκρίσεως,
2685 5643 2736 5695 οἳ
2758 5641 2858 5712 τὴν
2884 5642 3163 5712 ἀκοσμίαν
3185 5642 3329 5712 ὑπὲρ
3354 5643 3462 5696 πᾶν
3486 5642 3617 5698 ἄλλο
3634 5641 3743 5711 φῦο

2152 5731 2245 5785 λον
2286 5732 2613 5801 τεχνῶνται,
2650 5732 3096 5804 παραποιοῦντες
3117 5733 3176 5786 τὸ
3210 5733 3312 5802 τῆς
3362 5733 3582 5803 φύσεως
3603 5735 3740 5787 κόσ-·

2157 5840 2299 5894 μιον.
2317 5822 2435 5877 Ἐπ’
2457 5824 2639 5890 ἄλλοις
2656 5825 2762 5898 γὰρ
2780 5825 3156 5896 πεπλασμένοι
3181 5826 3446 5897 κοσμίως,
3469 5826 3543 5891 ὡς
3559 5827 3589 5880 ό
3610 5841 3738 5880 κοσ-
