4090 6442
410 317 526 384 393

1711 334 1810 397 DE
1851 335 2403 407 SIMULATIONE.

3562 359 3670 424 394

414 433 641 505 μοποιός
669 437 803 501 Θεὸς
832 439 1175 512 ἀπεφήνατο,
1236 442 1417 510 ἄλλως
1472 447 1630 503 αὖτολ⁵
1663 452 1984 522 μεταπλάτ-

2091 456 2249 523 bum,
2296 470 2503 514 natura}
2573 459 2821 519 ordinem
2897 462 3304 535 adulterantes,
3370 469 3669 528 artiﬁciose

408 543 599 582 τουσιν
630 532 878 594 ἑαυτοὺς,
907 532 1092 603 δῆλον,
1123 534 1201 599 ὡς
1228 538 1309 601 εἰς
1328 538 1390 591 τὸ
1421 538 1681 610 ἔμπαλιν.
1720 544 1986 614 Ἀκοσμοι

408 621 568 674 αὐτοὶ
603 621 712 692 ἄρα
742 624 880 697 πρὸς
922 626 1205 697 ἀλήθειαν,
1243 629 1340 683 καὶ
1367 631 1437 684 δι’
1470 633 1607 688 αὐτὸ
1640 634 1746 702 ἔξω
1775 637 1987 708 κόσμου

411 711 571 766 ἄλλον
599 714 824 783 τρόπον,
871 716 1017 789 ἢπερ
1069 720 1118 772 οί
1176 724 1569 790 πνευματικῶς
1608 725 1986 799 ἀναχωρηταί.

413 801 578 856 Αὐτοὶ
607 804 708 873 μὲν
738 805 849 875 γὰρ
875 806 953 879 τῷ
975 809 1097 862 κατ’
1133 810 1334 876 αὐτοὺς
1365 812 1680 887 ὲξωτερικῷ
1715 820 1796 882 είς
1819 819 1989 890 ὑπερ·

413 896 677 968 κοσμίους
714 899 1229 969 ὑπερανοικίζονται
1254 920 1270 938 ο
1304 908 1354 959 oi
1394 907 1450 961 δὲ
1480 909 1856 980 ὑποκριτικῶς
1884 912 1990 980 ἔξω

410 987 506 1041 τοῦ
564 990 777 1059 κόσμου
821 992 1113 1061 Ἀρπυῖαις
1169 996 1400 1064 ἑαυτοὺς
1433 1000 1852 1072 παρατιθέασιν,
1910 1004 1989 1068 ὡς

412 1080 904 1147 ὲξωκεανίζεσθαι.

483 1310 575 1361 κε’.
624 1305 763 1359 Ἀλλ’
797 1308 1032 1363 ἐνταῦθα
1087 1311 1353 1380 μνησθεὶς
1383 1313 1495 1368 τῶν
1541 1314 1713 1386 ἀγίως
1744 1320 1840 1374 κοιλ⁵
1868 1319 1989 1373 θεο-

413 1395 585 1463 φιλῶς
615 1397 721 1463 ἔξω
745 1400 840 1454 τοῦ
862 1402 1067 1471 κόσμου
1097 1404 1332 1476 ἀνδρῶν,
1360 1407 1470 1460 τῶν
1499 1407 1738 1480 ὕπερθεν
1769 1412 1872 1482 γῆς
1894 1414 1990 1466 καὶ⁹

412 1487 634 1543 πάντων
660 1490 770 1545 τῶν
797 1493 917 1547 κατ’
936 1495 1129 1566 αὐτὴν,
1152 1499 1263 1551 τῶν
1283 1498 1383 1551 ὑπε
1394 1501 1691 1570 ρνεφέλων,
1709 1502 1819 1556 τῶν
1838 1504 1990 1558 αἰθε-

410 1578 547 1649 ρίων
587 1582 679 1635 τὸν
709 1584 856 1651 νοῦν,
883 1587 992 1640 τῶν
1010 1590 1332 1660 ἀειλαμπῶν
1354 1592 1454 1660 τὴν
1481 1592 1691 1663 νόησιν,
1725 1595 1836 1648 τῶν
1858 1595 1989 1665 φλο-

410 1674 553 1760 γέων
575 1676 909 1747 ἁγγελικῶς,
937 1680 1046 1735 τῶν
1070 1684 1135 1736 ἐκ
1160 1683 1298 1738 Θεοῦ
1323 1686 1418 1739 καὶ
1444 1687 1585 1742 κατὰ
1611 1688 1744 1742 Θεδν
1768 1688 1984 1760 φώτων,

2091 556 2280 620 agunt.
2339 549 2543 607 Prmter
2591 552 2735 606 enim
2787 552 2916 619 alia,
2972 555 3208 612 feliciter
3250 557 3489 625 formati,
3525 564 3670 618 sicut

2090 652 2306 696 creator
2327 641 2470 697 Dens
2510 643 2827 712 declaravit,
2847 647 3009 704 aliter
3044 648 3143 715 ipsi
3185 664 3305 706 sese
3329 651 3619 709 immutant
3649 670 3666 708 :

2089 733 2314 789 evidens
2377 744 2459 791 est
2517 737 2659 807 quod
2707 737 2762 792 in
2819 741 3172 799 contrarium.
3233 742 3431 799 Parum
3481 745 3668 801 idonei

2090 832 2218 879 sunt
2270 822 2339 886 ad
2387 823 2817 897 investigandam
2871 831 3191 896 veritatem,
3244 842 3300 888 et
3343 832 3464 889 ideo
3511 844 3666 890 extra

2089 917 2350 970 mundum
2383 916 2489 972 alio
2525 922 2705 985 modo,
2740 936 2901 990 quam
2932 924 3247 991 spirituales
3289 927 3665 983 anachoreta:

2089 1007 2145 1063 hi
2179 1007 2349 1076 enim,
2379 1024 2479 1064 suo
2509 1010 2680 1085 exitu,
2721 1012 2788 1066 ad
2817 1016 3287 1081 supermundiales
3320 1020 3621 1072 ascendunt
3647 1037 3664 1086 ;

2089 1096 2179 1164 qui
2208 1110 2337 1151 vero
2364 1111 2461 1175 per;
2489 1099 2829 1153 mendacium
2868 1112 3019 1154 extra
3051 1103 3310 1158 mundum
3344 1114 3491 1171 sunt,
3540 1105 3668 1161 har-

2090 1185 2229 1254 pyis,
2259 1195 2318 1240 ut
2352 1183 2624 1242 Oceanum
2654 1194 3029 1254 transeant,se
3049 1186 3303 1260 jungunt.

2157 1323 2251 1379 25.
2285 1322 2405 1378 Jatu
2466 1338 2595 1379 vero
2646 1326 2925 1380 mentione
2971 1326 3118 1382 facta
3160 1329 3403 1383 virorum
3449 1328 3665 1384 illorum

2088 1415 2183 1485 qui
2221 1423 2412 1471 sancte
2454 1416 2718 1487 juxtaque
2755 1416 2849 1472 Dei
2892 1418 3146 1486 placitum
3199 1428 3356 1473 extra
3405 1420 3666 1475 mundum

2090 1517 2256 1572 sunt,
2306 1508 2398 1579 qui
2453 1524 2616 1577 super
2668 1519 2872 1564 terram
2925 1518 2980 1566 et
3040 1511 3224 1565 omnia
3276 1521 3488 1566 terrena
3542 1520 3672 1566 sunt

2089 1599 2311 1666 elevati,
2361 1602 2451 1670 qui
2492 1602 2664 1655 nubes
2711 1602 3131 1668 transcendunt,
3181 1603 3394 1659 attherii
3448 1604 3665 1675 spiritu,

2090 1707 2306 1764 semper
2360 1694 2690 1763 cogitatione
2735 1694 2924 1757 lucidi,
2981 1697 3240 1751 ardentes
3292 1695 3553 1765 angelice,
3599 1710 3668 1752 ex
3740 1710 3747 1717 '

406 1758 483 1819 ὧν
509 1768 604 1821 καὶ
627 1770 686 1822 αἱ
714 1769 959 1838 γλῶσσαι
981 1773 1211 1847 πύριναι
1245 1778 1619 1844 ἀποστολικῶς
1652 1783 1747 1835 καὶ
1822 1782 1985 1855 λοιπὴ

2091 1758 2644 1856 Deo-secundumque
2691 1789 2857 1844 Deum
2918 1787 3145 1851 lumina,
3184 1758 3416 1858 quorum
3444 1758 3667 1857 linguae,

405 1860 461 1914 δὲ
485 1859 673 1917 ἅπασα
699 1863 939 1937 διαρτία,
978 1861 1058 1930 οἷς
1084 1869 1184 1941 τὴν
1214 1871 1418 1926 κακίαν
1453 1874 1982 1944 καταναλίσκουσιν,

407 1954 801 2024 ὶμπιπρῶντες
830 1957 966 2013 ὡσεὶ
1017 1961 1115 2015 καὶ
1149 1972 1332 2033 αχυρα
1353 1978 1368 1995 ο
1402 1962 1454 2016 οἲ
1505 1965 1718 2036 κόσμον
1752 1967 1986 2035 ἀφέντες

407 2048 500 2100 καὶ
532 2047 599 2102 τὰ
620 2049 679 2100 ὲν
719 2049 933 2121 κόσμῳ,
966 2052 1106 2123 πρὸς
1137 2053 1289 2125 αὐτῷ
1318 2055 1440 2127 Θεῷ
1468 2056 1723 2126 ἐγένοντο
1747 2074 1764 2090 ο
1794 2059 1988 2130 διορῶ-

414 2155 514 2209 μαι
548 2140 780 2207 στύλους
807 2143 906 2215 μὲν
930 2144 1152 2213 ὀλίγους
1197 2148 1372 2219 πυρὸς
1404 2150 1712 2221 άσκητικοῦ
1742 2153 1803 2207 ἐν
1846 2153 1985 2223 ἡμῖν

409 2232 831 2302 προφαίνοντας,
858 2237 1096 2307 γνόφους
1137 2238 1195 2293 δὲ
1219 2241 1455 2312 μυρίους
1489 2242 1653 2306 ὅσους
1697 2242 1987 2316 ὑποκριτι-

409 2329 562 2391 κοὺς,
593 2329 1059 2399 ἁποφραγνῠντας
1083 2333 1181 2387 καὶ
1206 2332 1644 2406 διατειχίζοντας
1670 2338 1801 2400 τοὺς
1827 2355 1987 2408 νεφε-

407 2417 731 2491 λουμένους,
792 2421 870 2486 ὡς
933 2424 1009 2494 μὴ
1059 2425 1209 2496 ἔχειν
1260 2426 1428 2482 ποθὲν
1492 2430 1984 2502 καταλάμπισθαι.

408 2512 909 2582 Προσεπιῦλεπέτω
931 2515 990 2569 δὲ
1012 2518 1109 2572 καὶ
1136 2520 1460 2589 καταιγίδας
1482 2523 1984 2595 άπορρηγνυμένας

405 2607 643 2676 ἐκεῖθεν,
697 2609 786 2665 ἵνα
843 2615 940 2668 καὶ
968 2614 1031 2668 τὺ
1063 2616 1181 2682 φῶς
1215 2616 1442 2672 ἐκείνων
1478 2620 1740 2685 σϐέσωσι,
1793 2621 1892 2677 καὶ
1923 2621 1986 2677 τὸ

407 2702 521 2755 πᾶν
565 2702 663 2757 τοῦ
716 2706 777 2759 ὲν
823 2706 956 2779 ἡμῖν
1004 2708 1120 2780 βίον
1176 2711 1237 2766 ὲν
1289 2712 1541 2783 ἀλαμπεῖ
1584 2716 1984 2788 καταστήσων-

405 2809 518 2849 ται.

479 2923 595 2991 σις’.
626 2922 698 2981 Ὦ
728 2926 994 2985 κάκιστον
1040 2930 1252 3004 θηρίον,
1289 2934 1623 3008 ὑπόκρισιςί
1661 2938 1714 2992 τί
1744 2937 1809 3010 δή
1852 2957 1985 2995 ποτε

410 3018 550 3089 πρὸς
578 3021 645 3090 τῇ
672 3018 835 3091 λαϊκῇ
869 3021 965 3077 τοῦ
1003 3022 1140 3078 Θεοῦ
1175 3024 1349 3098 ἀγέλῃ
1380 3028 1578 3101 ὲνάλλῃ
1618 3030 1713 3082 καὶ
1742 3032 1809 3100 τῇ
1838 3030 1983 3102 ἱερᾷ,

2089 1880 2232 1937 sicut
2266 1880 2659 1951 apostolorum,
2695 1881 2876 1952 ignita:
2909 1889 3030 1936 sunt
3061 1882 3205 1936 sicut
3235 1891 3288 1936 et
3322 1880 3528 1949 reliqua
3556 1887 3669 1934 tota

2088 1974 2281 2039 facies,
2332 1974 2399 2029 ad
2448 1974 2878 2029 consumendam
2942 1974 3232 2038 malitiam,
3282 1987 3447 2044 quam
3504 1971 3672 2028 veluti

2088 2065 2276 2135 paleas
2330 2066 2691 2131 comburunt,
2735 2063 2831 2133 qui
2878 2065 3141 2118 mundum
3185 2075 3241 2119 et
3278 2077 3340 2119 ea
3387 2077 3508 2133 qnze
3540 2069 3671 2118 sunt

2089 2160 2145 2212 in
2169 2156 2370 2212 mundo
2389 2156 2782 2227 relinquentes,
2803 2159 2871 2212 ad
2889 2157 3067 2225 ipsum
3093 2154 3259 2211 Deum
3282 2163 3667 2225 pervenerunt;

2086 2249 2366 2320 prospicio
2399 2250 2619 2318 quidem
2667 2248 2721 2303 in
2764 2248 2924 2304 nobis
2953 2248 3160 2318 aliquot
3207 2247 3493 2303 columnas
3547 2245 3674 2316 igne

2087 2341 2359 2414 fulgentes
2413 2343 2675 2407 ascetico,
2729 2340 2830 2397 sed
2892 2340 3214 2398 innumeras
3271 2341 3446 2398 nubes
3505 2338 3673 2395 veluti

2087 2433 2477 2498 simulator-ias,
2500 2432 2839 2489 includentes
2886 2440 2942 2489 et
2973 2434 3320 2490 circumdant
3351 2447 3473 2504 quae
3502 2433 3676 2487 nebu-

2088 2526 2257 2595 losos,
2306 2542 2379 2584 ne
2432 2527 2615 2583 lumen
2667 2526 2865 2583 exinde
2919 2527 3134 2598 fulgere
3185 2528 3379 2599 possit.
3450 2525 3675 2595 Insuper

2088 2628 2269 2675 autem
2305 2619 2513 2688 aspicio
2545 2618 2817 2688 procellas
2842 2618 2969 2674 hinc
3000 2629 3374 2688 erumpentes,
3409 2626 3470 2673 ut
3503 2618 3671 2673 etiam

2086 2729 2274 2771 eorum
2307 2713 2489 2768 lumen
2530 2713 2903 2784 exstinguant,
2933 2722 2989 2768 et
3050 2712 3343 2781 quodquod
3398 2711 3467 2765 ad
3506 2710 3673 2765 vitam

2086 2815 2329 2862 nostram
2360 2796 2704 2875 pertinet,'in
2735 2805 2973 2862 obscuro
3006 2806 3372 2862 constituant.

2157 2938 2248 2997 9.6.
2285 2936 2329 2996 Ο
2356 2939 2594 3010 pessima
2630 2938 2773 3006 fera,
2821 2938 3133 3007 simulatio,
3192 2954 3290 2995 cur
3322 2939 3377 2995 in
3428 2938 3522 2995 Dei
3552 2952 3676 3010 gre-

2085 3047 2206 3104 gem
2241 3033 2440 3087 laicnm
2474 3039 2532 3086 ct
2574 3045 2790 3087 sacrum
2831 3030 3019 3097 irruis,
3074 3031 3176 3101 ipsi
3212 3029 3323 3087 Deo
3371 3029 3522 3085 illum
3569 3029 3675 3086 eri-

407 3108 471 3175 ἒξ
497 3111 665 3165 αὑτοῦ
696 3112 834 3167 Θεοῦ
858 3116 1209 3187 ἀφαρπάζειν
1244 3121 1565 3192 πειρωμένη
1615 3123 1806 3194 αὐτὴν,
1846 3125 1984 3194 μᾶλ-

2091 3136 2215 3194 pere
2284 3131 2527 3186 tentans,
2575 3120 2667 3177 ubi
2693 3121 2877 3191 potius
2920 3119 3306 3187 dubitandum,
3358 3119 3501 3174 haud
3553 3133 3677 3174 cre-

406 3201 500 3257 λον
531 3204 631 3275 μὲν
658 3201 752 3259 οὖν
773 3205 950 3271 ἄλλως
1001 3208 1378 3282 ὲπαπορῆσαι,
1409 3214 1510 3268 οὐκ
1561 3214 1628 3269 ἂν
1670 3212 1849 3287 οἶμαι,

408 3297 678 3364 δεόντως;
714 3300 781 3352 Τί
809 3301 874 3371 δή
920 3319 1052 3356 ποτε
1092 3304 1193 3373 τὴν
1219 3305 1348 3375 ὃλην
1387 3307 1673 3379 φαρέτραν
1722 3311 1988 3376 ἑκκενοῖς,

414 3392 542 3455 τοὺς
567 3390 921 3462 ὠσιωμένους
950 3394 1028 3465 τῷ
1055 3394 1176 3466 Θεῷ
1206 3396 1403 3468 βάλλον
1427 3417 1442 3465 ;
1477 3395 1552 3453 ὧν
1581 3401 1629 3454 οί
1671 3400 1772 3471 μὲν
1798 3403 1857 3455 ὲν
1889 3400 1990 3474 βίῳ

419 3481 487 3533 δι’
509 3483 636 3536 αὐτὸ
669 3484 736 3557 δὴ
782 3486 844 3538 τὸ
880 3486 1138 3558 βιωτικδν
1169 3489 1268 3561 οὐχ
1322 3491 1498 3553 οὕτως
1540 3493 1989 3547 ἐπιϐουλεύονται

417 3574 537 3628 οὐδὲ
574 3575 886 3646 βάλλονται,
922 3580 973 3632 oi
1028 3580 1086 3634 δὲ
1115 3580 1208 3634 τὸν
1262 3583 1381 3652 βίον
1414 3584 1787 3655 ἀπειπάμενοι
1818 3587 1991 3642 φυλα-

412 3667 521 3733 δδν,
554 3672 650 3723 καὶ
685 3672 906 3725 πάντων
938 3673 1433 3746 ὑπερπετασθῆναι
1464 3676 1577 3730 τῶν
1610 3678 1761 3733 κάτω
1794 3679 1991 3748 προθέ-

412 3785 592 3838 μενοι,
627 3765 702 3822 ῶν
736 3769 904 3841 μέρος
933 3772 1032 3823 καὶ
1057 3772 1083 3825 ὁ
1120 3770 1258 3842 πρὸς
1292 3773 1553 3845 αἴσθησιν
1579 3774 1757 3846 γάμος
1791 3777 1887 3830 καὶ
1919 3777 1990 3831 τὰ

409 3859 534 3914 κατ’
555 3860 716 3916 αὐτὸν
751 3862 991 3933 σαρκικὰ
1014 3862 1063 3934 (ὁ
1089 3863 1198 3934 γάρ
1222 3881 1305 3918 τοι
1332 3864 1521 3930 λοιπὸς
1551 3868 1752 3938 γάμος,
1786 3869 1815 3921 ό
1843 3870 1990 3923 κατὰ

409 3952 658 4023 πνεῦμα,
681 3953 780 4009 οὐκ
813 3954 962 4010 ἔστιν
995 3956 1151 4029 ἀνδρὶ
1178 3958 1499 4031 Χριστιανῷ
1533 3960 1711 4016 οὐδενὶ
1740 3961 1990 4034 ἐιπόῤῥη-

406 4063 527 4110 τος,
576 4040 748 4115 οὗπερ
806 4046 1052 4117 ἐφίενται
1084 4049 1291 4121 νοερῶς
1321 4051 1373 4104 oi
1425 4052 1732 4121 φιλόκαλοι,
1765 4054 1844 4125 τῷ
1877 4055 1988 4109 τῶν

405 4136 601 4206 ψυχῶν
634 4137 864 4209 καθαρῷ
919 4140 1139 4211 νυμφίῳ
1170 4141 1404 4207 ἑαυτοὺς
1451 4142 1804 4214 παρθενικῶς
1852 4147 1989 4216 ἀφο-

408 4231 679 4303 σιοῦντες)
714 4233 762 4286 οἱ
797 4232 980 4287 τοίνυν
1039 4233 1175 4305 πρὸς
1225 4234 1489 4306 ἀλήθειαν
1540 4237 1777 4291 τοιοῦτοι
1846 4238 1986 4293 ὅσιοι

405 4322 504 4376 τοῦ
567 4322 704 4375 Θεοῦ
762 4323 1032 4378 ἄσπονδον
1063 4324 1267 4396 ἔχθραν
1301 4326 1672 4392 ὲξανάπτουσι
1708 4328 1784 4400 τῷ
1815 4331 1984 4402 κοινῷ

404 4414 678 4486 πολεμίῳ,
709 4416 985 4488 γινομένῳ
1035 4416 1175 4488 πρὸς
1230 4418 1420 4484 αὐτοῖς
1458 4420 1535 4485 ὡς
1595 4421 1857 4491 μάλιστα,
1890 4425 1986 4477 καὶ

2095 3214 2349 3284 diderim,
2387 3230 2456 3269 an
2498 3228 2604 3269 non
2645 3211 2991 3285 opportune?
3018 3210 3155 3279 Quid
3190 3220 3356 3266 totam
3417 3211 3678 3267 exhanrls

2096 3309 2433 3378 pharetram,
2471 3316 2825 3362 consecratos
2875 3303 2985 3359 Deo
3027 3302 3381 3373 percutiens?
3423 3302 3677 3397 equihns

2097 3399 2187 3468 qui
2225 3398 2444 3468 quidem
2495 3398 2552 3453 in
2608 3397 2735 3452 vitat
2783 3395 3201 3451 conversatione
3257 3402 3405 3458 Stllll,
3460 3395 3679 3463 propter

2096 3492 2269 3559 ipsam
2306 3491 2472 3546 vitam
2522 3506 2628 3546 non
2665 3491 2745 3546 sic
2784 3488 3067 3559 patiuntur
3102 3487 3333 3543 insidias
3382 3494 3437 3540 et
3470 3485 3678 3542 feriun-

2099 3589 2226 3647 tur;
2289 3580 2381 3649 qui
2440 3593 2572 3634 vero
2623 3578 2880 3634 saeculum
2937 3576 3181 3631 tributim
3233 3570 3675 3647 abnegavernnt,

2098 3670 2311 3742 sibique
2374 3677 2782 3740 proposuerunt
2862 3667 3121 3723 inferiora
3194 3680 3424 3736 qumque
3490 3665 3671 3720 volatu

2097 3762 2506 3826 transcendere,
2540 3775 2770 3832 quorum
2816 3774 2942 3830 pars
2974 3759 3175 3830 nuptiae
3226 3756 3512 3814 sensibiles
3551 3763 3676 3811 sunt

2096 3870 2153 3917 et
2196 3860 2494 3921 secundum
2527 3872 2620 3915 eas
2669 3857 2953 3924 carnalia;
2989 3856 3243 3928 (caeteras
3289 3866 3529 3924 namque
3574 3868 3677 3908 nu-

2097 3952 2245 4023 ptiae,
2302 3965 2420 4020 qua:
2447 3947 2747 4004 secundum
2815 3947 3066 4018 spiritum
3147 3954 3295 4011 sunt,
3363 3943 3495 3999 nu'li
3562 3942 3680 3998 viro

2096 4044 2408 4102 Christiano
2431 4051 2558 4098 sunt
2585 4040 2907 4106 interdictae,
2940 4054 3079 4111 quas
3128 4037 3451 4108 spiritaliter
3477 4035 3677 4106 ample-

2093 4147 2319 4195 etuntur
2357 4135 2614 4192 ardenter
2646 4140 2915 4198 amantes,
2960 4145 3095 4200 pnro
3145 4130 3451 4184 animarum
3475 4142 3678 4197 sponso

2093 4241 2215 4285 sese
2265 4225 2514 4298 virginali
2569 4224 2730 4279 modo
2784 4221 3220 4288 consecrantes)
3256 4261 3272 4284 ,
3326 4220 3381 4274 hi
3450 4218 3678 4289 proinde

2094 4321 2396 4380 secundum
2427 4319 2712 4375 veritatem
2760 4314 3071 4384 bujusmodi
3125 4315 3299 4369 sancti
3342 4312 3436 4368 1)θί
3485 4309 3679 4381 irnpla-

2093 4416 2322 4472 cabilem
2357 4409 3035 4469 inimicitiam‘accendunt
3059 4406 3343 4463 communi
3383 4404 3549 4471 hosti,
3584 4402 3677 4473 qui

402 4506 853 4579 φιλοτιμουμένῳ
876 4507 938 4560 τὸ
966 4507 1282 4574 ἀντίπαλον,
1308 4511 1402 4562 καὶ
1427 4509 1604 4575 οὕτως
1627 4512 1982 4583 ἀνθὰμιλλον.

2094 4507 2400 4580 praesertim
2427 4505 2537 4561 illis
2565 4505 2831 4571 adhaeret,
2861 4503 2913 4557 in
2944 4501 3155 4557 honore
3182 4510 3373 4555 tenens
3400 4498 3543 4567 quod
3571 4495 3675 4552 sibi

402 4599 518 4653 Kal
537 4597 601 4651 τὸ
631 4599 826 4660 αἴτιον,
852 4599 935 4652 ὅτι
971 4597 1364 4668 γυμνωθέντες
1396 4600 1445 4653 οί
1474 4599 1709 4654 τοιοῦτοι
1745 4603 1859 4655 τῶν
1886 4603 1988 4673 τῆς

402 4690 725 4762 παχυτέρας
761 4690 907 4760 ζωῆς
956 4693 1199 4763 ῥακέων,
1231 4692 1259 4748 ὃ
1303 4695 1369 4768 δὴ
1414 4696 1657 4765 λέγεται,
1691 4698 1989 4768 ἀπαρακα-

399 4782 623 4847 λύπτως
662 4785 871 4843 εἵλοντο
904 4788 1049 4843 κατὰ
1095 4787 1191 4843 τοῦ
1220 4789 1614 4860 ἀντικειμένου
1647 4791 1985 4857 τοξάζεσθαι

400 4876 548 4947 ὑπὲρ
582 4878 761 4935 πάντα
787 4880 878 4932 τὸν
900 4878 1090 4934 λοιπὸν
1118 4879 1410 4952 ἄνθρωπον
1435 4899 1448 4913 °
1479 4884 1575 4938 καὶ
1603 4881 1703 4955 τὴν
1735 4881 1831 4937 τοῦ
1864 4884 1982 4955 βίου

399 4970 785 5040 παρεκδύντες
842 4972 1075 5044 τύρόην,
1114 4975 1209 5027 καὶ
1240 4974 1317 5038 ῶς
1385 4978 1450 5029 ἐκ
1510 4976 1723 5041 πόλεως
1749 4978 1982 5046 ταύτης,

398 5058 528 5114 καθ’
574 5060 642 5133 ἢν
688 5060 805 5115 ἔστι
859 5062 1176 5134 πολεμικῶς
1223 5066 1671 5138 πυργηροῦσθαι,
1715 5068 1983 5139 προποδί-

400 5166 601 5215 σαντες
625 5145 717 5204 οἶα
766 5152 863 5206 καὶ
892 5153 976 5219 εἰς
1025 5155 1276 5225 πεδιάδα,
1331 5159 1390 5211 ἐν
1495 5158 1594 5212 οὐκ
1638 5158 1705 5213 ἂν
1736 5157 1983 5212 ὑπίδοιτό

397 5259 485 5305 τις
513 5241 672 5312 λόχον
703 5242 1050 5317 αὐτόχρημα,
1107 5249 1443 5317 στρατιῶται
1478 5247 1615 5303 Θεοῦ
1651 5245 1793 5302 εἶναι
1842 5250 1979 5302 τάσ-

398 5349 607 5400 σονται,
669 5335 909 5405 φύλακες
963 5337 1074 5390 τῶν
1123 5338 1305 5392 ἄλλων
1366 5342 1588 5394 πάντων
1641 5340 1979 5413 ἀνθρώπων,

398 5426 729 5490 ὀφειλόντων
766 5429 865 5498 μὲν
915 5430 1011 5482 καὶ
1063 5431 1295 5485 ἐκείνων
1347 5435 1424 5503 μὴ
1457 5435 1885 5500 ἀπονυστάζειν,
1917 5436 1980 5490 οὐ

397 5519 518 5571 κατ’
546 5520 747 5584 αὐτοὺς
780 5521 860 5583 δὲ,
891 5523 1020 5586 τοὺς
1047 5523 1148 5594 ἥδη
1184 5524 1531 5595 ταξαμένους
1574 5528 1816 5598 τὼὺπὲρ
1853 5530 1981 5596 τοὺς

396 5611 642 5678 λοιπούς.
676 5615 844 5669 Αὐτοὶ
878 5616 979 5686 μὲν
1018 5618 1129 5687 γάρ
1155 5620 1251 5673 τοῦ
1284 5618 1420 5673 Θεοῦ
1460 5621 1737 5690 κραταιοὶ,
1772 5623 1979 5694 σφόδρα

395 5705 690 5777 ὲξηρμένοι
713 5708 811 5777 τῆς
851 5710 977 5778 γῆς.
1019 5711 1118 5765 καὶ
1161 5709 1249 5764 διὰ
1279 5712 1439 5766 τοῦτο
1469 5713 1790 5783 φερέγγυοι.
1834 5715 1978 5770 κατὰ

393 5799 507 5853 τῶν
542 5800 878 5870 πνευμάτων
909 5804 1009 5869 τῆς
1040 5807 1313 5877 πονηρίας
1335 5804 1718 5869 ἀνθίστασθαι,
1746 5808 1852 5859 τῶν
1879 5810 1976 5862 καὶ

717 5896 990 5964 Ρλτιιοι.
1028 5900 1148 5963 Gn.
1177 5900 1518 5964 CXXXVI.

2098 4600 2443 4669 adaequatum
2496 4603 2581 4651 est
2616 4603 2668 4651 et
2716 4593 2796 4649 sic
2843 4591 3098 4648 mtnulum
3132 4589 3376 4661 aggredi.
3414 4586 3481 4643 Et
3509 4602 3675 4644 causa

2094 4702 2201 4763 est,
2252 4691 2508 4761 quoniam
2558 4686 2868 4759 hujusmodi
2919 4684 3172 4741 homines
3217 4680 3503 4743 crassioris
3550 4683 3677 4735 vita:

2094 4784 2428 4854 panniculis,
2484 4790 2543 4836 ut
2591 4780 2754 4853 vulgo
2812 4779 3049 4843 dicitur,
3108 4777 3291 4842 exuti,
3345 4775 3522 4842 palam
3559 4787 3677 4830 cte-

2094 4886 2293 4948 perunt
2348 4885 2541 4932 contra
2605 4873 2749 4928 hunc
2805 4869 3180 4927 adversarium
3237 4882 3406 4937 super
3458 4879 3674 4921 omnem

2092 4969 2366 5037 reliquum
2452 4965 2729 5020 hominem
2801 4961 3092 5030 sagittari;
3152 4967 3208 5015 et
3258 4959 3384 5014 vitae
3457 4957 3674 5010 turbam

2092 5061 2382 5133 fugientes,
2414 5068 2469 5115 et
2498 5055 2849 5130 postmodum
2897 5069 2966 5110 ex
3021 5053 3125 5108 hac
3171 5052 3328 5116 urbe,
3361 5064 3465 5120 qua
3499 5059 3677 5103 turres

2092 5158 2160 5213 ab
2199 5154 2354 5211 hoste
2383 5149 2769 5209 circumveniri
2814 5159 3051 5220 queunt,
3080 5143 3497 5214 progredientes
3526 5141 3669 5196 velut

2091 5251 2144 5305 in
2181 5247 2482 5318 planitiem,
2516 5242 2607 5299 ubi
2635 5242 2759 5315 quis
2802 5255 2910 5296 non
2941 5237 3167 5296 omnino
3210 5237 3364 5292 timet
3423 5234 3671 5294 insidias.

2092 5342 2292 5398 milites
2335 5338 2430 5395 Dei
2482 5352 2602 5393 esse
2630 5343 2967 5399 censentur,
3011 5331 3243 5386 aliorum
3287 5329 3529 5384 omnium
3578 5342 3678 5381 cu.

2088 5432 2278 5490 stodes
2326 5430 2627 5492 hominum,
2675 5425 2770 5497 qui
2823 5424 3041 5494 quidem
3070 5424 3172 5493 ipsi
3221 5436 3327 5476 non
3376 5419 3675 5475 dormitare

2087 5527 2309 5589 debent,
2343 5522 2437 5579 sed
2468 5537 2575 5576 non
2602 5519 2754 5588 juxta
2786 5518 2934 5584 illos,
2962 5515 3055 5588 qui
3082 5515 3192 5585 jam
3229 5514 3551 5584 dignitatem
3582 5526 3676 5566 ευ·-

2088 5634 2185 5689 pra
2244 5624 2473 5673 caeteros
2542 5614 2922 5668 obtinuerunt.
2997 5606 3105 5679 Ipsi
3178 5607 3403 5678 quidem
3470 5603 3670 5659 etenim

2085 5718 2212 5766 sunt
2258 5707 2353 5765 Dei
2408 5705 2599 5770 fortes,
2645 5703 2870 5758 multum
2918 5714 2950 5755 e
2989 5707 3132 5754 terra
3177 5693 3394 5758 elevati,
3443 5691 3671 5757 ideoque

2086 5802 2257 5871 magis
2313 5798 2558 5854 valentes
2616 5797 2681 5850 ad
2742 5791 3110 5851 resistendum
3168 5798 3359 5843 contra
3412 5779 3667 5850 nequitia:
