4090 6416
500 345 603 408 3ῗ)5

1215 350 1637 414 EUSTATHII
1673 349 2440 415 THESSALONICENSIS
2480 355 3054 420 METROPOLITA!

3660 366 3766 429 396

500 468 751 534 spiritus,
802 468 893 538 qui
937 468 1092 525 multi
1146 484 1300 538 sunt,
1339 481 1393 527 et
1442 473 1597 543 juxta
1652 472 1996 529 Psalmistam
2031 474 2063 537 ἐ

2182 475 2417 540 πολλῶν,
2464 477 2760 550 ψαλμικῶς
2791 482 2883 535 καὶ
2949 480 3107 534 τοῦτο
3136 482 3336 551 εἰπεῖν,
3368 484 3465 538 καὶ
3507 484 3569 550 ἐξ
3596 484 3768 556 ὕψους

499 572 563 612 ex
599 558 711 613 alto
744 558 1025 615 dimicant.
1060 561 1166 616 Alii
1194 577 1319 617 vero
1351 563 1605 619 deorsum
1637 566 1815 620 adhuc
1844 566 2080 635 graviter

498 650 842 715 incumbunt,
895 663 951 707 et
990 668 1097 708 non
1148 663 1257 708 tam
1315 657 1383 711 ad
1434 672 1671 728 pugnam
1711 657 1889 714 idonei
1928 667 2079 721 sunt,

499 743 625 797 licet
655 742 897 812 alioquin
926 744 1042 799 zelo
1061 747 1357 802 secundum
1388 746 1579 816 Deum,
1601 758 1655 805 et
1677 749 1757 804 sic
1784 751 1928 806 intus
1956 751 2079 815 igne

498 836 747 891 succensi
778 851 881 891 non
911 838 962 891 in
993 840 1375 907 carbunculos,
1418 856 1518 898 nec
1559 842 1614 898 in
1646 842 2080 914 qualemcunque

492 923 790 992 ﬂammam,
843 931 938 983 sed
991 932 1138 987 velut
1177 933 1233 986 in
1283 931 1519 1005 fulgura,
1551 951 1675 1004 qua
1723 936 2077 1002 multiplicata

495 1020 826 1075 conturbant
878 1022 1131 1079 inimicos
1186 1026 1303 1093 Dei,
1339 1041 1443 1083 non
1496 1029 1653 1097 pauci
1699 1040 1954 1099 superent
1983 1044 2078 1085 eos

493 1112 585 1180 qui
616 1127 842 1182 prorsus
891 1117 1167 1172 tenebrosi
1216 1128 1364 1185 sunt,
1406 1119 1762 1189 adimplentes
1803 1132 1857 1175 et
1887 1122 2078 1177 ordine

494 1202 855 1270 perficientes,
911 1198 1031 1275 qua;
1064 1223 1174 1264 non
1217 1219 1374 1265 erant
1416 1212 1688 1268 ordinata.
1721 1214 1890 1281 Quos,
1925 1222 2076 1282 puto,

494 1297 944 1364 pertimescentes
999 1300 1074 1357 illi
1130 1305 1406 1371 monachi,
1462 1305 1554 1375 qui
1609 1321 1732 1361 sese
1787 1308 1840 1361 in
1895 1306 2073 1376 lignea

492 1388 781 1444 simulacra
802 1392 1098 1447 secundum
1119 1393 1368 1450 virtutem
1388 1412 1544 1451 suam
1568 1407 1881 1465 erexerunt,
1901 1413 2077 1469 neque

493 1477 751 1546 ferentes,
785 1481 927 1552 quod
957 1485 1172 1552 quidem
1224 1487 1327 1558 ipsi
1358 1490 1706 1557 certaverint,
1748 1491 1840 1545 alii
1892 1503 2074 1549 autem

493 1570 745 1627 auferant
788 1576 1006 1642 praemia
1037 1577 1233 1646 (ethoc
1260 1594 1483 1650 prorsus
1517 1596 1732 1638 summo
1756 1582 1925 1655 jure),
1953 1585 2072 1642 sive

492 1662 636 1729 quod
670 1664 739 1719 ab
769 1665 899 1734 ipsis
926 1679 1202 1724 armatura
1239 1671 1461 1740 spiritus
1513 1673 1791 1743 paululum
1822 1675 2020 1745 rejecta
2052 1714 2072 1743 ,

493 1752 569 1806 illi
620 1766 740 1807 eam
789 1756 843 1809 in
893 1769 1277 1814 ornamentum
1334 1768 1389 1817 et
1437 1764 1900 1834 propugnaculum
1952 1766 2072 1821 vice

491 1856 589 1896 sua
640 1844 951 1913 induerint,
1002 1848 1260 1908 labuntur
1312 1857 1365 1910 in
1421 1855 1793 1928 hypocrisim;
1844 1865 1901 1914 et
1953 1860 2069 1926 illa,

490 1939 747 2003 tanquam
800 1936 905 1993 levi
957 1943 1188 2010 quadam
1241 1958 1520 2004 armatura
1579 1950 1954 2007 sanctificante
2001 1953 2069 2008 ad

489 2024 766 2085 latendum
821 2032 1146 2090 circumdati
1206 2038 1570 2109 simpliciores
1622 2043 1938 2112 decipiunt,
2000 2060 2069 2103 eo

488 2115 633 2183 quod
662 2117 715 2173 in
742 2122 910 2179 armis
935 2124 1199 2182 adversus
1227 2128 1503 2188 daemones
1552 2133 1803 2192 inimicos
1860 2144 2072 2195 stantes

487 2207 554 2259 ad
581 2206 875 2276 fugandum
911 2212 1053 2280 illos,
1094 2215 1285 2286 fugant
1314 2220 1595 2287 virtutem,
1622 2233 1679 2277 ct
1712 2225 1857 2280 illam
1903 2237 2069 2283 totam

487 2310 518 2349 e
548 2298 676 2353 sede
704 2312 939 2370 movent,
1002 2307 1159 2375 quasi
1204 2311 1405 2365 reversi
1452 2312 1563 2368 sint
1611 2314 1665 2368 in
1728 2315 1871 2372 hanc
1926 2326 2069 2375 vete-

489 2401 602 2441 rem
667 2390 1111 2465 primitivamque
1150 2397 1424 2469 formam,
1477 2418 1574 2472 per
1617 2419 1780 2475 quam
1830 2408 1976 2466 velut
2015 2411 2069 2467 in

487 2478 737 2544 paradiso
767 2493 1171 2552 conversantes,
1212 2488 1466 2547 intentati
1507 2494 1575 2548 ab
1603 2495 1921 2555 insidiatore
1972 2502 2071 2559 ho-

487 2569 696 2624 minum
730 2571 975 2631 daemone
1003 2580 1292 2635 evaserint.

554 2752 647 2808 27.
680 2755 907 2817 Videres
935 2761 1098 2833 igitur
1123 2765 1243 2822 illos
1274 2785 1376 2826 non
1403 2773 1593 2844 quales
1632 2787 1786 2843 sunt,
1818 2783 2068 2853 decipere

486 2846 785 2911 quemlibet
813 2851 1115 2922 hominem,
1149 2866 1292 2915 totos
1315 2877 1341 2915 a
1368 2866 1596 2933 pedibus
1620 2868 1687 2924 ad
1712 2884 1874 2944 caput
1898 2846 2069 2945 usque

485 2934 663 2989 ﬁctos.
693 2936 806 2992 Non
834 2943 1008 2998 solum
1039 2947 1183 3003 enim
1211 2954 1369 3009 nudis
1401 2971 1579 3027 neque
1604 2934 1797 3018 lavatis
1819 2934 2063 3037 pedibus,

482 3029 841 3102 sordibusque
870 3036 1103 3112 desuper
1132 3057 1303 3112 usque
1343 3046 1605 3107 deorsum
1633 3058 1823 3124 repleti
1854 3061 2061 3118 circum

2188 567 2603 636 πολεμούντωνο
2650 571 2695 623 οί
2727 571 2781 624 δὲ
2809 572 2965 625 ἄλλοι
2999 572 3151 627 κάτω
3199 575 3281 628 ἔτι
3315 576 3640 647 βαροῦνται,
3671 583 3769 636 καὶ

2182 655 2284 708 οὐκ
2308 657 2367 719 ἐς
2390 658 2649 711 τοσοῦτόν
2685 661 2823 711 εἰσιν
2849 661 3163 734 ἀξιόμαχοι,
3189 664 3293 719 κᾶν
3317 666 3493 731 ἄλλως
3520 672 3600 740 τῷ
3621 673 3767 728 κατά

2181 745 2318 799 Θεὸν
2348 746 2497 818 ζήλῳ
2551 753 2646 803 καὶ
2685 750 2764 822 τῷ
2812 751 2989 816 οὕτως
3020 756 3303 828 ὲνδομύχῳ
3348 761 3487 830 πυρὶ
3517 762 3760 818 ἀναπτό-

2184 852 2357 907 μενοι,
2389 839 2489 891 οὐκ
2517 840 2596 898 είς
2623 842 2931 911 ἄνθρακας,
2962 845 3085 898 οὐδὲ
3118 847 3198 910 εἰς
3236 849 3411 918 φλόγα
3439 851 3540 922 τὴν
3569 854 3762 923 τυχοῦ-

2182 947 2304 995 σαν,
2367 931 2482 985 ἀλλ’
2511 932 2586 998 ὡς
2624 936 2705 997 εἰς
2759 937 3071 1009 ἀστραπὰς,
3112 939 3168 993 αἶ
3216 943 3624 1013 πληθυνόμεναι
3659 965 3762 1002 ταας

2183 1023 2449 1092 ράσσουσι
2479 1026 2607 1088 τοὺς
2638 1026 2871 1098 ἐχθροὺς
2899 1029 2994 1082 τοῦ
3024 1030 3186 1097 Θεοῦ,
3240 1032 3760 1103 ύπεραναϐαίνωσιν

2179 1120 2281 1172 οὐκ
2310 1119 2481 1188 ὀλίγοι
2506 1121 2631 1185 τοὺς
2654 1122 2835 1176 διόλου
2864 1126 3283 1197 μελαμφόρους,
3314 1130 3637 1193 ἐξανύοντες
3661 1133 3775 1188 καῖ

2180 1213 2602 1281 κατορθοῦντες,
2631 1212 2667 1266 ἃ
2700 1213 2777 1285 μὴ
2803 1215 3086 1281 ἐτάξαντο,
3125 1216 3232 1280 Οὓς
3262 1215 3418 1288 οἶμαι
3464 1226 3558 1274 καὶ
3590 1224 3761 1277 δεδιό-

2178 1317 2293 1365 τες,
2349 1303 2469 1355 ὅσοι
2532 1302 2641 1355 τῶν
2695 1304 3043 1373 μοναξόντων
3077 1306 3159 1368 είς
3221 1306 3464 1374 ὑπόξυλα
3528 1312 3760 1377 ἑαυτοὺς

2180 1395 2477 1465 ἀγάλματα
2501 1395 2623 1449 κατ’
2652 1397 2856 1467 ἀρετὴν
2887 1398 3298 1469 ἀνεστήλωσαν,
3324 1402 3419 1452 καὶ
3455 1401 3530 1472 μὴ
3561 1405 3758 1473 φέρον-

2176 1502 2307 1552 τες,
2372 1489 2532 1558 εῐπερ
2588 1488 2745 1543 αὐτοὶ
2809 1491 2907 1559 μὲν
2973 1490 3447 1559 ἐστρατεύσαντο,
3499 1494 3648 1548 ἄλλοι
3699 1496 3757 1550 δὲ

2178 1580 2571 1650 ἀποφέρωνται
2628 1581 2698 1634 τὰ
2757 1581 2968 1637 ἔπαθλα
3006 1583 3123 1653 (καὶ
3148 1585 3283 1638 αὐτὸ
3333 1587 3551 1649 πάντως
3589 1587 3756 1659 ὀρθό-

2176 1668 2359 1740 τατα),
2389 1669 2526 1736 εἴτε,
2563 1669 2748 1725 αὐτῶν
2774 1672 3207 1744 ἀποῤῥιψάντων
3235 1676 3435 1747 μικροῦ
3466 1677 3567 1748 τὴν
3617 1696 3757 1732 παν-

2179 1764 2378 1818 οπλίαν
2406 1763 2503 1819 τοῦ
2532 1764 2872 1836 πνεύματος,
2902 1769 3103 1822 ἐκεῖνοι
3130 1769 3300 1841 αὐτὴν
3333 1770 3757 1825 ἀντενεδύσαντο

2174 1856 2255 1919 είς
2286 1874 2347 1910 τε
2381 1857 2735 1930 εὐπρέπειαν¹
2779 1860 2874 1912 καὶ
2929 1861 3008 1922 είς
3045 1860 3335 1932 ὀχύρωμα,
3390 1863 3754 1933 ἐκτρέπονται

2170 1949 2251 2011 εἰς
2278 1948 2572 2019 ὑπόκρισιν
2596 1963 2612 1979 ⁸
2645 1950 2741 2005 καὶ
2782 1952 3203 2020 περιϐαλόμενοι
3258 1953 3468 2023 ταύτην
3518 1956 3598 2016 εἰς
3630 1954 3755 2007 ἐπί-

2172 2038 2375 2110 κρυψιν
2409 2040 2485 2104 ὡς
2517 2038 2607 2096 οἷά
2631 2059 2684 2094 τι
2711 2043 2953 2113 ἐλαφρὸν
2995 2044 3277 2110 ἀγιοποιὸν
3307 2045 3493 2111 ὅπλον,
3522 2045 3751 2116 φενακί-

2174 2130 2329 2196 ζουσι
2378 2132 2508 2195 τοὺς
2539 2132 2973 2206 ἁπλουστέρους,
3001 2135 3087 2189 ὅτι
3118 2136 3334 2189 ἔνοπλοι
3369 2138 3480 2202 τοῖς
3535 2138 3754 2207 ἐχθροῖς

2171 2222 2423 2295 δαίμοσιν
2452 2225 2996 2300 ἁντικαθιστάμενοι,
3028 2229 3123 2282 καὶ
3152 2228 3328 2291 οὕτως
3350 2230 3752 2296 ἀποσοῆοῦντες

2173 2315 2442 2381 ἐκείνους,
2481 2317 2824 2373 ἀποσοὸοὖσι
2854 2319 2956 2391 τὴν
2986 2320 3218 2390 ἀρετὴν,
3262 2322 3357 2374 καὶ
3392 2323 3578 2376 πᾶσαν
3608 2324 3753 2377 ὲκεί-

2170 2424 2271 2477 νην
2296 2408 2713 2477 είσοικίξονται,
2751 2410 2827 2475 ὡς
2882 2412 2933 2465 εί
2994 2413 3092 2466 καὶ
3126 2412 3455 2483 ἀνέκαμψαν
3494 2415 3575 2477 εἰς
3611 2429 3752 2485 πρε-

2174 2499 2416 2571 σϐυγενῆ
2447 2501 2749 2573 ἀρχέγονον
2782 2501 3006 2569 πλάσιν,
3034 2503 3105 2558 δι’
3136 2497 3205 2577 ἧς
3232 2500 3321 2559 οἶα
3347 2507 3439 2559 καὶ
3469 2506 3526 2558 ἐν
3572 2522 3753 2576 παρα-

2169 2592 2332 2665 δείσῳ
2367 2593 2740 2669 διαιτώμενοι,
2803 2598 3151 2672 ἀνενόχλητοι
3206 2598 3284 2669 τῷ
3313 2598 3589 2670 ἐπιϐούλῳ
3638 2599 3751 2653 τῶν

2171 2687 2476 2758 ἀνθρώπων
2510 2689 2726 2762 δαίμονι
2751 2691 3113 2764 ὲκϐεϐήκασι.

2243 2778 2349 2845 κζ’.
2386 2781 2498 2835 Καὶ
2554 2782 2687 2847 ίδοις
2723 2783 2789 2839 ἂν
2820 2784 3015 2848 αὐτοὺς
3045 2784 3146 2838 οὐκ
3172 2783 3238 2839 ἂν
3276 2783 3352 2855 μὴ
3380 2783 3529 2845 οἴους
3562 2799 3621 2835 τε
3668 2781 3749 2835 δν-

2167 2886 2290 2937 τας,
2342 2870 2627 2941 ἀπατῆσαι
2683 2872 2863 2928 πάντα
2930 2873 3259 2947 ἄνθρωπον,
3321 2875 3741 2944 πεπλασμένους

2168 2961 2326 3026 ὅλους
2361 2963 2426 3017 ἐκ
2452 2952 2628 3018 ποδῶν
2656 2964 2762 3029 ἕως
2793 2965 3062 3036 κεφαλῆς.
3096 2967 3173 3020 Οὐ
3220 2969 3383 3037 μόνον
3414 2968 3524 3038 γὰρ
3555 2967 3749 3034 eum,

2168 3053 2255 3119 δες
2297 3053 2511 3125 νήλιποι
2544 3058 2638 3109 καὶ
2663 3059 3026 3123 ἀνιπτόποδες
3069 3060 3480 3131 περιέρχονται,
3513 3060 3610 3112 καὶ
3649 3060 3746 3130 ῥύ-

482 3120 782 3184 amhulant,
811 3127 906 3180 sed
931 3127 1098 3185 etiam
1126 3133 1389 3203 reliquam
1424 3140 1567 3195 circa
1596 3120 1760 3213 pedes
1788 3159 1904 3204 arte
1933 3165 2063 3205 con-

2170 3160 2274 3198 που
2334 3120 2602 3218 χέμοντες
2655 3150 2763 3203 ἀπὸ
2794 3120 3020 3204 ἄνωθεν-
3053 3120 3158 3215 ἕως
3188 3120 3617 3218 κατωθενξάλλὰ
3646 3120 3747 3206 καὶ

481 3214 676 3269 licium
702 3218 1071 3287 fmdationem,
1101 3229 1311 3297 qualem
1333 3247 1495 3290 nemo
1516 3238 1800 3296 mirabitur
1815 3252 1898 3300 est
1919 3245 2063 3317 ipsos

482 3399 646 3454 semel
678 3411 1008 3462 statuerunt.
1034 3407 1462 3472 Gesticulantem
1481 3434 1740 3491 usurpant
1762 3426 2059 3498 incessum,

479 3491 694 3558 qualem
748 3494 1098 3553 formicarum
1154 3517 1304 3560 more
1359 3507 1619 3566 incurvus
1661 3518 2061 3582 prazsel'ertse-

482 3597 621 3648 nex,
656 3585 734 3637 sic
758 3587 916 3641 tidem
944 3588 1241 3660 facientes,
1297 3609 1357 3651 se
1407 3602 1638 3657 naturali
1688 3606 1873 3676 vigore
1922 3611 2059 3667 solvi

480 3691 578 3742 per
614 3678 1019 3751 abstinentiam,
1069 3695 1123 3741 et
1173 3693 1564 3761 propemodum
1617 3701 1881 3772 attingere
1911 3721 2059 3762 mor-

483 3777 613 3823 tem.
674 3770 929 3828 Attamen
981 3776 1071 3832 hic
1121 3794 1317 3838 manus
1378 3784 1480 3842 alia
1533 3770 1817 3849 testantur.
1872 3794 2062 3854 Nutri-

486 3860 684 3915 mentis
711 3863 853 3917 enim
884 3867 1025 3922 ultra
1046 3872 1348 3929 satietatem
1381 3884 1670 3949 tumentes,
1685 3897 1875 3943 contra
1893 3890 1975 3946 sic
2001 3906 2061 3949 se

480 3950 778 4019 iactantem
828 3954 1144 4026 loquuntur.
1194 3964 1289 4019 Illa
1322 3983 1451 4024 vero
1502 3986 1624 4042 qua:
1669 3974 1812 4035 facie
1840 3994 2054 4051 parent,

486 4042 600 4109 ipsa
655 4044 925 4103 differenti
991 4055 1148 4109 turba
1211 4060 1480 4116 mendacii
1532 4052 1745 4124 mutata"
1787 4072 2057 4134 videnlur.

484 4130 697 4187 Etenim
747 4136 911 4194 barba
965 4144 1051 4198 vel
1104 4146 1301 4204 inculta
1349 4169 1575 4212 manens
1622 4158 1807 4218 horret
1839 4178 2059 4237 propter

459 4226 819 4285 abstinentiae
871 4235 1059 4291 sordes
1111 4247 1167 4293 et
1221 4241 1518 4301 deformem
1578 4253 1772 4309 exinde
1836 4226 2061 4315 concre-

483 4321 709 4386 tionem,
745 4322 828 4377 vel
865 4325 934 4381 ad
986 4338 1235 4386 ornatum
1270 4347 1508 4405 compta,
1551 4344 1871 4409 pendentem
1909 4350 2057 4407 illinc

458 4412 584 4468 “fert
622 4415 838 4473 virtutis
874 4424 1445 4495 comprehensionem,
1484 4443 1700 4503 tegente
1741 4454 1861 4495 eam
1894 4457 2053 4512 supc-

2169 3233 2363 3308 λοιπὴν
2398 3238 2645 3293 κάκωσιν
2676 3241 2976 3310 τεχνῶνται
3007 3242 3136 3313 περὶ
3163 3244 3289 3305 τοὺς
3321 3242 3507 3306 πόδας,
3549 3241 3744 3295 ὁποίαν

2170 3325 2320 3390 είκδς
2373 3330 2747 3399 περινοεῖοθαι
2813 3332 3424 3403 αὐτοὺς,κυρὼσαντας
3483 3334 3744 3401 καθάπαξ

2169 3418 2536 3492 παραλλαγὴν
2561 3423 2656 3476 τοῦ
2681 3422 2826 3477 θείου
2851 3424 3189 3495 πλάσματος.
3226 3426 3480 3498 Βάδισμα
3503 3427 3559 3481 δὲ
3586 3446 3745 3498 nep:-

2170 3512 2454 3568 ποιοῦνται
2487 3517 2904 3585 μορφαστικῶς,
2934 3518 3120 3572 ὁποῖον
3152 3520 3521 3590 μυρμηκίζων
3541 3539 3743 3592 τροχα-

2168 3601 2258 3665 λδς
2320 3604 2522 3674 πάσχοι
2580 3606 2647 3660 ἂν
2705 3607 2906 3677 γέρων,
2963 3606 3204 3677 ἔμφασιν
3230 3609 3373 3664 οὕτω
3406 3612 3739 3682 πέμποντες,

2168 3694 2579 3763 παραλελύσθαι
2600 3698 2699 3768 τῆς
2726 3699 2871 3753 κατά
2918 3701 3080 3770 φύσιν
3108 3698 3393 3766 τονώσεως
3441 3707 3508 3773 τῇ
3540 3705 3744 3773 ἐγκρα-

2167 3786 2311 3856 τείᾳ,
2339 3788 2433 3841 καὶ
2462 3789 2804 3860 παρασχεδὸν
2830 3791 2991 3863 ἥκειν
3036 3791 3136 3846 τοῦ
3188 3793 3581 3865 νενεκρῶσθαι.
3630 3796 3744 3850 Καὶ

2169 3881 2276 3952 μὴν
2306 3882 2364 3935 al
2396 3882 2579 3953 χεῖρες
2607 3883 2846 3940 ἐνταῦθά
2873 3903 2938 3954 γε
2968 3886 3105 3943 ἄλλα
3155 3888 3519 3961 μαρτυροῦσι.
3559 3890 3739 3958 “atpo-

2167 3976 2402 4045 σημέναι
2435 3977 2546 4047 γὰρ
2575 3978 2699 4037 ταῖς
2725 3978 2806 4042 είς
2854 3977 3021 4046 κόρον
3069 3983 3321 4053 τροφαῖς,
3372 3983 3737 4051 ἀντιφωνοῦσι

2163 4066 2241 4135 τῷ
2271 4065 2447 4130 οὕτως
2477 4066 2764 4138 ἀρετῶντι.
2793 4067 2875 4122 Τὰ
2906 4068 3012 4140 μέν
3046 4086 3128 4122 τοι
3159 4072 3288 4142 περὶ
3321 4072 3383 4125 τὸ
3419 4074 3736 4143 πρόσωπον,

2165 4160 2280 4215 ἀλλ’
2311 4161 2455 4215 αὐτὰ
2483 4162 2704 4234 έτεροίᾳ
2759 4163 2939 4234 τύρϐῃ
2993 4163 3226 4234 ψεύδους
3288 4166 3638 4235 ἐμφαίνεται.
3679 4168 3737 4219 ’0

2166 4253 2267 4321 μὲν
2292 4253 2399 4323 γὰρ
2431 4252 2634 4320 πώγων
2674 4254 2706 4325 ἢ
2745 4255 3127 4326 ἀμελούμενος
3161 4256 3578 4327 δυσπρόσοπτός
3618 4257 3737 4310 ἐστι

2161 4345 2250 4399 διά
2284 4346 2384 4418 τὴν
2405 4346 2847 4418 ὲγκρατευτικὴν
2877 4348 3127 4420 ρύπωσιν
3157 4349 3253 4403 καὶ
3277 4348 3376 4417 τὴν
3414 4347 3627 4401 ἐκεῖθεν
3653 4349 3739 4401 εί-

2162 4436 2328 4507 δεχθῆ
2354 4437 2595 4507 πίλησιν,
2628 4439 2660 4510 ἢ
2687 4438 3071 4508 κτενιζόμενος
3099 4442 3180 4504 είς
3201 4440 3562 4512 εὐπρέπειαν,
3588 4442 3737 4495 ἐκεῖ·

478 4505 641 4562 rioris
688 4508 821 4566 labri
870 4511 1191 4587 lanuginoso
1242 4517 1400 4588 ﬂore,
1449 4525 1614 4581 veluti
1678 4539 1822 4585 tecto
1858 4534 2051 4603 piloso.

2169 4505 2255 4580 θεν
2280 4505 2701 4600 ἐκκρεμάμενον
2729 4529 2889 4600 φέρει
2910 4505 2984 4583 ⁷τὸ
3016 4533 3124 4584 πᾶν
3147 4531 3248 4601 τῆς
3283 4505 3508 4603 ἀρετῆς,
3536 4505 3740 4600 στεγά-

478 4596 535 4653 Si
568 4613 697 4655 vero
737 4601 879 4661 forte
912 4610 1191 4677 superiora
1231 4617 1506 4683 quomodo
1557 4635 1749 4678 manus
1790 4626 1856 4681 ad
1886 4642 2053 4684 orna-

476 4705 718 4751 mentum
766 4703 1048 4770 enutrivit,
1096 4714 1153 4760 at
1200 4709 1365 4763 etiam
1413 4712 1576 4769 habet
1622 4718 1690 4771 ad
1727 4719 1817 4775 illa
1872 4735 2052 4781 asceta

473 4782 828 4842 artificiosum
878 4789 1217 4864 fucum,qua
1265 4799 1497 4858 diversis
1543 4805 1713 4862 modis
1761 4808 2056 4872 immutans

472 4887 535 4930 se
553 4876 847 4939 coloratur.
879 4880 1035 4940 Oculi
1067 4901 1198 4943 vero
1224 4890 1509 4958 pulchrum
1534 4899 1728 4955 anima:
1751 4908 2050 4974 speculum,

472 4969 720 5035 corporis
756 4970 997 5040 lucerna,
1035 4977 1114 5032 sol
1149 4979 1199 5034 in
1239 4981 1475 5040 humano
1510 4987 1652 5044 caelo
1679 4989 1887 5062 lucens,
1925 5012 2052 5052 sen-

472 5058 647 5113 sibilis
680 5060 904 5118 luminis
950 5065 1005 5120 in
1042 5071 1196 5126 nobis
1225 5082 1415 5141 porta,
1451 5078 1629 5135 vultus
1663 5095 2046 5142 ornamentum

471 5147 636 5201 etiam
688 5150 790 5218 ipsi
856 5154 1159 5213 redduntur
1208 5164 1427 5221 inutiles
1485 5167 1802 5241 hypocritze,
1840 5178 2048 5233 vultum

472 5254 781 5308 importune
844 5260 1323 5315 praemonstrantes
1376 5260 1581 5317 iratum
1646 5273 1700 5320 et
1758 5269 2044 5337 tetricum,

476 5332 829 5398 reprimentes
860 5339 1209 5412 hilaritatem,
1248 5359 1297 5403 et
1333 5353 1415 5405 sic
1444 5354 1710 5421 nebulosi,
1745 5375 1849 5415 non
1880 5363 2050 5419 visio-

472 5421 558 5517 nis
606 5426 786 5517 radios
828 5430 1250 5496 disseminantes
1300 5443 1367 5498 ad
1425 5446 1625 5517 ubique
1673 5451 1962 5508 videndum
1998 5466 2052 5509 et

471 5510 799 5572 brevissimo
845 5526 1090 5592 tempore
1139 5540 1258 5596 quae
1288 5541 1415 5586 sunt
1446 5548 1662 5592 sursum
1711 5549 1767 5595 et
1793 5541 2049 5598 deorsum

472 5611 527 5654 et
558 5603 785 5672 circum,
816 5610 1058 5672 divinius
1089 5624 1559 5697 conspiciendum,
1592 5640 1644 5686 et
1678 5633 1751 5689 ita
1788 5634 2048 5692 visionem

601 5788 750 5843 Psal.
782 5804 903 5861 ιιιι,
927 5792 987 5849 5.

2163 4620 2350 4684 ζοντος
2377 4620 2547 4689 αὐτὴν
2585 4621 2802 4689 σεμνῶς
2829 4619 2927 4675 τοῦ
2956 4623 3099 4677 κατά
3151 4622 3245 4677 τὸν
3300 4622 3559 4694 μύστακα
3589 4625 3742 4678 πάπ-

2162 4727 2291 4777 που,
2325 4705 2412 4763 οἷα
2442 4712 2539 4765 καὶ
2570 4712 2772 4782 ὀρόφου
2811 4711 3168 4784 λαχνήεντος.
3213 4715 3296 4768 Τὰ
3334 4714 3391 4767 δὲ
3422 4713 3661 4784 ὕπερθεν
3689 4714 3747 4768 εῐ

2161 4821 2268 4857 που
2295 4804 2392 4859 καὶ
2421 4804 2560 4858 αὐτά
2589 4804 2732 4858 κατά
2760 4804 2859 4867 τὰς
2896 4806 3086 4876 χεῖρας
3112 4805 3380 4875 τέτροφεν
3429 4807 3512 4869 εἰς
3539 4805 3743 4874 ὡραϊσ-

2165 4897 2287 4967 μὸν,
2310 4895 2427 4951 ἀλλ’
2459 4896 2573 4969 ἔχει
2599 4896 2693 4949 καὶ
2723 4896 2867 4949 κατὰ
2890 4896 3098 4950 τούτων
3129 4897 3157 4949 ὁ
3195 4896 3443 4968 ἀσκητὴς
3471 4897 3740 4969 τεχνητὸν

2161 4986 2362 5060 ὧχρον,
2394 4988 2461 5041 δι’
2495 4981 2558 5042 οὗ
2588 4987 2887 5050 πολυειδῶς
2911 4988 3106 5046 ἑαυτὸν
3134 4989 3415 5057 ἀφανίζων
3440 4988 3735 5057 βέϐαπται.

2162 5083 2227 5135 Οί
2286 5080 2343 5133 δὲ
2400 5080 2698 5150 ὀφθαλμοὶ,
2733 5080 2793 5133 τὸ
2849 5080 3016 5133 καλὸν
3046 5079 3149 5146 τῆς
3177 5080 3358 5151 ψυχῆς
3388 5080 3671 5149 ἔνοπτρον,
3709 5082 3739 5134 ὁ

2160 5170 2357 5242 λύχνος
2391 5172 2487 5224 τοῦ
2524 5171 2798 5241 σώματος,
2829 5172 2856 5223 ὁ
2878 5170 2935 5223 ὲν
2954 5171 3033 5242 τῷ
3056 5171 3179 5225 κατ’
3200 5170 3490 5242 ἄνθρωπον
3518 5170 3738 5243 ούρανῷ

2157 5267 2330 5338 ἥλιος,
2366 5265 2538 5321 αἰτοῦ
2569 5264 2692 5319 κατ’
2720 5264 2973 5336 αἴσθησιν
2998 5267 3057 5319 ὲν
3089 5266 3225 5336 ἡμῖν
3256 5265 3435 5333 φωτὸς
3478 5262 3675 5330 πύλαι,
3707 5263 3738 5316 ὁ

2158 5360 2253 5414 τοῦ
2283 5357 2575 5429 προσώπου
2608 5358 2833 5428 κόσμος,
2877 5357 3017 5413 ἀλλὰ
3057 5359 3152 5411 καὶ
3193 5358 3348 5412 αὐτοὶ
3382 5356 3738 5428 ἀχρειοῦνται

2158 5452 2235 5523 τῷ
2277 5454 2572 5525 ὑποκριτῇ,
2627 5452 2950 5524 κνυζόμενοι
3007 5451 3226 5523 ἀκαίρῳ
3281 5450 3733 5521 σκυθρωπότητι,

2162 5532 2542 5609 συστέλλοντες
2563 5546 2624 5600 τὸ
2648 5546 2831 5617 ἱλαρὸν
2856 5546 2950 5601 καὶ
2980 5545 3124 5601 οὕτω
3145 5543 3489 5615 νεφούμενοι,
3520 5543 3581 5596 οὑ
3611 5561 3740 5597 σχει-

2158 5637 2446 5702 δαννύντες
2474 5638 2574 5703 τὰς
2605 5637 2837 5704 causa;
2865 5638 3114 5705 ἀκτῖνας,
3144 5636 3221 5701 ὡς
3255 5633 3534 5707 πανταχοῦ
3562 5633 3733 5705 θέειν,
