4090 6438
442 378 546 446 397

1752 382 1852 446 DE
1890 382 2446 460 SIMULATIONE,

3613 386 3719 453 398

444 498 540 553 acati.
586 496 788 568 ἀκαρεῖ
847 495 1026 570 χρόνῳ
1086 494 1198 553 τῶν
1251 495 1366 553 ἄνω
1415 497 1512 552 καὶ
1544 497 1696 553 κάτω
1722 498 1833 569 ικαὶ
1864 501 2025 570 πέριξ

2138 514 2238 555 non
2290 498 2630 569 fallendum;
2688 499 2783 556 sed
2843 500 2911 557 ad
2964 499 3136 561 solam
3192 509 3389 556 terram
3445 515 3540 559 eos
3586 504 3722 575 deji-

439 588 768 661 δράττεσθαι
798 588 1099 659 θειότερον,
1128 589 1226 642 καὶ
1255 588 1400 643 οὕτω
1424 589 1525 658 τὴν
1554 590 1684 644 θέαν
1715 590 1790 662 μὴ
1828 592 2022 662 ψεύδε-

2134 590 2367 657 cientes,
2398 590 2465 647 ad
2493 592 2661 648 invite
2693 591 3110 648 monstrandum
3146 591 3490 661 solummodo
3522 602 3721 648 terram

441 680 597 734 σθαι·
662 680 799 733 ἀλλὰ
843 680 985 735 κατὰ
1013 680 1118 749 γῆς
1167 680 1337 751 μόνης
1389 681 1562 744 αὐτὰς
1616 681 1907 752 βάλλοντες
1941 684 2022 747 εἰς

2138 695 2252 736 esse
2297 695 2459 750 quam
2517 682 2606 737 illa
2665 683 2921 737 deorsum
2974 681 3198 751 respicit
3245 681 3408 736 visio.
3467 679 3723 737 Attamen

441 771 669 838 ἔνδειξιν
705 772 975 831 ἀκουσίαν
997 772 1091 827 τοῦ
1127 773 1300 844 μόνην
1328 772 1434 844 γῆν
1479 767 1622 828 εἶναι
1653 774 1714 829 τὸ
1750 774 1894 830 οὕτω
1926 793 2026 830 κα-

2126 772 2428 834 coelicolam
2473 788 2701 844 prorsus
2754 772 3098 844 perfectum,
3153 775 3442 845 oportebat
3505 773 3726 844 symbo-

442 864 520 919 τὼ
539 864 762 935 βλέπον.
785 865 897 919 Καὶ
921 865 1028 937 μὴν
1056 867 1243 938 ἐχρῆν,
1267 868 1687 939 οὐρανοϐάμονα
1718 868 2026 939 ταξάμενον

2138 859 2231 915 lice
2264 875 2481 917 sursum
2529 861 2705 929 tueri,
2755 863 2943 933 sicque
2991 861 3171 919 levare
3213 864 3400 925 oculos
3461 863 3530 919 ad
3572 877 3726 917 mon-

444 954 583 1014 εἶναι
610 959 725 1014 ἄνω
764 958 990 1030 βλέπειν
1059 959 1433 1030 συμϐολικῶς.
1488 961 1584 1015 καὶ
1622 960 1795 1025 οὕτως
1845 961 2025 1033 αίρειν

441 1051 760 1121 ὀφθαλμοὺς
795 1052 874 1109 ei:
909 1050 1034 1124 ὅρη,
1062 1051 1190 1107 ὅθεν
1235 1052 1664 1126 καταπέμπεται
1694 1057 1806 1118 τοῖς
1846 1052 2024 1127 ὀρθῶς

440 1142 845 1197 ἀναϐλέπουσιν
868 1145 900 1214 ἡ
947 1142 1194 1215 βοήθεια.
1492 1216 1495 1219 _

510 1241 617 1306 κη’.
655 1232 769 1288 Ούκ
796 1233 989 1305 ἀφίησι
1014 1234 1070 1289 δὲ
1109 1239 1137 1289 ό
1163 1235 1405 1301 τοιοῦτος
1461 1235 1671 1293 οὐδὲτὸ
1734 1234 1909 1306 στόμα
1964 1231 2025 1291 εὖ

441 1326 585 1398 ἔχειν
610 1327 703 1380 τοῦ
730 1331 867 1381 κατὰ
899 1326 1059 1397 φύσιν
1086 1328 1348 1399 ἐνεργεῖν,
1385 1328 1520 1383 ἀλλὰ
1543 1330 1846 1400 παραποιεῖ
1870 1327 2025 1390 αὐτὸ,

440 1421 510 1474 τὰ
539 1419 708 1473 πολλὰ
741 1418 841 1490 μὲν
891 1418 1112 1485 σιωπῶν
1142 1419 1285 1474 κατὰ
1313 1419 1433 1492 τὴν,
1463 1419 1541 1484 ὡς
1574 1420 1641 1476 ἄν
1677 1436 1761 1489 τις
1785 1420 2027 1489 πυθαγοο

444 1514 611 1583 ρίξων
642 1513 809 1577 εἴποι,
870 1511 1156 1583 ὲκσίγησι)
1175 1528 1192 1545 ο
1223 1513 1313 1567 ὅτε
1341 1512 1399 1567 δὲ
1439 1513 1535 1569 καὶ
1567 1513 1902 1584 φθέγξασθαι
1929 1514 2029 1571 ad.-

438 1606 518 1677 τῷ
556 1606 972 1678 εὐαρεστηθείη,
1006 1601 1340 1679 νυκτερίδων
1393 1607 1550 1682 δίκην
1599 1608 1926 1678 ὑποτρίζων,
1953 1608 2029 1674 ὡς

444 1694 519 1771 μή
590 1698 849 1771 αῖσθησιν
927 1703 1180 1773 ἐμποιεῖν
1247 1718 1355 1756 τινι
1418 1701 1514 1756 τοῦ
1588 1701 1769 1757 λαλεῖν
1804 1718 1821 1736 ο
1856 1701 1906 1756 εί
1970 1702 2029 1758 δὲ

2130 960 2232 1021 tes,
2264 953 2406 1009 unde
2433 953 2583 1009 venit
2620 953 3177 1029 rite'suspicientibus
3213 955 3503 1011 auxilium.

2201 1224 2289 1287 28,
2332 1222 2479 1279 Talis
2507 1235 2687 1279 autem
2716 1238 2818 1279 nec
2847 1239 2907 1279 os
2936 1223 3066 1280 sinit
3087 1225 3242 1295 juxta
3277 1228 3581 1283 naturalem
3611 1228 3721 1284 vim

2131 1330 2314 1386 agere,
2344 1316 2436 1370 sed
2464 1315 2601 1371 illud
2630 1316 2925 1382 adulterat,
2954 1316 3275 1387 plerumque
3303 1318 3525 1387 quidem
3553 1317 3724 1376 silens

2130 1411 2425 1465 scentulum
2495 1410 2656 1474 hanc,
2706 1423 2867 1481 quam
2902 1409 3225 1482 pythagorio
3283 1425 3433 1466 more
3485 1411 3722 1479 dixeris,

2133 1502 2603 1570 taciturnitatem;
2659 1501 2755 1557 sed
2804 1510 2858 1557 et
2903 1517 3025 1556 cum
3067 1516 3261 1558 sonum
3312 1505 3474 1563 edere
3520 1503 3722 1559 bonum

2130 1589 2235 1659 ipsi
2304 1591 2479 1646 visum
2545 1600 2652 1656 cat,
2716 1590 3164 1660 vespertilionutu
3228 1606 3380 1647 more
3436 1590 3725 1647 stridulam

2133 1696 2319 1737 vocem
2345 1681 2626 1745 emitteus,
2660 1680 2733 1736 ita
2763 1690 2821 1735 ut
2849 1693 3066 1737 sensum
3122 1680 3399 1741 sermonis
3427 1680 3589 1737 alicui
3618 1696 3723 1736 non

442 1796 534 1849 καὶ
592 1792 883 1864 διαρθροῦν
950 1794 1059 1848 δέει
1092 1795 1155 1848 τὸ
1208 1795 1642 1867 προφαινόμενον
1693 1795 1901 1868 ἡρέμα,
1930 1796 2030 1852 καὶ

2138 1772 2454 1844 imprimat;
2499 1773 2546 1829 si
2580 1787 2712 1828 vero
2753 1772 3026 1843 prolatum
3070 1772 3467 1844 aliquantulum
3517 1772 3728 1828 articu-

440 1885 560 1941 τότε
592 1884 910 1958 ὑποψοφῶν,
929 1886 1064 1962 ὼςεί
1088 1887 1183 1944 καὶ
1216 1888 1515 1954 εὐλαϐεῖτο,
1545 1888 1619 1962 μὴ
1643 1888 2031 1945 συνεκπνεύσοι

2138 1865 2247 1921 lare
2280 1873 2472 1934 tentat,
2501 1874 2634 1925 tunc
2667 1863 2835 1920 etiam
2870 1864 3327 1929 ‘submurmurat,
3358 1863 3515 1934 quasi
3574 1865 3729 1918 time-

416 1970 537 2040 ’καὶ
564 1979 665 2050 τὴν
692 1978 893 2051 ψυχήν.
923 1980 1189 2049 Ἔνδειξις
1232 1983 1406 2036 ταῦτα
1437 1981 1516 2052 τῷ
1543 1982 1768 2056 τοιούτῳ
1790 1982 2031 2054 ὲναρέτῳ

439 2071 534 2126 τοῦ
575 2072 961 2144 πεπνίχθαιτὰ
990 2072 1139 2134 ὲντὺς
1193 2071 1343 2142 αὐτῷ
1373 2073 1431 2126 ὲν
1486 2073 1672 2147 ἀσιτίᾳ
1719 2073 1817 2128 καὶ
1867 2072 2029 2147 λοιπῇ

437 2165 687 2239 καχεξίᾳ,
719 2167 797 2230 ὡς
827 2166 904 2240 μὴ
928 2167 1082 2221 τόνον
1107 2165 1357 2222 ἐντεῦθεν
1383 2166 1529 2238 ἔχειν
1561 2167 1710 2240 αὐτῷ
1745 2169 1884 2242 μηδὲ
1931 2170 2032 2240 τὴν

438 2255 695 2329 ἐκπνοήν.
724 2257 931 2322 Λαλιᾶς
960 2257 1018 2313 δὲ
1043 2256 1301 2329 τοιαύτης
1333 2259 1514 2322 ὁποῖος
1551 2276 1636 2323 τις
1666 2260 1733 2314 ἂν
1761 2258 1850 2330 εἴη
1880 2257 2027 2324 νοῦς;

439 2347 651 2413 Πλατὺς
678 2348 779 2420 μὲν
805 2349 914 2421 γάρ
943 2366 1062 2415 πως
1103 2350 1171 2417 ἂν
1203 2350 1430 2421 γένηται.
1460 2349 1537 2422 τῷ
1596 2350 1743 2409 οὕτω
1784 2350 2033 2421 δυσλάλῳ

440 2442 532 2496 καὶ
553 2440 619 2496 δι’
643 2442 777 2498 αὐτὸ
816 2444 1276 2516 στενολεσχοῦντι,
1308 2446 1517 2516 γλυκὺς
1571 2447 1628 2503 δὲ
1656 2447 1758 2500 οὐκ
1787 2446 1852 2501 ἂν
1881 2445 2035 2500 οὐδό-

440 2534 549 2598 λως
576 2536 604 2589 δ
629 2535 724 2589 και
760 2521 1149 2606 δυσαισθητοςξ
1179 2536 1463 2607 ἀφέλειαν
1484 2538 1541 2593 δὲ
1573 2539 1771 2612 ἡλίκην
1800 2538 1912 2611 ἔχοι
1942 2539 2030 2608 ἂν,

444 2626 652 2682 εῑσεται
674 2627 702 2680 ό
725 2626 990 2692 ἀκούσας,
1030 2627 1088 2694 ὃς
1116 2628 1191 2699 μὴ
1225 2628 1343 2699 εἵην
1387 2631 1520 2702 ἐγώ.
1572 2634 2031 2706 Πραγματεύεται

441 2720 501 2777 δὲ
532 2720 641 2793 ἄρα
667 2722 726 2776 ἔν
755 2722 966 2787 τούτοις
1004 2724 1032 2778 ό
1057 2719 1480 2794 ψευδάνθρωπος
1505 2726 1603 2786 τὴν
1634 2727 1734 2796 τῆς
1766 2726 2031 2791 ἰδιωτείας

444 2811 764 2885 ὲπίκρυψιν.
803 2813 1087 2884 Ἀγροικοι
1110 2814 1220 2888 γὰρ
1248 2816 1427 2887 πάντη
1446 2817 1667 2881 πάντως
1698 2818 1747 2871 οῖ
1778 2816 2029 2885 τοιοῦτοι,

443 2906 965 2977 πραγματευόμενοι
999 2906 1061 2960 τὸ
1084 2907 1305 2978 σιγηλὸν
1349 2906 1445 2961 καὶ
1472 2908 1531 2961 τὸ
1556 2907 2028 2981 όλιγορῤημονεῖν,

440 2995 532 3065 διὰ
555 2997 617 3051 τὸ
639 2996 850 3052 ἐκεῖθεν
882 2995 1293 3069 άνεξέλεγκτονο
1324 2998 1401 3064 ὡς
1429 2999 1483 3054 οἵ
1499 3016 1564 3069 γε
1590 3000 1745 3069 σοφοὶ
1778 3000 2029 3073 μοναχοὶ,

446 3090 543 3143 καὶ
572 3090 917 3161 γραμμάτων
955 3090 1259 3163 ἄνθρωποι,
1314 3092 1410 3146 καὶ
1433 3093 1635 3165 ἀρετῆς
1664 3092 1881 3166 ἄνδρες,
1936 3096 2032 3149 καὶ

450 3183 651 3253 μύσται
676 3181 924 3256 χρηστῆς
950 3183 1306 3256 παιδεύσεως,
1356 3186 1459 3257 τήν
1480 3202 1540 3239 τε
1571 3188 1756 3260 φωνὴν
1786 3187 2031 3260 τοροῦσι,

447 3274 777 3347 τρανότερον
810 3274 1122 3344 λαλοῦντες,
1152 3279 1245 3333 καὶ
1273 3277 1334 3334 τὸ
1367 3277 1593 3350 φθέγμα
1650 3279 2031 3348 καλλύνουσιν,

451 3367 659 3434 ἐννοίας
707 3367 1020 3439 ὲμμούσους
1076 3369 1339 3441 ποταμῶν
1387 3370 1546 3441 δίκην
1598 3370 2034 3443 ὲξερευγόμενοι,

456 3453 530 3512 ὧν
561 3458 628 3513 τὰ
653 3459 801 3530 ὁρμή
812 3476 959 3531 ματα
984 3460 1342 3530 εὐφραίνουσι
1376 3460 1562 3526 πόλεις
1609 3462 1745 3517 Θεοῦ
1765 3483 1779 3496 ο
1809 3467 2038 3525 καὶτοῖς

450 3549 746 3622 ὀφθαλμοῖς
804 3551 1107 3622 λάμπουσι,
1134 3553 1226 3606 κα)⁴
1254 3554 1369 3617 τοῖς
1413 3553 1727 3625 προσώποις
1759 3558 1840 3621 είς
1869 3556 2038 3628 ὡραῖ-

450 3645 584 3714 σμδν
616 3645 761 3700 θεῖον
794 3643 1111 3717 ὲρεύθονται
1131 3660 1146 3676 ⁸
1184 3647 1280 3704 καὶ
1311 3646 1389 3717 τῷ
1411 3647 1520 3719 ὅλῳ
1549 3648 1692 3701 κατὰ
1723 3647 1884 3717 φύσιν
1907 3649 2039 3703 ἀνα-

450 3738 691 3808 στήματι
716 3735 776 3790 τὸ
806 3737 951 3792 θεῖον
982 3737 1211 3808 πλάσμα
1257 3736 1746 3808 ὲπαληθιζόμενοι,
1788 3740 1882 3791 καὶ
1911 3739 2037 3802 ταῖς

447 3826 712 3900 πράξεσιν
739 3829 821 3892 είς
857 3828 995 3883 Θεοῦ
1066 3829 1302 3901 μίμησιν
1349 3830 1729 3895 είκονίζονται.
1784 3831 1861 3885 Οὐ
1929 3831 2036 3901 μὴν

447 3923 593 3977 κατὰ
619 3923 747 3987 τοὺς
778 3922 910 3995 παρ’
933 3922 1071 3994 ἡμῖν
1130 3923 1504 3996 ὑποκριτικῶς
1535 3922 1857 3991 τυποῦνται,
1897 3924 1946 3977 οἳ
1977 3924 2037 3978 τὸ

447 4014 841 4087 ἀκατάληπτον
883 4013 1266 4086 μεθοδεύοντες
1322 4018 1719 4087 κομμωτικῶς,
1794 4018 2039 4089 ὑπογρά-

447 4126 612 4180 φουσι
633 4108 734 4181 τὴν
768 4108 1092 4181 ἔμπρακτον
1135 4109 1358 4180 ἀρετὴν,
1409 4111 1457 4162 εί
1483 4110 1579 4164 καὶ⁵
1611 4111 1687 4183 μὴ
1712 4109 1897 4183 ἔχουσι
1952 4112 2036 4166 δι-

445 4204 573 4258 όλου
608 4204 742 4262 αὐτὸ
774 4202 1045 4273 ἐξανύειν,
1073 4202 1156 4257 ὅτι
1189 4201 1329 4275 μηδὲ
1354 4202 1600 4259 δυνατόν.

521 4479 628 4537 κθ’.
658 4475 1042 4540 Πλεονάζουσα
1074 4475 1173 4546 μὲν
1216 4474 1326 4544 γὰρ
1364 4474 1398 4544 ἡ
1432 4472 1624 4545 ἀρετὴ,
1650 4471 1746 4528 καὶ
1778 4490 2039 4546 πραγμα-

2140 1965 2243 2026 ret,
2259 1972 2329 2011 nc
2347 1955 2508 2013 simul
2527 1956 2768 2027 exspiret
2781 1965 3043 2013 mentem.
3061 1954 3387 2025 Haecitaque
3410 1953 3726 2025 hujusmodi

2140 2051 2372 2122 praedito
2405 2051 2608 2105 virtute
2645 2050 2961 2105 testimonio
2998 2050 3146 2106 claro
3182 2060 3310 2105 sunt
3339 2050 3483 2120 quod
3512 2063 3575 2104 ea
3606 2062 3729 2118 quae

2139 2152 2268 2203 Sunt
2316 2146 2464 2201 intus
2518 2142 2620 2214 ipsi
2666 2156 2935 2199 vexantur
2986 2145 3164 2200 inedia
3218 2144 3540 2215 reliquaque
3585 2144 3727 2198 mala

2140 2239 2387 2309 corporis
2422 2237 2754 2302 valetudine,
2809 2246 3070 2309 tanquam
3116 2236 3314 2292 exhinc
3361 2251 3468 2291 non
3502 2234 3728 2291 haberet

2141 2339 2331 2385 tonum
2374 2343 2473 2385 nec
2527 2328 2974 2398 respirationem,
3027 2329 3298 2387 sermonis
3349 2340 3532 2384 autem
3581 2328 3730 2398 ejus-

2142 2422 2283 2481 modi
2314 2421 2489 2493 qualis
2517 2435 2671 2478 mens
2700 2433 2823 2479 esse
2861 2419 3088 2492 posset?
3117 2419 3290 2492 Larga
3329 2420 3547 2491 quidem
3595 2435 3729 2476 sane

2140 2529 2261 2572 esse
2307 2525 2484 2585 potest
2517 2515 2646 2570 huic
2695 2514 2915 2570 diliicile
2947 2515 3189 2585 loquenti
3225 2524 3280 2570 et
3330 2514 3452 2570 ideo
3498 2523 3730 2585 anguste

2138 2608 2298 2676 fanti,
2343 2607 2589 2679 jucunda
2645 2622 2776 2663 vero
2828 2621 2964 2667 sane
3014 2622 3121 2662 non
3172 2614 3358 2678 posset
3388 2607 3577 2662 haberi
3610 2621 3730 2676 quae

2143 2712 2251 2763 tam
2285 2700 2504 2759 diﬂicile
2531 2699 2856 2772 percipitur.
2889 2701 3159 2768 Quantam
3218 2709 3404 2757 autem
3435 2701 3726 2757 utihtatem

2138 2794 2415 2865 proferat,
2452 2793 2669 2850 auditor
2695 2792 2870 2862 sciet,
2915 2793 3007 2863 qui
3051 2805 3152 2863 ego
3196 2808 3302 2849 non
3345 2807 3467 2849 esse
3511 2792 3724 2847 vellem.

2142 2885 2340 2951 Tetttat
2391 2894 2573 2939 autem
2637 2885 2692 2940 in
2745 2884 2866 2940 istis
2924 2885 3090 2940 homo
3142 2881 3313 2939 falsus
3358 2895 3472 2939 sum
3504 2883 3730 2938 rustici-

2141 2979 2270 3033 tatis
2300 2977 2815 3034 dissimulationem.
2856 2965 3040 3031 Rudes
3076 2976 3220 3030 enim
3259 2977 3572 3032 omnimodo
3601 2987 3731 3031 sunt

2130 3066 2473 3142 huiusmodi,
2518 3069 2609 3139 qui
2650 3068 2927 3124 silentium
2966 3069 3371 3141 verborumque
3403 3070 3726 3140 parcitatem

2140 3166 2468 3229 Observant,
2522 3163 2780 3233 quoniam
2857 3160 3053 3217 exinde
3102 3162 3370 3219 confutari
3426 3174 3726 3234 nequeunt.

2061 3229 2105 3290 θ
2138 3257 2310 3329 Βετιε
2339 3256 2488 3312 enim
2525 3229 2780 3311 monaChi
2835 3256 3105 3327 sapientes
3134 3293 3150 3321 ,
3186 3229 3600 3326 litterarumque
3635 3271 3729 3326 pe-

2139 3353 2247 3422 riti,
2266 3357 2478 3407 necnon
2504 3348 2606 3404 viri
2641 3347 2936 3405 virtutibus
2961 3349 3104 3419 pleni
3137 3349 3401 3421 bertasque
3429 3349 3729 3420 disciplina:

2137 3447 2466 3512 initiatores,
2528 3446 2720 3499 vOcem
2783 3441 3065 3510 expoliunt
3125 3441 3274 3497 clare
3331 3442 3616 3512 loquentes
3672 3452 3731 3497 et

2136 3555 2448 3598 sermonem
2485 3539 2758 3593 adornant
2783 3535 3141 3607 cogitationes
3163 3536 3515 3592 harmonicas
3549 3533 3731 3591 ﬂumi-

2139 3647 2265 3686 num
2295 3631 2470 3684 instar
2516 3627 2856 3694 emittentes,
2893 3642 3127 3699 quorum
3181 3627 3417 3699 impetus
3448 3627 3729 3702 laetiﬁcant

2136 3722 2385 3779 civitates
2432 3718 2575 3788 Dei;
2617 3716 2791 3775 oculis
2824 3717 3031 3797 lucent,
3065 3732 3130 3773 ac
3178 3717 3233 3772 in
3269 3719 3510 3773 divinum
3563 3719 3729 3775 decus

2135 3814 2287 3869 vultu
2320 3813 2641 3877 rubescunt,
2679 3819 2792 3865 tota
2823 3809 3059 3863 naturali
3100 3808 3430 3866 celsitudine
3457 3825 3596 3882 opus
3627 3811 3727 3867 Dei

2137 3906 2408 3962 veraciter
2437 3902 2790 3973 annuntiant,
2816 3910 2874 3958 et
2903 3901 3112 3957 actibus
3139 3903 3208 3959 ad
3236 3901 3330 3958 Dei
3364 3901 3726 3960 imitationem

2137 4000 2486 4072 efﬁnguntur.
2559 3998 2835 4053 Atlantem
2879 4011 2986 4053 non
3039 3997 3382 4054 simulatorie
3454 3998 3730 4069 tinguntur

2139 4090 2438 4150 secundum
2492 4090 2614 4146 illos
2658 4090 2752 4160 qui
2800 4099 2930 4145 sunt
2974 4090 3115 4159 apud
3169 4105 3289 4155 nos,
3340 4090 3546 4162 quique
3581 4093 3726 4163 quod

2139 4185 2690 4259 incomprehensibile
2741 4192 2828 4240 est
2865 4183 2933 4239 de
2980 4183 3246 4240 industria
3291 4197 3725 4256 prosequentes,

2137 4279 2410 4334 efﬁcacem
2463 4277 2787 4348 promittunt
2836 4276 3119 4344 virtutem,
3173 4277 3276 4334 etsi
3334 4293 3442 4334 non
3503 4281 3729 4335 omnino

2138 4374 2349 4447 possint
2376 4372 2519 4426 istud
2553 4370 2837 4442 perlicere,
2868 4369 3014 4440 quod
3042 4369 3186 4426 haud
3223 4372 3483 4441 possibile
3508 4383 3613 4429 est.

2206 4466 2301 4522 '29.
2343 4463 2532 4521 Virtus
2580 4463 2727 4520 enim
2759 4479 2880 4533 qua:
2914 4473 3158 4533 praestat,
3208 4474 3259 4520 ct
3298 4480 3426 4520 vere
3474 4467 3727 4535 cperaria

451 4574 677 4644 πιώδης
707 4569 923 4642 άληθῶς
960 4562 1120 4631 οὖσα,
1149 4565 1245 4620 καὶ
1288 4564 1700 4636 σπουδαζομένη
1732 4566 1878 4621 κατὰ
1901 4565 2034 4623 πάν-

2139 4570 2246 4628 est,
2290 4574 2354 4615 ac
2381 4558 2698 4614 omnimode
2748 4559 3016 4622 studiosa,
3056 4557 3131 4612 ita
3168 4568 3225 4611 ut
3255 4572 3351 4625 per
3382 4558 3727 4647 illam_quasi

451 4687 524 4725 τα
548 4666 771 4739 τρόπον,
794 4663 872 4728 ὡς
935 4658 1202 4732 ἄγχεσθαι
1248 4657 1319 4714 δι’
1346 4659 1518 4728 αὐτῆς
1568 4658 1840 4729 ἀνδρικῶς
1880 4661 2039 4714 ὁποῖα

452 4762 549 4817 καὶ
569 4757 760 4813 λέοντα
806 4754 867 4809 τὸ
891 4753 1036 4807 κατὰ
1091 4750 1272 4824 ψυχὴν
1315 4750 1532 4821 ἄλογον,
1564 4748 1835 4817 πνίγοιᾶν
1891 4750 2042 4814 ἐντὸς

454 4852 781 4926 μοχθηρίαν,
815 4849 893 4921 μὴ
914 4846 1147 4919 ἔχουσαν
1204 4843 1564 4914 ὲκφανθῆναι,
1620 4844 1674 4898 εί
1700 4842 1784 4908 τίς
1815 4861 1913 4898 που
1957 4846 2045 4899 ἐν·

450 4949 687 5019 δὸμυχος
744 4942 1071 5018 κρύπτοιτο·
1122 4936 1267 4993 καθὰ
1322 4939 1419 4992 καλΙ
1468 4937 1612 5011 ὀδμὴ
1660 4938 2043 5010 δυσαπόφορος

454 5039 768 5113 ἀρωμάτων
799 5029 1313 5105 παραϐεϐλημὲνων
1337 5031 1417 5094 είς
1449 5029 1653 5099 πλῆθος
1696 5030 1797 5085 οὐκ
1829 5030 1897 5086 ἂν
1926 5030 2044 5115 ἔχοι

453 5130 842 5205 φιλενδεικτεῖν
890 5125 988 5198 τὴν
1029 5122 1244 5195 φαύλην
1316 5120 1515 5192 ὅσφαν.
1547 5121 1676 5177 Ὅτε
1707 5122 1763 5176 δέ
1818 5139 1926 5178 τινι
1974 5125 2044 5179 τὰ

456 5226 561 5298 μὲν
617 5224 768 5286 ὲντὺς
807 5219 1030 5289 ἁπάσης
1068 5213 1410 5287 ἀκαθαρσίας
1463 5216 1625 5286 γέμει
1667 5215 1768 5286 τῆς
1811 5217 1900 5271 διὰ
1943 5234 2044 5271 κα-

451 5319 600 5382 κίαν,
628 5314 827 5380 ἔξωθεν
858 5313 914 5368 δὲ
947 5310 1153 5384 αρετῆς
1193 5309 1550 5381 προφαίνοιτο
1584 5308 1776 5380 χάσμα
1805 5310 2041 5375 ἐπίπλα-

454 5428 613 5479 στον,
634 5410 752 5472 πῶς
778 5406 847 5462 ἂν
880 5406 999 5460 ἐκεῖ
1024 5404 1200 5475 νικῴη
1230 5403 1292 5456 τὸ
1359 5399 1577 5473 ἀληθῶς
1637 5403 1915 5477 ἐνάρετον,
1978 5396 2040 5457 οὗ

454 5502 703 5574 μηδόλως
731 5500 952 5572 μέτεστι
990 5494 1069 5568 τῷ
1107 5494 1304 5567 ἀνδρί;
1376 5493 1598 5563 Ἀμέλει
1653 5492 1831 5559 καλῶς
1858 5496 1887 5548 ὁ
1941 5495 2041 5567 τὴν

451 5578 706 5664 ἐνάρετον
738 5587 940 5661 πρᾶξιν
966 5586 1315 5657 ψευδόμενος,
1349 5583 1447 5639 καὶ
1471 5576 1554 5648 ὡς’
1579 5578 1692 5637 οἷον
1737 5584 2044 5663 ὲφιμυθιω-

455 5689 616 5760 μένος
644 5683 765 5740 κατ’
795 5681 987 5753 αὐτὴν,
1014 5680 1109 5735 καὶ
1134 5677 1417 5745 προσθέτῳ
1466 5675 1775 5748 ἐρυθήματι
1837 5675 2040 5730 καλλύ-

451 5781 699 5849 νόμενος,
721 5776 783 5831 ού
808 5773 1078 5848 κρύψεται
1121 5772 1221 5841 τὴν
1254 5767 1511 5841 αίσχρίαν
1543 5768 1633 5823 διὰ
1681 5770 1906 5837 παντὸς,
1937 5770 2037 5830 ἁλ-

453 5873 524 5937 λὰ
551 5870 689 5940 ταχὺ
732 5863 1101 5947 ἐπιγνωσθεὶς
1129 5864 1471 5947 ὲκφανεῖται,
1500 5862 1595 5916 καὶ
1626 5860 1884 5929 διαδείξει
1911 5862 2037 5933 εαυ-

2145 4654 2229 4711 leo
2251 4653 2625 4722 stranguletur
2678 4651 2827 4721 quod
2879 4666 2987 4708 non
3028 4659 3108 4707 est
3145 4651 3727 4724 iuanima‘ratiouale,

2143 4749 2225 4807 sic
2262 4746 2535 4803 internam
2567 4744 2827 4821 malitiam
2883 4742 3197 4810 sulfocaret,
3236 4755 3314 4810 ut,
3359 4744 3404 4799 si
3437 4761 3556 4816 quae
3588 4747 3731 4805 forte

2146 4841 2338 4895 lateret
2371 4839 2621 4904 interior,
2653 4834 2994 4891 rnanifestari
3054 4837 3306 4906 nequiret
3332 4856 3347 4892 ς
3370 4843 3730 4909 quemadmo-

2145 4935 2271 4988 dum
2325 4931 2721 4991 tenacissimus
2749 4937 3054 4984 aromatum
3107 4930 3439 4986 inclusorum
3485 4933 3621 4989 odor
3661 4938 3731 4991 ad

2150 5023 2555 5092 multitudinem
2598 5035 2703 5078 non
2742 5020 2948 5077 valeret
2980 5036 3204 5091 pravam
3243 5022 3500 5079 olentiam
3529 5044 3704 5096 cxpau

2146 5125 2298 5185 dere.
2342 5118 2484 5177 Cum
2531 5127 2712 5172 autem
2753 5113 2985 5185 alicujus
3036 5116 3299 5172 interiora
3336 5118 3578 5188 qualibet
3629 5123 3731 5175 im

2146 5215 2385 5284 puritate
2430 5211 2652 5266 malitiae
2698 5210 2857 5279 plena
2909 5217 3077 5278 sunt,
3137 5218 3187 5265 et
3226 5214 3499 5266 exteriora
3542 5216 3727 5270 [ictum

2147 5306 2364 5361 virtutis
2396 5305 2606 5362 hiatum
2648 5306 2970 5370 ostendunt,
3025 5307 3301 5376 quomodo
3358 5308 3603 5363 vinceret
3646 5309 3721 5363 ibi

2146 5401 2294 5471 quod
2329 5414 2456 5465 vere
2487 5400 2742 5454 virtutem
2772 5399 2939 5478 sapit,
2985 5413 3109 5476 cum
3139 5398 3267 5455 huic
3310 5400 3472 5458 homo
3506 5401 3731 5459 minime

2146 5491 2474 5566 participat?
2501 5489 2754 5563 Profecto
2778 5492 2871 5564 qui
2915 5493 3206 5563 pulchram
3239 5495 3514 5552 actionem
3552 5495 3728 5565 ﬁngit,

2148 5598 2201 5642 et
2245 5602 2341 5657 per
2383 5600 2502 5642 eam
2531 5584 2686 5657 quasi
2722 5595 3042 5642 cerussatus
3069 5595 3179 5654 est,
3209 5586 3597 5658 adjectitioque
3640 5606 3731 5643 co-

2147 5680 2262 5736 lore
2292 5689 2641 5745 venustatur,
2674 5692 2783 5735 non
2809 5692 3030 5749 semper
3058 5676 3362 5735 fmditatem
3412 5680 3728 5746 abscondet,

2145 5775 2241 5829 sed
2267 5773 2707 5843 brevi‘cognitus
2735 5770 3045 5843 apparebit,
3079 5781 3133 5827 et
3197 5772 3438 5842 seipsum
3474 5770 3728 5825 fallacem

2148 5866 2579 5946 tuendacemque
2656 5865 2994 5938 signatorem
3068 5864 3340 5922 ostendet.
3414 5862 3509 5921 Vel
3583 5865 3731 5922 enim
