  <div class='ocr_page' id='page_1' title='image "/cluster/home/n/w/nwhite01/storage/ocr_20150623/136/coo.31924054870419/207.png"; bbox 0 0 4090 6418; ppageno 0'>
   <div class='ocr_carea' id='block_1_1' title="bbox 413 344 534 407">
    <p class='ocr_par' dir='ltr' id='par_1_1' title="bbox 413 344 534 407">
     <span class='ocr_line' id='line_1_1' title="bbox 413 344 534 407; baseline 0.008 -1"><span class='ocrx_word' id='word_1_1' title='bbox 413 344 534 407; x_wconf 69' lang='lat'><strong>399</strong></span> 
     </span>
    </p>
   </div>
   <div class='ocr_carea' id='block_1_2' title="bbox 1126 332 2964 402">
    <p class='ocr_par' dir='ltr' id='par_1_2' title="bbox 1126 332 2964 402">
     <span class='ocr_line' id='line_1_2' title="bbox 1126 332 2964 402; baseline -0.003 -4"><span class='ocrx_word' id='word_1_2' title='bbox 1126 335 1556 400; x_wconf 80' lang='lat' dir='ltr'><strong>EUSTATHII</strong></span> <span class='ocrx_word' id='word_1_3' title='bbox 1595 337 2364 400; x_wconf 75' lang='lat' dir='ltr'><strong>THESSALONICENSIS</strong></span> <span class='ocrx_word' id='word_1_4' title='bbox 2397 332 2964 402; x_wconf 57' lang='lat' dir='ltr'><strong>METROPOLITJE</strong></span> 
     </span>
    </p>
   </div>
   <div class='ocr_carea' id='block_1_3' title="bbox 3557 333 3678 396">
    <p class='ocr_par' dir='ltr' id='par_1_3' title="bbox 3557 333 3678 396">
     <span class='ocr_line' id='line_1_3' title="bbox 3557 333 3678 396; baseline -0.008 0"><span class='ocrx_word' id='word_1_5' title='bbox 3557 333 3678 396; x_wconf 64' lang='grc' dir='ltr'><strong>⁴4θο</strong></span> 
     </span>
    </p>
   </div>
   <div class='ocr_carea' id='block_1_4' title="bbox 429 444 1999 524">
    <p class='ocr_par' dir='ltr' id='par_1_4' title="bbox 429 446 1999 524">
     <span class='ocr_line' id='line_1_4' title="bbox 429 446 1999 524; baseline -0.004 -18"><span class='ocrx_word' id='word_1_6' title='bbox 429 461 718 524; x_wconf 87' lang='lat' dir='ltr'><strong>postquam</strong></span> <span class='ocrx_word' id='word_1_7' title='bbox 751 447 906 504; x_wconf 79' lang='lat' dir='ltr'><strong>malis</strong></span> <span class='ocrx_word' id='word_1_8' title='bbox 938 446 1148 502; x_wconf 79' lang='lat' dir='ltr'><strong>artibus</strong></span> <span class='ocrx_word' id='word_1_9' title='bbox 1167 446 1280 515; x_wconf 68' lang='lat' dir='ltr'><strong>iam</strong></span> <span class='ocrx_word' id='word_1_10' title='bbox 1315 448 1661 503; x_wconf 81' lang='lat' dir='ltr'><strong>mendacium</strong></span> <span class='ocrx_word' id='word_1_11' title='bbox 1693 447 1999 518; x_wconf 81' lang='lat' dir='ltr'><strong>complevit,</strong></span> 
     </span>
    </p>
   </div>
   <div class='ocr_carea' id='block_1_5' title="bbox 2104 444 3686 524">
    <p class='ocr_par' dir='ltr' id='par_1_5' title="bbox 2109 444 3686 518">
     <span class='ocr_line' id='line_1_5' title="bbox 2109 444 3686 518; baseline -0.005 -14"><span class='ocrx_word' id='word_1_12' title='bbox 2109 452 2200 505; x_wconf 84' lang='grc' dir='ltr'>τὸν</span> <span class='ocrx_word' id='word_1_13' title='bbox 2223 450 2514 506; x_wconf 77' lang='grc' dir='ltr'><strong>ἀπατεῶνα</strong></span> <span class='ocrx_word' id='word_1_14' title='bbox 2546 450 2641 503; x_wconf 74' lang='grc' dir='ltr'>καὶ</span> <span class='ocrx_word' id='word_1_15' title='bbox 2697 449 3159 518; x_wconf 78' lang='grc' dir='ltr'>ψευδεπίγραφον.</span> <span class='ocrx_word' id='word_1_16' title='bbox 3195 445 3348 516; x_wconf 85' lang='grc' dir='ltr'><strong>Ἔχει</strong></span> <span class='ocrx_word' id='word_1_17' title='bbox 3376 444 3430 499; x_wconf 76' lang='grc' dir='ltr'>δὲ</span> <span class='ocrx_word' id='word_1_18' title='bbox 3461 445 3686 514; x_wconf 74' lang='grc' dir='ltr'>διπλόην</span> 
     </span>
    </p>
   </div>
   <div class='ocr_carea' id='block_1_6' title="bbox 431 539 2004 613">
    <p class='ocr_par' dir='ltr' id='par_1_6' title="bbox 431 539 2004 613">
     <span class='ocr_line' id='line_1_6' title="bbox 431 539 2004 613; baseline -0.006 -12"><span class='ocrx_word' id='word_1_19' title='bbox 431 545 765 613; x_wconf 86' lang='lat' dir='ltr'><strong>invaluitque</strong></span> <span class='ocrx_word' id='word_1_20' title='bbox 797 539 1075 610; x_wconf 86' lang='lat' dir='ltr'><strong>decipiens</strong></span> <span class='ocrx_word' id='word_1_21' title='bbox 1108 548 1478 603; x_wconf 77' lang='lat' dir='ltr'><strong>occurrentes,</strong></span> <span class='ocrx_word' id='word_1_22' title='bbox 1511 554 1574 594; x_wconf 89' lang='lat' dir='ltr'><strong>ac</strong></span> <span class='ocrx_word' id='word_1_23' title='bbox 1605 541 1655 594; x_wconf 90' lang='lat' dir='ltr'><strong>itt</strong></span> <span class='ocrx_word' id='word_1_24' title='bbox 1690 541 1894 596; x_wconf 79' lang='lat' dir='ltr'><strong>sanctis</strong></span> <span class='ocrx_word' id='word_1_25' title='bbox 1920 548 2004 594; x_wconf 91' lang='lat' dir='ltr'><strong>est</strong></span> 
     </span>
    </p>
   </div>
   <div class='ocr_carea' id='block_1_7' title="bbox 414 629 2003 708">
    <p class='ocr_par' dir='ltr' id='par_1_7' title="bbox 414 629 2003 708">
     <span class='ocr_line' id='line_1_7' title="bbox 414 629 2003 708; baseline -0.005 -16"><span class='ocrx_word' id='word_1_26' title='bbox 414 645 730 708; x_wconf 76' lang='lat' dir='ltr'><strong>&#39;rcptttatus,</strong></span> <span class='ocrx_word' id='word_1_27' title='bbox 763 632 978 687; x_wconf 92' lang='lat' dir='ltr'><strong>tandem</strong></span> <span class='ocrx_word' id='word_1_28' title='bbox 1011 629 1250 685; x_wconf 79' lang='lat' dir='ltr'><strong>abluitur</strong></span> <span class='ocrx_word' id='word_1_29' title='bbox 1300 630 1599 700; x_wconf 82' lang='lat' dir='ltr'><strong>hypocrisi,</strong></span> <span class='ocrx_word' id='word_1_30' title='bbox 1640 629 1828 699; x_wconf 75' lang='lat' dir='ltr'><strong>sicque</strong></span> <span class='ocrx_word' id='word_1_31' title='bbox 1850 641 2003 698; x_wconf 88' lang='lat' dir='ltr'><strong>pror-</strong></span> 
     </span>
    </p>
   </div>
   <div class='ocr_carea' id='block_1_8' title="bbox 430 721 2006 785">
    <p class='ocr_par' dir='ltr' id='par_1_8' title="bbox 430 721 2006 785">
     <span class='ocr_line' id='line_1_8' title="bbox 430 721 2006 785; baseline -0.007 -1"><span class='ocrx_word' id='word_1_32' title='bbox 430 743 522 784; x_wconf 84' lang='lat' dir='ltr'><strong>sus</strong></span> <span class='ocrx_word' id='word_1_33' title='bbox 548 729 721 781; x_wconf 88' lang='lat' dir='ltr'><strong>factus</strong></span> <span class='ocrx_word' id='word_1_34' title='bbox 751 721 1078 779; x_wconf 72' lang='lat' dir='ltr'><strong>daemonium</strong></span> <span class='ocrx_word' id='word_1_35' title='bbox 1112 721 1164 775; x_wconf 94' lang='lat' dir='ltr'><strong>in</strong></span> <span class='ocrx_word' id='word_1_36' title='bbox 1201 735 1260 776; x_wconf 84' lang='lat' dir='ltr'><strong>se</strong></span> <span class='ocrx_word' id='word_1_37' title='bbox 1279 721 1456 775; x_wconf 88' lang='lat' dir='ltr'><strong>latens</strong></span> <span class='ocrx_word' id='word_1_38' title='bbox 1490 722 1746 785; x_wconf 76' lang='lat' dir='ltr'><strong>ostendit,</strong></span> <span class='ocrx_word' id='word_1_39' title='bbox 1775 731 1849 781; x_wconf 88' lang='lat' dir='ltr'><strong>et.</strong></span> <span class='ocrx_word' id='word_1_40' title='bbox 1874 736 2006 776; x_wconf 90' lang='lat' dir='ltr'><strong>con-</strong></span> 
     </span>
    </p>
   </div>
   <div class='ocr_carea' id='block_1_9' title="bbox 430 813 2002 884">
    <p class='ocr_par' dir='ltr' id='par_1_9' title="bbox 430 813 2002 884">
     <span class='ocr_line' id='line_1_9' title="bbox 430 813 2002 884; baseline -0.004 -14"><span class='ocrx_word' id='word_1_41' title='bbox 430 819 588 874; x_wconf 79' lang='lat' dir='ltr'><strong>victis</strong></span> <span class='ocrx_word' id='word_1_42' title='bbox 619 814 966 878; x_wconf 84' lang='lat' dir='ltr'><strong>tttirantibus,</strong></span> <span class='ocrx_word' id='word_1_43' title='bbox 994 815 1124 884; x_wconf 91' lang='lat' dir='ltr'><strong>quid</strong></span> <span class='ocrx_word' id='word_1_44' title='bbox 1158 815 1226 868; x_wconf 89' lang='lat' dir='ltr'><strong>ab</strong></span> <span class='ocrx_word' id='word_1_45' title='bbox 1255 814 1375 884; x_wconf 87' lang='lat' dir='ltr'><strong>ipso</strong></span> <span class='ocrx_word' id='word_1_46' title='bbox 1407 813 1630 868; x_wconf 88' lang='lat' dir='ltr'><strong>scenico</strong></span> <span class='ocrx_word' id='word_1_47' title='bbox 1656 813 2002 866; x_wconf 88' lang='lat' dir='ltr'><strong>sanctitatem</strong></span> 
     </span>
    </p>
   </div>
   <div class='ocr_carea' id='block_1_10' title="bbox 423 907 2005 976">
    <p class='ocr_par' dir='ltr' id='par_1_10' title="bbox 423 907 2005 976">
     <span class='ocr_line' id='line_1_10' title="bbox 423 907 2005 976; baseline -0.003 -12"><span class='ocrx_word' id='word_1_48' title='bbox 423 907 836 971; x_wconf 74' lang='lat' dir='ltr'><strong>aestimaverint,</strong></span> <span class='ocrx_word' id='word_1_49' title='bbox 863 907 1009 976; x_wconf 89' lang='lat' dir='ltr'><strong>quod</strong></span> <span class='ocrx_word' id='word_1_50' title='bbox 1043 918 1162 960; x_wconf 84' lang='lat' dir='ltr'><strong>erat</strong></span> <span class='ocrx_word' id='word_1_51' title='bbox 1187 919 1366 975; x_wconf 65' lang='lat' dir='ltr'><strong>pravae</strong></span> <span class='ocrx_word' id='word_1_52' title='bbox 1397 915 1604 960; x_wconf 71' lang='lat' dir='ltr'><strong>naturae</strong></span> <span class='ocrx_word' id='word_1_53' title='bbox 1628 919 2005 973; x_wconf 57' lang='lat' dir='ltr'><strong>perversaque</strong></span> 
     </span>
    </p>
   </div>
   <div class='ocr_carea' id='block_1_11' title="bbox 429 995 2000 1062">
    <p class='ocr_par' dir='ltr' id='par_1_11' title="bbox 429 995 2000 1062">
     <span class='ocr_line' id='line_1_11' title="bbox 429 995 2000 1062; baseline -0.002 -11"><span class='ocrx_word' id='word_1_54' title='bbox 429 1001 553 1053; x_wconf 75' lang='lat' dir='ltr'><strong>vitre</strong></span> <span class='ocrx_word' id='word_1_55' title='bbox 620 997 1022 1062; x_wconf 83' lang='lat' dir='ltr'><strong>manifestatur.</strong></span> <span class='ocrx_word' id='word_1_56' title='bbox 1083 996 1190 1051; x_wconf 49' lang='lat' dir='ltr'><strong>‘Vel</strong></span> <span class='ocrx_word' id='word_1_57' title='bbox 1248 998 1358 1051; x_wconf 89' lang='lat' dir='ltr'><strong>cito</strong></span> <span class='ocrx_word' id='word_1_58' title='bbox 1415 995 1541 1052; x_wconf 88' lang='lat' dir='ltr'><strong>boni</strong></span> <span class='ocrx_word' id='word_1_59' title='bbox 1601 996 2000 1051; x_wconf 86' lang='lat' dir='ltr'><strong>simulationem</strong></span> 
     </span>
    </p>
   </div>
   <div class='ocr_carea' id='block_1_12' title="bbox 428 1087 2002 1159">
    <p class='ocr_par' dir='ltr' id='par_1_12' title="bbox 428 1087 2002 1159">
     <span class='ocr_line' id='line_1_12' title="bbox 428 1087 2002 1159; baseline -0.001 -18"><span class='ocrx_word' id='word_1_60' title='bbox 428 1104 647 1144; x_wconf 88' lang='lat' dir='ltr'><strong>onmem</strong></span> <span class='ocrx_word' id='word_1_61' title='bbox 680 1090 909 1154; x_wconf 87' lang='lat' dir='ltr'><strong>veritus,</strong></span> <span class='ocrx_word' id='word_1_62' title='bbox 947 1090 1022 1144; x_wconf 92' lang='lat' dir='ltr'><strong>uti</strong></span> <span class='ocrx_word' id='word_1_63' title='bbox 1049 1103 1269 1159; x_wconf 77' lang='lat' dir='ltr'><strong>gravem</strong></span> <span class='ocrx_word' id='word_1_64' title='bbox 1320 1088 1613 1158; x_wconf 86' lang='lat' dir='ltr'><strong>ipsumque</strong></span> <span class='ocrx_word' id='word_1_65' title='bbox 1663 1087 2002 1159; x_wconf 75' lang='lat' dir='ltr'><strong>fatigantem,</strong></span> 
     </span>
    </p>
   </div>
   <div class='ocr_carea' id='block_1_13' title="bbox 427 1180 2004 1250">
    <p class='ocr_par' dir='ltr' id='par_1_13' title="bbox 427 1180 2004 1250">
     <span class='ocr_line' id='line_1_13' title="bbox 427 1180 2004 1250; baseline 0 -15"><span class='ocrx_word' id='word_1_66' title='bbox 427 1183 493 1235; x_wconf 79' lang='lat' dir='ltr'><strong>ad</strong></span> <span class='ocrx_word' id='word_1_67' title='bbox 521 1181 932 1236; x_wconf 78' lang='lat' dir='ltr'><strong>similitudinem</strong></span> <span class='ocrx_word' id='word_1_68' title='bbox 967 1181 1086 1250; x_wconf 84' lang='lat' dir='ltr'><strong>ejus</strong></span> <span class='ocrx_word' id='word_1_69' title='bbox 1111 1181 1226 1250; x_wconf 87' lang='lat' dir='ltr'><strong>qui,</strong></span> <span class='ocrx_word' id='word_1_70' title='bbox 1263 1180 1444 1235; x_wconf 87' lang='lat' dir='ltr'><strong>debile</strong></span> <span class='ocrx_word' id='word_1_71' title='bbox 1475 1195 1670 1248; x_wconf 88' lang='lat' dir='ltr'><strong>corpus</strong></span> <span class='ocrx_word' id='word_1_72' title='bbox 1699 1180 1908 1236; x_wconf 87' lang='lat' dir='ltr'><strong>habens</strong></span> <span class='ocrx_word' id='word_1_73' title='bbox 1937 1181 2004 1235; x_wconf 86' lang='lat' dir='ltr'><strong>ad</strong></span> 
     </span>
    </p>
   </div>
   <div class='ocr_carea' id='block_1_14' title="bbox 427 1271 2004 1341">
    <p class='ocr_par' dir='ltr' id='par_1_14' title="bbox 427 1271 2004 1341">
     <span class='ocr_line' id='line_1_14' title="bbox 427 1271 2004 1341; baseline -0.001 -13"><span class='ocrx_word' id='word_1_74' title='bbox 427 1287 648 1328; x_wconf 85' lang='lat' dir='ltr'><strong>scenam</strong></span> <span class='ocrx_word' id='word_1_75' title='bbox 673 1274 912 1341; x_wconf 77' lang='lat' dir='ltr'><strong>graviter</strong></span> <span class='ocrx_word' id='word_1_76' title='bbox 951 1281 1314 1338; x_wconf 87' lang='lat' dir='ltr'><strong>armatorum,</strong></span> <span class='ocrx_word' id='word_1_77' title='bbox 1360 1272 1412 1326; x_wconf 92' lang='lat' dir='ltr'><strong>in</strong></span> <span class='ocrx_word' id='word_1_78' title='bbox 1467 1271 1822 1327; x_wconf 88' lang='lat' dir='ltr'><strong>loricatorum</strong></span> <span class='ocrx_word' id='word_1_79' title='bbox 1868 1273 2004 1327; x_wconf 89' lang='lat' dir='ltr'><strong>mili-</strong></span> 
     </span>
    </p>
   </div>
   <div class='ocr_carea' id='block_1_15' title="bbox 428 1365 2005 1436">
    <p class='ocr_par' dir='ltr' id='par_1_15' title="bbox 428 1365 2005 1436">
     <span class='ocr_line' id='line_1_15' title="bbox 428 1365 2005 1436; baseline 0.001 -15"><span class='ocrx_word' id='word_1_80' title='bbox 428 1377 539 1421; x_wconf 92' lang='lat' dir='ltr'><strong>tum</strong></span> <span class='ocrx_word' id='word_1_81' title='bbox 586 1367 756 1420; x_wconf 86' lang='lat' dir='ltr'><strong>artnis</strong></span> <span class='ocrx_word' id='word_1_82' title='bbox 803 1367 1092 1436; x_wconf 89' lang='lat' dir='ltr'><strong>impeditus</strong></span> <span class='ocrx_word' id='word_1_83' title='bbox 1143 1375 1366 1434; x_wconf 84' lang='lat' dir='ltr'><strong>apparet</strong></span> <span class='ocrx_word' id='word_1_84' title='bbox 1417 1365 1549 1434; x_wconf 92' lang='lat' dir='ltr'><strong>(non</strong></span> <span class='ocrx_word' id='word_1_85' title='bbox 1582 1367 1726 1420; x_wconf 87' lang='lat' dir='ltr'><strong>enint</strong></span> <span class='ocrx_word' id='word_1_86' title='bbox 1782 1366 2005 1422; x_wconf 91' lang='lat' dir='ltr'><strong>omnino</strong></span> 
     </span>
    </p>
   </div>
   <div class='ocr_carea' id='block_1_16' title="bbox 427 1459 2002 1528">
    <p class='ocr_par' dir='ltr' id='par_1_16' title="bbox 427 1459 2002 1528">
     <span class='ocr_line' id='line_1_16' title="bbox 427 1459 2002 1528; baseline 0.002 -19"><span class='ocrx_word' id='word_1_87' title='bbox 427 1469 603 1528; x_wconf 80' lang='lat' dir='ltr'><strong>potest</strong></span> <span class='ocrx_word' id='word_1_88' title='bbox 658 1459 925 1514; x_wconf 92' lang='lat' dir='ltr'><strong>concinne</strong></span> <span class='ocrx_word' id='word_1_89' title='bbox 973 1461 1200 1524; x_wconf 87' lang='lat' dir='ltr'><strong>moveri,</strong></span> <span class='ocrx_word' id='word_1_90' title='bbox 1260 1459 1619 1528; x_wconf 89' lang='lat' dir='ltr'><strong>plurimorum</strong></span> <span class='ocrx_word' id='word_1_91' title='bbox 1673 1459 2002 1514; x_wconf 82' lang='lat' dir='ltr'><strong>talentorum</strong></span> 
     </span>
    </p>
   </div>
   <div class='ocr_carea' id='block_1_17' title="bbox 429 1550 2006 1621">
    <p class='ocr_par' dir='ltr' id='par_1_17' title="bbox 429 1550 2006 1621">
     <span class='ocr_line' id='line_1_17' title="bbox 429 1550 2006 1621; baseline 0.001 -17"><span class='ocrx_word' id='word_1_92' title='bbox 429 1560 724 1604; x_wconf 69' lang='lat' dir='ltr'><strong>armaturas</strong></span> <span class='ocrx_word' id='word_1_93' title='bbox 749 1551 990 1619; x_wconf 88' lang='lat' dir='ltr'><strong>pondere</strong></span> <span class='ocrx_word' id='word_1_94' title='bbox 1006 1551 1418 1621; x_wconf 89' lang='lat' dir='ltr'><strong>circumdatus),</strong></span> <span class='ocrx_word' id='word_1_95' title='bbox 1445 1553 1616 1620; x_wconf 81' lang='lat' dir='ltr'><strong>ipsam</strong></span> <span class='ocrx_word' id='word_1_96' title='bbox 1649 1550 1868 1620; x_wconf 86' lang='lat' dir='ltr'><strong>quidem</strong></span> <span class='ocrx_word' id='word_1_97' title='bbox 1895 1551 2006 1605; x_wconf 81' lang='lat' dir='ltr'><strong>vir-</strong></span> 
     </span>
    </p>
   </div>
   <div class='ocr_carea' id='block_1_18' title="bbox 429 1642 2002 1713">
    <p class='ocr_par' dir='ltr' id='par_1_18' title="bbox 429 1642 2002 1713">
     <span class='ocr_line' id='line_1_18' title="bbox 429 1642 2002 1713; baseline 0.001 -19"><span class='ocrx_word' id='word_1_98' title='bbox 429 1645 562 1696; x_wconf 90' lang='lat' dir='ltr'><strong>tutis</strong></span> <span class='ocrx_word' id='word_1_99' title='bbox 593 1642 965 1711; x_wconf 88' lang='lat' dir='ltr'><strong>apparentiam</strong></span> <span class='ocrx_word' id='word_1_100' title='bbox 1028 1643 1184 1712; x_wconf 90' lang='lat' dir='ltr'><strong>quasi</strong></span> <span class='ocrx_word' id='word_1_101' title='bbox 1233 1659 1450 1713; x_wconf 83' lang='lat' dir='ltr'><strong>gravem</strong></span> <span class='ocrx_word' id='word_1_102' title='bbox 1493 1654 1545 1697; x_wconf 88' lang='lat' dir='ltr'><strong>et</strong></span> <span class='ocrx_word' id='word_1_103' title='bbox 1607 1643 2002 1697; x_wconf 87' lang='lat' dir='ltr'><strong>intolerabilem</strong></span> 
     </span>
    </p>
   </div>
   <div class='ocr_carea' id='block_1_19' title="bbox 427 1733 2004 1804">
    <p class='ocr_par' dir='ltr' id='par_1_19' title="bbox 427 1733 2004 1804">
     <span class='ocr_line' id='line_1_19' title="bbox 427 1733 2004 1804; baseline 0.001 -17"><span class='ocrx_word' id='word_1_104' title='bbox 427 1733 640 1802; x_wconf 76' lang='lat' dir='ltr'><strong>abiicit,</strong></span> <span class='ocrx_word' id='word_1_105' title='bbox 689 1733 890 1790; x_wconf 79' lang='lat' dir='ltr'><strong>exinde</strong></span> <span class='ocrx_word' id='word_1_106' title='bbox 936 1749 1065 1789; x_wconf 89' lang='lat' dir='ltr'><strong>vero</strong></span> <span class='ocrx_word' id='word_1_107' title='bbox 1127 1734 1384 1804; x_wconf 78' lang='lat' dir='ltr'><strong>fugitivus</strong></span> <span class='ocrx_word' id='word_1_108' title='bbox 1417 1735 1595 1791; x_wconf 81' lang='lat' dir='ltr'><strong>factus</strong></span> <span class='ocrx_word' id='word_1_109' title='bbox 1649 1733 1702 1788; x_wconf 93' lang='lat' dir='ltr'><strong>in</strong></span> <span class='ocrx_word' id='word_1_110' title='bbox 1732 1734 2004 1789; x_wconf 83' lang='lat' dir='ltr'><strong>evidentia</strong></span> 
     </span>
    </p>
   </div>
   <div class='ocr_carea' id='block_1_20' title="bbox 426 1827 1230 1898">
    <p class='ocr_par' dir='ltr' id='par_1_20' title="bbox 426 1827 1230 1898">
     <span class='ocr_line' id='line_1_20' title="bbox 426 1827 1230 1898; baseline 0 -16"><span class='ocrx_word' id='word_1_111' title='bbox 426 1827 684 1898; x_wconf 89' lang='lat' dir='ltr'><strong>peccandi</strong></span> <span class='ocrx_word' id='word_1_112' title='bbox 723 1829 873 1884; x_wconf 87' lang='lat' dir='ltr'><strong>brevi</strong></span> <span class='ocrx_word' id='word_1_113' title='bbox 909 1828 1230 1883; x_wconf 87' lang='lat' dir='ltr'><strong>restituitur.</strong></span> 
     </span>
    </p>
   </div>
   <div class='ocr_carea' id='block_1_21' title="bbox 2113 537 3687 613">
    <p class='ocr_par' dir='ltr' id='par_1_21' title="bbox 2113 537 3687 613">
     <span class='ocr_line' id='line_1_21' title="bbox 2113 537 3687 613; baseline -0.006 -17"><span class='ocrx_word' id='word_1_114' title='bbox 2113 545 2141 596; x_wconf 80' lang='grc' dir='ltr'><strong>ὁ</strong></span> <span class='ocrx_word' id='word_1_115' title='bbox 2162 545 2400 607; x_wconf 82' lang='grc' dir='ltr'>τοιοῦτος</span> <span class='ocrx_word' id='word_1_116' title='bbox 2426 543 2760 613; x_wconf 77' lang='grc' dir='ltr'>ἑκφάνσεως.</span> <span class='ocrx_word' id='word_1_117' title='bbox 2807 543 2876 594; x_wconf 84' lang='grc' dir='ltr'>Ἢ</span> <span class='ocrx_word' id='word_1_118' title='bbox 2901 541 3006 610; x_wconf 78' lang='grc' dir='ltr'><strong>γάρ</strong></span> <span class='ocrx_word' id='word_1_119' title='bbox 3036 539 3238 602; x_wconf 86' lang='grc' dir='ltr'>ἀνύσας</span> <span class='ocrx_word' id='word_1_120' title='bbox 3290 537 3390 609; x_wconf 73' lang='grc' dir='ltr'>ἤδη</span> <span class='ocrx_word' id='word_1_121' title='bbox 3424 537 3687 606; x_wconf 77' lang='grc' dir='ltr'>τεχνικῶς</span> 
     </span>
    </p>
   </div>
   <div class='ocr_carea' id='block_1_22' title="bbox 2113 630 3689 708">
    <p class='ocr_par' dir='ltr' id='par_1_22' title="bbox 2113 630 3689 708">
     <span class='ocr_line' id='line_1_22' title="bbox 2113 630 3689 708; baseline -0.006 -17"><span class='ocrx_word' id='word_1_122' title='bbox 2113 637 2211 708; x_wconf 84' lang='grc' dir='ltr'>τὴν</span> <span class='ocrx_word' id='word_1_123' title='bbox 2239 637 2548 708; x_wconf 80' lang='grc' dir='ltr'><strong>ὑπόκρισιν,</strong></span> <span class='ocrx_word' id='word_1_124' title='bbox 2583 638 2679 691; x_wconf 72' lang='grc' dir='ltr'>καὶ</span> <span class='ocrx_word' id='word_1_125' title='bbox 2708 634 2930 705; x_wconf 86' lang='grc' dir='ltr'>ίσχύσας</span> <span class='ocrx_word' id='word_1_126' title='bbox 2984 633 3324 702; x_wconf 77' lang='grc' dir='ltr'>ἐξαπατῆσαι</span> <span class='ocrx_word' id='word_1_127' title='bbox 3377 630 3502 693; x_wconf 78' lang='grc' dir='ltr'>τοὺς</span> <span class='ocrx_word' id='word_1_128' title='bbox 3528 643 3689 682; x_wconf 81' lang='grc' dir='ltr'>’τετυ-</span> 
     </span>
    </p>
   </div>
   <div class='ocr_carea' id='block_1_23' title="bbox 2113 721 3689 800">
    <p class='ocr_par' dir='ltr' id='par_1_23' title="bbox 2113 721 3689 800">
     <span class='ocr_line' id='line_1_23' title="bbox 2113 721 3689 800; baseline -0.005 -18"><span class='ocrx_word' id='word_1_129' title='bbox 2113 731 2371 800; x_wconf 79' lang='grc' dir='ltr'>χηκότας,</span> <span class='ocrx_word' id='word_1_130' title='bbox 2407 731 2502 781; x_wconf 72' lang='grc' dir='ltr'>καὶ</span> <span class='ocrx_word' id='word_1_131' title='bbox 2557 725 2828 795; x_wconf 73' lang='grc' dir='ltr'>λογισθεὶς</span> <span class='ocrx_word' id='word_1_132' title='bbox 2877 728 2933 778; x_wconf 82' lang='grc' dir='ltr'>ὲν</span> <span class='ocrx_word' id='word_1_133' title='bbox 2962 725 3158 792; x_wconf 82' lang='grc' dir='ltr'>ἀγίοις,</span> <span class='ocrx_word' id='word_1_134' title='bbox 3208 721 3536 776; x_wconf 79' lang='grc' dir='ltr'>ἀπολούεται</span> <span class='ocrx_word' id='word_1_135' title='bbox 3585 721 3689 784; x_wconf 74' lang='grc' dir='ltr'><strong>τὴν</strong></span> 
     </span>
    </p>
   </div>
   <div class='ocr_carea' id='block_1_24' title="bbox 2114 813 3686 891">
    <p class='ocr_par' dir='ltr' id='par_1_24' title="bbox 2114 813 3686 891">
     <span class='ocr_line' id='line_1_24' title="bbox 2114 813 3686 891; baseline -0.006 -15"><span class='ocrx_word' id='word_1_136' title='bbox 2114 824 2406 891; x_wconf 79' lang='grc' dir='ltr'>ὑπόκρισιν</span> <span class='ocrx_word' id='word_1_137' title='bbox 2453 819 2546 872; x_wconf 72' lang='grc' dir='ltr'>τοῦ</span> <span class='ocrx_word' id='word_1_138' title='bbox 2579 817 2787 872; x_wconf 84' lang='grc' dir='ltr'>λοιποῦ·</span> <span class='ocrx_word' id='word_1_139' title='bbox 2825 818 2919 869; x_wconf 71' lang='grc' dir='ltr'>καὶ</span> <span class='ocrx_word' id='word_1_140' title='bbox 2952 815 3184 886; x_wconf 63' lang='grc' dir='ltr'>καθαρδς</span> <span class='ocrx_word' id='word_1_141' title='bbox 3220 813 3360 867; x_wconf 74' lang='grc' dir='ltr'>οὕτω</span> <span class='ocrx_word' id='word_1_142' title='bbox 3391 815 3686 882; x_wconf 84' lang='grc' dir='ltr'>γενόμενος</span> 
     </span>
    </p>
   </div>
   <div class='ocr_carea' id='block_1_25' title="bbox 2111 907 3680 983">
    <p class='ocr_par' dir='ltr' id='par_1_25' title="bbox 2111 907 3680 983">
     <span class='ocr_line' id='line_1_25' title="bbox 2111 907 3680 983; baseline -0.006 -16"><span class='ocrx_word' id='word_1_143' title='bbox 2111 914 2356 983; x_wconf 71' lang='grc' dir='ltr'>ἐκφαίνει</span> <span class='ocrx_word' id='word_1_144' title='bbox 2404 913 2462 966; x_wconf 75' lang='grc' dir='ltr'><strong>τὸ</strong></span> <span class='ocrx_word' id='word_1_145' title='bbox 2490 914 2547 965; x_wconf 84' lang='grc' dir='ltr'>ὲν</span> <span class='ocrx_word' id='word_1_146' title='bbox 2576 911 2722 981; x_wconf 76' lang='grc' dir='ltr'><strong>αὑτῴ</strong></span> <span class='ocrx_word' id='word_1_147' title='bbox 2773 910 3069 980; x_wconf 79' lang='grc' dir='ltr'>δαιμόνιον,</span> <span class='ocrx_word' id='word_1_148' title='bbox 3106 908 3200 960; x_wconf 77' lang='grc' dir='ltr'>καὶ</span> <span class='ocrx_word' id='word_1_149' title='bbox 3247 907 3680 976; x_wconf 79' lang='grc' dir='ltr'>πληροφορήσας</span> 
     </span>
    </p>
   </div>
   <div class='ocr_carea' id='block_1_26' title="bbox 2110 997 3690 1072">
    <p class='ocr_par' dir='ltr' id='par_1_26' title="bbox 2110 997 3690 1072">
     <span class='ocr_line' id='line_1_26' title="bbox 2110 997 3690 1072; baseline -0.006 -12"><span class='ocrx_word' id='word_1_150' title='bbox 2110 1007 2239 1070; x_wconf 74' lang='grc' dir='ltr'>τοὺς</span> <span class='ocrx_word' id='word_1_151' title='bbox 2269 1005 2581 1070; x_wconf 84' lang='grc' dir='ltr'>θεαθέντας,</span> <span class='ocrx_word' id='word_1_152' title='bbox 2614 1005 2696 1056; x_wconf 81' lang='grc' dir='ltr'>ὅτι</span> <span class='ocrx_word' id='word_1_153' title='bbox 2727 1001 3138 1072; x_wconf 76' lang='grc' dir='ltr'><strong>κατετάχθησαν</strong></span> <span class='ocrx_word' id='word_1_154' title='bbox 3172 1000 3264 1052; x_wconf 83' lang='grc' dir='ltr'>ὑπ’</span> <span class='ocrx_word' id='word_1_155' title='bbox 3295 997 3460 1052; x_wconf 61' lang='grc' dir='ltr'>αὑτιῦ</span> <span class='ocrx_word' id='word_1_156' title='bbox 3493 1014 3690 1065; x_wconf 82' lang='grc' dir='ltr'>σκηνο-</span> 
     </span>
    </p>
   </div>
   <div class='ocr_carea' id='block_1_27' title="bbox 2114 1089 3686 1168">
    <p class='ocr_par' dir='ltr' id='par_1_27' title="bbox 2114 1089 3686 1168">
     <span class='ocr_line' id='line_1_27' title="bbox 2114 1089 3686 1168; baseline -0.006 -18"><span class='ocrx_word' id='word_1_157' title='bbox 2114 1097 2472 1168; x_wconf 83' lang='grc' dir='ltr'>6ατήσαντος,</span> <span class='ocrx_word' id='word_1_158' title='bbox 2534 1095 2634 1166; x_wconf 78' lang='grc' dir='ltr'>τὴν</span> <span class='ocrx_word' id='word_1_159' title='bbox 2707 1095 3019 1162; x_wconf 75' lang='grc' dir='ltr'><strong>ἁγιωσύνην</strong></span> <span class='ocrx_word' id='word_1_160' title='bbox 3089 1091 3474 1152; x_wconf 84' lang='grc' dir='ltr'>διαδείκνυται,</span> <span class='ocrx_word' id='word_1_161' title='bbox 3551 1089 3686 1156; x_wconf 82' lang='grc' dir='ltr'>ὅπερ</span> 
     </span>
    </p>
   </div>
   <div class='ocr_carea' id='block_1_28' title="bbox 2110 1178 3691 1258">
    <p class='ocr_par' dir='ltr' id='par_1_28' title="bbox 2110 1178 3691 1258">
     <span class='ocr_line' id='line_1_28' title="bbox 2110 1178 3691 1258; baseline -0.005 -20"><span class='ocrx_word' id='word_1_162' title='bbox 2110 1181 2179 1258; x_wconf 77' lang='grc' dir='ltr'><strong>ἦν</strong></span> <span class='ocrx_word' id='word_1_163' title='bbox 2214 1186 2494 1255; x_wconf 77' lang='grc' dir='ltr'><strong>ἐκφύσεως</strong></span> <span class='ocrx_word' id='word_1_164' title='bbox 2559 1184 2650 1237; x_wconf 74' lang='grc' dir='ltr'>καὶ</span> <span class='ocrx_word' id='word_1_165' title='bbox 2689 1183 2899 1254; x_wconf 82' lang='grc' dir='ltr'>φαύλης</span> <span class='ocrx_word' id='word_1_166' title='bbox 2941 1183 3203 1252; x_wconf 82' lang='grc' dir='ltr'>βιώσεως.</span> <span class='ocrx_word' id='word_1_167' title='bbox 3245 1181 3318 1232; x_wconf 87' lang='grc' dir='ltr'><em>Ἢ</em></span> <span class='ocrx_word' id='word_1_168' title='bbox 3359 1179 3494 1232; x_wconf 86' lang='grc' dir='ltr'><strong>ἀλλά</strong></span> <span class='ocrx_word' id='word_1_169' title='bbox 3534 1178 3691 1230; x_wconf 86' lang='grc' dir='ltr'>εὑλα-</span> 
     </span>
    </p>
   </div>
   <div class='ocr_carea' id='block_1_29' title="bbox 2114 1269 3690 1350">
    <p class='ocr_par' dir='ltr' id='par_1_29' title="bbox 2114 1269 3690 1350">
     <span class='ocr_line' id='line_1_29' title="bbox 2114 1269 3690 1350; baseline -0.008 -18"><span class='ocrx_word' id='word_1_170' title='bbox 2114 1280 2300 1350; x_wconf 71' lang='grc' dir='ltr'>θηηεὶς</span> <span class='ocrx_word' id='word_1_171' title='bbox 2345 1279 2536 1348; x_wconf 87' lang='grc' dir='ltr'>τάχιον</span> <span class='ocrx_word' id='word_1_172' title='bbox 2584 1279 2682 1347; x_wconf 75' lang='grc' dir='ltr'>τὴν</span> <span class='ocrx_word' id='word_1_173' title='bbox 2730 1279 2864 1338; x_wconf 72' lang='grc' dir='ltr'>ὅλως</span> <span class='ocrx_word' id='word_1_174' title='bbox 2910 1276 3204 1343; x_wconf 76' lang='grc' dir='ltr'>ὑπόκρισιν</span> <span class='ocrx_word' id='word_1_175' title='bbox 3252 1273 3344 1325; x_wconf 82' lang='grc' dir='ltr'><strong>τοῦ</strong></span> <span class='ocrx_word' id='word_1_176' title='bbox 3371 1270 3557 1334; x_wconf 79' lang='grc' dir='ltr'>καλοῦ,</span> <span class='ocrx_word' id='word_1_177' title='bbox 3614 1269 3690 1330; x_wconf 83' lang='grc' dir='ltr'><strong>ὡς</strong></span> 
     </span>
    </p>
   </div>
   <div class='ocr_carea' id='block_1_30' title="bbox 2113 1361 3691 1442">
    <p class='ocr_par' dir='ltr' id='par_1_30' title="bbox 2113 1361 3691 1442">
     <span class='ocr_line' id='line_1_30' title="bbox 2113 1361 3691 1442; baseline -0.008 -18"><span class='ocrx_word' id='word_1_178' title='bbox 2113 1373 2209 1424; x_wconf 62' lang='grc' dir='ltr'><strong>κα)⁸</strong></span> <span class='ocrx_word' id='word_1_179' title='bbox 2283 1370 2449 1442; x_wconf 83' lang='grc' dir='ltr'>αὑτὴν</span> <span class='ocrx_word' id='word_1_180' title='bbox 2485 1369 2706 1440; x_wconf 84' lang='grc' dir='ltr'>βαρεῖαν</span> <span class='ocrx_word' id='word_1_181' title='bbox 2737 1369 2830 1420; x_wconf 77' lang='grc' dir='ltr'>καὶ</span> <span class='ocrx_word' id='word_1_182' title='bbox 2883 1365 3299 1420; x_wconf 79' lang='grc' dir='ltr'>καταπονοῦσαν</span> <span class='ocrx_word' id='word_1_183' title='bbox 3335 1363 3498 1415; x_wconf 67' lang='grc' dir='ltr'>αὑτὸν</span> <span class='ocrx_word' id='word_1_184' title='bbox 3552 1361 3691 1431; x_wconf 62' lang='grc' dir='ltr'>πρὸς</span> 
     </span>
    </p>
   </div>
   <div class='ocr_carea' id='block_1_31' title="bbox 2111 1454 3693 1531">
    <p class='ocr_par' dir='ltr' id='par_1_31' title="bbox 2111 1454 3693 1531">
     <span class='ocr_line' id='line_1_31' title="bbox 2111 1454 3693 1531; baseline -0.007 -15"><span class='ocrx_word' id='word_1_185' title='bbox 2111 1463 2403 1531; x_wconf 83' lang='grc' dir='ltr'>ὁμοιότητα</span> <span class='ocrx_word' id='word_1_186' title='bbox 2447 1461 2538 1515; x_wconf 76' lang='grc' dir='ltr'>τοῦ</span> <span class='ocrx_word' id='word_1_187' title='bbox 2575 1464 2632 1514; x_wconf 83' lang='grc' dir='ltr'>ἐν</span> <span class='ocrx_word' id='word_1_188' title='bbox 2666 1462 2881 1528; x_wconf 78' lang='grc' dir='ltr'>ἀγεννεῖ</span> <span class='ocrx_word' id='word_1_189' title='bbox 2911 1459 2986 1528; x_wconf 81' lang='grc' dir='ltr'><strong>τῷ</strong></span> <span class='ocrx_word' id='word_1_190' title='bbox 3023 1457 3234 1528; x_wconf 83' lang='grc' dir='ltr'>σώματι</span> <span class='ocrx_word' id='word_1_191' title='bbox 3286 1457 3421 1524; x_wconf 72' lang='grc' dir='ltr'>πρὸς</span> <span class='ocrx_word' id='word_1_192' title='bbox 3485 1454 3693 1506; x_wconf 84' lang='grc' dir='ltr'>ὁπλιτι-</span> 
     </span>
    </p>
   </div>
   <div class='ocr_carea' id='block_1_32' title="bbox 2114 1550 3694 1626">
    <p class='ocr_par' dir='ltr' id='par_1_32' title="bbox 2114 1550 3694 1626">
     <span class='ocr_line' id='line_1_32' title="bbox 2114 1550 3694 1626; baseline -0.006 -18"><span class='ocrx_word' id='word_1_193' title='bbox 2114 1556 2216 1624; x_wconf 79' lang='grc' dir='ltr'>κὴν</span> <span class='ocrx_word' id='word_1_194' title='bbox 2244 1556 2443 1626; x_wconf 75' lang='grc' dir='ltr'>σκηνὴν</span> <span class='ocrx_word' id='word_1_195' title='bbox 2463 1553 2871 1622; x_wconf 71' lang='grc' dir='ltr'><strong>ἐνδεικνυμένου</strong></span> <span class='ocrx_word' id='word_1_196' title='bbox 2891 1551 2958 1604; x_wconf 87' lang='grc' dir='ltr'><strong>τά</strong></span> <span class='ocrx_word' id='word_1_197' title='bbox 2978 1551 3086 1604; x_wconf 79' lang='grc' dir='ltr'><strong>τῶν</strong></span> <span class='ocrx_word' id='word_1_198' title='bbox 3105 1550 3506 1619; x_wconf 67' lang='grc' dir='ltr'><strong>καταφράκτων</strong></span> <span class='ocrx_word' id='word_1_199' title='bbox 3527 1563 3694 1616; x_wconf 84' lang='grc' dir='ltr'>στρα-</span> 
     </span>
    </p>
   </div>
   <div class='ocr_carea' id='block_1_33' title="bbox 2115 1639 3686 1716">
    <p class='ocr_par' dir='ltr' id='par_1_33' title="bbox 2115 1639 3686 1716">
     <span class='ocr_line' id='line_1_33' title="bbox 2115 1639 3686 1716; baseline -0.005 -17"><span class='ocrx_word' id='word_1_200' title='bbox 2115 1647 2324 1699; x_wconf 82' lang='grc' dir='ltr'>τιωτῶν</span> <span class='ocrx_word' id='word_1_201' title='bbox 2356 1645 2498 1716; x_wconf 84' lang='grc' dir='ltr'>(οὑδὲ</span> <span class='ocrx_word' id='word_1_202' title='bbox 2527 1644 2634 1713; x_wconf 79' lang='grc' dir='ltr'>γὰρ</span> <span class='ocrx_word' id='word_1_203' title='bbox 2665 1645 2784 1697; x_wconf 85' lang='grc' dir='ltr'>οὑδὲ</span> <span class='ocrx_word' id='word_1_204' title='bbox 2811 1645 3017 1705; x_wconf 75' lang='grc' dir='ltr'>ἐκεῖνος</span> <span class='ocrx_word' id='word_1_205' title='bbox 3049 1641 3336 1710; x_wconf 79' lang='grc' dir='ltr'><strong>εὐρύθμως</strong></span> <span class='ocrx_word' id='word_1_206' title='bbox 3365 1639 3539 1694; x_wconf 83' lang='grc' dir='ltr'>διόλου</span> <span class='ocrx_word' id='word_1_207' title='bbox 3572 1639 3686 1706; x_wconf 77' lang='grc' dir='ltr'>ἔχει</span> 
     </span>
    </p>
   </div>
   <div class='ocr_carea' id='block_1_34' title="bbox 2116 1727 3690 1807">
    <p class='ocr_par' dir='ltr' id='par_1_34' title="bbox 2116 1727 3690 1807">
     <span class='ocr_line' id='line_1_34' title="bbox 2116 1727 3690 1807; baseline -0.006 -17"><span class='ocrx_word' id='word_1_208' title='bbox 2116 1736 2409 1798; x_wconf 82' lang='grc' dir='ltr'>κινεῖσθαι,</span> <span class='ocrx_word' id='word_1_209' title='bbox 2443 1733 2909 1807; x_wconf 76' lang='grc' dir='ltr'>περιϐεϐλημένος</span> <span class='ocrx_word' id='word_1_210' title='bbox 2936 1733 3100 1804; x_wconf 79' lang='grc' dir='ltr'>βάρος</span> <span class='ocrx_word' id='word_1_211' title='bbox 3133 1731 3398 1794; x_wconf 80' lang='grc' dir='ltr'><strong>ὁπλίσεως</strong></span> <span class='ocrx_word' id='word_1_212' title='bbox 3450 1727 3690 1782; x_wconf 85' lang='grc' dir='ltr'>πολυτά-</span> 
     </span>
    </p>
   </div>
   <div class='ocr_carea' id='block_1_35' title="bbox 2039 1819 3692 1898">
    <p class='ocr_par' dir='ltr' id='par_1_35' title="bbox 2039 1819 3692 1898">
     <span class='ocr_line' id='line_1_35' title="bbox 2039 1819 3692 1898; baseline -0.002 -21"><span class='ocrx_word' id='word_1_213' title='bbox 2039 1824 2080 1877; x_wconf 87' lang='lat' dir='ltr'><strong><em>B</em></strong></span> <span class='ocrx_word' id='word_1_214' title='bbox 2109 1826 2342 1897; x_wconf 78' lang='grc' dir='ltr'><strong>λαντον),</strong></span> <span class='ocrx_word' id='word_1_215' title='bbox 2371 1826 2699 1898; x_wconf 76' lang='grc' dir='ltr'>ἀπορρίπτει</span> <span class='ocrx_word' id='word_1_216' title='bbox 2729 1827 2826 1896; x_wconf 87' lang='grc' dir='ltr'>μὲν</span> <span class='ocrx_word' id='word_1_217' title='bbox 2872 1825 2967 1879; x_wconf 79' lang='grc' dir='ltr'>καὶ</span> <span class='ocrx_word' id='word_1_218' title='bbox 3003 1824 3134 1878; x_wconf 80' lang='grc' dir='ltr'>αὐτὸ</span> <span class='ocrx_word' id='word_1_219' title='bbox 3162 1823 3220 1876; x_wconf 85' lang='grc' dir='ltr'><strong>τὺ</strong></span> <span class='ocrx_word' id='word_1_220' title='bbox 3250 1823 3548 1894; x_wconf 79' lang='grc' dir='ltr'>πρόσχημα</span> <span class='ocrx_word' id='word_1_221' title='bbox 3591 1819 3692 1889; x_wconf 78' lang='grc' dir='ltr'><strong>τῇς</strong></span> 
     </span>
    </p>
   </div>
   <div class='ocr_carea' id='block_1_36' title="bbox 425 1915 3693 1998">
    <p class='ocr_par' dir='ltr' id='par_1_36' title="bbox 425 1915 3693 1998">
     <span class='ocr_line' id='line_1_36' title="bbox 425 1915 3693 1998; baseline -0.002 -20"><span class='ocrx_word' id='word_1_222' title='bbox 425 1926 628 1996; x_wconf 77' lang='grc' dir='ltr'>ἀρετῆς</span> <span class='ocrx_word' id='word_1_223' title='bbox 666 1927 743 1991; x_wconf 83' lang='grc' dir='ltr'><strong>ὡς</strong></span> <span class='ocrx_word' id='word_1_224' title='bbox 769 1925 906 1998; x_wconf 84' lang='grc' dir='ltr'>βαρὺ</span> <span class='ocrx_word' id='word_1_225' title='bbox 940 1929 1035 1982; x_wconf 74' lang='grc' dir='ltr'><strong>καὶ</strong></span> <span class='ocrx_word' id='word_1_226' title='bbox 1084 1925 1450 1991; x_wconf 78' lang='grc' dir='ltr'>ἀϐάστακτον,</span> <span class='ocrx_word' id='word_1_227' title='bbox 1487 1925 1922 1981; x_wconf 87' lang='grc' dir='ltr'>ἀποκαθίσταται</span> <span class='ocrx_word' id='word_1_228' title='bbox 1944 1925 2000 1979; x_wconf 67' lang='grc' dir='ltr'>δὲ</span> <span class='ocrx_word' id='word_1_229' title='bbox 2037 1925 2408 1995; x_wconf 79' lang='grc' dir='ltr'><strong>δραπετεύσας</strong></span> <span class='ocrx_word' id='word_1_230' title='bbox 2435 1924 2642 1978; x_wconf 71' lang='grc' dir='ltr'>ἐκεῖθεν</span> <span class='ocrx_word' id='word_1_231' title='bbox 2697 1922 2865 1992; x_wconf 78' lang='grc' dir='ltr'>ταχὺς</span> <span class='ocrx_word' id='word_1_232' title='bbox 2937 1923 3013 1987; x_wconf 86' lang='grc' dir='ltr'><strong>είς</strong></span> <span class='ocrx_word' id='word_1_233' title='bbox 3064 1923 3124 1976; x_wconf 85' lang='grc' dir='ltr'>τὸ</span> <span class='ocrx_word' id='word_1_234' title='bbox 3183 1920 3478 1992; x_wconf 82' lang='grc' dir='ltr'>προφανῶς</span> <span class='ocrx_word' id='word_1_235' title='bbox 3557 1915 3693 1988; x_wconf 73' lang='grc' dir='ltr'>ἐφά-</span> 
     </span>
    </p>
   </div>
   <div class='ocr_carea' id='block_1_37' title="bbox 431 2041 660 2093">
    <p class='ocr_par' dir='ltr' id='par_1_37' title="bbox 431 2041 660 2093">
     <span class='ocr_line' id='line_1_37' title="bbox 431 2041 660 2093; baseline -0.004 -16"><span class='ocrx_word' id='word_1_236' title='bbox 431 2041 506 2093; x_wconf 87' lang='grc' dir='ltr'><strong>μα</strong></span> <span class='ocrx_word' id='word_1_237' title='bbox 515 2041 660 2093; x_wconf 87' lang='grc' dir='ltr'>ρτον.</span> 
     </span>
    </p>
   </div>
   <div class='ocr_carea' id='block_1_38' title="bbox 495 2115 2002 2188">
    <p class='ocr_par' dir='ltr' id='par_1_38' title="bbox 495 2115 2002 2188">
     <span class='ocr_line' id='line_1_38' title="bbox 495 2115 2002 2188; baseline -0.001 -18"><span class='ocrx_word' id='word_1_238' title='bbox 495 2117 584 2171; x_wconf 81' lang='grc'><strong>30.</strong></span> <span class='ocrx_word' id='word_1_239' title='bbox 630 2115 695 2170; x_wconf 87' lang='grc' dir='ltr'>Ει</span> <span class='ocrx_word' id='word_1_240' title='bbox 723 2117 804 2174; x_wconf 85' lang='lat' dir='ltr'><strong>sic</strong></span> <span class='ocrx_word' id='word_1_241' title='bbox 862 2126 1090 2185; x_wconf 89' lang='lat' dir='ltr'><strong>uterque</strong></span> <span class='ocrx_word' id='word_1_242' title='bbox 1149 2115 1489 2171; x_wconf 88' lang='lat' dir='ltr'><strong>simulationi</strong></span> <span class='ocrx_word' id='word_1_243' title='bbox 1518 2118 1711 2183; x_wconf 82' lang='lat' dir='ltr'><strong>servit;</strong></span> <span class='ocrx_word' id='word_1_244' title='bbox 1748 2117 1840 2188; x_wconf 90' lang='lat' dir='ltr'><strong>qui</strong></span> <span class='ocrx_word' id='word_1_245' title='bbox 1879 2131 2002 2186; x_wconf 83' lang='lat' dir='ltr'><strong>per-</strong></span> 
     </span>
    </p>
   </div>
   <div class='ocr_carea' id='block_1_39' title="bbox 425 2207 2004 2278">
    <p class='ocr_par' dir='ltr' id='par_1_39' title="bbox 425 2207 2004 2278">
     <span class='ocr_line' id='line_1_39' title="bbox 425 2207 2004 2278; baseline 0 -16"><span class='ocrx_word' id='word_1_246' title='bbox 425 2217 641 2262; x_wconf 72' lang='lat' dir='ltr'><strong>severat</strong></span> <span class='ocrx_word' id='word_1_247' title='bbox 661 2219 715 2263; x_wconf 93' lang='lat' dir='ltr'><strong>et</strong></span> <span class='ocrx_word' id='word_1_248' title='bbox 747 2209 836 2278; x_wconf 93' lang='lat' dir='ltr'><strong>qui</strong></span> <span class='ocrx_word' id='word_1_249' title='bbox 862 2207 1126 2278; x_wconf 80' lang='lat' dir='ltr'><strong>fugitivus</strong></span> <span class='ocrx_word' id='word_1_250' title='bbox 1147 2217 1232 2263; x_wconf 89' lang='lat' dir='ltr'><strong>est</strong></span> <span class='ocrx_word' id='word_1_251' title='bbox 1258 2223 1452 2278; x_wconf 84' lang='lat' dir='ltr'><strong>puram</strong></span> <span class='ocrx_word' id='word_1_252' title='bbox 1483 2208 2004 2264; x_wconf 88' lang='lat' dir='ltr'><strong>retinentsimilitu-</strong></span> 
     </span>
    </p>
   </div>
   <div class='ocr_carea' id='block_1_40' title="bbox 423 2297 2007 2370">
    <p class='ocr_par' dir='ltr' id='par_1_40' title="bbox 423 2297 2007 2370">
     <span class='ocr_line' id='line_1_40' title="bbox 423 2297 2007 2370; baseline 0.002 -19"><span class='ocrx_word' id='word_1_253' title='bbox 423 2297 606 2352; x_wconf 88' lang='lat' dir='ltr'><strong>dinem</strong></span> <span class='ocrx_word' id='word_1_254' title='bbox 627 2314 754 2352; x_wconf 89' lang='lat' dir='ltr'><strong>cum</strong></span> <span class='ocrx_word' id='word_1_255' title='bbox 787 2313 851 2353; x_wconf 92' lang='lat' dir='ltr'><strong>eo</strong></span> <span class='ocrx_word' id='word_1_256' title='bbox 872 2299 967 2369; x_wconf 90' lang='lat' dir='ltr'><strong>qui</strong></span> <span class='ocrx_word' id='word_1_257' title='bbox 995 2299 1267 2368; x_wconf 75' lang='lat' dir='ltr'><strong>principio</strong></span> <span class='ocrx_word' id='word_1_258' title='bbox 1288 2300 1468 2369; x_wconf 90' lang='lat' dir='ltr'><strong>paruit</strong></span> <span class='ocrx_word' id='word_1_259' title='bbox 1486 2300 2007 2370; x_wconf 80' lang='lat' dir='ltr'><strong>ltypocrita,scilicet</strong></span> 
     </span>
    </p>
   </div>
   <div class='ocr_carea' id='block_1_41' title="bbox 424 2389 2004 2462">
    <p class='ocr_par' dir='ltr' id='par_1_41' title="bbox 424 2389 2004 2462">
     <span class='ocr_line' id='line_1_41' title="bbox 424 2389 2004 2462; baseline 0.003 -20"><span class='ocrx_word' id='word_1_260' title='bbox 424 2391 888 2460; x_wconf 79' lang='lat' dir='ltr'><strong>antiquiSsitnum.</strong></span> <span class='ocrx_word' id='word_1_261' title='bbox 937 2389 1036 2448; x_wconf 80' lang='lat' dir='ltr'><strong>Hic</strong></span> <span class='ocrx_word' id='word_1_262' title='bbox 1089 2392 1234 2446; x_wconf 88' lang='lat' dir='ltr'><strong>enim</strong></span> <span class='ocrx_word' id='word_1_263' title='bbox 1295 2391 1711 2462; x_wconf 87' lang='lat' dir='ltr'><strong>qualiscunque,</strong></span> <span class='ocrx_word' id='word_1_264' title='bbox 1773 2393 1818 2447; x_wconf 95' lang='lat' dir='ltr'><strong>si</strong></span> <span class='ocrx_word' id='word_1_265' title='bbox 1863 2390 2004 2448; x_wconf 88' lang='lat' dir='ltr'><strong>forte</strong></span> 
     </span>
    </p>
   </div>
   <div class='ocr_carea' id='block_1_42' title="bbox 424 2483 1999 2552">
    <p class='ocr_par' dir='ltr' id='par_1_42' title="bbox 424 2483 1999 2552">
     <span class='ocr_line' id='line_1_42' title="bbox 424 2483 1999 2552; baseline 0.001 -16"><span class='ocrx_word' id='word_1_266' title='bbox 424 2483 748 2552; x_wconf 82' lang='lat' dir='ltr'><strong>contigiset</strong></span> <span class='ocrx_word' id='word_1_267' title='bbox 793 2492 851 2537; x_wconf 91' lang='lat' dir='ltr'><strong>ttt</strong></span> <span class='ocrx_word' id='word_1_268' title='bbox 888 2483 1049 2539; x_wconf 92' lang='lat' dir='ltr'><strong>homo</strong></span> <span class='ocrx_word' id='word_1_269' title='bbox 1082 2497 1344 2552; x_wconf 87' lang='lat' dir='ltr'><strong>personas</strong></span> <span class='ocrx_word' id='word_1_270' title='bbox 1378 2484 1628 2539; x_wconf 89' lang='lat' dir='ltr'><strong>heroicas</strong></span> <span class='ocrx_word' id='word_1_271' title='bbox 1665 2483 1999 2550; x_wconf 90' lang='lat' dir='ltr'><strong>imitaretur,</strong></span> 
     </span>
    </p>
   </div>
   <div class='ocr_carea' id='block_1_43' title="bbox 430 2574 2001 2645">
    <p class='ocr_par' dir='ltr' id='par_1_43' title="bbox 430 2574 2001 2645">
     <span class='ocr_line' id='line_1_43' title="bbox 430 2574 2001 2645; baseline 0.001 -17"><span class='ocrx_word' id='word_1_272' title='bbox 430 2574 628 2630; x_wconf 78' lang='lat' dir='ltr'><strong>deinde</strong></span> <span class='ocrx_word' id='word_1_273' title='bbox 657 2583 779 2643; x_wconf 90' lang='lat' dir='ltr'><strong>post</strong></span> <span class='ocrx_word' id='word_1_274' title='bbox 801 2589 1019 2630; x_wconf 86' lang='lat' dir='ltr'><strong>scenam</strong></span> <span class='ocrx_word' id='word_1_275' title='bbox 1050 2575 1102 2629; x_wconf 92' lang='lat' dir='ltr'><strong>in</strong></span> <span class='ocrx_word' id='word_1_276' title='bbox 1138 2574 1396 2630; x_wconf 83' lang='lat' dir='ltr'><strong>humilem</strong></span> <span class='ocrx_word' id='word_1_277' title='bbox 1449 2586 1505 2629; x_wconf 93' lang='lat' dir='ltr'><strong>ut</strong></span> <span class='ocrx_word' id='word_1_278' title='bbox 1537 2575 1694 2645; x_wconf 83' lang='lat' dir='ltr'><strong>prius</strong></span> <span class='ocrx_word' id='word_1_279' title='bbox 1723 2575 2001 2631; x_wconf 81' lang='lat' dir='ltr'><strong>hominem</strong></span> 
     </span>
    </p>
   </div>
   <div class='ocr_carea' id='block_1_44' title="bbox 423 2666 2004 2737">
    <p class='ocr_par' dir='ltr' id='par_1_44' title="bbox 423 2666 2004 2737">
     <span class='ocr_line' id='line_1_44' title="bbox 423 2666 2004 2737; baseline 0.001 -19"><span class='ocrx_word' id='word_1_280' title='bbox 423 2666 634 2720; x_wconf 88' lang='lat' dir='ltr'><strong>redibat</strong></span> <span class='ocrx_word' id='word_1_281' title='bbox 663 2682 680 2720; x_wconf 91' lang='lat'><strong>:</strong></span> <span class='ocrx_word' id='word_1_282' title='bbox 709 2666 996 2737; x_wconf 84' lang='lat' dir='ltr'><strong>hypocrita</strong></span> <span class='ocrx_word' id='word_1_283' title='bbox 1040 2680 1171 2720; x_wconf 86' lang='lat' dir='ltr'><strong>vero</strong></span> <span class='ocrx_word' id='word_1_284' title='bbox 1201 2667 1525 2730; x_wconf 86' lang='lat' dir='ltr'><strong>monachus,</strong></span> <span class='ocrx_word' id='word_1_285' title='bbox 1575 2676 1864 2736; x_wconf 89' lang='lat' dir='ltr'><strong>postquam</strong></span> <span class='ocrx_word' id='word_1_286' title='bbox 1891 2667 2004 2720; x_wconf 90' lang='lat' dir='ltr'><strong>vir-</strong></span> 
     </span>
    </p>
   </div>
   <div class='ocr_carea' id='block_1_45' title="bbox 426 2757 2004 2828">
    <p class='ocr_par' dir='ltr' id='par_1_45' title="bbox 426 2757 2004 2828">
     <span class='ocr_line' id='line_1_45' title="bbox 426 2757 2004 2828; baseline 0.001 -18"><span class='ocrx_word' id='word_1_287' title='bbox 426 2765 599 2812; x_wconf 88' lang='lat' dir='ltr'><strong>tutem</strong></span> <span class='ocrx_word' id='word_1_288' title='bbox 639 2759 1048 2828; x_wconf 84' lang='lat' dir='ltr'><strong>quomodolibet</strong></span> <span class='ocrx_word' id='word_1_289' title='bbox 1096 2758 1286 2822; x_wconf 80' lang='lat' dir='ltr'><strong>illusit,</strong></span> <span class='ocrx_word' id='word_1_290' title='bbox 1322 2760 1414 2814; x_wconf 92' lang='lat' dir='ltr'><strong>ille</strong></span> <span class='ocrx_word' id='word_1_291' title='bbox 1468 2774 1659 2815; x_wconf 85' lang='lat' dir='ltr'><strong>rursus</strong></span> <span class='ocrx_word' id='word_1_292' title='bbox 1697 2768 1878 2814; x_wconf 87' lang='lat' dir='ltr'><strong>manet</strong></span> <span class='ocrx_word' id='word_1_293' title='bbox 1909 2757 2004 2828; x_wconf 91' lang='lat' dir='ltr'><strong>qui</strong></span> 
     </span>
    </p>
   </div>
   <div class='ocr_carea' id='block_1_46' title="bbox 424 2851 2002 2921">
    <p class='ocr_par' dir='ltr' id='par_1_46' title="bbox 424 2851 2002 2921">
     <span class='ocr_line' id='line_1_46' title="bbox 424 2851 2002 2921; baseline 0.002 -19"><span class='ocrx_word' id='word_1_294' title='bbox 424 2859 552 2905; x_wconf 87' lang='lat' dir='ltr'><strong>ante</strong></span> <span class='ocrx_word' id='word_1_295' title='bbox 584 2851 1119 2920; x_wconf 67' lang='lat' dir='ltr'><strong>reprazsentationem</strong></span> <span class='ocrx_word' id='word_1_296' title='bbox 1150 2859 1267 2906; x_wconf 89' lang='lat' dir='ltr'><strong>erat</strong></span> <span class='ocrx_word' id='word_1_297' title='bbox 1295 2861 1574 2921; x_wconf 88' lang='lat' dir='ltr'><strong>peccator.</strong></span> <span class='ocrx_word' id='word_1_298' title='bbox 1637 2851 2002 2907; x_wconf 83' lang='lat' dir='ltr'><strong>Ascribantur</strong></span> 
     </span>
    </p>
   </div>
   <div class='ocr_carea' id='block_1_47' title="bbox 419 2941 2000 3012">
    <p class='ocr_par' dir='ltr' id='par_1_47' title="bbox 419 2941 2000 3012">
     <span class='ocr_line' id='line_1_47' title="bbox 419 2941 2000 3012; baseline 0.003 -17"><span class='ocrx_word' id='word_1_299' title='bbox 419 2957 552 3012; x_wconf 86' lang='lat' dir='ltr'><strong>ergo</strong></span> <span class='ocrx_word' id='word_1_300' title='bbox 588 2941 725 2997; x_wconf 83' lang='lat' dir='ltr'><strong>tales</strong></span> <span class='ocrx_word' id='word_1_301' title='bbox 758 2943 1006 2997; x_wconf 87' lang='lat' dir='ltr'><strong>homines</strong></span> <span class='ocrx_word' id='word_1_302' title='bbox 1035 2944 1248 2998; x_wconf 90' lang='lat' dir='ltr'><strong>comico</strong></span> <span class='ocrx_word' id='word_1_303' title='bbox 1289 2943 1524 3010; x_wconf 91' lang='lat' dir='ltr'><strong>theatro,</strong></span> <span class='ocrx_word' id='word_1_304' title='bbox 1572 2953 1625 2997; x_wconf 91' lang='lat' dir='ltr'><strong>et</strong></span> <span class='ocrx_word' id='word_1_305' title='bbox 1666 2945 2000 3000; x_wconf 89' lang='lat' dir='ltr'><strong>subordinati</strong></span> 
     </span>
    </p>
   </div>
   <div class='ocr_carea' id='block_1_48' title="bbox 422 3030 2002 3102">
    <p class='ocr_par' dir='ltr' id='par_1_48' title="bbox 422 3030 2002 3102">
     <span class='ocr_line' id='line_1_48' title="bbox 422 3030 2002 3102; baseline -0.001 -16"><span class='ocrx_word' id='word_1_306' title='bbox 422 3032 642 3102; x_wconf 89' lang='lat' dir='ltr'><strong>quidem</strong></span> <span class='ocrx_word' id='word_1_307' title='bbox 703 3031 1025 3086; x_wconf 83' lang='lat' dir='ltr'><strong>ordinentur</strong></span> <span class='ocrx_word' id='word_1_308' title='bbox 1059 3031 1111 3084; x_wconf 92' lang='lat' dir='ltr'><strong>in</strong></span> <span class='ocrx_word' id='word_1_309' title='bbox 1145 3030 1470 3101; x_wconf 88' lang='lat' dir='ltr'><strong>simpliciter</strong></span> <span class='ocrx_word' id='word_1_310' title='bbox 1518 3031 1766 3087; x_wconf 80' lang='lat' dir='ltr'><strong>scenicos</strong></span> <span class='ocrx_word' id='word_1_311' title='bbox 1794 3044 2002 3102; x_wconf 91' lang='lat' dir='ltr'><strong>eosque</strong></span> 
     </span>
    </p>
   </div>
   <div class='ocr_carea' id='block_1_49' title="bbox 421 3120 2000 3193">
    <p class='ocr_par' dir='ltr' id='par_1_49' title="bbox 421 3120 2000 3193">
     <span class='ocr_line' id='line_1_49' title="bbox 421 3120 2000 3193; baseline -0.001 -15"><span class='ocrx_word' id='word_1_312' title='bbox 421 3139 530 3180; x_wconf 88' lang='lat' dir='ltr'><strong>non</strong></span> <span class='ocrx_word' id='word_1_313' title='bbox 583 3123 917 3188; x_wconf 90' lang='lat' dir='ltr'><strong>concinnos;</strong></span> <span class='ocrx_word' id='word_1_314' title='bbox 971 3123 1283 3191; x_wconf 86' lang='lat' dir='ltr'><strong>superiores</strong></span> <span class='ocrx_word' id='word_1_315' title='bbox 1335 3132 1516 3178; x_wconf 89' lang='lat' dir='ltr'><strong>autem</strong></span> <span class='ocrx_word' id='word_1_316' title='bbox 1571 3132 1890 3193; x_wconf 90' lang='lat' dir='ltr'><strong>reputentur</strong></span> <span class='ocrx_word' id='word_1_317' title='bbox 1944 3120 2000 3176; x_wconf 95' lang='lat' dir='ltr'><strong>in</strong></span> 
     </span>
    </p>
   </div>
   <div class='ocr_carea' id='block_1_50' title="bbox 425 3211 2001 3284">
    <p class='ocr_par' dir='ltr' id='par_1_50' title="bbox 425 3211 2001 3284">
     <span class='ocr_line' id='line_1_50' title="bbox 425 3211 2001 3284; baseline -0.001 -14"><span class='ocrx_word' id='word_1_318' title='bbox 425 3215 622 3270; x_wconf 88' lang='lat' dir='ltr'><strong>theatri</strong></span> <span class='ocrx_word' id='word_1_319' title='bbox 680 3215 867 3277; x_wconf 90' lang='lat' dir='ltr'><strong>duces,</strong></span> <span class='ocrx_word' id='word_1_320' title='bbox 937 3213 1136 3283; x_wconf 92' lang='lat' dir='ltr'><strong>istique</strong></span> <span class='ocrx_word' id='word_1_321' title='bbox 1217 3213 1563 3284; x_wconf 76' lang='lat' dir='ltr'><strong>imperfectas</strong></span> <span class='ocrx_word' id='word_1_322' title='bbox 1621 3211 2001 3268; x_wconf 87' lang='lat' dir='ltr'><strong>simulationes</strong></span> 
     </span>
    </p>
   </div>
   <div class='ocr_carea' id='block_1_51' title="bbox 414 3304 2003 3375">
    <p class='ocr_par' dir='ltr' id='par_1_51' title="bbox 414 3304 2003 3375">
     <span class='ocr_line' id='line_1_51' title="bbox 414 3304 2003 3375; baseline -0.001 -13"><span class='ocrx_word' id='word_1_323' title='bbox 414 3307 677 3370; x_wconf 79' lang='lat' dir='ltr'><strong>-rideant,</strong></span> <span class='ocrx_word' id='word_1_324' title='bbox 705 3305 1092 3375; x_wconf 77' lang='lat' dir='ltr'><strong>cogitationem</strong></span> <span class='ocrx_word' id='word_1_325' title='bbox 1145 3305 1385 3374; x_wconf 80' lang='lat' dir='ltr'><strong>expertis</strong></span> <span class='ocrx_word' id='word_1_326' title='bbox 1415 3309 1791 3375; x_wconf 77' lang='lat' dir='ltr'><strong>suggerentes,</strong></span> <span class='ocrx_word' id='word_1_327' title='bbox 1815 3304 2003 3372; x_wconf 83' lang='lat' dir='ltr'><strong>quales</strong></span> 
     </span>
    </p>
   </div>
   <div class='ocr_carea' id='block_1_52' title="bbox 431 3394 1996 3466">
    <p class='ocr_par' dir='ltr' id='par_1_52' title="bbox 431 3394 1996 3466">
     <span class='ocr_line' id='line_1_52' title="bbox 431 3394 1996 3466; baseline -0.001 -14"><span class='ocrx_word' id='word_1_328' title='bbox 431 3412 558 3452; x_wconf 93' lang='lat' dir='ltr'><strong>cum</strong></span> <span class='ocrx_word' id='word_1_329' title='bbox 602 3405 829 3452; x_wconf 90' lang='lat' dir='ltr'><strong>tonsura</strong></span> <span class='ocrx_word' id='word_1_330' title='bbox 882 3397 1097 3464; x_wconf 83' lang='lat' dir='ltr'><strong>quidem</strong></span> <span class='ocrx_word' id='word_1_331' title='bbox 1166 3395 1537 3466; x_wconf 88' lang='lat' dir='ltr'><strong>apparuerint,</strong></span> <span class='ocrx_word' id='word_1_332' title='bbox 1589 3394 1780 3465; x_wconf 92' lang='lat' dir='ltr'><strong>quales</strong></span> <span class='ocrx_word' id='word_1_333' title='bbox 1813 3405 1996 3452; x_wconf 92' lang='lat' dir='ltr'><strong>autem</strong></span> 
     </span>
    </p>
   </div>
   <div class='ocr_carea' id='block_1_53' title="bbox 396 3487 2004 3560">
    <p class='ocr_par' dir='ltr' id='par_1_53' title="bbox 396 3487 2004 3560">
     <span class='ocr_line' id='line_1_53' title="bbox 396 3487 2004 3560; baseline 0.001 -17"><span class='ocrx_word' id='word_1_334' title='bbox 396 3498 548 3560; x_wconf 84' lang='lat' dir='ltr'><strong>post</strong></span> <span class='ocrx_word' id='word_1_335' title='bbox 611 3490 774 3542; x_wconf 84' lang='lat' dir='ltr'><strong>breve</strong></span> <span class='ocrx_word' id='word_1_336' title='bbox 832 3498 1046 3559; x_wconf 88' lang='lat' dir='ltr'><strong>tempus</strong></span> <span class='ocrx_word' id='word_1_337' title='bbox 1099 3487 1428 3544; x_wconf 81' lang='lat' dir='ltr'><strong>manifestati</strong></span> <span class='ocrx_word' id='word_1_338' title='bbox 1479 3489 1608 3543; x_wconf 88' lang='lat' dir='ltr'><strong>sint.</strong></span> <span class='ocrx_word' id='word_1_339' title='bbox 1648 3487 2004 3545; x_wconf 77' lang='lat' dir='ltr'><strong>Simularunt</strong></span> 
     </span>
    </p>
   </div>
   <div class='ocr_carea' id='block_1_54' title="bbox 422 3579 2000 3650">
    <p class='ocr_par' dir='ltr' id='par_1_54' title="bbox 422 3579 2000 3650">
     <span class='ocr_line' id='line_1_54' title="bbox 422 3579 2000 3650; baseline -0.001 -15"><span class='ocrx_word' id='word_1_340' title='bbox 422 3581 568 3635; x_wconf 86' lang='lat' dir='ltr'><strong>enim</strong></span> <span class='ocrx_word' id='word_1_341' title='bbox 620 3588 794 3634; x_wconf 83' lang='lat' dir='ltr'><strong>lotum</strong></span> <span class='ocrx_word' id='word_1_342' title='bbox 850 3579 1041 3650; x_wconf 82' lang='lat' dir='ltr'><strong>fugere</strong></span> <span class='ocrx_word' id='word_1_343' title='bbox 1101 3579 1355 3634; x_wconf 81' lang='lat' dir='ltr'><strong>tttunduttt</strong></span> <span class='ocrx_word' id='word_1_344' title='bbox 1407 3589 1460 3635; x_wconf 87' lang='lat' dir='ltr'><strong>el</strong></span> <span class='ocrx_word' id='word_1_345' title='bbox 1512 3589 1908 3649; x_wconf 83' lang='lat' dir='ltr'><strong>consequenter</strong></span> <span class='ocrx_word' id='word_1_346' title='bbox 1938 3594 2000 3634; x_wconf 83' lang='lat' dir='ltr'><strong>ea</strong></span> 
     </span>
    </p>
   </div>
   <div class='ocr_carea' id='block_1_55' title="bbox 421 3671 2004 3742">
    <p class='ocr_par' dir='ltr' id='par_1_55' title="bbox 421 3671 2004 3742">
     <span class='ocr_line' id='line_1_55' title="bbox 421 3671 2004 3742; baseline 0.002 -17"><span class='ocrx_word' id='word_1_347' title='bbox 421 3687 544 3742; x_wconf 68' lang='lat' dir='ltr'><strong>quae</strong></span> <span class='ocrx_word' id='word_1_348' title='bbox 602 3672 962 3737; x_wconf 82' lang='lat' dir='ltr'><strong>cetuitantur,</strong></span> <span class='ocrx_word' id='word_1_349' title='bbox 1001 3673 1143 3725; x_wconf 92' lang='lat' dir='ltr'><strong>inter</strong></span> <span class='ocrx_word' id='word_1_350' title='bbox 1177 3687 1296 3740; x_wconf 68' lang='lat' dir='ltr'><strong>quae</strong></span> <span class='ocrx_word' id='word_1_351' title='bbox 1335 3680 1461 3726; x_wconf 91' lang='lat' dir='ltr'><strong>sunt</strong></span> <span class='ocrx_word' id='word_1_352' title='bbox 1505 3680 1760 3741; x_wconf 88' lang='lat' dir='ltr'><strong>parentes</strong></span> <span class='ocrx_word' id='word_1_353' title='bbox 1801 3671 2004 3742; x_wconf 82' lang='lat' dir='ltr'><strong>aliique</strong></span> 
     </span>
    </p>
   </div>
   <div class='ocr_carea' id='block_1_56' title="bbox 388 3761 2003 3833">
    <p class='ocr_par' dir='ltr' id='par_1_56' title="bbox 388 3761 2003 3833">
     <span class='ocr_line' id='line_1_56' title="bbox 388 3761 2003 3833; baseline 0.001 -16"><span class='ocrx_word' id='word_1_354' title='bbox 388 3762 744 3818; x_wconf 73' lang='lat' dir='ltr'><strong>‘fatuiliares.</strong></span> <span class='ocrx_word' id='word_1_355' title='bbox 794 3761 1208 3817; x_wconf 76' lang='lat' dir='ltr'><strong>Con‘stitucruut</strong></span> <span class='ocrx_word' id='word_1_356' title='bbox 1252 3775 1432 3817; x_wconf 89' lang='lat' dir='ltr'><strong>autem</strong></span> <span class='ocrx_word' id='word_1_357' title='bbox 1466 3777 1684 3833; x_wconf 88' lang='lat' dir='ltr'><strong>quoque</strong></span> <span class='ocrx_word' id='word_1_358' title='bbox 1747 3764 1849 3818; x_wconf 89' lang='lat' dir='ltr'><strong>sibi</strong></span> <span class='ocrx_word' id='word_1_359' title='bbox 1886 3780 2003 3818; x_wconf 57' lang='lat' dir='ltr'><strong>mo.</strong></span> 
     </span>
    </p>
   </div>
   <div class='ocr_carea' id='block_1_57' title="bbox 429 3853 1996 3922">
    <p class='ocr_par' dir='ltr' id='par_1_57' title="bbox 429 3853 1996 3922">
     <span class='ocr_line' id='line_1_57' title="bbox 429 3853 1996 3922; baseline 0.001 -14"><span class='ocrx_word' id='word_1_360' title='bbox 429 3853 662 3908; x_wconf 87' lang='lat' dir='ltr'><strong>dcstiam</strong></span> <span class='ocrx_word' id='word_1_361' title='bbox 717 3863 770 3908; x_wconf 93' lang='lat' dir='ltr'><strong>et</strong></span> <span class='ocrx_word' id='word_1_362' title='bbox 831 3868 1148 3908; x_wconf 91' lang='lat' dir='ltr'><strong>successum</strong></span> <span class='ocrx_word' id='word_1_363' title='bbox 1200 3863 1254 3907; x_wconf 92' lang='lat' dir='ltr'><strong>et</strong></span> <span class='ocrx_word' id='word_1_364' title='bbox 1320 3857 1545 3910; x_wconf 89' lang='lat' dir='ltr'><strong>omnino</strong></span> <span class='ocrx_word' id='word_1_365' title='bbox 1600 3865 1996 3922; x_wconf 88' lang='lat' dir='ltr'><strong>paupertatem,</strong></span> 
     </span>
    </p>
   </div>
   <div class='ocr_carea' id='block_1_58' title="bbox 421 3944 2000 4015">
    <p class='ocr_par' dir='ltr' id='par_1_58' title="bbox 421 3944 2000 4015">
     <span class='ocr_line' id='line_1_58' title="bbox 421 3944 2000 4015; baseline 0.002 -17"><span class='ocrx_word' id='word_1_366' title='bbox 421 3946 662 4014; x_wconf 89' lang='lat' dir='ltr'><strong>ideoque</strong></span> <span class='ocrx_word' id='word_1_367' title='bbox 685 3944 817 3998; x_wconf 88' lang='lat' dir='ltr'><strong>nihil</strong></span> <span class='ocrx_word' id='word_1_368' title='bbox 837 3959 1061 4014; x_wconf 86' lang='lat' dir='ltr'><strong>prorsus</strong></span> <span class='ocrx_word' id='word_1_369' title='bbox 1080 3945 1268 4010; x_wconf 89' lang='lat' dir='ltr'><strong>partiri</strong></span> <span class='ocrx_word' id='word_1_370' title='bbox 1289 3955 1538 4015; x_wconf 88' lang='lat' dir='ltr'><strong>possunt.</strong></span> <span class='ocrx_word' id='word_1_371' title='bbox 1565 3946 1834 4012; x_wconf 88' lang='lat' dir='ltr'><strong>Quidnam</strong></span> <span class='ocrx_word' id='word_1_372' title='bbox 1854 3948 2000 4002; x_wconf 91' lang='lat' dir='ltr'><strong>enim</strong></span> 
     </span>
    </p>
   </div>
   <div class='ocr_carea' id='block_1_59' title="bbox 419 4035 2004 4105">
    <p class='ocr_par' dir='ltr' id='par_1_59' title="bbox 419 4035 2004 4105">
     <span class='ocr_line' id='line_1_59' title="bbox 419 4035 2004 4105; baseline 0.003 -18"><span class='ocrx_word' id='word_1_373' title='bbox 419 4035 782 4104; x_wconf 83' lang='lat' dir='ltr'><strong>partirentur,</strong></span> <span class='ocrx_word' id='word_1_374' title='bbox 831 4037 923 4104; x_wconf 91' lang='lat' dir='ltr'><strong>qui</strong></span> <span class='ocrx_word' id='word_1_375' title='bbox 967 4036 1100 4090; x_wconf 93' lang='lat' dir='ltr'><strong>nihil</strong></span> <span class='ocrx_word' id='word_1_376' title='bbox 1145 4036 1347 4090; x_wconf 85' lang='lat' dir='ltr'><strong>habere</strong></span> <span class='ocrx_word' id='word_1_377' title='bbox 1395 4037 1703 4105; x_wconf 82' lang='lat' dir='ltr'><strong>ﬁnxerunt;</strong></span> <span class='ocrx_word' id='word_1_378' title='bbox 1764 4052 1866 4092; x_wconf 92' lang='lat' dir='ltr'><strong>nec</strong></span> <span class='ocrx_word' id='word_1_379' title='bbox 1922 4039 2004 4092; x_wconf 88' lang='lat' dir='ltr'><strong>ul-</strong></span> 
     </span>
    </p>
   </div>
   <div class='ocr_carea' id='block_1_60' title="bbox 421 4124 2002 4196">
    <p class='ocr_par' dir='ltr' id='par_1_60' title="bbox 421 4124 2002 4196">
     <span class='ocr_line' id='line_1_60' title="bbox 421 4124 2002 4196; baseline 0.005 -18"><span class='ocrx_word' id='word_1_380' title='bbox 421 4126 532 4179; x_wconf 91' lang='lat' dir='ltr'><strong>lum</strong></span> <span class='ocrx_word' id='word_1_381' title='bbox 582 4124 743 4178; x_wconf 90' lang='lat' dir='ltr'><strong>alium</strong></span> <span class='ocrx_word' id='word_1_382' title='bbox 795 4125 1066 4180; x_wconf 86' lang='lat' dir='ltr'><strong>hominem</strong></span> <span class='ocrx_word' id='word_1_383' title='bbox 1111 4137 1306 4196; x_wconf 71' lang='lat' dir='ltr'><strong>praeter</strong></span> <span class='ocrx_word' id='word_1_384' title='bbox 1357 4127 1881 4196; x_wconf 86' lang='lat' dir='ltr'><strong>semetipsosvidere</strong></span> <span class='ocrx_word' id='word_1_385' title='bbox 1911 4145 2002 4186; x_wconf 81' lang='lat' dir='ltr'><strong>as-</strong></span> 
     </span>
    </p>
   </div>
   <div class='ocr_carea' id='block_1_61' title="bbox 395 4211 2000 4288">
    <p class='ocr_par' dir='ltr' id='par_1_61' title="bbox 395 4211 2000 4288">
     <span class='ocr_line' id='line_1_61' title="bbox 395 4211 2000 4288; baseline 0.002 -15"><span class='ocrx_word' id='word_1_386' title='bbox 395 4218 564 4273; x_wconf 60' lang='lat' dir='ltr'><strong>*sueti</strong></span> <span class='ocrx_word' id='word_1_387' title='bbox 607 4217 779 4273; x_wconf 77' lang='lat' dir='ltr'><strong>sunt?</strong></span> <span class='ocrx_word' id='word_1_388' title='bbox 822 4215 1144 4288; x_wconf 81' lang='lat' dir='ltr'><strong>Postquam</strong></span> <span class='ocrx_word' id='word_1_389' title='bbox 1191 4211 1375 4274; x_wconf 87' lang='lat' dir='ltr'><strong>autem</strong></span> <span class='ocrx_word' id='word_1_390' title='bbox 1441 4219 1565 4274; x_wconf 92' lang='lat' dir='ltr'><strong>huic</strong></span> <span class='ocrx_word' id='word_1_391' title='bbox 1622 4235 1797 4276; x_wconf 63' lang='lat' dir='ltr'><strong>scena:</strong></span> <span class='ocrx_word' id='word_1_392' title='bbox 1879 4236 2000 4276; x_wconf 91' lang='lat' dir='ltr'><strong>sese</strong></span> 
     </span>
    </p>
   </div>
   <div class='ocr_carea' id='block_1_62' title="bbox 398 4309 2000 4392">
    <p class='ocr_par' dir='ltr' id='par_1_62' title="bbox 398 4309 2000 4392">
     <span class='ocr_line' id='line_1_62' title="bbox 398 4309 2000 4392; baseline 0.004 -30"><span class='ocrx_word' id='word_1_393' title='bbox 398 4309 706 4379; x_wconf 53' lang='lat' dir='ltr'><strong>*paululum</strong></span> <span class='ocrx_word' id='word_1_394' title='bbox 752 4309 1034 4366; x_wconf 87' lang='lat' dir='ltr'><strong>dedissent</strong></span> <span class='ocrx_word' id='word_1_395' title='bbox 1106 4313 1749 4392; x_wconf 59' lang='lat' dir='ltr'><strong>reprazsentayissentque</strong></span> <span class='ocrx_word' id='word_1_396' title='bbox 1811 4313 2000 4370; x_wconf 89' lang='lat' dir='ltr'><strong>drama</strong></span> 
     </span>
    </p>
   </div>
   <div class='ocr_carea' id='block_1_63' title="bbox 423 4408 2000 4479">
    <p class='ocr_par' dir='ltr' id='par_1_63' title="bbox 423 4408 2000 4479">
     <span class='ocr_line' id='line_1_63' title="bbox 423 4408 2000 4479; baseline 0.004 -18"><span class='ocrx_word' id='word_1_397' title='bbox 423 4408 584 4479; x_wconf 88' lang='lat' dir='ltr'><strong>quasi</strong></span> <span class='ocrx_word' id='word_1_398' title='bbox 635 4408 737 4478; x_wconf 89' lang='lat' dir='ltr'><strong>ipsi</strong></span> <span class='ocrx_word' id='word_1_399' title='bbox 786 4409 1008 4478; x_wconf 85' lang='lat' dir='ltr'><strong>choragi</strong></span> <span class='ocrx_word' id='word_1_400' title='bbox 1078 4409 1276 4474; x_wconf 79' lang='lat' dir='ltr'><strong>forent,</strong></span> <span class='ocrx_word' id='word_1_401' title='bbox 1319 4408 1537 4463; x_wconf 88' lang='lat' dir='ltr'><strong>sibimet</strong></span> <span class='ocrx_word' id='word_1_402' title='bbox 1593 4424 1656 4464; x_wconf 87' lang='lat' dir='ltr'><strong>ac</strong></span> <span class='ocrx_word' id='word_1_403' title='bbox 1708 4410 2000 4468; x_wconf 87' lang='lat' dir='ltr'><strong>levioribus</strong></span> 
     </span>
    </p>
   </div>
   <div class='ocr_carea' id='block_1_64' title="bbox 421 4496 1998 4570">
    <p class='ocr_par' dir='ltr' id='par_1_64' title="bbox 421 4496 1998 4570">
     <span class='ocr_line' id='line_1_64' title="bbox 421 4496 1998 4570; baseline 0.003 -16"><span class='ocrx_word' id='word_1_404' title='bbox 421 4501 701 4570; x_wconf 86' lang='lat' dir='ltr'><strong>placentes</strong></span> <span class='ocrx_word' id='word_1_405' title='bbox 749 4496 1170 4568; x_wconf 83' lang='lat' dir='ltr'><strong>spectatoribus,</strong></span> <span class='ocrx_word' id='word_1_406' title='bbox 1229 4515 1395 4554; x_wconf 89' lang='lat' dir='ltr'><strong>unum</strong></span> <span class='ocrx_word' id='word_1_407' title='bbox 1449 4501 1624 4554; x_wconf 89' lang='lat' dir='ltr'><strong>solum</strong></span> <span class='ocrx_word' id='word_1_408' title='bbox 1670 4517 1733 4557; x_wconf 79' lang='lat' dir='ltr'><strong>ex</strong></span> <span class='ocrx_word' id='word_1_409' title='bbox 1785 4503 1998 4558; x_wconf 87' lang='lat' dir='ltr'><strong>actione</strong></span> 
     </span>
    </p>
   </div>
   <div class='ocr_carea' id='block_1_65' title="bbox 419 4593 1993 4664">
    <p class='ocr_par' dir='ltr' id='par_1_65' title="bbox 419 4593 1993 4664">
     <span class='ocr_line' id='line_1_65' title="bbox 419 4593 1993 4664; baseline 0.003 -18"><span class='ocrx_word' id='word_1_410' title='bbox 419 4594 716 4648; x_wconf 87' lang='lat' dir='ltr'><strong>dramatica</strong></span> <span class='ocrx_word' id='word_1_411' title='bbox 771 4593 1016 4664; x_wconf 89' lang='lat' dir='ltr'><strong>plerique</strong></span> <span class='ocrx_word' id='word_1_412' title='bbox 1081 4606 1253 4661; x_wconf 79' lang='lat' dir='ltr'><strong>usque</strong></span> <span class='ocrx_word' id='word_1_413' title='bbox 1305 4594 1371 4646; x_wconf 89' lang='lat' dir='ltr'><strong>ad</strong></span> <span class='ocrx_word' id='word_1_414' title='bbox 1431 4594 1590 4649; x_wconf 84' lang='lat' dir='ltr'><strong>linem</strong></span> <span class='ocrx_word' id='word_1_415' title='bbox 1630 4596 1993 4662; x_wconf 85' lang='lat' dir='ltr'><strong>retinuerunt,</strong></span> 
     </span>
    </p>
   </div>
   <div class='ocr_carea' id='block_1_66' title="bbox 2180 2109 3690 2182">
    <p class='ocr_par' dir='ltr' id='par_1_66' title="bbox 2180 2109 3690 2182">
     <span class='ocr_line' id='line_1_66' title="bbox 2180 2109 3690 2182; baseline -0.005 -13"><span class='ocrx_word' id='word_1_416' title='bbox 2180 2115 2244 2173; x_wconf 87' lang='grc' dir='ltr'><strong>λ’.</strong></span> <span class='ocrx_word' id='word_1_417' title='bbox 2297 2116 2408 2170; x_wconf 66' lang='grc' dir='ltr'><strong>Καὶ</strong></span> <span class='ocrx_word' id='word_1_418' title='bbox 2435 2113 2606 2176; x_wconf 76' lang='grc' dir='ltr'>οὕτως</span> <span class='ocrx_word' id='word_1_419' title='bbox 2660 2113 2910 2182; x_wconf 79' lang='grc' dir='ltr'>ἑκάτεροι</span> <span class='ocrx_word' id='word_1_420' title='bbox 2940 2110 3114 2164; x_wconf 81' lang='grc' dir='ltr'>δοῦλοι</span> <span class='ocrx_word' id='word_1_421' title='bbox 3158 2110 3257 2180; x_wconf 81' lang='grc' dir='ltr'><strong>τῆς</strong></span> <span class='ocrx_word' id='word_1_422' title='bbox 3319 2109 3690 2180; x_wconf 80' lang='grc' dir='ltr'>ὑποκρίσεως,</span> 
     </span>
    </p>
   </div>
   <div class='ocr_carea' id='block_1_67' title="bbox 2106 2202 3692 2279">
    <p class='ocr_par' dir='ltr' id='par_1_67' title="bbox 2106 2202 3692 2279">
     <span class='ocr_line' id='line_1_67' title="bbox 2106 2202 3692 2279; baseline -0.006 -15"><span class='ocrx_word' id='word_1_423' title='bbox 2106 2211 2136 2264; x_wconf 83' lang='grc' dir='ltr'>ὃ</span> <span class='ocrx_word' id='word_1_424' title='bbox 2167 2227 2227 2263; x_wconf 87' lang='grc' dir='ltr'><strong>τε</strong></span> <span class='ocrx_word' id='word_1_425' title='bbox 2265 2208 2581 2279; x_wconf 88' lang='grc' dir='ltr'>παράμονος</span> <span class='ocrx_word' id='word_1_426' title='bbox 2611 2207 2703 2259; x_wconf 73' lang='grc' dir='ltr'>καὶ</span> <span class='ocrx_word' id='word_1_427' title='bbox 2734 2206 2762 2258; x_wconf 89' lang='grc' dir='ltr'><strong>ό</strong></span> <span class='ocrx_word' id='word_1_428' title='bbox 2795 2205 2995 2274; x_wconf 75' lang='grc' dir='ltr'>φυγὰς,</span> <span class='ocrx_word' id='word_1_429' title='bbox 3062 2202 3410 2268; x_wconf 72' lang='grc' dir='ltr'>ἀποσώζουσι</span> <span class='ocrx_word' id='word_1_430' title='bbox 3441 2203 3692 2275; x_wconf 74' lang='grc' dir='ltr'>καθαρὰν</span> 
     </span>
    </p>
   </div>
   <div class='ocr_carea' id='block_1_68' title="bbox 2107 2296 3693 2370">
    <p class='ocr_par' dir='ltr' id='par_1_68' title="bbox 2107 2296 3693 2370">
     <span class='ocr_line' id='line_1_68' title="bbox 2107 2296 3693 2370; baseline -0.004 -15"><span class='ocrx_word' id='word_1_431' title='bbox 2107 2302 2356 2355; x_wconf 74' lang='grc' dir='ltr'>εἰκασίαν</span> <span class='ocrx_word' id='word_1_432' title='bbox 2389 2299 2524 2370; x_wconf 72' lang='grc' dir='ltr'>πρὸς</span> <span class='ocrx_word' id='word_1_433' title='bbox 2552 2297 2644 2350; x_wconf 76' lang='grc' dir='ltr'><strong>τὸν</strong></span> <span class='ocrx_word' id='word_1_434' title='bbox 2671 2297 3048 2367; x_wconf 66' lang='grc' dir='ltr'>πρωτοφανῶς</span> <span class='ocrx_word' id='word_1_435' title='bbox 3077 2296 3400 2366; x_wconf 78' lang='grc' dir='ltr'>ὑποκριτὴν,</span> <span class='ocrx_word' id='word_1_436' title='bbox 3459 2297 3551 2348; x_wconf 80' lang='grc' dir='ltr'>τὸν</span> <span class='ocrx_word' id='word_1_437' title='bbox 3582 2312 3693 2350; x_wconf 81' lang='grc' dir='ltr'>πα-</span> 
     </span>
    </p>
   </div>
   <div class='ocr_carea' id='block_1_69' title="bbox 2107 2384 3690 2460">
    <p class='ocr_par' dir='ltr' id='par_1_69' title="bbox 2107 2384 3690 2460">
     <span class='ocr_line' id='line_1_69' title="bbox 2107 2384 3690 2460; baseline -0.005 -15"><span class='ocrx_word' id='word_1_438' title='bbox 2107 2393 2356 2446; x_wconf 84' lang='grc' dir='ltr'>λαίτατον</span> <span class='ocrx_word' id='word_1_439' title='bbox 2377 2389 2600 2460; x_wconf 83' lang='grc' dir='ltr'>δηλαδή.</span> <span class='ocrx_word' id='word_1_440' title='bbox 2628 2387 2865 2450; x_wconf 85' lang='grc' dir='ltr'>Ἐκεῖνός</span> <span class='ocrx_word' id='word_1_441' title='bbox 2896 2403 2956 2439; x_wconf 89' lang='grc' dir='ltr'><strong>τε</strong></span> <span class='ocrx_word' id='word_1_442' title='bbox 3007 2384 3116 2456; x_wconf 77' lang='grc' dir='ltr'>γὰρ</span> <span class='ocrx_word' id='word_1_443' title='bbox 3143 2387 3171 2439; x_wconf 87' lang='grc' dir='ltr'><strong>ό</strong></span> <span class='ocrx_word' id='word_1_444' title='bbox 3215 2385 3416 2455; x_wconf 86' lang='grc' dir='ltr'>τυχὼν,</span> <span class='ocrx_word' id='word_1_445' title='bbox 3484 2385 3538 2438; x_wconf 86' lang='grc' dir='ltr'><strong>εῖ</strong></span> <span class='ocrx_word' id='word_1_446' title='bbox 3585 2401 3690 2438; x_wconf 89' lang='grc' dir='ltr'><strong>που</strong></span> 
     </span>
    </p>
   </div>
   <div class='ocr_carea' id='block_1_70' title="bbox 2108 2473 3688 2554">
    <p class='ocr_par' dir='ltr' id='par_1_70' title="bbox 2108 2473 3688 2554">
     <span class='ocr_line' id='line_1_70' title="bbox 2108 2473 3688 2554; baseline -0.007 -16"><span class='ocrx_word' id='word_1_447' title='bbox 2108 2486 2201 2540; x_wconf 74' lang='grc' dir='ltr'>καὶ</span> <span class='ocrx_word' id='word_1_448' title='bbox 2231 2483 2387 2554; x_wconf 87' lang='grc' dir='ltr'>λάχοι</span> <span class='ocrx_word' id='word_1_449' title='bbox 2422 2482 2706 2552; x_wconf 80' lang='grc' dir='ltr'>ἄνθρωπος</span> <span class='ocrx_word' id='word_1_450' title='bbox 2745 2478 2820 2532; x_wconf 83' lang='grc' dir='ltr'>ὢν</span> <span class='ocrx_word' id='word_1_451' title='bbox 2871 2478 2967 2532; x_wconf 76' lang='grc' dir='ltr'>καὶ</span> <span class='ocrx_word' id='word_1_452' title='bbox 3031 2476 3412 2548; x_wconf 75' lang='grc' dir='ltr'><strong>μιμησάμενος</strong></span> <span class='ocrx_word' id='word_1_453' title='bbox 3470 2473 3688 2546; x_wconf 63' lang='grc' dir='ltr'><strong>⁴ίλρωῖκά</strong></span> 
     </span>
    </p>
   </div>
   <div class='ocr_carea' id='block_1_71' title="bbox 2105 2564 3686 2650">
    <p class='ocr_par' dir='ltr' id='par_1_71' title="bbox 2105 2564 3686 2650">
     <span class='ocr_line' id='line_1_71' title="bbox 2105 2564 3686 2650; baseline -0.008 -20"><span class='ocrx_word' id='word_1_454' title='bbox 2105 2577 2396 2650; x_wconf 90' lang='grc' dir='ltr'>πρόσωπα,</span> <span class='ocrx_word' id='word_1_455' title='bbox 2433 2569 2550 2628; x_wconf 77' lang='grc' dir='ltr'>εἷτα</span> <span class='ocrx_word' id='word_1_456' title='bbox 2579 2571 2718 2644; x_wconf 85' lang='grc' dir='ltr'><strong>μετά</strong></span> <span class='ocrx_word' id='word_1_457' title='bbox 2750 2573 2846 2642; x_wconf 83' lang='grc' dir='ltr'>τὴν</span> <span class='ocrx_word' id='word_1_458' title='bbox 2880 2578 3090 2642; x_wconf 76' lang='grc' dir='ltr'>σκηνὴν</span> <span class='ocrx_word' id='word_1_459' title='bbox 3123 2569 3201 2630; x_wconf 82' lang='grc' dir='ltr'><strong>είς</strong></span> <span class='ocrx_word' id='word_1_460' title='bbox 3225 2566 3317 2620; x_wconf 74' lang='grc' dir='ltr'><strong>τὸν</strong></span> <span class='ocrx_word' id='word_1_461' title='bbox 3342 2564 3534 2637; x_wconf 81' lang='grc' dir='ltr'>πρῴην</span> <span class='ocrx_word' id='word_1_462' title='bbox 3586 2581 3686 2618; x_wconf 77' lang='grc' dir='ltr'>ταο</span> 
     </span>
    </p>
   </div>
   <div class='ocr_carea' id='block_1_72' title="bbox 2107 2656 3686 2738">
    <p class='ocr_par' dir='ltr' id='par_1_72' title="bbox 2107 2656 3686 2738">
     <span class='ocr_line' id='line_1_72' title="bbox 2107 2656 3686 2738; baseline -0.008 -15"><span class='ocrx_word' id='word_1_463' title='bbox 2107 2669 2292 2723; x_wconf 84' lang='grc' dir='ltr'>πεινὸν</span> <span class='ocrx_word' id='word_1_464' title='bbox 2315 2666 2600 2738; x_wconf 79' lang='grc' dir='ltr'>ἄνθρωπον</span> <span class='ocrx_word' id='word_1_465' title='bbox 2645 2663 2964 2734; x_wconf 81' lang='grc' dir='ltr'>ἀνέκαμπτε</span> <span class='ocrx_word' id='word_1_466' title='bbox 2988 2677 3003 2693; x_wconf 89' lang='grc'><strong>·</strong></span> <span class='ocrx_word' id='word_1_467' title='bbox 3035 2661 3129 2715; x_wconf 75' lang='grc' dir='ltr'>καὶ</span> <span class='ocrx_word' id='word_1_468' title='bbox 3156 2661 3184 2714; x_wconf 86' lang='grc' dir='ltr'><strong>ὁ</strong></span> <span class='ocrx_word' id='word_1_469' title='bbox 3235 2657 3360 2713; x_wconf 86' lang='grc' dir='ltr'>καθ’</span> <span class='ocrx_word' id='word_1_470' title='bbox 3391 2656 3686 2726; x_wconf 85' lang='grc' dir='ltr'>ὑπόκρισιν</span> 
     </span>
    </p>
   </div>
   <div class='ocr_carea' id='block_1_73' title="bbox 2103 2747 3687 2832">
    <p class='ocr_par' dir='ltr' id='par_1_73' title="bbox 2103 2747 3687 2832">
     <span class='ocr_line' id='line_1_73' title="bbox 2103 2747 3687 2832; baseline -0.009 -16"><span class='ocrx_word' id='word_1_471' title='bbox 2103 2763 2160 2817; x_wconf 78' lang='grc' dir='ltr'>δὲ</span> <span class='ocrx_word' id='word_1_472' title='bbox 2221 2758 2454 2832; x_wconf 83' lang='grc' dir='ltr'>μοναχδς</span> <span class='ocrx_word' id='word_1_473' title='bbox 2483 2757 2582 2830; x_wconf 83' lang='grc' dir='ltr'>τὴν</span> <span class='ocrx_word' id='word_1_474' title='bbox 2609 2755 2812 2827; x_wconf 83' lang='grc' dir='ltr'>ἀρετὴν</span> <span class='ocrx_word' id='word_1_475' title='bbox 2851 2753 3047 2820; x_wconf 78' lang='grc' dir='ltr'>παίξας</span> <span class='ocrx_word' id='word_1_476' title='bbox 3086 2751 3170 2822; x_wconf 79' lang='grc' dir='ltr'><strong>ἐφ’</strong></span> <span class='ocrx_word' id='word_1_477' title='bbox 3202 2747 3512 2814; x_wconf 76' lang='grc' dir='ltr'>ὁποσονοῦν,</span> <span class='ocrx_word' id='word_1_478' title='bbox 3542 2749 3687 2803; x_wconf 73' lang='grc' dir='ltr'>ἐκεῖ·</span> 
     </span>
    </p>
   </div>
   <div class='ocr_carea' id='block_1_74' title="bbox 2106 2841 3686 2919">
    <p class='ocr_par' dir='ltr' id='par_1_74' title="bbox 2106 2841 3686 2919">
     <span class='ocr_line' id='line_1_74' title="bbox 2106 2841 3686 2919; baseline -0.008 -13"><span class='ocrx_word' id='word_1_479' title='bbox 2106 2868 2196 2915; x_wconf 85' lang='grc' dir='ltr'><strong>νος</strong></span> <span class='ocrx_word' id='word_1_480' title='bbox 2249 2847 2408 2912; x_wconf 81' lang='grc' dir='ltr'>αὖθις</span> <span class='ocrx_word' id='word_1_481' title='bbox 2464 2846 2614 2919; x_wconf 83' lang='grc' dir='ltr'>μένει</span> <span class='ocrx_word' id='word_1_482' title='bbox 2668 2847 2696 2899; x_wconf 88' lang='grc' dir='ltr'><strong>ό</strong></span> <span class='ocrx_word' id='word_1_483' title='bbox 2760 2845 2856 2899; x_wconf 74' lang='grc' dir='ltr'>καὶ</span> <span class='ocrx_word' id='word_1_484' title='bbox 2910 2843 3017 2915; x_wconf 79' lang='grc' dir='ltr'>πρὸ</span> <span class='ocrx_word' id='word_1_485' title='bbox 3067 2845 3168 2916; x_wconf 82' lang='grc' dir='ltr'>τῆς</span> <span class='ocrx_word' id='word_1_486' title='bbox 3235 2841 3686 2913; x_wconf 77' lang='grc' dir='ltr'>σκηνοδατήσεως</span> 
     </span>
    </p>
   </div>
   <div class='ocr_carea' id='block_1_75' title="bbox 2112 2932 3687 3016">
    <p class='ocr_par' dir='ltr' id='par_1_75' title="bbox 2112 2932 3687 3016">
     <span class='ocr_line' id='line_1_75' title="bbox 2112 2932 3687 3016; baseline -0.008 -18"><span class='ocrx_word' id='word_1_487' title='bbox 2112 2941 2464 3016; x_wconf 85' lang='grc' dir='ltr'>ἁμαρτωλός.</span> <span class='ocrx_word' id='word_1_488' title='bbox 2513 2937 3075 3009; x_wconf 83' lang='grc' dir='ltr'>Ἀποκληρούσθωσαν</span> <span class='ocrx_word' id='word_1_489' title='bbox 3101 2935 3166 3006; x_wconf 82' lang='grc' dir='ltr'>δὴ</span> <span class='ocrx_word' id='word_1_490' title='bbox 3193 2934 3289 2989; x_wconf 74' lang='grc' dir='ltr'>καὶ</span> <span class='ocrx_word' id='word_1_491' title='bbox 3341 2934 3392 2987; x_wconf 85' lang='grc' dir='ltr'><strong>οῖ</strong></span> <span class='ocrx_word' id='word_1_492' title='bbox 3453 2932 3687 2986; x_wconf 82' lang='grc' dir='ltr'>τοιοῦτοι</span> 
     </span>
    </p>
   </div>
   <div class='ocr_carea' id='block_1_76' title="bbox 2109 3025 3686 3106">
    <p class='ocr_par' dir='ltr' id='par_1_76' title="bbox 2109 3025 3686 3106">
     <span class='ocr_line' id='line_1_76' title="bbox 2109 3025 3686 3106; baseline -0.007 -16"><span class='ocrx_word' id='word_1_493' title='bbox 2109 3035 2389 3106; x_wconf 77' lang='grc' dir='ltr'>ἄνθρωποι</span> <span class='ocrx_word' id='word_1_494' title='bbox 2433 3035 2500 3104; x_wconf 80' lang='grc' dir='ltr'><strong>τῇ</strong></span> <span class='ocrx_word' id='word_1_495' title='bbox 2559 3031 2896 3101; x_wconf 84' lang='grc' dir='ltr'>παιγνήμονι</span> <span class='ocrx_word' id='word_1_496' title='bbox 2938 3029 3169 3102; x_wconf 81' lang='grc' dir='ltr'>θυμέλῃ,</span> <span class='ocrx_word' id='word_1_497' title='bbox 3205 3029 3298 3082; x_wconf 74' lang='grc' dir='ltr'>καὶ</span> <span class='ocrx_word' id='word_1_498' title='bbox 3327 3025 3686 3080; x_wconf 75' lang='grc' dir='ltr'>ὑποτακτικοὶ</span> 
     </span>
    </p>
   </div>
   <div class='ocr_carea' id='block_1_77' title="bbox 2113 3114 3687 3197">
    <p class='ocr_par' dir='ltr' id='par_1_77' title="bbox 2113 3114 3687 3197">
     <span class='ocr_line' id='line_1_77' title="bbox 2113 3114 3687 3197; baseline -0.008 -17"><span class='ocrx_word' id='word_1_499' title='bbox 2113 3125 2213 3197; x_wconf 76' lang='grc' dir='ltr'>μὲν</span> <span class='ocrx_word' id='word_1_500' title='bbox 2245 3126 2401 3189; x_wconf 76' lang='grc' dir='ltr'>ὄντες</span> <span class='ocrx_word' id='word_1_501' title='bbox 2445 3122 2796 3194; x_wconf 88' lang='grc' dir='ltr'>τετάχθωσαν</span> <span class='ocrx_word' id='word_1_502' title='bbox 2843 3121 2921 3182; x_wconf 83' lang='grc' dir='ltr'><strong>είς</strong></span> <span class='ocrx_word' id='word_1_503' title='bbox 2967 3118 3158 3182; x_wconf 80' lang='grc' dir='ltr'>ἁπλῶς</span> <span class='ocrx_word' id='word_1_504' title='bbox 3215 3116 3563 3189; x_wconf 80' lang='grc' dir='ltr'>θυμελικοὺς,</span> <span class='ocrx_word' id='word_1_505' title='bbox 3587 3114 3687 3167; x_wconf 84' lang='grc' dir='ltr'>καὶ</span> 
     </span>
    </p>
   </div>
   <div class='ocr_carea' id='block_1_78' title="bbox 2108 3206 3687 3288">
    <p class='ocr_par' dir='ltr' id='par_1_78' title="bbox 2108 3206 3687 3288">
     <span class='ocr_line' id='line_1_78' title="bbox 2108 3206 3687 3288; baseline -0.008 -15"><span class='ocrx_word' id='word_1_506' title='bbox 2108 3218 2308 3282; x_wconf 79' lang='grc' dir='ltr'>αὐτοὺς</span> <span class='ocrx_word' id='word_1_507' title='bbox 2336 3217 2436 3271; x_wconf 87' lang='grc' dir='ltr'>οὐκ</span> <span class='ocrx_word' id='word_1_508' title='bbox 2463 3216 2721 3288; x_wconf 74' lang='grc' dir='ltr'>ἐμμελεῖς</span> <span class='ocrx_word' id='word_1_509' title='bbox 2747 3229 2761 3244; x_wconf 82' lang='lat'><strong><em>°</em></strong></span> <span class='ocrx_word' id='word_1_510' title='bbox 2788 3211 3234 3284; x_wconf 82' lang='grc' dir='ltr'>ὑπερκαθήμενοι</span> <span class='ocrx_word' id='word_1_511' title='bbox 3267 3210 3320 3264; x_wconf 73' lang='grc' dir='ltr'>δὲ</span> <span class='ocrx_word' id='word_1_512' title='bbox 3350 3206 3687 3273; x_wconf 76' lang='grc' dir='ltr'>λογιζέσθω-</span> 
     </span>
    </p>
   </div>
   <div class='ocr_carea' id='block_1_79' title="bbox 2031 3300 3694 3395">
    <p class='ocr_par' dir='ltr' id='par_1_79' title="bbox 2031 3300 3694 3395">
     <span class='ocr_line' id='line_1_79' title="bbox 2031 3300 3694 3395; baseline -0.008 -30"><span class='ocrx_word' id='word_1_513' title='bbox 2031 3331 2079 3395; x_wconf 78' lang='lat' dir='ltr'><strong>c</strong></span> <span class='ocrx_word' id='word_1_514' title='bbox 2110 3328 2212 3365; x_wconf 86' lang='grc' dir='ltr'><strong>σαν</strong></span> <span class='ocrx_word' id='word_1_515' title='bbox 2235 3311 2310 3375; x_wconf 83' lang='grc' dir='ltr'><strong>ὡς</strong></span> <span class='ocrx_word' id='word_1_516' title='bbox 2345 3311 2426 3373; x_wconf 81' lang='grc' dir='ltr'><strong>εἰς</strong></span> <span class='ocrx_word' id='word_1_517' title='bbox 2473 3307 2717 3378; x_wconf 82' lang='grc' dir='ltr'>θυμέλης</span> <span class='ocrx_word' id='word_1_518' title='bbox 2745 3305 3138 3377; x_wconf 73' lang='grc' dir='ltr'>προάρχοντας,</span> <span class='ocrx_word' id='word_1_519' title='bbox 3167 3303 3216 3358; x_wconf 78' lang='grc' dir='ltr'>οἳ</span> <span class='ocrx_word' id='word_1_520' title='bbox 3265 3304 3359 3356; x_wconf 75' lang='grc' dir='ltr'>καὶ</span> <span class='ocrx_word' id='word_1_521' title='bbox 3411 3300 3694 3370; x_wconf 88' lang='grc' dir='ltr'>γελάσθω-</span> 
     </span>
    </p>
   </div>
   <div class='ocr_carea' id='block_1_80' title="bbox 2109 3395 3686 3468">
    <p class='ocr_par' dir='ltr' id='par_1_80' title="bbox 2109 3395 3686 3468">
     <span class='ocr_line' id='line_1_80' title="bbox 2109 3395 3686 3468; baseline -0.007 -14"><span class='ocrx_word' id='word_1_522' title='bbox 2109 3419 2208 3456; x_wconf 92' lang='grc' dir='ltr'><strong>σαν</strong></span> <span class='ocrx_word' id='word_1_523' title='bbox 2239 3400 2348 3454; x_wconf 84' lang='grc' dir='ltr'><strong>τῶν</strong></span> <span class='ocrx_word' id='word_1_524' title='bbox 2373 3400 2434 3453; x_wconf 87' lang='grc' dir='ltr'><strong>οὑ</strong></span> <span class='ocrx_word' id='word_1_525' title='bbox 2471 3399 2774 3452; x_wconf 73' lang='grc' dir='ltr'>σπουδαίων</span> <span class='ocrx_word' id='word_1_526' title='bbox 2819 3397 3188 3468; x_wconf 79' lang='grc' dir='ltr'>ὑποκρίσεων,</span> <span class='ocrx_word' id='word_1_527' title='bbox 3215 3395 3420 3448; x_wconf 76' lang='grc' dir='ltr'>ἔννοιαν</span> <span class='ocrx_word' id='word_1_528' title='bbox 3450 3395 3560 3456; x_wconf 82' lang='grc' dir='ltr'>τοῖς</span> <span class='ocrx_word' id='word_1_529' title='bbox 3587 3409 3686 3445; x_wconf 85' lang='grc' dir='ltr'><strong>πε-</strong></span> 
     </span>
    </p>
   </div>
   <div class='ocr_carea' id='block_1_81' title="bbox 2105 3481 3687 3563">
    <p class='ocr_par' dir='ltr' id='par_1_81' title="bbox 2105 3481 3687 3563">
     <span class='ocr_line' id='line_1_81' title="bbox 2105 3481 3687 3563; baseline -0.006 -18"><span class='ocrx_word' id='word_1_530' title='bbox 2105 3491 2458 3563; x_wconf 84' lang='grc' dir='ltr'>πειραμένοις</span> <span class='ocrx_word' id='word_1_531' title='bbox 2489 3490 2900 3554; x_wconf 75' lang='grc' dir='ltr'>ὑποϐάλλοντες,</span> <span class='ocrx_word' id='word_1_532' title='bbox 2956 3481 3057 3541; x_wconf 75' lang='grc' dir='ltr'>οἷοι</span> <span class='ocrx_word' id='word_1_533' title='bbox 3118 3487 3219 3557; x_wconf 85' lang='grc' dir='ltr'><strong>μὲν</strong></span> <span class='ocrx_word' id='word_1_534' title='bbox 3277 3487 3393 3556; x_wconf 73' lang='grc' dir='ltr'>ἅμα</span> <span class='ocrx_word' id='word_1_535' title='bbox 3419 3488 3482 3556; x_wconf 79' lang='grc' dir='ltr'>τῇ</span> <span class='ocrx_word' id='word_1_536' title='bbox 3512 3486 3687 3558; x_wconf 77' lang='grc' dir='ltr'>κουρᾷ</span> 
     </span>
    </p>
   </div>
   <div class='ocr_carea' id='block_1_82' title="bbox 2105 3578 3680 3654">
    <p class='ocr_par' dir='ltr' id='par_1_82' title="bbox 2105 3578 3680 3654">
     <span class='ocr_line' id='line_1_82' title="bbox 2105 3578 3680 3654; baseline -0.004 -17"><span class='ocrx_word' id='word_1_537' title='bbox 2105 3583 2465 3654; x_wconf 75' lang='grc' dir='ltr'>ἐξεφάνησαν,</span> <span class='ocrx_word' id='word_1_538' title='bbox 2519 3578 2622 3636; x_wconf 74' lang='grc' dir='ltr'>οἷοι</span> <span class='ocrx_word' id='word_1_539' title='bbox 2681 3582 2736 3635; x_wconf 80' lang='grc' dir='ltr'>δὲ</span> <span class='ocrx_word' id='word_1_540' title='bbox 2769 3581 2905 3650; x_wconf 89' lang='grc' dir='ltr'><strong>μετά</strong></span> <span class='ocrx_word' id='word_1_541' title='bbox 2934 3583 3124 3652; x_wconf 87' lang='grc' dir='ltr'>χρόνον</span> <span class='ocrx_word' id='word_1_542' title='bbox 3155 3580 3215 3633; x_wconf 87' lang='grc' dir='ltr'><strong>οὑ</strong></span> <span class='ocrx_word' id='word_1_543' title='bbox 3257 3579 3424 3633; x_wconf 79' lang='grc' dir='ltr'>πολὺν</span> <span class='ocrx_word' id='word_1_544' title='bbox 3459 3579 3680 3632; x_wconf 79' lang='grc' dir='ltr'>ἀπεδεί-</span> 
     </span>
    </p>
   </div>
   <div class='ocr_carea' id='block_1_83' title="bbox 2105 3671 3686 3746">
    <p class='ocr_par' dir='ltr' id='par_1_83' title="bbox 2105 3671 3686 3746">
     <span class='ocr_line' id='line_1_83' title="bbox 2105 3671 3686 3746; baseline -0.002 -18"><span class='ocrx_word' id='word_1_545' title='bbox 2105 3675 2336 3746; x_wconf 87' lang='grc' dir='ltr'>χθησαν.</span> <span class='ocrx_word' id='word_1_546' title='bbox 2385 3673 2787 3744; x_wconf 80' lang='grc' dir='ltr'>’Υπεκρίναντο</span> <span class='ocrx_word' id='word_1_547' title='bbox 2825 3674 2924 3744; x_wconf 66' lang='grc' dir='ltr'><strong>μὶν</strong></span> <span class='ocrx_word' id='word_1_548' title='bbox 2964 3673 3094 3742; x_wconf 81' lang='grc' dir='ltr'>γὰρ,</span> <span class='ocrx_word' id='word_1_549' title='bbox 3124 3673 3215 3725; x_wconf 83' lang='grc' dir='ltr'>τὸν</span> <span class='ocrx_word' id='word_1_550' title='bbox 3249 3671 3362 3743; x_wconf 86' lang='grc' dir='ltr'>βίον</span> <span class='ocrx_word' id='word_1_551' title='bbox 3397 3673 3686 3743; x_wconf 85' lang='grc' dir='ltr'>πρόπαντα</span> 
     </span>
    </p>
   </div>
   <div class='ocr_carea' id='block_1_84' title="bbox 2107 3759 3686 3835">
    <p class='ocr_par' dir='ltr' id='par_1_84' title="bbox 2107 3759 3686 3835">
     <span class='ocr_line' id='line_1_84' title="bbox 2107 3759 3686 3835; baseline -0.003 -15"><span class='ocrx_word' id='word_1_552' title='bbox 2107 3769 2319 3835; x_wconf 82' lang='grc' dir='ltr'>φυγεῖν,</span> <span class='ocrx_word' id='word_1_553' title='bbox 2353 3765 2660 3829; x_wconf 81' lang='grc' dir='ltr'>ἀκολούθως</span> <span class='ocrx_word' id='word_1_554' title='bbox 2685 3765 2742 3818; x_wconf 75' lang='grc' dir='ltr'>δὲ</span> <span class='ocrx_word' id='word_1_555' title='bbox 2775 3767 2868 3818; x_wconf 72' lang='grc' dir='ltr'><strong>καὶ</strong></span> <span class='ocrx_word' id='word_1_556' title='bbox 2892 3765 2961 3818; x_wconf 86' lang='grc' dir='ltr'><strong>τά</strong></span> <span class='ocrx_word' id='word_1_557' title='bbox 2988 3764 3369 3834; x_wconf 86' lang='grc' dir='ltr'>παρεπόμενα,</span> <span class='ocrx_word' id='word_1_558' title='bbox 3400 3764 3460 3816; x_wconf 76' lang='grc' dir='ltr'>ἐν</span> <span class='ocrx_word' id='word_1_559' title='bbox 3484 3759 3566 3828; x_wconf 78' lang='grc' dir='ltr'><strong>οἷς</strong></span> <span class='ocrx_word' id='word_1_560' title='bbox 3589 3765 3686 3817; x_wconf 74' lang='grc' dir='ltr'><strong>καὶ</strong></span> 
     </span>
    </p>
   </div>
   <div class='ocr_carea' id='block_1_85' title="bbox 2106 3855 3686 3932">
    <p class='ocr_par' dir='ltr' id='par_1_85' title="bbox 2106 3855 3686 3932">
     <span class='ocr_line' id='line_1_85' title="bbox 2106 3855 3686 3932; baseline -0.001 -18"><span class='ocrx_word' id='word_1_561' title='bbox 2106 3862 2152 3914; x_wconf 82' lang='grc' dir='ltr'><strong>οῖ</strong></span> <span class='ocrx_word' id='word_1_562' title='bbox 2189 3859 2326 3932; x_wconf 72' lang='grc' dir='ltr'>πρὸς</span> <span class='ocrx_word' id='word_1_563' title='bbox 2366 3859 2554 3926; x_wconf 79' lang='grc' dir='ltr'>γένους</span> <span class='ocrx_word' id='word_1_564' title='bbox 2580 3862 2674 3912; x_wconf 73' lang='grc' dir='ltr'>καὶ</span> <span class='ocrx_word' id='word_1_565' title='bbox 2729 3859 2776 3912; x_wconf 78' lang='grc' dir='ltr'><strong>οἱ</strong></span> <span class='ocrx_word' id='word_1_566' title='bbox 2807 3857 2982 3923; x_wconf 85' lang='grc' dir='ltr'>άλλως</span> <span class='ocrx_word' id='word_1_567' title='bbox 3030 3856 3284 3927; x_wconf 86' lang='grc' dir='ltr'>γνωστοί.</span> <span class='ocrx_word' id='word_1_568' title='bbox 3315 3855 3606 3922; x_wconf 79' lang='grc' dir='ltr'>Ἐτάξαντο</span> <span class='ocrx_word' id='word_1_569' title='bbox 3628 3858 3686 3912; x_wconf 78' lang='grc' dir='ltr'>δὲ</span> 
     </span>
    </p>
   </div>
   <div class='ocr_carea' id='block_1_86' title="bbox 2104 3947 3685 4017">
    <p class='ocr_par' dir='ltr' id='par_1_86' title="bbox 2104 3947 3685 4017">
     <span class='ocr_line' id='line_1_86' title="bbox 2104 3947 3685 4017; baseline 0 -16"><span class='ocrx_word' id='word_1_570' title='bbox 2104 3950 2198 4002; x_wconf 74' lang='grc' dir='ltr'>καὶ</span> <span class='ocrx_word' id='word_1_571' title='bbox 2231 3947 2458 4017; x_wconf 79' lang='grc' dir='ltr'>ἀτυφίαν</span> <span class='ocrx_word' id='word_1_572' title='bbox 2489 3949 2584 4002; x_wconf 70' lang='grc' dir='ltr'>καὶ</span> <span class='ocrx_word' id='word_1_573' title='bbox 2615 3947 2945 4017; x_wconf 77' lang='grc' dir='ltr'>ὲκτοπισμδν</span> <span class='ocrx_word' id='word_1_574' title='bbox 2995 3947 3089 4001; x_wconf 74' lang='grc' dir='ltr'>καὶ</span> <span class='ocrx_word' id='word_1_575' title='bbox 3119 3947 3178 4001; x_wconf 84' lang='grc' dir='ltr'><strong>τὸ</strong></span> <span class='ocrx_word' id='word_1_576' title='bbox 3211 3948 3350 4011; x_wconf 85' lang='grc' dir='ltr'>ὅλως</span> <span class='ocrx_word' id='word_1_577' title='bbox 3399 3947 3572 4011; x_wconf 75' lang='grc' dir='ltr'>ἅδιον,</span> <span class='ocrx_word' id='word_1_578' title='bbox 3603 3947 3685 4001; x_wconf 85' lang='grc' dir='ltr'><strong>διὸ</strong></span> 
     </span>
    </p>
   </div>
   <div class='ocr_carea' id='block_1_87' title="bbox 2105 4037 3682 4110">
    <p class='ocr_par' dir='ltr' id='par_1_87' title="bbox 2105 4037 3682 4110">
     <span class='ocr_line' id='line_1_87' title="bbox 2105 4037 3682 4110; baseline -0.003 -16"><span class='ocrx_word' id='word_1_579' title='bbox 2105 4040 2206 4094; x_wconf 86' lang='grc' dir='ltr'><strong>οὑκ</strong></span> <span class='ocrx_word' id='word_1_580' title='bbox 2227 4041 2292 4093; x_wconf 83' lang='grc' dir='ltr'>ἂν</span> <span class='ocrx_word' id='word_1_581' title='bbox 2324 4040 2422 4093; x_wconf 79' lang='grc' dir='ltr'>καὶ</span> <span class='ocrx_word' id='word_1_582' title='bbox 2473 4039 2803 4109; x_wconf 82' lang='grc' dir='ltr'>μετάδωσιν.</span> <span class='ocrx_word' id='word_1_583' title='bbox 2835 4040 2992 4102; x_wconf 80' lang='grc' dir='ltr'>Τίνος</span> <span class='ocrx_word' id='word_1_584' title='bbox 3047 4039 3157 4110; x_wconf 79' lang='grc' dir='ltr'>γὰρ</span> <span class='ocrx_word' id='word_1_585' title='bbox 3193 4037 3259 4092; x_wconf 82' lang='grc' dir='ltr'>ἂν</span> <span class='ocrx_word' id='word_1_586' title='bbox 3315 4039 3593 4108; x_wconf 80' lang='grc' dir='ltr'>μεταδοῖεν</span> <span class='ocrx_word' id='word_1_587' title='bbox 3631 4040 3682 4091; x_wconf 81' lang='grc' dir='ltr'>οἱ</span> 
     </span>
    </p>
   </div>
   <div class='ocr_carea' id='block_1_88' title="bbox 2109 4130 3680 4204">
    <p class='ocr_par' dir='ltr' id='par_1_88' title="bbox 2109 4130 3680 4204">
     <span class='ocr_line' id='line_1_88' title="bbox 2109 4130 3680 4204; baseline -0.001 -19"><span class='ocrx_word' id='word_1_588' title='bbox 2109 4133 2276 4204; x_wconf 80' lang='grc' dir='ltr'>μηδὲν</span> <span class='ocrx_word' id='word_1_589' title='bbox 2332 4133 2479 4202; x_wconf 81' lang='grc' dir='ltr'>ἐχειν</span> <span class='ocrx_word' id='word_1_590' title='bbox 2519 4133 3045 4204; x_wconf 82' lang='grc' dir='ltr'>προσποιησάμενοι,</span> <span class='ocrx_word' id='word_1_591' title='bbox 3088 4131 3182 4184; x_wconf 79' lang='grc' dir='ltr'>καὶ</span> <span class='ocrx_word' id='word_1_592' title='bbox 3206 4131 3343 4202; x_wconf 75' lang='grc' dir='ltr'>μηδὲ</span> <span class='ocrx_word' id='word_1_593' title='bbox 3390 4130 3680 4199; x_wconf 80' lang='grc' dir='ltr'>ἄνθρωπον</span> 
     </span>
    </p>
   </div>
   <div class='ocr_carea' id='block_1_89' title="bbox 2107 4223 3680 4296">
    <p class='ocr_par' dir='ltr' id='par_1_89' title="bbox 2107 4223 3680 4296">
     <span class='ocr_line' id='line_1_89' title="bbox 2107 4223 3680 4296; baseline -0.002 -18"><span class='ocrx_word' id='word_1_594' title='bbox 2107 4226 2327 4296; x_wconf 84' lang='grc' dir='ltr'>βλέπειν</span> <span class='ocrx_word' id='word_1_595' title='bbox 2354 4225 2512 4280; x_wconf 80' lang='grc' dir='ltr'>ἀλλον</span> <span class='ocrx_word' id='word_1_596' title='bbox 2550 4225 2925 4295; x_wconf 84' lang='grc' dir='ltr'>κυρώσαντες,</span> <span class='ocrx_word' id='word_1_597' title='bbox 2957 4225 3037 4277; x_wconf 81' lang='grc' dir='ltr'>ὅτι</span> <span class='ocrx_word' id='word_1_598' title='bbox 3070 4223 3146 4295; x_wconf 80' lang='grc' dir='ltr'>μὴ</span> <span class='ocrx_word' id='word_1_599' title='bbox 3179 4223 3374 4294; x_wconf 86' lang='grc' dir='ltr'>μόνους</span> <span class='ocrx_word' id='word_1_600' title='bbox 3430 4223 3680 4288; x_wconf 75' lang='grc' dir='ltr'>ἐαυτούςς</span> 
     </span>
    </p>
   </div>
   <div class='ocr_carea' id='block_1_90' title="bbox 2103 4317 3684 4390">
    <p class='ocr_par' dir='ltr' id='par_1_90' title="bbox 2103 4317 3684 4390">
     <span class='ocr_line' id='line_1_90' title="bbox 2103 4317 3684 4390; baseline -0.003 -17"><span class='ocrx_word' id='word_1_601' title='bbox 2103 4318 2316 4390; x_wconf 74' lang='grc' dir='ltr'>Μικρὸν</span> <span class='ocrx_word' id='word_1_602' title='bbox 2339 4318 2397 4372; x_wconf 80' lang='grc' dir='ltr'>δὲ</span> <span class='ocrx_word' id='word_1_603' title='bbox 2429 4321 2498 4389; x_wconf 79' lang='grc' dir='ltr'>τῇ</span> <span class='ocrx_word' id='word_1_604' title='bbox 2529 4319 2699 4388; x_wconf 81' lang='grc' dir='ltr'>σκηνῇ</span> <span class='ocrx_word' id='word_1_605' title='bbox 2738 4317 2911 4388; x_wconf 81' lang='grc' dir='ltr'>ταύτῃ</span> <span class='ocrx_word' id='word_1_606' title='bbox 2966 4317 3462 4387; x_wconf 78' lang='grc' dir='ltr'>ἑμμελετήσαντες,</span> <span class='ocrx_word' id='word_1_607' title='bbox 3493 4319 3587 4370; x_wconf 72' lang='grc' dir='ltr'>καὶ</span> <span class='ocrx_word' id='word_1_608' title='bbox 3621 4317 3684 4368; x_wconf 85' lang='grc' dir='ltr'>τὸ</span> 
     </span>
    </p>
   </div>
   <div class='ocr_carea' id='block_1_91' title="bbox 2101 4405 3683 4482">
    <p class='ocr_par' dir='ltr' id='par_1_91' title="bbox 2101 4405 3683 4482">
     <span class='ocr_line' id='line_1_91' title="bbox 2101 4405 3683 4482; baseline -0.003 -17"><span class='ocrx_word' id='word_1_609' title='bbox 2101 4412 2287 4482; x_wconf 80' lang='grc' dir='ltr'>δρᾶμα</span> <span class='ocrx_word' id='word_1_610' title='bbox 2319 4409 2744 4480; x_wconf 77' lang='grc' dir='ltr'>ἐπιδειξάμενοι,</span> <span class='ocrx_word' id='word_1_611' title='bbox 2771 4408 2846 4473; x_wconf 85' lang='grc' dir='ltr'><strong>ὡς</strong></span> <span class='ocrx_word' id='word_1_612' title='bbox 2883 4409 3036 4462; x_wconf 75' lang='grc' dir='ltr'>αὐτοὶ</span> <span class='ocrx_word' id='word_1_613' title='bbox 3070 4405 3442 4480; x_wconf 81' lang='grc' dir='ltr'>ἐχορήγησαν,</span> <span class='ocrx_word' id='word_1_614' title='bbox 3465 4408 3683 4472; x_wconf 80' lang='grc' dir='ltr'>ἑαυτοῖς</span> 
     </span>
    </p>
   </div>
   <div class='ocr_carea' id='block_1_92' title="bbox 2102 4499 3684 4572">
    <p class='ocr_par' dir='ltr' id='par_1_92' title="bbox 2102 4499 3684 4572">
     <span class='ocr_line' id='line_1_92' title="bbox 2102 4499 3684 4572; baseline -0.003 -15"><span class='ocrx_word' id='word_1_615' title='bbox 2102 4507 2197 4557; x_wconf 75' lang='grc' dir='ltr'>καὶ</span> <span class='ocrx_word' id='word_1_616' title='bbox 2259 4506 2370 4567; x_wconf 87' lang='grc' dir='ltr'>τοῖς</span> <span class='ocrx_word' id='word_1_617' title='bbox 2444 4502 2830 4572; x_wconf 79' lang='grc' dir='ltr'>ἀὸαθεστὲροις</span> <span class='ocrx_word' id='word_1_618' title='bbox 2882 4501 3098 4566; x_wconf 82' lang='grc' dir='ltr'>θεαταῖς</span> <span class='ocrx_word' id='word_1_619' title='bbox 3147 4501 3576 4572; x_wconf 84' lang='grc' dir='ltr'>εὑηρεστηκότες</span> <span class='ocrx_word' id='word_1_620' title='bbox 3623 4499 3684 4553; x_wconf 79' lang='grc' dir='ltr'>ἐν</span> 
     </span>
    </p>
   </div>
   <div class='ocr_carea' id='block_1_93' title="bbox 2109 4593 3682 4666">
    <p class='ocr_par' dir='ltr' id='par_1_93' title="bbox 2109 4593 3682 4666">
     <span class='ocr_line' id='line_1_93' title="bbox 2109 4593 3682 4666; baseline -0.001 -18"><span class='ocrx_word' id='word_1_621' title='bbox 2109 4597 2268 4666; x_wconf 89' lang='grc' dir='ltr'>μόνον</span> <span class='ocrx_word' id='word_1_622' title='bbox 2299 4595 2400 4664; x_wconf 73' lang='grc' dir='ltr'>τῆς</span> <span class='ocrx_word' id='word_1_623' title='bbox 2432 4595 2876 4666; x_wconf 81' lang='grc' dir='ltr'>δραματουργίας</span> <span class='ocrx_word' id='word_1_624' title='bbox 2929 4595 3349 4664; x_wconf 89' lang='grc' dir='ltr'>παρακατέσχον</span> <span class='ocrx_word' id='word_1_625' title='bbox 3411 4595 3490 4658; x_wconf 86' lang='grc' dir='ltr'><strong>είς</strong></span> <span class='ocrx_word' id='word_1_626' title='bbox 3527 4593 3682 4656; x_wconf 86' lang='grc' dir='ltr'>τέλος</span> 
     </span>
    </p>
   </div>
   <div class='ocr_carea' id='block_1_94' title="bbox 420 4666 1999 4758">
    <p class='ocr_par' dir='ltr' id='par_1_94' title="bbox 420 4685 1994 4756">
     <span class='ocr_line' id='line_1_94' title="bbox 420 4685 1994 4756; baseline 0.004 -18"><span class='ocrx_word' id='word_1_627' title='bbox 420 4685 820 4756; x_wconf 67' lang='lat' dir='ltr'><strong>praellguratam</strong></span> <span class='ocrx_word' id='word_1_628' title='bbox 855 4685 1257 4740; x_wconf 82' lang='lat' dir='ltr'><strong>lamentabilem</strong></span> <span class='ocrx_word' id='word_1_629' title='bbox 1292 4685 1601 4753; x_wconf 76' lang='lat' dir='ltr'><strong>nigritiam;</strong></span> <span class='ocrx_word' id='word_1_630' title='bbox 1645 4692 1862 4744; x_wconf 70' lang='lat' dir='ltr'><strong>caeteris</strong></span> <span class='ocrx_word' id='word_1_631' title='bbox 1893 4705 1994 4745; x_wconf 86' lang='lat' dir='ltr'><strong>au-</strong></span> 
     </span>
    </p>
   </div>
   <div class='ocr_carea' id='block_1_95' title="bbox 2104 4666 3679 4758">
    <p class='ocr_par' dir='ltr' id='par_1_95' title="bbox 2104 4685 3679 4758">
     <span class='ocr_line' id='line_1_95' title="bbox 2104 4685 3679 4758; baseline -0.001 -19"><span class='ocrx_word' id='word_1_632' title='bbox 2104 4691 2154 4742; x_wconf 84' lang='grc' dir='ltr'><strong>οῖ</strong></span> <span class='ocrx_word' id='word_1_633' title='bbox 2208 4689 2443 4753; x_wconf 82' lang='grc' dir='ltr'>πλείους,</span> <span class='ocrx_word' id='word_1_634' title='bbox 2479 4688 2576 4758; x_wconf 79' lang='grc' dir='ltr'><strong>τὴν</strong></span> <span class='ocrx_word' id='word_1_635' title='bbox 2605 4686 3048 4757; x_wconf 82' lang='grc' dir='ltr'>προφαινομένην</span> <span class='ocrx_word' id='word_1_636' title='bbox 3101 4685 3365 4758; x_wconf 78' lang='grc' dir='ltr'>πένθιμον</span> <span class='ocrx_word' id='word_1_637' title='bbox 3396 4687 3679 4755; x_wconf 80' lang='grc' dir='ltr'>μελανίαν·</span> 
     </span>
    </p>
   </div>
   <div class='ocr_carea' id='block_1_96' title="bbox 417 4777 1991 4851">
    <p class='ocr_par' dir='ltr' id='par_1_96' title="bbox 417 4777 1991 4851">
     <span class='ocr_line' id='line_1_96' title="bbox 417 4777 1991 4851; baseline 0.004 -19"><span class='ocrx_word' id='word_1_638' title='bbox 417 4789 525 4833; x_wconf 92' lang='lat' dir='ltr'><strong>tem</strong></span> <span class='ocrx_word' id='word_1_639' title='bbox 557 4779 963 4844; x_wconf 74' lang='lat' dir='ltr'><strong>abetinuerunt,</strong></span> <span class='ocrx_word' id='word_1_640' title='bbox 999 4793 1108 4833; x_wconf 92' lang='lat' dir='ltr'><strong>non</strong></span> <span class='ocrx_word' id='word_1_641' title='bbox 1140 4778 1286 4847; x_wconf 92' lang='lat' dir='ltr'><strong>quod</strong></span> <span class='ocrx_word' id='word_1_642' title='bbox 1319 4777 1584 4834; x_wconf 83' lang='lat' dir='ltr'><strong>ludebant</strong></span> <span class='ocrx_word' id='word_1_643' title='bbox 1623 4793 1991 4851; x_wconf 88' lang='lat' dir='ltr'><strong>retnanentes,</strong></span> 
     </span>
    </p>
   </div>
   <div class='ocr_carea' id='block_1_97' title="bbox 415 4868 1994 4946">
    <p class='ocr_par' dir='ltr' id='par_1_97' title="bbox 415 4868 1994 4946">
     <span class='ocr_line' id='line_1_97' title="bbox 415 4868 1994 4946; baseline 0.004 -22"><span class='ocrx_word' id='word_1_644' title='bbox 415 4883 520 4924; x_wconf 91' lang='lat' dir='ltr'><strong>nec</strong></span> <span class='ocrx_word' id='word_1_645' title='bbox 585 4869 750 4924; x_wconf 87' lang='lat' dir='ltr'><strong>etiam</strong></span> <span class='ocrx_word' id='word_1_646' title='bbox 799 4868 869 4924; x_wconf 85' lang='lat' dir='ltr'><strong>ad</strong></span> <span class='ocrx_word' id='word_1_647' title='bbox 933 4869 1114 4938; x_wconf 90' lang='lat' dir='ltr'><strong>priora</strong></span> <span class='ocrx_word' id='word_1_648' title='bbox 1153 4881 1512 4936; x_wconf 87' lang='lat' dir='ltr'><strong>revertentes,</strong></span> <span class='ocrx_word' id='word_1_649' title='bbox 1555 4873 1646 4926; x_wconf 89' lang='lat' dir='ltr'><strong>sed</strong></span> <span class='ocrx_word' id='word_1_650' title='bbox 1677 4873 1728 4927; x_wconf 93' lang='lat' dir='ltr'><strong>in</strong></span> <span class='ocrx_word' id='word_1_651' title='bbox 1778 4875 1994 4946; x_wconf 71' lang='lat' dir='ltr'><strong>pejores</strong></span> 
     </span>
    </p>
   </div>
   <div class='ocr_carea' id='block_1_98' title="bbox 355 4958 1992 5035">
    <p class='ocr_par' dir='ltr' id='par_1_98' title="bbox 355 4958 1992 5035">
     <span class='ocr_line' id='line_1_98' title="bbox 355 4958 1992 5035; baseline 0.006 -25"><span class='ocrx_word' id='word_1_652' title='bbox 355 5005 358 5010; x_wconf 93' lang='lat'>.</span> <span class='ocrx_word' id='word_1_653' title='bbox 419 4958 827 5025; x_wconf 81' lang='lat' dir='ltr'><strong>transformati,</strong></span> <span class='ocrx_word' id='word_1_654' title='bbox 857 4961 1119 5016; x_wconf 90' lang='lat' dir='ltr'><strong>mundum</strong></span> <span class='ocrx_word' id='word_1_655' title='bbox 1153 4961 1287 5017; x_wconf 87' lang='lat' dir='ltr'><strong>adeo</strong></span> <span class='ocrx_word' id='word_1_656' title='bbox 1321 4963 1426 5018; x_wconf 89' lang='lat' dir='ltr'><strong>sibi</strong></span> <span class='ocrx_word' id='word_1_657' title='bbox 1453 4965 1728 5033; x_wconf 90' lang='lat' dir='ltr'><strong>proprium</strong></span> <span class='ocrx_word' id='word_1_658' title='bbox 1760 4968 1992 5035; x_wconf 83' lang='lat' dir='ltr'><strong>Operati,</strong></span> 
     </span>
    </p>
   </div>
   <div class='ocr_carea' id='block_1_99' title="bbox 417 5050 1993 5122">
    <p class='ocr_par' dir='ltr' id='par_1_99' title="bbox 417 5050 1993 5122">
     <span class='ocr_line' id='line_1_99' title="bbox 417 5050 1993 5122; baseline 0.006 -19"><span class='ocrx_word' id='word_1_659' title='bbox 417 5060 477 5104; x_wconf 95' lang='lat' dir='ltr'><strong>ttt</strong></span> <span class='ocrx_word' id='word_1_660' title='bbox 506 5051 652 5106; x_wconf 92' lang='lat' dir='ltr'><strong>illius</strong></span> <span class='ocrx_word' id='word_1_661' title='bbox 693 5050 866 5121; x_wconf 82' lang='lat' dir='ltr'><strong>magis</strong></span> <span class='ocrx_word' id='word_1_662' title='bbox 899 5066 1060 5122; x_wconf 87' lang='lat' dir='ltr'><strong>quam</strong></span> <span class='ocrx_word' id='word_1_663' title='bbox 1094 5057 1266 5108; x_wconf 84' lang='lat' dir='ltr'><strong>sancti</strong></span> <span class='ocrx_word' id='word_1_664' title='bbox 1317 5056 1634 5110; x_wconf 87' lang='lat' dir='ltr'><strong>monasterii</strong></span> <span class='ocrx_word' id='word_1_665' title='bbox 1687 5071 1812 5112; x_wconf 90' lang='lat' dir='ltr'><strong>esse</strong></span> <span class='ocrx_word' id='word_1_666' title='bbox 1848 5057 1993 5112; x_wconf 87' lang='lat' dir='ltr'><strong>vide-</strong></span> 
     </span>
    </p>
   </div>
   <div class='ocr_carea' id='block_1_100' title="bbox 416 5155 628 5199">
    <p class='ocr_par' dir='ltr' id='par_1_100' title="bbox 416 5155 628 5199">
     <span class='ocr_line' id='line_1_100' title="bbox 416 5155 628 5199; baseline 0.009 -3"><span class='ocrx_word' id='word_1_667' title='bbox 416 5155 628 5199; x_wconf 78' lang='lat' dir='ltr'><strong>l&#39;CIIllll&#39;.</strong></span> 
     </span>
    </p>
   </div>
   <div class='ocr_carea' id='block_1_101' title="bbox 489 5231 1991 5304">
    <p class='ocr_par' dir='ltr' id='par_1_101' title="bbox 489 5231 1991 5304">
     <span class='ocr_line' id='line_1_101' title="bbox 489 5231 1991 5304; baseline 0.006 -19"><span class='ocrx_word' id='word_1_668' title='bbox 489 5232 580 5286; x_wconf 79' lang='grc'><strong>51.</strong></span> <span class='ocrx_word' id='word_1_669' title='bbox 617 5231 792 5286; x_wconf 80' lang='lat' dir='ltr'><strong>Antea</strong></span> <span class='ocrx_word' id='word_1_670' title='bbox 847 5232 1063 5302; x_wconf 86' lang='lat' dir='ltr'><strong>quidem</strong></span> <span class='ocrx_word' id='word_1_671' title='bbox 1126 5235 1326 5288; x_wconf 89' lang='lat' dir='ltr'><strong>etenim</strong></span> <span class='ocrx_word' id='word_1_672' title='bbox 1389 5236 1470 5290; x_wconf 87' lang='lat' dir='ltr'><strong>vel</strong></span> <span class='ocrx_word' id='word_1_673' title='bbox 1523 5237 1769 5304; x_wconf 65' lang='lat' dir='ltr'><strong>quaedam</strong></span> <span class='ocrx_word' id='word_1_674' title='bbox 1819 5238 1991 5294; x_wconf 90' lang='lat' dir='ltr'><strong>victus</strong></span> 
     </span>
    </p>
   </div>
   <div class='ocr_carea' id='block_1_102' title="bbox 417 5321 1986 5395">
    <p class='ocr_par' dir='ltr' id='par_1_102' title="bbox 417 5321 1986 5395">
     <span class='ocr_line' id='line_1_102' title="bbox 417 5321 1986 5395; baseline 0.004 -20"><span class='ocrx_word' id='word_1_675' title='bbox 417 5321 672 5391; x_wconf 62' lang='lat' dir='ltr'><strong>quaestio,</strong></span> <span class='ocrx_word' id='word_1_676' title='bbox 710 5321 796 5376; x_wconf 90' lang='lat' dir='ltr'><strong>vel</strong></span> <span class='ocrx_word' id='word_1_677' title='bbox 831 5323 1169 5392; x_wconf 88' lang='lat' dir='ltr'><strong>publicitalis</strong></span> <span class='ocrx_word' id='word_1_678' title='bbox 1197 5327 1371 5394; x_wconf 90' lang='lat' dir='ltr'><strong>pudor</strong></span> <span class='ocrx_word' id='word_1_679' title='bbox 1401 5326 1547 5395; x_wconf 86' lang='lat' dir='ltr'><strong>ipsos</strong></span> <span class='ocrx_word' id='word_1_680' title='bbox 1577 5329 1754 5382; x_wconf 86' lang='lat' dir='ltr'><strong>arcuit</strong></span> <span class='ocrx_word' id='word_1_681' title='bbox 1781 5343 1809 5381; x_wconf 90' lang='lat' dir='ltr'><strong>a</strong></span> <span class='ocrx_word' id='word_1_682' title='bbox 1847 5329 1986 5382; x_wconf 86' lang='lat' dir='ltr'><strong>foro.</strong></span> 
     </span>
    </p>
   </div>
   <div class='ocr_carea' id='block_1_103' title="bbox 417 5413 1990 5488">
    <p class='ocr_par' dir='ltr' id='par_1_103' title="bbox 417 5413 1990 5488">
     <span class='ocr_line' id='line_1_103' title="bbox 417 5413 1990 5488; baseline 0.004 -22"><span class='ocrx_word' id='word_1_683' title='bbox 417 5413 796 5468; x_wconf 85' lang='lat' dir='ltr'><strong>Fastidiebant</strong></span> <span class='ocrx_word' id='word_1_684' title='bbox 817 5413 959 5468; x_wconf 88' lang='lat' dir='ltr'><strong>enim</strong></span> <span class='ocrx_word' id='word_1_685' title='bbox 994 5413 1135 5468; x_wconf 90' lang='lat' dir='ltr'><strong>inter</strong></span> <span class='ocrx_word' id='word_1_686' title='bbox 1165 5415 1359 5470; x_wconf 87' lang='lat' dir='ltr'><strong>multos</strong></span> <span class='ocrx_word' id='word_1_687' title='bbox 1390 5417 1592 5484; x_wconf 74' lang='lat' dir='ltr'><strong>videri,</strong></span> <span class='ocrx_word' id='word_1_688' title='bbox 1627 5418 1840 5487; x_wconf 89' lang='lat' dir='ltr'><strong>plurimi</strong></span> <span class='ocrx_word' id='word_1_689' title='bbox 1873 5419 1990 5488; x_wconf 86' lang='lat' dir='ltr'><strong>qui-</strong></span> 
     </span>
    </p>
   </div>
   <div class='ocr_carea' id='block_1_104' title="bbox 419 5505 1988 5582">
    <p class='ocr_par' dir='ltr' id='par_1_104' title="bbox 419 5505 1988 5582">
     <span class='ocr_line' id='line_1_104' title="bbox 419 5505 1988 5582; baseline 0.004 -23"><span class='ocrx_word' id='word_1_690' title='bbox 419 5509 544 5560; x_wconf 90' lang='lat' dir='ltr'><strong>dem</strong></span> <span class='ocrx_word' id='word_1_691' title='bbox 574 5505 700 5574; x_wconf 87' lang='lat' dir='ltr'><strong>quia</strong></span> <span class='ocrx_word' id='word_1_692' title='bbox 733 5505 1005 5559; x_wconf 88' lang='lat' dir='ltr'><strong>mundana</strong></span> <span class='ocrx_word' id='word_1_693' title='bbox 1042 5509 1459 5562; x_wconf 85' lang='lat' dir='ltr'><strong>conversatione</strong></span> <span class='ocrx_word' id='word_1_694' title='bbox 1497 5525 1599 5562; x_wconf 89' lang='lat' dir='ltr'><strong>non</strong></span> <span class='ocrx_word' id='word_1_695' title='bbox 1635 5522 1792 5564; x_wconf 88' lang='lat' dir='ltr'><strong>erant</strong></span> <span class='ocrx_word' id='word_1_696' title='bbox 1839 5512 1988 5582; x_wconf 85' lang='lat' dir='ltr'><strong>digni</strong></span> 
     </span>
    </p>
   </div>
   <div class='ocr_carea' id='block_1_105' title="bbox 411 5596 1986 5671">
    <p class='ocr_par' dir='ltr' id='par_1_105' title="bbox 411 5596 1986 5671">
     <span class='ocr_line' id='line_1_105' title="bbox 411 5596 1986 5671; baseline 0.003 -21"><span class='ocrx_word' id='word_1_697' title='bbox 411 5597 505 5665; x_wconf 88' lang='lat' dir='ltr'><strong>qui</strong></span> <span class='ocrx_word' id='word_1_698' title='bbox 539 5596 1026 5667; x_wconf 80' lang='lat' dir='ltr'><strong>conspicerentur;</strong></span> <span class='ocrx_word' id='word_1_699' title='bbox 1063 5598 1244 5668; x_wconf 91' lang='lat' dir='ltr'><strong>plures</strong></span> <span class='ocrx_word' id='word_1_700' title='bbox 1275 5607 1452 5652; x_wconf 88' lang='lat' dir='ltr'><strong>autem</strong></span> <span class='ocrx_word' id='word_1_701' title='bbox 1481 5601 1642 5654; x_wconf 88' lang='lat' dir='ltr'><strong>etiam</strong></span> <span class='ocrx_word' id='word_1_702' title='bbox 1671 5601 1739 5656; x_wconf 94' lang='lat' dir='ltr'><strong>ob</strong></span> <span class='ocrx_word' id='word_1_703' title='bbox 1767 5602 1986 5671; x_wconf 82' lang='lat' dir='ltr'><strong>aliquod</strong></span> 
     </span>
    </p>
   </div>
   <div class='ocr_carea' id='block_1_106' title="bbox 416 5689 1991 5759">
    <p class='ocr_par' dir='ltr' id='par_1_106' title="bbox 416 5689 1991 5759">
     <span class='ocr_line' id='line_1_106' title="bbox 416 5689 1991 5759; baseline 0.003 -16"><span class='ocrx_word' id='word_1_704' title='bbox 416 5691 630 5744; x_wconf 83' lang='lat' dir='ltr'><strong>facinus</strong></span> <span class='ocrx_word' id='word_1_705' title='bbox 667 5689 1013 5759; x_wconf 89' lang='lat' dir='ltr'><strong>probrosum,</strong></span> <span class='ocrx_word' id='word_1_706' title='bbox 1043 5703 1074 5744; x_wconf 94' lang='lat' dir='ltr'><strong>e</strong></span> <span class='ocrx_word' id='word_1_707' title='bbox 1116 5690 1314 5759; x_wconf 88' lang='lat' dir='ltr'><strong>quibus</strong></span> <span class='ocrx_word' id='word_1_708' title='bbox 1341 5689 1544 5758; x_wconf 89' lang='lat' dir='ltr'><strong>aliquot</strong></span> <span class='ocrx_word' id='word_1_709' title='bbox 1585 5706 1774 5749; x_wconf 85' lang='lat' dir='ltr'><strong>carcer</strong></span> <span class='ocrx_word' id='word_1_710' title='bbox 1797 5695 1991 5748; x_wconf 79' lang='lat' dir='ltr'><strong>celavit</strong></span> 
     </span>
    </p>
   </div>
   <div class='ocr_carea' id='block_1_107' title="bbox 415 5780 1991 5845">
    <p class='ocr_par' dir='ltr' id='par_1_107' title="bbox 415 5780 1991 5845">
     <span class='ocr_line' id='line_1_107' title="bbox 415 5780 1991 5845; baseline 0.005 -12"><span class='ocrx_word' id='word_1_711' title='bbox 415 5780 850 5845; x_wconf 80' lang='lat' dir='ltr'><strong>tttalel&#39;acientes,</strong></span> <span class='ocrx_word' id='word_1_712' title='bbox 897 5789 951 5836; x_wconf 91' lang='lat' dir='ltr'><strong>et</strong></span> <span class='ocrx_word' id='word_1_713' title='bbox 1004 5782 1084 5836; x_wconf 85' lang='lat' dir='ltr'><strong>sic</strong></span> <span class='ocrx_word' id='word_1_714' title='bbox 1133 5782 1390 5837; x_wconf 87' lang='lat' dir='ltr'><strong>abscondi</strong></span> <span class='ocrx_word' id='word_1_715' title='bbox 1421 5798 1527 5837; x_wconf 92' lang='lat' dir='ltr'><strong>non</strong></span> <span class='ocrx_word' id='word_1_716' title='bbox 1563 5783 1796 5840; x_wconf 89' lang='lat' dir='ltr'><strong>libenter</strong></span> <span class='ocrx_word' id='word_1_717' title='bbox 1851 5787 1991 5841; x_wconf 87' lang='lat' dir='ltr'><strong>obti-</strong></span> 
     </span>
    </p>
   </div>
   <div class='ocr_carea' id='block_1_108' title="bbox 2106 4777 3685 4850">
    <p class='ocr_par' dir='ltr' id='par_1_108' title="bbox 2106 4777 3685 4850">
     <span class='ocr_line' id='line_1_108' title="bbox 2106 4777 3685 4850; baseline -0.003 -17"><span class='ocrx_word' id='word_1_718' title='bbox 2106 4783 2215 4833; x_wconf 82' lang='grc' dir='ltr'><strong>τῶν</strong></span> <span class='ocrx_word' id='word_1_719' title='bbox 2241 4779 2297 4834; x_wconf 80' lang='grc' dir='ltr'>δὲ</span> <span class='ocrx_word' id='word_1_720' title='bbox 2326 4781 2528 4833; x_wconf 83' lang='grc' dir='ltr'>λοιπῶν</span> <span class='ocrx_word' id='word_1_721' title='bbox 2567 4780 2884 4850; x_wconf 86' lang='grc' dir='ltr'>ἀπέσχοντο,</span> <span class='ocrx_word' id='word_1_722' title='bbox 2919 4778 3014 4850; x_wconf 81' lang='grc' dir='ltr'>μὴ,</span> <span class='ocrx_word' id='word_1_723' title='bbox 3072 4779 3210 4850; x_wconf 84' lang='grc' dir='ltr'>ὅπερ</span> <span class='ocrx_word' id='word_1_724' title='bbox 3269 4779 3513 4844; x_wconf 74' lang='grc' dir='ltr'>ἔπαιζον,</span> <span class='ocrx_word' id='word_1_725' title='bbox 3567 4777 3685 4848; x_wconf 86' lang='grc' dir='ltr'>μεί-</span> 
     </span>
    </p>
   </div>
   <div class='ocr_carea' id='block_1_109' title="bbox 2105 4869 3684 4943">
    <p class='ocr_par' dir='ltr' id='par_1_109' title="bbox 2105 4869 3684 4943">
     <span class='ocr_line' id='line_1_109' title="bbox 2105 4869 3684 4943; baseline -0.003 -17"><span class='ocrx_word' id='word_1_726' title='bbox 2105 4889 2315 4940; x_wconf 83' lang='grc' dir='ltr'>ναντες,</span> <span class='ocrx_word' id='word_1_727' title='bbox 2345 4873 2438 4926; x_wconf 80' lang='grc' dir='ltr'>καὶ</span> <span class='ocrx_word' id='word_1_728' title='bbox 2468 4871 2603 4943; x_wconf 77' lang='grc' dir='ltr'>μηδὲ</span> <span class='ocrx_word' id='word_1_729' title='bbox 2632 4873 2710 4934; x_wconf 81' lang='grc' dir='ltr'><strong>εις</strong></span> <span class='ocrx_word' id='word_1_730' title='bbox 2737 4871 2803 4924; x_wconf 78' lang='grc' dir='ltr'><strong>τὰ</strong></span> <span class='ocrx_word' id='word_1_731' title='bbox 2851 4871 3087 4942; x_wconf 86' lang='grc' dir='ltr'>πρότερα</span> <span class='ocrx_word' id='word_1_732' title='bbox 3110 4870 3239 4938; x_wconf 79' lang='grc' dir='ltr'>γοῦν</span> <span class='ocrx_word' id='word_1_733' title='bbox 3270 4869 3684 4923; x_wconf 83' lang='grc' dir='ltr'>ἀποκαταστάν-</span> 
     </span>
    </p>
   </div>
   <div class='ocr_carea' id='block_1_110' title="bbox 2103 4961 3683 5034">
    <p class='ocr_par' dir='ltr' id='par_1_110' title="bbox 2103 4961 3683 5034">
     <span class='ocr_line' id='line_1_110' title="bbox 2103 4961 3683 5034; baseline -0.002 -17"><span class='ocrx_word' id='word_1_734' title='bbox 2103 4981 2218 5030; x_wconf 86' lang='grc' dir='ltr'>τες,</span> <span class='ocrx_word' id='word_1_735' title='bbox 2245 4965 2380 5018; x_wconf 76' lang='grc' dir='ltr'>ἀλλὰ</span> <span class='ocrx_word' id='word_1_736' title='bbox 2429 4963 2886 5034; x_wconf 84' lang='grc' dir='ltr'>μεταποιηθέντες</span> <span class='ocrx_word' id='word_1_737' title='bbox 2913 4965 2992 5026; x_wconf 79' lang='grc' dir='ltr'><strong>είς</strong></span> <span class='ocrx_word' id='word_1_738' title='bbox 3026 4961 3300 5033; x_wconf 82' lang='grc' dir='ltr'>χείρονας,</span> <span class='ocrx_word' id='word_1_739' title='bbox 3331 4963 3424 5015; x_wconf 79' lang='grc' dir='ltr'>τὸν</span> <span class='ocrx_word' id='word_1_740' title='bbox 3474 4961 3683 5030; x_wconf 83' lang='grc' dir='ltr'>κόσμον</span> 
     </span>
    </p>
   </div>
   <div class='ocr_carea' id='block_1_111' title="bbox 2101 5050 3682 5127">
    <p class='ocr_par' dir='ltr' id='par_1_111' title="bbox 2101 5050 3682 5127">
     <span class='ocr_line' id='line_1_111' title="bbox 2101 5050 3682 5127; baseline -0.002 -17"><span class='ocrx_word' id='word_1_741' title='bbox 2101 5059 2159 5120; x_wconf 81' lang='grc' dir='ltr'>ἐς</span> <span class='ocrx_word' id='word_1_742' title='bbox 2188 5056 2443 5110; x_wconf 83' lang='grc' dir='ltr'>τοσοῦτον</span> <span class='ocrx_word' id='word_1_743' title='bbox 2481 5057 2918 5126; x_wconf 77' lang='grc' dir='ltr'>οἱκειωσάμενοι,</span> <span class='ocrx_word' id='word_1_744' title='bbox 2945 5056 3019 5119; x_wconf 85' lang='grc' dir='ltr'>ὡς</span> <span class='ocrx_word' id='word_1_745' title='bbox 3067 5057 3275 5110; x_wconf 79' lang='grc' dir='ltr'>ἐκείνου</span> <span class='ocrx_word' id='word_1_746' title='bbox 3307 5056 3504 5127; x_wconf 87' lang='grc' dir='ltr'>μᾶλλον</span> <span class='ocrx_word' id='word_1_747' title='bbox 3539 5050 3682 5110; x_wconf 74' lang='grc' dir='ltr'>εἶναι</span> 
     </span>
    </p>
   </div>
   <div class='ocr_carea' id='block_1_112' title="bbox 2097 5147 3172 5219">
    <p class='ocr_par' dir='ltr' id='par_1_112' title="bbox 2097 5147 3172 5219">
     <span class='ocr_line' id='line_1_112' title="bbox 2097 5147 3172 5219; baseline 0 -17"><span class='ocrx_word' id='word_1_748' title='bbox 2097 5149 2296 5214; x_wconf 89' lang='grc' dir='ltr'>δοκεῖν,</span> <span class='ocrx_word' id='word_1_749' title='bbox 2328 5149 2360 5219; x_wconf 78' lang='grc' dir='ltr'>ἢ</span> <span class='ocrx_word' id='word_1_750' title='bbox 2389 5147 2480 5201; x_wconf 82' lang='grc' dir='ltr'>τοῦ</span> <span class='ocrx_word' id='word_1_751' title='bbox 2522 5148 2678 5216; x_wconf 82' lang='grc' dir='ltr'>ἁγίου</span> <span class='ocrx_word' id='word_1_752' title='bbox 2735 5147 3172 5218; x_wconf 82' lang='grc' dir='ltr'>φροντιστηρίου.</span> 
     </span>
    </p>
   </div>
   <div class='ocr_carea' id='block_1_113' title="bbox 2169 5237 3678 5310">
    <p class='ocr_par' dir='ltr' id='par_1_113' title="bbox 2169 5237 3678 5310">
     <span class='ocr_line' id='line_1_113' title="bbox 2169 5237 3678 5310; baseline 0.001 -18"><span class='ocrx_word' id='word_1_753' title='bbox 2169 5240 2234 5292; x_wconf 92' lang='grc' dir='ltr'><strong>λα</strong></span> <span class='ocrx_word' id='word_1_754' title='bbox 2260 5277 2274 5292; x_wconf 90' lang='grc'>.</span> <span class='ocrx_word' id='word_1_755' title='bbox 2359 5241 2567 5307; x_wconf 66' lang='grc' dir='ltr'>Ίόπρὶν</span> <span class='ocrx_word' id='word_1_756' title='bbox 2609 5239 2708 5307; x_wconf 79' lang='grc' dir='ltr'><strong>μὲν</strong></span> <span class='ocrx_word' id='word_1_757' title='bbox 2769 5240 2876 5308; x_wconf 79' lang='grc' dir='ltr'><strong>γὰρ</strong></span> <span class='ocrx_word' id='word_1_758' title='bbox 2917 5240 2951 5309; x_wconf 79' lang='grc' dir='ltr'>ἡ</span> <span class='ocrx_word' id='word_1_759' title='bbox 2989 5238 3105 5308; x_wconf 86' lang='grc' dir='ltr'>βίου</span> <span class='ocrx_word' id='word_1_760' title='bbox 3173 5239 3404 5309; x_wconf 80' lang='grc' dir='ltr'>ζήτησις</span> <span class='ocrx_word' id='word_1_761' title='bbox 3450 5237 3678 5310; x_wconf 72' lang='grc' dir='ltr'>ἡτισοῦν</span> 
     </span>
    </p>
   </div>
   <div class='ocr_carea' id='block_1_114' title="bbox 2098 5329 3673 5400">
    <p class='ocr_par' dir='ltr' id='par_1_114' title="bbox 2098 5329 3673 5400">
     <span class='ocr_line' id='line_1_114' title="bbox 2098 5329 3673 5400; baseline -0.001 -16"><span class='ocrx_word' id='word_1_762' title='bbox 2098 5331 2314 5400; x_wconf 77' lang='grc' dir='ltr'>ἀπῆγεν</span> <span class='ocrx_word' id='word_1_763' title='bbox 2353 5331 2550 5392; x_wconf 80' lang='grc' dir='ltr'>αὐτοὺς</span> <span class='ocrx_word' id='word_1_764' title='bbox 2575 5331 2672 5398; x_wconf 85' lang='grc' dir='ltr'>τῆς</span> <span class='ocrx_word' id='word_1_765' title='bbox 2695 5330 2921 5400; x_wconf 77' lang='grc' dir='ltr'>ἀγορᾶς,</span> <span class='ocrx_word' id='word_1_766' title='bbox 2953 5330 2985 5400; x_wconf 78' lang='grc' dir='ltr'><strong>ἢ</strong></span> <span class='ocrx_word' id='word_1_767' title='bbox 3009 5329 3244 5400; x_wconf 78' lang='grc' dir='ltr'>ἐντροπὴ</span> <span class='ocrx_word' id='word_1_768' title='bbox 3290 5330 3673 5400; x_wconf 76' lang='grc' dir='ltr'>προφάνσεως.</span> 
     </span>
    </p>
   </div>
   <div class='ocr_carea' id='block_1_115' title="bbox 2103 5419 3674 5491">
    <p class='ocr_par' dir='ltr' id='par_1_115' title="bbox 2103 5419 3674 5491">
     <span class='ocr_line' id='line_1_115' title="bbox 2103 5419 3674 5491; baseline -0.001 -19"><span class='ocrx_word' id='word_1_769' title='bbox 2103 5421 2332 5473; x_wconf 81' lang='grc' dir='ltr'>Ὠκνουν</span> <span class='ocrx_word' id='word_1_770' title='bbox 2367 5421 2476 5490; x_wconf 79' lang='grc' dir='ltr'>γὰρ</span> <span class='ocrx_word' id='word_1_771' title='bbox 2500 5420 2600 5491; x_wconf 82' lang='grc' dir='ltr'>τὴν</span> <span class='ocrx_word' id='word_1_772' title='bbox 2625 5422 2682 5473; x_wconf 83' lang='grc' dir='ltr'>ὲν</span> <span class='ocrx_word' id='word_1_773' title='bbox 2723 5423 2834 5484; x_wconf 90' lang='grc' dir='ltr'>τοῖς</span> <span class='ocrx_word' id='word_1_774' title='bbox 2866 5419 3082 5482; x_wconf 81' lang='grc' dir='ltr'>πολλοῖς</span> <span class='ocrx_word' id='word_1_775' title='bbox 3151 5419 3310 5473; x_wconf 73' lang='grc' dir='ltr'>θέανο</span> <span class='ocrx_word' id='word_1_776' title='bbox 3371 5421 3420 5473; x_wconf 78' lang='grc' dir='ltr'>οἱ</span> <span class='ocrx_word' id='word_1_777' title='bbox 3457 5420 3674 5481; x_wconf 84' lang='grc' dir='ltr'>πλείους</span> 
     </span>
    </p>
   </div>
   <div class='ocr_carea' id='block_1_116' title="bbox 2105 5508 3678 5583">
    <p class='ocr_par' dir='ltr' id='par_1_116' title="bbox 2105 5508 3678 5583">
     <span class='ocr_line' id='line_1_116' title="bbox 2105 5508 3678 5583; baseline -0.003 -19"><span class='ocrx_word' id='word_1_778' title='bbox 2105 5512 2204 5583; x_wconf 77' lang='grc' dir='ltr'>μὲν</span> <span class='ocrx_word' id='word_1_779' title='bbox 2242 5511 2328 5563; x_wconf 74' lang='grc' dir='ltr'><strong>διὰ</strong></span> <span class='ocrx_word' id='word_1_780' title='bbox 2372 5511 2432 5562; x_wconf 89' lang='grc' dir='ltr'>τὸ</span> <span class='ocrx_word' id='word_1_781' title='bbox 2463 5512 2562 5580; x_wconf 78' lang='grc' dir='ltr'>τῆς</span> <span class='ocrx_word' id='word_1_782' title='bbox 2593 5509 2735 5563; x_wconf 86' lang='grc' dir='ltr'><strong>κατά</strong></span> <span class='ocrx_word' id='word_1_783' title='bbox 2770 5509 2972 5580; x_wconf 89' lang='grc' dir='ltr'>κόσμον</span> <span class='ocrx_word' id='word_1_784' title='bbox 2997 5508 3262 5579; x_wconf 76' lang='grc' dir='ltr'>ἀναϐολῆς</span> <span class='ocrx_word' id='word_1_785' title='bbox 3295 5510 3397 5561; x_wconf 72' lang='grc' dir='ltr'><strong>οὐκ</strong></span> <span class='ocrx_word' id='word_1_786' title='bbox 3425 5508 3678 5573; x_wconf 81' lang='grc' dir='ltr'>ἀξιοθέα-</span> 
     </span>
    </p>
   </div>
   <div class='ocr_carea' id='block_1_117' title="bbox 2098 5592 3681 5672">
    <p class='ocr_par' dir='ltr' id='par_1_117' title="bbox 2098 5592 3681 5672">
     <span class='ocr_line' id='line_1_117' title="bbox 2098 5592 3681 5672; baseline 0.001 -18"><span class='ocrx_word' id='word_1_787' title='bbox 2098 5620 2214 5669; x_wconf 83' lang='grc' dir='ltr'>τον,</span> <span class='ocrx_word' id='word_1_788' title='bbox 2251 5601 2436 5656; x_wconf 76' lang='grc' dir='ltr'>πολλοὶ</span> <span class='ocrx_word' id='word_1_789' title='bbox 2468 5603 2524 5656; x_wconf 81' lang='grc' dir='ltr'>δὲ</span> <span class='ocrx_word' id='word_1_790' title='bbox 2557 5602 2652 5656; x_wconf 74' lang='grc' dir='ltr'>καὶ</span> <span class='ocrx_word' id='word_1_791' title='bbox 2674 5602 2761 5656; x_wconf 80' lang='grc' dir='ltr'><strong>διὰ</strong></span> <span class='ocrx_word' id='word_1_792' title='bbox 2793 5600 3132 5672; x_wconf 82' lang='grc' dir='ltr'>κακουργίαν</span> <span class='ocrx_word' id='word_1_793' title='bbox 3184 5601 3570 5671; x_wconf 83' lang='grc' dir='ltr'>αἱσχὺνουσαν,</span> <span class='ocrx_word' id='word_1_794' title='bbox 3599 5592 3681 5656; x_wconf 78' lang='grc' dir='ltr'>ὧν</span> 
     </span>
    </p>
   </div>
   <div class='ocr_carea' id='block_1_118' title="bbox 2098 5691 3676 5764">
    <p class='ocr_par' dir='ltr' id='par_1_118' title="bbox 2098 5691 3676 5764">
     <span class='ocr_line' id='line_1_118' title="bbox 2098 5691 3676 5764; baseline -0.003 -16"><span class='ocrx_word' id='word_1_795' title='bbox 2098 5694 2161 5764; x_wconf 89' lang='grc' dir='ltr'>δή</span> <span class='ocrx_word' id='word_1_796' title='bbox 2188 5711 2338 5758; x_wconf 89' lang='grc' dir='ltr'>τινας</span> <span class='ocrx_word' id='word_1_797' title='bbox 2367 5694 2460 5748; x_wconf 70' lang='grc' dir='ltr'>καὶ</span> <span class='ocrx_word' id='word_1_798' title='bbox 2490 5692 2769 5764; x_wconf 83' lang='grc' dir='ltr'>κάθειρξις</span> <span class='ocrx_word' id='word_1_799' title='bbox 2828 5692 3145 5762; x_wconf 79' lang='grc' dir='ltr'>ἐπέκρυπτε</span> <span class='ocrx_word' id='word_1_800' title='bbox 3203 5691 3676 5762; x_wconf 82' lang='grc' dir='ltr'>κακουργοῦντας,</span> 
     </span>
    </p>
   </div>
   <div class='ocr_carea' id='block_1_119' title="bbox 2098 5781 3670 5858">
    <p class='ocr_par' dir='ltr' id='par_1_119' title="bbox 2098 5781 3670 5858">
     <span class='ocr_line' id='line_1_119' title="bbox 2098 5781 3670 5858; baseline -0.003 -17"><span class='ocrx_word' id='word_1_801' title='bbox 2098 5787 2192 5841; x_wconf 76' lang='grc' dir='ltr'>καὶ</span> <span class='ocrx_word' id='word_1_802' title='bbox 2221 5787 2363 5841; x_wconf 79' lang='grc' dir='ltr'>οὑτω</span> <span class='ocrx_word' id='word_1_803' title='bbox 2394 5786 2764 5858; x_wconf 87' lang='grc' dir='ltr'>λαγχάνοντας</span> <span class='ocrx_word' id='word_1_804' title='bbox 2794 5786 2854 5840; x_wconf 82' lang='grc' dir='ltr'>τὸ</span> <span class='ocrx_word' id='word_1_805' title='bbox 2899 5783 3044 5840; x_wconf 74' lang='grc' dir='ltr'>οὕτω</span> <span class='ocrx_word' id='word_1_806' title='bbox 3076 5785 3417 5858; x_wconf 86' lang='grc' dir='ltr'>κρύπτεσθαι</span> <span class='ocrx_word' id='word_1_807' title='bbox 3442 5786 3501 5839; x_wconf 83' lang='grc' dir='ltr'><strong>οὑ</strong></span> <span class='ocrx_word' id='word_1_808' title='bbox 3545 5781 3670 5838; x_wconf 83' lang='grc' dir='ltr'>καθ’</span> 
     </span>
    </p>
   </div>
  </div>
