4090 6424
393 444 496 510 40⁵1

1696 419 1792 479 DE
1831 413 2386 478 SiMULATlONE.

3555 410 3659 474 402

394 557 663 620 ἑκούσιον,
698 551 787 605 ὅτε
819 547 942 603 οὔτε
992 546 1090 616 τῆς
1119 539 1436 609 συγγενείας
1462 531 1604 608 ἦσαν
1635 535 1850 594 πάντως
1878 529 1995 584 ὲπί.

2103 541 2327 585 nentes:
2353 537 2408 584 ct
2446 535 2573 584 tunc
2602 542 2700 584 nec
2725 541 2954 598 prorsus
2997 524 3136 580 inter
3167 521 3515 593 propinquos,
3563 537 3665 578 nec

396 642 778 720 στροφοι,οὖτε
797 641 897 711 τῆς
924 637 1230 709 συνηθείας·
1258 635 1379 686 ἐπεὶ
1407 632 1542 701 μήτε
1562 631 1587 681 ό
1611 627 1771 696 τέχνῃ
1788 623 1986 692 σχολάο

396 717 505 807 ξων
539 739 686 806 ζωῆς
733 735 896 805 χάριν
925 731 1111 786 ἄδειαν
1147 727 1262 798 ἔχει
1300 725 1368 778 τὰ
1403 721 1628 776 τοιαῦτα
1661 717 1988 771 ἐπισκέπτε-

399 831 546 895 σθαι,
577 827 700 881 οὐδὲ
730 825 835 896 μὴν
865 825 892 875 ὁ
925 819 1305 890 κρυπτόμενος
1351 813 1622 868 ὁπωσοῦν.
1670 807 1811 861 Ἀλλ’
1839 808 1988 859 ἐπει-

397 923 494 976 δὰν
528 919 760 980 ἕκαστος
793 915 974 969 αὐτῶν
1016 909 1467 981 ὑποκρινόμενος,
1497 906 1578 966 είς
1601 903 1663 954 τὸ
1722 900 1988 969 πρότερον

398 1010 530 1086 ἦθος
593 1004 1033 1071 ἀποκατασταίη,
1099 1000 1362 1054 ἐπιτείνει
1396 997 1530 1051 αὐτὸ
1579 997 1657 1058 είς
1689 991 1988 1062 ἐμμέλειαν

398 1082 497 1159 ούκ
515 1103 882 1173 εὐάρμοστον.
907 1092 1255 1150 Ἐπανελθὼν
1318 1089 1428 1159 γὰρ
1457 1087 1556 1156 τῆς
1591 1084 1732 1139 κατὰ
1765 1082 1986 1149 πνεῦμα

401 1198 600 1269 φυγῆς,
633 1193 890 1264 φανητιᾷ,
922 1190 1019 1244 καὶ
1049 1188 1170 1247 ταῖς
1197 1183 1448 1254 προόδοις
1480 1178 1818 1248 alapa-emt
1841 1191 1854 1206 ·
1890 1173 1986 1226 καὶ

403 1264 465 1340 τὸ
506 1264 838 1354 μονότροπον
867 1280 1002 1334 ὡσεὶ
1029 1277 1184 1331 οὐδὲν
1227 1272 1612 1341 λογισάμενος,
1643 1264 1988 1319 πολιτεύεται

404 1378 540 1449 πρὸς
570 1375 682 1446 βίον
712 1373 1076 1436 ἀπόϐλεπτον,
1113 1363 1584 1438 φιλοτιμούμενος,
1609 1358 1701 1412 καὶ
1732 1359 1830 1426 τὴν
1861 1371 1990 1422 συγ-

406 1468 625 1536 γένειαν
688 1463 961 1534 πληθῦναι
1019 1463 1113 1514 καὶ
1168 1458 1267 1528 τὴν
1318 1453 1720 1525 γνωριμότητα,
1772 1449 1884 1501 Καί
1923 1462 1987 1513 γε

404 1559 668 1629 πῖιηθύνει
725 1555 886 1622 αὐτὰ,
925 1552 1202 1626 ῥυθμίζων
1265 1547 1460 1601 ἑαυτὸν
1510 1543 1571 1596 οὐ
1620 1539 1743 1596 καθ’
1793 1539 1989 1608 ἑτέραν

333 1694 342 1702 .
402 1649 715 1717 ἀναλογίαν,
741 1647 878 1700 ἁλλᾶ
902 1647 999 1716 τὴν
1027 1645 1108 1705 εἰς
1175 1636 1602 1694 πολλαπλάσιον.

474 1743 573 1812 λβν.
609 1743 719 1794 Καὶ
748 1741 874 1801 τοὺς
906 1738 1140 1808 τρόπους
1173 1732 1268 1787 τοῦ
1318 1724 1643 1799 πληθυσμοῦ
1677 1722 1828 1778 τοῦδε
1851 1736 1986 1788 προ-

407 1811 594 1904 φέρειν
629 1815 992 1902 μυσάττομαι,
1025 1819 1100 1879 ὧν
1138 1822 1220 1887 είς
1254 1821 1362 1892 πρὸ
1398 1819 1602 1881 παντὸς
1628 1815 1790 1886 ἔργου
1822 1815 1856 1883 ἡ
1879 1811 1987 1904 τῶν

406 1926 611 1978 τέκνων
639 1921 945 1990 ἐπίκτησις,
978 1912 1053 1972 ὧν
1079 1917 1147 1970 τὰ
1177 1915 1272 1987 μὲν
1302 1910 1540 1984 σαρκικὰ
1563 1909 1832 1982 ἐρρόντων
1856 1901 1987 1971 ’ἐγώ

421 2015 648 2083 δὲλέγω
704 2015 772 2067 τὰ
823 2011 967 2066 κατὰ
1019 2008 1258 2078 πνεῦμα,
1323 2004 1530 2064 ὁποίοις
1588 2003 1617 2054 ό
1677 1999 1851 2067 μέγας
1893 1996 1990 2064 μὲν

423 2108 676 2178 Ἀϐραὰμ
705 2103 879 2165 ἄλλως
928 2101 1130 2171 χαίρει,
1170 2095 1424 2166 ἑτεροίως
1452 2093 1510 2145 δὲ
1538 2093 1565 2144 ὁ
1629 2085 1990 2178 Ἀσραμιαῖος

411 2177 565 2258 οὗτος
599 2195 799 2262 γέρων,
837 2191 896 2256 ὃς
922 2190 1080 2261 χάριν
1113 2186 1293 2241 αὐτῶν
1347 2180 1634 2237 δυσκολίαν
1696 2177 1992 2246 ὑποκρινά-

415 2303 572 2358 μενος
609 2284 813 2354 βιοτῆς,
834 2281 927 2334 καὶ
971 2280 1060 2332 τὸν
1095 2275 1356 2348 ἀρχιερέα
1381 2269 1876 2341 ὑποποιησάμενος,
1900 2266 1994 2320 καὶ

414 2357 648 2445 γελάσας
676 2373 773 2443 μὲν
802 2371 918 2435 οὖν,
952 2368 1043 2422 καὶ
1077 2371 1155 2432 είς
1176 2367 1360 2437 ψυχῶν
1384 2363 1641 2432 ἀνάδοχον
1661 2357 1988 2431 ὲπικριθεὶς,

416 2468 511 2521 καὶ
532 2466 671 2518 οὕτω
689 2463 876 2527 διαϐάς
894 2462 1061 2523 ἀδεῶς
1079 2462 1157 2521 εἰς
1181 2458 1248 2512 τὰ
1276 2456 1415 2511 κατὰ
1434 2455 1545 2527 βίον
1564 2452 1876 2522 σωματικὰ,
1900 2451 1994 2506 καὶ

421 2562 489 2628 τῇ
533 2558 639 2611 τῶν
669 2556 877 2608 τέκνων
909 2552 1210 2619 εἱσποιήσει
1260 2545 1700 2616 πλατυνάμενος,
1721 2545 1865 2614 ἅπερ
1895 2543 1996 2596 ὅσα

424 2649 520 2703 καὶ
545 2649 726 2719 μήτηρ
749 2649 780 2715 ἡ
813 2645 988 2715 γραῦς
1045 2643 1328 2710 ὑπόκρισις
1364 2640 1469 2693 ὑπὸ
1493 2639 1572 2707 τῷ
1601 2635 1750 2707 καλῷ
1777 2635 1996 2706 γέροντι

422 2742 628 2807 ἔτεκεν,
665 2736 785 2792 εἶτα
813 2738 908 2791 καὶ
940 2738 1030 2790 τὸν
1059 2735 1279 2788 ἐνδόντα
1320 2735 1655 2786 τεκνοποιεῖν
1717 2730 1999 2800 ἀποπροσ-

424 2836 680 2893 ποιεῖται,
707 2833 837 2884 ὡσεὶ
887 2830 1043 2884 οὐθὲν
1071 2830 1298 2884 ἐνώπιον
1329 2828 1490 2883 αὐτοῦ
1537 2828 1740 2880 ἐκεῖνον
1775 2823 1996 2894 λογισά-

429 2941 606 2994 μενος.
649 2922 805 2975 Οὕτω
832 2921 886 2974 δὲ
917 2923 1052 2991 μετὰ
1075 2922 1176 2990 τὴν
1205 2922 1269 2973 ὲκ
1294 2921 1474 2989 φυγῆς
1507 2917 1856 2970 ὲπανέλευσιν
1904 2915 2000 2966 ἔκ-

426 3016 656 3084 κοσμίου
709 3013 932 3082 λογικὴν
981 3011 1370 3072 άποκαταστὰς
1427 3006 1776 3076 ἀκριϐοῦται,
1805 3004 1900 3057 καὶ
1939 3002 2001 3055 τὺ

430 3107 508 3176 μὴ
535 3107 738 3173 ἄτυφον
773 3106 977 3174 μένειν.
1016 3104 1123 3156 Καὶ
1173 3101 1276 3155 ποῦ
1303 3102 1412 3171 γὰρ
1449 3099 1514 3154 ἂν
1546 3101 1629 3169 είη
1672 3098 1874 3163 ἀτυφία
1901 3113 2005 3147 πα-

429 3199 498 3266 ρὰ
545 3199 656 3258 τοῖς
699 3195 1125 3263 ἀπολεξαμένοις
1182 3194 1282 3264 μὲν
1309 3193 1408 3261 τὴν
1453 3189 1841 3258 ταπεινότητα,
1905 3185 2000 3240 καὶ
2025 3229 2071 3293 C

432 3284 1103 3293 -_-__.-..
1266 3275 1957 3293 ......_..

428 3289 491 3358 δὴ
518 3287 616 3358 τὴν
645 3287 786 3356 αὐτῇ
834 3286 1033 3337 ὀπαδὸν
1083 3282 1347 3348 ὑπακοὴν,
1387 3280 1666 3348 ἑλομένοις
1699 3277 1756 3331 δὲ
1820 3275 1881 3329 τὸ
1901 3275 2001 3327 αύ-

428 3383 649 3445 τόνομον
679 3379 774 3431 καὶ
801 3375 1186 3447 προτακτικόν;

499 3472 594 3538 λγ.
635 3468 846 3523 Οὐκοῦν
870 3467 1060 3537 συχνὸν
1090 3468 1196 3527 τοῖς
1231 3464 1400 3526 ὁσίοις
1437 3464 1574 3530 μετὰ
1603 3461 1700 3532 τὴν
1733 3462 1797 3514 ὲκ
1825 3460 2004 3531 φυγῆς

430 3563 650 3617 κάθοδον
671 3564 749 3622 είς
786 3559 855 3612 τά
904 3558 1145 3628 κοσμικὰ
1180 3557 1383 3624 πάτρια
1421 3555 1482 3606 ού
1509 3553 1568 3606 τὸ
1603 3572 1619 3604 ι
1645 3541 2007 3621 Εὐλόγησον,ι

427 3658 485 3708 οὐ
512 3658 570 3708 τὸ
593 3673 610 3707 ι
635 3654 721 3715 Ὠς
745 3651 1008 3712 κελεύεις.
1035 3667 1053 3700 ι
1085 3647 1205 3700 οὐδὲ
1227 3647 1287 3698 τὸ
1310 3665 1329 3697 ι
1352 3646 1640 3714 Ναὶ,τίμιε
1661 3646 1892 3714 Πάτερ,›
1915 3644 2008 3696 άλ-

425 3748 490 3800 λά
522 3747 589 3799 τὰ
611 3746 816 3798 τούτων
850 3740 1138 3794 ἀνάπαλιν.
1169 3739 1279 3809 Τῆς
1310 3739 1418 3806 γὰρ
1466 3735 1742 3805 ὑποταγῆς
1773 3736 2010 3802 ἀλλαξά-

430 3853 592 3909 μενος
623 3837 722 3905 τὴν
745 3834 1035 3903 ἐπιταγὴν,
1070 3832 1282 3897 εὐλογεῐ
1313 3830 1433 3899 μὲν,
1454 3829 1593 3881 ἀλλὰ
1621 3830 1761 3882 κατὰ
1790 3831 2008 3899 πρόσω-

430 3944 533 3980 πον
562 3926 628 3978 τὰ
656 3923 823 3977 πολλὰ
851 3923 1107 3981 διαϐόλως
1127 3936 1141 3951 ·
1178 3919 1389 3973 κελεύει
1416 3919 1472 3972 δὲ
1497 3923 1608 3982 τοῖς
1641 3919 2006 3972 ὑπακούουσιν

427 4020 527 4072 ὃσι
578 4018 672 4071 καὶ
729 4016 1026 4084 τύραννος·
1053 4012 1414 4066 ἀπαναίνεται
1445 4010 1501 4064 δὲ
1566 4011 2009 4082 προκαλούμενος

429 4112 509 4171 είς
542 4124 596 4161 τι
621 4108 892 4176 ἐνάρετον,
926 4103 1083 4164 αὐτὸς
1129 4103 1318 4154 ἑαυτὸν
1346 4102 1662 4166 κανονίζων,
1706 4101 1865 4162 αὐτὸς
1889 4102 2012 4153 ἐαυ-

431 4201 511 4270 τῷ
541 4199 812 4270 ἀρέσκων,
849 4195 1042 4250 ἑαυτοῦ
1096 4196 1190 4248 καὶ
1226 4194 1387 4263 μόνου
1421 4193 1512 4247 τὸν
1551 4195 1753 4263 κόσμον
1785 4193 2012 4263 τιθέμε-

436 4312 548 4359 νος,
585 4294 747 4360 φάναι
771 4292 828 4343 δὲ
863 4290 954 4342 καὶ
993 4287 1190 4352 ἄλλως,
1216 4287 1409 4339 ἑαυτὸν
1460 4286 1621 4354 μόνον
1675 4285 1754 4355 τῷ
1820 4285 2012 4354 κόσμῳ

434 4383 942 4454 προσλογιζόμενον
972 4375 1142 4448 οὗπερ
1169 4379 1508 4443 ὲκτοπισθεὶς
1533 4380 1610 4440 είς
1645 4378 1819 4449 βραχὺ
1848 4381 2014 4432 ὲπανο

438 4476 640 4544 έδραμε
681 4475 816 4542 ταχὺ
859 4473 992 4540 πρὸς
1021 4471 1205 4529 αὑτὸν,
1260 4471 1361 4522 ὅσα
1393 4469 1486 4523 καὶ
1515 4472 1643 4532 παῖς
1677 4471 1826 4538 παρὰ
1852 4467 2013 4538 φίλην

2091 623 2235 676 inter
2281 628 2437 677 notos
2488 622 2890 678 versabantur:
2928 632 3052 672 nam
3110 628 3285 685 neque
3332 613 3424 679 qni
3453 613 3666 670 vivendi

2091 731 2253 771 causa
2285 723 2444 770 vacat
2473 716 2600 781 arti,
2651 729 2828 784 neque
2858 712 2951 784 qui
3001 711 3495 781 quomodocunque
3525 707 3670 764 cela-

2091 817 2202 874 tur,
2260 808 2433 862 otium
2488 809 2650 862 habet
2696 806 2821 860 talia
2885 802 3172 858 invisendi.
3228 799 3334 854 Sed
3381 809 3666 869 postquam

2090 913 2280 954 eorum
2304 899 2704 968 unusquisque,
2741 894 3090 950 simulatione
3120 891 3290 958 facta,
3318 889 3384 944 ad
3415 889 3662 960 priorem

2091 1004 2297 1046 morem
2353 1004 2635 1059 regressus
2661 998 2765 1054 est,
2800 987 3047 1043 extendit
3098 983 3248 1040 illum
3279 983 3334 1036 in
3360 981 3669 1052 proportio-

2093 1092 2214 1131 nem
2251 1091 2356 1132 non
2390 1091 2708 1146 congruam.
2750 1076 2888 1132 Nam
2917 1090 2947 1130 e
2971 1073 3096 1144 fuga
3121 1071 3352 1144 spiritali
3387 1084 3664 1137 reversus,

2089 1170 2332 1241 conspici
2358 1178 2538 1237 amat,
2568 1170 2706 1224 etin
2746 1168 2964 1240 publico
3009 1165 3213 1235 fulget;
3264 1163 3671 1228 solitariamque

2091 1266 2259 1320 vitam
2296 1279 2394 1336 pro
2420 1265 2591 1320 nihilo
2624 1276 2899 1334 reputans,
2923 1262 3077 1330 juxta
3116 1258 3466 1328 conspicuam
3498 1258 3665 1313 vitam

2091 1357 2264 1423 vivit,
2323 1357 2658 1428 propinquos
2713 1365 2767 1410 et
2831 1352 3129 1407 familiares
3179 1365 3379 1420 augere
3422 1351 3666 1422 cupiens.

2105 1449 2165 1502 Et
2192 1458 2340 1504 certe
2373 1459 2532 1518 auget
2581 1449 2696 1512 illa,
2754 1461 2859 1501 non
2893 1459 3017 1502 sese
3043 1457 3376 1512 componens
3406 1443 3474 1496 ad
3507 1441 3667 1495 aliam

2099 1542 2535 1614 proportionem,
2570 1541 2666 1596 sed
2700 1542 2857 1596 istam
2893 1538 3061 1594 multo
3088 1537 3513 1606 transgrediens.

2161 1724 2252 1778 52.
2292 1721 2477 1777 Medos
2503 1735 2632 1775 vero
2657 1718 2814 1786 hujus
2847 1715 3116 1771 auctionis
3154 1717 3350 1768 horreo
3402 1709 3670 1781 proferre,

2090 1825 2317 1879 quorum
2348 1824 2484 1863 unus
2521 1817 2643 1862 ante
2672 1806 2951 1877 quodlibet
2983 1819 3117 1873 Opus
3139 1811 3220 1858 est
3250 1803 3545 1857 liberorum
3578 1817 3674 1853 an-

2019 1901 2060 1957 Β
2090 1896 2400 1966 gmentatio.
2431 1894 2633 1950 ﬂorum
2655 1895 2870 1964 quidem
2898 1893 3094 1946 abeant
3120 1904 3205 1945 res
3242 1888 3489 1944 carnales
3523 1903 3540 1955 ;
3571 1904 3672 1954 ego

2094 2005 2221 2045 vero
2277 1989 2401 2044 dico
2473 1989 2802 2058 spirituales,
2867 1985 3116 2056 qualibus
3180 1982 3395 2053 quidem
3474 1981 3674 2050 gaudet

2093 2095 2320 2152 magnus
2357 2079 2666 2142 Abraham,
2710 2078 2845 2132 alias
2878 2085 3060 2132 autem
3089 2071 3428 2128 Abramiaeus
3463 2068 3555 2125 ille
3583 2083 3673 2124 se-

2096 2187 2223 2234 nex,
2257 2169 2350 2239 qui
2377 2169 2432 2225 in
2483 2169 2700 2224 illorum
2736 2167 2992 2235 gratiam,
3022 2162 3242 2219 fastidio
3271 2156 3459 2216 saeculi
3501 2159 3673 2214 simu-

2095 2263 2222 2328 lato,
2254 2271 2544 2333 postquam
2584 2257 3080 2314 arcltisacerdotem
3132 2253 3442 2309 seduxisset
3497 2261 3554 2305 et
3597 2250 3670 2302 ita

2095 2355 2313 2424 quidem
2364 2353 2619 2414 lusisset,
2651 2351 2707 2404 in
2746 2362 3034 2420 patronum
3086 2347 3292 2402 electus
3343 2343 3675 2406 animarum,

2096 2457 2149 2502 et
2174 2447 2254 2501 sic
2289 2445 2360 2500 ad
2381 2445 2560 2500 victus
2590 2440 2890 2496 materialia
2936 2452 3127 2495 secure
3167 2435 3422 2506 delapsus
3458 2442 3514 2488 et
3543 2430 3679 2485 tilio-

2095 2554 2213 2594 rum
2252 2539 2548 2608 adoptione
2593 2535 2877 2599 dilatatus,
2937 2537 3202 2603 quotquot
3259 2525 3439 2582 vetula
3497 2531 3675 2578 mater

2097 2629 2408 2702 hypocrisis
2459 2628 2562 2683 sub
2619 2627 2726 2682 hoc
2765 2627 2907 2681 bono
2939 2637 3070 2678 sene
3124 2619 3356 2690 peperit,
3391 2627 3577 2687 postea
3611 2613 3679 2668 il-

2096 2723 2209 2779 lum
2241 2721 2332 2792 qui
2366 2733 2657 2790 procreare
2691 2719 2830 2772 litios
2879 2713 3126 2780 dederat,
3159 2711 3359 2775 renuit,
3388 2708 3543 2779 quasi
3577 2720 3677 2776 pro

2099 2815 2271 2870 nihilo
2323 2827 2508 2868 coram
2543 2810 2720 2867 oculis
2771 2809 2889 2864 suis
2953 2807 3103 2861 illum
3140 2813 3416 2874 reputans.
3463 2802 3555 2855 Sic
3586 2815 3682 2853 au-

2102 2915 2209 2961 tem
2246 2915 2366 2974 post
2393 2905 2623 2974 logicam
2648 2917 2680 2956 e
2727 2898 2982 2954 laudabili
3038 2896 3164 2966 iuga
3192 2892 3568 2951 reversionem»
3595 2907 3685 2944 rer

2103 3002 2325 3054 stitutus
2353 3005 2584 3052 conatur
2610 3001 2664 3047 et
2691 2993 2834 3062 quod
2864 2991 3164 3046 modestum
3184 3001 3274 3043 est.
3294 3002 3399 3041 non
3431 2998 3674 3041 servare.

2103 3086 2385 3153 Quomodo
2432 3085 2576 3138 enim
2630 3081 2896 3136 modestia
2963 3086 3180 3132 maneat
3234 3077 3378 3146 apud
3433 3089 3528 3130 eos
3586 3073 3681 3143 qui

2109 3179 2469 3234 humilitatem
2527 3176 2754 3245 ejusque
2808 3173 3084 3238 comitem,
3135 3170 3520 3236 obedientiam,
3581 3168 3681 3223 ab-

2102 3273 2370 3342 iecerunt,
2422 3267 2623 3337 proprii
2665 3278 2810 3319 vero.
2837 3264 2990 3334 juris
3020 3276 3144 3320 esse
3174 3261 3525 3331 eminereque
3559 3273 3681 3316 ma-

2106 3361 2360 3417 luerunt?

2177 3453 2267 3506 35.
2289 3452 2471 3518 Itaque
2507 3448 2770 3521 religiosis
2793 3455 2912 3518 post
2939 3447 3172 3503 reditum
3191 3461 3255 3500 ex
3278 3445 3400 3516 fuga
3422 3444 3478 3500 in
3504 3460 3692 3502 saecu-

2107 3545 2272 3599 larem
2295 3545 2523 3614 patriam
2555 3527 2808 3613 frequens
2851 3552 3116 3608 est,non:
3147 3557 3167 3591 ι
3195 3537 3456 3605 Benedic;
3489 3555 3506 3589 ι
3537 3551 3682 3593 non:

2122 3655 2140 3689 ι
2181 3633 2253 3690 Ut
2284 3636 2483 3705 jubes;
2520 3653 2538 3686 ι
2579 3650 2757 3704 neque
2783 3634 2996 3702 magis:
3051 3649 3070 3683 ι
3109 3629 3329 3696 Etiam,
3377 3633 3686 3685 venerande

2107 3728 2295 3793 Pater,
2336 3745 2355 3779 ι
2388 3727 2484 3782 sed
2517 3710 2739 3796 prorsus
2766 3725 3122 3780 contrarium.
3161 3719 3258 3776 llic
3282 3721 3428 3777 eui-tn
3464 3722 3558 3790 qui
3590 3736 3686 3790 pro

2109 3820 2368 3887 obsequio
2399 3819 2691 3886 imperium
2723 3817 3106 3881 commutavit,
3132 3815 3405 3870 benedicit
3440 3813 3682 3883 quidem,

2109 3921 2165 3966 et
2189 3925 2333 3979 saepe
2365 3911 2416 3966 in
2444 3910 2641 3967 faciem
2674 3910 2947 3965 diabolica
2979 3911 3175 3975 modo;
3203 3908 3297 3961 sed
3332 3905 3566 3960 subditis
3598 3919 3689 3958 ve-

2110 4005 2206 4059 luti
2246 4015 2512 4075 tyrannus
2564 4005 2816 4074 irruperat.
2868 4003 3134 4057 Invitatus
3168 4012 3346 4055 autem
3377 4002 3444 4054 ad
3474 3997 3686 4068 aliquid

2113 4095 2383 4151 laudabile
2438 4097 2649 4160 renuit,
2683 4094 2920 4164 seipsum
2974 4093 3210 4162 regulam
3270 4091 3514 4156 faciens,
3569 4089 3690 4159 ipse

2116 4191 2214 4247 sibi
2260 4191 2562 4255 sufﬁciens,
2592 4191 2674 4246 sui
2716 4192 2882 4245 solius
2911 4191 3169 4244 mundum
3204 4201 3326 4242 esse
3355 4200 3687 4256 supponens,

2113 4283 2296 4339 lumen
2329 4284 2547 4338 aliunde
2582 4283 2783 4338 mundo
2803 4297 2862 4337 se
2893 4280 3066 4336 solunt
3086 4289 3390 4349 reputans;
3419 4293 3449 4332 e
3470 4292 3577 4348 quo
3607 4277 3692 4331 di-

2117 4389 2336 4443 gressus
2401 4374 2818 4444 aliquantulum,
2872 4374 2940 4427 ad
2993 4371 3144 4425 illum
3207 4369 3318 4424 cito
3374 4368 3690 4432 revertitur,

2116 4471 2259 4522 sicut
2322 4483 2456 4538 puer
2511 4468 2576 4521 ad
2634 4481 2786 4521 suam
2823 4463 3130 4530 nutricem;
3189 4464 3348 4518 aliter
3385 4477 3449 4516 ac
3480 4468 3695 4530 oportet

437 4565 655 4633 τιοηνόν
682 4580 696 4595 ο
748 4562 947 4625 ἄλλως,
986 4561 1129 4630 ἥπερ
1157 4560 1288 4623 ἔδει,
1350 4559 1710 4629 ἀναχωρήσας
1752 4561 1779 4612 ὁ
1823 4576 2003 4626 κοσμι-

2118 4570 2402 4627 separatus
2429 4569 2608 4613 asceta
2645 4557 2972 4620 mundanus,
3013 4571 3110 4626 pro
3153 4569 3394 4624 superno
3431 4568 3687 4610 successu

435 4657 526 4716 κὸς
558 4652 822 4722 ἀσκητὴς,
857 4651 948 4703 καὶ
978 4651 1098 4702 ἀντὶ
1128 4648 1222 4701 τοῦ
1274 4649 1387 4703 ἄνω
1429 4649 1676 4718 χωρῆσαι
1707 4647 1779 4709 ὡς
1809 4650 1888 4710 είς
1917 4648 2014 4700 αὑ·-

434 4747 526 4800 τὸν
557 4744 708 4808 Θεὸν,
743 4744 934 4795 ἁνόπιν
968 4743 1243 4811 χωρήσας,
1278 4734 1367 4791 οἷα
1418 4738 1590 4800 οὕτως
1643 4738 2016 4807 ἑρμηνευόμε-

438 4853 527 4894 νος
566 4835 664 4902 τὴν
697 4831 1048 4901 ἀναχώρησιν
1091 4831 1228 4898 πρὸς
1275 4828 1370 4880 τοῦ
1432 4827 1638 4896 φαύλου
1693 4826 2014 4879 διδασκάλου

435 4929 710 4997 δαίμονος,
743 4927 836 4978 καί
863 4941 978 4987 πως
1017 4924 1161 4976 οὕτω
1195 4922 1570 4990 φιλοσοφήσας
1620 4921 1842 4982 κυνικὸς
1867 4919 2018 4986 γενέ-

439 5021 584 5085 σθαι,
638 5014 717 5080 οἷς
762 5018 954 5070 κύνεον
984 5015 1185 5086 τρόπον
1233 5013 1518 5067 ἀναλαϐὼν
1566 5013 1646 5074 είς
1678 5012 1768 5063 τὸν
1819 5012 2016 5063 οἰκεῖον

437 5113 631 5183 ἑμεεον
657 5108 1048 5180 ἐπανέστρεψε.
1086 5108 1176 5176 Μή
1211 5124 1312 5160 που
1347 5106 1405 5158 δὲ
1455 5106 1548 5158 καὶ
1573 5104 1871 5173 ἀλλοτρίοις
1893 5104 2019 5172 ἐμέ-

437 5220 550 5264 τοις
587 5203 616 5255 ὁ
640 5201 880 5262 τοιοῦτος
926 5196 1387 5269 προσανεχρώσθη
1415 5194 1554 5265 μετὰ
1583 5193 1682 5264 τὴν
1737 5195 2017 5256 ἐπάνοδον,

440 5299 542 5363 τήν
577 5312 636 5347 τε
665 5292 858 5364 πρῴην
888 5289 1200 5360 φαυλότητα
1234 5286 1490 5358 ἐξευρὼν,
1529 5287 1624 5340 καὶ
1662 5285 1829 5358 ἄλλην
1850 5301 2020 5355 προσ-

442 5387 898 5454 επικτησάμενος.

515 5480 609 5532 λδ¹.
632 5477 771 5547 Πρὸς
799 5476 908 5544 γὰρ
931 5475 1043 5536 τοῖς
1067 5469 1248 5533 ἄλλοις
1265 5470 1365 5523 οὐκ
1390 5469 1558 5536 ὀλίγοι
1587 5469 1680 5521 καὶ
1713 5467 1905 5537 τέχνας
1925 5467 2020 5519 καὶ

444 5574 684 5645 ἑμπολὰς
725 5571 863 5640 μετὰ
887 5570 983 5639 τὴν
1022 5569 1223 5638 κουρὰν
1247 5563 1763 5635 προσεπιλαϐόντες,
1791 5562 2022 5630 ἐπανέρ-

443 5683 633 5737 χονται
659 5665 739 5726 είς
771 5659 862 5715 τὸν
903 5661 1038 5731 βίον,
1071 5661 1165 5713 καὶ
1190 5657 1401 5710 ἐκεῖθεν
1453 5655 1736 5725 ἐμφορτοι,
1766 5652 1859 5706 καὶ
1885 5652 2020 5706 ἄλλα

441 5760 499 5813 δὲ
522 5754 1116 5825 προσεπιφορτίζεσοαι
1133 5749 1301 5815 δεξιοὶ
1330 5749 1420 5803 διὰ
1457 5747 1518 5801 τὸ
1544 5748 1608 5799 ὲκ
1642 5747 1838 5816 τέχνης
1865 5760 2022 5814 πορι-

445 5848 648 5903 στικὸν.
687 5847 750 5901 Ol
780 5845 837 5898 δὲ
867 5842 1102 5898 τοιοῦτοι
1153 5840 1270 5903 πῶς
1308 5838 1373 5893 ἂν
1414 5831 1525 5891 εῖεν
1577 5835 1740 5899 ἄϐιοι,
1793 5833 1930 5902 ὅπερ
1961 5830 2020 5896 ἐξ

2119 4653 2264 4708 velut
2316 4652 2385 4707 ad
2441 4652 2615 4721 ipsum
2671 4650 2864 4712 Deum,
2919 4661 3218 4704 retrorsum
3248 4649 3544 4716 digressus,
3575 4658 3696 4703 tan-

2125 4759 2288 4816 quam
2356 4744 2436 4798 sic
2492 4756 2765 4796 recessum
2822 4756 2888 4794 ex
2952 4753 3181 4808 nequam
3253 4740 3512 4808 magistro
3584 4741 3696 4794 da:-

2119 4851 2278 4890 tnone
2300 4834 2708 4902 interpretatus,
2744 4841 2798 4886 et
2829 4833 3018 4902 aliquo
3053 4830 3213 4884 modo
3234 4829 3314 4885 sic
3345 4830 3694 4901 philosopha-

2119 4937 2205 4981 tus
2266 4927 2382 4981 ﬁeri
2434 4925 2679 4995 cynicus,
2733 4924 2930 4992 quibus
2959 4923 3212 4992 cynicum
3274 4937 3479 4975 morem
3535 4939 3694 4977 assu-

2121 5033 2296 5080 mens,
2352 5017 2418 5070 ad
2492 5017 2768 5086 propriqu
2836 5014 3094 5068 vomitum
3154 5015 3461 5068 revertitur.
3512 5018 3692 5078 Aliter

2120 5110 2313 5164 alienis
2368 5107 2660 5162 vomitibus
2702 5115 2824 5176 post
2860 5107 3089 5159 reditum
3117 5105 3241 5159 talis
3269 5104 3590 5175 applicatur,
3640 5118 3696 5164 et

2117 5203 2353 5273 priorem
2377 5199 2674 5270 nequitiam
2728 5212 3028 5264 resumens,
3087 5197 3248 5251 aliam
3305 5197 3526 5268 insuper
3556 5199 3696 5270 adji.

2118 5293 2246 5346 ciet.

2193 5467 2280 5523 ει.
2323 5467 2457 5522 Nam
2510 5474 2710 5536 praeter
2765 5464 2906 5532 haec,
2962 5473 3110 5521 artes
3159 5474 3215 5521 et
3266 5465 3694 5535 negotiationem

2125 5569 2244 5628 post
2300 5568 2578 5613 tonsuram
2632 5573 2740 5612 non
2792 5554 2949 5626 pauci
3002 5571 3220 5612 rursum
3286 5557 3696 5625 amplectentes,

2125 5653 2356 5707 redeunt
2417 5651 2484 5706 ad
2548 5652 2864 5706 saecularem
2915 5651 3085 5714 viam,
3141 5649 3338 5703 exinde
3370 5663 3458 5704 res
3493 5647 3698 5716 impor-

2124 5753 2319 5810 tantes,
2346 5756 2398 5798 et
2429 5746 2494 5799 ad
2532 5744 2819 5800 ditandutn
2878 5757 2998 5798 sese
3051 5756 3146 5811 per
3180 5741 3452 5810 negotium
3481 5748 3702 5796 ex.arte

2123 5844 2492 5904 quaestuosum
2525 5835 2755 5891 habiles.
2785 5831 2945 5889 Tales
2969 5843 3150 5887 autem
3181 5831 3448 5886 immunes
3472 5844 3503 5885 ι
3533 5829 3698 5892 victu,
