  <div class='ocr_page' id='page_1' title='image "/cluster/home/n/w/nwhite01/storage/ocr_20150623/136/coo.31924054870419/210.png"; bbox 0 0 4090 6448; ppageno 0'>
   <div class='ocr_carea' id='block_1_1' title="bbox 424 380 533 451">
    <p class='ocr_par' dir='ltr' id='par_1_1' title="bbox 424 380 533 451">
     <span class='ocr_line' id='line_1_1' title="bbox 424 380 533 451; baseline 0.018 -2"><span class='ocrx_word' id='word_1_1' title='bbox 424 380 533 451; x_wconf 69' lang='grc' dir='ltr'><strong>4ὒ5</strong></span> 
     </span>
    </p>
   </div>
   <div class='ocr_carea' id='block_1_2' title="bbox 1722 380 2402 449">
    <p class='ocr_par' dir='ltr' id='par_1_2' title="bbox 1722 380 2402 449">
     <span class='ocr_line' id='line_1_2' title="bbox 1722 380 2402 449; baseline 0.007 -6"><span class='ocrx_word' id='word_1_2' title='bbox 1722 380 1818 444; x_wconf 87' lang='lat' dir='ltr'><strong>DE</strong></span> <span class='ocrx_word' id='word_1_3' title='bbox 1850 383 2402 449; x_wconf 77' lang='lat' dir='ltr'><strong>SlMULATIDNE.</strong></span> 
     </span>
    </p>
   </div>
   <div class='ocr_carea' id='block_1_3' title="bbox 3576 396 3682 459">
    <p class='ocr_par' dir='ltr' id='par_1_3' title="bbox 3576 396 3682 459">
     <span class='ocr_line' id='line_1_3' title="bbox 3576 396 3682 459; baseline 0.009 -1"><span class='ocrx_word' id='word_1_4' title='bbox 3576 396 3682 459; x_wconf 76' lang='lat'><strong>406</strong></span> 
     </span>
    </p>
   </div>
   <div class='ocr_carea' id='block_1_4' title="bbox 425 498 2015 580">
    <p class='ocr_par' dir='ltr' id='par_1_4' title="bbox 425 498 2001 574">
     <span class='ocr_line' id='line_1_4' title="bbox 425 498 2001 574; baseline -0.004 -14"><span class='ocrx_word' id='word_1_5' title='bbox 425 508 507 569; x_wconf 82' lang='grc' dir='ltr'><strong>είς</strong></span> <span class='ocrx_word' id='word_1_6' title='bbox 532 504 752 574; x_wconf 78' lang='grc' dir='ltr'><strong>κλῆσιν.</strong></span> <span class='ocrx_word' id='word_1_7' title='bbox 804 504 1044 566; x_wconf 81' lang='grc' dir='ltr'><strong>Ἐκεῖνος</strong></span> <span class='ocrx_word' id='word_1_8' title='bbox 1074 500 1139 573; x_wconf 81' lang='grc' dir='ltr'><strong>δὴ</strong></span> <span class='ocrx_word' id='word_1_9' title='bbox 1165 503 1193 556; x_wconf 86' lang='grc' dir='ltr'><strong>ό</strong></span> <span class='ocrx_word' id='word_1_10' title='bbox 1230 500 1309 570; x_wconf 81' lang='grc' dir='ltr'><strong>τῷ</strong></span> <span class='ocrx_word' id='word_1_11' title='bbox 1343 501 1463 555; x_wconf 83' lang='grc' dir='ltr'><strong>κατ’</strong></span> <span class='ocrx_word' id='word_1_12' title='bbox 1502 498 1703 571; x_wconf 67' lang='grc' dir='ltr'><strong>ἀρετὴν</strong></span> <span class='ocrx_word' id='word_1_13' title='bbox 1733 516 2001 569; x_wconf 77' lang='grc' dir='ltr'><strong>σχηματι-</strong></span> 
     </span>
    </p>
   </div>
   <div class='ocr_carea' id='block_1_5' title="bbox 2123 498 3680 580">
    <p class='ocr_par' dir='ltr' id='par_1_5' title="bbox 2123 501 3680 580">
     <span class='ocr_line' id='line_1_5' title="bbox 2123 501 3680 580; baseline 0.01 -24"><span class='ocrx_word' id='word_1_14' title='bbox 2123 501 2255 570; x_wconf 68' lang='grc' dir='ltr'><strong>ςθιιιε</strong></span> <span class='ocrx_word' id='word_1_15' title='bbox 2281 517 2398 558; x_wconf 86' lang='lat' dir='ltr'><strong>esse</strong></span> <span class='ocrx_word' id='word_1_16' title='bbox 2430 503 2672 562; x_wconf 86' lang='lat' dir='ltr'><strong>creditus</strong></span> <span class='ocrx_word' id='word_1_17' title='bbox 2696 514 2800 571; x_wconf 86' lang='lat' dir='ltr'><strong>est,</strong></span> <span class='ocrx_word' id='word_1_18' title='bbox 2836 506 3031 563; x_wconf 86' lang='lat' dir='ltr'><strong>deinde</strong></span> <span class='ocrx_word' id='word_1_19' title='bbox 3059 508 3356 580; x_wconf 80' lang='lat' dir='ltr'><strong>verojuxta</strong></span> <span class='ocrx_word' id='word_1_20' title='bbox 3392 515 3680 571; x_wconf 84' lang='lat' dir='ltr'><strong>veritatem</strong></span> 
     </span>
    </p>
   </div>
   <div class='ocr_carea' id='block_1_6' title="bbox 429 591 1997 670">
    <p class='ocr_par' dir='ltr' id='par_1_6' title="bbox 429 591 1997 670">
     <span class='ocr_line' id='line_1_6' title="bbox 429 591 1997 670; baseline -0.006 -18"><span class='ocrx_word' id='word_1_21' title='bbox 429 599 553 670; x_wconf 86' lang='grc' dir='ltr'><strong>σμῷ</strong></span> <span class='ocrx_word' id='word_1_22' title='bbox 595 600 696 668; x_wconf 75' lang='grc' dir='ltr'><strong>τὴν</strong></span> <span class='ocrx_word' id='word_1_23' title='bbox 724 599 903 669; x_wconf 76' lang='grc' dir='ltr'><strong>ἀρχὴν</strong></span> <span class='ocrx_word' id='word_1_24' title='bbox 935 597 1037 668; x_wconf 77' lang='grc' dir='ltr'><strong>μὲν</strong></span> <span class='ocrx_word' id='word_1_25' title='bbox 1069 596 1302 664; x_wconf 81' lang='grc' dir='ltr'><strong>ἄγγελος</strong></span> <span class='ocrx_word' id='word_1_26' title='bbox 1332 591 1474 649; x_wconf 84' lang='grc' dir='ltr'><strong>εἶναι</strong></span> <span class='ocrx_word' id='word_1_27' title='bbox 1522 596 1997 663; x_wconf 76' lang='grc' dir='ltr'><strong>πεφαντασμένος,</strong></span> 
     </span>
    </p>
   </div>
   <div class='ocr_carea' id='block_1_7' title="bbox 426 681 2002 764">
    <p class='ocr_par' dir='ltr' id='par_1_7' title="bbox 426 681 2002 764">
     <span class='ocr_line' id='line_1_7' title="bbox 426 681 2002 764; baseline -0.004 -18"><span class='ocrx_word' id='word_1_28' title='bbox 426 697 492 764; x_wconf 76' lang='grc' dir='ltr'><strong>τῇ</strong></span> <span class='ocrx_word' id='word_1_29' title='bbox 523 693 579 745; x_wconf 87' lang='grc' dir='ltr'><strong>δὲ</strong></span> <span class='ocrx_word' id='word_1_30' title='bbox 609 691 836 761; x_wconf 79' lang='grc' dir='ltr'><strong>ὕστερον</strong></span> <span class='ocrx_word' id='word_1_31' title='bbox 868 692 1004 760; x_wconf 83' lang='grc' dir='ltr'><strong>πρὸς</strong></span> <span class='ocrx_word' id='word_1_32' title='bbox 1035 689 1294 759; x_wconf 76' lang='grc' dir='ltr'><strong>ἀλήθειαν</strong></span> <span class='ocrx_word' id='word_1_33' title='bbox 1318 687 1592 753; x_wconf 74' lang='grc' dir='ltr'>ἀποδείξει</span> <span class='ocrx_word' id='word_1_34' title='bbox 1625 687 1834 756; x_wconf 86' lang='grc' dir='ltr'><strong>δαίμων</strong></span> <span class='ocrx_word' id='word_1_35' title='bbox 1863 681 2002 740; x_wconf 70' lang='grc' dir='ltr'><strong>εἶναι</strong></span> 
     </span>
    </p>
   </div>
   <div class='ocr_carea' id='block_1_8' title="bbox 427 778 1993 855">
    <p class='ocr_par' dir='ltr' id='par_1_8' title="bbox 427 778 1993 855">
     <span class='ocr_line' id='line_1_8' title="bbox 427 778 1993 855; baseline -0.006 -16"><span class='ocrx_word' id='word_1_36' title='bbox 427 785 845 854; x_wconf 59' lang='grc' dir='ltr'><strong>διεγιωσμένος,</strong></span> <span class='ocrx_word' id='word_1_37' title='bbox 883 783 983 855; x_wconf 68' lang='grc' dir='ltr'><strong>ἤδη</strong></span> <span class='ocrx_word' id='word_1_38' title='bbox 1018 783 1075 836; x_wconf 80' lang='grc' dir='ltr'><strong>δὲ</strong></span> <span class='ocrx_word' id='word_1_39' title='bbox 1122 782 1219 836; x_wconf 75' lang='grc' dir='ltr'><strong>καὶ</strong></span> <span class='ocrx_word' id='word_1_40' title='bbox 1250 781 1491 849; x_wconf 78' lang='grc' dir='ltr'><strong>ὕπερθεν</strong></span> <span class='ocrx_word' id='word_1_41' title='bbox 1528 779 1740 832; x_wconf 75' lang='grc' dir='ltr'><strong>ἐκείνου</strong></span> <span class='ocrx_word' id='word_1_42' title='bbox 1774 778 1993 848; x_wconf 75' lang='grc' dir='ltr'><strong>ἐνηνεγ·</strong></span> 
     </span>
    </p>
   </div>
   <div class='ocr_carea' id='block_1_9' title="bbox 380 867 2002 950">
    <p class='ocr_par' dir='ltr' id='par_1_9' title="bbox 380 867 2002 950">
     <span class='ocr_line' id='line_1_9' title="bbox 380 867 2002 950; baseline -0.008 -17"><span class='ocrx_word' id='word_1_43' title='bbox 380 894 387 903; x_wconf 86' lang='lat'><strong><em>&#39;</em></strong></span> <span class='ocrx_word' id='word_1_44' title='bbox 431 880 615 950; x_wconf 70' lang='grc' dir='ltr'><strong>μένος,</strong></span> <span class='ocrx_word' id='word_1_45' title='bbox 656 873 737 939; x_wconf 73' lang='grc' dir='ltr'><strong>οἷς</strong></span> <span class='ocrx_word' id='word_1_46' title='bbox 770 876 1079 946; x_wconf 84' lang='grc' dir='ltr'><strong>παχύτερον</strong></span> <span class='ocrx_word' id='word_1_47' title='bbox 1104 872 1446 944; x_wconf 77' lang='grc' dir='ltr'><strong>ἑπλημμέλει</strong></span> <span class='ocrx_word' id='word_1_48' title='bbox 1469 871 1608 938; x_wconf 81' lang='grc' dir='ltr'><strong>πρὸς</strong></span> <span class='ocrx_word' id='word_1_49' title='bbox 1639 869 1872 940; x_wconf 83' lang='grc' dir='ltr'><strong>σάρκας,</strong></span> <span class='ocrx_word' id='word_1_50' title='bbox 1905 867 2002 921; x_wconf 77' lang='grc' dir='ltr'>καὶ</span> 
     </span>
    </p>
   </div>
   <div class='ocr_carea' id='block_1_10' title="bbox 428 958 2006 1041">
    <p class='ocr_par' dir='ltr' id='par_1_10' title="bbox 428 958 2006 1041">
     <span class='ocr_line' id='line_1_10' title="bbox 428 958 2006 1041; baseline -0.009 -16"><span class='ocrx_word' id='word_1_51' title='bbox 428 971 679 1041; x_wconf 79' lang='grc' dir='ltr'><strong>κρεάτων</strong></span> <span class='ocrx_word' id='word_1_52' title='bbox 723 968 942 1022; x_wconf 78' lang='grc' dir='ltr'><strong>οἰκείων</strong></span> <span class='ocrx_word' id='word_1_53' title='bbox 996 965 1290 1021; x_wconf 77' lang='grc' dir='ltr'><strong>άπὲλευσιν</strong></span> <span class='ocrx_word' id='word_1_54' title='bbox 1329 961 1638 1035; x_wconf 77' lang='grc' dir='ltr'><strong>ἐσοφίζετο,</strong></span> <span class='ocrx_word' id='word_1_55' title='bbox 1674 964 1741 1032; x_wconf 83' lang='grc' dir='ltr'><strong>τῇ</strong></span> <span class='ocrx_word' id='word_1_56' title='bbox 1776 958 1873 1015; x_wconf 77' lang='grc' dir='ltr'><strong>τοῦ</strong></span> <span class='ocrx_word' id='word_1_57' title='bbox 1925 976 2006 1012; x_wconf 84' lang='grc' dir='ltr'><strong>σι·</strong></span> 
     </span>
    </p>
   </div>
   <div class='ocr_carea' id='block_1_11' title="bbox 427 1052 2007 1134">
    <p class='ocr_par' dir='ltr' id='par_1_11' title="bbox 427 1052 2007 1134">
     <span class='ocr_line' id='line_1_11' title="bbox 427 1052 2007 1134; baseline -0.008 -17"><span class='ocrx_word' id='word_1_58' title='bbox 427 1064 595 1134; x_wconf 67' lang='grc' dir='ltr'><strong>δὴρςιυ</strong></span> <span class='ocrx_word' id='word_1_59' title='bbox 626 1061 788 1128; x_wconf 85' lang='grc' dir='ltr'>δῆθεν</span> <span class='ocrx_word' id='word_1_60' title='bbox 838 1058 1176 1129; x_wconf 78' lang='grc' dir='ltr'><strong>παρατρίψει</strong></span> <span class='ocrx_word' id='word_1_61' title='bbox 1205 1055 1763 1127; x_wconf 77' lang='grc' dir='ltr'><strong>διαϐιϐρωσκομένων</strong></span> <span class='ocrx_word' id='word_1_62' title='bbox 1798 1053 1879 1116; x_wconf 87' lang='grc' dir='ltr'><strong>είς</strong></span> <span class='ocrx_word' id='word_1_63' title='bbox 1911 1052 2007 1122; x_wconf 81' lang='grc' dir='ltr'><strong>βά-</strong></span> 
     </span>
    </p>
   </div>
   <div class='ocr_carea' id='block_1_12' title="bbox 429 1145 2005 1220">
    <p class='ocr_par' dir='ltr' id='par_1_12' title="bbox 429 1145 2005 1220">
     <span class='ocr_line' id='line_1_12' title="bbox 429 1145 2005 1220; baseline -0.008 -11"><span class='ocrx_word' id='word_1_64' title='bbox 429 1158 541 1219; x_wconf 84' lang='grc' dir='ltr'><strong>οος,</strong></span> <span class='ocrx_word' id='word_1_65' title='bbox 571 1156 671 1207; x_wconf 83' lang='grc' dir='ltr'><strong>ὅσα</strong></span> <span class='ocrx_word' id='word_1_66' title='bbox 709 1154 803 1207; x_wconf 77' lang='grc' dir='ltr'><strong>καί</strong></span> <span class='ocrx_word' id='word_1_67' title='bbox 836 1169 887 1205; x_wconf 91' lang='grc' dir='ltr'><strong>τι</strong></span> <span class='ocrx_word' id='word_1_68' title='bbox 922 1150 1080 1219; x_wconf 81' lang='grc' dir='ltr'><strong>ξύλον</strong></span> <span class='ocrx_word' id='word_1_69' title='bbox 1111 1150 1217 1203; x_wconf 77' lang='grc' dir='ltr'><strong>ὑπὸ</strong></span> <span class='ocrx_word' id='word_1_70' title='bbox 1250 1149 1494 1220; x_wconf 81' lang='grc' dir='ltr'><strong>πρίονος.</strong></span> <span class='ocrx_word' id='word_1_71' title='bbox 1529 1148 1639 1200; x_wconf 78' lang='grc' dir='ltr'><strong>Καὶ</strong></span> <span class='ocrx_word' id='word_1_72' title='bbox 1669 1145 1733 1200; x_wconf 81' lang='grc' dir='ltr'><strong>τδ</strong></span> <span class='ocrx_word' id='word_1_73' title='bbox 1762 1145 2005 1215; x_wconf 78' lang='grc' dir='ltr'><strong>σόφισμα</strong></span> 
     </span>
    </p>
   </div>
   <div class='ocr_carea' id='block_1_13' title="bbox 431 1234 2005 1318">
    <p class='ocr_par' dir='ltr' id='par_1_13' title="bbox 431 1234 2005 1318">
     <span class='ocr_line' id='line_1_13' title="bbox 431 1234 2005 1318; baseline -0.007 -18"><span class='ocrx_word' id='word_1_74' title='bbox 431 1248 630 1318; x_wconf 66' lang='grc' dir='ltr'><strong>μισρδν</strong></span> <span class='ocrx_word' id='word_1_75' title='bbox 670 1245 751 1316; x_wconf 84' lang='grc' dir='ltr'><strong>τῷ</strong></span> <span class='ocrx_word' id='word_1_76' title='bbox 796 1247 935 1311; x_wconf 82' lang='grc' dir='ltr'><strong>δντι,</strong></span> <span class='ocrx_word' id='word_1_77' title='bbox 971 1243 1067 1296; x_wconf 79' lang='grc' dir='ltr'><strong>καὶ</strong></span> <span class='ocrx_word' id='word_1_78' title='bbox 1098 1243 1162 1295; x_wconf 85' lang='grc' dir='ltr'><strong>ού</strong></span> <span class='ocrx_word' id='word_1_79' title='bbox 1201 1241 1362 1313; x_wconf 90' lang='grc' dir='ltr'><strong>μόνον</strong></span> <span class='ocrx_word' id='word_1_80' title='bbox 1399 1237 1826 1311; x_wconf 82' lang='grc' dir='ltr'><strong>πραγματικῶς,</strong></span> <span class='ocrx_word' id='word_1_81' title='bbox 1866 1234 2005 1289; x_wconf 77' lang='grc' dir='ltr'><strong>ἀλλὰ</strong></span> 
     </span>
    </p>
   </div>
   <div class='ocr_carea' id='block_1_14' title="bbox 429 1328 2006 1410">
    <p class='ocr_par' dir='ltr' id='par_1_14' title="bbox 429 1328 2006 1410">
     <span class='ocr_line' id='line_1_14' title="bbox 429 1328 2006 1410; baseline -0.006 -19"><span class='ocrx_word' id='word_1_82' title='bbox 429 1341 525 1393; x_wconf 79' lang='grc' dir='ltr'><strong>καὶ</strong></span> <span class='ocrx_word' id='word_1_83' title='bbox 566 1341 644 1410; x_wconf 83' lang='grc' dir='ltr'><strong>τῷ</strong></span> <span class='ocrx_word' id='word_1_84' title='bbox 672 1338 861 1408; x_wconf 86' lang='grc' dir='ltr'><strong>τρόπῳ</strong></span> <span class='ocrx_word' id='word_1_85' title='bbox 893 1336 1084 1406; x_wconf 81' lang='grc' dir='ltr'><strong>τοιῷδε</strong></span> <span class='ocrx_word' id='word_1_86' title='bbox 1119 1334 1258 1388; x_wconf 81' lang='grc' dir='ltr'><strong>δντι.</strong></span> <span class='ocrx_word' id='word_1_87' title='bbox 1302 1334 1590 1403; x_wconf 88' lang='grc' dir='ltr'><strong>Πνεύμονα</strong></span> <span class='ocrx_word' id='word_1_88' title='bbox 1619 1329 1817 1395; x_wconf 80' lang='grc' dir='ltr'><strong>ζωῖκὸν</strong></span> <span class='ocrx_word' id='word_1_89' title='bbox 1848 1328 1881 1398; x_wconf 79' lang='grc' dir='ltr'>ἢ</span> <span class='ocrx_word' id='word_1_90' title='bbox 1911 1329 2006 1382; x_wconf 69' lang='grc' dir='ltr'><strong>καὶ</strong></span> 
     </span>
    </p>
   </div>
   <div class='ocr_carea' id='block_1_15' title="bbox 426 1419 2006 1504">
    <p class='ocr_par' dir='ltr' id='par_1_15' title="bbox 426 1419 2006 1504">
     <span class='ocr_line' id='line_1_15' title="bbox 426 1419 2006 1504; baseline -0.008 -18"><span class='ocrx_word' id='word_1_91' title='bbox 426 1429 584 1504; x_wconf 74' lang='grc' dir='ltr'><strong>ἧπαρ</strong></span> <span class='ocrx_word' id='word_1_92' title='bbox 613 1429 1045 1501; x_wconf 75' lang='grc' dir='ltr'><strong>ἀπολαμϐάνων,</strong></span> <span class='ocrx_word' id='word_1_93' title='bbox 1075 1428 1171 1481; x_wconf 76' lang='grc' dir='ltr'><strong>καὶ</strong></span> <span class='ocrx_word' id='word_1_94' title='bbox 1201 1428 1282 1490; x_wconf 85' lang='grc' dir='ltr'><strong>είς</strong></span> <span class='ocrx_word' id='word_1_95' title='bbox 1321 1426 1629 1494; x_wconf 84' lang='grc' dir='ltr'><strong>λεπτότητα</strong></span> <span class='ocrx_word' id='word_1_96' title='bbox 1664 1419 2006 1485; x_wconf 79' lang='grc' dir='ltr'><strong>κατακνίζων</strong></span> 
     </span>
    </p>
   </div>
   <div class='ocr_carea' id='block_1_16' title="bbox 427 1513 2005 1593">
    <p class='ocr_par' dir='ltr' id='par_1_16' title="bbox 427 1513 2005 1593">
     <span class='ocr_line' id='line_1_16' title="bbox 427 1513 2005 1593; baseline -0.006 -18"><span class='ocrx_word' id='word_1_97' title='bbox 427 1524 657 1593; x_wconf 76' lang='grc' dir='ltr'><strong>χλοὼδη,</strong></span> <span class='ocrx_word' id='word_1_98' title='bbox 692 1525 850 1576; x_wconf 76' lang='grc' dir='ltr'><strong>ὁποῖα</strong></span> <span class='ocrx_word' id='word_1_99' title='bbox 879 1523 948 1576; x_wconf 84' lang='grc' dir='ltr'><strong>τὰ</strong></span> <span class='ocrx_word' id='word_1_100' title='bbox 988 1519 1394 1592; x_wconf 74' lang='grc' dir='ltr'><strong>μεμασημένα,</strong></span> <span class='ocrx_word' id='word_1_101' title='bbox 1440 1517 1537 1572; x_wconf 77' lang='grc' dir='ltr'>καὶ</span> <span class='ocrx_word' id='word_1_102' title='bbox 1589 1513 2005 1586; x_wconf 73' lang='grc' dir='ltr'><strong>προσπλάττων,</strong></span> 
     </span>
    </p>
   </div>
   <div class='ocr_carea' id='block_1_17' title="bbox 431 1604 2005 1684">
    <p class='ocr_par' dir='ltr' id='par_1_17' title="bbox 431 1604 2005 1684">
     <span class='ocr_line' id='line_1_17' title="bbox 431 1604 2005 1684; baseline -0.007 -17"><span class='ocrx_word' id='word_1_103' title='bbox 431 1615 555 1667; x_wconf 69' lang='grc' dir='ltr'><strong>ὅποι</strong></span> <span class='ocrx_word' id='word_1_104' title='bbox 585 1613 844 1683; x_wconf 71' lang='grc' dir='ltr'><strong>παρείκοι</strong></span> <span class='ocrx_word' id='word_1_105' title='bbox 885 1613 980 1666; x_wconf 81' lang='grc' dir='ltr'><strong>τοῦ</strong></span> <span class='ocrx_word' id='word_1_106' title='bbox 1028 1612 1271 1684; x_wconf 73' lang='grc' dir='ltr'><strong>σιδήρου,</strong></span> <span class='ocrx_word' id='word_1_107' title='bbox 1318 1609 1620 1679; x_wconf 80' lang='grc' dir='ltr'><strong>είσεδέχετο</strong></span> <span class='ocrx_word' id='word_1_108' title='bbox 1660 1607 1785 1668; x_wconf 78' lang='grc' dir='ltr'><strong>τοὺς</strong></span> <span class='ocrx_word' id='word_1_109' title='bbox 1813 1604 2005 1675; x_wconf 80' lang='grc' dir='ltr'><strong>ὁμιλη-</strong></span> 
     </span>
    </p>
   </div>
   <div class='ocr_carea' id='block_1_18' title="bbox 428 1695 2007 1777">
    <p class='ocr_par' dir='ltr' id='par_1_18' title="bbox 428 1695 2007 1777">
     <span class='ocr_line' id='line_1_18' title="bbox 428 1695 2007 1777; baseline -0.008 -16"><span class='ocrx_word' id='word_1_110' title='bbox 428 1710 557 1772; x_wconf 70' lang='grc' dir='ltr'><strong>τάς*</strong></span> <span class='ocrx_word' id='word_1_111' title='bbox 588 1709 682 1761; x_wconf 78' lang='grc' dir='ltr'><strong>καὶ</strong></span> <span class='ocrx_word' id='word_1_112' title='bbox 716 1705 855 1777; x_wconf 84' lang='grc' dir='ltr'><strong>μετὰ</strong></span> <span class='ocrx_word' id='word_1_113' title='bbox 892 1705 1155 1777; x_wconf 80' lang='grc' dir='ltr'><strong>βραχεῖαν</strong></span> <span class='ocrx_word' id='word_1_114' title='bbox 1178 1703 1373 1758; x_wconf 83' lang='grc' dir='ltr'><strong>λαλιάν</strong></span> <span class='ocrx_word' id='word_1_115' title='bbox 1401 1701 1666 1757; x_wconf 77' lang='grc' dir='ltr'><strong>διεσείετο</strong></span> <span class='ocrx_word' id='word_1_116' title='bbox 1695 1698 1903 1769; x_wconf 76' lang='grc' dir='ltr'><strong>ἡρέμα,</strong></span> <span class='ocrx_word' id='word_1_117' title='bbox 1931 1695 2007 1759; x_wconf 82' lang='grc' dir='ltr'><strong>ὼς</strong></span> 
     </span>
    </p>
   </div>
   <div class='ocr_carea' id='block_1_19' title="bbox 427 1788 2006 1869">
    <p class='ocr_par' dir='ltr' id='par_1_19' title="bbox 427 1788 2006 1869">
     <span class='ocr_line' id='line_1_19' title="bbox 427 1788 2006 1869; baseline -0.009 -16"><span class='ocrx_word' id='word_1_118' title='bbox 427 1803 587 1869; x_wconf 74' lang='grc' dir='ltr'><strong>εἴπερ</strong></span> <span class='ocrx_word' id='word_1_119' title='bbox 617 1799 863 1852; x_wconf 82' lang='grc' dir='ltr'><strong>ὠδυνᾶτο</strong></span> <span class='ocrx_word' id='word_1_120' title='bbox 888 1798 1247 1866; x_wconf 82' lang='grc' dir='ltr'><strong>δακνόμενος.</strong></span> <span class='ocrx_word' id='word_1_121' title='bbox 1280 1790 1416 1850; x_wconf 74' lang='grc' dir='ltr'><strong>Εἶτα</strong></span> <span class='ocrx_word' id='word_1_122' title='bbox 1458 1794 1558 1862; x_wconf 81' lang='grc' dir='ltr'><strong>τὴν</strong></span> <span class='ocrx_word' id='word_1_123' title='bbox 1588 1792 1749 1863; x_wconf 78' lang='grc' dir='ltr'><strong>χεῖρά</strong></span> <span class='ocrx_word' id='word_1_124' title='bbox 1793 1788 2006 1853; x_wconf 76' lang='grc' dir='ltr'><strong>καθιεὶς</strong></span> 
     </span>
    </p>
   </div>
   <div class='ocr_carea' id='block_1_20' title="bbox 2108 595 3679 680">
    <p class='ocr_par' dir='ltr' id='par_1_20' title="bbox 2108 595 3679 680">
     <span class='ocr_line' id='line_1_20' title="bbox 2108 595 3679 680; baseline 0.012 -33"><span class='ocrx_word' id='word_1_125' title='bbox 2108 595 2572 652; x_wconf 87' lang='lat' dir='ltr'><strong>demonstratione</strong></span> <span class='ocrx_word' id='word_1_126' title='bbox 2636 601 2844 653; x_wconf 71' lang='lat' dir='ltr'><strong>daemon</strong></span> <span class='ocrx_word' id='word_1_127' title='bbox 2894 614 3015 657; x_wconf 88' lang='lat' dir='ltr'><strong>esse</strong></span> <span class='ocrx_word' id='word_1_128' title='bbox 3070 601 3173 657; x_wconf 81' lang='lat' dir='ltr'><strong>fult</strong></span> <span class='ocrx_word' id='word_1_129' title='bbox 3232 605 3451 674; x_wconf 75' lang='lat' dir='ltr'><strong>agnitus</strong></span> <span class='ocrx_word' id='word_1_130' title='bbox 3512 617 3679 680; x_wconf 90' lang='lat' dir='ltr'><strong>atque</strong></span> 
     </span>
    </p>
   </div>
   <div class='ocr_carea' id='block_1_21' title="bbox 2107 686 3687 765">
    <p class='ocr_par' dir='ltr' id='par_1_21' title="bbox 2107 686 3687 765">
     <span class='ocr_line' id='line_1_21' title="bbox 2107 686 3687 765; baseline 0.012 -27"><span class='ocrx_word' id='word_1_131' title='bbox 2107 686 2269 741; x_wconf 86' lang='lat' dir='ltr'><strong>etiam</strong></span> <span class='ocrx_word' id='word_1_132' title='bbox 2312 704 2475 756; x_wconf 88' lang='lat' dir='ltr'><strong>super</strong></span> <span class='ocrx_word' id='word_1_133' title='bbox 2521 689 2666 746; x_wconf 91' lang='lat' dir='ltr'><strong>hunc</strong></span> <span class='ocrx_word' id='word_1_134' title='bbox 2716 691 2979 759; x_wconf 76' lang='lat' dir='ltr'><strong>elevatus,</strong></span> <span class='ocrx_word' id='word_1_135' title='bbox 3018 695 3160 765; x_wconf 86' lang='lat' dir='ltr'><strong>quod</strong></span> <span class='ocrx_word' id='word_1_136' title='bbox 3212 700 3450 755; x_wconf 79' lang='lat' dir='ltr'><strong>crassius</strong></span> <span class='ocrx_word' id='word_1_137' title='bbox 3473 699 3529 754; x_wconf 90' lang='lat' dir='ltr'><strong>in</strong></span> <span class='ocrx_word' id='word_1_138' title='bbox 3559 717 3687 759; x_wconf 77' lang='lat' dir='ltr'><strong>car-</strong></span> 
     </span>
    </p>
   </div>
   <div class='ocr_carea' id='block_1_22' title="bbox 2108 787 3686 855">
    <p class='ocr_par' dir='ltr' id='par_1_22' title="bbox 2108 787 3686 855">
     <span class='ocr_line' id='line_1_22' title="bbox 2108 787 3686 855; baseline 0.013 -25"><span class='ocrx_word' id='word_1_139' title='bbox 2108 790 2207 831; x_wconf 89' lang='lat' dir='ltr'><strong>nes</strong></span> <span class='ocrx_word' id='word_1_140' title='bbox 2228 787 2495 848; x_wconf 79' lang='lat' dir='ltr'><strong>peccaret,</strong></span> <span class='ocrx_word' id='word_1_141' title='bbox 2529 798 2859 855; x_wconf 88' lang='lat' dir='ltr'><strong>suarumque</strong></span> <span class='ocrx_word' id='word_1_142' title='bbox 2892 787 3140 842; x_wconf 75' lang='lat' dir='ltr'><strong>cat-nium</strong></span> <span class='ocrx_word' id='word_1_143' title='bbox 3164 791 3556 848; x_wconf 72' lang='lat' dir='ltr'><strong>continentiam</strong></span> <span class='ocrx_word' id='word_1_144' title='bbox 3587 794 3686 850; x_wconf 84' lang='lat' dir='ltr'><strong>iiu-</strong></span> 
     </span>
    </p>
   </div>
   <div class='ocr_carea' id='block_1_23' title="bbox 2113 872 3679 953">
    <p class='ocr_par' dir='ltr' id='par_1_23' title="bbox 2113 872 3679 953">
     <span class='ocr_line' id='line_1_23' title="bbox 2113 872 3679 953; baseline 0.013 -30"><span class='ocrx_word' id='word_1_145' title='bbox 2113 880 2264 940; x_wconf 85' lang='lat' dir='ltr'><strong>geret</strong></span> <span class='ocrx_word' id='word_1_146' title='bbox 2290 874 2446 941; x_wconf 87' lang='lat' dir='ltr'><strong>quasi</strong></span> <span class='ocrx_word' id='word_1_147' title='bbox 2493 872 2625 930; x_wconf 81' lang='lat' dir='ltr'><strong>ferri</strong></span> <span class='ocrx_word' id='word_1_148' title='bbox 2659 879 2990 934; x_wconf 86' lang='lat' dir='ltr'><strong>contritione</strong></span> <span class='ocrx_word' id='word_1_149' title='bbox 3020 885 3286 951; x_wconf 81' lang='lat' dir='ltr'><strong>profunde</strong></span> <span class='ocrx_word' id='word_1_150' title='bbox 3315 899 3679 953; x_wconf 81' lang='lat' dir='ltr'><strong>corrosarum,</strong></span> 
     </span>
    </p>
   </div>
   <div class='ocr_carea' id='block_1_24' title="bbox 2111 964 3685 1045">
    <p class='ocr_par' dir='ltr' id='par_1_24' title="bbox 2111 964 3685 1045">
     <span class='ocr_line' id='line_1_24' title="bbox 2111 964 3685 1045; baseline 0.013 -29"><span class='ocrx_word' id='word_1_151' title='bbox 2111 970 2169 1017; x_wconf 87' lang='lat' dir='ltr'><strong>ut</strong></span> <span class='ocrx_word' id='word_1_152' title='bbox 2221 964 2435 1019; x_wconf 89' lang='lat' dir='ltr'><strong>roditur</strong></span> <span class='ocrx_word' id='word_1_153' title='bbox 2478 969 2580 1023; x_wconf 85' lang='lat' dir='ltr'><strong>sub</strong></span> <span class='ocrx_word' id='word_1_154' title='bbox 2622 984 2773 1026; x_wconf 87' lang='lat' dir='ltr'><strong>serra</strong></span> <span class='ocrx_word' id='word_1_155' title='bbox 2800 972 3040 1041; x_wconf 69' lang='lat' dir='ltr'><strong>lignum.</strong></span> <span class='ocrx_word' id='word_1_156' title='bbox 3092 974 3511 1045; x_wconf 83' lang='lat' dir='ltr'><strong>Argumentatio</strong></span> <span class='ocrx_word' id='word_1_157' title='bbox 3558 995 3685 1036; x_wconf 83' lang='lat' dir='ltr'><strong>vere</strong></span> 
     </span>
    </p>
   </div>
   <div class='ocr_carea' id='block_1_25' title="bbox 2109 1053 3684 1130">
    <p class='ocr_par' dir='ltr' id='par_1_25' title="bbox 2109 1053 3684 1130">
     <span class='ocr_line' id='line_1_25' title="bbox 2109 1053 3684 1130; baseline 0.012 -21"><span class='ocrx_word' id='word_1_158' title='bbox 2109 1053 2320 1120; x_wconf 88' lang='lat' dir='ltr'><strong>odiosa,</strong></span> <span class='ocrx_word' id='word_1_159' title='bbox 2372 1071 2478 1112; x_wconf 91' lang='lat' dir='ltr'><strong>non</strong></span> <span class='ocrx_word' id='word_1_160' title='bbox 2512 1059 2687 1114; x_wconf 85' lang='lat' dir='ltr'><strong>solum</strong></span> <span class='ocrx_word' id='word_1_161' title='bbox 2725 1062 2776 1115; x_wconf 91' lang='lat' dir='ltr'><strong>in</strong></span> <span class='ocrx_word' id='word_1_162' title='bbox 2808 1063 3027 1130; x_wconf 79' lang='lat' dir='ltr'><strong>eﬂ&#39;cetu,</strong></span> <span class='ocrx_word' id='word_1_163' title='bbox 3083 1069 3174 1122; x_wconf 85' lang='lat' dir='ltr'><strong>sed</strong></span> <span class='ocrx_word' id='word_1_164' title='bbox 3212 1069 3376 1123; x_wconf 89' lang='lat' dir='ltr'><strong>etiam</strong></span> <span class='ocrx_word' id='word_1_165' title='bbox 3413 1071 3467 1124; x_wconf 91' lang='lat' dir='ltr'><strong>in</strong></span> <span class='ocrx_word' id='word_1_166' title='bbox 3502 1073 3684 1129; x_wconf 90' lang='lat' dir='ltr'><strong>modo.</strong></span> 
     </span>
    </p>
   </div>
   <div class='ocr_carea' id='block_1_26' title="bbox 2110 1140 3683 1218">
    <p class='ocr_par' dir='ltr' id='par_1_26' title="bbox 2110 1140 3683 1218">
     <span class='ocr_line' id='line_1_26' title="bbox 2110 1140 3683 1218; baseline 0.014 -23"><span class='ocrx_word' id='word_1_167' title='bbox 2110 1140 2430 1199; x_wconf 83' lang='lat' dir='ltr'><strong>Pulmonem</strong></span> <span class='ocrx_word' id='word_1_168' title='bbox 2465 1146 2550 1202; x_wconf 83' lang='lat' dir='ltr'><strong>vel</strong></span> <span class='ocrx_word' id='word_1_169' title='bbox 2586 1148 2756 1217; x_wconf 88' lang='lat' dir='ltr'><strong>hepar</strong></span> <span class='ocrx_word' id='word_1_170' title='bbox 2785 1152 3022 1209; x_wconf 85' lang='lat' dir='ltr'><strong>animale</strong></span> <span class='ocrx_word' id='word_1_171' title='bbox 3054 1171 3274 1212; x_wconf 90' lang='lat' dir='ltr'><strong>sumens</strong></span> <span class='ocrx_word' id='word_1_172' title='bbox 3305 1169 3360 1215; x_wconf 89' lang='lat' dir='ltr'><strong>et</strong></span> <span class='ocrx_word' id='word_1_173' title='bbox 3391 1160 3444 1214; x_wconf 91' lang='lat' dir='ltr'><strong>in</strong></span> <span class='ocrx_word' id='word_1_174' title='bbox 3474 1163 3683 1218; x_wconf 81' lang='lat' dir='ltr'><strong>minuta</strong></span> 
     </span>
    </p>
   </div>
   <div class='ocr_carea' id='block_1_27' title="bbox 2111 1236 3689 1324">
    <p class='ocr_par' dir='ltr' id='par_1_27' title="bbox 2111 1236 3689 1324">
     <span class='ocr_line' id='line_1_27' title="bbox 2111 1236 3689 1324; baseline 0.015 -37"><span class='ocrx_word' id='word_1_175' title='bbox 2111 1236 2406 1293; x_wconf 86' lang='lat' dir='ltr'><strong>concidens</strong></span> <span class='ocrx_word' id='word_1_176' title='bbox 2445 1239 2794 1309; x_wconf 84' lang='lat' dir='ltr'><strong>virescentia,</strong></span> <span class='ocrx_word' id='word_1_177' title='bbox 2824 1245 3003 1313; x_wconf 85' lang='lat' dir='ltr'><strong>qualia</strong></span> <span class='ocrx_word' id='word_1_178' title='bbox 3063 1251 3366 1319; x_wconf 86' lang='lat' dir='ltr'><strong>masticata,</strong></span> <span class='ocrx_word' id='word_1_179' title='bbox 3392 1254 3689 1324; x_wconf 75' lang='lat' dir='ltr'><strong>eoa&#39;ptans-</strong></span> 
     </span>
    </p>
   </div>
   <div class='ocr_carea' id='block_1_28' title="bbox 2119 1331 3684 1414">
    <p class='ocr_par' dir='ltr' id='par_1_28' title="bbox 2119 1331 3684 1414">
     <span class='ocr_line' id='line_1_28' title="bbox 2119 1331 3684 1414; baseline 0.013 -33"><span class='ocrx_word' id='word_1_180' title='bbox 2119 1342 2228 1396; x_wconf 85' lang='lat' dir='ltr'><strong>que</strong></span> <span class='ocrx_word' id='word_1_181' title='bbox 2283 1331 2372 1385; x_wconf 90' lang='lat' dir='ltr'><strong>ubi</strong></span> <span class='ocrx_word' id='word_1_182' title='bbox 2422 1331 2628 1387; x_wconf 79' lang='lat' dir='ltr'><strong>ferrum</strong></span> <span class='ocrx_word' id='word_1_183' title='bbox 2696 1337 2924 1404; x_wconf 85' lang='lat' dir='ltr'><strong>sineret,</strong></span> <span class='ocrx_word' id='word_1_184' title='bbox 2976 1343 3311 1412; x_wconf 82' lang='lat' dir='ltr'><strong>suscipiebat</strong></span> <span class='ocrx_word' id='word_1_185' title='bbox 3356 1346 3684 1414; x_wconf 84' lang='lat' dir='ltr'><strong>familiares;</strong></span> 
     </span>
    </p>
   </div>
   <div class='ocr_carea' id='block_1_29' title="bbox 2113 1423 3684 1508">
    <p class='ocr_par' dir='ltr' id='par_1_29' title="bbox 2113 1423 3684 1508">
     <span class='ocr_line' id='line_1_29' title="bbox 2113 1423 3684 1508; baseline 0.013 -35"><span class='ocrx_word' id='word_1_186' title='bbox 2113 1429 2169 1474; x_wconf 89' lang='lat' dir='ltr'><strong>et</strong></span> <span class='ocrx_word' id='word_1_187' title='bbox 2201 1432 2324 1491; x_wconf 91' lang='lat' dir='ltr'><strong>post</strong></span> <span class='ocrx_word' id='word_1_188' title='bbox 2377 1423 2544 1480; x_wconf 86' lang='lat' dir='ltr'><strong>breve</strong></span> <span class='ocrx_word' id='word_1_189' title='bbox 2574 1426 2902 1497; x_wconf 88' lang='lat' dir='ltr'><strong>colloquium</strong></span> <span class='ocrx_word' id='word_1_190' title='bbox 2972 1431 3233 1501; x_wconf 84' lang='lat' dir='ltr'><strong>paulatim</strong></span> <span class='ocrx_word' id='word_1_191' title='bbox 3275 1438 3684 1508; x_wconf 81' lang='lat' dir='ltr'><strong>exagitabatur,</strong></span> 
     </span>
    </p>
   </div>
   <div class='ocr_carea' id='block_1_30' title="bbox 2113 1510 3688 1586">
    <p class='ocr_par' dir='ltr' id='par_1_30' title="bbox 2113 1510 3688 1586">
     <span class='ocr_line' id='line_1_30' title="bbox 2113 1510 3688 1586; baseline 0.013 -24"><span class='ocrx_word' id='word_1_192' title='bbox 2113 1510 2269 1579; x_wconf 89' lang='lat' dir='ltr'><strong>quasi</strong></span> <span class='ocrx_word' id='word_1_193' title='bbox 2314 1513 2648 1571; x_wconf 86' lang='lat' dir='ltr'><strong>cruciaretur</strong></span> <span class='ocrx_word' id='word_1_194' title='bbox 2688 1527 3065 1586; x_wconf 81' lang='lat' dir='ltr'><strong>compunctus.</strong></span> <span class='ocrx_word' id='word_1_195' title='bbox 3111 1521 3306 1579; x_wconf 85' lang='lat' dir='ltr'><strong>Postea</strong></span> <span class='ocrx_word' id='word_1_196' title='bbox 3352 1540 3569 1580; x_wconf 88' lang='lat' dir='ltr'><strong>manum</strong></span> <span class='ocrx_word' id='word_1_197' title='bbox 3607 1528 3688 1582; x_wconf 86' lang='lat' dir='ltr'><strong>in-</strong></span> 
     </span>
    </p>
   </div>
   <div class='ocr_carea' id='block_1_31' title="bbox 2116 1604 3686 1681">
    <p class='ocr_par' dir='ltr' id='par_1_31' title="bbox 2116 1604 3686 1681">
     <span class='ocr_line' id='line_1_31' title="bbox 2116 1604 3686 1681; baseline 0.011 -26"><span class='ocrx_word' id='word_1_198' title='bbox 2116 1612 2202 1655; x_wconf 88' lang='lat' dir='ltr'><strong>tus</strong></span> <span class='ocrx_word' id='word_1_199' title='bbox 2255 1604 2572 1672; x_wconf 76' lang='lat' dir='ltr'><strong>demittens,</strong></span> <span class='ocrx_word' id='word_1_200' title='bbox 2637 1610 2728 1662; x_wconf 83' lang='lat' dir='ltr'><strong>ubi</strong></span> <span class='ocrx_word' id='word_1_201' title='bbox 2783 1611 3097 1680; x_wconf 88' lang='lat' dir='ltr'><strong>pulmonem</strong></span> <span class='ocrx_word' id='word_1_202' title='bbox 3161 1614 3322 1669; x_wconf 87' lang='lat' dir='ltr'><strong>istum</strong></span> <span class='ocrx_word' id='word_1_203' title='bbox 3370 1616 3686 1681; x_wconf 79' lang='lat' dir='ltr'><strong>iuunxerat,</strong></span> 
     </span>
    </p>
   </div>
   <div class='ocr_carea' id='block_1_32' title="bbox 2114 1701 3693 1766">
    <p class='ocr_par' dir='ltr' id='par_1_32' title="bbox 2114 1701 3693 1766">
     <span class='ocr_line' id='line_1_32' title="bbox 2114 1701 3693 1766; baseline 0.009 -19"><span class='ocrx_word' id='word_1_204' title='bbox 2114 1705 2399 1765; x_wconf 86' lang='lat' dir='ltr'><strong>postquam</strong></span> <span class='ocrx_word' id='word_1_205' title='bbox 2442 1709 2690 1764; x_wconf 89' lang='lat' dir='ltr'><strong>raserat,</strong></span> <span class='ocrx_word' id='word_1_206' title='bbox 2751 1701 3073 1759; x_wconf 86' lang='lat' dir='ltr'><strong>sceleratam</strong></span> <span class='ocrx_word' id='word_1_207' title='bbox 3119 1706 3518 1764; x_wconf 79' lang='lat' dir='ltr'><strong>auxiliatriccm</strong></span> <span class='ocrx_word' id='word_1_208' title='bbox 3558 1711 3693 1766; x_wconf 89' lang='lat' dir='ltr'><strong>edn-</strong></span> 
     </span>
    </p>
   </div>
   <div class='ocr_carea' id='block_1_33' title="bbox 2115 1786 3685 1857">
    <p class='ocr_par' dir='ltr' id='par_1_33' title="bbox 2115 1786 3685 1857">
     <span class='ocr_line' id='line_1_33' title="bbox 2115 1786 3685 1857; baseline 0.011 -19"><span class='ocrx_word' id='word_1_209' title='bbox 2115 1786 2190 1839; x_wconf 86' lang='lat' dir='ltr'><strong>cit</strong></span> <span class='ocrx_word' id='word_1_210' title='bbox 2258 1787 2324 1840; x_wconf 86' lang='lat' dir='ltr'><strong>ad</strong></span> <span class='ocrx_word' id='word_1_211' title='bbox 2399 1787 2624 1854; x_wconf 87' lang='lat' dir='ltr'><strong>lumen,</strong></span> <span class='ocrx_word' id='word_1_212' title='bbox 2702 1800 2757 1845; x_wconf 86' lang='lat' dir='ltr'><strong>et</strong></span> <span class='ocrx_word' id='word_1_213' title='bbox 2835 1807 2967 1850; x_wconf 84' lang='lat' dir='ltr'><strong>voce</strong></span> <span class='ocrx_word' id='word_1_214' title='bbox 3034 1794 3368 1854; x_wconf 83' lang='lat' dir='ltr'><strong>lamentabili</strong></span> <span class='ocrx_word' id='word_1_215' title='bbox 3442 1803 3685 1857; x_wconf 85' lang='lat' dir='ltr'><strong>emissa:</strong></span> 
     </span>
    </p>
   </div>
   <div class='ocr_carea' id='block_1_34' title="bbox 428 1875 2015 1957">
    <p class='ocr_par' dir='ltr' id='par_1_34' title="bbox 428 1882 2010 1957">
     <span class='ocr_line' id='line_1_34' title="bbox 428 1882 2010 1957; baseline -0.006 -13"><span class='ocrx_word' id='word_1_216' title='bbox 428 1890 597 1955; x_wconf 73' lang='grc' dir='ltr'><strong>ἔνδον,</strong></span> <span class='ocrx_word' id='word_1_217' title='bbox 644 1890 766 1943; x_wconf 85' lang='grc' dir='ltr'><strong>ὅποι</strong></span> <span class='ocrx_word' id='word_1_218' title='bbox 821 1889 913 1942; x_wconf 81' lang='grc' dir='ltr'><strong>τὸν</strong></span> <span class='ocrx_word' id='word_1_219' title='bbox 968 1887 1248 1957; x_wconf 84' lang='grc' dir='ltr'><strong>πνεύμονα</strong></span> <span class='ocrx_word' id='word_1_220' title='bbox 1295 1888 1503 1939; x_wconf 67' lang='grc' dir='ltr'><strong>ὶκεῖνον</strong></span> <span class='ocrx_word' id='word_1_221' title='bbox 1548 1883 1867 1952; x_wconf 80' lang='grc' dir='ltr'><strong>κατέχρισε,</strong></span> <span class='ocrx_word' id='word_1_222' title='bbox 1913 1882 2010 1934; x_wconf 79' lang='grc' dir='ltr'><strong>καὶ</strong></span> 
     </span>
    </p>
   </div>
   <div class='ocr_carea' id='block_1_35' title="bbox 2123 1875 3690 1957">
    <p class='ocr_par' dir='ltr' id='par_1_35' title="bbox 2123 1875 3690 1948">
     <span class='ocr_line' id='line_1_35' title="bbox 2123 1875 3690 1948; baseline 0.015 -23"><span class='ocrx_word' id='word_1_223' title='bbox 2123 1893 2138 1925; x_wconf 81' lang='grc' dir='ltr'><strong>ι</strong></span> <span class='ocrx_word' id='word_1_224' title='bbox 2173 1875 2380 1932; x_wconf 85' lang='lat' dir='ltr'><strong>Carnes</strong></span> <span class='ocrx_word' id='word_1_225' title='bbox 2427 1893 2594 1944; x_wconf 73' lang='lat' dir='ltr'><strong>meae,</strong></span> <span class='ocrx_word' id='word_1_226' title='bbox 2633 1898 2653 1933; x_wconf 73' lang='grc' dir='ltr'><strong>ι</strong></span> <span class='ocrx_word' id='word_1_227' title='bbox 2692 1882 2837 1937; x_wconf 84' lang='lat' dir='ltr'><strong>illam</strong></span> <span class='ocrx_word' id='word_1_228' title='bbox 2872 1898 3000 1939; x_wconf 83' lang='lat' dir='ltr'><strong>cum</strong></span> <span class='ocrx_word' id='word_1_229' title='bbox 3046 1898 3165 1943; x_wconf 87' lang='lat' dir='ltr'><strong>arte</strong></span> <span class='ocrx_word' id='word_1_230' title='bbox 3203 1889 3463 1948; x_wconf 87' lang='lat' dir='ltr'><strong>discussit</strong></span> <span class='ocrx_word' id='word_1_231' title='bbox 3505 1893 3577 1948; x_wconf 79' lang='lat' dir='ltr'><strong>ita</strong></span> <span class='ocrx_word' id='word_1_232' title='bbox 3634 1906 3690 1948; x_wconf 89' lang='lat' dir='ltr'><strong>ut</strong></span> 
     </span>
    </p>
   </div>
   <div class='ocr_carea' id='block_1_36' title="bbox 430 1970 2007 2051">
    <p class='ocr_par' dir='ltr' id='par_1_36' title="bbox 430 1970 2007 2051">
     <span class='ocr_line' id='line_1_36' title="bbox 430 1970 2007 2051; baseline -0.008 -16"><span class='ocrx_word' id='word_1_233' title='bbox 430 1984 774 2051; x_wconf 83' lang='grc' dir='ltr'><strong>κνησάμενος</strong></span> <span class='ocrx_word' id='word_1_234' title='bbox 800 1979 962 2048; x_wconf 78' lang='grc' dir='ltr'><strong>ἐξῆγε</strong></span> <span class='ocrx_word' id='word_1_235' title='bbox 992 1978 1091 2049; x_wconf 80' lang='grc' dir='ltr'><strong>τὴν</strong></span> <span class='ocrx_word' id='word_1_236' title='bbox 1123 1977 1412 2046; x_wconf 74' lang='grc' dir='ltr'><strong>ἐξάγιστον</strong></span> <span class='ocrx_word' id='word_1_237' title='bbox 1454 1974 1730 2044; x_wconf 81' lang='grc' dir='ltr'><strong>ὑπουργὸν</strong></span> <span class='ocrx_word' id='word_1_238' title='bbox 1762 1974 1844 2035; x_wconf 86' lang='grc' dir='ltr'><strong>είς</strong></span> <span class='ocrx_word' id='word_1_239' title='bbox 1871 1970 2007 2041; x_wconf 78' lang='grc' dir='ltr'><strong>φῶς,</strong></span> 
     </span>
    </p>
   </div>
   <div class='ocr_carea' id='block_1_37' title="bbox 430 2065 2002 2142">
    <p class='ocr_par' dir='ltr' id='par_1_37' title="bbox 430 2065 2002 2142">
     <span class='ocr_line' id='line_1_37' title="bbox 430 2065 2002 2142; baseline -0.009 -15"><span class='ocrx_word' id='word_1_240' title='bbox 430 2075 527 2127; x_wconf 72' lang='grc' dir='ltr'><strong>καὶ</strong></span> <span class='ocrx_word' id='word_1_241' title='bbox 554 2072 909 2142; x_wconf 80' lang='grc' dir='ltr'><strong>ἐπιφωνήσας</strong></span> <span class='ocrx_word' id='word_1_242' title='bbox 961 2070 1234 2141; x_wconf 82' lang='grc' dir='ltr'><strong>ὀδυνηρῶς</strong></span> <span class='ocrx_word' id='word_1_243' title='bbox 1283 2069 1343 2122; x_wconf 83' lang='grc' dir='ltr'><strong>τὸ</strong></span> <span class='ocrx_word' id='word_1_244' title='bbox 1383 2086 1403 2120; x_wconf 76' lang='grc' dir='ltr'><strong>ι</strong></span> <span class='ocrx_word' id='word_1_245' title='bbox 1438 2067 1520 2121; x_wconf 83' lang='grc' dir='ltr'>Τὰ</span> <span class='ocrx_word' id='word_1_246' title='bbox 1554 2065 1763 2137; x_wconf 65' lang='grc' dir='ltr'><strong>κρόατά</strong></span> <span class='ocrx_word' id='word_1_247' title='bbox 1820 2079 1942 2134; x_wconf 89' lang='grc' dir='ltr'><strong>μου,</strong></span> <span class='ocrx_word' id='word_1_248' title='bbox 1982 2079 2002 2113; x_wconf 70' lang='grc' dir='ltr'><strong>ο</strong></span> 
     </span>
    </p>
   </div>
   <div class='ocr_carea' id='block_1_38' title="bbox 429 2153 2011 2236">
    <p class='ocr_par' dir='ltr' id='par_1_38' title="bbox 429 2153 2011 2236">
     <span class='ocr_line' id='line_1_38' title="bbox 429 2153 2011 2236; baseline -0.009 -14"><span class='ocrx_word' id='word_1_249' title='bbox 429 2167 768 2222; x_wconf 78' lang='grc' dir='ltr'><strong>διετίνασσεν</strong></span> <span class='ocrx_word' id='word_1_250' title='bbox 802 2165 976 2236; x_wconf 73' lang='grc' dir='ltr'><strong>αὐτὴν</strong></span> <span class='ocrx_word' id='word_1_251' title='bbox 1009 2164 1145 2235; x_wconf 85' lang='grc' dir='ltr'><strong>πρὸς</strong></span> <span class='ocrx_word' id='word_1_252' title='bbox 1177 2162 1376 2234; x_wconf 76' lang='grc' dir='ltr'><strong>τέχνην</strong></span> <span class='ocrx_word' id='word_1_253' title='bbox 1399 2159 1515 2224; x_wconf 53' lang='grc' dir='ltr'><strong>νὼς</strong></span> <span class='ocrx_word' id='word_1_254' title='bbox 1546 2159 1607 2213; x_wconf 86' lang='grc' dir='ltr'><strong>τὸ</strong></span> <span class='ocrx_word' id='word_1_255' title='bbox 1639 2159 1737 2229; x_wconf 80' lang='grc' dir='ltr'><strong>μὲν</strong></span> <span class='ocrx_word' id='word_1_256' title='bbox 1767 2154 1862 2210; x_wconf 77' lang='grc' dir='ltr'><strong>τοῦ</strong></span> <span class='ocrx_word' id='word_1_257' title='bbox 1909 2153 2011 2225; x_wconf 87' lang='grc' dir='ltr'><strong>μύ-</strong></span> 
     </span>
    </p>
   </div>
   <div class='ocr_carea' id='block_1_39' title="bbox 433 2246 2010 2329">
    <p class='ocr_par' dir='ltr' id='par_1_39' title="bbox 433 2246 2010 2329">
     <span class='ocr_line' id='line_1_39' title="bbox 433 2246 2010 2329; baseline -0.009 -17"><span class='ocrx_word' id='word_1_258' title='bbox 433 2276 560 2324; x_wconf 80' lang='grc' dir='ltr'><strong>σους</strong></span> <span class='ocrx_word' id='word_1_259' title='bbox 594 2259 927 2312; x_wconf 85' lang='grc' dir='ltr'><strong>καταπεσεῖν</strong></span> <span class='ocrx_word' id='word_1_260' title='bbox 956 2259 1039 2322; x_wconf 83' lang='grc' dir='ltr'><strong>εἰς</strong></span> <span class='ocrx_word' id='word_1_261' title='bbox 1077 2258 1203 2329; x_wconf 78' lang='grc' dir='ltr'><strong>γῆν,</strong></span> <span class='ocrx_word' id='word_1_262' title='bbox 1244 2256 1369 2318; x_wconf 64' lang='grc' dir='ltr'><strong>δῖον</strong></span> <span class='ocrx_word' id='word_1_263' title='bbox 1407 2255 1509 2326; x_wconf 66' lang='grc' dir='ltr'><strong>ἥδη</strong></span> <span class='ocrx_word' id='word_1_264' title='bbox 1543 2252 1638 2306; x_wconf 78' lang='grc' dir='ltr'><strong>καὶ</strong></span> <span class='ocrx_word' id='word_1_265' title='bbox 1681 2248 1919 2320; x_wconf 76' lang='grc' dir='ltr'><strong>σήψεως,</strong></span> <span class='ocrx_word' id='word_1_266' title='bbox 1949 2246 2010 2299; x_wconf 74' lang='grc' dir='ltr'><strong>τὸ</strong></span> 
     </span>
    </p>
   </div>
   <div class='ocr_carea' id='block_1_40' title="bbox 429 2336 2012 2421">
    <p class='ocr_par' dir='ltr' id='par_1_40' title="bbox 429 2336 2012 2421">
     <span class='ocr_line' id='line_1_40' title="bbox 429 2336 2012 2421; baseline -0.009 -17"><span class='ocrx_word' id='word_1_267' title='bbox 429 2352 487 2404; x_wconf 84' lang='grc' dir='ltr'><strong>δὲ</strong></span> <span class='ocrx_word' id='word_1_268' title='bbox 515 2350 882 2419; x_wconf 79' lang='grc' dir='ltr'><strong>ὲναπομεῖναι</strong></span> <span class='ocrx_word' id='word_1_269' title='bbox 910 2351 977 2421; x_wconf 77' lang='grc' dir='ltr'><strong>τῇ</strong></span> <span class='ocrx_word' id='word_1_270' title='bbox 1028 2349 1159 2420; x_wconf 71' lang='grc' dir='ltr'><strong>περὶ</strong></span> <span class='ocrx_word' id='word_1_271' title='bbox 1198 2346 1324 2409; x_wconf 81' lang='grc' dir='ltr'><strong>τοὺς</strong></span> <span class='ocrx_word' id='word_1_272' title='bbox 1372 2346 1573 2415; x_wconf 77' lang='grc' dir='ltr'><strong>ὄνυχας</strong></span> <span class='ocrx_word' id='word_1_273' title='bbox 1628 2342 1911 2413; x_wconf 56' lang='grc' dir='ltr'><strong>σήτραγγιι</strong></span> <span class='ocrx_word' id='word_1_274' title='bbox 1943 2336 2012 2408; x_wconf 73' lang='grc' dir='ltr'><strong>ἢν</strong></span> 
     </span>
    </p>
   </div>
   <div class='ocr_carea' id='block_1_41' title="bbox 431 2433 2013 2514">
    <p class='ocr_par' dir='ltr' id='par_1_41' title="bbox 431 2433 2013 2514">
     <span class='ocr_line' id='line_1_41' title="bbox 431 2433 2013 2514; baseline -0.002 -14"><span class='ocrx_word' id='word_1_275' title='bbox 431 2445 891 2514; x_wconf 80' lang='grc' dir='ltr'><strong>ἀποπλυνάμενος</strong></span> <span class='ocrx_word' id='word_1_276' title='bbox 953 2443 1088 2496; x_wconf 74' lang='grc' dir='ltr'><strong>ὡσεὶ</strong></span> <span class='ocrx_word' id='word_1_277' title='bbox 1143 2443 1239 2496; x_wconf 65' lang='grc' dir='ltr'><strong>καὶ</strong></span> <span class='ocrx_word' id='word_1_278' title='bbox 1305 2437 1619 2510; x_wconf 78' lang='grc' dir='ltr'><strong>βορϐορώδη</strong></span> <span class='ocrx_word' id='word_1_279' title='bbox 1689 2433 2013 2506; x_wconf 68' lang='grc' dir='ltr'><strong>χείμαρρον,</strong></span> 
     </span>
    </p>
   </div>
   <div class='ocr_carea' id='block_1_42' title="bbox 2118 1967 3691 2051">
    <p class='ocr_par' dir='ltr' id='par_1_42' title="bbox 2118 1967 3691 2051">
     <span class='ocr_line' id='line_1_42' title="bbox 2118 1967 3691 2051; baseline 0.015 -32"><span class='ocrx_word' id='word_1_280' title='bbox 2118 1982 2248 2038; x_wconf 85' lang='lat' dir='ltr'><strong>pars</strong></span> <span class='ocrx_word' id='word_1_281' title='bbox 2281 1967 2498 2037; x_wconf 83' lang='lat' dir='ltr'><strong>quidem</strong></span> <span class='ocrx_word' id='word_1_282' title='bbox 2536 1970 2786 2038; x_wconf 77' lang='lat' dir='ltr'><strong>horrida,</strong></span> <span class='ocrx_word' id='word_1_283' title='bbox 2820 1977 3106 2043; x_wconf 87' lang='lat' dir='ltr'><strong>putredine</strong></span> <span class='ocrx_word' id='word_1_284' title='bbox 3139 1980 3253 2051; x_wconf 87' lang='lat' dir='ltr'><strong>jam</strong></span> <span class='ocrx_word' id='word_1_285' title='bbox 3279 1984 3454 2051; x_wconf 88' lang='lat' dir='ltr'><strong>olens,</strong></span> <span class='ocrx_word' id='word_1_286' title='bbox 3486 1986 3539 2040; x_wconf 92' lang='lat' dir='ltr'><strong>in</strong></span> <span class='ocrx_word' id='word_1_287' title='bbox 3582 1996 3691 2042; x_wconf 89' lang='lat' dir='ltr'><strong>ter-</strong></span> 
     </span>
    </p>
   </div>
   <div class='ocr_carea' id='block_1_43' title="bbox 2124 2061 3692 2148">
    <p class='ocr_par' dir='ltr' id='par_1_43' title="bbox 2124 2061 3692 2148">
     <span class='ocr_line' id='line_1_43' title="bbox 2124 2061 3692 2148; baseline 0.014 -34"><span class='ocrx_word' id='word_1_288' title='bbox 2124 2075 2241 2114; x_wconf 87' lang='lat' dir='ltr'><strong>ram</strong></span> <span class='ocrx_word' id='word_1_289' title='bbox 2269 2061 2565 2127; x_wconf 79' lang='lat' dir='ltr'><strong>decideret,</strong></span> <span class='ocrx_word' id='word_1_290' title='bbox 2619 2080 2747 2135; x_wconf 88' lang='lat' dir='ltr'><strong>pars</strong></span> <span class='ocrx_word' id='word_1_291' title='bbox 2776 2078 2958 2124; x_wconf 89' lang='lat' dir='ltr'><strong>autem</strong></span> <span class='ocrx_word' id='word_1_292' title='bbox 2989 2072 3140 2126; x_wconf 86' lang='lat' dir='ltr'><strong>cavis</strong></span> <span class='ocrx_word' id='word_1_293' title='bbox 3166 2075 3267 2129; x_wconf 90' lang='lat' dir='ltr'><strong>sub</strong></span> <span class='ocrx_word' id='word_1_294' title='bbox 3300 2078 3573 2148; x_wconf 86' lang='lat' dir='ltr'><strong>unguibus</strong></span> <span class='ocrx_word' id='word_1_295' title='bbox 3605 2082 3692 2135; x_wconf 82' lang='lat' dir='ltr'><strong>in-</strong></span> 
     </span>
    </p>
   </div>
   <div class='ocr_carea' id='block_1_44' title="bbox 2118 2149 3691 2234">
    <p class='ocr_par' dir='ltr' id='par_1_44' title="bbox 2118 2149 3691 2234">
     <span class='ocr_line' id='line_1_44' title="bbox 2118 2149 3691 2234; baseline 0.013 -30"><span class='ocrx_word' id='word_1_296' title='bbox 2118 2149 2379 2218; x_wconf 65' lang='lat' dir='ltr'><strong>haereret;</strong></span> <span class='ocrx_word' id='word_1_297' title='bbox 2428 2167 2532 2222; x_wconf 87' lang='lat' dir='ltr'><strong>qua</strong></span> <span class='ocrx_word' id='word_1_298' title='bbox 2562 2155 2727 2209; x_wconf 87' lang='lat' dir='ltr'><strong>veluti</strong></span> <span class='ocrx_word' id='word_1_299' title='bbox 2764 2165 3005 2215; x_wconf 87' lang='lat' dir='ltr'><strong>torrente</strong></span> <span class='ocrx_word' id='word_1_300' title='bbox 3045 2176 3268 2220; x_wconf 67' lang='lat' dir='ltr'><strong>caenoso</strong></span> <span class='ocrx_word' id='word_1_301' title='bbox 3296 2167 3505 2234; x_wconf 84' lang='lat' dir='ltr'><strong>abluta,</strong></span> <span class='ocrx_word' id='word_1_302' title='bbox 3550 2173 3691 2225; x_wconf 90' lang='lat' dir='ltr'><strong>mul-</strong></span> 
     </span>
    </p>
   </div>
   <div class='ocr_carea' id='block_1_45' title="bbox 2120 2243 3688 2327">
    <p class='ocr_par' dir='ltr' id='par_1_45' title="bbox 2120 2243 3688 2327">
     <span class='ocr_line' id='line_1_45' title="bbox 2120 2243 3688 2327; baseline 0.016 -33"><span class='ocrx_word' id='word_1_303' title='bbox 2120 2251 2230 2295; x_wconf 89' lang='lat' dir='ltr'><strong>tum</strong></span> <span class='ocrx_word' id='word_1_304' title='bbox 2289 2243 2546 2299; x_wconf 75' lang='lat' dir='ltr'><strong>excitavit</strong></span> <span class='ocrx_word' id='word_1_305' title='bbox 2620 2254 2899 2317; x_wconf 87' lang='lat' dir='ltr'><strong>stuporem</strong></span> <span class='ocrx_word' id='word_1_306' title='bbox 2924 2266 3037 2307; x_wconf 89' lang='lat' dir='ltr'><strong>rem</strong></span> <span class='ocrx_word' id='word_1_307' title='bbox 3075 2254 3310 2310; x_wconf 85' lang='lat' dir='ltr'><strong>nondum</strong></span> <span class='ocrx_word' id='word_1_308' title='bbox 3366 2261 3688 2327; x_wconf 84' lang='lat' dir='ltr'><strong>scientibus,</strong></span> 
     </span>
    </p>
   </div>
   <div class='ocr_carea' id='block_1_46' title="bbox 2119 2333 3693 2417">
    <p class='ocr_par' dir='ltr' id='par_1_46' title="bbox 2119 2333 3693 2417">
     <span class='ocr_line' id='line_1_46' title="bbox 2119 2333 3693 2417; baseline 0.014 -30"><span class='ocrx_word' id='word_1_309' title='bbox 2119 2333 2228 2396; x_wconf 87' lang='lat' dir='ltr'><strong>ille,</strong></span> <span class='ocrx_word' id='word_1_310' title='bbox 2260 2335 2350 2403; x_wconf 87' lang='lat' dir='ltr'><strong>qui</strong></span> <span class='ocrx_word' id='word_1_311' title='bbox 2396 2351 2501 2389; x_wconf 85' lang='lat' dir='ltr'><strong>non</strong></span> <span class='ocrx_word' id='word_1_312' title='bbox 2558 2337 2733 2392; x_wconf 83' lang='lat' dir='ltr'><strong>solum</strong></span> <span class='ocrx_word' id='word_1_313' title='bbox 2767 2339 2933 2409; x_wconf 86' lang='lat' dir='ltr'><strong>hujus</strong></span> <span class='ocrx_word' id='word_1_314' title='bbox 2961 2344 3235 2401; x_wconf 89' lang='lat' dir='ltr'><strong>erosionis</strong></span> <span class='ocrx_word' id='word_1_315' title='bbox 3268 2361 3409 2404; x_wconf 74' lang='lat' dir='ltr'><strong>vera:</strong></span> <span class='ocrx_word' id='word_1_316' title='bbox 3452 2350 3563 2417; x_wconf 86' lang='lat' dir='ltr'><strong>hic,</strong></span> <span class='ocrx_word' id='word_1_317' title='bbox 3597 2356 3693 2409; x_wconf 84' lang='lat' dir='ltr'><strong>sed</strong></span> 
     </span>
    </p>
   </div>
   <div class='ocr_carea' id='block_1_47' title="bbox 2119 2427 3691 2511">
    <p class='ocr_par' dir='ltr' id='par_1_47' title="bbox 2119 2427 3691 2511">
     <span class='ocr_line' id='line_1_47' title="bbox 2119 2427 3691 2511; baseline 0.013 -31"><span class='ocrx_word' id='word_1_318' title='bbox 2119 2427 2281 2482; x_wconf 88' lang='lat' dir='ltr'><strong>etiam</strong></span> <span class='ocrx_word' id='word_1_319' title='bbox 2328 2428 2520 2485; x_wconf 81' lang='lat' dir='ltr'><strong>horum</strong></span> <span class='ocrx_word' id='word_1_320' title='bbox 2553 2434 2818 2488; x_wconf 78' lang='lat' dir='ltr'><strong>vermium</strong></span> <span class='ocrx_word' id='word_1_321' title='bbox 2858 2434 2969 2490; x_wconf 91' lang='lat' dir='ltr'><strong>illic</strong></span> <span class='ocrx_word' id='word_1_322' title='bbox 2994 2448 3111 2491; x_wconf 86' lang='lat' dir='ltr'><strong>erat</strong></span> <span class='ocrx_word' id='word_1_323' title='bbox 3153 2439 3345 2511; x_wconf 86' lang='lat' dir='ltr'><strong>dignus</strong></span> <span class='ocrx_word' id='word_1_324' title='bbox 3381 2445 3691 2501; x_wconf 78' lang='lat' dir='ltr'><strong>vexatione.</strong></span> 
     </span>
    </p>
   </div>
   <div class='ocr_carea' id='block_1_48' title="bbox 433 2523 3694 2612">
    <p class='ocr_par' dir='ltr' id='par_1_48' title="bbox 433 2523 3694 2612">
     <span class='ocr_line' id='line_1_48' title="bbox 433 2523 3694 2612; baseline -0 -18"><span class='ocrx_word' id='word_1_325' title='bbox 433 2542 651 2611; x_wconf 74' lang='grc' dir='ltr'><strong>ἔπεμπε</strong></span> <span class='ocrx_word' id='word_1_326' title='bbox 680 2540 816 2594; x_wconf 83' lang='grc' dir='ltr'><strong>πολὺ</strong></span> <span class='ocrx_word' id='word_1_327' title='bbox 849 2538 1037 2609; x_wconf 80' lang='grc' dir='ltr'><strong>θαῦμα</strong></span> <span class='ocrx_word' id='word_1_328' title='bbox 1080 2540 1192 2602; x_wconf 85' lang='grc' dir='ltr'><strong>τοῖς</strong></span> <span class='ocrx_word' id='word_1_329' title='bbox 1240 2540 1406 2609; x_wconf 78' lang='grc' dir='ltr'><strong>μήπω</strong></span> <span class='ocrx_word' id='word_1_330' title='bbox 1432 2535 1629 2589; x_wconf 76' lang='grc' dir='ltr'><strong>εἰδόσιν</strong></span> <span class='ocrx_word' id='word_1_331' title='bbox 1669 2536 1697 2589; x_wconf 87' lang='grc' dir='ltr'><strong>ό</strong></span> <span class='ocrx_word' id='word_1_332' title='bbox 1726 2533 1805 2605; x_wconf 78' lang='grc' dir='ltr'><strong>μὴ</strong></span> <span class='ocrx_word' id='word_1_333' title='bbox 1849 2530 2010 2601; x_wconf 80' lang='grc' dir='ltr'><strong>μόνον</strong></span> <span class='ocrx_word' id='word_1_334' title='bbox 2050 2523 2450 2594; x_wconf 78' lang='grc' dir='ltr'><strong>καταὸρώσεως</strong></span> <span class='ocrx_word' id='word_1_335' title='bbox 2476 2528 2709 2600; x_wconf 82' lang='grc' dir='ltr'><strong>ἀληθοῦς</strong></span> <span class='ocrx_word' id='word_1_336' title='bbox 2747 2532 2843 2602; x_wconf 81' lang='grc' dir='ltr'><strong>τῆς</strong></span> <span class='ocrx_word' id='word_1_337' title='bbox 2867 2528 2993 2601; x_wconf 80' lang='grc' dir='ltr'><strong>ὦδε,</strong></span> <span class='ocrx_word' id='word_1_338' title='bbox 3029 2534 3164 2590; x_wconf 83' lang='grc' dir='ltr'><strong>άλλά</strong></span> <span class='ocrx_word' id='word_1_339' title='bbox 3233 2538 3325 2593; x_wconf 73' lang='grc' dir='ltr'>καὶ</span> <span class='ocrx_word' id='word_1_340' title='bbox 3393 2542 3694 2612; x_wconf 77' lang='grc' dir='ltr'>σκωλήκων</span> 
     </span>
    </p>
   </div>
   <div class='ocr_carea' id='block_1_49' title="bbox 432 2638 965 2705">
    <p class='ocr_par' dir='ltr' id='par_1_49' title="bbox 432 2638 965 2705">
     <span class='ocr_line' id='line_1_49' title="bbox 432 2638 965 2705; baseline -0.002 -11"><span class='ocrx_word' id='word_1_341' title='bbox 432 2639 545 2694; x_wconf 84' lang='grc' dir='ltr'><strong>τῶν</strong></span> <span class='ocrx_word' id='word_1_342' title='bbox 575 2641 693 2694; x_wconf 73' lang='grc' dir='ltr'><strong>ἐκεῖ</strong></span> <span class='ocrx_word' id='word_1_343' title='bbox 717 2638 965 2705; x_wconf 80' lang='grc' dir='ltr'><strong>ὲπάξιος.</strong></span> 
     </span>
    </p>
   </div>
   <div class='ocr_carea' id='block_1_50' title="bbox 506 2725 2012 2799">
    <p class='ocr_par' dir='ltr' id='par_1_50' title="bbox 506 2725 2012 2799">
     <span class='ocr_line' id='line_1_50' title="bbox 506 2725 2012 2799; baseline -0.007 -14"><span class='ocrx_word' id='word_1_344' title='bbox 506 2733 608 2797; x_wconf 81' lang='grc' dir='ltr'><strong>λζ’.</strong></span> <span class='ocrx_word' id='word_1_345' title='bbox 641 2733 800 2796; x_wconf 86' lang='grc' dir='ltr'><strong>Τίνος</strong></span> <span class='ocrx_word' id='word_1_346' title='bbox 841 2731 908 2785; x_wconf 86' lang='grc' dir='ltr'><strong>ἂν</strong></span> <span class='ocrx_word' id='word_1_347' title='bbox 938 2730 991 2784; x_wconf 76' lang='grc' dir='ltr'><strong>οἱ</strong></span> <span class='ocrx_word' id='word_1_348' title='bbox 1019 2730 1252 2784; x_wconf 81' lang='grc' dir='ltr'><strong>τοιοῦτοι</strong></span> <span class='ocrx_word' id='word_1_349' title='bbox 1278 2728 1570 2799; x_wconf 81' lang='grc' dir='ltr'><strong>φείδοιντο,</strong></span> <span class='ocrx_word' id='word_1_350' title='bbox 1612 2728 1690 2790; x_wconf 88' lang='grc' dir='ltr'><strong>είς</strong></span> <span class='ocrx_word' id='word_1_351' title='bbox 1720 2729 1782 2779; x_wconf 84' lang='grc' dir='ltr'><strong>τὸ</strong></span> <span class='ocrx_word' id='word_1_352' title='bbox 1810 2725 2012 2777; x_wconf 81' lang='grc' dir='ltr'><strong>οἰκεῖον</strong></span> 
     </span>
    </p>
   </div>
   <div class='ocr_carea' id='block_1_51' title="bbox 436 2818 2014 2896">
    <p class='ocr_par' dir='ltr' id='par_1_51' title="bbox 436 2818 2014 2896">
     <span class='ocr_line' id='line_1_51' title="bbox 436 2818 2014 2896; baseline -0.009 -17"><span class='ocrx_word' id='word_1_353' title='bbox 436 2824 599 2896; x_wconf 79' lang='grc' dir='ltr'><strong>σῶμα</strong></span> <span class='ocrx_word' id='word_1_354' title='bbox 626 2821 1066 2892; x_wconf 78' lang='grc' dir='ltr'><strong>κακουργοῦντες</strong></span> <span class='ocrx_word' id='word_1_355' title='bbox 1090 2840 1105 2890; x_wconf 88' lang='grc'>;</span> <span class='ocrx_word' id='word_1_356' title='bbox 1140 2822 1277 2876; x_wconf 83' lang='grc' dir='ltr'><strong>Ποῖα</strong></span> <span class='ocrx_word' id='word_1_357' title='bbox 1306 2818 1884 2890; x_wconf 86' lang='grc' dir='ltr'><strong>ἀποπροσποιήσονται</strong></span> <span class='ocrx_word' id='word_1_358' title='bbox 1915 2831 2014 2884; x_wconf 87' lang='grc' dir='ltr'><strong>μο-</strong></span> 
     </span>
    </p>
   </div>
   <div class='ocr_carea' id='block_1_52' title="bbox 436 2906 2013 2986">
    <p class='ocr_par' dir='ltr' id='par_1_52' title="bbox 436 2906 2013 2986">
     <span class='ocr_line' id='line_1_52' title="bbox 436 2906 2013 2986; baseline -0.009 -16"><span class='ocrx_word' id='word_1_359' title='bbox 436 2917 643 2986; x_wconf 77' lang='grc' dir='ltr'><strong>λυσμὸν</strong></span> <span class='ocrx_word' id='word_1_360' title='bbox 672 2917 720 2969; x_wconf 84' lang='lat' dir='ltr'><strong>oi.</strong></span> <span class='ocrx_word' id='word_1_361' title='bbox 762 2913 936 2977; x_wconf 73' lang='grc' dir='ltr'><strong>οὕτως</strong></span> <span class='ocrx_word' id='word_1_362' title='bbox 980 2914 1338 2984; x_wconf 84' lang='grc' dir='ltr'><strong>αἱμοχαρεῖς;</strong></span> <span class='ocrx_word' id='word_1_363' title='bbox 1382 2913 1540 2975; x_wconf 85' lang='grc' dir='ltr'><strong>Ποῖος</strong></span> <span class='ocrx_word' id='word_1_364' title='bbox 1592 2909 1659 2964; x_wconf 77' lang='grc' dir='ltr'>ἂν</span> <span class='ocrx_word' id='word_1_365' title='bbox 1709 2906 2013 2977; x_wconf 81' lang='grc' dir='ltr'><strong>ἐφαρμόσοι</strong></span> 
     </span>
    </p>
   </div>
   <div class='ocr_carea' id='block_1_53' title="bbox 435 2997 2012 3080">
    <p class='ocr_par' dir='ltr' id='par_1_53' title="bbox 435 2997 2012 3080">
     <span class='ocr_line' id='line_1_53' title="bbox 435 2997 2012 3080; baseline -0.015 -16"><span class='ocrx_word' id='word_1_366' title='bbox 435 3010 604 3080; x_wconf 67' lang='grc' dir='ltr'><strong>ψόγος</strong></span> <span class='ocrx_word' id='word_1_367' title='bbox 655 3008 937 3078; x_wconf 83' lang='grc' dir='ltr'><strong>ἀνδράσιν,</strong></span> <span class='ocrx_word' id='word_1_368' title='bbox 970 3000 1054 3069; x_wconf 77' lang='grc' dir='ltr'><strong>οἷς</strong></span> <span class='ocrx_word' id='word_1_369' title='bbox 1084 3004 1288 3074; x_wconf 77' lang='grc' dir='ltr'><strong>ἀγαθὸν</strong></span> <span class='ocrx_word' id='word_1_370' title='bbox 1321 3004 1602 3075; x_wconf 74' lang='grc' dir='ltr'><strong>αἱματηρὰ</strong></span> <span class='ocrx_word' id='word_1_371' title='bbox 1650 3000 1795 3072; x_wconf 78' lang='grc' dir='ltr'><strong>βαφὴ</strong></span> <span class='ocrx_word' id='word_1_372' title='bbox 1847 2997 2012 3068; x_wconf 69' lang='grc' dir='ltr'><strong>αὕτη,</strong></span> 
     </span>
    </p>
   </div>
   <div class='ocr_carea' id='block_1_54' title="bbox 438 3090 2015 3169">
    <p class='ocr_par' dir='ltr' id='par_1_54' title="bbox 438 3090 2015 3169">
     <span class='ocr_line' id='line_1_54' title="bbox 438 3090 2015 3169; baseline -0.008 -14"><span class='ocrx_word' id='word_1_373' title='bbox 438 3103 538 3155; x_wconf 83' lang='grc' dir='ltr'><strong>ὅσα</strong></span> <span class='ocrx_word' id='word_1_374' title='bbox 572 3100 667 3153; x_wconf 71' lang='grc' dir='ltr'><strong>καὶ</strong></span> <span class='ocrx_word' id='word_1_375' title='bbox 697 3100 915 3167; x_wconf 76' lang='grc' dir='ltr'><strong>γυναιξὶ</strong></span> <span class='ocrx_word' id='word_1_376' title='bbox 945 3100 1156 3169; x_wconf 72' lang='grc' dir='ltr'><strong>φῦκοςς</strong></span> <span class='ocrx_word' id='word_1_377' title='bbox 1187 3096 1282 3161; x_wconf 89' lang='grc' dir='ltr'><strong>Τίς</strong></span> <span class='ocrx_word' id='word_1_378' title='bbox 1312 3096 1374 3149; x_wconf 81' lang='grc' dir='ltr'><strong>τὸ</strong></span> <span class='ocrx_word' id='word_1_379' title='bbox 1400 3094 1650 3165; x_wconf 78' lang='grc' dir='ltr'><strong>σιδήρεον</strong></span> <span class='ocrx_word' id='word_1_380' title='bbox 1676 3093 1837 3146; x_wconf 79' lang='grc' dir='ltr'><strong>τοῦτο</strong></span> <span class='ocrx_word' id='word_1_381' title='bbox 1858 3090 2015 3160; x_wconf 86' lang='grc' dir='ltr'><strong>γένος</strong></span> 
     </span>
    </p>
   </div>
   <div class='ocr_carea' id='block_1_55' title="bbox 439 3183 2017 3263">
    <p class='ocr_par' dir='ltr' id='par_1_55' title="bbox 439 3183 2017 3263">
     <span class='ocr_line' id='line_1_55' title="bbox 439 3183 2017 3263; baseline -0.016 -2"><span class='ocrx_word' id='word_1_382' title='bbox 439 3194 604 3260; x_wconf 74' lang='grc' dir='ltr'><strong>ἀξίως</strong></span> <span class='ocrx_word' id='word_1_383' title='bbox 626 3192 1022 3263; x_wconf 68' lang='grc' dir='ltr'><strong>ἀποτρέψεται,</strong></span> <span class='ocrx_word' id='word_1_384' title='bbox 1054 3186 1226 3261; x_wconf 73' lang='grc' dir='ltr'><strong>οὗπερ</strong></span> <span class='ocrx_word' id='word_1_385' title='bbox 1255 3193 1290 3260; x_wconf 81' lang='grc' dir='ltr'>ή</span> <span class='ocrx_word' id='word_1_386' title='bbox 1334 3186 1694 3261; x_wconf 79' lang='grc' dir='ltr'><strong>πραγματεία</strong></span> <span class='ocrx_word' id='word_1_387' title='bbox 1728 3183 2017 3257; x_wconf 80' lang='grc' dir='ltr'><strong>χρυσωθῆ-</strong></span> 
     </span>
    </p>
   </div>
   <div class='ocr_carea' id='block_1_56' title="bbox 2190 2713 3692 2800">
    <p class='ocr_par' dir='ltr' id='par_1_56' title="bbox 2190 2713 3692 2800">
     <span class='ocr_line' id='line_1_56' title="bbox 2190 2713 3692 2800; baseline 0.011 -30"><span class='ocrx_word' id='word_1_388' title='bbox 2190 2715 2281 2770; x_wconf 76' lang='lat'><strong>37.</strong></span> <span class='ocrx_word' id='word_1_389' title='bbox 2336 2713 2435 2771; x_wconf 90' lang='lat' dir='ltr'><strong>Cui</strong></span> <span class='ocrx_word' id='word_1_390' title='bbox 2485 2726 2712 2784; x_wconf 83' lang='lat' dir='ltr'><strong>parcent</strong></span> <span class='ocrx_word' id='word_1_391' title='bbox 2749 2717 2809 2781; x_wconf 88' lang='lat' dir='ltr'><strong>ii,</strong></span> <span class='ocrx_word' id='word_1_392' title='bbox 2858 2721 2950 2792; x_wconf 84' lang='lat' dir='ltr'><strong>gui</strong></span> <span class='ocrx_word' id='word_1_393' title='bbox 3005 2724 3283 2794; x_wconf 87' lang='lat' dir='ltr'><strong>proprium</strong></span> <span class='ocrx_word' id='word_1_394' title='bbox 3331 2743 3529 2800; x_wconf 87' lang='lat' dir='ltr'><strong>corpus</strong></span> <span class='ocrx_word' id='word_1_395' title='bbox 3567 2746 3692 2786; x_wconf 87' lang='lat' dir='ltr'><strong>cru-</strong></span> 
     </span>
    </p>
   </div>
   <div class='ocr_carea' id='block_1_57' title="bbox 2121 2805 3694 2893">
    <p class='ocr_par' dir='ltr' id='par_1_57' title="bbox 2121 2805 3694 2893">
     <span class='ocr_line' id='line_1_57' title="bbox 2121 2805 3694 2893; baseline 0.012 -33"><span class='ocrx_word' id='word_1_396' title='bbox 2121 2805 2316 2861; x_wconf 88' lang='lat' dir='ltr'><strong>deliter</strong></span> <span class='ocrx_word' id='word_1_397' title='bbox 2348 2808 2626 2861; x_wconf 83' lang='lat' dir='ltr'><strong>tractant?</strong></span> <span class='ocrx_word' id='word_1_398' title='bbox 2658 2809 2703 2863; x_wconf 80' lang='grc' dir='ltr'><strong>Δ</strong></span> <span class='ocrx_word' id='word_1_399' title='bbox 2734 2810 2929 2879; x_wconf 89' lang='lat' dir='ltr'><strong>quibus</strong></span> <span class='ocrx_word' id='word_1_400' title='bbox 2955 2816 3179 2872; x_wconf 83' lang='lat' dir='ltr'><strong>maculis</strong></span> <span class='ocrx_word' id='word_1_401' title='bbox 3201 2819 3576 2877; x_wconf 87' lang='lat' dir='ltr'><strong>abhorrebunt</strong></span> <span class='ocrx_word' id='word_1_402' title='bbox 3604 2826 3694 2893; x_wconf 92' lang='lat' dir='ltr'><strong>qui</strong></span> 
     </span>
    </p>
   </div>
   <div class='ocr_carea' id='block_1_58' title="bbox 2123 2897 3733 2979">
    <p class='ocr_par' dir='ltr' id='par_1_58' title="bbox 2123 2897 3733 2979">
     <span class='ocr_line' id='line_1_58' title="bbox 2123 2897 3733 2979; baseline 0.014 -28"><span class='ocrx_word' id='word_1_403' title='bbox 2123 2897 2204 2952; x_wconf 89' lang='lat' dir='ltr'><strong>sic</strong></span> <span class='ocrx_word' id='word_1_404' title='bbox 2234 2899 2499 2968; x_wconf 87' lang='lat' dir='ltr'><strong>sanguine</strong></span> <span class='ocrx_word' id='word_1_405' title='bbox 2531 2899 2825 2955; x_wconf 69' lang='lat' dir='ltr'><strong>laetantur?</strong></span> <span class='ocrx_word' id='word_1_406' title='bbox 2878 2904 3065 2972; x_wconf 85' lang='lat' dir='ltr'><strong>Qualis</strong></span> <span class='ocrx_word' id='word_1_407' title='bbox 3107 2909 3458 2979; x_wconf 81' lang='lat' dir='ltr'><strong>reprehensio</strong></span> <span class='ocrx_word' id='word_1_408' title='bbox 3498 2931 3695 2973; x_wconf 86' lang='lat' dir='ltr'><strong>conve—</strong></span> <span class='ocrx_word' id='word_1_409' title='bbox 3728 2925 3733 2930; x_wconf 82' lang='lat'>‘</span> 
     </span>
    </p>
   </div>
   <div class='ocr_carea' id='block_1_59' title="bbox 2122 2990 3696 3078">
    <p class='ocr_par' dir='ltr' id='par_1_59' title="bbox 2122 2990 3696 3078">
     <span class='ocr_line' id='line_1_59' title="bbox 2122 2990 3696 3078; baseline 0.015 -35"><span class='ocrx_word' id='word_1_410' title='bbox 2122 2990 2267 3045; x_wconf 88' lang='lat' dir='ltr'><strong>niret</strong></span> <span class='ocrx_word' id='word_1_411' title='bbox 2319 2990 2652 3057; x_wconf 79' lang='lat' dir='ltr'><strong>lietninibus,</strong></span> <span class='ocrx_word' id='word_1_412' title='bbox 2687 2993 2883 3062; x_wconf 85' lang='lat' dir='ltr'><strong>quibus</strong></span> <span class='ocrx_word' id='word_1_413' title='bbox 2931 2997 3132 3053; x_wconf 87' lang='lat' dir='ltr'><strong>bonum</strong></span> <span class='ocrx_word' id='word_1_414' title='bbox 3192 3015 3277 3058; x_wconf 91' lang='lat' dir='ltr'><strong>est</strong></span> <span class='ocrx_word' id='word_1_415' title='bbox 3310 3004 3391 3060; x_wconf 90' lang='lat' dir='ltr'><strong>sic</strong></span> <span class='ocrx_word' id='word_1_416' title='bbox 3447 3006 3696 3078; x_wconf 71' lang='lat' dir='ltr'><strong>immersi</strong></span> 
     </span>
    </p>
   </div>
   <div class='ocr_carea' id='block_1_60' title="bbox 2121 3084 3699 3169">
    <p class='ocr_par' dir='ltr' id='par_1_60' title="bbox 2121 3084 3699 3169">
     <span class='ocr_line' id='line_1_60' title="bbox 2121 3084 3699 3169; baseline 0.013 -32"><span class='ocrx_word' id='word_1_417' title='bbox 2121 3098 2338 3149; x_wconf 84' lang='lat' dir='ltr'><strong>cruore,</strong></span> <span class='ocrx_word' id='word_1_418' title='bbox 2363 3093 2418 3137; x_wconf 92' lang='lat' dir='ltr'><strong>ut</strong></span> <span class='ocrx_word' id='word_1_419' title='bbox 2448 3084 2763 3142; x_wconf 73' lang='lat' dir='ltr'><strong>mulieribus</strong></span> <span class='ocrx_word' id='word_1_420' title='bbox 2793 3089 2969 3156; x_wconf 87' lang='lat' dir='ltr'><strong>placet</strong></span> <span class='ocrx_word' id='word_1_421' title='bbox 3002 3089 3207 3147; x_wconf 80' lang='lat' dir='ltr'><strong>fucus?</strong></span> <span class='ocrx_word' id='word_1_422' title='bbox 3233 3092 3364 3160; x_wconf 80' lang='lat' dir='ltr'><strong>Quis</strong></span> <span class='ocrx_word' id='word_1_423' title='bbox 3382 3096 3699 3169; x_wconf 86' lang='lat' dir='ltr'><strong>bujusmodi</strong></span> 
     </span>
    </p>
   </div>
   <div class='ocr_carea' id='block_1_61' title="bbox 2122 3174 3697 3262">
    <p class='ocr_par' dir='ltr' id='par_1_61' title="bbox 2122 3174 3697 3262">
     <span class='ocr_line' id='line_1_61' title="bbox 2122 3174 3697 3262; baseline 0.013 -34"><span class='ocrx_word' id='word_1_424' title='bbox 2122 3174 2361 3231; x_wconf 77' lang='lat' dir='ltr'><strong>ferreum</strong></span> <span class='ocrx_word' id='word_1_425' title='bbox 2398 3190 2567 3247; x_wconf 88' lang='lat' dir='ltr'><strong>genus</strong></span> <span class='ocrx_word' id='word_1_426' title='bbox 2612 3178 2770 3248; x_wconf 80' lang='lat' dir='ltr'><strong>digne</strong></span> <span class='ocrx_word' id='word_1_427' title='bbox 2814 3180 3133 3247; x_wconf 73' lang='lat' dir='ltr'><strong>deteStetur,</strong></span> <span class='ocrx_word' id='word_1_428' title='bbox 3187 3186 3342 3254; x_wconf 87' lang='lat' dir='ltr'><strong>cujus</strong></span> <span class='ocrx_word' id='word_1_429' title='bbox 3399 3192 3697 3262; x_wconf 87' lang='lat' dir='ltr'><strong>neg0tiatio</strong></span> 
     </span>
    </p>
   </div>
   <div class='ocr_carea' id='block_1_62' title="bbox 438 3248 2015 3361">
    <p class='ocr_par' dir='ltr' id='par_1_62' title="bbox 438 3248 2015 3361">
     <span class='ocr_line' id='line_1_62' title="bbox 438 3248 2015 3361; baseline -0.009 -22"><span class='ocrx_word' id='word_1_430' title='bbox 438 3248 530 3340; x_wconf 63' lang='grc' dir='ltr'><strong>νᾶι</strong></span> <span class='ocrx_word' id='word_1_431' title='bbox 572 3248 642 3336; x_wconf 77' lang='grc' dir='ltr'><strong>δι’</strong></span> <span class='ocrx_word' id='word_1_432' title='bbox 687 3248 1053 3353; x_wconf 72' lang='grc' dir='ltr'><strong>ὑποκρίσεως,</strong></span> <span class='ocrx_word' id='word_1_433' title='bbox 1100 3248 1208 3361; x_wconf 46' lang='grc' dir='ltr'><strong>καὶ,</strong></span> <span class='ocrx_word' id='word_1_434' title='bbox 1243 3248 1417 3342; x_wconf 60' lang='lat' dir='ltr'><strong>obsto;</strong></span> <span class='ocrx_word' id='word_1_435' title='bbox 1460 3248 1895 3345; x_wconf 62' lang='grc' dir='ltr'><strong>άποτελευτῆσαι</strong></span> <span class='ocrx_word' id='word_1_436' title='bbox 1939 3248 2015 3336; x_wconf 73' lang='grc' dir='ltr'><strong>είς</strong></span> 
     </span>
    </p>
   </div>
   <div class='ocr_carea' id='block_1_63' title="bbox 2123 3248 3699 3361">
    <p class='ocr_par' dir='ltr' id='par_1_63' title="bbox 2124 3248 3699 3351">
     <span class='ocr_line' id='line_1_63' title="bbox 2124 3248 3699 3351; baseline 0.012 -29"><span class='ocrx_word' id='word_1_437' title='bbox 2124 3276 2207 3322; x_wconf 88' lang='lat' dir='ltr'><strong>cst</strong></span> <span class='ocrx_word' id='word_1_438' title='bbox 2236 3280 2329 3336; x_wconf 89' lang='lat' dir='ltr'><strong>per</strong></span> <span class='ocrx_word' id='word_1_439' title='bbox 2361 3267 2692 3338; x_wconf 78' lang='lat' dir='ltr'><strong>hypocrisim</strong></span> <span class='ocrx_word' id='word_1_440' title='bbox 2733 3284 2867 3325; x_wconf 88' lang='lat' dir='ltr'><strong>auro</strong></span> <span class='ocrx_word' id='word_1_441' title='bbox 2935 3248 3317 3342; x_wconf 72' lang='lat' dir='ltr'><strong>supervestiri,</strong></span> <span class='ocrx_word' id='word_1_442' title='bbox 3361 3248 3552 3351; x_wconf 50' lang='lat' dir='ltr'><strong>sicqvue</strong></span> <span class='ocrx_word' id='word_1_443' title='bbox 3577 3248 3699 3341; x_wconf 79' lang='lat' dir='ltr'><strong>loco</strong></span> 
     </span>
    </p>
   </div>
   <div class='ocr_carea' id='block_1_64' title="bbox 441 3364 2020 3449">
    <p class='ocr_par' dir='ltr' id='par_1_64' title="bbox 441 3364 2020 3449">
     <span class='ocr_line' id='line_1_64' title="bbox 441 3364 2020 3449; baseline -0.028 0"><span class='ocrx_word' id='word_1_444' title='bbox 441 3377 671 3449; x_wconf 62' lang='grc' dir='ltr'><strong>Χρύσεον</strong></span> <span class='ocrx_word' id='word_1_445' title='bbox 722 3374 869 3444; x_wconf 75' lang='grc' dir='ltr'><strong>λόγῳ</strong></span> <span class='ocrx_word' id='word_1_446' title='bbox 929 3371 1302 3435; x_wconf 79' lang='grc' dir='ltr'><strong>ἁποπτώσεως</strong></span> <span class='ocrx_word' id='word_1_447' title='bbox 1363 3370 1469 3423; x_wconf 70' lang='grc' dir='ltr'><strong>κᾶν</strong></span> <span class='ocrx_word' id='word_1_448' title='bbox 1530 3367 1667 3438; x_wconf 83' lang='grc' dir='ltr'><strong>γοῦν</strong></span> <span class='ocrx_word' id='word_1_449' title='bbox 1715 3368 1796 3432; x_wconf 76' lang='grc' dir='ltr'><strong>εἰς</strong></span> <span class='ocrx_word' id='word_1_450' title='bbox 1849 3364 2020 3438; x_wconf 74' lang='grc' dir='ltr'><strong>ἀργῡ.</strong></span> 
     </span>
    </p>
   </div>
   <div class='ocr_carea' id='block_1_65' title="bbox 481 3487 602 3536">
    <p class='ocr_par' dir='ltr' id='par_1_65' title="bbox 481 3487 602 3536">
     <span class='ocr_line' id='line_1_65' title="bbox 481 3487 602 3536; baseline -0.017 -14"><span class='ocrx_word' id='word_1_451' title='bbox 481 3487 566 3522; x_wconf 89' lang='grc' dir='ltr'><strong>εον</strong></span> <span class='ocrx_word' id='word_1_452' title='bbox 585 3487 602 3536; x_wconf 85' lang='grc'>;</span> 
     </span>
    </p>
   </div>
   <div class='ocr_carea' id='block_1_66' title="bbox 439 3488 2022 3631">
    <p class='ocr_par' dir='ltr' id='par_1_66' title="bbox 439 3488 2022 3631">
     <span class='ocr_line' id='line_1_66' title="bbox 439 3488 2022 3631; baseline -0.009 -17"><span class='ocrx_word' id='word_1_453' title='bbox 439 3488 618 3631; x_wconf 36' lang='lat' dir='ltr'><strong>“illi</strong></span> <span class='ocrx_word' id='word_1_454' title='bbox 655 3559 779 3613; x_wconf 81' lang='grc' dir='ltr'><strong>Ἔτι</strong></span> <span class='ocrx_word' id='word_1_455' title='bbox 809 3557 1215 3629; x_wconf 79' lang='grc' dir='ltr'><strong>σεσημείωνται</strong></span> <span class='ocrx_word' id='word_1_456' title='bbox 1242 3554 1394 3626; x_wconf 71' lang='grc' dir='ltr'><strong>παρὰ</strong></span> <span class='ocrx_word' id='word_1_457' title='bbox 1422 3554 1534 3615; x_wconf 87' lang='grc' dir='ltr'><strong>τοῖς</strong></span> <span class='ocrx_word' id='word_1_458' title='bbox 1560 3549 1824 3604; x_wconf 81' lang='grc' dir='ltr'><strong>ἀνέκαθεν</strong></span> <span class='ocrx_word' id='word_1_459' title='bbox 1847 3548 2022 3617; x_wconf 80' lang='grc' dir='ltr'><strong>ἁγίοις</strong></span> 
     </span>
    </p>
   </div>
   <div class='ocr_carea' id='block_1_67' title="bbox 442 3641 2021 3723">
    <p class='ocr_par' dir='ltr' id='par_1_67' title="bbox 442 3641 2021 3723">
     <span class='ocr_line' id='line_1_67' title="bbox 442 3641 2021 3723; baseline -0.009 -17"><span class='ocrx_word' id='word_1_460' title='bbox 442 3654 616 3723; x_wconf 71' lang='grc' dir='ltr'><strong>ὀλίγοι</strong></span> <span class='ocrx_word' id='word_1_461' title='bbox 652 3652 884 3723; x_wconf 85' lang='grc' dir='ltr'><strong>μεγάλοι</strong></span> <span class='ocrx_word' id='word_1_462' title='bbox 915 3649 1180 3713; x_wconf 85' lang='grc' dir='ltr'><strong>στυλῖται,</strong></span> <span class='ocrx_word' id='word_1_463' title='bbox 1216 3649 1265 3702; x_wconf 79' lang='grc' dir='ltr'><strong>οἱ</strong></span> <span class='ocrx_word' id='word_1_464' title='bbox 1313 3644 1773 3717; x_wconf 78' lang='grc' dir='ltr'><strong>ούρανοῦάμονες,</strong></span> <span class='ocrx_word' id='word_1_465' title='bbox 1825 3641 1874 3695; x_wconf 82' lang='grc' dir='ltr'><strong>οἳ</strong></span> <span class='ocrx_word' id='word_1_466' title='bbox 1921 3641 2021 3693; x_wconf 86' lang='grc' dir='ltr'><strong>ὅσα</strong></span> 
     </span>
    </p>
   </div>
   <div class='ocr_carea' id='block_1_68' title="bbox 444 3730 2022 3815">
    <p class='ocr_par' dir='ltr' id='par_1_68' title="bbox 444 3730 2022 3815">
     <span class='ocr_line' id='line_1_68' title="bbox 444 3730 2022 3815; baseline -0.011 -15"><span class='ocrx_word' id='word_1_467' title='bbox 444 3746 543 3800; x_wconf 70' lang='grc' dir='ltr'><strong>καὶ</strong></span> <span class='ocrx_word' id='word_1_468' title='bbox 563 3744 650 3799; x_wconf 85' lang='grc' dir='ltr'><strong>διά</strong></span> <span class='ocrx_word' id='word_1_469' title='bbox 683 3744 994 3815; x_wconf 85' lang='grc' dir='ltr'><strong>κλιμάκων,</strong></span> <span class='ocrx_word' id='word_1_470' title='bbox 1036 3741 1148 3794; x_wconf 82' lang='grc' dir='ltr'><strong>τῶν</strong></span> <span class='ocrx_word' id='word_1_471' title='bbox 1192 3738 1421 3804; x_wconf 90' lang='grc' dir='ltr'><strong>στύλων,</strong></span> <span class='ocrx_word' id='word_1_472' title='bbox 1475 3735 1779 3808; x_wconf 67' lang='grc' dir='ltr'><strong>προσέσχον</strong></span> <span class='ocrx_word' id='word_1_473' title='bbox 1813 3730 1890 3803; x_wconf 86' lang='grc' dir='ltr'><strong>τῷ</strong></span> <span class='ocrx_word' id='word_1_474' title='bbox 1932 3730 2022 3786; x_wconf 89' lang='grc' dir='ltr'><strong>ού-</strong></span> 
     </span>
    </p>
   </div>
   <div class='ocr_carea' id='block_1_69' title="bbox 446 3825 2020 3911">
    <p class='ocr_par' dir='ltr' id='par_1_69' title="bbox 446 3825 2020 3911">
     <span class='ocr_line' id='line_1_69' title="bbox 446 3825 2020 3911; baseline -0.011 -17"><span class='ocrx_word' id='word_1_475' title='bbox 446 3838 619 3911; x_wconf 84' lang='grc' dir='ltr'><strong>ρανῷ.</strong></span> <span class='ocrx_word' id='word_1_476' title='bbox 656 3838 721 3890; x_wconf 80' lang='grc' dir='ltr'>Ἠ</span> <span class='ocrx_word' id='word_1_477' title='bbox 747 3837 805 3891; x_wconf 85' lang='grc' dir='ltr'><strong>δὲ</strong></span> <span class='ocrx_word' id='word_1_478' title='bbox 848 3835 943 3892; x_wconf 86' lang='grc' dir='ltr'>νῦν</span> <span class='ocrx_word' id='word_1_479' title='bbox 986 3834 1152 3906; x_wconf 86' lang='grc' dir='ltr'><strong>γενεὰ</strong></span> <span class='ocrx_word' id='word_1_480' title='bbox 1198 3828 1286 3887; x_wconf 82' lang='grc' dir='ltr'><strong>οἷα</strong></span> <span class='ocrx_word' id='word_1_481' title='bbox 1344 3833 1440 3887; x_wconf 78' lang='grc' dir='ltr'><strong>καὶ</strong></span> <span class='ocrx_word' id='word_1_482' title='bbox 1484 3830 1680 3900; x_wconf 82' lang='grc' dir='ltr'><strong>δένδρα</strong></span> <span class='ocrx_word' id='word_1_483' title='bbox 1738 3826 1909 3898; x_wconf 81' lang='grc' dir='ltr'><strong>συχνὰ</strong></span> <span class='ocrx_word' id='word_1_484' title='bbox 1961 3825 2020 3877; x_wconf 81' lang='grc' dir='ltr'><strong>ὲν</strong></span> 
     </span>
    </p>
   </div>
   <div class='ocr_carea' id='block_1_70' title="bbox 445 3917 2020 4001">
    <p class='ocr_par' dir='ltr' id='par_1_70' title="bbox 445 3917 2020 4001">
     <span class='ocr_line' id='line_1_70' title="bbox 445 3917 2020 4001; baseline -0.01 -15"><span class='ocrx_word' id='word_1_485' title='bbox 445 3931 652 4001; x_wconf 75' lang='grc' dir='ltr'><strong>ξυλόχῳ</strong></span> <span class='ocrx_word' id='word_1_486' title='bbox 679 3929 951 3999; x_wconf 81' lang='grc' dir='ltr'><strong>πολλαχοῦ</strong></span> <span class='ocrx_word' id='word_1_487' title='bbox 983 3928 1089 3998; x_wconf 80' lang='grc' dir='ltr'><strong>γῆς</strong></span> <span class='ocrx_word' id='word_1_488' title='bbox 1123 3925 1184 3978; x_wconf 80' lang='grc' dir='ltr'><strong>τὸ</strong></span> <span class='ocrx_word' id='word_1_489' title='bbox 1216 3922 1526 3978; x_wconf 80' lang='grc' dir='ltr'><strong>στυλιτικδν</strong></span> <span class='ocrx_word' id='word_1_490' title='bbox 1554 3920 1722 3990; x_wconf 84' lang='grc' dir='ltr'><strong>φῦλον</strong></span> <span class='ocrx_word' id='word_1_491' title='bbox 1760 3917 2020 3973; x_wconf 83' lang='grc' dir='ltr'><strong>ἀναδίδω-</strong></span> 
     </span>
    </p>
   </div>
   <div class='ocr_carea' id='block_1_71' title="bbox 446 4010 2017 4093">
    <p class='ocr_par' dir='ltr' id='par_1_71' title="bbox 446 4010 2017 4093">
     <span class='ocr_line' id='line_1_71' title="bbox 446 4010 2017 4093; baseline -0.01 -15"><span class='ocrx_word' id='word_1_492' title='bbox 446 4042 556 4092; x_wconf 91' lang='grc' dir='ltr'><strong>σιν,</strong></span> <span class='ocrx_word' id='word_1_493' title='bbox 582 4023 649 4078; x_wconf 78' lang='grc' dir='ltr'><strong>ὀὺ</strong></span> <span class='ocrx_word' id='word_1_494' title='bbox 679 4023 828 4093; x_wconf 79' lang='grc' dir='ltr'><strong>ζωῆς</strong></span> <span class='ocrx_word' id='word_1_495' title='bbox 873 4021 934 4075; x_wconf 79' lang='grc' dir='ltr'><strong>ὃν</strong></span> <span class='ocrx_word' id='word_1_496' title='bbox 984 4020 1116 4076; x_wconf 76' lang='grc' dir='ltr'>αὐτὸ</span> <span class='ocrx_word' id='word_1_497' title='bbox 1166 4018 1343 4083; x_wconf 81' lang='grc' dir='ltr'><strong>ξύλον,</strong></span> <span class='ocrx_word' id='word_1_498' title='bbox 1379 4015 1502 4070; x_wconf 75' lang='grc' dir='ltr'><strong>οὐδὲ</strong></span> <span class='ocrx_word' id='word_1_499' title='bbox 1549 4013 1809 4083; x_wconf 84' lang='grc' dir='ltr'><strong>γνώσεως</strong></span> <span class='ocrx_word' id='word_1_500' title='bbox 1837 4010 2017 4078; x_wconf 80' lang='grc' dir='ltr'><strong>ξύλον,</strong></span> 
     </span>
    </p>
   </div>
   <div class='ocr_carea' id='block_1_72' title="bbox 445 4099 2021 4184">
    <p class='ocr_par' dir='ltr' id='par_1_72' title="bbox 445 4099 2021 4184">
     <span class='ocr_line' id='line_1_72' title="bbox 445 4099 2021 4184; baseline -0.012 -14"><span class='ocrx_word' id='word_1_501' title='bbox 445 4117 582 4171; x_wconf 83' lang='grc' dir='ltr'><strong>ἀλλὰ</strong></span> <span class='ocrx_word' id='word_1_502' title='bbox 613 4115 763 4183; x_wconf 80' lang='grc' dir='ltr'><strong>παρά</strong></span> <span class='ocrx_word' id='word_1_503' title='bbox 810 4129 865 4165; x_wconf 87' lang='grc' dir='ltr'><strong>τι</strong></span> <span class='ocrx_word' id='word_1_504' title='bbox 923 4112 1097 4184; x_wconf 81' lang='grc' dir='ltr'><strong>βραχὺ</strong></span> <span class='ocrx_word' id='word_1_505' title='bbox 1153 4107 1310 4173; x_wconf 80' lang='grc' dir='ltr'><strong>ξύλον</strong></span> <span class='ocrx_word' id='word_1_506' title='bbox 1357 4105 1707 4175; x_wconf 82' lang='grc' dir='ltr'><strong>αὐτόχρημα,</strong></span> <span class='ocrx_word' id='word_1_507' title='bbox 1760 4102 1856 4154; x_wconf 79' lang='grc' dir='ltr'>καὶ</span> <span class='ocrx_word' id='word_1_508' title='bbox 1897 4099 2021 4153; x_wconf 67' lang='grc' dir='ltr'><strong>οὐδὲ</strong></span> 
     </span>
    </p>
   </div>
   <div class='ocr_carea' id='block_1_73' title="bbox 446 4191 2020 4268">
    <p class='ocr_par' dir='ltr' id='par_1_73' title="bbox 446 4191 2020 4268">
     <span class='ocr_line' id='line_1_73' title="bbox 446 4191 2020 4268; baseline -0.011 -5"><span class='ocrx_word' id='word_1_509' title='bbox 446 4208 592 4264; x_wconf 81' lang='grc' dir='ltr'><strong>κατὰ</strong></span> <span class='ocrx_word' id='word_1_510' title='bbox 634 4206 951 4261; x_wconf 85' lang='grc' dir='ltr'><strong>Δωδωναῖον</strong></span> <span class='ocrx_word' id='word_1_511' title='bbox 987 4204 1186 4266; x_wconf 79' lang='grc' dir='ltr'><strong>ἐκεῖνο,</strong></span> <span class='ocrx_word' id='word_1_512' title='bbox 1233 4193 1409 4268; x_wconf 71' lang='grc' dir='ltr'><strong>οὗπερ</strong></span> <span class='ocrx_word' id='word_1_513' title='bbox 1439 4192 1510 4268; x_wconf 76' lang='grc' dir='ltr'><strong>ἦν</strong></span> <span class='ocrx_word' id='word_1_514' title='bbox 1536 4213 1622 4257; x_wconf 89' lang='grc' dir='ltr'><strong>τις</strong></span> <span class='ocrx_word' id='word_1_515' title='bbox 1656 4193 1834 4263; x_wconf 69' lang='grc' dir='ltr'><strong>λόγος,</strong></span> <span class='ocrx_word' id='word_1_516' title='bbox 1884 4191 2020 4246; x_wconf 66' lang='grc' dir='ltr'><strong>ἀλλὰ</strong></span> 
     </span>
    </p>
   </div>
   <div class='ocr_carea' id='block_1_74' title="bbox 443 4284 2020 4372">
    <p class='ocr_par' dir='ltr' id='par_1_74' title="bbox 443 4284 2020 4372">
     <span class='ocr_line' id='line_1_74' title="bbox 443 4284 2020 4372; baseline -0.013 -16"><span class='ocrx_word' id='word_1_517' title='bbox 443 4303 684 4372; x_wconf 71' lang='grc' dir='ltr'><strong>ἑτεροῖον</strong></span> <span class='ocrx_word' id='word_1_518' title='bbox 718 4298 1080 4368; x_wconf 75' lang='grc' dir='ltr'><strong>καινόφωνον,</strong></span> <span class='ocrx_word' id='word_1_519' title='bbox 1128 4294 1186 4361; x_wconf 67' lang='grc' dir='ltr'><strong>ἐξ</strong></span> <span class='ocrx_word' id='word_1_520' title='bbox 1220 4285 1281 4346; x_wconf 76' lang='grc' dir='ltr'><strong>οὗ</strong></span> <span class='ocrx_word' id='word_1_521' title='bbox 1326 4290 1488 4363; x_wconf 92' lang='grc' dir='ltr'><strong>μόνον</strong></span> <span class='ocrx_word' id='word_1_522' title='bbox 1533 4289 1650 4342; x_wconf 69' lang='grc' dir='ltr'><strong>εστι</strong></span> <span class='ocrx_word' id='word_1_523' title='bbox 1710 4286 1920 4358; x_wconf 78' lang='grc' dir='ltr'><strong>τρυγᾷν</strong></span> <span class='ocrx_word' id='word_1_524' title='bbox 1958 4284 2020 4337; x_wconf 82' lang='grc' dir='ltr'><strong>τὸ</strong></span> 
     </span>
    </p>
   </div>
   <div class='ocr_carea' id='block_1_75' title="bbox 451 4379 2018 4461">
    <p class='ocr_par' dir='ltr' id='par_1_75' title="bbox 451 4379 2018 4461">
     <span class='ocr_line' id='line_1_75' title="bbox 451 4379 2018 4461; baseline -0.013 -13"><span class='ocrx_word' id='word_1_525' title='bbox 451 4415 471 4447; x_wconf 74' lang='grc' dir='ltr'><strong>ι</strong></span> <span class='ocrx_word' id='word_1_526' title='bbox 493 4394 822 4461; x_wconf 80' lang='grc' dir='ltr'><strong>Εύλόγησον.</strong></span> <span class='ocrx_word' id='word_1_527' title='bbox 842 4409 861 4442; x_wconf 75' lang='grc' dir='ltr'><strong>ι</strong></span> <span class='ocrx_word' id='word_1_528' title='bbox 883 4388 1015 4443; x_wconf 78' lang='grc' dir='ltr'><strong>Εἰδὲ</strong></span> <span class='ocrx_word' id='word_1_529' title='bbox 1040 4387 1131 4442; x_wconf 74' lang='grc' dir='ltr'><strong>καὶ</strong></span> <span class='ocrx_word' id='word_1_530' title='bbox 1151 4382 1501 4440; x_wconf 89' lang='grc' dir='ltr'><strong>διδασκαλίαν</strong></span> <span class='ocrx_word' id='word_1_531' title='bbox 1524 4383 1582 4434; x_wconf 77' lang='grc' dir='ltr'><strong>ὲν</strong></span> <span class='ocrx_word' id='word_1_532' title='bbox 1598 4381 1711 4442; x_wconf 80' lang='grc' dir='ltr'><strong>τοῖς</strong></span> <span class='ocrx_word' id='word_1_533' title='bbox 1732 4379 1857 4448; x_wconf 81' lang='grc' dir='ltr'><strong>άρτι</strong></span> <span class='ocrx_word' id='word_1_534' title='bbox 1891 4392 2018 4429; x_wconf 83' lang='grc' dir='ltr'><strong>στυ-</strong></span> 
     </span>
    </p>
   </div>
   <div class='ocr_carea' id='block_1_76' title="bbox 443 4466 2021 4553">
    <p class='ocr_par' dir='ltr' id='par_1_76' title="bbox 443 4466 2021 4553">
     <span class='ocr_line' id='line_1_76' title="bbox 443 4466 2021 4553; baseline -0.014 -13"><span class='ocrx_word' id='word_1_535' title='bbox 443 4488 623 4548; x_wconf 73' lang='grc' dir='ltr'><strong>ὶίταις</strong></span> <span class='ocrx_word' id='word_1_536' title='bbox 658 4481 948 4553; x_wconf 73' lang='grc' dir='ltr'><strong>ὲπιζητοίη</strong></span> <span class='ocrx_word' id='word_1_537' title='bbox 981 4497 1088 4543; x_wconf 86' lang='grc' dir='ltr'><strong>τις,</strong></span> <span class='ocrx_word' id='word_1_538' title='bbox 1137 4478 1414 4548; x_wconf 77' lang='grc' dir='ltr'><strong>πρόφασις</strong></span> <span class='ocrx_word' id='word_1_539' title='bbox 1455 4470 1533 4541; x_wconf 81' lang='grc' dir='ltr'><strong>τῷ</strong></span> <span class='ocrx_word' id='word_1_540' title='bbox 1568 4471 1754 4544; x_wconf 76' lang='grc' dir='ltr'><strong>ἰδιώτῃ</strong></span> <span class='ocrx_word' id='word_1_541' title='bbox 1796 4466 2021 4539; x_wconf 70' lang='grc' dir='ltr'><strong>στυλίτῃ</strong></span> 
     </span>
    </p>
   </div>
   <div class='ocr_carea' id='block_1_77' title="bbox 446 4559 2019 4648">
    <p class='ocr_par' dir='ltr' id='par_1_77' title="bbox 446 4559 2019 4648">
     <span class='ocr_line' id='line_1_77' title="bbox 446 4559 2019 4648; baseline -0.013 -17"><span class='ocrx_word' id='word_1_542' title='bbox 446 4574 780 4648; x_wconf 81' lang='grc' dir='ltr'><strong>γίνεταιτοῦ</strong></span> <span class='ocrx_word' id='word_1_543' title='bbox 820 4573 895 4646; x_wconf 79' lang='grc' dir='ltr'><strong>μὴ</strong></span> <span class='ocrx_word' id='word_1_544' title='bbox 951 4570 1099 4642; x_wconf 79' lang='grc' dir='ltr'><strong>ἔχειν</strong></span> <span class='ocrx_word' id='word_1_545' title='bbox 1143 4567 1346 4631; x_wconf 84' lang='grc' dir='ltr'><strong>λαλεῖν,</strong></span> <span class='ocrx_word' id='word_1_546' title='bbox 1380 4566 1413 4636; x_wconf 84' lang='grc' dir='ltr'>ἢ</span> <span class='ocrx_word' id='word_1_547' title='bbox 1463 4561 1787 4618; x_wconf 78' lang='grc' dir='ltr'><strong>καταπνέων</strong></span> <span class='ocrx_word' id='word_1_548' title='bbox 1819 4559 2019 4648; x_wconf 80' lang='grc' dir='ltr'><strong>ἄνεμος</strong></span> 
     </span>
    </p>
   </div>
   <div class='ocr_carea' id='block_1_78' title="bbox 446 4646 2021 4740">
    <p class='ocr_par' dir='ltr' id='par_1_78' title="bbox 446 4646 2021 4740">
     <span class='ocr_line' id='line_1_78' title="bbox 446 4646 2021 4740; baseline -0.015 -16"><span class='ocrx_word' id='word_1_549' title='bbox 446 4646 670 4740; x_wconf 79' lang='grc' dir='ltr'><strong>λιγυρὸς</strong></span> <span class='ocrx_word' id='word_1_550' title='bbox 728 4668 827 4720; x_wconf 59' lang='grc' dir='ltr'><strong>καί¹</strong></span> <span class='ocrx_word' id='word_1_551' title='bbox 876 4660 1155 4727; x_wconf 75' lang='grc' dir='ltr'><strong>σκεδάξων</strong></span> <span class='ocrx_word' id='word_1_552' title='bbox 1198 4659 1262 4713; x_wconf 81' lang='grc' dir='ltr'><strong>τὸ</strong></span> <span class='ocrx_word' id='word_1_553' title='bbox 1298 4657 1396 4727; x_wconf 84' lang='grc' dir='ltr'><strong>τῆς</strong></span> <span class='ocrx_word' id='word_1_554' title='bbox 1446 4657 1631 4724; x_wconf 81' lang='grc' dir='ltr'><strong>φωνῆς</strong></span> <span class='ocrx_word' id='word_1_555' title='bbox 1669 4646 2021 4724; x_wconf 74' lang='grc' dir='ltr'><strong>ἔναρθρον,ἢ</strong></span> 
     </span>
    </p>
   </div>
   <div class='ocr_carea' id='block_1_79' title="bbox 444 4740 2021 4833">
    <p class='ocr_par' dir='ltr' id='par_1_79' title="bbox 444 4740 2021 4833">
     <span class='ocr_line' id='line_1_79' title="bbox 444 4740 2021 4833; baseline -0.013 -19"><span class='ocrx_word' id='word_1_556' title='bbox 444 4759 722 4833; x_wconf 82' lang='grc' dir='ltr'><strong>ἁσκητική</strong></span> <span class='ocrx_word' id='word_1_557' title='bbox 754 4774 838 4820; x_wconf 83' lang='grc' dir='ltr'><strong>τις</strong></span> <span class='ocrx_word' id='word_1_558' title='bbox 873 4755 1144 4826; x_wconf 81' lang='grc' dir='ltr'><strong>ίσχνότης,</strong></span> <span class='ocrx_word' id='word_1_559' title='bbox 1167 4750 1236 4804; x_wconf 86' lang='grc' dir='ltr'><strong>δι’</strong></span> <span class='ocrx_word' id='word_1_560' title='bbox 1252 4750 1317 4821; x_wconf 82' lang='grc' dir='ltr'><strong>ἢν</strong></span> <span class='ocrx_word' id='word_1_561' title='bbox 1340 4745 1757 4817; x_wconf 80' lang='grc' dir='ltr'><strong>στενοχωρεῖται</strong></span> <span class='ocrx_word' id='word_1_562' title='bbox 1781 4744 1815 4812; x_wconf 82' lang='grc' dir='ltr'><strong>ἡ</strong></span> <span class='ocrx_word' id='word_1_563' title='bbox 1840 4740 2021 4795; x_wconf 73' lang='grc' dir='ltr'><strong>λαλιά.</strong></span> 
     </span>
    </p>
   </div>
   <div class='ocr_carea' id='block_1_80' title="bbox 446 4834 2021 4922">
    <p class='ocr_par' dir='ltr' id='par_1_80' title="bbox 446 4834 2021 4922">
     <span class='ocr_line' id='line_1_80' title="bbox 446 4834 2021 4922; baseline -0.014 -15"><span class='ocrx_word' id='word_1_564' title='bbox 446 4853 562 4922; x_wconf 68' lang='grc' dir='ltr'><strong>Τῆς</strong></span> <span class='ocrx_word' id='word_1_565' title='bbox 600 4853 656 4906; x_wconf 79' lang='grc' dir='ltr'><strong>δὲ</strong></span> <span class='ocrx_word' id='word_1_566' title='bbox 705 4848 853 4910; x_wconf 80' lang='grc' dir='ltr'><strong>κατὰ</strong></span> <span class='ocrx_word' id='word_1_567' title='bbox 904 4846 1146 4915; x_wconf 79' lang='grc' dir='ltr'><strong>θεωρίαν</strong></span> <span class='ocrx_word' id='word_1_568' title='bbox 1193 4842 1398 4915; x_wconf 83' lang='grc' dir='ltr'><strong>ἀρετῆς</strong></span> <span class='ocrx_word' id='word_1_569' title='bbox 1462 4837 1607 4892; x_wconf 77' lang='grc' dir='ltr'><strong>οὕτω</strong></span> <span class='ocrx_word' id='word_1_570' title='bbox 1660 4834 2021 4895; x_wconf 78' lang='grc' dir='ltr'><strong>διεκπίπτων,</strong></span> 
     </span>
    </p>
   </div>
   <div class='ocr_carea' id='block_1_81' title="bbox 445 4925 2022 5017">
    <p class='ocr_par' dir='ltr' id='par_1_81' title="bbox 445 4925 2022 5017">
     <span class='ocr_line' id='line_1_81' title="bbox 445 4925 2022 5017; baseline -0.015 -16"><span class='ocrx_word' id='word_1_571' title='bbox 445 4948 597 5017; x_wconf 80' lang='grc' dir='ltr'><strong>ὅμως</strong></span> <span class='ocrx_word' id='word_1_572' title='bbox 631 4945 731 5016; x_wconf 75' lang='grc' dir='ltr'><strong>τὴν</strong></span> <span class='ocrx_word' id='word_1_573' title='bbox 784 4942 926 4997; x_wconf 77' lang='grc' dir='ltr'><strong>κατὰ</strong></span> <span class='ocrx_word' id='word_1_574' title='bbox 958 4943 1118 5012; x_wconf 85' lang='grc' dir='ltr'><strong>χεῖρα</strong></span> <span class='ocrx_word' id='word_1_575' title='bbox 1164 4935 1410 5007; x_wconf 80' lang='grc' dir='ltr'><strong>κερδῴαν</strong></span> <span class='ocrx_word' id='word_1_576' title='bbox 1456 4929 1656 5002; x_wconf 77' lang='grc' dir='ltr'><strong>πρᾶξιν</strong></span> <span class='ocrx_word' id='word_1_577' title='bbox 1691 4925 1752 4982; x_wconf 74' lang='grc' dir='ltr'><strong>εὖ</strong></span> <span class='ocrx_word' id='word_1_578' title='bbox 1815 4926 1961 4998; x_wconf 83' lang='grc' dir='ltr'><strong>μάλα</strong></span> <span class='ocrx_word' id='word_1_579' title='bbox 1992 4925 2022 4978; x_wconf 88' lang='grc' dir='ltr'><strong>ό</strong></span> 
     </span>
    </p>
   </div>
   <div class='ocr_carea' id='block_1_82' title="bbox 443 5017 2020 5107">
    <p class='ocr_par' dir='ltr' id='par_1_82' title="bbox 443 5017 2020 5107">
     <span class='ocr_line' id='line_1_82' title="bbox 443 5017 2020 5107; baseline -0.015 -14"><span class='ocrx_word' id='word_1_580' title='bbox 443 5037 689 5100; x_wconf 75' lang='grc' dir='ltr'><strong>τοιοῦτος</strong></span> <span class='ocrx_word' id='word_1_581' title='bbox 720 5034 999 5107; x_wconf 84' lang='grc' dir='ltr'><strong>κατορθοῖ,</strong></span> <span class='ocrx_word' id='word_1_582' title='bbox 1034 5032 1104 5086; x_wconf 85' lang='grc' dir='ltr'><strong>δι’</strong></span> <span class='ocrx_word' id='word_1_583' title='bbox 1129 5025 1197 5103; x_wconf 80' lang='grc' dir='ltr'><strong>ἧς</strong></span> <span class='ocrx_word' id='word_1_584' title='bbox 1229 5028 1495 5098; x_wconf 74' lang='grc' dir='ltr'><strong>ἀνιμᾶται</strong></span> <span class='ocrx_word' id='word_1_585' title='bbox 1521 5022 1621 5094; x_wconf 77' lang='grc' dir='ltr'><strong>τὴν</strong></span> <span class='ocrx_word' id='word_1_586' title='bbox 1644 5019 1900 5083; x_wconf 88' lang='grc' dir='ltr'><strong>κάλαθον,</strong></span> <span class='ocrx_word' id='word_1_587' title='bbox 1931 5017 2020 5107; x_wconf 81' lang='grc' dir='ltr'><strong>ὅτε</strong></span> 
     </span>
    </p>
   </div>
   <div class='ocr_carea' id='block_1_83' title="bbox 444 5106 2027 5200">
    <p class='ocr_par' dir='ltr' id='par_1_83' title="bbox 444 5106 2027 5200">
     <span class='ocr_line' id='line_1_83' title="bbox 444 5106 2027 5200; baseline -0.017 -14"><span class='ocrx_word' id='word_1_588' title='bbox 444 5133 570 5186; x_wconf 82' lang='grc' dir='ltr'><strong>κατ’</strong></span> <span class='ocrx_word' id='word_1_589' title='bbox 604 5129 778 5200; x_wconf 79' lang='grc' dir='ltr'><strong>αὐτῆς</strong></span> <span class='ocrx_word' id='word_1_590' title='bbox 807 5128 991 5199; x_wconf 81' lang='grc' dir='ltr'><strong>κέρμα</strong></span> <span class='ocrx_word' id='word_1_591' title='bbox 1021 5123 1319 5193; x_wconf 82' lang='grc' dir='ltr'><strong>κτυπήσει.</strong></span> <span class='ocrx_word' id='word_1_592' title='bbox 1353 5116 1465 5171; x_wconf 78' lang='grc' dir='ltr'><strong>Καὶ</strong></span> <span class='ocrx_word' id='word_1_593' title='bbox 1498 5112 1725 5169; x_wconf 78' lang='grc' dir='ltr'><strong>τοιαῦτα</strong></span> <span class='ocrx_word' id='word_1_594' title='bbox 1750 5110 1849 5181; x_wconf 80' lang='grc' dir='ltr'><strong>μὲν</strong></span> <span class='ocrx_word' id='word_1_595' title='bbox 1876 5106 2027 5178; x_wconf 83' lang='grc' dir='ltr'><strong>αύτῷ</strong></span> 
     </span>
    </p>
   </div>
   <div class='ocr_carea' id='block_1_84' title="bbox 444 5202 2029 5290">
    <p class='ocr_par' dir='ltr' id='par_1_84' title="bbox 444 5202 2029 5290">
     <span class='ocr_line' id='line_1_84' title="bbox 444 5202 2029 5290; baseline -0.017 -13"><span class='ocrx_word' id='word_1_596' title='bbox 444 5226 516 5277; x_wconf 79' lang='grc' dir='ltr'><strong>τὰ</strong></span> <span class='ocrx_word' id='word_1_597' title='bbox 552 5226 614 5276; x_wconf 86' lang='grc' dir='ltr'><strong>ὲν</strong></span> <span class='ocrx_word' id='word_1_598' title='bbox 646 5221 726 5288; x_wconf 81' lang='grc' dir='ltr'><strong>τῷ</strong></span> <span class='ocrx_word' id='word_1_599' title='bbox 755 5217 979 5290; x_wconf 83' lang='grc' dir='ltr'><strong>φανερῷ</strong></span> <span class='ocrx_word' id='word_1_600' title='bbox 1002 5231 1017 5247; x_wconf 91' lang='grc'><strong>·</strong></span> <span class='ocrx_word' id='word_1_601' title='bbox 1052 5214 1120 5268; x_wconf 84' lang='grc' dir='ltr'><strong>τὰ</strong></span> <span class='ocrx_word' id='word_1_602' title='bbox 1146 5213 1204 5266; x_wconf 77' lang='grc' dir='ltr'><strong>δὲ</strong></span> <span class='ocrx_word' id='word_1_603' title='bbox 1251 5210 1404 5273; x_wconf 76' lang='grc' dir='ltr'><strong>ἐντὸς</strong></span> <span class='ocrx_word' id='word_1_604' title='bbox 1451 5203 1593 5260; x_wconf 71' lang='grc' dir='ltr'><strong>οἶδεν</strong></span> <span class='ocrx_word' id='word_1_605' title='bbox 1625 5205 1654 5257; x_wconf 83' lang='grc' dir='ltr'>ὁ</span> <span class='ocrx_word' id='word_1_606' title='bbox 1702 5202 1773 5256; x_wconf 84' lang='grc' dir='ltr'><strong>τὰ</strong></span> <span class='ocrx_word' id='word_1_607' title='bbox 1807 5203 1865 5255; x_wconf 77' lang='grc' dir='ltr'><strong>ὲν</strong></span> <span class='ocrx_word' id='word_1_608' title='bbox 1889 5217 2029 5270; x_wconf 85' lang='grc' dir='ltr'><strong>κρυ-</strong></span> 
     </span>
    </p>
   </div>
   <div class='ocr_carea' id='block_1_85' title="bbox 446 5296 2030 5387">
    <p class='ocr_par' dir='ltr' id='par_1_85' title="bbox 446 5296 2030 5387">
     <span class='ocr_line' id='line_1_85' title="bbox 446 5296 2030 5387; baseline -0.015 -17"><span class='ocrx_word' id='word_1_609' title='bbox 446 5317 569 5387; x_wconf 84' lang='grc' dir='ltr'><strong>πτῷ</strong></span> <span class='ocrx_word' id='word_1_610' title='bbox 612 5314 827 5384; x_wconf 81' lang='grc' dir='ltr'><strong>βλέπων</strong></span> <span class='ocrx_word' id='word_1_611' title='bbox 872 5309 1086 5378; x_wconf 86' lang='grc' dir='ltr'><strong>Πατήρ.</strong></span> <span class='ocrx_word' id='word_1_612' title='bbox 1139 5304 1297 5360; x_wconf 84' lang='grc' dir='ltr'><strong>Οὖτω</strong></span> <span class='ocrx_word' id='word_1_613' title='bbox 1344 5302 1400 5355; x_wconf 88' lang='grc' dir='ltr'><strong>δὲ</strong></span> <span class='ocrx_word' id='word_1_614' title='bbox 1431 5299 1649 5371; x_wconf 75' lang='grc' dir='ltr'><strong>ἔχοντες</strong></span> <span class='ocrx_word' id='word_1_615' title='bbox 1683 5296 1732 5350; x_wconf 76' lang='grc' dir='ltr'><strong>οἱ</strong></span> <span class='ocrx_word' id='word_1_616' title='bbox 1762 5298 2030 5387; x_wconf 43' lang='grc' dir='ltr'><strong>ἀνατεταῖ</strong></span> 
     </span>
    </p>
   </div>
   <div class='ocr_carea' id='block_1_86' title="bbox 446 5383 2026 5478">
    <p class='ocr_par' dir='ltr' id='par_1_86' title="bbox 446 5383 2026 5478">
     <span class='ocr_line' id='line_1_86' title="bbox 446 5383 2026 5478; baseline -0.017 -16"><span class='ocrx_word' id='word_1_617' title='bbox 446 5383 664 5478; x_wconf 66' lang='grc' dir='ltr'><strong>γμένοι,</strong></span> <span class='ocrx_word' id='word_1_618' title='bbox 693 5406 761 5457; x_wconf 79' lang='grc' dir='ltr'><strong>τά</strong></span> <span class='ocrx_word' id='word_1_619' title='bbox 791 5403 958 5456; x_wconf 79' lang='grc' dir='ltr'><strong>τέκνα</strong></span> <span class='ocrx_word' id='word_1_620' title='bbox 996 5399 1098 5469; x_wconf 79' lang='grc' dir='ltr'><strong>τῆς</strong></span> <span class='ocrx_word' id='word_1_621' title='bbox 1152 5394 1520 5465; x_wconf 83' lang='grc' dir='ltr'><strong>ὑποκρίσεως,</strong></span> <span class='ocrx_word' id='word_1_622' title='bbox 1568 5391 1618 5442; x_wconf 78' lang='lat' dir='ltr'><strong>oi</strong></span> <span class='ocrx_word' id='word_1_623' title='bbox 1656 5384 1893 5459; x_wconf 77' lang='grc' dir='ltr'><strong>μιμηταὶ</strong></span> <span class='ocrx_word' id='word_1_624' title='bbox 1930 5383 2026 5478; x_wconf 73' lang='grc' dir='ltr'><strong>τοῦ</strong></span> 
     </span>
    </p>
   </div>
   <div class='ocr_carea' id='block_1_87' title="bbox 443 5474 2028 5568">
    <p class='ocr_par' dir='ltr' id='par_1_87' title="bbox 443 5474 2028 5568">
     <span class='ocr_line' id='line_1_87' title="bbox 443 5474 2028 5568; baseline -0.016 -16"><span class='ocrx_word' id='word_1_625' title='bbox 443 5474 703 5568; x_wconf 71' lang='grc' dir='ltr'><strong>δαίμονος</strong></span> <span class='ocrx_word' id='word_1_626' title='bbox 731 5484 824 5565; x_wconf 84' lang='grc' dir='ltr'><strong>(τὰ</strong></span> <span class='ocrx_word' id='word_1_627' title='bbox 855 5492 965 5562; x_wconf 78' lang='grc' dir='ltr'><strong>γὰρ</strong></span> <span class='ocrx_word' id='word_1_628' title='bbox 1004 5487 1172 5544; x_wconf 76' lang='grc' dir='ltr'><strong>λοιπὰ</strong></span> <span class='ocrx_word' id='word_1_629' title='bbox 1222 5485 1338 5540; x_wconf 82' lang='grc' dir='ltr'><strong>τῶν</strong></span> <span class='ocrx_word' id='word_1_630' title='bbox 1385 5481 1507 5538; x_wconf 85' lang='grc' dir='ltr'><strong>κατ’</strong></span> <span class='ocrx_word' id='word_1_631' title='bbox 1553 5480 1752 5543; x_wconf 73' lang='grc' dir='ltr'><strong>αὐτοὺς</strong></span> <span class='ocrx_word' id='word_1_632' title='bbox 1799 5474 2028 5546; x_wconf 75' lang='grc' dir='ltr'><strong>ὑποκρί-</strong></span> 
     </span>
    </p>
   </div>
   <div class='ocr_carea' id='block_1_88' title="bbox 448 5567 2025 5656">
    <p class='ocr_par' dir='ltr' id='par_1_88' title="bbox 448 5567 2025 5656">
     <span class='ocr_line' id='line_1_88' title="bbox 448 5567 2025 5656; baseline -0.016 -14"><span class='ocrx_word' id='word_1_633' title='bbox 448 5567 588 5642; x_wconf 81' lang='grc' dir='ltr'><strong>σεων</strong></span> <span class='ocrx_word' id='word_1_634' title='bbox 619 5586 736 5656; x_wconf 76' lang='grc' dir='ltr'><strong>εἴδη</strong></span> <span class='ocrx_word' id='word_1_635' title='bbox 775 5585 876 5637; x_wconf 80' lang='grc' dir='ltr'><strong>οὐκ</strong></span> <span class='ocrx_word' id='word_1_636' title='bbox 904 5582 994 5646; x_wconf 77' lang='grc' dir='ltr'><strong>ἂν,</strong></span> <span class='ocrx_word' id='word_1_637' title='bbox 1030 5579 1151 5633; x_wconf 70' lang='grc' dir='ltr'><strong>οὐδὲ</strong></span> <span class='ocrx_word' id='word_1_638' title='bbox 1178 5578 1228 5631; x_wconf 86' lang='grc' dir='ltr'><strong>εί</strong></span> <span class='ocrx_word' id='word_1_639' title='bbox 1253 5574 1425 5648; x_wconf 85' lang='grc' dir='ltr'><strong>μυρία</strong></span> <span class='ocrx_word' id='word_1_640' title='bbox 1455 5572 1622 5642; x_wconf 87' lang='grc' dir='ltr'><strong>κάμοι</strong></span> <span class='ocrx_word' id='word_1_641' title='bbox 1656 5587 1740 5634; x_wconf 87' lang='grc' dir='ltr'><strong>τις</strong></span> <span class='ocrx_word' id='word_1_642' title='bbox 1771 5567 2025 5638; x_wconf 73' lang='grc' dir='ltr'><strong>γράφων,</strong></span> 
     </span>
    </p>
   </div>
   <div class='ocr_carea' id='block_1_89' title="bbox 444 5661 2031 5748">
    <p class='ocr_par' dir='ltr' id='par_1_89' title="bbox 444 5661 2031 5748">
     <span class='ocr_line' id='line_1_89' title="bbox 444 5661 2031 5748; baseline -0.015 -13"><span class='ocrx_word' id='word_1_643' title='bbox 444 5680 669 5736; x_wconf 83' lang='grc' dir='ltr'><strong>δύναιτο</strong></span> <span class='ocrx_word' id='word_1_644' title='bbox 696 5671 1194 5748; x_wconf 82' lang='grc' dir='ltr'><strong>περιηγήσασθαι),</strong></span> <span class='ocrx_word' id='word_1_645' title='bbox 1229 5667 1546 5740; x_wconf 84' lang='grc' dir='ltr'><strong>παράγουσι</strong></span> <span class='ocrx_word' id='word_1_646' title='bbox 1573 5663 1701 5728; x_wconf 78' lang='grc' dir='ltr'><strong>τοὺς</strong></span> <span class='ocrx_word' id='word_1_647' title='bbox 1730 5661 2031 5718; x_wconf 73' lang='grc' dir='ltr'><strong>ἁπλουστέ-</strong></span> 
     </span>
    </p>
   </div>
   <div class='ocr_carea' id='block_1_90' title="bbox 449 5752 2026 5843">
    <p class='ocr_par' dir='ltr' id='par_1_90' title="bbox 449 5752 2026 5843">
     <span class='ocr_line' id='line_1_90' title="bbox 449 5752 2026 5843; baseline -0.011 -19"><span class='ocrx_word' id='word_1_648' title='bbox 449 5787 579 5843; x_wconf 82' lang='grc' dir='ltr'><strong>ρους</strong></span> <span class='ocrx_word' id='word_1_649' title='bbox 608 5772 688 5833; x_wconf 76' lang='grc' dir='ltr'><strong>είς</strong></span> <span class='ocrx_word' id='word_1_650' title='bbox 715 5768 979 5823; x_wconf 72' lang='grc' dir='ltr'><strong>πλατεῖαν</strong></span> <span class='ocrx_word' id='word_1_651' title='bbox 999 5764 1345 5832; x_wconf 87' lang='grc' dir='ltr'><strong>κατάγνωσιν</strong></span> <span class='ocrx_word' id='word_1_652' title='bbox 1365 5762 1468 5826; x_wconf 85' lang='grc' dir='ltr'><strong>τῆς</strong></span> <span class='ocrx_word' id='word_1_653' title='bbox 1492 5757 1795 5830; x_wconf 77' lang='grc' dir='ltr'><strong>μοναχικῆς</strong></span> <span class='ocrx_word' id='word_1_654' title='bbox 1817 5752 2026 5826; x_wconf 82' lang='grc' dir='ltr'><strong>βιοτῆς,</strong></span> 
     </span>
    </p>
   </div>
   <div class='ocr_carea' id='block_1_91' title="bbox 448 5846 2028 5933">
    <p class='ocr_par' dir='ltr' id='par_1_91' title="bbox 448 5846 2028 5933">
     <span class='ocr_line' id='line_1_91' title="bbox 448 5846 2028 5933; baseline -0.012 -16"><span class='ocrx_word' id='word_1_655' title='bbox 448 5862 546 5917; x_wconf 74' lang='grc' dir='ltr'><strong>καὶ</strong></span> <span class='ocrx_word' id='word_1_656' title='bbox 581 5850 822 5933; x_wconf 75' lang='grc' dir='ltr'><strong>γίνονται</strong></span> <span class='ocrx_word' id='word_1_657' title='bbox 878 5856 1124 5913; x_wconf 76' lang='grc' dir='ltr'><strong>ὑπόδικοι</strong></span> <span class='ocrx_word' id='word_1_658' title='bbox 1176 5852 1258 5927; x_wconf 82' lang='grc' dir='ltr'><strong>τῷ</strong></span> <span class='ocrx_word' id='word_1_659' title='bbox 1302 5851 1423 5923; x_wconf 80' lang='grc' dir='ltr'><strong>Θεῷ</strong></span> <span class='ocrx_word' id='word_1_660' title='bbox 1473 5849 1698 5924; x_wconf 69' lang='grc' dir='ltr'><strong>βαρείας</strong></span> <span class='ocrx_word' id='word_1_661' title='bbox 1730 5846 2028 5914; x_wconf 78' lang='grc' dir='ltr'><strong>κολάσεως,</strong></span> 
     </span>
    </p>
   </div>
   <div class='ocr_carea' id='block_1_92' title="bbox 2127 3357 3701 3441">
    <p class='ocr_par' dir='ltr' id='par_1_92' title="bbox 2127 3357 3701 3441">
     <span class='ocr_line' id='line_1_92' title="bbox 2127 3357 3701 3441; baseline 0.013 -30"><span class='ocrx_word' id='word_1_662' title='bbox 2127 3357 2298 3413; x_wconf 69' lang='lat' dir='ltr'><strong>ruina:</strong></span> <span class='ocrx_word' id='word_1_663' title='bbox 2354 3358 2407 3413; x_wconf 91' lang='lat' dir='ltr'><strong>in</strong></span> <span class='ocrx_word' id='word_1_664' title='bbox 2471 3374 2687 3428; x_wconf 89' lang='lat' dir='ltr'><strong>aurum,</strong></span> <span class='ocrx_word' id='word_1_665' title='bbox 2746 3372 2839 3416; x_wconf 90' lang='lat' dir='ltr'><strong>aut</strong></span> <span class='ocrx_word' id='word_1_666' title='bbox 2893 3365 3081 3420; x_wconf 83' lang='lat' dir='ltr'><strong>saltem</strong></span> <span class='ocrx_word' id='word_1_667' title='bbox 3139 3367 3193 3422; x_wconf 91' lang='lat' dir='ltr'><strong>in</strong></span> <span class='ocrx_word' id='word_1_668' title='bbox 3243 3382 3525 3441; x_wconf 73' lang='lat' dir='ltr'><strong>argentum</strong></span> <span class='ocrx_word' id='word_1_669' title='bbox 3558 3377 3701 3431; x_wconf 85' lang='lat' dir='ltr'><strong>desi-</strong></span> 
     </span>
    </p>
   </div>
   <div class='ocr_carea' id='block_1_93' title="bbox 2127 3453 2289 3506">
    <p class='ocr_par' dir='ltr' id='par_1_93' title="bbox 2127 3453 2289 3506">
     <span class='ocr_line' id='line_1_93' title="bbox 2127 3453 2289 3506; baseline -0.006 0"><span class='ocrx_word' id='word_1_670' title='bbox 2127 3453 2289 3506; x_wconf 74' lang='lat' dir='ltr'><strong>nere?</strong></span> 
     </span>
    </p>
   </div>
   <div class='ocr_carea' id='block_1_94' title="bbox 2195 3539 3702 3616">
    <p class='ocr_par' dir='ltr' id='par_1_94' title="bbox 2195 3539 3702 3616">
     <span class='ocr_line' id='line_1_94' title="bbox 2195 3539 3702 3616; baseline 0.015 -21"><span class='ocrx_word' id='word_1_671' title='bbox 2195 3540 2287 3595; x_wconf 75' lang='lat'><strong>38.</strong></span> <span class='ocrx_word' id='word_1_672' title='bbox 2330 3539 2453 3596; x_wconf 88' lang='lat' dir='ltr'><strong>Noti</strong></span> <span class='ocrx_word' id='word_1_673' title='bbox 2502 3552 2629 3598; x_wconf 83' lang='lat' dir='ltr'><strong>sunt</strong></span> <span class='ocrx_word' id='word_1_674' title='bbox 2680 3544 2860 3601; x_wconf 89' lang='lat' dir='ltr'><strong>adhuc</strong></span> <span class='ocrx_word' id='word_1_675' title='bbox 2913 3547 3058 3604; x_wconf 87' lang='lat' dir='ltr'><strong>inter</strong></span> <span class='ocrx_word' id='word_1_676' title='bbox 3102 3560 3313 3609; x_wconf 82' lang='lat' dir='ltr'><strong>veteres</strong></span> <span class='ocrx_word' id='word_1_677' title='bbox 3350 3565 3569 3616; x_wconf 85' lang='lat' dir='ltr'><strong>sanctos</strong></span> <span class='ocrx_word' id='word_1_678' title='bbox 3601 3560 3702 3616; x_wconf 83' lang='lat' dir='ltr'><strong>ali-</strong></span> 
     </span>
    </p>
   </div>
   <div class='ocr_carea' id='block_1_95' title="bbox 2127 3634 3702 3720">
    <p class='ocr_par' dir='ltr' id='par_1_95' title="bbox 2127 3634 3702 3720">
     <span class='ocr_line' id='line_1_95' title="bbox 2127 3634 3702 3720; baseline 0.017 -36"><span class='ocrx_word' id='word_1_679' title='bbox 2127 3641 2261 3701; x_wconf 82' lang='lat' dir='ltr'><strong>quot</strong></span> <span class='ocrx_word' id='word_1_680' title='bbox 2296 3634 2474 3704; x_wconf 89' lang='lat' dir='ltr'><strong>magni</strong></span> <span class='ocrx_word' id='word_1_681' title='bbox 2505 3634 2732 3705; x_wconf 73' lang='lat' dir='ltr'><strong>stylitze,</strong></span> <span class='ocrx_word' id='word_1_682' title='bbox 2771 3638 2912 3692; x_wconf 74' lang='lat' dir='ltr'><strong>cado</strong></span> <span class='ocrx_word' id='word_1_683' title='bbox 2946 3642 3292 3714; x_wconf 75' lang='lat' dir='ltr'><strong>gradientes,</strong></span> <span class='ocrx_word' id='word_1_684' title='bbox 3333 3649 3423 3716; x_wconf 91' lang='lat' dir='ltr'><strong>qui</strong></span> <span class='ocrx_word' id='word_1_685' title='bbox 3455 3665 3552 3720; x_wconf 91' lang='lat' dir='ltr'><strong>per</strong></span> <span class='ocrx_word' id='word_1_686' title='bbox 3610 3667 3702 3709; x_wconf 89' lang='lat' dir='ltr'><strong>co-</strong></span> 
     </span>
    </p>
   </div>
   <div class='ocr_carea' id='block_1_96' title="bbox 2124 3720 3702 3806">
    <p class='ocr_par' dir='ltr' id='par_1_96' title="bbox 2124 3720 3702 3806">
     <span class='ocr_line' id='line_1_96' title="bbox 2124 3720 3702 3806; baseline 0.015 -31"><span class='ocrx_word' id='word_1_687' title='bbox 2124 3720 2545 3789; x_wconf 86' lang='lat' dir='ltr'><strong>lomnas,velnti</strong></span> <span class='ocrx_word' id='word_1_688' title='bbox 2569 3739 2668 3796; x_wconf 88' lang='lat' dir='ltr'><strong>per</strong></span> <span class='ocrx_word' id='word_1_689' title='bbox 2695 3727 2890 3796; x_wconf 84' lang='lat' dir='ltr'><strong>scalas,</strong></span> <span class='ocrx_word' id='word_1_690' title='bbox 2908 3730 3047 3787; x_wconf 73' lang='lat' dir='ltr'><strong>caelo</strong></span> <span class='ocrx_word' id='word_1_691' title='bbox 3072 3735 3526 3806; x_wconf 87' lang='lat' dir='ltr'><strong>propinquabant.</strong></span> <span class='ocrx_word' id='word_1_692' title='bbox 3554 3740 3702 3797; x_wconf 71' lang='lat' dir='ltr'><strong>Prte-</strong></span> 
     </span>
    </p>
   </div>
   <div class='ocr_carea' id='block_1_97' title="bbox 2127 3819 3698 3905">
    <p class='ocr_par' dir='ltr' id='par_1_97' title="bbox 2127 3819 3698 3905">
     <span class='ocr_line' id='line_1_97' title="bbox 2127 3819 3698 3905; baseline 0.015 -37"><span class='ocrx_word' id='word_1_693' title='bbox 2127 3828 2253 3870; x_wconf 87' lang='lat' dir='ltr'><strong>sens</strong></span> <span class='ocrx_word' id='word_1_694' title='bbox 2274 3827 2454 3871; x_wconf 85' lang='lat' dir='ltr'><strong>autem</strong></span> <span class='ocrx_word' id='word_1_695' title='bbox 2479 3819 2755 3888; x_wconf 78' lang='lat' dir='ltr'><strong>generatio</strong></span> <span class='ocrx_word' id='word_1_696' title='bbox 2792 3829 3043 3892; x_wconf 86' lang='lat' dir='ltr'><strong>tanquam</strong></span> <span class='ocrx_word' id='word_1_697' title='bbox 3073 3826 3296 3883; x_wconf 86' lang='lat' dir='ltr'><strong>arbores</strong></span> <span class='ocrx_word' id='word_1_698' title='bbox 3324 3828 3471 3902; x_wconf 85' lang='lat' dir='ltr'><strong>ligno</strong></span> <span class='ocrx_word' id='word_1_699' title='bbox 3496 3833 3698 3905; x_wconf 67' lang='lat' dir='ltr'><strong>densa,</strong></span> 
     </span>
    </p>
   </div>
   <div class='ocr_carea' id='block_1_98' title="bbox 2126 3907 3698 3994">
    <p class='ocr_par' dir='ltr' id='par_1_98' title="bbox 2126 3907 3698 3994">
     <span class='ocr_line' id='line_1_98' title="bbox 2126 3907 3698 3994; baseline 0.015 -34"><span class='ocrx_word' id='word_1_700' title='bbox 2126 3907 2311 3962; x_wconf 88' lang='lat' dir='ltr'><strong>multis</strong></span> <span class='ocrx_word' id='word_1_701' title='bbox 2340 3908 2577 3965; x_wconf 71' lang='lat' dir='ltr'><strong>interrae</strong></span> <span class='ocrx_word' id='word_1_702' title='bbox 2618 3909 2785 3976; x_wconf 88' lang='lat' dir='ltr'><strong>locis,</strong></span> <span class='ocrx_word' id='word_1_703' title='bbox 2833 3912 3123 3985; x_wconf 79' lang='lat' dir='ltr'><strong>styliticam</strong></span> <span class='ocrx_word' id='word_1_704' title='bbox 3177 3919 3376 3977; x_wconf 88' lang='lat' dir='ltr'><strong>tribum</strong></span> <span class='ocrx_word' id='word_1_705' title='bbox 3426 3926 3698 3994; x_wconf 89' lang='lat' dir='ltr'><strong>producit,</strong></span> 
     </span>
    </p>
   </div>
   <div class='ocr_carea' id='block_1_99' title="bbox 2128 4003 3703 4082">
    <p class='ocr_par' dir='ltr' id='par_1_99' title="bbox 2128 4003 3703 4082">
     <span class='ocr_line' id='line_1_99' title="bbox 2128 4003 3703 4082; baseline 0.017 -32"><span class='ocrx_word' id='word_1_706' title='bbox 2128 4011 2247 4067; x_wconf 81' lang='lat' dir='ltr'><strong>quae</strong></span> <span class='ocrx_word' id='word_1_707' title='bbox 2290 4014 2397 4055; x_wconf 93' lang='lat' dir='ltr'><strong>non</strong></span> <span class='ocrx_word' id='word_1_708' title='bbox 2429 4009 2513 4056; x_wconf 91' lang='lat' dir='ltr'><strong>est</strong></span> <span class='ocrx_word' id='word_1_709' title='bbox 2545 4003 2666 4058; x_wconf 77' lang='lat' dir='ltr'><strong>vita:</strong></span> <span class='ocrx_word' id='word_1_710' title='bbox 2697 4018 2878 4075; x_wconf 90' lang='lat' dir='ltr'><strong>neque</strong></span> <span class='ocrx_word' id='word_1_711' title='bbox 2909 4007 3151 4064; x_wconf 67' lang='lat' dir='ltr'><strong>scientia:</strong></span> <span class='ocrx_word' id='word_1_712' title='bbox 3185 4010 3415 4082; x_wconf 88' lang='lat' dir='ltr'><strong>lignum,</strong></span> <span class='ocrx_word' id='word_1_713' title='bbox 3463 4021 3558 4074; x_wconf 91' lang='lat' dir='ltr'><strong>sed</strong></span> <span class='ocrx_word' id='word_1_714' title='bbox 3588 4019 3703 4077; x_wconf 80' lang='lat' dir='ltr'><strong>fere</strong></span> 
     </span>
    </p>
   </div>
   <div class='ocr_carea' id='block_1_100' title="bbox 2128 4091 3698 4174">
    <p class='ocr_par' dir='ltr' id='par_1_100' title="bbox 2128 4091 3698 4174">
     <span class='ocr_line' id='line_1_100' title="bbox 2128 4091 3698 4174; baseline 0.016 -30"><span class='ocrx_word' id='word_1_715' title='bbox 2128 4091 2331 4162; x_wconf 87' lang='lat' dir='ltr'><strong>lignum</strong></span> <span class='ocrx_word' id='word_1_716' title='bbox 2364 4107 2586 4163; x_wconf 86' lang='lat' dir='ltr'><strong>purum,</strong></span> <span class='ocrx_word' id='word_1_717' title='bbox 2626 4110 2803 4166; x_wconf 91' lang='lat' dir='ltr'><strong>neque</strong></span> <span class='ocrx_word' id='word_1_718' title='bbox 2831 4100 3130 4156; x_wconf 90' lang='lat' dir='ltr'><strong>secundum</strong></span> <span class='ocrx_word' id='word_1_719' title='bbox 3184 4104 3313 4161; x_wconf 90' lang='lat' dir='ltr'><strong>illud</strong></span> <span class='ocrx_word' id='word_1_720' title='bbox 3344 4105 3698 4174; x_wconf 70' lang='lat' dir='ltr'><strong>Dodonaeum.</strong></span> 
     </span>
    </p>
   </div>
   <div class='ocr_carea' id='block_1_101' title="bbox 2128 4178 3713 4270">
    <p class='ocr_par' dir='ltr' id='par_1_101' title="bbox 2128 4178 3713 4270">
     <span class='ocr_line' id='line_1_101' title="bbox 2128 4178 3713 4270; baseline 0.011 -31"><span class='ocrx_word' id='word_1_721' title='bbox 2128 4185 2283 4256; x_wconf 85' lang='lat' dir='ltr'><strong>cujus</strong></span> <span class='ocrx_word' id='word_1_722' title='bbox 2325 4178 2516 4257; x_wconf 82' lang='lat' dir='ltr'><strong>magna</strong></span> <span class='ocrx_word' id='word_1_723' title='bbox 2565 4198 2685 4243; x_wconf 84' lang='lat' dir='ltr'><strong>erat</strong></span> <span class='ocrx_word' id='word_1_724' title='bbox 2741 4188 2919 4258; x_wconf 84' lang='lat' dir='ltr'><strong>fama&#39;,</strong></span> <span class='ocrx_word' id='word_1_725' title='bbox 2967 4198 3061 4249; x_wconf 89' lang='lat' dir='ltr'><strong>sed</strong></span> <span class='ocrx_word' id='word_1_726' title='bbox 3107 4195 3251 4251; x_wconf 87' lang='lat' dir='ltr'><strong>aliud</strong></span> <span class='ocrx_word' id='word_1_727' title='bbox 3305 4199 3433 4270; x_wconf 86' lang='lat' dir='ltr'><strong>quid</strong></span> <span class='ocrx_word' id='word_1_728' title='bbox 3463 4204 3584 4258; x_wconf 87' lang='lat' dir='ltr'><strong>novi</strong></span> <span class='ocrx_word' id='word_1_729' title='bbox 3616 4220 3713 4259; x_wconf 69' lang='lat'><strong>5.;-</strong></span> 
     </span>
    </p>
   </div>
   <div class='ocr_carea' id='block_1_102' title="bbox 2128 4281 3694 4355">
    <p class='ocr_par' dir='ltr' id='par_1_102' title="bbox 2128 4281 3694 4355">
     <span class='ocr_line' id='line_1_102' title="bbox 2128 4281 3694 4355; baseline 0.008 -23"><span class='ocrx_word' id='word_1_730' title='bbox 2128 4293 2287 4345; x_wconf 86' lang='lat' dir='ltr'><strong>nans,</strong></span> <span class='ocrx_word' id='word_1_731' title='bbox 2317 4293 2383 4334; x_wconf 82' lang='lat' dir='ltr'><strong>ex</strong></span> <span class='ocrx_word' id='word_1_732' title='bbox 2414 4294 2521 4348; x_wconf 89' lang='lat' dir='ltr'><strong>quo</strong></span> <span class='ocrx_word' id='word_1_733' title='bbox 2538 4281 2711 4336; x_wconf 82' lang='lat' dir='ltr'><strong>solum</strong></span> <span class='ocrx_word' id='word_1_734' title='bbox 2734 4284 2910 4354; x_wconf 79' lang='lat' dir='ltr'><strong>excipi</strong></span> <span class='ocrx_word' id='word_1_735' title='bbox 2951 4295 3127 4355; x_wconf 84' lang='lat' dir='ltr'><strong>potest</strong></span> <span class='ocrx_word' id='word_1_736' title='bbox 3157 4288 3301 4345; x_wconf 87' lang='lat' dir='ltr'><strong>hoc:</strong></span> <span class='ocrx_word' id='word_1_737' title='bbox 3342 4308 3362 4343; x_wconf 79' lang='grc' dir='ltr'><strong>ι</strong></span> <span class='ocrx_word' id='word_1_738' title='bbox 3393 4290 3648 4349; x_wconf 85' lang='lat' dir='ltr'><strong>Benedic.</strong></span> <span class='ocrx_word' id='word_1_739' title='bbox 3675 4315 3694 4344; x_wconf 75' lang='grc' dir='ltr'><strong>ι</strong></span> 
     </span>
    </p>
   </div>
   <div class='ocr_carea' id='block_1_103' title="bbox 2131 4367 3701 4453">
    <p class='ocr_par' dir='ltr' id='par_1_103' title="bbox 2131 4367 3701 4453">
     <span class='ocr_line' id='line_1_103' title="bbox 2131 4367 3701 4453; baseline 0.011 -33"><span class='ocrx_word' id='word_1_740' title='bbox 2131 4367 2186 4421; x_wconf 82' lang='lat' dir='ltr'><strong>Si</strong></span> <span class='ocrx_word' id='word_1_741' title='bbox 2217 4368 2341 4438; x_wconf 82' lang='lat' dir='ltr'><strong>quis</strong></span> <span class='ocrx_word' id='word_1_742' title='bbox 2364 4377 2542 4423; x_wconf 87' lang='lat' dir='ltr'><strong>autem</strong></span> <span class='ocrx_word' id='word_1_743' title='bbox 2578 4370 2630 4424; x_wconf 90' lang='lat' dir='ltr'><strong>in</strong></span> <span class='ocrx_word' id='word_1_744' title='bbox 2668 4370 2945 4427; x_wconf 83' lang='lat' dir='ltr'><strong>ltodiernis</strong></span> <span class='ocrx_word' id='word_1_745' title='bbox 2974 4376 3177 4446; x_wconf 85' lang='lat' dir='ltr'><strong>stylitis</strong></span> <span class='ocrx_word' id='word_1_746' title='bbox 3216 4378 3518 4436; x_wconf 85' lang='lat' dir='ltr'><strong>doctrinam</strong></span> <span class='ocrx_word' id='word_1_747' title='bbox 3547 4398 3701 4453; x_wconf 76' lang='lat' dir='ltr'><strong>qua-—</strong></span> 
     </span>
    </p>
   </div>
   <div class='ocr_carea' id='block_1_104' title="bbox 2127 4459 3704 4545">
    <p class='ocr_par' dir='ltr' id='par_1_104' title="bbox 2127 4459 3704 4545">
     <span class='ocr_line' id='line_1_104' title="bbox 2127 4459 3704 4545; baseline 0.01 -31"><span class='ocrx_word' id='word_1_748' title='bbox 2127 4469 2236 4527; x_wconf 85' lang='lat' dir='ltr'><strong>rat,</strong></span> <span class='ocrx_word' id='word_1_749' title='bbox 2269 4459 2458 4530; x_wconf 85' lang='lat' dir='ltr'><strong>ignaro</strong></span> <span class='ocrx_word' id='word_1_750' title='bbox 2487 4461 2704 4535; x_wconf 73' lang='lat' dir='ltr'><strong>stylitae,</strong></span> <span class='ocrx_word' id='word_1_751' title='bbox 2741 4464 2885 4533; x_wconf 88' lang='lat' dir='ltr'><strong>quod</strong></span> <span class='ocrx_word' id='word_1_752' title='bbox 2932 4482 3036 4521; x_wconf 92' lang='lat' dir='ltr'><strong>non</strong></span> <span class='ocrx_word' id='word_1_753' title='bbox 3065 4468 3241 4526; x_wconf 79' lang='lat' dir='ltr'><strong>valeat</strong></span> <span class='ocrx_word' id='word_1_754' title='bbox 3268 4471 3438 4542; x_wconf 88' lang='lat' dir='ltr'><strong>loqui,</strong></span> <span class='ocrx_word' id='word_1_755' title='bbox 3473 4484 3704 4545; x_wconf 64' lang='lat' dir='ltr'><strong>praetex-</strong></span> 
     </span>
    </p>
   </div>
   <div class='ocr_carea' id='block_1_105' title="bbox 2132 4554 3704 4629">
    <p class='ocr_par' dir='ltr' id='par_1_105' title="bbox 2132 4554 3704 4629">
     <span class='ocr_line' id='line_1_105' title="bbox 2132 4554 3704 4629; baseline 0.012 -23"><span class='ocrx_word' id='word_1_756' title='bbox 2132 4564 2220 4607; x_wconf 88' lang='lat' dir='ltr'><strong>tus</strong></span> <span class='ocrx_word' id='word_1_757' title='bbox 2272 4561 2356 4609; x_wconf 75' lang='lat' dir='ltr'><strong>cst</strong></span> <span class='ocrx_word' id='word_1_758' title='bbox 2401 4554 2487 4609; x_wconf 85' lang='lat' dir='ltr'><strong>vel</strong></span> <span class='ocrx_word' id='word_1_759' title='bbox 2535 4563 2754 4620; x_wconf 88' lang='lat' dir='ltr'><strong>ventus,</strong></span> <span class='ocrx_word' id='word_1_760' title='bbox 2788 4558 3022 4613; x_wconf 89' lang='lat' dir='ltr'><strong>stridnle</strong></span> <span class='ocrx_word' id='word_1_761' title='bbox 3060 4561 3274 4629; x_wconf 88' lang='lat' dir='ltr'><strong>spirans</strong></span> <span class='ocrx_word' id='word_1_762' title='bbox 3305 4574 3359 4619; x_wconf 89' lang='lat' dir='ltr'><strong>et</strong></span> <span class='ocrx_word' id='word_1_763' title='bbox 3391 4567 3540 4622; x_wconf 86' lang='lat' dir='ltr'><strong>vocis</strong></span> <span class='ocrx_word' id='word_1_764' title='bbox 3568 4572 3704 4624; x_wconf 88' lang='lat' dir='ltr'><strong>arti-</strong></span> 
     </span>
    </p>
   </div>
   <div class='ocr_carea' id='block_1_106' title="bbox 2131 4646 3704 4729">
    <p class='ocr_par' dir='ltr' id='par_1_106' title="bbox 2131 4646 3704 4729">
     <span class='ocr_line' id='line_1_106' title="bbox 2131 4646 3704 4729; baseline 0.008 -28"><span class='ocrx_word' id='word_1_765' title='bbox 2131 4646 2457 4701; x_wconf 86' lang='lat' dir='ltr'><strong>culationem</strong></span> <span class='ocrx_word' id='word_1_766' title='bbox 2510 4646 2816 4719; x_wconf 89' lang='lat' dir='ltr'><strong>impediens</strong></span> <span class='ocrx_word' id='word_1_767' title='bbox 2880 4649 2963 4703; x_wconf 79' lang='lat' dir='ltr'><strong>vel</strong></span> <span class='ocrx_word' id='word_1_768' title='bbox 3014 4652 3259 4721; x_wconf 81' lang='lat' dir='ltr'><strong>quaedam</strong></span> <span class='ocrx_word' id='word_1_769' title='bbox 3318 4657 3552 4711; x_wconf 85' lang='lat' dir='ltr'><strong>ascetica</strong></span> <span class='ocrx_word' id='word_1_770' title='bbox 3579 4674 3704 4729; x_wconf 76' lang='lat' dir='ltr'><strong>gra-</strong></span> 
     </span>
    </p>
   </div>
   <div class='ocr_carea' id='block_1_107' title="bbox 2131 4739 3700 4812">
    <p class='ocr_par' dir='ltr' id='par_1_107' title="bbox 2131 4739 3700 4812">
     <span class='ocr_line' id='line_1_107' title="bbox 2131 4739 3700 4812; baseline 0.006 -18"><span class='ocrx_word' id='word_1_771' title='bbox 2131 4739 2329 4805; x_wconf 78' lang='lat' dir='ltr'><strong>cilitas,</strong></span> <span class='ocrx_word' id='word_1_772' title='bbox 2364 4754 2459 4808; x_wconf 88' lang='lat' dir='ltr'><strong>per</strong></span> <span class='ocrx_word' id='word_1_773' title='bbox 2490 4755 2653 4811; x_wconf 87' lang='lat' dir='ltr'><strong>quam</strong></span> <span class='ocrx_word' id='word_1_774' title='bbox 2696 4744 3041 4812; x_wconf 87' lang='lat' dir='ltr'><strong>angustiatur</strong></span> <span class='ocrx_word' id='word_1_775' title='bbox 3095 4743 3354 4800; x_wconf 90' lang='lat' dir='ltr'><strong>elocutio.</strong></span> <span class='ocrx_word' id='word_1_776' title='bbox 3386 4746 3477 4800; x_wconf 84' lang='lat' dir='ltr'><strong>Sic</strong></span> <span class='ocrx_word' id='word_1_777' title='bbox 3520 4758 3700 4805; x_wconf 89' lang='lat' dir='ltr'><strong>autem</strong></span> 
     </span>
    </p>
   </div>
   <div class='ocr_carea' id='block_1_108' title="bbox 2131 4833 3705 4905">
    <p class='ocr_par' dir='ltr' id='par_1_108' title="bbox 2131 4833 3705 4905">
     <span class='ocr_line' id='line_1_108' title="bbox 2131 4833 3705 4905; baseline 0.006 -17"><span class='ocrx_word' id='word_1_778' title='bbox 2131 4833 2550 4905; x_wconf 84' lang='lat' dir='ltr'><strong>contemplativa</strong></span> <span class='ocrx_word' id='word_1_779' title='bbox 2576 4835 2782 4891; x_wconf 88' lang='lat' dir='ltr'><strong>virtute</strong></span> <span class='ocrx_word' id='word_1_780' title='bbox 2809 4835 3014 4904; x_wconf 89' lang='lat' dir='ltr'><strong>lapsus,</strong></span> <span class='ocrx_word' id='word_1_781' title='bbox 3041 4836 3293 4892; x_wconf 87' lang='lat' dir='ltr'><strong>manibus</strong></span> <span class='ocrx_word' id='word_1_782' title='bbox 3321 4846 3501 4894; x_wconf 86' lang='lat' dir='ltr'><strong>tamen</strong></span> <span class='ocrx_word' id='word_1_783' title='bbox 3534 4842 3705 4898; x_wconf 82' lang='lat' dir='ltr'><strong>lucro-</strong></span> 
     </span>
    </p>
   </div>
   <div class='ocr_carea' id='block_1_109' title="bbox 2139 4926 3707 4999">
    <p class='ocr_par' dir='ltr' id='par_1_109' title="bbox 2139 4926 3707 4999">
     <span class='ocr_line' id='line_1_109' title="bbox 2139 4926 3707 4999; baseline 0.006 -19"><span class='ocrx_word' id='word_1_784' title='bbox 2139 4940 2254 4980; x_wconf 84' lang='lat' dir='ltr'><strong>sam</strong></span> <span class='ocrx_word' id='word_1_785' title='bbox 2289 4926 2548 4996; x_wconf 65' lang='lat' dir='ltr'><strong>pra’clare</strong></span> <span class='ocrx_word' id='word_1_786' title='bbox 2571 4927 2757 4997; x_wconf 89' lang='lat' dir='ltr'><strong>dirigit</strong></span> <span class='ocrx_word' id='word_1_787' title='bbox 2779 4928 3182 4999; x_wconf 85' lang='lat' dir='ltr'><strong>Operationetu,</strong></span> <span class='ocrx_word' id='word_1_788' title='bbox 3218 4944 3321 4999; x_wconf 89' lang='lat' dir='ltr'><strong>qua</strong></span> <span class='ocrx_word' id='word_1_789' title='bbox 3355 4946 3567 4987; x_wconf 86' lang='lat' dir='ltr'><strong>sursum</strong></span> <span class='ocrx_word' id='word_1_790' title='bbox 3597 4935 3707 4990; x_wconf 87' lang='lat' dir='ltr'><strong>ele-</strong></span> 
     </span>
    </p>
   </div>
   <div class='ocr_carea' id='block_1_110' title="bbox 2130 5017 3703 5083">
    <p class='ocr_par' dir='ltr' id='par_1_110' title="bbox 2130 5017 3703 5083">
     <span class='ocr_line' id='line_1_110' title="bbox 2130 5017 3703 5083; baseline 0.006 -12"><span class='ocrx_word' id='word_1_791' title='bbox 2130 5024 2221 5071; x_wconf 90' lang='lat' dir='ltr'><strong>vat</strong></span> <span class='ocrx_word' id='word_1_792' title='bbox 2237 5017 2534 5083; x_wconf 86' lang='lat' dir='ltr'><strong>calathum,</strong></span> <span class='ocrx_word' id='word_1_793' title='bbox 2551 5033 2672 5071; x_wconf 88' lang='lat' dir='ltr'><strong>cum</strong></span> <span class='ocrx_word' id='word_1_794' title='bbox 2694 5018 2746 5072; x_wconf 91' lang='lat' dir='ltr'><strong>in</strong></span> <span class='ocrx_word' id='word_1_795' title='bbox 2768 5017 2918 5072; x_wconf 89' lang='lat' dir='ltr'><strong>illum</strong></span> <span class='ocrx_word' id='word_1_796' title='bbox 2943 5034 3202 5074; x_wconf 82' lang='lat' dir='ltr'><strong>nummus</strong></span> <span class='ocrx_word' id='word_1_797' title='bbox 3220 5036 3427 5078; x_wconf 87' lang='lat' dir='ltr'><strong>sonans</strong></span> <span class='ocrx_word' id='word_1_798' title='bbox 3457 5023 3703 5081; x_wconf 85' lang='lat' dir='ltr'><strong>intravit.</strong></span> 
     </span>
    </p>
   </div>
   <div class='ocr_carea' id='block_1_111' title="bbox 2136 5105 3705 5177">
    <p class='ocr_par' dir='ltr' id='par_1_111' title="bbox 2136 5105 3705 5177">
     <span class='ocr_line' id='line_1_111' title="bbox 2136 5105 3705 5177; baseline 0.005 -16"><span class='ocrx_word' id='word_1_799' title='bbox 2136 5105 2287 5162; x_wconf 86' lang='lat' dir='ltr'><strong>Talia</strong></span> <span class='ocrx_word' id='word_1_800' title='bbox 2316 5114 2447 5162; x_wconf 77' lang='lat' dir='ltr'><strong>sunt</strong></span> <span class='ocrx_word' id='word_1_801' title='bbox 2479 5107 2603 5175; x_wconf 87' lang='lat' dir='ltr'><strong>ipsi,</strong></span> <span class='ocrx_word' id='word_1_802' title='bbox 2634 5122 2755 5177; x_wconf 75' lang='lat' dir='ltr'><strong>qua:</strong></span> <span class='ocrx_word' id='word_1_803' title='bbox 2780 5119 2909 5163; x_wconf 88' lang='lat' dir='ltr'><strong>sunt</strong></span> <span class='ocrx_word' id='word_1_804' title='bbox 2954 5111 3241 5165; x_wconf 81' lang='lat' dir='ltr'><strong>manifesta</strong></span> <span class='ocrx_word' id='word_1_805' title='bbox 3282 5130 3295 5165; x_wconf 90' lang='lat'><strong>:</strong></span> <span class='ocrx_word' id='word_1_806' title='bbox 3331 5113 3548 5168; x_wconf 88' lang='lat' dir='ltr'><strong>interna</strong></span> <span class='ocrx_word' id='word_1_807' title='bbox 3578 5131 3705 5169; x_wconf 86' lang='lat' dir='ltr'><strong>vero</strong></span> 
     </span>
    </p>
   </div>
   <div class='ocr_carea' id='block_1_112' title="bbox 2132 5199 3706 5269">
    <p class='ocr_par' dir='ltr' id='par_1_112' title="bbox 2132 5199 3706 5269">
     <span class='ocr_line' id='line_1_112' title="bbox 2132 5199 3706 5269; baseline 0.005 -15"><span class='ocrx_word' id='word_1_808' title='bbox 2132 5200 2284 5255; x_wconf 89' lang='lat' dir='ltr'><strong>novit</strong></span> <span class='ocrx_word' id='word_1_809' title='bbox 2347 5199 2439 5254; x_wconf 91' lang='lat' dir='ltr'><strong>ille</strong></span> <span class='ocrx_word' id='word_1_810' title='bbox 2476 5213 2598 5269; x_wconf 65' lang='lat' dir='ltr'><strong>quas</strong></span> <span class='ocrx_word' id='word_1_811' title='bbox 2624 5214 2750 5254; x_wconf 87' lang='lat' dir='ltr'><strong>sunt</strong></span> <span class='ocrx_word' id='word_1_812' title='bbox 2801 5202 2852 5256; x_wconf 85' lang='lat' dir='ltr'><strong>in</strong></span> <span class='ocrx_word' id='word_1_813' title='bbox 2910 5203 3232 5257; x_wconf 86' lang='lat' dir='ltr'><strong>abscondito</strong></span> <span class='ocrx_word' id='word_1_814' title='bbox 3283 5203 3475 5260; x_wconf 85' lang='lat' dir='ltr'><strong>videns</strong></span> <span class='ocrx_word' id='word_1_815' title='bbox 3524 5206 3706 5262; x_wconf 86' lang='lat' dir='ltr'><strong>Pater.</strong></span> 
     </span>
    </p>
   </div>
   <div class='ocr_carea' id='block_1_113' title="bbox 2130 5291 3705 5366">
    <p class='ocr_par' dir='ltr' id='par_1_113' title="bbox 2130 5291 3705 5366">
     <span class='ocr_line' id='line_1_113' title="bbox 2130 5291 3705 5366; baseline 0.004 -19"><span class='ocrx_word' id='word_1_816' title='bbox 2130 5291 2335 5347; x_wconf 63' lang='lat' dir='ltr'><strong>Taliter</strong></span> <span class='ocrx_word' id='word_1_817' title='bbox 2366 5303 2547 5347; x_wconf 79' lang='lat' dir='ltr'><strong>autem</strong></span> <span class='ocrx_word' id='word_1_818' title='bbox 2579 5308 2637 5349; x_wconf 92' lang='lat' dir='ltr'><strong>se</strong></span> <span class='ocrx_word' id='word_1_819' title='bbox 2669 5294 2930 5350; x_wconf 80' lang='lat' dir='ltr'><strong>habentes</strong></span> <span class='ocrx_word' id='word_1_820' title='bbox 2977 5297 3068 5366; x_wconf 85' lang='lat' dir='ltr'><strong>qui</strong></span> <span class='ocrx_word' id='word_1_821' title='bbox 3104 5311 3271 5366; x_wconf 83' lang='lat' dir='ltr'><strong>supra</strong></span> <span class='ocrx_word' id='word_1_822' title='bbox 3305 5300 3541 5354; x_wconf 82' lang='lat' dir='ltr'><strong>ordinati</strong></span> <span class='ocrx_word' id='word_1_823' title='bbox 3574 5310 3705 5355; x_wconf 79' lang='lat' dir='ltr'><strong>sunt.</strong></span> 
     </span>
    </p>
   </div>
   <div class='ocr_carea' id='block_1_114' title="bbox 2133 5382 3711 5459">
    <p class='ocr_par' dir='ltr' id='par_1_114' title="bbox 2133 5382 3711 5459">
     <span class='ocr_line' id='line_1_114' title="bbox 2133 5382 3711 5459; baseline 0.003 -20"><span class='ocrx_word' id='word_1_824' title='bbox 2133 5384 2485 5455; x_wconf 84' lang='lat' dir='ltr'><strong>bypoeriseos</strong></span> <span class='ocrx_word' id='word_1_825' title='bbox 2512 5382 2632 5450; x_wconf 81' lang='lat' dir='ltr'><strong>ﬁlii,</strong></span> <span class='ocrx_word' id='word_1_826' title='bbox 2662 5385 2922 5442; x_wconf 68' lang='lat' dir='ltr'><strong>daemonis</strong></span> <span class='ocrx_word' id='word_1_827' title='bbox 2956 5387 3259 5441; x_wconf 86' lang='lat' dir='ltr'><strong>imitatores</strong></span> <span class='ocrx_word' id='word_1_828' title='bbox 3292 5389 3512 5459; x_wconf 75' lang='lat' dir='ltr'><strong>(caetera</strong></span> <span class='ocrx_word' id='word_1_829' title='bbox 3557 5405 3711 5444; x_wconf 88' lang='lat' dir='ltr'><strong>nam-</strong></span> 
     </span>
    </p>
   </div>
   <div class='ocr_carea' id='block_1_115' title="bbox 2135 5475 3708 5550">
    <p class='ocr_par' dir='ltr' id='par_1_115' title="bbox 2135 5475 3708 5550">
     <span class='ocr_line' id='line_1_115' title="bbox 2135 5475 3708 5550; baseline 0.005 -24"><span class='ocrx_word' id='word_1_830' title='bbox 2135 5490 2240 5544; x_wconf 90' lang='lat' dir='ltr'><strong>que</strong></span> <span class='ocrx_word' id='word_1_831' title='bbox 2299 5475 2703 5531; x_wconf 82' lang='lat' dir='ltr'><strong>simulationum</strong></span> <span class='ocrx_word' id='word_1_832' title='bbox 2751 5475 2964 5531; x_wconf 90' lang='lat' dir='ltr'><strong>illorum</strong></span> <span class='ocrx_word' id='word_1_833' title='bbox 3032 5493 3232 5549; x_wconf 85' lang='lat' dir='ltr'><strong>genera</strong></span> <span class='ocrx_word' id='word_1_834' title='bbox 3281 5495 3439 5536; x_wconf 90' lang='lat' dir='ltr'><strong>nemo</strong></span> <span class='ocrx_word' id='word_1_835' title='bbox 3474 5495 3646 5550; x_wconf 88' lang='lat' dir='ltr'><strong>neque</strong></span> <span class='ocrx_word' id='word_1_836' title='bbox 3663 5482 3708 5536; x_wconf 92' lang='lat' dir='ltr'><strong>si</strong></span> 
     </span>
    </p>
   </div>
   <div class='ocr_carea' id='block_1_116' title="bbox 2139 5567 3711 5641">
    <p class='ocr_par' dir='ltr' id='par_1_116' title="bbox 2139 5567 3711 5641">
     <span class='ocr_line' id='line_1_116' title="bbox 2139 5567 3711 5641; baseline 0.005 -20"><span class='ocrx_word' id='word_1_837' title='bbox 2139 5567 2284 5621; x_wconf 87' lang='lat' dir='ltr'><strong>mille</strong></span> <span class='ocrx_word' id='word_1_838' title='bbox 2359 5567 2530 5624; x_wconf 89' lang='lat' dir='ltr'><strong>libros</strong></span> <span class='ocrx_word' id='word_1_839' title='bbox 2601 5570 2972 5638; x_wconf 87' lang='lat' dir='ltr'><strong>componendo</strong></span> <span class='ocrx_word' id='word_1_840' title='bbox 3048 5572 3333 5641; x_wconf 87' lang='lat' dir='ltr'><strong>impleret,</strong></span> <span class='ocrx_word' id='word_1_841' title='bbox 3399 5573 3711 5629; x_wconf 85' lang='lat' dir='ltr'><strong>describere</strong></span> 
     </span>
    </p>
   </div>
   <div class='ocr_carea' id='block_1_117' title="bbox 2138 5656 3713 5732">
    <p class='ocr_par' dir='ltr' id='par_1_117' title="bbox 2138 5656 3713 5732">
     <span class='ocr_line' id='line_1_117' title="bbox 2138 5656 3713 5732; baseline 0.001 -17"><span class='ocrx_word' id='word_1_842' title='bbox 2138 5656 2387 5730; x_wconf 86' lang='lat' dir='ltr'><strong>valeret),</strong></span> <span class='ocrx_word' id='word_1_843' title='bbox 2421 5659 2693 5729; x_wconf 87' lang='lat' dir='ltr'><strong>simplices</strong></span> <span class='ocrx_word' id='word_1_844' title='bbox 2718 5658 2991 5730; x_wconf 87' lang='lat' dir='ltr'><strong>decipiunt</strong></span> <span class='ocrx_word' id='word_1_845' title='bbox 3016 5663 3081 5716; x_wconf 87' lang='lat' dir='ltr'><strong>ad</strong></span> <span class='ocrx_word' id='word_1_846' title='bbox 3111 5678 3363 5732; x_wconf 82' lang='lat' dir='ltr'><strong>magnam</strong></span> <span class='ocrx_word' id='word_1_847' title='bbox 3396 5662 3713 5719; x_wconf 75' lang='lat' dir='ltr'><strong>monasticae</strong></span> 
     </span>
    </p>
   </div>
   <div class='ocr_carea' id='block_1_118' title="bbox 2138 5751 3715 5826">
    <p class='ocr_par' dir='ltr' id='par_1_118' title="bbox 2138 5751 3715 5826">
     <span class='ocr_line' id='line_1_118' title="bbox 2138 5751 3715 5826; baseline 0.003 -20"><span class='ocrx_word' id='word_1_848' title='bbox 2138 5754 2263 5807; x_wconf 70' lang='lat' dir='ltr'><strong>vita:</strong></span> <span class='ocrx_word' id='word_1_849' title='bbox 2292 5751 2720 5820; x_wconf 83' lang='lat' dir='ltr'><strong>damnationem,</strong></span> <span class='ocrx_word' id='word_1_850' title='bbox 2753 5763 2809 5808; x_wconf 91' lang='lat' dir='ltr'><strong>et</strong></span> <span class='ocrx_word' id='word_1_851' title='bbox 2833 5770 2863 5807; x_wconf 92' lang='lat' dir='ltr'><strong>a</strong></span> <span class='ocrx_word' id='word_1_852' title='bbox 2899 5755 3009 5809; x_wconf 90' lang='lat' dir='ltr'><strong>Deo</strong></span> <span class='ocrx_word' id='word_1_853' title='bbox 3038 5757 3187 5826; x_wconf 83' lang='lat' dir='ltr'><strong>gravi</strong></span> <span class='ocrx_word' id='word_1_854' title='bbox 3234 5755 3504 5825; x_wconf 88' lang='lat' dir='ltr'><strong>punitioni</strong></span> <span class='ocrx_word' id='word_1_855' title='bbox 3543 5757 3715 5811; x_wconf 80' lang='lat' dir='ltr'><strong>obno-</strong></span> 
     </span>
    </p>
   </div>
   <div class='ocr_carea' id='block_1_119' title="bbox 2140 5846 3714 5919">
    <p class='ocr_par' dir='ltr' id='par_1_119' title="bbox 2140 5846 3714 5919">
     <span class='ocr_line' id='line_1_119' title="bbox 2140 5846 3714 5919; baseline 0.001 -19"><span class='ocrx_word' id='word_1_856' title='bbox 2140 5848 2236 5914; x_wconf 77' lang='lat' dir='ltr'><strong>xii,</strong></span> <span class='ocrx_word' id='word_1_857' title='bbox 2279 5846 2423 5916; x_wconf 84' lang='lat' dir='ltr'><strong>quod</strong></span> <span class='ocrx_word' id='word_1_858' title='bbox 2459 5861 2555 5917; x_wconf 84' lang='lat' dir='ltr'><strong>per</strong></span> <span class='ocrx_word' id='word_1_859' title='bbox 2596 5846 2741 5915; x_wconf 82' lang='lat' dir='ltr'><strong>ipsos</strong></span> <span class='ocrx_word' id='word_1_860' title='bbox 2799 5846 3230 5919; x_wconf 79' lang='lat' dir='ltr'><strong>blasphemetur,</strong></span> <span class='ocrx_word' id='word_1_861' title='bbox 3279 5863 3383 5904; x_wconf 87' lang='lat' dir='ltr'><strong>non</strong></span> <span class='ocrx_word' id='word_1_862' title='bbox 3438 5846 3611 5903; x_wconf 89' lang='lat' dir='ltr'><strong>solum</strong></span> <span class='ocrx_word' id='word_1_863' title='bbox 3656 5847 3714 5902; x_wconf 86' lang='lat' dir='ltr'><strong>in</strong></span> 
     </span>
    </p>
   </div>
  </div>
