4090 6452
373 386 481 453 1οτ

1092 376 1524 447 ΕἨΞΤΑΤΗΙΙ
1558 374 2318 443 THESSALONICENSIS
2359 372 2929 437 METROPOLIT/E

3545 368 3656 434 408

377 499 661 575 gentibus,
689 500 787 559 sed
813 503 980 559 etiam
1007 502 1060 558 in
1084 500 1400 558 Christiana
1426 499 1709 570 religione,
1737 497 1972 555 sanctis-

2076 494 2158 548 ὅτι
2185 493 2256 548 δι’
2296 491 2499 556 αὐτοὺς
2547 489 2955 564 βλασφημεῖται
2982 488 3016 556 ὴ
3051 484 3188 556 πρὸς
3226 485 3461 557 μίμησιν
3485 484 3657 539 αὐτοῦ

379 599 523 650 sima
552 592 620 650 ad
652 593 1014 650 imitationem
1048 592 1192 649 illius
1216 591 1581 648 conversatio.

453 770 545 829 39.
584 767 703 826 Jam
732 770 1071 827 subobscure
1117 768 1484 825 indicavimus
1516 776 1571 824 et
1602 767 1964 835 ostendimus,

383 861 619 928 fratres,
653 868 916 929 quantum
955 859 1157 914 malum
1208 859 1282 914 sit
1312 858 1652 931 hypocrisis,
1680 857 1799 913 dira
1842 870 1969 928 per-

384 955 528 1010 versi
560 953 832 1010 mendacii
864 952 1119 1023 species,
1145 965 1176 1005 a
1206 951 1531 1006 rectitudine
1558 947 1811 1015 deﬂesio,
1846 963 1967 1019 quae

383 1062 572 1104 verum
604 1046 890 1101 hominem
918 1044 1097 1100 reddit
1127 1043 1399 1110 inutilem,
1452 1043 1710 1114 ignobilis
1746 1043 1965 1099 virtutis

382 1139 720 1196 extetmatio.
741 1135 1039 1208 Fugiamus
1062 1137 1228 1207 igitur
1258 1136 1430 1202 illam,
1462 1152 1562 1193 nos
1590 1137 1844 1192 veritatis
1878 1137 1960 1192 fa-

385 1232 543 1298 muli,
596 1232 838 1287 scientes
882 1230 1018 1285 nihil
1056 1243 1181 1285 esse
1232 1243 1523 1285 commune
1573 1228 1796 1283 veritati
1843 1242 1966 1283 cum

382 1322 694 1387 mendacio,
726 1322 814 1376 cui
839 1321 1131 1391 copulatur
1175 1334 1341 1387 prava
1391 1333 1617 1374 consors
1666 1318 1967 1383 simulatio,

385 1412 550 1469 malis
604 1410 1028 1475 fecundissima,
1087 1424 1253 1480 quam
1312 1424 1412 1465 nec
1441 1409 1497 1463 in
1529 1409 1783 1465 inimicos
1809 1409 1970 1466 bonis

392 1504 590 1560 saltem
656 1502 992 1559 Christianis
1041 1516 1299 1558 exercere
1344 1500 1493 1556 licet.
1551 1501 1864 1570 Enimvero,
1922 1501 1970 1558 si

395 1599 524 1667 quis
555 1612 663 1652 non
708 1605 901 1668 aperte
945 1596 1215 1666 loquitur,
1244 1596 1323 1652 uti
1363 1610 1548 1652 rerum
1586 1605 1763 1653 status
1792 1598 1972 1668 requi-

390 1692 485 1752 rit,
522 1697 716 1745 contra
757 1688 1063 1756 inimicum,
1096 1703 1195 1745 nec
1241 1688 1692 1759 justiﬁeationem
1749 1688 1970 1759 allegat,

390 1799 501 1839 uno
528 1782 723 1848 verbo,
760 1796 867 1838 non
903 1790 1075 1837 totam
1125 1782 1304 1852 aperit
1337 1781 1646 1848 veritatem,
1688 1780 1744 1836 in
1793 1781 1974 1836 omni-

2068 586 2357 657 άγιωτάτη
2388 583 2659 652 πολιτεία,
2695 583 2758 638 οὐ
2805 582 2967 654 μόνον
3000 580 3060 635 ἐν
3099 578 3336 645 ἔθνεσιν,
3376 577 3516 633 ἀλλὰ
3559 579 3661 633 καὶ

2069 681 2127 734 ὲν
2160 681 2228 751 τῇ
2260 679 2627 748 Χριστιανικῇ
2663 675 2945 748 ὀρθότητι.

2140 769 2244 826 λθ’.
2281 769 2525 842 Ἐχομεν
2574 768 2676 841 ἢδη
2721 764 2985 838 ἀμυδρῶς
3035 762 3511 835 ὐποκρουσάμενοι
3560 761 3661 816 καὶ

2067 862 2434 935 ἑμφήναντες,
2465 853 2511 915 ὦ
2545 856 2791 929 ἀδελφοὶ,
2828 855 3014 912 ὁποῖόν
3048 872 3102 909 τι
3136 853 3306 909 κακὸν
3343 855 3377 923 ἡ
3420 853 3655 924 ὑπόκρι-

2070 971 2179 1018 σις,
2206 953 2269 1007 τὸ
2293 952 2389 1007 τοῦ
2421 950 2595 1006 κακοῦ
2628 950 2862 1022 ψεύδους
2890 948 3055 1021 ἁδρὸν
3083 947 3304 1018 τμῆμα,
3345 948 3379 1018 η
3411 945 3656 1017 imponi;

2070 1047 2174 1118 τῆς
2203 1045 2519 1117 ὀρθότητος,
2556 1046 2590 1115 ἠ
2616 1041 2917 1115 ἀχρειοῦσα
2941 1041 3034 1095 τδν
3061 1039 3241 1111 ἀληθῆ
3265 1038 3571 1110 ἄνθρωπον,
3593 1039 3656 1090 τὸ

2069 1139 2297 1209 ἀγεννὲς
2352 1138 2455 1210 τῆς
2504 1138 2709 1210 ἀρετῆς
2765 1136 3142 1207 ὑποκόρισμα.
3197 1131 3503 1203 Φεύγοιμεν
3561 1126 3657 1183 οὖν

2071 1230 2244 1304 αὐτὴν
2277 1232 2327 1285 οἰ
2360 1230 2462 1301 τῆς
2508 1229 2771 1300 ἀληθείας
2806 1227 3168 1298 θεραπευταὶ,
3205 1225 3430 1289 εἰδότες,
3483 1221 3660 1291 μηδὲν

2072 1323 2251 1378 κοινὸν
2305 1321 2538 1394 ἀληθείᾳ
2593 1322 2689 1376 καὶ
2736 1319 2948 1392 ψεύδει,
2983 1311 3029 1388 ᾧ
3081 1316 3438 1382 συνδυάζεται
3479 1312 3658 1382 φαύλη

2075 1412 2326 1476 σύνοικος
2366 1412 2400 1484 η
2438 1411 2751 1481 ὑπόκρισις,
2790 1408 3199 1463 πολυτεκνοῦσα
3245 1408 3303 1460 ὲν
3333 1406 3559 1466 κακοῖς·
3592 1404 3659 1473 ἢν

2070 1504 2197 1560 οὐδὲ
2221 1502 2308 1559 ἐπ’
2340 1505 2558 1576 ἐχθροῖς
2586 1502 2965 1557 ἐνδείκνυσθαι
2995 1501 3144 1555 ὅσιον
3167 1499 3294 1563 τούς
3324 1515 3389 1566 γε
3416 1495 3661 1566 ἀγαθοὺς

2072 1595 2460 1668 Χριστιανούς.
2506 1596 2571 1650 Εἰ
2600 1595 2709 1668 γὰρ
2738 1594 2837 1649 καὶ
2861 1595 2924 1649 ού
2960 1590 3409 1665 παῤῥησιάσεταί
3437 1606 3546 1653 τις,
3575 1589 3660 1657 ἐφ’

2072 1684 2155 1753 οἷς
2180 1689 2370 1760 ἐχρῆν,
2400 1687 2539 1759 πρὸς
2566 1688 2659 1742 τὸν
2683 1685 3066 1759 ὲχθραίνοντα,
3096 1684 3219 1739 οὐδὲ
3249 1682 3663 1753 δικαιολογήσε-

2072 1797 2186 1846 ται,
2216 1780 2393 1836 εἰπεῖν
2436 1779 2496 1834 δὲ
2537 1778 2601 1832 τὸ
2644 1779 2791 1845 ὅλον,
2839 1779 2942 1833 ούκ
2975 1775 3365 1848 ἐπαληθεύσει.
3399 1772 3665 1845 παραδει-

392 1876 498 1932 bus
545 1889 606 1931 se
664 1872 945 1945 prodens;
979 1874 1084 1931 hoc
1138 1883 1318 1928 tamen
1377 1887 1487 1928 non
1523 1884 1608 1928 est
1664 1872 1972 1944 hypocrita-

2076 1872 2209 1937 κνὺς
2240 1871 2435 1926 ἑαυτὸν
2466 1870 2552 1941 ἐφ’
2584 1870 2820 1938 ἅπασιν,
2853 1869 2973 1926 ἀλλ’
3017 1870 3152 1924 αύτδ
3189 1868 3290 1939 οὐχ
3328 1866 3661 1936 ύποκριτική

392 1982 513 2021 rum
545 1967 708 2033 ratio,
736 1965 830 2020 sed
860 1965 1087 2021 solertia
1113 1979 1386 2036 generans
1423 1964 1793 2035 prudentiam,
1815 1966 1973 2036 juxta

398 2072 563 2128 quam
622 2056 974 2112 laudabiliter
1023 2057 1227 2128 aliquis
1275 2068 1582 2129 opportune
1613 2059 1977 2115 considerans

400 2161 637 2219 tempus,
669 2158 726 2205 et
756 2164 1073 2220 personam,
1106 2161 1274 2221 atque
1331 2151 1575 2221 reliquas
1614 2151 1980 2208 circumstan-

392 2242 518 2307 tias,
578 2242 950 2300 dissimulabit
993 2252 1049 2300 et
1094 2243 1388 2301 abscondet
1444 2245 1588 2314 quod
1632 2244 1685 2298 in
1747 2246 1976 2301 buccam

390 2337 565 2404 venit,
595 2335 689 2391 sed
718 2336 871 2393 utilia
914 2337 1193 2407 loquetur,
1222 2351 1531 2393 sermonem
1564 2337 1665 2409 ipsi
1695 2339 1976 2404 metiente,

393 2432 651 2495 recteque
677 2425 946 2496 dirigente
974 2442 1038 2481 ac
1067 2426 1379 2490 ordinante,
1413 2435 1470 2482 et
1498 2425 1798 2481 secundum
1831 2439 1980 2480 meo-

393 2514 640 2570 nomiam
673 2517 935 2573 reddente
965 2517 1268 2586 sapientem
1305 2531 1502 2589 magno
1535 2518 1797 2588 magistro
1823 2516 1973 2587 Deo;

393 2607 486 2665 cui
522 2606 695 2679 gloria
724 2609 778 2665 in
813 2608 1035 2666 sacula.
1064 2609 1264 2666 Amen.

420 2853 3345 2884 mw

2081 1966 2198 2019 ἔστι
2227 1962 2475 2034 μέθοδος,
2504 1963 2752 2036 δεινότης
2772 1963 2830 2018 δὲ
2850 1962 3103 2034 γεννῶσα
3135 1962 3423 2032 φρόνησιν,
3451 1958 3575 2013 καθ’
3595 1959 3665 2028 ῆν

2084 2056 2485 2129 στοχαζόμενός
2533 2074 2620 2123 τις
2664 2057 2939 2130 ὲναρέτως
2989 2058 3047 2112 ὲν
3098 2057 3273 2111 δέοντι
3325 2052 3520 2125 καιροῦ
3567 2054 3666 2107 καὶ

2083 2150 2381 2223 προσώπου
2431 2152 2530 2206 καὶ
2575 2150 2775 2222 λοιπῆς
2831 2151 3229 2223 περιστάσεως,
3287 2144 3665 2216 κατακαλύψει

2087 2241 2186 2313 μὲν
2220 2245 2315 2297 καὶ
2346 2242 2617 2315 κρύψεται
2661 2242 2721 2296 τὸ
2752 2243 3128 2315 ιπερχόμενον
3161 2241 3243 2313 τῷ
3285 2241 3539 2309 στόματι,
3570 2240 3667 2293 λα-

2083 2335 2243 2408 λήσει
2270 2336 2329 2390 δὲ
2352 2337 2422 2391 τὰ
2460 2335 2773 2410 πρόσφορα,
2810 2336 3145 2411 μετροῦντος
3175 2337 3268 2392 τὸν
3302 2336 3464 2406 λόγον
3510 2336 3665 2406 αὐτῷ

2083 2430 2180 2482 καὶ
2210 2427 2569 2500 ἀκριϐοῦντος
2592 2430 2691 2485 καὶ
2728 2429 3019 2495 τάττοντος
3045 2431 3141 2484 καὶ
3183 2429 3320 2500 πρὸς
3349 2427 3669 2500 οἰκονομίαν

2083 2516 2397 2588 σοφίζοντος
2420 2518 2516 2574 τοῦ
2544 2519 2787 2591 μεγάλου
2818 2520 3145 2577 διδασκάλου
3169 2518 3328 2587 Θεοῦ,
3367 2513 3413 2590 ᾧ
3436 2519 3566 2587 δόξα
3587 2521 3667 2583 εἰς

2080 2610 2211 2677 τοὺς
2242 2610 2470 2678 αἰῶνας.
2513 2612 2712 2685 Ἀμήν.

1622 3046 1627 3051 ’
1712 3055 2352 3179 EJUSDEM

1099 3305 1516 3376 ADVERSUS
1541 3307 2280 3376 lMPLACABILITATIS
2326 3312 2947 3383 ACCUSATIONEM.

397 3687 665 3746 Eustathii
697 3685 1186 3747 Thessalonicensis
1229 3694 1586 3762 metrOpolitw
1605 3694 1856 3749 adversus
1885 3708 1972 3748 ea;—

2080 3695 2426 3752 Εὐσταθίου
2475 3695 2932 3766 μητροπολιτου
2995 3697 3461 3767 Θεσσαλονίκης
3516 3698 3670 3769 πρὸς

461 3782 772 3850 probranles
826 3783 876 3837 ei
908 3784 1234 3854 injuriarum
1284 3787 1613 3850 memoriam,
1660 3786 1707 3840 si
1763 3786 1978 3856 quando

462 3874 782 3931 meminisset
805 3875 1097 3930 vexationis
1122 3875 1224 3946 ipsi
1251 3883 1592 3949 undecunque
1607 3876 1798 3933 illatae.

467 4054 520 4109 l.
565 4071 584 4106 ι
636 4052 872 4122 Sapiens
921 4061 1177 4109 creatura
1234 4056 1449 4113 homo:
1506 4077 1525 4112 ι
1573 4059 1689 4115 bare
1746 4069 1830 4116 est
1884 4077 1980 4117 an-

393 4146 562 4214 tiqua:
591 4143 865 4200 sententia
888 4141 1073 4210 Musae,
1101 4159 1220 4215 quae
1245 4146 1486 4202 textilem
1519 4149 1837 4204 varietatem
1859 4161 1979 4205 erat

395 4239 630 4303 mirata;
663 4236 860 4293 exinde
894 4250 1024 4292 vero
1065 4252 1164 4308 per
1215 4240 1385 4295 levem
1436 4241 1974 4299 transformationem

391 4330 598 4387 dictum
621 4327 751 4383 fuit:
780 4346 801 4381 ι
830 4329 1293 4399 sapientis-simam
1326 4348 1439 4387 rem
1463 4348 1587 4390 esse
1613 4333 1837 4404 pictoris
1862 4350 1977 4391 ma-

393 4438 549 4478 num.
594 4441 614 4476 ι
656 4421 892 4477 Pulchra
929 4423 1149 4493 quidem
1181 4424 1273 4479 illa
1320 4425 1427 4479 duo
1458 4434 1587 4482 sunt
1619 4435 1675 4481 et
1699 4427 1827 4483 talia
1854 4443 1977 4498 quae

393 4530 562 4570 aureo
587 4514 766 4569 nitore
797 4511 1042 4585 fulgeant
1071 4516 1161 4570 ubi
1196 4516 1651 4587 praescribuntur,
1682 4527 1738 4573 et
1764 4522 1977 4575 eminus

391 4606 770 4677 splendentem
796 4606 957 4676 hujus
987 4608 1172 4678 operis
1213 4606 1450 4664 l‘routem
1494 4610 1718 4665 faciant.
1753 4610 1977 4682 Oportet

389 4704 571 4751 autem
608 4709 708 4766 pro
736 4694 1170 4764 simplicioribus
1206 4697 1546 4754 auditoribus
1576 4699 1801 4770 insuper
1846 4702 1974 4756 addi

392 4788 478 4843 vel
511 4789 874 4843 animadverti
923 4790 1064 4858 quod
1094 4790 1147 4843 in
1180 4789 1446 4845 ambobus
1483 4803 1567 4848 est
1596 4793 1972 4850 artiﬁciosum.

392 4884 622 4954 Sapiens
681 4883 829 4938 enim
900 4893 987 4938 est
1053 4884 1220 4939 homo
1284 4886 1574 4957 variegans
1623 4887 1759 4943 artis
1808 4888 1977 4943 ratio-

395 4993 496 5044 ne,
540 4991 649 5046 qua
724 4976 860 5031 texit
906 4977 1161 5032 manibus
1202 4991 1366 5046 opera
1406 4993 1421 5032 :
1492 4979 1635 5048 quod
1676 4990 1974 5036 extraneus

2152 3786 2300 3854 τοὺς
2346 3786 2840 3857 ἑπεγκαλοῦντας
2887 3787 3051 3855 αὐτῷ
3095 3792 3533 3859 μνησικακίαν,
3586 3791 3671 3845 εῖ-

2149 3896 2296 3933 ποτε
2315 3879 2733 3949 ἀναμνησθείη
2769 3877 3089 3946 κακώσεως
3120 3878 3456 3951 γενομένης
3480 3880 3669 3936 ποθὲν

2150 3971 2331 4038 αὐτῷ.

2152 4069 2222 4118 α’.
2265 4083 2282 4115 ι
2327 4063 2496 4133 Σοφόν
2524 4083 2580 4121 τι
2618 4067 2791 4138 χρῆμ’
2827 4067 3135 4139 ἄνθρωπος.
3182 4086 3201 4119 ι
3242 4066 3487 4130 Παλαιᾶς
3514 4067 3667 4122 τουτὶ

2084 4153 2291 4226 μούσης
2315 4158 2715 4229 γνωμάτευμα,
2745 4159 2832 4230 ἐφ’
2859 4155 2942 4221 οἷς
2981 4159 3285 4230 ὑφαντικὴν
3321 4159 3506 4229 ἐκείνη
3542 4177 3668 4214 ποι·-

2079 4247 2260 4300 κιλίαν
2294 4248 2608 4319 ἐθαύμασεν
2633 4268 2647 4283 ο
2698 4253 2913 4306 ἐκεῖθεν
2940 4252 2999 4307 δὲ
3042 4253 3187 4322 λόγῳ
3237 4255 3668 4322 παραποιήσεως

2079 4340 2400 4412 ἀναπέφηνε
2430 4343 2491 4397 τὸ
2532 4361 2551 4396 ι
2592 4345 2756 4414 σοφόν
2807 4364 2859 4399 τι
2914 4346 3106 4416 χρῆμα
3157 4345 3454 4416 ζωγράφου
3506 4350 3667 4418 χεῖρα

2079 4430 2242 4487 εἶναι.
2279 4453 2297 4486 ι
2333 4436 2440 4488 Καὶ
2469 4436 2614 4490 καλὰ
2640 4437 2741 4509 μὲν
2771 4439 2866 4492 καὶ
2893 4438 3062 4509 ἄμφω
3084 4439 3256 4494 ταῦτα
3285 4441 3379 4493 καὶ
3409 4435 3499 4493 οἶα
3532 4456 3668 4507 προ-

2079 4525 2322 4579 στίλόειν
2349 4528 2580 4597 χρύσεόν
2604 4546 2679 4592 τι,
2714 4528 2845 4584 ἔνθα
2872 4530 3307 4602 προγράφονται,
3341 4532 3434 4586 καὶ
3460 4532 3665 4602 τηλαυ-

2077 4618 2173 4686 γὲς
2219 4620 2429 4674 τιθέναι
2462 4622 2522 4675 τὸ
2555 4622 2651 4677 τοῦ
2682 4623 2846 4696 ἔργου
2885 4625 3045 4680 τοῦδε
3084 4628 3405 4697 πρόσωπον.
3448 4629 3571 4699 Χρὴ
3605 4627 3665 4681 δὲ

2078 4711 2217 4782 πρός
2241 4729 2306 4781 γε
2351 4715 2483 4778 τοὺς
2527 4715 2971 4787 άπλοῖκωτέρους
3004 4719 3398 4790 ἀκροωμένους
3425 4737 3663 4791 προστε-

2079 4800 2316 4868 θείσθαι,
2352 4805 2384 4873 ἢ
2418 4804 2549 4872 γοῦν
2577 4805 2717 4860 ἀλλὰ
2744 4808 3226 4878 προσεπινοεῖσθαι
3248 4810 3308 4863 τὸ
3328 4811 3579 4882 τεχνικὸν
3603 4811 3665 4865 ὲν

2076 4894 2306 4963 ἀμφοῖν.
2358 4896 2530 4967 Σοφόν
2556 4915 2615 4951 τε
2659 4899 2768 4971 γὰρ
2803 4902 2995 4972 χρῆμα
3033 4902 3316 4974 ποικιλτὴς
3349 4902 3660 4974 ἄνθρωπος,

2077 4989 2212 5058 πρὸς
2243 4988 2440 5060 τέχνην
2485 4991 2728 5061 ὑφαίνων
2770 4994 2840 5047 τὰ
2875 4994 2981 5065 πρὸ
3020 4995 3244 5066 χειρῶν,
3289 4996 3427 5067 ὅπερ
3458 4998 3487 5051 ό
3526 4998 3663 5063 ἐξω-

388 5071 571 5126 dicere
617 5069 885 5135 voluerit;
914 5070 1140 5140 pictoris
1180 5080 1360 5126 autem
1399 5086 1592 5127 manus
1628 5081 1713 5127 est
1752 5074 1970 5142 sapiens

2076 5080 2295 5146 τερικδς
2339 5084 2516 5136 εἰπεῖν
2548 5083 2802 5154 βούλεται
2846 5103 2861 5119 ο
2914 5088 3011 5141 καὶ
3072 5089 3369 5159 ζωγράφου
3416 5090 3474 5143 δὲ
3533 5092 3658 5162 χεὶρ

390 5165 839 5226 instrumentum,
868 5161 974 5218 nisi
1006 5160 1146 5218 forte
1169 5164 1395 5234 pingens
1426 5165 1616 5220 dolose
1638 5168 1972 5224 mentiatur.

454 5345 509 5399 2.
550 5345 705 5413 Quod
737 5345 907 5415 igitur
938 5345 1071 5403 urbs
1100 5347 1216 5402 haec
1259 5356 1465 5409 nostra,
1526 5350 1841 5407 oninimode
1896 5350 1973 5406 fe-

383 5438 584 5503 cunda,
611 5438 909 5508 pictoribus
943 5440 1211 5504 abundat,
1237 5455 1343 5495 non
1376 5441 1631 5498 omnibus
1663 5444 1968 5500 secundum

381 5541 599 5594 artem,
665 5528 776 5583 imo
850 5527 992 5585 forte
1066 5530 1396 5586 lineamenta
1491 5524 1768 5588 hominum
1831 5537 1971 5590 male

377 5621 764 5692 pingentibus,
815 5632 871 5678 et
913 5622 1047 5677 alias
1093 5624 1315 5693 quidem
1362 5626 1659 5696 imagines,
1715 5638 1772 5683 et
1823 5630 1969 5683 inter

374 5731 473 5768 eas
523 5724 765 5768 nostram
803 5715 1245 5785 deturpantibus,
1289 5733 1464 5774 meam
1517 5719 1721 5774 idcirco
1771 5735 1968 5775 secun-

375 5810 506 5861 dum
539 5808 890 5879 archetypum
936 5822 1193 5867 accurate
1242 5825 1560 5881 expressam
1591 5815 1963 5886 transcriptu-

2075 5173 2242 5241 σοφόν
2292 5189 2345 5227 τι
2380 5177 2598 5246 χρῆμα,
2649 5179 2699 5231 εἰ
2752 5178 2829 5250 μὴ
2871 5179 2982 5252 ἄρα
3024 5183 3092 5252 τῇ
3123 5182 3222 5252 τῆς
3255 5182 3454 5254 τέχνης
3484 5185 3655 5256 ἀρετῇ

2072 5264 2326 5334 ψεύδοιτο
2351 5270 2820 5341 παραγράφουσα.

2151 5356 2218 5428 β’.
2261 5359 2385 5414 "(tu
2415 5361 2551 5429 γοῦν
2591 5364 2687 5416 καὶ
2743 5365 2778 5434 ὴ
2831 5365 2954 5421 καθ’
2986 5368 3134 5438 ἡμᾶς
3167 5369 3461 5442 πάμφορος
3503 5369 3662 5433 πόλις

2074 5449 2216 5521 αὕτη
2245 5453 2505 5522 γραφέων
2564 5456 2812 5529 εὐπορεῖ,
2869 5458 2930 5512 οὐ
2984 5462 3206 5515 πάντων
3253 5462 3392 5534 πρὸς
3434 5464 3657 5534 τέχνην,

2074 5542 2215 5598 ἀλλά
2244 5562 2345 5598 που
2379 5546 2476 5601 καὶ
2522 5547 2747 5617 φαύλως
2775 5551 3104 5621 γραφόντων
3138 5552 3529 5625 ἁνθρωπικοὺς
3555 5573 3658 5627 χαι

2077 5639 2365 5708 ρακτῆρας
2395 5642 2491 5694 καὶ
2516 5643 2911 5713 ἀχρειούντων,
2945 5647 3041 5700 καὶ
3076 5646 3245 5712 ἄλλας
3286 5647 3387 5718 μὲν
3418 5649 3661 5716 εἰκόνας,

2075 5730 2133 5779 ὲν
2156 5728 2213 5781 δὲ
2244 5730 2340 5783 καὶ
2369 5733 2489 5796 ταῖς
2528 5734 2628 5804 τὴν
2659 5735 3113 5808 ήμετέραν,,ἧκω
3152 5739 3527 5810 μεταγράφων
3559 5738 3664 5809 τὴν

2075 5819 2208 5890 γοῦν
2273 5822 2436 5889 αὐτὸς
2499 5826 2764 5898 ἐμαυτοῦ,
2828 5829 2965 5900 πρὸς
3017 5832 3364 5902 ἀρχετυπίαν
3415 5831 3661 5905 ἀκριϐῶς
