4090 6416
363 417 473 481 409

1342 414 1646 476 CONTRA
1683 411 1866 475 INJU
1880 408 2185 470 iiIARUM
2227 409 2675 471 MEMORIAM.

3504 407 3613 474 410

363 529 616 598 ἔχουσαν.
642 524 753 581 Καὶ
799 523 958 579 τοῦτο
988 523 1049 579 ού
1080 525 1216 596 πρδς
1255 524 1546 595 φιλαυτίαν
1580 522 1656 593 (τί
1699 521 1806 592 γάρ
1840 537 1930 590 μοι

2056 532 2129 611 ’ps
2159 533 2304 573 sum.
2333 515 2399 572 Et
2430 519 2534 574 hoc
2592 533 2698 574 non
2732 532 2921 574 amore
2951 518 3055 573 mei
3105 517 3257 592 (quid
3287 519 3433 575 enim
3478 522 3613 578 mihi

369 619 533 690 μέλον
570 617 968 689 σκιαγραφίας,
996 619 1044 671 εί
1072 614 1325 688 ψεύδοιτο
1369 616 1468 686 μὲν
1505 617 1566 670 τὸ
1596 615 1937 685 στερέμνιον,

368 709 631 781 βλάπτειν
684 708 742 762 δὲ
791 709 943 778 λέγει
992 706 1228 779 ούδένς),
1263 707 1378 762 ἀλλ’
1412 708 1500 762 ἴνα
1560 706 1635 779 μὴ
1668 706 1942 777 παραϐλέ-

369 815 566 861 ποντες
595 799 644 851 οἱ
668 797 735 851 τά
761 800 1013 870 ἡμέτερα
1044 799 1484 870 ζωγραφοῦντες,
1511 800 1605 854 καὶ
1637 800 1716 863 εἰς
1745 799 1944 870 λοιπὴν

368 890 625 960 ἀτεχνίαν
676 892 1037 944 ἐκπίπτοιεν·
1074 892 1210 962 ὅπερ
1254 892 1583 957 είσμάλιστα
1613 892 1798 946 δάκνει
1848 908 1939 961 με,

368 980 423 1034 εἴ
460 999 566 1051 περ
595 981 771 1044 ἄλλως
803 982 1238 1052 πεπαιδευμένοι
1269 982 1337 1035 τὰ
1376 982 1457 1044 εἰς
1502 983 1602 1053 τὴν
1640 980 1939 1052 γραφικὴν,

372 1070 470 1124 καὶ
496 1072 697 1140 τρανὲς
732 1071 789 1124 δὲ
821 1072 896 1134 ὡς
935 1072 1197 1124 ἑκάστοτε
1229 1071 1517 1141 βλέποντες
1559 1071 1619 1124 ού
1662 1069 1938 1141 βλέπουσι,

368 1164 462 1216 καὶ
485 1164 715 1217 τοιαῦτα
747 1164 886 1234 πρὸς
919 1165 1234 1235 ἀκρίϐειαν,
1263 1166 1358 1218 καὶ
1388 1162 1634 1227 νοοῦντες
1662 1164 1938 1218 ὲκῦαίνουι

371 1272 456 1307 σιν
485 1257 567 1318 είς
604 1256 917 1312 ἀλλόκοτον.

439 1353 508 1414 γ’.
562 1347 877 1417 Ἐξενίκησε
926 1348 985 1402 δέ
1037 1366 1126 1419 με,
1160 1349 1255 1403 καὶ
1308 1351 1389 1414 είς
1441 1350 1560 1404 τόδε
1602 1350 1942 1419 ἀντιγραφῆς

369 1440 736 1509 παρήγαγεν,
791 1441 877 1494 δτι
936 1440 1012 1512 μὴ
1049 1443 1208 1510 μόνον
1255 1444 1314 1495 ὲν
1364 1444 1490 1512 τῇδε
1538 1447 1604 1513 τῇ
1641 1444 1792 1496 πόλει
1842 1443 1942 1515 τὴν

369 1532 556 1584 εἰκόνα
591 1533 772 1604 ἡμῶν,
825 1533 887 1587 τὸ
933 1534 1221 1588 Δαυῖτικὺν
1262 1535 1457 1601 εἰπεῖν,
1505 1534 1869 1602 ὲξουδένωσαν
1894 1536 1944 1589 oi

368 1619 478 1672 εἴτε
508 1623 835 1692 γράφοντες,
874 1624 987 1676 εἴτε
1022 1623 1424 1694 διαγράφοντες
1462 1627 1631 1698 ἡμᾶς,
1679 1626 1816 1681 ἀλλὰ
1847 1626 1944 1698 τὴν

371 1712 822 1781 φαυλεπίφαυλον
862 1715 1042 1768 αὐτῶν
1083 1714 1293 1779 εἰκόνα,
1354 1719 1479 1770 καθ’
1528 1717 1596 1788 ἢν
1648 1720 1795 1787 ἡμᾶς
1843 1718 1946 1770 ούκ

369 1804 777 1873 ἁνεστήλωσαν,
802 1805 966 1872 λέγω,
1008 1805 1123 1859 ἀλλ’
1156 1806 1572 1874 ὲστηλίτευσαν,
1605 1808 1710 1871 ἕως
1740 1810 1831 1861 καὶ
1865 1811 1945 1873 εἰς

371 1896 471 1965 τὴν
499 1896 762 1968 μεγίστην
795 1896 907 1950 τῶν
942 1897 1153 1950 πόλεων
1200 1900 1564 1968 περιήγαγον.
1605 1899 1762 1952 Ἔστι
1801 1899 1947 1954 δὲτὸ

368 1987 578 2040 τούτων
606 1987 894 2056 δείκηλονο
946 2006 965 2039 ι
1005 1989 1363 2058 Μνησίκακος
1405 1990 1563 2058 ἀνὴρ,
1606 1991 1950 2062 ἐπιγεγραμ-

376 2080 537 2147 μένος
567 2083 648 2144 εἰς
679 2082 943 2152 ἀρχιερέα
986 2081 1398 2154 Θεσσαλονίκης
1424 2083 1515 2135 τὸν
1563 2085 1708 2154 ἄρτι.
1750 2104 1769 2134 ι
1807 2083 1950 2154 Πρὸς

374 2171 402 2224 ὃ
435 2173 498 2240 δὴ
535 2172 733 2241 βρέτας
763 2173 1051 2244 (παικτέον
1081 2174 1189 2245 γάρ
1216 2192 1268 2226 τι
1297 2174 1436 2228 κατά
1462 2175 1559 2243 τῆς
1587 2175 1794 2244 φαύλης
1822 2175 1951 2244 τέχ-

374 2261 494 2333 γης)
548 2265 616 2317 τὰ
648 2264 840 2335 πρῶτα
875 2265 976 2335 μὲν
1009 2266 1334 2334 ὲντρανίσας
1365 2266 1634 2333 ἐγέλασα·
1676 2261 1796 2319 εἶτα
1827 2284 1952 2318 συν-

375 2352 601 2421 αγαγὼν
654 2355 889 2425 ἐμαυτὸν
924 2357 1004 2419 είς
1033 2355 1184 2423 νοῦν,
1234 2355 1333 2409 καὶ
1377 2355 1688 2426 ἐθαύμασα,
1725 2357 1874 2418 ὅπως
1924 2358 1953 2409 ὁ

376 2445 676 2509 παναίολος
704 2447 897 2516 χρόνος
943 2446 1184 2516 παράγει
1227 2447 1329 2517 μὲν
1382 2448 1476 2500 καὶ
1511 2447 1580 2500 τά
1629 2447 1951 2516 καινοφανῆ,

374 2541 539 2608 γεννᾷ
566 2539 623 2590 δὲ
656 2540 805 2608 ὅμως
834 2540 935 2593 οὐκ
968 2539 1125 2609 ὀλίγα
1158 2539 1233 2603 ὡς
1263 2534 1374 2592 οἷον
1405 2540 1462 2592 ὲν
1506 2540 1824 2609 ἀνακάμψει
1856 2540 1953 2594 καὶ

374 2630 514 2701 πρὸς
548 2632 788 2697 παλαιάς
828 2633 1179 2705 ὁμοιότητας,
1223 2635 1320 2689 καλ⁹
1347 2632 1529 2688 αὐτῶν
1566 2633 1665 2697 τὰς
1703 2632 1803 2704 μὲν
1833 2633 1953 2697 οἵας

376 2724 744 2790 ἐπαινεῖσθαι,
776 2725 874 2787 τάς
913 2725 970 2779 δὲ
1000 2725 1172 2796 λήθης
1208 2727 1447 2798 ἐσχάτης
1476 2726 1652 2792 ἀξίας.
1683 2725 1793 2778 Καὶ
1833 2724 1953 2795 ἆμα

378 2812 759 2884 ἑνενοησάμην
784 2815 884 2878 τὰς
915 2814 1024 2867 τῶν
1067 2814 1572 2869 άποκαταστάσεων
1617 2813 1954 2885 θρυλλουμέ-

378 2920 477 2966 νας
521 2905 1040 2970 πεντακοσιοστύας,
1084 2900 1159 2959 ὧν
1185 2905 1347 2978 ἔργον
1389 2908 1582 2976 φασὶν,
1625 2905 1749 2957 ἐπεὶ
1778 2921 1957 2976 παρα-

379 2995 658 3066 δράμοιεν,
700 2998 1093 3068 ἑπανατρέχειν
1150 3000 1229 3062 εἰς
1286 2998 1354 3051 τά
1401 2996 1686 3065 φθάσαντα
1740 2995 1816 3055 ὡς
1864 2990 1957 3048 οἵα

381 3088 480 3140 καὶ
511 3088 966 3160 παραδείγματα,
1006 3092 1103 3144 καὶ
1133 3091 1310 3143 ποιεῖν
1354 3085 1511 3150 αὖθις
1545 3087 1726 3156 ἀγαθά
1760 3103 1820 3140 τε
1862 3086 1956 3140 καὶ

2042 608 2188 664 curae
2218 608 2360 665 foret
2394 611 2630 680 pictura,
2663 612 2706 666 si
2757 612 3080 667 mentiretur
3105 612 3321 682 quidem
3354 615 3614 682 solidum,

2043 699 2182 755 nihil
2236 709 2415 756 autem
2450 703 2624 757 nocivi
2676 703 3055 773 indicare”),
3118 705 3213 759 sed
3277 719 3344 760 ne
3380 709 3472 775 qui
3517 724 3615 761 no-

2042 800 2156 846 stra
2190 792 2448 862 pingunt,
2483 808 2578 863 per
2606 794 2875 866 ignaviam
2912 794 3096 850 denuo
3130 796 3184 849 in
3217 795 3355 851 artis
3397 796 3617 868 imperi-

2042 885 2173 938 tiam
2192 884 2445 940 decidant
2479 900 2495 939 :
2540 888 2681 956 quod
2717 888 2768 941 iu
2805 888 2999 958 primis
3033 903 3119 943 me
3163 902 3358 956 vexat;
3401 889 3449 944 si
3494 893 3618 960 qui-

2045 976 2164 1028 dem
2199 990 2284 1030 res
2317 978 2606 1047 graphicus
2634 979 2770 1036 satis
2804 981 2945 1035 docti
2978 979 3227 1051 clareque
3255 980 3369 1037 fere
3397 997 3616 1052 semper

2046 1061 2324 1128 videntes,
2366 1079 2515 1118 nunc
2564 1065 2780 1134 quidem
2835 1071 3132 1125 caecutiunt
3181 1079 3237 1126 et
3278 1087 3390 1142 prae
3444 1074 3608 1129 nimia

2043 1153 2257 1207 cautela
2282 1153 2623 1211 descendunt
2660 1159 2709 1212 in
2739 1160 3054 1217 absurdum.

2116 1332 2169 1386 ὅ.
2194 1333 2398 1390 Devicit
2426 1346 2602 1391 autem
2635 1352 2721 1394 me
2745 1353 2972 1409 prorsus
2993 1351 3046 1396 et
3075 1342 3126 1397 in
3155 1344 3290 1398 hanc
3315 1349 3612 1404 accusatio-

2047 1439 2166 1477 nem
2207 1427 2441 1495 induxit,
2471 1430 2612 1499 quod
2644 1447 2747 1485 non
2785 1433 2956 1487 solum
2987 1434 3039 1488 in
3077 1436 3179 1491 hac
3216 1441 3346 1493 urbe
3370 1452 3613 1497 nostram

2048 1515 2360 1586 imaginem,
2388 1519 2542 1589 juxta
2572 1521 2885 1579 Davidicum
2922 1524 3151 1590 dictum,
3174 1528 3238 1581 ad
3269 1529 3494 1584 nihilum
3533 1547 3616 1586 re-

2047 1606 2308 1675 degerunt
2354 1609 2446 1677 qui
2501 1626 2599 1667 nos
2648 1612 2765 1666 sive
2813 1616 3058 1683 pingunt,
3099 1617 3214 1673 sive
3273 1620 3610 1685 describunt,

2062 1698 2158 1751 sed
2189 1699 2503 1755 vilissimam
2541 1702 2782 1772 ipsormn
2830 1706 3139 1776 imaginem,
3187 1724 3281 1777 per
3308 1727 3471 1781 quam
3514 1729 3615 1769 nos

2050 1789 2189 1844 haud
2213 1792 2264 1845 in
2292 1792 2506 1861 cippum
2530 1794 2899 1863 clevaverunt,
2925 1798 3069 1865 dico,
3092 1800 3188 1855 sed
3222 1802 3273 1854 in
3296 1802 3454 1872 cippo
3478 1804 3618 1861 male

1980 1865 2020 1922 Β
2053 1890 2400 1947 notaverunt,
2440 1895 2720 1955 postremo
2744 1888 2797 1941 in
2827 1890 3043 1943 urbium
3074 1892 3364 1946 maximam
3389 1894 3625 1950 circum«

2050 1973 2339 2030 duxerunt.
2377 1976 2475 2033 Est
2519 1990 2698 2035 autem
2748 1980 2961 2035 illorum
2993 1984 3209 2055 imago:
3250 2003 3269 2037 ι
3304 1985 3513 2043 Memor
3542 1989 3625 2044 in-

2051 2065 2317 2132 iuriarum
2353 2070 2455 2136 vir,
2501 2083 2792 2140 provectus
2836 2075 2891 2128 in
2967 2085 3288 2143 praesentem
3334 2078 3626 2136 Thessalu-

2055 2157 2190 2211 nica:
2217 2158 2707 2230 archiepiswpum.
2747 2180 2767 2214 ι
2801 2162 2878 2217 Ad
2910 2166 3053 2234 quod
3102 2165 3459 2222 simulacrum
3502 2171 3626 2239 (ali-

2055 2250 2294 2317 qualiter
2320 2252 2461 2306 enim
2493 2254 2785 2308 ludendum
2812 2266 2892 2310 est
2911 2258 3167 2313 adversus
3192 2259 3382 2314 malam
3407 2265 3624 2334 artem),

2055 2343 2229 2410 primo
2260 2343 2501 2412 quidem,
2546 2346 2715 2399 oculis
2757 2347 2808 2398 iu
2848 2347 2899 2399 id
2933 2349 3215 2417 COleCCllS,
3262 2352 3390 2418 risi;
3429 2353 3626 2410 deinde

2055 2434 2370 2504 recolligeus
2397 2443 2652 2504 mentem,
2695 2438 2849 2493 valde
2872 2439 3032 2494 etiam
3056 2441 3296 2496 miratus
3331 2458 3449 2497 sum
3485 2460 3623 2515 quo-

2058 2525 2220 2580 modo
2260 2537 2562 2595 temporum
2614 2533 2847 2587 varietas
2891 2548 3025 2587 nova
3053 2536 3301 2604 quaalam
3348 2538 3413 2590 ad
3445 2536 3618 2592 lucem

2054 2616 2343 2684 producat,
2388 2633 2491 2672 non
2525 2633 2692 2687 pauca
2730 2631 2906 2677 tamen
2966 2634 3190 2693 generet
3244 2636 3501 2695 tauquam
3566 2629 3619 2683 in

2061 2710 2418 2764 renovatione
2460 2714 2869 2783 secundumque
2940 2723 3152 2771 veteres
3217 2718 3624 2784 similitudines.

2055 2814 2284 2870 quarum
2317 2802 2435 2857 alias
2470 2804 2686 2870 quidem
2723 2806 2882 2860 laude
2919 2808 3091 2876 dignae
3144 2820 3293 2876 sunt,
3331 2810 3453 2866 alite
3496 2827 3627 2868 vero

2069 2894 2308 2945 omnium
2336 2893 2629 2948 oblivione.
2652 2895 2718 2950 Et
2742 2897 2902 2951 simul
2928 2898 2977 2951 in
3006 2906 3241 2955 mentem
3267 2902 3513 2956 revocavi
3541 2918 3629 2957 ce-

2069 2983 2389 3040 leberrimos
2429 2987 2836 3043 reStitntionum
2888 2990 3212 3059 quingentos
3260 3007 3455 3062 annos,
3497 3010 3633 3064 quo-

2060 3089 2177 3128 rum
2221 3076 2453 3131 cilicium
2491 3086 2600 3144 est,
2640 3082 2811 3145 aiunt,
2859 3095 2984 3136 cum
3032 3081 3403 3151 transierunt,
3450 3088 3516 3141 ad
3562 3102 3629 3142 ea

382 3180 532 3232 κακά
576 3182 780 3247 ἐκεῖνα,
839 3183 985 3245 ὅσοις
1031 3183 1059 3234 ό
1090 3179 1378 3252 προλαϐὼν
1418 3179 1528 3235 τῶν
1574 3178 1954 3234 πεντακοσίων

2057 3179 2180 3235 qua:
2223 3182 2622 3237 praecesserunt
2667 3185 2946 3226 recurrere
2987 3181 3239 3243 tanquam
3279 3177 3629 3245 exemplaria,

382 3271 520 3326 ἑτῶν
551 3272 825 3343 ἐλκυσμὸς
855 3273 1181 3345 ἐνδιέτριψε.

452 3534 513 3592 δ’.
558 3538 766 3609 Χρόνος
790 3533 884 3593 οὖν
913 3538 1082 3593 πάλαι
1116 3538 1247 3592 ποτὲ
1278 3537 1455 3610 διέϐη,
1483 3537 1612 3592 καθ’
1642 3537 1702 3591 ὃν
1731 3538 1867 3593 ἄλλα
1895 3554 1956 3591 τε

379 3641 506 3678 τινα
541 3626 761 3695 φαύλως
809 3626 1219 3699 ἐθεωρήθησαν,
1265 3628 1359 3681 καὶ
1400 3628 1462 3681 τὸ
1515 3627 1739 3681 σύννουν
1772 3627 1829 3680 δὲ
1863 3627 1957 3680 καὶ

382 3717 718 3785 φυλακτικὸν
752 3718 976 3784 ἑαυτοῦ,
1013 3720 1109 3771 καὶ
1136 3717 1211 3789 μὴ
1242 3719 1443 3791 ῥᾳδίως
1469 3721 1583 3782 τοῖς
1614 3717 1957 3790 βλάπτεσθαι

381 3812 664 3865 ἐθέλουσιν
682 3810 1001 3882 άναχρωννύ
1010 3828 1188 3881 μενον,
1215 3814 1298 3874 είς
1320 3811 1421 3864 οὐκ
1452 3810 1654 3879 ἀγαθὸν
1678 3811 1955 3881 ἐνεγράφη

380 3905 499 3966 τοῖς
534 3918 597 3972 γε
627 3902 1072 3974 παραθεωροῦσι.
1098 3903 1209 3957 Καὶ
1232 3903 1296 3974 δὴ
1324 3903 1422 3957 καὶ
1457 3903 1550 3957 νῦν
1584 3902 1778 3974 χρόνος
1803 3898 1957 3967 οὗτος

385 3995 642 4065 ἐξεφάνη.
671 3997 901 4065 γράφων
940 3997 1019 4059 είς
1044 3996 1377 4065 χαρακτῆρα
1425 3994 1610 4065 ὅμοιον
1659 3994 1755 4046 καὶ
1788 3994 1956 4064 ἡμᾶς,

382 4088 467 4140 ὅτι
500 4087 840 4157 προσέχομεν
882 4089 1013 4158 ἡμῖν
1059 4090 1247 4150 αὐτοῖς
1297 4089 1392 4142 καὶ
1450 4087 1828 4158 σκεπτόμεθα,
1882 4088 1958 4158 μὴ

387 4179 734 4251 βαλλώμεθα,
773 4180 866 4233 καὶ
902 4179 1288 4251 φυλαττόμεθα
1325 4180 1394 4234 τά
1428 4180 1526 4252 τῆς
1566 4180 1816 4251 διαὸολῆς
1849 4182 1958 4250 άμ-

387 4270 716 4343 φίόληστρα,
765 4275 864 4324 καὶ
918 4270 1412 4341 ἀνακαθαίρομεν,
1473 4272 1845 4337 εύθετίζοντες
1890 4271 1962 4325 τὰ

387 4364 587 4432 πτερὰ,
616 4364 671 4415 εἴ
694 4381 832 4426 πως,
863 4358 940 4417 ὧν
972 4363 1381 4435 πεπειράμεθα,
1428 4363 1672 4433 παγίδων
1715 4364 1961 4435 ὑπερπεο·

387 4459 609 4527 τόμενοι
647 4458 984 4527 σωζοίμεθα.

468 4554 525 4602 ε’.
575 4549 711 4618 Φέρε
753 4547 844 4618 δὴ,
893 4547 1165 4619 χρώματα
1210 4546 1404 4618 τρίψας
1445 4545 1514 4600 δι’
1551 4540 1626 4600 ὧν
1663 4545 1845 4617 ἔχοιμι
1897 4546 1963 4601 ἂν

389 4640 629 4710 ἐμαυτὸν
665 4640 1015 4711 μεταγράψαι
1050 4641 1132 4703 εἰς
1167 4640 1304 4709 ὅπερ
1335 4639 1454 4709 εἰμὶ
1499 4638 1582 4711 (ού
1630 4639 1738 4708 γὰρ
1768 4637 1964 4693 λανθά-

389 4749 558 4801 νομαι
596 4732 891 4802 κατόπτρῳ
924 4730 1264 4801 κεχρημένος
1313 4730 1374 4784 ὲν
1418 4724 1463 4798 ᾧ
1509 4729 1798 4800 χαρακτὴρ
1834 4728 1965 4799 ἐμὸς

393 4827 742 4896 ἐμφαίνεται,
788 4824 845 4876 ὃ)
892 4825 925 4894 ἡ
977 4824 1125 4893 ψυχὴ
1170 4823 1417 4876 ἑκάστων
1460 4822 1751 4890 γράφουσα
1792 4822 1851 4874 ἐν
1888 4820 1967 4892 τῷ

396 4921 626 4992 βάπτειν
673 4921 754 4982 εἰς
806 4918 1115 4987 συνείδησιν
1162 4917 1418 4987 προῖσιᾷ,
1461 4914 1602 4969 ὥστε
1645 4914 1742 4967 καὶ
1787 4914 1967 4977 ἄλλοις

393 5012 712 5083 βλέπεσθαι,
745 5012 841 5064 καὶ¹
873 5009 1250 5080 διακρίνεσθαι
1282 5007 1351 5061 τά
1379 5007 1501 5061 κατ’
1523 5002 1677 5077 ἦθος,
1706 5005 1801 5059 καὶ
1823 5003 1969 5058 οὕτω

391 5102 798 5174 περιποιεῖσθαι
832 5104 932 5172 μὲν
974 5104 1045 5153 τὰ
1069 5100 1247 5170 ὀρθῶς
1283 5099 1502 5169 ἔχοντα,
1532 5095 1882 5168 διορθοῦσθαι
1910 5095 1968 5148 δὲ

391 5198 460 5250 τά
482 5197 558 5259 ὡς
589 5196 791 5266 ἑτέρως
824 5192 1210 5260 ἐκπίπτοντα),
1256 5189 1706 5263 διακριϐὠσομαι
1749 5190 1809 5241 τὸ
1836 5188 1970 5258 ἐμὸν

393 5292 548 5359 παρὰ
581 5291 695 5348 τοῖς
745 5287 980 5342 ἐνταῦθα
1030 5286 1343 5355 εἰκόνισμα,
1375 5286 1444 5339 τά
1486 5282 1586 5354 μὲν
1636 5282 1770 5336 ἄλλα
1823 5281 1969 5333 πάνυ

393 5378 860 5449 ἀπηκριϐωμένον
919 5378 1065 5432 κατᾶ
1116 5379 1246 5438 τοὺς
1315 5375 1417 5446 ἐμὲ
1482 5372 1623 5444 πρὸς
1693 5373 1970 5442 ἁμαρτίαν

394 5472 709 5541 γράφοντας
739 5471 940 5541 (φαίνω
964 5470 1074 5541 γὰρ
1110 5469 1221 5522 ἰδοὺ
1248 5467 1486 5539 ἐμαυτὸν
1523 5464 1700 5527 άλλως
1736 5462 1834 5533 μὲν
1864 5463 1972 5514 ότι-

397 5564 547 5632 μάλα
575 5563 1032 5634 διεστραμμένον,
1074 5563 1171 5616 καὶ
1217 5560 1410 5630 ἀγαθῷ
1460 5559 1653 5629 μηδενὶ
1698 5553 1973 5623 ὲλλαμπό·

400 5675 564 5727 μενον
632 5661 712 5722 εἰς
780 5658 1203 5728 εύπρόσωπον)’
1264 5655 1327 5709 τὸ
1392 5654 1577 5724 μέντοι
1636 5649 1972 5720 μνησίκακον

396 5753 457 5811 ἐς
486 5754 546 5801 τὸ
574 5750 682 5803 πᾶν
709 5750 1018 5819 διαγράφω,
1057 5750 1154 5802 καὶ
1183 5746 1456 5815 ἐξαλείφω
1508 5747 1606 5815 τῆς
1639 5744 1873 5806 εἰκόνος,
1905 5740 1971 5811 ἢν

396 5842 708 5912 ἀνέστησάν
744 5843 925 5913 μοιτά
962 5842 1103 5895 καλά
1130 5841 1291 5895 τέκνα
1340 5837 1499 5908 τῆσδε
1540 5836 1639 5906 τῆς
1670 5833 1897 5896 πόλεως.

1980 3226 2026 3286 c
2062 3226 2345 3329 denuoque
2392 3264 2691 3329 producere
2742 3264 2884 3319 bona
2935 3263 3018 3318 vel
3080 3226 3231 3319 mala

2063 3354 2303 3423 elapsum
2354 3357 2772 3426 quingentorum
2823 3372 3091 3411 atinorum
3146 3359 3381 3427 spatium
3435 3363 3632 3417 itnmo-

2064 3454 2183 3500 ratu
2192 3461 2240 3499 ill
2294 3454 2398 3500 εει.

2132 3538 2188 3592 4.
2232 3535 2469 3606 Tempus
2513 3537 2678 3607 igitur
2730 3537 2860 3594 olim
2905 3538 3197 3608 aliquando
3227 3541 3463 3611 transiit,
3500 3558 3631 3614 quo,

2064 3644 2187 3684 cum
2215 3628 2392 3699 aliqua
2424 3637 2617 3683 ca'tera
2651 3666 2668 3692 ,
2702 3638 2811 3683 tum
2868 3630 3154 3698 prudentia
3188 3630 3385 3699 suique
3415 3648 3636 3697 conscr-

2065 3722 2211 3777 vatio
2239 3736 2404 3792 prave
2434 3721 2775 3776 considerata
2825 3732 2977 3786 sunt,
3027 3732 3081 3776 et
3116 3738 3220 3776 non
3262 3722 3439 3780 facilis
3473 3741 3503 3779 a
3534 3741 3633 3781 no-

2064 3827 2191 3868 cere
2239 3812 2545 3867 volentibus
2593 3811 3014 3894 decolorationis
3055 3813 3281 3882 opificioi
3320 3814 3372 3869 in
3406 3831 3513 3871 non
3540 3819 3637 3873 bo-

2065 3919 2198 3961 num
2227 3902 2416 3960 saltem
2446 3918 2478 3958 a
2506 3903 2646 3959 male
2671 3904 3047 3971 judicantibus
3077 3903 3401 3973 imputatum
3433 3918 3536 3962 est.
3571 3908 3635 3962 Et

2065 3994 2312 4067 profecto
2342 4010 2488 4050 nunc
2530 3995 2670 4049 istud
2708 4005 2918 4064 tempus
2952 3995 3172 4058 reluxit,
3224 3995 3389 4051 simili
3437 4001 3635 4053 chara-

2067 4098 2216 4142 ctere
2265 4102 2363 4141 nos
2408 4084 2571 4140 etiam
2601 4086 2850 4155 pingens,
2886 4099 2951 4139 eo
2979 4087 3122 4155 quod
3159 4087 3507 4154 providemus
3542 4104 3638 4145 no-

2069 4178 2152 4233 bis
2180 4189 2232 4233 et
2279 4192 2347 4232 ne
2383 4178 2698 4247 deﬁciamur
2742 4190 3023 4241 cavetnus,
3074 4185 3130 4230 et
3179 4177 3464 4231 calumniae
3497 4188 3631 4235 retia

2070 4268 2346 4337 fugitiuus,
2400 4277 2457 4320 et
2514 4267 2630 4321 alas
2683 4275 2931 4335 aptantes
2969 4281 3340 4337 repurgamus,
3393 4267 3438 4322 si
3495 4272 3637 4325 forte

2071 4375 2240 4429 super
2301 4360 2457 4423 retia,
2497 4358 2694 4428 quibus
2741 4358 2930 4414 tentati
2962 4372 3178 4423 sumus,
3227 4358 3492 4425 volantes,
3525 4365 3636 4416 sat-

2078 4451 2236 4506 vandi
2269 4451 2461 4505 simus.

2141 4542 2192 4605 5.
2234 4542 2347 4610 Age
2370 4556 2528 4610 porro
2548 4581 2563 4606 ,
2597 4539 2745 4595 tritis
2765 4538 3059 4605 coloribus,
3089 4539 3287 4610 quibus
3316 4553 3401 4595 me
3430 4542 3634 4610 possim

2072 4635 2231 4689 talem
2302 4632 2479 4702 qualis
2533 4647 2654 4688 sum
2701 4632 2922 4701 pingere
2968 4632 3114 4703 (non
3153 4632 3299 4686 enim
3343 4632 3639 4688 obliviscor

2072 4728 2148 4779 uti
2179 4726 2416 4794 speculo,
2458 4729 2604 4779 unde
2636 4740 2750 4777 mea
2781 4725 2953 4779 forma
2997 4723 3220 4785 relucet,
3265 4725 3407 4792 quod
3454 4726 3636 4778 anima

2068 4818 2332 4888 cujusque
2388 4817 2617 4886 pingens
2688 4816 2982 4870 colorando
3045 4815 3459 4882 conscientiam,
3510 4826 3638 4871 ante

2069 4927 2126 4966 se
2152 4911 2303 4981 ponit
2323 4919 2380 4963 ut
2400 4926 2427 4962 a
2451 4909 2660 4962 caeteris
2680 4918 2961 4972 cernatur,
2987 4907 3149 4975 inque
3169 4906 3460 4960 moralibus
3486 4906 3628 4969 diiu-

2070 5006 2302 5070 dicetur,
2324 5013 2378 5056 et
2403 5003 2480 5057 sic
2506 5003 2839 5056 retineantur
2862 5014 2924 5054 ea
2944 5001 3160 5068 qui-lem
3185 5014 3301 5068 quae
3321 5008 3462 5054 recta
3487 5008 3636 5063 sunt,

2070 5093 2415 5161 corrigantur
2461 5103 2678 5143 errores
2727 5087 3090 5158 commissi);
3142 5087 3418 5158 perﬁciam
3460 5103 3632 5142 meam

2069 5198 2252 5238 coram
2294 5182 2383 5236 hic
2430 5180 2788 5249 praesentibus
2822 5179 3148 5247 imaginem;
3181 5181 3247 5233 de
3284 5187 3479 5233 caetero
3509 5179 3634 5247 qui-

2070 5279 2192 5333 dem
2227 5290 2452 5347 prorsus
2479 5284 2788 5328 accuratam
2823 5271 3116 5325 secundum
3148 5286 3243 5326 eos
3272 5272 3364 5341 qui
3399 5286 3482 5324 ine
3513 5285 3637 5341 pec-

2069 5368 2406 5423 caminosum
2456 5365 2686 5436 pingunt
2721 5367 2870 5434 (ecce
2901 5364 3044 5417 enim
3095 5363 3379 5432 metipsntn
3423 5362 3637 5419 aliunde

2071 5459 2287 5529 quidem
2321 5457 2705 5520 deformatum,
2733 5456 2873 5510 etad
2902 5453 3184 5524 pulchram
3228 5455 3457 5508 formam
3490 5453 3639 5508 nullo

2073 5555 2217 5608 bono
2253 5550 2577 5605 relucentem
2602 5548 2877 5617 ostendo);
2907 5547 3045 5601 hanc
3067 5555 3247 5600 autem
3279 5545 3407 5600 mali
3435 5557 3644 5600 memo-

2073 5646 2208 5701 riam
2232 5643 2453 5698 omnino
2480 5640 2629 5696 deleo
2651 5651 2706 5695 et
2736 5639 2928 5694 aufero
2954 5639 3020 5693 ab
3049 5639 3152 5691 hac
3181 5638 3438 5706 imagine,
3467 5650 3630 5706 quam

2074 5736 2202 5793 mihi
2231 5735 2397 5806 hujus
2428 5732 2575 5789 urbis
2606 5731 2728 5788 boni
2755 5733 2902 5787 cives
2924 5738 3233 5784 erexerunt.
