4090 6424
448 366 550 436 411

1161 367 1586 427 ausurum
1612 342 2367 430 THESSALONICEN’SIS
2411 365 2984 430 METROP’iLITE

3604 365 3710 428 412

528 484 580 537 6.
618 479 746 533 Mihi
793 486 974 532 autem
1017 476 1095 531 sie
1151 477 1366 530 habenti
1413 491 1636 546 scopum
1683 477 1842 531 aliter
1890 478 2029 532 hanc

2208 489 2285 546 ς’.
2327 460 2484 537 Οὕτω
2512 481 2575 553 δή
2628 499 2718 552 μοι
2745 480 3068 551 προθεμένῳ
3101 477 3324 541 σκοπὸν,
3356 479 3711 549 μεταχρῶσαι

455 574 727 629 colorandi
766 579 972 641 partem
1017 569 1199 633 calcis,
1226 584 1386 637 quam
1417 568 1564 623 docti
1616 570 1853 639 pictores
1911 584 2043 625 mea:

454 665 832 733 applicuerunt
866 661 1070 730 ligurze,
1112 659 1568 713 considerandum
1600 659 1707 713 erit
1747 670 1875 713 ante
1911 659 2040 725 alia,

455 757 653 825 quibus
680 752 807 805 illud
842 751 1093 819 imaginis
1117 749 1303 802 vilium
1327 752 1616 803 commode
1643 749 1886 819 pateﬁeri
1915 765 2041 820 pos—

455 850 546 913 sit,
590 846 715 913 quia
767 857 870 896 non
910 841 1069 911 plane
1115 839 1485 894 necessarium
1529 841 1670 897 idem
1711 858 1852 908 esse,
1886 843 2044 914 juxta

453 938 862 1006 (agitationem,
902 936 1147 1003 quaedam
1199 934 1418 987 nomina
1440 949 1535 1003 per
1596 936 2041 1005 ceuipnsitionem

452 1032 720 1103 proferre,
776 1042 1099 1096 rursumque
1146 1041 1244 1093 per
1298 1025 1695 1095 appositioncm
1751 1040 2042 1096 exponere.

455 1128 606 1180 Sicut
661 1130 843 1176 autent
910 1135 1015 1173 non
1067 1133 1281 1187 semper
1333 1119 1388 1171 in
1437 1120 1687 1173 eumdem
1721 1124 2043 1188 conceptum

452 1219 679 1270 veniunt
706 1213 1086 1282 expressiones
1110 1209 1359 1281 privatim
1392 1210 1698 1275 abstractae,
1721 1226 2047 1280 rursumque

454 1309 614 1364 simul
654 1305 918 1376 apposita:
950 1302 1081 1373 (non
1109 1303 1254 1356 enim
1286 1302 1484 1370 aliquis
1514 1302 1830 1373 singillatim
1862 1319 2045 1374 gram-

454 1403 688 1457 maticus
712 1402 911 1461 dictus,
948 1406 1003 1451 et
1036 1410 1222 1449 rursus
1253 1396 1506 1465 privatim
1544 1396 1706 1461 celer,
1737 1396 1847 1465 jam
1873 1397 2039 1451 etiam

454 1494 846 1563 grammaticus
866 1489 1014 1544 celer
1033 1488 1346 1543 necessario
1374 1488 1584 1550 evadet.
1616 1503 1714 1542 nec
1737 1502 1902 1558 eques
1921 1489 2049 1542 sim-

451 1585 689 1658 pliciter,
724 1594 779 1638 et
809 1580 1064 1653 privatim
1093 1582 1287 1645 bonus,
1326 1580 1435 1646 jam
1476 1579 1533 1633 in
1566 1579 1766 1633 bonum
1798 1580 2043 1649 equitem

458 1677 771 1735 necessario
812 1674 1203 1740 concurrunt);
1237 1672 1310 1726 ita
1352 1688 1452 1727 nee
1489 1672 1540 1724 iu
1568 1671 1715 1726 idem
1739 1673 1916 1740 vergit
1959 1672 2043 1724 di-

457 1788 581 1829 cere
599 1769 1004 1833 sciomachiam,
1026 1766 1078 1820 in
1098 1780 1261 1818 unum
1282 1763 1511 1817 redactis
1533 1780 1553 1815 ι
1567 1764 1770 1819 umbra:
1790 1782 1807 1814 ι
1835 1780 2050 1835 pugna:-

2146 576 2304 630 τοῦτό
2338 592 2401 643 γε
2433 574 2492 628 τὸ
2522 576 2684 645 μέρος
2714 576 2813 643 τῆς
2841 573 3047 636 κονίας,
3075 572 3139 643 ἣν
3163 574 3209 623 οἱ
3243 571 3404 623 δεινοὶ
3432 569 3714 642 ζωγράφοι

2145 667 2222 737 τῷ
2255 667 2372 737 ἐμῷ
2408 667 2723 737 χαρακτῆρι
2768 666 3173 737 προσέπλασεν,
3194 665 3510 734 Ὀεωρητέον
3539 664 3603 717 ἂν
3631 665 3716 735 εῐη

2147 758 2254 829 πρὸ
2285 756 2391 810 τῶν
2419 758 2615 824 ἄλλων,
2648 758 2715 811 δι’
2741 751 2814 809 ὧν
2849 759 3024 810 ἐκεῖνο
3061 756 3121 809 τὸ
3152 756 3248 818 τῆς
3285 755 3493 817 εἰκόνος
3534 754 3719 822 ἅμαρ-

2144 850 2316 903 τωλὲν
2349 851 2633 919 ἐπιτυχίαν
2690 850 2937 920 εὑρήσει,
2972 849 3053 901 ὅτι
3104 847 3163 899 οὐ
3216 846 3457 909 πάντως,
3501 844 3624 898 οὐδὲ
3661 842 3721 909 ἐξ

2148 943 2394 1014 ἀνάγκης
2426 941 2644 1006 ταύτὸν,
2678 943 2814 1013 πρὸς
2839 941 3050 994 ἔννοιαν
3080 940 3349 1002 συνθέτως
3370 955 3430 990 τε
3461 953 3723 1006 προενεγ-

2149 1035 2266 1088 κεῖν
2315 1034 2555 1103 όνόματά
2606 1050 2748 1097 τινα,
2780 1034 2873 1086 καὶ
2919 1031 2985 1084 αὖ
3022 1032 3183 1085 πάλιν
3217 1029 3530 1099 ἐξαγγεῖλαι
3578 1029 3723 1082 κατά

2150 1124 2477 1197 παράθεσιν.
2529 1123 2670 1175 Ἀλλ’
2701 1123 2888 1192 ὥσπερ
2920 1123 3018 1174 οὐκ
3045 1124 3123 1183 είς
3156 1121 3351 1173 ταύτὸν
3385 1119 3471 1173 ἀεὶ
3513 1120 3722 1187 νοήμαι

2146 1236 2237 1281 τας
2291 1217 2547 1288 ἔρχονται
2596 1216 2770 1280 λέξεις
2811 1215 3197 1285 ἀφωρισμέναι
3268 1213 3371 1283 ἰδία
3425 1211 3522 1265 καὶ
3565 1210 3724 1273 αὗηις

2150 1310 2587 1380 παρατιθέμεναι
2616 1309 2698 1378 (οὐ
2744 1308 2849 1378 γὰρ
2898 1307 3165 1376 δήπουθεν
3198 1305 3725 1377 καταμόναςογραμ-

2153 1402 2358 1473 ματεύς
2387 1418 2471 1465 τις
2500 1401 2815 1470 λεγόμενος,
2850 1401 2943 1453 καὶ
2977 1394 3043 1453 αὖ
3079 1399 3243 1452 πάλιν
3276 1397 3382 1468 ἰδία
3417 1396 3585 1466 ταχὺς
3619 1395 3720 1465 ἤδη

2150 1493 2243 1543 καὶ
2269 1490 2633 1561 γραμματεὺς
2659 1490 2828 1559 ταχὺς
2861 1489 3178 1557 ἀναγκαίως
3206 1486 3450 1540 ἐκϐαίνει
3471 1499 3486 1515 ο
3515 1486 3626 1538 οὐδ’
3657 1484 3722 1538 ἂν

2149 1581 2177 1632 6
2212 1582 2307 1634 καὶ
2358 1580 2558 1643 ἱππεὺς
2605 1578 2815 1644 ἁπλῶς,
2851 1579 2947 1633 καί⁸
2981 1577 3103 1632 κατ’
3142 1578 3281 1630 ἰδίαν
3327 1575 3566 1645 ἀγαθὸς,
3619 1575 3721 1645 ff”;

2149 1674 2244 1726 aui.
2276 1676 2353 1735 είς
2383 1672 2591 1741 ἀγαθὸν
2620 1673 2793 1726 ἱππέα
2816 1669 2939 1725 κατ’
2962 1671 3209 1740 ἀνάγκην
3239 1667 3722 1740 συνδραμοῦνται),

2153 1765 2324 1827 οὕτως
2349 1764 2458 1817 oL6'
2494 1765 2573 1827 είς
2591 1764 2786 1819 ταύτὸν
2821 1764 3012 1831 ἄγεται
3047 1780 3068 1813 ι
3111 1763 3439 1832 σκιαμαχεῖν
3466 1780 3485 1813 3
3522 1762 3720 1823 εἰπεῖν,

458 1879 566 1935 que
583 1861 909 1923 nominibus,
931 1868 986 1913 et
1008 1871 1220 1911 rursum
1244 1874 1261 1907 ι
1291 1855 1390 1909 sub
1410 1855 1599 1909 umbra
1622 1870 1890 1925 pugnare:
1915 1860 2043 1911 3lioc

2155 1858 2243 1926 ὑφ’
2270 1853 2327 1909 ἓν
2358 1858 2635 1925 ἀγαγόντα
2685 1856 2840 1927 ῥῆμα
2895 1854 2956 1906 τὸ
3004 1857 3104 1923 τῆς
3148 1871 3165 1903 ι
3220 1854 3377 1914 σκιᾶς
3420 1870 3439 1902 3
3494 1849 3723 1916 καὶτῆς

458 1956 677 2025 quidem
702 1964 961 2023 prospere
993 1950 1049 2001 iit
1084 1958 1137 2001 et
1167 1947 1531 2011 desideratur,
1557 1945 1685 1999 dum
1712 1947 2042 2001 sciamachia

458 2046 912 2116 vituperationem
948 2041 1110 2094 habet
1139 2050 1190 2093 et
1220 2038 1377 2107 juxta
1410 2039 1756 2108 proverbium
1787 2038 1853 2090 ad
1904 2037 2045 2092 idem

458 2140 597 2194 redit
617 2153 679 2191 ac
710 2134 854 2192 aeris
898 2130 1228 2187 verberatio.
1263 2130 1355 2185 Sic
1380 2131 1544 2184 etiam
1583 2146 1602 2180 ι
1632 2129 1997 2197 chirodicum,
2023 2147 2042 2183 3

459 2246 654 2286 manus
690 2229 935 2298 iurisque
963 2225 1277 2295 coniunctio
1309 2222 1743 2292 vituperabiliter
1767 2221 2046 2289 ostendit;

459 2326 609 2382 illum
638 2334 847 2377 autemr
877 2319 1078 2390 quijus
1104 2319 1154 2370 in
1179 2316 1429 2370 manibus
1449 2315 1628 2382 habet,
1665 2332 1684 2367 3
1709 2316 2048 2370 laudabiliter

461 2416 725 2485 designat.
758 2411 968 2466 Pariter
1005 2427 1024 2460 ι
1055 2406 1374 2476 sceptrifen
1414 2406 1630 2476 quidem
1656 2418 1737 2459 est
1762 2407 2047 2460 verborum

462 2507 853 2577 compositione
877 2518 999 2567 rex;
1033 2519 1051 2553 ι
1080 2511 1346 2568 sceptrum
1378 2516 1398 2551 ι
1432 2506 1615 2552 autem
1648 2497 1911 2564 disjuncte
1946 2496 2052 2550 fert

463 2614 662 2655 curvus
680 2607 735 2653 et
754 2596 1003 2651 sordidus
1023 2594 1220 2648 Ithaca:
1242 2591 1524 2645 mendicus
1539 2589 1776 2660 Ulysses.
1800 2608 1819 2641 ι
1837 2589 2050 2643 Δηὼ-,ιο

458 2693 600 2765 poda
629 2711 649 2744 3
680 2691 929 2745 novimus
953 2688 1170 2758 quidem
1208 2703 1228 2737 ι
1252 2686 1476 2740 serviles
1500 2699 1788 2754 personas;
1816 2700 1836 2734 3
1859 2683 1903 2736 si
1931 2683 2052 2751 quis

462 2798 640 2841 autem
689 2786 1039 2852 expressiOne
1070 2781 1246 2835 soluta
1279 2777 1410 2832 dicit
1446 2795 1465 2829 ι
1504 2778 1780 2831 hominum
1812 2778 1994 2846 pedes,
2026 2794 2044 2828 ι

460 2880 682 2934 exinde:
704 2879 950 2945 drapetas
972 2873 1209 2927 3iuveuit
1230 2886 1469 2926 servos.r
1491 2868 1797 2923 Bubulcitat
1821 2888 1839 2921 ι
1857 2868 2052 2938 aliquis

462 2971 606 3025 velut
628 2968 891 3039 agricola:
922 2984 941 3017 ι
974 2972 1137 3019 boves
1160 2972 1339 3017 autem
1361 2963 1541 3030 praedo
1563 2961 1832 3015 abducit.3
1869 2979 1887 3011 ι
1908 2960 2056 3013 Auti-

409 3075 419 3084 ’
452 3077 557 3117 cas
580 3080 598 3113 3
626 3060 844 3129 quidem
869 3077 886 3109 ι
914 3062 1085 3112 bonus
1106 3073 1124 3106 3
1155 3055 1412 3108 virtutem
1437 3052 1630 3106 habet:
1657 3070 1675 3102 ι
1708 3053 2004 3122 philocalus
2026 3070 2047 3103 ι

453 3166 644 3209 autem
670 3154 825 3207 aliter
857 3148 1193 3219 intelligitur,
1218 3157 1272 3200 et
1305 3146 1562 3199 malitiam
1590 3144 1812 3208 indicat,
1838 3146 2050 3215 qualem

452 3246 623 3302 uiam
647 3245 828 3300 dicere
849 3240 1122 3312 sapientes
1147 3237 1394 3293 lmsitant
1425 3254 1443 3288 ι
1467 3234 1598 3291 Boni
1625 3254 1644 3287 3
1676 3240 1891 3307 quidem
1913 3255 1931 3289 ι
1964 3252 2055 3307 pe-

452 3341 558 3394 ~des
591 3357 608 3391 3
631 3335 960 3392 conveniunt
980 3332 1146 3388 etiam
1173 3331 1326 3397 viris,
1364 3330 1579 3384 heroice
1600 3331 1905 3398 agentibus,
1927 3346 2052 3387 cum

455 3431 580 3485 ilice
597 3429 758 3482 verba
774 3431 1113 3495 separantur:
1135 3420 1188 3475 in
1203 3436 1366 3474 unmu
1386 3428 1564 3473 autent
1580 3421 1890 3489 conjuncta,
1905 3422 2054 3475 calli-

464 3526 667 3592 sphyro
691 3517 955 3589 (pulchris
980 3513 1227 3584 pedibus)
1256 3512 1536 3565 mulierem
1574 3522 1863 3568 exornant.
1898 3531 1917 3566 ι
1957 3512 2057 3568 Sa-

454 3631 560 3670 cro
582 3612 912 3667 ministeri03
941 3610 984 3664 si
1006 3608 1128 3678 quis
1145 3617 1426 3670 oneratur,
1447 3605 1621 3659 sacris
1642 3605 1702 3659 lit
1726 3616 1880 3674 aptus
1902 3624 1917 3662 :
1938 3610 2057 3661 hie-

459 3707 693 3764 rudulus
711 3714 888 3760 autem
911 3704 1107 3774 (quoad
1132 3696 1352 3769 nomen)
1369 3698 1585 3751 minime
1602 3699 1872 3753 convenit.
1897 3717 1915 3751 ι
1929 3698 2058 3753 Fer-

467 3801 654 3854 vidum
686 3812 829 3867 opus
863 3814 883 3848 3
926 3796 1055 3850 facit
1087 3808 1378 3864 arrogans:
1424 3811 1452 3843 α
1476 3793 1810 3862 θερμουργεῖ
1837 3807 1881 3842 ιη
1909 3791 2058 3861 (ler-

466 3893 592 3945 vide
608 3887 888 3960 operatur)
910 3889 1071 3943 homo
1093 3888 1272 3955 tortis;
1297 3888 1510 3943 videtur
1532 3886 1673 3940 idem
1690 3882 1892 3953 aliquid
1910 3879 2058 3952 quod

463 3983 735 4041 habeatur
755 3994 932 4037 sermo
949 3995 1043 4048 per
1072 3996 1093 4031 ι
1113 3982 1382 4048 artiepum
1408 3997 1429 4031 3
1460 3976 1677 4051 (callide
1695 3974 2061 4045 dimetati)“

470 4080 617 4131 artia
650 4074 766 4145 (seu
799 4074 1060 4142 perfecta)
1100 4074 1439 4141 loquentem:
1465 4070 1559 4127 sed
1589 4068 1679 4139 qui
1702 4070 2056 4138 posteriorem

467 4165 655 4222 soluto
682 4163 847 4218 modo
874 4164 1079 4230 sumit,
1108 4170 1167 4216 ut
1198 4161 1438 4230 perlecta
1478 4160 1782 4229 loquentem
1816 4159 2062 4214 laudabi-

464 4264 575 4317 tem
598 4254 767 4317 novit,
803 4253 1071 4323 artiepum
1099 4265 1278 4308 autem
1302 4263 1360 4306 ut
1385 4256 1734 4321 impostorem
1766 4253 2056 4320 vituperat.

466 4350 643 4420 ilujus
678 4358 859 4402 autem
886 4356 1137 4401 auctores
1164 4343 1427 4406 methodi,
1449 4343 1653 4412 quibus
1691 4343 1976 4397 diversitas
2004 4343 2057 4396 in

463 4443 742 4498 solutione
761 4439 1070 4505 verborum,
1088 4447 1142 4492 et
1159 4438 1354 4491 iterum
1377 4438 1428 4491 in
1447 4452 1629 4491 eorum
1648 4437 2057 4504 compositione,

2154 1967 2173 2001 ι
2220 1950 2397 2020 μάχης
2436 1967 2454 2000 ι
2491 1948 2685 2017 ὄνομα,
2738 1950 2832 2001 καὶ
2876 1945 3036 2010 αὖθις
3077 1948 3135 1999 τὸ
3174 1964 3192 1998 ι
3241 1945 3345 1998 ὑπὸ
3392 1945 3518 2013 σκιᾷ
3552 1942 3724 2012 μαχε-

2150 2043 2310 2096 σθαι’
2350 2061 2368 2094 3
2405 2040 2539 2093 ἀλλὰ
2583 2039 2743 2094 τοῦτο
2779 2038 2880 2110 μὲν
2928 2039 3025 2093 καὶ
3074 2038 3383 2108 εὐτυχεῖται
3416 2035 3512 2088 καὶ
3545 2033 3727 2085 ποθεῖ-

2148 2151 2261 2198 ται,
2289 2135 2317 2187 6
2351 2134 2408 2187 δὲ
2442 2152 2460 2185 ι
2500 2132 2824 2203 σκιαμαχῶν
2861 2150 2880 2185 3
2920 2133 3001 2196 ei;
3030 2130 3201 2200 ψόγον
3233 2128 3627 2184 ἀποτάσσεται,
3665 2125 3752 2198 ὃν,

2150 2222 2291 2281 οἶδεν
2325 2226 2359 2296 ἡ
2393 2225 2662 2295 παροιμία
2690 2228 2768 2287 εἰς
2800 2225 2999 2277 ταύτὸν
3028 2223 3232 2294 ἥκοντα
3270 2221 3347 2292 τῷ
3384 2239 3404 2273 ι
3441 2219 3579 2288 ἀέρα
3610 2217 3725 2269 δαι-

2155 2334 2323 2389 ροντι.
2364 2335 2382 2369 3
2418 2316 2577 2371 Οὕτω
2604 2316 2661 2369 δὶ
2700 2316 2911 2370 καὶτὸν
2947 2315 3046 2387 μὲν
3079 2333 3098 2368 ι
3133 2315 3440 2385 χειροδίκην
3478 2330 3496 2363 3
3532 2312 3565 2381 ἡ
3602 2327 3728 2363 συν-

2152 2408 2341 2480 θετικὴ
2371 2408 2622 2478 κόλλησις
2650 2407 2749 2479 τῆς
2780 2424 2837 2461 τε
2865 2425 2884 2460 ι
2918 2407 3123 2479 χειρὸς,
3160 2425 3182 2458 ι
3217 2406 3314 2475 τῆς
3347 2423 3405 2460 τε
3445 2423 3462 2457 ι
3491 2404 3671 2474 δίκης,
3697 2420 3717 2455 3

2150 2492 2425 2575 ψεκτικῶς
2459 2503 2983 2575 παραδειγματίζει·
3027 2504 3118 2559 τὸν
3149 2503 3203 2557 δὲ
3237 2521 3257 2554 r
3296 2505 3353 2555 ὲν
3394 2504 3576 2572 χεροῖν
3620 2499 3723 2570 τὴν

2150 2596 2309 2665 δίκην
2374 2595 2567 2666 ἔχοντα
2631 2613 2650 2647 3
2711 2597 2954 2659 ἐπαίνοις
3004 2595 3329 2664 ἀπσκλῃροῖ.
3389 2595 3491 2645 Τὸν
3537 2593 3727 2661 ὅμοιον

2153 2691 2355 2760 τρόπον
2389 2706 2409 2740 ‹
2440 2687 2783 2759 σκηπτοῦχος
2803 2707 2825 2742 3
2863 2689 2962 2759 μὲν
2989 2690 3130 2743 κατά
3151 2688 3455 2758 συναίρεσιν
3479 2684 3677 2749 λέξεων
3700 2686 3727 2736 6

2155 2780 2444 2853 βασιλεύςο
2485 2802 2501 2832 ι
2537 2782 2815 2853 σκῆπτρον
2853 2800 2872 2835 3
2908 2782 3007 2852 μέν
3055 2799 3136 2834 τοι
3165 2778 3569 2848 διαλελυμένως
3611 2777 3728 2846 ἔχει

2153 2875 2248 2928 καὶ
2278 2876 2305 2927 6
2343 2876 2400 2926 ἐν
2441 2872 2624 2945 Ἰθάκῃ
2658 2874 2842 2944 ῥικνὸς
2874 2875 2969 2928 καὶ
2989 2873 3257 2945 ρυπαλέος
3281 2872 3511 2938 ἐπαίτης
3536 2868 3728 2921 Ὀδυσ-

2155 2964 2302 3027 σεύς.
2335 2964 2574 3035 Οἴδαμεν
2610 2984 2629 3017 ι
2674 2966 2985 3033 ἀνδράποδα
3021 2984 3039 3017 3
3091 2966 3192 3035 μὲν
3215 2966 3281 3017 τά
3317 2980 3335 3014 ι
3366 2962 3526 3015 δοῦλα
3558 2961 3728 3029 πρόσ-

2154 3074 2312 3112 ωπα·
2353 3078 2372 3110 3
2417 3058 2676 3122 διαλύσας
2729 3061 2785 3112 δέ
2834 3077 2918 3122 τις
2973 3057 3074 3129 τὴν
3110 3056 3277 3124 λέξιν,
3313 3059 3406 3108 καὶ
3442 3073 3460 3105 ι
3514 3053 3726 3123 ἀνδρῶν

2155 3152 2324 3216 πόδας
2345 3169 2364 3204 3
2397 3151 2587 3220 είπὼν,
2608 3171 2627 3204 ι
2662 3153 2937 3223 δραπέτας
2963 3172 2982 3204 3
3013 3151 3266 3206 ἐντεῦθεν
3296 3143 3424 3221 εὗρε
3456 3149 3580 3210 τοὺς
3600 3146 3728 3198 δού-

2156 3244 2296 3307 λους.
2340 3243 2451 3297 Καὶ
2479 3244 2586 3314 μὴν
2620 3261 2639 3295 ι
2678 3243 2931 3314 βοηλατεῖ
2966 3263 2984 3294 3
3022 3243 3123 3312 μέν
3152 3259 3235 3305 τις
3258 3237 3507 3312 γεωργοῦ
3529 3237 3684 3306 δίκην
3709 3249 3726 3265 θ

2161 3355 2180 3388 ι
2220 3334 2344 3406 βοῦς
2375 3336 2430 3388 δὲ
2467 3336 2686 3390 ἐλαύνει
2720 3355 2739 3388 3
2775 3339 2800 3389 6
2834 3335 3174 3406 ληϊζόμενος.
3203 3333 3311 3386 Καὶ
3339 3350 3357 3383 ι
3390 3330 3539 3399 φίλος
3567 3347 3585 3377 3
3628 3325 3731 3395 μὲν

2161 3445 2180 3480 ι
2221 3426 2386 3490 καλὸς
2419 3447 2438 3479 ι
2478 3428 2681 3500 ἀρετὴν
2716 3429 2867 3499 ἔχει·
2904 3429 2933 3480 6
2976 3446 2994 3478 ι
3034 3425 3321 3496 φιλόκαλος
3359 3443 3375 3475 3
3414 3424 3471 3476 δὲ
3516 3418 3729 3480 ἀλλοῖός

2156 3519 2214 3573 τέ
2253 3512 2370 3573 ἐστι
2396 3520 2544 3575 κατὰ
2581 3522 2730 3587 νοῦν,
2774 3520 2870 3574 καί
2902 3536 3033 3573 ποτε
3077 3519 3176 3573 καὶ
3205 3518 3406 3572 κακίαν
3449 3513 3734 3586 παραφαί-

2157 3630 2257 3679 νει,
2282 3614 2475 3667 ὁποίαν
2510 3615 2606 3667 καὶ
2648 3614 2827 3682 λέγειν
2877 3611 3133 3666 ὀκνοῦσιν
3182 3614 3233 3665 οῖ
3286 3612 3584 3684 σώφρονες.
3620 3611 3732 3664 Καὶ

2163 3722 2183 3757 ι
2225 3705 2366 3759 καλά
2403 3723 2423 3758 3
2467 3706 2567 3777 μὲν
2614 3724 2631 3757 r
2672 3704 2855 3776 σφυρά
2892 3722 2913 3756 3
2950 3705 3250 3775 ἐπιπρέπει
3302 3703 3398 3757 καὶ
3447 3702 3730 3774 ἀνδράσιν,

2159 3797 2413 3867 ἡρωῖκῶς
2442 3797 2872 3869 ἀνδριζομένοις,
2900 3800 2992 3852 ὅτε
3023 3798 3323 3852 διίστανται
3342 3814 3357 3829 ο
3388 3798 3644 3870 ἡνωμένα
3672 3797 3732 3849 δὲ

2159 3890 2239 3951 εἰς
2272 3889 2331 3941 ἓν
2374 3892 2610 3958 γυναῖκα
2652 3892 2920 3961 κοσμοῦσι
2947 3892 3024 3960 τῷ
3076 3890 3452 3962 καλλισφύρῳ.
3496 3909 3515 3943 ι
3577 3893 3729 3961 Ἱερᾷ

2161 3979 2377 4052 δουλεία
2403 4000 2421 4033 3
2445 3982 2738 4052 βαρύνεταὲ
2771 4000 2876 4047 τις,
2909 3985 3004 4036 καὶ
3036 3984 3183 4036 ἐστιν
3213 3983 3546 4055 ἱεροπρεπής
3569 3998 3582 4010 ·
3615 3985 3643 4035 6
3670 3982 3731 4034 δὲ

2162 4071 2573 4141 συντεθειμένος
2603 4075 2685 4136 εἰς
2721 4090 2740 4125 ι
2779 4074 3080 4144 ίερέδουλον
3115 4092 3136 4126 3
3164 4074 3225 4127 οὐ
3261 4074 3403 4127 πάνυ
3430 4075 3728 4144 ἐκπρέπει.

2167 4185 2184 4217 ι
2224 4166 2437 4237 Θερμὺν
2469 4166 2630 4237 ἔργον
2675 4186 2695 4220 3
2739 4168 2840 4240 δρᾷ
2866 4169 2894 4221 6
2916 4167 3376 4237 αὑθαδιζόμενος·
3414 4186 3433 4221 ι
3460 4169 3732 4238 θερμουρδ

2159 4261 2248 4327 γεῖ
2282 4276 2301 4309 3
2341 4258 2397 4312 δὲ
2425 4260 2570 4313 κατά
2606 4260 2758 4313 θέσιν
2783 4260 2811 4313 6
2844 4259 3251 4331 ἀνδριζόμενος.
3274 4261 3436 4313 Δοκεῖ
3456 4261 3651 4313 ταύτόν
3674 4277 3733 4312 τι

2160 4349 2443 4404 λαλεῖσθαι
2479 4350 2569 4405 διὰ
2618 4350 2711 4404 τοῦ
2761 4369 2782 4405 ι
2818 4351 3115 4425 ἀρτιεποῢς
3151 4370 3170 4404 3
3221 4354 3313 4406 καὶ
3352 4351 3447 4407 τοῦ
3499 4372 3518 4405 r
3565 4354 3731 4422 ipsa

2164 4439 2440 4509 βάζοντοςο
2466 4458 2486 4491 3
2524 4440 2637 4492 ἀλλ’
2666 4443 2693 4493 6
2728 4443 3071 4512 χρησάμενος
3099 4441 3189 4495 τὸν
3215 4442 3311 4512 μὲν
3345 4442 3730 4511 διαλελυμένον

470 4535 721 4590 ordinata
739 4539 841 4597 est,
865 4544 963 4586 nec
986 4548 1004 4581 ι
1030 4529 1200 4600 patris
1225 4542 1599 4599 percussorem
1637 4546 1653 4579 ι
1682 4530 1883 4583 ducunt
1900 4542 2051 4608 gun-

2160 4532 2241 4594 είς
2270 4532 2333 4584 τὸ
2367 4550 2385 4583 ι
2420 4530 2606 4601 βάζειν
2633 4534 2796 4602 ἄρτια
2829 4550 2848 4584 3
2880 4535 3166 4589 ἐπαινετὸν
3197 4531 3326 4597 οἶδε,
3358 4535 3517 4603 ψέγει
3541 4535 3596 4586 δὲ
3636 4534 3730 4585 τὸν

470 4629 596 4685 dent
620 4642 684 4682 ac
706 4641 829 4680 eum
858 4640 879 4675 ι
916 4622 1007 4690 qui
1031 4623 1266 4691 percutit
1288 4629 1519 4690 patrem,
1550 4640 1569 4674 ι
1593 4621 1859 4690 siquidem
1885 4624 2055 4689 patris

469 4732 764 4791 percussor
782 4716 838 4770 in
861 4710 1182 4791 habitudine
1203 4713 1420 4767 malitiae
1436 4726 1540 4778 est,
1561 4714 1792 4766 sicutetc
1822 4713 2057 4766 verberi-

472 4790 664 4881 puter;
696 4825 715 4858 3
739 4808 864 4861 dum
883 4805 1079 4874 aliquis
1103 4790 1309 4874 patrem
1339 4804 1477 4857 forte
1498 4803 1763 4872 percussit
1783 4804 2054 4870 ignorans.

473 4903 583 4957 Nec
609 4920 627 4953 ι
653 4897 1061 4967 himatiopolam
1086 4913 1105 4946 3
1131 4906 1184 4950 et
1201 4911 1322 4949 eum
1346 4896 1433 4965 qui
1456 4896 1831 4951 veStimeutum
1849 4896 2052 4960 Vendit,

472 4995 539 5049 ad
564 5004 750 5062 parem
781 4986 1102 5043 sententiam
1146 4986 1445 5051 adducunt,
1486 4996 1739 5055 tanquam
1786 4987 1852 5042 ad
1882 4998 2052 5042 artem

476 5088 797 5141 reducentes
828 5096 848 5130 ι
879 5079 1280 5149 himatiopolam
1307 5096 1447 5144 esse,
1478 5101 1499 5131 ν
1542 5080 1923 5134 vestimentum
1957 5096 2053 5132 au-

474 5189 584 5233 tem
612 5173 846 5228 vendere
867 5170 1175 5237 iudicantes
1196 5187 1317 5226 eum
1345 5174 1436 5240 qui
1473 5171 1578 5226 hoc
1606 5172 1689 5225 vel
1710 5178 1875 5227 semel
1902 5173 2051 5227 fecit.
2095 5157 2100 5162 ’

2163 4643 2182 4676 ι
2212 4623 2451 4695 ἀρτιεπῆ
2490 4642 2509 4676 3
2545 4624 2620 4687 ὡς
2644 4626 2959 4679 ἐπίκλοπον.
3011 4628 3074 4680 Οἱ
3110 4626 3168 4680 δὲ
3197 4630 3297 4697 τῆς
3341 4627 3595 4695 τοιαύτης
3633 4644 3733 4695 με-

2159 4717 2312 4771 θόδου
2345 4717 2604 4788 πατέρες,
2636 4714 2717 4781 οἷς
2747 4719 3059 4790 ἑτεροιότης
3088 4720 3147 4773 ἐν
3190 4720 3471 4773 διαλύσεσι
3503 4719 3728 4784 λέξεων,

2161 4810 2256 4862 καὶ⁴
2286 4808 2355 4861 αὖ
2388 4807 2551 4862 πάλιν
2598 4811 2660 4863 ὲν
2711 4811 2996 4865 συνθέσεσι
3029 4812 3136 4863 τῶν
3168 4812 3347 4866 αὐτῶν
3394 4811 3731 4882 πεφυλοκρί-

2161 4916 2344 4969 νηται,
2375 4898 2497 4952 οὔτε
2536 4900 2628 4953 τὶν
2663 4918 2682 4952 ι
2719 4903 3108 4975 πατροτύπτην
3138 4921 3158 4955 3
3194 4903 3274 4966 είς
3300 4904 3497 4956 ταύτὸν
3536 4904 3731 4972 ἄγουσι

2161 4993 2237 5062 τῷ
2271 5013 2288 5043 ι
2325 4993 2582 5049 τύπτοντι
2610 4994 2846 5065 πατέρα,
2880 5013 2900 5047 3
2931 4995 3046 5064 εἴγε
3085 5015 3102 5047 ι
3149 4996 3533 5066 πατροτύπτης
3570 5017 3589 5048 3
3630 4997 3733 5063 μὲν

2162 5087 2221 5137 ἐν
2256 5085 2389 5138 εἴδει
2428 5087 2643 5153 κακίας,
2678 5089 2705 5139 6
2730 5090 2824 5141 καὶ
2852 5106 2872 5140 ‹
2898 5088 3270 5159 πατραλοίαςο
3308 5109 3327 5140 ι
3365 5093 3578 5157 πατέρα
3615 5108 3633 5139 3
3671 5089 3734 5142 δέ

2160 5193 2246 5239 τις
2282 5195 2302 5228 ι
2331 5177 2495 5247 ἐτυψέ
2526 5195 2628 5231 που
2660 5196 2679 5230 3
2719 5179 2811 5233 καὶ
2837 5179 3069 5248 ἀγνοῶν.
3100 5181 3236 5232 Οὐδὲ
3274 5182 3379 5249 μὴν
3421 5182 3511 5232 τὸν
3542 5196 3564 5232 ι
3605 5181 3738 5250 ἱμα-

472 5267 747 5337 τιοπώλην
788 5284 807 5318 ι
852 5264 1068 5319 καὶτὸν
1118 5282 1135 5315 ι
1170 5267 1456 5319 πωλοῦντα
1496 5284 1517 5318 3
1554 5265 1611 5319 δὲ
1654 5283 1672 5317 ι
1716 5265 1935 5334 ἱμάτιον
1975 5284 1994 5319 3
2042 5267 2369 5338 ξυνάγουσιν
2413 5272 2496 5334 είς
2542 5270 2751 5326 ἔννοιαν
2803 5272 3143 5343 ίσοδύναμον,
3190 5267 3279 5328 οῗα
3320 5275 3378 5327 τὸ
3408 5275 3509 5341 μὲν
3551 5292 3569 5324 ι
3602 5276 3738 5343 ίμα-

469 5360 757 5417 τιοπωλείν
799 5376 820 5409 3
857 5359 935 5421 et;
964 5358 1161 5430 τέχνην
1200 5359 1579 5430 ἀφορίζοντες,
1631 5376 1649 5409 ι
1687 5358 1890 5413 πωλεῖν
1940 5379 1958 5412 3
1992 5360 2049 5413 δὲ
2100 5378 2119 5412 ε
2169 5363 2383 5432 ἱμάτιον
2424 5381 2443 5415 3
2480 5363 2682 5428 εἰδότες
2714 5366 2807 5417 καὶ
2835 5365 2928 5418 τὸν
2956 5366 3190 5430 εἰσάπαξ
3227 5365 3288 5419 τὸ
3317 5366 3519 5419 τοιόνδε
3556 5384 3735 5437 χειρι-

478 5458 732 5524 σάμενεν.

551 5549 604 5604 7.
638 5547 765 5603 Dico
786 5562 914 5618 ergo
946 5547 1023 5600 sic
1052 5545 1399 5616 aliquomodo
1420 5560 1540 5603 sese
1563 5548 1627 5601 ad
1679 5549 1908 5604 invicem
1952 5550 2048 5602 ha-

474 5644 603 5698 bere
626 5658 645 5693 ι
667 5639 793 5694 mali
821 5638 1136 5695 memoriam
1156 5656 1178 5690 3
1200 5638 1256 5691 in
1312 5654 1417 5693 una
1449 5653 1603 5702 voce,
1642 5649 1698 5694 et
1741 5641 1792 5694 in
1823 5641 2050 5696 locutio-

469 5733 554 5788 nis
576 5727 858 5794 divisione,
879 5728 1214 5783 «meminisse
1228 5729 1373 5782 mali.
1388 5746 1406 5781 3
1425 5727 1633 5782 Etenim
1652 5730 1777 5783 mali
1794 5730 2050 5786 uictum-ia

474 5821 716 5894 quidem,
739 5835 847 5877 non
870 5821 1116 5887 honeste,
1149 5819 1421 5875 diceretur
1451 5819 1647 5889 aliquis
1678 5819 1838 5889 allici,
1863 5839 1958 5879 nec
1985 5824 2052 5878 ab

2230 5544 2294 5609 ζ’.
2336 5545 2485 5615 Φημὶ
2509 5545 2566 5598 δὲ
2591 5540 2708 5612 οὖν,
2740 5545 2883 5599 οὕτω
2913 5563 3030 5611 πως
3060 5547 3416 5618 διαφέρεσθαι
3453 5546 3588 5617 πρὸς
3628 5548 3731 5603 ἀλ-

2158 5639 2295 5708 ληλα
2320 5640 2419 5708 τήν
2447 5655 2507 5691 τε
2540 5639 2660 5693 καθ’
2691 5639 2747 5694 ἓν
2778 5639 2949 5711 ὄνομα
2983 5659 2999 5692 ι
3042 5644 3435 5711 μνησικακίαν,
3471 5660 3489 5694 ›
3535 5645 3629 5694 καὶ
3665 5646 3732 5695 τὸ

2163 5733 2220 5784 ἐν
2247 5731 2499 5802 διχασμῷ
2541 5733 2797 5801 φράσεως
2854 5752 2873 5785 ι
2919 5734 3227 5804 μεμνῆσθαι
3261 5734 3458 5789 κακοῦ.
3509 5736 3733 5804 Μνησι-

2168 5830 2360 5880 κακεῖν
2396 5847 2412 5878 3
2450 5827 2546 5897 μὲν
2586 5828 2692 5898 γὰρ
2715 5830 2810 5882 οὐκ
2844 5827 2908 5883 ἄν
2936 5845 3063 5882 ποτε
3093 5829 3220 5898 λέξῃ
3255 5847 3336 5895 τις
3367 5829 3731 5903 χρηστολογι-
