  <div class='ocr_page' id='page_1' title='image "/cluster/home/n/w/nwhite01/storage/ocr_20150623/136/coo.31924054870419/215.png"; bbox 0 0 4090 6412; ppageno 0'>
   <div class='ocr_carea' id='block_1_1' title="bbox 519 386 3787 470">
    <p class='ocr_par' dir='ltr' id='par_1_1' title="bbox 519 386 3787 470">
     <span class='ocr_line' id='line_1_1' title="bbox 519 386 3787 470; baseline 0.006 -21"><span class='ocrx_word' id='word_1_1' title='bbox 519 386 627 450; x_wconf 73' lang='grc'><strong>415</strong></span> <span class='ocrx_word' id='word_1_2' title='bbox 1210 393 1568 458; x_wconf 78' lang='lat' dir='ltr'><strong>EUSTATII</strong></span> <span class='ocrx_word' id='word_1_3' title='bbox 1583 398 1632 456; x_wconf 95' lang='lat' dir='ltr'><strong>ll</strong></span> <span class='ocrx_word' id='word_1_4' title='bbox 1676 394 2440 460; x_wconf 68' lang='lat' dir='ltr'><strong>THESSALONICEN&#39;SIS</strong></span> <span class='ocrx_word' id='word_1_5' title='bbox 2483 401 3054 466; x_wconf 68' lang='lat' dir='ltr'><strong>METROPOLI&#39;LE</strong></span> <span class='ocrx_word' id='word_1_6' title='bbox 3662 403 3787 470; x_wconf 68' lang='grc'><strong>416⁵</strong></span> 
     </span>
    </p>
   </div>
   <div class='ocr_carea' id='block_1_2' title="bbox 522 498 3777 592">
    <p class='ocr_par' dir='ltr' id='par_1_2' title="bbox 522 498 3777 592">
     <span class='ocr_line' id='line_1_2' title="bbox 522 498 3777 592; baseline 0.007 -39"><span class='ocrx_word' id='word_1_7' title='bbox 522 498 711 565; x_wconf 79' lang='grc' dir='ltr'>αὐτοῦ,</span> <span class='ocrx_word' id='word_1_8' title='bbox 747 500 821 569; x_wconf 81' lang='grc' dir='ltr'>μὴ</span> <span class='ocrx_word' id='word_1_9' title='bbox 855 500 1069 571; x_wconf 68' lang='grc' dir='ltr'>ἔχοντος</span> <span class='ocrx_word' id='word_1_10' title='bbox 1102 503 1158 558; x_wconf 73' lang='grc' dir='ltr'>δὲ</span> <span class='ocrx_word' id='word_1_11' title='bbox 1202 504 1457 576; x_wconf 78' lang='grc' dir='ltr'>βοήθειάν</span> <span class='ocrx_word' id='word_1_12' title='bbox 1490 526 1609 562; x_wconf 89' lang='grc' dir='ltr'>τινα</span> <span class='ocrx_word' id='word_1_13' title='bbox 1650 507 1856 579; x_wconf 82' lang='grc' dir='ltr'>ὀχυρὰν</span> <span class='ocrx_word' id='word_1_14' title='bbox 1921 506 2319 577; x_wconf 79' lang='grc' dir='ltr'>προϐαλέσθαι,</span> <span class='ocrx_word' id='word_1_15' title='bbox 2385 511 2455 566; x_wconf 84' lang='grc' dir='ltr'><strong>δι’</strong></span> <span class='ocrx_word' id='word_1_16' title='bbox 2519 507 2587 582; x_wconf 82' lang='grc' dir='ltr'>ἦς</span> <span class='ocrx_word' id='word_1_17' title='bbox 2638 513 2740 587; x_wconf 80' lang='grc' dir='ltr'>τὴν</span> <span class='ocrx_word' id='word_1_18' title='bbox 2810 514 3065 588; x_wconf 79' lang='grc' dir='ltr'><strong>τοιαύτην</strong></span> <span class='ocrx_word' id='word_1_19' title='bbox 3114 514 3384 572; x_wconf 73' lang='grc' dir='ltr'>ἀνάϐασιν</span> <span class='ocrx_word' id='word_1_20' title='bbox 3434 518 3777 592; x_wconf 83' lang='grc' dir='ltr'>ἀποκρούσε-</span> 
     </span>
    </p>
   </div>
   <div class='ocr_carea' id='block_1_3' title="bbox 522 612 636 649">
    <p class='ocr_par' dir='ltr' id='par_1_3' title="bbox 522 612 636 649">
     <span class='ocr_line' id='line_1_3' title="bbox 522 612 636 649; baseline 0.018 -2"><span class='ocrx_word' id='word_1_21' title='bbox 522 612 636 649; x_wconf 89' lang='grc' dir='ltr'>ται.</span> 
     </span>
    </p>
   </div>
   <div class='ocr_carea' id='block_1_4' title="bbox 594 690 2078 777">
    <p class='ocr_par' dir='ltr' id='par_1_4' title="bbox 594 690 2078 770">
     <span class='ocr_line' id='line_1_4' title="bbox 594 690 2078 770; baseline 0.007 -26"><span class='ocrx_word' id='word_1_22' title='bbox 594 690 681 745; x_wconf 76' lang='lat' dir='ltr'><strong>il.</strong></span> <span class='ocrx_word' id='word_1_23' title='bbox 718 690 943 762; x_wconf 82' lang='lat' dir='ltr'><strong>Itaque,</strong></span> <span class='ocrx_word' id='word_1_24' title='bbox 1004 708 1127 749; x_wconf 84' lang='lat' dir='ltr'><strong>cum</strong></span> <span class='ocrx_word' id='word_1_25' title='bbox 1188 697 1313 751; x_wconf 87' lang='lat' dir='ltr'><strong>mali</strong></span> <span class='ocrx_word' id='word_1_26' title='bbox 1373 700 1647 756; x_wconf 63' lang='lat' dir='ltr'><strong>memoriae</strong></span> <span class='ocrx_word' id='word_1_27' title='bbox 1694 701 1915 770; x_wconf 82' lang='lat' dir='ltr'><strong>quidem</strong></span> <span class='ocrx_word' id='word_1_28' title='bbox 1974 710 2078 757; x_wconf 91' lang='lat' dir='ltr'><strong>ten-</strong></span> 
     </span>
    </p>
   </div>
   <div class='ocr_carea' id='block_1_5' title="bbox 2185 690 3774 777">
    <p class='ocr_par' dir='ltr' id='par_1_5' title="bbox 2273 700 3774 777">
     <span class='ocr_line' id='line_1_5' title="bbox 2273 700 3774 777; baseline 0.003 -22"><span class='ocrx_word' id='word_1_29' title='bbox 2273 700 2364 756; x_wconf 85' lang='grc' dir='ltr'>ια’.</span> <span class='ocrx_word' id='word_1_30' title='bbox 2413 703 2475 756; x_wconf 81' lang='lat' dir='ltr'><strong>Et</strong></span> <span class='ocrx_word' id='word_1_31' title='bbox 2528 703 2708 759; x_wconf 84' lang='grc' dir='ltr'>τοίνυν</span> <span class='ocrx_word' id='word_1_32' title='bbox 2765 705 3135 777; x_wconf 76' lang='grc' dir='ltr'><strong>μνησικακίας</strong></span> <span class='ocrx_word' id='word_1_33' title='bbox 3190 704 3291 776; x_wconf 75' lang='grc' dir='ltr'>μὲν</span> <span class='ocrx_word' id='word_1_34' title='bbox 3364 704 3602 775; x_wconf 78' lang='grc' dir='ltr'>πόλεμον</span> <span class='ocrx_word' id='word_1_35' title='bbox 3654 703 3774 759; x_wconf 74' lang='grc' dir='ltr'>ἔστι</span> 
     </span>
    </p>
   </div>
   <div class='ocr_carea' id='block_1_6' title="bbox 519 780 2078 866">
    <p class='ocr_par' dir='ltr' id='par_1_6' title="bbox 519 780 2078 862">
     <span class='ocr_line' id='line_1_6' title="bbox 519 780 2078 862; baseline 0.008 -30"><span class='ocrx_word' id='word_1_36' title='bbox 519 780 655 833; x_wconf 84' lang='lat' dir='ltr'><strong>tatio</strong></span> <span class='ocrx_word' id='word_1_37' title='bbox 684 791 860 851; x_wconf 89' lang='lat' dir='ltr'><strong>potest</strong></span> <span class='ocrx_word' id='word_1_38' title='bbox 908 785 1114 852; x_wconf 85' lang='lat' dir='ltr'><strong>repelli,</strong></span> <span class='ocrx_word' id='word_1_39' title='bbox 1162 787 1206 841; x_wconf 90' lang='lat' dir='ltr'><strong>si</strong></span> <span class='ocrx_word' id='word_1_40' title='bbox 1255 788 1378 857; x_wconf 87' lang='lat' dir='ltr'><strong>quis</strong></span> <span class='ocrx_word' id='word_1_41' title='bbox 1425 791 1490 843; x_wconf 86' lang='lat' dir='ltr'><strong>ad</strong></span> <span class='ocrx_word' id='word_1_42' title='bbox 1550 791 1653 846; x_wconf 91' lang='lat' dir='ltr'><strong>hoc</strong></span> <span class='ocrx_word' id='word_1_43' title='bbox 1702 791 1993 862; x_wconf 75' lang='lat' dir='ltr'><strong>diligenter</strong></span> <span class='ocrx_word' id='word_1_44' title='bbox 2039 805 2078 845; x_wconf 78' lang='lat' dir='ltr'><strong>st</strong></span> 
     </span>
    </p>
   </div>
   <div class='ocr_carea' id='block_1_7' title="bbox 2185 780 3779 866">
    <p class='ocr_par' dir='ltr' id='par_1_7' title="bbox 2201 793 3779 866">
     <span class='ocr_line' id='line_1_7' title="bbox 2201 793 3779 866; baseline 0.002 -20"><span class='ocrx_word' id='word_1_45' title='bbox 2201 793 2610 862; x_wconf 82' lang='grc' dir='ltr'><strong>διακρούεσθαι,</strong></span> <span class='ocrx_word' id='word_1_46' title='bbox 2637 795 2694 849; x_wconf 88' lang='grc' dir='ltr'>εῐ</span> <span class='ocrx_word' id='word_1_47' title='bbox 2735 813 2820 860; x_wconf 91' lang='grc' dir='ltr'><strong>τις</strong></span> <span class='ocrx_word' id='word_1_48' title='bbox 2849 798 2907 860; x_wconf 78' lang='grc' dir='ltr'>ὲς</span> <span class='ocrx_word' id='word_1_49' title='bbox 2951 796 3110 851; x_wconf 82' lang='grc' dir='ltr'>τοῦτο</span> <span class='ocrx_word' id='word_1_50' title='bbox 3160 797 3302 852; x_wconf 83' lang='grc' dir='ltr'><strong>κατά</strong></span> <span class='ocrx_word' id='word_1_51' title='bbox 3357 798 3595 866; x_wconf 80' lang='grc' dir='ltr'>σπουδὴν</span> <span class='ocrx_word' id='word_1_52' title='bbox 3623 796 3779 850; x_wconf 76' lang='grc' dir='ltr'>ὁπλί-</span> 
     </span>
    </p>
   </div>
   <div class='ocr_carea' id='block_1_8' title="bbox 508 870 2078 958">
    <p class='ocr_par' dir='ltr' id='par_1_8' title="bbox 508 870 2078 952">
     <span class='ocr_line' id='line_1_8' title="bbox 508 870 2078 952; baseline 0.011 -30"><span class='ocrx_word' id='word_1_53' title='bbox 508 870 807 941; x_wconf 82' lang='lat' dir='ltr'><strong>-accingat,</strong></span> <span class='ocrx_word' id='word_1_54' title='bbox 869 873 995 928; x_wconf 90' lang='lat' dir='ltr'><strong>mali</strong></span> <span class='ocrx_word' id='word_1_55' title='bbox 1057 890 1188 931; x_wconf 88' lang='lat' dir='ltr'><strong>vero</strong></span> <span class='ocrx_word' id='word_1_56' title='bbox 1250 894 1357 933; x_wconf 91' lang='lat' dir='ltr'><strong>non</strong></span> <span class='ocrx_word' id='word_1_57' title='bbox 1418 881 1696 937; x_wconf 81' lang='lat' dir='ltr'><strong>recordari</strong></span> <span class='ocrx_word' id='word_1_58' title='bbox 1748 884 1862 938; x_wconf 82' lang='lat' dir='ltr'><strong>sive</strong></span> <span class='ocrx_word' id='word_1_59' title='bbox 1918 884 2078 952; x_wconf 81' lang='lat' dir='ltr'><strong>cuius</strong></span> 
     </span>
    </p>
   </div>
   <div class='ocr_carea' id='block_1_9' title="bbox 2185 870 3783 958">
    <p class='ocr_par' dir='ltr' id='par_1_9' title="bbox 2202 882 3783 958">
     <span class='ocr_line' id='line_1_9' title="bbox 2202 882 3783 958; baseline 0.003 -21"><span class='ocrx_word' id='word_1_60' title='bbox 2202 883 2383 948; x_wconf 81' lang='grc' dir='ltr'>ζοιτο,</span> <span class='ocrx_word' id='word_1_61' title='bbox 2445 885 2616 940; x_wconf 81' lang='grc' dir='ltr'>κακοῦ</span> <span class='ocrx_word' id='word_1_62' title='bbox 2678 887 2736 942; x_wconf 68' lang='grc' dir='ltr'>δὲ</span> <span class='ocrx_word' id='word_1_63' title='bbox 2797 888 2875 958; x_wconf 80' lang='grc' dir='ltr'>μὴ</span> <span class='ocrx_word' id='word_1_64' title='bbox 2955 887 3309 958; x_wconf 81' lang='grc' dir='ltr'>μεμνῆσθαι,</span> <span class='ocrx_word' id='word_1_65' title='bbox 3386 887 3488 942; x_wconf 71' lang='grc' dir='ltr'>εἶτ’</span> <span class='ocrx_word' id='word_1_66' title='bbox 3545 882 3640 943; x_wconf 80' lang='grc' dir='ltr'><strong>οὐν</strong></span> <span class='ocrx_word' id='word_1_67' title='bbox 3706 885 3783 942; x_wconf 78' lang='grc' dir='ltr'><strong>Εκ-</strong></span> 
     </span>
    </p>
   </div>
   <div class='ocr_carea' id='block_1_10' title="bbox 519 968 2078 1044">
    <p class='ocr_par' dir='ltr' id='par_1_10' title="bbox 519 968 2078 1043">
     <span class='ocr_line' id='line_1_10' title="bbox 519 968 2078 1043; baseline 0.008 -24"><span class='ocrx_word' id='word_1_68' title='bbox 519 968 640 1020; x_wconf 86' lang='lat' dir='ltr'><strong>dam</strong></span> <span class='ocrx_word' id='word_1_69' title='bbox 686 982 850 1022; x_wconf 84' lang='lat' dir='ltr'><strong>causa</strong></span> <span class='ocrx_word' id='word_1_70' title='bbox 884 970 1225 1036; x_wconf 76' lang='lat' dir='ltr'><strong>vexationis,</strong></span> <span class='ocrx_word' id='word_1_71' title='bbox 1271 971 1467 1043; x_wconf 80' lang='lat' dir='ltr'><strong>aliquis</strong></span> <span class='ocrx_word' id='word_1_72' title='bbox 1510 977 1696 1031; x_wconf 90' lang='lat' dir='ltr'><strong>volens</strong></span> <span class='ocrx_word' id='word_1_73' title='bbox 1735 978 1955 1032; x_wconf 91' lang='lat' dir='ltr'><strong>omnino</strong></span> <span class='ocrx_word' id='word_1_74' title='bbox 1997 993 2078 1032; x_wconf 74' lang='lat' dir='ltr'><strong>non</strong></span> 
     </span>
    </p>
   </div>
   <div class='ocr_carea' id='block_1_11' title="bbox 2185 968 3777 1044">
    <p class='ocr_par' dir='ltr' id='par_1_11' title="bbox 2203 976 3777 1044">
     <span class='ocr_line' id='line_1_11' title="bbox 2203 976 3777 1044; baseline 0.001 -15"><span class='ocrx_word' id='word_1_75' title='bbox 2203 976 2367 1030; x_wconf 90' lang='grc' dir='ltr'>ποθεν</span> <span class='ocrx_word' id='word_1_76' title='bbox 2394 977 2709 1044; x_wconf 88' lang='grc' dir='ltr'>κακώσεως,</span> <span class='ocrx_word' id='word_1_77' title='bbox 2758 979 2870 1033; x_wconf 84' lang='grc' dir='ltr'>οὐδ’</span> <span class='ocrx_word' id='word_1_78' title='bbox 2896 980 2962 1033; x_wconf 78' lang='grc' dir='ltr'>ἂν</span> <span class='ocrx_word' id='word_1_79' title='bbox 3000 978 3202 1034; x_wconf 65' lang='grc' dir='ltr'>ἐθέλων</span> <span class='ocrx_word' id='word_1_80' title='bbox 3246 997 3332 1044; x_wconf 90' lang='grc' dir='ltr'><strong>τις</strong></span> <span class='ocrx_word' id='word_1_81' title='bbox 3367 977 3447 1043; x_wconf 84' lang='grc' dir='ltr'>ἐῖς</span> <span class='ocrx_word' id='word_1_82' title='bbox 3494 979 3647 1042; x_wconf 79' lang='grc' dir='ltr'>τέλος</span> <span class='ocrx_word' id='word_1_83' title='bbox 3680 979 3777 1033; x_wconf 83' lang='grc' dir='ltr'>δύ·</span> 
     </span>
    </p>
   </div>
   <div class='ocr_carea' id='block_1_12' title="bbox 516 1063 2078 1142">
    <p class='ocr_par' dir='ltr' id='par_1_12' title="bbox 516 1063 2078 1142">
     <span class='ocr_line' id='line_1_12' title="bbox 516 1063 2078 1142; baseline 0.008 -29"><span class='ocrx_word' id='word_1_84' title='bbox 516 1069 722 1130; x_wconf 86' lang='lat' dir='ltr'><strong>possct,</strong></span> <span class='ocrx_word' id='word_1_85' title='bbox 779 1063 908 1130; x_wconf 90' lang='lat' dir='ltr'><strong>quid</strong></span> <span class='ocrx_word' id='word_1_86' title='bbox 955 1065 1172 1119; x_wconf 91' lang='lat' dir='ltr'><strong>tandem</strong></span> <span class='ocrx_word' id='word_1_87' title='bbox 1234 1065 1387 1121; x_wconf 86' lang='lat' dir='ltr'><strong>illum</strong></span> <span class='ocrx_word' id='word_1_88' title='bbox 1445 1069 1535 1136; x_wconf 88' lang='lat' dir='ltr'><strong>qui</strong></span> <span class='ocrx_word' id='word_1_89' title='bbox 1583 1084 1648 1124; x_wconf 80' lang='lat' dir='ltr'><strong>ex</strong></span> <span class='ocrx_word' id='word_1_90' title='bbox 1704 1071 1882 1142; x_wconf 89' lang='lat' dir='ltr'><strong>aliqua</strong></span> <span class='ocrx_word' id='word_1_91' title='bbox 1927 1086 2078 1127; x_wconf 84' lang='lat' dir='ltr'><strong>caus:</strong></span> 
     </span>
    </p>
   </div>
   <div class='ocr_carea' id='block_1_13' title="bbox 2185 1063 3777 1142">
    <p class='ocr_par' dir='ltr' id='par_1_13' title="bbox 2203 1069 3777 1141">
     <span class='ocr_line' id='line_1_13' title="bbox 2203 1069 3777 1141; baseline 0.003 -20"><span class='ocrx_word' id='word_1_92' title='bbox 2203 1085 2389 1121; x_wconf 78' lang='grc' dir='ltr'>ναιτοο</span> <span class='ocrx_word' id='word_1_93' title='bbox 2425 1069 2479 1121; x_wconf 90' lang='grc' dir='ltr'><strong>τί</strong></span> <span class='ocrx_word' id='word_1_94' title='bbox 2525 1069 2726 1140; x_wconf 84' lang='grc' dir='ltr'>δήποτε</span> <span class='ocrx_word' id='word_1_95' title='bbox 2758 1070 2850 1125; x_wconf 79' lang='grc' dir='ltr'><strong>τὸν</strong></span> <span class='ocrx_word' id='word_1_96' title='bbox 2898 1071 3300 1141; x_wconf 74' lang='grc' dir='ltr'>ἐνθυμούμενον</span> <span class='ocrx_word' id='word_1_97' title='bbox 3338 1072 3402 1126; x_wconf 74' lang='grc' dir='ltr'>ἐκ</span> <span class='ocrx_word' id='word_1_98' title='bbox 3437 1090 3584 1135; x_wconf 89' lang='grc' dir='ltr'>τινος</span> <span class='ocrx_word' id='word_1_99' title='bbox 3617 1088 3777 1140; x_wconf 82' lang='grc' dir='ltr'>περι-</span> 
     </span>
    </p>
   </div>
   <div class='ocr_carea' id='block_1_14' title="bbox 519 1157 2078 1233">
    <p class='ocr_par' dir='ltr' id='par_1_14' title="bbox 519 1157 2078 1230">
     <span class='ocr_line' id='line_1_14' title="bbox 519 1157 2078 1230; baseline 0.009 -25"><span class='ocrx_word' id='word_1_100' title='bbox 519 1163 749 1222; x_wconf 90' lang='lat' dir='ltr'><strong>urgente</strong></span> <span class='ocrx_word' id='word_1_101' title='bbox 801 1169 861 1209; x_wconf 90' lang='lat' dir='ltr'><strong>se</strong></span> <span class='ocrx_word' id='word_1_102' title='bbox 937 1157 1134 1209; x_wconf 89' lang='lat' dir='ltr'><strong>malum</strong></span> <span class='ocrx_word' id='word_1_103' title='bbox 1203 1158 1272 1212; x_wconf 84' lang='lat' dir='ltr'><strong>al)</strong></span> <span class='ocrx_word' id='word_1_104' title='bbox 1334 1158 1519 1229; x_wconf 88' lang='lat' dir='ltr'><strong>aliquo</strong></span> <span class='ocrx_word' id='word_1_105' title='bbox 1596 1160 1765 1217; x_wconf 90' lang='lat' dir='ltr'><strong>fuisse</strong></span> <span class='ocrx_word' id='word_1_106' title='bbox 1834 1179 2078 1230; x_wconf 66' lang='lat' dir='ltr'><strong>passum,</strong></span> 
     </span>
    </p>
   </div>
   <div class='ocr_carea' id='block_1_15' title="bbox 2185 1157 3775 1233">
    <p class='ocr_par' dir='ltr' id='par_1_15' title="bbox 2204 1160 3775 1233">
     <span class='ocr_line' id='line_1_15' title="bbox 2204 1160 3775 1233; baseline 0.006 -22"><span class='ocrx_word' id='word_1_107' title='bbox 2204 1160 2461 1226; x_wconf 79' lang='grc' dir='ltr'>πετείας,</span> <span class='ocrx_word' id='word_1_108' title='bbox 2512 1162 2593 1215; x_wconf 84' lang='grc' dir='ltr'>ὅτι</span> <span class='ocrx_word' id='word_1_109' title='bbox 2623 1162 2791 1214; x_wconf 84' lang='grc' dir='ltr'>κακόν</span> <span class='ocrx_word' id='word_1_110' title='bbox 2831 1161 2997 1215; x_wconf 87' lang='grc' dir='ltr'>ποθεν</span> <span class='ocrx_word' id='word_1_111' title='bbox 3040 1162 3224 1228; x_wconf 83' lang='grc' dir='ltr'>πάθοι,</span> <span class='ocrx_word' id='word_1_112' title='bbox 3275 1164 3331 1227; x_wconf 76' lang='grc' dir='ltr'>ἐς</span> <span class='ocrx_word' id='word_1_113' title='bbox 3369 1162 3575 1233; x_wconf 80' lang='grc' dir='ltr'>μέμψιν</span> <span class='ocrx_word' id='word_1_114' title='bbox 3634 1179 3775 1230; x_wconf 82' lang='grc' dir='ltr'>μνη·</span> 
     </span>
    </p>
   </div>
   <div class='ocr_carea' id='block_1_16' title="bbox 520 1245 2078 1324">
    <p class='ocr_par' dir='ltr' id='par_1_16' title="bbox 520 1245 2078 1323">
     <span class='ocr_line' id='line_1_16' title="bbox 520 1245 2078 1323; baseline 0.007 -25"><span class='ocrx_word' id='word_1_115' title='bbox 520 1247 576 1298; x_wconf 91' lang='lat' dir='ltr'><strong>ln</strong></span> <span class='ocrx_word' id='word_1_116' title='bbox 608 1255 843 1299; x_wconf 90' lang='lat' dir='ltr'><strong>mentem</strong></span> <span class='ocrx_word' id='word_1_117' title='bbox 889 1257 1125 1311; x_wconf 70' lang='lat' dir='ltr'><strong>revocat,</strong></span> <span class='ocrx_word' id='word_1_118' title='bbox 1172 1248 1493 1315; x_wconf 75' lang='lat' dir='ltr'><strong>iniuriarum</strong></span> <span class='ocrx_word' id='word_1_119' title='bbox 1527 1245 2078 1323; x_wconf 56' lang='lat' dir='ltr'><strong>memori-“evitupera-</strong></span> 
     </span>
    </p>
   </div>
   <div class='ocr_carea' id='block_1_17' title="bbox 2185 1245 3773 1324">
    <p class='ocr_par' dir='ltr' id='par_1_17' title="bbox 2205 1252 3773 1324">
     <span class='ocr_line' id='line_1_17' title="bbox 2205 1252 3773 1324; baseline 0.001 -19"><span class='ocrx_word' id='word_1_120' title='bbox 2205 1252 2434 1306; x_wconf 84' lang='grc' dir='ltr'>σικάκου</span> <span class='ocrx_word' id='word_1_121' title='bbox 2520 1254 2911 1323; x_wconf 77' lang='grc' dir='ltr'>συντιθέαμενς</span> <span class='ocrx_word' id='word_1_122' title='bbox 2967 1254 3062 1308; x_wconf 79' lang='grc' dir='ltr'>καὶ</span> <span class='ocrx_word' id='word_1_123' title='bbox 3114 1253 3331 1321; x_wconf 79' lang='grc' dir='ltr'>ταῦτα,</span> <span class='ocrx_word' id='word_1_124' title='bbox 3380 1255 3602 1322; x_wconf 86' lang='grc' dir='ltr'>γνόντες</span> <span class='ocrx_word' id='word_1_125' title='bbox 3668 1253 3773 1324; x_wconf 71' lang='grc' dir='ltr'>ἤδη</span> 
     </span>
    </p>
   </div>
   <div class='ocr_carea' id='block_1_18' title="bbox 520 1335 2078 1416">
    <p class='ocr_par' dir='ltr' id='par_1_18' title="bbox 520 1335 2078 1416">
     <span class='ocr_line' id='line_1_18' title="bbox 520 1335 2078 1416; baseline 0.007 -27"><span class='ocrx_word' id='word_1_126' title='bbox 520 1335 652 1389; x_wconf 82' lang='grc' dir='ltr'><strong>ιίοηί</strong></span> <span class='ocrx_word' id='word_1_127' title='bbox 683 1336 1040 1404; x_wconf 75' lang='lat' dir='ltr'><strong>subiicimus?</strong></span> <span class='ocrx_word' id='word_1_128' title='bbox 1067 1341 1329 1409; x_wconf 89' lang='lat' dir='ltr'><strong>siquidem</strong></span> <span class='ocrx_word' id='word_1_129' title='bbox 1359 1343 1469 1413; x_wconf 87' lang='lat' dir='ltr'><strong>jam</strong></span> <span class='ocrx_word' id='word_1_130' title='bbox 1501 1347 1817 1414; x_wconf 81' lang='lat' dir='ltr'><strong>agnovimus</strong></span> <span class='ocrx_word' id='word_1_131' title='bbox 1848 1361 2078 1416; x_wconf 82' lang='lat' dir='ltr'><strong>magnun</strong></span> 
     </span>
    </p>
   </div>
   <div class='ocr_carea' id='block_1_19' title="bbox 2185 1335 3774 1416">
    <p class='ocr_par' dir='ltr' id='par_1_19' title="bbox 2205 1340 3774 1415">
     <span class='ocr_line' id='line_1_19' title="bbox 2205 1340 3774 1415; baseline 0 -19"><span class='ocrx_word' id='word_1_132' title='bbox 2205 1345 2351 1413; x_wconf 81' lang='grc' dir='ltr'>παχὺ</span> <span class='ocrx_word' id='word_1_133' title='bbox 2414 1345 2724 1415; x_wconf 84' lang='grc' dir='ltr'>μεσότοιχον</span> <span class='ocrx_word' id='word_1_134' title='bbox 2767 1345 3021 1410; x_wconf 82' lang='grc' dir='ltr'>κεῖσθαι,</span> <span class='ocrx_word' id='word_1_135' title='bbox 3063 1340 3106 1415; x_wconf 81' lang='grc' dir='ltr'>ᾧ</span> <span class='ocrx_word' id='word_1_136' title='bbox 3152 1344 3464 1400; x_wconf 88' lang='grc' dir='ltr'>διίστασθον</span> <span class='ocrx_word' id='word_1_137' title='bbox 3504 1346 3563 1397; x_wconf 64' lang='grc' dir='ltr'>τὸ</span> <span class='ocrx_word' id='word_1_138' title='bbox 3632 1362 3774 1414; x_wconf 82' lang='grc' dir='ltr'>μνη-</span> 
     </span>
    </p>
   </div>
   <div class='ocr_carea' id='block_1_20' title="bbox 520 1424 2078 1508">
    <p class='ocr_par' dir='ltr' id='par_1_20' title="bbox 520 1424 2078 1507">
     <span class='ocr_line' id='line_1_20' title="bbox 520 1424 2078 1507; baseline 0.008 -30"><span class='ocrx_word' id='word_1_139' title='bbox 520 1424 862 1480; x_wconf 83' lang='lat' dir='ltr'><strong>intervallum</strong></span> <span class='ocrx_word' id='word_1_140' title='bbox 907 1428 1110 1495; x_wconf 73' lang='lat' dir='ltr'><strong>jacere,</strong></span> <span class='ocrx_word' id='word_1_141' title='bbox 1153 1432 1204 1483; x_wconf 92' lang='lat' dir='ltr'><strong>in</strong></span> <span class='ocrx_word' id='word_1_142' title='bbox 1240 1449 1348 1501; x_wconf 87' lang='lat' dir='ltr'><strong>quo</strong></span> <span class='ocrx_word' id='word_1_143' title='bbox 1385 1434 1505 1488; x_wconf 88' lang='lat' dir='ltr'><strong>mali</strong></span> <span class='ocrx_word' id='word_1_144' title='bbox 1539 1435 1816 1500; x_wconf 79' lang='lat' dir='ltr'><strong>memoria,</strong></span> <span class='ocrx_word' id='word_1_145' title='bbox 1868 1437 2078 1507; x_wconf 69' lang='lat' dir='ltr'><strong>maliqut</strong></span> 
     </span>
    </p>
   </div>
   <div class='ocr_carea' id='block_1_21' title="bbox 2185 1424 3768 1508">
    <p class='ocr_par' dir='ltr' id='par_1_21' title="bbox 2205 1436 3768 1508">
     <span class='ocr_line' id='line_1_21' title="bbox 2205 1436 3768 1508; baseline 0.002 -19"><span class='ocrx_word' id='word_1_146' title='bbox 2205 1437 2449 1490; x_wconf 88' lang='grc' dir='ltr'>σικακεῖν</span> <span class='ocrx_word' id='word_1_147' title='bbox 2493 1436 2586 1490; x_wconf 74' lang='grc' dir='ltr'>καὶ</span> <span class='ocrx_word' id='word_1_148' title='bbox 2642 1437 2702 1491; x_wconf 80' lang='grc' dir='ltr'>τὸ</span> <span class='ocrx_word' id='word_1_149' title='bbox 2757 1437 3066 1507; x_wconf 72' lang='grc' dir='ltr'>μεμνῆσθαι</span> <span class='ocrx_word' id='word_1_150' title='bbox 3119 1437 3292 1492; x_wconf 75' lang='grc' dir='ltr'>κακοῦ</span> <span class='ocrx_word' id='word_1_151' title='bbox 3358 1437 3391 1508; x_wconf 82' lang='grc' dir='ltr'>ἢ</span> <span class='ocrx_word' id='word_1_152' title='bbox 3448 1438 3768 1500; x_wconf 75' lang='grc' dir='ltr'>κακώσεως.</span> 
     </span>
    </p>
   </div>
   <div class='ocr_carea' id='block_1_22' title="bbox 518 1518 2078 1600">
    <p class='ocr_par' dir='ltr' id='par_1_22' title="bbox 518 1518 2078 1591">
     <span class='ocr_line' id='line_1_22' title="bbox 518 1518 2078 1591; baseline 0.008 -22"><span class='ocrx_word' id='word_1_153' title='bbox 518 1518 605 1569; x_wconf 77' lang='lat' dir='ltr'><strong>vel</strong></span> <span class='ocrx_word' id='word_1_154' title='bbox 631 1519 931 1576; x_wconf 63' lang='lat' dir='ltr'><strong>ventionis</strong></span> <span class='ocrx_word' id='word_1_155' title='bbox 955 1521 1186 1587; x_wconf 78' lang='lat' dir='ltr'><strong>alicuius</strong></span> <span class='ocrx_word' id='word_1_156' title='bbox 1211 1526 1532 1591; x_wconf 77' lang='lat' dir='ltr'><strong>recordatio,</strong></span> <span class='ocrx_word' id='word_1_157' title='bbox 1562 1527 1909 1584; x_wconf 85' lang='lat' dir='ltr'><strong>distant.Cur</strong></span> <span class='ocrx_word' id='word_1_158' title='bbox 1936 1530 2078 1584; x_wconf 86' lang='lat' dir='ltr'><strong>etian</strong></span> 
     </span>
    </p>
   </div>
   <div class='ocr_carea' id='block_1_23' title="bbox 2185 1518 3777 1600">
    <p class='ocr_par' dir='ltr' id='par_1_23' title="bbox 2207 1527 3777 1600">
     <span class='ocr_line' id='line_1_23' title="bbox 2207 1527 3777 1600; baseline -0.001 -18"><span class='ocrx_word' id='word_1_159' title='bbox 2207 1528 2328 1582; x_wconf 85' lang='grc' dir='ltr'><strong>Ἔτι</strong></span> <span class='ocrx_word' id='word_1_160' title='bbox 2358 1528 2501 1582; x_wconf 81' lang='grc' dir='ltr'>διατί</span> <span class='ocrx_word' id='word_1_161' title='bbox 2536 1528 2705 1584; x_wconf 73' lang='grc' dir='ltr'>κακὸν</span> <span class='ocrx_word' id='word_1_162' title='bbox 2731 1530 2851 1599; x_wconf 70' lang='grc' dir='ltr'>μὲν,</span> <span class='ocrx_word' id='word_1_163' title='bbox 2883 1529 2911 1582; x_wconf 79' lang='grc' dir='ltr'><strong>δ</strong></span> <span class='ocrx_word' id='word_1_164' title='bbox 2938 1530 3109 1600; x_wconf 86' lang='grc' dir='ltr'><strong>μήπω</strong></span> <span class='ocrx_word' id='word_1_165' title='bbox 3143 1529 3307 1583; x_wconf 80' lang='grc' dir='ltr'>πάθοι</span> <span class='ocrx_word' id='word_1_166' title='bbox 3337 1546 3443 1596; x_wconf 85' lang='grc' dir='ltr'>τις,</span> <span class='ocrx_word' id='word_1_167' title='bbox 3477 1529 3592 1583; x_wconf 86' lang='grc' dir='ltr'>ἀλλ’</span> <span class='ocrx_word' id='word_1_168' title='bbox 3621 1531 3677 1584; x_wconf 81' lang='grc' dir='ltr'>ὲν</span> <span class='ocrx_word' id='word_1_169' title='bbox 3697 1527 3777 1599; x_wconf 80' lang='grc' dir='ltr'><strong>τῷ</strong></span> 
     </span>
    </p>
   </div>
   <div class='ocr_carea' id='block_1_24' title="bbox 522 1609 2078 1691">
    <p class='ocr_par' dir='ltr' id='par_1_24' title="bbox 522 1609 2073 1690">
     <span class='ocr_line' id='line_1_24' title="bbox 522 1609 2073 1690; baseline 0.007 -29"><span class='ocrx_word' id='word_1_170' title='bbox 522 1609 722 1662; x_wconf 86' lang='lat' dir='ltr'><strong>malum</strong></span> <span class='ocrx_word' id='word_1_171' title='bbox 769 1612 1014 1679; x_wconf 88' lang='lat' dir='ltr'><strong>quidem.</strong></span> <span class='ocrx_word' id='word_1_172' title='bbox 1062 1616 1207 1684; x_wconf 91' lang='lat' dir='ltr'><strong>quod</strong></span> <span class='ocrx_word' id='word_1_173' title='bbox 1263 1619 1500 1673; x_wconf 91' lang='lat' dir='ltr'><strong>nondum</strong></span> <span class='ocrx_word' id='word_1_174' title='bbox 1539 1620 1738 1688; x_wconf 82' lang='lat' dir='ltr'><strong>aliquis</strong></span> <span class='ocrx_word' id='word_1_175' title='bbox 1773 1636 1965 1690; x_wconf 88' lang='lat' dir='ltr'><strong>passus</strong></span> <span class='ocrx_word' id='word_1_176' title='bbox 1995 1632 2073 1676; x_wconf 87' lang='lat' dir='ltr'><strong>est</strong></span> 
     </span>
    </p>
   </div>
   <div class='ocr_carea' id='block_1_25' title="bbox 2185 1609 3776 1691">
    <p class='ocr_par' dir='ltr' id='par_1_25' title="bbox 2207 1619 3776 1691">
     <span class='ocr_line' id='line_1_25' title="bbox 2207 1619 3776 1691; baseline 0.001 -18"><span class='ocrx_word' id='word_1_177' title='bbox 2207 1619 2456 1690; x_wconf 72' lang='grc' dir='ltr'>μέλλοντι</span> <span class='ocrx_word' id='word_1_178' title='bbox 2488 1624 2685 1686; x_wconf 85' lang='grc' dir='ltr'>κεῖται,</span> <span class='ocrx_word' id='word_1_179' title='bbox 2740 1621 3094 1691; x_wconf 82' lang='grc' dir='ltr'>ὑφορώμενος</span> <span class='ocrx_word' id='word_1_180' title='bbox 3153 1623 3249 1676; x_wconf 75' lang='grc' dir='ltr'>καὶ</span> <span class='ocrx_word' id='word_1_181' title='bbox 3294 1621 3627 1690; x_wconf 86' lang='grc' dir='ltr'>πτοούμενος</span> <span class='ocrx_word' id='word_1_182' title='bbox 3680 1624 3776 1677; x_wconf 66' lang='grc' dir='ltr'><strong>καὶ</strong></span> 
     </span>
    </p>
   </div>
   <div class='ocr_carea' id='block_1_26' title="bbox 523 1701 2078 1785">
    <p class='ocr_par' dir='ltr' id='par_1_26' title="bbox 523 1701 2075 1777">
     <span class='ocr_line' id='line_1_26' title="bbox 523 1701 2075 1777; baseline 0.008 -23"><span class='ocrx_word' id='word_1_183' title='bbox 523 1701 619 1755; x_wconf 91' lang='lat' dir='ltr'><strong>sed</strong></span> <span class='ocrx_word' id='word_1_184' title='bbox 657 1703 707 1755; x_wconf 88' lang='lat' dir='ltr'><strong>in</strong></span> <span class='ocrx_word' id='word_1_185' title='bbox 743 1703 926 1758; x_wconf 84' lang='lat' dir='ltr'><strong>futuro</strong></span> <span class='ocrx_word' id='word_1_186' title='bbox 961 1706 1126 1776; x_wconf 89' lang='lat' dir='ltr'><strong>jacet,</strong></span> <span class='ocrx_word' id='word_1_187' title='bbox 1161 1710 1461 1777; x_wconf 83' lang='lat' dir='ltr'><strong>suspiciens</strong></span> <span class='ocrx_word' id='word_1_188' title='bbox 1488 1722 1542 1766; x_wconf 91' lang='lat' dir='ltr'><strong>et</strong></span> <span class='ocrx_word' id='word_1_189' title='bbox 1566 1714 1761 1768; x_wconf 76' lang='lat' dir='ltr'><strong>limem</strong></span> <span class='ocrx_word' id='word_1_190' title='bbox 1789 1724 1844 1768; x_wconf 74' lang='lat' dir='ltr'><strong>et</strong></span> <span class='ocrx_word' id='word_1_191' title='bbox 1870 1729 2075 1769; x_wconf 88' lang='lat' dir='ltr'><strong>cavens</strong></span> 
     </span>
    </p>
   </div>
   <div class='ocr_carea' id='block_1_27' title="bbox 2185 1701 3778 1785">
    <p class='ocr_par' dir='ltr' id='par_1_27' title="bbox 2204 1712 3778 1785">
     <span class='ocr_line' id='line_1_27' title="bbox 2204 1712 3778 1785; baseline 0.001 -20"><span class='ocrx_word' id='word_1_192' title='bbox 2204 1712 2627 1783; x_wconf 77' lang='grc' dir='ltr'>φυλαττόμενος,</span> <span class='ocrx_word' id='word_1_193' title='bbox 2659 1714 2721 1767; x_wconf 91' lang='grc' dir='ltr'><strong>οὐ</strong></span> <span class='ocrx_word' id='word_1_194' title='bbox 2758 1713 3033 1781; x_wconf 78' lang='grc' dir='ltr'>λογίζεται</span> <span class='ocrx_word' id='word_1_195' title='bbox 3078 1715 3160 1778; x_wconf 77' lang='grc' dir='ltr'><strong>εἰς</strong></span> <span class='ocrx_word' id='word_1_196' title='bbox 3203 1715 3527 1785; x_wconf 71' lang='grc' dir='ltr'>ἁμαρτωλὸν</span> <span class='ocrx_word' id='word_1_197' title='bbox 3565 1713 3778 1783; x_wconf 76' lang='grc' dir='ltr'>ἀνθρω-</span> 
     </span>
    </p>
   </div>
   <div class='ocr_carea' id='block_1_28' title="bbox 523 1792 2078 1876">
    <p class='ocr_par' dir='ltr' id='par_1_28' title="bbox 523 1792 2067 1875">
     <span class='ocr_line' id='line_1_28' title="bbox 523 1792 2067 1875; baseline 0.009 -30"><span class='ocrx_word' id='word_1_198' title='bbox 523 1792 576 1846; x_wconf 83' lang='grc' dir='ltr'>ἱιι</span> <span class='ocrx_word' id='word_1_199' title='bbox 635 1794 913 1852; x_wconf 78' lang='lat' dir='ltr'><strong>hominem</strong></span> <span class='ocrx_word' id='word_1_200' title='bbox 959 1810 1304 1868; x_wconf 84' lang='lat' dir='ltr'><strong>peccatorem</strong></span> <span class='ocrx_word' id='word_1_201' title='bbox 1336 1819 1443 1858; x_wconf 89' lang='lat' dir='ltr'><strong>non</strong></span> <span class='ocrx_word' id='word_1_202' title='bbox 1494 1817 1809 1875; x_wconf 71' lang='lat' dir='ltr'><strong>reputatur;</strong></span> <span class='ocrx_word' id='word_1_203' title='bbox 1852 1807 2067 1861; x_wconf 79' lang='lat' dir='ltr'><strong>vexatio</strong></span> 
     </span>
    </p>
   </div>
   <div class='ocr_carea' id='block_1_29' title="bbox 2185 1792 3776 1876">
    <p class='ocr_par' dir='ltr' id='par_1_29' title="bbox 2203 1800 3776 1876">
     <span class='ocr_line' id='line_1_29' title="bbox 2203 1800 3776 1876; baseline 0 -19"><span class='ocrx_word' id='word_1_204' title='bbox 2203 1821 2323 1858; x_wconf 86' lang='grc' dir='ltr'>πον·</span> <span class='ocrx_word' id='word_1_205' title='bbox 2389 1804 2636 1858; x_wconf 75' lang='grc' dir='ltr'>κάκωσιν</span> <span class='ocrx_word' id='word_1_206' title='bbox 2685 1805 2743 1859; x_wconf 84' lang='grc' dir='ltr'>δὲ</span> <span class='ocrx_word' id='word_1_207' title='bbox 2786 1805 3115 1871; x_wconf 83' lang='grc' dir='ltr'>ἀναπολῶν,</span> <span class='ocrx_word' id='word_1_208' title='bbox 3168 1800 3236 1875; x_wconf 85' lang='grc' dir='ltr'>ἦς</span> <span class='ocrx_word' id='word_1_209' title='bbox 3290 1804 3645 1876; x_wconf 76' lang='grc' dir='ltr'>πεπείραται,</span> <span class='ocrx_word' id='word_1_210' title='bbox 3679 1805 3776 1859; x_wconf 80' lang='grc' dir='ltr'>καὶ</span> 
     </span>
    </p>
   </div>
   <div class='ocr_carea' id='block_1_30' title="bbox 519 1894 2078 1968">
    <p class='ocr_par' dir='ltr' id='par_1_30' title="bbox 519 1895 2074 1968">
     <span class='ocr_line' id='line_1_30' title="bbox 519 1895 2074 1968; baseline 0.011 -31"><span class='ocrx_word' id='word_1_211' title='bbox 519 1901 641 1939; x_wconf 87' lang='lat' dir='ltr'><strong>nem</strong></span> <span class='ocrx_word' id='word_1_212' title='bbox 675 1902 800 1942; x_wconf 84' lang='lat' dir='ltr'><strong>vero</strong></span> <span class='ocrx_word' id='word_1_213' title='bbox 862 1902 1044 1947; x_wconf 87' lang='lat' dir='ltr'><strong>mente</strong></span> <span class='ocrx_word' id='word_1_214' title='bbox 1068 1895 1374 1957; x_wconf 81' lang='lat' dir='ltr'><strong>revolvens,</strong></span> <span class='ocrx_word' id='word_1_215' title='bbox 1407 1912 1566 1966; x_wconf 86' lang='lat' dir='ltr'><strong>quam</strong></span> <span class='ocrx_word' id='word_1_216' title='bbox 1602 1908 1858 1968; x_wconf 80' lang='lat' dir='ltr'><strong>expertus</strong></span> <span class='ocrx_word' id='word_1_217' title='bbox 1903 1909 2005 1960; x_wconf 83' lang='lat' dir='ltr'><strong>est,</strong></span> <span class='ocrx_word' id='word_1_218' title='bbox 2043 1914 2074 1954; x_wconf 90' lang='lat' dir='ltr'><strong>e</strong></span> 
     </span>
    </p>
   </div>
   <div class='ocr_carea' id='block_1_31' title="bbox 2185 1894 3775 1968">
    <p class='ocr_par' dir='ltr' id='par_1_31' title="bbox 2203 1894 3775 1966">
     <span class='ocr_line' id='line_1_31' title="bbox 2203 1894 3775 1966; baseline -0.001 -18"><span class='ocrx_word' id='word_1_219' title='bbox 2203 1894 2336 1948; x_wconf 78' lang='grc' dir='ltr'>αὐτὸ</span> <span class='ocrx_word' id='word_1_220' title='bbox 2371 1894 2512 1948; x_wconf 85' lang='grc' dir='ltr'><strong>κατά</strong></span> <span class='ocrx_word' id='word_1_221' title='bbox 2561 1912 2683 1947; x_wconf 90' lang='grc' dir='ltr'>τινα</span> <span class='ocrx_word' id='word_1_222' title='bbox 2713 1895 2885 1965; x_wconf 88' lang='grc' dir='ltr'>τύχην</span> <span class='ocrx_word' id='word_1_223' title='bbox 2928 1894 3202 1965; x_wconf 80' lang='grc' dir='ltr'>χρώζεται</span> <span class='ocrx_word' id='word_1_224' title='bbox 3240 1897 3321 1958; x_wconf 85' lang='grc' dir='ltr'><strong>είς</strong></span> <span class='ocrx_word' id='word_1_225' title='bbox 3355 1895 3775 1966; x_wconf 86' lang='grc' dir='ltr'>ἀμαρτητικόν;</span> 
     </span>
    </p>
   </div>
   <div class='ocr_carea' id='block_1_32' title="bbox 520 1974 2078 2092">
    <p class='ocr_par' dir='ltr' id='par_1_32' title="bbox 520 1974 2078 2092">
     <span class='ocr_line' id='line_1_32' title="bbox 520 1974 2078 2059; baseline 0.01 -31"><span class='ocrx_word' id='word_1_226' title='bbox 520 1974 623 2031; x_wconf 85' lang='lat' dir='ltr'><strong>hoc</strong></span> <span class='ocrx_word' id='word_1_227' title='bbox 643 1977 797 2046; x_wconf 75' lang='lat' dir='ltr'><strong>juxta</strong></span> <span class='ocrx_word' id='word_1_228' title='bbox 822 1984 1111 2049; x_wconf 79' lang='lat' dir='ltr'><strong>quamdam</strong></span> <span class='ocrx_word' id='word_1_229' title='bbox 1141 1984 1439 2052; x_wconf 79' lang='lat' dir='ltr'><strong>fortunam,</strong></span> <span class='ocrx_word' id='word_1_230' title='bbox 1471 1988 1572 2043; x_wconf 89' lang='lat' dir='ltr'><strong>sub</strong></span> <span class='ocrx_word' id='word_1_231' title='bbox 1596 1991 1895 2059; x_wconf 84' lang='lat' dir='ltr'><strong>peccatoris</strong></span> <span class='ocrx_word' id='word_1_232' title='bbox 1917 1990 2078 2046; x_wconf 69' lang='lat' dir='ltr'><strong>colori</strong></span> 
     </span>
     <span class='ocr_line' id='line_1_33' title="bbox 520 2069 2071 2092; baseline 0 0"><span class='ocrx_word' id='word_1_233' title='bbox 520 2069 793 2092; x_wconf 53' lang='lat' dir='ltr'><strong>hin-2.--..o</strong></span> <span class='ocrx_word' id='word_1_234' title='bbox 831 2072 850 2092; x_wconf 81' lang='grc' dir='ltr'><strong>Δ</strong></span> <span class='ocrx_word' id='word_1_235' title='bbox 870 2080 993 2092; x_wconf 37' lang='grc' dir='ltr'><strong>..-νη</strong></span> <span class='ocrx_word' id='word_1_236' title='bbox 1016 2089 1063 2092; x_wconf 37' lang='grc' dir='ltr'>,ν</span> <span class='ocrx_word' id='word_1_237' title='bbox 1108 2077 1120 2092; x_wconf 79' lang='grc' dir='ltr'>ι</span> <span class='ocrx_word' id='word_1_238' title='bbox 1344 2079 1356 2092; x_wconf 76' lang='grc' dir='ltr'>ι</span> <span class='ocrx_word' id='word_1_239' title='bbox 1486 2087 1498 2092; x_wconf 82' lang='grc'><strong>-</strong></span> <span class='ocrx_word' id='word_1_240' title='bbox 1870 2091 1873 2092; x_wconf 67' lang='lat'>,</span> <span class='ocrx_word' id='word_1_241' title='bbox 2059 2083 2071 2092; x_wconf 87' lang='grc'><em>.</em></span> 
     </span>
    </p>
   </div>
   <div class='ocr_carea' id='block_1_33' title="bbox 2185 1974 3779 2092">
    <p class='ocr_par' dir='ltr' id='par_1_33' title="bbox 2204 1984 3779 2092">
     <span class='ocr_line' id='line_1_34' title="bbox 2204 1984 3779 2092; baseline -0.001 -52"><span class='ocrx_word' id='word_1_242' title='bbox 2204 1987 2313 2040; x_wconf 78' lang='grc' dir='ltr'><strong>Καὶ</strong></span> <span class='ocrx_word' id='word_1_243' title='bbox 2347 1990 2454 2057; x_wconf 79' lang='grc' dir='ltr'>μὴν</span> <span class='ocrx_word' id='word_1_244' title='bbox 2477 1987 2648 2057; x_wconf 78' lang='grc' dir='ltr'>ἄμφω</span> <span class='ocrx_word' id='word_1_245' title='bbox 2679 1987 2919 2057; x_wconf 77' lang='grc' dir='ltr'>ψυχικῆς</span> <span class='ocrx_word' id='word_1_246' title='bbox 2952 1987 3272 2056; x_wconf 72' lang='grc' dir='ltr'>φαντασίας,</span> <span class='ocrx_word' id='word_1_247' title='bbox 3307 1987 3407 2040; x_wconf 83' lang='grc' dir='ltr'>ὅσα</span> <span class='ocrx_word' id='word_1_248' title='bbox 3441 1987 3535 2040; x_wconf 74' lang='grc' dir='ltr'>καὶ</span> <span class='ocrx_word' id='word_1_249' title='bbox 3568 1984 3779 2092; x_wconf 76' lang='grc' dir='ltr'>μητρὸς</span> 
     </span>
    </p>
   </div>
   <div class='ocr_carea' id='block_1_34' title="bbox 518 2069 2078 2151">
    <p class='ocr_par' dir='ltr' id='par_1_34' title="bbox 518 2069 2072 2151">
     <span class='ocr_line' id='line_1_35' title="bbox 518 2069 2072 2151; baseline 0.013 -34"><span class='ocrx_word' id='word_1_250' title='bbox 518 2069 793 2137; x_wconf 69' lang='lat' dir='ltr'><strong>pingitur?</strong></span> <span class='ocrx_word' id='word_1_251' title='bbox 819 2072 1071 2129; x_wconf 79' lang='lat' dir='ltr'><strong>Attamen</strong></span> <span class='ocrx_word' id='word_1_252' title='bbox 1107 2077 1221 2131; x_wconf 76' lang='lat' dir='ltr'><strong>hzrc</strong></span> <span class='ocrx_word' id='word_1_253' title='bbox 1249 2079 1437 2146; x_wconf 84' lang='lat' dir='ltr'><strong>ambo,</strong></span> <span class='ocrx_word' id='word_1_254' title='bbox 1484 2087 1741 2149; x_wconf 87' lang='lat' dir='ltr'><strong>tanquam</strong></span> <span class='ocrx_word' id='word_1_255' title='bbox 1774 2091 1965 2146; x_wconf 88' lang='lat' dir='ltr'><strong>matre,</strong></span> <span class='ocrx_word' id='word_1_256' title='bbox 1990 2083 2072 2151; x_wconf 90' lang='lat' dir='ltr'><strong>spi</strong></span> 
     </span>
    </p>
   </div>
   <div class='ocr_carea' id='block_1_35' title="bbox 2185 2069 3777 2151">
    <p class='ocr_par' dir='ltr' id='par_1_35' title="bbox 2206 2077 3777 2150">
     <span class='ocr_line' id='line_1_36' title="bbox 2206 2077 3777 2150; baseline -0.001 -17"><span class='ocrx_word' id='word_1_257' title='bbox 2206 2079 2609 2133; x_wconf 83' lang='grc' dir='ltr'>ἁποτίκτονται.</span> <span class='ocrx_word' id='word_1_258' title='bbox 2645 2080 2861 2149; x_wconf 82' lang='grc' dir='ltr'>Ταύτης</span> <span class='ocrx_word' id='word_1_259' title='bbox 2898 2080 3006 2149; x_wconf 66' lang='grc' dir='ltr'><strong>γὰρ</strong></span> <span class='ocrx_word' id='word_1_260' title='bbox 3052 2080 3143 2133; x_wconf 78' lang='grc' dir='ltr'>καὶ</span> <span class='ocrx_word' id='word_1_261' title='bbox 3181 2080 3213 2150; x_wconf 84' lang='grc' dir='ltr'>ή</span> <span class='ocrx_word' id='word_1_262' title='bbox 3267 2080 3359 2132; x_wconf 71' lang='grc' dir='ltr'><strong>ἐπὶ</strong></span> <span class='ocrx_word' id='word_1_263' title='bbox 3409 2078 3488 2149; x_wconf 82' lang='grc' dir='ltr'>τῷ</span> <span class='ocrx_word' id='word_1_264' title='bbox 3524 2077 3777 2148; x_wconf 83' lang='grc' dir='ltr'>μέλλοντι</span> 
     </span>
    </p>
   </div>
   <div class='ocr_carea' id='block_1_36' title="bbox 516 2156 2078 2242">
    <p class='ocr_par' dir='ltr' id='par_1_36' title="bbox 516 2156 2078 2241">
     <span class='ocr_line' id='line_1_37' title="bbox 516 2156 2078 2241; baseline 0.012 -32"><span class='ocrx_word' id='word_1_265' title='bbox 516 2156 696 2211; x_wconf 82' lang='lat' dir='ltr'><strong>rituali</strong></span> <span class='ocrx_word' id='word_1_266' title='bbox 726 2174 1054 2227; x_wconf 83' lang='lat' dir='ltr'><strong>generantur</strong></span> <span class='ocrx_word' id='word_1_267' title='bbox 1082 2163 1489 2233; x_wconf 80' lang='lat' dir='ltr'><strong>imaginatione.</strong></span> <span class='ocrx_word' id='word_1_268' title='bbox 1524 2169 1604 2222; x_wconf 75' lang='lat' dir='ltr'><strong>Ad</strong></span> <span class='ocrx_word' id='word_1_269' title='bbox 1631 2170 1771 2224; x_wconf 87' lang='lat' dir='ltr'><strong>banc</strong></span> <span class='ocrx_word' id='word_1_270' title='bbox 1802 2171 1944 2225; x_wconf 88' lang='lat' dir='ltr'><strong>enim</strong></span> <span class='ocrx_word' id='word_1_271' title='bbox 1977 2187 2078 2241; x_wconf 73' lang='lat' dir='ltr'><strong>per</strong></span> 
     </span>
    </p>
   </div>
   <div class='ocr_carea' id='block_1_37' title="bbox 2185 2156 3776 2242">
    <p class='ocr_par' dir='ltr' id='par_1_37' title="bbox 2204 2169 3776 2242">
     <span class='ocr_line' id='line_1_38' title="bbox 2204 2169 3776 2242; baseline 0 -18"><span class='ocrx_word' id='word_1_272' title='bbox 2204 2170 2534 2240; x_wconf 77' lang='grc' dir='ltr'>προμήθεια,</span> <span class='ocrx_word' id='word_1_273' title='bbox 2577 2170 2670 2224; x_wconf 77' lang='grc' dir='ltr'>καὶ</span> <span class='ocrx_word' id='word_1_274' title='bbox 2723 2172 2756 2239; x_wconf 85' lang='grc' dir='ltr'>ἠ</span> <span class='ocrx_word' id='word_1_275' title='bbox 2808 2170 2903 2224; x_wconf 73' lang='grc' dir='ltr'>τοῦ</span> <span class='ocrx_word' id='word_1_276' title='bbox 2961 2173 3351 2242; x_wconf 71' lang='grc' dir='ltr'>παρῳχηκότος</span> <span class='ocrx_word' id='word_1_277' title='bbox 3406 2169 3776 2239; x_wconf 81' lang='grc' dir='ltr'>ἀναπόληψις.</span> 
     </span>
    </p>
   </div>
   <div class='ocr_carea' id='block_1_38' title="bbox 516 2247 2078 2334">
    <p class='ocr_par' dir='ltr' id='par_1_38' title="bbox 516 2247 2078 2330">
     <span class='ocr_line' id='line_1_39' title="bbox 516 2247 2078 2330; baseline 0.007 -27"><span class='ocrx_word' id='word_1_278' title='bbox 516 2247 695 2303; x_wconf 83' lang='lat' dir='ltr'><strong>tinent</strong></span> <span class='ocrx_word' id='word_1_279' title='bbox 723 2261 778 2304; x_wconf 87' lang='lat' dir='ltr'><strong>et</strong></span> <span class='ocrx_word' id='word_1_280' title='bbox 810 2251 875 2304; x_wconf 94' lang='lat' dir='ltr'><strong>de</strong></span> <span class='ocrx_word' id='word_1_281' title='bbox 931 2252 1134 2309; x_wconf 87' lang='lat' dir='ltr'><strong>futuris</strong></span> <span class='ocrx_word' id='word_1_282' title='bbox 1190 2258 1558 2322; x_wconf 74' lang='lat' dir='ltr'><strong>providentia,</strong></span> <span class='ocrx_word' id='word_1_283' title='bbox 1620 2267 1675 2312; x_wconf 90' lang='lat' dir='ltr'><strong>et</strong></span> <span class='ocrx_word' id='word_1_284' title='bbox 1706 2259 1773 2314; x_wconf 90' lang='lat' dir='ltr'><strong>de</strong></span> <span class='ocrx_word' id='word_1_285' title='bbox 1803 2263 2078 2330; x_wconf 61' lang='lat' dir='ltr'><strong>preteritii</strong></span> 
     </span>
    </p>
   </div>
   <div class='ocr_carea' id='block_1_39' title="bbox 2185 2247 3778 2334">
    <p class='ocr_par' dir='ltr' id='par_1_39' title="bbox 2204 2257 3778 2334">
     <span class='ocr_line' id='line_1_40' title="bbox 2204 2257 3778 2334; baseline -0.003 -17"><span class='ocrx_word' id='word_1_286' title='bbox 2204 2263 2347 2327; x_wconf 84' lang='grc' dir='ltr'>Ἔτι,</span> <span class='ocrx_word' id='word_1_287' title='bbox 2378 2257 2420 2330; x_wconf 82' lang='grc' dir='ltr'>ᾧ</span> <span class='ocrx_word' id='word_1_288' title='bbox 2454 2263 2731 2333; x_wconf 78' lang='grc' dir='ltr'>μέμνηται</span> <span class='ocrx_word' id='word_1_289' title='bbox 2775 2281 2859 2326; x_wconf 90' lang='grc' dir='ltr'><strong>τις</strong></span> <span class='ocrx_word' id='word_1_290' title='bbox 2892 2263 3260 2334; x_wconf 85' lang='grc' dir='ltr'>εὐεργεσιῶν,</span> <span class='ocrx_word' id='word_1_291' title='bbox 3308 2262 3502 2334; x_wconf 83' lang='grc' dir='ltr'>ἐκείνῳ</span> <span class='ocrx_word' id='word_1_292' title='bbox 3549 2264 3778 2333; x_wconf 80' lang='grc' dir='ltr'>μνήμην</span> 
     </span>
    </p>
   </div>
   <div class='ocr_carea' id='block_1_40' title="bbox 516 2339 2078 2426">
    <p class='ocr_par' dir='ltr' id='par_1_40' title="bbox 516 2339 2078 2417">
     <span class='ocr_line' id='line_1_41' title="bbox 516 2339 2078 2417; baseline 0.012 -28"><span class='ocrx_word' id='word_1_293' title='bbox 516 2339 835 2395; x_wconf 76' lang='lat' dir='ltr'><strong>recordatio.</strong></span> <span class='ocrx_word' id='word_1_294' title='bbox 861 2341 975 2408; x_wconf 85' lang='lat' dir='ltr'><strong>Qua</strong></span> <span class='ocrx_word' id='word_1_295' title='bbox 1002 2352 1182 2398; x_wconf 85' lang='lat' dir='ltr'><strong>autem</strong></span> <span class='ocrx_word' id='word_1_296' title='bbox 1216 2360 1381 2401; x_wconf 83' lang='lat' dir='ltr'><strong>causa</strong></span> <span class='ocrx_word' id='word_1_297' title='bbox 1414 2349 1537 2417; x_wconf 87' lang='lat' dir='ltr'><strong>quis</strong></span> <span class='ocrx_word' id='word_1_298' title='bbox 1558 2349 1949 2406; x_wconf 78' lang='lat' dir='ltr'><strong>beneﬁciorum</strong></span> <span class='ocrx_word' id='word_1_299' title='bbox 1980 2368 2078 2408; x_wconf 91' lang='lat' dir='ltr'><strong>me-</strong></span> 
     </span>
    </p>
   </div>
   <div class='ocr_carea' id='block_1_41' title="bbox 2185 2339 3771 2426">
    <p class='ocr_par' dir='ltr' id='par_1_41' title="bbox 2200 2353 3771 2426">
     <span class='ocr_line' id='line_1_42' title="bbox 2200 2353 3771 2426; baseline -0.001 -18"><span class='ocrx_word' id='word_1_300' title='bbox 2200 2355 2314 2426; x_wconf 76' lang='grc' dir='ltr'>ἔχει</span> <span class='ocrx_word' id='word_1_301' title='bbox 2345 2357 2438 2410; x_wconf 76' lang='grc' dir='ltr'>καὶ</span> <span class='ocrx_word' id='word_1_302' title='bbox 2471 2354 2795 2410; x_wconf 87' lang='grc' dir='ltr'>κακώσεων.</span> <span class='ocrx_word' id='word_1_303' title='bbox 2837 2355 3134 2425; x_wconf 65' lang='grc' dir='ltr'>Μέμνηται</span> <span class='ocrx_word' id='word_1_304' title='bbox 3174 2355 3231 2409; x_wconf 85' lang='grc' dir='ltr'>δὲ</span> <span class='ocrx_word' id='word_1_305' title='bbox 3275 2356 3477 2423; x_wconf 71' lang='grc' dir='ltr'>ἀμφοῖν</span> <span class='ocrx_word' id='word_1_306' title='bbox 3507 2357 3573 2422; x_wconf 81' lang='grc' dir='ltr'>τῇ</span> <span class='ocrx_word' id='word_1_307' title='bbox 3600 2353 3771 2423; x_wconf 79' lang='grc' dir='ltr'>ψυχῇ.</span> 
     </span>
    </p>
   </div>
   <div class='ocr_carea' id='block_1_42' title="bbox 517 2427 2078 2515">
    <p class='ocr_par' dir='ltr' id='par_1_42' title="bbox 517 2427 2078 2501">
     <span class='ocr_line' id='line_1_43' title="bbox 517 2427 2078 2501; baseline 0.013 -22"><span class='ocrx_word' id='word_1_308' title='bbox 517 2427 693 2494; x_wconf 87' lang='lat' dir='ltr'><strong>minit,</strong></span> <span class='ocrx_word' id='word_1_309' title='bbox 733 2433 922 2487; x_wconf 88' lang='lat' dir='ltr'><strong>eadem</strong></span> <span class='ocrx_word' id='word_1_310' title='bbox 976 2435 1363 2492; x_wconf 73' lang='lat' dir='ltr'><strong>maleﬁciorum</strong></span> <span class='ocrx_word' id='word_1_311' title='bbox 1398 2441 1562 2495; x_wconf 88' lang='lat' dir='ltr'><strong>etiam</strong></span> <span class='ocrx_word' id='word_1_312' title='bbox 1624 2445 1940 2498; x_wconf 85' lang='lat' dir='ltr'><strong>memoriam</strong></span> <span class='ocrx_word' id='word_1_313' title='bbox 1991 2446 2078 2501; x_wconf 87' lang='lat' dir='ltr'><strong>ha-</strong></span> 
     </span>
    </p>
   </div>
   <div class='ocr_carea' id='block_1_43' title="bbox 2185 2427 3775 2515">
    <p class='ocr_par' dir='ltr' id='par_1_43' title="bbox 2211 2443 3775 2515">
     <span class='ocr_line' id='line_1_44' title="bbox 2211 2443 3775 2515; baseline -0.002 -16"><span class='ocrx_word' id='word_1_314' title='bbox 2211 2445 2563 2513; x_wconf 65' lang='grc' dir='ltr'>Ἀφαιρετέον</span> <span class='ocrx_word' id='word_1_315' title='bbox 2596 2444 2704 2515; x_wconf 76' lang='grc' dir='ltr'>ἄρα</span> <span class='ocrx_word' id='word_1_316' title='bbox 2735 2444 2916 2515; x_wconf 83' lang='grc' dir='ltr'>ψυχῆς</span> <span class='ocrx_word' id='word_1_317' title='bbox 2953 2445 3045 2498; x_wconf 78' lang='grc' dir='ltr'>τὸν</span> <span class='ocrx_word' id='word_1_318' title='bbox 3094 2444 3307 2498; x_wconf 81' lang='grc' dir='ltr'>τούτοιν</span> <span class='ocrx_word' id='word_1_319' title='bbox 3353 2443 3775 2514; x_wconf 74' lang='grc' dir='ltr'>ἐπιλησόμενον,</span> 
     </span>
    </p>
   </div>
   <div class='ocr_carea' id='block_1_44' title="bbox 516 2518 2078 2609">
    <p class='ocr_par' dir='ltr' id='par_1_44' title="bbox 516 2518 2078 2604">
     <span class='ocr_line' id='line_1_45' title="bbox 516 2518 2078 2604; baseline 0.012 -31"><span class='ocrx_word' id='word_1_320' title='bbox 516 2518 632 2575; x_wconf 84' lang='lat' dir='ltr'><strong>bet.</strong></span> <span class='ocrx_word' id='word_1_321' title='bbox 667 2522 1037 2579; x_wconf 80' lang='lat' dir='ltr'><strong>Auferendum</strong></span> <span class='ocrx_word' id='word_1_322' title='bbox 1069 2535 1154 2581; x_wconf 85' lang='lat' dir='ltr'><strong>est</strong></span> <span class='ocrx_word' id='word_1_323' title='bbox 1182 2528 1346 2597; x_wconf 91' lang='lat' dir='ltr'><strong>igitur</strong></span> <span class='ocrx_word' id='word_1_324' title='bbox 1370 2530 1605 2585; x_wconf 82' lang='lat' dir='ltr'><strong>animam</strong></span> <span class='ocrx_word' id='word_1_325' title='bbox 1635 2533 1711 2586; x_wconf 91' lang='lat' dir='ltr'><strong>illi</strong></span> <span class='ocrx_word' id='word_1_326' title='bbox 1765 2534 1854 2604; x_wconf 91' lang='lat' dir='ltr'><strong>qui</strong></span> <span class='ocrx_word' id='word_1_327' title='bbox 1900 2535 2078 2591; x_wconf 88' lang='lat' dir='ltr'><strong>talium</strong></span> 
     </span>
    </p>
   </div>
   <div class='ocr_carea' id='block_1_45' title="bbox 2185 2518 3289 2609">
    <p class='ocr_par' dir='ltr' id='par_1_45' title="bbox 2199 2536 3289 2609">
     <span class='ocr_line' id='line_1_46' title="bbox 2199 2536 3289 2609; baseline 0 -17"><span class='ocrx_word' id='word_1_328' title='bbox 2199 2539 2292 2592; x_wconf 71' lang='grc' dir='ltr'>καὶ</span> <span class='ocrx_word' id='word_1_329' title='bbox 2321 2537 2726 2603; x_wconf 80' lang='grc' dir='ltr'>μεταπλαστέον</span> <span class='ocrx_word' id='word_1_330' title='bbox 2758 2536 2931 2602; x_wconf 67' lang='grc' dir='ltr'>οὕτως</span> <span class='ocrx_word' id='word_1_331' title='bbox 2957 2538 3032 2602; x_wconf 76' lang='grc' dir='ltr'><strong>είς</strong></span> <span class='ocrx_word' id='word_1_332' title='bbox 3061 2537 3289 2609; x_wconf 63' lang='grc' dir='ltr'>ἄψυχον.</span> 
     </span>
    </p>
   </div>
   <div class='ocr_carea' id='block_1_46' title="bbox 512 2610 2056 2692">
    <p class='ocr_par' dir='ltr' id='par_1_46' title="bbox 512 2610 2056 2692">
     <span class='ocr_line' id='line_1_47' title="bbox 512 2610 2056 2692; baseline 0.013 -28"><span class='ocrx_word' id='word_1_333' title='bbox 512 2610 756 2668; x_wconf 77' lang='lat' dir='ltr'><strong>oblivisci</strong></span> <span class='ocrx_word' id='word_1_334' title='bbox 790 2616 972 2680; x_wconf 81' lang='lat' dir='ltr'><strong>debet,</strong></span> <span class='ocrx_word' id='word_1_335' title='bbox 1011 2623 1067 2672; x_wconf 83' lang='lat' dir='ltr'><strong>et</strong></span> <span class='ocrx_word' id='word_1_336' title='bbox 1118 2618 1229 2688; x_wconf 88' lang='lat' dir='ltr'><strong>ipse</strong></span> <span class='ocrx_word' id='word_1_337' title='bbox 1259 2622 1417 2676; x_wconf 90' lang='lat' dir='ltr'><strong>morti</strong></span> <span class='ocrx_word' id='word_1_338' title='bbox 1450 2623 1699 2692; x_wconf 90' lang='lat' dir='ltr'><strong>sprituali</strong></span> <span class='ocrx_word' id='word_1_339' title='bbox 1737 2626 2056 2685; x_wconf 84' lang='lat' dir='ltr'><strong>tradendus.</strong></span> 
     </span>
    </p>
   </div>
   <div class='ocr_carea' id='block_1_47' title="bbox 589 2785 2095 2872">
    <p class='ocr_par' dir='ltr' id='par_1_47' title="bbox 589 2785 2095 2872">
     <span class='ocr_line' id='line_1_48' title="bbox 589 2785 2095 2872; baseline 0.011 -33"><span class='ocrx_word' id='word_1_340' title='bbox 589 2785 680 2842; x_wconf 65' lang='grc'><strong>12.</strong></span> <span class='ocrx_word' id='word_1_341' title='bbox 716 2786 771 2843; x_wconf 91' lang='lat' dir='ltr'><strong>Si</strong></span> <span class='ocrx_word' id='word_1_342' title='bbox 796 2788 916 2858; x_wconf 86' lang='lat' dir='ltr'><strong>quis</strong></span> <span class='ocrx_word' id='word_1_343' title='bbox 940 2799 1120 2844; x_wconf 86' lang='lat' dir='ltr'><strong>autem</strong></span> <span class='ocrx_word' id='word_1_344' title='bbox 1158 2792 1213 2847; x_wconf 91' lang='lat' dir='ltr'><strong>in</strong></span> <span class='ocrx_word' id='word_1_345' title='bbox 1246 2794 1689 2852; x_wconf 88' lang='lat' dir='ltr'><strong>contradictione</strong></span> <span class='ocrx_word' id='word_1_346' title='bbox 1711 2797 2095 2872; x_wconf 77' lang='lat' dir='ltr'><strong>sibi.compla—</strong></span> 
     </span>
    </p>
   </div>
   <div class='ocr_carea' id='block_1_48' title="bbox 514 2879 2093 2957">
    <p class='ocr_par' dir='ltr' id='par_1_48' title="bbox 514 2879 2093 2957">
     <span class='ocr_line' id='line_1_49' title="bbox 514 2879 2093 2957; baseline 0.011 -26"><span class='ocrx_word' id='word_1_347' title='bbox 514 2891 645 2932; x_wconf 87' lang='lat' dir='ltr'><strong>cens</strong></span> <span class='ocrx_word' id='word_1_348' title='bbox 670 2879 838 2945; x_wconf 87' lang='lat' dir='ltr'><strong>dicat,</strong></span> <span class='ocrx_word' id='word_1_349' title='bbox 869 2881 1327 2949; x_wconf 79' lang='lat' dir='ltr'><strong>quemadmodum</strong></span> <span class='ocrx_word' id='word_1_350' title='bbox 1365 2886 1572 2957; x_wconf 85' lang='lat' dir='ltr'><strong>recepti</strong></span> <span class='ocrx_word' id='word_1_351' title='bbox 1602 2888 1850 2944; x_wconf 83' lang='lat' dir='ltr'><strong>beneficii</strong></span> <span class='ocrx_word' id='word_1_352' title='bbox 1885 2907 2093 2947; x_wconf 83' lang='lat' dir='ltr'><strong>memo-</strong></span> 
     </span>
    </p>
   </div>
   <div class='ocr_carea' id='block_1_49' title="bbox 515 2970 2092 3046">
    <p class='ocr_par' dir='ltr' id='par_1_49' title="bbox 515 2970 2092 3046">
     <span class='ocr_line' id='line_1_50' title="bbox 515 2970 2092 3046; baseline 0.01 -25"><span class='ocrx_word' id='word_1_353' title='bbox 515 2972 652 3023; x_wconf 86' lang='lat' dir='ltr'><strong>riam</strong></span> <span class='ocrx_word' id='word_1_354' title='bbox 712 2970 1006 3025; x_wconf 85' lang='lat' dir='ltr'><strong>comitatur</strong></span> <span class='ocrx_word' id='word_1_355' title='bbox 1052 2971 1297 3030; x_wconf 84' lang='lat' dir='ltr'><strong>beuetlcii</strong></span> <span class='ocrx_word' id='word_1_356' title='bbox 1344 2974 1594 3046; x_wconf 88' lang='lat' dir='ltr'><strong>redditio,</strong></span> <span class='ocrx_word' id='word_1_357' title='bbox 1637 2979 1716 3034; x_wconf 88' lang='lat' dir='ltr'><strong>sic</strong></span> <span class='ocrx_word' id='word_1_358' title='bbox 1770 2981 1894 3036; x_wconf 82' lang='lat' dir='ltr'><strong>mali</strong></span> <span class='ocrx_word' id='word_1_359' title='bbox 1953 2982 2092 3037; x_wconf 84' lang='lat' dir='ltr'><strong>tole—</strong></span> 
     </span>
    </p>
   </div>
   <div class='ocr_carea' id='block_1_50' title="bbox 2269 2802 3770 2874">
    <p class='ocr_par' dir='ltr' id='par_1_50' title="bbox 2269 2802 3770 2874">
     <span class='ocr_line' id='line_1_51' title="bbox 2269 2802 3770 2874; baseline 0.003 -18"><span class='ocrx_word' id='word_1_360' title='bbox 2269 2802 2356 2874; x_wconf 79' lang='grc' dir='ltr'>ιβ’.</span> <span class='ocrx_word' id='word_1_361' title='bbox 2397 2803 2459 2857; x_wconf 81' lang='grc' dir='ltr'><strong>Εἰ</strong></span> <span class='ocrx_word' id='word_1_362' title='bbox 2489 2803 2547 2858; x_wconf 79' lang='grc' dir='ltr'>δέ.</span> <span class='ocrx_word' id='word_1_363' title='bbox 2596 2821 2679 2867; x_wconf 87' lang='grc' dir='ltr'><strong>τις</strong></span> <span class='ocrx_word' id='word_1_364' title='bbox 2729 2802 3039 2871; x_wconf 71' lang='grc' dir='ltr'>φιλοκαλῶν</span> <span class='ocrx_word' id='word_1_365' title='bbox 3087 2802 3279 2857; x_wconf 71' lang='grc' dir='ltr'>ἑαυτὸν</span> <span class='ocrx_word' id='word_1_366' title='bbox 3323 2804 3402 2867; x_wconf 81' lang='grc' dir='ltr'><strong>είς</strong></span> <span class='ocrx_word' id='word_1_367' title='bbox 3455 2803 3770 2874; x_wconf 78' lang='grc' dir='ltr'>ἀντιλογίαν</span> 
     </span>
    </p>
   </div>
   <div class='ocr_carea' id='block_1_51' title="bbox 2195 2894 3770 2968">
    <p class='ocr_par' dir='ltr' id='par_1_51' title="bbox 2195 2894 3770 2968">
     <span class='ocr_line' id='line_1_52' title="bbox 2195 2894 3770 2968; baseline 0.001 -19"><span class='ocrx_word' id='word_1_368' title='bbox 2195 2896 2333 2967; x_wconf 78' lang='grc' dir='ltr'>ἐρεῖ,</span> <span class='ocrx_word' id='word_1_369' title='bbox 2357 2895 2546 2964; x_wconf 83' lang='grc' dir='ltr'>ὥσπερ</span> <span class='ocrx_word' id='word_1_370' title='bbox 2590 2895 2654 2965; x_wconf 80' lang='grc' dir='ltr'>δὴ</span> <span class='ocrx_word' id='word_1_371' title='bbox 2698 2897 2763 2966; x_wconf 79' lang='grc' dir='ltr'>τῇ</span> <span class='ocrx_word' id='word_1_372' title='bbox 2793 2894 2885 2950; x_wconf 79' lang='grc' dir='ltr'><strong>τοῦ</strong></span> <span class='ocrx_word' id='word_1_373' title='bbox 2919 2895 3327 2967; x_wconf 86' lang='grc' dir='ltr'>εὐεργετεῖσθαι</span> <span class='ocrx_word' id='word_1_374' title='bbox 3356 2897 3541 2968; x_wconf 79' lang='grc' dir='ltr'>μνήμῃ</span> <span class='ocrx_word' id='word_1_375' title='bbox 3573 2914 3770 2950; x_wconf 87' lang='grc' dir='ltr'>συνεκ-</span> 
     </span>
    </p>
   </div>
   <div class='ocr_carea' id='block_1_52' title="bbox 2193 2987 3763 3060">
    <p class='ocr_par' dir='ltr' id='par_1_52' title="bbox 2193 2987 3763 3060">
     <span class='ocr_line' id='line_1_53' title="bbox 2193 2987 3763 3060; baseline 0.001 -20"><span class='ocrx_word' id='word_1_376' title='bbox 2193 2990 2379 3058; x_wconf 79' lang='grc' dir='ltr'>τρέχει</span> <span class='ocrx_word' id='word_1_377' title='bbox 2408 2988 2471 3041; x_wconf 82' lang='grc' dir='ltr'>τὸ</span> <span class='ocrx_word' id='word_1_378' title='bbox 2501 2989 2931 3059; x_wconf 80' lang='grc' dir='ltr'>ἀντευεργετεῖν,</span> <span class='ocrx_word' id='word_1_379' title='bbox 2963 2987 3104 3042; x_wconf 77' lang='grc' dir='ltr'>οὕτω</span> <span class='ocrx_word' id='word_1_380' title='bbox 3133 2988 3197 3059; x_wconf 78' lang='grc' dir='ltr'>δὴ</span> <span class='ocrx_word' id='word_1_381' title='bbox 3221 2989 3314 3042; x_wconf 72' lang='grc' dir='ltr'>καὶ</span> <span class='ocrx_word' id='word_1_382' title='bbox 3341 2991 3406 3057; x_wconf 76' lang='grc' dir='ltr'><strong>τῇ</strong></span> <span class='ocrx_word' id='word_1_383' title='bbox 3442 2988 3763 3060; x_wconf 70' lang='grc' dir='ltr'>μνημοσύνη</span> 
     </span>
    </p>
   </div>
   <div class='ocr_carea' id='block_1_53' title="bbox 513 3063 2078 3153">
    <p class='ocr_par' dir='ltr' id='par_1_53' title="bbox 513 3063 2078 3140">
     <span class='ocr_line' id='line_1_54' title="bbox 513 3063 2078 3140; baseline 0.009 -24"><span class='ocrx_word' id='word_1_384' title='bbox 513 3063 618 3116; x_wconf 91' lang='lat' dir='ltr'><strong>rati</strong></span> <span class='ocrx_word' id='word_1_385' title='bbox 645 3064 961 3118; x_wconf 82' lang='lat' dir='ltr'><strong>memoriam</strong></span> <span class='ocrx_word' id='word_1_386' title='bbox 991 3065 1251 3138; x_wconf 87' lang='lat' dir='ltr'><strong>subsequi</strong></span> <span class='ocrx_word' id='word_1_387' title='bbox 1278 3083 1341 3122; x_wconf 90' lang='lat' dir='ltr'><strong>ea</strong></span> <span class='ocrx_word' id='word_1_388' title='bbox 1362 3084 1484 3140; x_wconf 63' lang='lat' dir='ltr'><strong>quas</strong></span> <span class='ocrx_word' id='word_1_389' title='bbox 1529 3071 1902 3130; x_wconf 87' lang='lat' dir='ltr'><strong>retributionis</strong></span> <span class='ocrx_word' id='word_1_390' title='bbox 1940 3087 2078 3131; x_wconf 91' lang='lat' dir='ltr'><strong>sunt.</strong></span> 
     </span>
    </p>
   </div>
   <div class='ocr_carea' id='block_1_54' title="bbox 2185 3063 3762 3153">
    <p class='ocr_par' dir='ltr' id='par_1_54' title="bbox 2194 3079 3762 3153">
     <span class='ocr_line' id='line_1_55' title="bbox 2194 3079 3762 3153; baseline 0.001 -18"><span class='ocrx_word' id='word_1_391' title='bbox 2194 3080 2291 3135; x_wconf 82' lang='grc' dir='ltr'><strong>τοῦ</strong></span> <span class='ocrx_word' id='word_1_392' title='bbox 2322 3079 2626 3135; x_wconf 75' lang='grc' dir='ltr'>κακοῦσθαι</span> <span class='ocrx_word' id='word_1_393' title='bbox 2657 3082 3144 3152; x_wconf 84' lang='grc' dir='ltr'>συμπαρομαρτεῖν</span> <span class='ocrx_word' id='word_1_394' title='bbox 3172 3081 3268 3135; x_wconf 76' lang='grc' dir='ltr'>καὶ</span> <span class='ocrx_word' id='word_1_395' title='bbox 3309 3081 3378 3134; x_wconf 78' lang='grc' dir='ltr'><strong>τὰ</strong></span> <span class='ocrx_word' id='word_1_396' title='bbox 3408 3082 3506 3153; x_wconf 78' lang='grc' dir='ltr'>τὴς</span> <span class='ocrx_word' id='word_1_397' title='bbox 3536 3083 3762 3136; x_wconf 82' lang='grc' dir='ltr'>ἀντικα-</span> 
     </span>
    </p>
   </div>
   <div class='ocr_carea' id='block_1_55' title="bbox 511 3154 2078 3245">
    <p class='ocr_par' dir='ltr' id='par_1_55' title="bbox 511 3154 2078 3224">
     <span class='ocr_line' id='line_1_56' title="bbox 511 3154 2078 3224; baseline 0.011 -18"><span class='ocrx_word' id='word_1_398' title='bbox 511 3164 572 3207; x_wconf 84' lang='lat' dir='ltr'><strong>et</strong></span> <span class='ocrx_word' id='word_1_399' title='bbox 601 3154 727 3210; x_wconf 88' lang='lat' dir='ltr'><strong>inde</strong></span> <span class='ocrx_word' id='word_1_400' title='bbox 754 3166 942 3212; x_wconf 90' lang='lat' dir='ltr'><strong>mutuo</strong></span> <span class='ocrx_word' id='word_1_401' title='bbox 971 3171 1300 3216; x_wconf 83' lang='lat' dir='ltr'><strong>concurrere</strong></span> <span class='ocrx_word' id='word_1_402' title='bbox 1336 3161 1438 3218; x_wconf 90' lang='lat' dir='ltr'><strong>sibi</strong></span> <span class='ocrx_word' id='word_1_403' title='bbox 1488 3164 1612 3218; x_wconf 90' lang='lat' dir='ltr'><strong>mali</strong></span> <span class='ocrx_word' id='word_1_404' title='bbox 1655 3166 2078 3224; x_wconf 81' lang='lat' dir='ltr'><strong>recordationem</strong></span> 
     </span>
    </p>
   </div>
   <div class='ocr_carea' id='block_1_56' title="bbox 2185 3154 3767 3245">
    <p class='ocr_par' dir='ltr' id='par_1_56' title="bbox 2193 3172 3767 3245">
     <span class='ocr_line' id='line_1_57' title="bbox 2193 3172 3767 3245; baseline 0.002 -20"><span class='ocrx_word' id='word_1_405' title='bbox 2193 3173 2434 3237; x_wconf 85' lang='grc' dir='ltr'>κώσεως,</span> <span class='ocrx_word' id='word_1_406' title='bbox 2475 3172 2772 3226; x_wconf 85' lang='grc' dir='ltr'>κάντεῦθεν</span> <span class='ocrx_word' id='word_1_407' title='bbox 2820 3174 3136 3243; x_wconf 80' lang='grc' dir='ltr'>συντρέχειν</span> <span class='ocrx_word' id='word_1_408' title='bbox 3178 3173 3427 3243; x_wconf 84' lang='grc' dir='ltr'>ἀλλήλοις</span> <span class='ocrx_word' id='word_1_409' title='bbox 3470 3173 3529 3227; x_wconf 75' lang='grc' dir='ltr'>τὸ</span> <span class='ocrx_word' id='word_1_410' title='bbox 3565 3193 3583 3228; x_wconf 80' lang='grc' dir='ltr'><strong>ι</strong></span> <span class='ocrx_word' id='word_1_411' title='bbox 3621 3192 3767 3245; x_wconf 85' lang='grc' dir='ltr'>μεμ-</span> 
     </span>
    </p>
   </div>
   <div class='ocr_carea' id='block_1_57' title="bbox 513 3246 2078 3334">
    <p class='ocr_par' dir='ltr' id='par_1_57' title="bbox 513 3246 2078 3326">
     <span class='ocr_line' id='line_1_58' title="bbox 513 3246 2078 3326; baseline 0.01 -25"><span class='ocrx_word' id='word_1_412' title='bbox 513 3254 570 3301; x_wconf 89' lang='lat' dir='ltr'><strong>et</strong></span> <span class='ocrx_word' id='word_1_413' title='bbox 619 3246 742 3301; x_wconf 86' lang='lat' dir='ltr'><strong>mali</strong></span> <span class='ocrx_word' id='word_1_414' title='bbox 794 3250 1132 3318; x_wconf 88' lang='lat' dir='ltr'><strong>memoriam,</strong></span> <span class='ocrx_word' id='word_1_415' title='bbox 1182 3254 1227 3309; x_wconf 88' lang='lat' dir='ltr'><strong>is</strong></span> <span class='ocrx_word' id='word_1_416' title='bbox 1274 3255 1632 3323; x_wconf 87' lang='lat' dir='ltr'><strong>proculdubio</strong></span> <span class='ocrx_word' id='word_1_417' title='bbox 1673 3258 1906 3314; x_wconf 87' lang='lat' dir='ltr'><strong>absurda</strong></span> <span class='ocrx_word' id='word_1_418' title='bbox 1933 3260 2078 3326; x_wconf 78' lang='lat' dir='ltr'><strong>dicit,</strong></span> 
     </span>
    </p>
   </div>
   <div class='ocr_carea' id='block_1_58' title="bbox 2185 3246 3764 3334">
    <p class='ocr_par' dir='ltr' id='par_1_58' title="bbox 2191 3262 3764 3334">
     <span class='ocr_line' id='line_1_59' title="bbox 2191 3262 3764 3334; baseline 0.001 -17"><span class='ocrx_word' id='word_1_419' title='bbox 2191 3263 2389 3333; x_wconf 79' lang='grc' dir='ltr'>νῆσθαι</span> <span class='ocrx_word' id='word_1_420' title='bbox 2418 3262 2590 3317; x_wconf 81' lang='grc' dir='ltr'>κακοῦ</span> <span class='ocrx_word' id='word_1_421' title='bbox 2622 3282 2640 3315; x_wconf 77' lang='grc' dir='ltr'><strong>ι</strong></span> <span class='ocrx_word' id='word_1_422' title='bbox 2680 3262 2775 3317; x_wconf 77' lang='grc' dir='ltr'><strong>καὶ</strong></span> <span class='ocrx_word' id='word_1_423' title='bbox 2798 3263 2858 3316; x_wconf 70' lang='grc' dir='ltr'><strong>τὺ</strong></span> <span class='ocrx_word' id='word_1_424' title='bbox 2893 3282 2911 3315; x_wconf 76' lang='grc' dir='ltr'><strong>ι</strong></span> <span class='ocrx_word' id='word_1_425' title='bbox 2949 3266 3367 3334; x_wconf 78' lang='grc' dir='ltr'>μνησικακεῖν,ι</span> <span class='ocrx_word' id='word_1_426' title='bbox 3402 3264 3552 3317; x_wconf 81' lang='grc' dir='ltr'>λαλεῖ</span> <span class='ocrx_word' id='word_1_427' title='bbox 3573 3265 3675 3333; x_wconf 81' lang='grc' dir='ltr'>μέν</span> <span class='ocrx_word' id='word_1_428' title='bbox 3709 3284 3764 3319; x_wconf 86' lang='grc' dir='ltr'><strong>τι</strong></span> 
     </span>
    </p>
   </div>
   <div class='ocr_carea' id='block_1_59' title="bbox 513 3342 2078 3437">
    <p class='ocr_par' dir='ltr' id='par_1_59' title="bbox 513 3342 2078 3419">
     <span class='ocr_line' id='line_1_60' title="bbox 513 3342 2078 3419; baseline 0.007 -26"><span class='ocrx_word' id='word_1_429' title='bbox 513 3352 617 3394; x_wconf 82' lang='lat' dir='ltr'><strong>nec</strong></span> <span class='ocrx_word' id='word_1_430' title='bbox 650 3347 797 3395; x_wconf 86' lang='lat' dir='ltr'><strong>certe</strong></span> <span class='ocrx_word' id='word_1_431' title='bbox 825 3342 974 3396; x_wconf 87' lang='lat' dir='ltr'><strong>novit</strong></span> <span class='ocrx_word' id='word_1_432' title='bbox 1025 3352 1280 3399; x_wconf 84' lang='lat' dir='ltr'><strong>accurate</strong></span> <span class='ocrx_word' id='word_1_433' title='bbox 1313 3347 1696 3403; x_wconf 88' lang='lat' dir='ltr'><strong>discretionem</strong></span> <span class='ocrx_word' id='word_1_434' title='bbox 1723 3360 1816 3405; x_wconf 89' lang='lat' dir='ltr'><strong>aut</strong></span> <span class='ocrx_word' id='word_1_435' title='bbox 1846 3350 2078 3419; x_wconf 83' lang='lat' dir='ltr'><strong>regulam</strong></span> 
     </span>
    </p>
   </div>
   <div class='ocr_carea' id='block_1_60' title="bbox 2185 3342 3764 3437">
    <p class='ocr_par' dir='ltr' id='par_1_60' title="bbox 2193 3354 3764 3428">
     <span class='ocr_line' id='line_1_61' title="bbox 2193 3354 3764 3428; baseline 0.002 -19"><span class='ocrx_word' id='word_1_436' title='bbox 2193 3356 2447 3426; x_wconf 87' lang='grc' dir='ltr'>παχυλῶς</span> <span class='ocrx_word' id='word_1_437' title='bbox 2479 3356 2508 3408; x_wconf 86' lang='grc' dir='ltr'><strong>ό</strong></span> <span class='ocrx_word' id='word_1_438' title='bbox 2549 3354 2807 3420; x_wconf 78' lang='grc' dir='ltr'>τοιοῦτος,</span> <span class='ocrx_word' id='word_1_439' title='bbox 2857 3355 2917 3409; x_wconf 88' lang='grc' dir='ltr'><strong>οὐ</strong></span> <span class='ocrx_word' id='word_1_440' title='bbox 2972 3355 3080 3426; x_wconf 82' lang='grc' dir='ltr'>μὴν</span> <span class='ocrx_word' id='word_1_441' title='bbox 3128 3354 3455 3428; x_wconf 79' lang='grc' dir='ltr'>λεπτότερον</span> <span class='ocrx_word' id='word_1_442' title='bbox 3493 3356 3764 3426; x_wconf 80' lang='grc' dir='ltr'>ἀκριϐοῦν</span> 
     </span>
    </p>
   </div>
   <div class='ocr_carea' id='block_1_61' title="bbox 512 3428 2078 3521">
    <p class='ocr_par' dir='ltr' id='par_1_61' title="bbox 512 3428 2078 3507">
     <span class='ocr_line' id='line_1_62' title="bbox 512 3428 2078 3507; baseline 0.009 -24"><span class='ocrx_word' id='word_1_443' title='bbox 512 3428 833 3495; x_wconf 87' lang='lat' dir='ltr'><strong>observare,</strong></span> <span class='ocrx_word' id='word_1_444' title='bbox 892 3432 1040 3488; x_wconf 91' lang='lat' dir='ltr'><strong>unde</strong></span> <span class='ocrx_word' id='word_1_445' title='bbox 1095 3434 1399 3503; x_wconf 85' lang='lat' dir='ltr'><strong>probantur</strong></span> <span class='ocrx_word' id='word_1_446' title='bbox 1422 3437 1637 3505; x_wconf 88' lang='lat' dir='ltr'><strong>quidem</strong></span> <span class='ocrx_word' id='word_1_447' title='bbox 1694 3455 1813 3507; x_wconf 78' lang='lat' dir='ltr'><strong>quae</strong></span> <span class='ocrx_word' id='word_1_448' title='bbox 1868 3441 2078 3497; x_wconf 84' lang='lat' dir='ltr'><strong>virtutis</strong></span> 
     </span>
    </p>
   </div>
   <div class='ocr_carea' id='block_1_62' title="bbox 2185 3428 3767 3521">
    <p class='ocr_par' dir='ltr' id='par_1_62' title="bbox 2189 3441 3767 3521">
     <span class='ocr_line' id='line_1_63' title="bbox 2189 3441 3767 3521; baseline 0.001 -21"><span class='ocrx_word' id='word_1_449' title='bbox 2189 3441 2320 3512; x_wconf 76' lang='grc' dir='ltr'>οἶδε,</span> <span class='ocrx_word' id='word_1_450' title='bbox 2356 3446 2453 3501; x_wconf 74' lang='grc' dir='ltr'>καὶ</span> <span class='ocrx_word' id='word_1_451' title='bbox 2480 3446 2755 3515; x_wconf 79' lang='grc' dir='ltr'>διάκρισιν</span> <span class='ocrx_word' id='word_1_452' title='bbox 2787 3445 2819 3515; x_wconf 83' lang='grc' dir='ltr'>ἢ</span> <span class='ocrx_word' id='word_1_453' title='bbox 2853 3446 3052 3501; x_wconf 86' lang='grc' dir='ltr'>κανόνα</span> <span class='ocrx_word' id='word_1_454' title='bbox 3076 3446 3388 3517; x_wconf 79' lang='grc' dir='ltr'>διαρθροῦν,</span> <span class='ocrx_word' id='word_1_455' title='bbox 3424 3448 3548 3501; x_wconf 82' lang='grc' dir='ltr'>ὅθεν</span> <span class='ocrx_word' id='word_1_456' title='bbox 3575 3449 3767 3521; x_wconf 78' lang='grc' dir='ltr'>ἐγκρί-</span> 
     </span>
    </p>
   </div>
   <div class='ocr_carea' id='block_1_63' title="bbox 513 3522 2078 3609">
    <p class='ocr_par' dir='ltr' id='par_1_63' title="bbox 513 3522 2078 3597">
     <span class='ocr_line' id='line_1_64' title="bbox 513 3522 2078 3597; baseline 0.009 -22"><span class='ocrx_word' id='word_1_457' title='bbox 513 3527 665 3586; x_wconf 79' lang='grc' dir='ltr'>ιιιιιιι,</span> <span class='ocrx_word' id='word_1_458' title='bbox 697 3522 1123 3578; x_wconf 80' lang='lat' dir='ltr'><strong>condemnantur</strong></span> <span class='ocrx_word' id='word_1_459' title='bbox 1148 3536 1324 3578; x_wconf 88' lang='lat' dir='ltr'><strong>autem</strong></span> <span class='ocrx_word' id='word_1_460' title='bbox 1346 3542 1464 3595; x_wconf 67' lang='lat' dir='ltr'><strong>quae</strong></span> <span class='ocrx_word' id='word_1_461' title='bbox 1488 3530 1767 3597; x_wconf 83' lang='lat' dir='ltr'><strong>pravitatis</strong></span> <span class='ocrx_word' id='word_1_462' title='bbox 1792 3546 1807 3586; x_wconf 86' lang='lat'><strong>:</strong></span> <span class='ocrx_word' id='word_1_463' title='bbox 1841 3547 1953 3587; x_wconf 89' lang='lat' dir='ltr'><strong>rem</strong></span> <span class='ocrx_word' id='word_1_464' title='bbox 1972 3551 2078 3589; x_wconf 81' lang='lat' dir='ltr'><strong>non</strong></span> 
     </span>
    </p>
   </div>
   <div class='ocr_carea' id='block_1_64' title="bbox 2185 3522 3760 3609">
    <p class='ocr_par' dir='ltr' id='par_1_64' title="bbox 2187 3536 3760 3609">
     <span class='ocr_line' id='line_1_65' title="bbox 2187 3536 3760 3609; baseline 0.003 -20"><span class='ocrx_word' id='word_1_465' title='bbox 2187 3552 2368 3590; x_wconf 87' lang='grc' dir='ltr'>νονται</span> <span class='ocrx_word' id='word_1_466' title='bbox 2401 3536 2500 3607; x_wconf 80' lang='grc' dir='ltr'>μὲν</span> <span class='ocrx_word' id='word_1_467' title='bbox 2528 3537 2597 3590; x_wconf 83' lang='grc' dir='ltr'>τὰ</span> <span class='ocrx_word' id='word_1_468' title='bbox 2645 3538 2726 3601; x_wconf 83' lang='grc' dir='ltr'><strong>είς</strong></span> <span class='ocrx_word' id='word_1_469' title='bbox 2756 3537 2980 3609; x_wconf 66' lang='grc' dir='ltr'>ἀρετὴν,</span> <span class='ocrx_word' id='word_1_470' title='bbox 3033 3536 3422 3608; x_wconf 70' lang='grc' dir='ltr'>ἀποκρίνονται</span> <span class='ocrx_word' id='word_1_471' title='bbox 3470 3540 3527 3592; x_wconf 80' lang='grc' dir='ltr'>δὲ</span> <span class='ocrx_word' id='word_1_472' title='bbox 3561 3541 3628 3592; x_wconf 64' lang='grc' dir='ltr'><strong>τὰ</strong></span> <span class='ocrx_word' id='word_1_473' title='bbox 3676 3542 3760 3604; x_wconf 82' lang='grc' dir='ltr'><strong>είς</strong></span> 
     </span>
    </p>
   </div>
   <div class='ocr_carea' id='block_1_65' title="bbox 512 3613 2084 3692">
    <p class='ocr_par' dir='ltr' id='par_1_65' title="bbox 512 3613 2084 3692">
     <span class='ocr_line' id='line_1_66' title="bbox 512 3613 2084 3692; baseline 0.01 -29"><span class='ocrx_word' id='word_1_474' title='bbox 512 3613 778 3680; x_wconf 81' lang='lat' dir='ltr'><strong>profunde</strong></span> <span class='ocrx_word' id='word_1_475' title='bbox 819 3624 1089 3682; x_wconf 82' lang='lat' dir='ltr'><strong>penetrat.</strong></span> <span class='ocrx_word' id='word_1_476' title='bbox 1131 3615 1352 3681; x_wconf 82' lang='lat' dir='ltr'><strong>Verum,</strong></span> <span class='ocrx_word' id='word_1_477' title='bbox 1387 3618 1546 3673; x_wconf 89' lang='lat' dir='ltr'><strong>sicuti</strong></span> <span class='ocrx_word' id='word_1_478' title='bbox 1582 3628 1779 3677; x_wconf 84' lang='lat' dir='ltr'><strong>matres</strong></span> <span class='ocrx_word' id='word_1_479' title='bbox 1829 3626 2084 3692; x_wconf 67' lang='lat' dir='ltr'><strong>gravidae,</strong></span> 
     </span>
    </p>
   </div>
   <div class='ocr_carea' id='block_1_66' title="bbox 513 3693 2085 3778">
    <p class='ocr_par' dir='ltr' id='par_1_66' title="bbox 513 3693 2085 3778">
     <span class='ocr_line' id='line_1_67' title="bbox 513 3693 2085 3778; baseline 0.007 -21"><span class='ocrx_word' id='word_1_480' title='bbox 513 3706 902 3772; x_wconf 74' lang='lat' dir='ltr'><strong>siintquaulam</strong></span> <span class='ocrx_word' id='word_1_481' title='bbox 925 3693 1236 3776; x_wconf 71' lang='lat' dir='ltr'><strong>qualitates.</strong></span> <span class='ocrx_word' id='word_1_482' title='bbox 1263 3709 1449 3778; x_wconf 84' lang='lat' dir='ltr'><strong>Itaque</strong></span> <span class='ocrx_word' id='word_1_483' title='bbox 1471 3709 1855 3766; x_wconf 85' lang='lat' dir='ltr'><strong>beneﬁciorum</strong></span> <span class='ocrx_word' id='word_1_484' title='bbox 1882 3728 2085 3768; x_wconf 86' lang='lat' dir='ltr'><strong>memo-</strong></span> 
     </span>
    </p>
   </div>
   <div class='ocr_carea' id='block_1_67' title="bbox 514 3795 2085 3877">
    <p class='ocr_par' dir='ltr' id='par_1_67' title="bbox 514 3795 2085 3877">
     <span class='ocr_line' id='line_1_68' title="bbox 514 3795 2085 3877; baseline 0.009 -27"><span class='ocrx_word' id='word_1_485' title='bbox 514 3795 620 3858; x_wconf 84' lang='lat' dir='ltr'><strong>ria,</strong></span> <span class='ocrx_word' id='word_1_486' title='bbox 651 3812 771 3865; x_wconf 70' lang='lat' dir='ltr'><strong>qua:</strong></span> <span class='ocrx_word' id='word_1_487' title='bbox 812 3798 953 3852; x_wconf 85' lang='lat' dir='ltr'><strong>bona</strong></span> <span class='ocrx_word' id='word_1_488' title='bbox 990 3799 1224 3867; x_wconf 86' lang='lat' dir='ltr'><strong>qualitas</strong></span> <span class='ocrx_word' id='word_1_489' title='bbox 1255 3812 1357 3865; x_wconf 89' lang='lat' dir='ltr'><strong>est,</strong></span> <span class='ocrx_word' id='word_1_490' title='bbox 1385 3801 1489 3857; x_wconf 87' lang='lat' dir='ltr'><strong>alia</strong></span> <span class='ocrx_word' id='word_1_491' title='bbox 1517 3803 1733 3871; x_wconf 88' lang='lat' dir='ltr'><strong>quidem</strong></span> <span class='ocrx_word' id='word_1_492' title='bbox 1766 3805 1961 3861; x_wconf 81' lang='lat' dir='ltr'><strong>similia</strong></span> <span class='ocrx_word' id='word_1_493' title='bbox 1991 3823 2085 3877; x_wconf 87' lang='lat' dir='ltr'><strong>ge-</strong></span> 
     </span>
    </p>
   </div>
   <div class='ocr_carea' id='block_1_68' title="bbox 514 3887 2087 3963">
    <p class='ocr_par' dir='ltr' id='par_1_68' title="bbox 514 3887 2087 3963">
     <span class='ocr_line' id='line_1_69' title="bbox 514 3887 2087 3963; baseline 0.008 -22"><span class='ocrx_word' id='word_1_494' title='bbox 514 3896 711 3952; x_wconf 85' lang='lat' dir='ltr'><strong>nerat,</strong></span> <span class='ocrx_word' id='word_1_495' title='bbox 776 3887 935 3942; x_wconf 89' lang='lat' dir='ltr'><strong>sicuti</strong></span> <span class='ocrx_word' id='word_1_496' title='bbox 999 3889 1171 3961; x_wconf 76' lang='lat' dir='ltr'><strong>gratia</strong></span> <span class='ocrx_word' id='word_1_497' title='bbox 1233 3891 1463 3960; x_wconf 82' lang='lat' dir='ltr'><strong>gratiam</strong></span> <span class='ocrx_word' id='word_1_498' title='bbox 1529 3893 1737 3963; x_wconf 83' lang='lat' dir='ltr'><strong>gignit;</strong></span> <span class='ocrx_word' id='word_1_499' title='bbox 1795 3895 1898 3949; x_wconf 87' lang='lat' dir='ltr'><strong>alia</strong></span> <span class='ocrx_word' id='word_1_500' title='bbox 1959 3913 2087 3953; x_wconf 84' lang='lat' dir='ltr'><strong>vero</strong></span> 
     </span>
    </p>
   </div>
   <div class='ocr_carea' id='block_1_69' title="bbox 511 3977 2085 4052">
    <p class='ocr_par' dir='ltr' id='par_1_69' title="bbox 511 3977 2085 4052">
     <span class='ocr_line' id='line_1_70' title="bbox 511 3977 2085 4052; baseline 0.01 -20"><span class='ocrx_word' id='word_1_501' title='bbox 511 3977 630 4032; x_wconf 87' lang='lat' dir='ltr'><strong>sola</strong></span> <span class='ocrx_word' id='word_1_502' title='bbox 662 3977 938 4034; x_wconf 79' lang='lat' dir='ltr'><strong>voluntate</strong></span> <span class='ocrx_word' id='word_1_503' title='bbox 961 3980 1468 4052; x_wconf 56' lang='lat' dir='ltr'><strong>consistitmuando</strong></span> <span class='ocrx_word' id='word_1_504' title='bbox 1490 3984 1750 4042; x_wconf 81' lang='lat' dir='ltr'><strong>beneficio</strong></span> <span class='ocrx_word' id='word_1_505' title='bbox 1772 3989 2003 4045; x_wconf 87' lang='lat' dir='ltr'><strong>donatus</strong></span> <span class='ocrx_word' id='word_1_506' title='bbox 2033 3991 2085 4047; x_wconf 92' lang='lat' dir='ltr'><strong>in</strong></span> 
     </span>
    </p>
   </div>
   <div class='ocr_carea' id='block_1_70' title="bbox 510 4069 2081 4140">
    <p class='ocr_par' dir='ltr' id='par_1_70' title="bbox 510 4069 2081 4140">
     <span class='ocr_line' id='line_1_71' title="bbox 510 4069 2081 4140; baseline 0.01 -18"><span class='ocrx_word' id='word_1_507' title='bbox 510 4069 596 4123; x_wconf 88' lang='lat' dir='ltr'><strong>eis</strong></span> <span class='ocrx_word' id='word_1_508' title='bbox 626 4083 745 4137; x_wconf 63' lang='lat' dir='ltr'><strong>quae</strong></span> <span class='ocrx_word' id='word_1_509' title='bbox 772 4078 902 4124; x_wconf 90' lang='lat' dir='ltr'><strong>sunt</strong></span> <span class='ocrx_word' id='word_1_510' title='bbox 938 4070 1127 4140; x_wconf 85' lang='lat' dir='ltr'><strong>ipsius,</strong></span> <span class='ocrx_word' id='word_1_511' title='bbox 1175 4076 1360 4131; x_wconf 82' lang='lat' dir='ltr'><strong>vacuis</strong></span> <span class='ocrx_word' id='word_1_512' title='bbox 1404 4076 1654 4134; x_wconf 88' lang='lat' dir='ltr'><strong>manibus</strong></span> <span class='ocrx_word' id='word_1_513' title='bbox 1687 4093 2081 4138; x_wconf 86' lang='lat' dir='ltr'><strong>commoratur.</strong></span> 
     </span>
    </p>
   </div>
   <div class='ocr_carea' id='block_1_71' title="bbox 514 4158 2086 4235">
    <p class='ocr_par' dir='ltr' id='par_1_71' title="bbox 514 4158 2086 4235">
     <span class='ocr_line' id='line_1_72' title="bbox 514 4158 2086 4235; baseline 0.011 -22"><span class='ocrx_word' id='word_1_514' title='bbox 514 4158 610 4213; x_wconf 83' lang='lat' dir='ltr'><strong>Est</strong></span> <span class='ocrx_word' id='word_1_515' title='bbox 635 4165 814 4213; x_wconf 87' lang='lat' dir='ltr'><strong>autem</strong></span> <span class='ocrx_word' id='word_1_516' title='bbox 847 4160 1012 4213; x_wconf 87' lang='lat' dir='ltr'><strong>etiam</strong></span> <span class='ocrx_word' id='word_1_517' title='bbox 1049 4162 1339 4232; x_wconf 86' lang='lat' dir='ltr'><strong>aliquando</strong></span> <span class='ocrx_word' id='word_1_518' title='bbox 1368 4168 1613 4235; x_wconf 60' lang='lat' dir='ltr'><strong>quadam</strong></span> <span class='ocrx_word' id='word_1_519' title='bbox 1655 4170 1855 4226; x_wconf 88' lang='lat' dir='ltr'><strong>sterilis</strong></span> <span class='ocrx_word' id='word_1_520' title='bbox 1885 4173 2086 4229; x_wconf 84' lang='lat' dir='ltr'><strong>beneﬂ-</strong></span> 
     </span>
    </p>
   </div>
   <div class='ocr_carea' id='block_1_72' title="bbox 511 4245 2084 4330">
    <p class='ocr_par' dir='ltr' id='par_1_72' title="bbox 511 4245 2084 4330">
     <span class='ocr_line' id='line_1_73' title="bbox 511 4245 2084 4330; baseline 0.014 -32"><span class='ocrx_word' id='word_1_521' title='bbox 511 4245 715 4309; x_wconf 88' lang='lat' dir='ltr'><strong>centia,</strong></span> <span class='ocrx_word' id='word_1_522' title='bbox 749 4246 927 4314; x_wconf 68' lang='lat' dir='ltr'><strong>qualis</strong></span> <span class='ocrx_word' id='word_1_523' title='bbox 951 4258 1036 4304; x_wconf 88' lang='lat' dir='ltr'><strong>est</strong></span> <span class='ocrx_word' id='word_1_524' title='bbox 1058 4249 1416 4319; x_wconf 86' lang='lat' dir='ltr'><strong>ingratorum,</strong></span> <span class='ocrx_word' id='word_1_525' title='bbox 1439 4259 1878 4327; x_wconf 82' lang='lat' dir='ltr'><strong>exsecrabilium,</strong></span> <span class='ocrx_word' id='word_1_526' title='bbox 1900 4261 2084 4330; x_wconf 83' lang='lat' dir='ltr'><strong>judai-</strong></span> 
     </span>
    </p>
   </div>
   <div class='ocr_carea' id='block_1_73' title="bbox 512 4337 2080 4416">
    <p class='ocr_par' dir='ltr' id='par_1_73' title="bbox 512 4337 2080 4416">
     <span class='ocr_line' id='line_1_74' title="bbox 512 4337 2080 4416; baseline 0.013 -25"><span class='ocrx_word' id='word_1_527' title='bbox 512 4337 773 4393; x_wconf 78' lang='lat' dir='ltr'><strong>zantium.</strong></span> <span class='ocrx_word' id='word_1_528' title='bbox 800 4340 862 4392; x_wconf 86' lang='lat' dir='ltr'><strong>Et</strong></span> <span class='ocrx_word' id='word_1_529' title='bbox 881 4342 1091 4409; x_wconf 86' lang='lat' dir='ltr'><strong>quidem</strong></span> <span class='ocrx_word' id='word_1_530' title='bbox 1118 4345 1169 4398; x_wconf 87' lang='lat' dir='ltr'><strong>in</strong></span> <span class='ocrx_word' id='word_1_531' title='bbox 1193 4346 1392 4402; x_wconf 86' lang='lat' dir='ltr'><strong>talibus</strong></span> <span class='ocrx_word' id='word_1_532' title='bbox 1407 4348 1637 4416; x_wconf 89' lang='lat' dir='ltr'><strong>primum</strong></span> <span class='ocrx_word' id='word_1_533' title='bbox 1656 4362 1739 4407; x_wconf 87' lang='lat' dir='ltr'><strong>est</strong></span> <span class='ocrx_word' id='word_1_534' title='bbox 1761 4352 2080 4411; x_wconf 77' lang='lat' dir='ltr'><strong>beneficium</strong></span> 
     </span>
    </p>
   </div>
   <div class='ocr_carea' id='block_1_74' title="bbox 513 4428 2080 4514">
    <p class='ocr_par' dir='ltr' id='par_1_74' title="bbox 513 4428 2080 4514">
     <span class='ocr_line' id='line_1_75' title="bbox 513 4428 2080 4514; baseline 0.014 -33"><span class='ocrx_word' id='word_1_535' title='bbox 513 4428 852 4497; x_wconf 84' lang='lat' dir='ltr'><strong>retribuere;</strong></span> <span class='ocrx_word' id='word_1_536' title='bbox 900 4434 1196 4489; x_wconf 88' lang='lat' dir='ltr'><strong>secundum</strong></span> <span class='ocrx_word' id='word_1_537' title='bbox 1244 4446 1423 4493; x_wconf 87' lang='lat' dir='ltr'><strong>autem</strong></span> <span class='ocrx_word' id='word_1_538' title='bbox 1476 4440 1529 4494; x_wconf 91' lang='lat' dir='ltr'><strong>in</strong></span> <span class='ocrx_word' id='word_1_539' title='bbox 1577 4443 1852 4500; x_wconf 88' lang='lat' dir='ltr'><strong>voluntate</strong></span> <span class='ocrx_word' id='word_1_540' title='bbox 1914 4447 2080 4514; x_wconf 79' lang='lat' dir='ltr'><strong>sistit,</strong></span> 
     </span>
    </p>
   </div>
   <div class='ocr_carea' id='block_1_75' title="bbox 508 4523 2084 4607">
    <p class='ocr_par' dir='ltr' id='par_1_75' title="bbox 508 4523 2084 4607">
     <span class='ocr_line' id='line_1_76' title="bbox 508 4523 2084 4607; baseline 0.013 -33"><span class='ocrx_word' id='word_1_541' title='bbox 508 4536 633 4576; x_wconf 87' lang='lat' dir='ltr'><strong>cum</strong></span> <span class='ocrx_word' id='word_1_542' title='bbox 692 4523 756 4575; x_wconf 90' lang='lat' dir='ltr'><strong>ad</strong></span> <span class='ocrx_word' id='word_1_543' title='bbox 806 4524 1052 4580; x_wconf 87' lang='lat' dir='ltr'><strong>effectum</strong></span> <span class='ocrx_word' id='word_1_544' title='bbox 1113 4530 1348 4585; x_wconf 87' lang='lat' dir='ltr'><strong>transire</strong></span> <span class='ocrx_word' id='word_1_545' title='bbox 1394 4534 1605 4602; x_wconf 89' lang='lat' dir='ltr'><strong>nequit.</strong></span> <span class='ocrx_word' id='word_1_546' title='bbox 1669 4534 1912 4607; x_wconf 82' lang='lat' dir='ltr'><strong>Denique</strong></span> <span class='ocrx_word' id='word_1_547' title='bbox 1979 4550 2084 4596; x_wconf 90' lang='lat' dir='ltr'><strong>ter-</strong></span> 
     </span>
    </p>
   </div>
   <div class='ocr_carea' id='block_1_76' title="bbox 511 4614 2077 4697">
    <p class='ocr_par' dir='ltr' id='par_1_76' title="bbox 511 4614 2077 4697">
     <span class='ocr_line' id='line_1_77' title="bbox 511 4614 2077 4697; baseline 0.017 -33"><span class='ocrx_word' id='word_1_548' title='bbox 511 4614 642 4666; x_wconf 89' lang='lat' dir='ltr'><strong>tium</strong></span> <span class='ocrx_word' id='word_1_549' title='bbox 684 4623 769 4670; x_wconf 83' lang='lat' dir='ltr'><strong>est</strong></span> <span class='ocrx_word' id='word_1_550' title='bbox 812 4632 987 4685; x_wconf 89' lang='lat' dir='ltr'><strong>neque</strong></span> <span class='ocrx_word' id='word_1_551' title='bbox 1024 4618 1237 4687; x_wconf 84' lang='lat' dir='ltr'><strong>facere,</strong></span> <span class='ocrx_word' id='word_1_552' title='bbox 1288 4638 1462 4693; x_wconf 85' lang='lat' dir='ltr'><strong>neque</strong></span> <span class='ocrx_word' id='word_1_553' title='bbox 1516 4628 1651 4683; x_wconf 91' lang='lat' dir='ltr'><strong>velle</strong></span> <span class='ocrx_word' id='word_1_554' title='bbox 1679 4671 1695 4697; x_wconf 93' lang='lat'><strong>,</strong></span> <span class='ocrx_word' id='word_1_555' title='bbox 1747 4631 2077 4690; x_wconf 78' lang='lat' dir='ltr'><strong>benefactori</strong></span> 
     </span>
    </p>
   </div>
   <div class='ocr_carea' id='block_1_77' title="bbox 508 4703 1553 4774">
    <p class='ocr_par' dir='ltr' id='par_1_77' title="bbox 508 4703 1553 4774">
     <span class='ocr_line' id='line_1_78' title="bbox 508 4703 1553 4774; baseline 0.014 -17"><span class='ocrx_word' id='word_1_556' title='bbox 508 4703 762 4773; x_wconf 75' lang='lat' dir='ltr'><strong>iniuriam</strong></span> <span class='ocrx_word' id='word_1_557' title='bbox 791 4707 1014 4774; x_wconf 82' lang='lat' dir='ltr'><strong>inferre,</strong></span> <span class='ocrx_word' id='word_1_558' title='bbox 1043 4719 1103 4765; x_wconf 87' lang='lat' dir='ltr'><strong>ut</strong></span> <span class='ocrx_word' id='word_1_559' title='bbox 1129 4710 1253 4766; x_wconf 86' lang='lat' dir='ltr'><strong>fecit</strong></span> <span class='ocrx_word' id='word_1_560' title='bbox 1274 4714 1553 4772; x_wconf 84' lang='lat' dir='ltr'><strong>lscariota.</strong></span> 
     </span>
    </p>
   </div>
   <div class='ocr_carea' id='block_1_78' title="bbox 585 4884 2077 4962">
    <p class='ocr_par' dir='ltr' id='par_1_78' title="bbox 585 4884 2077 4962">
     <span class='ocr_line' id='line_1_79' title="bbox 585 4884 2077 4962; baseline 0.018 -27"><span class='ocrx_word' id='word_1_561' title='bbox 585 4884 671 4939; x_wconf 80' lang='grc'>15.</span> <span class='ocrx_word' id='word_1_562' title='bbox 706 4884 856 4939; x_wconf 82' lang='lat' dir='ltr'><strong>Talia</strong></span> <span class='ocrx_word' id='word_1_563' title='bbox 888 4887 1104 4955; x_wconf 90' lang='lat' dir='ltr'><strong>quidem</strong></span> <span class='ocrx_word' id='word_1_564' title='bbox 1153 4902 1277 4947; x_wconf 86' lang='lat' dir='ltr'><strong>sunt</strong></span> <span class='ocrx_word' id='word_1_565' title='bbox 1321 4898 1617 4961; x_wconf 80' lang='lat' dir='ltr'><strong>spectantia</strong></span> <span class='ocrx_word' id='word_1_566' title='bbox 1662 4903 1728 4956; x_wconf 86' lang='lat' dir='ltr'><strong>ad</strong></span> <span class='ocrx_word' id='word_1_567' title='bbox 1777 4902 2077 4962; x_wconf 74' lang='lat' dir='ltr'><strong>beneficen-</strong></span> 
     </span>
    </p>
   </div>
   <div class='ocr_carea' id='block_1_79' title="bbox 505 4974 2076 5055">
    <p class='ocr_par' dir='ltr' id='par_1_79' title="bbox 505 4974 2076 5055">
     <span class='ocr_line' id='line_1_80' title="bbox 505 4974 2076 5055; baseline 0.017 -26"><span class='ocrx_word' id='word_1_568' title='bbox 505 4974 674 5038; x_wconf 90' lang='lat' dir='ltr'><strong>tiam,</strong></span> <span class='ocrx_word' id='word_1_569' title='bbox 712 4992 845 5046; x_wconf 67' lang='lat' dir='ltr'><strong>quae</strong></span> <span class='ocrx_word' id='word_1_570' title='bbox 883 4987 977 5034; x_wconf 87' lang='lat' dir='ltr'><strong>aut</strong></span> <span class='ocrx_word' id='word_1_571' title='bbox 1021 4984 1252 5049; x_wconf 84' lang='lat' dir='ltr'><strong>parturit</strong></span> <span class='ocrx_word' id='word_1_572' title='bbox 1286 4986 1354 5039; x_wconf 85' lang='lat' dir='ltr'><strong>ad</strong></span> <span class='ocrx_word' id='word_1_573' title='bbox 1403 4990 1611 5055; x_wconf 82' lang='lat' dir='ltr'><strong>lucem,</strong></span> <span class='ocrx_word' id='word_1_574' title='bbox 1642 5003 1735 5047; x_wconf 88' lang='lat' dir='ltr'><strong>aut</strong></span> <span class='ocrx_word' id='word_1_575' title='bbox 1774 4994 1827 5049; x_wconf 90' lang='lat' dir='ltr'><strong>in</strong></span> <span class='ocrx_word' id='word_1_576' title='bbox 1869 5000 2076 5055; x_wconf 89' lang='lat' dir='ltr'><strong>semine</strong></span> 
     </span>
    </p>
   </div>
   <div class='ocr_carea' id='block_1_80' title="bbox 505 5067 2065 5155">
    <p class='ocr_par' dir='ltr' id='par_1_80' title="bbox 505 5067 2065 5155">
     <span class='ocr_line' id='line_1_81' title="bbox 505 5067 2065 5155; baseline 0.015 -34"><span class='ocrx_word' id='word_1_577' title='bbox 505 5067 623 5121; x_wconf 92' lang='lat' dir='ltr'><strong>solo</strong></span> <span class='ocrx_word' id='word_1_578' title='bbox 672 5069 1081 5138; x_wconf 66' lang='lat' dir='ltr'><strong>consideratur,</strong></span> <span class='ocrx_word' id='word_1_579' title='bbox 1128 5075 1240 5129; x_wconf 89' lang='lat' dir='ltr'><strong>sive</strong></span> <span class='ocrx_word' id='word_1_580' title='bbox 1280 5094 1401 5146; x_wconf 70' lang='lat' dir='ltr'><strong>quae</strong></span> <span class='ocrx_word' id='word_1_581' title='bbox 1450 5095 1670 5149; x_wconf 91' lang='lat' dir='ltr'><strong>prorsus</strong></span> <span class='ocrx_word' id='word_1_582' title='bbox 1713 5088 1913 5143; x_wconf 81' lang='lat' dir='ltr'><strong>Sterilis</strong></span> <span class='ocrx_word' id='word_1_583' title='bbox 1957 5100 2065 5155; x_wconf 89' lang='lat' dir='ltr'><strong>est,</strong></span> 
     </span>
    </p>
   </div>
   <div class='ocr_carea' id='block_1_81' title="bbox 505 5158 2067 5248">
    <p class='ocr_par' dir='ltr' id='par_1_81' title="bbox 505 5158 2067 5248">
     <span class='ocr_line' id='line_1_82' title="bbox 505 5158 2067 5248; baseline 0.017 -38"><span class='ocrx_word' id='word_1_584' title='bbox 505 5166 599 5211; x_wconf 88' lang='lat' dir='ltr'><strong>aut</strong></span> <span class='ocrx_word' id='word_1_585' title='bbox 618 5158 662 5212; x_wconf 92' lang='lat' dir='ltr'><strong>si</strong></span> <span class='ocrx_word' id='word_1_586' title='bbox 699 5160 917 5228; x_wconf 89' lang='lat' dir='ltr'><strong>quando</strong></span> <span class='ocrx_word' id='word_1_587' title='bbox 941 5166 1192 5231; x_wconf 87' lang='lat' dir='ltr'><strong>parturit,</strong></span> <span class='ocrx_word' id='word_1_588' title='bbox 1224 5169 1335 5222; x_wconf 87' lang='lat' dir='ltr'><strong>edit</strong></span> <span class='ocrx_word' id='word_1_589' title='bbox 1358 5171 1577 5238; x_wconf 87' lang='lat' dir='ltr'><strong>molam,</strong></span> <span class='ocrx_word' id='word_1_590' title='bbox 1607 5178 1719 5229; x_wconf 82' lang='lat' dir='ltr'><strong>sive</strong></span> <span class='ocrx_word' id='word_1_591' title='bbox 1740 5194 1859 5248; x_wconf 69' lang='lat' dir='ltr'><strong>qua:</strong></span> <span class='ocrx_word' id='word_1_592' title='bbox 1882 5196 2067 5237; x_wconf 83' lang='lat' dir='ltr'><strong>veram</strong></span> 
     </span>
    </p>
   </div>
   <div class='ocr_carea' id='block_1_82' title="bbox 499 5249 2077 5329">
    <p class='ocr_par' dir='ltr' id='par_1_82' title="bbox 499 5249 2077 5329">
     <span class='ocr_line' id='line_1_83' title="bbox 499 5249 2077 5329; baseline 0.019 -29"><span class='ocrx_word' id='word_1_593' title='bbox 499 5249 826 5318; x_wconf 74' lang='lat' dir='ltr'><strong>gravitatem</strong></span> <span class='ocrx_word' id='word_1_594' title='bbox 855 5253 962 5306; x_wconf 87' lang='lat' dir='ltr'><strong>alio</strong></span> <span class='ocrx_word' id='word_1_595' title='bbox 993 5259 1223 5323; x_wconf 88' lang='lat' dir='ltr'><strong>quodam</strong></span> <span class='ocrx_word' id='word_1_596' title='bbox 1258 5263 1418 5315; x_wconf 89' lang='lat' dir='ltr'><strong>modo</strong></span> <span class='ocrx_word' id='word_1_597' title='bbox 1452 5267 1731 5323; x_wconf 89' lang='lat' dir='ltr'><strong>mentitur.</strong></span> <span class='ocrx_word' id='word_1_598' title='bbox 1768 5270 2077 5329; x_wconf 78' lang='lat' dir='ltr'><strong>Maleficen-</strong></span> 
     </span>
    </p>
   </div>
   <div class='ocr_carea' id='block_1_83' title="bbox 505 5338 2074 5434">
    <p class='ocr_par' dir='ltr' id='par_1_83' title="bbox 505 5338 2074 5434">
     <span class='ocr_line' id='line_1_84' title="bbox 505 5338 2074 5434; baseline 0.019 -44"><span class='ocrx_word' id='word_1_599' title='bbox 505 5338 576 5391; x_wconf 90' lang='lat' dir='ltr'><strong>tia</strong></span> <span class='ocrx_word' id='word_1_600' title='bbox 610 5342 936 5411; x_wconf 79' lang='lat' dir='ltr'><strong>vero,juxta</strong></span> <span class='ocrx_word' id='word_1_601' title='bbox 977 5347 1261 5418; x_wconf 73' lang='lat' dir='ltr'><strong>rationem,</strong></span> <span class='ocrx_word' id='word_1_602' title='bbox 1305 5353 1390 5406; x_wconf 76' lang='lat' dir='ltr'><strong>cui</strong></span> <span class='ocrx_word' id='word_1_603' title='bbox 1438 5359 1625 5411; x_wconf 88' lang='lat' dir='ltr'><strong>subest</strong></span> <span class='ocrx_word' id='word_1_604' title='bbox 1671 5361 2074 5434; x_wconf 82' lang='lat' dir='ltr'><strong>beneﬁcentia;</strong></span> 
     </span>
    </p>
   </div>
   <div class='ocr_carea' id='block_1_84' title="bbox 2190 3628 3757 3704">
    <p class='ocr_par' dir='ltr' id='par_1_84' title="bbox 2190 3628 3757 3704">
     <span class='ocr_line' id='line_1_85' title="bbox 2190 3628 3757 3704; baseline 0.003 -23"><span class='ocrx_word' id='word_1_605' title='bbox 2190 3628 2532 3698; x_wconf 59' lang='grc' dir='ltr'>φαυλότητω</span> <span class='ocrx_word' id='word_1_606' title='bbox 2584 3629 2707 3682; x_wconf 80' lang='grc' dir='ltr'>οὐδὲ</span> <span class='ocrx_word' id='word_1_607' title='bbox 2755 3628 3076 3694; x_wconf 80' lang='grc' dir='ltr'>ὲμϐαθύνει.</span> <span class='ocrx_word' id='word_1_608' title='bbox 3125 3629 3316 3699; x_wconf 84' lang='grc' dir='ltr'>Ὅμως</span> <span class='ocrx_word' id='word_1_609' title='bbox 3359 3631 3757 3704; x_wconf 79' lang='grc' dir='ltr'>ὲγκυμονοῢσιν</span> 
     </span>
    </p>
   </div>
   <div class='ocr_carea' id='block_1_85' title="bbox 2187 3717 3759 3795">
    <p class='ocr_par' dir='ltr' id='par_1_85' title="bbox 2187 3717 3759 3795">
     <span class='ocr_line' id='line_1_86' title="bbox 2187 3717 3759 3795; baseline 0.004 -22"><span class='ocrx_word' id='word_1_610' title='bbox 2187 3717 2276 3774; x_wconf 77' lang='grc' dir='ltr'>οἷα</span> <span class='ocrx_word' id='word_1_611' title='bbox 2315 3721 2409 3774; x_wconf 73' lang='grc' dir='ltr'>καὶ</span> <span class='ocrx_word' id='word_1_612' title='bbox 2462 3720 2696 3791; x_wconf 81' lang='grc' dir='ltr'>μητέρες</span> <span class='ocrx_word' id='word_1_613' title='bbox 2745 3721 2890 3784; x_wconf 83' lang='grc' dir='ltr'>τινὲς</span> <span class='ocrx_word' id='word_1_614' title='bbox 2945 3722 3001 3775; x_wconf 81' lang='grc' dir='ltr'><strong>αῖ</strong></span> <span class='ocrx_word' id='word_1_615' title='bbox 3052 3723 3361 3793; x_wconf 84' lang='grc' dir='ltr'>ποιότητες.</span> <span class='ocrx_word' id='word_1_616' title='bbox 3413 3725 3759 3795; x_wconf 78' lang='grc' dir='ltr'>Εὐεργεσίας</span> 
     </span>
    </p>
   </div>
   <div class='ocr_carea' id='block_1_86' title="bbox 2188 3812 3759 3887">
    <p class='ocr_par' dir='ltr' id='par_1_86' title="bbox 2188 3812 3759 3887">
     <span class='ocr_line' id='line_1_87' title="bbox 2188 3812 3759 3887; baseline 0.004 -22"><span class='ocrx_word' id='word_1_617' title='bbox 2188 3812 2319 3882; x_wconf 80' lang='grc' dir='ltr'>γοῦν</span> <span class='ocrx_word' id='word_1_618' title='bbox 2355 3812 2567 3883; x_wconf 85' lang='grc' dir='ltr'>μνήμη,</span> <span class='ocrx_word' id='word_1_619' title='bbox 2601 3812 2780 3883; x_wconf 85' lang='grc' dir='ltr'>ἀγαθὴ</span> <span class='ocrx_word' id='word_1_620' title='bbox 2832 3813 3053 3885; x_wconf 80' lang='grc' dir='ltr'>ποιότης</span> <span class='ocrx_word' id='word_1_621' title='bbox 3101 3814 3256 3879; x_wconf 75' lang='grc' dir='ltr'>οὐσα,</span> <span class='ocrx_word' id='word_1_622' title='bbox 3312 3817 3344 3885; x_wconf 80' lang='grc' dir='ltr'><strong>ἡ</strong></span> <span class='ocrx_word' id='word_1_623' title='bbox 3398 3816 3499 3887; x_wconf 84' lang='grc' dir='ltr'><strong>μέν</strong></span> <span class='ocrx_word' id='word_1_624' title='bbox 3539 3835 3622 3881; x_wconf 87' lang='grc' dir='ltr'><strong>τις</strong></span> <span class='ocrx_word' id='word_1_625' title='bbox 3660 3819 3759 3871; x_wconf 77' lang='grc' dir='ltr'>καὶ</span> 
     </span>
    </p>
   </div>
   <div class='ocr_carea' id='block_1_87' title="bbox 2188 3903 3755 3976">
    <p class='ocr_par' dir='ltr' id='par_1_87' title="bbox 2188 3903 3755 3976">
     <span class='ocr_line' id='line_1_88' title="bbox 2188 3903 3755 3976; baseline 0.003 -21"><span class='ocrx_word' id='word_1_626' title='bbox 2188 3904 2352 3974; x_wconf 83' lang='grc' dir='ltr'>γεννᾷ</span> <span class='ocrx_word' id='word_1_627' title='bbox 2382 3903 2564 3972; x_wconf 86' lang='grc' dir='ltr'>ὃμοια,</span> <span class='ocrx_word' id='word_1_628' title='bbox 2589 3903 2779 3957; x_wconf 88' lang='grc' dir='ltr'>καθότι</span> <span class='ocrx_word' id='word_1_629' title='bbox 2809 3903 2905 3958; x_wconf 72' lang='grc' dir='ltr'>καὶ</span> <span class='ocrx_word' id='word_1_630' title='bbox 2942 3904 3102 3975; x_wconf 87' lang='grc' dir='ltr'>χάρις</span> <span class='ocrx_word' id='word_1_631' title='bbox 3134 3906 3295 3976; x_wconf 73' lang='grc' dir='ltr'>χάριν</span> <span class='ocrx_word' id='word_1_632' title='bbox 3331 3908 3446 3961; x_wconf 73' lang='grc' dir='ltr'>ἐστὶ</span> <span class='ocrx_word' id='word_1_633' title='bbox 3471 3908 3755 3961; x_wconf 79' lang='grc' dir='ltr'>τίκτουσα·</span> 
     </span>
    </p>
   </div>
   <div class='ocr_carea' id='block_1_88' title="bbox 2188 3994 3760 4071">
    <p class='ocr_par' dir='ltr' id='par_1_88' title="bbox 2188 3994 3760 4071">
     <span class='ocr_line' id='line_1_89' title="bbox 2188 3994 3760 4071; baseline 0.004 -25"><span class='ocrx_word' id='word_1_634' title='bbox 2188 3995 2220 4064; x_wconf 83' lang='grc' dir='ltr'>ὴ</span> <span class='ocrx_word' id='word_1_635' title='bbox 2261 3994 2315 4047; x_wconf 84' lang='grc' dir='ltr'>δὲ</span> <span class='ocrx_word' id='word_1_636' title='bbox 2351 3998 2407 4048; x_wconf 86' lang='grc' dir='ltr'>ὲν</span> <span class='ocrx_word' id='word_1_637' title='bbox 2441 3996 2584 4064; x_wconf 81' lang='grc' dir='ltr'>μόνῳ</span> <span class='ocrx_word' id='word_1_638' title='bbox 2608 3995 2685 4065; x_wconf 81' lang='grc' dir='ltr'><strong>τῷ</strong></span> <span class='ocrx_word' id='word_1_639' title='bbox 2710 3994 2914 4049; x_wconf 82' lang='grc' dir='ltr'>ὲθέλειν</span> <span class='ocrx_word' id='word_1_640' title='bbox 2948 3997 3119 4061; x_wconf 74' lang='grc' dir='ltr'>ἐστὶν,</span> <span class='ocrx_word' id='word_1_641' title='bbox 3165 3999 3253 4051; x_wconf 84' lang='grc' dir='ltr'>ὅτε</span> <span class='ocrx_word' id='word_1_642' title='bbox 3302 4001 3329 4052; x_wconf 87' lang='grc' dir='ltr'><strong>ό</strong></span> <span class='ocrx_word' id='word_1_643' title='bbox 3377 3999 3760 4071; x_wconf 78' lang='grc' dir='ltr'>εὐεργετηθεὶς</span> 
     </span>
    </p>
   </div>
   <div class='ocr_carea' id='block_1_89' title="bbox 2187 4088 3758 4158">
    <p class='ocr_par' dir='ltr' id='par_1_89' title="bbox 2187 4088 3758 4158">
     <span class='ocr_line' id='line_1_90' title="bbox 2187 4088 3758 4158; baseline 0.003 -16"><span class='ocrx_word' id='word_1_644' title='bbox 2187 4090 2373 4148; x_wconf 81' lang='grc' dir='ltr'>κεναῖς</span> <span class='ocrx_word' id='word_1_645' title='bbox 2406 4089 2566 4158; x_wconf 76' lang='grc' dir='ltr'>χερσὶ</span> <span class='ocrx_word' id='word_1_646' title='bbox 2593 4088 2785 4142; x_wconf 85' lang='grc' dir='ltr'>διοικεῖ</span> <span class='ocrx_word' id='word_1_647' title='bbox 2814 4089 2882 4142; x_wconf 79' lang='grc' dir='ltr'><strong>τὰ</strong></span> <span class='ocrx_word' id='word_1_648' title='bbox 2931 4090 3050 4143; x_wconf 89' lang='grc' dir='ltr'>καθ’</span> <span class='ocrx_word' id='word_1_649' title='bbox 3082 4091 3298 4146; x_wconf 75' lang='grc' dir='ltr'>ἔαυτόν.</span> <span class='ocrx_word' id='word_1_650' title='bbox 3344 4092 3497 4146; x_wconf 82' lang='grc' dir='ltr'>Ἐστι</span> <span class='ocrx_word' id='word_1_651' title='bbox 3535 4093 3591 4145; x_wconf 78' lang='grc' dir='ltr'>δέ</span> <span class='ocrx_word' id='word_1_652' title='bbox 3626 4110 3758 4146; x_wconf 83' lang='grc' dir='ltr'>ποτε</span> 
     </span>
    </p>
   </div>
   <div class='ocr_carea' id='block_1_90' title="bbox 2189 4180 3758 4256">
    <p class='ocr_par' dir='ltr' id='par_1_90' title="bbox 2189 4180 3758 4256">
     <span class='ocr_line' id='line_1_91' title="bbox 2189 4180 3758 4256; baseline 0.004 -24"><span class='ocrx_word' id='word_1_653' title='bbox 2189 4182 2282 4234; x_wconf 77' lang='grc' dir='ltr'>καὶ</span> <span class='ocrx_word' id='word_1_654' title='bbox 2311 4180 2665 4249; x_wconf 82' lang='grc' dir='ltr'>στειρεύουσά</span> <span class='ocrx_word' id='word_1_655' title='bbox 2700 4198 2782 4244; x_wconf 92' lang='grc' dir='ltr'><strong>τις</strong></span> <span class='ocrx_word' id='word_1_656' title='bbox 2809 4181 3120 4253; x_wconf 88' lang='grc' dir='ltr'>εὐεργεσία,</span> <span class='ocrx_word' id='word_1_657' title='bbox 3155 4186 3313 4238; x_wconf 75' lang='grc' dir='ltr'>ὁποῖα</span> <span class='ocrx_word' id='word_1_658' title='bbox 3353 4186 3386 4256; x_wconf 82' lang='grc' dir='ltr'><strong>ἡ</strong></span> <span class='ocrx_word' id='word_1_659' title='bbox 3428 4185 3538 4239; x_wconf 79' lang='grc' dir='ltr'><strong>τῶν</strong></span> <span class='ocrx_word' id='word_1_660' title='bbox 3566 4188 3758 4256; x_wconf 83' lang='grc' dir='ltr'>ἀχαρι-</span> 
     </span>
    </p>
   </div>
   <div class='ocr_carea' id='block_1_91' title="bbox 2188 4271 3757 4343">
    <p class='ocr_par' dir='ltr' id='par_1_91' title="bbox 2188 4271 3757 4343">
     <span class='ocr_line' id='line_1_92' title="bbox 2188 4271 3757 4343; baseline 0.004 -19"><span class='ocrx_word' id='word_1_661' title='bbox 2188 4271 2475 4337; x_wconf 87' lang='grc' dir='ltr'>στούντων,</span> <span class='ocrx_word' id='word_1_662' title='bbox 2507 4271 2615 4324; x_wconf 81' lang='grc' dir='ltr'><strong>τῶν</strong></span> <span class='ocrx_word' id='word_1_663' title='bbox 2652 4271 2963 4343; x_wconf 77' lang='grc' dir='ltr'>ἐπαράτων,</span> <span class='ocrx_word' id='word_1_664' title='bbox 2996 4273 3104 4327; x_wconf 86' lang='grc' dir='ltr'><strong>τῶν</strong></span> <span class='ocrx_word' id='word_1_665' title='bbox 3138 4274 3531 4340; x_wconf 77' lang='grc' dir='ltr'>ίουδαῖζόντων.</span> <span class='ocrx_word' id='word_1_666' title='bbox 3563 4278 3674 4333; x_wconf 82' lang='lat' dir='ltr'><strong>Kal.</strong></span> <span class='ocrx_word' id='word_1_667' title='bbox 3694 4278 3757 4331; x_wconf 82' lang='grc' dir='ltr'>τὸ</span> 
     </span>
    </p>
   </div>
   <div class='ocr_carea' id='block_1_92' title="bbox 2190 4362 3720 4437">
    <p class='ocr_par' dir='ltr' id='par_1_92' title="bbox 2190 4362 3720 4437">
     <span class='ocr_line' id='line_1_93' title="bbox 2190 4362 3720 4437; baseline 0.003 -20"><span class='ocrx_word' id='word_1_668' title='bbox 2190 4367 2289 4434; x_wconf 78' lang='grc' dir='ltr'>μὲν</span> <span class='ocrx_word' id='word_1_669' title='bbox 2310 4364 2525 4434; x_wconf 84' lang='grc' dir='ltr'>πρῶτον</span> <span class='ocrx_word' id='word_1_670' title='bbox 2548 4365 2605 4417; x_wconf 79' lang='grc' dir='ltr'>ἐν</span> <span class='ocrx_word' id='word_1_671' title='bbox 2630 4362 2842 4428; x_wconf 85' lang='grc' dir='ltr'>τούτοις</span> <span class='ocrx_word' id='word_1_672' title='bbox 2864 4365 2980 4419; x_wconf 75' lang='grc' dir='ltr'>ἐστὶ</span> <span class='ocrx_word' id='word_1_673' title='bbox 3006 4366 3066 4419; x_wconf 71' lang='grc' dir='ltr'>τὸ</span> <span class='ocrx_word' id='word_1_674' title='bbox 3094 4367 3507 4437; x_wconf 81' lang='grc' dir='ltr'>ἀντευεργετεῖν</span> <span class='ocrx_word' id='word_1_675' title='bbox 3526 4384 3539 4398; x_wconf 71' lang='grc' dir='ltr'><strong>ε</strong></span> <span class='ocrx_word' id='word_1_676' title='bbox 3565 4368 3720 4421; x_wconf 83' lang='grc' dir='ltr'>δευτε</span> 
     </span>
    </p>
   </div>
   <div class='ocr_carea' id='block_1_93' title="bbox 2186 4454 3757 4529">
    <p class='ocr_par' dir='ltr' id='par_1_93' title="bbox 2186 4454 3757 4529">
     <span class='ocr_line' id='line_1_94' title="bbox 2186 4454 3757 4529; baseline 0.001 -20"><span class='ocrx_word' id='word_1_677' title='bbox 2186 4458 2335 4528; x_wconf 87' lang='grc' dir='ltr'>ρεύει</span> <span class='ocrx_word' id='word_1_678' title='bbox 2363 4455 2419 4510; x_wconf 80' lang='grc' dir='ltr'>δὲ</span> <span class='ocrx_word' id='word_1_679' title='bbox 2452 4455 2513 4508; x_wconf 83' lang='grc' dir='ltr'>τὸ</span> <span class='ocrx_word' id='word_1_680' title='bbox 2545 4457 2603 4508; x_wconf 83' lang='grc' dir='ltr'>ὲν</span> <span class='ocrx_word' id='word_1_681' title='bbox 2626 4454 2704 4526; x_wconf 82' lang='grc' dir='ltr'>τῷ</span> <span class='ocrx_word' id='word_1_682' title='bbox 2734 4455 2931 4520; x_wconf 81' lang='grc' dir='ltr'>θέλειν,</span> <span class='ocrx_word' id='word_1_683' title='bbox 2955 4456 3046 4510; x_wconf 82' lang='grc' dir='ltr'>ὅτε</span> <span class='ocrx_word' id='word_1_684' title='bbox 3071 4458 3146 4527; x_wconf 83' lang='grc' dir='ltr'>μὴ</span> <span class='ocrx_word' id='word_1_685' title='bbox 3179 4457 3291 4529; x_wconf 73' lang='grc' dir='ltr'>ἔχει</span> <span class='ocrx_word' id='word_1_686' title='bbox 3319 4458 3631 4512; x_wconf 73' lang='grc' dir='ltr'>ἁποὸαίνειν</span> <span class='ocrx_word' id='word_1_687' title='bbox 3659 4460 3757 4513; x_wconf 73' lang='grc' dir='ltr'>καὶ</span> 
     </span>
    </p>
   </div>
   <div class='ocr_carea' id='block_1_94' title="bbox 2186 4547 3755 4620">
    <p class='ocr_par' dir='ltr' id='par_1_94' title="bbox 2186 4547 3755 4620">
     <span class='ocr_line' id='line_1_95' title="bbox 2186 4547 3755 4620; baseline 0.001 -18"><span class='ocrx_word' id='word_1_688' title='bbox 2186 4550 2323 4620; x_wconf 72' lang='grc' dir='ltr'>πρὸς</span> <span class='ocrx_word' id='word_1_689' title='bbox 2353 4548 2657 4618; x_wconf 76' lang='grc' dir='ltr'>ἐνέργειαν.</span> <span class='ocrx_word' id='word_1_690' title='bbox 2702 4547 2776 4600; x_wconf 82' lang='grc' dir='ltr'>Τὸ</span> <span class='ocrx_word' id='word_1_691' title='bbox 2818 4547 2875 4600; x_wconf 78' lang='grc' dir='ltr'>δὲ</span> <span class='ocrx_word' id='word_1_692' title='bbox 2916 4547 3101 4602; x_wconf 77' lang='grc' dir='ltr'>λοιπὸν</span> <span class='ocrx_word' id='word_1_693' title='bbox 3133 4551 3227 4605; x_wconf 75' lang='grc' dir='ltr'>καὶ</span> <span class='ocrx_word' id='word_1_694' title='bbox 3266 4549 3469 4620; x_wconf 91' lang='grc' dir='ltr'>τρίτον,</span> <span class='ocrx_word' id='word_1_695' title='bbox 3512 4550 3571 4603; x_wconf 74' lang='grc' dir='ltr'><strong>τὸ</strong></span> <span class='ocrx_word' id='word_1_696' title='bbox 3612 4551 3755 4619; x_wconf 84' lang='grc' dir='ltr'>μήτε</span> 
     </span>
    </p>
   </div>
   <div class='ocr_carea' id='block_1_95' title="bbox 2188 4640 3755 4716">
    <p class='ocr_par' dir='ltr' id='par_1_95' title="bbox 2188 4640 3755 4716">
     <span class='ocr_line' id='line_1_96' title="bbox 2188 4640 3755 4716; baseline 0.001 -21"><span class='ocrx_word' id='word_1_697' title='bbox 2188 4644 2381 4705; x_wconf 85' lang='grc' dir='ltr'>ποιεῖν,</span> <span class='ocrx_word' id='word_1_698' title='bbox 2418 4643 2556 4713; x_wconf 81' lang='grc' dir='ltr'>μήτε</span> <span class='ocrx_word' id='word_1_699' title='bbox 2588 4640 2817 4706; x_wconf 77' lang='grc' dir='ltr'>ἐθέλειν,</span> <span class='ocrx_word' id='word_1_700' title='bbox 2849 4643 2942 4696; x_wconf 91' lang='grc' dir='ltr'><strong>καί</strong></span> <span class='ocrx_word' id='word_1_701' title='bbox 2974 4661 3078 4697; x_wconf 89' lang='grc' dir='ltr'><strong>που</strong></span> <span class='ocrx_word' id='word_1_702' title='bbox 3105 4646 3199 4699; x_wconf 71' lang='grc' dir='ltr'>καὶ</span> <span class='ocrx_word' id='word_1_703' title='bbox 3241 4644 3513 4716; x_wconf 76' lang='grc' dir='ltr'>αἱρεῖσθαί</span> <span class='ocrx_word' id='word_1_704' title='bbox 3536 4662 3587 4697; x_wconf 92' lang='grc' dir='ltr'><strong>τι</strong></span> <span class='ocrx_word' id='word_1_705' title='bbox 3614 4649 3755 4715; x_wconf 83' lang='grc' dir='ltr'>πρὸς</span> 
     </span>
    </p>
   </div>
   <div class='ocr_carea' id='block_1_96' title="bbox 2110 4709 3755 4809">
    <p class='ocr_par' dir='ltr' id='par_1_96' title="bbox 2110 4709 3755 4809">
     <span class='ocr_line' id='line_1_97' title="bbox 2110 4709 3755 4809; baseline 0.001 -23"><span class='ocrx_word' id='word_1_706' title='bbox 2110 4709 2152 4764; x_wconf 73' lang='grc' dir='ltr'><strong>θ</strong></span> <span class='ocrx_word' id='word_1_707' title='bbox 2187 4734 2392 4806; x_wconf 76' lang='grc' dir='ltr'>βλάϐην</span> <span class='ocrx_word' id='word_1_708' title='bbox 2419 4709 2525 4786; x_wconf 66' lang='grc' dir='ltr'><strong>⁷τοῦ</strong></span> <span class='ocrx_word' id='word_1_709' title='bbox 2571 4733 3014 4806; x_wconf 84' lang='grc' dir='ltr'>εὐεργετηκότος,</span> <span class='ocrx_word' id='word_1_710' title='bbox 3046 4735 3075 4789; x_wconf 83' lang='grc' dir='ltr'><strong>δ</strong></span> <span class='ocrx_word' id='word_1_711' title='bbox 3114 4709 3466 4807; x_wconf 76' lang='grc' dir='ltr'>Ἰσκαριώτης</span> <span class='ocrx_word' id='word_1_712' title='bbox 3505 4709 3755 4809; x_wconf 80' lang='grc' dir='ltr'>ἀπεκλη-</span> 
     </span>
    </p>
   </div>
   <div class='ocr_carea' id='block_1_97' title="bbox 2185 4840 2413 4894">
    <p class='ocr_par' dir='ltr' id='par_1_97' title="bbox 2185 4840 2413 4894">
     <span class='ocr_line' id='line_1_98' title="bbox 2185 4840 2413 4894; baseline 0.013 -20"><span class='ocrx_word' id='word_1_713' title='bbox 2185 4840 2413 4894; x_wconf 84' lang='grc' dir='ltr'>ρωσατο.</span> 
     </span>
    </p>
   </div>
   <div class='ocr_carea' id='block_1_98' title="bbox 2256 4906 3807 5007">
    <p class='ocr_par' dir='ltr' id='par_1_98' title="bbox 2256 4906 3807 5007">
     <span class='ocr_line' id='line_1_99' title="bbox 2256 4906 3807 5007; baseline 0.002 -40"><span class='ocrx_word' id='word_1_714' title='bbox 2256 4920 2345 4983; x_wconf 85' lang='grc' dir='ltr'>ιγ’.</span> <span class='ocrx_word' id='word_1_715' title='bbox 2388 4915 2497 4969; x_wconf 78' lang='grc' dir='ltr'><strong>Καὶ</strong></span> <span class='ocrx_word' id='word_1_716' title='bbox 2537 4906 2759 4968; x_wconf 72' lang='grc' dir='ltr'>τοιαύτα</span> <span class='ocrx_word' id='word_1_717' title='bbox 2808 4913 2907 4984; x_wconf 81' lang='grc' dir='ltr'>μὲν</span> <span class='ocrx_word' id='word_1_718' title='bbox 2939 4915 3006 4967; x_wconf 73' lang='grc' dir='ltr'>τὰ</span> <span class='ocrx_word' id='word_1_719' title='bbox 3051 4914 3151 4985; x_wconf 82' lang='grc' dir='ltr'>τῆς</span> <span class='ocrx_word' id='word_1_720' title='bbox 3195 4916 3534 4986; x_wconf 72' lang='grc' dir='ltr'>εὐεργεσίας,</span> <span class='ocrx_word' id='word_1_721' title='bbox 3581 4916 3682 4985; x_wconf 76' lang='grc' dir='ltr'>τῆς</span> <span class='ocrx_word' id='word_1_722' title='bbox 3718 4919 3753 4990; x_wconf 79' lang='grc' dir='ltr'>ἦ</span> <span class='ocrx_word' id='word_1_723' title='bbox 3800 5000 3807 5007; x_wconf 19' lang='grc' dir='ltr'><strong>ἡ</strong></span> 
     </span>
    </p>
   </div>
   <div class='ocr_carea' id='block_1_99' title="bbox 2182 5005 3755 5080">
    <p class='ocr_par' dir='ltr' id='par_1_99' title="bbox 2182 5005 3755 5080">
     <span class='ocr_line' id='line_1_100' title="bbox 2182 5005 3755 5080; baseline 0.004 -22"><span class='ocrx_word' id='word_1_724' title='bbox 2182 5005 2476 5077; x_wconf 84' lang='grc' dir='ltr'>τικτούσης</span> <span class='ocrx_word' id='word_1_725' title='bbox 2500 5007 2557 5070; x_wconf 76' lang='grc' dir='ltr'>ἐς</span> <span class='ocrx_word' id='word_1_726' title='bbox 2582 5006 2720 5075; x_wconf 84' lang='grc' dir='ltr'>φῶς,</span> <span class='ocrx_word' id='word_1_727' title='bbox 2759 5007 2792 5077; x_wconf 85' lang='grc' dir='ltr'>ἣ</span> <span class='ocrx_word' id='word_1_728' title='bbox 2826 5009 2884 5061; x_wconf 82' lang='grc' dir='ltr'>ὲν</span> <span class='ocrx_word' id='word_1_729' title='bbox 2916 5007 3193 5078; x_wconf 80' lang='grc' dir='ltr'>σπέρματι</span> <span class='ocrx_word' id='word_1_730' title='bbox 3224 5009 3315 5062; x_wconf 73' lang='grc' dir='ltr'>καὶ</span> <span class='ocrx_word' id='word_1_731' title='bbox 3343 5009 3488 5080; x_wconf 88' lang='grc' dir='ltr'>μόνῳ</span> <span class='ocrx_word' id='word_1_732' title='bbox 3513 5008 3755 5080; x_wconf 79' lang='grc' dir='ltr'>θεωρου-</span> 
     </span>
    </p>
   </div>
   <div class='ocr_carea' id='block_1_100' title="bbox 2185 5097 3753 5173">
    <p class='ocr_par' dir='ltr' id='par_1_100' title="bbox 2185 5097 3753 5173">
     <span class='ocr_line' id='line_1_101' title="bbox 2185 5097 3753 5173; baseline 0.005 -24"><span class='ocrx_word' id='word_1_733' title='bbox 2185 5097 2376 5167; x_wconf 79' lang='grc' dir='ltr'>μένης,</span> <span class='ocrx_word' id='word_1_734' title='bbox 2428 5098 2462 5168; x_wconf 85' lang='grc' dir='ltr'>ἢ</span> <span class='ocrx_word' id='word_1_735' title='bbox 2501 5098 2597 5152; x_wconf 79' lang='grc' dir='ltr'>καὶ</span> <span class='ocrx_word' id='word_1_736' title='bbox 2629 5098 2911 5162; x_wconf 81' lang='grc' dir='ltr'>παντελῶς</span> <span class='ocrx_word' id='word_1_737' title='bbox 2962 5100 3242 5170; x_wconf 68' lang='grc' dir='ltr'>στερίφης,</span> <span class='ocrx_word' id='word_1_738' title='bbox 3286 5102 3335 5154; x_wconf 82' lang='grc' dir='ltr'><strong>εί</strong></span> <span class='ocrx_word' id='word_1_739' title='bbox 3378 5101 3423 5153; x_wconf 81' lang='grc' dir='ltr'>δ’</span> <span class='ocrx_word' id='word_1_740' title='bbox 3460 5102 3570 5173; x_wconf 81' lang='grc' dir='ltr'>ἄρα</span> <span class='ocrx_word' id='word_1_741' title='bbox 3618 5104 3753 5157; x_wconf 73' lang='grc' dir='ltr'>ποτὲ</span> 
     </span>
    </p>
   </div>
   <div class='ocr_carea' id='block_1_101' title="bbox 2181 5188 3754 5266">
    <p class='ocr_par' dir='ltr' id='par_1_101' title="bbox 2181 5188 3754 5266">
     <span class='ocr_line' id='line_1_102' title="bbox 2181 5188 3754 5266; baseline 0.004 -25"><span class='ocrx_word' id='word_1_742' title='bbox 2181 5190 2276 5242; x_wconf 81' lang='grc' dir='ltr'>καὶ</span> <span class='ocrx_word' id='word_1_743' title='bbox 2302 5191 2457 5259; x_wconf 83' lang='grc' dir='ltr'>τέκῃ.</span> <span class='ocrx_word' id='word_1_744' title='bbox 2487 5188 2662 5259; x_wconf 86' lang='grc' dir='ltr'>μύλην</span> <span class='ocrx_word' id='word_1_745' title='bbox 2694 5190 3118 5261; x_wconf 82' lang='grc' dir='ltr'>ἀποτικτούσης,</span> <span class='ocrx_word' id='word_1_746' title='bbox 3146 5190 3178 5261; x_wconf 78' lang='grc' dir='ltr'>ἦ</span> <span class='ocrx_word' id='word_1_747' title='bbox 3203 5192 3255 5244; x_wconf 81' lang='grc' dir='ltr'>ετ</span> <span class='ocrx_word' id='word_1_748' title='bbox 3278 5192 3330 5245; x_wconf 82' lang='grc' dir='ltr'><strong>τί</strong></span> <span class='ocrx_word' id='word_1_749' title='bbox 3365 5210 3466 5246; x_wconf 87' lang='grc' dir='ltr'><strong>που</strong></span> <span class='ocrx_word' id='word_1_750' title='bbox 3493 5193 3621 5248; x_wconf 79' lang='grc' dir='ltr'>ἄλλο</span> <span class='ocrx_word' id='word_1_751' title='bbox 3649 5194 3754 5266; x_wconf 75' lang='grc' dir='ltr'>τὴν</span> 
     </span>
    </p>
   </div>
   <div class='ocr_carea' id='block_1_102' title="bbox 2178 5280 3750 5351">
    <p class='ocr_par' dir='ltr' id='par_1_102' title="bbox 2178 5280 3750 5351">
     <span class='ocr_line' id='line_1_103' title="bbox 2178 5280 3750 5351; baseline 0.004 -17"><span class='ocrx_word' id='word_1_752' title='bbox 2178 5280 2354 5350; x_wconf 86' lang='grc' dir='ltr'>ἀληθῆ</span> <span class='ocrx_word' id='word_1_753' title='bbox 2396 5282 2768 5351; x_wconf 80' lang='grc' dir='ltr'>ὲγκυμόνησιν</span> <span class='ocrx_word' id='word_1_754' title='bbox 2797 5280 3074 5351; x_wconf 74' lang='grc' dir='ltr'>ψεύδεται.</span> <span class='ocrx_word' id='word_1_755' title='bbox 3111 5281 3180 5336; x_wconf 83' lang='grc' dir='ltr'>Ἣ</span> <span class='ocrx_word' id='word_1_756' title='bbox 3211 5285 3501 5339; x_wconf 85' lang='grc' dir='ltr'>κακοποιία</span> <span class='ocrx_word' id='word_1_757' title='bbox 3528 5285 3583 5339; x_wconf 80' lang='grc' dir='ltr'>δὲ</span> <span class='ocrx_word' id='word_1_758' title='bbox 3608 5285 3750 5340; x_wconf 87' lang='grc' dir='ltr'><strong>ἀλλά</strong></span> 
     </span>
    </p>
   </div>
   <div class='ocr_carea' id='block_1_103' title="bbox 2178 5372 3745 5450">
    <p class='ocr_par' dir='ltr' id='par_1_103' title="bbox 2178 5372 3745 5450">
     <span class='ocr_line' id='line_1_104' title="bbox 2178 5372 3745 5450; baseline 0.002 -25"><span class='ocrx_word' id='word_1_759' title='bbox 2178 5373 2271 5425; x_wconf 76' lang='grc' dir='ltr'>καὶ</span> <span class='ocrx_word' id='word_1_760' title='bbox 2311 5372 2446 5441; x_wconf 82' lang='grc' dir='ltr'>αὐτὴ</span> <span class='ocrx_word' id='word_1_761' title='bbox 2494 5372 2636 5426; x_wconf 82' lang='grc' dir='ltr'>κατὰ</span> <span class='ocrx_word' id='word_1_762' title='bbox 2685 5374 2865 5442; x_wconf 76' lang='grc' dir='ltr'>λόγον,</span> <span class='ocrx_word' id='word_1_763' title='bbox 2895 5372 2954 5426; x_wconf 81' lang='grc' dir='ltr'>ὃν</span> <span class='ocrx_word' id='word_1_764' title='bbox 2997 5372 3234 5441; x_wconf 74' lang='grc' dir='ltr'>ἔχεικαὶ</span> <span class='ocrx_word' id='word_1_765' title='bbox 3277 5376 3309 5445; x_wconf 82' lang='grc' dir='ltr'><strong>ἡ</strong></span> <span class='ocrx_word' id='word_1_766' title='bbox 3358 5377 3681 5447; x_wconf 77' lang='grc' dir='ltr'>εὐεργεσίας</span> <span class='ocrx_word' id='word_1_767' title='bbox 3710 5378 3745 5450; x_wconf 80' lang='grc' dir='ltr'>ἢ</span> 
     </span>
    </p>
   </div>
   <div class='ocr_carea' id='block_1_104' title="bbox 500 5431 2078 5534">
    <p class='ocr_par' dir='ltr' id='par_1_104' title="bbox 500 5431 2075 5525">
     <span class='ocr_line' id='line_1_105' title="bbox 500 5431 2075 5525; baseline 0.018 -41"><span class='ocrx_word' id='word_1_768' title='bbox 500 5431 607 5484; x_wconf 86' lang='lat' dir='ltr'><strong>alia</strong></span> <span class='ocrx_word' id='word_1_769' title='bbox 647 5446 745 5502; x_wconf 84' lang='lat' dir='ltr'><strong>per</strong></span> <span class='ocrx_word' id='word_1_770' title='bbox 776 5435 898 5488; x_wconf 90' lang='lat' dir='ltr'><strong>mali</strong></span> <span class='ocrx_word' id='word_1_771' title='bbox 934 5438 1369 5495; x_wconf 86' lang='lat' dir='ltr'><strong>recordationem</strong></span> <span class='ocrx_word' id='word_1_772' title='bbox 1404 5446 1647 5501; x_wconf 89' lang='lat' dir='ltr'><strong>stimulat</strong></span> <span class='ocrx_word' id='word_1_773' title='bbox 1676 5465 1798 5504; x_wconf 90' lang='lat' dir='ltr'><strong>eum</strong></span> <span class='ocrx_word' id='word_1_774' title='bbox 1829 5456 1917 5521; x_wconf 93' lang='lat' dir='ltr'><strong>qui</strong></span> <span class='ocrx_word' id='word_1_775' title='bbox 1952 5431 2075 5525; x_wconf 44' lang='lat' dir='ltr'><strong>pas;</strong></span> 
     </span>
    </p>
   </div>
   <div class='ocr_carea' id='block_1_105' title="bbox 2185 5431 3747 5534">
    <p class='ocr_par' dir='ltr' id='par_1_105' title="bbox 2185 5431 3747 5534">
     <span class='ocr_line' id='line_1_106' title="bbox 2185 5431 3747 5534; baseline 0.003 -21"><span class='ocrx_word' id='word_1_776' title='bbox 2185 5462 2261 5514; x_wconf 82' lang='grc' dir='ltr'>5ιά</span> <span class='ocrx_word' id='word_1_777' title='bbox 2287 5431 2461 5514; x_wconf 74' lang='grc' dir='ltr'><strong>κακού</strong></span> <span class='ocrx_word' id='word_1_778' title='bbox 2497 5431 2862 5531; x_wconf 73' lang='grc' dir='ltr'>ἀναμνήσεως</span> <span class='ocrx_word' id='word_1_779' title='bbox 2887 5431 3123 5530; x_wconf 61' lang='grc' dir='ltr'>ὲρεθίξει</span> <span class='ocrx_word' id='word_1_780' title='bbox 3143 5460 3235 5514; x_wconf 79' lang='grc' dir='ltr'>τὸν</span> <span class='ocrx_word' id='word_1_781' title='bbox 3261 5431 3569 5516; x_wconf 65' lang='grc' dir='ltr'>πεπονθότα</span> <span class='ocrx_word' id='word_1_782' title='bbox 3603 5431 3747 5534; x_wconf 66' lang='grc' dir='ltr'>πρὸς</span> 
     </span>
    </p>
   </div>
   <div class='ocr_carea' id='block_1_106' title="bbox 501 5527 2078 5624">
    <p class='ocr_par' dir='ltr' id='par_1_106' title="bbox 501 5527 2067 5611">
     <span class='ocr_line' id='line_1_107' title="bbox 501 5527 2067 5611; baseline 0.015 -33"><span class='ocrx_word' id='word_1_783' title='bbox 501 5538 593 5578; x_wconf 86' lang='lat' dir='ltr'><strong>sus</strong></span> <span class='ocrx_word' id='word_1_784' title='bbox 626 5535 709 5580; x_wconf 78' lang='grc' dir='ltr'><strong>εει</strong></span> <span class='ocrx_word' id='word_1_785' title='bbox 743 5527 809 5579; x_wconf 86' lang='lat' dir='ltr'><strong>ad</strong></span> <span class='ocrx_word' id='word_1_786' title='bbox 840 5527 1108 5583; x_wconf 84' lang='lat' dir='ltr'><strong>eﬂicacem</strong></span> <span class='ocrx_word' id='word_1_787' title='bbox 1140 5533 1468 5603; x_wconf 84' lang='lat' dir='ltr'><strong>vindictam;</strong></span> <span class='ocrx_word' id='word_1_788' title='bbox 1503 5546 1559 5592; x_wconf 89' lang='lat' dir='ltr'><strong>et</strong></span> <span class='ocrx_word' id='word_1_789' title='bbox 1589 5541 1700 5595; x_wconf 71' lang='lat' dir='ltr'><strong>luec</strong></span> <span class='ocrx_word' id='word_1_790' title='bbox 1733 5544 1870 5611; x_wconf 86' lang='lat' dir='ltr'><strong>ipsa,</strong></span> <span class='ocrx_word' id='word_1_791' title='bbox 1900 5547 2067 5602; x_wconf 75' lang='lat' dir='ltr'><strong>veluti</strong></span> 
     </span>
    </p>
   </div>
   <div class='ocr_carea' id='block_1_107' title="bbox 2185 5527 3746 5624">
    <p class='ocr_par' dir='ltr' id='par_1_107' title="bbox 2185 5527 3746 5624">
     <span class='ocr_line' id='line_1_108' title="bbox 2185 5527 3746 5624; baseline 0.001 -18"><span class='ocrx_word' id='word_1_792' title='bbox 2185 5553 2391 5622; x_wconf 70' lang='grc' dir='ltr'>Ξμυναν</span> <span class='ocrx_word' id='word_1_793' title='bbox 2418 5527 2619 5624; x_wconf 71' lang='grc' dir='ltr'>ἐνεργῆ</span> <span class='ocrx_word' id='word_1_794' title='bbox 2637 5568 2650 5583; x_wconf 77' lang='grc'><strong><em>⁸</em></strong></span> <span class='ocrx_word' id='word_1_795' title='bbox 2680 5527 2774 5606; x_wconf 78' lang='grc' dir='ltr'>καὶ</span> <span class='ocrx_word' id='word_1_796' title='bbox 2800 5527 3026 5607; x_wconf 36' lang='grc' dir='ltr'>ἰδοὺ-καὶ</span> <span class='ocrx_word' id='word_1_797' title='bbox 3047 5551 3206 5623; x_wconf 83' lang='grc' dir='ltr'>αὐτὴ,</span> <span class='ocrx_word' id='word_1_798' title='bbox 3231 5553 3305 5612; x_wconf 75' lang='grc' dir='ltr'>ὡς</span> <span class='ocrx_word' id='word_1_799' title='bbox 3325 5548 3415 5607; x_wconf 74' lang='grc' dir='ltr'>οἷα</span> <span class='ocrx_word' id='word_1_800' title='bbox 3437 5527 3746 5624; x_wconf 71' lang='grc' dir='ltr'>κυσαμένη,</span> 
     </span>
    </p>
   </div>
   <div class='ocr_carea' id='block_1_108' title="bbox 499 5617 2069 5703">
    <p class='ocr_par' dir='ltr' id='par_1_108' title="bbox 499 5617 2069 5703">
     <span class='ocr_line' id='line_1_109' title="bbox 499 5617 2069 5703; baseline 0.017 -37"><span class='ocrx_word' id='word_1_801' title='bbox 499 5617 742 5685; x_wconf 83' lang='lat' dir='ltr'><strong>gravi-la,</strong></span> <span class='ocrx_word' id='word_1_802' title='bbox 781 5621 921 5688; x_wconf 86' lang='lat' dir='ltr'><strong>parit</strong></span> <span class='ocrx_word' id='word_1_803' title='bbox 971 5635 1092 5677; x_wconf 88' lang='lat' dir='ltr'><strong>cum</strong></span> <span class='ocrx_word' id='word_1_804' title='bbox 1124 5624 1377 5681; x_wconf 88' lang='lat' dir='ltr'><strong>violentia</strong></span> <span class='ocrx_word' id='word_1_805' title='bbox 1418 5630 1486 5683; x_wconf 87' lang='lat' dir='ltr'><strong>ab</strong></span> <span class='ocrx_word' id='word_1_806' title='bbox 1528 5644 1593 5683; x_wconf 85' lang='lat' dir='ltr'><strong>eo</strong></span> <span class='ocrx_word' id='word_1_807' title='bbox 1629 5634 1717 5699; x_wconf 91' lang='lat' dir='ltr'><strong>qui</strong></span> <span class='ocrx_word' id='word_1_808' title='bbox 1754 5649 1944 5703; x_wconf 85' lang='lat' dir='ltr'><strong>passus</strong></span> <span class='ocrx_word' id='word_1_809' title='bbox 1983 5648 2069 5693; x_wconf 87' lang='lat' dir='ltr'><strong>est</strong></span> 
     </span>
    </p>
   </div>
   <div class='ocr_carea' id='block_1_109' title="bbox 495 5707 2070 5794">
    <p class='ocr_par' dir='ltr' id='par_1_109' title="bbox 495 5707 2070 5794">
     <span class='ocr_line' id='line_1_110' title="bbox 495 5707 2070 5794; baseline 0.016 -32"><span class='ocrx_word' id='word_1_810' title='bbox 495 5707 628 5764; x_wconf 84' lang='lat' dir='ltr'><strong>mali</strong></span> <span class='ocrx_word' id='word_1_811' title='bbox 667 5711 1123 5783; x_wconf 88' lang='lat' dir='ltr'><strong>retributionem;</strong></span> <span class='ocrx_word' id='word_1_812' title='bbox 1161 5717 1264 5771; x_wconf 85' lang='lat' dir='ltr'><strong>alia</strong></span> <span class='ocrx_word' id='word_1_813' title='bbox 1299 5722 1619 5776; x_wconf 87' lang='lat' dir='ltr'><strong>recordatur</strong></span> <span class='ocrx_word' id='word_1_814' title='bbox 1647 5726 1862 5794; x_wconf 88' lang='lat' dir='ltr'><strong>quidem</strong></span> <span class='ocrx_word' id='word_1_815' title='bbox 1894 5739 1946 5785; x_wconf 89' lang='lat' dir='ltr'><strong>et</strong></span> <span class='ocrx_word' id='word_1_816' title='bbox 1976 5732 2070 5786; x_wconf 87' lang='lat' dir='ltr'><strong>de-</strong></span> 
     </span>
    </p>
   </div>
   <div class='ocr_carea' id='block_1_110' title="bbox 500 5796 2071 5888">
    <p class='ocr_par' dir='ltr' id='par_1_110' title="bbox 500 5796 2071 5888">
     <span class='ocr_line' id='line_1_111' title="bbox 500 5796 2071 5888; baseline 0.018 -37"><span class='ocrx_word' id='word_1_817' title='bbox 500 5796 705 5856; x_wconf 84' lang='lat' dir='ltr'><strong>siderat</strong></span> <span class='ocrx_word' id='word_1_818' title='bbox 728 5802 1017 5863; x_wconf 85' lang='lat' dir='ltr'><strong>vindictam</strong></span> <span class='ocrx_word' id='word_1_819' title='bbox 1045 5823 1061 5865; x_wconf 93' lang='lat'><strong>:</strong></span> <span class='ocrx_word' id='word_1_820' title='bbox 1096 5823 1220 5864; x_wconf 91' lang='lat' dir='ltr'><strong>cum</strong></span> <span class='ocrx_word' id='word_1_821' title='bbox 1251 5820 1435 5868; x_wconf 88' lang='lat' dir='ltr'><strong>autem</strong></span> <span class='ocrx_word' id='word_1_822' title='bbox 1466 5828 1665 5873; x_wconf 82' lang='lat' dir='ltr'><strong>nocere</strong></span> <span class='ocrx_word' id='word_1_823' title='bbox 1691 5818 1900 5888; x_wconf 87' lang='lat' dir='ltr'><strong>nequit,</strong></span> <span class='ocrx_word' id='word_1_824' title='bbox 1927 5819 2071 5878; x_wconf 79' lang='grc' dir='ltr'><strong>(1εεί-</strong></span> 
     </span>
    </p>
   </div>
   <div class='ocr_carea' id='block_1_111' title="bbox 2177 5642 3747 5715">
    <p class='ocr_par' dir='ltr' id='par_1_111' title="bbox 2177 5642 3747 5715">
     <span class='ocr_line' id='line_1_112' title="bbox 2177 5642 3747 5715; baseline 0.004 -18"><span class='ocrx_word' id='word_1_825' title='bbox 2177 5645 2329 5698; x_wconf 78' lang='grc' dir='ltr'>ἔτεκε</span> <span class='ocrx_word' id='word_1_826' title='bbox 2362 5644 2478 5715; x_wconf 80' lang='grc' dir='ltr'>μετ’</span> <span class='ocrx_word' id='word_1_827' title='bbox 2516 5644 2699 5715; x_wconf 78' lang='grc' dir='ltr'>ἰσχύος</span> <span class='ocrx_word' id='word_1_828' title='bbox 2723 5644 2823 5715; x_wconf 76' lang='grc' dir='ltr'><strong>την</strong></span> <span class='ocrx_word' id='word_1_829' title='bbox 2849 5645 2914 5699; x_wconf 85' lang='grc' dir='ltr'>ὲκ</span> <span class='ocrx_word' id='word_1_830' title='bbox 2935 5642 3028 5697; x_wconf 80' lang='grc' dir='ltr'>τοῦ</span> <span class='ocrx_word' id='word_1_831' title='bbox 3065 5643 3330 5705; x_wconf 83' lang='grc' dir='ltr'>παθόντος</span> <span class='ocrx_word' id='word_1_832' title='bbox 3350 5645 3747 5703; x_wconf 84' lang='grc' dir='ltr'>άντικάκωσιν.</span> 
     </span>
    </p>
   </div>
   <div class='ocr_carea' id='block_1_112' title="bbox 2178 5735 3751 5809">
    <p class='ocr_par' dir='ltr' id='par_1_112' title="bbox 2178 5735 3751 5809">
     <span class='ocr_line' id='line_1_113' title="bbox 2178 5735 3751 5809; baseline 0.001 -19"><span class='ocrx_word' id='word_1_833' title='bbox 2178 5738 2246 5790; x_wconf 82' lang='grc' dir='ltr'><em>’Ἡ</em></span> <span class='ocrx_word' id='word_1_834' title='bbox 2285 5738 2653 5807; x_wconf 78' lang='grc' dir='ltr'>μιμνήσκεται</span> <span class='ocrx_word' id='word_1_835' title='bbox 2683 5736 2783 5805; x_wconf 86' lang='grc' dir='ltr'>μὲν</span> <span class='ocrx_word' id='word_1_836' title='bbox 2812 5736 2905 5789; x_wconf 75' lang='grc' dir='ltr'>καὶ</span> <span class='ocrx_word' id='word_1_837' title='bbox 2936 5735 3153 5805; x_wconf 72' lang='grc' dir='ltr'>ἐφίεται</span> <span class='ocrx_word' id='word_1_838' title='bbox 3179 5735 3395 5806; x_wconf 88' lang='grc' dir='ltr'>ἀμύνης</span> <span class='ocrx_word' id='word_1_839' title='bbox 3414 5753 3430 5770; x_wconf 87' lang='grc'><strong>·</strong></span> <span class='ocrx_word' id='word_1_840' title='bbox 3480 5739 3555 5809; x_wconf 79' lang='grc' dir='ltr'>μὴ</span> <span class='ocrx_word' id='word_1_841' title='bbox 3583 5738 3751 5792; x_wconf 82' lang='grc' dir='ltr'>δυνα-</span> 
     </span>
    </p>
   </div>
   <div class='ocr_carea' id='block_1_113' title="bbox 2178 5823 3748 5911">
    <p class='ocr_par' dir='ltr' id='par_1_113' title="bbox 2178 5823 3748 5911">
     <span class='ocr_line' id='line_1_114' title="bbox 2178 5823 3748 5911; baseline 0.003 -35"><span class='ocrx_word' id='word_1_842' title='bbox 2178 5823 2314 5892; x_wconf 83' lang='grc' dir='ltr'>μένη</span> <span class='ocrx_word' id='word_1_843' title='bbox 2334 5825 2392 5879; x_wconf 79' lang='grc' dir='ltr'>δὲ</span> <span class='ocrx_word' id='word_1_844' title='bbox 2407 5825 2605 5894; x_wconf 75' lang='grc' dir='ltr'>δρᾶσαι</span> <span class='ocrx_word' id='word_1_845' title='bbox 2633 5825 2896 5893; x_wconf 83' lang='grc' dir='ltr'>κάκωσιν,</span> <span class='ocrx_word' id='word_1_846' title='bbox 2924 5825 3108 5911; x_wconf 80' lang='grc' dir='ltr'>ἵστησι</span> <span class='ocrx_word' id='word_1_847' title='bbox 3129 5826 3232 5897; x_wconf 79' lang='grc' dir='ltr'>τὴν</span> <span class='ocrx_word' id='word_1_848' title='bbox 3254 5825 3554 5898; x_wconf 67' lang='grc' dir='ltr'>ἐπιθυμίαν</span> <span class='ocrx_word' id='word_1_849' title='bbox 3580 5829 3640 5884; x_wconf 77' lang='grc' dir='ltr'>ὲν</span> <span class='ocrx_word' id='word_1_850' title='bbox 3665 5828 3748 5900; x_wconf 78' lang='grc' dir='ltr'><strong>τῷ</strong></span> 
     </span>
    </p>
   </div>
  </div>
