4090 6418
526 339 634 408 419

1203 344 1547 405 EUSTATH
1563 343 1619 405 ῐῙ
1653 345 2414 413 TIIESSALONICENSIS
2457 353 3014 419 METROPOLIT/E

3664 354 3773 419 420

530 466 647 506 cem
684 451 914 520 pessima
958 452 1150 509 classis
1177 468 1281 523 qua
1315 455 1443 509 mali
1479 454 1605 510 facti
1639 466 1854 513 tenetur
1886 474 2094 514 memo-

2198 471 2459 529 κοποιεῖν.
2495 471 2526 541 ἢ
2560 470 2764 525 ἐθέλειν
2793 470 3134 533 κακοποιεῖν,
3171 468 3372 540 ἀρίστη
3407 467 3468 522 τὲ
3502 466 3635 529 ἐστι,
3679 467 3774 519 καὶ

530 544 631 608 ria,
662 544 869 615 hacque
897 546 1151 601 memoria
1186 547 1381 601 malum
1403 550 1601 617 agitur,
1620 552 1703 605 vel
1724 553 2092 610 rualefacieudi

528 635 1050 699 voluntashahetur,
1085 637 1200 692 haec
1228 637 1328 694 faex
1369 640 1505 694 bona
1544 654 1625 696 est
1658 654 1712 697 ct
1761 643 1871 698 Deo
1917 655 2093 713 grata,

527 733 583 779 et
605 735 951 794 peccatorum
986 729 1243 795 deletrix,
1277 746 1341 785 eo
1372 735 1513 801 quod
1553 736 1665 803 ipsa
1708 736 1850 792 delet
1881 752 1945 793 ex
1977 740 2095 794 ani-

529 833 612 869 tm
650 832 753 871 non
789 820 1200 875 convenientem
1233 824 1551 879 vindictam.
1587 825 1758 896 Hujus
1791 838 1968 882 autem
2003 845 2094 885 ac-

527 908 758 962 cideutis
809 927 969 965 causa
1028 923 1151 977 est,
1202 919 1345 985 quod
1393 918 1614 985 quidem
1680 921 2092 978 beneficentiam

502 1015 751 1077 prorsus
780 1003 1052 1073 oblivisci,
1084 1008 1373 1063 ordinatur
1412 1010 1554 1063 inter
1586 1013 1882 1079 composita
1934 1029 2093 1084 supe-

528 1092 641 1144 rius
699 1093 866 1160 bona,
916 1099 969 1150 in
1005 1109 1272 1164 quantum
1300 1101 1612 1163 nefandum,
1639 1114 1691 1157 et
1715 1105 1783 1159 ob
1813 1106 1862 1157 id
1895 1106 1946 1159 in
1970 1107 2095 1160 odio

524 1190 628 1240 est,
655 1193 706 1237 ct
733 1184 784 1237 in
820 1187 1083 1241 malitiam
1136 1191 1458 1259 imputatur;
1492 1194 1679 1261 procul
1707 1204 1883 1247 autem
1912 1196 2095 1262 jacere

526 1272 844 1333 vindictam,
878 1286 932 1328 et
972 1276 1107 1331 velle
1138 1294 1243 1331 non
1283 1282 1615 1349 meminisse,
1646 1284 1857 1351 siquod
1886 1285 2093 1339 illatqu

524 1360 695 1416 fuerit
731 1364 952 1429 malum,
1004 1369 1087 1423 vel
1141 1370 1188 1425 si
1238 1370 1379 1426 forte
1432 1376 1694 1429 memoria
1741 1387 2009 1439 servetur,
2041 1379 2093 1429 in

526 1453 759 1506 animam
794 1456 1075 1511 introitum
1099 1461 1296 1515 viudici
1323 1462 1693 1520 ruaielicentixe
1711 1466 2094 1534 intercludere,

528 1540 630 1595 hoc
663 1543 873 1601 duobus
908 1549 972 1601 de
1004 1564 1110 1617 quo
1144 1554 1392 1620 superius
1431 1557 1688 1623 peccatis,
1725 1557 2011 1623 obnititur,
2043 1573 2095 1615 et

528 1634 742 1688 illorum
771 1638 1005 1694 declinat
1024 1642 1272 1698 ordinem
1297 1662 1312 1711 ;
1334 1656 1387 1700 et
1409 1646 1722 1717 relinquens
1743 1648 1845 1704 ista
1865 1651 2094 1706 daemoni

528 1724 695 1788 malo,
737 1727 851 1794 ipsa
898 1728 1004 1784 Deo
1048 1736 1464 1802 appmpriatnr,
1515 1748 1571 1793 et
1610 1739 1664 1793 in
1703 1739 1962 1797 virtutem
2000 1757 2097 1812 pu-

528 1812 758 1877 r-iticata,
795 1817 1052 1874 Sublimis
1085 1821 1151 1876 ad
1187 1823 1527 1879 Altissirnurn
1565 1827 1775 1885 volitat.

595 1905 682 1960 16.
720 1907 782 1963 Ει
810 1911 891 1965 sic
919 1912 1079 1967 habet
1109 1929 1168 1969 se
1202 1918 1525 1974 naturaliter
1552 1936 1637 1977 res
1659 1961 1676 1986 .
1719 1923 1863 1978 sicut
1898 1932 1952 1979 et
1999 1925 2094 1979 do-

525 2009 734 2052 ctorum
763 2005 943 2070 regula
975 2006 1145 2061 novit.
1179 2007 1257 2064 Ex
1289 2009 1372 2064 his
1393 2012 1537 2066 enim
1560 2013 2093 2082 duobuscontrariis,

525 2090 796 2149 oblivione
816 2096 1213 2165 benefaciendi,
1233 2111 1286 2155 et
1321 2103 1515 2157 iterum
1548 2105 1924 2161 malefaciendi
1954 2109 2096 2161 obli-

524 2182 706 2248 vione,
735 2188 994 2255 quoniam
1023 2207 1190 2247 unum
1226 2207 1454 2262 pravum
1503 2212 1627 2251 cum
1681 2197 1774 2262 sit.
1805 2198 1908 2255 sub
1955 2199 2095 2253 bona

526 2271 674 2330 felici
731 2286 880 2335 sorte
939 2282 1158 2350 cecidit,
1221 2284 1449 2340 alterum
1500 2304 1631 2358 ergo
1682 2290 1921 2345 divinum
1973 2306 2093 2344 cum

526 2368 618 2432 sit,
649 2378 703 2422 et
741 2371 916 2440 ipsnrn
952 2376 1051 2430 sub
1089 2376 1248 2432 aliam
1286 2380 1481 2435 seriem
1515 2381 1714 2439 malam
1751 2383 1994 2438 intravit.
2036 2385 2100 2439 Et

526 2459 710 2526 θίίίῖιιο
754 2466 934 2532 modo,
976 2468 1066 2535 qui
1127 2484 1231 2524 non
1281 2471 1451 2527 voluit
1498 2474 1804 2545 intelligere
1845 2487 1903 2529 ut
1960 2475 2097 2532 bene

516 2548 735 2622 ageret,
765 2555 920 2623 juxta
948 2557 1314 2628 Psalmistam,
1342 2562 1671 2620 abundantis
1699 2567 1874 2621 medio
1901 2569 2098 2622 messis

524 2653 687 2697 enata
728 2646 881 2712 spina
917 2660 1221 2723 reputatur,
1263 2654 1491 2719 scilicet.
1529 2655 1580 2710 in
1615 2657 1773 2721 serie.
1805 2657 2094 2714 beneﬁcio.

514 2753 670 2809 τηεμ.
710 2740 816 2806 Qui
851 2758 977 2796 vero
1007 2759 1111 2797 non
1152 2760 1251 2815 pro
1295 2747 1436 2802 malo
1471 2747 1672 2803 malum
1722 2748 1918 2816 reddit,
1970 2767 2094 2808 rosa

520 2828 819 2898 judicatnr,
855 2850 994 2903 quac,
1020 2836 1202 2906 spinas
1230 2839 1354 2893 mali
1391 2840 1667 2895 memoria:
1698 2841 1967 2907 devitans,
2001 2842 2096 2899 bo-

527 2940 653 2976 num
716 2926 1005 2981 innocuum
1047 2931 1321 3001 proponit.
1364 2932 1546 3001 Itaque
1584 2933 1706 3000 jure
1740 2934 1846 2991 dici
1895 2944 2095 3005 potest,

524 3016 668 3081 quod
701 3017 1003 3082 ambulant,
1040 3021 1235 3074 bonum
1271 3022 1487 3090 quidem
1521 3023 1651 3078 illud
1680 3040 1902 3095 corpus,
1933 3027 2097 3083 bene-

527 3104 773 3163 ﬁciorum
809 3113 963 3176 ordo,
1009 3115 1173 3167 veluti
1222 3115 1365 3169 malo
1396 3116 1550 3185 pede,
1604 3117 1836 3183 scilicet,
1872 3119 2096 3190 ingrati-

528 3203 774 3268 tudinis;
808 3204 1008 3258 malum
1056 3216 1236 3260 autem
1276 3207 1439 3272 istud,
1476 3208 1604 3263 mali
1642 3211 1925 3274 memoria,
1956 3212 2097 3266 bene

524 3296 682 3362 reda,
730 3297 1027 3350 secundum
1079 3297 1341 3353 malitiam
1383 3298 1662 3355 ambulare
1721 3303 1988 3358 tardante.
2028 3302 2099 3357 Ut

525 3387 684 3441 aliter
721 3387 920 3452 dicam,
964 3388 1051 3443 hic
1088 3390 1554 3460 complantantur,
1596 3393 1735 3449 sicut
1764 3408 1884 3448 cum
1930 3394 2099 3449 virtu-

526 3481 670 3534 tinns
701 3480 924 3544 malitia,
961 3480 1040 3534 sic
1079 3498 1203 3535 cum
1240 3485 1438 3538 virtute
1471 3499 1667 3554 magna
1704 3485 1854 3540 vitia.
1882 3483 2093 3540 Etenim

524 3571 641 3641 pjns
670 3572 761 3642 qui
797 3573 933 3627 bene
966 3563 1092 3627 fecit
1121 3575 1437 3630 meminisse
1458 3615 1474 3641 ,
1504 3575 1871 3645 beneficiaque
1906 3590 2093 3631 revera

527 3667 852 3737 retribuere,
881 3676 1042 3737 atque
1086 3668 1249 3722 etiam
1296 3679 1484 3724 mutua
1532 3669 1647 3724 vice
1681 3669 2096 3725 beneficentiam

523 3769 784 3827 praestare
809 3760 968 3826 velle,
997 3759 1236 3829 ejusdem
1266 3762 1474 3817 ordinis
1498 3761 1553 3816 in
1582 3762 1777 3817 virtute
1801 3773 1963 3827 Sunt;
2005 3762 2101 3815 ho-

531 3851 733 3905 minurn
769 3861 948 3906 autem
980 3866 1141 3920 prava
1184 3853 1434 3909 voluntas
1485 3854 1569 3909 his
1610 3844 1854 3924 pulchris
1884 3853 2097 3907 arbori-

525 3942 628 3997 bus
648 3943 879 3998 inseruit
922 3943 1170 4001 fruticem
1197 3945 1596 4015 pravissimum,
1632 3944 2098 4016 ingratitudinem,

526 4048 690 4103 quam
724 4049 918 4105 parere
948 4036 1086 4089 solet
1119 4036 1506 4093 beneficiorum
1548 4038 1771 4093 oblivio.

602 4127 684 4181 17.
721 4127 789 4181 Ει
824 4128 892 4181 ita
940 4128 1157 4197 quidem
1196 4130 1436 4202 excrevit
1475 4145 1543 4191 ex
1595 4130 1807 4185 illarum
1837 4130 2098 4187 virtutum

526 4218 808 4275 ordinibus
840 4235 945 4273 una
979 4222 1238 4295 pravitas,
1269 4231 1323 4275 et
1357 4237 1420 4275 ex
1453 4221 1554 4276 alia
1588 4231 1757 4292 parte,
1784 4223 1966 4292 gravis
1988 4239 2101 4279 me-

514 4313 702 4367 .rnoria
743 4312 1091 4396 injuriarum,
1146 4324 1201 4368 et
1236 4314 1304 4369 ab
1341 4314 1431 4369 Illa
1467 4331 1633 4386 prava
1669 4317 1959 4374 retributio
2000 4333 2099 4389 per

529 4402 1004 4460 malefaciendum.
1054 4405 1159 4464 Sed
1191 4406 1304 4460 hzec
1336 4407 1436 4460 tria
1474 4408 1612 4475 mala
1645 4408 1806 4463 simul
1846 4410 2097 4465 ordinata

2195 558 2314 628 Θεῷ
2348 560 2500 631 φίλη,
2543 566 2638 614 καὶ
2671 562 2957 633 ἁμαρτιῶν
2986 560 3361 630 ὲξαλειπτικὴ,
3394 560 3476 613 ὅτι
3507 559 3601 611 καὶ
3632 557 3775 623 αὐτὴ

2196 646 2495 717 ἀπαλείφει
2541 651 2641 718 τῆς
2663 650 2841 720 ψυχῆς
2869 650 2929 703 τὸ
2954 651 3011 703 ἐν
3041 650 3116 721 μὴ
3138 651 3312 703 δέοντι
3336 647 3657 719 άμυντικὸν.
3687 649 3778 699 Αἶ-

2193 755 2310 791 τιον
2345 738 2400 792 δὲ
2436 742 2589 794 τοῦδε
2629 742 2721 794 τοῦ
2756 742 3202 812 συμπτώματος,
3235 744 3317 796 ὅτι
3358 741 3420 795 τὸ
3463 742 3562 810 μὲν
3592 740 3774 810 πάντῃ

2195 830 2548 901 ἐπιλελῆσθαι
2587 833 2950 902 άγαθοποιίας
2985 832 3318 903 ἐνήλλακται
3349 832 3489 902 πρὸς
3521 831 3588 884 τὰ
3627 832 3774 884 ἀνω-

2193 923 2337 994 τέρω
2373 925 2764 994 συστοιχοῦντα
2808 924 3058 995 χρηστά,
3092 927 3167 987 είς
3201 926 3328 978 ὅσον
3369 926 3639 996 ἀῤῥητον,
3676 924 3775 977 καὶ

2193 1016 2280 1070 διὰ
2307 1016 2467 1070 τοῦτο
2503 1020 2765 1087 μισεῖται,
2804 1019 2897 1071 καὶ
2928 1019 3007 1081 είς
3036 1019 3239 1072 κακίαν
3266 1020 3685 1087 ἀπογράφεταν
3712 1016 3775 1068 τὸ

2192 1110 2249 1163 δέ
2271 1126 2335 1179 γε
2365 1111 2554 1181 πόρρω
2583 1109 2799 1179 βάλλειν
2827 1110 2889 1163 τὸ
2919 1111 3240 1179 ἀμυντικὸν,
3277 1110 3372 1164 καὶ
3400 1108 3606 1163 ἐθέλειν
3638 1110 3777 1179 μηδὲ

2197 1200 2542 1269 μεμνῆσθαι,
2579 1202 2634 1254 ετ
2673 1202 2728 1253 τί
2772 1220 2875 1256 που
2915 1202 3083 1255 πάθοι
3130 1202 3331 1264 κακὸν,
3369 1203 3417 1254 εί
3448 1201 3506 1254 δέ
3542 1218 3644 1253 που
3677 1201 3774 1254 καὶ

2200 1309 2306 1363 μνη
2318 1292 2463 1365 τθείη
2487 1332 2501 1354 ,
2532 1294 2842 1348 ἀποκλείειν
2861 1299 2958 1365 την
2982 1297 3036 1358 ὲς
3056 1294 3235 1364 ψυχὴν
3279 1293 3483 1348 εῐσοδον
3506 1295 3573 1363 τῇ
3602 1294 3778 1361 ἀμυνο

2194 1387 2321 1454 τικῇ
2352 1385 2645 1456 κακοποιία
2668 1425 2683 1448 ,
2713 1386 2875 1440 τοῦτο
2906 1387 3018 1449 τοῖς
3046 1384 3306 1456 ἀνωτέρω
3339 1385 3493 1437 δυσὶν
3518 1384 3777 1455 ἀμαρτή-

2199 1494 2368 1546 μασιν
2393 1476 2448 1540 ἐς
2476 1476 2537 1529 τὸ
2559 1477 2821 1541 παντελὲς
2845 1476 3183 1538 ἀντιπίπτει,
3218 1476 3314 1529 καὶ
3339 1474 3439 1544 τὴν
3467 1476 3603 1544 πρὸς
3634 1474 3777 1527 αὐτά

2199 1569 2434 1642 φατρίαν
2469 1571 2741 1623 ὲκκλίνεν
2778 1570 2872 1623 καὶ
2906 1568 3299 1640 άποκληροῢσα
3332 1569 3517 1621 ἐκεῖνα
3548 1566 3624 1635 τῷ
3655 1565 3775 1619 δαί-

2201 1680 2342 1732 μονι.
2370 1661 2666 1716 οἰκειοῦται
2696 1663 2834 1733 αὑτὴ
2863 1661 2943 1732 τῷ
2974 1661 3119 1733 Θεῷ,
3160 1664 3255 1717 καὶ
3291 1661 3371 1725 είς
3403 1659 3605 1730 ἀρετὴν
3631 1660 3775 1712 ἀποο

2197 1755 2558 1809 λεπτυνθεῖσα
2591 1752 2771 1828 κούφη
2809 1754 3178 1828 πτερύσσεται
3223 1752 3360 1826 πρὸς
3388 1752 3481 1807 τὸν
3522 1750 3773 1821 ὕψιστον.

2270 1939 2347 1997 ις’
2377 1934 2485 1986 Καὶ¹
2523 1932 2634 2003 ἔχει
2674 1932 2819 1988 οὕτω
2852 1933 3070 2003 φύσεως
3102 1933 3161 1988 τὺ
3192 1935 3450 2003 πρᾶγμα,
3493 1932 3637 1986 καθά
3678 1931 3776 1983 καὶ

2196 2025 2483 2095 φιλόσοφος
2519 2021 2625 2080 οἶδε
2660 2026 2861 2081 κανών.
2901 2027 3058 2079 Δυοῖν
3085 2025 3195 2094 γάρ
3226 2025 3446 2079 τούτοιν
3476 2024 3773 2089 ἐναντίοιν,

2196 2119 2364 2188 λήθης
2393 2135 2451 2172 τε
2473 2118 2566 2171 τοῦ
2592 2118 2906 2185 ἀγαθύνειν,
2934 2119 3028 2171 καὶ
3051 2116 3120 2172 αὖ
3139 2117 3302 2170 πάλιν
3330 2115 3777 2187 ἐπιλησμοσύνης

2193 2211 2289 2263 τοῦ
2322 2212 2668 2274 κακοποιεῖν,
2702 2211 2826 2264 ἐπεὶ
2861 2211 2922 2264 τὸ
2960 2209 3017 2263 ἓν
3040 2251 3055 2275 ,
3083 2210 3288 2279 φαῦλον
3321 2208 3401 2275 ὃν,
3436 2209 3627 2278 ἔλαχεν
3669 2207 3778 2260 ὑπὸ

2195 2305 2261 2357 τά
2288 2299 2503 2374 χρηστά
2530 2303 2716 2356 πεσεῖν
2747 2303 3027 2373 σύστοιχα,
3052 2302 3112 2356 τὸ
3142 2300 3251 2373 ἄρα
3282 2300 3490 2365 λοιπὸν,
3521 2301 3665 2354 θεῖον
3689 2299 3773 2363 ὃν,

2196 2394 2327 2448 αὐτὸ
2354 2393 2454 2464 τὴν
2481 2391 2677 2463 ἑτέραν
2709 2392 3026 2462 συστοιχίαν
3057 2390 3226 2445 ὑπέδυ
3262 2390 3361 2460 τὴν
3393 2388 3627 2459 φαύλην.
3665 2388 3777 2440 Καί

2197 2502 2314 2548 πως
2334 2484 2363 2537 ὁ
2386 2483 2484 2554 μὲν
2511 2485 2584 2556 μὴ
2616 2482 2897 2554 βουληθεὶς
2928 2483 3169 2536 συνιέναι
3193 2481 3287 2536 τοῦ
3313 2480 3605 2550 ἀγαθῦναι,
3634 2478 3778 2534 κατὰ

2196 2580 2288 2630 τὸν
2322 2575 2616 2647 ψαλμῳδὸν
2649 2576 2729 2639 εἰς
2761 2574 3007 2630 ἄκανθαν
3035 2573 3311 2642 λογίζεται
3342 2572 3481 2643 ληῗφ
3513 2588 3777 2640 παραπεο

2199 2672 2435 2737 φυκυῖαν
2475 2667 2714 2738 εὐφόρῳ,
2749 2668 2829 2738 τῷ
2859 2668 3000 2722 κατὰ
3034 2668 3134 2738 τὴν
3166 2666 3524 2737 εὐεργετικὴν
3555 2681 3777 2720 συστοιε

2195 2761 2321 2832 χίαν
2343 2776 2359 2793 °
2380 2760 2408 2814 ὀ
2429 2761 2485 2815 δὲ
2505 2760 2579 2832 μὴ
2602 2760 2992 2825 ἀνταποδιδοὺς
3016 2762 3130 2824 τοῖς
3159 2760 3495 2823 κακώσασιν,
3525 2759 3606 2820 είς
3626 2756 3779 2827 ῥόδον

2197 2855 2542 2927 ἐγκρίνεται,
2570 2853 2598 2908 ὅ
2633 2852 2730 2917 τὰς
2769 2852 3011 2915 ἀκάνθας
3064 2852 3302 2921 ἐκφυγὸν
3351 2851 3447 2905 τοῦ
3505 2866 3780 2919 μνησικα-

2197 2950 2315 3002 κεῖν
2378 2947 2582 3014 ἀγαθὸν
2641 2946 2850 3001 ἄλυπον
2897 2946 3208 3016 πρόκειται.
3255 2943 3466 2999 Οὐκοῦν
3512 2948 3606 2997 καὶ
3656 2942 3777 2995 ἔστι

2199 3042 2336 3111 πρὸς
2357 3039 2678 3111 ἀστειότητα
2702 3039 2892 3107 φάναι,
2914 3039 2985 3102 ὡς
3012 3038 3274 3109 βαίνουσι,
3296 3037 3457 3091 καλὸν
3481 3035 3580 3106 μὲν
3598 3036 3780 3087 ἐκεῖνο

2199 3132 2380 3203 σῶμα,
2413 3133 2480 3187 τά
2508 3130 2832 3201 εὖεργετικά
2862 3132 3142 3200 σύστοιχα,
3178 3130 3252 3193 ὼς
3280 3123 3368 3182 οἷα
3402 3126 3593 3197 φαύλῳ
3625 3126 3776 3189 ποδὶ,

2200 3223 2279 3294 τῷ
2308 3223 2402 3289 τοῦ
2434 3225 2774 3295 ἀχαριστεῖν,
2801 3223 2971 3279 κακὸν
2997 3222 3044 3275 δ’
3070 3222 3227 3285 αὖθις
3256 3222 3458 3283 ἐκεῖνο,
3520 3219 3581 3273 τὸ
3637 3235 3779 3288 μνη·
3884 3258 3901 3267 -

2205 3316 2455 3384 σῐκακον,
2514 3315 2706 3385 ἁγαθῷ
2770 3316 2925 3381 ποδὶ,
2963 3315 3324 3385 ἐπεμϐαίνειν
3354 3311 3604 3367 ὀκνοῦντι
3637 3309 3778 3380 πρὸς

2202 3411 2469 3466 κάκωσιν.
2497 3411 2709 3481 Φράσαι
2734 3410 2790 3464 δὲ
2822 3409 3000 3473 ἄλλως
3026 3426 3042 3442 ·
3074 3411 3447 3480 παραπέπηγε
3472 3402 3777 3466 κάνταῦθα,

2203 3503 2395 3575 ὥσπερ
2429 3504 2650 3573 ἀρεταῖς
2684 3502 2875 3566 κακία,
2912 3500 3057 3555 οὕτω
3086 3502 3180 3556 καὶ
3210 3501 3379 3572 ἀρετῇ
3415 3497 3777 3569 φαυλότητες.

2201 3594 2531 3665 Μεμνῆσθαι
2573 3592 2672 3663 μὲν
2708 3592 2819 3663 γὰρ
2856 3591 2951 3647 τοῦ
2985 3593 3451 3665 εὐεργετήσαντος
3476 3631 3489 3649 .
3530 3590 3626 3643 καὶ
3669 3586 3781 3655 μὴν

2201 3688 2615 3757 ἀντευεργετεῖν
2641 3688 2786 3741 κατὰ
2816 3687 2999 3758 ἔργον,
3033 3686 3115 3740 ἔτι
3145 3686 3202 3739 δὲ
3238 3688 3332 3739 καὶ
3364 3684 3572 3739 ἐθέλειν
3616 3683 3779 3753 strep-

2201 3776 2392 3846 γεσίαν
2422 3775 2751 3842 ἀντιδοῦναι,
2796 3775 3143 3847 συστοιχοῦσι
3176 3775 3298 3830 κατ’
3330 3775 3555 3845 ἀρετήν.
3589 3772 3779 3841 Φαύλη

2201 3869 2259 3923 δὲ
2292 3868 2612 3941 προαίρεσις
2646 3868 2964 3940 ἀνθρωπίνη
2994 3866 3281 3940 παρέπηξε
3305 3868 3519 3930 τούτοις
3538 3865 3781 3932 δένδροις

2203 3960 2412 4028 καλοῖς,
2440 3961 2610 4031 φυτὸν
2643 3961 3002 4029 φαυλότατον,
3035 3961 3098 4014 τὸ
3120 3960 3439 4034 ἀχάριστον,
3474 3960 3613 4029 ὅπερ
3642 3957 3783 4011 ἀπο-

2203 4053 2408 4107 τίκτειν
2438 4049 2582 4109 οἵδεν
2616 4054 2651 4124 ἡ
2688 4052 2828 4123 λήθη
2858 4053 2970 4107 τῶν
2999 4052 3352 4124 εὐεργεσιῶν.

2279 4146 2365 4213 ιζ’.
2417 4146 2532 4201 Καὶ
2576 4145 2721 4199 οὕτω
2771 4146 2869 4216 μὲν
2918 4146 3224 4216 συστοίχοις
3272 4145 3502 4207 ταύταις
3553 4143 3781 4214 ἀρεταῖς

2202 4244 2373 4299 κακία
2406 4243 2504 4313 μία
2547 4243 2939 4313 παραπέφυκε,
2977 4240 3169 4313 βαρεῖα
3202 4239 3246 4293 δ’
3278 4238 3547 4311 ἑτέρωθεν
3584 4238 3778 4307 μνήμη

2202 4336 2518 4397 κακώσεως,
2562 4336 2660 4388 καὶ
2702 4334 2736 4404 ἡ
2764 4334 2849 4386 ἐπ’
2880 4333 3020 4403 αὐτῇ
3060 4332 3434 4394 ἀντικάκωσις
3466 4329 3777 4397 κακοποιῆ-

2204 4446 2316 4484 ςαι.
2356 4427 2521 4481 Ἀλλὰ
2549 4425 2721 4479 ταῦτα
2755 4425 2881 4495 τρία
2913 4423 3062 4478 κακά
3090 4423 3354 4494 σύστοιχα
3389 4422 3541 4494 παρὰ
3574 4420 3776 4490 θύραν,

529 4496 597 4549 ad
622 4507 853 4566 portam,
885 4505 942 4551 ut
970 4498 1146 4561 aiunt,
1176 4498 1551 4554 assimilantur
1583 4501 1672 4555 uni
1708 4500 1920 4567 virtuti,
1950 4501 2095 4557 scili-

2199 4516 2227 4569 ὃ
2251 4531 2440 4585 φασιν,
2465 4515 2695 4583 ἥκουσιν
2726 4514 2895 4584 ἀρετῇ
2921 4513 3041 4583 μιᾷ,
3074 4514 3139 4583 τῇ
3164 4512 3260 4564 τοῦ
3293 4511 3368 4584 μὴ
3397 4511 3603 4565 ἐθέλειν
3637 4510 3781 4574 ὅλως

528 4600 637 4655 eet,
664 4607 768 4644 non
803 4591 1022 4645 omnino
1066 4591 1202 4647 velle
1246 4592 1550 4648 vexationis
1595 4594 1955 4651 meminisse:
2009 4598 2098 4652 cui

531 4683 671 4738 Iono
693 4681 1070 4752 memetipsnm
1094 4683 1207 4752 ipse
1229 4684 1474 4751 ascribo;
1504 4694 1559 4741 et
1592 4686 1670 4741 sic
1695 4701 1871 4757 neque
1900 4688 2097 4743 malum

530 4791 628 4844 pro
670 4775 811 4828 malo
835 4774 1091 4842 cuiquam
1126 4774 1401 4831 invenirer
1429 4778 1769 4845 reddidisse;
1811 4794 1986 4848 neque
2005 4795 2100 4841 vo-

525 4865 644 4921 lens
663 4867 905 4936 quidem,
929 4867 1022 4921 sed
1047 4882 1151 4920 non
1181 4868 1387 4933 valens,
1412 4869 1698 4924 vindictam
1713 4873 2094 4940 suspendisse:

527 4975 757 5029 quorum
795 4958 944 5035 prius
975 4959 1191 5029 quidem
1226 4960 1549 5030 pessimum,
1600 4963 1872 5030 posterius
1915 4973 2095 5020 autem

528 5051 743 5105 virtutis
774 5048 1173 5122 simulationem
1204 5051 1441 5124 ingeniis
1470 5069 1579 5109 non
1606 5052 1892 5124 profundis
1926 5056 2100 5127 subji-

525 5157 653 5198 cere
691 5143 824 5197 vult.

606 5235 690 5289 18.
742 5235 799 5289 Si
843 5233 964 5305 quis
1019 5244 1201 5305 autem
1251 5235 1451 5291 dixerit
1499 5235 1721 5306 vulgare
1770 5236 1894 5303 hoc,
1972 5256 1990 5290 ι
2027 5239 2102 5294 Is-

533 5327 627 5381 tud
690 5327 850 5396 igitur
915 5327 1055 5381 unde
1107 5324 1450 5397 manifestum
1501 5328 1622 5383 est?
1653 5329 1832 5401 primo
1878 5332 2096 5400 quidem

529 5416 979 5470 diecutiatvitam
1023 5402 1285 5483 nostram,
1330 5417 1419 5471 ubi
1461 5433 1565 5473 non
1612 5420 1811 5489 poterit
1853 5420 2099 5476 invenire

524 5523 853 5579 quemquam
874 5524 905 5563 a
927 5510 1084 5564 nobis
1112 5509 1316 5580 aliquid
1341 5510 1634 5567 ulciscendi
1658 5527 1819 5569 causa
1845 5528 2093 5584 passum,

526 5600 731 5661 Deinde
781 5600 1176 5657 recentioribus
1226 5603 1427 5659 nostris
1477 5603 1794 5664 infortuniis
1839 5610 2096 5666 adhibeat

528 5705 745 5758 curam,
790 5694 844 5748 in
884 5692 1080 5763 quibus
1114 5707 1276 5750 neruo
1318 5710 1417 5752 nos
1453 5697 1663 5753 audivit
1709 5700 1951 5758 dicentes
1992 5704 2094 5757 ali-

518 5783 661 5855 ,quid
718 5786 785 5843 ad
834 5787 1092 5843 damnum
1127 5784 1289 5859 hujus
1332 5786 1532 5858 lingua:
1578 5804 1677 5848 nos
1707 5793 2093 5854 calumniant’s

2205 4604 2520 4676 μεμνῆσθαι
2563 4602 2903 4665 κακώσεως·
2946 4597 2992 4670 ᾧ
3033 4602 3097 4671 δὴ
3131 4602 3323 4671 ἀγαθῴ
3381 4601 3618 4671 ἐμαυτὸν
3665 4602 3780 4669 ἐγὼ

2202 4699 2417 4769 ἀποκλη
2429 4699 2505 4767 ρῶ
2529 4714 2544 4731 ο
2584 4698 2677 4752 καὶ
2701 4696 2824 4766 οὗτε
2859 4697 2926 4751 ἂν
2954 4695 3242 4767 εὑρεθείην
3267 4695 3441 4750 κακοῦ
3467 4696 3641 4751 κακόν
3669 4713 3781 4749 τινι

2201 4791 2539 4854 ἁνταποδοὺς
2563 4789 2743 4860 (τοῦτο
2769 4790 2833 4858 δὴ
2858 4789 2919 4843 τὸ
2947 4789 3271 4862 χείριστον),
3293 4788 3415 4843 οὐδὲ
3449 4788 3554 4859 μὴν
3578 4787 3782 4840 suam

2205 4885 2325 4955 μὲν,
2360 4882 2632 4955 ἀδυναμίᾳ
2661 4882 2719 4936 δὲ
2747 4881 3048 4952 ἀπαιωρῶν
3077 4880 3176 4953 τὴν
3207 4881 3426 4952 ἄμυναν
3446 4896 3461 4912 ⁸
3493 4881 3630 4949 ὅπερ
3652 4881 3783 4947 ἁρε-

2201 4975 2299 5041 τῆς
2329 4974 2624 5046 ὑπόκρισιν
2652 4973 2978 5043 ὑποῦάλλειν
3010 4974 3261 5047 βούλεται
3288 4975 3403 5038 τοῖς
3433 4972 3508 5045 μὴ
3535 4973 3784 5043 ἐμϐαθύ-

2203 5081 2405 5121 νουσιν.

2273 5248 2365 5314 ιη’.
2402 5243 2463 5297 Εἰ
2497 5243 2555 5298 δέ
2588 5261 2671 5307 τις
2706 5243 2818 5315 ἔχει
2850 5246 3034 5316 λέγειν
3073 5247 3232 5302 τοῦτο
3263 5250 3327 5322 δὴ
3363 5251 3423 5306 τὸ
3455 5253 3779 5325 δημοτικὸν,

2200 5336 2283 5389 τὸ·
2359 5335 2530 5392 Πόθεν
2603 5332 2714 5390 ἇοα
2777 5338 2937 5393 τοῦτό
3009 5358 3070 5410 γε
3133 5344 3328 5413 δῆλον;
3432 5347 3625 5418 πρῶτα
3676 5351 3781 5416 μὲν

2202 5421 2555 5507 ὲπεξελθέτω,
2577 5419 2658 5488 οἷς
2688 5426 3057 5500 βεὸιώκαμεν,
3098 5433 3158 5487 ἐν
3186 5428 3267 5499 οἷς
3292 5436 3392 5488 οὐκ
3418 5437 3487 5492 ἂν
3518 5438 3779 5507 εὑρέσθαι

2204 5504 2421 5568 δύναιτο
2456 5516 2546 5569 τὸν
2594 5517 2653 5584 ἐξ
2704 5519 2864 5590 ήμῶν
2910 5525 3218 5581 πεπονθότα
3264 5545 3318 5583 τι
3354 5532 3491 5601 πρὸς
3533 5504 3777 5604 ἄμυναν.

2202 5603 2336 5660 Εἶτα
2369 5608 2462 5662 καὶ
2492 5610 2605 5672 τοῖς
2643 5609 2873 5682 ἔναγχος
2905 5616 3197 5686 ἡμετέροις
3233 5603 3636 5695 ἐνδιατριψάτω
3671 5645 3781 5679 πα.

2201 5700 2463 5770 θήμασιν,
2499 5703 2557 5754 ὲν
2585 5696 2665 5765 οἷς
2693 5702 2867 5770 οὐδεὶς
2901 5707 3134 5778 ἥκουσεν
3169 5712 3316 5784 ἡμᾶς
3351 5717 3781 5785 ἀποπτύταντάς

2198 5812 2250 5848 τι
2300 5794 2434 5865 πρὸς
2476 5795 2679 5866 βλάσην
2716 5799 2813 5867 τῆς
2878 5802 3000 5856 καθ’
3032 5805 3191 5872 ἡμῶν
3243 5806 3493 5866 διαϐόλου
3530 5809 3788 5888 γλώττης
