4090 6450
420 371 526 438 ᾹΞΙ

1415 387 1711 451 CONTRA
1750 392 2251 457 INJURQARUM
2286 398 2730 465 MEMORIAE“.

3591 416 3696 481 4.22

417 491 660 563 ἐκείνης,
692 495 815 552 οἱδὶ
847 498 902 562 ἐς
934 498 994 552 τὸ
1029 500 1213 571 τυχόν.
1254 504 1317 557 El
1353 505 1400 558 δ’
1428 507 1767 576 ἀμφιϐάλλει
1800 512 1964 574 αὐτὸς

2068 552 2077 572 ι
2106 529 2208 569 nec
2231 516 2350 571 siue
2378 520 2627 574 consilio.
2656 519 2712 574 Si
2737 534 2865 601 vero
2896 523 3119 593 ambigit
3138 525 3272 594 ipse,
3305 530 3498 599 ecquid
3532 533 3696 587 hahe-

416 585 513 639 καὶ
546 588 599 640 τί
636 587 702 642 ἂν
729 591 957 661 εἴχομεν
988 593 1320 667 emersam
1354 600 1444 653 τὸν
1484 602 1583 667 τῆς
1617 609 2000 677 πνευματικῆς

414 677 621 747 ἀγέλης
663 679 1148 754 ἀποσκιρτήσαντα
1182 688 1267 757 ἐφ’
1302 692 1603 762 ἡμετέραις
1643 697 1994 767 κακιὶισεσιν;

413 766 546 826 Οἶδα
575 773 695 842 μὲν.
727 775 808 829 ὅτι
838 780 1166 849 κερτομοῦσι
1199 783 1621 856 πυνθανόμενοι,
1655 789 1798 861 ἀπερ
1823 766 1996 847 οἴδασι

412 862 549 932 πρὸς
574 866 884 935 ἀκρίϐειαν.
915 870 976 922 ΕΞ
999 871 1054 925 δὲ
1076 874 1169 927 καὶ
1194 876 1343 930 ὲτεδν
1369 879 1477 932 ἀπὸ
1504 883 1765 952 σπουδῆς,
1793 886 1818 938 ὂ
1843 887 1997 953 λεγε-

412 971 525 1019 ται,
578 955 733 1009 ταῦτ’
790 959 1141 1031 ἀγορειὲουσι,
1198 968 1666 1036 παραϐαλλόντων
1717 977 1803 1043 ἐφ’
1845 978 1994 1046 ἡμᾶς

411 1047 773 1120 ἡσυχαίτερον
808 1053 903 1106 ἐπὶ
944 1056 1184 1127 μαθήσει
1208 1075 1221 1090 ⁸
1260 1062 1356 1114 καὶ
1385 1063 1550 1132 ἡμεῖς
1582 1063 1989 1137 ἐξηγησόμεθα,

409 1140 999 1234 ἀποίοιςγὲνισχημένοι
1034 1153 1226 1215 κακοῖς
1248 1154 1349 1208 οὐκ
1384 1154 1791 1231 ὲξελαλήσαμεν
1818 1164 1897 1227 εἷς
1926 1183 1990 1234 γε

411 1230 500 1283 τὸν
541 1230 802 1301 βλάπτειν
823 1238 915 1290 ἐπὶ
946 1239 1173 1305 δικαίοις
1204 1243 1529 1314 δυνάμενον.

486 1323 571 1380 ιθ’.
603 1326 759 1378 Οὕτω
786 1328 850 1400 δὴ
884 1335 1236 1405 καταστήσας
1264 1338 1330 1390 τὰ
1354 1341 1641 1411 εἰρημένα,
1676 1346 1750 1408 ὡς
1781 1350 1881 1402 οὐκ
1899 1351 1986 1417 ἂν,

408 1413 595 1486 οἶμαι,
646 1420 847 1491 ῥᾳδίως
897 1425 1346 1498 ἀντιλογηθῆναι,
1400 1432 1622 1507 λαλήσω
1664 1442 1758 1493 καὶ
1808 1413 1988 1507 ἄλλως

408 1512 536 1580 περὶ
594 1514 811 1566 ταύτῶν
870 1517 1281 1592 ἐπιτομώτερόν
1337 1542 1399 1578 τε
1457 1529 1550 1581 καὶ
1608 1534 1982 1605 σαφέστερον,

402 1603 636 1671 δεικνὺς,
662 1608 738 1671 ὡς
771 1611 832 1663 οὐ
866 1612 1061 1680 ταύτὰ,
1111 1617 1519 1687 μιμνήσκεσθαι
1574 1642 1632 1678 τε
1671 1628 1845 1682 κακοῦ
1892 1633 1984 1684 καὶ

407 1703 769 1766 μνησικακεῖν
832 1705 1208 1772 ἀγαθοποιίας.
1305 1711 1362 1765 Ὀ
1437 1715 1585 1770 δεῖνα
1637 1719 1913 1793 μέμνηται
1963 1741 1977 1756 ·

401 1791 605 1858 ἀγαθὸς
634 1794 743 1867 ἄρα
774 1799 923 1875 ἐστί..
950 1803 1263 1867 Κακώσεως
1294 1803 1425 1878 ἦλοέ
1457 1829 1562 1866 τινι
1600 1817 1787 1887 μνήμη
1806 1791 1833 1848 ὀ
1868 1819 1977 1891 ἄρα

404 1887 743 1955 μνησῐκακος
783 1893 810 1943 6
851 1870 1014 1963 ἀνήρ.
1045 1896 1143 1960 Τίς
1174 1900 1200 1951 6
1232 1900 1292 1953 τὸ
1317 1869 1559 1970 ’πρῶτον
1591 1869 1804 1976 εἰπίὶἒνις
2014 1869 2059 1926 Β

400 1976 461 2028 τὸ
493 1976 786 2049 δεύτερονς
817 1983 1282 2054 Προϐαλλέτωσαν
1307 1993 1534 2059 ἑαυτοὺς
1564 2001 1643 2062 εἰς
1670 2001 1856 2070 μέσον,
1892 2004 1980 2060 ἵνα

399 2071 496 2122 καὶ
534 2073 775 2141 γελῷντο
807 2078 885 2139 είς
912 2081 1174 2149 ἐμφανές.
1220 2085 1504 2158 Μέμνηταί
1537 2109 1621 2154 τις
1647 2094 1797 2148 οἴκου
1834 2095 1978 2167 λαμ-

402 2163 544 2231 προῦ
569 2179 582 2194 ⁸
620 2167 901 2237 οἰκοδόμος
942 2171 1052 2242 ἄρα
1082 2175 1230 2227 ἐστὶν
1255 2216 1271 2241 ,
1313 2173 1393 2241 οἷς
1437 2180 1733 2252 μέμνηται.
1783 2163 1976 2244 Πλοίου

399 2257 624 2328 μνήμην
665 2260 800 2330 ἔχει,
837 2265 974 2333 πρὸς
1017 2266 1213 2337 τέχνην
1252 2272 1654 2343 οίακιζομένου,
1699 2281 1793 2334 καὶ
1832 2281 1975 2338 οὕτω

396 2354 887 2422 παρακρουομένου
935 2358 1003 2412 τὰ
1057 2359 1218 2431 πέριξ
1264 2362 1527 2433 κύματα’
1581 2373 1974 2443 οἰακοστρόφος

391 2443 614 2540 ἀριστος
790 2451 855 2518 τῇ
892 2451 1080 2524 μνήμῃ
1119 2456 1147 2507 6
1176 2455 1338 2528 ἀνήρ.
1377 2459 1673 2530 Μέμνηται
1704 2464 1799 2518 τοῦ
1834 2485 1971 2540 φορ-

388 2533 545 2588 τικοῦ
598 2538 935 2609 Φαλάριδος’
984 2544 1184 2599 οὐκοῦν
1233 2548 1283 2601 εί
1337 2551 1647 2621 μέμνηται,
1695 2533 1970 2627 τυραννεῖ.

387 2626 714 2698 Μέμνηται,
770 2633 910 2686 κατὰ
959 2638 1209 2706 κρημνοῦ
1259 2640 1444 2719 πεσών
1494 2661 1579 2709 τις
1626 2649 1719 2700 καὶ
1768 2652 1970 2723 ἐκτρα-

387 2723 704 2790 χηλισθεέςο
765 2730 951 2782 πταίει
1017 2733 1126 2801 ἄρα
1190 2734 1272 2796 εἰς
1326 2736 1521 2792 ἑαυτὸν
1575 2741 1603 2793 6
1658 2740 1968 2814 ἄνθρωπος.

399 2813 760 2871 Ἀνασκάὶλει
792 2822 856 2888 τῇ
889 2821 1119 2895 διανοίᾳ,
1145 2827 1313 2889 κακὸς
1344 2829 1506 2893 αὐτός
1536 2849 1668 2885 ποτε
1702 2813 1965 2905 γεγονὼς,

390 2900 471 2969 οἷς
525 2907 765 2981 ἥμαρτε,
819 2915 913 2966 καὶ
966 2917 1031 2985 τῇ
1060 2919 1246 2990 μνήμῃ
1279 2919 1505 2989 ἄχθεται
1557 2940 1571 2955 ·
1631 2900 1969 2999 μνησικακεί

386 3000 518 3067 γοῦν
543 3002 744 3074 ἑαυτῷ.
778 3004 916 3059 Οὔτε
946 3009 1130 3064 ἐκεῖνα
1163 3014 1325 3083 σοφὰ,
1358 3017 1453 3070 καὶ
1479 3019 1650 3075 ταῦτα
1680 3022 1735 3076 δὲ
1763 3042 1964 3098 κωμῳ-

364 3093 502 3157 δίας
535 3096 694 3160 ἄξιοι⁸
742 3095 823 3161 οἷς
862 3094 1018 3169 οἶμαι
1057 3107 1386 3160 συντακτέον
1426 3111 1522 3165 καὶ
1541 3112 1636 3164 τό·
1672 3093 1965 3187 Μέμνηται

385 3192 494 3252 τις¹
525 3191 828 3255 κακώσεως
878 3194 1130 3249 ὁπωσοῦν
1184 3214 1198 3229 ο

452 3279 522 3338 κ’.
580 3284 791 3338 Ἐτι“ὁ
843 3285 943 3355 τὴν
1015 3291 1388 3358 μνησικακίαν
1434 3294 1681 3366 ἀτέχνως
1736 3304 1959 3375 μνήμην

378 3376 551 3431 κακοῦ
589 3375 621 3446 ἦ
656 3375 959 3442 κακώσεως
996 3380 1184 3446 ἁπλῶς
1213 3384 1570 3456 ὁριζόμενος,
1602 3391 1662 3442 οὐ
1699 3395 1859 3460 μόνον
1891 3396 1961 3450 τὰ

374 3469 433 3530 ἐς
461 3469 748 3539 ῥητορείαν
771 3470 1107 3543 πλημμελεῖ,
1136 3475 1352 3546 καίριόν
1378 3495 1430 3531 τι
1465 3481 1631 3553 μέρος
1661 3482 1756 3536 τοῦ
1786 3502 1959 3557 πανη-

376 3558 627 3630 γυρίζειν
667 3562 902 3627 ἀπάγων
948 3564 1149 3634 αὐτῆς,
1183 3566 1244 3619 τὸ
1275 3567 1538 3637 ψεκτικὸν
1566 3572 1734 3643 (ὅπερ
1757 3575 1856 3628 οὐκ
1892 3577 1958 3631 ἂν

378 3650 711 3713 συνίσταιτο,
764 3654 1127 3726 ἀπαγομένης
1179 3658 1245 3711 ὲκ
1293 3657 1414 3728 βίου
1454 3661 1556 3729 τῆς
1607 3663 1717 3717 τῶν
1766 3667 1958 3722 κακῶν

381 3742 639 3812 μνήμης)
662 3758 677 3773 ο
724 3743 864 3797 ἀλλά
901 3761 965 3812 γε
999 3746 1093 3799 καὶ
1137 3745 1197 3800 τὸ
1230 3747 1527 3814 δικανίζειν
1563 3758 1952 3826 παραγράφει,

375 3834 472 3887 καὶ
499 3833 626 3897 τούς
652 3851 711 3888 τε
733 3835 929 3900 ἄξονας
950 3836 1191 3901 ἀποξέει,
1220 3839 1315 3891 καὶ
1346 3841 1444 3902 τὰς
1472 3841 1698 3911 κύρϐεις
1728 3846 1958 3901 ἀπαλεία

376 3943 499 3990 (ρει,
540 3927 636 3979 καὶ
671 3925 769 3997 τὴν
806 3928 1024 3982 ἀδικίαν
1062 3930 1455 4002 παῤῥησιάζει.
1492 3936 1665 3999 Αὐτὸς
1700 3936 1799 4009 μὲν
1845 3942 1954 4014 γὰρ

366 4019 468 4073 οὐκ
500 4019 697 4080 ἐθέλει.
733 4022 953 4091 μνήμην
972 4016 1113 4075 εἶναι
1146 4023 1318 4078 κακοῦ
1342 4027 1422 4090 είς
1451 4027 1511 4080 τὸ
1542 4029 1670 4084 πᾶν.
1707 4031 1780 4084 Τὸ
1807 4033 1867 4087 δέ
1887 4051 1951 4101 γε

364 4111 644 4166 δικανικόν
676 4114 819 4167 εἰσιν
850 4114 1009 4184 οἵπερ
1040 4115 1331 4186 ὡρίσαντο,
1366 4120 1534 4189 μηδέν
1561 4122 1753 4193 ἕτερον
1783 4121 1948 4192 εἶναι,

367 4205 401 4274 ἢ
430 4206 491 4259 τό
537 4223 551 4236 θ
612 4206 762 4278 ἄνδρ’
805 4207 1227 4277 ἀπαμύνασθαι,
1261 4211 1350 4265 ὅτε
1383 4231 1468 4277 τις
1495 4216 1760 4287 πρότερον
1785 4218 1951 4290 χαλε-

365 4301 535 4372 πήνῃ,
563 4298 649 4353 διὰ
691 4300 911 4370 μνήμην
957 4301 1177 4365 πάντως
1222 4303 1395 4357 κακοῦ
1418 4305 1796 4377 ὑπάρξαντος’
1828 4312 1954 4364 ἀτε-

362 4393 470 4455 λῶς
504 4394 601 4460 μὲν
620 4394 820 4445 ἐκεῖνοι
844 4391 1103 4462 φάμενοι,
1121 4394 1182 4448 οὔ
1209 4396 1431 4467 μακρὰν
1448 4398 1506 4452 δὲ
1537 4399 1743 4457 σκοποῦ
1769 4403 1949 4477 πάντῃ

362 4500 428 4536 πε
438 4499 645 4545 σοντες.

2103 623 2290 663 remus
2318 610 2557 665 vicissim
2593 613 2788 669 laedere
2810 631 3143 686 quemquam
3169 636 3199 673 e
3225 624 3491 691 spirituali
3528 642 3693 698 grege

2101 700 2168 754 de
2187 701 2388 757 nostris
2411 704 2690 761 maleﬁciis
2718 708 3118 765 exsultantem?
3146 711 3274 768 Scio
3304 716 3522 783 quidem
3544 721 3690 787 quod

2100 795 2383 848 vexatorie
2434 806 2824 863 percontantur
2887 816 3007 870 quae
3068 805 3309 871 perfecte
3363 821 3580 864 norunt.
3629 812 3687 868 Si

2103 900 2234 942 vero
2265 900 2414 945 certe
2440 903 2660 960 propter
2686 895 2948 961 studium,
2981 908 3036 951 ut
3074 899 3290 968 dicitur,
3322 907 3436 958 haec
3458 906 3689 976 loquun—

2111 987 2224 1046 tur,
2264 981 2609 1038 venientibus
2661 988 2727 1039 ad
2760 1004 2856 1043 nos
2888 991 3113 1059 pacilice
3145 994 3208 1046 ad
3245 994 3682 1065 instructionem,

2097 1087 2195 1126 nos
2228 1074 2392 1128 etiam
2423 1076 2840 1144 explicabimus,
2887 1082 3083 1149 quibus
3116 1084 3312 1138 irretiti
3362 1089 3520 1144 malis
3564 1106 3672 1146 non

2095 1163 2259 1219 locuti
2295 1165 2557 1222 fuerimus
2595 1169 2758 1224 etiam
2788 1184 2979 1228 contra
3019 1175 3164 1229 illum
3187 1177 3276 1246 qui
3306 1175 3457 1247 juste
3483 1198 3681 1239 nocere

2094 1268 2288 1324 pmcst.
2389 1302 2393 1308 .

2163 1350 2251 1405 l9.
2287 1351 2457 1408 Dictis
2485 1354 2558 1408 ita
2584 1357 2916 1415 constitutis.
2943 1366 3002 1412 ut
3027 1374 3133 1413 non
3163 1360 3337 1425 facile,
3367 1373 3519 1433 puto,
3548 1380 3679 1421 con-

2094 1444 2286 1498 tradici
2321 1445 2562 1512 possim,
2615 1446 2717 1500 alia
2758 1447 2933 1502 dicam
2996 1449 3214 1505 brevius
3270 1461 3324 1507 et
3375 1455 3676 1511 evidentius

2088 1551 2254 1601 super
2291 1536 2433 1601 istis,
2469 1538 2764 1593 ostendens
2822 1555 2927 1593 non
2988 1543 3178 1596 eadem
3208 1558 3334 1598 esse
3388 1547 3673 1602 recordari

2090 1628 2237 1693 mali,
2273 1638 2324 1685 et
2356 1631 2493 1684 male
2527 1630 2837 1686 meminisse
2872 1631 3286 1690 beneficiorum.
3309 1636 3523 1707 Aliquis
3552 1654 3669 1693 me-

2088 1721 2246 1776 minit
2281 1740 2294 1775 :
2328 1737 2458 1793 ergo
2490 1726 2665 1779 bonus
2701 1733 2803 1780 est.
2842 1726 3170 1794 lujuriarutu
3204 1727 3366 1783 alicui
3401 1730 3666 1785 memoria

2089 1814 2237 1867 venit
2270 1829 2285 1867 :
2323 1829 2455 1883 ergo
2487 1815 2611 1870 mali
2646 1830 2855 1872 memor
2884 1827 2968 1873 est
3000 1820 3182 1875 homo.
3223 1819 3356 1887 Quis
3389 1821 3518 1874 illud
3551 1823 3667 1891 pri-

2088 1917 2234 1956 mum
2280 1902 2447 1958 dicit?
2488 1905 2612 1974 quis
2665 1906 2769 1963 hoc
2825 1909 3164 1963 secundum?
3208 1910 3262 1964 lu
3320 1896 3558 1966 medium
3611 1929 3668 1969 se

2084 1999 2410 2066 producant,
2476 2006 2537 2053 ut
2568 1996 2743 2064 palam
2796 2000 3149 2057 irrideantur.
3202 2003 3435 2058 lllustris
3471 2005 3665 2061 domus

2081 2085 2282 2156 aliquis
2335 2087 2617 2153 meminit;
2659 2103 2824 2159 ergo,
2864 2091 3063 2160 quibus
3101 2095 3388 2157 meminit,
3438 2096 3523 2149 his
3579 2106 3664 2157 ειμι

2081 2179 2436 2235 architectus.
2496 2178 2662 2235 Navis
2707 2183 3027 2238 memoriam
3087 2183 3246 2239 habet
3289 2186 3423 2239 scite
3467 2187 3665 2254 guber-

2081 2281 2223 2326 natae
2254 2272 2439 2341 sicque
2466 2270 2720 2327 ﬂuctibus
2748 2271 2980 2328 feliciter
3003 2283 3236 2343 ereptae:
3274 2276 3510 2345 optimus
3532 2292 3662 2347 ergo

2078 2368 2409 2436 gubernator
2442 2366 2530 2421 ille
2558 2367 2644 2421 vir
2681 2366 3049 2423 memorabilis
3079 2377 3180 2424 est.
3213 2368 3518 2424 lnsolentiar.
3550 2387 3662 2424 nte-

2079 2459 2236 2514 tninit
2267 2459 2605 2515 Phalaridis:
2643 2460 2847 2528 itaque,
2879 2461 3003 2530 quia
3034 2462 3657 2535 meminit,tyrannidem

2075 2560 2312 2605 exercet.
2344 2549 2588 2603 Meminit
2616 2548 2812 2618 aliquis
2841 2550 2941 2604 viri
2969 2551 3020 2605 in
3054 2553 3412 2622 praecipitium
3447 2554 3657 2623 lapsum

2073 2648 2130 2693 et
2179 2649 2643 2708 ceuqnassatum:
2694 2653 2823 2707 ergo
2897 2640 3023 2696 talis
3086 2643 3247 2697 homo
3302 2644 3656 2713 semetipsum

2074 2729 2322 2785 oll'endit.
2355 2730 2699 2800 Cogitatione
2737 2738 2954 2798 reputat
2991 2731 3106 2801 ipse
3134 2732 3225 2800 qui
3276 2732 3376 2786 fuit
3436 2733 3656 2802 iniquus

2073 2825 2319 2890 malaque
2343 2824 2510 2892 gessit
2530 2832 2581 2878 et
2614 2823 2886 2878 memoria!
2906 2830 3226 2879 succenset:
3252 2838 3381 2894 ergo
3406 2825 3527 2878 ntali
3546 2839 3658 2879 me-

2071 2928 2192 2967 mor
2236 2915 2288 2967 in
2338 2915 2576 2982 seipsum
2609 2914 2839 2970 est.llla
2881 2914 3147 2984 sapientia
3180 2930 3290 2968 non
3347 2924 3495 2978 sunt,
3558 2917 3655 2971 sed

2069 3007 2335 3063 comantia
2361 3008 2525 3076 digna
2554 3024 2571 3074 ;
2605 3008 2803 3077 quibus
2867 3007 3009 3062 istud
3045 3008 3451 3078 adjuugendum
3483 3018 3649 3078 puto:

2072 3100 2271 3167 aliquis
2317 3100 2639 3171 injuriaruut
2673 3099 3130 3171 qualitercunque
3183 3101 3479 3156 meminit:
3520 3116 3648 3173 ergo

1263 3199 1409 3254 ἔστιν
1439 3202 1549 3271 ἄρα
1607 3209 1963 3278 μνησίκακοςο
1995 3216 2042 3280 c
2072 3192 2368 3248 simultatis
2400 3202 2555 3247 tenax
2584 3202 2688 3247 est.

2135 3283 2485 3353 '20.]nsuper
2542 3289 2632 3354 qui
2692 3285 2819 3339 mali
2857 3285 3177 3341 memoriam
3231 3288 3351 3342 sine
3413 3287 3646 3342 artilicio

2065 3380 2382 3434 memoriam
2446 3377 2572 3432 ntali
2638 3379 2754 3433 sive
2815 3379 3115 3433 vexationis
3172 3379 3494 3447 simpliciter
3549 3385 3645 3435 de-

2063 3468 2200 3536 linit,
2266 3467 2311 3522 is
2361 3482 2465 3522 non
2511 3467 2681 3527 solum
2741 3467 2974 3521 rhetoris
3025 3479 3195 3522 artem
3259 3466 3521 3531 oﬂendit,
3573 3467 3642 3521 ab

2062 3561 2152 3621 illa
2213 3575 2432 3630 gravem
2490 3560 2797 3630 panegyrici
2833 3572 3040 3627 partem
3082 3559 3413 3625 auferendo,
3462 3575 3644 3627 reprc-

2061 3654 2378 3709 heusiouem
2440 3654 2580 3722 (quae
2633 3667 2739 3707 non
2773 3653 3121 3719 subsisteret,
3149 3652 3360 3706 sublata
3406 3654 3472 3706 de
3533 3652 3641 3706 vita

2062 3746 2330 3802 malorum
2360 3745 2666 3809 memoria).
2699 3745 2792 3799 sed
2823 3746 2984 3799 etiam
3012 3744 3449 3813 jurisdictionem
3479 3743 3640 3795 abro-

2058 3848 2179 3910 gat,
2220 3846 2275 3893 et
2309 3851 2514 3892 axones
2562 3838 2810 3901 abradit,
2859 3846 2914 3892 et
2965 3836 3176 3891 tabulas
3222 3836 3385 3899 tlt'lcl,
3434 3844 3488 3889 et
3529 3835 3637 3889 iui-

2057 3930 2323 4002 quitatem
2370 3937 2620 3982 excusat.
2664 3927 2782 3997 Ipse
2827 3942 3063 3996 namque
3106 3943 3211 3981 non
3261 3929 3372 3981 vult
3414 3927 3638 3980 omnino

2057 4020 2375 4077 memoriam
2408 4035 2529 4074 esse
2563 4020 2710 4075 mali.
2745 4018 3194 4075 JurideCtioucm
3246 4029 3424 4074 autem
3469 4018 3636 4088 aliqui

2056 4115 2321 4170 definiunt
2370 4114 2504 4169 nihil
2539 4113 2682 4168 aliud
2728 4128 2850 4169 esse
2895 4130 3057 4183 quant
3106 4114 3293 4168 istud:
3351 4112 3634 4168 llomineut

2056 4208 2318 4278 repellere
2365 4222 2488 4261 cum
2524 4205 2719 4276 aliquis
2750 4207 2897 4275 prius
2933 4206 3107 4261 iratus
3161 4215 3278 4270 est,
3310 4208 3379 4259 ob
3430 4220 3636 4258 memo-

2055 4300 2188 4354 riam
2217 4314 2349 4354 sane
2380 4298 2505 4353 mali
2535 4299 2677 4369 quod
2708 4298 2913 4352 illatum
2949 4307 3035 4353 est
3076 4312 3089 4352 :
3134 4312 3322 4367 parum
3358 4294 3633 4351 sufficien-

2051 4400 2134 4447 ter
2167 4391 2242 4445 illi
2289 4390 2507 4462 quidem
2561 4390 2761 4457 locuti,
2813 4390 2908 4445 sed
2961 4406 3065 4444 non
3110 4390 3332 4443 omnino
3374 4386 3560 4458 procul
3600 4402 3633 4442 ει

2053 4500 2182 4540 vero
2210 4486 2549 4551 aberrantes.

433 4583 539 4630 κα’.
591 4578 713 4648 Χρὴ
748 4579 960 4645 τοίνυν,
990 4580 1067 4644 ὡς
1108 4580 1277 4647 ἔοικε,
1318 4583 1446 4646 τοὺς
1476 4582 1800 4652 δικάζοντας
1829 4587 1949 4659 ἅμα

2121 4577 2211 4632 2!.
2240 4544 2468 4645 Oportet
2512 4575 2696 4650 igitur,
2731 4581 2788 4629 ut
2815 4583 3062 4644 apparet,
3100 4573 3335 4644 judices,
3370 4572 3458 4627 ubi
3495 4587 3628 4642 cog-

359 4669 675 4738 ἐντρανίσαι
704 4670 998 4742 κατηγόρῳ
1021 4712 1037 4734 ,
1065 4674 1160 4725 καὶ
1195 4672 1559 4747 ἐξαναστῆναι
1589 4678 1682 4747 τοῦ
1715 4679 1942 4750 θρόνου,

359 4762 458 4814 καὶ
487 4762 520 4833 ἢ
543 4763 764 4831 ἀφεῖναι
789 4764 849 4818 τὸ
873 4764 1025 4834 βῆμα
1050 4765 1144 4817 καὶ
1163 4767 1543 4839 ἀναχωρῆσαι,
1569 4769 1601 4840 ἢ
1632 4771 1769 4826 ἀλλά
1805 4774 1945 4844 γρά·

358 4855 566 4924 ςασοαι
636 4855 1006 4925 μνησικακίας
1066 4856 1158 4910 τὸν
1220 4856 1536 4927 ἀνθρωπον,
1586 4862 1672 4915 ὅτι
1736 4882 1949 4938 μεμνη-

364 4948 522 5015 μένος
550 4946 848 5010 κακώσεως
871 4948 999 5016 ἥκει
1028 4948 1208 5002 λύσων
1237 4952 1384 5006 κατὰ
1413 4951 1580 5023 νόμου
1603 4953 1814 5010 δίαιταν
1844 4957 1944 5029 τὴν

360 5038 569 5106 πλοκὴν
604 5039 700 5093 τοῦ
742 5038 953 5103 κακοῦ,
995 5041 1091 5094 καὶ
1132 5042 1563 5112 διαστησόμενος
1622 5047 1941 5117 εἰρηνικῶς.

360 5131 421 5183 Ei
466 5129 524 5183 δὲ
562 5133 654 5185 κα)⁵
702 5133 1075 5203 παράγγελμα
1124 5134 1269 5189 θεῖον
1311 5136 1634 5203 ὑπόκειται,
1663 5139 1941 5209 τυφθέντα

356 5220 482 5281 τινὰ
512 5223 568 5282 ἐς
595 5222 829 5291 παρειὰν
861 5221 1091 5292 στρέψαι
1123 5223 1218 5275 καὶ
1240 5222 1340 5294 τὴν
1375 5224 1593 5294 ἑτέραν,
1628 5226 1857 5296 γένηται
1884 5226 1941 5280 δὲ

354 5312 389 5377 ἠ
426 5309 617 5380 πρώτη
646 5310 832 5382 πληγή
872 5311 1016 5366 οὕτω
1057 5310 1289 5383 βαρεῖα,
1328 5313 1403 5377 ὡς
1442 5314 1578 5384 μηδὲ
1612 5316 1938 5385 πλαγιάζειν

353 5401 504 5473 ἔχειν
536 5403 633 5472 τὴν
666 5402 861 5472 λοιπὴν
881 5444 896 5469 ,
924 5404 1018 5457 καὶ⁷
1044 5404 1073 5457 6
1121 5404 1352 5475 πληγεὶς
1380 5406 1536 5469 εἰδὼς
1577 5408 1673 5461 καὶ
1713 5410 1938 5480 μνήμην

355 5495 582 5565 ἔχων,ὂ
613 5496 809 5561 πάθοι,
859 5496 920 5550 οὐ
965 5496 1192 5566 στρέφει
1232 5498 1428 5551 ἑαυτὸν
1475 5500 1570 5553 καί
1614 5503 1694 5564 εἰς
1747 5502 1935 5571 ἕτερον

355 5589 589 5658 πλῆγμα
610 5630 624 5653 ,
658 5590 762 5660 ἤδη
798 5591 856 5643 δὲ
889 5592 984 5644 καὶ
1016 5592 1384 5665 ὐποῦρύχοιτο
1420 5595 1694 5660 στενάζων
1723 5596 1801 5667 τῷ
1833 5595 1929 5665 βα-

355 5680 703 5752 ρυαλγήματι
729 5698 742 5712 ·
788 5682 1021 5753 εἴπομεν
1071 5683 1137 5737 ἂν
1190 5687 1402 5739 ἐκεῖνον
1446 5687 1799 5758 ἁμαρτωλὸν,
1856 5689 1933 5753 ὡς

318 5770 552 5833 εἰδότα.
609 5771 638 5826 6
691 5774 917 5843 πάσχει,
948 5774 1044 5826 καὶ
1085 5773 1230 5829 οὕτω
1284 5779 1658 5849 μνησίκακον;
1716 5781 1755 5834 Γ
1759 5783 1930 5835 ελοῖον

352 5865 413 5917 τὸ
438 5864 671 5934 πρᾶγμα
699 5867 791 5919 καὶ
822 5864 1079 5935 ὁρισμός.

2050 4678 2755 4734 noveruutaccusatorcm,
2787 4683 2817 4721 e
2849 4667 2979 4722 sella
3023 4682 3274 4736 surgere,
3323 4665 3406 4719 vel
3453 4664 3624 4721 ιιπίιιιιτ

2049 4762 2136 4815 nal
2165 4761 2417 4816 deserere
2451 4771 2501 4812 et
2536 4759 2812 4823 recedere,
2843 4757 2927 4812 vel
2978 4759 3048 4813 ob
3086 4758 3341 4811 vindictas
3380 4756 3622 4810 animant

2048 4856 2415 4911 condemnare
2455 4855 2752 4922 hominem,
2781 4854 2927 4924 quod
2965 4853 3271 4908 vexationis
3304 4853 3623 4908 recordatus

2047 4950 2193 5003 venit
2225 4964 2322 5018 per
2353 4947 2644 5002 arbitrium
2682 4948 2813 5014 legis
2846 4947 2973 5001 mali
3018 4948 3218 5001 nodum
3256 4946 3538 5002 soluturus
3565 4951 3622 4999 et

2044 5042 2270 5113 pacificc
2305 5040 2678 5099 discussurus.
2712 5038 2818 5093 Sed
2853 5045 2906 5093 et
2931 5037 2975 5091 si
3025 5036 3266 5111 divinum
3296 5037 3623 5107 subjiciatur

2044 5134 2382 5197 inlaudatum,
2415 5130 2557 5198 quod
2589 5129 2785 5199 aliquis
2824 5132 2875 5183 in
2907 5129 3177 5183 maxillam
3204 5143 3498 5199 percussus
3525 5131 3615 5182 de-

2044 5224 2168 5278 beat
2202 5231 2254 5277 et
2288 5224 2448 5277 aliam
2480 5221 2739 5287 praebere,
2775 5220 2869 5275 liat
2901 5229 3079 5274 autem
3125 5221 3296 5290 prima
3334 5219 3620 5289 percussio

2043 5327 2147 5369 tam
2169 5315 2370 5386 gravis,
2398 5323 2456 5368 ut
2485 5312 2820 5383 impossibile
2843 5312 2909 5366 sit
2937 5312 3159 5368 alteram
3192 5314 3617 5367 vcrteremaxtl-

2037 5409 2171 5478 lam,
2201 5418 2254 5464 et
2312 5425 2607 5481 percussus
2662 5409 2850 5461 videns
2908 5417 2962 5461 et
3014 5411 3331 5462 memoriam
3382 5400 3615 5463 habens.

2038 5502 2180 5570 quod
2218 5515 2413 5570 passus
2441 5500 2534 5564 sit,
2564 5513 2671 5552 non
2703 5511 2763 5552 se
2780 5504 3065 5552 convertat
3099 5495 3163 5550 ad
3193 5496 3353 5550 aliam
3389 5511 3615 5565 percus-

2037 5609 2248 5659 suram,
2264 5593 2375 5663 jam
2395 5607 2525 5646 vero
2552 5592 2961 5645 submurmurat
2984 5590 3136 5659 gravi
3160 5579 3345 5645 dolore
3363 5605 3609 5661 gemens,

2035 5687 2324 5742 dicendum
2355 5684 2510 5738 nobis
2536 5685 2663 5747 erit,
2693 5682 2845 5738 illum
2870 5690 3239 5750 peccatoretn,
3274 5684 3427 5752 quasi
3464 5682 3608 5751 quod

2036 5778 2237 5846 patitur
2291 5777 2583 5843 scientem,
2654 5781 2709 5829 et
2773 5773 2853 5827 sic
2916 5771 3212 5828 simultatis
3272 5772 3611 5830 memorem!

2030 5870 2273 5929 Ridenda
2302 5879 2356 5929 et
2386 5878 2556 5935 reset
2588 5863 2849 5927 deﬁnitio.
