  <div class='ocr_page' id='page_1' title='image "/cluster/home/n/w/nwhite01/storage/ocr_20150623/136/coo.31924054870419/219.png"; bbox 0 0 4090 6430; ppageno 0'>
   <div class='ocr_carea' id='block_1_1' title="bbox 477 324 589 392">
    <p class='ocr_par' dir='ltr' id='par_1_1' title="bbox 477 324 589 392">
     <span class='ocr_line' id='line_1_1' title="bbox 477 324 589 392; baseline -0.018 0"><span class='ocrx_word' id='word_1_1' title='bbox 477 324 589 392; x_wconf 68' lang='lat'><strong>423</strong></span> 
     </span>
    </p>
   </div>
   <div class='ocr_carea' id='block_1_2' title="bbox 1155 324 2988 388">
    <p class='ocr_par' dir='ltr' id='par_1_2' title="bbox 1155 324 2988 388">
     <span class='ocr_line' id='line_1_2' title="bbox 1155 324 2988 388; baseline 0 -2"><span class='ocrx_word' id='word_1_2' title='bbox 1155 325 1576 388; x_wconf 82' lang='lat' dir='ltr'><strong>EUSTATHII</strong></span> <span class='ocrx_word' id='word_1_3' title='bbox 1617 324 2375 387; x_wconf 73' lang='lat' dir='ltr'><strong>THESSALONICENSIS</strong></span> <span class='ocrx_word' id='word_1_4' title='bbox 2414 324 2988 386; x_wconf 59' lang='lat' dir='ltr'><strong>METROPOLITHE</strong></span> 
     </span>
    </p>
   </div>
   <div class='ocr_carea' id='block_1_3' title="bbox 3637 321 3747 385">
    <p class='ocr_par' dir='ltr' id='par_1_3' title="bbox 3637 321 3747 385">
     <span class='ocr_line' id='line_1_3' title="bbox 3637 321 3747 385; baseline 0 -1"><span class='ocrx_word' id='word_1_5' title='bbox 3637 321 3747 385; x_wconf 71' lang='grc' dir='ltr'><strong>ιει</strong></span> 
     </span>
    </p>
   </div>
   <div class='ocr_carea' id='block_1_4' title="bbox 549 434 2078 514">
    <p class='ocr_par' dir='ltr' id='par_1_4' title="bbox 549 440 2047 513">
     <span class='ocr_line' id='line_1_4' title="bbox 549 440 2047 513; baseline -0.001 -15"><span class='ocrx_word' id='word_1_6' title='bbox 549 443 640 498; x_wconf 73' lang='lat'><strong>22.</strong></span> <span class='ocrx_word' id='word_1_7' title='bbox 681 440 950 499; x_wconf 80' lang='lat' dir='ltr'><strong>Praeterea</strong></span> <span class='ocrx_word' id='word_1_8' title='bbox 985 441 1085 509; x_wconf 82' lang='lat' dir='ltr'><strong>vir,</strong></span> <span class='ocrx_word' id='word_1_9' title='bbox 1120 442 1174 498; x_wconf 91' lang='lat' dir='ltr'><strong>in</strong></span> <span class='ocrx_word' id='word_1_10' title='bbox 1199 442 1494 513; x_wconf 80' lang='lat' dir='ltr'><strong>legitimum</strong></span> <span class='ocrx_word' id='word_1_11' title='bbox 1525 442 1833 512; x_wconf 74' lang='lat' dir='ltr'><strong>coniugium</strong></span> <span class='ocrx_word' id='word_1_12' title='bbox 1865 442 2047 497; x_wconf 81' lang='lat' dir='ltr'><strong>sciens</strong></span> 
     </span>
    </p>
   </div>
   <div class='ocr_carea' id='block_1_5' title="bbox 2180 434 3753 514">
    <p class='ocr_par' dir='ltr' id='par_1_5' title="bbox 2222 434 3753 514">
     <span class='ocr_line' id='line_1_5' title="bbox 2222 434 3753 514; baseline -0.007 -18"><span class='ocrx_word' id='word_1_13' title='bbox 2222 441 2328 512; x_wconf 83' lang='grc' dir='ltr'>κβ’.</span> <span class='ocrx_word' id='word_1_14' title='bbox 2356 442 2478 496; x_wconf 85' lang='grc' dir='ltr'><strong>Ἔτι</strong></span> <span class='ocrx_word' id='word_1_15' title='bbox 2509 441 2634 496; x_wconf 76' lang='grc' dir='ltr'>οὔτε</span> <span class='ocrx_word' id='word_1_16' title='bbox 2661 442 2829 514; x_wconf 74' lang='grc' dir='ltr'>ἀνὴρ,</span> <span class='ocrx_word' id='word_1_17' title='bbox 2861 442 2919 504; x_wconf 76' lang='grc' dir='ltr'><strong>ἐς</strong></span> <span class='ocrx_word' id='word_1_18' title='bbox 2947 439 3048 513; x_wconf 72' lang='grc' dir='ltr'><strong>τήν</strong></span> <span class='ocrx_word' id='word_1_19' title='bbox 3071 438 3300 507; x_wconf 78' lang='grc' dir='ltr'>ῐννομον</span> <span class='ocrx_word' id='word_1_20' title='bbox 3327 434 3597 503; x_wconf 75' lang='grc' dir='ltr'>συζυγίαν</span> <span class='ocrx_word' id='word_1_21' title='bbox 3627 434 3753 505; x_wconf 79' lang='grc' dir='ltr'>ηδι-</span> 
     </span>
    </p>
   </div>
   <div class='ocr_carea' id='block_1_6' title="bbox 481 533 2061 605">
    <p class='ocr_par' dir='ltr' id='par_1_6' title="bbox 481 533 2061 605">
     <span class='ocr_line' id='line_1_6' title="bbox 481 533 2061 605; baseline 0 -17"><span class='ocrx_word' id='word_1_22' title='bbox 481 550 603 589; x_wconf 83' lang='lat' dir='ltr'><strong>esse</strong></span> <span class='ocrx_word' id='word_1_23' title='bbox 636 544 912 604; x_wconf 79' lang='lat' dir='ltr'><strong>peccatum</strong></span> <span class='ocrx_word' id='word_1_24' title='bbox 943 577 958 600; x_wconf 91' lang='lat'><strong>,</strong></span> <span class='ocrx_word' id='word_1_25' title='bbox 988 549 1091 588; x_wconf 90' lang='lat' dir='ltr'><strong>non</strong></span> <span class='ocrx_word' id='word_1_26' title='bbox 1139 533 1517 601; x_wconf 76' lang='lat' dir='ltr'><strong>obliviscetur,</strong></span> <span class='ocrx_word' id='word_1_27' title='bbox 1578 543 1745 605; x_wconf 86' lang='lat' dir='ltr'><strong>puto,</strong></span> <span class='ocrx_word' id='word_1_28' title='bbox 1806 534 2061 603; x_wconf 77' lang='lat' dir='ltr'><strong>passione</strong></span> 
     </span>
    </p>
   </div>
   <div class='ocr_carea' id='block_1_7' title="bbox 481 624 2063 695">
    <p class='ocr_par' dir='ltr' id='par_1_7' title="bbox 481 624 2063 695">
     <span class='ocr_line' id='line_1_7' title="bbox 481 624 2063 695; baseline -0.001 -16"><span class='ocrx_word' id='word_1_29' title='bbox 481 624 745 679; x_wconf 78' lang='lat' dir='ltr'><strong>furentem</strong></span> <span class='ocrx_word' id='word_1_30' title='bbox 786 627 1012 691; x_wconf 83' lang='lat' dir='ltr'><strong>sociam,</strong></span> <span class='ocrx_word' id='word_1_31' title='bbox 1047 633 1100 679; x_wconf 84' lang='lat' dir='ltr'><strong>et</strong></span> <span class='ocrx_word' id='word_1_32' title='bbox 1126 627 1340 679; x_wconf 71' lang='lat' dir='ltr'><strong>modum</strong></span> <span class='ocrx_word' id='word_1_33' title='bbox 1378 640 1484 695; x_wconf 92' lang='lat' dir='ltr'><strong>quo</strong></span> <span class='ocrx_word' id='word_1_34' title='bbox 1507 624 1974 692; x_wconf 80' lang='lat' dir='ltr'><strong>ipsumtractavit,</strong></span> <span class='ocrx_word' id='word_1_35' title='bbox 2008 634 2063 677; x_wconf 85' lang='lat' dir='ltr'><strong>et</strong></span> 
     </span>
    </p>
   </div>
   <div class='ocr_carea' id='block_1_8' title="bbox 493 718 2062 788">
    <p class='ocr_par' dir='ltr' id='par_1_8' title="bbox 493 718 2062 788">
     <span class='ocr_line' id='line_1_8' title="bbox 493 718 2062 788; baseline 0.001 -15"><span class='ocrx_word' id='word_1_36' title='bbox 493 718 613 773; x_wconf 84' lang='lat' dir='ltr'><strong>ideo</strong></span> <span class='ocrx_word' id='word_1_37' title='bbox 637 718 875 780; x_wconf 83' lang='lat' dir='ltr'><strong>cavebit,</strong></span> <span class='ocrx_word' id='word_1_38' title='bbox 901 734 998 788; x_wconf 85' lang='lat' dir='ltr'><strong>per</strong></span> <span class='ocrx_word' id='word_1_39' title='bbox 1034 726 1199 772; x_wconf 82' lang='lat' dir='ltr'><strong>letam</strong></span> <span class='ocrx_word' id='word_1_40' title='bbox 1232 719 1394 773; x_wconf 84' lang='lat' dir='ltr'><strong>vitam</strong></span> <span class='ocrx_word' id='word_1_41' title='bbox 1431 733 1660 781; x_wconf 81' lang='lat' dir='ltr'><strong>memor,</strong></span> <span class='ocrx_word' id='word_1_42' title='bbox 1684 732 1750 772; x_wconf 90' lang='lat' dir='ltr'><strong>ne</strong></span> <span class='ocrx_word' id='word_1_43' title='bbox 1785 727 2062 774; x_wconf 83' lang='lat' dir='ltr'><strong>revertens</strong></span> 
     </span>
    </p>
   </div>
   <div class='ocr_carea' id='block_1_9' title="bbox 484 808 2065 880">
    <p class='ocr_par' dir='ltr' id='par_1_9' title="bbox 484 808 2065 880">
     <span class='ocr_line' id='line_1_9' title="bbox 484 808 2065 880; baseline 0 -18"><span class='ocrx_word' id='word_1_44' title='bbox 484 808 679 880; x_wconf 88' lang='lat' dir='ltr'><strong>iniquit</strong></span> <span class='ocrx_word' id='word_1_45' title='bbox 715 811 1049 868; x_wconf 52' lang='lat' dir='ltr'><strong>ssaiutarcm</strong></span> <span class='ocrx_word' id='word_1_46' title='bbox 1092 811 1393 879; x_wconf 79' lang='lat' dir='ltr'><strong>disrumpat</strong></span> <span class='ocrx_word' id='word_1_47' title='bbox 1433 809 1912 866; x_wconf 83' lang='lat' dir='ltr'><strong>discordiam.Ncc</strong></span> <span class='ocrx_word' id='word_1_48' title='bbox 1950 828 2065 864; x_wconf 77' lang='lat' dir='ltr'><strong>ma-</strong></span> 
     </span>
    </p>
   </div>
   <div class='ocr_carea' id='block_1_10' title="bbox 482 901 2059 970">
    <p class='ocr_par' dir='ltr' id='par_1_10' title="bbox 482 901 2059 970">
     <span class='ocr_line' id='line_1_10' title="bbox 482 901 2059 970; baseline 0.001 -16"><span class='ocrx_word' id='word_1_49' title='bbox 482 903 670 970; x_wconf 73' lang='lat' dir='ltr'><strong>gister,</strong></span> <span class='ocrx_word' id='word_1_50' title='bbox 704 917 803 958; x_wconf 89' lang='lat' dir='ltr'><strong>nec</strong></span> <span class='ocrx_word' id='word_1_51' title='bbox 836 901 1250 970; x_wconf 83' lang='lat' dir='ltr'><strong>paterfamilias.</strong></span> <span class='ocrx_word' id='word_1_52' title='bbox 1290 903 1459 957; x_wconf 89' lang='lat' dir='ltr'><strong>malos</strong></span> <span class='ocrx_word' id='word_1_53' title='bbox 1492 901 1753 955; x_wconf 87' lang='lat' dir='ltr'><strong>habentes</strong></span> <span class='ocrx_word' id='word_1_54' title='bbox 1805 915 2059 969; x_wconf 88' lang='lat' dir='ltr'><strong>comper-</strong></span> 
     </span>
    </p>
   </div>
   <div class='ocr_carea' id='block_1_11' title="bbox 483 992 2062 1063">
    <p class='ocr_par' dir='ltr' id='par_1_11' title="bbox 483 992 2062 1063">
     <span class='ocr_line' id='line_1_11' title="bbox 483 992 2062 1063; baseline -0.003 -17"><span class='ocrx_word' id='word_1_55' title='bbox 483 1004 590 1060; x_wconf 90' lang='lat' dir='ltr'><strong>tos,</strong></span> <span class='ocrx_word' id='word_1_56' title='bbox 634 1010 772 1048; x_wconf 89' lang='lat' dir='ltr'><strong>unus</strong></span> <span class='ocrx_word' id='word_1_57' title='bbox 823 995 1042 1063; x_wconf 71' lang='lat' dir='ltr'><strong>quidem</strong></span> <span class='ocrx_word' id='word_1_58' title='bbox 1082 992 1408 1062; x_wconf 83' lang='lat' dir='ltr'><strong>discipulum</strong></span> <span class='ocrx_word' id='word_1_59' title='bbox 1436 1031 1453 1057; x_wconf 91' lang='lat'><strong>,</strong></span> <span class='ocrx_word' id='word_1_60' title='bbox 1485 992 1624 1046; x_wconf 89' lang='lat' dir='ltr'><strong>alter</strong></span> <span class='ocrx_word' id='word_1_61' title='bbox 1671 1000 1851 1045; x_wconf 81' lang='lat' dir='ltr'><strong>autem</strong></span> <span class='ocrx_word' id='word_1_62' title='bbox 1889 992 2062 1044; x_wconf 84' lang='lat' dir='ltr'><strong>almu-</strong></span> 
     </span>
    </p>
   </div>
   <div class='ocr_carea' id='block_1_12' title="bbox 480 1079 2063 1154">
    <p class='ocr_par' dir='ltr' id='par_1_12' title="bbox 480 1079 2063 1154">
     <span class='ocr_line' id='line_1_12' title="bbox 480 1079 2063 1154; baseline -0.004 -16"><span class='ocrx_word' id='word_1_63' title='bbox 480 1099 608 1138; x_wconf 87' lang='lat' dir='ltr'><strong>num</strong></span> <span class='ocrx_word' id='word_1_64' title='bbox 644 1084 995 1154; x_wconf 76' lang='lat' dir='ltr'><strong>peccantibus</strong></span> <span class='ocrx_word' id='word_1_65' title='bbox 1012 1098 1109 1153; x_wconf 87' lang='lat' dir='ltr'><strong>per</strong></span> <span class='ocrx_word' id='word_1_66' title='bbox 1140 1082 1464 1137; x_wconf 86' lang='lat' dir='ltr'><strong>oblivionem</strong></span> <span class='ocrx_word' id='word_1_67' title='bbox 1494 1079 1708 1134; x_wconf 79' lang='lat' dir='ltr'><strong>veniam</strong></span> <span class='ocrx_word' id='word_1_68' title='bbox 1746 1079 1973 1141; x_wconf 85' lang='lat' dir='ltr'><strong>darent,</strong></span> <span class='ocrx_word' id='word_1_69' title='bbox 2012 1087 2063 1132; x_wconf 83' lang='lat' dir='ltr'><strong>ct</strong></span> 
     </span>
    </p>
   </div>
   <div class='ocr_carea' id='block_1_13' title="bbox 482 1168 2063 1243">
    <p class='ocr_par' dir='ltr' id='par_1_13' title="bbox 482 1168 2063 1243">
     <span class='ocr_line' id='line_1_13' title="bbox 482 1168 2063 1243; baseline -0.003 -16"><span class='ocrx_word' id='word_1_70' title='bbox 482 1183 628 1228; x_wconf 84' lang='lat' dir='ltr'><strong>certe</strong></span> <span class='ocrx_word' id='word_1_71' title='bbox 655 1190 755 1229; x_wconf 89' lang='lat' dir='ltr'><strong>nec</strong></span> <span class='ocrx_word' id='word_1_72' title='bbox 795 1174 897 1243; x_wconf 81' lang='lat' dir='ltr'><strong>ipsi</strong></span> <span class='ocrx_word' id='word_1_73' title='bbox 933 1175 1065 1228; x_wconf 91' lang='lat' dir='ltr'><strong>trito</strong></span> <span class='ocrx_word' id='word_1_74' title='bbox 1099 1172 1379 1228; x_wconf 67' lang='lat' dir='ltr'><strong>memoriae</strong></span> <span class='ocrx_word' id='word_1_75' title='bbox 1413 1170 1620 1233; x_wconf 90' lang='lat' dir='ltr'><strong>colore,</strong></span> <span class='ocrx_word' id='word_1_76' title='bbox 1651 1171 1751 1223; x_wconf 88' lang='lat' dir='ltr'><strong>sub</strong></span> <span class='ocrx_word' id='word_1_77' title='bbox 1787 1168 1912 1222; x_wconf 89' lang='lat' dir='ltr'><strong>mali</strong></span> <span class='ocrx_word' id='word_1_78' title='bbox 1948 1183 2063 1223; x_wconf 84' lang='lat' dir='ltr'><strong>me-</strong></span> 
     </span>
    </p>
   </div>
   <div class='ocr_carea' id='block_1_14' title="bbox 482 1263 2060 1337">
    <p class='ocr_par' dir='ltr' id='par_1_14' title="bbox 482 1263 2060 1337">
     <span class='ocr_line' id='line_1_14' title="bbox 482 1263 2060 1337; baseline -0.006 -17"><span class='ocrx_word' id='word_1_79' title='bbox 482 1283 696 1322; x_wconf 84' lang='lat' dir='ltr'><strong>morum</strong></span> <span class='ocrx_word' id='word_1_80' title='bbox 739 1268 1069 1337; x_wconf 82' lang='lat' dir='ltr'><strong>imaginihus</strong></span> <span class='ocrx_word' id='word_1_81' title='bbox 1107 1266 1494 1337; x_wconf 77' lang='lat' dir='ltr'><strong>pingerentur;</strong></span> <span class='ocrx_word' id='word_1_82' title='bbox 1524 1278 1712 1316; x_wconf 78' lang='lat' dir='ltr'><strong>verum</strong></span> <span class='ocrx_word' id='word_1_83' title='bbox 1751 1277 1892 1316; x_wconf 90' lang='lat' dir='ltr'><strong>unus</strong></span> <span class='ocrx_word' id='word_1_84' title='bbox 1937 1263 2060 1330; x_wconf 89' lang='lat' dir='ltr'><strong>qni-</strong></span> 
     </span>
    </p>
   </div>
   <div class='ocr_carea' id='block_1_15' title="bbox 482 1355 2065 1430">
    <p class='ocr_par' dir='ltr' id='par_1_15' title="bbox 482 1355 2065 1430">
     <span class='ocr_line' id='line_1_15' title="bbox 482 1355 2065 1430; baseline -0.003 -17"><span class='ocrx_word' id='word_1_85' title='bbox 482 1360 606 1415; x_wconf 89' lang='lat' dir='ltr'><strong>dem</strong></span> <span class='ocrx_word' id='word_1_86' title='bbox 641 1360 924 1414; x_wconf 83' lang='lat' dir='ltr'><strong>vocabitur</strong></span> <span class='ocrx_word' id='word_1_87' title='bbox 953 1359 1193 1430; x_wconf 81' lang='lat' dir='ltr'><strong>conjugii</strong></span> <span class='ocrx_word' id='word_1_88' title='bbox 1230 1357 1457 1421; x_wconf 77' lang='lat' dir='ltr'><strong>zelator,</strong></span> <span class='ocrx_word' id='word_1_89' title='bbox 1497 1357 1635 1413; x_wconf 89' lang='lat' dir='ltr'><strong>alius</strong></span> <span class='ocrx_word' id='word_1_90' title='bbox 1674 1363 1855 1410; x_wconf 72' lang='lat' dir='ltr'><strong>autem</strong></span> <span class='ocrx_word' id='word_1_91' title='bbox 1886 1355 2065 1409; x_wconf 83' lang='lat' dir='ltr'><strong>bonus</strong></span> 
     </span>
    </p>
   </div>
   <div class='ocr_carea' id='block_1_16' title="bbox 487 1446 2063 1522">
    <p class='ocr_par' dir='ltr' id='par_1_16' title="bbox 487 1446 2063 1522">
     <span class='ocr_line' id='line_1_16' title="bbox 487 1446 2063 1522; baseline -0.003 -17"><span class='ocrx_word' id='word_1_92' title='bbox 487 1452 767 1522; x_wconf 75' lang='lat' dir='ltr'><strong>magister,</strong></span> <span class='ocrx_word' id='word_1_93' title='bbox 807 1462 864 1506; x_wconf 89' lang='lat' dir='ltr'><strong>et</strong></span> <span class='ocrx_word' id='word_1_94' title='bbox 894 1452 1029 1505; x_wconf 89' lang='lat' dir='ltr'><strong>alter</strong></span> <span class='ocrx_word' id='word_1_95' title='bbox 1061 1452 1299 1521; x_wconf 89' lang='lat' dir='ltr'><strong>prudens</strong></span> <span class='ocrx_word' id='word_1_96' title='bbox 1347 1465 1559 1513; x_wconf 84' lang='lat' dir='ltr'><strong>eorum,</strong></span> <span class='ocrx_word' id='word_1_97' title='bbox 1598 1463 1829 1518; x_wconf 90' lang='lat' dir='ltr'><strong>quorum</strong></span> <span class='ocrx_word' id='word_1_98' title='bbox 1887 1446 2063 1500; x_wconf 88' lang='lat' dir='ltr'><strong>admi-</strong></span> 
     </span>
    </p>
   </div>
   <div class='ocr_carea' id='block_1_17' title="bbox 486 1539 2066 1607">
    <p class='ocr_par' dir='ltr' id='par_1_17' title="bbox 486 1539 2066 1607">
     <span class='ocr_line' id='line_1_17' title="bbox 486 1539 2066 1607; baseline 0 -14"><span class='ocrx_word' id='word_1_99' title='bbox 486 1543 862 1596; x_wconf 79' lang='lat' dir='ltr'><strong>nistrationem</strong></span> <span class='ocrx_word' id='word_1_100' title='bbox 916 1542 1102 1607; x_wconf 84' lang='lat' dir='ltr'><strong>habet,</strong></span> <span class='ocrx_word' id='word_1_101' title='bbox 1151 1554 1485 1596; x_wconf 74' lang='lat' dir='ltr'><strong>reconomus.</strong></span> <span class='ocrx_word' id='word_1_102' title='bbox 1516 1539 1711 1594; x_wconf 85' lang='lat' dir='ltr'><strong>Eadem</strong></span> <span class='ocrx_word' id='word_1_103' title='bbox 1741 1553 1870 1592; x_wconf 84' lang='lat' dir='ltr'><strong>vero</strong></span> <span class='ocrx_word' id='word_1_104' title='bbox 1905 1539 2066 1606; x_wconf 80' lang='lat' dir='ltr'><strong>plane</strong></span> 
     </span>
    </p>
   </div>
   <div class='ocr_carea' id='block_1_18' title="bbox 487 1630 2068 1704">
    <p class='ocr_par' dir='ltr' id='par_1_18' title="bbox 487 1630 2068 1704">
     <span class='ocr_line' id='line_1_18' title="bbox 487 1630 2068 1704; baseline -0.002 -17"><span class='ocrx_word' id='word_1_105' title='bbox 487 1633 699 1688; x_wconf 88' lang='lat' dir='ltr'><strong>ratione</strong></span> <span class='ocrx_word' id='word_1_106' title='bbox 759 1634 937 1689; x_wconf 83' lang='lat' dir='ltr'><strong>viator</strong></span> <span class='ocrx_word' id='word_1_107' title='bbox 967 1632 1058 1704; x_wconf 91' lang='lat' dir='ltr'><strong>qui</strong></span> <span class='ocrx_word' id='word_1_108' title='bbox 1090 1649 1310 1702; x_wconf 83' lang='lat' dir='ltr'><strong>pravqu</strong></span> <span class='ocrx_word' id='word_1_109' title='bbox 1342 1631 1552 1686; x_wconf 87' lang='lat' dir='ltr'><strong>itineris</strong></span> <span class='ocrx_word' id='word_1_110' title='bbox 1580 1632 1834 1687; x_wconf 88' lang='lat' dir='ltr'><strong>comitem</strong></span> <span class='ocrx_word' id='word_1_111' title='bbox 1864 1630 2068 1684; x_wconf 84' lang='lat' dir='ltr'><strong>invenit</strong></span> 
     </span>
    </p>
   </div>
   <div class='ocr_carea' id='block_1_19' title="bbox 2164 523 3753 605">
    <p class='ocr_par' dir='ltr' id='par_1_19' title="bbox 2164 523 3753 605">
     <span class='ocr_line' id='line_1_19' title="bbox 2164 523 3753 605; baseline -0.008 -16"><span class='ocrx_word' id='word_1_112' title='bbox 2164 535 2371 605; x_wconf 83' lang='grc' dir='ltr'>κῆσθαι</span> <span class='ocrx_word' id='word_1_113' title='bbox 2416 534 2595 598; x_wconf 80' lang='grc' dir='ltr'>εἰδὼς,</span> <span class='ocrx_word' id='word_1_114' title='bbox 2641 533 2864 587; x_wconf 84' lang='grc' dir='ltr'>λάθοιτο</span> <span class='ocrx_word' id='word_1_115' title='bbox 2903 532 2972 587; x_wconf 85' lang='grc' dir='ltr'>ἂν</span> <span class='ocrx_word' id='word_1_116' title='bbox 3015 533 3114 602; x_wconf 79' lang='grc' dir='ltr'>τῆς</span> <span class='ocrx_word' id='word_1_117' title='bbox 3154 528 3554 599; x_wconf 74' lang='grc' dir='ltr'>οῑστροπλῆγος</span> <span class='ocrx_word' id='word_1_118' title='bbox 3596 523 3753 596; x_wconf 80' lang='grc' dir='ltr'>οἶμαι</span> 
     </span>
    </p>
   </div>
   <div class='ocr_carea' id='block_1_20' title="bbox 2163 617 3754 699">
    <p class='ocr_par' dir='ltr' id='par_1_20' title="bbox 2163 617 3754 699">
     <span class='ocr_line' id='line_1_20' title="bbox 2163 617 3754 699; baseline -0.008 -16"><span class='ocrx_word' id='word_1_119' title='bbox 2163 629 2450 699; x_wconf 85' lang='grc' dir='ltr'>συννόμου.</span> <span class='ocrx_word' id='word_1_120' title='bbox 2479 626 2566 682; x_wconf 76' lang='grc' dir='ltr'>οἷα</span> <span class='ocrx_word' id='word_1_121' title='bbox 2589 630 2796 682; x_wconf 74' lang='grc' dir='ltr'>ἐκεῖνον</span> <span class='ocrx_word' id='word_1_122' title='bbox 2814 627 3025 682; x_wconf 79' lang='grc' dir='ltr'>διέθετο</span> <span class='ocrx_word' id='word_1_123' title='bbox 3048 642 3061 656; x_wconf 77' lang='grc' dir='ltr'><strong><em>ο</em></strong></span> <span class='ocrx_word' id='word_1_124' title='bbox 3085 624 3174 693; x_wconf 77' lang='grc' dir='ltr'><strong>ἐφ’</strong></span> <span class='ocrx_word' id='word_1_125' title='bbox 3203 617 3283 686; x_wconf 73' lang='grc' dir='ltr'>οἷς</span> <span class='ocrx_word' id='word_1_126' title='bbox 3302 623 3399 677; x_wconf 73' lang='grc' dir='ltr'><strong>καὶ</strong></span> <span class='ocrx_word' id='word_1_127' title='bbox 3423 620 3754 690; x_wconf 80' lang='grc' dir='ltr'><strong>φυλάττοιτο</strong></span> 
     </span>
    </p>
   </div>
   <div class='ocr_carea' id='block_1_21' title="bbox 2162 708 3757 789">
    <p class='ocr_par' dir='ltr' id='par_1_21' title="bbox 2162 708 3757 789">
     <span class='ocr_line' id='line_1_21' title="bbox 2162 708 3757 789; baseline -0.008 -17"><span class='ocrx_word' id='word_1_128' title='bbox 2162 719 2248 784; x_wconf 83' lang='grc' dir='ltr'><strong>ἂν,</strong></span> <span class='ocrx_word' id='word_1_129' title='bbox 2286 718 2637 789; x_wconf 79' lang='grc' dir='ltr'><strong>μεμνημένος</strong></span> <span class='ocrx_word' id='word_1_130' title='bbox 2666 716 2755 771; x_wconf 82' lang='grc' dir='ltr'><strong>διὰ</strong></span> <span class='ocrx_word' id='word_1_131' title='bbox 2785 717 2904 787; x_wconf 85' lang='grc' dir='ltr'>βίου</span> <span class='ocrx_word' id='word_1_132' title='bbox 2937 715 3161 779; x_wconf 70' lang='grc' dir='ltr'>παντὸς,</span> <span class='ocrx_word' id='word_1_133' title='bbox 3206 714 3281 784; x_wconf 83' lang='grc' dir='ltr'>μὴ</span> <span class='ocrx_word' id='word_1_134' title='bbox 3313 713 3407 766; x_wconf 74' lang='grc' dir='ltr'>καὶ</span> <span class='ocrx_word' id='word_1_135' title='bbox 3438 708 3757 778; x_wconf 83' lang='grc' dir='ltr'>ἀνακυκλή-</span> 
     </span>
    </p>
   </div>
   <div class='ocr_carea' id='block_1_22' title="bbox 2166 800 3755 880">
    <p class='ocr_par' dir='ltr' id='par_1_22' title="bbox 2166 800 3755 880">
     <span class='ocr_line' id='line_1_22' title="bbox 2166 800 3755 880; baseline -0.006 -18"><span class='ocrx_word' id='word_1_136' title='bbox 2166 828 2308 864; x_wconf 77' lang='grc' dir='ltr'>σασα</span> <span class='ocrx_word' id='word_1_137' title='bbox 2352 811 2385 880; x_wconf 86' lang='grc' dir='ltr'><strong>ή</strong></span> <span class='ocrx_word' id='word_1_138' title='bbox 2433 809 2599 864; x_wconf 84' lang='grc' dir='ltr'>κακία</span> <span class='ocrx_word' id='word_1_139' title='bbox 2644 808 2902 879; x_wconf 80' lang='grc' dir='ltr'>διαζεύξῃ</span> <span class='ocrx_word' id='word_1_140' title='bbox 2943 808 3045 877; x_wconf 85' lang='grc' dir='ltr'><strong>τὴν</strong></span> <span class='ocrx_word' id='word_1_141' title='bbox 3084 806 3258 876; x_wconf 79' lang='grc' dir='ltr'>καλὴν</span> <span class='ocrx_word' id='word_1_142' title='bbox 3295 804 3586 876; x_wconf 79' lang='grc' dir='ltr'>ἁρμονίαν.</span> <span class='ocrx_word' id='word_1_143' title='bbox 3621 800 3755 855; x_wconf 76' lang='grc' dir='ltr'>Οὖτ’</span> 
     </span>
    </p>
   </div>
   <div class='ocr_carea' id='block_1_23' title="bbox 2163 894 3753 971">
    <p class='ocr_par' dir='ltr' id='par_1_23' title="bbox 2163 894 3753 971">
     <span class='ocr_line' id='line_1_23' title="bbox 2163 894 3753 971; baseline -0.007 -15"><span class='ocrx_word' id='word_1_144' title='bbox 2163 902 2231 956; x_wconf 72' lang='grc' dir='ltr'><strong>ἂν</strong></span> <span class='ocrx_word' id='word_1_145' title='bbox 2264 902 2607 965; x_wconf 84' lang='grc' dir='ltr'>διδάσκαλος,</span> <span class='ocrx_word' id='word_1_146' title='bbox 2639 900 2760 954; x_wconf 80' lang='grc' dir='ltr'>οὐδὲ</span> <span class='ocrx_word' id='word_1_147' title='bbox 2792 899 2900 971; x_wconf 84' lang='grc' dir='ltr'>μὴν</span> <span class='ocrx_word' id='word_1_148' title='bbox 2927 899 3336 967; x_wconf 77' lang='grc' dir='ltr'>οἰκοδεσπότης,</span> <span class='ocrx_word' id='word_1_149' title='bbox 3364 898 3569 959; x_wconf 76' lang='grc' dir='ltr'>κακοὺς</span> <span class='ocrx_word' id='word_1_150' title='bbox 3599 894 3753 958; x_wconf 75' lang='grc' dir='ltr'>ἐξευ-</span> 
     </span>
    </p>
   </div>
   <div class='ocr_carea' id='block_1_24' title="bbox 2165 988 3751 1068">
    <p class='ocr_par' dir='ltr' id='par_1_24' title="bbox 2165 988 3751 1068">
     <span class='ocr_line' id='line_1_24' title="bbox 2165 988 3751 1068; baseline -0.008 -19"><span class='ocrx_word' id='word_1_151' title='bbox 2165 996 2431 1068; x_wconf 86' lang='grc' dir='ltr'>ρηκότες,</span> <span class='ocrx_word' id='word_1_152' title='bbox 2459 995 2487 1048; x_wconf 93' lang='lat'><strong>6</strong></span> <span class='ocrx_word' id='word_1_153' title='bbox 2521 994 2621 1065; x_wconf 78' lang='grc' dir='ltr'>μὲν</span> <span class='ocrx_word' id='word_1_154' title='bbox 2651 994 2745 1047; x_wconf 80' lang='grc' dir='ltr'><strong>τὸν</strong></span> <span class='ocrx_word' id='word_1_155' title='bbox 2778 992 3108 1062; x_wconf 80' lang='grc' dir='ltr'>μυούμενον,</span> <span class='ocrx_word' id='word_1_156' title='bbox 3136 993 3164 1044; x_wconf 98' lang='lat'><strong>6</strong></span> <span class='ocrx_word' id='word_1_157' title='bbox 3190 990 3246 1042; x_wconf 82' lang='grc' dir='ltr'><strong>δὲ</strong></span> <span class='ocrx_word' id='word_1_158' title='bbox 3268 988 3361 1041; x_wconf 74' lang='grc' dir='ltr'>τὸν</span> <span class='ocrx_word' id='word_1_159' title='bbox 3389 988 3751 1059; x_wconf 74' lang='grc' dir='ltr'>τρεφόμενον,</span> 
     </span>
    </p>
   </div>
   <div class='ocr_carea' id='block_1_25' title="bbox 2163 1078 3755 1158">
    <p class='ocr_par' dir='ltr' id='par_1_25' title="bbox 2163 1078 3755 1158">
     <span class='ocr_line' id='line_1_25' title="bbox 2163 1078 3755 1158; baseline -0.007 -17"><span class='ocrx_word' id='word_1_160' title='bbox 2163 1087 2422 1158; x_wconf 76' lang='grc' dir='ltr'>ἀμελοῖεν</span> <span class='ocrx_word' id='word_1_161' title='bbox 2460 1087 2526 1140; x_wconf 73' lang='grc' dir='ltr'>ἂν</span> <span class='ocrx_word' id='word_1_162' title='bbox 2564 1087 2737 1155; x_wconf 85' lang='grc' dir='ltr'>λήθης</span> <span class='ocrx_word' id='word_1_163' title='bbox 2772 1086 2920 1156; x_wconf 83' lang='grc' dir='ltr'>λόγῳ</span> <span class='ocrx_word' id='word_1_164' title='bbox 2957 1084 3068 1137; x_wconf 88' lang='grc' dir='ltr'>τῶν</span> <span class='ocrx_word' id='word_1_165' title='bbox 3104 1079 3579 1152; x_wconf 81' lang='grc' dir='ltr'>πλημμελούντων</span> <span class='ocrx_word' id='word_1_166' title='bbox 3606 1095 3620 1110; x_wconf 77' lang='grc' dir='ltr'><strong><em>ο</em></strong></span> <span class='ocrx_word' id='word_1_167' title='bbox 3656 1078 3755 1131; x_wconf 79' lang='grc' dir='ltr'>καὶ</span> 
     </span>
    </p>
   </div>
   <div class='ocr_carea' id='block_1_26' title="bbox 2163 1171 3753 1251">
    <p class='ocr_par' dir='ltr' id='par_1_26' title="bbox 2163 1171 3753 1251">
     <span class='ocr_line' id='line_1_26' title="bbox 2163 1171 3753 1251; baseline -0.008 -17"><span class='ocrx_word' id='word_1_168' title='bbox 2163 1181 2265 1235; x_wconf 81' lang='grc' dir='ltr'><strong>οὑκ</strong></span> <span class='ocrx_word' id='word_1_169' title='bbox 2295 1180 2395 1251; x_wconf 78' lang='grc' dir='ltr'>ήδη</span> <span class='ocrx_word' id='word_1_170' title='bbox 2427 1179 2537 1233; x_wconf 78' lang='grc' dir='ltr'><strong>οὐδ’</strong></span> <span class='ocrx_word' id='word_1_171' title='bbox 2568 1179 2760 1243; x_wconf 76' lang='grc' dir='ltr'>αὐτοὶ,</span> <span class='ocrx_word' id='word_1_172' title='bbox 2795 1175 3283 1248; x_wconf 74' lang='grc' dir='ltr'>παρατριϐομένου</span> <span class='ocrx_word' id='word_1_173' title='bbox 3310 1172 3405 1226; x_wconf 80' lang='grc' dir='ltr'>τοῦ</span> <span class='ocrx_word' id='word_1_174' title='bbox 3443 1171 3585 1225; x_wconf 74' lang='grc' dir='ltr'><strong>κατὰ</strong></span> <span class='ocrx_word' id='word_1_175' title='bbox 3613 1172 3753 1239; x_wconf 85' lang='grc' dir='ltr'>μνή-</span> 
     </span>
    </p>
   </div>
   <div class='ocr_carea' id='block_1_27' title="bbox 2168 1265 3756 1343">
    <p class='ocr_par' dir='ltr' id='par_1_27' title="bbox 2168 1265 3756 1343">
     <span class='ocr_line' id='line_1_27' title="bbox 2168 1265 3756 1343; baseline -0.006 -18"><span class='ocrx_word' id='word_1_176' title='bbox 2168 1290 2276 1343; x_wconf 93' lang='grc' dir='ltr'><strong>μην</strong></span> <span class='ocrx_word' id='word_1_177' title='bbox 2337 1271 2628 1342; x_wconf 78' lang='grc' dir='ltr'>χρώματος</span> <span class='ocrx_word' id='word_1_178' title='bbox 2661 1312 2676 1336; x_wconf 95' lang='grc'><strong>,</strong></span> <span class='ocrx_word' id='word_1_179' title='bbox 2744 1271 3045 1339; x_wconf 67' lang='grc' dir='ltr'>γράφοιντο</span> <span class='ocrx_word' id='word_1_180' title='bbox 3101 1266 3167 1321; x_wconf 84' lang='grc' dir='ltr'><strong>ἂν</strong></span> <span class='ocrx_word' id='word_1_181' title='bbox 3230 1268 3311 1330; x_wconf 84' lang='grc' dir='ltr'><strong>είς</strong></span> <span class='ocrx_word' id='word_1_182' title='bbox 3389 1265 3756 1336; x_wconf 84' lang='grc' dir='ltr'>μνησικάκων</span> 
     </span>
    </p>
   </div>
   <div class='ocr_carea' id='block_1_28' title="bbox 2166 1356 3756 1433">
    <p class='ocr_par' dir='ltr' id='par_1_28' title="bbox 2166 1356 3756 1433">
     <span class='ocr_line' id='line_1_28' title="bbox 2166 1356 3756 1433; baseline -0.006 -17"><span class='ocrx_word' id='word_1_183' title='bbox 2166 1365 2403 1426; x_wconf 69' lang='grc' dir='ltr'>εἰκόνας.</span> <span class='ocrx_word' id='word_1_184' title='bbox 2448 1363 2587 1416; x_wconf 81' lang='grc' dir='ltr'>Ἀλλ’</span> <span class='ocrx_word' id='word_1_185' title='bbox 2616 1364 2643 1415; x_wconf 91' lang='lat'><strong>6</strong></span> <span class='ocrx_word' id='word_1_186' title='bbox 2676 1363 2773 1433; x_wconf 67' lang='grc' dir='ltr'>μὲν</span> <span class='ocrx_word' id='word_1_187' title='bbox 2806 1361 2962 1415; x_wconf 74' lang='grc' dir='ltr'>ἔσται</span> <span class='ocrx_word' id='word_1_188' title='bbox 2995 1358 3334 1429; x_wconf 87' lang='grc' dir='ltr'>καλούμενος</span> <span class='ocrx_word' id='word_1_189' title='bbox 3365 1356 3756 1425; x_wconf 78' lang='grc' dir='ltr'>φιλοσύζυγος,</span> 
     </span>
    </p>
   </div>
   <div class='ocr_carea' id='block_1_29' title="bbox 2165 1440 3760 1522">
    <p class='ocr_par' dir='ltr' id='par_1_29' title="bbox 2165 1440 3760 1522">
     <span class='ocr_line' id='line_1_29' title="bbox 2165 1440 3760 1522; baseline -0.006 -15"><span class='ocrx_word' id='word_1_190' title='bbox 2165 1454 2194 1507; x_wconf 90' lang='lat'><strong>6</strong></span> <span class='ocrx_word' id='word_1_191' title='bbox 2222 1454 2266 1507; x_wconf 81' lang='grc' dir='ltr'><strong>δ’</strong></span> <span class='ocrx_word' id='word_1_192' title='bbox 2301 1453 2504 1522; x_wconf 65' lang='grc' dir='ltr'>ἀγαθὸς</span> <span class='ocrx_word' id='word_1_193' title='bbox 2536 1453 2861 1516; x_wconf 75' lang='grc' dir='ltr'>διδάσκαλος</span> <span class='ocrx_word' id='word_1_194' title='bbox 2880 1493 2897 1519; x_wconf 94' lang='grc'><strong>,</strong></span> <span class='ocrx_word' id='word_1_195' title='bbox 2927 1455 2955 1506; x_wconf 89' lang='lat'><strong>6</strong></span> <span class='ocrx_word' id='word_1_196' title='bbox 2984 1452 3040 1505; x_wconf 80' lang='grc' dir='ltr'><strong>δὲ</strong></span> <span class='ocrx_word' id='word_1_197' title='bbox 3070 1450 3293 1513; x_wconf 67' lang='grc' dir='ltr'>συνετὸς</span> <span class='ocrx_word' id='word_1_198' title='bbox 3324 1449 3611 1517; x_wconf 83' lang='grc' dir='ltr'>οἰκονόμος</span> <span class='ocrx_word' id='word_1_199' title='bbox 3631 1486 3647 1510; x_wconf 89' lang='grc'><strong>,</strong></span> <span class='ocrx_word' id='word_1_200' title='bbox 3681 1440 3760 1499; x_wconf 78' lang='grc' dir='ltr'>ὧν</span> 
     </span>
    </p>
   </div>
   <div class='ocr_carea' id='block_1_30' title="bbox 2167 1537 3761 1615">
    <p class='ocr_par' dir='ltr' id='par_1_30' title="bbox 2167 1537 3761 1615">
     <span class='ocr_line' id='line_1_30' title="bbox 2167 1537 3761 1615; baseline -0.008 -12"><span class='ocrx_word' id='word_1_201' title='bbox 2167 1549 2555 1603; x_wconf 73' lang='grc' dir='ltr'>οἱκοδεσποτεῖ.</span> <span class='ocrx_word' id='word_1_202' title='bbox 2581 1547 2686 1599; x_wconf 80' lang='grc' dir='ltr'>Τὸν</span> <span class='ocrx_word' id='word_1_203' title='bbox 2708 1546 2763 1599; x_wconf 77' lang='grc' dir='ltr'><strong>δὲ</strong></span> <span class='ocrx_word' id='word_1_204' title='bbox 2786 1546 2974 1615; x_wconf 81' lang='grc' dir='ltr'>ὅμοιον</span> <span class='ocrx_word' id='word_1_205' title='bbox 3000 1543 3161 1612; x_wconf 89' lang='grc' dir='ltr'>λόγον</span> <span class='ocrx_word' id='word_1_206' title='bbox 3192 1544 3289 1596; x_wconf 71' lang='grc' dir='ltr'>καὶ</span> <span class='ocrx_word' id='word_1_207' title='bbox 3312 1540 3592 1610; x_wconf 77' lang='grc' dir='ltr'>ὁδοιπόρος</span> <span class='ocrx_word' id='word_1_208' title='bbox 3618 1537 3761 1608; x_wconf 78' lang='grc' dir='ltr'><strong>φαῦ-</strong></span> 
     </span>
    </p>
   </div>
   <div class='ocr_carea' id='block_1_31' title="bbox 2166 1632 3762 1708">
    <p class='ocr_par' dir='ltr' id='par_1_31' title="bbox 2166 1632 3762 1708">
     <span class='ocr_line' id='line_1_31' title="bbox 2166 1632 3762 1708; baseline -0.006 -15"><span class='ocrx_word' id='word_1_209' title='bbox 2166 1642 2257 1694; x_wconf 91' lang='grc' dir='ltr'><strong>λον</strong></span> <span class='ocrx_word' id='word_1_210' title='bbox 2283 1641 2404 1695; x_wconf 73' lang='grc' dir='ltr'><strong>ὀδοῦ</strong></span> <span class='ocrx_word' id='word_1_211' title='bbox 2436 1640 2695 1695; x_wconf 80' lang='grc' dir='ltr'>κοινωνὸν</span> <span class='ocrx_word' id='word_1_212' title='bbox 2735 1637 2977 1708; x_wconf 80' lang='grc' dir='ltr'>ἐξευρὼν</span> <span class='ocrx_word' id='word_1_213' title='bbox 2998 1678 3012 1702; x_wconf 97' lang='grc'><strong>,</strong></span> <span class='ocrx_word' id='word_1_214' title='bbox 3057 1637 3152 1690; x_wconf 73' lang='grc' dir='ltr'><strong>καὶ</strong></span> <span class='ocrx_word' id='word_1_215' title='bbox 3197 1636 3367 1705; x_wconf 70' lang='grc' dir='ltr'>συχνά</span> <span class='ocrx_word' id='word_1_216' title='bbox 3400 1632 3762 1703; x_wconf 61' lang='grc' dir='ltr'>ὑφορώμενος·</span> 
     </span>
    </p>
   </div>
   <div class='ocr_carea' id='block_1_32' title="bbox 486 1723 2078 1821">
    <p class='ocr_par' dir='ltr' id='par_1_32' title="bbox 486 1723 2064 1795">
     <span class='ocr_line' id='line_1_32' title="bbox 486 1723 2064 1795; baseline -0.002 -16"><span class='ocrx_word' id='word_1_217' title='bbox 486 1739 721 1795; x_wconf 86' lang='lat' dir='ltr'><strong>eumque</strong></span> <span class='ocrx_word' id='word_1_218' title='bbox 746 1726 818 1781; x_wconf 93' lang='lat' dir='ltr'><strong>ob</strong></span> <span class='ocrx_word' id='word_1_219' title='bbox 850 1726 980 1780; x_wconf 88' lang='lat' dir='ltr'><strong>illud</strong></span> <span class='ocrx_word' id='word_1_220' title='bbox 1008 1726 1337 1794; x_wconf 82' lang='lat' dir='ltr'><strong>suspicatur,</strong></span> <span class='ocrx_word' id='word_1_221' title='bbox 1365 1725 1603 1793; x_wconf 86' lang='lat' dir='ltr'><strong>prudens</strong></span> <span class='ocrx_word' id='word_1_222' title='bbox 1634 1723 1900 1780; x_wconf 87' lang='lat' dir='ltr'><strong>dicendus</strong></span> <span class='ocrx_word' id='word_1_223' title='bbox 1938 1723 2064 1787; x_wconf 86' lang='lat' dir='ltr'><strong>erit,</strong></span> 
     </span>
    </p>
   </div>
   <div class='ocr_carea' id='block_1_33' title="bbox 2180 1723 3756 1821">
    <p class='ocr_par' dir='ltr' id='par_1_33' title="bbox 2180 1726 3756 1802">
     <span class='ocr_line' id='line_1_33' title="bbox 2180 1726 3756 1802; baseline -0.007 -14"><span class='ocrx_word' id='word_1_224' title='bbox 2180 1734 2261 1788; x_wconf 74' lang='grc' dir='ltr'>τὸν</span> <span class='ocrx_word' id='word_1_225' title='bbox 2288 1734 2458 1802; x_wconf 79' lang='grc' dir='ltr'>ἄνδρα</span> <span class='ocrx_word' id='word_1_226' title='bbox 2476 1732 2617 1786; x_wconf 79' lang='grc' dir='ltr'><strong>κατᾶ</strong></span> <span class='ocrx_word' id='word_1_227' title='bbox 2642 1734 2889 1802; x_wconf 80' lang='grc' dir='ltr'>μνήμην,</span> <span class='ocrx_word' id='word_1_228' title='bbox 2917 1728 3168 1800; x_wconf 70' lang='grc' dir='ltr'>ἐχέφρων</span> <span class='ocrx_word' id='word_1_229' title='bbox 3195 1729 3260 1781; x_wconf 83' lang='grc' dir='ltr'>ἂν</span> <span class='ocrx_word' id='word_1_230' title='bbox 3289 1728 3531 1791; x_wconf 76' lang='grc' dir='ltr'>καλοῖτο,</span> <span class='ocrx_word' id='word_1_231' title='bbox 3567 1726 3663 1779; x_wconf 77' lang='grc' dir='ltr'>καὶ</span> <span class='ocrx_word' id='word_1_232' title='bbox 3693 1726 3756 1778; x_wconf 85' lang='grc' dir='ltr'><strong>οὑ</strong></span> 
     </span>
    </p>
   </div>
   <div class='ocr_carea' id='block_1_34' title="bbox 492 1818 2066 1886">
    <p class='ocr_par' dir='ltr' id='par_1_34' title="bbox 492 1818 2066 1886">
     <span class='ocr_line' id='line_1_34' title="bbox 492 1818 2066 1886; baseline 0 -17"><span class='ocrx_word' id='word_1_233' title='bbox 492 1833 596 1870; x_wconf 91' lang='lat' dir='ltr'><strong>non</strong></span> <span class='ocrx_word' id='word_1_234' title='bbox 649 1818 776 1872; x_wconf 87' lang='lat' dir='ltr'><strong>mali</strong></span> <span class='ocrx_word' id='word_1_235' title='bbox 817 1835 1047 1875; x_wconf 90' lang='lat' dir='ltr'><strong>memor.</strong></span> <span class='ocrx_word' id='word_1_236' title='bbox 1092 1819 1358 1874; x_wconf 82' lang='lat' dir='ltr'><strong>Mercator</strong></span> <span class='ocrx_word' id='word_1_237' title='bbox 1387 1829 1568 1872; x_wconf 90' lang='lat' dir='ltr'><strong>autem</strong></span> <span class='ocrx_word' id='word_1_238' title='bbox 1619 1819 1709 1886; x_wconf 88' lang='lat' dir='ltr'><strong>qui</strong></span> <span class='ocrx_word' id='word_1_239' title='bbox 1758 1826 2066 1871; x_wconf 87' lang='lat' dir='ltr'><strong>consortem</strong></span> 
     </span>
    </p>
   </div>
   <div class='ocr_carea' id='block_1_35' title="bbox 491 1912 2074 1983">
    <p class='ocr_par' dir='ltr' id='par_1_35' title="bbox 491 1912 2074 1983">
     <span class='ocr_line' id='line_1_35' title="bbox 491 1912 2074 1983; baseline 0.003 -22"><span class='ocrx_word' id='word_1_240' title='bbox 491 1921 832 1979; x_wconf 88' lang='lat' dir='ltr'><strong>assumptum</strong></span> <span class='ocrx_word' id='word_1_241' title='bbox 862 1914 1129 1983; x_wconf 88' lang='lat' dir='ltr'><strong>comperit</strong></span> <span class='ocrx_word' id='word_1_242' title='bbox 1162 1912 1361 1967; x_wconf 91' lang='lat' dir='ltr'><strong>bonum</strong></span> <span class='ocrx_word' id='word_1_243' title='bbox 1392 1927 1679 1968; x_wconf 83' lang='lat' dir='ltr'><strong>commune</strong></span> <span class='ocrx_word' id='word_1_244' title='bbox 1707 1912 1894 1967; x_wconf 78' lang='lat' dir='ltr'><strong>furtim</strong></span> <span class='ocrx_word' id='word_1_245' title='bbox 1919 1926 2074 1966; x_wconf 79' lang='lat' dir='ltr'><strong>exsu-</strong></span> 
     </span>
    </p>
   </div>
   <div class='ocr_carea' id='block_1_36' title="bbox 489 2002 2071 2072">
    <p class='ocr_par' dir='ltr' id='par_1_36' title="bbox 489 2002 2071 2072">
     <span class='ocr_line' id='line_1_36' title="bbox 489 2002 2071 2072; baseline 0.004 -21"><span class='ocrx_word' id='word_1_246' title='bbox 489 2008 738 2066; x_wconf 83' lang='lat' dir='ltr'><strong>gentem,</strong></span> <span class='ocrx_word' id='word_1_247' title='bbox 786 2003 965 2070; x_wconf 74' lang='lat' dir='ltr'><strong>arguit</strong></span> <span class='ocrx_word' id='word_1_248' title='bbox 1003 2017 1067 2058; x_wconf 91' lang='lat' dir='ltr'><strong>ac</strong></span> <span class='ocrx_word' id='word_1_249' title='bbox 1117 2005 1435 2072; x_wconf 76' lang='lat' dir='ltr'><strong>exprobrat,</strong></span> <span class='ocrx_word' id='word_1_250' title='bbox 1468 2002 1683 2070; x_wconf 84' lang='lat' dir='ltr'><strong>sibique</strong></span> <span class='ocrx_word' id='word_1_251' title='bbox 1727 2012 1923 2067; x_wconf 86' lang='lat' dir='ltr'><strong>cavet;</strong></span> <span class='ocrx_word' id='word_1_252' title='bbox 1976 2002 2071 2057; x_wconf 88' lang='lat' dir='ltr'><strong>sed</strong></span> 
     </span>
    </p>
   </div>
   <div class='ocr_carea' id='block_1_37' title="bbox 490 2093 2070 2151">
    <p class='ocr_par' dir='ltr' id='par_1_37' title="bbox 490 2093 2070 2151">
     <span class='ocr_line' id='line_1_37' title="bbox 490 2093 2070 2151; baseline 0.003 -8"><span class='ocrx_word' id='word_1_253' title='bbox 490 2105 598 2144; x_wconf 87' lang='lat' dir='ltr'><strong>non</strong></span> <span class='ocrx_word' id='word_1_254' title='bbox 630 2093 694 2145; x_wconf 89' lang='lat' dir='ltr'><strong>de</strong></span> <span class='ocrx_word' id='word_1_255' title='bbox 731 2093 940 2149; x_wconf 88' lang='lat' dir='ltr'><strong>ultione</strong></span> <span class='ocrx_word' id='word_1_256' title='bbox 973 2097 1242 2149; x_wconf 87' lang='lat' dir='ltr'><strong>notandus</strong></span> <span class='ocrx_word' id='word_1_257' title='bbox 1287 2104 1393 2151; x_wconf 87' lang='lat' dir='ltr'><strong>est.</strong></span> <span class='ocrx_word' id='word_1_258' title='bbox 1427 2093 1692 2149; x_wconf 87' lang='lat' dir='ltr'><strong>Novimus</strong></span> <span class='ocrx_word' id='word_1_259' title='bbox 1736 2094 2070 2148; x_wconf 88' lang='lat' dir='ltr'><strong>tumulorum</strong></span> 
     </span>
    </p>
   </div>
   <div class='ocr_carea' id='block_1_38' title="bbox 493 2184 2073 2259">
    <p class='ocr_par' dir='ltr' id='par_1_38' title="bbox 493 2184 2073 2259">
     <span class='ocr_line' id='line_1_38' title="bbox 493 2184 2073 2259; baseline 0.006 -24"><span class='ocrx_word' id='word_1_260' title='bbox 493 2184 806 2254; x_wconf 82' lang='lat' dir='ltr'><strong>violatores,</strong></span> <span class='ocrx_word' id='word_1_261' title='bbox 853 2196 910 2244; x_wconf 91' lang='lat' dir='ltr'><strong>et</strong></span> <span class='ocrx_word' id='word_1_262' title='bbox 958 2204 1175 2259; x_wconf 85' lang='lat' dir='ltr'><strong>semper</strong></span> <span class='ocrx_word' id='word_1_263' title='bbox 1221 2190 1458 2256; x_wconf 90' lang='lat' dir='ltr'><strong>odimus,</strong></span> <span class='ocrx_word' id='word_1_264' title='bbox 1499 2200 1555 2244; x_wconf 91' lang='lat' dir='ltr'><strong>et</strong></span> <span class='ocrx_word' id='word_1_265' title='bbox 1591 2199 1849 2258; x_wconf 89' lang='lat' dir='ltr'><strong>tanquam</strong></span> <span class='ocrx_word' id='word_1_266' title='bbox 1900 2188 2073 2244; x_wconf 82' lang='lat' dir='ltr'><strong>malos</strong></span> 
     </span>
    </p>
   </div>
   <div class='ocr_carea' id='block_1_39' title="bbox 492 2276 2071 2348">
    <p class='ocr_par' dir='ltr' id='par_1_39' title="bbox 492 2276 2071 2348">
     <span class='ocr_line' id='line_1_39' title="bbox 492 2276 2071 2348; baseline 0.006 -21"><span class='ocrx_word' id='word_1_267' title='bbox 492 2276 755 2344; x_wconf 86' lang='lat' dir='ltr'><strong>vitamus,</strong></span> <span class='ocrx_word' id='word_1_268' title='bbox 797 2291 851 2335; x_wconf 91' lang='lat' dir='ltr'><strong>et</strong></span> <span class='ocrx_word' id='word_1_269' title='bbox 885 2297 988 2335; x_wconf 92' lang='lat' dir='ltr'><strong>non</strong></span> <span class='ocrx_word' id='word_1_270' title='bbox 1025 2284 1335 2338; x_wconf 83' lang='lat' dir='ltr'><strong>desinemus</strong></span> <span class='ocrx_word' id='word_1_271' title='bbox 1381 2298 1504 2339; x_wconf 86' lang='lat' dir='ltr'><strong>esse</strong></span> <span class='ocrx_word' id='word_1_272' title='bbox 1560 2284 1716 2348; x_wconf 89' lang='lat' dir='ltr'><strong>tales,</strong></span> <span class='ocrx_word' id='word_1_273' title='bbox 1768 2283 1943 2337; x_wconf 89' lang='lat' dir='ltr'><strong>donec</strong></span> <span class='ocrx_word' id='word_1_274' title='bbox 1985 2283 2071 2336; x_wconf 85' lang='lat' dir='ltr'><strong>isti</strong></span> 
     </span>
    </p>
   </div>
   <div class='ocr_carea' id='block_1_40' title="bbox 493 2366 2073 2444">
    <p class='ocr_par' dir='ltr' id='par_1_40' title="bbox 493 2366 2073 2444">
     <span class='ocr_line' id='line_1_40' title="bbox 493 2366 2073 2444; baseline 0.006 -24"><span class='ocrx_word' id='word_1_275' title='bbox 493 2366 634 2422; x_wconf 84' lang='lat' dir='ltr'><strong>tales</strong></span> <span class='ocrx_word' id='word_1_276' title='bbox 667 2377 991 2429; x_wconf 86' lang='lat' dir='ltr'><strong>manserint.</strong></span> <span class='ocrx_word' id='word_1_277' title='bbox 1025 2373 1081 2428; x_wconf 90' lang='lat' dir='ltr'><strong>Si</strong></span> <span class='ocrx_word' id='word_1_278' title='bbox 1126 2374 1248 2443; x_wconf 84' lang='lat' dir='ltr'><strong>quis</strong></span> <span class='ocrx_word' id='word_1_279' title='bbox 1285 2374 1452 2444; x_wconf 76' lang='lat' dir='ltr'><strong>igitur</strong></span> <span class='ocrx_word' id='word_1_280' title='bbox 1496 2375 1623 2428; x_wconf 85' lang='lat' dir='ltr'><strong>mali</strong></span> <span class='ocrx_word' id='word_1_281' title='bbox 1655 2390 1924 2428; x_wconf 84' lang='lat' dir='ltr'><strong>memores</strong></span> <span class='ocrx_word' id='word_1_282' title='bbox 1975 2390 2073 2430; x_wconf 84' lang='lat' dir='ltr'><strong>nos</strong></span> 
     </span>
    </p>
   </div>
   <div class='ocr_carea' id='block_1_41' title="bbox 493 2457 2075 2529">
    <p class='ocr_par' dir='ltr' id='par_1_41' title="bbox 493 2457 2075 2529">
     <span class='ocr_line' id='line_1_41' title="bbox 493 2457 2075 2529; baseline 0.006 -18"><span class='ocrx_word' id='word_1_283' title='bbox 493 2457 678 2514; x_wconf 89' lang='lat' dir='ltr'><strong>dicere</strong></span> <span class='ocrx_word' id='word_1_284' title='bbox 720 2461 855 2529; x_wconf 87' lang='lat' dir='ltr'><strong>vult,</strong></span> <span class='ocrx_word' id='word_1_285' title='bbox 885 2465 1080 2519; x_wconf 87' lang='lat' dir='ltr'><strong>audeat</strong></span> <span class='ocrx_word' id='word_1_286' title='bbox 1110 2474 1166 2521; x_wconf 93' lang='lat' dir='ltr'><strong>et</strong></span> <span class='ocrx_word' id='word_1_287' title='bbox 1200 2466 1347 2520; x_wconf 88' lang='lat' dir='ltr'><strong>dicat</strong></span> <span class='ocrx_word' id='word_1_288' title='bbox 1379 2472 1436 2520; x_wconf 92' lang='lat' dir='ltr'><strong>et</strong></span> <span class='ocrx_word' id='word_1_289' title='bbox 1459 2465 1777 2521; x_wconf 86' lang='lat' dir='ltr'><strong>irrideatur.</strong></span> <span class='ocrx_word' id='word_1_290' title='bbox 1812 2465 1941 2520; x_wconf 70' lang='lat' dir='ltr'><strong>Hmc</strong></span> <span class='ocrx_word' id='word_1_291' title='bbox 1980 2483 2075 2520; x_wconf 84' lang='lat' dir='ltr'><strong>au-</strong></span> 
     </span>
    </p>
   </div>
   <div class='ocr_carea' id='block_1_42' title="bbox 495 2554 2077 2629">
    <p class='ocr_par' dir='ltr' id='par_1_42' title="bbox 495 2554 2077 2629">
     <span class='ocr_line' id='line_1_42' title="bbox 495 2554 2077 2629; baseline 0.005 -26"><span class='ocrx_word' id='word_1_292' title='bbox 495 2558 602 2605; x_wconf 89' lang='lat' dir='ltr'><strong>tem</strong></span> <span class='ocrx_word' id='word_1_293' title='bbox 634 2564 716 2608; x_wconf 90' lang='lat' dir='ltr'><strong>est</strong></span> <span class='ocrx_word' id='word_1_294' title='bbox 743 2554 904 2610; x_wconf 90' lang='lat' dir='ltr'><strong>etiam</strong></span> <span class='ocrx_word' id='word_1_295' title='bbox 928 2557 1138 2613; x_wconf 72' lang='lat' dir='ltr'><strong>caeteris</strong></span> <span class='ocrx_word' id='word_1_296' title='bbox 1165 2557 1543 2627; x_wconf 87' lang='lat' dir='ltr'><strong>iniquitatibus</strong></span> <span class='ocrx_word' id='word_1_297' title='bbox 1572 2557 1881 2629; x_wconf 68' lang='lat' dir='ltr'><strong>esplicatio.</strong></span> <span class='ocrx_word' id='word_1_298' title='bbox 1905 2559 2077 2614; x_wconf 82' lang='lat' dir='ltr'><strong>Fura-</strong></span> 
     </span>
    </p>
   </div>
   <div class='ocr_carea' id='block_1_43' title="bbox 494 2641 2072 2720">
    <p class='ocr_par' dir='ltr' id='par_1_43' title="bbox 494 2641 2072 2720">
     <span class='ocr_line' id='line_1_43' title="bbox 494 2641 2072 2720; baseline 0.008 -29"><span class='ocrx_word' id='word_1_299' title='bbox 494 2648 585 2693; x_wconf 92' lang='lat' dir='ltr'><strong>tur</strong></span> <span class='ocrx_word' id='word_1_300' title='bbox 616 2641 867 2700; x_wconf 79' lang='lat' dir='ltr'><strong>vicinus:</strong></span> <span class='ocrx_word' id='word_1_301' title='bbox 907 2657 1196 2718; x_wconf 88' lang='lat' dir='ltr'><strong>suspectus</strong></span> <span class='ocrx_word' id='word_1_302' title='bbox 1236 2655 1355 2715; x_wconf 84' lang='lat' dir='ltr'><strong>est;</strong></span> <span class='ocrx_word' id='word_1_303' title='bbox 1395 2647 1522 2703; x_wconf 89' lang='lat' dir='ltr'><strong>mali</strong></span> <span class='ocrx_word' id='word_1_304' title='bbox 1566 2664 1773 2704; x_wconf 89' lang='lat' dir='ltr'><strong>memor</strong></span> <span class='ocrx_word' id='word_1_305' title='bbox 1809 2664 1939 2720; x_wconf 81' lang='lat' dir='ltr'><strong>ergo</strong></span> <span class='ocrx_word' id='word_1_306' title='bbox 1982 2650 2072 2720; x_wconf 88' lang='lat' dir='ltr'><strong>qui</strong></span> 
     </span>
    </p>
   </div>
   <div class='ocr_carea' id='block_1_44' title="bbox 492 2729 2073 2811">
    <p class='ocr_par' dir='ltr' id='par_1_44' title="bbox 492 2729 2073 2811">
     <span class='ocr_line' id='line_1_44' title="bbox 492 2729 2073 2811; baseline 0.008 -26"><span class='ocrx_word' id='word_1_307' title='bbox 492 2729 669 2788; x_wconf 77' lang='lat' dir='ltr'><strong>furem</strong></span> <span class='ocrx_word' id='word_1_308' title='bbox 696 2735 1010 2803; x_wconf 75' lang='lat' dir='ltr'><strong>suSpicatus</strong></span> <span class='ocrx_word' id='word_1_309' title='bbox 1028 2748 1130 2795; x_wconf 91' lang='lat' dir='ltr'><strong>est.</strong></span> <span class='ocrx_word' id='word_1_310' title='bbox 1152 2740 1308 2796; x_wconf 76' lang='lat' dir='ltr'><strong>Alius</strong></span> <span class='ocrx_word' id='word_1_311' title='bbox 1333 2741 1708 2807; x_wconf 89' lang='lat' dir='ltr'><strong>homicidium,</strong></span> <span class='ocrx_word' id='word_1_312' title='bbox 1727 2741 2073 2811; x_wconf 77' lang='lat' dir='ltr'><strong>sacrilegium</strong></span> 
     </span>
    </p>
   </div>
   <div class='ocr_carea' id='block_1_45' title="bbox 493 2824 2070 2903">
    <p class='ocr_par' dir='ltr' id='par_1_45' title="bbox 493 2824 2070 2903">
     <span class='ocr_line' id='line_1_45' title="bbox 493 2824 2070 2903; baseline 0.009 -26"><span class='ocrx_word' id='word_1_313' title='bbox 493 2824 673 2893; x_wconf 83' lang='lat' dir='ltr'><strong>alter,</strong></span> <span class='ocrx_word' id='word_1_314' title='bbox 731 2832 921 2886; x_wconf 87' lang='lat' dir='ltr'><strong>tertius</strong></span> <span class='ocrx_word' id='word_1_315' title='bbox 967 2842 1150 2887; x_wconf 89' lang='lat' dir='ltr'><strong>autem</strong></span> <span class='ocrx_word' id='word_1_316' title='bbox 1208 2834 1547 2903; x_wconf 87' lang='lat' dir='ltr'><strong>impietatem</strong></span> <span class='ocrx_word' id='word_1_317' title='bbox 1598 2836 1980 2902; x_wconf 76' lang='lat' dir='ltr'><strong>perpetravit:</strong></span> <span class='ocrx_word' id='word_1_318' title='bbox 2026 2837 2070 2890; x_wconf 92' lang='lat' dir='ltr'><strong>si</strong></span> 
     </span>
    </p>
   </div>
   <div class='ocr_carea' id='block_1_46' title="bbox 494 2916 2072 2998">
    <p class='ocr_par' dir='ltr' id='par_1_46' title="bbox 494 2916 2072 2998">
     <span class='ocr_line' id='line_1_46' title="bbox 494 2916 2072 2998; baseline 0.008 -27"><span class='ocrx_word' id='word_1_319' title='bbox 494 2916 623 2974; x_wconf 86' lang='lat' dir='ltr'><strong>inde</strong></span> <span class='ocrx_word' id='word_1_320' title='bbox 670 2922 893 2988; x_wconf 83' lang='lat' dir='ltr'><strong>odium,</strong></span> <span class='ocrx_word' id='word_1_321' title='bbox 927 2925 1054 2979; x_wconf 89' lang='lat' dir='ltr'><strong>mali</strong></span> <span class='ocrx_word' id='word_1_322' title='bbox 1107 2928 1426 2983; x_wconf 86' lang='lat' dir='ltr'><strong>memoriam</strong></span> <span class='ocrx_word' id='word_1_323' title='bbox 1473 2927 1858 2998; x_wconf 76' lang='lat' dir='ltr'><strong>experiuntur.</strong></span> <span class='ocrx_word' id='word_1_324' title='bbox 1909 2928 2072 2985; x_wconf 82' lang='lat' dir='ltr'><strong>Errat</strong></span> 
     </span>
    </p>
   </div>
   <div class='ocr_carea' id='block_1_47' title="bbox 494 3008 1563 3091">
    <p class='ocr_par' dir='ltr' id='par_1_47' title="bbox 494 3008 1563 3091">
     <span class='ocr_line' id='line_1_47' title="bbox 494 3008 1563 3091; baseline 0.012 -28"><span class='ocrx_word' id='word_1_325' title='bbox 494 3008 569 3064; x_wconf 89' lang='lat' dir='ltr'><strong>ita</strong></span> <span class='ocrx_word' id='word_1_326' title='bbox 602 3015 845 3069; x_wconf 71' lang='lat' dir='ltr'><strong>sentiens</strong></span> <span class='ocrx_word' id='word_1_327' title='bbox 883 3026 937 3071; x_wconf 90' lang='lat' dir='ltr'><strong>et</strong></span> <span class='ocrx_word' id='word_1_328' title='bbox 962 3019 1314 3088; x_wconf 88' lang='lat' dir='ltr'><strong>semetipsum</strong></span> <span class='ocrx_word' id='word_1_329' title='bbox 1332 3020 1563 3091; x_wconf 81' lang='lat' dir='ltr'><strong>decipit.</strong></span> 
     </span>
    </p>
   </div>
   <div class='ocr_carea' id='block_1_48' title="bbox 563 3102 2142 3188">
    <p class='ocr_par' dir='ltr' id='par_1_48' title="bbox 563 3102 2142 3188">
     <span class='ocr_line' id='line_1_48' title="bbox 563 3102 2142 3188; baseline 0.008 -31"><span class='ocrx_word' id='word_1_330' title='bbox 563 3102 659 3159; x_wconf 76' lang='lat'><strong>25.</strong></span> <span class='ocrx_word' id='word_1_331' title='bbox 687 3103 904 3175; x_wconf 85' lang='lat' dir='ltr'><strong>Adhuc,</strong></span> <span class='ocrx_word' id='word_1_332' title='bbox 940 3111 984 3163; x_wconf 84' lang='lat' dir='ltr'><strong>si</strong></span> <span class='ocrx_word' id='word_1_333' title='bbox 1030 3113 1247 3180; x_wconf 87' lang='lat' dir='ltr'><strong>quidem</strong></span> <span class='ocrx_word' id='word_1_334' title='bbox 1287 3114 1689 3169; x_wconf 84' lang='lat' dir='ltr'><strong>contrariorum</strong></span> <span class='ocrx_word' id='word_1_335' title='bbox 1745 3116 1932 3169; x_wconf 88' lang='lat' dir='ltr'><strong>eadem</strong></span> <span class='ocrx_word' id='word_1_336' title='bbox 1985 3126 2068 3170; x_wconf 84' lang='lat' dir='ltr'><strong>est</strong></span> <span class='ocrx_word' id='word_1_337' title='bbox 2099 3131 2142 3188; x_wconf 74' lang='grc' dir='ltr'>ο</span> 
     </span>
    </p>
   </div>
   <div class='ocr_carea' id='block_1_49' title="bbox 494 3196 2073 3279">
    <p class='ocr_par' dir='ltr' id='par_1_49' title="bbox 494 3196 2073 3279">
     <span class='ocr_line' id='line_1_49' title="bbox 494 3196 2073 3279; baseline 0.009 -32"><span class='ocrx_word' id='word_1_338' title='bbox 494 3196 722 3251; x_wconf 84' lang='lat' dir='ltr'><strong>scientia</strong></span> <span class='ocrx_word' id='word_1_339' title='bbox 777 3199 1120 3271; x_wconf 80' lang='lat' dir='ltr'><strong>cognitioque</strong></span> <span class='ocrx_word' id='word_1_340' title='bbox 1161 3202 1269 3274; x_wconf 88' lang='lat' dir='ltr'><strong>(est</strong></span> <span class='ocrx_word' id='word_1_341' title='bbox 1322 3216 1502 3259; x_wconf 89' lang='lat' dir='ltr'><strong>autem</strong></span> <span class='ocrx_word' id='word_1_342' title='bbox 1567 3206 1834 3279; x_wconf 88' lang='lat' dir='ltr'><strong>omnino),</strong></span> <span class='ocrx_word' id='word_1_343' title='bbox 1883 3206 2073 3262; x_wconf 86' lang='lat' dir='ltr'><strong>eadem</strong></span> 
     </span>
    </p>
   </div>
   <div class='ocr_carea' id='block_1_50' title="bbox 495 3287 2069 3370">
    <p class='ocr_par' dir='ltr' id='par_1_50' title="bbox 495 3287 2069 3370">
     <span class='ocr_line' id='line_1_50' title="bbox 495 3287 2069 3370; baseline 0.01 -28"><span class='ocrx_word' id='word_1_344' title='bbox 495 3287 603 3343; x_wconf 87' lang='lat' dir='ltr'><strong>erit</strong></span> <span class='ocrx_word' id='word_1_345' title='bbox 670 3295 873 3362; x_wconf 85' lang='lat' dir='ltr'><strong>accepti</strong></span> <span class='ocrx_word' id='word_1_346' title='bbox 940 3293 1187 3354; x_wconf 76' lang='lat' dir='ltr'><strong>beneﬁcii</strong></span> <span class='ocrx_word' id='word_1_347' title='bbox 1256 3300 1492 3370; x_wconf 86' lang='lat' dir='ltr'><strong>malique</strong></span> <span class='ocrx_word' id='word_1_348' title='bbox 1548 3300 1705 3359; x_wconf 81' lang='lat' dir='ltr'><strong>illati.</strong></span> <span class='ocrx_word' id='word_1_349' title='bbox 1754 3300 1857 3369; x_wconf 87' lang='lat' dir='ltr'><strong>Qui</strong></span> <span class='ocrx_word' id='word_1_350' title='bbox 1938 3318 2069 3370; x_wconf 77' lang='lat' dir='ltr'><strong>ergo</strong></span> 
     </span>
    </p>
   </div>
   <div class='ocr_carea' id='block_1_51' title="bbox 490 3377 2078 3462">
    <p class='ocr_par' dir='ltr' id='par_1_51' title="bbox 490 3377 2078 3462">
     <span class='ocr_line' id='line_1_51' title="bbox 490 3377 2078 3462; baseline 0.011 -31"><span class='ocrx_word' id='word_1_351' title='bbox 490 3377 702 3446; x_wconf 81' lang='lat' dir='ltr'><strong>judicat</strong></span> <span class='ocrx_word' id='word_1_352' title='bbox 747 3384 816 3438; x_wconf 85' lang='lat' dir='ltr'><strong>ab</strong></span> <span class='ocrx_word' id='word_1_353' title='bbox 853 3385 1092 3441; x_wconf 85' lang='lat' dir='ltr'><strong>humana</strong></span> <span class='ocrx_word' id='word_1_354' title='bbox 1153 3387 1337 3442; x_wconf 86' lang='lat' dir='ltr'><strong>anima</strong></span> <span class='ocrx_word' id='word_1_355' title='bbox 1370 3389 1808 3446; x_wconf 84' lang='lat' dir='ltr'><strong>recordationem</strong></span> <span class='ocrx_word' id='word_1_356' title='bbox 1849 3406 2078 3462; x_wconf 86' lang='lat' dir='ltr'><strong>prorsus</strong></span> 
     </span>
    </p>
   </div>
   <div class='ocr_carea' id='block_1_52' title="bbox 496 3474 2101 3553">
    <p class='ocr_par' dir='ltr' id='par_1_52' title="bbox 496 3474 2101 3553">
     <span class='ocr_line' id='line_1_52' title="bbox 496 3474 2101 3553; baseline 0.009 -30"><span class='ocrx_word' id='word_1_357' title='bbox 496 3474 907 3538; x_wconf 90' lang='lat' dir='ltr'><strong>eradicandam.</strong></span> <span class='ocrx_word' id='word_1_358' title='bbox 943 3492 1067 3532; x_wconf 91' lang='lat' dir='ltr'><strong>cum</strong></span> <span class='ocrx_word' id='word_1_359' title='bbox 1119 3477 1328 3550; x_wconf 88' lang='lat' dir='ltr'><strong>aliquid</strong></span> <span class='ocrx_word' id='word_1_360' title='bbox 1382 3480 1508 3534; x_wconf 91' lang='lat' dir='ltr'><strong>mali</strong></span> <span class='ocrx_word' id='word_1_361' title='bbox 1559 3496 1756 3551; x_wconf 83' lang='lat' dir='ltr'><strong>passus</strong></span> <span class='ocrx_word' id='word_1_362' title='bbox 1788 3494 1893 3545; x_wconf 87' lang='lat' dir='ltr'><strong>est,</strong></span> <span class='ocrx_word' id='word_1_363' title='bbox 1930 3484 2101 3553; x_wconf 83' lang='lat' dir='ltr'><strong>opti-‘</strong></span> 
     </span>
    </p>
   </div>
   <div class='ocr_carea' id='block_1_53' title="bbox 500 3569 2075 3640">
    <p class='ocr_par' dir='ltr' id='par_1_53' title="bbox 500 3569 2075 3640">
     <span class='ocr_line' id='line_1_53' title="bbox 500 3569 2075 3640; baseline 0.005 -23"><span class='ocrx_word' id='word_1_364' title='bbox 500 3579 644 3617; x_wconf 87' lang='lat' dir='ltr'><strong>mam</strong></span> <span class='ocrx_word' id='word_1_365' title='bbox 690 3582 908 3636; x_wconf 78' lang='lat' dir='ltr'><strong>quoque</strong></span> <span class='ocrx_word' id='word_1_366' title='bbox 949 3569 1217 3640; x_wconf 83' lang='lat' dir='ltr'><strong>plantam,</strong></span> <span class='ocrx_word' id='word_1_367' title='bbox 1273 3571 1671 3627; x_wconf 79' lang='lat' dir='ltr'><strong>beneﬁciorum</strong></span> <span class='ocrx_word' id='word_1_368' title='bbox 1731 3574 2075 3636; x_wconf 85' lang='lat' dir='ltr'><strong>memoriam,</strong></span> 
     </span>
    </p>
   </div>
   <div class='ocr_carea' id='block_1_54' title="bbox 499 3657 2078 3736">
    <p class='ocr_par' dir='ltr' id='par_1_54' title="bbox 499 3657 2078 3736">
     <span class='ocr_line' id='line_1_54' title="bbox 499 3657 2078 3736; baseline 0.005 -24"><span class='ocrx_word' id='word_1_369' title='bbox 499 3657 659 3714; x_wconf 83' lang='lat' dir='ltr'><strong>simul</strong></span> <span class='ocrx_word' id='word_1_370' title='bbox 691 3662 1038 3732; x_wconf 73' lang='lat' dir='ltr'><strong>exsﬁrpabit,</strong></span> <span class='ocrx_word' id='word_1_371' title='bbox 1075 3673 1131 3719; x_wconf 92' lang='lat' dir='ltr'><strong>et</strong></span> <span class='ocrx_word' id='word_1_372' title='bbox 1160 3666 1472 3735; x_wconf 85' lang='lat' dir='ltr'><strong>paradisum</strong></span> <span class='ocrx_word' id='word_1_373' title='bbox 1502 3667 1595 3736; x_wconf 90' lang='lat' dir='ltr'><strong>qui</strong></span> <span class='ocrx_word' id='word_1_374' title='bbox 1615 3667 1773 3722; x_wconf 87' lang='lat' dir='ltr'><strong>nobis</strong></span> <span class='ocrx_word' id='word_1_375' title='bbox 1808 3667 1949 3721; x_wconf 88' lang='lat' dir='ltr'><strong>inest</strong></span> <span class='ocrx_word' id='word_1_376' title='bbox 1980 3667 2078 3720; x_wconf 88' lang='lat' dir='ltr'><strong>de-</strong></span> 
     </span>
    </p>
   </div>
   <div class='ocr_carea' id='block_1_55' title="bbox 501 3751 2080 3827">
    <p class='ocr_par' dir='ltr' id='par_1_55' title="bbox 501 3751 2080 3827">
     <span class='ocr_line' id='line_1_55' title="bbox 501 3751 2080 3827; baseline 0.006 -24"><span class='ocrx_word' id='word_1_377' title='bbox 501 3751 786 3818; x_wconf 86' lang='lat' dir='ltr'><strong>vastabit;</strong></span> <span class='ocrx_word' id='word_1_378' title='bbox 823 3761 879 3808; x_wconf 91' lang='lat' dir='ltr'><strong>et</strong></span> <span class='ocrx_word' id='word_1_379' title='bbox 917 3753 1032 3823; x_wconf 88' lang='lat' dir='ltr'><strong>jam</strong></span> <span class='ocrx_word' id='word_1_380' title='bbox 1080 3771 1187 3810; x_wconf 90' lang='lat' dir='ltr'><strong>non</strong></span> <span class='ocrx_word' id='word_1_381' title='bbox 1220 3756 1418 3826; x_wconf 88' lang='lat' dir='ltr'><strong>aliquis</strong></span> <span class='ocrx_word' id='word_1_382' title='bbox 1453 3758 1892 3814; x_wconf 89' lang='lat' dir='ltr'><strong>animadvertere</strong></span> <span class='ocrx_word' id='word_1_383' title='bbox 1927 3768 2080 3827; x_wconf 70' lang='lat' dir='ltr'><strong>pote»</strong></span> 
     </span>
    </p>
   </div>
   <div class='ocr_carea' id='block_1_56' title="bbox 501 3845 2080 3923">
    <p class='ocr_par' dir='ltr' id='par_1_56' title="bbox 501 3845 2080 3923">
     <span class='ocr_line' id='line_1_56' title="bbox 501 3845 2080 3923; baseline 0.008 -26"><span class='ocrx_word' id='word_1_384' title='bbox 501 3845 594 3905; x_wconf 84' lang='lat' dir='ltr'><strong>rit,</strong></span> <span class='ocrx_word' id='word_1_385' title='bbox 626 3855 683 3899; x_wconf 93' lang='lat' dir='ltr'><strong>ut</strong></span> <span class='ocrx_word' id='word_1_386' title='bbox 725 3848 791 3901; x_wconf 88' lang='lat' dir='ltr'><strong>de</strong></span> <span class='ocrx_word' id='word_1_387' title='bbox 819 3846 961 3903; x_wconf 87' lang='lat' dir='ltr'><strong>malo</strong></span> <span class='ocrx_word' id='word_1_388' title='bbox 1009 3848 1258 3916; x_wconf 86' lang='lat' dir='ltr'><strong>tolerato,</strong></span> <span class='ocrx_word' id='word_1_389' title='bbox 1311 3852 1392 3906; x_wconf 87' lang='lat' dir='ltr'><strong>sic</strong></span> <span class='ocrx_word' id='word_1_390' title='bbox 1424 3852 1492 3906; x_wconf 84' lang='lat' dir='ltr'><strong>de</strong></span> <span class='ocrx_word' id='word_1_391' title='bbox 1530 3852 1800 3908; x_wconf 80' lang='lat' dir='ltr'><strong>beneﬁcio</strong></span> <span class='ocrx_word' id='word_1_392' title='bbox 1839 3863 2080 3923; x_wconf 86' lang='lat' dir='ltr'><strong>recepto.</strong></span> 
     </span>
    </p>
   </div>
   <div class='ocr_carea' id='block_1_57' title="bbox 503 3936 2083 4013">
    <p class='ocr_par' dir='ltr' id='par_1_57' title="bbox 503 3936 2083 4013">
     <span class='ocr_line' id='line_1_57' title="bbox 503 3936 2083 4013; baseline 0.005 -22"><span class='ocrx_word' id='word_1_393' title='bbox 503 3936 703 3993; x_wconf 85' lang='lat' dir='ltr'><strong>Eadem</strong></span> <span class='ocrx_word' id='word_1_394' title='bbox 734 3940 881 3995; x_wconf 90' lang='lat' dir='ltr'><strong>enim</strong></span> <span class='ocrx_word' id='word_1_395' title='bbox 913 3941 1151 3996; x_wconf 74' lang='lat' dir='ltr'><strong>scientia“</strong></span> <span class='ocrx_word' id='word_1_396' title='bbox 1180 3943 1333 3997; x_wconf 89' lang='lat' dir='ltr'><strong>novit</strong></span> <span class='ocrx_word' id='word_1_397' title='bbox 1364 3951 1661 4013; x_wconf 89' lang='lat' dir='ltr'><strong>utrumque</strong></span> <span class='ocrx_word' id='word_1_398' title='bbox 1695 3958 1793 4013; x_wconf 88' lang='lat' dir='ltr'><strong>per</strong></span> <span class='ocrx_word' id='word_1_399' title='bbox 1823 3946 2083 3999; x_wconf 84' lang='lat' dir='ltr'><strong>recorda-</strong></span> 
     </span>
    </p>
   </div>
   <div class='ocr_carea' id='block_1_58' title="bbox 504 4031 2085 4102">
    <p class='ocr_par' dir='ltr' id='par_1_58' title="bbox 504 4031 2085 4102">
     <span class='ocr_line' id='line_1_58' title="bbox 504 4031 2085 4102; baseline 0.004 -17"><span class='ocrx_word' id='word_1_400' title='bbox 504 4032 728 4086; x_wconf 75' lang='lat' dir='ltr'><strong>tionem.</strong></span> <span class='ocrx_word' id='word_1_401' title='bbox 760 4031 816 4086; x_wconf 92' lang='lat' dir='ltr'><strong>Si</strong></span> <span class='ocrx_word' id='word_1_402' title='bbox 844 4034 969 4102; x_wconf 91' lang='lat' dir='ltr'><strong>quis</strong></span> <span class='ocrx_word' id='word_1_403' title='bbox 1000 4044 1182 4089; x_wconf 89' lang='lat' dir='ltr'><strong>autem</strong></span> <span class='ocrx_word' id='word_1_404' title='bbox 1215 4035 1378 4091; x_wconf 91' lang='lat' dir='ltr'><strong>unius</strong></span> <span class='ocrx_word' id='word_1_405' title='bbox 1421 4037 1739 4092; x_wconf 89' lang='lat' dir='ltr'><strong>memoriam</strong></span> <span class='ocrx_word' id='word_1_406' title='bbox 1781 4052 1890 4092; x_wconf 91' lang='lat' dir='ltr'><strong>non</strong></span> <span class='ocrx_word' id='word_1_407' title='bbox 1923 4036 2085 4092; x_wconf 86' lang='lat' dir='ltr'><strong>habet</strong></span> 
     </span>
    </p>
   </div>
   <div class='ocr_carea' id='block_1_59' title="bbox 503 4124 2084 4194">
    <p class='ocr_par' dir='ltr' id='par_1_59' title="bbox 503 4124 2084 4194">
     <span class='ocr_line' id='line_1_59' title="bbox 503 4124 2084 4194; baseline 0.005 -17"><span class='ocrx_word' id='word_1_408' title='bbox 503 4124 933 4194; x_wconf 87' lang='lat' dir='ltr'><strong>suscipiendam,</strong></span> <span class='ocrx_word' id='word_1_409' title='bbox 967 4136 1120 4184; x_wconf 84' lang='lat' dir='ltr'><strong>certe</strong></span> <span class='ocrx_word' id='word_1_410' title='bbox 1171 4144 1273 4184; x_wconf 91' lang='lat' dir='ltr'><strong>nec</strong></span> <span class='ocrx_word' id='word_1_411' title='bbox 1321 4128 1574 4186; x_wconf 88' lang='lat' dir='ltr'><strong>alterius.</strong></span> <span class='ocrx_word' id='word_1_412' title='bbox 1606 4128 1671 4186; x_wconf 89' lang='lat' dir='ltr'><strong>Et</strong></span> <span class='ocrx_word' id='word_1_413' title='bbox 1712 4130 1793 4187; x_wconf 89' lang='lat' dir='ltr'><strong>sic</strong></span> <span class='ocrx_word' id='word_1_414' title='bbox 1844 4130 2084 4186; x_wconf 89' lang='lat' dir='ltr'><strong>humana</strong></span> 
     </span>
    </p>
   </div>
   <div class='ocr_carea' id='block_1_60' title="bbox 504 4214 1032 4287">
    <p class='ocr_par' dir='ltr' id='par_1_60' title="bbox 504 4214 1032 4287">
     <span class='ocr_line' id='line_1_60' title="bbox 504 4214 1032 4287; baseline 0.009 -17"><span class='ocrx_word' id='word_1_415' title='bbox 504 4214 773 4287; x_wconf 83' lang='lat' dir='ltr'><strong>perfectio</strong></span> <span class='ocrx_word' id='word_1_416' title='bbox 808 4218 1032 4275; x_wconf 77' lang='lat' dir='ltr'><strong>defecit.</strong></span> 
     </span>
    </p>
   </div>
   <div class='ocr_carea' id='block_1_61' title="bbox 574 4307 2084 4385">
    <p class='ocr_par' dir='ltr' id='par_1_61' title="bbox 574 4307 2084 4385">
     <span class='ocr_line' id='line_1_61' title="bbox 574 4307 2084 4385; baseline 0.006 -23"><span class='ocrx_word' id='word_1_417' title='bbox 574 4309 666 4363; x_wconf 68' lang='grc'><strong>24.</strong></span> <span class='ocrx_word' id='word_1_418' title='bbox 707 4307 902 4377; x_wconf 83' lang='lat' dir='ltr'><strong>Porro,</strong></span> <span class='ocrx_word' id='word_1_419' title='bbox 951 4314 1265 4371; x_wconf 87' lang='lat' dir='ltr'><strong>meminisse</strong></span> <span class='ocrx_word' id='word_1_420' title='bbox 1302 4315 1431 4371; x_wconf 90' lang='lat' dir='ltr'><strong>mali</strong></span> <span class='ocrx_word' id='word_1_421' title='bbox 1463 4315 1787 4385; x_wconf 85' lang='lat' dir='ltr'><strong>simpliciter</strong></span> <span class='ocrx_word' id='word_1_422' title='bbox 1811 4317 1877 4370; x_wconf 88' lang='lat' dir='ltr'><strong>ad</strong></span> <span class='ocrx_word' id='word_1_423' title='bbox 1918 4316 2084 4372; x_wconf 89' lang='lat' dir='ltr'><strong>multa</strong></span> 
     </span>
    </p>
   </div>
   <div class='ocr_carea' id='block_1_62' title="bbox 505 4402 2087 4478">
    <p class='ocr_par' dir='ltr' id='par_1_62' title="bbox 505 4402 2087 4478">
     <span class='ocr_line' id='line_1_62' title="bbox 505 4402 2087 4478; baseline 0.005 -23"><span class='ocrx_word' id='word_1_424' title='bbox 505 4409 681 4467; x_wconf 85' lang='lat' dir='ltr'><strong>potest</strong></span> <span class='ocrx_word' id='word_1_425' title='bbox 703 4402 891 4460; x_wconf 83' lang='lat' dir='ltr'><strong>referri</strong></span> <span class='ocrx_word' id='word_1_426' title='bbox 922 4422 937 4461; x_wconf 90' lang='lat'><strong>:</strong></span> <span class='ocrx_word' id='word_1_427' title='bbox 966 4421 1072 4461; x_wconf 91' lang='lat' dir='ltr'><strong>non</strong></span> <span class='ocrx_word' id='word_1_428' title='bbox 1103 4407 1247 4462; x_wconf 89' lang='lat' dir='ltr'><strong>enim</strong></span> <span class='ocrx_word' id='word_1_429' title='bbox 1275 4407 1563 4462; x_wconf 87' lang='lat' dir='ltr'><strong>indivisum</strong></span> <span class='ocrx_word' id='word_1_430' title='bbox 1597 4418 1702 4462; x_wconf 89' lang='lat' dir='ltr'><strong>est.</strong></span> <span class='ocrx_word' id='word_1_431' title='bbox 1733 4407 1942 4478; x_wconf 82' lang='lat' dir='ltr'><strong>Aliquis</strong></span> <span class='ocrx_word' id='word_1_432' title='bbox 1971 4423 2087 4462; x_wconf 87' lang='lat' dir='ltr'><strong>me-</strong></span> 
     </span>
    </p>
   </div>
   <div class='ocr_carea' id='block_1_63' title="bbox 2180 1819 3761 1898">
    <p class='ocr_par' dir='ltr' id='par_1_63' title="bbox 2180 1819 3761 1898">
     <span class='ocr_line' id='line_1_63' title="bbox 2180 1819 3761 1898; baseline -0.008 -17"><span class='ocrx_word' id='word_1_433' title='bbox 2180 1826 2562 1898; x_wconf 82' lang='grc' dir='ltr'>μνησικακῶν.</span> <span class='ocrx_word' id='word_1_434' title='bbox 2616 1824 2901 1894; x_wconf 84' lang='grc' dir='ltr'>Ἔμπορος</span> <span class='ocrx_word' id='word_1_435' title='bbox 2947 1822 3004 1876; x_wconf 79' lang='grc' dir='ltr'><strong>δὲ</strong></span> <span class='ocrx_word' id='word_1_436' title='bbox 3055 1820 3462 1891; x_wconf 74' lang='grc' dir='ltr'>συλλαϐόμενος</span> <span class='ocrx_word' id='word_1_437' title='bbox 3502 1819 3761 1888; x_wconf 75' lang='grc' dir='ltr'>μέτοχον,</span> 
     </span>
    </p>
   </div>
   <div class='ocr_carea' id='block_1_64' title="bbox 2177 1911 3762 1992">
    <p class='ocr_par' dir='ltr' id='par_1_64' title="bbox 2177 1911 3762 1992">
     <span class='ocr_line' id='line_1_64' title="bbox 2177 1911 3762 1992; baseline -0.009 -17"><span class='ocrx_word' id='word_1_438' title='bbox 2177 1921 2274 1975; x_wconf 70' lang='grc' dir='ltr'><strong>καί⁸</strong></span> <span class='ocrx_word' id='word_1_439' title='bbox 2301 1918 2562 1992; x_wconf 81' lang='grc' dir='ltr'>φωράσας</span> <span class='ocrx_word' id='word_1_440' title='bbox 2594 1917 2846 1977; x_wconf 80' lang='grc' dir='ltr'>ὑπούλως</span> <span class='ocrx_word' id='word_1_441' title='bbox 2868 1915 2931 1969; x_wconf 80' lang='grc' dir='ltr'><strong>τὸ</strong></span> <span class='ocrx_word' id='word_1_442' title='bbox 2950 1915 3132 1968; x_wconf 69' lang='grc' dir='ltr'>κοινὸν</span> <span class='ocrx_word' id='word_1_443' title='bbox 3166 1912 3518 1984; x_wconf 77' lang='grc' dir='ltr'>ὲκμυζῶντα,</span> <span class='ocrx_word' id='word_1_444' title='bbox 3546 1911 3762 1977; x_wconf 75' lang='grc' dir='ltr'>ἐλέγξει</span> 
     </span>
    </p>
   </div>
   <div class='ocr_carea' id='block_1_65' title="bbox 2180 2002 3765 2086">
    <p class='ocr_par' dir='ltr' id='par_1_65' title="bbox 2180 2002 3765 2086">
     <span class='ocr_line' id='line_1_65' title="bbox 2180 2002 3765 2086; baseline -0.009 -18"><span class='ocrx_word' id='word_1_445' title='bbox 2180 2015 2276 2086; x_wconf 76' lang='grc' dir='ltr'>μὲν</span> <span class='ocrx_word' id='word_1_446' title='bbox 2323 2014 2417 2067; x_wconf 69' lang='grc' dir='ltr'>καὶ</span> <span class='ocrx_word' id='word_1_447' title='bbox 2464 2012 2740 2085; x_wconf 75' lang='grc' dir='ltr'>μέμψεται</span> <span class='ocrx_word' id='word_1_448' title='bbox 2788 2012 2883 2064; x_wconf 70' lang='grc' dir='ltr'><strong>καὶ</strong></span> <span class='ocrx_word' id='word_1_449' title='bbox 2933 2009 3266 2077; x_wconf 77' lang='grc' dir='ltr'>φυλάξεταιο</span> <span class='ocrx_word' id='word_1_450' title='bbox 3316 2005 3420 2059; x_wconf 84' lang='grc' dir='ltr'><strong>ούκ</strong></span> <span class='ocrx_word' id='word_1_451' title='bbox 3466 2004 3533 2059; x_wconf 82' lang='grc' dir='ltr'><strong>ἂν</strong></span> <span class='ocrx_word' id='word_1_452' title='bbox 3580 2002 3635 2057; x_wconf 78' lang='grc' dir='ltr'><strong>δὲ</strong></span> <span class='ocrx_word' id='word_1_453' title='bbox 3680 2004 3765 2065; x_wconf 83' lang='grc' dir='ltr'>εἰς</span> 
     </span>
    </p>
   </div>
   <div class='ocr_carea' id='block_1_66' title="bbox 2179 2096 3760 2179">
    <p class='ocr_par' dir='ltr' id='par_1_66' title="bbox 2179 2096 3760 2179">
     <span class='ocr_line' id='line_1_66' title="bbox 2179 2096 3760 2179; baseline -0.009 -19"><span class='ocrx_word' id='word_1_454' title='bbox 2179 2106 2549 2179; x_wconf 76' lang='grc' dir='ltr'>μνησικακίαν</span> <span class='ocrx_word' id='word_1_455' title='bbox 2614 2104 2902 2171; x_wconf 81' lang='grc' dir='ltr'>ἀπάγοιτο.</span> <span class='ocrx_word' id='word_1_456' title='bbox 2993 2100 3236 2168; x_wconf 80' lang='grc' dir='ltr'>Οἴδαμεν</span> <span class='ocrx_word' id='word_1_457' title='bbox 3320 2096 3760 2166; x_wconf 77' lang='grc' dir='ltr'>τυμϐωρύχους,</span> 
     </span>
    </p>
   </div>
   <div class='ocr_carea' id='block_1_67' title="bbox 2176 2187 3764 2270">
    <p class='ocr_par' dir='ltr' id='par_1_67' title="bbox 2176 2187 3764 2270">
     <span class='ocr_line' id='line_1_67' title="bbox 2176 2187 3764 2270; baseline -0.01 -15"><span class='ocrx_word' id='word_1_458' title='bbox 2176 2203 2271 2256; x_wconf 77' lang='grc' dir='ltr'>καὶ</span> <span class='ocrx_word' id='word_1_459' title='bbox 2315 2199 2585 2270; x_wconf 83' lang='grc' dir='ltr'>μισοῦμεν</span> <span class='ocrx_word' id='word_1_460' title='bbox 2617 2196 2736 2262; x_wconf 76' lang='grc' dir='ltr'>ἀεὶ,</span> <span class='ocrx_word' id='word_1_461' title='bbox 2778 2196 2872 2248; x_wconf 70' lang='grc' dir='ltr'>καὶ</span> <span class='ocrx_word' id='word_1_462' title='bbox 2912 2193 3236 2257; x_wconf 74' lang='grc' dir='ltr'>ὲκκλίνομεν</span> <span class='ocrx_word' id='word_1_463' title='bbox 3279 2192 3355 2255; x_wconf 86' lang='grc' dir='ltr'>ὼς</span> <span class='ocrx_word' id='word_1_464' title='bbox 3384 2189 3630 2251; x_wconf 76' lang='grc' dir='ltr'>κακοὺς,</span> <span class='ocrx_word' id='word_1_465' title='bbox 3664 2187 3764 2241; x_wconf 80' lang='grc' dir='ltr'><strong>καὶ</strong></span> 
     </span>
    </p>
   </div>
   <div class='ocr_carea' id='block_1_68' title="bbox 2175 2282 3763 2360">
    <p class='ocr_par' dir='ltr' id='par_1_68' title="bbox 2175 2282 3763 2360">
     <span class='ocr_line' id='line_1_68' title="bbox 2175 2282 3763 2360; baseline -0.008 -15"><span class='ocrx_word' id='word_1_466' title='bbox 2175 2293 2284 2347; x_wconf 75' lang='grc' dir='ltr'><strong>οὐδ’</strong></span> <span class='ocrx_word' id='word_1_467' title='bbox 2328 2292 2395 2347; x_wconf 78' lang='grc' dir='ltr'>ἄν</span> <span class='ocrx_word' id='word_1_468' title='bbox 2434 2289 2794 2360; x_wconf 82' lang='grc' dir='ltr'>παυσαίμεθα</span> <span class='ocrx_word' id='word_1_469' title='bbox 2832 2288 3026 2342; x_wconf 83' lang='grc' dir='ltr'>τοιοίδε</span> <span class='ocrx_word' id='word_1_470' title='bbox 3071 2285 3260 2349; x_wconf 72' lang='grc' dir='ltr'>ὄντες.</span> <span class='ocrx_word' id='word_1_471' title='bbox 3311 2284 3418 2347; x_wconf 72' lang='grc' dir='ltr'>ἕως</span> <span class='ocrx_word' id='word_1_472' title='bbox 3455 2282 3521 2337; x_wconf 87' lang='grc' dir='ltr'>ἂν</span> <span class='ocrx_word' id='word_1_473' title='bbox 3557 2282 3763 2334; x_wconf 78' lang='grc' dir='ltr'>ἐκεῖνοι</span> 
     </span>
    </p>
   </div>
   <div class='ocr_carea' id='block_1_69' title="bbox 2176 2374 3765 2455">
    <p class='ocr_par' dir='ltr' id='par_1_69' title="bbox 2176 2374 3765 2455">
     <span class='ocr_line' id='line_1_69' title="bbox 2176 2374 3765 2455; baseline -0.011 -14"><span class='ocrx_word' id='word_1_474' title='bbox 2176 2386 2408 2443; x_wconf 80' lang='grc' dir='ltr'>τοιοῦτοι</span> <span class='ocrx_word' id='word_1_475' title='bbox 2456 2385 2688 2455; x_wconf 75' lang='grc' dir='ltr'>μένοιεν.</span> <span class='ocrx_word' id='word_1_476' title='bbox 2734 2385 2797 2437; x_wconf 83' lang='grc' dir='ltr'>Εἰ</span> <span class='ocrx_word' id='word_1_477' title='bbox 2850 2380 2983 2451; x_wconf 79' lang='grc' dir='ltr'>γοῦν</span> <span class='ocrx_word' id='word_1_478' title='bbox 3022 2397 3107 2443; x_wconf 84' lang='grc' dir='ltr'><strong>τις</strong></span> <span class='ocrx_word' id='word_1_479' title='bbox 3159 2377 3334 2431; x_wconf 73' lang='grc' dir='ltr'>ἐθέλει</span> <span class='ocrx_word' id='word_1_480' title='bbox 3384 2374 3765 2447; x_wconf 79' lang='grc' dir='ltr'>μνησικάκους</span> 
     </span>
    </p>
   </div>
   <div class='ocr_carea' id='block_1_70' title="bbox 2174 2466 3762 2547">
    <p class='ocr_par' dir='ltr' id='par_1_70' title="bbox 2174 2466 3762 2547">
     <span class='ocr_line' id='line_1_70' title="bbox 2174 2466 3762 2547; baseline -0.009 -15"><span class='ocrx_word' id='word_1_481' title='bbox 2174 2480 2357 2547; x_wconf 83' lang='grc' dir='ltr'>λέγειν</span> <span class='ocrx_word' id='word_1_482' title='bbox 2389 2477 2556 2547; x_wconf 76' lang='grc' dir='ltr'>ἡμᾶς,</span> <span class='ocrx_word' id='word_1_483' title='bbox 2590 2476 2845 2545; x_wconf 83' lang='grc' dir='ltr'>τολμάτω</span> <span class='ocrx_word' id='word_1_484' title='bbox 2873 2474 2966 2527; x_wconf 73' lang='grc' dir='ltr'><strong>καὶ</strong></span> <span class='ocrx_word' id='word_1_485' title='bbox 3007 2471 3213 2541; x_wconf 80' lang='grc' dir='ltr'>λεγέτω</span> <span class='ocrx_word' id='word_1_486' title='bbox 3244 2471 3336 2522; x_wconf 72' lang='grc' dir='ltr'><strong>καὶ</strong></span> <span class='ocrx_word' id='word_1_487' title='bbox 3375 2466 3647 2536; x_wconf 80' lang='grc' dir='ltr'>γελάσθω.</span> <span class='ocrx_word' id='word_1_488' title='bbox 3693 2466 3762 2517; x_wconf 84' lang='grc' dir='ltr'><strong>ῚΙ</strong></span> 
     </span>
    </p>
   </div>
   <div class='ocr_carea' id='block_1_71' title="bbox 2176 2558 3762 2641">
    <p class='ocr_par' dir='ltr' id='par_1_71' title="bbox 2176 2558 3762 2641">
     <span class='ocr_line' id='line_1_71' title="bbox 2176 2558 3762 2641; baseline -0.009 -17"><span class='ocrx_word' id='word_1_489' title='bbox 2176 2572 2223 2624; x_wconf 75' lang='grc' dir='ltr'><strong>δ’</strong></span> <span class='ocrx_word' id='word_1_490' title='bbox 2263 2570 2402 2641; x_wconf 84' lang='grc' dir='ltr'>αὐτὴ</span> <span class='ocrx_word' id='word_1_491' title='bbox 2433 2570 2528 2624; x_wconf 69' lang='lat' dir='ltr'><strong>acati.</strong></span> <span class='ocrx_word' id='word_1_492' title='bbox 2552 2571 2644 2622; x_wconf 66' lang='grc' dir='ltr'><strong>ἐπὶ</strong></span> <span class='ocrx_word' id='word_1_493' title='bbox 2676 2566 2788 2620; x_wconf 80' lang='grc' dir='ltr'>τῶν</span> <span class='ocrx_word' id='word_1_494' title='bbox 2823 2564 3001 2620; x_wconf 83' lang='grc' dir='ltr'>ἄλλων</span> <span class='ocrx_word' id='word_1_495' title='bbox 3031 2561 3243 2617; x_wconf 82' lang='grc' dir='ltr'>κακιῶν</span> <span class='ocrx_word' id='word_1_496' title='bbox 3276 2560 3485 2628; x_wconf 73' lang='grc' dir='ltr'>ἔφοδος.</span> <span class='ocrx_word' id='word_1_497' title='bbox 3515 2558 3762 2612; x_wconf 83' lang='grc' dir='ltr'>Κλέπτει</span> 
     </span>
    </p>
   </div>
   <div class='ocr_carea' id='block_1_72' title="bbox 2177 2650 3761 2733">
    <p class='ocr_par' dir='ltr' id='par_1_72' title="bbox 2177 2650 3761 2733">
     <span class='ocr_line' id='line_1_72' title="bbox 2177 2650 3761 2733; baseline -0.012 -13"><span class='ocrx_word' id='word_1_498' title='bbox 2177 2664 2410 2733; x_wconf 55' lang='grc' dir='ltr'>γείτων</span> <span class='ocrx_word' id='word_1_499' title='bbox 2498 2657 2892 2715; x_wconf 73' lang='grc' dir='ltr'>ὑποπτεύεται.</span> <span class='ocrx_word' id='word_1_500' title='bbox 2984 2654 3339 2725; x_wconf 83' lang='grc' dir='ltr'>Μνησίκακο;</span> <span class='ocrx_word' id='word_1_501' title='bbox 3414 2652 3526 2723; x_wconf 79' lang='grc' dir='ltr'>ἄρα</span> <span class='ocrx_word' id='word_1_502' title='bbox 3581 2652 3609 2704; x_wconf 88' lang='lat'><strong>6</strong></span> <span class='ocrx_word' id='word_1_503' title='bbox 3663 2650 3761 2702; x_wconf 71' lang='grc' dir='ltr'><strong>τὸν</strong></span> 
     </span>
    </p>
   </div>
   <div class='ocr_carea' id='block_1_73' title="bbox 2177 2741 3760 2826">
    <p class='ocr_par' dir='ltr' id='par_1_73' title="bbox 2177 2741 3760 2826">
     <span class='ocr_line' id='line_1_73' title="bbox 2177 2741 3760 2826; baseline -0.012 -13"><span class='ocrx_word' id='word_1_504' title='bbox 2177 2758 2484 2814; x_wconf 82' lang='grc' dir='ltr'>κλέπτοντα</span> <span class='ocrx_word' id='word_1_505' title='bbox 2512 2755 2888 2826; x_wconf 72' lang='grc' dir='ltr'>ὑπειδόμενος.</span> <span class='ocrx_word' id='word_1_506' title='bbox 2932 2752 3256 2822; x_wconf 77' lang='grc' dir='ltr'>Ἐφόνευσεν</span> <span class='ocrx_word' id='word_1_507' title='bbox 3284 2747 3496 2817; x_wconf 70' lang='grc' dir='ltr'>ἔτερος,</span> <span class='ocrx_word' id='word_1_508' title='bbox 3539 2741 3760 2815; x_wconf 80' lang='grc' dir='ltr'>ἱεροσύ-</span> 
     </span>
    </p>
   </div>
   <div class='ocr_carea' id='block_1_74' title="bbox 2175 2835 3759 2924">
    <p class='ocr_par' dir='ltr' id='par_1_74' title="bbox 2175 2835 3759 2924">
     <span class='ocr_line' id='line_1_74' title="bbox 2175 2835 3759 2924; baseline -0.013 -17"><span class='ocrx_word' id='word_1_509' title='bbox 2175 2852 2342 2924; x_wconf 87' lang='grc' dir='ltr'>λησεν</span> <span class='ocrx_word' id='word_1_510' title='bbox 2370 2851 2550 2913; x_wconf 82' lang='grc' dir='ltr'>ἄλλος,</span> <span class='ocrx_word' id='word_1_511' title='bbox 2578 2852 2604 2903; x_wconf 91' lang='grc' dir='ltr'><strong>ό</strong></span> <span class='ocrx_word' id='word_1_512' title='bbox 2634 2848 2692 2903; x_wconf 82' lang='grc' dir='ltr'><strong>δέ</strong></span> <span class='ocrx_word' id='word_1_513' title='bbox 2714 2865 2799 2912; x_wconf 86' lang='grc' dir='ltr'><strong>τις</strong></span> <span class='ocrx_word' id='word_1_514' title='bbox 2829 2845 3220 2914; x_wconf 82' lang='grc' dir='ltr'>ὲθεομάχησεν.</span> <span class='ocrx_word' id='word_1_515' title='bbox 3248 2842 3312 2896; x_wconf 79' lang='grc' dir='ltr'><strong>Εἰ</strong></span> <span class='ocrx_word' id='word_1_516' title='bbox 3341 2839 3406 2910; x_wconf 81' lang='grc' dir='ltr'><strong>δὴ</strong></span> <span class='ocrx_word' id='word_1_517' title='bbox 3442 2835 3759 2908; x_wconf 78' lang='grc' dir='ltr'>μισοῦνται,</span> 
     </span>
    </p>
   </div>
   <div class='ocr_carea' id='block_1_75' title="bbox 2179 2928 3759 3019">
    <p class='ocr_par' dir='ltr' id='par_1_75' title="bbox 2179 2928 3759 3019">
     <span class='ocr_line' id='line_1_75' title="bbox 2179 2928 3759 3019; baseline -0.013 -18"><span class='ocrx_word' id='word_1_518' title='bbox 2179 2943 2668 3019; x_wconf 74' lang='grc' dir='ltr'>μνησικακοῦνται.</span> <span class='ocrx_word' id='word_1_519' title='bbox 2730 2935 3169 3011; x_wconf 79' lang='grc' dir='ltr'>Παραλογίζεται</span> <span class='ocrx_word' id='word_1_520' title='bbox 3217 2936 3246 2989; x_wconf 91' lang='lat'><strong>6</strong></span> <span class='ocrx_word' id='word_1_521' title='bbox 3300 2931 3518 3004; x_wconf 83' lang='grc' dir='ltr'>φρονῶν</span> <span class='ocrx_word' id='word_1_522' title='bbox 3576 2928 3759 2994; x_wconf 71' lang='grc' dir='ltr'>οὕτω,</span> 
     </span>
    </p>
   </div>
   <div class='ocr_carea' id='block_1_76' title="bbox 2176 3031 2923 3102">
    <p class='ocr_par' dir='ltr' id='par_1_76' title="bbox 2176 3031 2923 3102">
     <span class='ocr_line' id='line_1_76' title="bbox 2176 3031 2923 3102; baseline -0.009 -11"><span class='ocrx_word' id='word_1_523' title='bbox 2176 3039 2272 3091; x_wconf 69' lang='grc' dir='ltr'><strong>καὶ</strong></span> <span class='ocrx_word' id='word_1_524' title='bbox 2301 3034 2464 3099; x_wconf 81' lang='grc' dir='ltr'>αὐτὸς</span> <span class='ocrx_word' id='word_1_525' title='bbox 2488 3034 2683 3089; x_wconf 72' lang='grc' dir='ltr'>ἑαυτὸν</span> <span class='ocrx_word' id='word_1_526' title='bbox 2713 3031 2923 3102; x_wconf 80' lang='grc' dir='ltr'>ἀπατᾷ.</span> 
     </span>
    </p>
   </div>
   <div class='ocr_carea' id='block_1_77' title="bbox 2248 3116 3759 3199">
    <p class='ocr_par' dir='ltr' id='par_1_77' title="bbox 2248 3116 3759 3199">
     <span class='ocr_line' id='line_1_77' title="bbox 2248 3116 3759 3199; baseline -0.011 -13"><span class='ocrx_word' id='word_1_527' title='bbox 2248 3127 2355 3199; x_wconf 83' lang='grc' dir='ltr'>κγ’.</span> <span class='ocrx_word' id='word_1_528' title='bbox 2408 3130 2529 3183; x_wconf 81' lang='grc' dir='ltr'>Ἔτι</span> <span class='ocrx_word' id='word_1_529' title='bbox 2561 3126 2720 3196; x_wconf 76' lang='grc' dir='ltr'>εἴπερ</span> <span class='ocrx_word' id='word_1_530' title='bbox 2750 3123 2861 3177; x_wconf 84' lang='grc' dir='ltr'>τῶν</span> <span class='ocrx_word' id='word_1_531' title='bbox 2913 3122 3175 3176; x_wconf 76' lang='grc' dir='ltr'>ἐναντίων</span> <span class='ocrx_word' id='word_1_532' title='bbox 3209 3122 3243 3192; x_wconf 83' lang='grc' dir='ltr'>ἡ</span> <span class='ocrx_word' id='word_1_533' title='bbox 3276 3118 3417 3190; x_wconf 77' lang='grc' dir='ltr'>αὐτὴ</span> <span class='ocrx_word' id='word_1_534' title='bbox 3469 3116 3759 3187; x_wconf 74' lang='grc' dir='ltr'>ἐπιστήμη</span> 
     </span>
    </p>
   </div>
   <div class='ocr_carea' id='block_1_78' title="bbox 2179 3210 3760 3290">
    <p class='ocr_par' dir='ltr' id='par_1_78' title="bbox 2179 3210 3760 3290">
     <span class='ocr_line' id='line_1_78' title="bbox 2179 3210 3760 3290; baseline -0.01 -13"><span class='ocrx_word' id='word_1_535' title='bbox 2179 3223 2278 3277; x_wconf 69' lang='grc' dir='ltr'>καὶ</span> <span class='ocrx_word' id='word_1_536' title='bbox 2319 3222 2520 3290; x_wconf 83' lang='grc' dir='ltr'>γνῶσις</span> <span class='ocrx_word' id='word_1_537' title='bbox 2574 3220 2724 3271; x_wconf 74' lang='grc' dir='ltr'>ἐστὶν</span> <span class='ocrx_word' id='word_1_538' title='bbox 2766 3217 2906 3283; x_wconf 74' lang='grc' dir='ltr'>(ἔστι</span> <span class='ocrx_word' id='word_1_539' title='bbox 2934 3216 2992 3269; x_wconf 82' lang='grc' dir='ltr'><strong>δὲ</strong></span> <span class='ocrx_word' id='word_1_540' title='bbox 3024 3215 3290 3282; x_wconf 80' lang='grc' dir='ltr'>πάντως),</span> <span class='ocrx_word' id='word_1_541' title='bbox 3323 3213 3410 3284; x_wconf 76' lang='grc' dir='ltr'><strong>εἴη</strong></span> <span class='ocrx_word' id='word_1_542' title='bbox 3441 3211 3507 3266; x_wconf 78' lang='grc' dir='ltr'><strong>ἂν</strong></span> <span class='ocrx_word' id='word_1_543' title='bbox 3551 3214 3584 3280; x_wconf 78' lang='grc' dir='ltr'>ἠ</span> <span class='ocrx_word' id='word_1_544' title='bbox 3616 3210 3760 3280; x_wconf 82' lang='grc' dir='ltr'>αύτῆ</span> 
     </span>
    </p>
   </div>
   <div class='ocr_carea' id='block_1_79' title="bbox 2177 3302 3761 3383">
    <p class='ocr_par' dir='ltr' id='par_1_79' title="bbox 2177 3302 3761 3383">
     <span class='ocr_line' id='line_1_79' title="bbox 2177 3302 3761 3383; baseline -0.011 -13"><span class='ocrx_word' id='word_1_545' title='bbox 2177 3318 2269 3370; x_wconf 59' lang='grc' dir='ltr'>καῖ</span> <span class='ocrx_word' id='word_1_546' title='bbox 2296 3314 2389 3369; x_wconf 78' lang='grc' dir='ltr'>τοῦ</span> <span class='ocrx_word' id='word_1_547' title='bbox 2412 3310 2828 3383; x_wconf 80' lang='grc' dir='ltr'>εὖεργετεῖσθαι</span> <span class='ocrx_word' id='word_1_548' title='bbox 2860 3308 2956 3362; x_wconf 67' lang='grc' dir='ltr'>καὶ</span> <span class='ocrx_word' id='word_1_549' title='bbox 2982 3306 3075 3361; x_wconf 86' lang='grc' dir='ltr'>τοῦ</span> <span class='ocrx_word' id='word_1_550' title='bbox 3104 3304 3435 3361; x_wconf 68' lang='grc' dir='ltr'>κακοῦσθαι.</span> <span class='ocrx_word' id='word_1_551' title='bbox 3478 3304 3539 3356; x_wconf 88' lang='lat'><strong>&#39;0</strong></span> <span class='ocrx_word' id='word_1_552' title='bbox 3572 3302 3761 3355; x_wconf 80' lang='grc' dir='ltr'>τοίνυν</span> 
     </span>
    </p>
   </div>
   <div class='ocr_carea' id='block_1_80' title="bbox 2178 3396 3762 3475">
    <p class='ocr_par' dir='ltr' id='par_1_80' title="bbox 2178 3396 3762 3475">
     <span class='ocr_line' id='line_1_80' title="bbox 2178 3396 3762 3475; baseline -0.01 -15"><span class='ocrx_word' id='word_1_553' title='bbox 2178 3406 2346 3473; x_wconf 79' lang='grc' dir='ltr'>ἀξιῶν</span> <span class='ocrx_word' id='word_1_554' title='bbox 2385 3404 2745 3475; x_wconf 72' lang='grc' dir='ltr'>ὲκριζοῦσθαι</span> <span class='ocrx_word' id='word_1_555' title='bbox 2780 3402 3136 3455; x_wconf 84' lang='grc' dir='ltr'>παντάπασιν</span> <span class='ocrx_word' id='word_1_556' title='bbox 3179 3398 3279 3462; x_wconf 76' lang='grc' dir='ltr'>τῆς</span> <span class='ocrx_word' id='word_1_557' title='bbox 3312 3399 3435 3453; x_wconf 86' lang='grc' dir='ltr'>κατ’</span> <span class='ocrx_word' id='word_1_558' title='bbox 3470 3396 3762 3465; x_wconf 82' lang='grc' dir='ltr'>ἄνθρωπον</span> 
     </span>
    </p>
   </div>
   <div class='ocr_carea' id='block_1_81' title="bbox 2177 3488 3767 3571">
    <p class='ocr_par' dir='ltr' id='par_1_81' title="bbox 2177 3488 3767 3571">
     <span class='ocr_line' id='line_1_81' title="bbox 2177 3488 3767 3571; baseline -0.009 -18"><span class='ocrx_word' id='word_1_559' title='bbox 2177 3499 2358 3571; x_wconf 79' lang='grc' dir='ltr'>ψυχῆς</span> <span class='ocrx_word' id='word_1_560' title='bbox 2388 3499 2449 3551; x_wconf 80' lang='grc' dir='ltr'>τὸ</span> <span class='ocrx_word' id='word_1_561' title='bbox 2479 3496 2813 3568; x_wconf 82' lang='grc' dir='ltr'>μεμνῆσθαι,</span> <span class='ocrx_word' id='word_1_562' title='bbox 2850 3494 2927 3556; x_wconf 83' lang='grc' dir='ltr'>ὡς</span> <span class='ocrx_word' id='word_1_563' title='bbox 2977 3492 3165 3555; x_wconf 85' lang='grc' dir='ltr'>κακῶς</span> <span class='ocrx_word' id='word_1_564' title='bbox 3195 3490 3362 3546; x_wconf 82' lang='grc' dir='ltr'>ποθεν</span> <span class='ocrx_word' id='word_1_565' title='bbox 3404 3488 3599 3553; x_wconf 73' lang='grc' dir='ltr'>ἔπαθε,</span> <span class='ocrx_word' id='word_1_566' title='bbox 3636 3504 3767 3539; x_wconf 85' lang='grc' dir='ltr'>συν-</span> 
     </span>
    </p>
   </div>
   <div class='ocr_carea' id='block_1_82' title="bbox 2180 3578 3766 3652">
    <p class='ocr_par' dir='ltr' id='par_1_82' title="bbox 2180 3578 3766 3652">
     <span class='ocr_line' id='line_1_82' title="bbox 2180 3578 3766 3652; baseline -0.007 -13"><span class='ocrx_word' id='word_1_567' title='bbox 2180 3589 2452 3642; x_wconf 76' lang='grc' dir='ltr'>εκσπάσοι</span> <span class='ocrx_word' id='word_1_568' title='bbox 2475 3588 2542 3641; x_wconf 78' lang='grc' dir='ltr'>ἂν</span> <span class='ocrx_word' id='word_1_569' title='bbox 2574 3586 2667 3639; x_wconf 74' lang='grc' dir='ltr'>καὶ</span> <span class='ocrx_word' id='word_1_570' title='bbox 2696 3585 2755 3638; x_wconf 83' lang='grc' dir='ltr'><strong>τὸ</strong></span> <span class='ocrx_word' id='word_1_571' title='bbox 2783 3585 3074 3639; x_wconf 78' lang='grc' dir='ltr'>κάλλιστον</span> <span class='ocrx_word' id='word_1_572' title='bbox 3112 3583 3299 3650; x_wconf 75' lang='grc' dir='ltr'>φυτὸν,</span> <span class='ocrx_word' id='word_1_573' title='bbox 3332 3581 3433 3652; x_wconf 76' lang='grc' dir='ltr'>τὴν</span> <span class='ocrx_word' id='word_1_574' title='bbox 3470 3579 3580 3633; x_wconf 82' lang='grc' dir='ltr'><strong>τῶν</strong></span> <span class='ocrx_word' id='word_1_575' title='bbox 3605 3578 3766 3646; x_wconf 80' lang='grc' dir='ltr'>εὐερ-</span> 
     </span>
    </p>
   </div>
   <div class='ocr_carea' id='block_1_83' title="bbox 2184 3668 3762 3749">
    <p class='ocr_par' dir='ltr' id='par_1_83' title="bbox 2184 3668 3762 3749">
     <span class='ocr_line' id='line_1_83' title="bbox 2184 3668 3762 3749; baseline -0.007 -17"><span class='ocrx_word' id='word_1_576' title='bbox 2184 3680 2383 3748; x_wconf 80' lang='grc' dir='ltr'>γεσιῶν</span> <span class='ocrx_word' id='word_1_577' title='bbox 2421 3679 2664 3749; x_wconf 79' lang='grc' dir='ltr'>μνήμην,</span> <span class='ocrx_word' id='word_1_578' title='bbox 2716 3677 2813 3730; x_wconf 73' lang='grc' dir='ltr'><strong>καὶ</strong></span> <span class='ocrx_word' id='word_1_579' title='bbox 2861 3678 2953 3729; x_wconf 69' lang='grc' dir='ltr'>τὸν</span> <span class='ocrx_word' id='word_1_580' title='bbox 3007 3677 3065 3729; x_wconf 76' lang='grc' dir='ltr'>ἐν</span> <span class='ocrx_word' id='word_1_581' title='bbox 3098 3674 3232 3744; x_wconf 83' lang='grc' dir='ltr'>ήμῖν</span> <span class='ocrx_word' id='word_1_582' title='bbox 3270 3673 3551 3745; x_wconf 76' lang='grc' dir='ltr'>ἐρημώσει</span> <span class='ocrx_word' id='word_1_583' title='bbox 3582 3668 3762 3737; x_wconf 80' lang='grc' dir='ltr'>παρά-</span> 
     </span>
    </p>
   </div>
   <div class='ocr_carea' id='block_1_84' title="bbox 2181 3763 3763 3836">
    <p class='ocr_par' dir='ltr' id='par_1_84' title="bbox 2181 3763 3763 3836">
     <span class='ocr_line' id='line_1_84' title="bbox 2181 3763 3763 3836; baseline -0.007 -12"><span class='ocrx_word' id='word_1_584' title='bbox 2181 3773 2397 3826; x_wconf 83' lang='grc' dir='ltr'>δεισον·</span> <span class='ocrx_word' id='word_1_585' title='bbox 2452 3770 2547 3823; x_wconf 75' lang='grc' dir='ltr'><strong>καὶ</strong></span> <span class='ocrx_word' id='word_1_586' title='bbox 2618 3768 2803 3822; x_wconf 75' lang='grc' dir='ltr'>οὐκέτι</span> <span class='ocrx_word' id='word_1_587' title='bbox 2859 3766 2927 3821; x_wconf 74' lang='grc' dir='ltr'>ἄν</span> <span class='ocrx_word' id='word_1_588' title='bbox 2988 3783 3072 3829; x_wconf 88' lang='grc' dir='ltr'><strong>τις</strong></span> <span class='ocrx_word' id='word_1_589' title='bbox 3131 3765 3299 3836; x_wconf 77' lang='grc' dir='ltr'>εἰδείη</span> <span class='ocrx_word' id='word_1_590' title='bbox 3357 3763 3763 3835; x_wconf 76' lang='grc' dir='ltr'>αἰσθήσεσθαι,</span> 
     </span>
    </p>
   </div>
   <div class='ocr_carea' id='block_1_85' title="bbox 2183 3855 3770 3932">
    <p class='ocr_par' dir='ltr' id='par_1_85' title="bbox 2183 3855 3770 3932">
     <span class='ocr_line' id='line_1_85' title="bbox 2183 3855 3770 3932; baseline -0.004 -17"><span class='ocrx_word' id='word_1_591' title='bbox 2183 3862 2374 3932; x_wconf 81' lang='grc' dir='ltr'>ὥσπερ</span> <span class='ocrx_word' id='word_1_592' title='bbox 2428 3858 2524 3914; x_wconf 77' lang='grc' dir='ltr'>τοῦ</span> <span class='ocrx_word' id='word_1_593' title='bbox 2577 3858 2926 3926; x_wconf 80' lang='grc' dir='ltr'>κακωθῆναι,</span> <span class='ocrx_word' id='word_1_594' title='bbox 2964 3857 3140 3921; x_wconf 80' lang='grc' dir='ltr'>οὑτως</span> <span class='ocrx_word' id='word_1_595' title='bbox 3187 3857 3310 3910; x_wconf 75' lang='grc' dir='ltr'>οὐδὲ</span> <span class='ocrx_word' id='word_1_596' title='bbox 3344 3855 3438 3909; x_wconf 81' lang='grc' dir='ltr'>τοῦ</span> <span class='ocrx_word' id='word_1_597' title='bbox 3470 3857 3770 3926; x_wconf 50' lang='lat' dir='ltr'><strong>susp-{stn-</strong></span> 
     </span>
    </p>
   </div>
   <div class='ocr_carea' id='block_1_86' title="bbox 2186 3940 3762 4023">
    <p class='ocr_par' dir='ltr' id='par_1_86' title="bbox 2186 3940 3762 4023">
     <span class='ocr_line' id='line_1_86' title="bbox 2186 3940 3762 4023; baseline -0.001 -18"><span class='ocrx_word' id='word_1_598' title='bbox 2186 3953 2364 4023; x_wconf 79' lang='grc' dir='ltr'>θῆναι.</span> <span class='ocrx_word' id='word_1_599' title='bbox 2411 3940 2614 4019; x_wconf 76' lang='grc' dir='ltr'>Ἡγὰρ</span> <span class='ocrx_word' id='word_1_600' title='bbox 2659 3950 2801 4021; x_wconf 78' lang='grc' dir='ltr'>αὐτὴ</span> <span class='ocrx_word' id='word_1_601' title='bbox 2853 3951 3020 4020; x_wconf 79' lang='grc' dir='ltr'>ἄμφω</span> <span class='ocrx_word' id='word_1_602' title='bbox 3071 3945 3214 4002; x_wconf 78' lang='grc' dir='ltr'>οἶδεν</span> <span class='ocrx_word' id='word_1_603' title='bbox 3261 3946 3322 4012; x_wconf 75' lang='grc' dir='ltr'><strong>ἐξ</strong></span> <span class='ocrx_word' id='word_1_604' title='bbox 3372 3948 3762 4016; x_wconf 81' lang='grc' dir='ltr'>ἀναμνήσεως.</span> 
     </span>
    </p>
   </div>
   <div class='ocr_carea' id='block_1_87' title="bbox 2186 4039 3767 4114">
    <p class='ocr_par' dir='ltr' id='par_1_87' title="bbox 2186 4039 3767 4114">
     <span class='ocr_line' id='line_1_87' title="bbox 2186 4039 3767 4114; baseline -0.006 -13"><span class='ocrx_word' id='word_1_605' title='bbox 2186 4048 2247 4103; x_wconf 85' lang='grc' dir='ltr'><strong>Εἰ</strong></span> <span class='ocrx_word' id='word_1_606' title='bbox 2278 4046 2333 4100; x_wconf 85' lang='grc' dir='ltr'><strong>δέ</strong></span> <span class='ocrx_word' id='word_1_607' title='bbox 2364 4063 2448 4109; x_wconf 88' lang='grc' dir='ltr'><strong>τις</strong></span> <span class='ocrx_word' id='word_1_608' title='bbox 2490 4045 2721 4114; x_wconf 78' lang='grc' dir='ltr'>θατέρου</span> <span class='ocrx_word' id='word_1_609' title='bbox 2763 4044 2990 4114; x_wconf 86' lang='grc' dir='ltr'>μνήμην</span> <span class='ocrx_word' id='word_1_610' title='bbox 3040 4042 3140 4094; x_wconf 79' lang='grc' dir='ltr'><strong>οὐκ</strong></span> <span class='ocrx_word' id='word_1_611' title='bbox 3186 4039 3302 4110; x_wconf 77' lang='grc' dir='ltr'>ἔχει</span> <span class='ocrx_word' id='word_1_612' title='bbox 3331 4039 3767 4109; x_wconf 79' lang='grc' dir='ltr'>ἀναλαμϐάνειν,</span> 
     </span>
    </p>
   </div>
   <div class='ocr_carea' id='block_1_88' title="bbox 2186 4132 3772 4206">
    <p class='ocr_par' dir='ltr' id='par_1_88' title="bbox 2186 4132 3772 4206">
     <span class='ocr_line' id='line_1_88' title="bbox 2186 4132 3772 4206; baseline -0.005 -12"><span class='ocrx_word' id='word_1_613' title='bbox 2186 4139 2285 4194; x_wconf 83' lang='grc' dir='ltr'><strong>οὑκ</strong></span> <span class='ocrx_word' id='word_1_614' title='bbox 2316 4141 2382 4194; x_wconf 79' lang='grc' dir='ltr'><strong>ἂν</strong></span> <span class='ocrx_word' id='word_1_615' title='bbox 2419 4138 2541 4192; x_wconf 76' lang='grc' dir='ltr'>οὑδὲ</span> <span class='ocrx_word' id='word_1_616' title='bbox 2589 4136 2683 4189; x_wconf 77' lang='grc' dir='ltr'>τοῦ</span> <span class='ocrx_word' id='word_1_617' title='bbox 2717 4136 2933 4206; x_wconf 82' lang='grc' dir='ltr'>ἐτέρου.</span> <span class='ocrx_word' id='word_1_618' title='bbox 2984 4135 3093 4189; x_wconf 74' lang='grc' dir='ltr'>Καὶ</span> <span class='ocrx_word' id='word_1_619' title='bbox 3117 4133 3354 4202; x_wconf 71' lang='grc' dir='ltr'>οὖτωςή</span> <span class='ocrx_word' id='word_1_620' title='bbox 3393 4133 3515 4187; x_wconf 75' lang='grc' dir='ltr'>κατ’</span> <span class='ocrx_word' id='word_1_621' title='bbox 3554 4132 3772 4203; x_wconf 75' lang='grc' dir='ltr'>ἄνθρω-</span> 
     </span>
    </p>
   </div>
   <div class='ocr_carea' id='block_1_89' title="bbox 2192 4230 2995 4298">
    <p class='ocr_par' dir='ltr' id='par_1_89' title="bbox 2192 4230 2995 4298">
     <span class='ocr_line' id='line_1_89' title="bbox 2192 4230 2995 4298; baseline -0.006 -12"><span class='ocrx_word' id='word_1_622' title='bbox 2192 4249 2292 4286; x_wconf 88' lang='grc' dir='ltr'><strong>πον</strong></span> <span class='ocrx_word' id='word_1_623' title='bbox 2345 4230 2618 4298; x_wconf 85' lang='grc' dir='ltr'>τελειότης</span> <span class='ocrx_word' id='word_1_624' title='bbox 2660 4230 2995 4284; x_wconf 70' lang='grc' dir='ltr'>ἐκλέλοιπεν.</span> 
     </span>
    </p>
   </div>
   <div class='ocr_carea' id='block_1_90' title="bbox 2259 4319 3774 4393">
    <p class='ocr_par' dir='ltr' id='par_1_90' title="bbox 2259 4319 3774 4393">
     <span class='ocr_line' id='line_1_90' title="bbox 2259 4319 3774 4393; baseline -0.004 -14"><span class='ocrx_word' id='word_1_625' title='bbox 2259 4324 2360 4379; x_wconf 78' lang='grc' dir='ltr'>κδ’.</span> <span class='ocrx_word' id='word_1_626' title='bbox 2389 4325 2512 4377; x_wconf 86' lang='grc' dir='ltr'>Ἔτι</span> <span class='ocrx_word' id='word_1_627' title='bbox 2551 4323 2614 4376; x_wconf 75' lang='grc' dir='ltr'>τὸ</span> <span class='ocrx_word' id='word_1_628' title='bbox 2672 4322 2983 4393; x_wconf 80' lang='grc' dir='ltr'>μεμνῆσθαι</span> <span class='ocrx_word' id='word_1_629' title='bbox 3017 4319 3194 4373; x_wconf 79' lang='grc' dir='ltr'>κακοῦ</span> <span class='ocrx_word' id='word_1_630' title='bbox 3257 4319 3339 4381; x_wconf 78' lang='grc' dir='ltr'>εἰς</span> <span class='ocrx_word' id='word_1_631' title='bbox 3392 4319 3566 4373; x_wconf 77' lang='grc' dir='ltr'>πολλὰ</span> <span class='ocrx_word' id='word_1_632' title='bbox 3594 4319 3774 4373; x_wconf 77' lang='grc' dir='ltr'>ἐθέλει</span> 
     </span>
    </p>
   </div>
   <div class='ocr_carea' id='block_1_91' title="bbox 2191 4410 3780 4484">
    <p class='ocr_par' dir='ltr' id='par_1_91' title="bbox 2191 4410 3780 4484">
     <span class='ocr_line' id='line_1_91' title="bbox 2191 4410 3780 4484; baseline -0.005 -14"><span class='ocrx_word' id='word_1_633' title='bbox 2191 4415 2520 4471; x_wconf 70' lang='grc' dir='ltr'>ἀπλοῦσθαυ</span> <span class='ocrx_word' id='word_1_634' title='bbox 2575 4415 2637 4468; x_wconf 78' lang='grc' dir='ltr'><strong>ού</strong></span> <span class='ocrx_word' id='word_1_635' title='bbox 2690 4415 2799 4484; x_wconf 85' lang='grc' dir='ltr'><strong>γάρ</strong></span> <span class='ocrx_word' id='word_1_636' title='bbox 2852 4415 3002 4466; x_wconf 75' lang='grc' dir='ltr'>ἐστιν</span> <span class='ocrx_word' id='word_1_637' title='bbox 3036 4413 3280 4483; x_wconf 77' lang='grc' dir='ltr'>άσχιδὲς.</span> <span class='ocrx_word' id='word_1_638' title='bbox 3323 4410 3479 4481; x_wconf 77' lang='grc' dir='ltr'>Ἔχει</span> <span class='ocrx_word' id='word_1_639' title='bbox 3509 4429 3591 4475; x_wconf 88' lang='grc' dir='ltr'><strong>τις</strong></span> <span class='ocrx_word' id='word_1_640' title='bbox 3635 4414 3780 4482; x_wconf 80' lang='grc' dir='ltr'>μνή-</span> 
     </span>
    </p>
   </div>
   <div class='ocr_carea' id='block_1_92' title="bbox 504 4490 2078 4579">
    <p class='ocr_par' dir='ltr' id='par_1_92' title="bbox 504 4498 2078 4571">
     <span class='ocr_line' id='line_1_92' title="bbox 504 4498 2078 4571; baseline 0.003 -19"><span class='ocrx_word' id='word_1_641' title='bbox 504 4498 680 4553; x_wconf 90' lang='lat' dir='ltr'><strong>m0ria</strong></span> <span class='ocrx_word' id='word_1_642' title='bbox 743 4508 925 4567; x_wconf 89' lang='lat' dir='ltr'><strong>tenet,</strong></span> <span class='ocrx_word' id='word_1_643' title='bbox 981 4500 1127 4571; x_wconf 88' lang='lat' dir='ltr'><strong>quod</strong></span> <span class='ocrx_word' id='word_1_644' title='bbox 1186 4502 1535 4571; x_wconf 66' lang='lat' dir='ltr'><strong>mgrotaverit</strong></span> <span class='ocrx_word' id='word_1_645' title='bbox 1602 4500 1687 4569; x_wconf 90' lang='lat' dir='ltr'><strong>(si</strong></span> <span class='ocrx_word' id='word_1_646' title='bbox 1749 4516 1883 4556; x_wconf 85' lang='lat' dir='ltr'><strong>sane</strong></span> <span class='ocrx_word' id='word_1_647' title='bbox 1949 4499 2078 4570; x_wconf 83' lang='lat' dir='ltr'><strong>quid</strong></span> 
     </span>
    </p>
   </div>
   <div class='ocr_carea' id='block_1_93' title="bbox 2180 4490 3779 4579">
    <p class='ocr_par' dir='ltr' id='par_1_93' title="bbox 2190 4503 3779 4579">
     <span class='ocr_line' id='line_1_93' title="bbox 2190 4503 3779 4579; baseline -0.004 -17"><span class='ocrx_word' id='word_1_648' title='bbox 2190 4526 2320 4579; x_wconf 88' lang='grc' dir='ltr'>μην,</span> <span class='ocrx_word' id='word_1_649' title='bbox 2352 4510 2428 4572; x_wconf 87' lang='grc' dir='ltr'>ὠς</span> <span class='ocrx_word' id='word_1_650' title='bbox 2455 4509 2675 4577; x_wconf 85' lang='grc' dir='ltr'>νοσήσοι</span> <span class='ocrx_word' id='word_1_651' title='bbox 2721 4507 2854 4560; x_wconf 83' lang='grc' dir='ltr'>ποτὲ</span> <span class='ocrx_word' id='word_1_652' title='bbox 2888 4507 2961 4573; x_wconf 85' lang='grc' dir='ltr'><strong>(εἰ</strong></span> <span class='ocrx_word' id='word_1_653' title='bbox 3003 4506 3067 4575; x_wconf 87' lang='grc' dir='ltr'>δή</span> <span class='ocrx_word' id='word_1_654' title='bbox 3107 4522 3161 4558; x_wconf 91' lang='grc' dir='ltr'><strong>τι</strong></span> <span class='ocrx_word' id='word_1_655' title='bbox 3208 4503 3381 4557; x_wconf 80' lang='grc' dir='ltr'>κακὸν</span> <span class='ocrx_word' id='word_1_656' title='bbox 3410 4506 3442 4574; x_wconf 85' lang='grc' dir='ltr'>ὴ</span> <span class='ocrx_word' id='word_1_657' title='bbox 3492 4504 3670 4568; x_wconf 82' lang='grc' dir='ltr'>νόσος)</span> <span class='ocrx_word' id='word_1_658' title='bbox 3698 4503 3779 4567; x_wconf 83' lang='grc' dir='ltr'>ὡς</span> 
     </span>
    </p>
   </div>
   <div class='ocr_carea' id='block_1_94' title="bbox 509 4588 2084 4661">
    <p class='ocr_par' dir='ltr' id='par_1_94' title="bbox 509 4588 2084 4661">
     <span class='ocr_line' id='line_1_94' title="bbox 509 4588 2084 4661; baseline 0.002 -19"><span class='ocrx_word' id='word_1_659' title='bbox 509 4588 636 4644; x_wconf 89' lang='lat' dir='ltr'><strong>mali</strong></span> <span class='ocrx_word' id='word_1_660' title='bbox 667 4591 737 4644; x_wconf 88' lang='lat' dir='ltr'><strong>sit</strong></span> <span class='ocrx_word' id='word_1_661' title='bbox 761 4589 1073 4661; x_wconf 53' lang='lat' dir='ltr'><strong>aegritudo),</strong></span> <span class='ocrx_word' id='word_1_662' title='bbox 1103 4591 1249 4661; x_wconf 89' lang='lat' dir='ltr'><strong>quod</strong></span> <span class='ocrx_word' id='word_1_663' title='bbox 1295 4591 1559 4647; x_wconf 87' lang='lat' dir='ltr'><strong>ceciderit</strong></span> <span class='ocrx_word' id='word_1_664' title='bbox 1605 4591 1660 4646; x_wconf 91' lang='lat' dir='ltr'><strong>in</strong></span> <span class='ocrx_word' id='word_1_665' title='bbox 1696 4606 1845 4646; x_wconf 88' lang='lat' dir='ltr'><strong>mare</strong></span> <span class='ocrx_word' id='word_1_666' title='bbox 1895 4589 2084 4646; x_wconf 80' lang='lat' dir='ltr'><strong>furens</strong></span> 
     </span>
    </p>
   </div>
   <div class='ocr_carea' id='block_1_95' title="bbox 508 4682 2086 4753">
    <p class='ocr_par' dir='ltr' id='par_1_95' title="bbox 508 4682 2086 4753">
     <span class='ocr_line' id='line_1_95' title="bbox 508 4682 2086 4753; baseline 0.001 -17"><span class='ocrx_word' id='word_1_667' title='bbox 508 4688 564 4736; x_wconf 89' lang='lat' dir='ltr'><strong>et</strong></span> <span class='ocrx_word' id='word_1_668' title='bbox 627 4684 692 4737; x_wconf 89' lang='lat' dir='ltr'><strong>ad</strong></span> <span class='ocrx_word' id='word_1_669' title='bbox 740 4683 1016 4738; x_wconf 84' lang='lat' dir='ltr'><strong>infernum</strong></span> <span class='ocrx_word' id='word_1_670' title='bbox 1062 4684 1342 4739; x_wconf 87' lang='lat' dir='ltr'><strong>attrahere</strong></span> <span class='ocrx_word' id='word_1_671' title='bbox 1389 4691 1640 4748; x_wconf 87' lang='lat' dir='ltr'><strong>tentans;</strong></span> <span class='ocrx_word' id='word_1_672' title='bbox 1693 4684 1838 4753; x_wconf 91' lang='lat' dir='ltr'><strong>quod</strong></span> <span class='ocrx_word' id='word_1_673' title='bbox 1903 4682 2086 4753; x_wconf 68' lang='lat' dir='ltr'><strong>gravis</strong></span> 
     </span>
    </p>
   </div>
   <div class='ocr_carea' id='block_1_96' title="bbox 508 4773 2091 4844">
    <p class='ocr_par' dir='ltr' id='par_1_96' title="bbox 508 4773 2091 4844">
     <span class='ocr_line' id='line_1_96' title="bbox 508 4773 2091 4844; baseline 0.001 -17"><span class='ocrx_word' id='word_1_674' title='bbox 508 4773 663 4844; x_wconf 80' lang='lat' dir='ltr'><strong>plaga</strong></span> <span class='ocrx_word' id='word_1_675' title='bbox 711 4773 874 4830; x_wconf 74' lang='lat' dir='ltr'><strong>fuerit</strong></span> <span class='ocrx_word' id='word_1_676' title='bbox 914 4776 1132 4831; x_wconf 86' lang='lat' dir='ltr'><strong>incussa</strong></span> <span class='ocrx_word' id='word_1_677' title='bbox 1180 4789 1351 4843; x_wconf 85' lang='lat' dir='ltr'><strong>ense,</strong></span> <span class='ocrx_word' id='word_1_678' title='bbox 1398 4790 1506 4830; x_wconf 86' lang='lat' dir='ltr'><strong>non</strong></span> <span class='ocrx_word' id='word_1_679' title='bbox 1552 4775 1773 4841; x_wconf 88' lang='lat' dir='ltr'><strong>alieno,</strong></span> <span class='ocrx_word' id='word_1_680' title='bbox 1821 4775 1916 4831; x_wconf 87' lang='lat' dir='ltr'><strong>sed</strong></span> <span class='ocrx_word' id='word_1_681' title='bbox 1964 4790 2091 4843; x_wconf 90' lang='lat' dir='ltr'><strong>pro-</strong></span> 
     </span>
    </p>
   </div>
   <div class='ocr_carea' id='block_1_97' title="bbox 509 4865 2088 4939">
    <p class='ocr_par' dir='ltr' id='par_1_97' title="bbox 509 4865 2088 4939">
     <span class='ocr_line' id='line_1_97' title="bbox 509 4865 2088 4939; baseline 0.003 -21"><span class='ocrx_word' id='word_1_682' title='bbox 509 4865 631 4936; x_wconf 89' lang='lat' dir='ltr'><strong>prio</strong></span> <span class='ocrx_word' id='word_1_683' title='bbox 696 4880 793 4936; x_wconf 88' lang='lat' dir='ltr'><strong>per</strong></span> <span class='ocrx_word' id='word_1_684' title='bbox 843 4867 1079 4937; x_wconf 89' lang='lat' dir='ltr'><strong>aliquem</strong></span> <span class='ocrx_word' id='word_1_685' title='bbox 1121 4867 1218 4924; x_wconf 81' lang='lat' dir='ltr'><strong>fati</strong></span> <span class='ocrx_word' id='word_1_686' title='bbox 1271 4882 1499 4935; x_wconf 87' lang='lat' dir='ltr'><strong>casum,</strong></span> <span class='ocrx_word' id='word_1_687' title='bbox 1556 4869 1698 4939; x_wconf 86' lang='lat' dir='ltr'><strong>quod</strong></span> <span class='ocrx_word' id='word_1_688' title='bbox 1759 4869 1811 4923; x_wconf 93' lang='lat' dir='ltr'><strong>in</strong></span> <span class='ocrx_word' id='word_1_689' title='bbox 1861 4866 2088 4938; x_wconf 72' lang='lat' dir='ltr'><strong>profun-</strong></span> 
     </span>
    </p>
   </div>
   <div class='ocr_carea' id='block_1_98' title="bbox 510 4954 2092 5030">
    <p class='ocr_par' dir='ltr' id='par_1_98' title="bbox 510 4954 2092 5030">
     <span class='ocr_line' id='line_1_98' title="bbox 510 4954 2092 5030; baseline 0.003 -21"><span class='ocrx_word' id='word_1_690' title='bbox 510 4956 636 5010; x_wconf 90' lang='lat' dir='ltr'><strong>dam</strong></span> <span class='ocrx_word' id='word_1_691' title='bbox 662 4954 872 5011; x_wconf 76' lang='lat' dir='ltr'><strong>foveam</strong></span> <span class='ocrx_word' id='word_1_692' title='bbox 893 4971 961 5012; x_wconf 80' lang='lat' dir='ltr'><strong>ex</strong></span> <span class='ocrx_word' id='word_1_693' title='bbox 981 4956 1313 5015; x_wconf 78' lang='lat' dir='ltr'><strong>oﬁ&#39;endiculo</strong></span> <span class='ocrx_word' id='word_1_694' title='bbox 1337 4960 1554 5030; x_wconf 87' lang='lat' dir='ltr'><strong>lapsus,</strong></span> <span class='ocrx_word' id='word_1_695' title='bbox 1583 4960 1728 5030; x_wconf 86' lang='lat' dir='ltr'><strong>quod</strong></span> <span class='ocrx_word' id='word_1_696' title='bbox 1758 4959 1858 5014; x_wconf 92' lang='lat' dir='ltr'><strong>rivi</strong></span> <span class='ocrx_word' id='word_1_697' title='bbox 1888 4958 2092 5014; x_wconf 84' lang='lat' dir='ltr'><strong>ﬂuento</strong></span> 
     </span>
    </p>
   </div>
   <div class='ocr_carea' id='block_1_99' title="bbox 511 5047 2091 5124">
    <p class='ocr_par' dir='ltr' id='par_1_99' title="bbox 511 5047 2091 5124">
     <span class='ocr_line' id='line_1_99' title="bbox 511 5047 2091 5124; baseline 0.003 -21"><span class='ocrx_word' id='word_1_698' title='bbox 511 5057 823 5118; x_wconf 88' lang='lat' dir='ltr'><strong>pertractus</strong></span> <span class='ocrx_word' id='word_1_699' title='bbox 843 5047 1042 5105; x_wconf 71' lang='lat' dir='ltr'><strong>fuerit.</strong></span> <span class='ocrx_word' id='word_1_700' title='bbox 1086 5050 1218 5107; x_wconf 58' lang='lat' dir='ltr'><strong>Haec</strong></span> <span class='ocrx_word' id='word_1_701' title='bbox 1264 5051 1429 5124; x_wconf 74' lang='lat' dir='ltr'><strong>igitur</strong></span> <span class='ocrx_word' id='word_1_702' title='bbox 1457 5053 1727 5124; x_wconf 84' lang='lat' dir='ltr'><strong>perpessi,</strong></span> <span class='ocrx_word' id='word_1_703' title='bbox 1762 5053 1879 5109; x_wconf 86' lang='lat' dir='ltr'><strong>sive</strong></span> <span class='ocrx_word' id='word_1_704' title='bbox 1926 5067 2091 5119; x_wconf 87' lang='lat' dir='ltr'><strong>unus,</strong></span> 
     </span>
    </p>
   </div>
   <div class='ocr_carea' id='block_1_100' title="bbox 515 5140 2096 5215">
    <p class='ocr_par' dir='ltr' id='par_1_100' title="bbox 515 5140 2096 5215">
     <span class='ocr_line' id='line_1_100' title="bbox 515 5140 2096 5215; baseline 0.003 -21"><span class='ocrx_word' id='word_1_705' title='bbox 515 5140 634 5196; x_wconf 88' lang='lat' dir='ltr'><strong>sive</strong></span> <span class='ocrx_word' id='word_1_706' title='bbox 658 5141 862 5210; x_wconf 87' lang='lat' dir='ltr'><strong>plures,</strong></span> <span class='ocrx_word' id='word_1_707' title='bbox 924 5157 1028 5197; x_wconf 89' lang='lat' dir='ltr'><strong>non</strong></span> <span class='ocrx_word' id='word_1_708' title='bbox 1088 5145 1336 5208; x_wconf 85' lang='lat' dir='ltr'><strong>omnino.</strong></span> <span class='ocrx_word' id='word_1_709' title='bbox 1389 5160 1437 5201; x_wconf 79' lang='grc' dir='ltr'><strong>ει</strong></span> <span class='ocrx_word' id='word_1_710' title='bbox 1491 5145 1841 5200; x_wconf 90' lang='lat' dir='ltr'><strong>meminerint</strong></span> <span class='ocrx_word' id='word_1_711' title='bbox 1896 5144 2096 5215; x_wconf 83' lang='lat' dir='ltr'><strong>quibus</strong></span> 
     </span>
    </p>
   </div>
   <div class='ocr_carea' id='block_1_101' title="bbox 517 5234 2097 5307">
    <p class='ocr_par' dir='ltr' id='par_1_101' title="bbox 517 5234 2097 5307">
     <span class='ocr_line' id='line_1_101' title="bbox 517 5234 2097 5307; baseline 0.002 -18"><span class='ocrx_word' id='word_1_712' title='bbox 517 5234 861 5290; x_wconf 88' lang='lat' dir='ltr'><strong>occurrerint</strong></span> <span class='ocrx_word' id='word_1_713' title='bbox 929 5236 1126 5303; x_wconf 90' lang='lat' dir='ltr'><strong>malis,</strong></span> <span class='ocrx_word' id='word_1_714' title='bbox 1171 5238 1296 5294; x_wconf 88' lang='lat' dir='ltr'><strong>mali</strong></span> <span class='ocrx_word' id='word_1_715' title='bbox 1360 5239 1640 5295; x_wconf 72' lang='lat' dir='ltr'><strong>memoriae</strong></span> <span class='ocrx_word' id='word_1_716' title='bbox 1696 5236 1876 5293; x_wconf 87' lang='lat' dir='ltr'><strong>reatui</strong></span> <span class='ocrx_word' id='word_1_717' title='bbox 1926 5235 2097 5307; x_wconf 83' lang='lat' dir='ltr'><strong>subji-</strong></span> 
     </span>
    </p>
   </div>
   <div class='ocr_carea' id='block_1_102' title="bbox 519 5326 2097 5401">
    <p class='ocr_par' dir='ltr' id='par_1_102' title="bbox 519 5326 2097 5401">
     <span class='ocr_line' id='line_1_102' title="bbox 519 5326 2097 5401; baseline 0.002 -22"><span class='ocrx_word' id='word_1_718' title='bbox 519 5334 792 5394; x_wconf 86' lang='lat' dir='ltr'><strong>cerentur,</strong></span> <span class='ocrx_word' id='word_1_719' title='bbox 849 5326 977 5392; x_wconf 76' lang='lat' dir='ltr'><strong>nisi,</strong></span> <span class='ocrx_word' id='word_1_720' title='bbox 1024 5329 1114 5399; x_wconf 89' lang='lat' dir='ltr'><strong>qui</strong></span> <span class='ocrx_word' id='word_1_721' title='bbox 1182 5329 1322 5386; x_wconf 90' lang='lat' dir='ltr'><strong>male</strong></span> <span class='ocrx_word' id='word_1_722' title='bbox 1363 5329 1679 5401; x_wconf 84' lang='lat' dir='ltr'><strong>loquuntur,</strong></span> <span class='ocrx_word' id='word_1_723' title='bbox 1740 5331 1820 5384; x_wconf 88' lang='lat' dir='ltr'><strong>sic</strong></span> <span class='ocrx_word' id='word_1_724' title='bbox 1891 5329 2097 5399; x_wconf 81' lang='lat' dir='ltr'><strong>impro-</strong></span> 
     </span>
    </p>
   </div>
   <div class='ocr_carea' id='block_1_103' title="bbox 523 5414 2095 5493">
    <p class='ocr_par' dir='ltr' id='par_1_103' title="bbox 523 5414 2095 5493">
     <span class='ocr_line' id='line_1_103' title="bbox 523 5414 2095 5493; baseline 0.002 -24"><span class='ocrx_word' id='word_1_725' title='bbox 523 5414 641 5484; x_wconf 86' lang='lat' dir='ltr'><strong>prie</strong></span> <span class='ocrx_word' id='word_1_726' title='bbox 666 5416 850 5473; x_wconf 90' lang='lat' dir='ltr'><strong>dicere</strong></span> <span class='ocrx_word' id='word_1_727' title='bbox 880 5417 1075 5476; x_wconf 86' lang='lat' dir='ltr'><strong>velint.</strong></span> <span class='ocrx_word' id='word_1_728' title='bbox 1106 5421 1297 5491; x_wconf 82' lang='lat' dir='ltr'><strong>Itaque</strong></span> <span class='ocrx_word' id='word_1_729' title='bbox 1347 5436 1444 5491; x_wconf 89' lang='lat' dir='ltr'><strong>per</strong></span> <span class='ocrx_word' id='word_1_730' title='bbox 1469 5423 1776 5493; x_wconf 79' lang='lat' dir='ltr'><strong>analogiam</strong></span> <span class='ocrx_word' id='word_1_731' title='bbox 1808 5437 1875 5475; x_wconf 75' lang='lat' dir='ltr'><strong>ex</strong></span> <span class='ocrx_word' id='word_1_732' title='bbox 1903 5423 2095 5476; x_wconf 89' lang='lat' dir='ltr'><strong>eodem</strong></span> 
     </span>
    </p>
   </div>
   <div class='ocr_carea' id='block_1_104' title="bbox 522 5507 2099 5585">
    <p class='ocr_par' dir='ltr' id='par_1_104' title="bbox 522 5507 2099 5585">
     <span class='ocr_line' id='line_1_104' title="bbox 522 5507 2099 5585; baseline 0.001 -23"><span class='ocrx_word' id='word_1_733' title='bbox 522 5507 648 5564; x_wconf 91' lang='lat' dir='ltr'><strong>loco</strong></span> <span class='ocrx_word' id='word_1_734' title='bbox 679 5523 780 5564; x_wconf 91' lang='lat' dir='ltr'><strong>nec</strong></span> <span class='ocrx_word' id='word_1_735' title='bbox 811 5512 1104 5568; x_wconf 85' lang='lat' dir='ltr'><strong>recordans</strong></span> <span class='ocrx_word' id='word_1_736' title='bbox 1142 5513 1346 5583; x_wconf 91' lang='lat' dir='ltr'><strong>aliquid</strong></span> <span class='ocrx_word' id='word_1_737' title='bbox 1375 5530 1434 5569; x_wconf 89' lang='lat' dir='ltr'><strong>se</strong></span> <span class='ocrx_word' id='word_1_738' title='bbox 1460 5516 1585 5570; x_wconf 91' lang='lat' dir='ltr'><strong>mali</strong></span> <span class='ocrx_word' id='word_1_739' title='bbox 1619 5528 1841 5585; x_wconf 85' lang='lat' dir='ltr'><strong>passum</strong></span> <span class='ocrx_word' id='word_1_740' title='bbox 1881 5528 1909 5566; x_wconf 91' lang='lat' dir='ltr'><strong>a</strong></span> <span class='ocrx_word' id='word_1_741' title='bbox 1959 5525 2099 5583; x_wconf 90' lang='lat' dir='ltr'><strong>quo-</strong></span> 
     </span>
    </p>
   </div>
   <div class='ocr_carea' id='block_1_105' title="bbox 522 5601 2097 5674">
    <p class='ocr_par' dir='ltr' id='par_1_105' title="bbox 522 5601 2097 5674">
     <span class='ocr_line' id='line_1_105' title="bbox 522 5601 2097 5674; baseline 0.002 -17"><span class='ocrx_word' id='word_1_742' title='bbox 522 5601 646 5657; x_wconf 89' lang='lat' dir='ltr'><strong>dam</strong></span> <span class='ocrx_word' id='word_1_743' title='bbox 679 5601 868 5671; x_wconf 86' lang='lat' dir='ltr'><strong>t‘uisse,</strong></span> <span class='ocrx_word' id='word_1_744' title='bbox 895 5619 1152 5674; x_wconf 87' lang='lat' dir='ltr'><strong>perverse</strong></span> <span class='ocrx_word' id='word_1_745' title='bbox 1176 5607 1440 5663; x_wconf 81' lang='lat' dir='ltr'><strong>dicendus</strong></span> <span class='ocrx_word' id='word_1_746' title='bbox 1461 5617 1547 5664; x_wconf 87' lang='lat' dir='ltr'><strong>est</strong></span> <span class='ocrx_word' id='word_1_747' title='bbox 1575 5608 1701 5662; x_wconf 85' lang='lat' dir='ltr'><strong>mali</strong></span> <span class='ocrx_word' id='word_1_748' title='bbox 1739 5623 1966 5671; x_wconf 88' lang='lat' dir='ltr'><strong>memor,</strong></span> <span class='ocrx_word' id='word_1_749' title='bbox 2001 5605 2097 5662; x_wconf 89' lang='lat' dir='ltr'><strong>sed</strong></span> 
     </span>
    </p>
   </div>
   <div class='ocr_carea' id='block_1_106' title="bbox 524 5689 2097 5770">
    <p class='ocr_par' dir='ltr' id='par_1_106' title="bbox 524 5689 2097 5770">
     <span class='ocr_line' id='line_1_106' title="bbox 524 5689 2097 5770; baseline 0.005 -26"><span class='ocrx_word' id='word_1_750' title='bbox 524 5689 724 5761; x_wconf 87' lang='lat' dir='ltr'><strong>aliquis</strong></span> <span class='ocrx_word' id='word_1_751' title='bbox 765 5695 1078 5763; x_wconf 86' lang='lat' dir='ltr'><strong>recordans,</strong></span> <span class='ocrx_word' id='word_1_752' title='bbox 1110 5698 1274 5766; x_wconf 89' lang='lat' dir='ltr'><strong>sicut,</strong></span> <span class='ocrx_word' id='word_1_753' title='bbox 1301 5715 1423 5769; x_wconf 79' lang='lat' dir='ltr'><strong>qua:</strong></span> <span class='ocrx_word' id='word_1_754' title='bbox 1456 5715 1648 5770; x_wconf 85' lang='lat' dir='ltr'><strong>passus</strong></span> <span class='ocrx_word' id='word_1_755' title='bbox 1672 5710 1777 5762; x_wconf 82' lang='lat' dir='ltr'><strong>est,</strong></span> <span class='ocrx_word' id='word_1_756' title='bbox 1808 5698 2097 5764; x_wconf 88' lang='lat' dir='ltr'><strong>malorum,</strong></span> 
     </span>
    </p>
   </div>
   <div class='ocr_carea' id='block_1_107' title="bbox 526 5782 2095 5857">
    <p class='ocr_par' dir='ltr' id='par_1_107' title="bbox 526 5782 2095 5857">
     <span class='ocr_line' id='line_1_107' title="bbox 526 5782 2095 5857; baseline 0.001 -12"><span class='ocrx_word' id='word_1_757' title='bbox 526 5782 612 5845; x_wconf 71' lang='lat' dir='ltr'><strong>sic</strong></span> <span class='ocrx_word' id='word_1_758' title='bbox 641 5785 805 5844; x_wconf 85' lang='lat' dir='ltr'><strong>etiam</strong></span> <span class='ocrx_word' id='word_1_759' title='bbox 853 5803 1043 5848; x_wconf 75' lang='lat' dir='ltr'><strong>eorum</strong></span> <span class='ocrx_word' id='word_1_760' title='bbox 1090 5804 1211 5857; x_wconf 60' lang='lat' dir='ltr'><strong>quae</strong></span> <span class='ocrx_word' id='word_1_761' title='bbox 1258 5801 1384 5848; x_wconf 90' lang='lat' dir='ltr'><strong>sunt</strong></span> <span class='ocrx_word' id='word_1_762' title='bbox 1437 5807 1468 5849; x_wconf 88' lang='lat' dir='ltr'><strong>e</strong></span> <span class='ocrx_word' id='word_1_763' title='bbox 1515 5793 1812 5848; x_wconf 83' lang='lat' dir='ltr'><strong>contrario.</strong></span> <span class='ocrx_word' id='word_1_764' title='bbox 1852 5789 1907 5846; x_wconf 89' lang='lat' dir='ltr'><strong>Si</strong></span> <span class='ocrx_word' id='word_1_765' title='bbox 1964 5807 2095 5847; x_wconf 86' lang='lat' dir='ltr'><strong>vero</strong></span> 
     </span>
    </p>
   </div>
   <div class='ocr_carea' id='block_1_108' title="bbox 2190 4594 3783 4668">
    <p class='ocr_par' dir='ltr' id='par_1_108' title="bbox 2190 4594 3783 4668">
     <span class='ocr_line' id='line_1_108' title="bbox 2190 4594 3783 4668; baseline 0.001 -20"><span class='ocrx_word' id='word_1_766' title='bbox 2190 4596 2484 4666; x_wconf 79' lang='grc' dir='ltr'>περιπέσοι</span> <span class='ocrx_word' id='word_1_767' title='bbox 2520 4597 2830 4667; x_wconf 79' lang='grc' dir='ltr'>μαινομένῃ</span> <span class='ocrx_word' id='word_1_768' title='bbox 2873 4594 3126 4668; x_wconf 80' lang='grc' dir='ltr'>θαλάσσῃ</span> <span class='ocrx_word' id='word_1_769' title='bbox 3170 4596 3267 4648; x_wconf 73' lang='grc' dir='ltr'><strong>καὶ</strong></span> <span class='ocrx_word' id='word_1_770' title='bbox 3306 4594 3626 4666; x_wconf 80' lang='grc' dir='ltr'>πειρωμένῃ</span> <span class='ocrx_word' id='word_1_771' title='bbox 3677 4611 3783 4649; x_wconf 84' lang='grc' dir='ltr'>κα·-</span> 
     </span>
    </p>
   </div>
   <div class='ocr_carea' id='block_1_109' title="bbox 2189 4686 3780 4761">
    <p class='ocr_par' dir='ltr' id='par_1_109' title="bbox 2189 4686 3780 4761">
     <span class='ocr_line' id='line_1_109' title="bbox 2189 4686 3780 4761; baseline -0.002 -19"><span class='ocrx_word' id='word_1_772' title='bbox 2189 4689 2500 4743; x_wconf 85' lang='grc' dir='ltr'>τασπάσειν</span> <span class='ocrx_word' id='word_1_773' title='bbox 2567 4690 2704 4760; x_wconf 71' lang='grc' dir='ltr'>πρὸς</span> <span class='ocrx_word' id='word_1_774' title='bbox 2760 4689 2934 4761; x_wconf 75' lang='grc' dir='ltr'>ᾅδην·</span> <span class='ocrx_word' id='word_1_775' title='bbox 2992 4687 3069 4752; x_wconf 82' lang='grc' dir='ltr'><strong>ὡς</strong></span> <span class='ocrx_word' id='word_1_776' title='bbox 3141 4689 3379 4759; x_wconf 83' lang='grc' dir='ltr'>πληγείη</span> <span class='ocrx_word' id='word_1_777' title='bbox 3443 4686 3590 4756; x_wconf 71' lang='grc' dir='ltr'>ξίφει</span> <span class='ocrx_word' id='word_1_778' title='bbox 3641 4688 3780 4757; x_wconf 68' lang='grc' dir='ltr'>πρὸς</span> 
     </span>
    </p>
   </div>
   <div class='ocr_carea' id='block_1_110' title="bbox 2195 4776 3786 4853">
    <p class='ocr_par' dir='ltr' id='par_1_110' title="bbox 2195 4776 3786 4853">
     <span class='ocr_line' id='line_1_110' title="bbox 2195 4776 3786 4853; baseline -0.001 -18"><span class='ocrx_word' id='word_1_779' title='bbox 2195 4781 2421 4853; x_wconf 85' lang='grc' dir='ltr'>βαρεῖαν</span> <span class='ocrx_word' id='word_1_780' title='bbox 2484 4781 2767 4844; x_wconf 81' lang='grc' dir='ltr'>κάκωσιν,</span> <span class='ocrx_word' id='word_1_781' title='bbox 2816 4781 2920 4832; x_wconf 79' lang='grc' dir='ltr'><strong>οὐκ</strong></span> <span class='ocrx_word' id='word_1_782' title='bbox 2976 4777 3288 4853; x_wconf 82' lang='grc' dir='ltr'>ἀλλοτρίῳ,</span> <span class='ocrx_word' id='word_1_783' title='bbox 3341 4777 3481 4830; x_wconf 74' lang='grc' dir='ltr'>ἀλλὰ</span> <span class='ocrx_word' id='word_1_784' title='bbox 3540 4776 3619 4847; x_wconf 88' lang='grc' dir='ltr'>τῷ</span> <span class='ocrx_word' id='word_1_785' title='bbox 3673 4778 3786 4833; x_wconf 76' lang='grc' dir='ltr'>ἀνά</span> 
     </span>
    </p>
   </div>
   <div class='ocr_carea' id='block_1_111' title="bbox 2191 4872 3783 4946">
    <p class='ocr_par' dir='ltr' id='par_1_111' title="bbox 2191 4872 3783 4946">
     <span class='ocr_line' id='line_1_111' title="bbox 2191 4872 3783 4946; baseline 0.001 -20"><span class='ocrx_word' id='word_1_786' title='bbox 2191 4876 2384 4946; x_wconf 85' lang='grc' dir='ltr'>χεῖρας</span> <span class='ocrx_word' id='word_1_787' title='bbox 2435 4875 2501 4928; x_wconf 81' lang='grc' dir='ltr'>ἔκ</span> <span class='ocrx_word' id='word_1_788' title='bbox 2545 4874 2673 4928; x_wconf 83' lang='grc' dir='ltr'>ποθι</span> <span class='ocrx_word' id='word_1_789' title='bbox 2706 4873 2879 4944; x_wconf 84' lang='grc' dir='ltr'>τύχης</span> <span class='ocrx_word' id='word_1_790' title='bbox 2941 4872 3124 4936; x_wconf 69' lang='grc' dir='ltr'>τινός*</span> <span class='ocrx_word' id='word_1_791' title='bbox 3167 4873 3244 4936; x_wconf 83' lang='grc' dir='ltr'>ὡς</span> <span class='ocrx_word' id='word_1_792' title='bbox 3281 4872 3438 4943; x_wconf 87' lang='grc' dir='ltr'><strong>βαθεῖ</strong></span> <span class='ocrx_word' id='word_1_793' title='bbox 3477 4873 3656 4946; x_wconf 82' lang='grc' dir='ltr'>βόθρῳ</span> <span class='ocrx_word' id='word_1_794' title='bbox 3698 4877 3783 4946; x_wconf 66' lang='lat' dir='ltr'><strong>pte</strong></span> 
     </span>
    </p>
   </div>
   <div class='ocr_carea' id='block_1_112' title="bbox 2195 4965 3785 5039">
    <p class='ocr_par' dir='ltr' id='par_1_112' title="bbox 2195 4965 3785 5039">
     <span class='ocr_line' id='line_1_112' title="bbox 2195 4965 3785 5039; baseline -0.001 -16"><span class='ocrx_word' id='word_1_795' title='bbox 2195 4970 2318 5038; x_wconf 72' lang='grc' dir='ltr'>φεὶς</span> <span class='ocrx_word' id='word_1_796' title='bbox 2363 4971 2425 5021; x_wconf 76' lang='grc' dir='ltr'>ἐκ</span> <span class='ocrx_word' id='word_1_797' title='bbox 2477 4967 2934 5039; x_wconf 69' lang='grc' dir='ltr'>προσκόμματος*</span> <span class='ocrx_word' id='word_1_798' title='bbox 2977 4966 3054 5030; x_wconf 86' lang='grc' dir='ltr'>ὡς</span> <span class='ocrx_word' id='word_1_799' title='bbox 3111 4965 3468 5035; x_wconf 86' lang='grc' dir='ltr'>παρασυρείη</span> <span class='ocrx_word' id='word_1_800' title='bbox 3505 4971 3785 5036; x_wconf 82' lang='grc' dir='ltr'>ποταμοῖο</span> 
     </span>
    </p>
   </div>
   <div class='ocr_carea' id='block_1_113' title="bbox 2198 5054 3781 5133">
    <p class='ocr_par' dir='ltr' id='par_1_113' title="bbox 2198 5054 3781 5133">
     <span class='ocr_line' id='line_1_113' title="bbox 2198 5054 3781 5133; baseline -0.001 -19"><span class='ocrx_word' id='word_1_801' title='bbox 2198 5060 2455 5133; x_wconf 75' lang='grc' dir='ltr'>ῥεύματι.</span> <span class='ocrx_word' id='word_1_802' title='bbox 2493 5060 2552 5113; x_wconf 88' lang='lat'><strong>&#39;0</strong></span> <span class='ocrx_word' id='word_1_803' title='bbox 2582 5060 2765 5113; x_wconf 86' lang='grc' dir='ltr'>τοίνυν</span> <span class='ocrx_word' id='word_1_804' title='bbox 2790 5058 3021 5113; x_wconf 78' lang='grc' dir='ltr'>τοιαῦτα</span> <span class='ocrx_word' id='word_1_805' title='bbox 3048 5058 3260 5121; x_wconf 84' lang='grc' dir='ltr'>παθὼν.</span> <span class='ocrx_word' id='word_1_806' title='bbox 3293 5057 3405 5111; x_wconf 76' lang='grc' dir='ltr'>εἴτε</span> <span class='ocrx_word' id='word_1_807' title='bbox 3431 5054 3512 5123; x_wconf 81' lang='grc' dir='ltr'>εἷς</span> <span class='ocrx_word' id='word_1_808' title='bbox 3543 5061 3781 5124; x_wconf 82' lang='grc' dir='ltr'>ἐκεῖνος,</span> 
     </span>
    </p>
   </div>
   <div class='ocr_carea' id='block_1_114' title="bbox 2196 5151 3786 5222">
    <p class='ocr_par' dir='ltr' id='par_1_114' title="bbox 2196 5151 3786 5222">
     <span class='ocr_line' id='line_1_114' title="bbox 2196 5151 3786 5222; baseline -0.001 -16"><span class='ocrx_word' id='word_1_809' title='bbox 2196 5152 2312 5206; x_wconf 72' lang='grc' dir='ltr'>εἶτε</span> <span class='ocrx_word' id='word_1_810' title='bbox 2353 5151 2560 5219; x_wconf 75' lang='grc' dir='ltr'>πολλοὶ,</span> <span class='ocrx_word' id='word_1_811' title='bbox 2595 5152 2696 5206; x_wconf 81' lang='grc' dir='ltr'><strong>οὐκ</strong></span> <span class='ocrx_word' id='word_1_812' title='bbox 2745 5151 2812 5205; x_wconf 81' lang='grc' dir='ltr'><strong>ἂν</strong></span> <span class='ocrx_word' id='word_1_813' title='bbox 2845 5152 3096 5215; x_wconf 78' lang='grc' dir='ltr'>πάντως,</span> <span class='ocrx_word' id='word_1_814' title='bbox 3133 5152 3184 5205; x_wconf 83' lang='grc' dir='ltr'><strong>εί</strong></span> <span class='ocrx_word' id='word_1_815' title='bbox 3239 5151 3551 5222; x_wconf 80' lang='grc' dir='ltr'>μέμνηνται</span> <span class='ocrx_word' id='word_1_816' title='bbox 3585 5156 3786 5218; x_wconf 80' lang='grc' dir='ltr'>κακοῖς</span> 
     </span>
    </p>
   </div>
   <div class='ocr_carea' id='block_1_115' title="bbox 2198 5240 3787 5316">
    <p class='ocr_par' dir='ltr' id='par_1_115' title="bbox 2198 5240 3787 5316">
     <span class='ocr_line' id='line_1_115' title="bbox 2198 5240 3787 5316; baseline 0 -21"><span class='ocrx_word' id='word_1_817' title='bbox 2198 5243 2594 5314; x_wconf 76' lang='grc' dir='ltr'>ἐγκύρσαντες,</span> <span class='ocrx_word' id='word_1_818' title='bbox 2683 5244 2749 5312; x_wconf 82' lang='grc' dir='ltr'>τῇ</span> <span class='ocrx_word' id='word_1_819' title='bbox 2840 5240 2938 5295; x_wconf 81' lang='grc' dir='ltr'>τοῦ</span> <span class='ocrx_word' id='word_1_820' title='bbox 3030 5245 3398 5313; x_wconf 71' lang='grc' dir='ltr'>μνησικακεῖν</span> <span class='ocrx_word' id='word_1_821' title='bbox 3468 5245 3787 5316; x_wconf 62' lang='grc' dir='ltr'>κακηγορίᾳ</span> 
     </span>
    </p>
   </div>
   <div class='ocr_carea' id='block_1_116' title="bbox 2199 5316 3785 5405">
    <p class='ocr_par' dir='ltr' id='par_1_116' title="bbox 2199 5316 3785 5405">
     <span class='ocr_line' id='line_1_116' title="bbox 2199 5316 3785 5405; baseline 0 -16"><span class='ocrx_word' id='word_1_822' title='bbox 2199 5334 2622 5402; x_wconf 64' lang='grc' dir='ltr'>ὑππεσοῦνται,</span> <span class='ocrx_word' id='word_1_823' title='bbox 2684 5335 2734 5387; x_wconf 84' lang='grc' dir='ltr'><strong>εί</strong></span> <span class='ocrx_word' id='word_1_824' title='bbox 2783 5334 2856 5403; x_wconf 90' lang='grc' dir='ltr'><strong>μή</strong></span> <span class='ocrx_word' id='word_1_825' title='bbox 2912 5351 2964 5388; x_wconf 84' lang='grc' dir='ltr'><strong>τι</strong></span> <span class='ocrx_word' id='word_1_826' title='bbox 3020 5333 3243 5405; x_wconf 84' lang='grc' dir='ltr'>ἁκὺρως</span> <span class='ocrx_word' id='word_1_827' title='bbox 3290 5336 3341 5388; x_wconf 81' lang='grc' dir='ltr'>οἱ</span> <span class='ocrx_word' id='word_1_828' title='bbox 3394 5316 3587 5397; x_wconf 57' lang='grc' dir='ltr'>κακῶς</span> <span class='ocrx_word' id='word_1_829' title='bbox 3641 5336 3785 5403; x_wconf 72' lang='grc' dir='ltr'>ἀγοο</span> 
     </span>
    </p>
   </div>
   <div class='ocr_carea' id='block_1_117' title="bbox 2203 5426 3785 5497">
    <p class='ocr_par' dir='ltr' id='par_1_117' title="bbox 2203 5426 3785 5497">
     <span class='ocr_line' id='line_1_117' title="bbox 2203 5426 3785 5497; baseline 0.002 -17"><span class='ocrx_word' id='word_1_830' title='bbox 2203 5427 2455 5497; x_wconf 87' lang='grc' dir='ltr'>ρεύοντες</span> <span class='ocrx_word' id='word_1_831' title='bbox 2511 5429 2802 5497; x_wconf 74' lang='grc' dir='ltr'>ὀνομάζειν</span> <span class='ocrx_word' id='word_1_832' title='bbox 2870 5427 3169 5495; x_wconf 84' lang='grc' dir='ltr'>βούλοιντο.</span> <span class='ocrx_word' id='word_1_833' title='bbox 3228 5426 3441 5482; x_wconf 80' lang='grc' dir='ltr'>Οὐκοῦν</span> <span class='ocrx_word' id='word_1_834' title='bbox 3495 5427 3785 5496; x_wconf 78' lang='grc' dir='ltr'>ἀναλόγως</span> 
     </span>
    </p>
   </div>
   <div class='ocr_carea' id='block_1_118' title="bbox 2201 5517 3786 5587">
    <p class='ocr_par' dir='ltr' id='par_1_118' title="bbox 2201 5517 3786 5587">
     <span class='ocr_line' id='line_1_118' title="bbox 2201 5517 3786 5587; baseline 0.002 -16"><span class='ocrx_word' id='word_1_835' title='bbox 2201 5521 2266 5571; x_wconf 81' lang='grc' dir='ltr'>ὲκ</span> <span class='ocrx_word' id='word_1_836' title='bbox 2306 5517 2402 5572; x_wconf 80' lang='grc' dir='ltr'>τοῦ</span> <span class='ocrx_word' id='word_1_837' title='bbox 2449 5519 2618 5573; x_wconf 81' lang='grc' dir='ltr'>αὑτοῦ</span> <span class='ocrx_word' id='word_1_838' title='bbox 2660 5521 2829 5574; x_wconf 86' lang='grc' dir='ltr'>τόπου</span> <span class='ocrx_word' id='word_1_839' title='bbox 2875 5519 2986 5573; x_wconf 76' lang='grc' dir='ltr'>οὐδ’</span> <span class='ocrx_word' id='word_1_840' title='bbox 3016 5520 3045 5571; x_wconf 88' lang='lat'><strong>6</strong></span> <span class='ocrx_word' id='word_1_841' title='bbox 3079 5518 3461 5587; x_wconf 84' lang='grc' dir='ltr'>μνημονεύων,</span> <span class='ocrx_word' id='word_1_842' title='bbox 3496 5519 3688 5572; x_wconf 80' lang='grc' dir='ltr'>παθεῖν</span> <span class='ocrx_word' id='word_1_843' title='bbox 3727 5538 3786 5574; x_wconf 85' lang='grc' dir='ltr'><strong>τι</strong></span> 
     </span>
    </p>
   </div>
   <div class='ocr_carea' id='block_1_119' title="bbox 2202 5609 3784 5680">
    <p class='ocr_par' dir='ltr' id='par_1_119' title="bbox 2202 5609 3784 5680">
     <span class='ocr_line' id='line_1_119' title="bbox 2202 5609 3784 5680; baseline 0.002 -19"><span class='ocrx_word' id='word_1_844' title='bbox 2202 5609 2340 5680; x_wconf 74' lang='grc' dir='ltr'>πρός</span> <span class='ocrx_word' id='word_1_845' title='bbox 2405 5628 2499 5664; x_wconf 85' lang='grc' dir='ltr'><strong>του</strong></span> <span class='ocrx_word' id='word_1_846' title='bbox 2579 5612 2770 5675; x_wconf 66' lang='grc' dir='ltr'>κακὸν,</span> <span class='ocrx_word' id='word_1_847' title='bbox 2861 5610 3200 5677; x_wconf 67' lang='grc' dir='ltr'>κακολογοἰέ</span> <span class='ocrx_word' id='word_1_848' title='bbox 3271 5610 3338 5664; x_wconf 78' lang='grc' dir='ltr'><strong>ἂν</strong></span> <span class='ocrx_word' id='word_1_849' title='bbox 3421 5610 3784 5679; x_wconf 76' lang='grc' dir='ltr'>μνησίκακος,</span> 
     </span>
    </p>
   </div>
   <div class='ocr_carea' id='block_1_120' title="bbox 2204 5694 3784 5774">
    <p class='ocr_par' dir='ltr' id='par_1_120' title="bbox 2204 5694 3784 5774">
     <span class='ocr_line' id='line_1_120' title="bbox 2204 5694 3784 5774; baseline -0.001 -19"><span class='ocrx_word' id='word_1_850' title='bbox 2204 5701 2342 5755; x_wconf 79' lang='grc' dir='ltr'>ἀλλά</span> <span class='ocrx_word' id='word_1_851' title='bbox 2387 5720 2471 5766; x_wconf 86' lang='grc' dir='ltr'><strong>τις</strong></span> <span class='ocrx_word' id='word_1_852' title='bbox 2532 5702 2799 5774; x_wconf 82' lang='grc' dir='ltr'>μνήμων,</span> <span class='ocrx_word' id='word_1_853' title='bbox 2866 5702 3081 5769; x_wconf 82' lang='grc' dir='ltr'>ὥσπερ.</span> <span class='ocrx_word' id='word_1_854' title='bbox 3122 5694 3197 5755; x_wconf 84' lang='grc' dir='ltr'>ὧν</span> <span class='ocrx_word' id='word_1_855' title='bbox 3253 5700 3535 5766; x_wconf 74' lang='grc' dir='ltr'>πεπόνθοι,</span> <span class='ocrx_word' id='word_1_856' title='bbox 3568 5704 3784 5771; x_wconf 79' lang='grc' dir='ltr'>κακῶν,</span> 
     </span>
    </p>
   </div>
   <div class='ocr_carea' id='block_1_121' title="bbox 2203 5793 3869 5865">
    <p class='ocr_par' dir='ltr' id='par_1_121' title="bbox 2203 5793 3869 5865">
     <span class='ocr_line' id='line_1_121' title="bbox 2203 5793 3869 5865; baseline 0.003 -18"><span class='ocrx_word' id='word_1_857' title='bbox 2203 5793 2346 5849; x_wconf 74' lang='grc' dir='ltr'>οὕτω</span> <span class='ocrx_word' id='word_1_858' title='bbox 2381 5794 2477 5848; x_wconf 67' lang='grc' dir='ltr'><strong>καὶ</strong></span> <span class='ocrx_word' id='word_1_859' title='bbox 2518 5795 2625 5849; x_wconf 82' lang='grc' dir='ltr'><strong>τῶν</strong></span> <span class='ocrx_word' id='word_1_860' title='bbox 2659 5793 2950 5849; x_wconf 82' lang='grc' dir='ltr'>ἀνάπαλιν.</span> <span class='ocrx_word' id='word_1_861' title='bbox 2987 5796 3049 5848; x_wconf 80' lang='grc' dir='ltr'><strong>Εἰ</strong></span> <span class='ocrx_word' id='word_1_862' title='bbox 3076 5794 3132 5848; x_wconf 77' lang='grc' dir='ltr'><strong>δέ</strong></span> <span class='ocrx_word' id='word_1_863' title='bbox 3163 5810 3226 5863; x_wconf 87' lang='grc' dir='ltr'><strong>γε</strong></span> <span class='ocrx_word' id='word_1_864' title='bbox 3259 5796 3356 5849; x_wconf 78' lang='grc' dir='ltr'><strong>καὶ</strong></span> <span class='ocrx_word' id='word_1_865' title='bbox 3395 5793 3609 5865; x_wconf 80' lang='grc' dir='ltr'>ἄμυναν</span> <span class='ocrx_word' id='word_1_866' title='bbox 3633 5795 3787 5852; x_wconf 78' lang='grc' dir='ltr'>ὲκεῖ-</span> <span class='ocrx_word' id='word_1_867' title='bbox 3864 5832 3869 5833; x_wconf 48' lang='grc' dir='ltr'><strong>κ</strong></span> 
     </span>
    </p>
   </div>
  </div>
