4090 6414
405 345 510 411 4Ξ5

1388 363 1689 424 CONTRA
1735 367 2225 435 lNJURIARUM
2258 374 2698 438 ΜΕΜΟΗΙΑΜ.

3546 379 3651 446 426

404 478 492 522 νος
525 461 749 532 μελετᾷ,
783 466 880 518 καὶ
906 466 1162 523 τίσασθαι
1194 474 1436 542 τυρεύει,
1470 477 1565 529 καὶ
1601 480 1768 534 κακὸν
1810 483 1964 535 ἀντα-

2077 500 2288 556 quuque
2338 490 2631 543 vindictam
2680 491 2769 545 illa
2825 494 3139 559 meditatur,
3193 494 3648 566 machinaturque

402 554 656 614 ποξοῦναι
716 557 910 624 κακοῦ,
968 563 1143 615 ἐκεῖνό
1195 565 1377 633 ἐστιν,
1431 562 1475 621 ὦ
1529 564 1714 638 οὗτοι,
1777 591 1971 646 μνησιυ

403 648 613 700 κακεῖν.

471 743 570 791 κε’.
606 734 731 792 Ἐτι
770 742 1334 815 ὲντεθησαυρισμένου
1370 749 1445 818 τῷ
1485 752 1625 804 κατά
1660 753 1837 825 ψυχὴν
1875 773 1971 809 τα-

404 828 562 897 μιείῳ
587 830 775 885 Θεόθεν
808 834 902 886 καὶ
934 836 1030 888 τοῦ
1067 839 1164 909 τῆς
1197 841 1421 911 μνήμης
1457 843 1626 897 καλοῦ
1652 846 1735 908 είς
1766 847 1970 918 μυρίαν

399 920 748 992 εὐεργεσίαν,
775 928 841 1003 ἢν
864 929 1120 985 ἐκθέσθαι
1157 933 1572 1006 βιδλιογραφίας
1596 936 1681 1006 εἴη
1717 938 1783 992 ἂν
1804 938 1969 1008 ἔργον

402 1017 642 1085 μακρᾶς,
672 1017 754 1080 τίς
782 1018 849 1072 ἂν
875 1020 1018 1075 οὕτω
1047 1029 1499 1098 κατεπιχειρήσοι
1531 1032 1798 1101 στεγανῆς
1827 1030 1966 1086 ταύ-

398 1122 497 1174 της
548 1112 964 1181 ταμιειουχίας,
1000 1115 1076 1180 ὡς
1104 1119 1323 1189 ὀργάνῳ
1379 1120 1552 1191 λήθης
1603 1122 1858 1191 ἐξορύξαι
1906 1125 1967 1177 τὸ

401 1193 683 1263 φύλαγμα,
717 1198 811 1252 καὶ
836 1200 1166 1258 ἀπώσασθαι
1200 1208 1300 1276 μὲν
1323 1208 1383 1261 τὸ
1414 1209 1579 1264 καλὸν
1609 1211 1711 1281 τῆς
1744 1215 1968 1284 μνήμης

400 1286 815 1361 πτερυξαμένης
873 1294 984 1347 ἄνω
1040 1314 1145 1350 που
1188 1299 1322 1370 πρὸς
1369 1301 1691 1371 Ὄλυμπον,
1748 1307 1967 1359 ἀντεισ·

401 1381 632 1446 αγαγείν
688 1381 747 1434 δὲ
803 1382 904 1454 τὴν
959 1387 1214 1457 κίϐδηλον
1264 1391 1469 1462 λήθην,
1536 1394 1634 1465 τὴν
1692 1395 1751 1449 τδ
1801 1396 1966 1450 καλὸν

401 1468 629 1538 πλάσμα
655 1470 750 1524 τοῦ
779 1471 916 1526 Θεοῦ
940 1475 1476 1547 ἀπανθρωπίζουσαν
1500 1500 1517 1547 ;

422 1558 440 1581 ’
467 1568 583 1625 κς’.
623 1562 767 1632 Ἐγὼ
792 1559 887 1620 οὖν
922 1568 1238 1640 μεμνῄμην,
1271 1571 1374 1625 Θεὲ
1400 1572 1598 1645 σῶτερ,
1627 1575 1735 1629 ἀεί·
1763 1578 1965 1650 κεκλήο

2075 579 2292 631 modum
2326 581 2643 646 ulciscendi,
2696 600 2904 639 necnon
2946 587 3147 640 malum
3198 601 3295 655 pro
3347 587 3486 641 malo
3519 590 3643 643 red-

2075 668 2259 735 dendi,
2294 672 2394 726 hoc
2423 682 2505 727 est
2530 689 2656 728 vere
2692 676 2818 729 mali
2856 677 3191 731 meminisse.

2112 758 2231 811 ‘25.
2282 761 2436 824 Item,
2502 764 2868 820 thesaurizato
2922 767 2973 819 in
3022 767 3218 821 animm
3267 772 3643 840 promptuario

2072 849 2326 905 divinitus
2380 855 2651 908 memoriae
2697 856 2836 911 bono
2877 858 2927 910 in
2976 857 3120 912 mille
3175 859 3475 926 beneficia,
3512 877 3645 930 qun-

2074 958 2190 995 rnm
2267 945 2533 1012 expositio
2590 946 2807 1017 longum
2857 963 2995 1017 opus
3052 959 3229 1013 esset,
3285 951 3407 1020 quis
3452 967 3642 1007 manus

2074 1034 2127 1088 in
2183 1034 2323 1089 hanc
2368 1036 2741 1091 absconditam
2779 1041 3143 1108 provisionem
3173 1043 3252 1095 sic
3283 1042 3549 1112 injiceret,
3586 1056 3643 1099 ut

2071 1124 2361 1181 oblivionis
2409 1128 2772 1182 instrumento
2824 1131 3156 1184 reconditum
3205 1131 3465 1188 eﬂ'oderet
3522 1135 3642 1187 the-

2070 1229 2315 1280 saurum,
2344 1227 2404 1271 ut
2455 1230 2667 1274 arceret
2709 1221 2925 1288 quidem
2955 1222 3155 1275 bonum
3190 1225 3468 1279 memoriae
3514 1239 3642 1278 sur-

2069 1322 2186 1362 sum
2249 1308 2531 1366 volitantis
2587 1310 2653 1365 ad
2683 1308 2995 1381 Olympum,
3043 1312 3412 1368 introduceret
3459 1323 3636 1369 autem

2069 1398 2189 1468 ejus
2243 1396 2363 1454 loco
2409 1401 2647 1455 scoriam
2696 1401 3007 1465 oblivionis,
3046 1384 3166 1470 qua:
3201 1403 3492 1473 pulchrum
3546 1405 3639 1459 Dei

2070 1485 2276 1555 plasma
2308 1487 2624 1543 deformat?

2137 1576 2232 1634 26.
2265 1576 2376 1649 Ego
2398 1594 2549 1644 vero,
2579 1579 2718 1634 Deus
2752 1580 3012 1647 salvator,
3049 1583 3257 1638 utinam
3296 1583 3636 1640 meminerim

400 1667 507 1717 μην
554 1649 698 1705 οὕτω
733 1654 889 1718 εἰδώς
929 1674 987 1709 τε
1028 1659 1124 1711 καὶ
1158 1662 1502 1733 ἐπιστήμων,
1541 1667 1635 1719 καὶ
1663 1667 1964 1738 διακρίνειν

2066 1670 2317 1736 semper!
2358 1667 2530 1724 Vocer
2570 1672 2640 1724 ita
2670 1673 2847 1727 sciens
2873 1682 2929 1727 et
2953 1688 3206 1738 noscens,
3242 1684 3297 1729 et
3325 1676 3641 1730 discernere

398 1742 610 1833 μαθὼν,
656 1746 753 1798 καὶ
802 1747 864 1799 τι
919 1748 1039 1802 ὅλον
1098 1753 1275 1804 εἰπεῖν
1301 1791 1316 1816 ,
1375 1753 1680 1826 ἄνθρωπος’
1730 1758 1827 1812 καὶ
1886 1761 1963 1831 μὴ

2069 1760 2278 1826 doctus,
2311 1771 2365 1816 et
2396 1776 2503 1817 uno
2539 1764 2728 1830 verbo,
2761 1766 2950 1819 homo!
2984 1764 3100 1820 Non
3137 1776 3426 1833 convertar
3474 1769 3525 1821 in
3562 1766 3642 1822 le-

394 1832 764 1903 ὲκστραφείην
797 1836 879 1899 είς
911 1836 1207 1910 λήθαργον,
1239 1843 1376 1910 μηδὲ
1410 1846 1849 1918 μεταπλασθείην
1883 1829 1964 1913 είς

2069 1852 2393 1921 thargicnm,
2436 1868 2536 1908 nec
2580 1862 2913 1911 trausmnter
2945 1856 2997 1910 in
3031 1857 3279 1924 stultum,
3308 1868 3402 1913 aut
3430 1858 3636 1913 Meliti-

395 1926 816 1995 Μαμμάκουθόν
864 1945 1029 1996 τινα,
1078 1934 1111 2002 ἢ
1169 1935 1497 2006 Μελιτίδην,
1559 1939 1591 2008 ἢ
1638 1939 1730 1993 τὸν
1771 1940 1963 2013 ἕτερον

395 2017 682 2088 Κόροιϐον,
714 2020 747 2091 ἦ
782 2021 864 2085 είς
899 2023 1204 2095 Πολύωρον·
1239 2028 1376 2097 μηδὲ
1413 2030 1720 2103 κορυζῷην,
1746 2031 1823 2096 ὡς
1858 2050 1965 2104 μη-

391 2108 482 2161 δὲν
514 2110 713 2163 είδὲναι
773 2112 1006 2182 κρίνειν,
1060 2115 1179 2170 ἀλλ’
1228 2119 1309 2181 είς
1343 2119 1686 2191 ἀνδρείκελον
1725 2140 1964 2193 μεταπε-

398 2199 672 2267 πλάσθαι,
705 2202 803 2257 καὶ
850 2205 941 2259 τὸν
976 2207 1196 2277 λογικὸν
1228 2210 1542 2280 ψεύδεσθαι.
1575 2216 1735 2288 Δοίης
1769 2218 1826 2271 δέ
1873 2235 1964 2289 μοι

394 2294 532 2364 πρὸς
562 2297 629 2366 τῇ
668 2297 859 2369 μνήμῃ
887 2299 996 2353 τῶν
1028 2302 1092 2353 ἐκ
1115 2300 1334 2369 φύσεως
1374 2304 1470 2358 καὶ
1498 2306 1561 2358 τὸ
1591 2306 1666 2377 μὴ
1694 2310 1964 2380 κατεργά-

395 2386 609 2452 ζεσθαι,
647 2389 780 2457 μηδὲ
824 2392 906 2454 είς
950 2393 1244 2448 κακοποιὸν
1289 2395 1503 2465 ἄμυναν
1533 2398 1840 2466 τρίϐεσθαι,
1865 2403 1963 2457 καὶ

395 2471 509 2530 οἷον
549 2478 1011 2536 ἀπολεοντοῦσθαι
1063 2484 1203 2538 κατά
1241 2486 1348 2539 τῶν
1388 2488 1620 2558 ἐχθρῶν,
1650 2491 1964 2563 ἐρεθιζόμε-

396 2588 490 2623 νον
518 2574 679 2627 ὁποῖα
712 2576 805 2627 καὶ
831 2574 1032 2648 ἀλκαίᾳ
1054 2582 1163 2632 τινὶ
1188 2581 1311 2644 ταῖς
1336 2580 1430 2634 τοῦ
1468 2582 1812 2654 θυμουμένου
1863 2586 1966 2657 τῆς

394 2664 576 2735 ψυχῆς
624 2667 1002 2737 ὑποκινήσεσι,
1034 2668 1103 2721 δι’
1138 2663 1214 2724 ὧν
1267 2663 1828 2747 θυμδςριπιςόμενος
1882 2679 1965 2742 είς

402 2756 545 2826 μέγα
578 2759 751 2811 κακὸν
788 2759 1114 2824 ἀνάπτεται,
1156 2763 1251 2817 καὶ
1290 2764 1422 2817 αὐτὸ
1461 2765 1493 2835 ἢ
1547 2766 1784 2837 μονῆρες
1823 2770 1966 2822 κατά

398 2866 452 2901 τι
493 2847 747 2912 ὕπουλον,
794 2849 827 2921 ἢ
862 2851 960 2905 καὶ
1010 2854 1454 2925 ἐπαμφοτερίζον
1495 2857 1584 2911 διὰ
1621 2859 1683 2910 τὸ
1716 2859 1965 2930 ἀντερεί-

398 2941 511 2993 δειν
538 2939 969 3012 φιλονεικότερον
994 2958 1009 2973 ο
1058 2944 1152 2997 καί
1205 2961 1272 3015 με
1316 2948 1641 3018 συντηροίης
1689 2950 1747 3002 ὲν
1778 2951 1856 3019 τῷ
1892 2951 1967 3023 μὴ

401 3033 608 3085 ἐθέλειν
641 3033 1080 3097 ἀνταποδιδόναι,
1128 3037 1224 3088 καὶ
1259 3037 1558 3100 συνετίζοις
1599 3038 1967 3104 φυλάττεσθαι

2066 1947 2208 2011 dem,
2231 1954 2322 1999 aut
2346 1945 2573 1999 alterum
2618 1945 2929 2013 Cormbnm,
2958 1958 3049 2002 aut
3077 1948 3401 2020 Polyornml
3435 1964 3535 2005 nec
3565 1949 3640 2004 ita

2063 2038 2357 2109 gravedine
2382 2036 2647 2104 laborem,
2680 2050 2738 2093 ut
2772 2039 2907 2094 nihil
2934 2041 3184 2109 judicare
3219 2043 3416 2108 sciam,
3450 2043 3544 2097 sed
3579 2042 3635 2097 in
3744 2042 3747 2047 ’

2064 2127 2299 2184 hominis
2350 2128 2574 2200 figuram
2633 2132 3008 2198 transformer,
3055 2141 3109 2187 et
3167 2134 3431 2189 rationem
3484 2149 3638 2189 men-

2066 2221 2208 2275 tiar!
2236 2220 2309 2275 Da
2340 2236 2472 2277 vero
2505 2222 2635 2276 mihi
2670 2238 2792 2276 cum
2832 2226 3093 2279 memoria
3123 2240 3302 2279 rerum
3332 2240 3398 2280 ex
3432 2237 3631 2280 natura

2065 2312 2371 2378 nitentium,
2428 2329 2535 2370 non
2583 2314 2803 2378 comici,
2835 2330 2935 2369 nec
2980 2318 3045 2369 ad
3097 2318 3382 2386 malignam
3429 2318 3635 2371 conteri

2064 2402 2393 2469 vindictam,
2437 2411 2491 2458 et
2529 2406 2684 2475 quasi
2734 2404 2946 2459 leonem
2984 2404 3097 2459 ﬁeri
3133 2414 3319 2459 contra
3361 2405 3637 2471 inimicos,

2064 2493 2400 2550 stimulatum
2435 2494 2583 2550 velut
2613 2496 2927 2551 saevissimis
2954 2496 3145 2551 animae
3164 2496 3416 2562 motibus,
3445 2496 3640 2565 quibus

2066 2589 2144 2642 ira
2183 2603 2448 2645 succensa
2485 2603 2734 2659 magnum
2764 2588 2818 2643 in
2844 2588 3041 2641 malum
3072 2587 3407 2653 accenditur,
3437 2585 3638 2650 ethoc,

2067 2681 2151 2736 vel
2199 2680 2524 2746 solitarium,
2556 2694 2653 2750 per
2684 2679 2900 2735 modum
2937 2678 3167 2747 alicujus
3190 2676 3639 2733 dissimulationis

2066 2772 2150 2829 vel
2185 2773 2328 2828 inter
2353 2772 2488 2827 duos
2513 2771 2788 2836 libratum,
2824 2785 2921 2841 per
2939 2770 3190 2825 aeumlum
3213 2769 3494 2825 resistendi
3521 2767 3643 2823 ani-

2068 2879 2234 2918 mum.
2283 2863 2550 2918 Conserva
2604 2878 2689 2917 me
2744 2862 2797 2917 in
2855 2861 3133 2917 voluntate
3168 2876 3274 2915 non
3304 2857 3639 2916 retribuendi

2068 2955 2292 3019 malum,
2323 2961 2377 3008 et
2411 2955 2542 3009 doce
2569 2968 2655 3007 me
2685 2967 2875 3008 cavere
2901 2952 3278 3021 declinarequc
3327 2968 3355 3005 a
3386 2952 3559 3013 malis,
3581 2961 3640 3005 ut
3725 3018 3729 3029 .

2069 3062 2098 3100 a
2117 3045 2254 3101 facie
2277 3046 2486 3101 colubri
2510 3044 2767 3115 fugimus,
2793 3060 2859 3100 ne
2880 3043 3039 3100 sicuti
3069 3044 3266 3113 viper.c
3297 3044 3638 3097 subs‘dcmes

403 3126 525 3190 τοὺς
572 3127 777 3184 κακοὺς
843 3125 939 3180 καὶ¹
988 3127 1297 3196 ἐκκλίνειν,
1348 3131 1422 3193 ὡς
1482 3129 1671 3199 φεύγει
1722 3149 1806 3195 τις
1859 3131 1964 3186 ἀπὸ

2073 3138 2309 3208 irrepant
2332 3146 2385 3193 et
2408 3138 2635 3193 latenter
2661 3152 2762 3192 nos
2779 3144 3041 3207 exsugam
3064 3144 3117 3191 et
3146 3135 3412 3189 occidant.

401 3215 595 3286 ὄφεως,
630 3220 705 3290 μὴ
732 3220 826 3274 καὶ
852 3218 927 3283 ὡς
958 3218 1162 3289 ἔχιδναι
1192 3223 1485 3292 ύφειμέναι
1514 3225 1842 3294 παρέρπωσι
1872 3225 1968 3279 κα)⁹

397 3312 604 3383 λήθωσι
633 3312 883 3375 πίνοντές
920 3329 986 3382 με
1021 3315 1117 3366 καὶ
1148 3314 1477 3375 κτείνοντες.

469 3401 573 3465 κζ’.
630 3403 750 3455 Ἔτι
807 3406 833 3456 ὁ
873 3405 1039 3470 ἀξιῶν
1079 3407 1298 3476 μηδαμῆ
1341 3408 1603 3476 μηδαμῶς
1634 3410 1966 3477 μεμνῆσθαι,

398 3496 453 3549 εἴ
489 3514 571 3560 τις
618 3496 754 3560 ὅλως
784 3495 947 3551 πάθοι
977 3498 1167 3563 κακον,
1195 3500 1423 3552 κάκεῖνα
1445 3500 1590 3553 δοκεί
1615 3501 1967 3569 προσαξιοῦν.

412 3587 783 3657 Ἑπικράνοης
828 3584 1267 3659 ἀψινθιζόμενοςο
1304 3591 1501 3645 οὐκοῦν
1532 3591 1840 3663 περιτυχι“›ν
1872 3595 1967 3663 μέ-

395 3680 502 3733 λιτι
535 3680 789 3745 ἑκλαθού,
821 3683 869 3733 εί
900 3679 1099 3749 πικρὸν
1137 3682 1229 3734 ἐπὶ
1264 3683 1347 3734 σοι
1388 3683 1444 3734 τὸ
1498 3682 1764 3751 eadem».
1800 3681 1967 3737 Νενο-

397 3790 594 3841 σηκας,
621 3772 920 3844 ἀρρώστως
952 3772 1142 3826 παθὼν
1163 3775 1289 3844 περί
1331 3792 1382 3828 τι
1430 3774 1612 3844 μέλος,
1656 3776 1752 3829 καὶ
1794 3775 1968 3846 ἤλγη-

399 3881 518 3929 καςσ
555 3865 669 3919 ἀλλ’
715 3861 799 3929 είς
851 3866 1063 3931 ὑγίειαν
1093 3866 1439 3937 ἐπαναχθεὶς,
1472 3868 1666 3937 μηκέτ’
1714 3869 1773 3921 ὲν
1805 3867 1965 3938 θυμῷ

396 3959 511 4029 ἔχε,
557 3960 606 4012 εί
656 3958 827 4011 κακὸν
871 3959 903 4026 ὴ
944 3958 1119 4020 νόσος.
1171 3958 1312 4025 Ἐγὼ
1356 3959 1413 4012 δὲ
1459 3960 1536 4029 τῷ
1586 3959 1815 4028 τοιούτῳ
1863 3961 1965 4029 μὲν

394 4051 562 4120 λόγῳ,
604 4050 699 4104 καὶ
728 4050 845 4102 ὅσοι
896 4048 1127 4103 τοιοῦτοι
1165 4050 1371 4119 (πολλοὶ
1409 4051 1465 4105 δέ
1500 4052 1627 4120 εἱσι)
1669 4052 1965 4121 προσχοίην

397 4143 498 4196 οὐκ
533 4141 621 4196 ἄν*
658 4143 999 4214 τεκνώσαιμι
1040 4142 1120 4208 δὲ,
1151 4143 1242 4198 τὸν
1292 4143 1417 4197 νοῦν
1447 4144 1743 4213 ὰπερείσας
1778 4146 1857 4205 εἰς
1897 4146 1964 4198 τὰ

393 4233 489 4289 τοῦ
524 4234 743 4304 μέλιτος
767 4274 783 4300 ,
820 4235 916 4289 καὶ
946 4234 1005 4287 τὸ
1041 4236 1183 4288 κατά
1239 4237 1462 4307 μνήμην
1498 4236 1696 4305 πικρὸν
1728 4236 1963 4306 ἐκχυμί-

395 4342 495 4387 σας
550 4324 817 4396 ἀντιθέτῳ
869 4324 1242 4395 γλυκάσματι.
1285 4325 1441 4379 Οὕτω
1473 4326 1654 4381 δὲκαὶ
1697 4329 1760 4397 τῇ
1821 4327 1961 4396 νόσῳ

392 4413 800 4487 προσενεχθεὶς,
841 4413 966 4468 οὔτε
1025 4416 1148 4469 κατ’
1182 4415 1351 4485 αὐτῆς
1409 4416 1659 4485 λυττήσω
1722 4431 1959 4485 σκιαμαπ

2138 3409 2229 3475 27.
2251 3408 2538 3479 Deinceps,
2559 3408 2649 3477 qui
2681 3408 2989 3463 nullatenus
3007 3419 3105 3461 nec
3124 3418 3359 3475 unquam
3388 3410 3644 3474 oportere

2070 3504 2387 3557 meminisse
2416 3502 2632 3565 Statuit,
2664 3500 2709 3555 si
2760 3502 2883 3570 quis
2909 3499 3134 3553 omnino
3175 3510 3369 3567 passus
3416 3494 3488 3550 sit
3521 3510 3639 3549 ma-

2068 3593 2200 3656 lum,
2232 3594 2334 3647 ista
2384 3608 2599 3663 quoque
2634 3594 2869 3663 probare
2905 3593 3123 3645 videtur
3156 3608 3170 3645 :
3208 3589 3537 3643 amaricatus
3578 3602 3641 3642 es

2066 3686 2340 3742 absinthio
2381 3695 2601 3755 potatus
2628 3704 2642 3739 :
2667 3700 2796 3756 ergo
2838 3698 3130 3739 recurrens
3205 3683 3269 3735 ad
3308 3681 3410 3736 mel
3451 3680 3643 3735 oblivi-

2069 3791 2248 3841 scere,
2293 3778 2436 3846 quod
2477 3791 2721 3831 amarum
2757 3777 2855 3831 tibi.
2900 3774 3345 3830 sitabsinthium.
3382 3772 3644 3838 Egrma-

2069 3870 2219 3935 visti,
2246 3870 2427 3938 aliquo
2468 3871 2710 3923 membro
2754 3868 2993 3923 dolorem
3040 3883 3252 3937 passus,
3294 3877 3347 3923 et
3377 3866 3640 3922 doluisti:

2065 3961 2132 4015 ad
2179 3962 2466 4015 sanitatem
2516 3975 2792 4022 reversus,
2840 3975 2942 4013 non
2972 3958 3083 4027 jam
3119 3959 3317 4012 habeas
3352 3957 3404 4011 in
3437 3954 3639 4019 animo,

2066 4054 2210 4123 quod
2270 4054 2471 4109 malum
2526 4056 2597 4108 sit
2659 4056 2902 4109 morbus.
2960 4053 3072 4123 Ego
3128 4066 3260 4105 vere
3326 4049 3643 4120 hujusmndi

2066 4146 2260 4200 rationi
2316 4153 2370 4199 et
2404 4160 2593 4200 omnes
2631 4146 2839 4201 similes
2873 4145 3055 4215 (multi
3105 4154 3284 4197 autem
3342 4141 3488 4211 sunt)
3534 4156 3645 4197 non

2064 4235 2428 4303 adhrererem;
2456 4247 2571 4292 arte
2605 4252 2732 4293 vero
2760 4252 2991 4293 conarer
3023 4247 3261 4293 mentem
3294 4237 3359 4289 ad
3392 4234 3642 4289 dulcedi-

2068 4341 2193 4381 nem
2232 4327 2409 4383 mellis
2436 4328 2734 4397 applicare,
2779 4343 2987 4383 necnon
3017 4327 3435 4382 amaritudinem
3473 4340 3503 4381 e
3532 4328 3647 4380 rhe-

2066 4415 2264 4482 moria,
2304 4418 2551 4487 opposita
2592 4417 2899 4484 dulcedine,
2942 4418 3267 4487 exprimere.
3313 4416 3405 4472 Sic
3464 4424 3645 4470 autem

390 4507 524 4577 χῶν,
551 4506 673 4559 οὔτε
705 4505 765 4559 τὸ
793 4508 933 4561 κατὰ
966 4506 1121 4559 νόσον
1150 4505 1391 4577 ὴλτηκὸς
1435 4506 1624 4576 μέρος,
1671 4506 1730 4570 ἐξ
1771 4494 1832 4558 οὗ
1866 4522 1963 4559 κα-

2069 4506 2399 4561 inmorbnm
2437 4507 2641 4577 lapsus,
2682 4522 2786 4563 nec
2832 4509 3094 4564 adversus
3144 4507 3298 4562 illum
3349 4521 3471 4561 cum
3520 4520 3645 4559 um-

388 4597 502 4660 κῶς
532 4593 681 4667 εἶχεν
722 4597 755 4665 ἠ
794 4595 965 4666 ψυχὴ,
1016 4596 1333 4667 ἐκτέμοιμί,
1364 4594 1683 4667 χορδεύσας,
1717 4596 1746 4649 ὃ
1778 4612 1963 4662 φασιν,

390 4688 651 4759 ἐμαυτόν·
699 4686 1012 4756 ἀνάμνησιν
1047 4686 1104 4740 δέ
1146 4703 1274 4739 ποτε
1312 4687 1454 4756 σχὼν
1485 4686 1700 4738 ἐκείνου
1746 4686 1838 4738 τοῦ
1871 4683 1965 4737 ἆλ-

388 4798 540 4850 γους,
568 4778 1003 4849 ἀντιπαραθήσω
1041 4778 1103 4831 τὸ
1151 4777 1243 4831 τοῦ
1295 4777 1562 4844 ὑγιαίνειν
1591 4777 1713 4846 ἡδὺ,
1752 4778 1842 4830 καὶ
1884 4777 1964 4846 τῷ

392 4870 582 4945 χαρτῷ
612 4870 773 4926 πάθει
824 4870 1086 4940 ὲξωθήσω
1124 4870 1185 4923 τὸ
1228 4869 1415 4939 ἀηδές.
1459 4868 1689 4937 Ὁμοίως
1731 4868 1790 4922 δὲ
1829 4868 1964 4921 πάν-

387 4980 518 5030 τως,
565 4961 678 5019 τῶν
723 4961 1166 5017 κακοποιούντων
1203 4962 1258 5015 εῐ
1282 4979 1386 5015 που
1427 4960 1675 5030 συμϐαίη
1722 4963 1964 5031 ἐπιμνη·

391 5054 587 5124 σθῆναί
632 5071 724 5125 με,
767 5053 863 5109 τοῦ
894 5055 1195 5126 καρδιακοῦ
1230 5053 1510 5125 θησαυροῦ
1559 5053 1963 5123 ἀναλεξάμενος

388 5145 458 5198 τά
506 5145 573 5199 ὲκ
624 5145 728 5215 τῆς
751 5147 910 5217 νίκης
954 5147 1051 5200 καὶ
1085 5145 1181 5201 τοῦ
1218 5146 1606 5217 περιγενέσθαι
1660 5147 1819 5208 καλὰ,
1863 5145 1961 5214 τὴν

395 5238 619 5306 μνήμην
679 5237 780 5308 μὲν
808 5238 1037 5292 ἐκείνων
1067 5239 1338 5310 ἀφορίσω,
1379 5239 1594 5309 φιλήσω
1619 5238 1675 5292 δὲ
1708 5241 1777 5291 τὰ
1805 5238 1962 5290 ὓστε-

395 5345 489 5396 ρον
520 5318 722 5398 ἀγαθά·
777 5322 853 5383 ὧν
910 5329 1349 5411 ἀντισῃκούντων
1408 5330 1505 5383 καὶ
1560 5331 1732 5400 ῥοπὴν
1765 5328 1962 5384 καθελ-

389 5419 597 5474 κόντων
631 5418 881 5489 ἀγαθὴν,
935 5423 1015 5484 είς
1057 5422 1322 5492 Ἀρπυῖας
1363 5420 1712 5492 ἀνερείψεται
1748 5420 1808 5473 τὸ
1857 5420 1960 5473 οὐκ

385 5510 589 5579 ἀγαθὸν
616 5511 794 5565 ἑκείνο
835 5513 1207 5583 μνημόσυνον.
1242 5515 1385 5585 Πρὸς
1414 5514 1625 5577 τούτοις
1655 5512 1957 5582 ἐπανακρί-

386 5618 464 5654 νω
522 5602 650 5665 τοὺς
699 5603 824 5673 ἐμοὶ
879 5604 1338 5675 σοφιστικώτερον
1389 5604 1820 5673 ἐπικειμένους,
1860 5604 1957 5656 καὶ

384 5689 585 5745 οὔκουν
672 5693 947 5763 ἀξιώματι
1030 5699 1161 5767 περὶ
1240 5699 1606 5768 μνησικακίας
1673 5713 1954 5767 προτεινο-

389 5779 606 5847 μένους,
644 5784 784 5838 ἀλλά
833 5784 1037 5852 τυφλὸν
1074 5783 1187 5841 οἷον
1244 5789 1451 5858 αίτημα
1501 5786 1950 5860 προϊσχομένους,

670 5880 942 5944 Parnm.
995 5882 1111 5946 Gn.
1146 5885 1487 5947 CXXXVI.

2068 4597 2165 4651 bra
2206 4613 2451 4668 pugnans
2503 4597 2761 4663 furerem,
2823 4613 2922 4655 nec
2966 4597 3268 4653 membrum
3317 4596 3655 4660 morbidum,

2067 4703 2135 4743 ex
2166 4704 2273 4757 quo
2305 4690 2513 4758 patitur
2535 4691 2738 4755 anima,
2764 4699 3131 4759 amputarem,
3168 4689 3440 4754 minutal,
3467 4699 3525 4741 ut
3555 4688 3643 4742 di-

2065 4781 2234 4846 citur,
2270 4797 2334 4836 ex
2377 4797 2463 4837 me
2509 4781 2756 4837 faciens:
2797 4783 2891 4836 sed
2934 4782 3254 4837 memoriam
3304 4780 3465 4851 hujus
3486 4779 3644 4835 dolo-

2066 4872 2142 4925 ris
2191 4869 2486 4939 aliquando
2521 4871 2786 4933 retinens,
2820 4872 2921 4941 ipsi
2954 4871 3207 4927 sanitatis
3242 4869 3643 4938 iucunditatem

2065 4975 2356 5029 opponam,
2374 4973 2428 5014 et
2457 4975 2669 5016 alumna
2699 4962 3014 5019 sensatione
3044 4962 3304 5032 repellam
3333 4960 3641 5016 molestam.

2062 5051 2295 5108 Prorsus
2325 5060 2505 5120 autem
2541 5054 2815 5120 similiter,
2847 5055 3259 5126 malignantium
3292 5054 3337 5109 si
3373 5052 3520 5108 forte
3555 5068 3643 5106 me

2065 5140 2381 5196 meminisse
2409 5142 2696 5212 contingit,
2741 5152 2795 5199 et
2820 5160 2850 5198 e
2872 5144 3058 5199 cordis
3122 5145 3384 5199 thesauro
3416 5156 3642 5198 sumens

2066 5233 2203 5289 bona
2240 5248 2359 5303 quae
2400 5235 2469 5291 de
2515 5235 2740 5291 victoria
2796 5235 3177 5306 triumphoque
3220 5242 3384 5298 sunt,
3436 5247 3641 5287 memo-

2064 5324 2201 5378 riam
2243 5324 2461 5393 quidem
2503 5324 2721 5380 illorum
2788 5325 3010 5389 arcebo,
3060 5325 3280 5394 diligam
3320 5332 3500 5378 autem
3547 5335 3644 5391 po-

2064 5415 2298 5469 steriora
2333 5416 2499 5479 bona,
2546 5418 2748 5486 quibus
2794 5417 3280 5485 compensantibns
3331 5424 3388 5470 et
3438 5418 3636 5469 bonam

2064 5508 2500 5566 subducentibus
2526 5511 2760 5573 lancem,
2792 5511 2858 5565 ad
2883 5510 3149 5582 Harpyias
3177 5508 3493 5564 snstolletur
3519 5506 3636 5559 hac

2060 5616 2170 5656 non
2203 5601 2343 5655 bona
2392 5603 2719 5658 recordatio.
2759 5602 2935 5672 Super
2984 5604 3069 5658 his
3108 5600 3457 5671 interrogabo
3505 5595 3636 5651 mihi

2061 5695 2360 5766 sophistice
2394 5695 2679 5759 instantes,
2717 5705 2772 5749 et
2806 5710 2912 5751 non
2947 5695 3146 5765 placito
3174 5695 3241 5748 de
3272 5692 3395 5746 mali
3431 5703 3639 5742 memo-

2059 5789 2139 5844 ria
2179 5787 2613 5858 propositionem
2656 5800 2944 5860 ponentes,
2990 5788 3083 5842 sed
3126 5798 3327 5841 cmenm
3378 5778 3639 5835 videlicet

3246 5879 3320 5937 1ῑι
