4090 6452
402 376 497 433 4‘27

1081 373 1496 433 EUSTATIIII
1539 373 1828 433 TllESSA
1842 371 2294 434 LONICENSIS
2337 371 2893 431 ΜΕΤΒΟΡΟΙᾸΤᾸΞ

3550 370 3681 431 423'

403 493 683 561 qumsilum
718 492 1098 561 prolttccntes,
1134 491 1278 561 quod
1334 507 1361 545 a
1397 493 1555 546 docto
1593 492 1811 547 vixdum
1848 506 1971 559 pro-

2090 489 2107 542 5
2147 488 2407 558 δυσχερὲς
2465 488 2531 542 ἂν
2571 489 2658 559 εἴη
2715 488 2961 544 δεδόσθαι
2990 493 3126 560 πρός
3159 507 3221 559 γε
3282 490 3376 544 τοῦ
3425 491 3652 561 ἐπιστή-

404 597 718 655 poneretur.

469 676 561 730 28.
601 675 700 742 Qui
735 690 821 731 me
870 676 1108 731 instituit
1156 686 1210 733 et
1242 678 1427 733 docuit
1480 693 1634 731 sacer
1663 688 1719 732 et
1744 693 1973 746 magnus

405 768 493 821 ille
521 768 623 831 vir.
676 769 800 822 hinc
835 769 1054 837 quidem
1104 770 1243 823 ictus
1293 770 1562 824 inierebat
1592 771 1889 824 rationales
1921 779 1975 822 et

404 859 520 913 sine
559 860 754 928 quibus
787 869 930 913 recta
976 861 1060 914 via
1099 875 1203 915 uou
1233 861 1513 917 incederet
1551 864 1642 931 qui
1674 862 1727 914 in
1756 862 1975 915 institu-

332 1005 339 1017 ,
405 950 568 1005 tionis
594 954 818 1006 semitas
845 951 1248 1019 introducitur;
1287 953 1434 1007 illinc
1459 962 1641 1006 autem
1678 951 1815 1005 forte
1859 952 1977 1019 (ve-

406 1057 525 1095 rum
556 1042 841 1096 dicendum
869 1044 975 1114 est)
1008 1044 1090 1098 ira
1127 1054 1448 1115 suggerente
1474 1084 1491 1109 ,
1534 1055 1687 1099 extra
1729 1043 1974 1113 regulam

406 1132 626 1199 (lim-bat
649 1133 816 1203 enim)
841 1135 1229 1206 castigationes
1265 1136 1663 1190 modulabatur.
1701 1135 1839 1201 Quid
1873 1135 1977 1203 igi-

407 1228 497 1273 tur
535 1234 641 1274 non
684 1223 979 1276 meminero
1012 1227 1247 1277 maxime
1294 1212 1440 1278 illius
1472 1224 1802 1292 disciplinae,
1848 1229 1976 1278 hea-

407 1320 628 1380 tumqne
686 1312 991 1379 praedicabo
1045 1313 1254 1377 vitum,
1314 1313 1614 1367 meminero
1666 1328 1792 1369 vero
1841 1313 1980 1367 forte

404 1417 620 1470 quoque
659 1404 822 1473 hujus
855 1404 1165 1464 severioris.
1186 1414 1263 1468 et,
1295 1412 1354 1458 ut
1380 1404 1508 1458 mihi
1539 1417 1647 1458 tum
1673 1406 1979 1470 videbatur,

407 1494 718 1548 inveteratae
766 1508 1064 1563 parumque
1114 1495 1504 1560 convenientis,
1557 1506 1611 1552 et
1643 1496 1782 1551 hanc
1807 1497 1977 1567 ipsam

407 1583 702 1653 in'gratam
748 1587 961 1641 habebo
1006 1589 1368 1643 memoriam?
1414 1587 1664 1644 Nondum
1698 1590 1801 1646 hoc
1854 1590 1980 1645 mali

406 1676 667 1730 memoria
720 1688 822 1733 est.
875 1678 1032 1734 Esset
1071 1690 1251 1736 autem
1315 1683 1442 1737 mali
1474 1684 1756 1747 memoria,
1794 1684 1840 1738 si
1869 1699 1979 1737 non

406 1784 530 1821 cum
564 1770 869 1825 urbanitate
918 1772 1187 1828 modulate
1217 1775 1980 1844 meminissem,exasperatus

407 1873 586 1915 autem
625 1872 680 1916 et
717 1864 880 1928 ultor,
910 1865 985 1919 illi
1018 1866 1366 1923 insultarem.

478 1955 568 2010 29.
605 1955 949 2013 Meminimus
975 1960 1139 2014 etiam
1174 1964 1301 2031 (non
1338 1978 1439 2028 ego
1470 1964 1635 2028 solus,
1672 1964 1765 2017 sed
1802 1974 1974 2016 totum

408 2048 757 2120 auditorium)
813 2060 1012 2120 quanta
1050 2052 1191 2106 mala
1222 2054 1376 2108 nobis
1414 2057 1654 2109 oumium
1694 2070 1979 2125 supremus

408 2148 463 2191 et
490 2139 695 2207 primus
743 2144 998 2211 magister
1048 2142 1191 2200 Deus
1231 2160 1295 2199 ex
1331 2145 1522 2201 Latina
1552 2157 1695 2202 terra
1736 2158 1982 2203 recentcr

409 2228 463 2281 in
496 2230 834 2286 vexationem
884 2233 1070 2290 inferri
1122 2237 1405 2305 permisit,
1452 2247 1507 2293 et
1547 2255 1651 2295 non
1697 2241 1983 2296 oblivisce-

410 2337 552 2377 mur.
612 2323 754 2389 Quid
809 2326 993 2393 igitur,
1049 2330 1357 2386 vexationis
1411 2347 1700 2398 memores,
1754 2349 1982 2390 succen-

410 2415 652 2471 sebimus
679 2415 829 2471 Deo?
859 2418 1004 2474 dicat
1034 2421 1255 2491 aliquis,
1284 2423 1331 2477 si
1368 2422 1469 2493 ipsi
1497 2425 1690 2493 placet.
1747 2426 1815 2482 Et
1845 2429 1978 2483 mihi

410 2517 538 2562 sunt
569 2508 711 2564 inter
734 2525 928 2567 manus
949 2514 1219 2570 sermonis
1246 2529 1418 2582 arma,
1453 2517 1772 2590 gladiusque
1795 2521 1981 2592 biceps

412 2602 515 2672 ipsi
566 2603 799 2658 addetur
841 2620 1012 2670 usque
1056 2608 1122 2661 ad
1173 2608 1442 2679 insignem
1487 2611 1794 2670 victoriam.
1852 2613 1982 2669 Ver-

412 2694 634 2747 tendum
689 2703 770 2749 est
802 2704 983 2752 autem
1019 2696 1178 2753 aliter
1236 2699 1378 2754 idem
1429 2700 1769 2772 cogitatum:
1834 2716 1982 2760 certe

414 2779 554 2834 Deus
587 2781 753 2839 malos
780 2800 890 2839 non
916 2785 1267 2843 obliviscetur
1302 2804 1423 2845 esse
1465 2791 1657 2855 malos,
1709 2803 1762 2846 et
1800 2806 1981 2851 tamen

413 2888 522 2928 non
568 2888 597 2928 a
646 2874 770 2930 boui
819 2877 1054 2934 inimicis
1086 2880 1210 2935 mali
1250 2897 1458 2937 memor
1492 2885 1823 2943 diffamatur.
1874 2888 1916 2941 Τ
1921 2905 1981 2941 a-

412 2966 551 3021 libus
590 2983 681 3022 ora
734 2971 1077 3028 claudantur.
1115 2972 1171 3029 Si
1221 2990 1350 3030 vero
1398 2992 1611 3047 quoque
1634 2980 1832 3046 sciens,
1871 2999 1986 3039 me-

413 3061 598 3113 moriae
626 3061 765 3123 loco.
800 3078 920 3130 qua:
948 3065 1036 3118 isti
1070 3076 1297 3133 peccant
1326 3071 1377 3123 in
1409 3070 1607 3140 ipsum,
1628 3072 1980 3129 afﬂictionem

412 3147 571 3201 ειΙιΙυι
592 3157 669 3212 at,
705 3151 830 3220 quis
860 3153 994 3206 adeo
1027 3155 1219 3224 plenus
1249 3159 1474 3212 audacia
1506 3170 1672 3227 esset,
1707 3171 1763 3217 ut
1790 3164 1983 3220 exinde

415 3238 541 3292 mali
584 3243 846 3297 memoria
887 3244 991 3314 ipsi
1042 3247 1413 3305 tribueretur?
1456 3250 1822 3310 Ohseraretur
1847 3272 1981 3326 quo-

411 3341 519 3396 que
568 3328 674 3383 tale
709 3345 793 3396 os,
857 3331 1002 3389 sicut
1028 3349 1089 3391 os
1142 3340 1288 3406 quod
1337 3339 1607 3409 vituperat
1645 3343 1978 3413 iudicantes,

411 3434 532 3473 eum
561 3420 662 3491 ipsi
687 3423 906 3491 quidem
934 3425 1110 3482 civilia
1138 3429 1516 3489 discernentes
1546 3449 1641 3490 eos
1657 3436 1746 3505 qui
1769 3451 1983 3507 semper

413 3511 535 3564 undi
561 3522 688 3567 sunt
709 3523 764 3568 et
784 3531 936 3571 suam
953 3521 1268 3577 memoriam
1289 3524 1389 3578 fori
1408 3524 1684 3592 iudicialis
1699 3528 1983 3583 animabus

412 3610 672 3668 perpetuo
693 3603 992 3673 insinuant,
1006 3608 1143 3678 aequi
1165 3612 1425 3667 memoria
1449 3624 1866 3683 persequantur;
1890 3616 1978 3683 qui

411 3703 541 3744 vero
562 3701 803 3747 amentes
824 3706 951 3748 sunt
974 3698 1096 3752 mali
1116 3714 1383 3757 memores
1407 3717 1529 3758 esse
1551 3702 1689 3773 juris
1715 3704 1983 3773 interpre-

411 3791 494 3836 tes
509 3794 834 3841 censentur:
859 3788 1096 3845 divinam
1118 3806 1245 3847 vere
1262 3807 1372 3849 rem
1387 3805 1435 3849 et
1464 3809 1661 3850 nomen
1680 3794 1984 3849 adulteran-

417 3886 518 3941 tes,
559 3877 639 3931 vel
674 3877 808 3934 falso
830 3892 1122 3948 mutantes,
1163 3885 1249 3940 vel
1273 3886 1676 3957 subripieutes:
1705 3885 1852 3956 quod
1878 3901 1981 3939 non

415 3962 722 4036 diligerent,
775 3986 949 4042 neque
972 3975 1136 4030 divini
1169 3977 1290 4039 viri,
1334 3994 1508 4049 neque
1542 3978 1688 4033 Deus
1718 3978 1832 4047 ipse
1863 3977 1981 4046 qui,

418 4070 562 4126 saepe
594 4056 893 4127 fraudatus,
921 4079 1023 4118 non
1051 4081 1238 4121 amare
1266 4070 1572 4125 rectissime
1594 4082 1875 4125 censetur.

2082 597 2267 650 μονος.

2146 672 2257 742 κη’.
2302 674 2363 728 '0
2388 672 2687 737 παιδεύσας
2720 690 2786 744 με
2814 674 2908 727 καὶ
2933 672 3149 737 διδάξας
3182 672 3327 744 ίερδς
3356 673 3451 726 καὶ
3479 671 3654 743 μέγας

2076 768 2287 831 ἐκεῖνος
2338 767 2501 836 ἀνὴρ,
2530 766 2601 818 τὰ
2654 765 2754 835 μὲν
2813 766 3054 819 ἐπετίθει
3099 764 3319 835 πληγὰς
3372 764 3651 833 ὲλλόγους,

2077 859 2173 912 καὶ
2205 851 2282 912 ὧν
2331 859 2461 913 ἄνευ
2486 857 2586 910 οὐκ
2618 856 2686 911 ἂν
2721 857 2808 927 εἴη
2848 857 2948 925 τῆς
2973 855 3144 927 ὀρθῆς
3171 854 3428 925 γενέσθαι
3454 857 3547 910 τὸν
3572 857 3652 919 εἰς

2077 951 2321 1021 ἀτραπὸν
2357 950 2693 1013 παιδεύσεως
2737 952 3087 1020 ἔναγόμενον·
3121 951 3190 1002 τὰ
3226 950 3284 1002 δέ
3332 967 3433 1002 που
3475 949 3652 1021 (εἰρή-

2079 1044 2192 1097 σθω
2239 1044 2348 1114 γὰρ
2402 1043 2655 1113 τάληθὲς)
2706 1044 2802 1097 καὶ
2841 1042 3015 1113 θυμοῦ
3073 1043 3491 1107 ὕποὸάλλοντος,
3546 1043 3653 1107 ἔξω

2078 1135 2304 1199 κανόνος
2333 1137 2482 1206 (ἐξῆν
2520 1136 2652 1206 γὰρ)
2694 1135 2892 1188 θλίϐων
2926 1134 3254 1207 ὲρῤύθμιζε.
3292 1137 3360 1189 Τί
3390 1135 3483 1190 οὖν
3516 1136 3654 1206 μνή-

2080 1243 2244 1295 σομαι
2301 1227 2536 1296 μάλιστα
2584 1228 2683 1297 μὲν
2726 1229 2825 1296 τῆς
2873 1226 3037 1297 ἄλλης
3090 1228 3353 1296 ἀγωγῆς,
3405 1227 3501 1282 καὶ
3550 1245 3654 1297 μα-

2081 1317 2263 1386 καριῶ
2295 1317 2385 1369 τὸν
2426 1316 2617 1385 ἄνδρα,
2653 1317 2932 1389 μνήσομαι
2958 1316 3015 1368 δέ
3053 1332 3158 1368 που
3194 1316 3288 1370 καὶ
3327 1317 3428 1384 τῆς
3453 1316 3654 1387 δριμυ-

2079 1410 2262 1478 τέρας,
2317 1407 2429 1473 καὶ,
2467 1407 2542 1470 ὡς
2597 1406 2724 1476 ἐμοὶ
2761 1407 2940 1459 ὲδόκει
2974 1405 3119 1471 τότε,
3152 1404 3653 1475 παρεξηυλημένης

2079 1499 2175 1552 καὶ
2219 1498 2320 1551 οὐκ
2351 1499 2654 1567 ὲμμούσου,
2712 1498 2810 1551 καὶ
2875 1496 3186 1566 μεθοδεύσω
3215 1496 3312 1548 καὶ
3366 1496 3537 1565 αὐτὴν
3572 1498 3654 1558 εἰς

2083 1589 2303 1658 μνήμην
2349 1588 2714 1658 εὐχάριστον;
2782 1588 2893 1640 Kal.
2942 1586 3095 1641 οὔπω
3149 1586 3308 1639 τοῦτο
3384 1587 3655 1657 μνησίκα-

2082 1696 2198 1734 κον.
2254 1673 2362 1732 *Ην
2412 1680 2456 1731 δ’
2489 1678 2554 1731 ἂν
2615 1678 2983 1748 μνησικακίας
3046 1677 3145 1745 τῆς
3201 1677 3404 1741 ὅντως,
3463 1679 3512 1729 εί
3577 1676 3653 1746 μὴ

2085 1773 2181 1826 σὺν
2218 1774 2520 1842 ἀστειότητι
2543 1773 2794 1842 ἐμμελῶς
2824 1772 3036 1842 ὲμεμνή
3048 1788 3175 1841 μην,
3207 1771 3343 1824 ἀλλὰ
3363 1770 3654 1840 δριμυττό-

2088 1879 2246 1932 μενος
2274 1861 2577 1932 ὲνηλλόμην
2601 1861 2796 1930 ἐκείνῳ
2814 1901 2830 1927 ,
2871 1859 3256 1929 φανταστικῶς
3285 1861 3652 1930 ἀμυνόμενος.

2156 1951 2261 2007 κθ’.
2298 1951 2646 2023 Μεμνὴμεθα
2703 1952 2820 2022 (καὶ
2877 1952 2939 2005 οὐ
2975 1952 3136 2022 μόνος
3196 1950 3309 2020 ἐγὼ
3340 1990 3358 2017 ,
3403 1952 3540 2007 ἀλλὰ
3593 1951 3658 2003 es

2088 2044 2312 2115 σύμπαν
2376 2044 2784 2114 ἀκροατήριον),
2838 2038 2929 2098 οἷα
2985 2045 3135 2098 κακὰ
3179 2045 3309 2114 ἡμῖν
3366 2046 3395 2097 ό
3439 2043 3658 2098 πάντων

2088 2136 2289 2197 ὕπατος
2318 2135 2413 2188 καὶ
2458 2136 2674 2207 πρῶτος
2708 2135 3026 2199 διδάσκαλος
3065 2136 3200 2200 Θεὸς
3239 2135 3453 2205 ἀφῆκεν
3498 2135 3661 2204 ἔναγ·

2089 2228 2181 2297 χός
2211 2246 2311 2281 που
2366 2230 2429 2282 ἑκ
2471 2228 2573 2298 τῆς
2618 2229 2857 2299 Λατίνης
2888 2229 2993 2299 γῆς
3050 2228 3415 2299 ὲπεισφρῆσαι
3442 2231 3520 2293 εἰς
3555 2228 3663 2282 κά-

2089 2339 2281 2386 κωσιν,
2317 2324 2409 2375 καὶ
2443 2323 2551 2376 οὐδ’
2580 2324 2646 2377 ἂν
2694 2322 3079 2392 ὲκλαθοίμεθα.
3127 2323 3192 2376 Τί
3230 2322 3296 2393 δὴ
3323 2320 3417 2377 οὖν
3451 2342 3662 2395 μεμνη-

2093 2414 2244 2484 μένοι
2295 2416 2687 2474 κεκακῶσθαι.
2735 2416 3181 2486 μησικακοῦμεν
3233 2416 3397 2485 Θεῷ;
3450 2417 3661 2484 λεγέτω

2088 2521 2192 2567 τις,
2219 2505 2266 2557 εί
2300 2503 2609 2574 βουλομένῳ
2635 2504 2722 2574 εἴη
2753 2504 2923 2572 αὐτῷ,
2967 2504 3148 2574 Κὰμοὶ
3194 2504 3330 2574 μετὰ
3370 2507 3560 2574 χεῖρας
3592 2505 3661 2557 τὰ

2088 2597 2182 2650 τοῦ
2238 2596 2393 2663 λόγου
2432 2596 2594 2662 ὅπλα,
2632 2597 2724 2649 καὶ
2767 2596 3025 2659 δίπαλτος
3079 2597 3146 2650 ἂν
3192 2596 3472 2665 ὲπιτεθείη
3510 2597 3658 2663 αὐτ-ἶ)

2088 2689 2192 2752 ἓως
2232 2689 2325 2743 καὶ
2367 2691 2446 2752 είς
2476 2676 2635 2758 νίκην
2664 2689 2945 2759 λαμπράν.
2975 2689 3215 2761 Στρέψαι
3262 2689 3318 2743 δὲ
3354 2690 3451 2742 καὶ
3483 2688 3661 2751 ἄλλως

2087 2784 2149 2835 τὸ
2199 2782 2329 2835 αὐτὸ
2360 2781 2571 2852 νόημα·
2606 2782 2707 2835 οὐκ
2741 2781 2806 2836 ἂν
2837 2781 3161 2852 ἐπιλήσεται
3191 2784 3218 2834 ὁ
3266 2780 3401 2844 Θεὸς
3434 2781 3527 2835 τοῦ
3563 2799 3664 2835 κα-

2090 2876 2219 2938 κοὺς
2263 2871 2400 2926 εἶναι
2426 2875 2556 2937 τοὺς
2592 2875 2817 2938 κακοὺς,
2854 2876 2948 2927 καὶ
2979 2876 3130 2941 ὅμως
3159 2876 3261 2928 οὐκ
3290 2874 3356 2929 ἂν
3387 2874 3522 2945 πρὸς
3552 2874 3661 2926 τῶν

2093 2965 2405 3034 μισοκάλων
2467 2966 2881 3037 κακηγορηθείη
2952 2967 3314 3037 μνησίκακος.
3402 2967 3660 3036 Ἐγκλει-

2092 3057 2270 3109 σθεῖεν
2316 3059 2430 3120 τοῖς
2478 3058 2746 3121 τοιούτοις
2776 3058 2846 3111 τὰ
2882 3059 3152 3128 στόματα.
3184 3058 3248 3113 Εί
3275 3059 3334 3112 δὲ
3362 3059 3458 3112 καὶ
3481 3058 3659 3124 εἰδὼς,

2090 3149 2234 3221 λόγῳ
2258 3150 2419 3219 δῆθεν
2466 3153 2710 3220 μνήμης,
2749 3149 2894 3222 ᾇπερ
2938 3152 3140 3205 ἐκεῖνοι
3185 3152 3660 3221 ἐξαμαρτάνουσιν

2089 3243 2168 3305 είς
2223 3242 2407 3306 αὐτὸν,
2443 3240 2704 3307 ἐπάξεται
2737 3242 3001 3309 κάκωσιν,
3044 3245 3127 3303 τίς
3158 3243 3336 3307 οὕτως
3367 3244 3660 3308 ἀνάπλεως

2088 3334 2328 3404 τόλμης,
2381 3333 2457 3395 ὡς
2511 3333 2759 3388 ἐντεῦθεν
2811 3335 2873 3389 τδ
2924 3336 3258 3407 μνησίκακον
3332 3337 3483 3407 αὑτῷ
3539 3339 3660 3392 ἑπι-

2088 3424 2281 3491 ita“;
2325 3425 2566 3495 Φραγείη
2616 3427 2712 3480 καὶ
2768 3427 2828 3480 τδ
2884 3427 3125 3481 τοιοῦτον
3159 3429 3354 3499 στόμα,
3394 3431 3537 3484 καθὰ
3568 3432 3663 3485 καὶ

2089 3518 2150 3569 τὸ
2190 3516 2542 3585 μεμφόμενον
2594 3519 2719 3578 τοὺς
2765 3518 3110 3585 δικάζοντας,
3165 3519 3322 3589 εἴπερ
3362 3521 3517 3575 αὐτοὶ
3562 3523 3663 3589 μὲν

2089 3607 2158 3659 τὰ
2193 3605 2446 3659 πολιτικὰ
2482 3610 2926 3675 γνωματεύοντες
2950 3648 2966 3675 ,
3014 3608 3141 3669 τοὺς
3192 3610 3280 3661 ἀεὶ
3328 3612 3533 3673 κακοὺς
3569 3614 3665 3665 καὶ

2095 3702 2315 3768 μνήμην
2375 3699 2589 3753 ἑαυτῶν
2663 3701 2914 3773 ἐνδελεχῆ
2966 3701 3335 3766 ὲνοικίζοντας
3399 3706 3524 3768 ταῖς
3568 3706 3662 3758 τοῦ

2092 3793 2445 3863 δικαστηρίου
2476 3793 2679 3864 ψυχαῖς
2733 3796 3091 3867 μετέρχονται
3132 3797 3321 3866 μνήμῃ
3364 3796 3459 3850 τοῦ
3512 3796 3664 3849 δέον-

2092 3903 2222 3948 τος,
2297 3887 2346 3938 οἱ
2421 3886 2480 3940 δὲ
2568 3886 2974 3957 παρανοοῦντες
3061 3888 3435 3956 μνησικάκους
3519 3883 3663 3941 εἶναι

2090 3980 2218 4042 τοὺς
2264 3979 2364 4046 τῆς
2415 3979 2569 4050 δίκης
2628 3981 2915 4048 ὑποφήτας
2966 3981 3279 4051 ὁρίζονται·
3315 3980 3461 4033 θεῖον
3488 3981 3661 4044 ὅντως

2091 4072 2283 4142 χρῆμα
2315 4072 2408 4125 καὶ
2437 4072 2607 4141 ὄνομα
2641 4073 3184 4142 παραχαράττοντες,
3220 4073 3252 4142 ἢ
3287 4073 3666 4135 παραποιοῦν-

417 4166 534 4213 τες,
607 4150 642 4219 ἢ
693 4152 1158 4222 ἀποκλέπτοντες·
1218 4159 1356 4231 ὅπερ
1396 4162 1498 4215 οὐκ
1569 4162 1637 4217 ἂν
1713 4162 1919 4232 φιλοῖεν
1992 4161 2118 4218 οὔτε
2153 4163 2289 4218 θεῖοι
2336 4164 2551 4235 ἄνδρες,
2582 4163 2706 4218 οὔτε
2737 4164 2868 4228 Θεὸς
2898 4164 3079 4229 αὐτὸς,
3112 4165 3171 4230 ὃς
3203 4165 3279 4237 μὴ
3306 4166 3483 4234 φιλεῖν
3536 4167 3672 4221 πολ·

417 4242 576 4309 λάκις
600 4245 971 4320 κλεπτόμενος
1013 4251 1285 4322 ὀρθότατα
1317 4255 1771 4328 πεφιλοσόφηται.
2996 4250 3007 4255 ἦ

487 4337 579 4392 50.
633 4340 899 4412 Agedum,
949 4345 1113 4400 etiam
1143 4346 1298 4417 juxta
1354 4350 1481 4417 quid
1518 4349 1704 4404 ﬁctum
1733 4351 1984 4407 oratoria!

2161 4348 2229 4405 λ’.
2277 4349 2420 4420 Φέρε
2479 4350 2545 4421 δὴ
2583 4351 2679 4404 καὶ
2729 4350 2876 4406 κατά
2920 4369 2975 4405 τι
3028 4353 3268 4408 πλαστὸν
3305 4354 3668 4426 ἐπιχειρήσας

415 4429 535 4499 lege
590 4444 1024 4502 argumentatus.
1070 4439 1275 4507 pudore
1323 4441 1405 4494 sie
1462 4440 1698 4497 afﬁciam
1752 4456 1847 4497 eos
1891 4444 1984 4511 qui

2091 4444 2243 4512 νόμῳ
2278 4442 2591 4514 ῥητορείας,
2623 4443 2874 4515 ὲντρρψω
2914 4447 3006 4500 καὶ
3049 4446 3194 4498 οὕτω
3244 4448 3374 4511 τοὺς
3410 4449 3532 4517 ἐμοὶ
3566 4449 3668 4516 μὲν

420 4520 554 4573 mihi
590 4522 807 4591 quidem
830 4525 1016 4583 volunt
1039 4541 1157 4584 esse
1188 4529 1464 4597 sapientes
1492 4531 1559 4585 ad
1593 4532 1877 4597 malitiam,
1903 4546 1984 4588 me

2095 4533 2382 4595 ἐθέλοντας
2412 4527 2557 4584 εἶναι
2594 4533 2800 4602 σοφοὺς
2832 4533 2902 4587 τὰ
2938 4533 2998 4597 ἐς
3047 4535 3272 4600 κακίαν,
3305 4536 3409 4607 ἐμὲ
3453 4534 3511 4589 δὲ
3549 4554 3669 4606 μω·-

418 4624 547 4665 vero
598 4623 792 4681 putant
840 4615 894 4670 in
948 4626 1155 4672 tantam
1195 4618 1475 4673 naminum
1528 4623 1984 4690 permutationem

2095 4625 2302 4694 ραίνειν
2350 4623 2641 4688 ἀξιοῦντας
2695 4626 2778 4689 είς
2825 4624 3100 4696 τοσαύτην
3154 4626 3439 4696 ὀνομάτων
3494 4627 3667 4682 ἐπάλ-

415 4703 655 4761 insanire
692 4709 1085 4779 stupidumque
1119 4725 1261 4776 esse,
1302 4726 1368 4768 ac
1409 4713 1573 4767 etiam
1613 4716 1753 4770 forte
1784 4715 1984 4785 gratias

2091 4718 2288 4783 λαξιν,
2340 4718 2438 4770 καὶ
2476 4717 2855 4787 ἀναισθητεῖν,
2907 4718 3002 4772 καί
3046 4735 3148 4772 που
3194 4720 3290 4772 καὶ
3317 4720 3670 4789 εὐχαριστεῖν

418 4794 554 4864 ipsis
580 4797 802 4866 habere,
829 4803 983 4871 quasi
1017 4817 1103 4856 me
1118 4803 1420 4873 sapientem
1455 4807 1530 4861 ita
1566 4807 1814 4875 reddant,
1846 4809 1991 4878 quod

420 4902 552 4941 sane
584 4904 691 4945 non
717 4905 877 4947 acute
935 4893 1243 4950 videntibus
1274 4895 1465 4953 insciis
1500 4897 1666 4955 facio.
1691 4897 1821 4954 Mihi
1846 4900 1991 4955 enim

423 4995 451 5033 a
473 4979 583 5037 Deo
610 4982 776 5038 multa
807 4986 1166 5056 venitgratia,
1186 4989 1574 5062 verissimeque
1592 4993 1820 5061 gaudeo,
1849 4996 1994 5063 quod

421 5074 613 5142 pugnis
656 5076 943 5132 lacessitus
986 5091 1096 5132 non
1124 5078 1305 5134 minus
1338 5079 1546 5151 integer
1573 5080 1723 5149 ﬁam,
1757 5090 1813 5137 et
1850 5082 1992 5136 lucta

420 5169 716 5234 exercitus,
754 5185 861 5223 non
912 5170 1221 5240 opprimar;
1270 5180 1325 5227 et
1367 5181 1514 5228 recta
1546 5173 1631 5229 via
1670 5188 1903 5244 pergens
1940 5184 1995 5229 et

421 5266 684 5323 tentatus,
739 5259 855 5313 sive
901 5260 1283 5316 scandalorum
1315 5262 1674 5332 depositione,
1722 5264 1838 5318 sive
1870 5278 1991 5316 cum

425 5348 662 5417 aliquis,
736 5349 888 5419 juxta
959 5355 1349 5421 proverbium,
1416 5370 1584 5408 cornu
1643 5355 1811 5421 petit,
1886 5370 1994 5409 non

427 5439 612 5501 Ianlat‘,
656 5449 712 5494 et
768 5442 1034 5511 lapidibus
1081 5446 1134 5500 in
1183 5448 1496 5502 scandalum
1545 5447 1841 5516 proiectis,
1889 5463 1995 5502 non

427 5530 715 5595 deturher;
778 5543 834 5586 et
887 5533 1162 5592 lovearum
1218 5554 1512 5593 occurrens
1564 5546 1850 5606 aperturae,
1884 5541 2000 5593 sive

429 5622 539 5677 late
591 5624 965 5698 prol'undeque
1018 5630 1314 5697 hiantium,
1364 5631 1478 5685 sive
1535 5631 1999 5699 absconditarum,

432 5725 492 5768 ut
560 5716 667 5771 lata
725 5728 907 5785 patere
958 5722 1206 5778 videatur
1272 5739 1392 5793 quze
1454 5722 1661 5776 lubrica
1722 5730 1805 5776 est
1870 5723 1999 5787 via,

434 5806 488 5860 in
550 5810 799 5866 manibus
847 5812 965 5878 eius
999 5815 1410 5883 supervolitem.
1475 5816 1590 5881 ipse
1619 5828 1855 5884 namque
1897 5816 2005 5869 tol-

2092 4808 2304 4873 αὐτοῖς,
2339 4802 2425 4860 οἷα
2452 4806 2597 4861 οὕτω
2638 4805 2921 4875 σοφίζουσί
2958 4824 3050 4878 με,
3088 4807 3117 4860 ὃ
3161 4806 3227 4877 δὴ
3267 4809 3361 4861 καὶ
3389 4806 3671 4861 λανθάνων

2093 4899 2219 4963 τοὺς
2242 4897 2317 4969 μὴ
2341 4897 2434 4962 ὀξὺ
2465 4897 2764 4967 βλέποντας
2795 4896 2954 4950 ποιῶ.
2981 4897 3154 4967 Χάρις
3182 4897 3292 4966 γάρ
3321 4913 3415 4966 μοι
3443 4896 3508 4949 ὲκ
3529 4895 3670 4950 Θεοῦ

2096 4990 2289 5059 πολλὴ,
2322 4991 2418 5043 καὶ
2447 4989 2626 5061 χαίρω
2648 4989 2785 5060 πρὸς
2818 4989 3106 5061 ἀλήθειαν,
3133 4989 3218 5042 ὅτι
3251 4988 3670 5042 καταπυκτευόο

2102 5097 2263 5151 μενος
2312 5083 2412 5134 οὐκ
2463 5080 2855 5151 ἀποθραύομαι
2917 5080 3021 5149 τῆς
3054 5080 3399 5149 ἀρτιότητος·
3434 5080 3531 5132 καὶ
3564 5096 3671 5130 πα-

2097 5172 2389 5241 λαιόμενος
2414 5174 2474 5225 οὐ
2509 5171 2951 5241 καταδάλλομαι·
2981 5170 3075 5223 καὶ
3097 5169 3267 5240 ὀρθὴν
3298 5167 3541 5221 ἐλαύνων
3576 5167 3673 5220 καὶ

2102 5263 2490 5335 σκελιζόμενος
2515 5305 2528 5330 ,
2562 5263 2595 5334 ἢ
2640 5263 2937 5316 καταθέσει
2971 5259 3296 5315 σκανδάλων
3318 5297 3334 5324 ,
3364 5260 3399 5329 ἢ
3435 5260 3531 5312 καὶ
3578 5259 3672 5312 ὅτε

2100 5374 2183 5419 τις
2212 5356 2541 5426 κυρηϐάσει,
2572 5355 2710 5417 κατὰ
2750 5354 2842 5407 τὸν
2887 5352 3063 5421 οὕτως
3109 5353 3337 5407 εἰπόντα
3357 5391 3372 5416 ,
3402 5350 3463 5403 οὗ
3497 5367 3674 5403 κατα-

2102 5447 2466 5517 κάμπτομαυ
2512 5446 2608 5500 καὶ
2640 5445 2807 5498 λίθων
2864 5444 2923 5497 δὲ
2985 5442 3533 5514 παραῤῥιπτομένων
3589 5441 3673 5502 εἰς

2103 5538 2440 5608 πρόσκομμα
2469 5576 2484 5601 ,
2527 5537 2588 5590 οὐ
2632 5535 3138 5609 καταρῤιπτοῢμαν
3183 5535 3279 5589 καὶ
3327 5531 3579 5603 ἁνορύξει
3614 5531 3673 5584 δὲ

2108 5631 2319 5699 βόθρων
2349 5630 2784 5700 περιτυγχάνων,
2830 5630 2939 5681 τῶν
2995 5628 3092 5699 μὲν
3119 5612 3547 5697 ὑποχασκόντων
3577 5622 3677 5674 καὶ

2108 5721 2285 5774 πλατὺ
2330 5723 2425 5775 καὶ
2474 5721 2651 5792 βαθὺ,
2685 5721 2797 5775 τῶν
2846 5721 2904 5774 δὲ
2949 5724 3045 5774 καὶ
3096 5712 3629 5784 ὲπικαλυπτομένων
3659 5753 3675 5774 ,

2108 5814 2185 5877 ὡς
2221 5814 2401 5872 δοκεῖν
2440 5815 2656 5871 εὐθεῖαν
2704 5810 2847 5870 εῖναι
2892 5812 2993 5884 τὴν
3031 5809 3333 5882 σφαλερὰν,
3368 5803 3679 5877 {arripui-ro-
