4090 6408
375 421 483 486 4Ξ9

1359 417 1663 482 CONTRA
1703 413 2204 477 lNJUBIARUM
2244 413 2695 476 MEMOIUAM.

3520 409 3627 472 430

380 559 478 614 μαι
509 541 605 593 ἐπὶ
631 538 831 611 χειρῶν
860 536 1048 593 αὐτοῦ.
1089 537 1328 603 Ἐκεῖνος
1368 537 1478 608 γὰρ
1503 538 1703 609 αἴρων,
1738 534 1834 589 καὶ
1864 532 1943 602 τῷ

2069 546 2183 595 ens,
2213 541 2268 587 et
2314 532 2505 602 angelo
2545 547 2667 599 suo,
2728 545 2925 601 magno
2980 530 3473 602 potentissimoque
3532 547 3631 587 no-

376 630 548 686 αύτοῦ
570 629 814 700 ἀγγέλῳ,
837 628 914 697 τῷ
953 628 1177 699 μεγάλῳ
1218 629 1313 681 καὶ
1343 626 1624 700 κρατίστῳ
1656 622 1817 694 ἡμῶν
1854 620 1951 690 βα-

380 723 539 780 σιλεῖ.
582 723 711 791 περὶ
764 720 902 789 ἐμοῦ
944 719 1348 787 ἐντελλόμενος,
1397 715 1759 786 διαφυλάσσει
1791 730 1857 783 με
1892 713 1952 763 ἐν

376 814 623 876 ἁπάσαις
659 811 799 875 ὁδοῖς
830 811 1021 865 αὐτοῦ.
1051 812 1114 863 El
1146 810 1203 864 δέ
1224 811 1337 872 τοῖς
1371 808 1673 878 ἀνεῳγόσιν
1697 848 1711 872 ,
1747 805 1822 868 ὡς
1851 803 1952 857 πέ-

280 922 289 929 ’
377 925 645 977 φρασται,
667 905 958 977 λάκκοιςῆ
998 905 1213 965 λέοντες
1244 900 1655 973 ὑφεδρεύουσιν,
1687 898 1721 971 ἢ
1761 896 1951 952 σκόλοο

380 1022 478 1068 πες
511 1003 662 1068 ὀξέες
694 1001 1114 1072 ἐμπεπήγασιν,
1149 998 1182 1070 ἢ
1232 998 1287 1052 si
1334 1016 1386 1051 τι
1432 994 1677 1050 τοιοῦτον
1705 992 1953 1064 ὀλέθριον

382 1096 510 1150 ἄλλο
533 1125 602 1134 —
624 1093 739 1147 ἀλλ’
764 1096 976 1154 ἐκεῖνος
1002 1089 1291 1144 κάνταῦθα
1319 1090 1432 1151 τοῖς
1460 1086 1673 1157 ἐχθροῖς
1697 1085 1758 1139 τὸ
1784 1084 1955 1137 ὖπυυο

379 1188 468 1241 λον
495 1188 666 1241 κακὸν
693 1186 1038 1257 περιτρέπει,
1079 1183 1382 1253 κηδόμενος
1414 1181 1633 1242 πάντως
1652 1218 1667 1243 ,
1725 1177 1821 1231 εἴτ’
1861 1171 1954 1230 οὖν

379 1279 695 1348 φειδόμενος
746 1279 849 1345 τῆς
883 1274 1042 1345 ἡμῶν
1091 1273 1402 1336 ἀσθενείας.
1446 1271 1520 1343 μὴ
1576 1269 1675 1323 καὶ
1720 1267 1957 1339 προσκό-

376 1372 579 1441 ψαντες
608 1368 641 1440 ἢ
677 1368 1035 1438 ἀπολώμεθα,
1071 1365 1105 1438 ἢ
1152 1364 1586 1436 παρενεχθῶμεν
1616 1363 1696 1425 είς
1727 1361 1791 1414 τὸ
1822 1358 1953 1430 βλάο

379 1479 616 1531 σφςμον,
660 1461 759 1514 καὶ
820 1456 960 1530 μηδὲ
1019 1458 1071 1512 el
1110 1456 1495 1528 ἐπιχαίροντες
1546 1455 1701 1525 ἡμῖν,
1753 1452 1952 1521 γέλωτι

379 1554 523 1608 κατὰ
568 1553 658 1606 τὸν
699 1551 928 1608 είπόντα
963 1550 1257 1614 ἐκθάνωσι,
1315 1549 1497 1602 τέλεον
1531 1541 1956 1615 ἐγκαυχησάμε-

379 1665 479 1701 νοι.
520 1647 627 1701 Καὶ
684 1644 828 1697 οὕτω
877 1642 976 1713 μὲν
1008 1640 1118 1711 ἐγὼ
1148 1642 1380 1713 χάριτας
1413 1635 1682 1708 ὁμολογῶ,
1713 1635 1810 1699 τὰς
1853 1632 1954 1705 μὲν

379 1740 509 1801 ὅλας
554 1737 632 1807 τῷ
677 1732 856 1806 βοηθῷ
898 1731 1038 1804 Θεῷ.
1087 1734 1153 1788 El
1197 1732 1255 1786 δέ
1304 1749 1357 1785 τι
1389 1733 1614 1801 χάριτος
1656 1727 1955 1781 διαϐαίνειν

380 1831 553 1884 ἐθέλει
593 1828 690 1887 καὶ
734 1829 815 1890 εἰς
856 1827 985 1889 τοὺς
1026 1825 1151 1895 ἐμοὶ
1197 1824 1518 1893 ἐπέχοντας,
1567 1820 1668 1873 οὐκ
1707 1817 1773 1871 ἂν
1797 1811 1953 1887 οίμαι

381 1922 580 1993 ῥαδίως
622 1918 902 1973 πιστεύειν
953 1918 1052 1989 ἔχῃ
1087 1934 1205 1980 τις,
1252 1914 1407 1976 εἰδὼς
1442 1911 1765 1980 διακρίνειν,
1818 1909 1848 1963 ὅ
1897 1924 1952 1960 τι

381 2015 511 2069 ποτέ
542 2016 659 2067 ἐστι
702 2014 762 2067 τὸ
806 2012 1173 2083 εὐχάριστον,
1207 2009 1306 2064 καὶ
1353 2008 1429 2071 ὡς
1481 2006 1582 2059 οὒκ
1620 2004 1688 2059 ἂν
1736 2001 1953 2056 δύναιτο

379 2104 728 2175 εὐχαριστεῖν
769 2105 796 2156 ό
832 2101 1228 2171 βλαπτόμενος.
1267 2096 1581 2166 Ἀγαπητδν
1617 2093 1728 2163 γὰρ
1768 2093 1864 2147 καὶ
1891 2092 1954 2146 τὸ

383 2195 601 2264 στέγειν
663 2189 973 2263 ἀνοιμωκτὶ
1032 2191 1124 2244 καὶ
1166 2187 1344 2259 σιγᾷν·
1383 2184 1442 2238 τὸ
1482 2184 1536 2238 δέ
1585 2183 1680 2238 καὶ
1713 2179 1953 2252 ὑπερεύ-

381 2286 602 2359 χεσθαι,
642 2283 786 2338 θεῖον
844 2283 945 2353 μέν
983 2284 1077 2335 καὶ
1128 2278 1359 2336 ἀνυστὸν
1398 2275 1630 2346 ὁτιμάλα
1694 2274 1957 2344 Χριστια-

380 2381 493 2443 νοῖς
524 2378 774 2447 ἀγαθοῖς,
807 2375 963 2430 οὔπω
996 2375 1054 2428 δὲ
1086 2376 1179 2428 καὶ
1204 2372 1425 2435 πάντως
1458 2370 1807 2442 εὐχάριστον.
1845 2366 1955 2420 Καὶ

381 2470 544 2525 τοῦτο
575 2471 673 2542 μὲν
713 2466 979 2523 τοιοῦτον.

453 2559 560 2615 λα’.
602 2562 668 2615 Ἦ
711 2560 768 2616 δέ
805 2578 894 2630 μοι
927 2558 1314 2631 ἐπηγγελμένη
1345 2555 1440 2611 τοῦ
1480 2553 1623 2611 κατὰ
1665 2550 1954 2625 ῥητορείαν

385 2649 629 2705 πλαστοῦ
681 2649 868 2720 ἔφοδος
916 2647 1146 2718 τοιαύτη
1198 2646 1281 2708 τίς
1337 2645 1507 2699 ἐστιν.
1554 2636 1956 2695 ’Υποτεθείσθω

386 2745 558 2808 δίοδος
584 2743 905 2814 κρύπτουσα
927 2741 1136 2805 δεινοὺς
1167 2738 1474 2800 ὁδοιδόκους
1493 2732 1723 2805 ληϊστὰς
1746 2730 1960 2800 ἀνθρωο

390 2837 548 2891 πίνου
577 2835 770 2909 φύλου,
807 2833 904 2887 καί
954 2849 1039 2896 τις
1071 2830 1285 2886 ἐκεῖθεν
1316 2825 1615 2896 ὁδοιπορῶν
1664 2823 1956 2891 ἀπέριττος

390 2929 678 2998 ἄνθρωπος
738 2922 1084 2992 περιπεσέτω
1133 2922 1246 2985 τοῖς
1294 2918 1558 2991 λοχίταις,
1589 2915 1686 2969 καὶ
1735 2911 1959 2967 παθέτω

391 3021 542 3077 δεινὰ
568 3021 699 3086 ὅσα,
742 3020 801 3073 ἐν
853 3015 935 3081 οἷς
990 3017 1084 3073 καὶ
1115 3015 1182 3068 τὸ
1212 3009 1665 3081 ἁποθραυσθῆναι
1702 3007 1813 3061 τῶν
1838 3020 1959 3058 και-

397 3113 674 3184 ριωτέρων
701 3112 759 3166 ἐν
796 3110 1038 3182 μέλεσιν.
1090 3108 1154 3162 Εί
1195 3105 1262 3178 δὴ
1305 3104 1415 3158 τῶν
1462 3120 1547 3166 τις
1578 3099 1809 3154 ἐκείνων
1857 3095 1959 3149 οὐκ

395 3205 751 3278 ἀγαθοεργῶν
791 3201 1244 3270 ἀνακτησάμενος
1291 3198 1458 3264 οἴκτῳ
1496 3194 1584 3246 τὸν
1633 3189 1958 3284 κατεαγότα,
1989 3225 2034 3284 C

394 3300 852 3373 παρερριμμένον
882 3295 1221 3365 ἁναλὰὄηται
1242 3332 1256 3356 ,
1286 3290 1382 3345 καὶ
1432 3287 1749 3353 δεξιώσεται
1780 3281 1963 3344 ἄλλοις

394 3395 455 3447 τέ
505 3410 614 3446 τισι
660 3391 756 3445 καὶ
800 3385 881 3454 οἷς
923 3388 1302 3460 βελτιούμενον
1337 3382 1398 3437 τδ
1452 3377 1831 3434 κατακλασθὶν
1886 3376 1966 3437 είς

395 3486 699 3557 ἀρτιότητα
729 3483 822 3536 τὸν
860 3479 1241 3553 βεὸλαμμένον
1290 3474 1561 3542 ἐπανάγει
1602 3467 1826 3541 (κωλύει
1852 3466 1964 3557 ’γα-ρ

395 3554 570 3641 aestv,
598 3577 693 3629 καὶ
726 3574 927 3628 εἰδέναι
953 3572 1046 3626 τὸν
1071 3569 1278 3643 λῃστὴν
1316 3566 1523 3619 ἐκεῖνον
1555 3564 1847 3633 φάρμακα,
1883 3554 1967 3623 οἷς

397 3671 544 3723 ἔστιν
588 3666 844 3723 ἀκεῖσθαι
888 3666 959 3718 τὰ
1004 3660 1275 3731 τοιαῦτα),
1314 3658 1411 3713 καί⁵
1456 3657 1484 3709 ό
1529 3653 1967 3724 θεραπευόμενος

395 3760 591 3828 λόγους
630 3755 990 3828 εὐχαρίστους
1021 3753 1276 3824 προάγει,
1304 3749 1401 3805 καὶ
1418 3749 1628 3811 τούτοις
1654 3747 1792 3809 τέως
1811 3745 1969 3815 ἀμεί-

398 3850 559 3904 ϐεται
605 3849 697 3901 τὸν
743 3846 1088 3911 πατάξαντα,
1125 3843 1280 3905 τέλος
1314 3842 1371 3895 δὲ
1405 3842 1499 3895 καί
1537 3834 1966 3907 ἐπανακληθεὶς.

398 3946 478 4005 εἰς
508 3942 647 4011 ὅπερ
677 3936 769 4012 ἦν,
804 3938 1088 3992 θεοκλυτεῖ
1126 3935 1528 4005 ἐπευχόμενος,
1568 3935 1664 3985 καὶ
1691 3929 1972 3999 ὑπισχνεῖ-

399 4032 589 4086 ταιτὰ
625 4031 822 4102 λῴονα,
879 4030 977 4083 καὶ
1025 4028 1134 4099 πρὸ
1167 4024 1347 4080 ποδῶν
1392 4025 1600 4095 ῥίπτων
1640 4021 1831 4076 ἐαυτὸν
1871 4017 1970 4071 τοῦ

401 4122 751 4193 ἀκεσαμένου
793 4123 849 4183 ἐς
874 4121 1122 4188 γνήσιον⁹
1152 4116 1567 4187 ἀμφιπλέκεται
1605 4115 1733 4176 τοὺς
1775 4111 1968 4174 πόδας,

401 4215 497 4268 καί
541 4229 604 4282 γε
638 4208 931 4279 καταφιλεῖ
951 4225 962 4237 ·
991 4209 1021 4261 ό
1044 4208 1227 4262 τοίνυν
1257 4204 1497 4266 τοιοῦτος
1529 4202 1877 4273 ἀμνηστῆσαι
1904 4199 1972 4252 ἂν

401 4309 516 4379 ἔχοι
546 4307 643 4360 καὶ
662 4299 738 4361 ὧν
779 4304 941 4360 πάθοι
975 4301 1106 4355 ποτὲ
1139 4301 1353 4365 κακῶν,
1401 4299 1496 4352 καὶ
1540 4294 1839 4363 ἀπαλεῖψαι
1872 4293 1971 4362 μὲν

401 4398 543 4452 αὐτὰ
588 4397 689 4467 τῆς
740 4395 884 4449 κατὰ
931 4392 1111 4465 ψυχὴν
1143 4393 1358 4456 δέλτου,
1406 4389 1755 4467 ἀνάγραπτον
1791 4386 1849 4439 δὲ
1877 4384 1975 4453 φέ-

1983 1876 2025 1933 Β

2054 630 2170 674 stro
2202 623 2316 691 regi
2354 624 2420 675 de
2452 637 2537 677 me
2562 625 2854 689 mandans,
2891 623 3128 677 custodit
3162 639 3250 678 me
3282 625 3334 678 itt
3379 622 3632 678 omnibus

2052 712 2156 766 viis
2191 715 2328 768 suis.
2384 714 2439 768 Si
2502 729 2631 770 vero
2664 716 2997 787 patentibus,
3030 725 3085 768 ut
3111 715 3316 769 dictum
3346 724 3448 777 est,
3486 714 3631 770 laeu-

2052 804 2153 859 bns
2182 804 2263 859 vel
2300 806 2483 862 leones
2512 807 2858 872 insidiantur,
2887 808 2966 861 vel
2992 806 3244 876 praeacuti
3267 806 3371 876 pali
3397 807 3633 877 deligan-

2051 901 2161 962 tur,
2191 896 2431 951 velaliud
2462 898 2589 968 quid
2623 898 2922 968 ltujusmodi
2947 897 3251 952 letltilerum
3285 898 3376 961 sit,
3406 897 3628 953 tumille

2052 1003 2268 1057 quoque
2294 988 2399 1044 hoc
2448 990 2684 1045 inimicis
2716 988 3118 1045 dissimulatum
3152 989 3351 1044 malum
3385 989 3631 1057 invertit,

2052 1076 2277 1129 omnino
2302 1090 2527 1140 curans,
2572 1077 2686 1131 sive
2716 1079 2991 1149 parcendo
3018 1087 3258 1132 nostram
3291 1079 3626 1135 debilitatem

2054 1182 2303 1231 servans,
2354 1182 2420 1222 ne
2470 1169 2789 1223 scandalum‘
2813 1171 2959 1240 passi
3003 1169 3086 1224 vel
3110 1169 3512 1240 dispereamns,
3547 1173 3632 1228 vel

2057 1257 2108 1310 itt
2140 1257 2530 1327 blasphemiam
2576 1258 2922 1324 indueamur,
2973 1274 3147 1330 neque
3205 1261 3363 1315 nobis
3402 1261 3637 1316 irriden-

2056 1357 2158 1407 tes.
2182 1347 2294 1402 risu
2317 1348 2473 1417 juxta
2498 1350 2869 1418 proverbium,
2898 1350 3221 1416 moriantur,
3246 1351 3300 1405 in
3326 1351 3486 1407 finem
3517 1351 3634 1420 glo-

2055 1441 2282 1496 riantes.
2319 1441 2390 1496 Et
2418 1442 2491 1497 ita
2526 1442 2745 1513 quidem
2779 1458 2877 1518 ego
2898 1442 3102 1511 gratias
3127 1443 3381 1513 profiteor
3401 1485 3416 1510 ,
3449 1457 3504 1500 et
3534 1446 3632 1500 has

2054 1533 2270 1604 quidem
2306 1543 2446 1590 totas
2487 1535 2794 1589 auxiliatori
2830 1536 2981 1591 Deo-
3015 1534 3071 1590 Si
3102 1549 3234 1590 vero
3271 1536 3403 1606 quid
3449 1536 3636 1606 gratia:

2056 1627 2293 1682 transire
2333 1627 2464 1682 velit
2493 1629 2659 1681 etiam
2687 1632 2753 1683 ad
2798 1642 2893 1683 eos
2924 1628 3015 1697 qui
3070 1643 3160 1683 me
3216 1639 3632 1697 persequuntur.

2055 1732 2243 1784 nemo,
2286 1728 2451 1786 puto,
2499 1719 2732 1773 faciliter
2780 1724 3000 1775 credere
3054 1721 3272 1790 poterit,
3321 1719 3634 1776 discernere

2055 1808 2264 1873 sciens,
2311 1810 2437 1876 quid
2483 1811 2556 1863 sit
2586 1812 2893 1880 gratitudo,
2935 1812 3314 1881 quomodoque
3360 1826 3469 1866 non
3502 1826 3635 1882 pos-

2057 1897 2133 1952 sit
2191 1899 2397 1967 gratius
2455 1912 2616 1968 agere
2665 1899 2844 1954 laesus.
2898 1898 3061 1955 Juxta
3112 1901 3435 1955 ebaritatem
3487 1899 3635 1953 enim

2055 1996 2163 2051 est,
2213 1990 2279 2042 iu'
2314 1998 2526 2045 secreto
2570 2005 2785 2061 gemere
2843 1992 3134 2063 sileteque,
3189 2004 3287 2059 pro
3314 1990 3634 2047 laedentibus

2059 2092 2243 2134 autem
2275 2096 2456 2145 orare,
2485 2081 2731 2136 divinum
2760 2084 2975 2152 quidem
3002 2092 3085 2140 est
3109 2094 3162 2139 et
3186 2082 3465 2155 possibile,
3494 2096 3635 2152 prae-

2060 2173 2245 2226 sertim
2274 2175 2429 2229 bonis
2460 2174 2807 2242 Christianis,
2842 2178 3078 2232 nondum
3107 2191 3234 2231 vero
3270 2190 3490 2246 quoque
3519 2190 3637 2230 om-

2061 2266 2191 2319 nino
2221 2266 2425 2335 gratias
2452 2279 2632 2336 agere.
2677 2267 2741 2319 Et
2772 2269 2871 2321 hoc
2908 2269 3123 2337 quidem
3149 2262 3232 2322 est
3261 2267 3386 2321 tale.

2132 2530 2222 2586 3t.
2245 2528 2343 2584 llla
2379 2542 2506 2584 vero
2534 2542 2695 2599 quam
2724 2526 2949 2599 promisi
2980 2525 3278 2582 secundum
3302 2522 3632 2579 rhetoricam

2063 2623 2298 2679 lictionis
2350 2624 2437 2677 via
2497 2622 2620 2677 talis
2653 2630 2757 2676 est.
2817 2622 3164 2689 Supponatur
3193 2616 3458 2671 transitus
3485 2613 3634 2670 diros

2066 2713 2292 2768 humani
2336 2714 2555 2785 generis
2602 2712 2934 2782 praadatorss
2965 2709 3167 2776 celans,
3198 2719 3252 2763 et
3278 2706 3478 2778 aliquis
3530 2706 3635 2760 iter

2067 2806 2193 2860 illac
2226 2805 2432 2860 faciens
2462 2805 2715 2860 incautus
2738 2804 2902 2858 homo
2938 2802 3141 2856 incidat
3177 2800 3229 2854 in
3260 2798 3632 2860 insidiatores,

2066 2897 2413 2965 crudeliaque
2471 2897 2746 2966 patiatur,
2812 2893 3011 2965 quibus
3064 2892 3307 2947 membra
3358 2888 3636 2945 lethaliter

2070 2989 2409 3042 saueientur.
2463 2986 2521 3041 Si
2572 2987 2697 3057 quis
2748 2999 2913 3055 porro
2958 2983 3183 3038 istorum
3215 2995 3322 3036 non
3360 2979 3637 3035 benefico-

2069 3095 2190 3135 rum
2214 3119 2230 3146 ,
2281 3078 2659 3135 misericordia
2698 3080 3038 3132 vulneratum
3073 3074 3399 3145 suscipiens,
3431 3072 3635 3126 relevat

2068 3171 2359 3243 deiectum,
2380 3180 2435 3226 et
2453 3170 2777 3241 quibusdam
2801 3169 2922 3223 aliis
2944 3167 3256 3222 humaniter
3276 3165 3494 3234 excipit,
3515 3165 3636 3233 qni-

2066 3265 2191 3331 bus,
2235 3270 2490 3333 reparato
2538 3260 2681 3333 quod
2728 3268 2950 3333 ruptum
3003 3267 3143 3324 erat,
3167 3258 3233 3311 ad
3264 3257 3631 3326 integritatem

2068 3354 2252 3408 Iesum
2297 3352 2522 3407 reducat
2568 3349 2731 3422 (nihil
2781 3350 2925 3405 enim
2953 3347 3153 3412 obstat,
3196 3347 3326 3415 quin
3367 3345 3637 3416 praedator

2072 3446 2163 3500 ille
2180 3444 2420 3500 remedia
2454 3453 2665 3506 noscat.
2696 3442 2893 3511 quibus
2927 3441 3053 3495 talia
3081 3440 3307 3495 vulnera
3329 3438 3635 3507 curentur);

2068 3547 2124 3594 et
2169 3548 2391 3592 curatus
2441 3537 2643 3605 gratias
2683 3534 2832 3603 agit,
2886 3534 3080 3603 quibus
3132 3532 3297 3586 etiam
3345 3544 3638 3601 percusso-

2068 3643 2185 3684 rem
2256 3625 2632 3681 vicissitudine
2706 3626 2906 3686 donet,
2964 3621 3307 3690 ﬁnaliterque
3355 3622 3639 3674 restitutus

2070 3723 2125 3777 in
2181 3719 2238 3776 id
2269 3720 2411 3790 quod
2466 3719 2618 3789 prius
2661 3727 2800 3783 erat,
2859 3717 3078 3785 supplex
3129 3714 3297 3769 Deum
3346 3722 3639 3782 precatur;

2070 3817 2276 3885 optima
2316 3812 2641 3882 pollicetur,
2689 3819 2746 3866 et
2791 3817 2917 3864 ante
2961 3809 3124 3879 pedes
3184 3805 3385 3861 medici
3430 3806 3643 3861 sincere

2072 3921 2131 3962 se
2167 3906 2478 3977 proiiciens,
2510 3905 2629 3974 ejus
2657 3902 2998 3973 ampleCtitur
3032 3900 3196 3970 pedes
3237 3909 3291 3954 et
3318 3896 3594 3953 osculatur
3623 3915 3639 3952 :

2071 3998 2193 4054 talis
2239 3998 2400 4068 igitur
2446 3995 2694 4052 oblivisci
2753 3994 2969 4052 debebit
3027 4008 3212 4051 eorum
3266 4006 3385 4064 quas
3451 4006 3641 4068 passus

2073 4100 2156 4146 est
2193 4066 2482 4157 malorum,
2509 4099 2561 4143 et
2586 4088 2675 4142 illa
2725 4089 2944 4157 quidem
2971 4102 3035 4143 ex
3064 4087 3259 4142 animat
3288 4084 3468 4139 tabula
3501 4066 3646 4139 dele-

2076 4197 2167 4245 re,
2233 4179 2493 4250 scriptum
2557 4191 2736 4234 autem
2782 4180 2960 4235 solum
3003 4192 3195 4250 gerere
3251 4177 3642 4243 lenitnentum,

2075 4289 2183 4329 non
2246 4282 2396 4342 puto.
2441 4281 2495 4327 et
2553 4287 2658 4327 non
2711 4286 2811 4343 ego
2865 4272 3037 4336 solus,
3090 4270 3185 4325 sed
3234 4270 3478 4335 etzalius
3524 4268 3647 4339 qui-

2074 4380 2292 4435 cunque
2347 4365 2438 4420 sit.
2494 4366 2623 4420 Dico
2669 4380 2801 4419 vero
2853 4366 2994 4433 quod
3040 4364 3277 4433 primum
3313 4363 3531 4433 quidem
3575 4361 3645 4417 ad

408 4508 520 4562 ρειν
552 4452 718 4560 ’μόνόν
766 4487 828 4540 τὸ
874 4452 1240 4549 ἀκέσῖὶιδυνον,
1289 4452 1393 4536 ούκ
1439 4452 1710 4549 οἶμαίῖγε,
1747 4477 1843 4529 καὶ
1871 4452 1965 4529 οὐκ

2079 4470 2518 4526 unamquamque
2541 4456 2789 4525 corporis
2819 4455 3179 4518 curationem,
3211 4452 3410 4509 deinde
3426 4468 3642 4523 quoque

402 4543 572 4646 ἑιὺτδξ
600 4582 736 4650 ἐγὼ,
769 4578 886 4635 ἀλλ’
915 4578 1038 4632 οὑδέ
1091 4543 1248 4638 ἄλλος
1269 4615 1286 4642 ,
1338 4543 1645 4636 ὅστις-ποτέ
1670 4565 1786 4622 οὖν.
1814 4568 1965 4635 Λέγω

2079 4564 2201 4602 eum
2234 4546 2374 4602 forte
2412 4546 2486 4600 illi
2517 4544 2611 4617 qui
2653 4545 2870 4602 sanavit
2897 4543 3086 4599 obvius
3131 4545 3255 4608 lict,
3312 4543 3468 4612 juxta
3519 4557 3648 4597 vero

402 4678 481 4742 δὲ,
513 4677 589 4738 ὡς
625 4675 815 4745 πρῶτα
862 4672 962 4742 μὲν
1000 4669 1123 4724 καθ’
1154 4669 1393 4737 ἑκάστην
1427 4662 1722 4736 θεραπείαν
1746 4662 1839 4714 τοῦ
1870 4658 1976 4712 σώ-

410 4784 601 4839 ματος,
637 4764 754 4819 εἶτα
801 4764 897 4817 καὶ
931 4763 1018 4816 ὅτε
1054 4776 1156 4813 που
1190 4758 1403 4828 ἐντύχοι
1443 4755 1522 4825 τῷ
1548 4752 1972 4825 θεραπεύσαντι,

406 4862 503 4911 καὶ
528 4854 671 4909 κατὰ
704 4852 899 4923 λοιπὴν
938 4851 994 4903 δὲ
1021 4851 1327 4919 ἀνάμνησιν
1350 4844 1640 4915 προτρέχοι
1666 4844 1731 4896 ἂν
1750 4841 1915 4894 αὑτοῦ
1940 4840 1975 4907 ἡ

410 4949 602 5017 μνήμη
646 4944 748 5011 τῆς
781 4937 1113 5001 κακοποιίας
1147 4936 1386 5004 ἐκείνης,
1417 4927 1486 5005 ἧς
1516 4931 1971 4999 ἁνακεκόμισται.

410 5040 663 5093 Μάλιστα
708 5034 811 5105 μὲν
843 5028 938 5087 οὖν
969 5029 1112 5083 κατὰ
1147 5027 1214 5080 τὰ
1247 5022 1744 5093 συνανεξυμωμένα
1781 5019 1815 5088 ἥ
1846 5032 1976 5071 συν-

407 5130 679 5201 τετηκότα
736 5126 845 5180 τῶν
905 5124 1198 5193 σωμάτων,
1252 5118 1347 5172 καὶ
1399 5116 1542 5170 οὓτω
1604 5112 1672 5166 δι’
1729 5109 1976 5180 ἀλλήλων

406 5222 633 5292 ἥκοντα,
664 5215 1009 5288 συμφύροιτο
1029 5212 1096 5266 ἂν
1115 5210 1212 5263 καὶ
1237 5210 1304 5280 τῇ
1333 5208 1429 5268 τῆς
1454 5203 1755 5276 θεραπείας
1787 5202 1977 5272 μνήμῃ

408 5317 443 5384 ἡ
495 5313 596 5381 τῆς
634 5308 986 5369 κακοποιίας.
1039 5303 1154 5357 Καὶ
1188 5300 1580 5360 incitamenta;
1613 5296 1643 5349 ό
1689 5293 1979 5365 ἄνθρωπος

409 5407 488 5467 είς
522 5404 583 5457 τὸ
641 5403 739 5472 τῆς
771 5400 987 5469 φύσεως
1016 5391 1098 5460 εὖ,
1125 5393 1234 5448 οὐδ’
1255 5391 1427 5452 οὕτως
1461 5390 1527 5444 ἂν
1551 5388 1667 5460 ἔχει
1694 5385 1975 5450 λαθέσθαι,

409 5493 484 5552 ὧν
508 5494 699 5557 πάθοι.
759 5493 871 5547 Καί
907 5506 1015 5543 που
1046 5490 1127 5557 τῷ
1157 5488 1335 5558 λῃστῇ
1393 5479 1768 5551 ’Δσκληπιάδῃ
1798 5478 1979 5550 χρόνῳ

411 5589 546 5644 τοτὲ
602 5581 918 5658 περιτυχὼν
950 5580 1267 5635 ἀσπάσεται
1321 5575 1423 5647 μὲν
1460 5574 1655 5644 ἡδέως,
1710 5568 1982 5641 περιπτύ-

414 5682 589 5748 ξεται,
622 5676 963 5732 κατακλύσει
1006 5671 1276 5743 ῥεύμασιν
1308 5667 1572 5728 ἐπαίνων,
1627 5664 1979 5717 ποτνιάσεται

412 5775 469 5828 δὲ
528 5772 624 5827 καὶ
684 5773 767 5833 είς
818 5767 1002 5833 ξενίαν
1043 5763 1194 5835 αὐτῷ
1234 5759 1555 5832 ἀφικέσθαι.
1596 5758 1709 5811 Καὶ
1765 5756 1979 5817 ἐκεῖνος

416 5863 693 5934 ἀφίξεται,
728 5861 824 5916 καὶ
852 5857 1098 5931 χαρίτων
1157 5852 1557 5911 συναπολαύσει
1620 5848 1713 5906 καὶ
1744 5847 1974 5920 φιλοτη-

2086 4650 2343 4696 εαιιοιαιη
2390 4640 2822 4694 recordationem
2884 4634 3287 4707 praeoccupabit
3331 4649 3454 4688 eum
3505 4633 3651 4687 illius

2085 4734 2344 4789 memoria
2400 4731 2600 4797 morbi,
2654 4747 2684 4785 σ
2734 4744 2843 4799 quo
2879 4738 3160 4784 revocatus
3203 4737 3307 4782 est.
3344 4724 3651 4781 Praesertim

2086 4837 2263 4882 autem
2289 4824 2505 4895 quidem
2545 4822 2592 4879 si
2623 4822 2863 4878 membra
2893 4820 3054 4877 simul
3084 4821 3565 4874 fertnentcseerettt
3595 4828 3654 4871 et

2088 4919 2454 4986 liqueﬁerent,
2484 4926 2539 4970 et
2588 4915 2660 4970 ita
2691 4914 2827 4969 febri
2863 4923 3301 4983 penetrarentur,
3358 4911 3653 4964 curationis

2084 5009 2363 5064 memoriae
2389 5006 2649 5061 memoria
2682 5003 2931 5059 maleﬁcii
2960 5005 3297 5057 misceretur.
3331 5000 3436 5054 Sed
3470 5001 3520 5052 in
3553 4999 3654 5052 bo-

2085 5116 2216 5157 num
2242 5111 2446 5154 natura
2479 5106 2678 5153 statum
2705 5097 2869 5150 homo
2896 5094 3200 5157 restitutus,
3230 5109 3294 5147 ne
3326 5093 3406 5147 sic
3434 5091 3653 5158 quidem

2086 5194 2287 5262 poterit
2332 5206 2521 5246 eorum
2557 5206 2680 5259 quae
2732 5203 2926 5260 passus
2960 5198 3044 5240 est
3096 5184 3368 5240 oblivisci.
3417 5183 3485 5238 Et
3516 5182 3655 5237 forte

2088 5286 2374 5356 pratdatori
2408 5283 2622 5338 tandem
2653 5296 2948 5335 occurrens
2974 5278 3303 5347 Eseulapio,
3330 5291 3453 5331 cum
3485 5276 3658 5330 liben-

2091 5388 2173 5433 ter
2206 5379 2424 5446 quidem
2456 5376 2633 5429 amiee
2669 5373 2946 5438 salutabit,
2996 5371 3484 5441 atnpleeteturque,
3536 5368 3656 5421 lau-

2090 5473 2218 5524 dum
2264 5470 2484 5524 ﬂuentis
2524 5468 2831 5530 exundans,
2880 5467 2976 5521 sed
3020 5477 3075 5519 ct
3109 5462 3346 5533 rogabit,
3385 5473 3443 5515 ut
3477 5461 3530 5513 in
3562 5461 3660 5513 lin-

2090 5564 2311 5632 spitium
2346 5563 2413 5614 ad
2448 5575 2507 5615 se
2537 5559 2744 5614 veniat.
2782 5558 2851 5612 Et
2903 5555 2993 5611 ille
3040 5555 3242 5619 veniet,
3271 5563 3326 5608 et
3360 5568 3484 5608 cum
3524 5567 3655 5620 gra-

2090 5657 2183 5711 tiis
2223 5655 2388 5710 etiam
2423 5666 2685 5723 prospera
2709 5650 2886 5706 salute
2915 5650 3147 5704 lruetur.
3176 5646 3296 5703 Jatu
3323 5659 3452 5700 vero
3474 5644 3659 5713 hospi-

2092 5752 2226 5806 tium
2289 5748 2526 5802 vicissim
2559 5744 2706 5800 dahit
2730 5752 2785 5798 et
2814 5741 3062 5813 accipiet.
3110 5740 3165 5795 Si
3199 5755 3326 5793 vero
3357 5738 3478 5807 quis
3512 5738 3653 5790 inte-

2093 5856 2187 5898 rea
2233 5838 2557 5896 benevolum
2613 5836 2919 5907 hospitem,
2972 5832 3066 5906 qui
3110 5842 3345 5900 a'grotus
3407 5829 3655 5883 fueratet
