4090 6426
392 382 493 445 ltili
1069 377 1490 442 EUSTATHII
1534 368 2294 436 THESSALONICENSIS
2334 365 2899 430 METROPOLITIE
3543 370 3646 436 43'2

398 511 616 554 rursum
656 498 722 554 ad
753 498 1043 555 sanitatem
1081 506 1388 563 revocatus,
1425 496 1808 565 interrogaret,
1854 492 1977 558 quis

2094 488 2204 550 σίας
2238 487 2528 557 λαμπρᾶς.
2565 487 2707 558 Ἤδη
2737 486 2793 540 δὲ
2827 488 2922 540 καὶ
2954 485 3106 553 ξένια
3134 484 3201 540 τὰ
3233 486 3332 557 μὲν
3371 486 3558 554 δώσει,
3582 489 3651 540 τὰ

396 600 451 645 et
485 590 629 647 unde
665 592 809 645 venit
844 592 942 661 ipsi
980 591 1099 645 talis
1147 592 1366 659 hospes,
1410 603 1515 643 non
1564 588 1638 641 ita
1671 587 1828 642 dirus
1854 600 1979 640 eva-

399 679 555 735 deret
602 681 716 749 ipse
750 682 1012 749 sOphista,
1057 678 1187 748 quin
1215 679 1359 733 illius
1407 677 1534 733 mali
1564 677 1879 731 memoriam
1908 674 1977 728 iis

2094 688 2252 743 ρρονα
2286 672 2611 737 ξεινοδόκον,
2644 672 2735 725 τὸν
2762 668 2829 741 ἦν
2852 672 2939 724 ὅτε
2964 670 3353 742 παραλυθέντα
3374 674 3469 724 καὶ
3496 672 3652 737 αὖθις

397 787 521 841 quae
544 773 768 836 diceret,
811 771 1232 825 intermisceret.
1291 768 1513 824 Diceret
1559 777 1740 823 autem
1799 781 1973 821 sane:

2094 764 2399 818 ιυνδεθέντα
2431 767 2511 828 είς
2564 765 2737 833 ὑγιὲς,
2790 764 2990 835 ἔροιτο,
3026 766 3111 828 τίς
3151 764 3302 834 αὐτῷ
3335 766 3429 817 καὶ
3487 767 3654 820 πόθεν

406 880 426 913 ε
463 864 685 916 Alienus
727 861 944 931 quidem
978 862 1209 915 odiosus
1262 860 1395 914 mihi
1442 867 1560 915 erat
1615 858 1815 927 hospes
1849 854 1973 919 iste,

2094 858 2199 927 'pcst
2248 859 2277 909 ὁ
2309 855 2550 920 τοιοῦτος
2585 859 2736 923 ξενος
2761 898 2776 924 ,
2835 857 2935 910 οὐκ
2963 855 3031 910 ἂν
3066 855 3212 909 οὕτω
3263 857 3439 920 δεινὸς
3488 859 3654 917 αὐτος

400 970 521 1008 cum
552 954 858 1017 descendit,
902 962 957 1008 et
1004 953 1204 1008 inferni
1255 953 1599 1024 portitorem,
1627 959 1685 1003 ut
1719 951 1973 1004 deorsum

2094 949 2322 1019 irroﬁalq
2362 950 2653 1020 σοφιστὴς,
2689 950 2762 1012 ὼς
2800 948 2876 1020 μὴ
2909 948 3271 1020 παραπλῆξαι
3302 952 3396 1002 καὶ
3429 951 3655 1020 μνήμην

402 1061 489 1100 me
548 1045 941 1109 transduceret,
1008 1045 1281 1098 invitavit.
1309 1042 1539 1112 Jamque
1574 1038 1769 1110 pedum
1803 1037 1975 1091 altero

2094 1041 2295 1094 ἐκείνου
2327 1041 2423 1094 τοῦ
2455 1041 2654 1109 κακοῦ,
2689 1036 2769 1104 οἷς
2797 1042 2933 1113 ἐρεῖ.
2989 1042 3139 1110 Ἐρεῖ
3167 1043 3223 1094 δὲ
3273 1043 3516 1106 πᾶντως,
3571 1043 3656 1095 ὅτι

2077 580 2124 633 δ’
2154 578 2537 648 ἀντιλήψεται.
2571 580 2632 632 Εί
2681 581 2741 632 δὲ
2775 580 2868 632 καί
2899 597 2983 642 τις
3015 579 3073 631 ἐν
3102 579 3317 642 τούτοις
3355 580 3446 633 τὸν
3496 582 3652 649 φιὶό-
3748 576 3757 586 ’

405 1135 709 1205 procedens
751 1148 852 1203 ego
901 1134 1095 1187 morbo
1142 1132 1325 1201 gravis
1374 1131 1431 1184 in
1483 1127 1740 1196 scapham
1790 1137 1980 1177 ascen-

400 1231 608 1282 derant.
641 1224 845 1281 Ultimo
876 1236 1057 1281 tamen
1093 1226 1246 1280 mitis
1281 1238 1411 1293 erga
1441 1236 1526 1276 me
1558 1220 1754 1285 factus,
1808 1229 1977 1271 onere

400 1319 709 1383 sublevate,
786 1319 1215 1387 portitoremque
1283 1316 1590 1371 Charonem
1652 1311 1977 1379 deprecatus

405 1411 719 1482 patrocinio
751 1418 911 1464 terra:
943 1409 1203 1478 solisque,
1233 1407 1433 1478 quibus
1465 1413 1593 1459 ante
1633 1414 1847 1472 tempus
1889 1414 1977 1453 me

400 1505 709 1560 subducere
728 1501 977 1572 parabat,
1037 1501 1091 1555 in
1154 1500 1206 1555 id
1252 1499 1394 1569 quod
1436 1510 1584 1552 nunc
1616 1510 1736 1551 sum
1771 1507 1859 1547 me
1891 1505 1976 1544 re-

402 1594 577 1660 .lnxii,
612 1603 665 1649 et
698 1592 818 1649 ideo
846 1593 1049 1648 bonum
1102 1592 1249 1647 hunc
1279 1590 1553 1646 hominem
1590 1584 1847 1642 benevole
1874 1584 1974 1639 ha-

405 1689 529 1741 beo.
566 1705 584 1739 ι
622 1686 901 1756 Numquid
947 1685 1063 1740 haec
1091 1685 1281 1742 dicens
1314 1684 1512 1753 hospes
1544 1681 1637 1737 ille
1663 1681 1852 1749 sicque
1870 1677 1977 1733 dis-

405 1777 615 1845 positus
676 1766 1021 1848 (supponitur
1068 1785 1246 1830 autem
1288 1775 1359 1830 ita
1421 1778 1588 1842 esse),
1636 1770 1976 1827 simultatum

406 1884 617 1925 tttenmr
648 1870 752 1924 erit
771 1870 794 1923 ’ί

2084 1151 2102 1184 ι
2138 1133 2326 1197 Ἀλλος
2355 1132 2453 1202 μὲν
2470 1132 2716 1203 ἔχθιστος
2746 1133 2870 1202 ἐμοὶ
2891 1136 2917 1184 ὁ
2941 1133 3091 1200 ξένος
3117 1125 3271 1195 οὗτος
3292 1127 3359 1203 ἦν
3382 1132 3471 1183 ὅτε
3490 1132 3659 1199 ἀπεξ-

2084 1226 2207 1295 έση,
2260 1228 2352 1279 καὶ
2373 1226 2463 1279 τὸν
2495 1228 2552 1279 ἐν
2574 1226 2703 1297 ᾅδου
2737 1226 2995 1297 πορθμέα
3022 1225 3391 1297 ναυστολῆσαί
3417 1243 3486 1298 με
3506 1226 3660 1280 κάτω

2081 1318 2502 1388 προύκαλέσατο
2523 1334 2538 1350 ο
2574 1320 2673 1372 κα)⁸
2706 1318 2810 1390 ήδη
2842 1316 2966 1372 ’καὶ
3010 1317 3229 1389 θατέρῳ
3279 1322 3393 1371 τοῖν
3441 1318 3657 1372 σκελοῖν

2085 1408 2285 1465 ἐπιϐὰς
2312 1408 2426 1479 ἐγὼ
2457 1408 2633 1481 βαρὺς
2659 1410 2820 1480 νόσῳ,
2847 1409 2909 1462 τὸ
2937 1410 3240 1482 πορθμεῖον
3275 1410 3654 1477 ὲσκάμσευσα.

2083 1500 2356 1572 ’Υστερον
2398 1504 2498 1571 μέν
2524 1519 2605 1556 τοι
2636 1502 2983 1571 γαληνιάσας
3005 1504 3092 1556 ἐπ’
3121 1502 3267 1573 ἐμοὶ,
3301 1501 3517 1556 καὶτοῦ
3555 1502 3656 1573 βάς

2087 1605 2219 1661 ρους
2269 1575 2673 1662 ἀνακουφίσας,
2706 1593 2803 1646 καὶ
2839 1592 2931 1645 τὸν
2968 1592 3227 1664 πορθμέα
3285 1591 3522 1664 Χάρωνα
3555 1610 3661 1646 πα-

2089 1684 2498 1754 ραιτησάμενος
2556 1685 2703 1738 αίδοῖ
2760 1684 2860 1755 τῆς
2886 1701 2948 1738 τε
2981 1685 3087 1756 γῆς
3124 1683 3229 1738 τοῦ
3268 1701 3330 1737 τε
3361 1684 3539 1754 ἡλίου,
3583 1676 3659 1740 ὧν

2089 1772 2319 1844 ἔμελλεν
2348 1776 2664 1845 ἀπαγαγεῖν
2698 1793 2767 1847 με
2818 1780 2928 1849 πρὸ
2956 1776 3131 1849 ὧρας,
3160 1778 3529 1848 περιήγαγεν,
3578 1779 3661 1841 είς

2089 1865 2228 1938 ὅπερ
2262 1866 2380 1937 είμὶ
2411 1867 2562 1939 ἄρτι,
2594 1869 2691 1922 καὶ
2718 1868 2874 1924 τοῦδε
2908 1871 3072 1940 χάριν
3102 1869 3537 1941 φιλοφρονοῦμαι
3568 1871 3661 1924 τὸν

404 1960 573 2014 καλὸν
606 1961 797 2014 τοῦτον
844 1961 1155 2033 ἄνθρωπον,
1204 1961 1373 2017 Ταῦτ’
1413 1961 1584 2048 εἰπὼν
1643 1964 1672 2014 ὁ
1739 1952 2041 2027 ξενοδόῄος,
2083 1959 2177 2011 καὶ
2207 1958 2353 2014 οὕτω
2408 1960 2759 2031 διακείμενος
2792 1962 3104 2030 (ὑπόκειται
3164 1961 3221 2015 δὲ
3252 1963 3471 2035 ἀληθῶς
3501 1962 3647 2018 οὕτω

406 2051 823 2125 διατεθεῖσθαι),
861 2050 982 2125 ’ἆρα
1036 2054 1412 2126 μνησικακοίη
1456 2056 1563 2122 ἀν;

474 2145 569 2201 32.
604 2146 747 2204 Ecce
777 2147 1045 2203 luctamen
1095 2148 1150 2203 in
1181 2149 1530 2206 ratiociniis:
1563 2147 1655 2217 qui
1690 2146 1856 2209 volet,
1892 2143 1987 2198 ad-

2164 2138 2265 2212 λβ¹.
2312 2139 2479 2207 Ἰδοὺ,
2506 2139 2650 2213 πάλη
2681 2141 2738 2196 ἐν
2771 2140 2952 2209 λόγοις
2979 2157 2992 2170 ·
3037 2141 3124 2195 καί
3155 2141 3183 2193 ὁ
3214 2139 3542 2212 βουλόμενος
3568 2142 3666 2197 ἀν-

406 2230 620 2293 versum
648 2252 733 2293 me
759 2238 1035 2308 procedat.
1065 2237 1293 2294 Habebit
1322 2250 1503 2294 autem
1528 2239 1775 2307 palaestra
1812 2239 1982 2294 lenem

411 2331 750 2384 substratum
779 2330 1087 2400 pulverem,
1120 2340 1199 2394 ut,
1234 2331 1279 2386 si
1307 2329 1449 2385 forte
1477 2329 1783 2400 dejiciatur,
1817 2331 1992 2386 resul-

410 2430 487 2474 tet
518 2435 707 2486 sanus,
737 2428 793 2475 et
819 2434 1053 2491 surgens
1083 2422 1362 2491 abstergat
1391 2436 1538 2489 eum,
1587 2430 1636 2477 et
1692 2432 1821 2488 stet,
1877 2438 1982 2478 non

404 2527 537 2567 casu
587 2513 770 2568 laesus.
818 2514 951 2569 Dico
993 2514 1138 2568 enim
1188 2513 1333 2582 (quis
1383 2513 1817 2585 contradicet?),
1858 2530 1985 2584 gra-

407 2603 515 2655 tias
556 2599 776 2657 sincere
831 2610 1079 2674 agentem
1146 2602 1823 2675 injuriarumvmemorem
1880 2605 1984 2661 dici

410 2708 518 2747 non
542 2707 721 2762 posse.
783 2693 899 2748 Non
954 2694 1118 2765 igitur
1168 2694 1295 2750 mali
1350 2696 1613 2751 memoria
1663 2697 1985 2768 simpliciter

409 2793 496 2837 est
527 2784 652 2838 mali
697 2784 1025 2851 recordatio,
1082 2786 1175 2842 sed
1226 2789 1532 2843 recordatio
1584 2787 1834 2844 vindicta:
1862 2799 1984 2846 stu-

411 2874 599 2941 diosa,
646 2874 761 2930 sive
799 2876 1119 2944 praesentis,
1170 2876 1284 2931 sive
1330 2887 1622 2947 promptae,
1652 2893 1788 2946 quas
1821 2878 1983 2934 etiam

414 2965 601 3019 atnbas
632 2981 664 3020 a
702 2968 856 3021 nobis
890 2965 1030 3021 Deus
1061 2974 1293 3033 avertat,
1325 2982 1432 3021 non
1462 2977 1640 3023 autem
1670 2968 1868 3034 solum,
1889 2970 1983 3023 sed

410 3064 465 3106 et
486 3052 553 3105 ab
570 3054 717 3109 omni
748 3054 890 3110 bono
916 3056 1264 3111 Christiano!
1301 3056 1356 3112 Si
1385 3057 1507 3126 quis
1543 3058 1981 3128 autemppponit,

410 3145 599 3214 quod:
656 3144 756 3202 llic
810 3146 977 3202 etiam
1031 3148 1125 3218 qui
1184 3149 1512 3203 videbantur
1552 3150 1768 3221 maligni
1817 3149 1986 3206 fuisse

412 3238 731 3306 praedones,
778 3237 919 3294 bona
966 3238 1193 3307 faciunt,
1247 3241 1343 3294 tibi
1389 3257 1535 3296 nunc
1573 3240 1754 3307 Salve,
1807 3243 1985 3313 rabbi,

415 3330 746 3395 clamantes,
796 3328 1089 3387 adorantes
1153 3332 1270 3399 vel,
1330 3332 1474 3387 sicut
1514 3333 1708 3402 aliquis
1759 3335 1985 3401 diceret,

411 3418 593 3474 cancri
628 3418 901 3474 humiliter
928 3420 1207 3489 prostrati,
1226 3431 1508 3492 poscentes
1532 3423 1985 3491 misericordiam,

2086 2232 2357 2298 τεπεξίτω
2414 2249 2526 2296 μοι.
2569 2233 2727 2304 Ἐχοι
2757 2233 2811 2287 δὲ
2845 2235 2877 2302 ἡ
2914 2233 3227 2304 παλαίστρα
3271 2233 3419 2288 κόνιν
3445 2233 3666 2305 ἁπαλὴν

2087 2326 2538 2396 ὑπεστρωμένην,
2568 2327 2621 2380 εῖ
2639 2344 2753 2390 πως
2785 2325 3113 2381 καταπεσὼν
3142 2327 3474 2398 ἁναπεδήσει
3500 2328 3662 2390 σῶος.

2086 2417 2181 2470 καὶ
2212 2416 2452 2477 ἀναστὰς
2480 2415 2651 2486 αὐτὴν
2677 2415 3052 2486 ἀποψήσεται,
3094 2415 3188 2468 καὶ
3236 2416 3550 2487 ἑστήξεται,
3587 2417 3665 2488 μὴ

2087 2506 2497 2578 καταθρυφθεὶς
2516 2506 2596 2577 τῷ
2624 2507 2905 2578 πτώματι.
2936 2509 3082 2577 Φημὶ
3112 2511 3223 2578 γὰρ
3258 2507 3382 2576 (οὐκ
3418 2507 3484 2562 ιν
3512 2509 3665 2562 ἀντι-

2087 2596 2400 2667 λεγοίμην),
2442 2595 2518 2661 ώς
2552 2593 2587 2650 ’ὁ
2617 2597 2956 2667 εὐχαριστῶν
2983 2597 3122 2667 πρὸς
3150 2597 3413 2669 ἀλήθειαν
3465 2598 3566 2652 οὐκ
3595 2597 3663 2651 ἂν

2089 2688 2451 2759 μνησικακεῖν
2492 2687 2729 2757 λέγοιτο.
2776 2689 2851 2741 Οὐ
2887 2688 3071 2743 τοίνυν
3105 2688 3290 2751 ἁπλῶς
3324 2689 3664 2759 μνησικακία

2086 2779 2149 2831 οὐ
2202 2778 2374 2832 κακοῦ
2426 2796 2569 2843 τινος
2616 2781 2842 2852 μνήμη,
2896 2781 3031 2835 ἀλλά
3080 2782 3112 2851 ή
3163 2782 3296 2851 πρὸς
3349 2782 3663 2854 ἐντρέχειαν

2086 2871 2414 2942 ἀμυντικὴν,
2445 2872 2478 2944 ἢ
2513 2873 2611 2942 τὴν
2641 2872 2863 2939 αὐτίκα,
2916 2873 2949 2942 ἢ
2982 2874 3084 2945 τὴν
3117 2874 3423 2941 είσέπειτα,
3482 2875 3665 2944 ἇσπερ

2087 2967 2181 3018 καὶ
2210 2964 2377 3036 ἄμφω
2409 2964 2568 3034 ήμῶν
2598 2964 2877 3034 ἀπαγάγοι
2899 2964 3055 3027 Θεὸς,
3093 2968 3185 3019 καὶ
3207 2966 3268 3019 οὐ
3306 2965 3491 3035 μόνον,
3524 2965 3665 3018 ἀλλὰ

2090 3059 2183 3111 καὶ
2220 3058 2422 3121 παντὸς
2453 3057 2616 3126 ὀρθοῦ
2642 3057 2998 3129 Χριστιανοῦ.
3038 3057 3100 3111 Εἰ
3126 3058 3183 3111 δέ
3213 3075 3298 3122 τις
3354 3058 3661 3127 ἀντιθήσει,

2087 3149 2163 3212 ὡς
2219 3149 2350 3203 Ἰδοὺ
2407 3148 2685 3203 κάνταῦθα
2738 3150 2787 3202 oi
2843 3150 3125 3212 δοκοῦντες
3169 3149 3466 3224 λῃστεῦσαι
3525 3149 3667 3221 πρὸς

2091 3239 2333 3293 κάκωσιν
2389 3239 2568 3307 ἀγαθά
2620 3238 2886 3306 ποιοῦσιν,
2942 3239 3034 3291 ἐπὶ
3083 3240 3167 3293 σοὶ
3220 3240 3347 3311 ἄρτι
3373 3242 3434 3293 τὸ
3469 3242 3664 3312 Χαῖρε,

2102 3322 2323 3398 Ῥαϐὁὶλ,
2357 3330 2840 3404 προτφωνοῦντες,
2892 3331 3350 3403 ὑποκυρτοῧντες.
3412 3334 3479 3404 ἡ,
3521 3335 3665 3391 καθά

2090 3439 2173 3484 τις
2220 3425 2348 3494 ἐφη,
2385 3422 2737 3492 καριδοῠντες
2772 3423 3002 3489 ἑαυτοὺς
3037 3427 3516 3496 προσκυνητικῶς,
3573 3429 3663 3479 αῖ-

414 3511 627 3566 veniam
685 3512 1095 3582 supplicantes;
1156 3512 1207 3566 in
1253 3513 1445 3580 primis
1491 3514 1709 3583 quidem
1753 3529 1780 3566 a
1827 3514 1986 3568 nobis

2094 3515 2341 3586 τούμενοι
2378 3516 2439 3568 τὸ
2472 3516 2779 3586 συμπαθὲς,
2820 3517 3250 3588 προκαλούμενοι
3291 3519 3660 3590 συγχώρησιν·

415 3604 622 3670 discat,
683 3607 828 3673 quod
892 3604 995 3660 hoc
1039 3620 1182 3676 saepe
1235 3621 1358 3661 cum
1406 3608 1714 3675 Juramentn
1760 3605 1990 3675 profes~i

415 3695 682 3765 ejusmodi
724 3696 1033 3766 sapientes,
1086 3712 1187 3754 nos
1219 3697 1409 3754 faciles
1453 3709 1701 3767 repertos
1753 3707 1807 3753 et
1851 3699 1990 3753 ﬂexu

418 3786 652 3853 dociles,
690 3788 851 3859 paulo
894 3798 1017 3858 post
1056 3789 1332 3860 pejorihus
1371 3806 1474 3846 nos
1518 3792 1995 3845 circumvenerunt

416 3880 884 3951 sephismatibus,
923 3890 977 3936 et
1022 3882 1281 3937 dixerunt
1318 3883 1536 3955 quidem
1570 3900 1584 3937 :
1634 3883 1796 3950 Ecce,
1843 3894 1994 3954 post-

417 3987 582 4042 quam
615 3972 879 4040 laesimus,
913 3974 1228 4029 sanavintus
1257 3984 1312 4030 et
1340 3976 1511 4029 multa
1543 3984 1736 4031 contra
1783 3978 1994 4031 calum-

420 4066 683 4118 uiatorem
735 4064 1003 4133 diximus;
1057 4080 1163 4119 non
1222 4066 1390 4121 multo
1444 4075 1564 4135 post
1595 4076 1774 4121 autem
1808 4066 2001 4135 incaug

424 4154 493 4208 tis
557 4156 823 4211 irruentes
877 4157 1031 4225 plura
1103 4158 1460 4226 gravioraque
1528 4157 1822 4216 indixerunt
1878 4158 1993 4213 vul-

425 4260 590 4311 nera,
654 4262 754 4301 nec
811 4247 1109 4315 sanabilia;
1168 4248 1557 4317 depulsumque
1612 4248 1874 4305 latronem
1932 4267 1996 4306 ac

425 4340 779 4408 praedatorem
816 4339 1134 4395 maledicum
1167 4355 1263 4408 per
1292 4340 1555 4394 modicam
1582 4342 1799 4410 quidem
1834 4357 1996 4412 aper-

422 4444 602 4485 turam
650 4434 738 4487 vix
788 4434 939 4489 exire
986 4433 1386 4501 permiserunt,
1438 4433 1505 4486 ad
1562 4448 1760 4489 novum
1812 4449 1994 4492 autem

422 4525 655 4579 reditum
684 4541 783 4596 per
815 4540 1063 4597 magnam
1102 4523 1324 4595 januam
1352 4534 1537 4596 aperte
1568 4540 1776 4583 rursum
1821 4528 1996 4584 intro-

421 4619 708 4673 duxerunt.

494 4713 584 4767 55.
610 4713 816 4767 Deinde
846 4721 1024 4766 mente
1052 4721 1302 4779 reputent
1331 4710 1427 4781 qui
1450 4720 1637 4766 contra
1659 4727 1758 4768 nos
1776 4714 1996 4784 quidem

423 4820 692 4858 memores
730 4813 855 4858 sunt
884 4802 1198 4866 mendaces,
1252 4818 1283 4855 a
1308 4803 1468 4857 nobis
1501 4813 1679 4858 autem
1721 4805 1996 4860 meruerim.

422 4898 647 4960 bonum,
678 4895 964 4965 pulchrum
1001 4904 1210 4948 naturas
1249 4896 1472 4960 donum,
1500 4910 1811 4968 segregant,
1845 4898 1993 4968 quod

424 5002 524 5057 ego
565 5001 707 5057 sape
771 4987 1030 5040 adversus
1100 4987 1319 5041 callidas
1392 4989 1756 5056 adorationes,
1826 4992 1998 5045 veluti

428 5082 691 5152 quasdam
735 5089 1154 5147 cornttpetarum
1206 5083 1608 5150 aggressiones,
1657 5084 1996 5138 incautorum

426 5181 645 5224 ventres
705 5169 1089 5239 eth-ingentes,
1157 5187 1259 5226 non
1319 5172 1541 5227 omnino
1580 5174 1775 5229 stolide
1819 5176 1998 5229 decla-

424 5260 603 5324 mari,
657 5258 930 5327 falsisque
985 5259 1387 5329 genuﬂexioues
1447 5262 1813 5317 demonstravi
1870 5271 2011 5315 tan--

424 5369 585 5422 quam
614 5352 941 5405 luctatorttm
970 5352 1244 5406 hominum
1263 5363 1431 5421 artes,
1459 5354 1777 5409 conantium
1799 5352 1999 5406 utrius-

429 5462 534 5514 que
562 5447 737 5500 cruris
762 5450 1007 5516 amplexu
1047 5449 1331 5513 inhaerere,
1355 5461 1406 5503 et
1444 5450 1593 5502 illmu
1623 5451 1707 5502 cui
1737 5458 2002 5517 parantur

428 5538 637 5592 insidiae
680 5546 1046 5608 prosternere.
1077 5539 1189 5594 Illis
1216 5551 1396 5594 autem
1443 5542 1534 5609 qui
1568 5553 1781 5608 semper
1807 5537 1997 5608 hujus-

429 5632 573 5685 modi
631 5639 791 5696 sunt,
846 5634 1077 5701 compati
1139 5642 1193 5688 et
1226 5633 1508 5703 ignoscere
1565 5631 1813 5699 suspicor
1873 5631 2001 5701 quid

428 5725 569 5796 apud
595 5724 739 5793 ipsos
775 5725 1082 5796 signiﬁcare
1125 5728 1270 5781 velit.
1308 5727 1521 5781 Etenim
1553 5724 1787 5793 compati
1820 5733 1873 5777 et
1909 5738 2002 5777 ve-

431 5817 577 5873 niam
604 5814 735 5870 darc
756 5832 859 5874 non
889 5833 1009 5873 esse
1036 5829 1216 5888 posset
1247 5818 1311 5875 ad
1346 5819 1395 5871 id
1435 5817 1631 5886 aliquid
1663 5832 1782 5871 cum
1815 5815 1999 5882 aliquo

2092 3610 2150 3661 ὲν
2181 3607 2421 3678 πρώτοις
2457 3607 2555 3678 μὲν
2612 3608 2749 3662 ίστω
2795 3611 2985 3680 μαθὼν
3020 3610 3085 3676 ἐξ
3136 3613 3316 3682 ήμῶν,
3375 3613 3451 3675 ῶς
3499 3610 3662 3666 τοῦτο

2091 3699 2354 3762 πολλάκις
2390 3700 2614 3769 ἔνορκοι
2658 3700 3087 3770 μεθοδεύσαντες
3113 3706 3160 3758 οἱ
3187 3707 3255 3758 τὰ
3310 3704 3537 3759 τοιαῦτα
3572 3720 3667 3757 σο-

2093 3792 2204 3859 φοὶ,
2232 3792 2328 3844 καὶ
2358 3792 2505 3862 ἡμᾶς
2534 3791 2791 3858 εὐκόλους
2812 3793 3169 3865 ἐξευρηκὸτες
3188 3796 3283 3848 καὶ
3301 3796 3669 3866 εὐστρέπτους

2092 3889 2172 3951 είς
2203 3886 2436 3958 κάμψιν,
2470 3888 2594 3958 μετ’
2621 3889 2681 3941 οὐ
2717 3889 2853 3942 πολὺ
2884 3888 3210 3956 δεινοτέροις
3256 3888 3402 3955 ἡμᾶς
3439 3886 3695 3956 περιῆλ--

2093 3979 2186 4033 θον
2220 3980 2554 4051 σοφίσμασι⁹
2587 3981 2680 4034 καὶ
2715 3970 2874 4033 εἷπον
2904 3980 3024 4045 μὲν,
3058 3978 3134 4041 ώς
3182 3977 3289 4030 ἰδοὺ
3325 3978 3373 4029 οί
3405 3978 3666 4047 τρώσανκ

2094 4088 2186 4135 τες
2217 4070 2512 4142 ὲξιώμεθα,
2559 4072 2656 4125 καὶ
2716 4071 2906 4141 μακρὰ
2952 4071 3048 4123 τοῦ
3081 4067 3334 4123 διαϐόλου
3369 4067 3669 4136 καταλέγο-

2099 4178 2199 4232 μεν
2226 4178 2241 4192 ε
2277 4164 2395 4230 μετ’
2428 4162 2612 4230 ὀλίγον
2662 4161 2720 4214 δὲ
2751 4161 3088 4231 ἀφυλάκτοις
3126 4157 3278 4212 οὖσιν
3310 4160 3668 4211 ἐπεισπεσόν-

2094 4269 2208 4322 τες,
2241 4254 2412 4307 πλείω
2472 4256 2566 4307 καὶ
2603 4252 2882 4324 βαρύτερα
2930 4252 3187 4321 ἑνέτηξαν
3216 4250 3528 4322 τραύματα,
3576 4252 3675 4304 καὶ

2096 4346 2218 4400 οὐδὲ
2248 4345 2630 4417 θεραπεύσιμα
2660 4361 2675 4378 ·
2731 4346 2831 4397 καὶ¹
2886 4344 2974 4399 τὸν
3026 4342 3399 4414 ἐξωθούμενον
3428 4343 3673 4413 κλέπτην

2099 4439 2193 4491 καὶ
2221 4438 2425 4509 λῃστὴν
2453 4436 2701 4491 διάϐολον
2728 4436 2815 4489 διὰ
2850 4438 3053 4507 μικρᾶς
3080 4436 3178 4505 μέν
3200 4452 3344 4495 τινος
3371 4435 3511 4504 ὀπῆς
3528 4434 3678 4504 ὀιφῆ-

2099 4548 2202 4584 καν
2230 4533 2390 4600 μόγις
2419 4530 2681 4597 ἐξελθεῖν,
2714 4533 2782 4600 τῇ
2843 4530 2895 4582 δὲ
2923 4531 3243 4597 ἀνακάμψει
3305 4530 3395 4583 διά
3426 4530 3673 4602 μεγάλης

2099 4622 2273 4694 θύρας
2307 4621 2799 4694 παῤῥησιαστικῶς
2825 4623 3244 4693 ἀντεισήγαγον.

2171 4712 2272 4782 λγ’.
2311 4713 2546 4766 Ἔπειτα
2606 4712 3052 4783 ὲνθυμείσθωσαν
3097 4714 3144 4765 oi
3195 4713 3317 4767 καθ’
3351 4714 3509 4783 ἡμῶν
3574 4715 3675 4783 μὲν

2101 4804 2333 4875 ψεῦσται
2378 4803 2677 4875 μνήμονες,
2709 4803 2869 4873 ήμῶν
2898 4803 2953 4856 δὲ
2986 4804 3338 4873 ἀφορίζοντες
3381 4805 3440 4857 τὸ
3472 4805 3676 4872 ἀγαθὸν

2106 4895 2463 4966 μνημονικὸν,
2496 4895 2555 4947 τὸ
2587 4894 2749 4949 καλὸν
2772 4894 2945 4966 δῶρον
2972 4895 3076 4965 τῆς
3106 4895 3341 4963 φύσεως,
3369 4896 3452 4948 ὅτι
3481 4895 3680 4948 πολλά-

2103 5004 2192 5050 κις
2221 4986 2333 5055 ἐγὼ
2355 4987 2835 5058 κατερῤητέρευσα
2865 4987 2926 5039 οὐ
2946 4986 3090 5040 πάνυ
3111 5003 3165 5038 τι
3186 4988 3372 5056 ἀφυῶς
3387 4985 3496 5038 τῶν
3523 5003 3683 5059 στρε-

2105 5076 2249 5129 ϐλῶν
2280 5077 2782 5147 προσκυνημάτων,
2819 5075 2896 5137 ὡς
2944 5070 3031 5129 οἶα
3079 5077 3355 5130 καίτινων
3403 5079 3683 5148 κυριγμάο

2105 5185 2213 5221 των
2244 5166 2705 5238 ἀναῤῥηγνύντων
2741 5167 2837 5229 τάς
2868 5168 2976 5220 τῶν
2998 5166 3217 5234 ἀφελῶν
3252 5168 3546 5238 γαστέρας,
3585 5170 3681 5220 καὶ

2107 5259 2207 5320 τὰς
2242 5256 2455 5325 ψευδεῖς
2478 5259 2871 5325 γονυπετήσεις
2902 5257 3185 5328 ἐθεώρησα
3203 5258 3337 5311 ώσεὶ
3367 5260 3463 5311 καὶ
3482 5261 3682 5328 τέχνας

2115 5348 2528 5417 παλαιστρικῶν
2561 5349 2793 5419 ἀνδρῶν,
2816 5350 3177 5420 τεχνωμένων
3210 5353 3310 5420 κνή
3323 5369 3452 5421 μαιν
3476 5351 3683 5421 ἀμφοῖν

2108 5442 2481 5510 περιπλέγδην
2507 5442 2841 5511 ἐμφύεσθαι,
2874 5445 2968 5496 καὶ
2997 5446 3395 5516 καταρῥιπτεῖν
3432 5445 3520 5497 τὸν
3554 5449 3683 5497 ἐπι-

2111 5536 2520 5604 Εουλευόμενον.
2558 5536 2629 5587 Τὸ
2652 5537 2707 5588 δέ
2738 5554 2800 5603 γε
2836 5537 3147 5604 συμπαθεῖν
3168 5540 3278 5600 τοῖς
3305 5540 3480 5590 εἰσαεὶ
3509 5537 3689 5589 τοιού-

2109 5645 2221 5690 τοις
2242 5629 2335 5681 καὶ
2363 5630 2669 5696 συγχωρεῖν
2701 5628 2767 5679 δι’
2803 5629 3037 5699 ὑποψίας
3074 5630 3213 5698 ἄγω,
3245 5631 3297 5683 τί
3321 5630 3520 5701 δήποτε
3550 5630 3684 5698 παρ’

2111 5722 2294 5782 sto-cci;
2359 5725 2497 5773 νοεῖν
2558 5721 2828 5791 βούλεται.
2881 5719 3195 5789 Συμπαθεῖν
3252 5721 3351 5789 μὲν
3412 5720 3521 5791 γὰρ
3589 5719 3687 5772 καὶ

2113 5816 2414 5885 συγχωρεῖν
2459 5814 2558 5867 οὐκ
2596 5815 2663 5868 ἂν
2695 5815 2755 5867 τὺ
2795 5812 2890 5867 σύν
2919 5830 3025 5866 τινι
3059 5813 3249 5866 παθεῖν
3285 5816 3379 5869 καὶ
3435 5814 3528 5866 σύν
3574 5828 3687 5868 τινι
