4090 6412
377 405 483 470 433

1370 393 1676 456 CONTRA
1709 366 2205 454 INJURlARUM
2241 381 2692 447 MEMORIAM.

3541 373 3649 439 434

377 519 576 590 χωρεῖν
609 515 688 578 είς
744 514 861 568 τόδε
902 529 978 567 τι.
1057 509 1196 579 Ἐγὼ
1224 508 1282 562 δὲ
1312 508 1411 562 οὐκ
1440 507 1506 562 ἂν
1555 506 1699 561 οὕτω
1732 506 1948 570 παθεῖν,

2086 502 2167 556 ιιιιὶ
2215 508 2269 556 et
2311 499 2363 555 ei
2405 499 2458 552 in
2488 497 2674 566 aliquo
2707 491 2922 550 cedere.
2957 490 3070 564 Ego
3123 504 3252 546 vero
3280 504 3387 546 non
3433 491 3508 546 ita
3539 494 3650 563 pati

379 607 489 659 οὐδ’
524 606 592 658 ἂν
622 603 766 657 οὕτω
802 602 1003 673 χωρεῖν
1039 599 1302 670 ἐθέλοιμι,
1337 598 1419 652 ὅτι
1459 597 1586 668 μηδ’
1626 597 1786 660 ἄλλος
1847 595 1958 650 τῶν

381 696 727 768 φρονούντων
764 698 844 760 είς
871 693 1100 764 ἀγαθόν.
1137 694 1236 758 Τίς
1277 692 1387 764 γὰρ
1413 691 1480 745 ἂν
1505 691 1753 762 ὲχέρφων
1786 689 1961 742 ἕλοιτο

385 793 578 846 παθεῖν
604 790 702 844 σύν
729 807 836 843 τινι
866 789 926 842 τδ
975 787 1074 858 τῆς
1113 783 1342 856 γνώμης
1381 785 1636 850 ἄστατον,
1668 784 1703 853 ἥ
1737 784 1959 852 χωρεῖν,

380 883 578 936 ταύτὸν
611 881 656 936 δ’
691 881 869 934 εἰπεῖν
903 880 1082 951 ὁρμᾷν
1116 878 1215 932 σύν
1243 895 1372 943 τινι,
1406 876 1545 947 πρὸς
1573 874 1719 945 ειπερ
1751 877 1779 928 ὁ
1810 891 1963 928 συνε-

381 978 473 1037 τὸς
507 973 852 1044 ἀπεύχεται;
890 971 1046 1025 Οὕτω
1077 969 1208 1039 γοῦν
1250 968 1508 1030 ὑπόπτως
1542 966 1682 1038 ἔχων
1711 965 1846 1037 πρὸς
1900 965 1964 1018 τὸ

382 1068 572 1130 ἁπλῶς
626 1067 723 1119 καὶ
760 1062 1076 1134 συμπαθεῖν
1105 1062 1201 1115 καὶ
1231 1062 1560 1131 συγχωρεῖν,
1605 1059 1830 1129 διαιρῶν
1864 1056 1963 1126 τὴν

385 1161 508 1216 καθ’
539 1158 866 1230 ὁμωνυμίαν
915 1157 1202 1226 σύγχυσιν,
1235 1154 1330 1206 καὶ
1354 1152 1677 1224 διευκρινῶν
1725 1156 1782 1204 ὲν
1810 1150 1964 1221 ὀρθό-

383 1269 528 1323 τητι,
570 1248 920 1320 γνωματεύω
943 1247 1066 1302 κατ’
1095 1249 1238 1318 ἐμὴν
1261 1247 1562 1316 ἐπίκρισιν,
1587 1245 1662 1307 ὼς
1693 1243 1962 1313 θελήματι

389 1344 492 1414 μὲν
526 1342 717 1413 ἁγαθῷ
744 1342 1072 1412 συγχωρεῖν,
1099 1339 1194 1392 καὶ
1225 1339 1367 1392 κατὰ
1395 1336 1567 1400 πάθος
1599 1334 1658 1389 εὖ
1675 1334 1797 1405 ἕχον
1826 1351 1889 1387 συ
1899 1353 1962 1404 μ-

391 1435 584 1490 παθεῖν
617 1435 712 1488 καὶ
747 1434 963 1505 στέργω
998 1431 1096 1485 καὶ
1140 1429 1403 1500 εὖχομαι·
1431 1429 1527 1482 καὶ
1578 1425 1961 1498 προκαλούμε·

385 1545 476 1592 νος
514 1527 764 1598 χωρῆσαι
793 1525 891 1579 καὶ
919 1523 1112 1579 παθεῖν
1139 1523 1378 1592 έποίμην
1415 1522 1507 1585 ἂν,
1541 1520 1638 1573 καὶ
1673 1519 1961 1589 πάσχοιμι,

386 1621 441 1683 ές
475 1621 596 1672 ὅσον
628 1616 869 1688 ὲξαρκῶ,
899 1616 995 1671 καὶ
1024 1617 1122 1669 οὐκ
1145 1614 1211 1669 ἂν
1235 1612 1573 1683 ὲλεγχθείην,
1598 1609 1674 1681 μὴ
1698 1608 1840 1662 οὓτω
1873 1607 1967 1661 καὶ

390 1709 692 1781 συγχωρῶν
717 1709 812 1762 καὶ
835 1704 1160 1777 συμπαθῶν.
1193 1703 1303 1758 Καί
1343 1720 1434 1772 μοι
1464 1702 1740 1772 μάρτυρες
1757 1698 1965 1752 τούτων

391 1804 443 1856 οἱ
475 1804 572 1873 τῆς
606 1801 817 1863 πόλεως
864 1799 1074 1868 ταύτης
1101 1796 1300 1865 ἀγαθοὶ
1331 1794 1546 1865 ἄνδρες,
1586 1789 1671 1854 οἷς
1707 1789 1966 1845 πλειστάο

2064 608 2166 648 nec
2210 594 2281 646 ita
2311 590 2509 646 cedere
2538 587 2755 651 vellem,
2789 583 2884 639 sed
2920 597 3022 638 nec
3049 582 3191 639 alius
3225 582 3365 638 bene
3392 583 3652 639 cordatus

2065 685 2486 756 qualiscunque.
2535 680 2671 746 Quis
2718 677 2864 732 enim
2915 675 3156 746 prudens
3224 675 3649 731 inconstantiam

2064 773 2348 832 sententiae
2376 786 2501 826 cum
2534 768 2718 839 aliquo
2754 767 2863 838 pati
2910 767 3276 833 consentiret,
3309 767 3394 821 vel
3434 767 3650 832 cedere,

2064 881 2159 922 seu
2190 865 2335 936 quod
2370 863 2508 918 idem
2542 871 2650 928 est,
2685 860 2813 915 ferri
2841 874 2966 915 cum
2999 857 3181 931 aliquo
3217 859 3283 914 ad
3313 873 3376 914 ea
3405 873 3525 930 quae
3556 873 3653 912 ex-

2064 971 2189 1028 pers
2206 953 2541 1010 detestatur?
2567 951 2658 1007 Sic
2674 951 2839 1022 igitur
2855 951 3112 1021 suspicax
3128 952 3193 1006 ad
3237 951 3379 1007 istud
3397 950 3654 1020 simplici-

2067 1055 2152 1101 ter
2177 1043 2614 1115 compatieudum
2633 1041 3136 1107 etconcedendum,
3165 1056 3356 1096 vocum
3387 1041 3648 1098 similium

2070 1137 2391 1193 discernens
2427 1133 2801 1191 confusionem
2831 1143 2884 1189 et
2925 1143 3069 1190 recte
3095 1134 3436 1205 dijudicans,
3470 1143 3652 1192 statuo

2059 1228 2213 1296 juxta
2237 1241 2421 1283 meum
2446 1226 2716 1298 judicium
2741 1227 2887 1295 quod
2929 1225 3190 1282 voluntati
3235 1227 3453 1298 quidem
3496 1229 3652 1283 bona

2069 1320 2387 1386 concedere,
2424 1320 2691 1390 juxtaque
2719 1318 2918 1373 bonam
2954 1320 3264 1387 passionem
3289 1319 3526 1388 compati
3560 1337 3652 1374 na-

2071 1410 2232 1464 turali
2265 1408 2632 1481 propensione
2664 1407 2996 1478 complector
3023 1415 3079 1462 et
3110 1407 3380 1474 desidero,
3400 1420 3653 1480 rogatus-

2075 1515 2181 1572 que
2206 1501 2402 1557 cedere
2425 1515 2490 1554 ac
2513 1500 2624 1570 pati
2648 1513 2911 1570 sequerer
2934 1507 2988 1555 et
3007 1509 3225 1570 paterer
3240 1511 3502 1570 quantum
3529 1517 3651 1570 pos-

2067 1608 2204 1662 sem,
2240 1607 2343 1649 nec
2370 1591 2799 1663 reprehenderer
2829 1591 3000 1646 veluti
3020 1592 3098 1646 sic
3122 1606 3230 1646 non
3272 1590 3575 1647 concedens
3600 1602 3653 1648 et

2069 1684 2424 1754 compatiens.
2459 1682 2632 1754 Hujus
2665 1692 2848 1738 autem
2879 1684 2952 1739 rei
2989 1684 3118 1738 mihi
3145 1692 3308 1739 testes
3333 1691 3459 1740 sunt
3490 1684 3654 1753 hujus

2069 1779 2222 1833 urbis
2243 1776 2367 1831 boni
2402 1776 2530 1843 viri,
2557 1776 2757 1846 quibus
2780 1789 2921 1846 saepe
2979 1777 3044 1829 ad
3070 1775 3240 1832 bonas
3263 1777 3380 1832 vias
3403 1782 3456 1831 et
3486 1776 3656 1831 hone-

390 1913 478 1957 κις
506 1867 972 1964 προκαλουμένοις
997 1867 1077 1952 είς
1102 1889 1314 1956 ἀγαθὰς
1344 1886 1494 1949 ὁδοὺς
1516 1886 1610 1938 καὶ
1643 1884 1723 1946 εὶς
1752 1880 1968 1953 χρηστὰ

2086 1877 2184 1924 stas
2239 1869 2490 1922 actiones.
2532 1867 2960 1922 exhortantibus
3007 1876 3064 1921 et
3115 1867 3360 1922 concessi
3406 1875 3461 1923 et
3504 1882 3655 1924 corn-

388 1986 540 2053 πάθη
575 1983 670 2039 καὶ
704 1982 1062 2053 συνεχώρησα
1089 1979 1187 2032 καὶ
1223 1975 1529 2031 συνέπαθον
1556 1992 1572 2006 ο
1607 1976 1675 2029 τὰ
1707 1973 1878 2028 πολλὰ
1905 1973 1964 2027 δὲ

391 2084 485 2133 καὶ
517 2079 579 2131 ού
618 2077 754 2146 πρὸς
781 2074 1040 2146 δύναμιν,
1069 2072 1208 2138 ἀλλ’,
1237 2068 1614 2133 ἀποστολικῶς
1651 2068 1852 2133 εἰπεῖν,
1884 2067 1968 2128 είς

393 2172 706 2244 ὑπερϐολήν
729 2207 744 2223 .
779 2171 892 2222 Καὶ
918 2165 1060 2220 οὕτω
1091 2169 1190 2237 μὲν
1226 2161 1498 2234 συγχωρῶ
1531 2161 1626 2215 καὶ
1661 2158 1965 2230 συμπαθῶ·

392 2266 718 2334 διαφωτίσαι
743 2261 800 2314 δὲ
854 2264 953 2322 τὰς
1000 2259 1175 2324 λέξεις
1223 2255 1430 2318 ταύτας
1492 2255 1572 2316 είς
1607 2252 1667 2306 τὸ
1727 2251 1967 2321 καίριον,

398 2355 718 2428 συνεξορμῶ
744 2357 840 2410 καὶ
876 2353 1185 2424 συμπάσχω
1216 2352 1327 2413 τοῖς
1358 2347 1598 2420 χωροῦσι
1649 2345 1852 2417 δηλαδὴ
1881 2344 1974 2396 καὶ⁵

394 2451 736 2519 πάσχουσιν,
763 2448 865 2500 ὅσα
901 2445 1079 2516 χρεῶν
1107 2460 1121 2476 ο
1166 2443 1371 2512 ἑτέρως
1423 2440 1480 2493 δὲ
1531 2438 1839 2508 συγχωρεῖν
1879 2437 1973 2488 καὶ

395 2540 726 2614 συμπαθεῖν,
759 2539 838 2603 είς
873 2538 1016 2609 ἅπερ
1047 2535 1329 2591 ἐθέλουσιν
1353 2534 1423 2614 ὀί
1481 2531 1690 2596 πολλοὶ,
1733 2528 1972 2598 ἀπεύχο·

400 2652 520 2705 μαι.
553 2632 647 2705 Μὴ
677 2631 787 2702 γάρ
820 2648 911 2703 μοι
943 2626 1383 2699 δυσπραγηθείη,
1414 2625 1609 2678 παθεῖν
1671 2623 1770 2676 σὺν
1828 2617 1976 2673 ὲκεί-

397 2745 505 2791 νοις
545 2727 636 2778 καὶ
667 2727 764 2780 σὺν
830 2723 1064 2782 ἐκείνοις
1113 2722 1336 2790 χωρεῖν,
1389 2719 1469 2780 εἰς
1498 2718 1599 2770 ὅσα
1634 2715 1710 2785 μὴ
1736 2713 1978 2783 πρέπού-

400 2837 485 2872 σιν
507 2836 520 2849 ο
553 2816 692 2872 ἀλλά
719 2814 977 2870 τάναντία
1002 2812 1215 2881 γένοιτό
1247 2828 1360 2881 μοι,
1397 2811 1632 2879 πάσχειν
1681 2823 1739 2859 τε
1775 2804 1972 2870 καλῶς,

399 2914 492 2966 καὶ
537 2912 735 2981 χωρεῖν
765 2909 864 2978 τὴν
915 2908 1059 2960 κατὰ
1089 2904 1222 2957 Θεὸν
1272 2903 1410 2968 ὁδὸν,
1453 2902 1548 2955 καὶ
1590 2903 1665 2970 μὴ
1698 2896 1975 2968 συμφέρε-

402 3005 528 3060 σθαι
556 3004 806 3074 φαύλοις,
838 3001 931 3055 καὶ
963 2998 1337 3070 συμπάσχειν,
1373 2997 1518 3065 ἆπερ
1562 2993 1718 3047 αὐτοί
1740 3009 1752 3022 ·
1792 2996 1850 3044 ὲν
1899 2986 1979 3052 οἷς

403 3101 496 3153 καὶ
526 3101 586 3152 τὸ
604 3095 864 3158 ἀναιτίως
918 3091 1252 3155 ἐπικεῖσθαι,
1284 3083 1392 3153 οἶος
1423 3088 1484 3140 ού
1539 3085 1721 3155 θέμις,
1751 3084 1845 3136 καὶ
1884 3099 1979 3152 με·

403 3189 561 3259 λετᾷν
582 3188 827 3258 δεσμεῖν,
849 3185 902 3238 εί
925 3185 1007 3246 τίς
1040 3198 1143 3235 που
1166 3181 1397 3242 δίκαιος,
1430 3176 1519 3229 διὰ
1552 3178 1610 3228 τὸ
1635 3174 1978 3243 δύσχρηστος

403 3278 543 3335 εἶναι
577 3283 690 3343 τοῖς
748 3279 823 3350 μὴ
859 3276 1043 3338 καλῶς
1068 3271 1564 3344 διαχειριζομένοις
1591 3270 1658 3322 τὰ
1699 3266 1976 3338 πρακτέα.

472 3371 568 3427 λδ’.
603 3373 740 3443 Φέρε
775 3369 967 3422 εἴπατε
1001 3368 1140 3437 πρὸς
1176 3365 1340 3419 αὑτοῦ
1395 3364 1488 3417 τοῦ
1525 3359 1698 3425 Θεοῦ,
1733 3361 1782 3412 εί
1835 3358 1910 3428 μὴ
1953 3359 1980 3410 ὁ

402 3466 708 3540 φιλάγαθος
765 3465 793 3517 ὁ
820 3464 1148 3532 αὐτόχρημα
1179 3461 1334 3520 Θείος
1367 3459 1531 3526 νόμος
1557 3456 1586 3507 ὁ
1613 3453 1978 3522 αὐτοκράτωρ

403 3560 740 3631 ὲπεκάμφθη
772 3554 1173 3626 φιλανθρώπως
1208 3553 1360 3622 ημῖν,
1395 3550 1490 3602 καῖ⁸
1521 3544 1697 3600 ταῦτα
1737 3543 1904 3614 μηδέν
1928 3557 1981 3593 τι

404 3651 945 3722 ἀπολογησαμένοις,
980 3647 1055 3717 μὴ
1083 3647 1177 3697 καὶ
1201 3647 1302 3712 τὴν
1336 3641 1521 3694 θεόθεν
1547 3637 1731 3705 ὀξεῖαν
1759 3639 1983 3688 ἐπικου-

409 3743 532 3814 ρίαν
587 3737 995 3812 ἀμϐλυνοῦμεν,
1051 3729 1132 3799 οἷς
1187 3733 1330 3804 ὑπὲρ
1368 3732 1526 3802 ἡμῶν
1571 3728 1750 3782 αὐτῶν
1799 3727 1982 3780 λαλεῖν

405 3837 640 3905 ἔσχομεν
680 3831 975 3904 (γογγύσαι
998 3828 1108 3898 γάρ
1135 3843 1188 3880 τι
1221 3825 1354 3896 παρ’
1377 3821 1528 3892 αὑτῷ
1556 3821 1698 3875 κατά
1717 3819 1824 3875 τῶν
1851 3819 1985 3871 ὑπερ

408 3927 663 3990 ναντίων,
693 3926 789 3978 καί
821 3925 900 3987 είς
935 3920 1178 3994 μιασμὸν
1209 3920 1342 3989 ἡμῖν
1369 3913 1627 3985 ἐλογίσθη
1668 3911 1982 3983 στόματος),

409 4018 514 4072 ποῦ
548 4019 668 4072 ποτ’
702 4017 769 4070 ἂν
799 4013 943 4087 ἦμεν
991 4013 1118 4083 ἄρτι
1147 4028 1164 4075 ;
1199 4012 1297 4064 Ποῖ
1349 4009 1406 4062 δὲ
1453 4007 1624 4076 τύχης
1680 4005 1984 4076 ἑστηκότας

406 4114 561 4182 ἡμᾶς
585 4111 814 4163 ἔϐλεπον
838 4109 905 4164 ἂν
934 4109 984 4161 οί
1036 4105 1358 4176 ἀνθρωποι;
1388 4101 1463 4156 Οὐ
1506 4101 1706 4165 τοίνυν,
1737 4094 1819 4162 οἷς
1850 4099 1877 4151 ὁ
1904 4098 1987 4152 ἓν·

409 4203 527 4266 θεος
556 4201 832 4273 βασιλεὺς,
859 4198 997 4251 Θεοῦ
1019 4195 1378 4263 λαλήσαντος.
1413 4191 1494 4253 είς
1529 4189 1628 4258 τὴν
1656 4185 1822 4240 αὐτοῦ
1851 4202 1990 4256 καρ-

409 4296 529 4349 δίαν
564 4296 696 4368 ἡμῖν
748 4292 1036 4355 ἐπένευσε,
1093 4285 1248 4341 ταῦθ’
1308 4283 1454 4355 ἡμᾶς
1485 4279 1778 4335 ἀθωοῦσιν.
1848 4276 1988 4331 Ἀλλ’

411 4390 618 4451 ἐκεῖνος
657 4385 759 4451 μὲν
817 4386 914 4438 καὶ
941 4383 1009 4436 δι’
1037 4381 1185 4452 ἡμᾶς
1241 4376 1504 4448 ὑμνητὸς,
1551 4373 1650 4427 καὶ
1692 4371 1989 4442 εὐλογητὸν

412 4484 506 4534 καὶ
537 4477 656 4549 Θεῷ
684 4477 782 4530 καὶ
809 4471 1124 4544 ἀνθρώποις
1180 4469 1242 4523 τὸ
1295 4465 1464 4521 αὑτοῦ
1497 4463 1690 4533 δνομα.
1763 4460 1906 4530 Ἐγὼ
1934 4459 1990 4514 δὲ

2073 1975 2266 2029 passus
2310 1974 2470 2024 sum,
2501 1973 2564 2014 ac
2605 1960 2931 2029 plerumque
2969 1973 3075 2013 non
3132 1961 3430 2015 secundum
3486 1959 3656 2015 facul-

2075 2063 2264 2120 tatem,
2298 2054 2586 2122 sed,juxta
2621 2055 2824 2109 dictum
2855 2052 3232 2124 apostolicum,
3261 2052 3314 2108 in
3347 2069 3651 2111 excessum.

2073 2145 2140 2200 Et
2171 2147 2244 2201 ita
2303 2146 2520 2217 quidem
2575 2146 2812 2202 concedo
2859 2147 3270 2217 compatiorque
3307 2163 3322 2201 :
3382 2157 3440 2202 ut
3472 2158 3653 2204 autem

2078 2241 2178 2295 has
2211 2253 2373 2295 voces
2419 2239 2781 2309 opportunius
2833 2239 3150 2305 dilucidern,
3190 2255 3462 2296 concurro
3503 2257 3657 2296 coru-

2076 2330 2362 2401 patiorque
2394 2330 2741 2385 currentibus
2791 2329 2992 2401 ubique
3032 2330 3474 2402 patientibusque
3518 2333 3660 2388 sicut

2097 2431 2342 2489 oportet;
2393 2420 2552 2476 aliter
2593 2436 2724 2477 vero
2764 2421 3064 2477 concedere
3092 2437 3155 2478 ac
3187 2423 3446 2493 compati,
3499 2424 3566 2479 ad
3595 2441 3657 2480 ea

2079 2529 2199 2584 quae
2234 2513 2480 2585 plerique
2515 2513 2725 2581 volunt,
2774 2513 2976 2569 abnuo.
3011 2513 3128 2570 Non
3164 2515 3308 2570 enim
3349 2515 3480 2571 mihi
3511 2517 3660 2572 acci-

2081 2609 2192 2671 dat,
2219 2619 2277 2662 ut
2306 2608 2487 2678 patiar
2524 2621 2646 2662 cum
2696 2606 2836 2673 istis,
2894 2615 3106 2662 etcum
3160 2608 3279 2665 istis
3325 2609 3534 2677 cedam,
3590 2611 3662 2666 ad

2089 2699 2259 2754 multa
2295 2715 2414 2769 quae
2445 2715 2551 2755 non
2585 2700 2954 2755 conveniunt!
3013 2699 3141 2756 Mihi
3188 2710 3368 2756 autem
3401 2718 3432 2757 e
3469 2712 3662 2758 contra

2081 2795 2294 2848 eveniat
2321 2803 2374 2848 et
2397 2794 2533 2848 bene
2569 2792 2701 2862 pati,
2729 2801 2782 2846 et
2815 2793 3009 2849 cedere
3046 2794 3205 2864 juxta
3251 2795 3348 2850 Dei
3399 2795 3565 2863 viam,
3604 2806 3664 2852 et

2084 2897 2189 2935 non
2211 2883 2520 2937 consentire
2549 2881 2730 2946 malis,
2795 2897 2895 2937 nec
2956 2885 3197 2954 compati
3232 2900 3354 2940 cum
3384 2885 3513 2950 illis
3557 2887 3662 2941 ini-

2084 2974 2240 3044 quis;
2269 2976 2409 3028 inter
2440 2988 2561 3044 quae
2591 2966 2910 3028 numeratur
2936 2975 3140 3046 absque
3162 2991 3323 3032 causa
3349 2979 3665 3036 incumbere

2085 3070 2284 3139 quibus
2317 3083 2424 3132 non
2477 3070 2632 3132 licet,
2682 3067 3045 3139 meditarique
3083 3069 3310 3124 vinculis
3341 3080 3584 3139 nectere,
3617 3072 3665 3126 si

2086 3161 2210 3230 quis
2243 3159 2382 3216 forte
2415 3161 2485 3215 sit
2534 3160 2736 3228 justus,
2781 3160 2908 3231 quia
2941 3159 3081 3216 male
3103 3162 3473 3233 dirigentibus
3506 3172 3667 3221 actus

2085 3253 2433 3321 importunus
2467 3261 2570 3307 est.

2154 3351 2245 3406 54.
2286 3349 2484 3421 Agite,
2538 3350 2591 3405 in
2650 3350 2822 3419 ipsius
2870 3349 2963 3404 Dei
3016 3348 3236 3408 nomine
3295 3349 3501 3418 dicite,
3562 3353 3668 3407 nisi

2092 3441 2311 3497 virtutis
2337 3456 2553 3506 amans,
2587 3439 2812 3508 ipsaque
2837 3439 3020 3494 divina
3079 3439 3188 3504 lex,
3217 3437 3560 3504 Dominator,
3599 3440 3669 3493 ad

2087 3549 2186 3588 nos
2213 3534 2522 3588 humaniter
2545 3531 2940 3598 descendisset,
2973 3541 3026 3586 et
3057 3531 3181 3598 hoc,
3216 3532 3346 3602 quin
3375 3532 3484 3586 ullo
3509 3535 3668 3588 modo

2088 3623 2716 3696 fuissemusjustiﬁcati,
2765 3637 2833 3678 ne
2893 3630 3205 3694 promptum
3237 3637 3266 3676 a
3318 3620 3431 3677 Deo
3462 3622 3673 3678 minue-

2090 3734 2274 3775 remus
2309 3717 2599 3784 auxilium,
2659 3731 2756 3787 per
2784 3730 2851 3772 ea
2891 3729 3013 3785 qua:
3043 3729 3142 3786 pro
3171 3714 3328 3769 nobis
3356 3715 3488 3784 ipsis
3522 3714 3672 3785 loqui

2089 3820 2404 3883 poteramus
2461 3809 2831 3877 (murmurare
2887 3822 3126 3876 namque
3167 3807 3466 3877 quidquam
3528 3807 3670 3876 apud

2090 3906 2268 3974 ipsum
2295 3903 2346 3957 in
2376 3903 2748 3966 adversarios,
2779 3901 2833 3956 in
2864 3902 2976 3956 oris
3003 3898 3472 3970 inquinamentum
3516 3898 3680 3954 nobis

2091 4007 2400 4068 reputatum
2434 3995 2565 4065 est),
2593 3995 2816 4050 ubinam
2841 4007 3090 4049 essemus
3118 3991 3318 4047 hodie?
3349 3993 3407 4046 ln
3434 4006 3541 4062 quo
3557 3989 3673 4045 for-

2094 4101 2236 4144 tunae
2271 4099 2414 4144 statu
2449 4103 2591 4143 nunc
2631 4101 2730 4141 nos
2770 4085 3016 4140 viderent
3050 4081 3338 4140 homines?
3370 4081 3488 4138 Non
3525 4083 3673 4138 enim

2092 4184 2236 4254 quod
2270 4182 2493 4238 numine
2532 4178 2748 4235 afﬂatus
2790 4179 3110 4248 imperator,
3143 4176 3254 4232 Deo
3283 4177 3349 4232 ad
3381 4191 3478 4232 cor
3503 4177 3673 4247 ipsius

2094 4273 2274 4328 locuto
2330 4286 2430 4326 nos
2478 4270 2711 4341 benigne
2765 4268 3036 4337 respexit,
3092 4270 3197 4323 hoc
3247 4281 3347 4322 nos
3381 4264 3673 4336 iustiﬁcat.

2093 4362 2346 4418 Attamen
2381 4362 2472 4417 ille
2511 4361 2729 4430 quidem
2765 4370 2986 4429 propter
3011 4374 3111 4414 nos
3141 4358 3461 4414 exaltandus
3490 4367 3594 4422 est,
3622 4369 3684 4415 et

2096 4455 2265 4524 ipsius
2290 4467 2484 4508 nomen
2509 4452 2617 4505 Deo
2637 4450 3056 4520 hominibusque
3086 4450 3541 4506 benedicendum.
3565 4449 3679 4521 Ego

416 4543 649 4642 ἀγαπῶν
675 4543 929 4637 ἀγάπην,
944 4565 1043 4635 τὴν
1064 4560 1392 4632 ἀναγκαίαν,
1414 4557 1514 4629 τὴν
1541 4555 1842 4626 πάνδημον,
1867 4551 1980 4607 οὕτε

2104 4562 2231 4602 vero
2258 4546 2488 4616 diligens
2509 4543 2854 4608 charitatem,
2881 4545 3274 4608 necessariam,
3303 4557 3678 4608 communem,

414 4668 558 4720 κατά
591 4663 791 4718 κακίαν
824 4662 955 4731 ὑμῖν
1016 4658 1153 4719 ὅλως
1217 4651 1639 4724 προσενέξομαι,
1701 4647 1824 4700 οὐδὲ
1887 4647 1994 4716 μὴν

412 4757 628 4827 ἀφελῶς
661 4755 842 4824 πάντῃ
885 4750 1025 4806 κατὰ
1054 4750 1238 4802 πίστιν
1269 4745 1607 4816 ἀφύλακτον,
1640 4740 1794 4794 οὐδέν
1830 4756 1883 4790 τι
1907 4737 1996 4790 λό-

413 4869 512 4923 χου
565 4850 951 4920 ὑφορωμένην,
991 4844 1127 4896 ἀλλά
1165 4842 1304 4912 μετά
1342 4838 1616 4898 συνέσεως
1644 4829 1997 4904 ἐμϐριθεστέ-

417 4961 515 5015 ρας
567 4943 640 5005 ὡς
665 4937 778 4994 οἷον
807 4957 888 5004 τε,
920 4937 1016 4990 καὶ
1045 4936 1134 4988 οῖα
1157 4937 1267 4997 τοῖς
1305 4929 1684 4985 πολυπαθέσιν
1716 4927 1848 4997 ἡμῖν
1881 4925 2000 4975 επι-

417 5037 622 5107 πρέπει
655 5034 794 5105 πρὸς
818 5031 944 5093 τοὺς
972 5030 1111 5096 ἄγαν
1149 5024 1528 5095 ὲοτυμμένους
1557 5022 1652 5076 καὶ
1687 5015 1999 5087 αὐστηροὺς

418 5131 512 5182 καὶ
547 5126 940 5197 ἐντρεπτικοὺς
991 5124 1090 5190 τῆς
1142 5119 1323 5190 ἡμῶν,
1381 5117 1471 5169 ὅτε
1509 5113 1728 5167 καλέσει
1785 5109 1996 5179 καιρὸς,

415 5221 672 5291 ἀφελείας
692 5236 750 5271 τε
768 5217 864 5270 καὶ
891 5215 1098 5284 ἀπλύτη
1112 5211 1306 5283 τοςοῆν
1337 5211 1451 5272 τοῖς
1472 5205 1696 5276 ἀληθέσι
1721 5201 2000 5272 φίλοις,(ού

417 5330 443 5381 ἰ
457 5314 526 5382 ὰρ
545 5313 717 5381 δήπου
735 5309 957 5368 καὶτοῖς
978 5302 1251 5373 τυχοῦσιν)
1277 5297 1649 5370 ἐμφανίζομεν
1669 5294 2002 5364 προάγοντες

419 5405 800 5474 εὐηθέστερον,
832 5393 1345 5464 ἀνακεκαλυμμένῳ
1373 5388 1653 5458 προσώπῳ
1697 5387 1880 5448 αὐτοῖς
1903 5385 2003 5452 ἐμ-

421 5499 733 5558 ϐλέποντες,
755 5495 814 5546 ού
834 5489 1186 5560 νεφελούντες
1218 5485 1332 5554 φῶς
1357 5482 1554 5552 ὅψεως,
1583 5481 1643 5532 ού
1669 5475 2009 5542 τοξοποιοῦν-
2035 5529 2042 5538 ,

419 5605 510 5653 τες
541 5587 734 5658 ὀφρύς,
763 5586 824 5638 ού
847 5578 1464 5654 σεμνοπροσωποῦντες,
1495 5573 1532 5626 ἃ
1551 5573 1614 5643 δὴ
1639 5573 1746 5633 τοῖς
1781 5566 2005 5637 περιέρ-

419 5697 536 5748 γοις
557 5679 802 5742 πολίταις
833 5675 1200 5748 φαντάζομεν.
1225 5672 1288 5724 El.
1315 5669 1369 5722 δὲ
1396 5669 1487 5721 καὶ
1511 5666 1621 5718 δέει
1641 5663 1817 5733 φίλοις
1841 5659 2009 5729 λαλῆ-

422 5791 546 5836 σαι,
601 5773 699 5824 οὐκ
763 5767 1194 5838 ἀπο-τορεύοντες
1241 5762 1440 5828 λέξεις,
1492 5757 1613 5811 οὐδὲ
1655 5752 2009 5825 σμιλεύοντες

425 5864 632 5927 ἑννοίας
676 5862 794 5918 οὐδὲ
855 5858 1343 5932 βυσσοδομεύοντες
1386 5855 1455 5907 τὰ
1501 5855 1580 5916 εἰς
1621 5849 1839 5922 φράσιν,
1888 5844 2005 5900 ἀλλ’

2101 4652 2203 4693 nec
2233 4654 2328 4706 per
2357 4636 2614 4690 malitiam
2648 4635 2807 4690 vobis
2835 4649 3060 4705 prorsus
3086 4635 3385 4703 inhaerebo,
3417 4651 3520 4691 nec
3548 4635 3681 4690 sim-

2099 4732 2314 4804 pliciter
2344 4728 2542 4798 ubique
2565 4741 2664 4798 per
2695 4727 2854 4782 ﬁdem
2885 4727 3162 4782 incautam
3189 4729 3478 4800 nullasque
3501 4731 3681 4800 suspie

2101 4833 2314 4877 οειιιιειιι
2372 4820 2620 4884 insidias,
2663 4820 2758 4873 sed
2815 4833 2938 4873 cum
2975 4819 3226 4886 graviore
3277 4824 3516 4891 quadam
3548 4837 3686 4891 prus

2103 4915 2306 4976 dcutia,
2341 4911 2520 4982 qualis
2552 4910 2718 4966 multa
2747 4926 2909 4981 passo
2945 4911 3074 4965 mihi
3127 4913 3386 4966 convenit
3413 4927 3542 4981 erga
3601 4913 3684 4968 nis-

2104 5007 2205 5059 mis
2233 5005 2459 5058 acerbos
2491 5012 2544 5058 et
2572 5012 2822 5057 austeros
2853 5012 3281 5072 avocatoresque
3314 5013 3522 5060 nostrae,
3549 5003 3682 5058 sim-

2106 5096 2360 5165 plicitatis
2385 5095 2869 5164 iugenuitatisque,
2892 5094 3193 5150 secundum
3215 5097 3680 5165 opportunitatem

2109 5191 2304 5244 habitae
2349 5203 2512 5260 quam
2549 5203 2674 5242 cum
2712 5189 2854 5243 veris
2889 5189 3078 5243 amicis
3124 5189 3254 5260 (non
3289 5205 3410 5246 cum
3454 5191 3683 5259 quibus-

2109 5284 2346 5351 t‘unque)
2392 5279 2801 5337 manifestamus
2843 5281 3163 5351 simpliciter
3186 5281 3565 5352 procedentes,
3589 5295 3686 5338 eos

2112 5377 2348 5430 revelata
2374 5374 2508 5429 facie
2531 5385 2872 5440 contuentes,
2901 5390 3007 5428 non
3035 5374 3212 5428 vultus
3245 5376 3426 5430 lumen
3452 5376 3689 5430 obnubi-

2113 5471 2305 5535 laules,
2339 5485 2444 5522 non
2481 5468 2832 5537 supercilium
2875 5477 3183 5532 arcuqntes,
3215 5480 3274 5522 ut
3303 5469 3356 5522 in
3387 5467 3692 5536 negotiosis

2111 5564 2322 5618 civibus
2374 5563 2638 5616 videmus.
2703 5559 2758 5614 Si
2810 5575 2937 5615 vero
2965 5575 3180 5632 quoque
3220 5577 3341 5616 cum
3397 5560 3588 5614 amicis
3619 5560 3694 5614 sit

2114 5656 2464 5725 loquendum,
2489 5671 2596 5709 non
2623 5655 2890 5722 polientes
2921 5654 3278 5718 locutionem,
3308 5638 3413 5708 non
3437 5653 3694 5707 calantes

2116 5752 2524 5820 cogitationem,
2548 5766 2653 5804 non
2687 5749 2927 5818 phrasim
2952 5750 3288 5812 exaltanies,
3322 5749 3415 5800 sed
3440 5743 3696 5799 rusticius

2120 5853 2466 5916 apparentes,
2514 5852 2568 5898 et
2600 5843 2880 5913 scapham,
2940 5851 2998 5896 ut
3028 5841 3248 5909 dicitur,
3300 5837 3556 5906 scapham
3612 5835 3699 5893 dis
