  <div class='ocr_page' id='page_1' title='image "/cluster/home/n/w/nwhite01/storage/ocr_20150623/136/coo.31924054870419/225.png"; bbox 0 0 4090 6474; ppageno 0'>
   <div class='ocr_carea' id='block_1_1' title="bbox 434 382 3689 482">
    <p class='ocr_par' dir='ltr' id='par_1_1' title="bbox 434 382 3689 482">
     <span class='ocr_line' id='line_1_1' title="bbox 434 382 3689 482; baseline -0.01 -2"><span class='ocrx_word' id='word_1_1' title='bbox 434 417 543 482; x_wconf 79' lang='grc'><strong>435</strong></span> <span class='ocrx_word' id='word_1_2' title='bbox 1102 410 1522 471; x_wconf 81' lang='lat' dir='ltr'><strong>EUSTATHll</strong></span> <span class='ocrx_word' id='word_1_3' title='bbox 1562 391 2321 468; x_wconf 82' lang='lat' dir='ltr'><strong>THESSALONICENSIS</strong></span> <span class='ocrx_word' id='word_1_4' title='bbox 2354 387 2919 453; x_wconf 78' lang='lat' dir='ltr'><strong>METROPOLIT/E</strong></span> <span class='ocrx_word' id='word_1_5' title='bbox 3581 382 3689 446; x_wconf 72' lang='lat'><strong>436</strong></span> 
     </span>
    </p>
   </div>
   <div class='ocr_carea' id='block_1_2' title="bbox 435 499 2025 594">
    <p class='ocr_par' dir='ltr' id='par_1_2' title="bbox 435 519 1994 594">
     <span class='ocr_line' id='line_1_2' title="bbox 435 519 1994 594; baseline -0.006 -14"><span class='ocrx_word' id='word_1_6' title='bbox 435 541 648 592; x_wconf 79' lang='lat' dir='ltr'><strong>centes,</strong></span> <span class='ocrx_word' id='word_1_7' title='bbox 704 525 920 583; x_wconf 76' lang='lat' dir='ltr'><strong>indocte</strong></span> <span class='ocrx_word' id='word_1_8' title='bbox 963 525 1246 594; x_wconf 74' lang='lat' dir='ltr'><strong>loquentes</strong></span> <span class='ocrx_word' id='word_1_9' title='bbox 1299 524 1592 580; x_wconf 81' lang='lat' dir='ltr'><strong>secundum</strong></span> <span class='ocrx_word' id='word_1_10' title='bbox 1643 519 1994 584; x_wconf 87' lang='lat' dir='ltr'><strong>evidentiam,</strong></span> 
     </span>
    </p>
   </div>
   <div class='ocr_carea' id='block_1_3' title="bbox 2130 499 3682 594">
    <p class='ocr_par' dir='ltr' id='par_1_3' title="bbox 2130 499 3682 580">
     <span class='ocr_line' id='line_1_3' title="bbox 2130 499 3682 580; baseline -0.009 -15"><span class='ocrx_word' id='word_1_11' title='bbox 2130 508 2558 580; x_wconf 74' lang='grc' dir='ltr'><strong>,γροικικώτιρον</strong></span> <span class='ocrx_word' id='word_1_12' title='bbox 2580 505 2933 574; x_wconf 77' lang='grc' dir='ltr'><strong>διακείμενοι,</strong></span> <span class='ocrx_word' id='word_1_13' title='bbox 2958 501 3051 554; x_wconf 74' lang='grc' dir='ltr'><strong>καὶ</strong></span> <span class='ocrx_word' id='word_1_14' title='bbox 3077 499 3174 570; x_wconf 81' lang='grc' dir='ltr'><strong>τὴν</strong></span> <span class='ocrx_word' id='word_1_15' title='bbox 3202 499 3420 570; x_wconf 81' lang='grc' dir='ltr'><strong>σκάφην</strong></span> <span class='ocrx_word' id='word_1_16' title='bbox 3451 499 3682 568; x_wconf 79' lang='grc' dir='ltr'><strong>σκάφην,</strong></span> 
     </span>
    </p>
   </div>
   <div class='ocr_carea' id='block_1_4' title="bbox 443 592 2025 682">
    <p class='ocr_par' dir='ltr' id='par_1_4' title="bbox 443 615 2004 682">
     <span class='ocr_line' id='line_1_4' title="bbox 443 615 2004 682; baseline -0.005 -9"><span class='ocrx_word' id='word_1_17' title='bbox 443 635 553 674; x_wconf 87' lang='grc' dir='ltr'><strong>ιιοιι</strong></span> <span class='ocrx_word' id='word_1_18' title='bbox 614 619 911 674; x_wconf 88' lang='lat' dir='ltr'><strong>secundum</strong></span> <span class='ocrx_word' id='word_1_19' title='bbox 959 617 1306 672; x_wconf 76' lang='lat' dir='ltr'><strong>artiﬁciosam</strong></span> <span class='ocrx_word' id='word_1_20' title='bbox 1377 615 1791 678; x_wconf 79' lang='lat' dir='ltr'><strong>obscuritatem,</strong></span> <span class='ocrx_word' id='word_1_21' title='bbox 1840 626 2004 682; x_wconf 89' lang='lat' dir='ltr'><strong>quam</strong></span> 
     </span>
    </p>
   </div>
   <div class='ocr_carea' id='block_1_5' title="bbox 2130 592 3688 682">
    <p class='ocr_par' dir='ltr' id='par_1_5' title="bbox 2130 592 3688 673">
     <span class='ocr_line' id='line_1_5' title="bbox 2130 592 3688 673; baseline -0.008 -17"><span class='ocrx_word' id='word_1_22' title='bbox 2130 607 2335 673; x_wconf 70' lang='lat' dir='ltr'><strong>itpaotv,</strong></span> <span class='ocrx_word' id='word_1_23' title='bbox 2355 601 2625 668; x_wconf 81' lang='grc' dir='ltr'><strong>λέγοντες,</strong></span> <span class='ocrx_word' id='word_1_24' title='bbox 2649 598 2742 650; x_wconf 74' lang='grc' dir='ltr'><strong>καὶ</strong></span> <span class='ocrx_word' id='word_1_25' title='bbox 2761 593 3135 666; x_wconf 78' lang='grc' dir='ltr'><strong>ἀμαθέστερον</strong></span> <span class='ocrx_word' id='word_1_26' title='bbox 3165 592 3525 662; x_wconf 70' lang='grc' dir='ltr'><strong>φθεγγόμενοι</strong></span> <span class='ocrx_word' id='word_1_27' title='bbox 3552 592 3688 660; x_wconf 71' lang='grc' dir='ltr'><strong>πρὸς</strong></span> 
     </span>
    </p>
   </div>
   <div class='ocr_carea' id='block_1_6' title="bbox 440 684 2025 780">
    <p class='ocr_par' dir='ltr' id='par_1_6' title="bbox 440 708 1478 780">
     <span class='ocr_line' id='line_1_6' title="bbox 440 708 1478 780; baseline -0.003 -16"><span class='ocrx_word' id='word_1_28' title='bbox 440 709 657 766; x_wconf 79' lang='lat' dir='ltr'><strong>alIectat</strong></span> <span class='ocrx_word' id='word_1_29' title='bbox 685 711 844 765; x_wconf 85' lang='lat' dir='ltr'><strong>aliter</strong></span> <span class='ocrx_word' id='word_1_30' title='bbox 874 709 1237 780; x_wconf 89' lang='lat' dir='ltr'><strong>judicantium</strong></span> <span class='ocrx_word' id='word_1_31' title='bbox 1267 708 1478 763; x_wconf 83' lang='lat' dir='ltr'><strong>irrisor.</strong></span> 
     </span>
    </p>
   </div>
   <div class='ocr_carea' id='block_1_7' title="bbox 2130 684 3690 780">
    <p class='ocr_par' dir='ltr' id='par_1_7' title="bbox 2130 684 3690 763">
     <span class='ocr_line' id='line_1_7' title="bbox 2130 684 3690 763; baseline -0.008 -14"><span class='ocrx_word' id='word_1_32' title='bbox 2130 697 2429 763; x_wconf 77' lang='grc' dir='ltr'><strong>ιαφήνειαν,</strong></span> <span class='ocrx_word' id='word_1_33' title='bbox 2455 691 2516 743; x_wconf 83' lang='grc' dir='ltr'><strong>οὐ</strong></span> <span class='ocrx_word' id='word_1_34' title='bbox 2543 690 2649 759; x_wconf 86' lang='grc' dir='ltr'><strong>μὴν</strong></span> <span class='ocrx_word' id='word_1_35' title='bbox 2679 686 2948 757; x_wconf 75' lang='grc' dir='ltr'><strong>τεχνητὴν</strong></span> <span class='ocrx_word' id='word_1_36' title='bbox 2970 684 3288 754; x_wconf 81' lang='grc' dir='ltr'><strong>ἐπίκρυψιν,</strong></span> <span class='ocrx_word' id='word_1_37' title='bbox 3305 686 3371 754; x_wconf 76' lang='grc' dir='ltr'><strong>ἣν</strong></span> <span class='ocrx_word' id='word_1_38' title='bbox 3393 684 3690 737; x_wconf 81' lang='grc' dir='ltr'><strong>ἐπισκευά-</strong></span> 
     </span>
    </p>
   </div>
   <div class='ocr_carea' id='block_1_8' title="bbox 2123 775 3688 846">
    <p class='ocr_par' dir='ltr' id='par_1_8' title="bbox 2123 775 3688 846">
     <span class='ocr_line' id='line_1_8' title="bbox 2123 775 3688 846; baseline -0.009 -7"><span class='ocrx_word' id='word_1_39' title='bbox 2123 787 2324 839; x_wconf 80' lang='grc' dir='ltr'><strong>σεταιὸ</strong></span> <span class='ocrx_word' id='word_1_40' title='bbox 2369 782 2512 836; x_wconf 82' lang='grc' dir='ltr'><strong>κατὰ</strong></span> <span class='ocrx_word' id='word_1_41' title='bbox 2537 781 2646 833; x_wconf 82' lang='grc' dir='ltr'><strong>τῶν</strong></span> <span class='ocrx_word' id='word_1_42' title='bbox 2668 779 2844 833; x_wconf 68' lang='grc' dir='ltr'><strong>ἄλλως⁸</strong></span> <span class='ocrx_word' id='word_1_43' title='bbox 2894 778 3204 831; x_wconf 80' lang='grc' dir='ltr'><strong>ἀκουόντων</strong></span> <span class='ocrx_word' id='word_1_44' title='bbox 3240 775 3688 846; x_wconf 73' lang='grc' dir='ltr'><strong>εἰρωνευόμενος.</strong></span> 
     </span>
    </p>
   </div>
   <div class='ocr_carea' id='block_1_9' title="bbox 509 864 2025 958">
    <p class='ocr_par' dir='ltr' id='par_1_9' title="bbox 509 886 2009 958">
     <span class='ocr_line' id='line_1_9' title="bbox 509 886 2009 958; baseline -0.007 -14"><span class='ocrx_word' id='word_1_45' title='bbox 509 890 598 944; x_wconf 77' lang='grc'><strong>55.</strong></span> <span class='ocrx_word' id='word_1_46' title='bbox 630 888 689 943; x_wconf 90' lang='lat' dir='ltr'><strong>Si</strong></span> <span class='ocrx_word' id='word_1_47' title='bbox 720 889 841 958; x_wconf 87' lang='lat' dir='ltr'><strong>quis</strong></span> <span class='ocrx_word' id='word_1_48' title='bbox 883 897 1064 944; x_wconf 91' lang='lat' dir='ltr'><strong>autem</strong></span> <span class='ocrx_word' id='word_1_49' title='bbox 1101 889 1259 944; x_wconf 91' lang='lat' dir='ltr'><strong>nobis</strong></span> <span class='ocrx_word' id='word_1_50' title='bbox 1299 888 1460 942; x_wconf 85' lang='lat' dir='ltr'><strong>talem</strong></span> <span class='ocrx_word' id='word_1_51' title='bbox 1493 886 1815 942; x_wconf 85' lang='lat' dir='ltr'><strong>criminatur</strong></span> <span class='ocrx_word' id='word_1_52' title='bbox 1852 896 2009 951; x_wconf 84' lang='lat' dir='ltr'><strong>aspe-</strong></span> 
     </span>
    </p>
   </div>
   <div class='ocr_carea' id='block_1_10' title="bbox 2130 864 3686 958">
    <p class='ocr_par' dir='ltr' id='par_1_10' title="bbox 2181 864 3686 939">
     <span class='ocr_line' id='line_1_10' title="bbox 2181 864 3686 939; baseline -0.007 -13"><span class='ocrx_word' id='word_1_53' title='bbox 2181 876 2275 928; x_wconf 70' lang='grc' dir='ltr'><strong>λεν,</strong></span> <span class='ocrx_word' id='word_1_54' title='bbox 2309 872 2372 926; x_wconf 82' lang='lat' dir='ltr'><strong>Ei</strong></span> <span class='ocrx_word' id='word_1_55' title='bbox 2401 873 2458 925; x_wconf 84' lang='grc' dir='ltr'><strong>δέ</strong></span> <span class='ocrx_word' id='word_1_56' title='bbox 2487 888 2570 935; x_wconf 86' lang='grc' dir='ltr'><strong>τις</strong></span> <span class='ocrx_word' id='word_1_57' title='bbox 2605 871 2752 939; x_wconf 72' lang='grc' dir='ltr'><strong>ἡμᾶς</strong></span> <span class='ocrx_word' id='word_1_58' title='bbox 2775 869 3018 921; x_wconf 75' lang='grc' dir='ltr'><strong>αἰτιᾶται</strong></span> <span class='ocrx_word' id='word_1_59' title='bbox 3048 869 3148 937; x_wconf 76' lang='grc' dir='ltr'><strong>τῆς</strong></span> <span class='ocrx_word' id='word_1_60' title='bbox 3171 866 3378 936; x_wconf 82' lang='grc' dir='ltr'><strong>ταύτης</strong></span> <span class='ocrx_word' id='word_1_61' title='bbox 3411 864 3686 933; x_wconf 73' lang='grc' dir='ltr'><strong>στρυφνό-</strong></span> 
     </span>
    </p>
   </div>
   <div class='ocr_carea' id='block_1_11' title="bbox 431 958 2025 1051">
    <p class='ocr_par' dir='ltr' id='par_1_11' title="bbox 431 976 2012 1051">
     <span class='ocr_line' id='line_1_11' title="bbox 431 976 2012 1051; baseline -0.005 -14"><span class='ocrx_word' id='word_1_62' title='bbox 431 983 658 1037; x_wconf 71' lang='grc' dir='ltr'><strong>τίιειιριη</strong></span> <span class='ocrx_word' id='word_1_63' title='bbox 683 1022 696 1046; x_wconf 87' lang='grc'>,</span> <span class='ocrx_word' id='word_1_64' title='bbox 747 997 814 1037; x_wconf 79' lang='lat' dir='ltr'><strong>ex</strong></span> <span class='ocrx_word' id='word_1_65' title='bbox 866 982 1085 1036; x_wconf 89' lang='lat' dir='ltr'><strong>homine</strong></span> <span class='ocrx_word' id='word_1_66' title='bbox 1131 997 1404 1051; x_wconf 82' lang='lat' dir='ltr'><strong>quaeram,</strong></span> <span class='ocrx_word' id='word_1_67' title='bbox 1433 980 1703 1050; x_wconf 90' lang='lat' dir='ltr'><strong>quomodo</strong></span> <span class='ocrx_word' id='word_1_68' title='bbox 1730 976 2012 1034; x_wconf 79' lang='lat' dir='ltr'><strong>subridere</strong></span> 
     </span>
    </p>
   </div>
   <div class='ocr_carea' id='block_1_12' title="bbox 2130 958 3689 1051">
    <p class='ocr_par' dir='ltr' id='par_1_12' title="bbox 2130 958 3689 1038">
     <span class='ocr_line' id='line_1_12' title="bbox 2130 958 3689 1038; baseline -0.007 -19"><span class='ocrx_word' id='word_1_69' title='bbox 2130 983 2296 1038; x_wconf 76' lang='grc' dir='ltr'><strong>ςητος,</strong></span> <span class='ocrx_word' id='word_1_70' title='bbox 2335 967 2605 1034; x_wconf 82' lang='grc' dir='ltr'><strong>ἐρήσομαι</strong></span> <span class='ocrx_word' id='word_1_71' title='bbox 2661 961 2753 1014; x_wconf 71' lang='grc' dir='ltr'><strong>τὶν</strong></span> <span class='ocrx_word' id='word_1_72' title='bbox 2801 960 2994 1029; x_wconf 78' lang='grc' dir='ltr'><strong>ἄνδρα,</strong></span> <span class='ocrx_word' id='word_1_73' title='bbox 3053 959 3172 1023; x_wconf 84' lang='grc' dir='ltr'><strong>πῶς</strong></span> <span class='ocrx_word' id='word_1_74' title='bbox 3234 975 3367 1011; x_wconf 88' lang='grc' dir='ltr'><strong>ποτε</strong></span> <span class='ocrx_word' id='word_1_75' title='bbox 3411 958 3689 1027; x_wconf 82' lang='grc' dir='ltr'><strong>μειδιᾶσαι</strong></span> 
     </span>
    </p>
   </div>
   <div class='ocr_carea' id='block_1_13' title="bbox 440 1067 2013 1142">
    <p class='ocr_par' dir='ltr' id='par_1_13' title="bbox 440 1067 2013 1142">
     <span class='ocr_line' id='line_1_13' title="bbox 440 1067 2013 1142; baseline -0.003 -16"><span class='ocrx_word' id='word_1_76' title='bbox 440 1075 767 1142; x_wconf 81' lang='lat' dir='ltr'><strong>quandoque</strong></span> <span class='ocrx_word' id='word_1_77' title='bbox 804 1073 1126 1128; x_wconf 71' lang='lat' dir='ltr'><strong>audebimus</strong></span> <span class='ocrx_word' id='word_1_78' title='bbox 1149 1074 1216 1126; x_wconf 89' lang='lat' dir='ltr'><strong>ad</strong></span> <span class='ocrx_word' id='word_1_79' title='bbox 1245 1087 1492 1128; x_wconf 83' lang='lat' dir='ltr'><strong>serenam</strong></span> <span class='ocrx_word' id='word_1_80' title='bbox 1542 1084 1804 1125; x_wconf 86' lang='lat' dir='ltr'><strong>occursus</strong></span> <span class='ocrx_word' id='word_1_81' title='bbox 1833 1067 2013 1124; x_wconf 81' lang='lat' dir='ltr'><strong>exsul-</strong></span> 
     </span>
    </p>
   </div>
   <div class='ocr_carea' id='block_1_14' title="bbox 439 1160 2016 1231">
    <p class='ocr_par' dir='ltr' id='par_1_14' title="bbox 439 1160 2016 1231">
     <span class='ocr_line' id='line_1_14' title="bbox 439 1160 2016 1231; baseline -0.004 -14"><span class='ocrx_word' id='word_1_82' title='bbox 439 1167 738 1231; x_wconf 83' lang='lat' dir='ltr'><strong>tationem,</strong></span> <span class='ocrx_word' id='word_1_83' title='bbox 791 1179 914 1220; x_wconf 87' lang='lat' dir='ltr'><strong>cum</strong></span> <span class='ocrx_word' id='word_1_84' title='bbox 973 1165 1250 1219; x_wconf 82' lang='lat' dir='ltr'><strong>cernimus</strong></span> <span class='ocrx_word' id='word_1_85' title='bbox 1306 1163 1551 1218; x_wconf 83' lang='lat' dir='ltr'><strong>homines</strong></span> <span class='ocrx_word' id='word_1_86' title='bbox 1603 1161 1698 1230; x_wconf 88' lang='lat' dir='ltr'><strong>qui</strong></span> <span class='ocrx_word' id='word_1_87' title='bbox 1749 1161 1802 1215; x_wconf 92' lang='lat' dir='ltr'><strong>in</strong></span> <span class='ocrx_word' id='word_1_88' title='bbox 1863 1160 2016 1212; x_wconf 87' lang='lat' dir='ltr'><strong>inde-</strong></span> 
     </span>
    </p>
   </div>
   <div class='ocr_carea' id='block_1_15' title="bbox 441 1251 2013 1321">
    <p class='ocr_par' dir='ltr' id='par_1_15' title="bbox 441 1251 2013 1321">
     <span class='ocr_line' id='line_1_15' title="bbox 441 1251 2013 1321; baseline -0.004 -12"><span class='ocrx_word' id='word_1_89' title='bbox 441 1265 653 1312; x_wconf 88' lang='lat' dir='ltr'><strong>centem</strong></span> <span class='ocrx_word' id='word_1_90' title='bbox 690 1256 1014 1310; x_wconf 83' lang='lat' dir='ltr'><strong>cachinnum</strong></span> <span class='ocrx_word' id='word_1_91' title='bbox 1061 1263 1114 1308; x_wconf 90' lang='lat' dir='ltr'><strong>et</strong></span> <span class='ocrx_word' id='word_1_92' title='bbox 1166 1255 1220 1308; x_wconf 91' lang='lat' dir='ltr'><strong>in</strong></span> <span class='ocrx_word' id='word_1_93' title='bbox 1273 1254 1568 1318; x_wconf 85' lang='lat' dir='ltr'><strong>tripudium</strong></span> <span class='ocrx_word' id='word_1_94' title='bbox 1613 1251 2013 1321; x_wconf 84' lang='lat' dir='ltr'><strong>corybantium,</strong></span> 
     </span>
    </p>
   </div>
   <div class='ocr_carea' id='block_1_16' title="bbox 441 1343 2015 1412">
    <p class='ocr_par' dir='ltr' id='par_1_16' title="bbox 441 1343 2015 1412">
     <span class='ocr_line' id='line_1_16' title="bbox 441 1343 2015 1412; baseline -0.004 -11"><span class='ocrx_word' id='word_1_95' title='bbox 441 1358 692 1402; x_wconf 90' lang='lat' dir='ltr'><strong>nostrum</strong></span> <span class='ocrx_word' id='word_1_96' title='bbox 722 1347 1058 1400; x_wconf 85' lang='lat' dir='ltr'><strong>accusabunt</strong></span> <span class='ocrx_word' id='word_1_97' title='bbox 1089 1345 1263 1399; x_wconf 90' lang='lat' dir='ltr'><strong>lenem</strong></span> <span class='ocrx_word' id='word_1_98' title='bbox 1293 1345 1483 1410; x_wconf 89' lang='lat' dir='ltr'><strong>risum,</strong></span> <span class='ocrx_word' id='word_1_99' title='bbox 1517 1344 1615 1412; x_wconf 87' lang='lat' dir='ltr'><strong>ipsi</strong></span> <span class='ocrx_word' id='word_1_100' title='bbox 1642 1359 1772 1398; x_wconf 81' lang='lat' dir='ltr'><strong>vere</strong></span> <span class='ocrx_word' id='word_1_101' title='bbox 1805 1343 2015 1398; x_wconf 90' lang='lat' dir='ltr'><strong>ridiculi</strong></span> 
     </span>
    </p>
   </div>
   <div class='ocr_carea' id='block_1_17' title="bbox 447 1432 2020 1498">
    <p class='ocr_par' dir='ltr' id='par_1_17' title="bbox 447 1432 2020 1498">
     <span class='ocr_line' id='line_1_17' title="bbox 447 1432 2020 1498; baseline -0.005 -6"><span class='ocrx_word' id='word_1_102' title='bbox 447 1449 506 1492; x_wconf 89' lang='lat' dir='ltr'><strong>et</strong></span> <span class='ocrx_word' id='word_1_103' title='bbox 539 1436 906 1492; x_wconf 72' lang='lat' dir='ltr'><strong>differentiam</strong></span> <span class='ocrx_word' id='word_1_104' title='bbox 940 1437 1248 1490; x_wconf 85' lang='lat' dir='ltr'><strong>nescientes</strong></span> <span class='ocrx_word' id='word_1_105' title='bbox 1274 1435 1417 1490; x_wconf 89' lang='lat' dir='ltr'><strong>inter</strong></span> <span class='ocrx_word' id='word_1_106' title='bbox 1441 1433 1746 1498; x_wconf 89' lang='lat' dir='ltr'><strong>subridere,</strong></span> <span class='ocrx_word' id='word_1_107' title='bbox 1777 1433 1857 1486; x_wconf 92' lang='lat' dir='ltr'><strong>vel</strong></span> <span class='ocrx_word' id='word_1_108' title='bbox 1899 1432 2020 1485; x_wconf 92' lang='lat' dir='ltr'><strong>irri-</strong></span> 
     </span>
    </p>
   </div>
   <div class='ocr_carea' id='block_1_18' title="bbox 447 1523 2018 1594">
    <p class='ocr_par' dir='ltr' id='par_1_18' title="bbox 447 1523 2018 1594">
     <span class='ocr_line' id='line_1_18' title="bbox 447 1523 2018 1594; baseline -0.003 -11"><span class='ocrx_word' id='word_1_109' title='bbox 447 1531 597 1594; x_wconf 83' lang='lat' dir='ltr'><strong>dere,</strong></span> <span class='ocrx_word' id='word_1_110' title='bbox 635 1528 722 1582; x_wconf 74' lang='lat' dir='ltr'><strong>Vel</strong></span> <span class='ocrx_word' id='word_1_111' title='bbox 764 1527 1114 1591; x_wconf 85' lang='lat' dir='ltr'><strong>cachinnare,</strong></span> <span class='ocrx_word' id='word_1_112' title='bbox 1165 1525 1252 1580; x_wconf 85' lang='lat' dir='ltr'><strong>vel</strong></span> <span class='ocrx_word' id='word_1_113' title='bbox 1298 1526 1499 1591; x_wconf 88' lang='lat' dir='ltr'><strong>ridere,</strong></span> <span class='ocrx_word' id='word_1_114' title='bbox 1529 1540 1758 1594; x_wconf 90' lang='lat' dir='ltr'><strong>quorum</strong></span> <span class='ocrx_word' id='word_1_115' title='bbox 1817 1523 2018 1593; x_wconf 78' lang='lat' dir='ltr'><strong>longis-</strong></span> 
     </span>
    </p>
   </div>
   <div class='ocr_carea' id='block_1_19' title="bbox 2116 1049 3691 1130">
    <p class='ocr_par' dir='ltr' id='par_1_19' title="bbox 2116 1049 3691 1130">
     <span class='ocr_line' id='line_1_19' title="bbox 2116 1049 3691 1130; baseline -0.01 -17"><span class='ocrx_word' id='word_1_116' title='bbox 2116 1061 2468 1130; x_wconf 75' lang='grc' dir='ltr'><strong>θαρρήσομεν</strong></span> <span class='ocrx_word' id='word_1_117' title='bbox 2493 1057 2572 1119; x_wconf 88' lang='grc' dir='ltr'><strong>εἰς</strong></span> <span class='ocrx_word' id='word_1_118' title='bbox 2597 1054 2853 1124; x_wconf 87' lang='grc' dir='ltr'><strong>γαλήνιον</strong></span> <span class='ocrx_word' id='word_1_119' title='bbox 2874 1053 3126 1121; x_wconf 84' lang='grc' dir='ltr'><strong>διάχυσιν</strong></span> <span class='ocrx_word' id='word_1_120' title='bbox 3146 1051 3424 1121; x_wconf 80' lang='grc' dir='ltr'><strong>ἐντυχίας,</strong></span> <span class='ocrx_word' id='word_1_121' title='bbox 3451 1051 3540 1102; x_wconf 76' lang='grc' dir='ltr'><strong>ὅτε</strong></span> <span class='ocrx_word' id='word_1_122' title='bbox 3567 1049 3691 1118; x_wconf 84' lang='grc' dir='ltr'><strong>βλέ-</strong></span> 
     </span>
    </p>
   </div>
   <div class='ocr_carea' id='block_1_20' title="bbox 2115 1139 3690 1219">
    <p class='ocr_par' dir='ltr' id='par_1_20' title="bbox 2115 1139 3690 1219">
     <span class='ocr_line' id='line_1_20' title="bbox 2115 1139 3690 1219; baseline -0.009 -15"><span class='ocrx_word' id='word_1_123' title='bbox 2115 1167 2294 1219; x_wconf 81' lang='grc' dir='ltr'><strong>πομεν</strong></span> <span class='ocrx_word' id='word_1_124' title='bbox 2354 1146 2698 1216; x_wconf 83' lang='grc' dir='ltr'><strong>ἀνθρώπους,</strong></span> <span class='ocrx_word' id='word_1_125' title='bbox 2735 1145 2786 1197; x_wconf 77' lang='grc' dir='ltr'><strong>οἳ</strong></span> <span class='ocrx_word' id='word_1_126' title='bbox 2843 1147 2937 1198; x_wconf 82' lang='grc' dir='ltr'><strong>καὶ</strong></span> <span class='ocrx_word' id='word_1_127' title='bbox 2983 1145 3060 1205; x_wconf 73' lang='grc' dir='ltr'><strong>εἰς</strong></span> <span class='ocrx_word' id='word_1_128' title='bbox 3092 1141 3416 1212; x_wconf 74' lang='grc' dir='ltr'><strong>καγχασμὸν</strong></span> <span class='ocrx_word' id='word_1_129' title='bbox 3464 1139 3690 1208; x_wconf 81' lang='grc' dir='ltr'><strong>ἀπρεπῆ</strong></span> 
     </span>
    </p>
   </div>
   <div class='ocr_carea' id='block_1_21' title="bbox 2116 1233 3692 1312">
    <p class='ocr_par' dir='ltr' id='par_1_21' title="bbox 2116 1233 3692 1312">
     <span class='ocr_line' id='line_1_21' title="bbox 2116 1233 3692 1312; baseline -0.009 -14"><span class='ocrx_word' id='word_1_130' title='bbox 2116 1245 2209 1299; x_wconf 79' lang='grc' dir='ltr'><strong>καὶ</strong></span> <span class='ocrx_word' id='word_1_131' title='bbox 2236 1245 2314 1306; x_wconf 77' lang='grc' dir='ltr'><strong>εἰς</strong></span> <span class='ocrx_word' id='word_1_132' title='bbox 2342 1242 2571 1312; x_wconf 77' lang='grc' dir='ltr'><strong>ὗρχησιν</strong></span> <span class='ocrx_word' id='word_1_133' title='bbox 2602 1238 2974 1311; x_wconf 75' lang='grc' dir='ltr'><strong>Κορυϐάντων</strong></span> <span class='ocrx_word' id='word_1_134' title='bbox 2996 1236 3058 1289; x_wconf 78' lang='grc' dir='ltr'><strong>τὸ</strong></span> <span class='ocrx_word' id='word_1_135' title='bbox 3103 1236 3265 1305; x_wconf 74' lang='grc' dir='ltr'><strong>ἡμῶν</strong></span> <span class='ocrx_word' id='word_1_136' title='bbox 3319 1233 3692 1303; x_wconf 68' lang='grc' dir='ltr'><strong>ἐγγράφονται</strong></span> 
     </span>
    </p>
   </div>
   <div class='ocr_carea' id='block_1_22' title="bbox 2119 1325 3696 1405">
    <p class='ocr_par' dir='ltr' id='par_1_22' title="bbox 2119 1325 3696 1405">
     <span class='ocr_line' id='line_1_22' title="bbox 2119 1325 3696 1405; baseline -0.007 -19"><span class='ocrx_word' id='word_1_137' title='bbox 2119 1334 2401 1405; x_wconf 78' lang='grc' dir='ltr'><strong>μειδίαμα,</strong></span> <span class='ocrx_word' id='word_1_138' title='bbox 2429 1333 2634 1402; x_wconf 81' lang='grc' dir='ltr'><strong>γελοῖοι</strong></span> <span class='ocrx_word' id='word_1_139' title='bbox 2663 1330 2817 1382; x_wconf 73' lang='grc' dir='ltr'><strong>αὐτοὶ</strong></span> <span class='ocrx_word' id='word_1_140' title='bbox 2848 1328 3021 1390; x_wconf 72' lang='grc' dir='ltr'><strong>ὄντες,</strong></span> <span class='ocrx_word' id='word_1_141' title='bbox 3071 1328 3165 1378; x_wconf 74' lang='grc' dir='ltr'><strong>καὶ</strong></span> <span class='ocrx_word' id='word_1_142' title='bbox 3192 1326 3266 1394; x_wconf 87' lang='grc' dir='ltr'>μὴ</span> <span class='ocrx_word' id='word_1_143' title='bbox 3318 1325 3584 1392; x_wconf 76' lang='grc' dir='ltr'><strong>διαφορὰν</strong></span> <span class='ocrx_word' id='word_1_144' title='bbox 3619 1327 3696 1375; x_wconf 75' lang='grc' dir='ltr'><strong>εε-</strong></span> 
     </span>
    </p>
   </div>
   <div class='ocr_carea' id='block_1_23' title="bbox 2117 1417 3697 1494">
    <p class='ocr_par' dir='ltr' id='par_1_23' title="bbox 2117 1417 3697 1494">
     <span class='ocr_line' id='line_1_23' title="bbox 2117 1417 3697 1494; baseline -0.006 -16"><span class='ocrx_word' id='word_1_145' title='bbox 2117 1425 2268 1489; x_wconf 85' lang='grc' dir='ltr'><strong>δὸτες</strong></span> <span class='ocrx_word' id='word_1_146' title='bbox 2301 1423 2395 1478; x_wconf 78' lang='grc' dir='ltr'><strong>τοῦ</strong></span> <span class='ocrx_word' id='word_1_147' title='bbox 2433 1423 2668 1494; x_wconf 78' lang='grc' dir='ltr'><strong>μειδιᾷν,</strong></span> <span class='ocrx_word' id='word_1_148' title='bbox 2696 1421 2728 1491; x_wconf 79' lang='grc' dir='ltr'><strong>ἢ</strong></span> <span class='ocrx_word' id='word_1_149' title='bbox 2763 1420 3083 1491; x_wconf 77' lang='grc' dir='ltr'><strong>σαρκάξειν,</strong></span> <span class='ocrx_word' id='word_1_150' title='bbox 3120 1419 3152 1488; x_wconf 77' lang='grc' dir='ltr'>ἢ</span> <span class='ocrx_word' id='word_1_151' title='bbox 3183 1417 3502 1486; x_wconf 78' lang='grc' dir='ltr'><strong>καγχάζειν,</strong></span> <span class='ocrx_word' id='word_1_152' title='bbox 3533 1418 3564 1486; x_wconf 79' lang='grc' dir='ltr'><strong>ἢ</strong></span> <span class='ocrx_word' id='word_1_153' title='bbox 3607 1417 3697 1482; x_wconf 66' lang='grc' dir='ltr'><strong>γέν</strong></span> 
     </span>
    </p>
   </div>
   <div class='ocr_carea' id='block_1_24' title="bbox 2117 1509 3664 1586">
    <p class='ocr_par' dir='ltr' id='par_1_24' title="bbox 2117 1509 3664 1586">
     <span class='ocr_line' id='line_1_24' title="bbox 2117 1509 3664 1586; baseline -0.008 -14"><span class='ocrx_word' id='word_1_154' title='bbox 2117 1516 2310 1581; x_wconf 76' lang='grc' dir='ltr'><strong>λωτος,</strong></span> <span class='ocrx_word' id='word_1_155' title='bbox 2337 1509 2411 1568; x_wconf 85' lang='grc' dir='ltr'><strong>ὧν</strong></span> <span class='ocrx_word' id='word_1_156' title='bbox 2442 1513 2786 1586; x_wconf 75' lang='grc' dir='ltr'><strong>πορρωτάτω</strong></span> <span class='ocrx_word' id='word_1_157' title='bbox 2829 1513 2971 1566; x_wconf 87' lang='grc' dir='ltr'><strong>πάνυ</strong></span> <span class='ocrx_word' id='word_1_158' title='bbox 2998 1512 3065 1564; x_wconf 70' lang='grc' dir='ltr'><strong>τὰ</strong></span> <span class='ocrx_word' id='word_1_159' title='bbox 3095 1510 3218 1564; x_wconf 84' lang='grc' dir='ltr'><strong>κατ’</strong></span> <span class='ocrx_word' id='word_1_160' title='bbox 3283 1511 3493 1562; x_wconf 85' lang='grc' dir='ltr'><strong>ἐννοιαν</strong></span> <span class='ocrx_word' id='word_1_161' title='bbox 3545 1509 3664 1575; x_wconf 67' lang='lat' dir='ltr'><strong>epis</strong></span> 
     </span>
    </p>
   </div>
   <div class='ocr_carea' id='block_1_25' title="bbox 443 1601 2025 1688">
    <p class='ocr_par' dir='ltr' id='par_1_25' title="bbox 443 1616 2021 1688">
     <span class='ocr_line' id='line_1_25' title="bbox 443 1616 2021 1688; baseline -0.003 -13"><span class='ocrx_word' id='word_1_162' title='bbox 443 1624 584 1675; x_wconf 83' lang='lat' dir='ltr'><strong>sime</strong></span> <span class='ocrx_word' id='word_1_163' title='bbox 615 1621 826 1674; x_wconf 85' lang='lat' dir='ltr'><strong>distant</strong></span> <span class='ocrx_word' id='word_1_164' title='bbox 874 1620 1124 1688; x_wconf 69' lang='lat' dir='ltr'><strong>cogitatae</strong></span> <span class='ocrx_word' id='word_1_165' title='bbox 1170 1616 1549 1674; x_wconf 76' lang='lat' dir='ltr'><strong>deﬁnitiones?</strong></span> <span class='ocrx_word' id='word_1_166' title='bbox 1578 1616 1859 1684; x_wconf 85' lang='lat' dir='ltr'><strong>Quomodo</strong></span> <span class='ocrx_word' id='word_1_167' title='bbox 1894 1629 2021 1670; x_wconf 84' lang='lat' dir='ltr'><strong>vero</strong></span> 
     </span>
    </p>
   </div>
   <div class='ocr_carea' id='block_1_26' title="bbox 2130 1601 3698 1688">
    <p class='ocr_par' dir='ltr' id='par_1_26' title="bbox 2130 1601 3698 1677">
     <span class='ocr_line' id='line_1_26' title="bbox 2130 1601 3698 1677; baseline -0.006 -18"><span class='ocrx_word' id='word_1_168' title='bbox 2130 1623 2306 1677; x_wconf 85' lang='grc' dir='ltr'><strong>ματα;</strong></span> <span class='ocrx_word' id='word_1_169' title='bbox 2341 1605 2462 1668; x_wconf 80' lang='grc' dir='ltr'><strong>Πῶς</strong></span> <span class='ocrx_word' id='word_1_170' title='bbox 2493 1605 2547 1658; x_wconf 75' lang='grc' dir='ltr'><strong>δέ</strong></span> <span class='ocrx_word' id='word_1_171' title='bbox 2580 1603 2674 1658; x_wconf 73' lang='grc' dir='ltr'><strong>καὶ</strong></span> <span class='ocrx_word' id='word_1_172' title='bbox 2730 1603 2866 1672; x_wconf 75' lang='grc' dir='ltr'><strong>πρὸς</strong></span> <span class='ocrx_word' id='word_1_173' title='bbox 2918 1602 3080 1672; x_wconf 82' lang='grc' dir='ltr'><strong>χάριν</strong></span> <span class='ocrx_word' id='word_1_174' title='bbox 3137 1601 3328 1670; x_wconf 76' lang='grc' dir='ltr'><strong>ἱλαρὰν</strong></span> <span class='ocrx_word' id='word_1_175' title='bbox 3373 1601 3698 1667; x_wconf 59' lang='grc' dir='ltr'><strong>ἁστςῖσῡμαι</strong></span> 
     </span>
    </p>
   </div>
   <div class='ocr_carea' id='block_1_27' title="bbox 440 1692 2025 1782">
    <p class='ocr_par' dir='ltr' id='par_1_27' title="bbox 440 1709 2020 1782">
     <span class='ocr_line' id='line_1_27' title="bbox 440 1709 2020 1782; baseline -0.004 -18"><span class='ocrx_word' id='word_1_176' title='bbox 440 1712 597 1778; x_wconf 82' lang='lat' dir='ltr'><strong>juxta</strong></span> <span class='ocrx_word' id='word_1_177' title='bbox 630 1712 861 1782; x_wconf 80' lang='lat' dir='ltr'><strong>gratiam</strong></span> <span class='ocrx_word' id='word_1_178' title='bbox 894 1711 1120 1765; x_wconf 89' lang='lat' dir='ltr'><strong>hilarem</strong></span> <span class='ocrx_word' id='word_1_179' title='bbox 1169 1719 1226 1766; x_wconf 90' lang='lat' dir='ltr'><strong>et</strong></span> <span class='ocrx_word' id='word_1_180' title='bbox 1272 1710 1571 1780; x_wconf 86' lang='lat' dir='ltr'><strong>sapientem</strong></span> <span class='ocrx_word' id='word_1_181' title='bbox 1622 1709 1862 1763; x_wconf 88' lang='lat' dir='ltr'><strong>urbanus</strong></span> <span class='ocrx_word' id='word_1_182' title='bbox 1918 1709 2020 1764; x_wconf 89' lang='lat' dir='ltr'><strong>sim</strong></span> 
     </span>
    </p>
   </div>
   <div class='ocr_carea' id='block_1_28' title="bbox 2130 1692 3696 1782">
    <p class='ocr_par' dir='ltr' id='par_1_28' title="bbox 2130 1692 3696 1782">
     <span class='ocr_line' id='line_1_28' title="bbox 2130 1692 3696 1782; baseline -0.007 -30"><span class='ocrx_word' id='word_1_183' title='bbox 2130 1699 2219 1752; x_wconf 72' lang='grc' dir='ltr'><strong>καὶ</strong></span> <span class='ocrx_word' id='word_1_184' title='bbox 2274 1697 2554 1768; x_wconf 75' lang='grc' dir='ltr'>σώφρονα,</span> <span class='ocrx_word' id='word_1_185' title='bbox 2611 1693 2755 1749; x_wconf 78' lang='grc' dir='ltr'><strong>κατὰ</strong></span> <span class='ocrx_word' id='word_1_186' title='bbox 2791 1695 2936 1748; x_wconf 75' lang='grc' dir='ltr'><strong>ἰδέαν</strong></span> <span class='ocrx_word' id='word_1_187' title='bbox 2995 1693 3157 1762; x_wconf 82' lang='grc' dir='ltr'><strong>λόγου</strong></span> <span class='ocrx_word' id='word_1_188' title='bbox 3201 1693 3387 1748; x_wconf 72' lang='grc' dir='ltr'><strong>θετέον</strong></span> <span class='ocrx_word' id='word_1_189' title='bbox 3413 1692 3696 1782; x_wconf 75' lang='grc' dir='ltr'><strong>δριμεῖαν,</strong></span> 
     </span>
    </p>
   </div>
   <div class='ocr_carea' id='block_1_29' title="bbox 445 1775 2025 1870">
    <p class='ocr_par' dir='ltr' id='par_1_29' title="bbox 445 1797 2022 1870">
     <span class='ocr_line' id='line_1_29' title="bbox 445 1797 2022 1870; baseline -0.005 -14"><span class='ocrx_word' id='word_1_190' title='bbox 445 1803 685 1866; x_wconf 81' lang='lat' dir='ltr'><strong>futurus,</strong></span> <span class='ocrx_word' id='word_1_191' title='bbox 729 1802 883 1870; x_wconf 76' lang='lat' dir='ltr'><strong>juxta</strong></span> <span class='ocrx_word' id='word_1_192' title='bbox 941 1800 1178 1869; x_wconf 83' lang='lat' dir='ltr'><strong>speciem</strong></span> <span class='ocrx_word' id='word_1_193' title='bbox 1234 1799 1542 1863; x_wconf 79' lang='lat' dir='ltr'><strong>sermonis,</strong></span> <span class='ocrx_word' id='word_1_194' title='bbox 1577 1797 1884 1867; x_wconf 91' lang='lat' dir='ltr'><strong>ponendum</strong></span> <span class='ocrx_word' id='word_1_195' title='bbox 1937 1805 2022 1851; x_wconf 84' lang='lat' dir='ltr'><strong>est</strong></span> 
     </span>
    </p>
   </div>
   <div class='ocr_carea' id='block_1_30' title="bbox 2130 1775 3700 1870">
    <p class='ocr_par' dir='ltr' id='par_1_30' title="bbox 2130 1775 3700 1854">
     <span class='ocr_line' id='line_1_30' title="bbox 2130 1775 3700 1854; baseline -0.007 -13"><span class='ocrx_word' id='word_1_196' title='bbox 2130 1788 2319 1842; x_wconf 79' lang='grc' dir='ltr'>ὁποίαν</span> <span class='ocrx_word' id='word_1_197' title='bbox 2359 1786 2728 1854; x_wconf 84' lang='grc' dir='ltr'><strong>παραδίδωσιν</strong></span> <span class='ocrx_word' id='word_1_198' title='bbox 2778 1784 2838 1837; x_wconf 87' lang='grc' dir='ltr'><strong>οὑ</strong></span> <span class='ocrx_word' id='word_1_199' title='bbox 2881 1783 3042 1853; x_wconf 87' lang='grc' dir='ltr'>μόνον</span> <span class='ocrx_word' id='word_1_200' title='bbox 3089 1784 3116 1835; x_wconf 91' lang='grc' dir='ltr'>ὀ</span> <span class='ocrx_word' id='word_1_201' title='bbox 3151 1780 3369 1852; x_wconf 75' lang='grc' dir='ltr'><strong>γράψας</strong></span> <span class='ocrx_word' id='word_1_202' title='bbox 3415 1780 3507 1832; x_wconf 82' lang='grc' dir='ltr'><strong>τὸν</strong></span> <span class='ocrx_word' id='word_1_203' title='bbox 3553 1775 3700 1831; x_wconf 81' lang='grc' dir='ltr'><strong>οἶνον</strong></span> 
     </span>
    </p>
   </div>
   <div class='ocr_carea' id='block_1_31' title="bbox 446 1871 2025 1959">
    <p class='ocr_par' dir='ltr' id='par_1_31' title="bbox 446 1885 2022 1959">
     <span class='ocr_line' id='line_1_31' title="bbox 446 1885 2022 1959; baseline -0.004 -15"><span class='ocrx_word' id='word_1_204' title='bbox 446 1906 652 1957; x_wconf 84' lang='lat' dir='ltr'><strong>aerem,</strong></span> <span class='ocrx_word' id='word_1_205' title='bbox 700 1889 913 1959; x_wconf 90' lang='lat' dir='ltr'><strong>qualem</strong></span> <span class='ocrx_word' id='word_1_206' title='bbox 944 1889 1146 1955; x_wconf 86' lang='lat' dir='ltr'><strong>tradit,</strong></span> <span class='ocrx_word' id='word_1_207' title='bbox 1179 1901 1282 1942; x_wconf 89' lang='lat' dir='ltr'><strong>non</strong></span> <span class='ocrx_word' id='word_1_208' title='bbox 1326 1885 1502 1942; x_wconf 89' lang='lat' dir='ltr'><strong>solum</strong></span> <span class='ocrx_word' id='word_1_209' title='bbox 1537 1885 1628 1956; x_wconf 88' lang='lat' dir='ltr'><strong>qui</strong></span> <span class='ocrx_word' id='word_1_210' title='bbox 1671 1885 1854 1939; x_wconf 89' lang='lat' dir='ltr'><strong>vinum</strong></span> <span class='ocrx_word' id='word_1_211' title='bbox 1906 1897 2022 1938; x_wconf 72' lang='lat' dir='ltr'><strong>uva:</strong></span> 
     </span>
    </p>
   </div>
   <div class='ocr_carea' id='block_1_32' title="bbox 2130 1871 3700 1959">
    <p class='ocr_par' dir='ltr' id='par_1_32' title="bbox 2130 1871 3700 1947">
     <span class='ocr_line' id='line_1_32' title="bbox 2130 1871 3700 1947; baseline -0.006 -16"><span class='ocrx_word' id='word_1_212' title='bbox 2130 1873 2266 1947; x_wconf 79' lang='grc' dir='ltr'><strong>αἷμα</strong></span> <span class='ocrx_word' id='word_1_213' title='bbox 2317 1875 2630 1946; x_wconf 77' lang='grc' dir='ltr'><strong>σταφυλῆς,</strong></span> <span class='ocrx_word' id='word_1_214' title='bbox 2685 1874 2818 1928; x_wconf 78' lang='grc' dir='ltr'><strong>ἀλλὰ</strong></span> <span class='ocrx_word' id='word_1_215' title='bbox 2867 1874 3017 1928; x_wconf 83' lang='grc' dir='ltr'><strong>καὶὸ</strong></span> <span class='ocrx_word' id='word_1_216' title='bbox 3051 1871 3304 1934; x_wconf 82' lang='grc' dir='ltr'><strong>πλούσιος</strong></span> <span class='ocrx_word' id='word_1_217' title='bbox 3343 1872 3437 1924; x_wconf 79' lang='grc' dir='ltr'><strong>καὶ</strong></span> <span class='ocrx_word' id='word_1_218' title='bbox 3492 1871 3700 1936; x_wconf 81' lang='grc' dir='ltr'><strong>γλυκὺς</strong></span> 
     </span>
    </p>
   </div>
   <div class='ocr_carea' id='block_1_33' title="bbox 449 1975 2020 2050">
    <p class='ocr_par' dir='ltr' id='par_1_33' title="bbox 449 1975 2020 2050">
     <span class='ocr_line' id='line_1_33' title="bbox 449 1975 2020 2050; baseline -0.005 -14"><span class='ocrx_word' id='word_1_219' title='bbox 449 1982 770 2050; x_wconf 87' lang='lat' dir='ltr'><strong>sanguinem</strong></span> <span class='ocrx_word' id='word_1_220' title='bbox 802 1980 822 2012; x_wconf 86' lang='grc'>⁸</span> <span class='ocrx_word' id='word_1_221' title='bbox 876 1979 1128 2048; x_wconf 79' lang='lat' dir='ltr'><strong>scripsit,</strong></span> <span class='ocrx_word' id='word_1_222' title='bbox 1179 1979 1274 2034; x_wconf 89' lang='lat' dir='ltr'><strong>sed</strong></span> <span class='ocrx_word' id='word_1_223' title='bbox 1317 1977 1470 2034; x_wconf 86' lang='lat' dir='ltr'><strong>dives</strong></span> <span class='ocrx_word' id='word_1_224' title='bbox 1512 1987 1568 2032; x_wconf 88' lang='lat' dir='ltr'><strong>et</strong></span> <span class='ocrx_word' id='word_1_225' title='bbox 1613 1975 1793 2030; x_wconf 85' lang='lat' dir='ltr'><strong>dulcis</strong></span> <span class='ocrx_word' id='word_1_226' title='bbox 1837 1983 2020 2029; x_wconf 89' lang='lat' dir='ltr'><strong>orator</strong></span> 
     </span>
    </p>
   </div>
   <div class='ocr_carea' id='block_1_34' title="bbox 447 2064 2022 2139">
    <p class='ocr_par' dir='ltr' id='par_1_34' title="bbox 447 2064 2022 2139">
     <span class='ocr_line' id='line_1_34' title="bbox 447 2064 2022 2139; baseline -0.005 -14"><span class='ocrx_word' id='word_1_227' title='bbox 447 2070 651 2139; x_wconf 43' lang='lat' dir='ltr'><strong>Daridg,</strong></span> <span class='ocrx_word' id='word_1_228' title='bbox 685 2069 777 2139; x_wconf 89' lang='lat' dir='ltr'><strong>qui</strong></span> <span class='ocrx_word' id='word_1_229' title='bbox 820 2069 998 2139; x_wconf 87' lang='lat' dir='ltr'><strong>psallit</strong></span> <span class='ocrx_word' id='word_1_230' title='bbox 1057 2068 1316 2124; x_wconf 89' lang='lat' dir='ltr'><strong>buccellis</strong></span> <span class='ocrx_word' id='word_1_231' title='bbox 1351 2067 1558 2123; x_wconf 82' lang='lat' dir='ltr'><strong>similes</strong></span> <span class='ocrx_word' id='word_1_232' title='bbox 1608 2066 1750 2120; x_wconf 84' lang='lat' dir='ltr'><strong>mitti</strong></span> <span class='ocrx_word' id='word_1_233' title='bbox 1793 2064 2022 2137; x_wconf 78' lang='lat' dir='ltr'><strong>crystal-</strong></span> 
     </span>
    </p>
   </div>
   <div class='ocr_carea' id='block_1_35' title="bbox 447 2157 2020 2230">
    <p class='ocr_par' dir='ltr' id='par_1_35' title="bbox 447 2157 2020 2230">
     <span class='ocr_line' id='line_1_35' title="bbox 447 2157 2020 2230; baseline -0.005 -12"><span class='ocrx_word' id='word_1_234' title='bbox 447 2164 529 2218; x_wconf 90' lang='lat' dir='ltr'><strong>los</strong></span> <span class='ocrx_word' id='word_1_235' title='bbox 565 2163 621 2228; x_wconf 75' lang='grc'><strong>’⁸,</strong></span> <span class='ocrx_word' id='word_1_236' title='bbox 677 2173 731 2218; x_wconf 88' lang='lat' dir='ltr'><strong>et</strong></span> <span class='ocrx_word' id='word_1_237' title='bbox 788 2163 966 2218; x_wconf 81' lang='lat' dir='ltr'><strong>nivem</strong></span> <span class='ocrx_word' id='word_1_238' title='bbox 1011 2161 1242 2230; x_wconf 81' lang='lat' dir='ltr'><strong>expandi</strong></span> <span class='ocrx_word' id='word_1_239' title='bbox 1291 2160 1435 2216; x_wconf 83' lang='lat' dir='ltr'><strong>sicut</strong></span> <span class='ocrx_word' id='word_1_240' title='bbox 1496 2158 1710 2224; x_wconf 87' lang='lat' dir='ltr'><strong>lanam,</strong></span> <span class='ocrx_word' id='word_1_241' title='bbox 1767 2157 2020 2211; x_wconf 89' lang='lat' dir='ltr'><strong>nebulam</strong></span> 
     </span>
    </p>
   </div>
   <div class='ocr_carea' id='block_1_36' title="bbox 451 2243 2019 2319">
    <p class='ocr_par' dir='ltr' id='par_1_36' title="bbox 451 2243 2019 2319">
     <span class='ocr_line' id='line_1_36' title="bbox 451 2243 2019 2319; baseline -0.004 -16"><span class='ocrx_word' id='word_1_242' title='bbox 451 2263 630 2307; x_wconf 84' lang='lat' dir='ltr'><strong>autem</strong></span> <span class='ocrx_word' id='word_1_243' title='bbox 666 2252 810 2307; x_wconf 90' lang='lat' dir='ltr'><strong>sicut</strong></span> <span class='ocrx_word' id='word_1_244' title='bbox 848 2251 1086 2306; x_wconf 90' lang='lat' dir='ltr'><strong>cinerem</strong></span> <span class='ocrx_word' id='word_1_245' title='bbox 1117 2248 1298 2319; x_wconf 84' lang='lat' dir='ltr'><strong>spargi</strong></span> <span class='ocrx_word' id='word_1_246' title='bbox 1328 2249 1389 2313; x_wconf 83' lang='grc'><strong>⁸;</strong></span> <span class='ocrx_word' id='word_1_247' title='bbox 1434 2246 1588 2317; x_wconf 81' lang='lat' dir='ltr'><strong>ﬁngit</strong></span> <span class='ocrx_word' id='word_1_248' title='bbox 1617 2253 1796 2301; x_wconf 88' lang='lat' dir='ltr'><strong>autem</strong></span> <span class='ocrx_word' id='word_1_249' title='bbox 1836 2243 2019 2314; x_wconf 73' lang='lat' dir='ltr'><strong>frigori</strong></span> 
     </span>
    </p>
   </div>
   <div class='ocr_carea' id='block_1_37' title="bbox 445 2337 2022 2410">
    <p class='ocr_par' dir='ltr' id='par_1_37' title="bbox 445 2337 2022 2410">
     <span class='ocr_line' id='line_1_37' title="bbox 445 2337 2022 2410; baseline -0.005 -15"><span class='ocrx_word' id='word_1_250' title='bbox 445 2343 678 2406; x_wconf 84' lang='lat' dir='ltr'><strong>vultum,</strong></span> <span class='ocrx_word' id='word_1_251' title='bbox 725 2357 790 2396; x_wconf 93' lang='lat' dir='ltr'><strong>eo</strong></span> <span class='ocrx_word' id='word_1_252' title='bbox 831 2341 971 2410; x_wconf 92' lang='lat' dir='ltr'><strong>quod</strong></span> <span class='ocrx_word' id='word_1_253' title='bbox 1026 2340 1205 2394; x_wconf 80' lang='lat' dir='ltr'><strong>vultus</strong></span> <span class='ocrx_word' id='word_1_254' title='bbox 1261 2341 1366 2393; x_wconf 90' lang='lat' dir='ltr'><strong>iter</strong></span> <span class='ocrx_word' id='word_1_255' title='bbox 1423 2337 1741 2392; x_wconf 78' lang='lat' dir='ltr'><strong>facientium</strong></span> <span class='ocrx_word' id='word_1_256' title='bbox 1798 2345 2022 2392; x_wconf 89' lang='lat' dir='ltr'><strong>contur-</strong></span> 
     </span>
    </p>
   </div>
   <div class='ocr_carea' id='block_1_38' title="bbox 447 2427 2024 2496">
    <p class='ocr_par' dir='ltr' id='par_1_38' title="bbox 447 2427 2024 2496">
     <span class='ocr_line' id='line_1_38' title="bbox 447 2427 2024 2496; baseline -0.006 -9"><span class='ocrx_word' id='word_1_257' title='bbox 447 2434 562 2488; x_wconf 87' lang='lat' dir='ltr'><strong>bat.</strong></span> <span class='ocrx_word' id='word_1_258' title='bbox 602 2431 804 2488; x_wconf 90' lang='lat' dir='ltr'><strong>Omitto</strong></span> <span class='ocrx_word' id='word_1_259' title='bbox 858 2433 1002 2488; x_wconf 91' lang='lat' dir='ltr'><strong>enim</strong></span> <span class='ocrx_word' id='word_1_260' title='bbox 1051 2431 1251 2486; x_wconf 87' lang='lat' dir='ltr'><strong>multas</strong></span> <span class='ocrx_word' id='word_1_261' title='bbox 1284 2430 1418 2485; x_wconf 91' lang='lat' dir='ltr'><strong>alias</strong></span> <span class='ocrx_word' id='word_1_262' title='bbox 1461 2428 1795 2493; x_wconf 87' lang='lat' dir='ltr'><strong>dulcedines,</strong></span> <span class='ocrx_word' id='word_1_263' title='bbox 1831 2427 2024 2496; x_wconf 90' lang='lat' dir='ltr'><strong>quibus</strong></span> 
     </span>
    </p>
   </div>
   <div class='ocr_carea' id='block_1_39' title="bbox 453 2517 2021 2594">
    <p class='ocr_par' dir='ltr' id='par_1_39' title="bbox 453 2517 2021 2594">
     <span class='ocr_line' id='line_1_39' title="bbox 453 2517 2021 2594; baseline -0.004 -15"><span class='ocrx_word' id='word_1_264' title='bbox 453 2539 611 2580; x_wconf 88' lang='lat' dir='ltr'><strong>sacra</strong></span> <span class='ocrx_word' id='word_1_265' title='bbox 641 2525 930 2594; x_wconf 89' lang='lat' dir='ltr'><strong>divinaque</strong></span> <span class='ocrx_word' id='word_1_266' title='bbox 981 2522 1261 2592; x_wconf 90' lang='lat' dir='ltr'><strong>Scriptura</strong></span> <span class='ocrx_word' id='word_1_267' title='bbox 1308 2536 1405 2592; x_wconf 88' lang='lat' dir='ltr'><strong>per</strong></span> <span class='ocrx_word' id='word_1_268' title='bbox 1437 2519 1726 2590; x_wconf 72' lang='lat' dir='ltr'><strong>aenigmata</strong></span> <span class='ocrx_word' id='word_1_269' title='bbox 1760 2517 2021 2588; x_wconf 89' lang='lat' dir='ltr'><strong>loquitur,</strong></span> 
     </span>
    </p>
   </div>
   <div class='ocr_carea' id='block_1_40' title="bbox 453 2611 2027 2676">
    <p class='ocr_par' dir='ltr' id='par_1_40' title="bbox 453 2611 2027 2676">
     <span class='ocr_line' id='line_1_40' title="bbox 453 2611 2027 2676; baseline -0.003 -7"><span class='ocrx_word' id='word_1_270' title='bbox 453 2615 620 2671; x_wconf 89' lang='lat' dir='ltr'><strong>veluti</strong></span> <span class='ocrx_word' id='word_1_271' title='bbox 690 2631 812 2670; x_wconf 90' lang='lat' dir='ltr'><strong>cum</strong></span> <span class='ocrx_word' id='word_1_272' title='bbox 883 2613 1058 2669; x_wconf 90' lang='lat' dir='ltr'><strong>mele</strong></span> <span class='ocrx_word' id='word_1_273' title='bbox 1118 2613 1434 2669; x_wconf 89' lang='lat' dir='ltr'><strong>comedente</strong></span> <span class='ocrx_word' id='word_1_274' title='bbox 1488 2612 1620 2666; x_wconf 88' lang='lat' dir='ltr'><strong>dicit</strong></span> <span class='ocrx_word' id='word_1_275' title='bbox 1667 2611 1817 2666; x_wconf 83' lang='lat' dir='ltr'><strong>exire</strong></span> <span class='ocrx_word' id='word_1_276' title='bbox 1856 2612 1911 2676; x_wconf 84' lang='grc'><strong>⁸,</strong></span> <span class='ocrx_word' id='word_1_277' title='bbox 1971 2618 2027 2665; x_wconf 86' lang='lat' dir='ltr'><strong>et</strong></span> 
     </span>
    </p>
   </div>
   <div class='ocr_carea' id='block_1_41' title="bbox 454 2702 2025 2780">
    <p class='ocr_par' dir='ltr' id='par_1_41' title="bbox 454 2702 2025 2780">
     <span class='ocr_line' id='line_1_41' title="bbox 454 2702 2025 2780; baseline -0.004 -17"><span class='ocrx_word' id='word_1_278' title='bbox 454 2709 724 2780; x_wconf 90' lang='lat' dir='ltr'><strong>quoddam</strong></span> <span class='ocrx_word' id='word_1_279' title='bbox 793 2707 960 2778; x_wconf 84' lang='lat' dir='ltr'><strong>pilum</strong></span> <span class='ocrx_word' id='word_1_280' title='bbox 1013 2705 1332 2761; x_wconf 84' lang='lat' dir='ltr'><strong>bellicosum</strong></span> <span class='ocrx_word' id='word_1_281' title='bbox 1395 2719 1638 2760; x_wconf 85' lang='lat' dir='ltr'><strong>crassum</strong></span> <span class='ocrx_word' id='word_1_282' title='bbox 1700 2717 1822 2758; x_wconf 89' lang='lat' dir='ltr'><strong>esse</strong></span> <span class='ocrx_word' id='word_1_283' title='bbox 1883 2702 2025 2758; x_wconf 89' lang='lat' dir='ltr'><strong>sicut</strong></span> 
     </span>
    </p>
   </div>
   <div class='ocr_carea' id='block_1_42' title="bbox 455 2795 2026 2864">
    <p class='ocr_par' dir='ltr' id='par_1_42' title="bbox 455 2795 2026 2864">
     <span class='ocr_line' id='line_1_42' title="bbox 455 2795 2026 2864; baseline -0.003 -14"><span class='ocrx_word' id='word_1_284' title='bbox 455 2798 756 2853; x_wconf 79' lang='lat' dir='ltr'><strong>texentium</strong></span> <span class='ocrx_word' id='word_1_285' title='bbox 812 2797 1224 2864; x_wconf 89' lang='lat' dir='ltr'><strong>liciatorium&quot;;</strong></span> <span class='ocrx_word' id='word_1_286' title='bbox 1287 2805 1346 2852; x_wconf 86' lang='lat' dir='ltr'><strong>et</strong></span> <span class='ocrx_word' id='word_1_287' title='bbox 1410 2807 1554 2850; x_wconf 76' lang='lat' dir='ltr'><strong>astra</strong></span> <span class='ocrx_word' id='word_1_288' title='bbox 1611 2796 1666 2850; x_wconf 89' lang='lat' dir='ltr'><strong>in</strong></span> <span class='ocrx_word' id='word_1_289' title='bbox 1713 2795 1874 2848; x_wconf 91' lang='lat' dir='ltr'><strong>domo</strong></span> <span class='ocrx_word' id='word_1_290' title='bbox 1911 2807 2026 2847; x_wconf 90' lang='lat' dir='ltr'><strong>am-</strong></span> 
     </span>
    </p>
   </div>
   <div class='ocr_carea' id='block_1_43' title="bbox 450 2882 2023 2956">
    <p class='ocr_par' dir='ltr' id='par_1_43' title="bbox 450 2882 2023 2956">
     <span class='ocr_line' id='line_1_43' title="bbox 450 2882 2023 2956; baseline -0.006 -12"><span class='ocrx_word' id='word_1_291' title='bbox 450 2889 643 2945; x_wconf 88' lang='lat' dir='ltr'><strong>bulare</strong></span> <span class='ocrx_word' id='word_1_292' title='bbox 667 2889 712 2956; x_wconf 85' lang='grc'><strong>⁸,</strong></span> <span class='ocrx_word' id='word_1_293' title='bbox 766 2889 994 2943; x_wconf 79' lang='lat' dir='ltr'><strong>ubitam</strong></span> <span class='ocrx_word' id='word_1_294' title='bbox 1039 2902 1158 2942; x_wconf 86' lang='lat' dir='ltr'><strong>rara</strong></span> <span class='ocrx_word' id='word_1_295' title='bbox 1191 2895 1318 2942; x_wconf 90' lang='lat' dir='ltr'><strong>sunt</strong></span> <span class='ocrx_word' id='word_1_296' title='bbox 1365 2885 1653 2956; x_wconf 78' lang='lat' dir='ltr'><strong>teguminis</strong></span> <span class='ocrx_word' id='word_1_297' title='bbox 1696 2882 2023 2953; x_wconf 89' lang='lat' dir='ltr'><strong>superindu-</strong></span> 
     </span>
    </p>
   </div>
   <div class='ocr_carea' id='block_1_44' title="bbox 458 2973 2026 3050">
    <p class='ocr_par' dir='ltr' id='par_1_44' title="bbox 458 2973 2026 3050">
     <span class='ocr_line' id='line_1_44' title="bbox 458 2973 2026 3050; baseline -0.005 -14"><span class='ocrx_word' id='word_1_298' title='bbox 458 2991 664 3047; x_wconf 89' lang='lat' dir='ltr'><strong>menta,</strong></span> <span class='ocrx_word' id='word_1_299' title='bbox 702 2990 762 3036; x_wconf 93' lang='lat' dir='ltr'><strong>ut</strong></span> <span class='ocrx_word' id='word_1_300' title='bbox 800 2983 948 3036; x_wconf 90' lang='lat' dir='ltr'><strong>intus</strong></span> <span class='ocrx_word' id='word_1_301' title='bbox 977 2979 1393 3050; x_wconf 89' lang='lat' dir='ltr'><strong>inspicientibus</strong></span> <span class='ocrx_word' id='word_1_302' title='bbox 1433 2987 1692 3048; x_wconf 87' lang='lat' dir='ltr'><strong>appareat</strong></span> <span class='ocrx_word' id='word_1_303' title='bbox 1723 2977 1778 3031; x_wconf 92' lang='lat' dir='ltr'><strong>in</strong></span> <span class='ocrx_word' id='word_1_304' title='bbox 1828 2973 2026 3030; x_wconf 88' lang='lat' dir='ltr'><strong>altissi-</strong></span> 
     </span>
    </p>
   </div>
   <div class='ocr_carea' id='block_1_45' title="bbox 452 3055 2026 3139">
    <p class='ocr_par' dir='ltr' id='par_1_45' title="bbox 452 3055 2026 3139">
     <span class='ocr_line' id='line_1_45' title="bbox 452 3055 2026 3139; baseline -0.007 -10"><span class='ocrx_word' id='word_1_305' title='bbox 452 3055 558 3129; x_wconf 88' lang='lat' dir='ltr'><strong>mis</strong></span> <span class='ocrx_word' id='word_1_306' title='bbox 597 3081 870 3128; x_wconf 89' lang='lat' dir='ltr'><strong>astrorum</strong></span> <span class='ocrx_word' id='word_1_307' title='bbox 913 3079 1112 3126; x_wconf 88' lang='lat' dir='ltr'><strong>motus.</strong></span> <span class='ocrx_word' id='word_1_308' title='bbox 1146 3069 1356 3138; x_wconf 80' lang='lat' dir='ltr'><strong>Quibus</strong></span> <span class='ocrx_word' id='word_1_309' title='bbox 1399 3068 1798 3139; x_wconf 85' lang='lat' dir='ltr'><strong>adjungendum</strong></span> <span class='ocrx_word' id='word_1_310' title='bbox 1842 3065 2026 3134; x_wconf 86' lang='lat' dir='ltr'><strong>spinas</strong></span> 
     </span>
    </p>
   </div>
   <div class='ocr_carea' id='block_1_46' title="bbox 452 3158 2024 3227">
    <p class='ocr_par' dir='ltr' id='par_1_46' title="bbox 452 3158 2024 3227">
     <span class='ocr_line' id='line_1_46' title="bbox 452 3158 2024 3227; baseline -0.007 -11"><span class='ocrx_word' id='word_1_311' title='bbox 452 3163 512 3217; x_wconf 88' lang='lat' dir='ltr'><strong>in</strong></span> <span class='ocrx_word' id='word_1_312' title='bbox 547 3161 680 3216; x_wconf 88' lang='lat' dir='ltr'><strong>ebrii</strong></span> <span class='ocrx_word' id='word_1_313' title='bbox 733 3175 895 3214; x_wconf 88' lang='lat' dir='ltr'><strong>manu</strong></span> <span class='ocrx_word' id='word_1_314' title='bbox 942 3161 1253 3224; x_wconf 84' lang='lat' dir='ltr'><strong>crescere’,</strong></span> <span class='ocrx_word' id='word_1_315' title='bbox 1294 3169 1348 3213; x_wconf 87' lang='lat' dir='ltr'><strong>et</strong></span> <span class='ocrx_word' id='word_1_316' title='bbox 1379 3167 1564 3227; x_wconf 85' lang='lat' dir='ltr'><strong>patres</strong></span> <span class='ocrx_word' id='word_1_317' title='bbox 1612 3158 1828 3226; x_wconf 87' lang='lat' dir='ltr'><strong>quidem</strong></span> <span class='ocrx_word' id='word_1_318' title='bbox 1866 3169 2024 3209; x_wconf 86' lang='lat' dir='ltr'><strong>man-</strong></span> 
     </span>
    </p>
   </div>
   <div class='ocr_carea' id='block_1_47' title="bbox 453 3249 2026 3319">
    <p class='ocr_par' dir='ltr' id='par_1_47' title="bbox 453 3249 2026 3319">
     <span class='ocr_line' id='line_1_47' title="bbox 453 3249 2026 3319; baseline -0.003 -13"><span class='ocrx_word' id='word_1_319' title='bbox 453 3253 683 3306; x_wconf 88' lang='lat' dir='ltr'><strong>ducasse</strong></span> <span class='ocrx_word' id='word_1_320' title='bbox 735 3251 990 3318; x_wconf 86' lang='lat' dir='ltr'><strong>earduos,</strong></span> <span class='ocrx_word' id='word_1_321' title='bbox 1054 3250 1182 3306; x_wconf 84' lang='lat' dir='ltr'><strong>(iliis</strong></span> <span class='ocrx_word' id='word_1_322' title='bbox 1225 3261 1406 3312; x_wconf 86' lang='lat' dir='ltr'><strong>autem</strong></span> <span class='ocrx_word' id='word_1_323' title='bbox 1458 3251 1844 3319; x_wconf 87' lang='lat' dir='ltr'><strong>obstupescere</strong></span> <span class='ocrx_word' id='word_1_324' title='bbox 1895 3249 2026 3302; x_wconf 86' lang='lat' dir='ltr'><strong>den-</strong></span> 
     </span>
    </p>
   </div>
   <div class='ocr_carea' id='block_1_48' title="bbox 453 3339 2024 3412">
    <p class='ocr_par' dir='ltr' id='par_1_48' title="bbox 453 3339 2024 3412">
     <span class='ocr_line' id='line_1_48' title="bbox 453 3339 2024 3412; baseline -0.004 -17"><span class='ocrx_word' id='word_1_325' title='bbox 453 3354 536 3396; x_wconf 89' lang='lat' dir='ltr'><strong>tes</strong></span> <span class='ocrx_word' id='word_1_326' title='bbox 587 3341 655 3395; x_wconf 76' lang='lat'><strong>“.</strong></span> <span class='ocrx_word' id='word_1_327' title='bbox 720 3340 825 3398; x_wconf 91' lang='lat' dir='ltr'><strong>Ubi</strong></span> <span class='ocrx_word' id='word_1_328' title='bbox 873 3356 1002 3412; x_wconf 87' lang='lat' dir='ltr'><strong>ergo</strong></span> <span class='ocrx_word' id='word_1_329' title='bbox 1043 3343 1290 3411; x_wconf 67' lang='lat' dir='ltr'><strong>quaedam</strong></span> <span class='ocrx_word' id='word_1_330' title='bbox 1343 3340 1540 3396; x_wconf 89' lang='lat' dir='ltr'><strong>similia</strong></span> <span class='ocrx_word' id='word_1_331' title='bbox 1583 3339 1812 3408; x_wconf 89' lang='lat' dir='ltr'><strong>prodere</strong></span> <span class='ocrx_word' id='word_1_332' title='bbox 1858 3350 2024 3392; x_wconf 85' lang='lat' dir='ltr'><strong>ausus</strong></span> 
     </span>
    </p>
   </div>
   <div class='ocr_carea' id='block_1_49' title="bbox 451 3431 2024 3500">
    <p class='ocr_par' dir='ltr' id='par_1_49' title="bbox 451 3431 2024 3500">
     <span class='ocr_line' id='line_1_49' title="bbox 451 3431 2024 3500; baseline -0.001 -14"><span class='ocrx_word' id='word_1_333' title='bbox 451 3447 572 3486; x_wconf 86' lang='lat' dir='ltr'><strong>sum</strong></span> <span class='ocrx_word' id='word_1_334' title='bbox 606 3433 731 3488; x_wconf 90' lang='lat' dir='ltr'><strong>licet</strong></span> <span class='ocrx_word' id='word_1_335' title='bbox 767 3448 890 3488; x_wconf 87' lang='lat' dir='ltr'><strong>cum</strong></span> <span class='ocrx_word' id='word_1_336' title='bbox 922 3435 1293 3488; x_wconf 85' lang='lat' dir='ltr'><strong>moderamine</strong></span> <span class='ocrx_word' id='word_1_337' title='bbox 1342 3433 1634 3488; x_wconf 90' lang='lat' dir='ltr'><strong>valuissem</strong></span> <span class='ocrx_word' id='word_1_338' title='bbox 1694 3431 1862 3500; x_wconf 91' lang='lat' dir='ltr'><strong>loqui,</strong></span> <span class='ocrx_word' id='word_1_339' title='bbox 1916 3445 2024 3500; x_wconf 91' lang='lat' dir='ltr'><strong>quo</strong></span> 
     </span>
    </p>
   </div>
   <div class='ocr_carea' id='block_1_50' title="bbox 451 3522 2027 3594">
    <p class='ocr_par' dir='ltr' id='par_1_50' title="bbox 451 3522 2027 3594">
     <span class='ocr_line' id='line_1_50' title="bbox 451 3522 2027 3594; baseline -0.001 -16"><span class='ocrx_word' id='word_1_340' title='bbox 451 3524 813 3594; x_wconf 85' lang='lat' dir='ltr'><strong>metropolitae</strong></span> <span class='ocrx_word' id='word_1_341' title='bbox 839 3524 1114 3579; x_wconf 88' lang='lat' dir='ltr'><strong>urbanitas</strong></span> <span class='ocrx_word' id='word_1_342' title='bbox 1135 3524 1380 3592; x_wconf 85' lang='lat' dir='ltr'><strong>deceptis</strong></span> <span class='ocrx_word' id='word_1_343' title='bbox 1412 3523 1633 3577; x_wconf 88' lang='lat' dir='ltr'><strong>auribus</strong></span> <span class='ocrx_word' id='word_1_344' title='bbox 1667 3522 1877 3576; x_wconf 88' lang='lat' dir='ltr'><strong>videtur</strong></span> <span class='ocrx_word' id='word_1_345' title='bbox 1907 3536 2027 3576; x_wconf 81' lang='lat' dir='ltr'><strong>esse</strong></span> 
     </span>
    </p>
   </div>
   <div class='ocr_carea' id='block_1_51' title="bbox 461 3613 2025 3684">
    <p class='ocr_par' dir='ltr' id='par_1_51' title="bbox 461 3613 2025 3684">
     <span class='ocr_line' id='line_1_51' title="bbox 461 3613 2025 3684; baseline 0 -17"><span class='ocrx_word' id='word_1_346' title='bbox 461 3613 666 3668; x_wconf 84' lang='lat' dir='ltr'><strong>locutio</strong></span> <span class='ocrx_word' id='word_1_347' title='bbox 725 3614 972 3684; x_wconf 60' lang='lat' dir='ltr'><strong>quadam</strong></span> <span class='ocrx_word' id='word_1_348' title='bbox 1031 3629 1138 3668; x_wconf 89' lang='lat' dir='ltr'><strong>non</strong></span> <span class='ocrx_word' id='word_1_349' title='bbox 1195 3613 1590 3684; x_wconf 82' lang='lat' dir='ltr'><strong>ditliyrambica</strong></span> <span class='ocrx_word' id='word_1_350' title='bbox 1659 3615 2025 3680; x_wconf 88' lang='lat' dir='ltr'><strong>damnosaque</strong></span> 
     </span>
    </p>
   </div>
   <div class='ocr_carea' id='block_1_52' title="bbox 455 3703 2024 3778">
    <p class='ocr_par' dir='ltr' id='par_1_52' title="bbox 455 3703 2024 3778">
     <span class='ocr_line' id='line_1_52' title="bbox 455 3703 2024 3778; baseline -0.001 -20"><span class='ocrx_word' id='word_1_351' title='bbox 455 3703 697 3776; x_wconf 90' lang='lat' dir='ltr'><strong>(utinam</strong></span> <span class='ocrx_word' id='word_1_352' title='bbox 741 3705 886 3760; x_wconf 90' lang='lat' dir='ltr'><strong>enim</strong></span> <span class='ocrx_word' id='word_1_353' title='bbox 923 3711 1025 3761; x_wconf 88' lang='lat' dir='ltr'><strong>hoc</strong></span> <span class='ocrx_word' id='word_1_354' title='bbox 1073 3704 1324 3778; x_wconf 85' lang='lat' dir='ltr'><strong>essetl),</strong></span> <span class='ocrx_word' id='word_1_355' title='bbox 1379 3706 1473 3760; x_wconf 88' lang='lat' dir='ltr'><strong>sed</strong></span> <span class='ocrx_word' id='word_1_356' title='bbox 1532 3705 1656 3759; x_wconf 88' lang='lat' dir='ltr'><strong>vino</strong></span> <span class='ocrx_word' id='word_1_357' title='bbox 1698 3705 1913 3778; x_wconf 81' lang='lat' dir='ltr'><strong>gravis,</strong></span> <span class='ocrx_word' id='word_1_358' title='bbox 1965 3712 2024 3757; x_wconf 90' lang='lat' dir='ltr'><strong>ut</strong></span> 
     </span>
    </p>
   </div>
   <div class='ocr_carea' id='block_1_53' title="bbox 455 3796 1276 3854">
    <p class='ocr_par' dir='ltr' id='par_1_53' title="bbox 455 3796 1276 3854">
     <span class='ocr_line' id='line_1_53' title="bbox 455 3796 1276 3854; baseline 0.006 -5"><span class='ocrx_word' id='word_1_359' title='bbox 455 3796 602 3852; x_wconf 88' lang='lat' dir='ltr'><strong>inter</strong></span> <span class='ocrx_word' id='word_1_360' title='bbox 631 3797 983 3854; x_wconf 86' lang='lat' dir='ltr'><strong>bacchanalia</strong></span> <span class='ocrx_word' id='word_1_361' title='bbox 1009 3799 1276 3854; x_wconf 84' lang='lat' dir='ltr'><strong>carmina.</strong></span> 
     </span>
    </p>
   </div>
   <div class='ocr_carea' id='block_1_54' title="bbox 528 3973 2029 4042">
    <p class='ocr_par' dir='ltr' id='par_1_54' title="bbox 528 3973 2029 4042">
     <span class='ocr_line' id='line_1_54' title="bbox 528 3973 2029 4042; baseline 0 -12"><span class='ocrx_word' id='word_1_362' title='bbox 528 3973 620 4030; x_wconf 78' lang='lat'><strong>36.</strong></span> <span class='ocrx_word' id='word_1_363' title='bbox 665 3973 942 4030; x_wconf 79' lang='lat' dir='ltr'><strong>Confiteor</strong></span> <span class='ocrx_word' id='word_1_364' title='bbox 970 3973 1142 4038; x_wconf 87' lang='lat' dir='ltr'><strong>vobis,</strong></span> <span class='ocrx_word' id='word_1_365' title='bbox 1177 3973 1396 4039; x_wconf 82' lang='lat' dir='ltr'><strong>fratres,</strong></span> <span class='ocrx_word' id='word_1_366' title='bbox 1429 3975 1568 4042; x_wconf 91' lang='lat' dir='ltr'><strong>quod</strong></span> <span class='ocrx_word' id='word_1_367' title='bbox 1614 3974 1694 4028; x_wconf 90' lang='lat' dir='ltr'><strong>sic</strong></span> <span class='ocrx_word' id='word_1_368' title='bbox 1733 3989 1880 4029; x_wconf 89' lang='lat' dir='ltr'><strong>meos</strong></span> <span class='ocrx_word' id='word_1_369' title='bbox 1910 3991 2029 4030; x_wconf 85' lang='lat' dir='ltr'><strong>ser-</strong></span> 
     </span>
    </p>
   </div>
   <div class='ocr_carea' id='block_1_55' title="bbox 459 4065 2032 4137">
    <p class='ocr_par' dir='ltr' id='par_1_55' title="bbox 459 4065 2032 4137">
     <span class='ocr_line' id='line_1_55' title="bbox 459 4065 2032 4137; baseline -0.001 -17"><span class='ocrx_word' id='word_1_370' title='bbox 459 4080 654 4122; x_wconf 89' lang='lat' dir='ltr'><strong>mones</strong></span> <span class='ocrx_word' id='word_1_371' title='bbox 683 4066 1012 4121; x_wconf 90' lang='lat' dir='ltr'><strong>concinnare</strong></span> <span class='ocrx_word' id='word_1_372' title='bbox 1046 4065 1189 4131; x_wconf 89' lang='lat' dir='ltr'><strong>volo,</strong></span> <span class='ocrx_word' id='word_1_373' title='bbox 1230 4067 1361 4121; x_wconf 84' lang='lat' dir='ltr'><strong>viris</strong></span> <span class='ocrx_word' id='word_1_374' title='bbox 1392 4067 1726 4137; x_wconf 80' lang='lat' dir='ltr'><strong>negligenter</strong></span> <span class='ocrx_word' id='word_1_375' title='bbox 1761 4067 2032 4121; x_wconf 87' lang='lat' dir='ltr'><strong>audienti-</strong></span> 
     </span>
    </p>
   </div>
   <div class='ocr_carea' id='block_1_56' title="bbox 458 4155 2026 4226">
    <p class='ocr_par' dir='ltr' id='par_1_56' title="bbox 458 4155 2026 4226">
     <span class='ocr_line' id='line_1_56' title="bbox 458 4155 2026 4226; baseline 0 -16"><span class='ocrx_word' id='word_1_376' title='bbox 458 4156 582 4219; x_wconf 88' lang='lat' dir='ltr'><strong>bus,</strong></span> <span class='ocrx_word' id='word_1_377' title='bbox 613 4164 671 4209; x_wconf 92' lang='lat' dir='ltr'><strong>ut</strong></span> <span class='ocrx_word' id='word_1_378' title='bbox 698 4156 913 4210; x_wconf 88' lang='lat' dir='ltr'><strong>etiamsi</strong></span> <span class='ocrx_word' id='word_1_379' title='bbox 947 4168 1128 4208; x_wconf 91' lang='lat' dir='ltr'><strong>coram</strong></span> <span class='ocrx_word' id='word_1_380' title='bbox 1157 4155 1342 4209; x_wconf 87' lang='lat' dir='ltr'><strong>divino</strong></span> <span class='ocrx_word' id='word_1_381' title='bbox 1380 4170 1505 4224; x_wconf 86' lang='lat' dir='ltr'><strong>rege</strong></span> <span class='ocrx_word' id='word_1_382' title='bbox 1539 4156 1669 4210; x_wconf 89' lang='lat' dir='ltr'><strong>mihi</strong></span> <span class='ocrx_word' id='word_1_383' title='bbox 1701 4157 2026 4226; x_wconf 89' lang='lat' dir='ltr'><strong>loquendum</strong></span> 
     </span>
    </p>
   </div>
   <div class='ocr_carea' id='block_1_57' title="bbox 459 4246 2026 4317">
    <p class='ocr_par' dir='ltr' id='par_1_57' title="bbox 459 4246 2026 4317">
     <span class='ocr_line' id='line_1_57' title="bbox 459 4246 2026 4317; baseline 0 -15"><span class='ocrx_word' id='word_1_384' title='bbox 459 4257 639 4314; x_wconf 87' lang='lat' dir='ltr'><strong>esset,</strong></span> <span class='ocrx_word' id='word_1_385' title='bbox 688 4259 794 4300; x_wconf 88' lang='lat' dir='ltr'><strong>non</strong></span> <span class='ocrx_word' id='word_1_386' title='bbox 837 4254 982 4301; x_wconf 86' lang='lat' dir='ltr'><strong>esset</strong></span> <span class='ocrx_word' id='word_1_387' title='bbox 1008 4246 1140 4300; x_wconf 91' lang='lat' dir='ltr'><strong>mihi</strong></span> <span class='ocrx_word' id='word_1_388' title='bbox 1170 4260 1304 4316; x_wconf 91' lang='lat' dir='ltr'><strong>opus</strong></span> <span class='ocrx_word' id='word_1_389' title='bbox 1346 4261 1654 4317; x_wconf 63' lang='lat' dir='ltr'><strong>praecavere</strong></span> <span class='ocrx_word' id='word_1_390' title='bbox 1691 4263 1757 4302; x_wconf 84' lang='lat' dir='ltr'><strong>ne</strong></span> <span class='ocrx_word' id='word_1_391' title='bbox 1809 4247 2026 4303; x_wconf 83' lang='lat' dir='ltr'><strong>fortuita</strong></span> 
     </span>
    </p>
   </div>
   <div class='ocr_carea' id='block_1_58' title="bbox 459 4337 2033 4409">
    <p class='ocr_par' dir='ltr' id='par_1_58' title="bbox 459 4337 2033 4409">
     <span class='ocr_line' id='line_1_58' title="bbox 459 4337 2033 4409; baseline 0.001 -17"><span class='ocrx_word' id='word_1_392' title='bbox 459 4338 737 4408; x_wconf 87' lang='lat' dir='ltr'><strong>loquerer.</strong></span> <span class='ocrx_word' id='word_1_393' title='bbox 774 4337 838 4392; x_wconf 86' lang='lat' dir='ltr'><strong>Et</strong></span> <span class='ocrx_word' id='word_1_394' title='bbox 857 4351 984 4392; x_wconf 86' lang='lat' dir='ltr'><strong>vero</strong></span> <span class='ocrx_word' id='word_1_395' title='bbox 1011 4337 1126 4392; x_wconf 90' lang='lat' dir='ltr'><strong>scio</strong></span> <span class='ocrx_word' id='word_1_396' title='bbox 1147 4337 1249 4393; x_wconf 91' lang='lat' dir='ltr'><strong>sub</strong></span> <span class='ocrx_word' id='word_1_397' title='bbox 1277 4338 1502 4408; x_wconf 85' lang='lat' dir='ltr'><strong>antiquo</strong></span> <span class='ocrx_word' id='word_1_398' title='bbox 1531 4352 1738 4392; x_wconf 90' lang='lat' dir='ltr'><strong>necnon</strong></span> <span class='ocrx_word' id='word_1_399' title='bbox 1766 4341 1866 4394; x_wconf 87' lang='lat' dir='ltr'><strong>sub</strong></span> <span class='ocrx_word' id='word_1_400' title='bbox 1895 4354 2033 4409; x_wconf 63' lang='lat' dir='ltr'><strong>prat-</strong></span> 
     </span>
    </p>
   </div>
   <div class='ocr_carea' id='block_1_59' title="bbox 459 4430 2032 4501">
    <p class='ocr_par' dir='ltr' id='par_1_59' title="bbox 459 4430 2032 4501">
     <span class='ocr_line' id='line_1_59' title="bbox 459 4430 2032 4501; baseline -0.001 -15"><span class='ocrx_word' id='word_1_401' title='bbox 459 4433 602 4490; x_wconf 85' lang='lat' dir='ltr'><strong>senti</strong></span> <span class='ocrx_word' id='word_1_402' title='bbox 634 4443 791 4485; x_wconf 88' lang='lat' dir='ltr'><strong>sacro</strong></span> <span class='ocrx_word' id='word_1_403' title='bbox 834 4444 999 4501; x_wconf 88' lang='lat' dir='ltr'><strong>regno</strong></span> <span class='ocrx_word' id='word_1_404' title='bbox 1045 4444 1133 4484; x_wconf 88' lang='lat' dir='ltr'><strong>me</strong></span> <span class='ocrx_word' id='word_1_405' title='bbox 1179 4430 1259 4485; x_wconf 90' lang='lat' dir='ltr'><strong>sic</strong></span> <span class='ocrx_word' id='word_1_406' title='bbox 1292 4430 1345 4484; x_wconf 91' lang='lat' dir='ltr'><strong>in</strong></span> <span class='ocrx_word' id='word_1_407' title='bbox 1384 4430 1534 4500; x_wconf 85' lang='lat' dir='ltr'><strong>gravi</strong></span> <span class='ocrx_word' id='word_1_408' title='bbox 1566 4441 1708 4486; x_wconf 68' lang='lat' dir='ltr'><strong>coetu</strong></span> <span class='ocrx_word' id='word_1_409' title='bbox 1742 4430 1909 4485; x_wconf 81' lang='lat' dir='ltr'><strong>fuisse</strong></span> <span class='ocrx_word' id='word_1_410' title='bbox 1953 4431 2032 4484; x_wconf 89' lang='lat' dir='ltr'><strong>lo-</strong></span> 
     </span>
    </p>
   </div>
   <div class='ocr_carea' id='block_1_60' title="bbox 2051 3215 2098 3277">
    <p class='ocr_par' dir='ltr' id='par_1_60' title="bbox 2051 3215 2098 3277">
     <span class='ocr_line' id='line_1_60' title="bbox 2051 3215 2098 3277; baseline 0 0"><span class='ocrx_word' id='word_1_411' title='bbox 2051 3215 2098 3277; x_wconf 87' lang='lat' dir='ltr'><strong><em>C</em></strong></span> 
     </span>
    </p>
   </div>
   <div class='ocr_carea' id='block_1_61' title="bbox 2125 1961 3701 2041">
    <p class='ocr_par' dir='ltr' id='par_1_61' title="bbox 2125 1961 3701 2041">
     <span class='ocr_line' id='line_1_61' title="bbox 2125 1961 3701 2041; baseline -0.006 -19"><span class='ocrx_word' id='word_1_412' title='bbox 2125 1972 2310 2041; x_wconf 75' lang='grc' dir='ltr'><strong>ῥήτωρ</strong></span> <span class='ocrx_word' id='word_1_413' title='bbox 2365 1966 2551 2031; x_wconf 82' lang='grc' dir='ltr'><strong>Δαυῒδ,</strong></span> <span class='ocrx_word' id='word_1_414' title='bbox 2627 1967 2842 2036; x_wconf 74' lang='grc' dir='ltr'><strong>ψωμοῖς</strong></span> <span class='ocrx_word' id='word_1_415' title='bbox 2904 1965 3151 2026; x_wconf 74' lang='grc' dir='ltr'><strong>ἐοικότας</strong></span> <span class='ocrx_word' id='word_1_416' title='bbox 3209 1962 3507 2032; x_wconf 87' lang='grc' dir='ltr'><strong>βάλλεσθαι</strong></span> <span class='ocrx_word' id='word_1_417' title='bbox 3572 1961 3701 2023; x_wconf 78' lang='grc' dir='ltr'><strong>τοὺς</strong></span> 
     </span>
    </p>
   </div>
   <div class='ocr_carea' id='block_1_62' title="bbox 2125 2055 3704 2133">
    <p class='ocr_par' dir='ltr' id='par_1_62' title="bbox 2125 2055 3704 2133">
     <span class='ocr_line' id='line_1_62' title="bbox 2125 2055 3704 2133; baseline -0.007 -17"><span class='ocrx_word' id='word_1_418' title='bbox 2125 2062 2493 2133; x_wconf 82' lang='grc' dir='ltr'><strong>κρυστάλλους</strong></span> <span class='ocrx_word' id='word_1_419' title='bbox 2537 2059 2756 2131; x_wconf 74' lang='grc' dir='ltr'><strong>ψάλλων</strong></span> <span class='ocrx_word' id='word_1_420' title='bbox 2800 2059 3028 2123; x_wconf 85' lang='grc' dir='ltr'><strong>ἐκεῖνος,</strong></span> <span class='ocrx_word' id='word_1_421' title='bbox 3083 2058 3177 2110; x_wconf 75' lang='grc' dir='ltr'><strong>καὶ</strong></span> <span class='ocrx_word' id='word_1_422' title='bbox 3229 2055 3324 2126; x_wconf 81' lang='grc' dir='ltr'><strong>τὴν</strong></span> <span class='ocrx_word' id='word_1_423' title='bbox 3372 2057 3528 2125; x_wconf 77' lang='grc' dir='ltr'>χιόνα</span> <span class='ocrx_word' id='word_1_424' title='bbox 3586 2055 3704 2106; x_wconf 90' lang='grc' dir='ltr'><strong>δια-</strong></span> 
     </span>
    </p>
   </div>
   <div class='ocr_carea' id='block_1_63' title="bbox 2126 2144 3706 2217">
    <p class='ocr_par' dir='ltr' id='par_1_63' title="bbox 2126 2144 3706 2217">
     <span class='ocr_line' id='line_1_63' title="bbox 2126 2144 3706 2217; baseline -0.006 -12"><span class='ocrx_word' id='word_1_425' title='bbox 2126 2150 2441 2206; x_wconf 79' lang='grc' dir='ltr'><strong>πεπτάσθαι</strong></span> <span class='ocrx_word' id='word_1_426' title='bbox 2462 2149 2596 2202; x_wconf 76' lang='grc' dir='ltr'><strong>ὡσεὶ</strong></span> <span class='ocrx_word' id='word_1_427' title='bbox 2617 2151 2713 2203; x_wconf 67' lang='grc' dir='ltr'><strong>καὶ</strong></span> <span class='ocrx_word' id='word_1_428' title='bbox 2738 2147 2908 2217; x_wconf 81' lang='grc' dir='ltr'><strong>ἔριον,</strong></span> <span class='ocrx_word' id='word_1_429' title='bbox 2935 2149 3034 2217; x_wconf 87' lang='grc' dir='ltr'><strong>τὴν</strong></span> <span class='ocrx_word' id='word_1_430' title='bbox 3055 2146 3111 2200; x_wconf 82' lang='grc' dir='ltr'><strong>δέ</strong></span> <span class='ocrx_word' id='word_1_431' title='bbox 3137 2145 3369 2215; x_wconf 79' lang='grc' dir='ltr'><strong>ὁμίχλην</strong></span> <span class='ocrx_word' id='word_1_432' title='bbox 3403 2144 3537 2197; x_wconf 76' lang='grc' dir='ltr'><strong>ὡσεὶ</strong></span> <span class='ocrx_word' id='word_1_433' title='bbox 3569 2160 3706 2196; x_wconf 65' lang='grc' dir='ltr'><strong>σπι-</strong></span> 
     </span>
    </p>
   </div>
   <div class='ocr_carea' id='block_1_64' title="bbox 2124 2236 3704 2306">
    <p class='ocr_par' dir='ltr' id='par_1_64' title="bbox 2124 2236 3704 2306">
     <span class='ocr_line' id='line_1_64' title="bbox 2124 2236 3704 2306; baseline -0.006 -8"><span class='ocrx_word' id='word_1_434' title='bbox 2124 2243 2214 2298; x_wconf 73' lang='grc' dir='ltr'><strong>δὸν</strong></span> <span class='ocrx_word' id='word_1_435' title='bbox 2289 2241 2635 2298; x_wconf 79' lang='grc' dir='ltr'><strong>πάσσεσθαι·</strong></span> <span class='ocrx_word' id='word_1_436' title='bbox 2707 2241 3036 2304; x_wconf 83' lang='grc' dir='ltr'><strong>πλάττοντος</strong></span> <span class='ocrx_word' id='word_1_437' title='bbox 3111 2240 3170 2293; x_wconf 86' lang='grc' dir='ltr'><strong>δέ</strong></span> <span class='ocrx_word' id='word_1_438' title='bbox 3241 2239 3336 2292; x_wconf 72' lang='lat' dir='ltr'><strong>ml.</strong></span> <span class='ocrx_word' id='word_1_439' title='bbox 3389 2237 3467 2306; x_wconf 77' lang='grc' dir='ltr'><strong>τῷ</strong></span> <span class='ocrx_word' id='word_1_440' title='bbox 3537 2236 3704 2305; x_wconf 73' lang='grc' dir='ltr'><strong>ψύχει</strong></span> 
     </span>
    </p>
   </div>
   <div class='ocr_carea' id='block_1_65' title="bbox 2126 2332 3708 2409">
    <p class='ocr_par' dir='ltr' id='par_1_65' title="bbox 2126 2332 3708 2409">
     <span class='ocr_line' id='line_1_65' title="bbox 2126 2332 3708 2409; baseline -0.005 -17"><span class='ocrx_word' id='word_1_441' title='bbox 2126 2339 2440 2409; x_wconf 85' lang='grc' dir='ltr'><strong>πρόσωπον,</strong></span> <span class='ocrx_word' id='word_1_442' title='bbox 2468 2332 2549 2400; x_wconf 79' lang='grc' dir='ltr'><strong>οἷς</strong></span> <span class='ocrx_word' id='word_1_443' title='bbox 2584 2335 2909 2407; x_wconf 73' lang='grc' dir='ltr'><strong>παρενοχλεῖ</strong></span> <span class='ocrx_word' id='word_1_444' title='bbox 2943 2337 3054 2397; x_wconf 83' lang='grc' dir='ltr'><strong>τοῖς</strong></span> <span class='ocrx_word' id='word_1_445' title='bbox 3078 2335 3185 2388; x_wconf 85' lang='grc' dir='ltr'><strong>τῶν</strong></span> <span class='ocrx_word' id='word_1_446' title='bbox 3216 2335 3506 2388; x_wconf 78' lang='grc' dir='ltr'><strong>ὁδευόντων</strong></span> <span class='ocrx_word' id='word_1_447' title='bbox 3529 2349 3708 2403; x_wconf 83' lang='grc' dir='ltr'><strong>προσο</strong></span> 
     </span>
    </p>
   </div>
   <div class='ocr_carea' id='block_1_66' title="bbox 2125 2424 3709 2499">
    <p class='ocr_par' dir='ltr' id='par_1_66' title="bbox 2125 2424 3709 2499">
     <span class='ocr_line' id='line_1_66' title="bbox 2125 2424 3709 2499; baseline -0.003 -17"><span class='ocrx_word' id='word_1_448' title='bbox 2125 2428 2316 2492; x_wconf 89' lang='grc' dir='ltr'><strong>ὠποις.</strong></span> <span class='ocrx_word' id='word_1_449' title='bbox 2353 2430 2458 2482; x_wconf 82' lang='grc' dir='ltr'><strong>Ἐῶ</strong></span> <span class='ocrx_word' id='word_1_450' title='bbox 2509 2430 2616 2498; x_wconf 81' lang='grc' dir='ltr'><strong>γὰρ</strong></span> <span class='ocrx_word' id='word_1_451' title='bbox 2651 2427 2786 2499; x_wconf 85' lang='grc' dir='ltr'><strong>πρός</strong></span> <span class='ocrx_word' id='word_1_452' title='bbox 2832 2443 2894 2494; x_wconf 89' lang='grc' dir='ltr'><strong>γε</strong></span> <span class='ocrx_word' id='word_1_453' title='bbox 2934 2427 2996 2478; x_wconf 84' lang='grc' dir='ltr'><strong>τὸ</strong></span> <span class='ocrx_word' id='word_1_454' title='bbox 3027 2427 3200 2495; x_wconf 66' lang='grc' dir='ltr'><strong>παρὶν</strong></span> <span class='ocrx_word' id='word_1_455' title='bbox 3226 2426 3322 2488; x_wconf 79' lang='grc' dir='ltr'><strong>τὰς</strong></span> <span class='ocrx_word' id='word_1_456' title='bbox 3349 2425 3543 2488; x_wconf 84' lang='grc' dir='ltr'><strong>λοιπὰς</strong></span> <span class='ocrx_word' id='word_1_457' title='bbox 3571 2424 3709 2492; x_wconf 76' lang='grc' dir='ltr'><strong>γλυο</strong></span> 
     </span>
    </p>
   </div>
   <div class='ocr_carea' id='block_1_67' title="bbox 2129 2519 3708 2595">
    <p class='ocr_par' dir='ltr' id='par_1_67' title="bbox 2129 2519 3708 2595">
     <span class='ocr_line' id='line_1_67' title="bbox 2129 2519 3708 2595; baseline -0.001 -19"><span class='ocrx_word' id='word_1_458' title='bbox 2129 2522 2392 2595; x_wconf 86' lang='grc' dir='ltr'><strong>κύτητας,</strong></span> <span class='ocrx_word' id='word_1_459' title='bbox 2423 2525 2479 2576; x_wconf 81' lang='grc' dir='ltr'><strong>ἐν</strong></span> <span class='ocrx_word' id='word_1_460' title='bbox 2505 2519 2593 2584; x_wconf 75' lang='grc' dir='ltr'><strong>αἷς</strong></span> <span class='ocrx_word' id='word_1_461' title='bbox 2631 2524 2664 2591; x_wconf 83' lang='grc' dir='ltr'><strong>ὴ</strong></span> <span class='ocrx_word' id='word_1_462' title='bbox 2701 2521 2819 2591; x_wconf 80' lang='grc' dir='ltr'><strong>ἱερὰ</strong></span> <span class='ocrx_word' id='word_1_463' title='bbox 2846 2527 2937 2574; x_wconf 83' lang='grc' dir='ltr'>καί</span> <span class='ocrx_word' id='word_1_464' title='bbox 2965 2521 3084 2574; x_wconf 83' lang='grc' dir='ltr'><strong>θεία</strong></span> <span class='ocrx_word' id='word_1_465' title='bbox 3113 2522 3304 2592; x_wconf 85' lang='grc' dir='ltr'><strong>Γραφὴ</strong></span> <span class='ocrx_word' id='word_1_466' title='bbox 3344 2522 3437 2574; x_wconf 75' lang='grc' dir='ltr'><strong>καὶ</strong></span> <span class='ocrx_word' id='word_1_467' title='bbox 3459 2521 3708 2574; x_wconf 65' lang='lat' dir='ltr'><strong>civicae.-</strong></span> 
     </span>
    </p>
   </div>
   <div class='ocr_carea' id='block_1_68' title="bbox 2124 2611 3710 2684">
    <p class='ocr_par' dir='ltr' id='par_1_68' title="bbox 2124 2611 3710 2684">
     <span class='ocr_line' id='line_1_68' title="bbox 2124 2611 3710 2684; baseline -0.001 -18"><span class='ocrx_word' id='word_1_468' title='bbox 2124 2631 2241 2680; x_wconf 84' lang='grc' dir='ltr'><strong>ται,</strong></span> <span class='ocrx_word' id='word_1_469' title='bbox 2289 2615 2362 2678; x_wconf 88' lang='grc' dir='ltr'><strong>ὼς</strong></span> <span class='ocrx_word' id='word_1_470' title='bbox 2408 2617 2502 2666; x_wconf 70' lang='grc' dir='ltr'><strong>καὶ</strong></span> <span class='ocrx_word' id='word_1_471' title='bbox 2546 2615 2634 2666; x_wconf 81' lang='grc' dir='ltr'><strong>ὅτε</strong></span> <span class='ocrx_word' id='word_1_472' title='bbox 2687 2614 2809 2684; x_wconf 83' lang='grc' dir='ltr'>μέλι</span> <span class='ocrx_word' id='word_1_473' title='bbox 2842 2613 2902 2676; x_wconf 81' lang='grc' dir='ltr'><strong>ἐξ</strong></span> <span class='ocrx_word' id='word_1_474' title='bbox 2944 2614 3190 2676; x_wconf 86' lang='grc' dir='ltr'><strong>ἐσθοντος</strong></span> <span class='ocrx_word' id='word_1_475' title='bbox 3239 2616 3404 2684; x_wconf 70' lang='grc' dir='ltr'>φησιν</span> <span class='ocrx_word' id='word_1_476' title='bbox 3445 2611 3710 2679; x_wconf 73' lang='grc' dir='ltr'><strong>ἐξελθεῖν,</strong></span> 
     </span>
    </p>
   </div>
   <div class='ocr_carea' id='block_1_69' title="bbox 2129 2700 3711 2777">
    <p class='ocr_par' dir='ltr' id='par_1_69' title="bbox 2129 2700 3711 2777">
     <span class='ocr_line' id='line_1_69' title="bbox 2129 2700 3711 2777; baseline -0.001 -17"><span class='ocrx_word' id='word_1_477' title='bbox 2129 2707 2224 2760; x_wconf 80' lang='grc' dir='ltr'><strong>καί</strong></span> <span class='ocrx_word' id='word_1_478' title='bbox 2296 2724 2350 2760; x_wconf 87' lang='grc' dir='ltr'><strong>τι</strong></span> <span class='ocrx_word' id='word_1_479' title='bbox 2409 2707 2536 2777; x_wconf 87' lang='grc' dir='ltr'><strong>δόρυ</strong></span> <span class='ocrx_word' id='word_1_480' title='bbox 2605 2707 2966 2776; x_wconf 81' lang='grc' dir='ltr'><strong>στρατηγικὸν</strong></span> <span class='ocrx_word' id='word_1_481' title='bbox 3027 2709 3173 2775; x_wconf 81' lang='grc' dir='ltr'><strong>παχὺ</strong></span> <span class='ocrx_word' id='word_1_482' title='bbox 3233 2700 3372 2758; x_wconf 74' lang='grc' dir='ltr'><strong>εἶναι</strong></span> <span class='ocrx_word' id='word_1_483' title='bbox 3423 2706 3556 2758; x_wconf 78' lang='grc' dir='ltr'><strong>ὡσεὶ</strong></span> <span class='ocrx_word' id='word_1_484' title='bbox 3605 2707 3711 2758; x_wconf 77' lang='grc' dir='ltr'><strong>καὶ</strong></span> 
     </span>
    </p>
   </div>
   <div class='ocr_carea' id='block_1_70' title="bbox 2129 2797 3711 2870">
    <p class='ocr_par' dir='ltr' id='par_1_70' title="bbox 2129 2797 3711 2870">
     <span class='ocr_line' id='line_1_70' title="bbox 2129 2797 3711 2870; baseline 0 -18"><span class='ocrx_word' id='word_1_485' title='bbox 2129 2798 2312 2852; x_wconf 77' lang='grc' dir='ltr'><strong>ἀντίον</strong></span> <span class='ocrx_word' id='word_1_486' title='bbox 2364 2797 2727 2866; x_wconf 69' lang='grc' dir='ltr'><strong>ὑφαινόντωνο</strong></span> <span class='ocrx_word' id='word_1_487' title='bbox 2781 2800 2874 2851; x_wconf 74' lang='grc' dir='ltr'><strong>καὶ</strong></span> <span class='ocrx_word' id='word_1_488' title='bbox 2929 2798 3106 2867; x_wconf 81' lang='grc' dir='ltr'><strong>ἄστρα</strong></span> <span class='ocrx_word' id='word_1_489' title='bbox 3158 2797 3215 2851; x_wconf 83' lang='grc' dir='ltr'><strong>δὲ</strong></span> <span class='ocrx_word' id='word_1_490' title='bbox 3271 2800 3419 2870; x_wconf 76' lang='grc' dir='ltr'>οἰκίᾳ</span> <span class='ocrx_word' id='word_1_491' title='bbox 3466 2801 3711 2870; x_wconf 86' lang='grc' dir='ltr'><strong>ἐμπερι-</strong></span> 
     </span>
    </p>
   </div>
   <div class='ocr_carea' id='block_1_71' title="bbox 2129 2889 3712 2962">
    <p class='ocr_par' dir='ltr' id='par_1_71' title="bbox 2129 2889 3712 2962">
     <span class='ocr_line' id='line_1_71' title="bbox 2129 2889 3712 2962; baseline 0.001 -18"><span class='ocrx_word' id='word_1_492' title='bbox 2129 2893 2344 2955; x_wconf 84' lang='grc' dir='ltr'><strong>πατεῖν,</strong></span> <span class='ocrx_word' id='word_1_493' title='bbox 2394 2889 2520 2942; x_wconf 79' lang='grc' dir='ltr'><strong>ἔνθα</strong></span> <span class='ocrx_word' id='word_1_494' title='bbox 2551 2891 2606 2953; x_wconf 87' lang='grc' dir='ltr'><strong>ἐς</strong></span> <span class='ocrx_word' id='word_1_495' title='bbox 2637 2889 2892 2942; x_wconf 84' lang='grc' dir='ltr'><strong>τοσοῦτον</strong></span> <span class='ocrx_word' id='word_1_496' title='bbox 2919 2891 3088 2960; x_wconf 81' lang='grc' dir='ltr'><strong>ἀραιά</strong></span> <span class='ocrx_word' id='word_1_497' title='bbox 3120 2893 3152 2960; x_wconf 79' lang='grc' dir='ltr'>ἡ</span> <span class='ocrx_word' id='word_1_498' title='bbox 3192 2891 3288 2944; x_wconf 77' lang='grc' dir='ltr'><strong>τοῦ</strong></span> <span class='ocrx_word' id='word_1_499' title='bbox 3324 2894 3712 2962; x_wconf 83' lang='grc' dir='ltr'><strong>στεγάσματος</strong></span> 
     </span>
    </p>
   </div>
   <div class='ocr_carea' id='block_1_72' title="bbox 2127 2981 3710 3054">
    <p class='ocr_par' dir='ltr' id='par_1_72' title="bbox 2127 2981 3710 3054">
     <span class='ocr_line' id='line_1_72' title="bbox 2127 2981 3710 3054; baseline 0.003 -20"><span class='ocrx_word' id='word_1_500' title='bbox 2127 2982 2500 3047; x_wconf 80' lang='grc' dir='ltr'><strong>ἐπισύνθεσις,</strong></span> <span class='ocrx_word' id='word_1_501' title='bbox 2549 2983 2626 3044; x_wconf 81' lang='grc' dir='ltr'><strong>ὼς</strong></span> <span class='ocrx_word' id='word_1_502' title='bbox 2652 2981 2943 3051; x_wconf 84' lang='grc' dir='ltr'><strong>φαίνεσθαι</strong></span> <span class='ocrx_word' id='word_1_503' title='bbox 2977 2985 3089 3046; x_wconf 87' lang='grc' dir='ltr'><strong>τοῖς</strong></span> <span class='ocrx_word' id='word_1_504' title='bbox 3145 2983 3294 3036; x_wconf 73' lang='grc' dir='ltr'>ενδον</span> <span class='ocrx_word' id='word_1_505' title='bbox 3344 2985 3570 3053; x_wconf 78' lang='grc' dir='ltr'>διορῶσι</span> <span class='ocrx_word' id='word_1_506' title='bbox 3599 2987 3710 3054; x_wconf 66' lang='grc' dir='ltr'><strong>τὴν</strong></span> 
     </span>
    </p>
   </div>
   <div class='ocr_carea' id='block_1_73' title="bbox 2126 3067 3712 3144">
    <p class='ocr_par' dir='ltr' id='par_1_73' title="bbox 2126 3067 3712 3144">
     <span class='ocr_line' id='line_1_73' title="bbox 2126 3067 3712 3144; baseline 0.001 -16"><span class='ocrx_word' id='word_1_507' title='bbox 2126 3075 2388 3128; x_wconf 84' lang='grc' dir='ltr'><strong>ἀνωτάτω</strong></span> <span class='ocrx_word' id='word_1_508' title='bbox 2416 3075 2536 3128; x_wconf 81' lang='grc' dir='ltr'><strong>κατ’</strong></span> <span class='ocrx_word' id='word_1_509' title='bbox 2567 3074 2742 3144; x_wconf 71' lang='grc' dir='ltr'><strong>άστριι</strong></span> <span class='ocrx_word' id='word_1_510' title='bbox 2783 3076 3020 3144; x_wconf 82' lang='grc' dir='ltr'><strong>κίνησιν.</strong></span> <span class='ocrx_word' id='word_1_511' title='bbox 3065 3067 3158 3138; x_wconf 74' lang='grc' dir='ltr'><strong>Οἷς</strong></span> <span class='ocrx_word' id='word_1_512' title='bbox 3187 3077 3479 3129; x_wconf 85' lang='grc' dir='ltr'><strong>ἐντακτέον</strong></span> <span class='ocrx_word' id='word_1_513' title='bbox 3509 3079 3605 3129; x_wconf 77' lang='grc' dir='ltr'><strong>καὶ</strong></span> <span class='ocrx_word' id='word_1_514' title='bbox 3637 3079 3712 3130; x_wconf 82' lang='grc' dir='ltr'><strong>τὸ</strong></span> 
     </span>
    </p>
   </div>
   <div class='ocr_carea' id='block_1_74' title="bbox 2127 3165 3710 3237">
    <p class='ocr_par' dir='ltr' id='par_1_74' title="bbox 2127 3165 3710 3237">
     <span class='ocr_line' id='line_1_74' title="bbox 2127 3165 3710 3237; baseline 0.001 -16"><span class='ocrx_word' id='word_1_515' title='bbox 2127 3166 2372 3230; x_wconf 77' lang='grc' dir='ltr'><strong>ἀκάνθας</strong></span> <span class='ocrx_word' id='word_1_516' title='bbox 2423 3168 2478 3219; x_wconf 84' lang='grc' dir='ltr'><strong>ἐν</strong></span> <span class='ocrx_word' id='word_1_517' title='bbox 2534 3168 2678 3236; x_wconf 72' lang='grc' dir='ltr'><strong>χειρὶ</strong></span> <span class='ocrx_word' id='word_1_518' title='bbox 2716 3165 2952 3235; x_wconf 83' lang='grc' dir='ltr'><strong>φύεσθαι</strong></span> <span class='ocrx_word' id='word_1_519' title='bbox 2998 3169 3062 3236; x_wconf 79' lang='grc' dir='ltr'><strong>τῇ</strong></span> <span class='ocrx_word' id='word_1_520' title='bbox 3118 3166 3213 3220; x_wconf 82' lang='grc' dir='ltr'><strong>τοῦ</strong></span> <span class='ocrx_word' id='word_1_521' title='bbox 3268 3167 3548 3237; x_wconf 79' lang='grc' dir='ltr'><strong>μεθύσου,</strong></span> <span class='ocrx_word' id='word_1_522' title='bbox 3605 3173 3710 3222; x_wconf 80' lang='grc' dir='ltr'><strong>καὶ</strong></span> 
     </span>
    </p>
   </div>
   <div class='ocr_carea' id='block_1_75' title="bbox 2129 3255 3707 3327">
    <p class='ocr_par' dir='ltr' id='par_1_75' title="bbox 2129 3255 3707 3327">
     <span class='ocr_line' id='line_1_75' title="bbox 2129 3255 3707 3327; baseline 0.001 -17"><span class='ocrx_word' id='word_1_523' title='bbox 2129 3257 2192 3310; x_wconf 79' lang='grc' dir='ltr'><strong>τὸ</strong></span> <span class='ocrx_word' id='word_1_524' title='bbox 2241 3257 2420 3325; x_wconf 82' lang='grc' dir='ltr'><strong>γονεῖς</strong></span> <span class='ocrx_word' id='word_1_525' title='bbox 2454 3255 2554 3327; x_wconf 81' lang='grc' dir='ltr'><strong>μὲν</strong></span> <span class='ocrx_word' id='word_1_526' title='bbox 2579 3255 2981 3322; x_wconf 82' lang='grc' dir='ltr'><strong>ἁκανθοφαγεῖν</strong></span> <span class='ocrx_word' id='word_1_527' title='bbox 3003 3295 3019 3320; x_wconf 89' lang='grc'>,</span> <span class='ocrx_word' id='word_1_528' title='bbox 3049 3258 3314 3326; x_wconf 78' lang='grc' dir='ltr'><strong>αἱμωδίαν</strong></span> <span class='ocrx_word' id='word_1_529' title='bbox 3340 3258 3394 3312; x_wconf 81' lang='grc' dir='ltr'><strong>δὲ</strong></span> <span class='ocrx_word' id='word_1_530' title='bbox 3429 3260 3541 3322; x_wconf 87' lang='grc' dir='ltr'><strong>τοῖς</strong></span> <span class='ocrx_word' id='word_1_531' title='bbox 3571 3259 3707 3312; x_wconf 78' lang='grc' dir='ltr'><strong>τέκ⁴</strong></span> 
     </span>
    </p>
   </div>
   <div class='ocr_carea' id='block_1_76' title="bbox 2129 3346 3712 3418">
    <p class='ocr_par' dir='ltr' id='par_1_76' title="bbox 2129 3346 3712 3418">
     <span class='ocr_line' id='line_1_76' title="bbox 2129 3346 3712 3418; baseline 0.001 -15"><span class='ocrx_word' id='word_1_532' title='bbox 2129 3365 2245 3410; x_wconf 88' lang='grc' dir='ltr'>νοις</span> <span class='ocrx_word' id='word_1_533' title='bbox 2298 3346 2629 3418; x_wconf 77' lang='grc' dir='ltr'><strong>ἐμφύεσθαι.</strong></span> <span class='ocrx_word' id='word_1_534' title='bbox 2668 3346 2776 3400; x_wconf 83' lang='grc' dir='ltr'><strong>Ποῦ</strong></span> <span class='ocrx_word' id='word_1_535' title='bbox 2824 3346 2890 3418; x_wconf 82' lang='grc' dir='ltr'><strong>δὴ</strong></span> <span class='ocrx_word' id='word_1_536' title='bbox 2942 3347 3079 3401; x_wconf 83' lang='grc' dir='ltr'><strong>ἀλλὰ</strong></span> <span class='ocrx_word' id='word_1_537' title='bbox 3127 3350 3358 3405; x_wconf 81' lang='grc' dir='ltr'><strong>τοιαῦτα</strong></span> <span class='ocrx_word' id='word_1_538' title='bbox 3411 3351 3543 3418; x_wconf 84' lang='grc' dir='ltr'><strong>γοῦν</strong></span> <span class='ocrx_word' id='word_1_539' title='bbox 3578 3367 3712 3406; x_wconf 83' lang='grc' dir='ltr'><strong>τινα</strong></span> 
     </span>
    </p>
   </div>
   <div class='ocr_carea' id='block_1_77' title="bbox 2129 3437 3709 3513">
    <p class='ocr_par' dir='ltr' id='par_1_77' title="bbox 2129 3437 3709 3513">
     <span class='ocr_line' id='line_1_77' title="bbox 2129 3437 3709 3513; baseline 0.004 -23"><span class='ocrx_word' id='word_1_540' title='bbox 2129 3439 2470 3509; x_wconf 77' lang='grc' dir='ltr'>τολμήσαιμι</span> <span class='ocrx_word' id='word_1_541' title='bbox 2501 3437 2590 3498; x_wconf 84' lang='grc' dir='ltr'><strong>ἂν,</strong></span> <span class='ocrx_word' id='word_1_542' title='bbox 2642 3439 2690 3490; x_wconf 81' lang='grc' dir='ltr'><strong>εἰ</strong></span> <span class='ocrx_word' id='word_1_543' title='bbox 2719 3437 2784 3504; x_wconf 88' lang='grc' dir='ltr'><strong>γέ</strong></span> <span class='ocrx_word' id='word_1_544' title='bbox 2818 3456 2924 3491; x_wconf 86' lang='grc' dir='ltr'><strong>που</strong></span> <span class='ocrx_word' id='word_1_545' title='bbox 2987 3439 3082 3492; x_wconf 78' lang='grc' dir='ltr'>καὶ</span> <span class='ocrx_word' id='word_1_546' title='bbox 3126 3441 3504 3513; x_wconf 83' lang='grc' dir='ltr'><strong>εὐπορήσαιμι</strong></span> <span class='ocrx_word' id='word_1_547' title='bbox 3566 3445 3709 3512; x_wconf 80' lang='grc' dir='ltr'><strong>πρὸς</strong></span> 
     </span>
    </p>
   </div>
   <div class='ocr_carea' id='block_1_78' title="bbox 2129 3528 3708 3604">
    <p class='ocr_par' dir='ltr' id='par_1_78' title="bbox 2129 3528 3708 3604">
     <span class='ocr_line' id='line_1_78' title="bbox 2129 3528 3708 3604; baseline 0.004 -23"><span class='ocrx_word' id='word_1_548' title='bbox 2129 3529 2427 3598; x_wconf 81' lang='grc' dir='ltr'><strong>γλύκασμα</strong></span> <span class='ocrx_word' id='word_1_549' title='bbox 2460 3528 2823 3597; x_wconf 73' lang='grc' dir='ltr'><strong>φθέγγεσθαι,</strong></span> <span class='ocrx_word' id='word_1_550' title='bbox 2879 3529 3016 3583; x_wconf 86' lang='grc' dir='ltr'><strong>ὅπου</strong></span> <span class='ocrx_word' id='word_1_551' title='bbox 3051 3531 3112 3584; x_wconf 83' lang='grc' dir='ltr'><strong>τὸ</strong></span> <span class='ocrx_word' id='word_1_552' title='bbox 3146 3531 3240 3585; x_wconf 78' lang='grc' dir='ltr'><strong>τοῦ</strong></span> <span class='ocrx_word' id='word_1_553' title='bbox 3305 3534 3708 3604; x_wconf 77' lang='grc' dir='ltr'><strong>μητροπολίτου</strong></span> 
     </span>
    </p>
   </div>
   <div class='ocr_carea' id='block_1_79' title="bbox 2131 3620 3711 3694">
    <p class='ocr_par' dir='ltr' id='par_1_79' title="bbox 2131 3620 3711 3694">
     <span class='ocr_line' id='line_1_79' title="bbox 2131 3620 3711 3694; baseline 0.004 -19"><span class='ocrx_word' id='word_1_554' title='bbox 2131 3622 2436 3690; x_wconf 84' lang='grc' dir='ltr'><strong>άστείευμα</strong></span> <span class='ocrx_word' id='word_1_555' title='bbox 2472 3620 2622 3674; x_wconf 89' lang='grc' dir='ltr'><strong>δοκεῖ</strong></span> <span class='ocrx_word' id='word_1_556' title='bbox 2649 3624 2769 3684; x_wconf 90' lang='grc' dir='ltr'><strong>ταῖς</strong></span> <span class='ocrx_word' id='word_1_557' title='bbox 2801 3623 3177 3694; x_wconf 83' lang='grc' dir='ltr'><strong>ἐσφαλμέναις</strong></span> <span class='ocrx_word' id='word_1_558' title='bbox 3209 3626 3401 3689; x_wconf 82' lang='grc' dir='ltr'><strong>ἀκοαῖς</strong></span> <span class='ocrx_word' id='word_1_559' title='bbox 3433 3626 3593 3680; x_wconf 83' lang='grc' dir='ltr'><strong>λαλιά</strong></span> <span class='ocrx_word' id='word_1_560' title='bbox 3622 3645 3711 3692; x_wconf 83' lang='grc' dir='ltr'><strong>τις</strong></span> 
     </span>
    </p>
   </div>
   <div class='ocr_carea' id='block_1_80' title="bbox 2131 3705 3711 3792">
    <p class='ocr_par' dir='ltr' id='par_1_80' title="bbox 2131 3705 3711 3792">
     <span class='ocr_line' id='line_1_80' title="bbox 2131 3705 3711 3792; baseline 0.008 -29"><span class='ocrx_word' id='word_1_561' title='bbox 2131 3705 2271 3764; x_wconf 77' lang='grc' dir='ltr'><strong>εἶναι</strong></span> <span class='ocrx_word' id='word_1_562' title='bbox 2318 3711 2378 3764; x_wconf 82' lang='grc' dir='ltr'><strong>οὐ</strong></span> <span class='ocrx_word' id='word_1_563' title='bbox 2433 3710 2854 3785; x_wconf 78' lang='grc' dir='ltr'><strong>διθυραμϐώδης</strong></span> <span class='ocrx_word' id='word_1_564' title='bbox 2907 3718 3003 3769; x_wconf 74' lang='grc' dir='ltr'><strong>καὶ</strong></span> <span class='ocrx_word' id='word_1_565' title='bbox 3067 3717 3248 3788; x_wconf 78' lang='grc' dir='ltr'>ἀτηρὰ</span> <span class='ocrx_word' id='word_1_566' title='bbox 3309 3717 3446 3789; x_wconf 74' lang='grc' dir='ltr'><strong>(εἴθε</strong></span> <span class='ocrx_word' id='word_1_567' title='bbox 3477 3719 3585 3790; x_wconf 79' lang='grc' dir='ltr'><strong>γὰρ</strong></span> <span class='ocrx_word' id='word_1_568' title='bbox 3640 3717 3711 3792; x_wconf 83' lang='grc' dir='ltr'><strong>ἦν</strong></span> 
     </span>
    </p>
   </div>
   <div class='ocr_carea' id='block_1_81' title="bbox 2133 3803 3711 3883">
    <p class='ocr_par' dir='ltr' id='par_1_81' title="bbox 2133 3803 3711 3883">
     <span class='ocr_line' id='line_1_81' title="bbox 2133 3803 3711 3883; baseline 0.005 -25"><span class='ocrx_word' id='word_1_569' title='bbox 2133 3803 2291 3858; x_wconf 79' lang='grc' dir='ltr'><strong>τοῦτο</strong></span> <span class='ocrx_word' id='word_1_570' title='bbox 2314 3803 2374 3873; x_wconf 80' lang='grc' dir='ltr'><strong>ι),</strong></span> <span class='ocrx_word' id='word_1_571' title='bbox 2406 3803 2544 3858; x_wconf 82' lang='grc' dir='ltr'><strong>ἀλλά</strong></span> <span class='ocrx_word' id='word_1_572' title='bbox 2589 3805 2870 3873; x_wconf 79' lang='grc' dir='ltr'>παροίνιος</span> <span class='ocrx_word' id='word_1_573' title='bbox 2919 3807 3060 3862; x_wconf 85' lang='grc' dir='ltr'><strong>κατά</strong></span> <span class='ocrx_word' id='word_1_574' title='bbox 3107 3826 3170 3877; x_wconf 87' lang='grc' dir='ltr'><strong>γε</strong></span> <span class='ocrx_word' id='word_1_575' title='bbox 3220 3809 3288 3863; x_wconf 79' lang='grc' dir='ltr'><strong>τά</strong></span> <span class='ocrx_word' id='word_1_576' title='bbox 3338 3811 3711 3883; x_wconf 78' lang='grc' dir='ltr'><strong>περιᾳδόμενα</strong></span> 
     </span>
    </p>
   </div>
   <div class='ocr_carea' id='block_1_82' title="bbox 2136 3896 2352 3950">
    <p class='ocr_par' dir='ltr' id='par_1_82' title="bbox 2136 3896 2352 3950">
     <span class='ocr_line' id='line_1_82' title="bbox 2136 3896 2352 3950; baseline 0.009 -2"><span class='ocrx_word' id='word_1_577' title='bbox 2136 3896 2352 3950; x_wconf 85' lang='grc' dir='ltr'><strong>σκόλια.</strong></span> 
     </span>
    </p>
   </div>
   <div class='ocr_carea' id='block_1_83' title="bbox 2206 3987 3708 4061">
    <p class='ocr_par' dir='ltr' id='par_1_83' title="bbox 2206 3987 3708 4061">
     <span class='ocr_line' id='line_1_83' title="bbox 2206 3987 3708 4061; baseline 0.007 -22"><span class='ocrx_word' id='word_1_578' title='bbox 2206 3987 2316 4052; x_wconf 85' lang='grc' dir='ltr'><strong>λς’.</strong></span> <span class='ocrx_word' id='word_1_579' title='bbox 2361 3987 2824 4061; x_wconf 81' lang='grc' dir='ltr'><strong>Ἐξομολογοῦμαι</strong></span> <span class='ocrx_word' id='word_1_580' title='bbox 2859 3991 3008 4061; x_wconf 80' lang='grc' dir='ltr'><strong>ὑμῖν,</strong></span> <span class='ocrx_word' id='word_1_581' title='bbox 3031 3992 3274 4061; x_wconf 76' lang='grc' dir='ltr'><strong>ἀδελφοὶ,</strong></span> <span class='ocrx_word' id='word_1_582' title='bbox 3297 3994 3370 4058; x_wconf 74' lang='grc' dir='ltr'><strong>ὡς</strong></span> <span class='ocrx_word' id='word_1_583' title='bbox 3401 3993 3545 4048; x_wconf 73' lang='grc' dir='ltr'><strong>οὕτω</strong></span> <span class='ocrx_word' id='word_1_584' title='bbox 3581 3996 3708 4060; x_wconf 84' lang='grc' dir='ltr'><strong>τοὺς</strong></span> 
     </span>
    </p>
   </div>
   <div class='ocr_carea' id='block_1_84' title="bbox 2135 4079 3712 4157">
    <p class='ocr_par' dir='ltr' id='par_1_84' title="bbox 2135 4079 3712 4157">
     <span class='ocr_line' id='line_1_84' title="bbox 2135 4079 3712 4157; baseline 0.007 -26"><span class='ocrx_word' id='word_1_585' title='bbox 2135 4079 2305 4149; x_wconf 77' lang='grc' dir='ltr'><strong>ἐμοὺς</strong></span> <span class='ocrx_word' id='word_1_586' title='bbox 2333 4079 2525 4146; x_wconf 80' lang='grc' dir='ltr'><strong>λόγους</strong></span> <span class='ocrx_word' id='word_1_587' title='bbox 2561 4081 2732 4134; x_wconf 84' lang='grc' dir='ltr'><strong>ἐθέλω</strong></span> <span class='ocrx_word' id='word_1_588' title='bbox 2773 4084 3231 4152; x_wconf 85' lang='grc' dir='ltr'><strong>στρογγύλεσθαι,</strong></span> <span class='ocrx_word' id='word_1_589' title='bbox 3266 4088 3568 4157; x_wconf 87' lang='grc' dir='ltr'><strong>παρηκόων</strong></span> <span class='ocrx_word' id='word_1_590' title='bbox 3613 4091 3712 4142; x_wconf 81' lang='grc' dir='ltr'><strong>άν-</strong></span> 
     </span>
    </p>
   </div>
   <div class='ocr_carea' id='block_1_85' title="bbox 2133 4169 3711 4250">
    <p class='ocr_par' dir='ltr' id='par_1_85' title="bbox 2133 4169 3711 4250">
     <span class='ocr_line' id='line_1_85' title="bbox 2133 4169 3711 4250; baseline 0.008 -28"><span class='ocrx_word' id='word_1_591' title='bbox 2133 4169 2278 4240; x_wconf 85' lang='grc' dir='ltr'>δρῶν</span> <span class='ocrx_word' id='word_1_592' title='bbox 2304 4171 2694 4243; x_wconf 78' lang='grc' dir='ltr'><strong>ἀκροωμένων,</strong></span> <span class='ocrx_word' id='word_1_593' title='bbox 2733 4174 2807 4238; x_wconf 88' lang='grc' dir='ltr'><strong>ὡς</strong></span> <span class='ocrx_word' id='word_1_594' title='bbox 2834 4175 2942 4228; x_wconf 72' lang='grc' dir='ltr'>οὐδ’</span> <span class='ocrx_word' id='word_1_595' title='bbox 2979 4175 3043 4230; x_wconf 81' lang='grc' dir='ltr'><strong>ἃν</strong></span> <span class='ocrx_word' id='word_1_596' title='bbox 3072 4177 3234 4249; x_wconf 81' lang='grc' dir='ltr'><strong>εἴπερ</strong></span> <span class='ocrx_word' id='word_1_597' title='bbox 3268 4178 3582 4250; x_wconf 74' lang='grc' dir='ltr'><strong>ἔμπροσθεν</strong></span> <span class='ocrx_word' id='word_1_598' title='bbox 3611 4181 3711 4249; x_wconf 85' lang='grc' dir='ltr'><strong>βα-</strong></span> 
     </span>
    </p>
   </div>
   <div class='ocr_carea' id='block_1_86' title="bbox 2143 4259 3710 4339">
    <p class='ocr_par' dir='ltr' id='par_1_86' title="bbox 2143 4259 3710 4339">
     <span class='ocr_line' id='line_1_86' title="bbox 2143 4259 3710 4339; baseline 0.008 -27"><span class='ocrx_word' id='word_1_599' title='bbox 2143 4259 2334 4324; x_wconf 86' lang='grc' dir='ltr'><strong>σιλέως</strong></span> <span class='ocrx_word' id='word_1_600' title='bbox 2359 4261 2543 4315; x_wconf 87' lang='grc' dir='ltr'><strong>ἐνθέου</strong></span> <span class='ocrx_word' id='word_1_601' title='bbox 2575 4263 2756 4317; x_wconf 86' lang='grc' dir='ltr'><strong>λαλῶν</strong></span> <span class='ocrx_word' id='word_1_602' title='bbox 2791 4267 2926 4335; x_wconf 84' lang='grc' dir='ltr'><strong>πρὸς</strong></span> <span class='ocrx_word' id='word_1_603' title='bbox 2955 4268 3144 4336; x_wconf 82' lang='grc' dir='ltr'><strong>χρείας</strong></span> <span class='ocrx_word' id='word_1_604' title='bbox 3169 4263 3318 4339; x_wconf 73' lang='grc' dir='ltr'><strong>εἶχον</strong></span> <span class='ocrx_word' id='word_1_605' title='bbox 3349 4270 3710 4335; x_wconf 79' lang='grc' dir='ltr'><strong>σκέπτεσθαι,</strong></span> 
     </span>
    </p>
   </div>
   <div class='ocr_carea' id='block_1_87' title="bbox 2139 4353 3713 4432">
    <p class='ocr_par' dir='ltr' id='par_1_87' title="bbox 2139 4353 3713 4432">
     <span class='ocr_line' id='line_1_87' title="bbox 2139 4353 3713 4432; baseline 0.006 -26"><span class='ocrx_word' id='word_1_606' title='bbox 2139 4354 2233 4406; x_wconf 74' lang='grc' dir='ltr'><strong>καὶ</strong></span> <span class='ocrx_word' id='word_1_607' title='bbox 2275 4353 2350 4422; x_wconf 85' lang='grc' dir='ltr'><strong>μὴ</strong></span> <span class='ocrx_word' id='word_1_608' title='bbox 2382 4353 2562 4408; x_wconf 84' lang='grc' dir='ltr'><strong>λαλεῖν</strong></span> <span class='ocrx_word' id='word_1_609' title='bbox 2601 4357 2943 4428; x_wconf 82' lang='grc' dir='ltr'><strong>ἀτημέλητα.</strong></span> <span class='ocrx_word' id='word_1_610' title='bbox 2986 4361 3096 4413; x_wconf 78' lang='grc' dir='ltr'><strong>Καὶ</strong></span> <span class='ocrx_word' id='word_1_611' title='bbox 3147 4363 3255 4432; x_wconf 80' lang='grc' dir='ltr'><strong>μὴν</strong></span> <span class='ocrx_word' id='word_1_612' title='bbox 3300 4357 3422 4417; x_wconf 82' lang='grc' dir='ltr'><strong>οἶδα</strong></span> <span class='ocrx_word' id='word_1_613' title='bbox 3473 4363 3584 4431; x_wconf 87' lang='grc' dir='ltr'><strong>ἐγὼ</strong></span> <span class='ocrx_word' id='word_1_614' title='bbox 3613 4366 3713 4418; x_wconf 70' lang='grc' dir='ltr'><strong>καὶ</strong></span> 
     </span>
    </p>
   </div>
   <div class='ocr_carea' id='block_1_88' title="bbox 2138 4447 3712 4524">
    <p class='ocr_par' dir='ltr' id='par_1_88' title="bbox 2138 4447 3712 4524">
     <span class='ocr_line' id='line_1_88' title="bbox 2138 4447 3712 4524; baseline 0.007 -26"><span class='ocrx_word' id='word_1_615' title='bbox 2138 4447 2233 4499; x_wconf 78' lang='grc' dir='ltr'><strong>ἐπὶ</strong></span> <span class='ocrx_word' id='word_1_616' title='bbox 2267 4447 2368 4517; x_wconf 81' lang='grc' dir='ltr'><strong>τῆς</strong></span> <span class='ocrx_word' id='word_1_617' title='bbox 2408 4448 2580 4502; x_wconf 81' lang='grc' dir='ltr'><strong>πάλαι</strong></span> <span class='ocrx_word' id='word_1_618' title='bbox 2617 4452 2710 4501; x_wconf 71' lang='grc' dir='ltr'><strong>καὶ</strong></span> <span class='ocrx_word' id='word_1_619' title='bbox 2749 4451 2848 4518; x_wconf 81' lang='grc' dir='ltr'><strong>τῆς</strong></span> <span class='ocrx_word' id='word_1_620' title='bbox 2885 4451 2982 4505; x_wconf 85' lang='grc' dir='ltr'><strong>νῦν</strong></span> <span class='ocrx_word' id='word_1_621' title='bbox 3011 4452 3172 4520; x_wconf 81' lang='grc' dir='ltr'><strong>ἁγίας</strong></span> <span class='ocrx_word' id='word_1_622' title='bbox 3209 4455 3493 4524; x_wconf 82' lang='grc' dir='ltr'><strong>βασιλείας</strong></span> <span class='ocrx_word' id='word_1_623' title='bbox 3536 4455 3712 4520; x_wconf 79' lang='grc' dir='ltr'><strong>οὕτως</strong></span> 
     </span>
    </p>
   </div>
   <div class='ocr_carea' id='block_1_89' title="bbox 463 4523 2025 4618">
    <p class='ocr_par' dir='ltr' id='par_1_89' title="bbox 463 4523 2025 4592">
     <span class='ocr_line' id='line_1_89' title="bbox 463 4523 2025 4592; baseline -0.001 -14"><span class='ocrx_word' id='word_1_624' title='bbox 463 4534 672 4592; x_wconf 85' lang='lat' dir='ltr'><strong>culum,</strong></span> <span class='ocrx_word' id='word_1_625' title='bbox 703 4533 762 4578; x_wconf 90' lang='lat' dir='ltr'><strong>ut</strong></span> <span class='ocrx_word' id='word_1_626' title='bbox 802 4524 1089 4578; x_wconf 88' lang='lat' dir='ltr'><strong>audientes</strong></span> <span class='ocrx_word' id='word_1_627' title='bbox 1132 4535 1554 4588; x_wconf 81' lang='lat' dir='ltr'><strong>commoverem,</strong></span> <span class='ocrx_word' id='word_1_628' title='bbox 1589 4535 1643 4575; x_wconf 89' lang='lat' dir='ltr'><strong>et</strong></span> <span class='ocrx_word' id='word_1_629' title='bbox 1687 4523 1816 4576; x_wconf 89' lang='lat' dir='ltr'><strong>mihi</strong></span> <span class='ocrx_word' id='word_1_630' title='bbox 1847 4523 2025 4576; x_wconf 86' lang='lat' dir='ltr'><strong>conci-</strong></span> 
     </span>
    </p>
   </div>
   <div class='ocr_carea' id='block_1_90' title="bbox 2130 4523 3712 4618">
    <p class='ocr_par' dir='ltr' id='par_1_90' title="bbox 2139 4523 3712 4616">
     <span class='ocr_line' id='line_1_90' title="bbox 2139 4523 3712 4616; baseline 0.006 -26"><span class='ocrx_word' id='word_1_631' title='bbox 2139 4538 2196 4590; x_wconf 87' lang='grc' dir='ltr'><strong>ἐν</strong></span> <span class='ocrx_word' id='word_1_632' title='bbox 2223 4535 2386 4607; x_wconf 84' lang='grc' dir='ltr'><strong>βαρεῖ</strong></span> <span class='ocrx_word' id='word_1_633' title='bbox 2413 4537 2656 4610; x_wconf 72' lang='grc' dir='ltr'><strong>συλλόγῳ</strong></span> <span class='ocrx_word' id='word_1_634' title='bbox 2682 4538 2944 4610; x_wconf 86' lang='grc' dir='ltr'><strong>λαλήσας,</strong></span> <span class='ocrx_word' id='word_1_635' title='bbox 2975 4540 3052 4606; x_wconf 79' lang='grc' dir='ltr'>ὡς</span> <span class='ocrx_word' id='word_1_636' title='bbox 3079 4523 3292 4614; x_wconf 83' lang='grc' dir='ltr'><strong>διαχέαι</strong></span> <span class='ocrx_word' id='word_1_637' title='bbox 3317 4547 3443 4608; x_wconf 84' lang='grc' dir='ltr'><strong>τοὺς</strong></span> <span class='ocrx_word' id='word_1_638' title='bbox 3490 4548 3712 4616; x_wconf 83' lang='grc' dir='ltr'><strong>ἀκροω-</strong></span> 
     </span>
    </p>
   </div>
   <div class='ocr_carea' id='block_1_91' title="bbox 459 4611 2028 4684">
    <p class='ocr_par' dir='ltr' id='par_1_91' title="bbox 459 4611 2028 4684">
     <span class='ocr_line' id='line_1_91' title="bbox 459 4611 2028 4684; baseline -0.003 -12"><span class='ocrx_word' id='word_1_639' title='bbox 459 4617 669 4673; x_wconf 89' lang='lat' dir='ltr'><strong>liarem.</strong></span> <span class='ocrx_word' id='word_1_640' title='bbox 702 4616 808 4672; x_wconf 88' lang='lat' dir='ltr'><strong>Sed</strong></span> <span class='ocrx_word' id='word_1_641' title='bbox 849 4631 968 4672; x_wconf 92' lang='lat' dir='ltr'><strong>cum</strong></span> <span class='ocrx_word' id='word_1_642' title='bbox 1011 4615 1097 4669; x_wconf 91' lang='lat' dir='ltr'><strong>his</strong></span> <span class='ocrx_word' id='word_1_643' title='bbox 1139 4611 1342 4668; x_wconf 80' lang='lat' dir='ltr'><strong>nostris</strong></span> <span class='ocrx_word' id='word_1_644' title='bbox 1394 4613 1681 4670; x_wconf 90' lang='lat' dir='ltr'><strong>subsurdis</strong></span> <span class='ocrx_word' id='word_1_645' title='bbox 1720 4614 1853 4684; x_wconf 88' lang='lat' dir='ltr'><strong>(non</strong></span> <span class='ocrx_word' id='word_1_646' title='bbox 1883 4616 2028 4670; x_wconf 89' lang='lat' dir='ltr'><strong>enim</strong></span> 
     </span>
    </p>
   </div>
   <div class='ocr_carea' id='block_1_92' title="bbox 459 4705 2029 4776">
    <p class='ocr_par' dir='ltr' id='par_1_92' title="bbox 459 4705 2029 4776">
     <span class='ocr_line' id='line_1_92' title="bbox 459 4705 2029 4776; baseline -0.003 -13"><span class='ocrx_word' id='word_1_647' title='bbox 459 4709 585 4763; x_wconf 82' lang='lat' dir='ltr'><strong>volo</strong></span> <span class='ocrx_word' id='word_1_648' title='bbox 618 4709 802 4764; x_wconf 85' lang='lat' dir='ltr'><strong>dicere</strong></span> <span class='ocrx_word' id='word_1_649' title='bbox 838 4705 1102 4776; x_wconf 86' lang='lat' dir='ltr'><strong>subdolis)</strong></span> <span class='ocrx_word' id='word_1_650' title='bbox 1155 4706 1288 4758; x_wconf 88' lang='lat' dir='ltr'><strong>nihil</strong></span> <span class='ocrx_word' id='word_1_651' title='bbox 1327 4706 1430 4760; x_wconf 90' lang='lat' dir='ltr'><strong>tale</strong></span> <span class='ocrx_word' id='word_1_652' title='bbox 1459 4707 1761 4776; x_wconf 82' lang='lat' dir='ltr'><strong>comingit;</strong></span> <span class='ocrx_word' id='word_1_653' title='bbox 1795 4709 1886 4760; x_wconf 90' lang='lat' dir='ltr'><strong>sed</strong></span> <span class='ocrx_word' id='word_1_654' title='bbox 1927 4707 2029 4760; x_wconf 87' lang='lat' dir='ltr'><strong>eir-</strong></span> 
     </span>
    </p>
   </div>
   <div class='ocr_carea' id='block_1_93' title="bbox 459 4793 2034 4864">
    <p class='ocr_par' dir='ltr' id='par_1_93' title="bbox 459 4793 2034 4864">
     <span class='ocr_line' id='line_1_93' title="bbox 459 4793 2034 4864; baseline -0.003 -12"><span class='ocrx_word' id='word_1_655' title='bbox 459 4806 736 4853; x_wconf 87' lang='lat' dir='ltr'><strong>cumstant</strong></span> <span class='ocrx_word' id='word_1_656' title='bbox 767 4797 953 4851; x_wconf 87' lang='lat' dir='ltr'><strong>dolose</strong></span> <span class='ocrx_word' id='word_1_657' title='bbox 999 4795 1356 4857; x_wconf 82' lang='lat' dir='ltr'><strong>meditantes,</strong></span> <span class='ocrx_word' id='word_1_658' title='bbox 1394 4795 1440 4848; x_wconf 90' lang='lat' dir='ltr'><strong>si</strong></span> <span class='ocrx_word' id='word_1_659' title='bbox 1475 4793 1614 4848; x_wconf 80' lang='lat' dir='ltr'><strong>forte</strong></span> <span class='ocrx_word' id='word_1_660' title='bbox 1657 4809 1757 4850; x_wconf 90' lang='lat' dir='ltr'><strong>nos</strong></span> <span class='ocrx_word' id='word_1_661' title='bbox 1785 4793 2034 4864; x_wconf 88' lang='lat' dir='ltr'><strong>decipere</strong></span> 
     </span>
    </p>
   </div>
   <div class='ocr_carea' id='block_1_94' title="bbox 461 4886 2034 4962">
    <p class='ocr_par' dir='ltr' id='par_1_94' title="bbox 461 4886 2034 4962">
     <span class='ocr_line' id='line_1_94' title="bbox 461 4886 2034 4962; baseline -0.003 -16"><span class='ocrx_word' id='word_1_662' title='bbox 461 4891 711 4962; x_wconf 86' lang='lat' dir='ltr'><strong>possint,</strong></span> <span class='ocrx_word' id='word_1_663' title='bbox 749 4887 1029 4957; x_wconf 82' lang='lat' dir='ltr'><strong>ignobilia,</strong></span> <span class='ocrx_word' id='word_1_664' title='bbox 1065 4888 1208 4942; x_wconf 89' lang='lat' dir='ltr'><strong>sicut</strong></span> <span class='ocrx_word' id='word_1_665' title='bbox 1237 4886 1454 4953; x_wconf 89' lang='lat' dir='ltr'><strong>dicitur,</strong></span> <span class='ocrx_word' id='word_1_666' title='bbox 1491 4887 1775 4956; x_wconf 88' lang='lat' dir='ltr'><strong>pbalangia</strong></span> <span class='ocrx_word' id='word_1_667' title='bbox 1821 4887 2034 4941; x_wconf 65' lang='lat' dir='ltr'><strong>misera)</strong></span> 
     </span>
    </p>
   </div>
   <div class='ocr_carea' id='block_1_95' title="bbox 461 4978 2032 5048">
    <p class='ocr_par' dir='ltr' id='par_1_95' title="bbox 461 4978 2032 5048">
     <span class='ocr_line' id='line_1_95' title="bbox 461 4978 2032 5048; baseline -0.004 -10"><span class='ocrx_word' id='word_1_668' title='bbox 461 4980 778 5038; x_wconf 79' lang='lat' dir='ltr'><strong>insidiantia</strong></span> <span class='ocrx_word' id='word_1_669' title='bbox 826 4979 1107 5046; x_wconf 66' lang='lat' dir='ltr'><strong>musculae,</strong></span> <span class='ocrx_word' id='word_1_670' title='bbox 1183 4979 1229 5032; x_wconf 90' lang='lat' dir='ltr'><strong>si</strong></span> <span class='ocrx_word' id='word_1_671' title='bbox 1300 4978 1440 5033; x_wconf 77' lang='lat' dir='ltr'><strong>forte</strong></span> <span class='ocrx_word' id='word_1_672' title='bbox 1501 4981 2032 5048; x_wconf 87' lang='lat' dir='ltr'><strong>appropinquantem</strong></span> 
     </span>
    </p>
   </div>
   <div class='ocr_carea' id='block_1_96' title="bbox 462 5069 2036 5140">
    <p class='ocr_par' dir='ltr' id='par_1_96' title="bbox 462 5069 2036 5140">
     <span class='ocr_line' id='line_1_96' title="bbox 462 5069 2036 5140; baseline -0.003 -14"><span class='ocrx_word' id='word_1_673' title='bbox 462 5071 787 5140; x_wconf 87' lang='lat' dir='ltr'><strong>corripiant.</strong></span> <span class='ocrx_word' id='word_1_674' title='bbox 823 5070 966 5137; x_wconf 80' lang='lat' dir='ltr'><strong>Quid</strong></span> <span class='ocrx_word' id='word_1_675' title='bbox 1000 5069 1240 5134; x_wconf 86' lang='lat' dir='ltr'><strong>tandem,</strong></span> <span class='ocrx_word' id='word_1_676' title='bbox 1280 5084 1312 5124; x_wconf 91' lang='grc' dir='ltr'><strong>ο</strong></span> <span class='ocrx_word' id='word_1_677' title='bbox 1341 5069 1614 5137; x_wconf 85' lang='lat' dir='ltr'><strong>sapientes</strong></span> <span class='ocrx_word' id='word_1_678' title='bbox 1653 5069 1928 5123; x_wconf 83' lang='lat' dir='ltr'><strong>auditores</strong></span> <span class='ocrx_word' id='word_1_679' title='bbox 1980 5079 2036 5122; x_wconf 88' lang='lat' dir='ltr'><strong>et</strong></span> 
     </span>
    </p>
   </div>
   <div class='ocr_carea' id='block_1_97' title="bbox 465 5161 2036 5233">
    <p class='ocr_par' dir='ltr' id='par_1_97' title="bbox 465 5161 2036 5233">
     <span class='ocr_line' id='line_1_97' title="bbox 465 5161 2036 5233; baseline -0.001 -15"><span class='ocrx_word' id='word_1_680' title='bbox 465 5174 832 5233; x_wconf 86' lang='lat' dir='ltr'><strong>spectatores,</strong></span> <span class='ocrx_word' id='word_1_681' title='bbox 894 5161 1330 5232; x_wconf 87' lang='lat' dir='ltr'><strong>reprehenditis,</strong></span> <span class='ocrx_word' id='word_1_682' title='bbox 1381 5163 1594 5230; x_wconf 91' lang='lat' dir='ltr'><strong>quando</strong></span> <span class='ocrx_word' id='word_1_683' title='bbox 1651 5162 1730 5214; x_wconf 91' lang='lat' dir='ltr'><strong>vir</strong></span> <span class='ocrx_word' id='word_1_684' title='bbox 1774 5177 1936 5215; x_wconf 82' lang='lat' dir='ltr'><strong>senex</strong></span> <span class='ocrx_word' id='word_1_685' title='bbox 1981 5169 2036 5216; x_wconf 90' lang='lat' dir='ltr'><strong>et</strong></span> 
     </span>
    </p>
   </div>
   <div class='ocr_carea' id='block_1_98' title="bbox 466 5251 2033 5324">
    <p class='ocr_par' dir='ltr' id='par_1_98' title="bbox 466 5251 2033 5324">
     <span class='ocr_line' id='line_1_98' title="bbox 466 5251 2033 5324; baseline -0.001 -15"><span class='ocrx_word' id='word_1_686' title='bbox 466 5269 578 5310; x_wconf 89' lang='lat' dir='ltr'><strong>non</strong></span> <span class='ocrx_word' id='word_1_687' title='bbox 615 5255 837 5310; x_wconf 88' lang='lat' dir='ltr'><strong>omnino</strong></span> <span class='ocrx_word' id='word_1_688' title='bbox 867 5255 1054 5324; x_wconf 90' lang='lat' dir='ltr'><strong>procul</strong></span> <span class='ocrx_word' id='word_1_689' title='bbox 1095 5269 1123 5307; x_wconf 89' lang='lat' dir='ltr'><strong>a</strong></span> <span class='ocrx_word' id='word_1_690' title='bbox 1165 5253 1376 5307; x_wconf 84' lang='lat' dir='ltr'><strong>ratione</strong></span> <span class='ocrx_word' id='word_1_691' title='bbox 1410 5254 1606 5318; x_wconf 81' lang='lat' dir='ltr'><strong>factus,</strong></span> <span class='ocrx_word' id='word_1_692' title='bbox 1634 5251 1880 5308; x_wconf 88' lang='lat' dir='ltr'><strong>heroicas</strong></span> <span class='ocrx_word' id='word_1_693' title='bbox 1910 5267 2033 5322; x_wconf 89' lang='lat' dir='ltr'><strong>per-</strong></span> 
     </span>
    </p>
   </div>
   <div class='ocr_carea' id='block_1_99' title="bbox 466 5347 2029 5416">
    <p class='ocr_par' dir='ltr' id='par_1_99' title="bbox 466 5347 2029 5416">
     <span class='ocr_line' id='line_1_99' title="bbox 466 5347 2029 5416; baseline 0.001 -14"><span class='ocrx_word' id='word_1_694' title='bbox 466 5361 633 5402; x_wconf 84' lang='lat' dir='ltr'><strong>sonas</strong></span> <span class='ocrx_word' id='word_1_695' title='bbox 688 5347 740 5399; x_wconf 89' lang='lat' dir='ltr'><strong>in</strong></span> <span class='ocrx_word' id='word_1_696' title='bbox 804 5347 1012 5400; x_wconf 87' lang='lat' dir='ltr'><strong>theatro</strong></span> <span class='ocrx_word' id='word_1_697' title='bbox 1065 5349 1390 5416; x_wconf 88' lang='lat' dir='ltr'><strong>prodeuntes</strong></span> <span class='ocrx_word' id='word_1_698' title='bbox 1443 5362 1693 5414; x_wconf 89' lang='lat' dir='ltr'><strong>cernens,</strong></span> <span class='ocrx_word' id='word_1_699' title='bbox 1751 5349 2029 5404; x_wconf 83' lang='lat' dir='ltr'><strong>Priamum</strong></span> 
     </span>
    </p>
   </div>
   <div class='ocr_carea' id='block_1_100' title="bbox 474 5438 2028 5512">
    <p class='ocr_par' dir='ltr' id='par_1_100' title="bbox 474 5438 2028 5512">
     <span class='ocr_line' id='line_1_100' title="bbox 474 5438 2028 5512; baseline 0.005 -23"><span class='ocrx_word' id='word_1_700' title='bbox 474 5450 606 5507; x_wconf 89' lang='lat' dir='ltr'><strong>puta</strong></span> <span class='ocrx_word' id='word_1_701' title='bbox 671 5454 890 5503; x_wconf 86' lang='lat' dir='ltr'><strong>senem,</strong></span> <span class='ocrx_word' id='word_1_702' title='bbox 932 5449 985 5491; x_wconf 91' lang='lat' dir='ltr'><strong>et</strong></span> <span class='ocrx_word' id='word_1_703' title='bbox 1027 5438 1279 5503; x_wconf 78' lang='lat' dir='ltr'><strong>Atridas,</strong></span> <span class='ocrx_word' id='word_1_704' title='bbox 1328 5440 1671 5494; x_wconf 75' lang='lat' dir='ltr'><strong>adversarios</strong></span> <span class='ocrx_word' id='word_1_705' title='bbox 1718 5443 1807 5496; x_wconf 90' lang='lat' dir='ltr'><strong>isti</strong></span> <span class='ocrx_word' id='word_1_706' title='bbox 1855 5457 2028 5512; x_wconf 81' lang='lat' dir='ltr'><strong>reges,</strong></span> 
     </span>
    </p>
   </div>
   <div class='ocr_carea' id='block_1_101' title="bbox 467 5529 2032 5602">
    <p class='ocr_par' dir='ltr' id='par_1_101' title="bbox 467 5529 2032 5602">
     <span class='ocr_line' id='line_1_101' title="bbox 467 5529 2032 5602; baseline 0.003 -19"><span class='ocrx_word' id='word_1_707' title='bbox 467 5541 522 5583; x_wconf 86' lang='lat' dir='ltr'><strong>et</strong></span> <span class='ocrx_word' id='word_1_708' title='bbox 551 5529 814 5584; x_wconf 81' lang='lat' dir='ltr'><strong>famosum</strong></span> <span class='ocrx_word' id='word_1_709' title='bbox 840 5531 1086 5599; x_wconf 82' lang='lat' dir='ltr'><strong>Ulyssem</strong></span> <span class='ocrx_word' id='word_1_710' title='bbox 1109 5570 1124 5596; x_wconf 88' lang='lat'><strong>,</strong></span> <span class='ocrx_word' id='word_1_711' title='bbox 1179 5543 1232 5586; x_wconf 90' lang='lat' dir='ltr'><strong>et</strong></span> <span class='ocrx_word' id='word_1_712' title='bbox 1286 5531 1507 5587; x_wconf 86' lang='lat' dir='ltr'><strong>alterum</strong></span> <span class='ocrx_word' id='word_1_713' title='bbox 1551 5532 1762 5602; x_wconf 78' lang='lat' dir='ltr'><strong>Ajacem</strong></span> <span class='ocrx_word' id='word_1_714' title='bbox 1793 5537 2032 5598; x_wconf 81' lang='lat' dir='ltr'><strong>neruine,</strong></span> 
     </span>
    </p>
   </div>
   <div class='ocr_carea' id='block_1_102' title="bbox 2143 4627 3712 4700">
    <p class='ocr_par' dir='ltr' id='par_1_102' title="bbox 2143 4627 3712 4700">
     <span class='ocr_line' id='line_1_102' title="bbox 2143 4627 3712 4700; baseline 0.007 -21"><span class='ocrx_word' id='word_1_715' title='bbox 2143 4627 2362 4698; x_wconf 82' lang='grc' dir='ltr'>μένους,</span> <span class='ocrx_word' id='word_1_716' title='bbox 2393 4630 2488 4680; x_wconf 75' lang='grc' dir='ltr'><strong>καὶ</strong></span> <span class='ocrx_word' id='word_1_717' title='bbox 2539 4631 2618 4692; x_wconf 81' lang='grc' dir='ltr'><strong>εις</strong></span> <span class='ocrx_word' id='word_1_718' title='bbox 2671 4631 2910 4700; x_wconf 87' lang='grc' dir='ltr'><strong>ἐμαυτὸν</strong></span> <span class='ocrx_word' id='word_1_719' title='bbox 2965 4635 3406 4692; x_wconf 86' lang='grc' dir='ltr'><strong>ἐπισπάσασθαι.</strong></span> <span class='ocrx_word' id='word_1_720' title='bbox 3453 4637 3594 4690; x_wconf 86' lang='grc' dir='ltr'><strong>Ἀλλ’</strong></span> <span class='ocrx_word' id='word_1_721' title='bbox 3652 4641 3712 4690; x_wconf 78' lang='grc' dir='ltr'><strong>ἐν</strong></span> 
     </span>
    </p>
   </div>
   <div class='ocr_carea' id='block_1_103' title="bbox 2138 4718 3712 4798">
    <p class='ocr_par' dir='ltr' id='par_1_103' title="bbox 2138 4718 3712 4798">
     <span class='ocr_line' id='line_1_103' title="bbox 2138 4718 3712 4798; baseline 0.006 -28"><span class='ocrx_word' id='word_1_722' title='bbox 2138 4719 2249 4782; x_wconf 90' lang='grc' dir='ltr'><strong>τοῖς</strong></span> <span class='ocrx_word' id='word_1_723' title='bbox 2268 4718 2393 4772; x_wconf 80' lang='grc' dir='ltr'><strong>καθ’</strong></span> <span class='ocrx_word' id='word_1_724' title='bbox 2422 4722 2572 4789; x_wconf 81' lang='grc' dir='ltr'><strong>ἡμᾶς</strong></span> <span class='ocrx_word' id='word_1_725' title='bbox 2602 4722 2812 4785; x_wconf 76' lang='grc' dir='ltr'><strong>τούτοις</strong></span> <span class='ocrx_word' id='word_1_726' title='bbox 2842 4723 3157 4795; x_wconf 80' lang='grc' dir='ltr'><strong>ὑποκώφοις</strong></span> <span class='ocrx_word' id='word_1_727' title='bbox 3187 4727 3354 4798; x_wconf 85' lang='grc' dir='ltr'>(ὀκνῶ</span> <span class='ocrx_word' id='word_1_728' title='bbox 3392 4729 3502 4798; x_wconf 82' lang='grc' dir='ltr'><strong>γὰρ</strong></span> <span class='ocrx_word' id='word_1_729' title='bbox 3534 4730 3712 4785; x_wconf 69' lang='grc' dir='ltr'><strong>εἰπεῖν</strong></span> 
     </span>
    </p>
   </div>
   <div class='ocr_carea' id='block_1_104' title="bbox 2138 4809 3710 4891">
    <p class='ocr_par' dir='ltr' id='par_1_104' title="bbox 2138 4809 3710 4891">
     <span class='ocr_line' id='line_1_104' title="bbox 2138 4809 3710 4891; baseline 0.008 -30"><span class='ocrx_word' id='word_1_730' title='bbox 2138 4809 2446 4881; x_wconf 76' lang='grc' dir='ltr'><strong>ὑποξύλοις)</strong></span> <span class='ocrx_word' id='word_1_731' title='bbox 2476 4812 2576 4864; x_wconf 83' lang='grc' dir='ltr'><strong>οὐκ</strong></span> <span class='ocrx_word' id='word_1_732' title='bbox 2598 4812 2714 4866; x_wconf 77' lang='grc' dir='ltr'><strong>ἐστι</strong></span> <span class='ocrx_word' id='word_1_733' title='bbox 2738 4815 2978 4870; x_wconf 80' lang='grc' dir='ltr'><strong>τοιοῦτον</strong></span> <span class='ocrx_word' id='word_1_734' title='bbox 3000 4818 3154 4872; x_wconf 82' lang='grc' dir='ltr'><strong>οὐδέν</strong></span> <span class='ocrx_word' id='word_1_735' title='bbox 3180 4835 3192 4849; x_wconf 91' lang='grc'>·</span> <span class='ocrx_word' id='word_1_736' title='bbox 3223 4820 3359 4873; x_wconf 82' lang='grc' dir='ltr'><strong>ἀλλὰ</strong></span> <span class='ocrx_word' id='word_1_737' title='bbox 3387 4823 3710 4891; x_wconf 71' lang='grc' dir='ltr'><strong>περιίστανσ</strong></span> 
     </span>
    </p>
   </div>
   <div class='ocr_carea' id='block_1_105' title="bbox 2137 4901 3709 4982">
    <p class='ocr_par' dir='ltr' id='par_1_105' title="bbox 2137 4901 3709 4982">
     <span class='ocr_line' id='line_1_105' title="bbox 2137 4901 3709 4982; baseline 0.009 -28"><span class='ocrx_word' id='word_1_738' title='bbox 2137 4919 2226 4954; x_wconf 75' lang='grc' dir='ltr'><strong>ται</strong></span> <span class='ocrx_word' id='word_1_739' title='bbox 2265 4901 2604 4970; x_wconf 77' lang='grc' dir='ltr'><strong>μελετῶντες</strong></span> <span class='ocrx_word' id='word_1_740' title='bbox 2637 4906 2847 4975; x_wconf 73' lang='grc' dir='ltr'><strong>ἡρέμα,</strong></span> <span class='ocrx_word' id='word_1_741' title='bbox 2879 4907 2933 4961; x_wconf 87' lang='grc' dir='ltr'><strong>τί</strong></span> <span class='ocrx_word' id='word_1_742' title='bbox 2969 4910 3086 4961; x_wconf 84' lang='grc' dir='ltr'><strong>ποτ’</strong></span> <span class='ocrx_word' id='word_1_743' title='bbox 3115 4910 3180 4962; x_wconf 86' lang='grc' dir='ltr'><strong>ἂν</strong></span> <span class='ocrx_word' id='word_1_744' title='bbox 3227 4912 3384 4982; x_wconf 71' lang='grc' dir='ltr'><strong>ἡμῶν</strong></span> <span class='ocrx_word' id='word_1_745' title='bbox 3437 4913 3709 4975; x_wconf 78' lang='grc' dir='ltr'><strong>ὶάόοιντο.</strong></span> 
     </span>
    </p>
   </div>
   <div class='ocr_carea' id='block_1_106' title="bbox 2139 4993 3711 5076">
    <p class='ocr_par' dir='ltr' id='par_1_106' title="bbox 2139 4993 3711 5076">
     <span class='ocr_line' id='line_1_106' title="bbox 2139 4993 3711 5076; baseline 0.009 -30"><span class='ocrx_word' id='word_1_746' title='bbox 2139 4993 2366 5062; x_wconf 81' lang='grc' dir='ltr'><strong>ἀγεννῆ,</strong></span> <span class='ocrx_word' id='word_1_747' title='bbox 2397 4995 2425 5046; x_wconf 87' lang='grc' dir='ltr'><strong>ὃ</strong></span> <span class='ocrx_word' id='word_1_748' title='bbox 2455 5011 2643 5062; x_wconf 84' lang='grc' dir='ltr'><strong>φασιν,</strong></span> <span class='ocrx_word' id='word_1_749' title='bbox 2675 4998 2978 5068; x_wconf 82' lang='grc' dir='ltr'><strong>φαλάγγια,</strong></span> <span class='ocrx_word' id='word_1_750' title='bbox 3012 5001 3248 5073; x_wconf 85' lang='grc' dir='ltr'><strong>δυστυχῆ</strong></span> <span class='ocrx_word' id='word_1_751' title='bbox 3306 5007 3468 5074; x_wconf 87' lang='grc' dir='ltr'><strong>μυῖαν</strong></span> <span class='ocrx_word' id='word_1_752' title='bbox 3508 5007 3711 5076; x_wconf 76' lang='grc' dir='ltr'><strong>λοχῶν-</strong></span> 
     </span>
    </p>
   </div>
   <div class='ocr_carea' id='block_1_107' title="bbox 2138 5085 3710 5165">
    <p class='ocr_par' dir='ltr' id='par_1_107' title="bbox 2138 5085 3710 5165">
     <span class='ocr_line' id='line_1_107' title="bbox 2138 5085 3710 5165; baseline 0.01 -30"><span class='ocrx_word' id='word_1_753' title='bbox 2138 5099 2252 5148; x_wconf 90' lang='grc' dir='ltr'><strong>τες,</strong></span> <span class='ocrx_word' id='word_1_754' title='bbox 2277 5085 2327 5137; x_wconf 82' lang='grc' dir='ltr'><strong>εῑ</strong></span> <span class='ocrx_word' id='word_1_755' title='bbox 2360 5100 2476 5148; x_wconf 87' lang='grc' dir='ltr'><strong>πως</strong></span> <span class='ocrx_word' id='word_1_756' title='bbox 2525 5085 2858 5159; x_wconf 83' lang='grc' dir='ltr'><strong>ἐγγιζούσης</strong></span> <span class='ocrx_word' id='word_1_757' title='bbox 2911 5090 3222 5161; x_wconf 79' lang='grc' dir='ltr'><strong>δράξονται.</strong></span> <span class='ocrx_word' id='word_1_758' title='bbox 3273 5095 3338 5147; x_wconf 78' lang='grc' dir='ltr'><strong>Τί</strong></span> <span class='ocrx_word' id='word_1_759' title='bbox 3375 5096 3437 5165; x_wconf 88' lang='grc' dir='ltr'><strong>δή</strong></span> <span class='ocrx_word' id='word_1_760' title='bbox 3477 5114 3627 5164; x_wconf 87' lang='grc' dir='ltr'><strong>ποτε,</strong></span> <span class='ocrx_word' id='word_1_761' title='bbox 3667 5096 3710 5150; x_wconf 82' lang='grc' dir='ltr'>ὦ</span> 
     </span>
    </p>
   </div>
   <div class='ocr_carea' id='block_1_108' title="bbox 2142 5173 3709 5261">
    <p class='ocr_par' dir='ltr' id='par_1_108' title="bbox 2142 5173 3709 5261">
     <span class='ocr_line' id='line_1_108' title="bbox 2142 5173 3709 5261; baseline 0.013 -38"><span class='ocrx_word' id='word_1_762' title='bbox 2142 5173 2299 5242; x_wconf 73' lang='grc' dir='ltr'>σοφοὶ</span> <span class='ocrx_word' id='word_1_763' title='bbox 2327 5176 2423 5227; x_wconf 79' lang='grc' dir='ltr'><strong>καὶ</strong></span> <span class='ocrx_word' id='word_1_764' title='bbox 2453 5176 2724 5245; x_wconf 81' lang='grc' dir='ltr'><strong>ἀκροαταὶ</strong></span> <span class='ocrx_word' id='word_1_765' title='bbox 2774 5180 2870 5232; x_wconf 75' lang='grc' dir='ltr'><strong>καὶ</strong></span> <span class='ocrx_word' id='word_1_766' title='bbox 2930 5183 3139 5249; x_wconf 75' lang='grc' dir='ltr'><strong>θεαταὶ,</strong></span> <span class='ocrx_word' id='word_1_767' title='bbox 3185 5185 3494 5257; x_wconf 85' lang='grc' dir='ltr'><strong>μέμφεσθε,</strong></span> <span class='ocrx_word' id='word_1_768' title='bbox 3548 5189 3709 5261; x_wconf 75' lang='grc' dir='ltr'><strong>εἴπερ</strong></span> 
     </span>
    </p>
   </div>
   <div class='ocr_carea' id='block_1_109' title="bbox 2139 5263 3709 5345">
    <p class='ocr_par' dir='ltr' id='par_1_109' title="bbox 2139 5263 3709 5345">
     <span class='ocr_line' id='line_1_109' title="bbox 2139 5263 3709 5345; baseline 0.008 -29"><span class='ocrx_word' id='word_1_769' title='bbox 2139 5263 2280 5332; x_wconf 81' lang='grc' dir='ltr'><strong>ἀνὴρ</strong></span> <span class='ocrx_word' id='word_1_770' title='bbox 2309 5263 2486 5332; x_wconf 74' lang='grc' dir='ltr'><strong>γέρων</strong></span> <span class='ocrx_word' id='word_1_771' title='bbox 2534 5267 2629 5317; x_wconf 74' lang='grc' dir='ltr'><strong>καὶ</strong></span> <span class='ocrx_word' id='word_1_772' title='bbox 2657 5266 2781 5319; x_wconf 78' lang='grc' dir='ltr'><strong>οὐδὲ</strong></span> <span class='ocrx_word' id='word_1_773' title='bbox 2811 5268 2950 5322; x_wconf 85' lang='grc' dir='ltr'><strong>πάνυ</strong></span> <span class='ocrx_word' id='word_1_774' title='bbox 2987 5274 3210 5341; x_wconf 75' lang='grc' dir='ltr'>μακρὰν</span> <span class='ocrx_word' id='word_1_775' title='bbox 3241 5276 3709 5345; x_wconf 79' lang='grc' dir='ltr'><strong>ἐσκορακισμένος</strong></span> 
     </span>
    </p>
   </div>
   <div class='ocr_carea' id='block_1_110' title="bbox 2141 5355 3705 5439">
    <p class='ocr_par' dir='ltr' id='par_1_110' title="bbox 2141 5355 3705 5439">
     <span class='ocr_line' id='line_1_110' title="bbox 2141 5355 3705 5439; baseline 0.011 -33"><span class='ocrx_word' id='word_1_776' title='bbox 2141 5355 2327 5422; x_wconf 86' lang='grc' dir='ltr'><strong>λόγου,</strong></span> <span class='ocrx_word' id='word_1_777' title='bbox 2378 5358 2598 5426; x_wconf 77' lang='grc' dir='ltr'><strong>ἡρωῖκὰ</strong></span> <span class='ocrx_word' id='word_1_778' title='bbox 2653 5361 3130 5432; x_wconf 71' lang='grc' dir='ltr'><strong>σκηνοϐατούμενα</strong></span> <span class='ocrx_word' id='word_1_779' title='bbox 3167 5366 3438 5437; x_wconf 86' lang='grc' dir='ltr'><strong>πρόσωπα</strong></span> <span class='ocrx_word' id='word_1_780' title='bbox 3473 5368 3705 5439; x_wconf 76' lang='grc' dir='ltr'><strong>βλέπων,</strong></span> 
     </span>
    </p>
   </div>
   <div class='ocr_carea' id='block_1_111' title="bbox 2142 5449 3708 5530">
    <p class='ocr_par' dir='ltr' id='par_1_111' title="bbox 2142 5449 3708 5530">
     <span class='ocr_line' id='line_1_111' title="bbox 2142 5449 3708 5530; baseline 0.009 -28"><span class='ocrx_word' id='word_1_781' title='bbox 2142 5449 2392 5518; x_wconf 71' lang='grc' dir='ltr'><strong>Πρίαμόν</strong></span> <span class='ocrx_word' id='word_1_782' title='bbox 2417 5465 2538 5502; x_wconf 88' lang='grc' dir='ltr'><strong>τινα</strong></span> <span class='ocrx_word' id='word_1_783' title='bbox 2573 5449 2807 5520; x_wconf 81' lang='grc' dir='ltr'><strong>γέροντα</strong></span> <span class='ocrx_word' id='word_1_784' title='bbox 2840 5455 2935 5509; x_wconf 75' lang='grc' dir='ltr'><strong>καὶ</strong></span> <span class='ocrx_word' id='word_1_785' title='bbox 2999 5458 3350 5530; x_wconf 79' lang='grc' dir='ltr'><strong>’Δτρείωνας,</strong></span> <span class='ocrx_word' id='word_1_786' title='bbox 3402 5465 3527 5527; x_wconf 76' lang='grc' dir='ltr'><strong>τοὺς</strong></span> <span class='ocrx_word' id='word_1_787' title='bbox 3562 5466 3708 5518; x_wconf 86' lang='grc' dir='ltr'><strong>ἀντι-</strong></span> 
     </span>
    </p>
   </div>
   <div class='ocr_carea' id='block_1_112' title="bbox 2144 5541 3707 5622">
    <p class='ocr_par' dir='ltr' id='par_1_112' title="bbox 2144 5541 3707 5622">
     <span class='ocr_line' id='line_1_112' title="bbox 2144 5541 3707 5622; baseline 0.011 -31"><span class='ocrx_word' id='word_1_788' title='bbox 2144 5541 2349 5603; x_wconf 81' lang='grc' dir='ltr'><strong>πάλους</strong></span> <span class='ocrx_word' id='word_1_789' title='bbox 2377 5541 2574 5612; x_wconf 80' lang='grc' dir='ltr'><strong>ἐκείνῳ</strong></span> <span class='ocrx_word' id='word_1_790' title='bbox 2617 5542 2882 5616; x_wconf 76' lang='grc' dir='ltr'><strong>βασιλεῖς,</strong></span> <span class='ocrx_word' id='word_1_791' title='bbox 2931 5549 3025 5602; x_wconf 77' lang='grc' dir='ltr'><strong>καί</strong></span> <span class='ocrx_word' id='word_1_792' title='bbox 3079 5567 3204 5605; x_wconf 87' lang='grc' dir='ltr'><strong>τινα</strong></span> <span class='ocrx_word' id='word_1_793' title='bbox 3271 5554 3555 5622; x_wconf 73' lang='grc' dir='ltr'><strong>Ὀδυσσέα,</strong></span> <span class='ocrx_word' id='word_1_794' title='bbox 3613 5559 3707 5609; x_wconf 79' lang='grc' dir='ltr'><strong>καὶ</strong></span> 
     </span>
    </p>
   </div>
   <div class='ocr_carea' id='block_1_113' title="bbox 538 5730 3700 5822">
    <p class='ocr_par' dir='ltr' id='par_1_113' title="bbox 538 5730 3700 5822">
     <span class='ocr_line' id='line_1_113' title="bbox 538 5730 3700 5822; baseline 0.005 -34"><span class='ocrx_word' id='word_1_795' title='bbox 538 5730 761 5822; x_wconf 14' lang='grc' dir='ltr'><strong>ξλΕΟςΙξῖ</strong></span> <span class='ocrx_word' id='word_1_796' title='bbox 789 5745 842 5822; x_wconf 40' lang='grc' dir='ltr'><strong>ι’,</strong></span> <span class='ocrx_word' id='word_1_797' title='bbox 873 5731 967 5822; x_wconf 60' lang='grc' dir='ltr'><strong>16ζ</strong></span> <span class='ocrx_word' id='word_1_798' title='bbox 1001 5803 1013 5822; x_wconf 49' lang='grc' dir='ltr'><strong>ι</strong></span> <span class='ocrx_word' id='word_1_799' title='bbox 1037 5733 1057 5764; x_wconf 71' lang='grc'><strong><em>⁵</em></strong></span> <span class='ocrx_word' id='word_1_800' title='bbox 1091 5733 1237 5822; x_wconf 64' lang='lat' dir='ltr'><strong>Psal.</strong></span> <span class='ocrx_word' id='word_1_801' title='bbox 1266 5747 1469 5822; x_wconf 15' lang='lat' dir='ltr'><strong>CVXLAVII.</strong></span> <span class='ocrx_word' id='word_1_802' title='bbox 1495 5732 1579 5822; x_wconf 66' lang='lat' dir='ltr'><strong>l7.</strong></span> <span class='ocrx_word' id='word_1_803' title='bbox 1616 5734 1850 5822; x_wconf 36' lang='lat' dir='ltr'><strong>m‘llibi‘d.</strong></span> <span class='ocrx_word' id='word_1_804' title='bbox 1891 5733 1973 5790; x_wconf 79' lang='grc'><strong>16.</strong></span> <span class='ocrx_word' id='word_1_805' title='bbox 2052 5737 2250 5822; x_wconf 52' lang='grc' dir='ltr'><strong>ξΛΡδίιΙ.</strong></span> <span class='ocrx_word' id='word_1_806' title='bbox 2284 5756 2482 5807; x_wconf 69' lang='grc' dir='ltr'><strong>ςινιιι,</strong></span> <span class='ocrx_word' id='word_1_807' title='bbox 2517 5741 2638 5797; x_wconf 63' lang='grc'><strong>105.</strong></span> <span class='ocrx_word' id='word_1_808' title='bbox 2713 5744 2732 5773; x_wconf 71' lang='grc' dir='ltr'><strong><em>τ</em></strong></span> <span class='ocrx_word' id='word_1_809' title='bbox 2765 5745 2779 5798; x_wconf 92' lang='grc' dir='ltr'><strong>ι</strong></span> <span class='ocrx_word' id='word_1_810' title='bbox 2820 5745 2950 5812; x_wconf 74' lang='lat' dir='ltr'><strong>lleg.</strong></span> <span class='ocrx_word' id='word_1_811' title='bbox 2979 5763 3109 5812; x_wconf 75' lang='lat' dir='ltr'><strong>xvii,</strong></span> <span class='ocrx_word' id='word_1_812' title='bbox 3142 5748 3203 5816; x_wconf 89' lang='lat'><strong>7;</strong></span> <span class='ocrx_word' id='word_1_813' title='bbox 3238 5749 3281 5803; x_wconf 93' lang='lat' dir='ltr'><strong>ll</strong></span> <span class='ocrx_word' id='word_1_814' title='bbox 3309 5751 3438 5822; x_wconf 57' lang='lat' dir='ltr'><strong>Reg.</strong></span> <span class='ocrx_word' id='word_1_815' title='bbox 3478 5768 3589 5817; x_wconf 72' lang='lat' dir='ltr'><strong>ut,</strong></span> <span class='ocrx_word' id='word_1_816' title='bbox 3626 5753 3700 5813; x_wconf 77' lang='lat' dir='ltr'><strong>l9.</strong></span> 
     </span>
    </p>
   </div>
   <div class='ocr_carea' id='block_1_114' title="bbox 470 5798 1537 5870">
    <p class='ocr_par' dir='ltr' id='par_1_114' title="bbox 470 5798 1537 5870">
     <span class='ocr_line' id='line_1_114' title="bbox 470 5798 1537 5870; baseline -0.007 -9"><span class='ocrx_word' id='word_1_817' title='bbox 470 5798 490 5836; x_wconf 71' lang='grc'>⁸</span> <span class='ocrx_word' id='word_1_818' title='bbox 519 5801 654 5861; x_wconf 72' lang='lat' dir='ltr'><strong>Dan.</strong></span> <span class='ocrx_word' id='word_1_819' title='bbox 687 5815 784 5867; x_wconf 70' lang='grc' dir='ltr'><strong>λιι,</strong></span> <span class='ocrx_word' id='word_1_820' title='bbox 816 5804 867 5857; x_wconf 76' lang='lat'><strong>3.</strong></span> <span class='ocrx_word' id='word_1_821' title='bbox 950 5806 967 5834; x_wconf 87' lang='lat'><strong>’</strong></span> <span class='ocrx_word' id='word_1_822' title='bbox 999 5803 1102 5864; x_wconf 77' lang='lat' dir='ltr'><strong>lsa.</strong></span> <span class='ocrx_word' id='word_1_823' title='bbox 1141 5820 1326 5864; x_wconf 77' lang='lat' dir='ltr'><strong>nvui,</strong></span> <span class='ocrx_word' id='word_1_824' title='bbox 1375 5810 1389 5856; x_wconf 86' lang='grc' dir='ltr'><strong>ι</strong></span> <span class='ocrx_word' id='word_1_825' title='bbox 1424 5819 1537 5870; x_wconf 74' lang='lat' dir='ltr'><strong>seq.</strong></span> 
     </span>
    </p>
   </div>
   <div class='ocr_carea' id='block_1_115' title="bbox 1616 5807 2130 5872">
    <p class='ocr_par' dir='ltr' id='par_1_115' title="bbox 1616 5807 2130 5872">
     <span class='ocr_line' id='line_1_115' title="bbox 1616 5807 2130 5872; baseline 0.004 -16"><span class='ocrx_word' id='word_1_826' title='bbox 1616 5807 1658 5835; x_wconf 81' lang='lat'><strong>“’</strong></span> <span class='ocrx_word' id='word_1_827' title='bbox 1686 5807 1849 5857; x_wconf 58' lang='lat' dir='ltr'><strong>licvit.</strong></span> <span class='ocrx_word' id='word_1_828' title='bbox 1885 5822 2009 5872; x_wconf 72' lang='lat' dir='ltr'><strong>nx,</strong></span> <span class='ocrx_word' id='word_1_829' title='bbox 2050 5810 2130 5870; x_wconf 79' lang='grc'><strong>10.</strong></span> 
     </span>
    </p>
   </div>
  </div>
