4090 6414
339 397 444 461 417

1303 373 1601 440 CONTRA
1643 361 2139 429 lNJURlARUM
2183 353 2484 418 MEMORI
2499 352 2621 410 ΑΜ.

3478 338 3586 404 438

338 505 522 566 ἄλλον,
560 499 790 559 Αἴαντα,
823 488 1178 561 διερμηνεύει
1217 485 1350 556 πρὸς
1380 483 1504 543 τοὺς
1552 489 1912 544 παρεστωτας
1947 509 1960 531 ε

2065 465 2172 519 abis
2217 460 2518 516 astantibus
2551 457 2938 522 interpretatur
2971 465 3076 505 non
3123 450 3240 504 haec
3286 463 3410 504 (εει
3439 465 3586 515 vera,

2099 558 2110 566 ι
2244 555 2275 566 .-
2462 565 2467 566 ,
2546 565 2552 566 ,
2585 549 2597 566 I
2627 564 2635 566 μ
2664 548 2694 566 I!
2715 561 2787 566 ___-
2842 544 2921 566 ---1
2973 553 3024 566 .-ι
3049 542 3326 566 ιιι.-.η,.ιξ..-
3358 543 3566 566 .Ιέ--ι....

341 596 486 665 ὑμᾶς
513 589 740 661 δηλαδὴ,
779 586 856 655 μὴ
891 581 1067 652 ἀληθῆ
1098 578 1258 633 ταῦτ’
1323 573 1486 637 εἶναι,
1540 569 1674 625 ἀλλὰ
1706 566 1910 636 σκηνῆς

340 664 635 754 ποιητικῆς
670 679 917 747 παίγνια,
948 677 981 744 ἢ
1034 674 1194 731 σκιὰς
1224 668 1508 738 ἀληθείας,
1562 664 1737 716 εἰπεῖν
1778 674 1912 724 σεμ-

341 751 606 846 vdes-90v;
647 772 747 826 καὶ
775 771 867 822 τὸν
903 768 1003 838 μὲν
1056 765 1500 835 προφαινόμενον
1534 755 1783 826 Πρίαμον
1823 751 1916 846 civ.-

345 869 567 937 Θρωτεον
599 859 953 918 ἀποδεικνύει
1005 856 1238 923 δυσγενῆ
1277 851 1467 912 ποθεν,
1501 846 1596 901 καί
1655 861 1758 897 που
1824 840 1919 892 καὶ

343 932 552 1024 δοῦλον,
578 956 704 1018 τοὺς
728 954 787 1017 ἐξ
830 951 1066 1021 Ἀτρέως
1117 949 1176 1002 δὲ
1206 940 1650 1015 ταριχεμπόρους
1685 934 1804 1004 μὲν,
1832 932 1920 984 δε-

347 1057 496 1122 ξιοὺς
534 1053 589 1105 δὲ
621 1049 967 1116 λογολεσχεῖν
997 1043 1092 1096 ἐπὶ
1125 1040 1358 1106 θεάτρου
1418 1027 1922 1122 μεγαλορρημόνως

349 1149 444 1200 καὶ
479 1143 761 1205 εὐσταλῶς
801 1139 998 1202 οὕτως,
1059 1135 1134 1195 ὡς
1190 1126 1605 1200 παρεμφαίνειν
1669 1116 1924 1191 βασιλικὰ

352 1241 620 1310 πρόσωπα
642 1253 656 1268 ο
691 1237 782 1288 τὸν
814 1234 872 1286 δέ
909 1247 1031 1284 τινα
1071 1227 1135 1280 ἐκ
1185 1240 1288 1278 που
1361 1215 1725 1310 ματρυλλείρυ
1760 1212 1927 1310 ἐξωρ-

357 1302 626 1405 μημένον,
659 1326 756 1379 καὶ
787 1322 846 1376 εὖ
873 1320 1054 1373 εἰδότα
1087 1313 1206 1369 κατ’
1240 1312 1448 1382 ἀγορὰν
1489 1302 1926 1374 στωμύλλεσθαι,

355 1395 450 1478 καὶ
480 1423 561 1483 είς
596 1409 1156 1488 ῥωποπερπερήθραν
1183 1400 1533 1458 σκώπτεσθαι
1562 1395 1932 1468 παραφαίνειν

357 1511 740 1585 ὑποκριτικῶς
777 1509 866 1560 τὸν
898 1503 1080 1571 λόγιον
1122 1495 1390 1550 Ὀδυσσέα
1421 1511 1433 1523 ⁸
1467 1494 1673 1546 Αἴαντα
1723 1489 1801 1553 δὲ,
1842 1487 1931 1539 τὸν

358 1579 802 1678 προφαινόμενον
835 1595 1033 1667 μέγαν,
1090 1591 1184 1644 καὶ
1219 1586 1364 1641 καθὰ
1391 1601 1472 1647 τις
1510 1583 1612 1652 ἔφη
1641 1579 1931 1648 πελώριον,

363 1668 505 1752 είναι
536 1668 838 1766 μὲν-ἄλλως
865 1686 1045 1754 ὀλίγον
1105 1683 1199 1734 καὶ
1229 1677 1532 1740 ούτιδανὺν,
1586 1668 1934 1741 ἐμϐεϐηκότα

360 1792 418 1844 δὲ
445 1759 680 1858 ὑψηλαῖς
710 1781 966 1852 ἐμϐάσιν,
1020 1777 1052 1846 ἢ
1096 1773 1188 1827 καὶ
1217 1771 1395 1830 ἄλλως
1430 1766 1798 1833 ξυλοϐαμονα,
1857 1759 1935 1829 τῷ

2018 558 2110 613 sed
2136 555 2360 625 poeticae
2388 565 2563 606 scena:
2585 548 2814 611 ludicra,
2842 544 2944 610 vel,
2973 553 3029 598 ut
3047 542 3328 599 honestius
3355 543 3588 606 dicatur,

2020 649 2266 706 veritatis
2302 645 2558 709 umbras;
2597 653 2649 696 et
2697 639 2848 694 illum
2900 638 3115 708 quidem
3160 635 3590 692 illustrissimum

2021 743 2296 799 Priamum
2329 738 2602 793 hominem
2629 733 2870 790 ostendit
2895 731 3183 800 ignobilem
3219 739 3275 784 et
3307 731 3447 784 forte
3477 744 3594 783 ser—

2022 850 2182 900 vum;
2211 831 2351 886 ﬁlios
2391 838 2570 883 autem
2622 825 2808 887 Atrei,
2853 825 3318 889 salsamentarios,
3358 824 3453 878 sed
3497 824 3593 876 ha-

2027 927 2164 982 biles
2195 926 2246 978 in
2284 937 2449 979 scena
2481 921 2562 976 sic
2591 935 2713 974 cum
2740 918 3000 988 jactantia
3027 915 3393 986 l‘acilitateque
3425 916 3598 985 loqui-

2029 1024 2276 1081 tare,ut
2342 1012 2520 1081 regias
2586 1011 2817 1081 tigurent
2875 1024 3163 1078 personas;
3216 1008 3360 1063 hunc
3417 1016 3595 1064 autem

2027 1108 2314 1179 quemdam
2398 1119 2429 1160 e
2493 1104 2738 1173 lupanari
2813 1100 3062 1157 fortassis
3122 1111 3392 1166 exortum,
3461 1104 3600 1156 bene

2030 1201 2293 1255 scientem
2350 1197 2403 1251 in
2466 1195 2586 1250 foro
2646 1194 2855 1264 garrire
2896 1192 3316 1263 joculariterque
3367 1195 3599 1262 nugari,

2033 1290 2225 1346 diserti
2283 1300 2571 1356 personam
2642 1284 2859 1355 Ulyssis
2901 1295 3322 1352 repraesentare;
3382 1283 3603 1352 Ajacem

2033 1397 2182 1444 vero,
2203 1378 2660 1450 praeeminentem,
2689 1391 2961 1445 magnum,
3003 1384 3058 1430 et
3107 1376 3246 1429 sicut
3281 1375 3478 1444 aliquis
3522 1377 3607 1430 di-

2037 1473 2202 1534 xerit,
2253 1469 2563 1538 ingentem,
2615 1481 2734 1522 esse
2769 1465 2981 1534 quidem
3030 1465 3245 1518 aliunde
3279 1480 3502 1534 parvum
3551 1475 3609 1520 ct

2037 1561 2291 1621 debilem,
2337 1561 2452 1625 sed,
2499 1556 2784 1612 altissimis
2828 1557 3134 1627 ingressum
3181 1556 3484 1619 cothurnis,
3525 1558 3608 1610 vel

2041 1654 2176 1707 alias
2218 1652 2367 1722 ligno
2396 1650 2760 1720 gradientem,
2808 1648 2888 1702 sic
2939 1648 3170 1702 exaltari
3221 1662 3384 1717 super
3433 1649 3608 1703 solum

1963 1741 1978 1764 '
2041 1744 2369 1807 sublimem,
2417 1751 2469 1796 et
2524 1741 2660 1796 adeo
2707 1741 3030 1811 jac-latorem
3067 1739 3424 1798 obumbrare:
3482 1742 3610 1806 quid

362 1829 418 1844 νε
449 1829 679 1858 ’νγ-ι’·-Ἶ
711 1829 911 1852 *Γπ-η
954 1829 966 1842 υ
1041 1829 1052 1846 ι
1379 1829 1387 1830 κ
1442 1829 1455 1832 ν
1640 1829 1650 1833 -

362 1887 501 1942 τέως
563 1879 693 1931 ὄντα
748 1870 1054 1940 ὑπεξῆρθαι
1104 1865 1199 1919 τοῦ
1231 1862 1465 1916 δαπέδου
1519 1858 1817 1928 μετέωρον,
1842 1853 1938 1904 καὶ

2065 1854 2170 1906 :rgo
2208 1837 2334 1891 talia
2370 1834 2670 1889 mordentia
2705 1848 2802 1888 vos
2839 1832 3203 1887 contristent?
3236 1829 3405 1885 Porro
3440 1850 3614 1885 nmine

363 1975 507 2029 οὕτω
537 1970 786 2032 σκιάζειν
835 1965 927 2016 τὸν
953 1959 1226 2032 βουγάἶον’
1263 1956 1317 2009 τί
1341 1953 1472 2021 γοῦν
1506 1951 1650 2019 ὑμᾶς
1685 1947 1939 2017 παραλυ-

365 2067 461 2120 πεῖ
489 2062 558 2116 τὰ
590 2058 818 2113 τοιαῦτα
849 2041 1120 2109 δὲικνοντα
1148 2068 1162 2114 ;
1190 2045 1268 2102 Ἶι
1293 2049 1401 2117 γὰρ
1428 2045 1488 2097 ού
1529 2041 1770 2103 τοιοῦτος
1807 2039 1937 2106 ἐγὼ,

366 2155 663 2222 διελέγχων
694 2145 1111 2220 ἐρμηνευτικῶς
1166 2140 1310 2207 λόγῳ
1357 2136 1443 2189 διὰ
1477 2133 1734 2202 γνώσεως
1785 2133 1942 2198 ἀκρι-

369 2249 498 2312 ϐοῦς
532 2248 602 2300 τὰ
640 2246 697 2298 ἐν
735 2244 869 2312 ἡμῖν
899 2231 1297 2308 σμικροπρεπῆ
1327 2227 1586 2298 σκηνικὰ,
1621 2227 1714 2278 καὶ
1739 2225 1944 2291 διαφω-

370 2343 535 2404 τὶζων
561 2338 634 2392 τὰ
677 2331 1032 2407 μεγαλοφανῆ
1082 2328 1182 2396 μὲν
1214 2323 1334 2378 κατ’
1369 2321 1514 2392 ὄψιν,
1549 2322 1689 2372 πάνυ
1723 2317 1780 2370 δὲ
1820 2333 1947 2385 σμιυ

371 2429 704 2506 κροπρεπῶς
740 2426 914 2488 ἄλλως
943 2422 1164 2492 ἔχοντα,
1191 2418 1288 2471 καὶ
1320 2415 1657 2482 διεκφαίνων
1688 2410 1786 2476 τὴν
1818 2408 1949 2462 ὑπό-

376 2502 585 2602 κρισιν,
616 2519 833 2583 καὶτὰς
863 2513 1168 2586 φαντασίας
1198 2508 1493 2577 διαρθρῶν,
1522 2504 1598 2567 ὡς
1629 2503 1693 2556 ἂν
1722 2502 1950 2602 Exacto;

373 2590 512 2693 πρὸς
559 2616 821 2687 ἀλήθειαν
876 2604 1260 2674 διεκφαίνοιτο,
1315 2599 1409 2653 καὶ
1442 2595 1766 2664 γινώσκοιτο
1816 2590 1950 2693 πρὸς

374 2682 686 2782 ἀκρίϐειαν,
721 2705 817 2759 καὶ
851 2699 928 2771 μὴ
967 2695 1151 2767 γελῴη
1181 2693 1306 2754 τοὺς
1340 2689 1660 2758 βλέποντας,
1689 2685 1761 2746 ὡς
1795 2682 1953 2744 ἄλλος

382 2809 478 2878 μὲν
509 2804 603 2865 ὢν,
639 2799 873 2868 ἑτεροῖος
898 2793 956 2846 δὲ
983 2793 1094 2850 τοῖς
1113 2786 1322 2849 πολλοῖς
1361 2779 1767 2851 φανταζόμενος
1795 2793 1813 2842 ;

451 2895 548 2962 λζ’.
577 2891 656 2946 Ἦ
689 2867 800 2959 γὰρ
819 2887 942 2958 δίχα
989 2884 1098 2936 τῶν
1131 2879 1307 2934 ἄλλων
1368 2871 1827 2942 σκηνοὸατήσεων
1859 2867 1958 2936 οὐχ

381 2995 431 3046 οἱ
457 2958 710 3047 πλείονες
731 2958 1069 3052 προσωπείῳ
1091 2972 1278 3042 φιλίας
1301 2967 1562 3037 ἄχθονται
1612 2965 1711 3031 μὲν
1751 2961 1879 3026 ἔξω,
1909 2958 1962 3011 εῑ

387 3101 507 3138 τινα
535 3077 876 3146 λυπούμενον
906 3071 1090 3130 ῐδοιεν,
1120 3066 1188 3118 τὰ
1222 3063 1268 3116 δ’
1297 3060 1450 3121 ἐντὸς
1480 3056 1760 3126 κροτοῦσι,
1802 3067 1962 3119 σκιρ-

388 3177 574 3239 τῶσιν,
631 3167 918 3240 ὀρχοῦνται
955 3162 1050 3214 καὶ
1073 3156 1445 3229 προσποίητον
1482 3151 1631 3203 ἔλεον
1665 3143 1959 3215 παραυγά-

389 3266 574 3332 ζοντες
604 3260 932 3333 βαρύνονται
963 3254 1056 3308 ἐπὶ
1079 3252 1192 3312 τοῖς
1222 3249 1282 3300 ἐν
1310 3245 1533 3306 λύπαις,
1558 3241 1656 3310 οὐχ
1686 3239 1767 3292 ὅτι
1790 3237 1968 3290 τοιοῦ-

389 3380 494 3422 τοι,
517 3358 631 3412 ἀλλ’
661 3358 745 3410 ὅτι
779 3353 950 3418 ζῶσιν
981 3348 1083 3413 ἔτι,
1135 3345 1229 3398 καὶ
1261 3343 1362 3396 οὐκ
1417 3337 1792 3407 ἀπάγχονται;
1852 3333 1967 3388 Οὐκ

390 3449 766 3514 ἐκδανείζουσι
803 3444 901 3515 μὲν
934 3441 1028 3494 ἐπί
1049 3436 1334 3505 ἁνεγέρσει
1374 3429 1670 3499 πτώματος
1703 3427 1800 3479 τοῦ
1827 3423 1970 3478 κατὰ

394 3545 693 3617 πτωχείαν,
727 3537 892 3592 τόκου
946 3533 1003 3586 δὲ
1030 3529 1126 3583 τοῦ
1165 3525 1416 3581 ἐντεῦθεν
1451 3522 1590 3593 βαρύ
1625 3537 1680 3573 τι
1707 3519 1972 3590 καταρρι-

392 3612 612 3702 πτοῦσι,
641 3627 841 3706 μικροῦ
865 3627 984 3681 δέον
1011 3621 1108 3676 καὶ
1133 3621 1214 3682 εἰς
1239 3618 1301 3671 τὸ
1327 3614 1472 3685 λιμῷ
1495 3613 1678 3666 θανεῖν
1698 3612 1966 3664 οἴκτιστα.

397 3735 508 3789 Καὶ
538 3701 682 3784 οὕτω
736 3701 982 3793 σχήματι
1038 3713 1191 3767 ἐλέου
1240 3712 1318 3773 είς
1349 3707 1578 3769 ἑαυτοὺς
1606 3704 1668 3756 τὸ
1699 3701 1971 3772 πτωχικὸν

397 3827 749 3892 ἐπαγόμενοι,
783 3813 876 3868 καὶ
930 3803 1432 3879 περιπτυσσόμενοι
1471 3797 1546 3860 ὼς
1599 3799 1679 3860 είς
1727 3795 1969 3863 ἀγάπην,

398 3915 520 3971 εἶτα
549 3887 690 3966 κατὰ
711 3907 928 3975 ἀπάτην
960 3899 1289 3970 σφάττουσιν
1321 3889 1584 3961 ἀνηλεῶς,
1621 3887 1684 3940 οὐ
1725 3902 1972 3957 προσκυ-

398 4008 619 4068 νοῦντες
648 4002 742 4057 κα)⁸
771 3993 1123 4064 εὐλογοῦντες
1171 3987 1298 4048 τοὺς
1345 3981 1776 4052 ἐντυγχάνοντας
1803 3996 1816 4008 ⁸
1857 3974 1976 4030 εἶτα

405 4100 600 4172 μικρόν
620 4115 672 4150 τι
702 4089 1093 4165 προσελθόντες
1123 4082 1218 4137 καὶ
1244 4083 1310 4134 ἐκ
1343 4075 1638 4146 προσώπου
1668 4071 1972 4141 γενόμενοι,

401 4163 471 4250 τὰ
511 4163 762 4263 χείριστα
808 4175 1211 4246 κακολογοῦσν,
1264 4169 1632 4263 μορφαζοντες
1678 4165 1775 4234 μὲν
1821 4163 1975 4233 φίλον

402 4257 713 4356 ἄνθρωπον,
757 4279 872 4339 τοῖς
904 4273 961 4327 δέ
1015 4269 1199 4342 ἔργοις
1225 4261 1578 4334 λυσσητῆρας
1621 4259 1792 4356 κύνας
1824 4257 1977 4356 ’ὐπο-

403 4348 732 4450 γράφοντες.
783 4367 849 4424 Τί
885 4365 960 4436 μὴ
1006 4361 1149 4429 λέγω
1195 4357 1258 4412 τὸ
1289 4354 1626 4427 βαρύτερον;
1660 4349 1733 4403 Οὐ
1764 4348 1977 4436 τιθέασι

403 4441 501 4535 τας
529 4441 781 4539 γλώσσας
804 4462 885 4524 είς
911 4455 1164 4528 οὐρανὸν,
1191 4451 1325 4504 Θεὸν
1346 4449 1436 4502 τὸν
1463 4445 1716 4516 οὐράνιον
1742 4441 1980 4511 ἐπομνύ-

2043 1931 2168 1984 talis
2201 1944 2306 1999 ego
2333 1944 2476 1991 sum,
2510 1925 2964 1993 interpretatione
3001 1940 3098 1994 per
3129 1933 3438 1978 accuratam
3475 1928 3614 1977 noti-

2047 2025 2173 2076 tiam
2205 2021 2518 2090 dijudicans
2548 2034 2609 2073 ea
2636 2033 2757 2088 qua:
2796 2018 3078 2073 uobiscum
3113 2025 3244 2072 sunt
3273 2016 3465 2086 pusilla
3498 2031 3614 2072 sce-

2048 2116 2190 2181 nica,
2218 2114 2571 2182 revelansque
2593 2112 2682 2166 illa
2710 2125 2827 2181 qum
2852 2125 3044 2180 magna
3069 2109 3287 2179 quidem
3316 2121 3442 2166 sunt
3472 2111 3612 2174 visu,

2047 2209 2140 2263 sed
2169 2207 2389 2262 aliunde
2415 2205 2639 2275 parvula
2669 2203 2849 2267 valde,
2879 2203 3237 2258 manifestans
3262 2203 3616 2274 hypocrisim,

2049 2311 2103 2357 et
2135 2301 2346 2371 species
2375 2298 2676 2368 explicans,
2702 2306 2755 2351 ut
2795 2297 3167 2366 unusquisque
3195 2297 3494 2353 secundum
3528 2313 3621 2351 ve-

2051 2395 2267 2448 ritatem
2326 2399 2585 2461 appareat
2655 2390 3002 2458 perfectoque
3074 2399 3356 2457 noscatur,
3409 2400 3464 2446 et
3510 2406 3616 2444 non

2051 2487 2377 2557 aSpieientes
2435 2485 2676 2547 irrideat,
2735 2482 2915 2552 quasi,
2975 2497 3098 2536 cum
3143 2484 3282 2539 alius
3345 2483 3437 2550 sit,
3483 2483 3621 2538 alius

2055 2577 2388 2634 multitudini
2423 2586 2860 2646 repraesentetur.

2131 2850 2221 2905 57.
2265 2847 2522 2919 Nunquid
2557 2846 2705 2903 enim
2735 2857 2931 2916 praeter
2965 2844 3101 2899 alias
3148 2859 3340 2900 scenas
3377 2858 3480 2898 non
3510 2858 3630 2912 p.c-

2063 2945 2217 3012 rique
2256 2945 2358 2998 sub
2387 2942 2636 2996 amicitiae
2663 2955 2892 3011 persona
2919 2939 3145 2994 moleste
3186 2939 3370 2993 ferunt
3413 2949 3630 2992 extror-

2064 3051 2184 3090 sum
2220 3035 2462 3105 quidem,
2486 3035 2528 3088 si
2558 3033 2845 3102 quemdam
2881 3031 3096 3086 videant
3127 3029 3404 3090 alllietum.
3438 3030 3632 3084 intror-

2067 3147 2188 3186 sum
2237 3139 2415 3184 autem
2471 3128 2756 3198 plaudunt,
2819 3128 3134 3192 exsultant,
3199 3127 3520 3197 tripudiant,
3582 3138 3634 3183 et

2076 3221 2254 3276 ﬁctam
2323 3220 2726 3275 miserationem
2781 3227 3270 3289 praatttonstrantes
3344 3230 3636 3288 gravantur

2077 3329 2239 3380 super
2269 3313 2350 3367 eis
2381 3312 2472 3381 qui
2523 3317 2777 3378 maerent,
2829 3326 2935 3364 non
2988 3309 3115 3381 quia
3166 3310 3304 3364 tales
3345 3319 3494 3374 sunt,
3547 3314 3638 3365 sed

2075 3403 2203 3473 quia
2221 3403 2406 3457 vivunt
2420 3401 2595 3457 adhuc
2607 3411 2660 3456 et
2679 3416 2783 3455 non
2800 3400 3244 3470 strangulantur?
3264 3397 3379 3455 Non
3399 3417 3640 3458 commo-

2079 3503 2210 3556 dant
2225 3499 2448 3569 quidem
2468 3497 2534 3551 ad
2553 3497 2899 3552 relevandum
2923 3499 2980 3552 in
3003 3507 3380 3567 paupertatem
3408 3499 3641 3568 lapsum,

2079 3591 2174 3646 sed
2207 3589 2410 3646 tenoris
2441 3588 2568 3643 inde
2616 3585 2730 3640 nati
2761 3586 2974 3656 pondus
3011 3588 3064 3641 in
3091 3601 3216 3642 eum
3247 3588 3556 3659 projiciunt,
3589 3601 3642 3645 ut

2079 3685 2224 3741 fame
2282 3682 2480 3738 misere
2526 3680 2811 3735 moriatur.
2849 3679 2917 3733 Et
2971 3678 3044 3732 ita
3113 3679 3215 3734 sub
3282 3680 3646 3738 miserationis

2081 3775 2262 3845 specie
2295 3773 2362 3828 ad
2408 3787 2468 3828 se
2502 3772 2781 3825 trahentes
2813 3768 2957 3838 quod
3000 3783 3230 3838 egenum
3278 3783 3360 3824 est
3409 3778 3463 3824 et
3493 3774 3647 3840 quasi

2081 3868 2354 3926 charitate
2403 3866 2852 3932 eomptecteutes,
2894 3861 3090 3916 deinde
3142 3876 3238 3928 per
3275 3861 3649 3932 deceptiouem

2086 3961 2382 4020 crudeliter
2405 3957 2674 4029 iugulant,
2714 3969 2820 4009 non
2862 3955 3153 4009 adorantes
3185 3969 3285 4009 nec
3329 3956 3652 4012 benedieen

2087 4067 2168 4112 tes
2198 4051 2648 4116 occurrentibus;
2685 4057 2874 4120 postea
2903 4048 3177 4117 paululum
3209 4049 3479 4118 progressi
3507 4059 3561 4104 et
3582 4065 3649 4104 ex

2086 4153 2205 4206 visit
2233 4146 2427 4218 elapsi,
2459 4143 2693 4214 pessime
2714 4141 3065 4204 maledicunt.
3096 4142 3416 4197 simulantes
3435 4142 3652 4210 quidem

2087 4243 2320 4298 amicum
2335 4239 2633 4300 hominem,
2657 4234 2752 4291 sed
2783 4234 3046 4304 operibus
3073 4233 3192 4289 suis
3227 4233 3448 4289 rabidos
3489 4248 3654 4288 canes

2088 4337 2467 4406 depingentes.
2497 4329 2636 4398 Quid
2667 4343 2770 4383 non
2802 4327 3024 4398 gravius
3051 4319 3216 4382 dico?
3245 4324 3434 4382 Nonne
3459 4326 3660 4381 tollunt

2085 4429 2306 4497 linguas
2324 4424 2376 4477 in
2393 4421 2613 4486 malum,
2635 4419 2803 4474 Deum
2843 4417 3124 4473 caelestem
3149 4425 3540 4481 contestantes,
3570 4416 3658 4472 id-

409 4511 992 4636 μυενοίῗκαλῂαἷύτδυούκ
1018 4548 1112 4602 ἐπὶ
1151 4511 1414 4611 αληθείας
1451 4511 1698 4602 ἐνδείξει,
1737 4532 1852 4587 ἀλλ’
1889 4533 1960 4636 ἐπ

2087 4535 2194 4591 que
2233 4534 2337 4573 non
2379 4517 2444 4570 ad
2483 4514 2730 4569 veritatis
2762 4511 3303 4576 demonstrationem,
3345 4514 3439 4566 sed
3460 4513 3527 4566 ad
3559 4513 3659 4566 ab-

2090 4610 2396 4636 ,ηημιηηλη
2435 4622 2496 4636 ..α
2525 4622 2644 4636 mm.
2693 4618 2946 4636 nni-“Anan
2975 4602 3339 4636 ηιιιιΙςισι.ιι.η.9
3367 4603 3523 4636 Τιιιοο
3560 4620 3659 4636 οηη

408 4623 631 4732 κρύψει,
681 4645 757 4706 ὧν
810 4643 1067 4715 πονηρῶς
1110 4637 1504 4710 βουλεύονταις
1556 4627 1846 4688 Τοιούτους
1873 4623 1984 4692 ἐγὼ

409 4716 612 4812 κακοὺς
645 4739 949 4813 ὑποκριτὰς
1001 4732 1354 4804 ἐξευρίσκων,
1414 4725 1515 4778 καὶ
1548 4721 1635 4775 ἐπ’
1678 4716 1986 4786 αὐτοφώρῳ

412 4809 651 4903 κλέπτας
687 4809 805 4891 τοῦ-
842 4827 1080 4899 ἀληθοῦς
1137 4822 1466 4891 ἐξελέγχων,
1517 4815 1611 4869 καὶ
1641 4812 1770 4867 ἄλλο
1799 4809 1988 4903 μέντοι

416 4933 776 5007 φαινομένους
801 4919 1150 4982 ἀποδεικνὺς,
1181 4911 1432 4972 ἀλλοίους
1463 4908 1522 4962 δὲ
1543 4906 1613 4958 τὰ
1653 4903 1761 5007 ἔσω
1790 4902 1992 5007 διακει-

421 4994 638 5099 μένους’,
669 5023 763 5075 καὶ
793 5015 954 5071 τοῦτο
982 5011 1084 5064 οῦκ
1107 5002 1365 5068 εἰσάπαξ,
1410 4999 1547 5053 ἀλλὰ
1566 5089 1577 5099 .
1603 4997 1700 5049 καὶ
1750 4994 1816 5063 σή
1826 5009 1991 5099 μερον

417 5085 514 5175 καὶ
547 5085 738 5186 αῦριον
769 5110 865 5164 καὶ⁵
899 5108 956 5170 ἐς
988 5103 1090 5174 τὴν
1140 5097 1308 5164 ἄλλην
1361 5092 1458 5147 καὶ
1494 5089 1589 5144 ἐπὶ
1618 5091 1740 5186 ταῖς
1769 5085 1991 5154 ἐφεξῆς,

423 5178 712 5286 μικροῦ-δὲ
765 5203 1030 5269 λείπομαι
1088 5193 1298 5252 εἰπεῖν,
1353 5184 1544 5286 ἐσαεὶ,
1561 5183 1653 5286 καὶ
1681 5179 1851 5239 οὕτως
1883 5178 1993 5231 aiat

421 5272 702 5363 καὶ-αὑτὸς
735 5291 1078 5366 μεμνημένος
1131 5283 1227 5338 τοῦ
1257 5279 1463 5341 κακοὺς
1492 5272 1634 5330 εἷναί
1655 5290 1830 5336 τινας,
1865 5288 1995 5323 συν-

421 5400 642 5468 τίθεμαι
686 5361 1046 5460 -ἀφιλοσόφως
1103 5379 1181 5441 είς
1228 5373 1406 5468 τύπον
1459 5369 1816 5468 μνησίκακον.
1885 5361 1996 5417 Καὶ

424 5495 524 5544 οὐκ
545 5456 717 5542 ἐἷπον
755 5456 838 5536 γτὰ
869 5475 1179 5545 σοφώτερα,
1234 5466 1321 5536 ἐφ’
1351 5459 1430 5526 οἷς
1465 5463 1515 5515 οί
1547 5460 1732 5514 πολλοὶ
1756 5456 1990 5526 ἄροτρον

429 5577 764 5653 μὲνάγαοῆς
790 5569 1054 5642 ἐργασίας
1085 5562 1445 5634 χειρίζονται,
1501 5550 1888 5623 στρεϐλοῦντες
1940 5547 1996 5600 δὲ

425 5642 578 5737 αὐτὸ,
599 5642 818 5738 φαύλας
857 5679 918 5714 τε
945 5653 1329 5726 ἀνασχίζουσιν
1357 5647 1625 5707 αὔλακας,
1659 5645 1754 5696 καὶ
1794 5642 2001 5709 σπόρον

426 5771 525 5821 οὐκ
551 5758 772 5827 εύλογού
784 5769 940 5826 μενον
967 5744 1422 5804 καταῦάλλοντες,
1455 5737 1523 5789 τὰ
1559 5734 1731 5788 πλείω
1767 5731 1865 5800 μὲν
1899 5746 2003 5782 πα-

434 5819 836 5918 ραθεωροῦνται
863 5841 953 5896 ὑπ’
982 5835 1141 5910 ἐμοῦ,
1168 5833 1285 5887 ἐστι
1318 5831 1360 5883 δ’
1386 5829 1475 5881 ὅτε
1501 5825 1595 5878 καὶ
1620 5819 2003 5876 mesen»

2089 4610 2400 4668 scondenda
2433 4622 2496 4662 ea
2524 4622 2644 4676 qua:
2693 4618 2946 4674 perverse
2975 4602 3339 4658 meditantur?
3367 4603 3525 4658 Tales
3559 4620 3662 4674 ego

2089 4705 2263 4760 malos
2299 4701 2607 4770 hypocritas
2659 4697 3044 4759 adiuveniens,
3093 4704 3147 4748 et
3193 4695 3246 4749 in
3286 4693 3540 4766 ﬂagranti
3594 4697 3662 4750 de

2090 4795 2336 4853 veritatis
2373 4793 2516 4847 furto
2547 4790 2898 4852 convincens,
2941 4796 2996 4842 et
3027 4787 3320 4840 ostendens
3355 4786 3513 4839 aliter
3544 4787 3664 4852 qui-

2092 4891 2214 4944 dem
2260 4899 2472 4956 parere,
2524 4881 2682 4935 aliter
2711 4889 2892 4934 autem
2947 4880 3094 4933 intus
3139 4879 3427 4942 exsistere,
3500 4876 3666 4947 idque

2095 4995 2200 5036 non
2249 4977 2442 5039 semel,
2494 4973 2588 5027 sed
2629 4972 2789 5027 hodie
2823 4981 2877 5026 et
2914 4985 3036 5025 cras
3063 4978 3117 5025 et
3147 4979 3359 5038 postera
3398 4969 3508 5034 die,
3550 4970 3666 5022 die-

2095 5073 2308 5140 busque
2338 5067 2711 5136 sequentibus,
2735 5062 2850 5118 fere
2881 5063 3140 5129 dicerem,
3174 5071 3462 5131 perpetuo,
3499 5067 3553 5114 et
3589 5061 3666 5114 sic

2098 5177 2312 5233 semper
2346 5162 2460 5225 ipse
2490 5156 2800 5212 memoriter
2842 5165 3032 5210 tenens
3077 5153 3287 5222 aliquos
3313 5167 3433 5206 esse
3468 5152 3662 5214 malos.

2099 5253 2491 5310 irrationaliter
2521 5250 2766 5303 ascribor
2808 5247 2860 5302 in
2909 5246 3127 5316 injuriae
3166 5243 3428 5299 memoris
3458 5252 3663 5314 typum.

2098 5350 2287 5420 Neque
2304 5347 2412 5400 dixi
2428 5343 2780 5414 sapientiora,
2800 5341 2996 5410 quibus
3016 5339 3259 5408 plerique
3275 5339 3429 5394 bona?
3447 5338 3666 5407 quidem

2101 5439 2444 5513 operationis
2474 5445 2658 5490 aratro
2703 5447 2920 5487 manum
2966 5431 3339 5497 admoventes,
3384 5432 3478 5485 sed
3524 5431 3666 5486 istud
3739 5437 3743 5448 ‘

2102 5536 2519 5599 detorqueutes,
2577 5541 2774 5594 pravos
2825 5524 3096 5578 iullnduut
3145 5525 3347 5586 sulcos,
3382 5533 3438 5578 et
3486 5537 3671 5576 semen

2105 5643 2208 5682 non
2229 5625 2930 5688 benedictum.spergentes,
2973 5618 3291 5686 plerumque
3311 5616 3524 5686 quidem
3549 5631 3576 5667 a
3593 5627 3678 5665 me

2108 5717 2504 5788 despiciunt-ur,
2560 5711 2857 5782 aliquando
2905 5724 3031 5764 vero
3069 5709 3258 5779 gracili
3303 5723 3435 5762 voce
3491 5708 3682 5759 admo-

2110 5823 2326 5875 nentur,
2353 5809 2486 5878 quid
2521 5816 2698 5879 agant.
2747 5803 2812 5861 Et
2833 5804 3021 5862 statim
3060 5818 3160 5871 ego
3187 5802 3389 5857 docens
3432 5813 3537 5852 non
3586 5810 3680 5850 so-
3779 5840 3792 5850 .
