4090 6480
440 378 547 443 439

1151 373 1576 436 EUSTATHll
1617 370 2376 436 THESSALONICENSIS
2418 322 2979 434 METROPOLI'i‘IE

3588 369 3711 434 HO

440 496 554 551 lum
572 491 638 547 ad
661 491 797 547 nihil
835 489 981 545 utilis
1008 504 1151 555 sum,
1185 488 1279 543 sed
1308 488 1473 543 etiam
1502 502 1566 541 ex
1590 487 1732 543 bono
1755 486 2024 555 colloquio

2141 505 2216 543 ται
2246 488 2517 561 λεπταλέῃ
2547 489 2722 558 φωνῇ,
2760 486 2796 541 ἀ
2831 483 3066 540 ποιοῦσι.
3102 481 3214 537 Καὶ
3263 481 3467 538 αὐτίκα
3498 485 3523 537 ὁ
3549 485 3711 539 διδά-

441 583 685 656 percipio
727 584 964 638 fructum
997 580 1138 651 quod
1185 580 1313 634 mali
1355 595 1566 635 memor
1595 594 1779 634 vocer.
1817 578 2017 648 Hujus-

442 678 592 732 modi
621 674 783 732 multa
813 690 954 730 nunc
976 689 1076 745 ego
1127 672 1340 727 silentio
1366 672 1740 740 praetermitto,
1763 681 2016 741 tanquam

441 771 645 829 iterum
675 769 849 824 locum
879 769 945 821 ad
977 766 1297 820 charitatem
1321 765 1738 820 convenientem
1766 778 2014 818 servans.

445 865 757 921 Amicitiam
794 862 936 915 enim
980 874 1164 913 veram
1198 857 1407 928 pigeret
1438 858 1676 926 aliquem
1709 855 2019 911 hominibus

448 953 827 1027 promittendi,
855 951 1052 1022 quibus
1092 948 1260 1004 semel
1301 947 1695 1003 exsecrandum
1728 947 1899 1001 amari
1939 946 2019 999 fa-

444 1064 590 1105 ctum
624 1058 748 1102 est:
783 1047 925 1113 quod
961 1046 1004 1096 si
1033 1044 1136 1097 hoc
1164 1056 1268 1097 non
1287 1051 1451 1107 esset,
1477 1042 1583 1119 sed
1616 1048 2020 1110 exspectaretur

446 1142 577 1197 illud
611 1142 783 1195 donec
804 1145 1202 1193 sacramentum
1251 1133 1383 1202 ipsis
1443 1141 1756 1198 evanescat,
1795 1148 1901 1187 non
1935 1147 2021 1187 es-

447 1242 533 1287 set
567 1230 832 1287 haesitatio
858 1227 1089 1298 sapienti
1119 1240 1243 1282 eam
1280 1223 1478 1281 talibus
1509 1240 1567 1280 se
1611 1224 1852 1296 praebere
1891 1240 2021 1281 con-

450 1324 797 1380 culcaudam.

518 1504 611 1558 38.
637 1499 704 1557 Ut
735 1509 938 1563 autem,
974 1497 1077 1551 hoc
1106 1496 1330 1560 omisso,
1354 1494 1686 1564 stringamus
1715 1507 2020 1548 sermonem

451 1595 520 1649 ad
556 1594 607 1648 id
640 1591 914 1662 quodjam
954 1591 1182 1644 honeste
1219 1588 1425 1642 dictum
1471 1596 1576 1651 est,
1604 1597 1660 1641 et
1688 1600 1716 1639 a
1749 1586 2023 1656 prioribus

452 1686 824 1749 absolvamur,
862 1682 1113 1738 desidero
1150 1697 1180 1735 a
1207 1670 1509 1737 scientibus
1542 1678 1763 1735 edoceri
1786 1678 2025 1733 discere-

2123 598 2273 636 σκων
2299 580 2412 649 ἐγὼ
2442 581 2503 634 οὑ
2533 582 2698 650 μόνον
2725 579 2787 633 οὑ
2816 575 3086 631 λυσιτελῶ
3119 577 3199 639 είς
3224 574 3408 640 οὐδὲν,
3441 575 3580 630 ἀλλὰ
3607 578 3713 630 καὶ

2118 673 2499 745 ἀποκερδαίνω
2520 672 2621 740 τῆς
2648 670 2857 742 ἀγαθῆς
2883 670 3102 740 ὁμιλίας
3132 668 3194 721 τδ
3226 665 3512 723 καλεῖσθαι
3570 685 3718 738 μνη-

2122 766 2365 829 σίκακος.
2412 765 2633 820 Τούτων
2698 764 2764 835 δὴ
2793 763 2904 816 τῶν
2932 760 3147 815 πολλῶν
3171 759 3393 831 σιγηλὸς
3418 760 3542 831 ἄρτι
3564 760 3712 829 ἐγὼ,

2120 852 2209 912 οἶα
2237 858 2333 911 καὶ
2378 855 2622 918 είσαῦθις
2656 855 2822 909 τόπον
2853 858 2934 917 είς
2984 854 3208 924 ἀγάπην
3263 852 3547 922 συντηρῶν
3605 853 3716 924 τὴν

2121 948 2488 1018 καθήκουσαν.
2521 947 2712 1001 Φιλίαν
2762 946 2871 1016 γὰρ
2899 946 3003 1018 τὴν
3044 946 3220 1009 δντως
3257 945 3484 1016 δκνήσοι
3513 961 3602 1009 τις
3641 945 3713 998 ἂν

2123 1040 2455 1111 ὑποσχέσθαι
2485 1039 2815 1112 ἀνθρώποις,
2852 1033 2935 1104 οἷς
2976 1040 3273 1108 ἀπώμοτον
3318 1039 3574 1106 καθάπαξ
3611 1039 3716 1107 γέ-

2122 1151 2246 1202 γονε
2279 1133 2587 1203 φιλιοῦσθαι
2609 1150 2621 1164 ’
2646 1134 2743 1197 ὡς,
2779 1134 2831 1187 εί
2854 1149 2917 1200 γε
2949 1132 3026 1204 μὴ
3052 1131 3213 1185 τοῦτο
3243 1127 3336 1203 ἦν,
3356 1131 3473 1184 ἀλλ’
3501 1133 3716 1201 ἐκαρα-

2122 1227 2335 1280 δοκεῖτο
2365 1227 2646 1279 διαπεσεῖν
2672 1226 2767 1279 καὶ
2797 1224 2987 1278 τοῦτον
3037 1226 3224 1284 αὐτοῖς
3267 1224 3360 1277 τὸν
3394 1224 3576 1293 ὅρκον,
3604 1225 3715 1275 οὐκ

2123 1318 2188 1373 ἀν
2212 1320 2368 1382 δκνος
2400 1315 2469 1390 ἦν
2495 1319 2573 1389 τῷ
2599 1318 2887 1389 φρονοῦντι
2944 1317 3209 1390 παρέχειν
3260 1317 3465 1389 ἑαυτὴν
3514 1317 3715 1370 πατεῖν

2125 1411 2221 1466 καὶ
2250 1414 2364 1474 τοῖς
2388 1412 2678 1473 τοιούτοις.

2197 1503 2302 1573 λη’.
2332 1506 2446 1558 Ἵνα
2480 1504 2536 1557 δὲ
2570 1504 2762 1558 τούτου
2786 1504 3049 1573 ἀφέμενοι
3091 1499 3480 1569 ἀναθλίψωμεν
3508 1498 3601 1552 τὸν
3625 1498 3715 1551 λό-

2128 1616 2224 1666 γον
2255 1599 2334 1661 είς
2364 1598 2424 1651 τὸ
2468 1597 2681 1667 σεμνῶς
2725 1597 2823 1668 ἥδη
2881 1595 3095 1666 λεχθὲν,
3128 1594 3225 1647 καὶ
3277 1594 3388 1647 τῶν
3419 1592 3713 1663 προτέρων

2129 1692 2403 1759 ἐξιὶιμεθα,
2432 1689 2602 1743 ἐθέλω
2644 1688 2970 1758 σοφισθῆναι
3028 1686 3169 1757 πρὸς
3201 1684 3312 1738 τῶν
3341 1685 3562 1738 εἰδότων
3611 1684 3712 1735 καὶ

350 1802 365 1813 ι
452 1795 582 1849 que,
621 1777 913 1848 quomodo,
939 1774 1307 1830 miserationis
1352 1772 1514 1842 regiae
1554 1774 1891 1836 recordatus,
1918 1786 2024 1825 non

2141 1782 2348 1852 μαθεῖν,
2383 1784 2529 1844 ὅπως
2572 1782 2639 1835 ἀν
2686 1781 2788 1851 τῆς
2823 1780 3114 1850 βασιλικῆς
3160 1777 3541 1849 ἐλεημοσύνης
3574 1778 3713 1828 ἀνα-

450 1872 656 1942 possim
692 1882 964 1925 resumere
1006 1866 1167 1922 simul
1197 1867 1510 1921 memoriam
1544 1880 1751 1925 eorum.
1782 1880 1881 1935 pro
1904 1865 2026 1933 qui-

456 1968 556 2016 bus
587 1978 650 2017 ex
687 1961 816 2025 Deo,
848 1968 903 2015 et
932 1974 996 2012 ex
1023 1958 1202 2013 divino
1232 1972 1359 2026 rege
1391 1955 1781 2011 misericordia
1810 1957 2029 2011 ambro-

455 2055 537 2108 sia
565 2053 762 2122 pluerit
796 2054 956 2119 super
991 2065 1094 2105 me.
1121 2050 1405 2116 Quomodo
1428 2062 1555 2102 vero
1597 2062 1705 2101 non
1734 2050 1845 2101 haec
1875 2047 2033 2101 ambo

456 2144 791 2201 revolverem
844 2143 896 2197 in
933 2151 1130 2205 mente,
1178 2139 1325 2209 quod
1377 2152 1521 2207 saepe
1571 2137 1792 2207 quidem
1825 2137 1900 2191 illi
1942 2136 2031 2205 qni

457 2252 589 2293 sane
617 2250 828 2291 mecum
857 2243 1004 2300 sunt,
1034 2232 1318 2288 adversum
1353 2245 1452 2285 nos
1477 2232 1712 2284 inermes
1743 2229 2035 2299 sagittave-

459 2337 606 2393 runt,
643 2336 697 2380 et
740 2334 798 2378 ut
848 2323 987 2378 Deus
1044 2337 1142 2377 nos
1173 2332 1464 2389 prategens
1494 2319 1690 2373 illaesos
1726 2319 1948 2386 eripuit,
1978 2325 2033 2371 et

456 2422 671 2490 linguas
723 2415 952 2487 iaculari
1009 2414 1278 2477 lzetautcs,
1334 2421 1630 2468 retrorsum
1687 2421 2032 2475 convertens,

458 2510 710 2568 ohtudit?
744 2509 855 2579 Ego
890 2520 1021 2562 vero
1080 2506 1222 2570 dico,
1256 2505 1369 2559 ﬁeri
1419 2520 1523 2559 non
1565 2519 1722 2572 posse
1751 2512 1809 2557 ut
1848 2518 2038 2559 sensa-

462 2618 548 2659 tus
576 2615 630 2659 et
661 2617 871 2659 memor
935 2602 1059 2656 boni
1112 2599 1311 2670 regalis
1366 2598 1417 2652 in
1472 2610 1557 2650 me
1604 2596 1753 2665 facti,
1790 2612 1895 2653 non
1925 2614 2039 2651 me-

460 2695 713 2750 minerim
770 2692 930 2748 simul
977 2705 1042 2746 ex
1100 2690 1203 2745 alia
1258 2696 1411 2760 parte
1479 2688 1879 2757 nequitiarum,
1935 2702 2037 2759 pro

461 2786 658 2855 quibus
683 2784 967 2840 descendit
997 2798 1159 2853 super
1195 2796 1280 2837 me
1325 2782 1543 2836 bonum.
1603 2779 1659 2834 Si
1697 2781 1820 2850 quis
1853 2791 2035 2835 autem

462 2882 527 2933 ad
561 2878 663 2933 hoc
689 2889 990 2947 repugnare
1021 2874 1153 2938 vult,
1192 2870 1381 2926 vellem
1425 2886 1546 2926 eum
1588 2872 1639 2926 in
1672 2869 1901 2925 Thracia
1947 2886 2034 2925 se-

460 2968 813 3041 ptentrionali
842 2965 1115 3029 exsulare,
1143 2966 1208 3019 ad
1257 2964 1579 3019 audiendam
1605 2964 1762 3029 echo,
1801 2978 1919 3032 qua:
1956 2962 2040 3016 in-

461 3073 550 3116 ter
601 3060 736 3115 alias
781 3057 857 3114 ibi
892 3056 1170 3113 circuierit
1218 3055 1358 3121 loca,
1415 3054 1557 3124 quod
1613 3058 1897 3109 adversum
1941 3070 2039 3108 nos

2138 1873 2421 1944 μνησθεὶς,
2446 1873 2543 1925 οὑκ
2570 1872 2636 1924 ἂν
2662 1872 2841 1941 ἔχοιμι
2868 1869 3271 1939 ἀναλαμϐάνειν
3299 1869 3463 1931 εὐθὺς
3486 1868 3715 1938 μνήμην

2132 1966 2227 2017 καὶ
2260 1963 2369 2016 τῶν
2402 1962 2768 2033 πραγμάτων,
2803 1962 2889 2031 ἐφ’
2917 1955 2996 2025 οἷς
3023 1961 3086 2015 ἐκ
3114 1979 3174 2014 τε
3211 1960 3348 2014 Θεοῦ
3378 1960 3442 2014 ἐκ
3464 1976 3522 2013 τε
3553 1960 3717 2029 βασι-

2133 2056 2268 2118 λέως
2299 2055 2480 2109 ἐνθέου
2502 2055 2563 2108 τὸ
2594 2053 2693 2107 τοῦ
2723 2055 2904 2119 ὶλέους
2934 2054 3236 2126 ἀμϐρόσιον
3258 2053 3565 2125 ἐπεσρέχθη
3597 2068 3711 2123 μοι.

2135 2149 2260 2211 Πῶς
2293 2148 2347 2200 δέ
2382 2148 2481 2201 οὑκ
2508 2147 2573 2200 ἀν
2598 2147 2767 2218 ἄμφω
2797 2147 2972 2201 ταῦτα
2999 2150 3118 2219 είην
3141 2146 3425 2201 ἀναπολῶν
3454 2147 3535 2208 είς
3559 2143 3713 2211 νοῦν,

2133 2241 2215 2293 ὅτι
2251 2256 2307 2293 τε
2372 2239 2544 2293 πολλά
2583 2240 2681 2302 μὲν
2713 2240 2763 2292 οί
2812 2239 2975 2309 δῆθεν
2999 2241 3122 2311 ἐμοὶ
3174 2240 3351 2301 ὄντες,
3392 2237 3517 2292 καθ’
3548 2238 3719 2307 ἡμῶν

2135 2331 2351 2384 ἀόπλων
2379 2330 2548 2384 δντων
2576 2330 2924 2396 ἐτοξάσαντο,
2979 2333 3073 2385 καὶ
3099 2330 3173 2393 ὡς
3199 2333 3228 2384 ό
3267 2329 3400 2392 Θεὸς
3431 2330 3719 2391 σκεπάσας

2135 2424 2285 2493 ἡμᾶς
2308 2423 2585 2489 ἀτρώτους
2614 2422 2957 2492 ὑπεξήγαγε,
2985 2424 3198 2487 καὶτὰς
3241 2422 3513 2492 ίοχεαίρας
3541 2421 3723 2490 γλώσ-

2137 2534 2234 2579 σας
2260 2515 2607 2587 ἀπήμὸλυνε,
2632 2515 2869 2585 στρέψας
2900 2516 3168 2585 ἐμπαλινς
3203 2514 3407 2583 Ἐγωγ’
3433 2510 3527 2567 οὖν
3548 2532 3719 2584 φημι,

2136 2611 2211 2675 ὡς
2237 2609 2338 2663 οὑκ
2368 2608 2809 2679 ἐστιφρονοῦντά
2856 2625 2925 2678 με
2958 2609 3056 2663 καὶ
3100 2607 3453 2678 μεμνημένον
3503 2607 3600 2660 τοῦ
3632 2605 3720 2659 ἐπ’

2140 2701 2263 2771 ἐμοὶ
2315 2699 2602 2770 βασιλικοῦ
2654 2698 2863 2768 ἀγαθοῦ
2899 2700 2975 2771 μὴ
3035 2698 3550 2771 συνεπιμεμνῆσθαι
3602 2699 3724 2770 ἅμα

2139 2795 2235 2847 καὶ
2260 2792 2370 2847 τῶν
2396 2792 2669 2863 ἑτέρωθεν
2700 2792 2931 2856 κακιῶν,
2975 2795 3064 2863 ἐφ’
3090 2789 3180 2856 αἷς
3222 2794 3567 2865 μετάδρομον
3597 2792 3724 2865 ἐμοὶ

2138 2883 2199 2937 τὸ
2234 2883 2419 2937 καλόν.
2447 2883 2584 2937 Είδέ
2614 2900 2699 2946 τις
2727 2882 2985 2954 καὶπρὸς
3015 2882 3176 2936 τοῦτο
3218 2882 3554 2953 ζυγομαχεῖν
3591 2882 3725 2953 βού-

2138 2976 2308 3041 λεται,
2343 2977 2533 3047 ἤθελον
2563 2976 2728 3029 αὑτὸν
2757 2975 2860 3045 τῆς
2910 2975 3261 3047 βορειοτέρας
3311 2976 3534 3047 Θρᾴκης
3563 2977 3724 3042 γενόο

2145 3084 2323 3137 μενον,
2350 3067 2448 3138 τὴν
2480 3065 2598 3137 ἠχὼ
2629 3066 2846 3137 μαθεῖν.
2899 3066 3001 3135 ὅση
3032 3084 3118 3130 τις
3160 3067 3272 3120 τῶν
3306 3068 3428 3119 ἐκεῖ
3457 3066 3724 3138 περιῆλθε

468 3162 553 3209 est
575 3152 831 3216 reboans,
863 3164 929 3204 ex
960 3163 1067 3219 qua
1104 3146 1266 3202 veluti
1301 3147 1503 3202 tonitru
1531 3146 1733 3202 fuimus
1765 3148 1983 3202 attoniti
2016 3163 2030 3199 :

2144 3157 2422 3229 βομϐοῦσα
2481 3158 2551 3211 τὰ
2600 3157 2725 3211 καθ’
2755 3157 2936 3227 ἡμῶν,
2990 3155 3050 3221 ἐξ
3079 3150 3147 3228 ἦς
3194 3156 3723 3228 ἐμϐεϐροντήμεθα’

464 3255 521 3299 et
573 3251 931 3312 cognosceret
966 3240 1078 3308 ille,
1119 3237 1357 3308 qualium
1417 3253 1516 3294 nos
1572 3238 1717 3293 nude
1746 3253 2037 3305 memores,

465 3335 625 3405 quale
679 3348 876 3389 nomen
935 3348 1038 3385 nou
1100 3331 1236 3386 bene
1297 3329 1718 3384 obtinuerimus.
1776 3328 2042 3382 Memores

467 3425 616 3480 enim
678 3425 820 3494 quod
877 3420 1056 3476 vexati
1134 3434 1356 3484 sumus,
1416 3419 1520 3473 hoc
1584 3418 1705 3488 ipso
1773 3431 2043 3473 memores

467 3513 690 3585 injuriae
714 3512 968 3571 dicimur.
991 3510 1107 3567 Imo
1128 3510 1209 3565 sic
1242 3509 1456 3579 quidem
1477 3525 1577 3579 ego
1607 3510 1903 3565 discutiens
1923 3525 2044 3564 um-

465 3609 620 3672 bras,
653 3616 709 3662 et
753 3606 1014 3660 falsorum
1050 3601 1266 3657 virtutis
1296 3603 1635 3668 signatorum
1668 3600 2043 3669 phantasmata

467 3702 761 3771 dissipans,
791 3706 846 3753 et
875 3711 969 3754 eos
999 3696 1091 3766 qui
1125 3694 1353 3749 fratrum
1400 3702 1675 3748 amatores
1705 3692 1956 3748 videntur
1987 3702 2044 3747 ut

469 3791 729 3850 simulent
764 3792 987 3852 bonum,
1037 3784 1394 3842 manifestans
1434 3793 1489 3841 et
1527 3783 1894 3840 exsecrandos
1931 3800 2048 3838 mu-

470 3886 550 3942 tui
594 3893 782 3956 partus
823 3881 891 3939 ad
931 3882 1183 3936 abortum
1234 3878 1503 3933 adducere
1551 3890 1779 3944 conans,
1820 3876 2043 3930 menda-

469 3979 729 4044 ciumque
782 3970 1115 4026 daemonibus
1172 3978 1374 4025 sortem
1424 3966 1710 4037 relegans,
1785 3973 2041 4036 tanquam

470 4076 709 4127 mentem
747 4063 955 4121 habens
989 4062 1052 4115 ad
1090 4062 1257 4115 Deum
1284 4059 1553 4125 veritatis,
1584 4067 1640 4112 et
1671 4069 1869 4113 caetera
1887 4056 2043 4126 juxta

473 4157 707 4213 similem
728 4153 975 4211 ordinem
1011 4150 1420 4218 administrans,
1447 4160 1504 4206 et
1539 4164 1815 4219 nunquam
1853 4150 2046 4205 oblivi-

474 4262 659 4313 scens,
685 4246 777 4301 sed
806 4242 1098 4300 recordans
1122 4241 1294 4297 malos
1320 4240 1578 4298 reddendi
1612 4239 1878 4308 meliores,
1903 4256 2044 4312 prae-

476 4338 710 4410 cipitor,
763 4349 871 4406 quo
922 4332 1293 4393 demittendus
1347 4340 1432 4390 est
1497 4332 1856 4391 exsecrabilis
1916 4335 2045 4396 mali

477 4445 707 4487 memor.

548 4609 638 4666 59.
683 4607 865 4665 Habeo
909 4618 1088 4663 tamen
1141 4621 1394 4678 magnum
1430 4606 1630 4671 Etiam,
1667 4607 1942 4663 cmlestem
1994 4619 2051 4666 et

458 4688 637 4781 \juxta
671 4701 896 4759 Paulum
941 4710 1111 4755 totum
1161 4701 1364 4770 ignem,
1396 4714 1461 4755 eo
1491 4700 1635 4770 quod
1666 4701 2052 4770 indignationis

479 4798 606 4864 igne
640 4792 936 4847 secundum
987 4790 1239 4860 spiritum
1295 4790 1585 4859 aestuabat,
1647 4792 1938 4863 ignemque
1983 4796 2051 4851 de

479 4885 620 4941 caelo
652 4883 920 4949 evocavit,
959 4891 1124 4951 atque
1160 4881 1352 4951 igneus
1376 4899 1592 4938 sursum
1625 4883 1919 4953 ferebatur,
1956 4903 2051 4957 pro

478 4992 565 5031 me
598 4977 931 5047 loquentem,
960 4984 1016 5028 et
1060 4973 1279 5029 aliunde
1305 4990 1424 5044 quae
1465 4990 1584 5030 mea
1637 4985 1763 5033 sunt
1794 4981 2047 5050 praeﬁgu-

479 5076 710 5130 rantem,
750 5065 801 5118 in
849 5079 917 5118 eo
945 5062 1089 5133 quod
1144 5062 1403 5117 malorum
1446 5079 1670 5135 operum
1705 5067 2042 5135 recordatus,

481 5171 588 5209 non
619 5155 791 5209 solum
822 5153 925 5210 hoc
951 5152 1162 5208 consilii
1206 5168 1428 5224 prorsus
1459 5157 1625 5211 verbo
1681 5172 1745 5212 ac
1796 5158 1912 5231 lege
1952 5162 2046 5213 atl-

480 5261 696 5311 moneo,
732 5245 827 5302 sed
866 5254 922 5301 et
965 5255 1147 5314 aperte
1180 5248 1541 5317 reprehendo,
1590 5251 1891 5320 suspiciens
1921 5253 2046 5322 qui-

481 5339 604 5396 dem
651 5354 735 5394 me
778 5339 904 5394 odio
953 5338 1281 5409 habendum,
1325 5341 1480 5411 juxta
1536 5343 1739 5398 dictum
1792 5347 2054 5415 sapientis

484 5430 842 5505 parmmiasta:
869 5470 884 5497 ,
907 5431 1032 5500 quia
1064 5445 1167 5487 non
1211 5434 1485 5504 sapientes
1522 5449 1713 5505 arguo,
1747 5451 1846 5492 nec
1878 5448 2057 5493 tamen

485 5524 566 5577 sic
641 5522 787 5591 loqui
882 5524 1322 5591 praetermittens.
1373 5524 1686 5581 Trucidavit
1753 5529 1897 5581 enim
1971 5529 2059 5584 ille

485 5610 803 5674 sacerdotes
827 5614 918 5683 qui
967 5630 1024 5669 se
1060 5626 1320 5671 voverant
1348 5618 1673 5687 opprobrio;
1731 5635 1828 5675 nec
1883 5631 2059 5676 tamen

557 5793 595 5829 ⁸³
643 5791 805 5851 llebr.
837 5809 885 5858 ι,
920 5793 1011 5853 25.

2148 3251 2241 3303 καὶ
2266 3252 2409 3316 ἔγνω
2437 3250 2504 3305 ἂν
2533 3251 2561 3303 δ
2607 3247 2874 3315 τοιοῦτος,
2907 3249 3038 3302 οῐων
3064 3252 3226 3319 ἡμεῖς
3257 3249 3602 3320 μεμνημένοι
3631 3251 3727 3321 ψι-

2143 3342 2273 3407 λῶς,
2300 3343 2484 3396 ὁποῖον
2509 3338 2862 3411 λαγχάνομεν
2896 3338 3071 3410 ὄνομα
3101 3341 3163 3394 οὑ
3189 3340 3391 3405 καλῶς.
3421 3342 3727 3414 Μεμνημέ-

2143 3452 2225 3488 νοι
2264 3433 2373 3503 γὰρ
2398 3433 2746 3503 κακωθῆναι.
2784 3433 3271 3505 παραγραφόμεθα
3292 3434 3381 3489 διά
3410 3435 3572 3505 μόνον
3595 3435 3728 3490 αὐτὸ

2144 3529 2223 3589 είς
2274 3525 2636 3595 μνησίκακον.
2680 3524 2821 3579 Ἀλλ’
2863 3524 3006 3581 οὕτω
3056 3526 3155 3598 μὲν
3214 3527 3326 3596 ἐγὼ
3381 3528 3727 3599 δισφωτίζων

2142 3619 2242 3680 τὰς
2280 3616 2460 3681 σκιὰς,
2498 3618 2594 3670 καὶ
2622 3615 2724 3679 τὰς
2759 3618 3069 3686 φαντασίας
3122 3620 3233 3671 τῶν
3257 3617 3727 3691 ψευδεπιγράφων

2142 3708 2213 3761 τὰ
2244 3708 2326 3771 είς
2359 3705 2565 3779 ἀρετὴν
2595 3706 2942 3775 διευκρινῶν,
2971 3710 3068 3763 καὶ
3093 3709 3224 3774 τοὺς
3266 3710 3561 3775 δοκοῦντας
3602 3712 3726 3783 φιλ-

2145 3798 2413 3869 αδέλφους
2435 3798 2854 3866 ἀνακαλύπτων,
2898 3801 2977 3865 ὡς
3025 3801 3416 3872 ὑποκρίνονται
3449 3803 3510 3857 es
3535 3804 3724 3871 καλὸν,

2147 3889 2243 3943 καὶ
2269 3891 2396 3954 τοὺς
2420 3891 2733 3963 ἐπαράτους
2760 3892 2953 3956 τόκους
2984 3891 3373 3964 ἐξαμόλίσκειν
3402 3895 3722 3967 ἐπιχειρῶν,

2147 3980 2243 4035 καὶ
2270 3979 2371 4051 τὴν
2397 3979 2652 4052 διαϐολὴν
2679 3981 3062 4048 καταϐάλλων,
3094 3983 3189 4034 καὶ
3217 3982 3279 4035 τὸ
3314 3983 3510 4053 ψεῦδος
3533 3984 3725 4055 δαίμοέ

2148 4090 2234 4128 σιν
2264 4071 2617 4144 ἀποκληροῦν,
2648 4068 2736 4126 οἶα
2762 4073 2853 4126 τὸν
2886 4072 3008 4126 νοῦν
3032 4073 3172 4143 ἔχων
3197 4075 3337 4145 πρὸς
3365 4076 3444 4145 τῷ
3470 4077 3569 4145 τῆς
3589 4077 3728 4145 ἀλη-

2149 4162 2304 4227 θείας
2335 4162 2476 4235 Θεῷ,
2524 4165 2619 4217 καὶ
2644 4162 2819 4217 τᾶλλα
2842 4163 2897 4216 δὲ
2950 4164 3093 4216 κατά
3124 4164 3444 4234 συστοιχίαν
3466 4165 3727 4232 τοιαύτην

2149 4253 2678 4326 διοικονομούμενος,
2704 4257 2802 4326 καὶ
2827 4255 3101 4324 μηδέποτε
3122 4252 3542 4327 λανθανόμενος,
3586 4256 3726 4311 ἀλλά

2154 4346 2511 4420 μεμνημένος
2556 4345 2649 4401 τοῦ
2684 4344 2934 4418 βελτιοῦν
2981 4347 3113 4411 τοὺς
3166 4345 3395 4412 κακοὺς,
3426 4347 3726 4420 κρημνιζο-

2158 4456 2278 4511 μαι,
2315 4440 2440 4499 δποι
2490 4438 2597 4511 χρὴ
2633 4438 2988 4511 βοθρεύεσθαι
3045 4438 3138 4495 τδν
3185 4437 3461 4509 ἐπάρατον
3534 4437 3725 4510 μνησί-

2081 4514 2128 4579 D
2155 4552 2343 4591 κακον.

2226 4626 2325 4681 λθθ.
2359 4626 2507 4697 Ἐχω
2535 4626 2590 4681 δὲ
2626 4627 2775 4697 ὅμως
2813 4625 2905 4679 τὸν
2940 4624 3116 4696 μέγαν
3149 4623 3338 4679 Ἠλίαν
3369 4621 3461 4678 τὸν
3496 4622 3723 4693 ούρανο-

2157 4716 2388 4788 ϐάμονα.
2422 4718 2520 4772 καὶ
2542 4717 2676 4789 πρὸς
2710 4717 2927 4772 Παύλου
2953 4715 3046 4769 τὸν
3075 4716 3194 4770 ὅλον
3225 4714 3358 4784 πῦρ,
3394 4710 3475 4774 οἷς
3506 4730 3567 4767 τε
3590 4711 3727 4782 πυρὶ

2157 4807 2332 4878 θυμοῦ
2360 4809 2501 4862 κατά
2525 4808 2743 4879 πνεῦμα
2765 4806 2909 4873 ἔζεε,
2951 4811 3047 4861 καὶ
3079 4805 3190 4878 πῦρ
3227 4805 3286 4860 δὲ
3311 4805 3553 4877 κατῆγεν
3591 4805 3727 4858 ἀνω-

2157 4899 2274 4966 θεν,
2299 4899 2393 4952 καὶ
2425 4899 2698 4969 ἐμπύριος
2747 4899 3068 4969 ἀνεφέρετο,
3106 4899 3246 4970 ὑπὲρ
3277 4897 3412 4968 ἐμοῦ
3441 4896 3723 4958 λαλοῦντα,

2160 4992 2256 5043 καὶ
2286 4989 2460 5054 ἄλλως
2484 4990 2554 5044 τὰ
2581 4990 2699 5044 κατ’
2736 4990 2838 5061 ἐμὲ
2859 4989 3243 5056 διατυπθῦντα,
3282 4988 3365 5058 ἐφ’
3412 4984 3495 5053 οἷς
3521 5006 3728 5059 μεμνη-

2161 5082 2320 5150 μένος
2354 5080 2649 5150 πρακτέων
2676 5080 2919 5147 φαύλων,
2948 5080 3010 5133 οὺ
3039 5081 3202 5149 μόνον
3222 5078 3472 5148 παραινῶ
3496 5078 3734 5149 ωμὸου-.

2157 5173 2254 5242 λῆς
2286 5172 2445 5227 τοῦτό
2472 5189 2537 5242 γε
2567 5172 2786 5236 πάντως
2815 5172 2961 5243 λόγῳ
3006 5171 3104 5225 καὶ
3133 5172 3306 5242 νόμῳ,
3336 5170 3474 5226 ἀλλά
3500 5189 3601 5224 που
3638 5170 3726 5225 καὶ

2157 5260 2454 5331 ἐξελέγχω,
2508 5260 2757 5317 ὑπονοῶν
2791 5261 2913 5331 μὲν,
2965 5261 3041 5324 ῶς
3070 5261 3452 5334 μισηθήσομαι
3477 5264 3620 5317 κατά
3640 5260 3724 5314 τὸν

2158 5351 2323 5419 σοφὸν
2352 5354 2530 5405 είπεῖν
2566 5352 2997 5424 παροιμιαστὴν,
3037 5354 3124 5422 ἐφ’
3169 5352 3249 5417 οἷς
3280 5356 3339 5408 ct’.
3392 5356 3586 5426 σοφοὺς
3615 5352 3728 5417 ἐξεε

2158 5442 2356 5510 λέγξω,
2389 5444 2488 5496 οὑκ
2516 5444 2687 5507 ἀνιεὶς
2720 5443 2777 5496 δὲ
2808 5445 2956 5515 ὅμως
3000 5442 3142 5497 οῦτω
3198 5448 3393 5501 ποιεῖν.
3458 5448 3723 5516 Ἐσφαττε

2160 5534 2261 5603 μὲν
2292 5534 2401 5603 γὰρ
2433 5536 2637 5597 ἐκεῖνος
2673 5537 2862 5606 ἱερεῖς,
2914 5536 3011 5599 οὓς
3046 5535 3344 5608 ἐκληροῦτο
3392 5539 3426 5608 ἡ
3457 5538 3682 5608 αἰσχύνη
3706 5549 3720 5563 ⁸

2160 5624 2259 5677 οὑκ
2314 5625 2590 5696 ἐνεγράφη
2645 5624 2701 5678 δέ
2767 5624 2935 5697 βίϐλῳ
3007 5628 3528 5697 μνησικακούντων,
3597 5620 3724 5683 ἀλλά
