4090 6422
426 386 526 451 4ἰ1

1401 386 1701 447 CONTRA
1739 380 2227 445 INJURIABUM
2258 381 2702 443 MEMORIAM.

3568 387 3677 453 442

424 500 672 571 ζηλωτὴς
698 496 764 571 ἦν
798 500 828 555 6
867 501 1225 570 θερμότατος.
1264 498 1580 560 ⁴Ἐξεκύντει
1610 497 1703 549 καὶ
1729 497 1756 548 6
1781 493 1991 557 Φινεὲς,

2100 490 2222 544 mali
2254 505 2554 545 memorum
2588 490 2856 560 ascriptus
2898 500 2982 548 est
3042 509 3268 550 numero
3294 538 3308 558 ,
3338 500 3430 551 sed
3474 502 3679 557 zelator

424 595 583 658 είτίς
613 612 717 648 που
756 594 926 658 κακὸς
974 593 1074 665 ἦν·
1111 594 1203 648 καὶ
1234 592 1262 645 6
1318 592 1596 646 ὲκκυντῶν
1626 590 1704 662 (1)
1734 586 1997 658 σειρομά-

421 700 553 755 στης
565 685 841 754 ὑμνεῖται,
867 685 960 740 καὶ
979 688 1077 739 οὐκ
1103 683 1170 755 ἦν
1213 685 1321 739 οὐδ’
1344 686 1551 747 ἐκεῖνος
1610 681 1949 753 μνησίκακος
1976 693 1992 709 ⁹

419 776 569 846 ζήλῳ
596 777 652 831 δὲ
683 776 811 847 θείῳ
836 781 930 831 καὶ
959 779 1091 830 αὐτὸ
1124 777 1491 848 ἐπεγράφετο.
1527 776 1772 846 Ἐχασκε
1804 774 1876 842 γῆ
1901 771 1997 824 καὶ

418 867 680 920 κατέπινε
728 870 953 935 κακοὺς,
995 868 1289 922 ὲκδικοῦσα
1314 869 1443 930 τοὺς
1473 867 1881 938 μεμνημένους,
1910 863 1995 916 ὅτι

418 959 580 1012 κακοὶ
603 962 842 1013 ἐκεῖνοι·
877 961 973 1015 καὶ
996 961 1046 1014 oi
1093 959 1194 1032 τὴν
1233 959 1453 1030 μνήμην
1481 957 1698 1028 ἔχοντες
1741 956 1842 1008 οὐκ
1871 952 1997 1024 ὲψέυ

417 1068 597 1121 γοντο.
644 1051 837 1123 Ἦμεῖς
871 1053 926 1106 δὲ
962 1054 1261 1122 φεύγοντες
1315 1050 1475 1122 μόνον
1513 1050 1641 1113 τοὺς
1682 1048 1802 1102 καθ’
1836 1047 1995 1117 ήμῶν

430 1140 689 1208 Ἰεζάϐελ,
723 1143 819 1195 καὶ
869 1142 1030 1213 μόγις
1058 1140 1202 1196 οὕτω
1259 1139 1716 1211 περισωζδμενοι,
1774 1138 1870 1190 καὶ⁵
1904 1154 1998 1207 με·

418 1234 684 1303 μνημένοι
738 1233 1104 1303 φυλάττεσθαι
1151 1233 1247 1286 τοῦ
1314 1231 1512 1298 κακοῦ,
1566 1228 1993 1301 παρανοούμεθα

418 1329 496 1391 είς
532 1328 889 1400 μνησίκακον.

396 1436 407 1487 i

492 1504 563 1577 μ’.
597 1507 704 1558 Καὶ
757 1507 864 1577 μὴν
924 1507 1112 1578 μνήμη
1160 1504 1334 1560 κακοῦ
1393 1506 1425 1575 ή
1465 1506 1564 1576 μέν
1620 1504 1702 1566 τίς
1738 1506 1884 1557 ἐστιν
1909 1502 1994 1573 ἐφ’

420 1601 570 1670 ἡμῖν,
603 1599 670 1670 ἢν
700 1600 801 1651 ὅσα
852 1599 948 1653 καὶ
982 1599 1255 1670 μηχαναῖς
1284 1602 1404 1662 ταῖς
1438 1598 1596 1657 ἰδίαις
1626 1596 1842 1666 ὀρέξεσι
1873 1613 1992 1647 κει-

419 1690 588 1760 μένην
644 1689 946 1759 σαλεύομεν
1005 1689 1473 1750 ἁνασκάλ).οντες’
1521 1688 1553 1755 ἡ
1605 1688 1657 1739 δέ
1690 1705 1773 1750 τις
1819 1684 1992 1739 κακοῦ

420 1783 607 1852 μνήμη
636 1782 735 1835 οὐκ
759 1782 1087 1851 αὗτόχρημα
1121 1783 1214 1834 καὶ
1241 1782 1329 1835 ἀεὶ
1357 1781 1445 1849 ἐφ’
1491 1782 1624 1849 ἡμῖν
1656 1781 1828 1840 ἐστιν,
1853 1777 1990 1831 ἀλλὰ

418 1875 577 1944 φύσις
617 1877 789 1944 αὐτὴν
821 1876 1087 1929 ἀπόθετον
1120 1879 1176 1928 ἐν
1205 1878 1317 1937 τοῖς
1353 1874 1475 1927 κατ’
1503 1875 1674 1945 αὐτὴν
1721 1874 1989 1942 ταμιείοις

418 1968 700 2039 τηρήσασα
733 1968 1012 2036 τυγχάνει,
1046 1965 1378 2020 ἀνακινοῦσα
1437 1967 1524 2018 ὅτε
1552 1983 1604 2018 τι
1628 1966 1782 2034 λάχοι
1808 1982 1991 2035 παραυ

418 2059 626 2112 πεσεῖν.
660 2056 818 2112 Οὕτω
844 2057 1016 2112 κακοῦ
1051 2075 1134 2120 τις
1171 2057 1601 2127 πεπειραμένος,
1637 2060 1731 2110 καὶ
1771 2057 1993 2110 ἐκλαθί-

419 2168 580 2222 μενος
612 2150 732 2221 μὲν,
797 2152 1243 2221 περιτετυχηκὼς
1276 2151 1334 2204 δέ
1388 2167 1517 2204 ποτε
1550 2149 1628 2221 τῷ
1657 2150 1800 2220 λυπή
1815 2168 1986 2215 σαντι,

418 2243 510 2296 atati.
533 2241 676 2312 λόγῳ
705 2242 760 2294 δέ
787 2259 894 2295 τινι
930 2242 1004 2305 ὡς
1042 2244 1190 2306 εἰκὸς
1248 2242 1625 2312 ὑπομνησθεὶς
1672 2243 1809 2310 πρὶς
1837 2241 1991 2295 ἐνθύ-

419 2353 566 2405 μιον,
596 2336 939 2398 ἀνακαινίζει
973 2336 1034 2389 τὸ
1066 2336 1166 2407 ἤδη
1200 2340 1520 2407 γεγηρακτς
1553 2336 1653 2403 τῆς
1686 2336 1928 2406 μνήμης,
1956 2335 1989 2405 ἢ
2038 2374 2044 2379 .

418 2427 513 2481 καὶ
538 2427 613 2492 ὡς
647 2422 736 2481 οἷα
766 2427 1028 2498 τεθνηκὸς
1082 2430 1343 2492 ἀναζωοί.
1391 2430 1501 2483 Καὶ
1552 2428 1714 2482 τοῦτο
1768 2429 1867 2498 μὲν
1892 2431 1992 2482 οὐκ

417 2520 534 2574 εστι
581 2524 943 2592 μνησικακεῖν
1012 2521 1208 2576 εἰπεῖν.
1267 2522 1388 2585 Πῶς
1446 2522 1555 2592 γὰρ
1609 2523 1675 2576 ἂν
1726 2521 1812 2591 εἴη
1854 2540 1994 2591 μνη‹

419 2614 646 2678 σίκακος
693 2617 721 2667 6
778 2616 1001 2685 μνήμην
1048 2614 1146 2684 μὲν
1198 2614 1486 2669 ἀναλαϐὼν
1536 2615 1733 2682 κακοῦ,
1767 2616 1991 2685 ἠρεμῶν

416 2707 474 2761 δὲ
509 2710 588 2772 είς
616 2708 955 2774 ἁντίπιινον;
1018 2708 1081 2760 Ei
1110 2708 1154 2761 δ’
1186 2708 1362 2773 ἄλλως
1391 2710 1487 2765 ἐπὶ
1532 2711 1802 2777 φθάσαντι
1834 2709 1992 2780 δεινῷ

418 2801 715 2870 έρεθίζοιτο
747 2802 886 2873 πρὸς
907 2801 1143 2872 ἄμυναν,
1177 2804 1323 2856 κακά
1356 2801 1600 2872 μελετῶν
1620 2842 1634 2868 ,
1673 2803 1810 2855 ἀλλὰ
1836 2804 1993 2856 τοῦτο

422 2898 786 2965 μνησικακεῖν
843 2896 965 2949 ἐστὶ
1021 2897 1163 2948 κατὰ
1210 2895 1271 2947 τὸ
1322 2894 1499 2966 πάντῃ
1560 2895 1990 2964 ἀναμφίὶεκτον.

420 2986 627 3039 οὐκοῦν
656 2986 686 3039 ὃ
712 2988 810 3055 μὲν
838 2988 869 3056 ή
893 2984 1055 3056 φύσις
1082 2987 1363 3041 κάνταῦθα
1400 2989 1566 3053 ποιεῖ,
1620 2988 1823 3055 ἀψογὸν
1851 2990 1989 3049 ἐστι,

420 3079 515 3130 καὶ
544 3078 666 3131 οὐδὲ
695 3080 776 3141 εἰς
830 3078 1029 3131 κακίαν
1056 3080 1266 3143 πίπτει,
1314 3079 1432 3132 ἀλλ’
1463 3081 1542 3142 είς
1570 3081 1989 3149 ἀναμνηστικὴν

2101 579 2205 634 fuit
2232 582 2668 637 ardentissimus.
2696 581 3070 655 Transﬁgebat
3094 602 3314 659 quoque
3344 591 3599 661 Phinees,
3629 598 3674 651 si

2101 674 2221 742 quis
2250 672 2391 729 forte
2424 676 2600 730 malus
2625 685 2810 741 esset;
2848 688 2903 731 et
2928 680 3254 751 transﬁgens
3293 685 3442 740 hasta
3484 688 3673 743 lauda-

2104 773 2218 827 tur,
2257 779 2357 817 nec.
2393 764 2493 818 fuit
2528 766 2619 821 ille
2649 766 2774 821 mali
2821 783 3063 835 memor,
3092 774 3187 825 sed
3220 773 3338 827 zelo
3367 777 3548 832 divino
3577 778 3677 839 fuit

2104 856 2208 911 hoc
2257 858 2589 911 attributum
2622 876 2635 912 :
2674 860 2840 913 hiavit
2875 869 3018 916 terra
3064 863 3344 935 malosque
3370 870 3673 939 absorbuit,

2099 947 2383 1000 vindicans
2414 961 2509 1000 eos
2553 946 2646 1016 qui
2690 948 3051 1004 meminerant
3089 954 3159 1006 ob
3227 954 3454 1012 istorum
3515 963 3672 1015 mali-

2101 1036 2229 1091 tiam
2255 1046 2308 1092 et
2331 1038 2382 1091 hi
2415 1038 2502 1105 qui
2536 1039 2847 1093 memoriam
2882 1049 3183 1107 tenuerant,
3215 1061 3320 1099 non
3359 1053 3670 1119 reprehensi

2098 1139 2246 1182 sunt.
2298 1128 2409 1184 Nos
2458 1136 2638 1184 autem
2676 1146 2771 1187 eos
2801 1132 2892 1200 qui
2940 1143 3128 1189 contra
3161 1153 3262 1192 nos
3294 1153 3420 1195 sunt
3451 1142 3671 1201 chahel

2098 1222 2442 1277 solummodo
2493 1222 2785 1290 fitqientcs,
2818 1232 2872 1279 et
2906 1225 2975 1279 ita
3012 1227 3098 1280 vix
3139 1230 3370 1287 salutem
3414 1236 3669 1293 obtineo-

2101 1323 2199 1379 tes,
2247 1326 2300 1368 et
2348 1313 2546 1368 tnalum
2578 1316 2778 1370 vitandi
2827 1318 3199 1387 recordantes,
3228 1325 3355 1378 mali
3401 1343 3671 1387 memores

2100 1408 2454 1473 reptttatuur!

2168 1498 2259 1550 40.
2306 1498 2554 1553 Attamen
2590 1508 2674 1554 est
2721 1502 2967 1570 quaedam
3015 1502 3069 1558 in
3100 1504 3261 1562 nobis
3284 1510 3499 1578 quidem
3544 1515 3669 1569 mali

2099 1588 2382 1652 memoria,
2430 1603 2613 1656 quam,
2668 1591 2831 1647 veluti
2875 1593 3367 1654 machinationibus
3439 1604 3671 1672 propriis

2097 1678 2385 1733 desideriis
2405 1679 2674 1748 iacentem
2699 1683 2987 1739 excitando
3044 1701 3321 1744 movemus
3345 1707 3361 1745 :
3386 1704 3466 1749 est
3493 1706 3669 1751 autem

2098 1773 2276 1841 aliqua
2310 1774 2437 1828 ntali
2470 1777 2755 1841 memoria,
2782 1792 2902 1845 qua:
2930 1793 3033 1833 non
3061 1795 3281 1849 prorsus
3318 1802 3418 1841 nec.
3451 1805 3671 1858 semper

2096 1864 2150 1917 in
2185 1864 2340 1919 nobis
2374 1871 2479 1927 est,
2526 1865 2619 1919 sed
2656 1881 2815 1935 quam
2846 1880 3040 1924 natura
3084 1873 3200 1928 suis
3242 1876 3294 1928 in
3331 1882 3670 1947 repositoriis

2096 1954 2393 2020 depositam
2470 1964 2674 2019 servat,
2728 1959 3061 2014 resnscitans
3101 1977 3223 2017 cum
3270 1968 3465 2022 accidit
3509 1972 3670 2038 quid-

2095 2060 2258 2112 quam
2302 2059 2610 2100 mrurrere.
2637 2045 2726 2100 Sic
2746 2047 2939 2102 malum
2966 2050 3158 2119 aliquis
3174 2064 3449 2125 expertus,
3474 2060 3672 2115 oblitus

2094 2133 2313 2202 quidem
2358 2142 2473 2199 est;
2504 2136 2597 2188 sed
2632 2136 2706 2189 illi
2739 2138 2828 2206 qui
2862 2142 3207 2197 contristavit
3233 2148 3443 2199 olniam
3469 2146 3665 2215 faitus,

2094 2234 2144 2279 et
2173 2225 2406 2293 quodam
2446 2228 2630 2292 modo,
2666 2228 2808 2283 sicut
2836 2232 3079 2285 naturale
3107 2246 3210 2297 est,
3253 2239 3318 2291 ad
3346 2242 3666 2295 memoriam

2093 2320 2419 2391 cogitatione
2439 2331 2743 2385 revocatus,
2761 2323 2904 2391 quod
2923 2322 3032 2391 jam
3053 2324 3105 2378 in
3130 2327 3387 2382 memoria
3413 2341 3670 2386 senuerat

2097 2425 2340 2478 renovat,
2362 2415 2444 2468 vel
2469 2415 2614 2485 quod
2646 2416 2829 2485 aliquo
2852 2417 3013 2471 modo
3048 2429 3317 2476 mortuum
3352 2435 3471 2479 erat
3513 2441 3665 2481 resu-

2093 2509 2275 2563 scitat.
2312 2508 2374 2562 Et
2406 2508 2508 2563 hoc
2540 2508 2759 2578 quidem
2820 2524 2923 2563 non
2955 2520 3037 2566 est
3080 2513 3205 2567 mali
3244 2517 3557 2573 meminisse
3588 2521 3672 2575 di-

2096 2603 2349 2657 ccndum.
2402 2602 2685 2666 Quomodo
2737 2603 2882 2657 enim
2936 2604 3058 2658 mali
3114 2621 3324 2663 memor
3377 2622 3521 2668 esset
3574 2617 3664 2685 qui

2097 2694 2412 2747 memoriam
2444 2694 2663 2763 quidem
2690 2694 2815 2747 mali
2847 2694 3138 2765 recipiens,
3162 2697 3227 2752 ad
3253 2701 3666 2761 retributionem

2100 2798 2278 2839 tamen
2318 2786 2595 2854 quiescit?
2663 2787 2719 2840 Si
2758 2800 2884 2840 vero
2935 2803 3092 2843 secus
3133 2805 3297 2859 super
3328 2797 3670 2862 prmcedeute

2097 2878 2299 2932 damno
2359 2877 2665 2931 irritarctur
2698 2879 2765 2930 ad
2816 2878 3133 2944 vindictam,
3189 2882 3327 2935 mala
3374 2887 3665 2956 meditans,

2098 2972 2199 3026 hoc
2222 2985 2444 3038 prorsus
2478 2967 2597 3025 sine
2630 2970 2794 3025 dubio
2825 2980 2969 3025 esset
3000 2973 3128 3027 mali
3154 2976 3488 3032 meminisse.
3512 2982 3666 3045 Quod

2100 3062 2268 3130 igitur
2301 3062 2389 3115 hic
2425 3061 2537 3129 agit
2565 3070 2782 3125 natura,
2813 3061 3285 3130 irreprehensibile
3323 3078 3428 3133 cst,
3484 3087 3580 3125 nec
3614 3072 3667 3125 in

419 3173 671 3227 τάττεται
723 3176 960 3244 κίνησιν.
1009 3174 1075 3225 ὐ
1132 3174 1189 3227 δὲ
1245 3177 1407 3244 ἡμεῖς
1464 3175 1989 3244 περιεργασόμεθι,

2100 3152 2360 3207 malitiam
2386 3152 2551 3217 cadit,
2585 3152 2678 3206 sed
2709 3152 2760 3205 in
2791 3166 3084 3207 memorem
3116 3154 3406 3212 ordinatur
3438 3172 3663 3219 motum.

423 3265 766 3335 μνησίκακον
817 3267 1020 3331 ἐκεῖνο,
1077 3269 1170 3319 καὶ
1234 3266 1440 3335 ζωῖκῆς
1496 3267 1597 3336 μὲν
1646 3268 1817 3330 ἄλλως
1864 3270 1992 3321 ἀκο-

417 3356 658 3421 λιιυθίας,
685 3357 745 3410 οὐ
782 3358 892 3427 μὴν
939 3357 1038 3426 τῆς
1069 3359 1191 3411 κατ’
1250 3358 1539 3428 ἄνθρωπον
1577 3359 1860 3428 ἀρετῶντα
1894 3360 1990 3412 καὶ

415 3451 496 3521 τῷ
525 3451 794 3520 κρείττονι
815 3451 1157 3520 ὁσιούμενον.
1196 3450 1357 3519 Λέγω
1384 3452 1441 3503 δὲ
1473 3451 1669 3516 ζωῖκδν
1695 3454 1754 3503 ὲν
1779 3453 1991 3517 τούτοις

362 3542 369 3547 ’
417 3541 481 3593 τὸ
504 3543 595 3594 ἐπὶ
626 3540 871 3594 κακώσει
897 3540 1219 3611 ἀμυντικὸν,
1246 3540 1274 3592 ὃ
1300 3541 1395 3594 καὶ
1417 3541 1466 3593 οἱ
1498 3540 1718 3593 παλαιοὶ
1750 3541 1992 3594 ἐκτίθεν-

417 3652 532 3701 ται,
562 3634 653 3688 τὸν
708 3632 836 3704 βοῦν
883 3632 1133 3697 εἰπόντες
1166 3633 1356 3705 κέρατι
1388 3634 1589 3700 παίειν,
1628 3635 1682 3685 εἰ
1710 3651 1794 3698 τις
1828 3635 1991 3688 αὐτὸν

416 3726 679 3797 ἑρεθίζει,
728 3727 823 3780 τὸν
851 3726 1017 3779 ἵππον
1044 3725 1208 3797 ὁπλῇ,
1238 3728 1330 3780 τὸν
1381 3727 1542 3780 ἀετὸν
1575 3727 1816 3799 γαμψοῖς
1842 3729 1991 3795 ὄνυξι

418 3818 702 3889 βλάπτειν,
735 3818 947 3889 κέντρῳ
979 3817 1073 3871 τὸν
1105 3817 1385 3897 σκορπίον,
1415 3819 1508 3871 τὸν
1552 3820 1826 3889 ἐλέφαντα
1859 3837 1990 3891 προ-

416 3914 643 3985 νομαίᾳ,
673 3912 903 3966 ὀδόντων
932 3914 1185 3974 ἀκωκαῖς
1209 3912 1303 3967 τὸν
1324 3911 1537 3968 λέοντα.
1579 3913 1690 3966 Καὶ
1718 3912 1864 3968 οὕτω
1892 3914 1992 3985 μὲν

394 3992 595 4071 ’ζωῖκά
649 4007 745 4059 καὶ
783 4004 853 4058 τὰ
875 4003 1104 4058 τοιαῦτα
1126 4004 1221 4056 καὶ
1275 4004 1337 4058 τὸ
1365 4005 1460 4059 ἐπὶ
1514 4006 1786 4073 φθάσαντι
1832 4007 1992 4077 κακῷ

417 4095 754 4164 ἀμύνασθαι.
796 4095 939 4164 Ἐγὼ
962 4095 1017 4149 δὲ
1047 4096 1110 4148 οὐ
1139 4094 1287 4165 ζηλῶ
1313 4096 1407 4149 ἐπὶ
1455 4096 1697 4162 τούτοιςο
1734 4099 1873 4152 ἀλλά
1904 4099 1992 4153 διὰ

416 4188 480 4240 τὸ
511 4186 654 4257 μέγα
690 4187 1048 4255 παράδειγμα
1098 4185 1195 4239 τοῦ
1247 4186 1608 4259 ὑϐριζομένου
1665 4188 1787 4259 μὲν,
1842 4190 1994 4243 εὐλο-

416 4277 644 4347 γοῦντος
676 4278 755 4343 δὲ,
781 4280 877 4332 καὶ
906 4280 1214 4350 πάσχοντος
1236 4280 1356 4349 μὲν,
1390 4282 1489 4333 οὐκ
1522 4280 1877 4346 ἀπειλοῦντος
1910 4282 1988 4350 δὲ,

421 4376 518 4427 καὶ
549 4374 649 4427 ὅσα
682 4374 819 4428 ἄλλα
845 4372 941 4427 τοῦ
974 4375 1189 4445 στοίχου
1217 4376 1410 4428 τούτου
1439 4376 1601 4442 εἰσὶν,
1651 4377 1992 4447 ὲκτρέπομαι

417 4467 483 4520 τὸ
516 4466 864 4522 ἀντικακοῦν.
898 4467 1009 4519 Kal.
1043 4466 1149 4538 μὴν
1175 4467 1225 4519 οἱ
1275 4467 1680 4538 σπουδαιότεροι
1710 4468 1779 4522 δι’
1818 4471 1992 4523 ἐπιει-

418 4560 573 4622 κείας
617 4560 716 4614 καὶ
763 4560 1118 4629 καθυφέσεως
1149 4562 1242 4614 καὶ
1276 4562 1578 4632 ἀοργησίας
1618 4566 1713 4616 καὶ
1744 4564 1991 4635 πραῦθυ-

421 4653 574 4723 μίας,
608 4650 916 4721 βαρυτέραν
948 4652 1290 4704 έπινοοῦνται
1318 4654 1552 4722 ἄμυναν.
1603 4655 1629 4704 'l
1651 4654 1697 4716 ις
1725 4655 1834 4725 γάρ
1870 4656 1993 4725 μεί-

419 4744 529 4808 ζων
560 4744 746 4814 ἄμυνα
776 4744 878 4813 τῆς
909 4743 998 4796 διά
1025 4742 1186 4808 Θεοῦ,
1214 4745 1278 4812 ῆν
1310 4744 1465 4814 δηλοῖ
1498 4746 1593 4799 κα)⁸
1615 4747 1643 4799 6
1668 4745 1745 4817 τῷ
1766 4748 1995 4817 ὀνόματι

419 4834 629 4908 Κύριος
659 4837 786 4901 τοὺς
815 4835 1025 4905 δωρεὰν
1054 4834 1387 4900 κυκλοῦντας
1418 4838 1584 4891 αὑτὸν
1611 4839 1994 4909 ἀμυνόμενοςς

392 5122 399 5127 -
500 5101 611 5167 μα’.
649 5094 790 5149 Ἀλλ’
811 5096 946 5160 ίδοὺ,
969 5097 1122 5166 φασὶ,
1145 5101 1239 5152 καὶ
1271 5101 1335 5153 σὺ
1357 5100 1648 5171 ἐμϐλέπων
1674 5105 1805 5176 ήμῖν
1825 5106 1998 5159 ἀπαν.

421 5190 591 5243 ⁴τιῖισιν
624 5189 702 5251 είς
728 5189 951 5259 ὁμιλίαν
980 5191 1226 5265 ἐκτρέπῃ
1277 5193 1371 5246 τοῦ
1423 5194 1789 5263 καθεστῶτος,
1824 5206 1919 5251 καὶ
1947 5201 1996 5251 εί

425 5280 530 5350 μὲν
568 5278 743 5331 λαλῶν
796 5276 960 5349 ἦσθα,
1022 5282 1201 5351 σιγᾷς,
1236 5281 1630 5354 διακεχυμένος
1666 5286 1724 5339 δὲ
1766 5288 1828 5340 τὸ
1864 5291 1998 5358 πρὶν

421 5369 561 5439 πρὸς
595 5369 908 5439 ἱλαρότητα,
959 5373 1237 5438 συννεύεις
1274 5376 1355 5437 είς
1396 5375 1608 5443 ἑαυτὸν,
1653 5380 1743 5431 καὶ
1771 5381 1994 5449 στύφεις

421 5460 486 5517 τ’)
539 5460 850 5532 πρόσωπον.
900 5464 1275 5535 Μνησικακεῖς
1327 5468 1456 5539 ἄρα.
1515 5470 1652 5538 Οὓκ,
1713 5469 1758 5527 ὦ
1796 5474 1992 5541 ’γαθοξ

423 5553 542 5607 ἀλλ’
562 5554 829 5623 ἀσφαλίζο
839 5574 959 5626 μαι,
981 5559 1117 5613 ἀλλὰ
1140 5560 1500 5631 φυλάττομαι,
1526 5564 1662 5618 ἀλλά
1692 5567 1903 5637 τεχνῶμ
1914 5583 1993 5633 αι,

428 5645 506 5721 μὴ
532 5649 623 5700 καὶ
651 5646 811 5715 λόγος
861 5665 945 5712 τις
984 5651 1339 5724 προδραμὼν,
1370 5654 1406 5725 ἢ
1443 5657 1628 5727 σχῆμα
1660 5676 1999 5729 παρατυπω-

497 5819 517 5887 ί
529 5819 576 5888 Ι)
611 5819 910 5883 ὲκκεντῶν,

2096 3247 2249 3314 Quod
2296 3256 2473 3301 autem
2521 3261 2621 3301 nos
2663 3261 2978 3316 operamur,
3011 3249 3137 3302 mali
3189 3254 3447 3306 memoria
3475 3266 3581 3321 est,
3612 3269 3667 3312 et

2097 3342 2315 3411 quidem
2346 3340 2481 3395 alias
2510 3355 2576 3394 ex
2613 3339 2846 3394 naturali
2889 3343 3302 3411 consequentia,
3352 3360 3455 3399 non
3488 3357 3664 3403 tamen

2096 3449 2160 3487 ex
2192 3449 2256 3488 ea
2292 3448 2415 3503 qua;
2444 3432 2664 3501 respicit
2697 3432 2971 3487 hominem
3004 3433 3057 3488 in
3091 3435 3289 3490 virtute
3324 3437 3593 3494 viventem
3614 3451 3669 3495 et

2095 3525 2310 3579 meliori
2344 3525 2601 3578 dicatum.
2628 3522 2685 3576 lu
2724 3522 2809 3576 his
2839 3532 3017 3577 autem
3052 3523 3298 3580 naturale
3336 3525 3479 3588 dico,
3524 3531 3665 3599 quod

2096 3634 2259 3690 super
2292 3616 2499 3673 malitia
2530 3614 2894 3686 repulsorium
2925 3627 3045 3683 est;
3086 3616 3230 3686 quod
3259 3618 3422 3673 etiam
3457 3631 3669 3677 veteres

2095 3710 2401 3781 explicant,
2435 3708 2627 3764 bovem
2680 3707 2958 3771 dicentes,
3008 3709 3055 3762 si
3104 3707 3227 3776 quis
3283 3723 3404 3765 eum
3464 3712 3667 3781 irritet,

2095 3818 2264 3859 cornu
2302 3800 2487 3865 lerire,
2518 3814 2715 3870 equum
2748 3798 2970 3868 ungula,
3021 3801 3176 3857 uncis
3202 3800 3471 3871 unguibus
3514 3806 3670 3875 aqui-

2094 3896 2201 3951 lam
2251 3893 2465 3954 laedere,
2497 3891 2683 3947 aculeo
2733 3889 3100 3959 scorpionem,
3147 3890 3494 3963 elephantum
3550 3911 3667 3962 ore,

2094 3986 2353 4044 dentibus
2403 3986 2577 4042 acutis
2631 3984 2866 4039 leonem.
2900 3981 2966 4037 Et
3020 3982 3094 4038 ita
3149 3986 3367 4055 quidem
3403 3990 3667 4045 naturalia

2096 4091 2225 4135 sunt
2272 4080 2407 4143 haec,
2460 4090 2667 4132 necnon
2719 4090 2884 4146 super
2927 4077 3253 4143 praecedenti
3293 4078 3436 4133 malo
3482 4096 3544 4136 se
3576 4083 3673 4137 dc-

2095 4173 2341 4230 fendere.
2375 4171 2486 4241 Ego
2519 4183 2648 4224 vero
2673 4183 2776 4222 non
2804 4183 2967 4238 super
3000 4168 3085 4223 his
3116 4170 3374 4236 aemulor;
3406 4172 3664 4241 sedjuxta

2096 4280 2350 4337 magnum
2374 4261 2652 4332 exemplar
2690 4260 2837 4315 illius
2878 4261 2970 4330 qui
3003 4275 3194 4330 passus
3229 4262 3509 4333 iniuriam,
3561 4282 3666 4322 non

2099 4356 2396 4420 maledicit,
2426 4363 2480 4409 et
2512 4352 2739 4407 allectus
2764 4350 2925 4414 malo,
2956 4364 3061 4404 non
3091 4352 3387 4419 animatur,
3409 4353 3670 4426 juxtaque

2098 4461 2295 4508 caetera
2321 4447 2516 4504 similis
2539 4444 2747 4502 ordinis
2789 4460 3127 4514 qumcunque
3156 4456 3301 4512 sunt,
3334 4449 3531 4504 malum
3569 4466 3669 4519 pro

2100 4544 2243 4599 malo
2262 4540 2488 4596 reddere
2503 4537 2770 4593 abstineo.
2796 4536 3051 4590 Attamen
3076 4536 3166 4605 qui
3185 4536 3522 4596 honestiores
3543 4554 3668 4596 Slltll

2097 4634 2387 4700 modestia,
2436 4628 2769 4697 indulgentia
2798 4667 2812 4692 ,
2850 4627 3366 4683 mansuetudine‘et
3410 4632 3666 4699 patientia

2098 4724 2407 4797 graviorem
2444 4719 2762 4786 excogitant
2804 4716 3200 4771 defensionem.
3235 4717 3492 4782 Quaenam
3525 4725 3668 4777 enim

2101 4815 2278 4886 major
2327 4818 2472 4869 esset
2520 4824 2683 4880 quam
2716 4807 2895 4863 divina
2929 4806 3187 4871 vindicta,
3221 4823 3385 4878 quam
3435 4814 3671 4867 ostendit

2104 4907 2196 4977 qui
2228 4915 2451 4961 vocatur
2499 4901 2778 4965 Dominus,
2831 4899 3321 4956 circumvenientes
3369 4916 3429 4959 se
3479 4907 3671 4973 gratis,

2099 4996 2460 5056 vindicando?

2172 5112 2264 5165 41.
2305 5109 2410 5164 Sed
2444 5121 2594 5171 ecce,
2619 5105 2793 5169 aiunt,
2821 5114 2874 5158 et
2898 5112 2951 5157 tu
2986 5118 3083 5159 nos
3117 5104 3171 5159 in
3195 5106 3513 5189 concionem
3540 5126 3671 5166 con-

2102 5205 2380 5259 venientes
2415 5202 2652 5266 intuens,
2692 5212 2722 5252 ε
2769 5209 3033 5254 consueto
3063 5199 3315 5266 discedis,
3354 5211 3409 5256 et
3446 5203 3491 5256 si
3554 5208 3674 5275 qui-

2102 5300 2224 5353 dem
2270 5293 2599 5364 loquebaris,
2632 5291 2782 5355 siles,
2822 5292 2868 5345 si
2901 5307 3029 5347 vero
3057 5293 3208 5362 prius
3235 5295 3301 5347 ad
3341 5294 3671 5353 hilaritatem

2103 5385 2475 5451 inclinabaris,
2516 5384 2567 5437 in
2618 5384 2848 5452 teipsum
2894 5382 3039 5437 redis
3084 5392 3138 5436 et
3169 5384 3500 5455 constringis
3551 5388 3674 5442 vui-

2103 5487 2239 5533 tum.
2270 5477 2414 5548 Ergo
2453 5475 2577 5529 mali
2600 5488 2915 5543 memones.
2958 5473 3099 5539 Non,
3130 5477 3343 5543 optimi,
3376 5479 3473 5534 sed
3498 5488 3672 5544 tueor,

2105 5570 2197 5624 sed
2228 5583 2416 5632 caveo,
2463 5566 2559 5623 sed
2588 5580 2807 5635 operam
2852 5566 2945 5630 do,
2978 5581 3046 5620 ne
3076 5568 3224 5635 quod
3274 5571 3493 5623 verbum
3539 5584 3675 5639 prae-

2106 5675 2356 5726 currens,
2394 5671 2485 5715 aut
2512 5669 2697 5731 gestus
2727 5659 3052 5729 simpliciter
3073 5660 3360 5726 distortus,
3386 5671 3482 5717 aut
3509 5661 3674 5719 intui-
