4090 6444
407 385 521 455 443

1118 382 1542 447 ΕυδΤΑΤΗίΙ
1579 368 2332 440 THESSALONICENSIS
2352 364 2506 426 MET
2518 358 2913 423 ROPOLIIE

3550 350 3656 410 444

413 510 502 556 tus
522 512 988 569 surpervacaneus
1007 513 1071 561 ea
1091 496 1327 565 quodam
1351 495 1405 549 in
1441 507 1524 547 me
1555 491 1696 545 mala
1723 487 1973 543 molienti
2008 534 2009 538 η

2114 487 2170 539 ὲν
2204 480 2442 551 ἀφελῶς,
2502 477 2534 546 ἦ
2590 474 2830 549 βλέμμα⁸
2856 466 3281 569 περιεργασθὲν,
3320 463 3455 569 πρός
3508 481 3652 527 τινος

413 592 630 662 negetis
681 591 816 646 mihi
843 604 1057 644 rursum
1102 586 1363 642 facessat.
1407 587 1480 640 De
1529 585 1612 638 his
1661 591 1840 636 autem
1873 592 1981 631 nou

2081 579 2192 634 τῶν
2224 575 2309 630 ἐπ’
2336 573 2458 644 ἐμοὶ
2485 566 2824 642 ῥᾳδιουργῶν
2865 561 3165 634 πράγματά
3193 576 3283 629 μοι
3306 558 3469 611 πάλιν
3503 571 3647 623 τιαρ-

415 698 515 753 ego
542 698 660 737 sum
685 683 1042 746 accusandus,
1073 680 1164 733 sed
1194 693 1308 738 vos.
1337 692 1435 748 per
1457 690 1595 746 quos
1624 689 1723 744 ego
1755 687 1876 728 sum
1910 673 1982 723 ita

2114 673 2210 738 Ξει,
2241 669 2364 722 Ἐπὶ
2389 667 2446 719 δὲ
2460 664 2673 724 τούτοις
2690 662 2789 713 οὐκ
2813 658 2974 719 abab;
3001 654 3298 715 αἱτιατέος,
3321 648 3437 703 ἀλλ’
3465 648 3646 753 ὑμεῖς,

411 778 859 842 circumspectus,
907 783 962 826 et
1014 771 1259 828 timidus.
1294 778 1343 824 et
1399 768 1674 837 suspicax,
1717 765 1802 819 vel
1858 765 1979 817 mali

2114 736 2145 820 ι’
2173 762 2269 826 οὓς
2292 758 2403 829 ἐγὼ
2434 755 2666 827 εὐλαϐὴς
2692 752 2835 808 οῦτω
2858 750 2953 805 καὶ
2991 747 3167 810 δειλὸς
3198 741 3582 842 καὶ-ὕποπτος,
3616 736 3649 804 ἦ

413 867 777 936 suspiciosus,
812 874 1063 936 tauquam
1097 866 1166 918 ab
1211 862 1533 917 ardentibus
1562 860 1692 914 solis
1728 858 1987 927 irruptio-

416 962 574 1014 nibus
601 976 628 1011 ιι
661 960 953 1013 multorum
982 956 1287 1027 fulguribus
1312 953 1497 1008 oculos
1523 950 1835 1006 deﬂectens.

483 1052 575 1105 Η.
652 1051 820 1105 Porro
867 1049 990 1103 dico
1030 1062 1150 1103 esse
1203 1045 1331 1101 mali
1381 1045 1700 1098 memoriam
1738 1040 1989 1110 impassi-

412 1145 599 1209 bilem,
626 1148 734 1205 vel,
756 1142 898 1212 quod
946 1142 1089 1195 idem
1122 1150 1205 1193 est
1240 1136 1552 1200 dicendum,
1595 1139 1850 1190 mceroris
1893 1148 1989 1187 ex-

413 1249 620 1309 pertem
653 1256 668 1292 :
704 1240 748 1292 si
784 1250 912 1290 vero
939 1235 1041 1289 hoc
1067 1243 1174 1298 est,
1210 1233 1299 1287 illa
1322 1246 1535 1302 quoque
1562 1230 1688 1284 mali
1715 1228 1988 1283 memoriae

417 1332 614 1386 rationi
647 1340 906 1383 extranea
935 1335 1042 1391 est,
1074 1326 1117 1380 si
1151 1325 1370 1395 quidem
1396 1323 1518 1377 mali
1543 1337 1751 1377 memor
1772 1337 1875 1376 non
1908 1330 1990 1377 est

415 1436 570 1479 extra
620 1422 851 1486 luctum,
881 1435 1003 1474 cum
1053 1419 1355 1487 iniquitatis
1388 1432 1451 1472 ex
1488 1416 1671 1486 aliquo
1720 1415 1989 1470 meminit.

418 1521 589 1572 Porro
642 1514 687 1567 si
721 1512 845 1583 quis
893 1509 1247 1579 impassibilis
1280 1508 1527 1563 meminit
1572 1507 1807 1576 injurire,
1857 1520 1998 1577 quo-

417 1607 580 1662 modo
606 1605 731 1660 talis
759 1612 909 1658 esset
932 1601 1056 1655 mali
1082 1600 1328 1656 memor?
1359 1600 1552 1655 Multas
1582 1614 1680 1668 ego
1717 1600 1831 1653 scio
1866 1597 1993 1651 mali

421 1699 734 1761 memorias,
768 1712 904 1767 quas
954 1696 1119 1749 etiam
1171 1694 1460 1749 comitatur
1505 1693 1695 1748 risus:
1750 1702 1805 1747 et
1857 1692 1993 1746 tales

2083 853 2463 923 καχυπᾶπτης,
2492 846 2917 909 δυσωπούμενος
2948 839 3081 893 ὡσεὶ
3111 838 3206 891 καὶ
3228 832 3381 903 ἡλίου
3408 844 3649 895 καυστηι

2084 949 2185 1019 ράς
2217 942 2453 1013 ἐμϐολὰς
2475 941 2575 1003 τὰς
2612 939 2676 991 ἐκ
2701 936 2812 989 τῶν
2838 931 3048 987 πολλῶν
3077 926 3389 1019 ἀστραπάς.

2157 1036 2265 1108 μβ¹.
2303 1034 2425 1087 Ἔτι
2476 1029 2643 1099 φημὶ,
2695 1027 2770 1090 ὡς
2804 1025 2920 1078 ἐστι
2954 1023 3145 1093 μνήμη
3200 1012 3376 1072 κακοῦ
3408 1012 3651 1083 ἀπαθὴς,

2083 1130 2282 1186 ταύτὸν
2310 1129 2354 1182 δ’
2382 1129 2577 1189 εἰπεῖν,
2612 1123 2845 1184 ἄλυπος·
2880 1118 3011 1172 εἰδὲ
3041 1116 3223 1177 τοῦτο,
3261 1112 3357 1165 καὶ
3387 1108 3654 1168 ἀνοίκειος

2090 1225 2169 1295 τῷ
2227 1223 2329 1291 τῆς
2385 1214 2755 1290 μνησικακίας
2815 1212 2980 1279 λόγῳ,
3035 1208 3227 1277 εἶπερὸ
3304 1201 3661 1275 μνησικακῶν

2086 1320 2187 1374 οὑκ
2206 1319 2352 1371 ἐστιν
2378 1314 2482 1378 ἔξω
2507 1312 2706 1380 λύπης,
2739 1309 2828 1361 ὅτε
2851 1304 3053 1366 κακίας
3085 1319 3168 1365 τις
3191 1299 3255 1353 ἐκ
3277 1315 3420 1361 τινος
3447 1296 3660 1366 μέμνη-

2086 1427 2202 1465 ται.
2234 1408 2298 1463 Εί
2331 1407 2393 1476 δή
2422 1421 2505 1468 τις
2530 1404 2632 1456 οὑκ
2665 1398 2930 1471 ἐμπαθῶς
2965 1392 3300 1466 μνημονεύει
3335 1389 3660 1453 κακώσεως,

2098 1504 2217 1568 πῶς
2238 1503 2305 1558 ἂν
2360 1501 2447 1570 είη
2493 1496 2781 1558 ότοιοῦτος
2834 1490 3205 1565 μνησίκακος;
3237 1483 3401 1540 ιυῖδα
3463 1483 3668 1547 πολλάς

2091 1597 2204 1667 ἐγὼ
2226 1596 2449 1667 μνήμας
2475 1590 2668 1655 κακοῦ,
2687 1586 2776 1652 αἷς
2801 1591 2896 1643 καὶ
2920 1584 3094 1655 γέλως
3124 1585 3389 1651 ὲφέπεται
3408 1593 3423 1610 ·
3444 1577 3544 1632 καὶ
3564 1577 3666 1630 οὑκ

2096 1692 2164 1746 ἂν
2221 1691 2343 1745 οὑδὲ
2405 1690 2462 1743 at
2518 1685 2766 1741 τοιαῦται
2818 1683 3102 1752 ἀνάγοιντο
3154 1680 3236 1740 είς
3307 1673 3668 1746 μνησίκακον,

421 1805 642 1861 quoque
676 1766 1190 1858 nonreputarentur
1218 1787 1269 1840 in
1294 1786 1419 1839 mali
1453 1785 1795 1849 memoriam,
1825 1784 1994 1839 veluti

2114 1780 2184 1839 ἦα
2207 1783 2298 1838 τδν
2324 1783 2602 1851 πάσχοντα
2635 1778 2988 1848 ίλαρυνουσαι
3018 1776 3114 1827 καὶ
3160 1770 3500 1841 διαχέουσαι,
3531 1766 3667 1820 κάν-

423 1858 513 1951 qui
550 1858 738 1951 passus
778 1887 863 1933 est
903 1878 1128 1932 hilarem
1156 1876 1419 1931 facientes
1442 1885 1498 1931 et
1525 1875 1786 1943 alacrem,
1815 1875 1996 1946 ibique

2114 1876 2272 1931 ιαῦθα
2309 1874 2471 1947 μόνον
2502 1873 2811 1944 ἑστηκυίαι,
2834 1870 2929 1923 καὶ
2975 1868 3079 1922 οὑκ
3115 1861 3557 1920 ἀποτελευτῶσαι
3590 1858 3670 1920 εἰς

425 1983 637 2027 tantum
672 1977 878 2025 stantes
901 1982 1098 2038 neque,
1132 1967 1186 2022 in
1212 1968 1469 2022 ultionem
1489 1967 1820 2023 desinentes.

495 2065 589 2118 45.
616 2063 869 2117 Adducor
900 2063 1066 2116 ctiam
1096 2061 1150 2115 in
1179 2062 1483 2132 propositis
1513 2060 1692 2116 fabula
1729 2062 1828 2115 uti.
1858 2060 1999 2117 Cau-

428 2173 520 2212 ecr
547 2155 764 2223 oblique
796 2168 1012 2224 semper
1045 2169 1258 2219 versus,
1287 2155 1448 2207 modo
1473 2152 1841 2217 dextrorsum,
1876 2170 1993 2209 mo—

430 2252 500 2303 do
534 2250 934 2316 sinisuorsum,
969 2246 1278 2315 progeniem
1316 2261 1381 2299 ex
1405 2258 1467 2299 se
1497 2253 1675 2299 natam
1705 2245 1896 2299 videns
1924 2247 2003 2301 sic

431 2342 704 2411 obliquam
731 2349 915 2394 tenere
934 2340 1097 2411 viam.
1123 2338 1442 2394 terribiliter
1468 2339 1659 2409 agebat
1686 2338 1974 2409 indignans

433 2408 655 2501 suisque
688 2430 832 2485 natis
864 2408 1224 2498 exprobrans,
1263 2428 1408 2499 quod
1433 2408 1517 2483 sic
1545 2427 1767 2498 oblique
1801 2429 1982 2483 ferreu

438 2534 526 2577 tur
566 2538 632 2578 ac
666 2537 939 2593 nunquam
970 2521 1171 2576 scirent
1191 2522 1409 2576 obvium
1446 2522 1568 2576 iter.
1611 2521 1743 2587 Quae
1782 2520 2003 2592 quidem

436 2613 618 2670 fabula
682 2614 847 2678 ridet,
905 2615 952 2667 si
990 2614 1112 2683 quis
1148 2613 1286 2668 alios
1312 2613 1559 2669 hortatur
1589 2618 1656 2669 ad
1687 2614 2008 2685 corrigenda

434 2723 524 2775 ea,
558 2709 611 2762 in
643 2708 845 2778 quibus
882 2706 997 2777 ipse
1034 2722 1250 2776 semper
1313 2717 1565 2776 peccator
1618 2716 1723 2764 est.
1776 2706 1844 2763 Et
1906 2708 2010 2762 iste

440 2801 583 2855 risus
611 2801 680 2854 ad
721 2806 905 2854 nostra
932 2799 1190 2870 pertinet.
1214 2798 1584 2866 Quarumdam
1613 2802 1758 2855 enim
1782 2800 2011 2871 injuria-

438 2907 562 2948 rum
614 2892 931 2947 memoriam
984 2902 1275 2947 causantes
1309 2892 1364 2946 hi
1415 2893 1639 2962 quinos
1674 2894 2007 2961 vituperant,

437 2996 495 3042 et
530 2987 632 3041 hoc
678 2999 898 3054 semper
924 2983 1287 3048 disserentes,
1316 2993 1373 3040 et
1402 2985 1456 3039 in
1499 2985 1672 3055 ipsam
1720 2985 1845 3039 mali
1891 3000 2010 3040 me-

439 3078 668 3132 moriam
698 3075 990 3132 manifeste
1020 3077 1280 3147 protapsi,
1330 3088 1520 3148 postea
1557 3078 1714 3133 nobis
1756 3080 1860 3134 hoc
1908 3093 2007 3133 au-

438 3174 567 3229 dent
588 3175 847 3229 scribere.
878 3172 1018 3240 Quid
1060 3175 1294 3230 blateras
1321 3215 1336 3240 ,
1367 3176 1527 3230 homo
1556 3176 1580 3231 τ
1636 3174 1923 3243 Vulneras,
1952 3190 2006 3232 et

2114 3195 2189 3231 νοι
2253 3178 2312 3241 ἐς
2377 3174 2508 3228 αὐτὸ
2555 3172 2615 3227 τὸ
2643 3173 3005 3242 εμνησίκακον
3068 3170 3401 3241 προφανῶς,

434 3281 599 3321 cruor
629 3281 660 3320 e
687 3265 909 3320 vulnere
953 3265 1194 3335 profluit,
1224 3266 1592 3337 profundaque
1626 3268 1780 3339 plaga
1828 3271 2015 3326 subest

436 3359 746 3423 vulnerato;
783 3367 836 3410 et
881 3358 971 3412 ille
1002 3359 1382 3414 tantummodo
1409 3360 1630 3426 clamat,
1666 3371 1721 3416 et
1752 3377 1860 3417 non
1911 3362 2014 3417 mi—

437 3452 577 3504 raris
608 3449 755 3503 illum
796 3464 901 3518 qua
933 3458 1114 3516 posset
1162 3451 1228 3504 ad
1282 3450 1571 3507 vindictam
1623 3469 1729 3508 non
1805 3452 2017 3508 inflam-

438 3543 597 3604 mari;
627 3540 723 3596 sed
772 3543 1145 3610 conquereris,
1181 3552 1234 3597 et
1284 3543 1409 3598 mali
1479 3560 1774 3599 memorem
1827 3560 2015 3609 vocas,

334 3655 337 3661 ·
437 3636 589 3703 quasi
643 3632 774 3688 velis
823 3647 1054 3703 arguere
1109 3644 1377 3702 naturam,
1411 3635 1630 3705 sijuxta
1661 3652 1817 3691 suam
1844 3636 2017 3705 legem

445 3735 627 3781 movet
652 3725 925 3780 dolentem
948 3727 1023 3781 'ad
1056 3727 1441 3795 plangendum;
1467 3728 1512 3782 si
1547 3742 1680 3782 vero
1708 3728 1832 3783 talis
1888 3728 2012 3782 vul-

438 3830 571 3870 nere
632 3830 922 3885 percussus
970 3817 1163 3871 exinde
1200 3826 1252 3871 te
1285 3818 1519 3873 declinet
1544 3833 1609 3872 ac
1660 3819 1849 3887 fugiat,
1891 3819 2019 3888 quid

441 3905 497 3959 in
539 3906 642 3961 hoc
669 3904 1033 3961 novum?Nec
1060 3909 1246 3964 asinus
1272 3909 1355 3964 bis
1397 3910 1447 3963 in
1504 3910 1645 3962 idem
1701 3908 2020 3967 oﬂ'enderet.

438 3998 626 4055 Multis
670 4007 853 4053 autem
925 3999 1209 4054 brutorum
1274 3999 1397 4054 aliis
1455 3999 1598 4054 istud
1673 4001 2021 4070 proverbium

439 4090 721 4161 cotupetit,
749 4092 1177 4161 suspicantibus,
1202 4105 1264 4146 ac
1280 4091 1475 4147 deinde
1497 4092 1861 4148 devitautibus
1885 4108 2024 4162 prae-

438 4186 640 4249 cedeus
696 4182 921 4236 malum.
973 4181 1254 4248 Quomodo
1303 4183 1468 4248 igitur
1515 4181 1697 4246 homo,
1748 4183 2019 4237 rationem

442 4275 673 4340 habens,
698 4282 852 4328 extra
885 4273 1015 4328 illud
1038 4282 1367 4337 versaretur,
1386 4274 1729 4342 aliquomodo
1765 4286 2019 4343 vexatus,

440 4375 498 4423 et
536 4379 641 4419 nou
672 4363 863 4425 semel,
888 4368 983 4418 sed
1018 4363 1318 4418 multoties.
1343 4362 1481 4417 Puto
1500 4379 1601 4435 ego
1627 4364 1771 4434 quod
1802 4380 1910 4420 non
1936 4382 2023 4421 re-

2097 1968 2328 2034 ἄμυναν,

2139 1986 2633 2133 μιῗγῗῗροάγομαι
2687 2068 2781 2112 και
2808 2054 2962 2127 μύθῳ
2984 2052 3129 2108 κατὰ
3154 2052 3261 2106 τῶν
3292 2044 3676 2120 προκειμένων

2101 2156 2436 2231 χρήσασθαι.
2474 2150 2749 2222 Καρκίνος
2778 2149 3018 2217 πλαγίαν
3046 2145 3136 2200 ἀεὶ
3165 2142 3522 2215 τρεπόμενος,
3567 2138 3670 2208 τήν

2101 2269 2162 2307 τε
2196 2253 2255 2314 ἐς
2279 2249 2427 2316 δεξιά
2453 2248 2548 2302 καὶ
2565 2247 2665 2317 τὴν
2694 2246 2773 2308 είς
2799 2245 2862 2298 τὸ
2885 2242 3150 2314 ἔμπαλιν,
3181 2241 3275 2295 καὶ
3302 2237 3399 2309 τὴν
3422 2236 3480 2300 ὲξ
3501 2232 3668 2288 αὑτοῦ

2105 2344 2269 2414 γονὴν
2298 2342 2443 2397 οὕτω
2470 2340 2840 2413 ραιϐουμένην
2887 2337 3101 2408 βλέπων
3160 2335 3229 2388 τὰ
3277 2335 3358 2397 εἰς
3416 2329 3673 2402 πορείαν,

2105 2436 2259 2491 δεινά
2284 2434 2455 2489 ἐποίει
2485 2431 2835 2501 ἀγανακτῶν,
2862 2429 2958 2485 καὶ
2985 2429 3100 2492 τοῖς
3133 2425 3382 2495 ἐκγόνοις
3402 2422 3676 2494 ἐπιτιμῶν

2107 2529 2370 2594 ινέκειτο,
2397 2528 2445 2580 εί
2470 2525 2614 2580 οὕτω
2645 2524 2862 2595 δόχμιοι
2891 2524 3173 2593 φέρονται,
3208 2519 3303 2574 καί
3333 2515 3395 2571 οῦ
3420 2532 3551 2571 ποτε
3578 2516 3680 2585 τὴν

2109 2622 2189 2684 είς
2231 2619 2294 2674 τὸ
2343 2618 2582 2690 πρόσθεν
2623 2616 2800 2671 οἴδασι
2845 2613 3054 2686 τρίϐον.
3114 2614 3213 2676 Ὃς
3247 2610 3312 2681 δὴ
3336 2607 3503 2680 μῦθος
3525 2599 3683 2668 οὗτος

2109 2715 2265 2786 γελᾷ,
2293 2715 2343 2767 εί
2374 2712 2634 2782 παραινεῖ
2656 2727 2741 2772 τις
2773 2708 3006 2779 ἑτέροις,
3035 2702 3339 2776 κατορθοῦν
3359 2702 3568 2763 ἐκεῖνα.
3589 2699 3679 2769 ἐφ’

2110 2804 2193 2872 οἷς
2223 2806 2390 2869 αὐτὸς
2436 2803 2656 2875 ἀλιτρός
2685 2801 2929 2856 ἐκϐαίνει
2956 2800 3061 2855 ἀεί.
3117 2798 3231 2853 Καὶ
3255 2800 3284 2852 ό
3327 2796 3499 2864 γέλως
3525 2788 3684 2856 οὗτος

2111 2900 2380 2955 διαϐαίνει
2437 2898 2497 2960 ις
2552 2895 2620 2949 τὰ
2651 2893 2777 2948 καθ’
2821 2894 2991 2964 ἡμᾶς.
3030 2889 3349 2946 Κακώσεων
3378 2888 3488 2958 γάρ
3517 2903 3683 2941 τινων

2115 2991 2503 3062 προϊσχόμενοι
2552 2988 2777 3059 μνήμην
2815 2987 2867 3039 ot
2890 2986 2989 3056 τῆς
3023 2983 3143 3039 καθ’
3177 2981 3334 3054 ἡμῶν
3361 2980 3513 3044 ὄντες
3545 2979 3685 3049 μιμ-

2113 3084 2280 3152 ψεως,
2313 3082 2411 3137 καὶ
2449 3079 2537 3136 ἀεὶ
2566 3079 2724 3133 τοῦτο
2775 3078 3089 3145 λαλοῦντες,
3125 3078 3220 3132 καὶ
3253 3074 3688 3145 κατακεχωσμέο

3449 3163 3570 3222 εἶτα
3619 3167 3689 3238 δὴ

2113 3268 2389 3340 τολμῶσιν
2417 3266 2548 3321 αὐτὸ
2569 3266 2897 3336 ἐπιγράφειν
2925 3267 3081 3335 ἡμῖν.
3119 3266 3185 3319 Τί
3230 3267 3430 3332 λαλεῖς,
3478 3268 3689 3339 ἀνθρω-

2114 3376 2223 3423 πε;
2258 3358 2691 3431 Τραυματίζεις,
2739 3359 2835 3411 καὶ
2861 3358 3152 3430 καταῤῥέει
3199 3354 3337 3429 αἷμα
3369 3359 3464 3415 τοῦ
3517 3362 3685 3434 τραύ-

2120 3467 2308 3523 ματος,
2341 3450 2438 3503 καὶ
2475 3451 2509 3519 ή
2564 3447 2748 3520 πληγὴ
2806 3447 2998 3519 βαθεῖα
3058 3448 3138 3520 τῷ
3194 3452 3531 3516 πεπονθότι,
3588 3455 3686 3508 καὶ

2117 3541 2360 3610 κέκραγε
2396 3538 2559 3610 μόνον
2588 3539 2822 3603 ἐκεῖνος,
2853 3539 2947 3593 καὶ
2972 3538 3033 3591 οὐ
3088 3531 3416 3610 θαυμάζεις’,
3466 3541 3551 3595 δτι
3610 3542 3690 3612 μὴ

2119 3629 2526 3700 ἀντιπὲπληξαι
2571 3628 2709 3699 πρὸς
2747 3630 2985 3699 ἄμυναν,
3017 3629 3166 3694 ὅπως
3224 3630 3291 3685 ἂν
3334 3632 3430 3687 καὶ
3474 3632 3695 3687 δύναιτο

2120 3725 2368 3785 ἐκεῖνος’
2423 3720 2562 3775 άλλά
2620 3721 2999 3794 καταμέμφῃ,
3047 3722 3144 3775 καὶ
3201 3723 3540 3795 μνησίκακον
3566 3727 3693 3779 ἐπι-

2121 3815 2327 3878 καλεῖς,
2352 3807 2439 3866 οἷα
2466 3811 2566 3882 τὴν
2631 3810 2797 3893 φύσιν
2841 3811 3088 3883 ἐλέγχειν
3152 3811 3374 3881 ιθέλων,
3428 3816 3479 3869 εί
3543 3818 3693 3871 κατὰ

2119 3906 2211 3959 τὸν
2234 3905 2406 3975 αὐτῆς
2434 3903 2599 3974 νόμον
2629 3903 2878 3958 ὑποκινεῖ
2896 3905 2988 3961 τὸν
3010 3905 3284 3975 ἀλγοῦντα
3306 3908 3692 3964 παθαίνεσθαι.

2123 4000 2185 4053 Εἰ
2214 3999 2271 4052 δὲ
2295 3999 2388 4051 καὶ
2410 3996 2646 4068 πληγεὶς
2672 3998 2757 4061 είς
2786 3996 3013 4070 τραῦμα
3051 3999 3079 4052 ό
3113 3999 3358 4062 τοιοῦτος
3387 3999 3696 4066 ὑποκλέπε-

2123 4091 2215 4145 ταί
2237 4107 2296 4143 σε
2326 4090 2407 4152 είς
2438 4088 2500 4141 τὸ
2529 4086 2753 4159 ἐφεξῆς,
2788 4089 2884 4142 καὶ
2914 4089 3262 4162 ἐκτρέπεται,
3302 4090 3357 4145 τί
3392 4091 3552 4147 τοῦτο
3576 4111 3702 4148 και-

2123 4184 2248 4246 νὸνς
2310 4183 2425 4236 Οὐκ
2449 4180 2514 4236 ἂν
2535 4181 2657 4236 οὐδὲ
2683 4181 2804 4245 ϐνος
2827 4181 2909 4245 είς
2955 4180 3019 4235 τδ
3070 4183 3203 4237 αὐτὸ
3259 4183 3341 4249 δὶς
3384 4187 3696 4258 προσκόψῃ.

2127 4273 2347 4337 Πολλοῖς
2367 4274 2423 4328 δὲ
2455 4275 2549 4329 καὶ
2575 4272 2789 4344 ἑτέροις
2811 4272 2922 4327 τῶν
2950 4273 3164 4342 ἀλόγων
3194 4275 3221 4345 ἡ
3253 4274 3477 4347 τοιαύτη
3504 4294 3706 4348 παροι-

2131 4364 2231 4434 μία
2266 4360 2656 4435 ὲπιμερίζεται
2706 4363 3159 4435 φανταζομένοις,
3198 4366 3292 4420 καὶ
3319 4364 3463 4421 οὕτω
3491 4369 3701 4437 φυλατ-

444 4468 550 4513 cla:
592 4457 820 4512 rationis
848 4465 1012 4519 esset.
1039 4456 1320 4510 abundans
1355 4456 1408 4509 iu
1434 4455 1621 4510 cadent
1648 4456 1920 4523 passione,
1947 4458 2009 4511 in«

2133 4458 2382 4527 τομένοις
2414 4457 2475 4511 τὸ
2502 4457 2714 4527 φθάσαν
2744 4457 2935 4511 κακόν.
2968 4456 3094 4522 Πῶς
3123 4456 3190 4512 ἂν
3215 4457 3308 4512 οῦν
3338 4458 3649 4539 ἄνθρωπος,
3672 4465 3704 4515 ὁ

446 4548 773 4618 sensilisque
826 4548 893 4602 ad
922 4562 1084 4601 omne
1120 4561 1443 4616 permanens
1482 4562 1546 4603 ac
1583 4563 1800 4618 semper
1841 4548 2014 4604 oﬂen-

447 4643 579 4697 dere
619 4649 865 4712 paratus.
923 4639 980 4694 Si
1039 4649 1218 4693 tamen
1274 4639 1402 4694 mali
1469 4654 1632 4695 causa
1685 4639 2019 4707 oﬂeudiculi,

450 4744 645 4804 puteus
697 4742 790 4786 aut
820 4732 975 4802 lapis,
1012 4730 1312 4795 recederet,
1360 4730 1449 4785 hic
1486 4731 1703 4801 quidem
1754 4732 1810 4787 in
1859 4733 2025 4788 semi-

451 4837 516 4887 ιω
541 4825 683 4879 latus
724 4832 1044 4894 segregatur
1077 4831 1170 4878 aut
1263 4821 1397 4877 alias
1435 4823 1703 4889 sublatus,
1746 4824 1849 4879 iste
1896 4840 2024 4881 vero

453 4920 686 4988 repletus
747 4929 803 4973 et
847 4917 1153 4971 cumulatus
1197 4926 1253 4971 et
1302 4916 1375 4970 ita
1444 4918 1839 4987 complanatus,
1908 4929 2021 4973 tum

452 5024 584 5064 sane
613 5024 716 5063 nec
748 5008 862 5076 jam
897 5009 1081 5073 homo,
1112 5020 1211 5061 nec
1242 5007 1389 5061 aliud
1417 5007 1618 5062 animal
1653 5010 2023 5080 prolapsionis

452 5100 631 5163 locum
682 5100 1114 5170 pertimesceret,
1145 5098 1238 5153 sed
1271 5099 1451 5155 itineri
1490 5101 1730 5171 seipsum
1766 5116 1888 5158 cum
1920 5116 2007 5157 se-

451 5194 692 5247 curitate
725 5171 1115 5246 committeret.

2124 4551 2149 4606 ε
2158 4568 2234 4606 σω
2258 4551 2441 4619 λόγου,
2459 4549 2564 4616 ἔξω
2580 4548 2786 4620 ταύτης
2805 4550 3078 4617 πεσεῖται,
3109 4551 3502 4624 κακοποιηθεὶς
3523 4552 3678 4606 δπωσ
3694 4585 3710 4593 -

2126 4641 2243 4705 οῦν,
2267 4643 2368 4696 καὶ⁵
2403 4640 2527 4695 οὐδὲ
2557 4640 2818 4707 εἰσάπαξ,
2861 4640 2979 4696 ἀλλ’
3011 4642 3107 4697 ἐπὶ
3139 4642 3365 4708 πλείονς
3419 4637 3588 4714 Οἶμαί
3613 4660 3706 4713 γε,

2126 4734 2201 4797 ὡς
2228 4734 2329 4787 οὑκ
2353 4731 2420 4787 ἂν
2448 4733 2654 4795 ἐκεῖνος
2684 4732 2851 4806 ὀρθοῦ
2883 4732 3063 4804 ἔχοιτο
3092 4733 3279 4802 λόγου,
3311 4733 3624 4801 πλεονάζων
3648 4740 3710 4791 ἐν

2130 4826 2206 4894 τῷ
2233 4824 2434 4895 ὁμοίως
2460 4824 2716 4894 πάσχειν,
2739 4827 2835 4878 καὶ
2864 4826 3045 4895 μένων
3076 4827 3133 4890 ἐς
3161 4826 3222 4879 τὸ
3243 4828 3354 4882 πᾶν
3376 4828 3709 4899 ἀνάλγητος,

2131 4916 2229 4971 καὶ
2259 4916 2626 4985 προσκόπτειν
2660 4916 2817 4969 ἐσαεὶ
2843 4916 3194 4985 ἀνεχόμενος.
3224 4917 3290 4972 Et
3322 4917 3507 4987 μέντοι
3533 4918 3593 4971 τὸ
3612 4918 3710 4972 τοῦ

2131 5007 2306 5063 κακοῦ
2334 5007 2768 5080 προσκόμματος
2792 5008 2966 5062 αῐτιον
3000 5010 3028 5061 ὁ
3054 5008 3246 5079 βόθρος
3266 5009 3430 5081 τυχὸν
3452 5010 3486 5079 ἢ
3510 5011 3537 5062 ὁ
3563 5009 3716 5072 λίθος
3756 5048 3761 5053 .

2130 5092 2381 5162 ἀπέλθοι,
2409 5099 2437 5150 ὁ
2462 5098 2561 5167 μὲν
2593 5099 2674 5159 είς
2698 5096 2930 5164 πλάγιον
2960 5097 3062 5167 τῆς
3091 5098 3280 5169 τρίϐου
3306 5098 3651 5171 ἀφορισθεὶς,
3672 5100 3709 5170 ἢ

2129 5192 2224 5247 καὶ
2254 5192 2432 5255 άλλως
2484 5207 2589 5245 που
2637 5190 2848 5262 ἀρθεὶς,
2899 5193 2927 5244 ό
2953 5190 2996 5243 δ’
3025 5192 3310 5258 ἀνάπλεως
3341 5193 3582 5263 γεγονὼς
3615 5194 3715 5248 καὶ

457 5287 655 5357 μεστὸς
699 5287 793 5339 καὶ
848 5284 993 5339 οὕτω
1046 5287 1260 5352 ναστὸς,
1300 5287 1421 5341 τότε
1466 5287 1532 5359 δὴ
1565 5289 1665 5343 οὐκ
1717 5288 1784 5343 ἂν
1808 5290 1885 5344 ἔτι
1915 5288 2028 5343 οίιτ⁸
2067 5288 2377 5360 ἄνθρωπος,
2427 5286 2552 5342 οὔτε
2602 5287 2709 5358 μὴν
2737 5288 2876 5352 ζῶον
2911 5288 3122 5344 ἀλλοῖον
3189 5290 3553 5345 ὑποκλέποιτο
3615 5292 3710 5347 τὸν

459 5382 547 5436 τοῦ
573 5382 1003 5453 προσκόμματος
1028 5384 1214 5451 τόπον,
1249 5384 1366 5437 ἀλλ’
1393 5385 1600 5439 ὲκδοίεν
1625 5387 1695 5439 ἂν
1731 5387 1902 5440 ἑαυτά
1950 5389 2017 5459 τῇ
2058 5385 2164 5457 6δῷ
2188 5387 2270 5448 είς
2298 5384 2591 5457 διατριϐὴν
2630 5385 2691 5438 οὑ
2724 5386 3103 5457 καχύποπτον.

527 5479 621 5532 44.
661 5479 792 5532 Date
824 5478 958 5533 mihi
996 5494 1126 5549 ergo
1186 5489 1242 5535 et
1273 5495 1370 5536 vos
1405 5480 1620 5537 facilem
1654 5484 1719 5537 ad
1752 5484 2035 5538 ambulan-

460 5574 590 5627 dum
629 5571 843 5638 locum;
889 5583 1163 5627 removete
1208 5572 1455 5642 laqueos,
1517 5575 1757 5630 extollite
1817 5575 2040 5630 offendi-

2216 5479 2318 5553 μδ’.
2345 5482 2473 5535 Δότε
2505 5481 2572 5554 δὴ
2599 5481 2694 5536 οῦν
2726 5500 2816 5553 μοι
2842 5484 2937 5537 καὶ
2969 5484 3130 5554 ὑμεῖς
3160 5483 3466 5553 περίπατον
3493 5483 3710 5546 εὔοδον.

2147 5573 2436 5638 ὑπεξέλετε
2488 5574 2558 5627 τὰ
2600 5574 2990 5643 παγιδώματα,
3035 5575 3269 5647 σχάσατε
3304 5576 3373 5630 τά
3414 5576 3716 5644 σκάνδαλα,

464 5665 582 5720 cuia
607 5705 622 5730 ,
653 5663 840 5720 foveas
866 5665 1144 5734 explentes
1188 5667 1394 5721 reddite
1422 5666 1621 5720 solidas
1641 5683 1655 5732 ;
1677 5675 1731 5721 et
1754 5668 1833 5721 sic
1847 5681 1945 5720 vos
1973 5681 2003 5721 e

2153 5664 2492 5738 στερεώσατε
2520 5663 2971 5735 ἀναπληροῦντες
2995 5667 3064 5720 τὰ
3097 5666 3556 5739 ὑποϐοθρεὺματα
3582 5684 3598 5699 ³
3616 5669 3720 5722 καὶ

461 5756 570 5808 Deo
602 5754 864 5824 judicium
900 5754 1133 5821 deseret,
1165 5766 1220 5811 et
1261 5771 1348 5812 me
1378 5758 1541 5811 timor
1602 5770 1667 5812 ac
1730 5755 1913 5812 metus'
1972 5759 2037 5813 de

460 5854 601 5911 staLu
653 5846 879 5904 itineris.
917 5847 1076 5904 Novit
1132 5846 1292 5916 Deus,
1326 5847 1414 5918 qui
1462 5859 1658 5905 cuncta
1709 5850 2028 5920 peruoscit,

2145 5755 2321 5821 οὕτως
2368 5757 2512 5829 ὑμᾶς
2539 5774 2598 5811 τε
2619 5756 2680 5811 τὸ
2713 5759 2777 5811 ἐκ
2807 5757 2943 5811 θεοῦ
2970 5761 3145 5830 κρῖμα
3175 5758 3465 5829 ἐπιλείψει,
3499 5758 3592 5814 καὶ
3614 5761 3720 5828 ἐμὲ

2142 5848 2200 5902 τὸ
2249 5847 2478 5903 δεδιέναι
2519 5847 2615 5903 καὶ
2678 5849 2983 5919 ὑφορᾶσθαι
3044 5851 3111 5904 τὰ
3153 5852 3253 5921 τῆς
3303 5849 3449 5906 ὁδοῦ.
3512 5846 3721 5907 Οἶδενὸ
