4090 6424
356 364 467 425 445

1360 366 1665 434 CONTRA
1705 338 2200 440 INJURiABUM
2230 379 2672 444 MEMORIAM.

3519 386 3628 452 446

355 480 511 546 Θεὸς,
551 484 580 537 ό
600 483 672 538 τὰ
701 483 884 542 πάντα
914 486 1396 561 ὲξακριὸούμενος,
1424 493 1598 549 οίδασι
1633 494 1689 548 δὲ
1721 495 1817 550 καί⁸
1872 497 1920 550 οἱ

2040 506 2399 567 ioveruutque
2477 498 2543 552 de
2574 502 2735 556 rebus
2800 503 3002 558 nostris
3054 501 3273 567 imbuti,
3304 504 3452 572 quod
3513 506 3632 559 nul-

357 573 470 626 τῶν
524 575 648 629 καθ’
698 579 851 649 qua;
887 580 1274 652 ἐπιστήμονες,
1324 586 1399 649 ὡς
1457 587 1610 642 οὐδὲν
1664 589 1723 656 ἐξ
1773 591 1933 659 ἡμῶν

360 668 600 724 είσπαίει
629 674 802 728 κακὸν
822 674 904 738 είς
931 675 1144 732 οὐδένα.
1174 679 1288 731 Οὐκ
1315 679 1384 733 ἂν
1405 681 1463 735 δὲ
1506 677 1660 752 οἴμαι
1717 684 1838 739 οὐδὲ
1886 686 1938 737 ei

359 763 752 830 καταλέγοντες
777 768 935 836 ἡμῶν
967 768 1141 839 ἔχοιεν
1167 769 1234 824 ἀν
1256 775 1607 841 προενεγκεῖν
1634 792 1687 828 τι
1704 777 1937 847 πρᾶγμα

361 856 442 918 είς
474 855 717 926 ἔλεγχον.
754 859 813 910 Εἰ
847 858 906 912 δὲ
939 861 1030 914 καὶ
1056 860 1237 915 θετέον
1272 865 1367 917 ἐπὶ
1402 868 1791 936 προῦπάρξασι
1843 868 1933 921 Oe-

368 949 572 1019 μελίοις
595 953 707 1015 τοῖς
738 950 799 1019 ἐξ
840 954 1018 1024 ἡμῶν,
1044 956 1242 1027 ὄροφον
1272 958 1429 1011 αὐτοὶ
1454 962 1753 1025 κακώσεως
1784 963 1936 1017 ἕθεν-

362 1058 423 1094 το
479 1048 844 1111 μνησικακίας
906 1046 1114 1111 οἰκείας
1186 1047 1350 1118 λόγῳ.
1378 1051 1443 1104 Τί
1480 1051 1543 1123 δὴ
1590 1053 1939 1124 ἀφιλοσόφως

363 1130 643 1184 αἰτιῶνται
673 1131 786 1199 νῦν,
835 1138 1191 1205 μνησικακεῖν
1213 1140 1379 1206 ἡμᾶς,
1423 1142 1824 1212 μεμνημένους,
1852 1144 1934 1199 ὄτι

367 1222 728 1290 μνησικάκοις
786 1225 1095 1293 ἀνθρώποις
1148 1232 1546 1298 περιπεπτώκα
1582 1252 1714 1302 μεν,
1744 1235 1805 1289 τὸ
1858 1238 1939 1291 oi-

363 1315 506 1364 κεῖον
544 1314 712 1367 κακὸν
746 1315 900 1369 αὐτοὶ
921 1317 1250 1382 ὲπικλῶντες
1280 1322 1411 1391 ἡμῖν
1437 1338 1454 1389 ;

437 1403 541 1470 με’.
576 1405 697 1457 Ἔτι
733 1407 1109 1478 ἀποφαίνομαι
1147 1408 1311 1463 πάλιν
1377 1413 1622 1485 θαρρῶν,
1664 1417 1728 1471 ού
1758 1417 1932 1474 ταύτά

363 1492 504 1544 νοεῖν
544 1493 767 1564 μνήμην
811 1495 981 1550 κακοῦ
1025 1499 1118 1552 καὶ
1163 1505 1544 1573 μνησικακεῖν,
1587 1505 1707 1560 ἀλλ’
1755 1509 1934 1564 έκεῖνο

368 1581 467 1649 μὲν
509 1580 720 1649 φύσεως
745 1584 946 1655 ἀρετὴν
980 1585 1242 1645 εἶναικαὶ
1290 1595 1628 1667 τελειότητα,
1692 1617 1935 1670 περισω-

364 1672 565 1744 ζούσης
595 1678 657 1745 τῇ
682 1676 832 1747 ψυχῇ
857 1679 918 1732 τὺ
941 1679 1050 1734 τῶν
1080 1684 1452 1754 παθημάτων,
1472 1689 1573 1742 εἴτ’
1600 1684 1694 1744 οὖν
1726 1692 1936 1761 νοημά-

362 1781 472 1817 των
505 1766 757 1835 μόνιμον,
779 1769 903 1823 ὅθεν
931 1772 1025 1825 καὶ
1058 1776 1123 1843 τῇ
1152 1775 1342 1849 μνήμῃ
1374 1778 1549 1848 τὸτῆς
1576 1780 1776 1847 λέξεως
1804 1783 1929 1838 ἔτυ-

2041 585 2151 640 lum
2185 602 2253 641 ex
2285 587 2440 642 nobis
2472 589 2670 644 malum
2696 591 2753 646 in
2779 608 3109 661 quemquam
3144 594 3492 649 redundavit.
3517 592 3630 649 Nec

2041 684 2253 741 autem,
2305 690 2456 747 puto,
2492 689 2679 737 contra
2717 699 2815 737 nos
2862 684 3257 741 maledicentes
3285 684 3504 756 aliquod
3554 687 3635 739 fa-

2045 779 2194 824 ctum
2233 770 2284 824 in
2316 782 2694 840 argumentum
2716 776 2951 846 allegare
2978 788 3232 847 possent;
3255 779 3299 833 si
3336 792 3465 832 vero
3495 793 3632 848 quo-

2039 872 2146 928 que
2189 875 2351 929 super
2380 863 2726 918 fundamenta
2759 880 2789 919 a
2824 868 2980 921 nobis
3023 868 3311 937 prwposita
3355 867 3630 922 aedifican-

2039 952 2190 1017 dum,
2223 952 2437 1008 culmen
2470 956 2568 1024 ipsi
2612 957 2832 1012 malitiae
2890 969 3202 1029 posuerunt
3236 959 3471 1030 propria:
3501 960 3627 1014 mali

2038 1045 2314 1098 memoriae
2338 1045 2570 1101 ratione.
2612 1046 2754 1114 Quid
2785 1064 2914 1118 ergo
2946 1067 3051 1104 non
3077 1051 3451 1121 philosonhice
3483 1068 3625 1107 nunc

2036 1149 2340 1191 causantur
2418 1152 2515 1192 nos
2583 1153 2703 1193 esse
2766 1142 2895 1195 mali
2931 1158 3220 1207 memores,
3276 1160 3397 1199 cmn
3448 1161 3631 1199 recor-

2037 1224 2249 1289 damur,
2284 1229 2427 1296 quod
2487 1228 2794 1282 horninibus
2841 1231 2970 1284 mali
3003 1235 3333 1288 memoribus
3379 1235 3630 1289 incideri-

2038 1325 2177 1383 mtts,
2211 1320 2483 1389 proprium
2514 1321 2711 1376 malutn
2746 1322 2847 1391 ipsi
2874 1323 3028 1378 nobis
3067 1328 3419 1392 imputantes.

2107 1410 2198 1464 45.
2230 1410 2312 1464 Ad
2355 1411 2472 1465 bzec
2500 1427 2718 1467 rursum
2747 1412 2962 1483 explico
2987 1416 3263 1469 conlidens
3291 1431 3399 1470 non
3441 1415 3629 1471 eadem

2034 1500 2338 1570 signiﬁcare
2365 1502 2491 1556 mali
2524 1504 2976 1566 recordationem.
3025 1514 3082 1561 et
3113 1508 3237 1560 mali
3266 1507 3580 1561 memoriam
3608 1527 3627 1574 ;

2035 1593 2131 1645 sed
2187 1592 2333 1648 illam
2365 1594 2587 1663 quidem
2624 1610 2748 1651 esse
2782 1603 2993 1651 natura:
3042 1598 3297 1653 virtutem
3351 1607 3404 1652 ct
3454 1598 3630 1668 peric-

2034 1683 2299 1748 ctionem,
2336 1688 2715 1743 conservantis
2744 1688 2796 1742 in
2817 1690 2999 1743 anima
3023 1690 3167 1757 quod
3194 1691 3258 1744 de
3286 1690 3627 1758 passiouibus

2033 1776 2117 1829 vel
2146 1776 2560 1844 cogitationibus
2614 1790 2879 1840 moratur,
2958 1781 3099 1835 unde
3174 1781 3319 1834 venit
3351 1781 3627 1833 memoriae

368 1873 487 1925 μον.
515 1856 588 1911 Τὸ
620 1858 677 1911 δέ
727 1877 790 1927 γε
854 1869 1215 1931 μνησικακεῖν
1259 1867 1438 1940 ψυχῆς
1483 1873 1797 1946 φαυλότητα
1858 1877 1940 1930 τί-

2046 1868 2195 1923 vocis
2244 1876 2486 1937 etymou;
2554 1870 2681 1923 mali
2736 1870 3054 1925 meminisse
3104 1884 3234 1924 vero
3296 1872 3618 1941 pravitatem

366 1947 529 2017 θεμαι
585 1951 829 2021 μαχίμου
878 1954 976 2007 καὶ
1024 1956 1442 2031 ὀλοθρευτικῆς.
1484 1964 1595 2016 Καὶ
1626 1967 1808 2021 τοίνυν
1841 1967 1938 2038 μέ-

370 2058 570 2111 μνηται
597 2043 895 2108 κακωθεὶς,
935 2047 963 2100 ὅ
990 2046 1044 2099 τί
1076 2063 1181 2118 περ
1232 2044 1371 2113 οῖδα,
1413 2052 1508 2105 καὶ
1553 2053 1936 2125 εὐεργετηθείς

368 2149 521 2188 ποτε.
555 2136 930 2204 Μνησικακεῖν
990 2139 1047 2194 δὲ
1105 2140 1231 2195 οὕτε
1298 2137 1419 2198 οἶδα
1467 2144 1528 2200 ὃν
1586 2148 1751 2218 ἔργον
1777 2149 1931 2220 ὲμδν,

364 2226 484 2280 οὐδὲ
515 2228 622 2299 μὴν
652 2228 846 2296 ἐθέλω,
866 2231 1120 2304 καθάπερ
1151 2236 1272 2290 οὐδὲ
1305 2239 1632 2308 φιλονεικεῖν
1671 2241 1934 2312 μάχιμον,

365 2316 455 2373 οἷα
482 2323 575 2374 καὶ
607 2321 882 2389 συνειδὼς,
917 2326 1056 2397 ποίῳ
1090 2326 1399 2401 διδασκάλῳ
1446 2332 1718 2403 μαθητὴς,
1760 2337 1809 2388 εί
1842 2336 1938 2390 καὶ

365 2413 564 2483 ἀφυὴς,
582 2416 1024 2487 ὲπιγέγραμμαι.
1057 2419 1140 2473 ὅτι
1166 2420 1368 2492 δηλαδὴ
1413 2424 1492 2493 τῷ
1522 2425 1787 2496 εἰρηνικῷ
1843 2427 1939 2481 καὶ

365 2505 526 2574 πράῳ
550 2507 642 2559 καὶ
665 2507 1066 2579 καθηγουμένῳ
1083 2512 1208 2564 ,τῶν
1235 2514 1573 2581 βουλομένων
1608 2519 1689 2578 είς
1717 2519 1780 2573 τὸ
1819 2519 1940 2589 φιλ-

365 2594 675 2666 ἄνθρωπον.
699 2596 762 2651 Ei
788 2597 843 2651 δέ
874 2616 957 2659 τις
986 2600 1293 2672 ἑτεροιότης
1318 2602 1375 2655 ὲν
1406 2604 1531 2671 ἐμοὶ
1559 2604 1782 2674 ἀγάπης
1802 2606 1938 2676 πρὸς

363 2686 512 2741 τόνδε
538 2687 690 2742 τοῦδέ
725 2706 892 2753 τινος,
929 2691 1025 2744 καὶ
1077 2691 1268 2760 ἐτέρου
1295 2691 1429 2762 πρὸς
1465 2692 1645 2759 ἀλλον,
1669 2696 1769 2749 καὶ
1803 2696 1935 2750 πολ-

362 2777 472 2831 λῶν
517 2780 653 2848 πρὸς
683 2781 931 2847 πολλοὺς,
971 2781 1167 2836 οὔκουν
1196 2784 1383 2851 ἐστιν,
1429 2785 1529 2841 οὐκ
1572 2787 1721 2843 ἐστιν
1761 2789 1936 2855 ἄλλως

367 2872 625 2946 εὑρέσθαι
656 2874 789 2946 παρ’
822 2875 929 2929 οὐδ’
963 2874 1189 2947 ῲτινοῦν
1214 2877 1334 2947 ἔχον
1363 2877 1427 2931 τὸ
1449 2882 1706 2951 πρᾶγμα.

443 3064 558 3128 pg’.
587 3055 966 3127 Κοινωνοῦμεν
983 3057 1237 3128 ἀλλήλοις
1267 3057 1546 3131 ἄνθρωποι
1580 3060 1800 3117 πάντων
1826 3064 1938 3118 τῶν

370 3150 449 3211 είς
477 3151 674 3222 χρῆσιν
706 3150 846 3221 βίου,
878 3149 975 3204 καὶ
1000 3151 1152 3222 ὅμως
1177 3152 1238 3206 οὐ
1271 3153 1362 3206 τὸν
1390 3153 1554 3207 αὐτὸν
1589 3155 1791 3227 τρόπον
1847 3158 1934 3228 ἐφ’

2036 1959 2232 2014 animas
2249 1961 2508 2029 pugnacis
2523 1969 2575 2014 et
2599 1960 2892 2016 mortiferae
2912 1961 3175 2015 arbitror.
3196 1960 3441 2017 Meminit
3460 1963 3628 2031 igitur

2036 2051 2124 2120 qui
2162 2052 2358 2106 malum
2402 2067 2592 2121 passus
2622 2063 2727 2119 est,
2760 2054 2903 2122 quod
2961 2054 3215 2121 equidem
3258 2053 3409 2119 novi,
3449 2064 3502 2108 et
3530 2055 3624 2122 qui

2036 2144 2329 2214 aliquando
2369 2145 2688 2200 beneﬁcium
2744 2147 2965 2216 recepit.
2995 2145 3116 2201 Mali
3145 2147 3452 2203 meminisse
3484 2162 3614 2200 vero

2036 2243 2291 2306 tanquam
2316 2252 2451 2305 opus
2471 2252 2649 2291 meum
2681 2253 2779 2293 uec
2806 2252 3059 2307 agnosco,
3081 2253 3182 2292 nec
3205 2238 3346 2301 volo,
3365 2239 3505 2293 sicut
3525 2251 3625 2292 nec

2035 2330 2277 2383 aemulari
2311 2344 2634 2398 pugnacem,
2669 2339 2852 2398 utpote
2893 2331 2986 2399 qui
3028 2330 3163 2386 mihi
3191 2330 3442 2385 conscius
3474 2345 3623 2394 sum,

2036 2420 2180 2490 quali
2217 2421 2476 2492 magistro
2503 2420 2818 2490 discipulus,
2848 2421 2973 2477 licet
3050 2421 3285 2491 ineptus,
3359 2422 3630 2488 ascriptus

2036 2510 2164 2577 sim,
2226 2512 2450 2580 pacifica
2523 2513 2729 2567 scilicet
2778 2521 2834 2566 et
2882 2512 3021 2575 miti,
3053 2511 3626 2580 prmmonstratoriquo

2038 2603 2430 2663 desideriorum
2451 2605 2517 2659 ad
2546 2604 2935 2659 humanitatem
2964 2602 3386 2672 respicientium.
3409 2602 3465 2657 Si
3484 2602 3629 2673 quod

2038 2705 2226 2749 autem
2262 2694 2316 2748 in
2352 2709 2439 2748 me
2487 2695 2781 2751 discrimen
2825 2694 3132 2751 dilectionis
3186 2696 3325 2750 inter
3373 2695 3520 2749 hunc
3560 2703 3619 2748 ct.

2037 2785 2224 2855 istum,
2254 2787 2396 2842 inter
2424 2790 2589 2847 alium
2617 2797 2672 2843 et
2696 2788 2882 2851 aliuru,
2913 2786 3054 2841 inter
3080 2786 3280 2841 multos
3312 2797 3364 2841 et
3391 2785 3612 2851 multos,

2036 2894 2145 2935 non
2193 2892 2272 2935 est
2300 2881 2459 2936 aliter
2498 2890 2672 2944 certe,
2692 2895 2800 2935 non
2833 2878 2948 2933 ﬁeri
2981 2886 3155 2946 potest
3178 2887 3238 2932 ut
3266 2876 3410 2948 apud
3437 2893 3626 2947 quem-

2040 2986 2204 3043 quam
2235 2988 2320 3027 res
2349 2973 2681 3027 inveniatur.

2112 3058 2200 3114 ιθ.
2236 3059 2714 3115 Communicamus
2774 3060 3004 3115 invicem
3057 3060 3307 3115 homines
3375 3074 3635 3129 quaecun-

2043 3167 2150 3223 que
2178 3161 2307 3208 sunt
2333 3153 2400 3207 ad
2438 3167 2592 3206 usum
2641 3153 2788 3219 vitae,
2824 3168 2926 3207 nec
2979 3162 3157 3207 tamen
3212 3156 3277 3208 ad
3306 3168 3496 3209 omnes
3539 3169 3631 3207 co-

368 3216 615 3303 ﬁnavo'w"
678 3216 816 3299 ἀλλὰ
872 3243 1008 3313 ξένῳ
1034 3216 1046 3222 ν
1072 3244 1174 3313 μὲν
1217 3246 1441 3315 ἀρκέσει
1497 3216 1635 3302 ὁδοῦ.
1669 3216 1937 3321 ὀρθότητα

2040 3245 2159 3302 dem
2194 3245 2655 3300 modo.Extraneo
2679 3245 2894 3315 quidem
2922 3256 3128 3300 rectum
3153 3246 3257 3300 iter
3276 3247 3628 3316 interroganti

367 3339 661 3408 πυθομένῳ
710 3337 1100 3404 καθυποδείξαι
1131 3339 1401 3407 δακτύλῳ,
1457 3341 1687 3412 γνωστῷ
1737 3343 1794 3396 δέ
1831 3360 1938 3397 τινι

365 3431 800 3503 προσεπιθήσειν
833 3430 941 3500 χρὴ
974 3431 1068 3482 καὶ
1106 3428 1299 3485 λαλιὰν
1333 3430 1545 3499 ἱλαρὰν,
1584 3432 1680 3485 καί
1729 3450 1784 3486 τι
1839 3434 1937 3487 καὶ

366 3522 600 3594 προόδου
630 3520 1087 3591 φιλοτιμήσεσθαι
1109 3562 1124 3587 ,
1156 3523 1252 3575 καὶ
1280 3523 1487 3593 τρύφος
1509 3522 1567 3576 δὲ
1597 3522 1764 3594 ἄρτου
1797 3526 1936 3578 ἀπο-

365 3615 643 3683 ταμέσθαι
673 3615 771 3668 καὶ
808 3612 1016 3679 δοῦναι,
1059 3614 1176 3682 είγε
1216 3614 1506 3686 πάρεστιν.
1553 3615 1615 3668 El
1645 3615 1701 3669 δέ
1735 3633 1816 3679 τις
1844 3618 1938 3672 ἐπὶ

367 3709 557 3761 πλεῖον
614 3705 963 3776 γνωρίζοιτο,
1022 3707 1422 3775 ἐπιταθήσεται
1448 3709 1476 3761 ὁ
1508 3707 1685 3776 φίλιος
1721 3709 1817 3762 καὶ
1857 3710 1937 3774 εἰς

366 3798 696 3867 κοινωνικὴν
725 3796 1031 3868 τράπεζαν.
1073 3798 1131 3849 ’0
1156 3798 1348 3864 μέντοι
1381 3798 1526 3867 λόγῳ
1559 3798 1739 3868 φιλίας
1770 3802 1937 3868 ἐγγυ-

364 3890 515 3945 τάτω
549 3888 914 3958 κολλώμενος,
950 3887 1189 3958 ὕπερθεν
1220 3888 1328 3941 τῶν
1385 3888 1644 3943 τοιούτων
1681 3890 1939 3946 ἁπάντων

365 3977 681 4048 ἑστήξεται,
711 3977 773 4029 οὐ
806 3977 969 4047 μόνον
1004 3977 1174 4032 τᾶλλα
1201 3977 1280 4049 τῷ
1310 3977 1624 4048 φιλουμένῳ
1655 3983 1943 4051 κοινούμε-

366 4088 478 4136 νος,
531 4069 672 4125 ἀλλά
717 4070 813 4122 καὶ
869 4071 1189 4140 μυστηρίων
1241 4072 1557 4142 ἐπιστήμην
1616 4072 1757 4142 ἔχων
1827 4074 1940 4129 τῶν

364 4162 462 4218 τοῦ
519 4162 700 4232 φίλου.
759 4161 871 4217 Καὶ
919 4161 1038 4231 βίου
1097 4162 1368 4233 μερισμὸν
1431 4162 1531 4233 μὲν
1588 4165 1788 4233 εἰπεῖν,
1842 4166 1940 4221 οῦ-

365 4274 457 4311 πω
486 4257 629 4326 μέγα
653 4297 669 4321 ,
699 4255 825 4310 ὅλου
895 4255 952 4308 δὲ
987 4253 1156 4310 αὑτοῦ
1221 4255 1512 4324 μετουσίαν
1553 4256 1650 4310 καὶ
1698 4257 1942 4328 είσποίηη

368 4366 476 4402 σιν.
518 4349 629 4402 Καὶ
660 4347 850 4402 καινὸν
884 4347 1039 4400 οὐδὲν
1072 4345 1266 4412 ταῦτα,
1318 4348 1368 4400 εί
1422 4346 1519 4401 καὶ
1551 4348 1737 4420 πατὴρ
1769 4348 1942 4422 ἀγέλῃ

365 4437 580 4491 παίδων
630 4435 1201 4508 περιεστοιχισμένος,
1258 4436 1318 4488 οὐ
1384 4435 1675 4501 τάςαύτάς
1731 4436 1939 4492 ἆπασιν

2040 3337 2329 3393 Suilii-ictui
2347 3338 2586 3392 iudicare
2600 3338 2803 3406 digito;
2831 3338 3042 3391 homini
3069 3346 3249 3391 autem
3282 3338 3628 3407 uotojucun-

2040 3426 2160 3480 dam
2184 3436 2398 3495 oportet
2420 3426 2618 3482 addere
2642 3428 2991 3493 locutionem,
3013 3427 3402 3497 aliquantulum
3432 3427 3629 3483 blande

2040 3518 2307 3582 comitari,
2329 3519 2558 3573 frustum
2583 3520 2744 3574 etiam
2785 3522 2960 3590 panis,
3018 3521 3063 3574 si
3123 3520 3273 3581 licet,
3310 3521 3632 3576 abscindere

2039 3626 2101 3668 ac
2130 3613 2393 3683 praebere.
2427 3614 2482 3667 Si
2513 3614 2634 3680 quis
2661 3623 2836 3669 autem
2870 3615 3040 3684 magis
3067 3615 3235 3669 etiam
3271 3627 3413 3670 esset
3442 3624 3624 3677 notus,

2040 3715 2212 3771 usque
2245 3701 2314 3758 ad
2346 3716 2586 3757 mensam
2629 3718 2974 3757 communem
3018 3704 3401 3758 extenderetur
3463 3721 3626 3760 com-

2037 3797 2321 3852 mercium.
2354 3796 2454 3863 Qui
2490 3806 2669 3852 tamen
2703 3797 2959 3851 amicitia:
2985 3797 3197 3851 ratione
3221 3797 3464 3865 proxime
3495 3812 3630 3852 con-

2034 3888 2256 3960 iunctus
2284 3899 2389 3954 est,
2437 3904 2600 3958 super
2649 3888 2764 3942 lucc
2788 3889 2969 3943 omnia
3005 3889 3289 3957 eminebit,
3320 3906 3425 3945 non
3453 3891 3629 3944 solum

2038 3994 2233 4041 wtera
2282 3982 2495 4051 propria
2531 3980 2728 4036 dilecto
2759 3982 2932 4035 amico
2962 3982 3313 4050 participans,
3349 3982 3443 4038 sed
3463 3982 3628 4036 etiam

2038 4074 2422 4144 mysteriorum
2483 4073 2646 4127 amici
2706 4074 3071 4141 cognitionem
3125 4075 3353 4130 habens.
3406 4074 3476 4129 Et
3508 4074 3633 4144 qui-

2041 4161 2163 4217 dem
2198 4160 2371 4215 victus
2410 4160 2760 4230 partitionem
2825 4161 3006 4216 dicere
3042 4176 3231 4230 parum
3262 4171 3366 4228 est;
3404 4178 3632 4232 prorsus

2042 4260 2220 4308 autem
2247 4263 2329 4306 est
2359 4253 2530 4323 ipsius
2562 4253 2836 4307 consortio
2862 4261 2918 4307 et
2940 4252 3178 4321 adoptio.
3206 4252 3322 4308 Nec
3342 4253 3473 4321 quid
3506 4252 3630 4306 novi

2042 4354 2166 4401 sunt
2222 4345 2355 4412 haec,
2422 4344 2470 4399 si
2528 4352 2764 4415 quoque;
2790 4355 2966 4414 pater,
3022 4344 3253 4400 filiorum
3306 4358 3467 4415 grege
3511 4344 3624 4397 cir-

2042 4437 2346 4501 cumdatus,
2382 4448 2492 4490 non
2528 4435 2747 4490 easdem
2796 4434 3047 4489 omnibus
3089 4435 3373 4503 suspendit
3420 4435 3628 4495 lances,

365 4526 710 4581 ἀναπτύσσει
738 4526 1107 4593 πλάστιγγας,
1151 4526 1310 4598 ῥέπει
1344 4526 1401 4580 δὲ
1435 4525 1613 4591 οὕτως
1669 4527 1702 4599 ἢ
1743 4527 1936 4597 οὕτως,

2046 4528 2139 4583 sed
2175 4526 2398 4581 inclinat
2431 4527 2512 4581 sic
2550 4525 2632 4579 vel
2676 4526 2778 4589 sic,
2832 4535 2887 4578 ut
2929 4526 3124 4578 animae
3157 4524 3483 4580 desiderium
3533 4524 3630 4578 im-

364 4619 441 4682 ὡς
467 4619 528 4673 τὸ
554 4620 652 4689 τῆς
680 4618 864 4690 ψυχῆς
895 4617 1096 4671 ποθοῦν
1129 4618 1412 4683 καθέλκει,
1458 4618 1554 4672 καὶ
1583 4618 1940 4688 τῷδοκοῦντι

2050 4621 2225 4692 pellit,
2264 4628 2405 4686 et,ut
2429 4619 2531 4674 sibi
2561 4620 2797 4682 videtur,
2825 4618 3177 4686 pouderautis
3200 4632 3454 4673 mensura
3496 4616 3630 4685 cita-

363 4711 468 4779 τῆς
495 4710 680 4777 ὁλκῆς,
709 4713 744 4766 ἀ
768 4709 977 4782 [γάπης
1025 4708 1238 4782 μέτρ]ῳ
1270 4709 1372 4782 (1),
1408 4712 1599 4781 μετρεί
1620 4709 1682 4764 τὸ
1712 4710 1942 4782 φυσικὸν

368 4803 686 4876 ἰσόρροπον.

594 4892 659 4946 Τί
703 4891 770 4964 δὴ
812 4889 909 4947 οὖν
949 4891 1041 4947 τὸν
1081 4891 1181 4962 μὲν
1213 4890 1564 4963 ὲκπυροῦντα
1614 4893 1794 4963 φλόγα
1845 4897 1940 4949 ἐπὶ
2014 4864 2019 4867 “

366 4985 687 5055 ἐμπρησμῷ
742 4976 966 5058 [οῐκουῙ,
1021 4985 1103 5048 είς
1155 4984 1484 5057 δραστήριον
1523 4983 1694 5056 ἀνδρα
1747 4986 1939 5040 καλλι-

366 5077 658 5146 γραφεῖτε,
712 5077 805 5130 τὸν
852 5078 909 5131 δὲ
961 5076 1350 5130 ὑπανάπτοντα
1414 5075 1633 5149 λύχνον,
1692 5078 1944 5149 φυλακῆς

365 5170 554 5239 χάριν,
610 5170 692 5232 είς
724 5168 1036 5240 κακοῦργον
1068 5167 1387 5238 ἐγγράφετε
1412 5184 1427 5231 ;
1456 5168 1522 5221 Τί
1557 5169 1648 5223 τὸν
1676 5169 1840 5241 ὀρθὸν
1868 5171 1945 5223 δι-

364 5262 639 5317 δάσκαλον
688 5262 867 5326 άλλως
925 5261 1376 5328 ἁντιδιδάσκετε;
1411 5260 1477 5315 Τί
1530 5261 1633 5334 τὴν
1689 5262 1942 5334 στάθμην

367 5354 689 5423 παράγετε;
722 5354 787 5407 Τί
814 5354 912 5427 τὴν
944 5354 1226 5426 σταφυλὴν
1263 5353 1586 5425 ἀχρειοῦτε;
1624 5354 1689 5407 Τί
1715 5355 1808 5409 τὸν
1841 5373 1945 5409 κα-

367 5443 503 5498 νόνα
535 5445 904 5514 στρεϐλοῦτε;
947 5445 1014 5498 Τί
1066 5448 1210 5501 κατὰ
1243 5446 1346 5512 τῆς
1397 5446 1627 5499 καθέτου
1664 5450 1942 5517 χωρεῖτε;

370 5534 441 5587 Τί
468 5535 563 5586 τὸν
592 5534 910 5589 δικαιοῦντα
942 5534 1105 5601 ζυγὸν
1139 5536 1465 5607 μέμφεσθε;
1516 5536 1581 5589 Τί
1612 5536 1669 5588 δὲ
1712 5538 1812 5606 ἐμὲ
1852 5538 1949 5591 καὶ

374 5624 538 5700 μόνον
564 5629 622 5680 ἐν
652 5627 961 5701 ἀνθρώποις
1007 5629 1239 5694 ἕκαστος
1270 5629 1485 5683 ἐθέλετε
1522 5630 1765 5700 μετρεῖν,
1817 5629 1953 5701 πρὸς

2060 4713 2261 4779 ritatis,
2295 4710 2540 4767 naturale
2571 4720 2847 4765 mensurat
2877 4709 3266 4778 aequilibrium.

2112 4897 2201 4954 47.
2243 4896 2382 4965 Quid
2416 4896 2577 4965 igitur
2608 4895 2759 4949 illum
2785 4893 2876 4965 qui
2917 4891 3187 4947 ﬂammam
3222 4891 3292 4947 ad
3321 4891 3634 4956 incendium

2043 4991 2236 5046 domus
2266 4989 2532 5052 accendit,
2572 4987 2719 5041 velut
2753 4986 3028 5043 hominem
3073 4993 3355 5040 strenuum
3407 4984 3632 5052 pulchre

2044 5082 2269 5153 pingitis
2300 5091 2356 5136 et
2385 5081 2532 5136 illum
2560 5080 2652 5149 qui
2691 5078 2971 5135 succendit
3024 5077 3301 5132 lucernam
3369 5076 3631 5130 custodia:

2052 5175 2225 5246 gratia
2273 5182 2528 5243 tanquam
2584 5171 2885 5227 maleﬁcum
2947 5169 3281 5224 describitis?
3344 5161 3630 5235 Quid're-

2069 5278 2213 5320 ctum
2274 5252 2539 5319 adversus
2582 5262 2903 5331 magistrum
2970 5258 3128 5313 aliter
3193 5258 3403 5313 docetis
3433 5257 3458 5309 ἓ
3490 5257 3631 5325 Quid

2053 5356 2310 5409 amussim
2343 5351 2698 5420 pervertitis?
2738 5349 2877 5417 Quid
2910 5348 3358 5418 perpendiculum
3418 5347 3628 5402 distur»

2052 5445 2245 5502 bolis?
2277 5445 2416 5511 Quid
2461 5443 2696 5512 regulam
2732 5441 3084 5510 depraVatis?
3124 5440 3264 5509 Quid
3287 5449 3475 5494 contra
3516 5455 3629 5493 me-

2053 5546 2167 5592 tam
2202 5535 2414 5592 exitis?
2455 5535 2594 5602 Quid
2635 5535 2836 5605 justum
2871 5532 3191 5601 vituperatis
3234 5531 3450 5601 jugum?
3490 5528 3630 5595 Quid

2058 5639 2240 5685 autem
2286 5642 2372 5682 me
2401 5666 2418 5695 ,
2448 5626 2730 5697 solumque
2763 5626 2906 5681 inter
2948 5624 3220 5690 homines,
3257 5623 3632 5692 unusquisque

444 5805 523 5884 (l)
554 5829 572 5860 ι
600 5807 738 5871 lluic
766 5825 897 5866 mea:
920 5807 1019 5865 loci
1058 5808 1230 5865 mutili
1257 5808 1621 5866 emendationi
1646 5808 1757 5879 jam
1796 5808 1972 5873 minus
2001 5807 2236 5878 conﬁdo,
2273 5827 2292 5862 ι
2348 5808 2425 5865 ait
2456 5809 2632 5867 editor
2656 5808 2709 5865 in
2740 5807 2996 5866 Mantissa
3026 5805 3504 5873 Observationum.
