4090 6438
434 387 536 450 44⁵1

1142 387 1565 449 EUSTATHII
1595 382 2358 447 TIIESSALONICENSIS
2399 382 2969 447 METROPOLIT/E
2997 462 3006 472 ι

3587 380 3695 445 448

436 503 679 548 vestrum
713 493 893 548 metiri
919 494 1033 549 vult
1050 493 1204 563 juxta
1235 497 1445 565 pondus
1468 498 1611 567 quod
1630 497 1746 565 ipse
1778 493 2008 565 profert,

2129 492 2174 547 iv
2209 494 2371 564 ὑμεῖς
2428 493 2770 565 προϐάλλετε
2809 491 3077 563 σταθμὸν,
3137 493 3235 546 καὶ
3293 491 3692 561 λογοπραγεῖτε

437 595 491 635 et
533 598 655 653 qua:
690 593 818 639 sunt
851 585 902 638 in
941 601 1034 639 me
1050 586 1486 657 amicitire'juga,
1513 587 1594 642 sic
1616 586 1858 641 examini
1885 583 2015 641 sub-

436 675 631 741 iit-itis?
670 674 774 742 Ipsi
809 678 1028 744 quidem
1071 678 1268 732 librate
1318 693 1416 733 vos
1458 693 1679 734 sursum
1731 682 2012 743 deorsum,

438 774 498 816 ut
528 764 757 828 accidit;
791 780 876 818 me
912 780 1041 820 vero
1080 767 1301 821 statuite
1333 769 1765 837 comparandum
1797 766 1864 820 ad
1893 779 2016 818 mo-

443 855 608 908 menti
643 857 1033 924 :equalitatem.
1067 860 1155 912 ubi
1190 876 1295 915 non
1327 869 1412 917 est
1436 861 1688 916 invenire
1716 859 2014 928 quidquam

437 948 582 1014 apud
620 964 717 1002 vos
748 950 983 1019 positum
1020 950 1073 1004 in
1100 951 1434 1021 aequatione.
1477 950 1535 1006 Si
1564 952 1710 1006 enim
1769 950 2018 1018 aliquan-

444 1039 613 1093 tulum
648 1041 831 1096 lances
882 1042 1042 1096 vobis
1097 1043 1414 1097 custodiunt
1473 1043 1860 1112 aquilibrium,
1909 1056 2016 1096 non

455 1130 639 1198 potius
674 1131 872 1200 aliquis
905 1133 1026 1187 solo
1070 1134 1220 1189 visus
1281 1140 1535 1189 contactu
1574 1134 1676 1187 hoc
1708 1133 1870 1199 vidit,
1910 1140 2020 1188 sta-

437 1224 470 1272 ti
483 1236 644 1290 mque
686 1224 1016 1279 antitbctum
1039 1226 1295 1280 amicitiae
1317 1234 1508 1281 vestra:
1540 1232 1785 1280 nostram
1819 1225 1875 1280 in
1904 1225 2020 1279 lan-

435 1331 554 1370 cem
610 1318 948 1384 dominatur,
1010 1329 1066 1374 et
1125 1322 1380 1376 deorsum
1439 1329 1786 1392 aggravatam
1841 1321 2019 1376 reddit

437 1408 686 1464 inutilem
723 1424 785 1462 ac
814 1421 1177 1481 quarentem,
1207 1414 1297 1468 ubi
1345 1416 1633 1470 consistat.
1666 1413 1728 1466 Et
1763 1428 2019 1485 magnum

436 1502 658 1569 quidem
688 1503 841 1557 nobis
869 1504 1144 1573 impendet
1176 1507 1553 1576 crimen,quod
1581 1522 1684 1560 non
1710 1517 1859 1562 recte
1890 1521 2024 1562 con-

438 1607 721 1649 versamor
752 1610 876 1650 cum
911 1596 1294 1652 illustrioribus
1328 1597 1488 1665 hujus
1511 1598 1745 1652 civitatis
1776 1607 1828 1654 et
1849 1613 2019 1666 egen-

439 1684 679 1740 tioribus
716 1727 731 1751 ,
769 1687 865 1742 sed
918 1688 1189 1744 coniusim
1242 1698 1297 1743 et
1354 1690 1647 1745 indiscrete
1699 1692 2024 1745 commisce-

442 1792 564 1831 tnur
601 1777 735 1832 illis.
783 1779 937 1833 Nihil
966 1790 1147 1836 autem
1204 1780 1295 1835 hic
1332 1781 1385 1835 in
1444 1792 1631 1838 nostra
1688 1785 2023 1838 discretione

440 1871 820 1940 corrigendum
851 1871 1137 1927 habemus.
1185 1873 1346 1928 Ratio
1395 1884 1576 1928 autem
1625 1883 1712 1929 est
1789 1872 2022 1943 Euripus

441 1962 661 2030 quinos
688 1966 989 2019 circumdat
1043 1975 1096 2019 et
1131 1966 1369 2021 versoria
1401 1980 1615 2037 semper
1659 1982 1878 2038 gyrans.
1924 1964 2024 2020 Vix

441 2055 586 2108 cnim
641 2056 837 2126 aliquis
899 2071 930 2111 e
967 2059 1170 2113 uestris
1233 2058 1446 2113 civibus
1495 2061 1784 2127 quemdam
1863 2060 2023 2113 hodie

442 2147 756 2214 praedicavit
783 2149 1176 2216 bonorabilem,
1194 2166 1317 2205 cum
1364 2150 1455 2205 ille
1484 2166 1606 2205 cras
1629 2152 2024 2221 ignominiosus

441 2240 697 2293 scribitur
729 2240 1002 2309 simulque
1026 2241 1313 2297 confestim
1363 2240 1653 2295 deseritur.
1697 2241 1856 2295 Dives
1881 2257 2026 2297 nunc

442 2333 672 2400 superbe
703 2333 947 2401 loquitur
970 2344 1024 2387 et
1057 2334 1216 2404 paulo
1247 2344 1366 2402 post
1395 2336 1778 2403 egentissimus
1822 2336 1887 2389 ad
1923 2340 2027 2389 mi-

442 2425 753 2479 sericordiae
783 2424 1003 2492 ianuam
1063 2427 1256 2495 pulsat.
1284 2425 1491 2481 Nobilis
1517 2428 1567 2479 in
1601 2429 1852 2494 praesenti
1890 2437 2027 2480 tem-

442 2517 592 2584 poris
623 2529 825 2585 puncto
862 2530 975 2589 pom
1005 2518 1169 2573 breve
1200 2520 1541 2573 maledicitur
1582 2521 1799 2591 ignobili
1827 2535 2025 2590 genere

443 2608 523 2663 sic
551 2619 727 2676 ortus,
764 2621 816 2665 ut
850 2614 1279 2666 contemnendus
1305 2612 1397 2674 sit,
1419 2621 1472 2664 et
1490 2628 1702 2677 servus,
1735 2614 2023 2680 tttdicitur,

441 2714 543 2766 pro
565 2700 739 2756 libero
767 2714 1100 2771 compareat.
1138 2701 1433 2767 Quemdam
1465 2703 1780 2772 aliquandiu
1828 2706 2026 2757 virtute

444 2794 728 2862 praeditum
757 2794 1122 2860 testabantur,
1152 2804 1206 2848 et
1238 2796 1386 2849 brevi
1439 2806 1682 2864 tempore
1705 2804 1889 2863 postea
1913 2808 2028 2848 sce-

452 2884 624 2941 lesms
658 2886 1037 2949 denuntiatur,
1066 2887 1215 2940 velut
1251 2887 1297 2939 si
1334 2889 1605 2940 somnium
1641 2889 1829 2941 umbra
1877 2895 2026 2957 tege-

444 2991 616 3033 retur.
639 2978 698 3033 ln
734 2995 871 3050 quas
899 2981 1065 3051 igitur
1117 2979 1402 3049 Opinioncs
1427 2980 1840 3049 voluntatesque
1875 2995 2026 3034 men-

450 3084 560 3127 tem
594 3083 889 3139 vertemus,
922 3089 1044 3128 cum
1095 3074 1175 3128 sic
1225 3073 1281 3127 in
1316 3073 1591 3126 diversum
1648 3072 2023 3127 scinduntur?

2051 1843 2099 1904 B

2114 585 2184 639 τὰ
2221 587 2281 639 ὲν
2320 588 2445 655 ἐμοὶ
2478 587 2577 655 τῆς
2627 586 2813 655 φιλίας
2842 585 3024 654 (ora;
3087 585 3202 639 Καὶ
3230 583 3391 638 αὑτοὶ
3423 582 3522 651 μὲν
3576 582 3695 636 ἄνω

2115 678 2270 733 κάτω
2298 678 2716 750 τρυτανίζεσθε,
2749 678 2858 747 ὅπη
2913 677 3057 751 τύχῃ
3084 692 3097 707 ⁶
3132 677 3235 747 ἐμὲ
3274 675 3333 729 δὲ
3389 672 3691 727 συναλλάσ-

2118 788 2238 825 σειν
2266 771 2596 825 ἑπιτάσσετε
2631 772 2770 842 πρὸς
2805 772 3029 839 ἰσότητα
3062 768 3261 839 ῥοπῆς,
3297 766 3429 820 ἔνθα
3472 764 3548 835 μὴ
3600 763 3691 816 ἔσ-

2115 881 2202 920 τιν
2252 864 2457 937 εὑρεῖν,
2515 864 2571 918 τί
2599 864 2733 936 παρ’
2765 865 2898 935 ὑμῖν
2947 860 3231 923 καθεστὼς
3269 861 3329 914 ἐν
3371 858 3691 926 ταυτότητι.

2118 961 2181 1014 Ei
2220 961 2331 1030 γάρ
2364 976 2468 1013 που
2528 959 2625 1013 καὶ
2674 958 2812 1029 πρὸς
2867 957 3041 1028 βραχῦ
3101 956 3157 1010 αἱ
3189 953 3527 1022 πλάστιγγες
3561 952 3695 1020 ὑμῖν

2119 1050 2421 1121 φυλάξουσι
2474 1050 2537 1104 τὸ
2597 1049 2866 1121 ἀρρεπὲς,
2928 1046 3047 1105 ἀλλ’
3075 1046 3177 1101 οὑκ
3234 1044 3378 1114 ἔφθη
3438 1060 3523 1106 τις
3569 1042 3747 1095 οὑδὲ.

2119 1148 2261 1204 κατὰ
2295 1149 2468 1220 μόνην
2497 1146 2719 1216 ἐπαφὴν
2746 1144 2924 1216 ὅψεως
2953 1142 3088 1197 αὑτὸ
3120 1142 3270 1203 ἰδεῖν.
3306 1140 3402 1194 καὶ
3448 1139 3609 1200 εὐθὺς
3635 1135 3698 1189 τὸ

2119 1242 2404 1297 ἀντίθετον
2434 1243 2501 1311 τῇ
2529 1239 2652 1293 καθ’
2685 1241 2835 1310 ὑμᾶς
2867 1236 3022 1308 φιλίᾳ
3051 1235 3312 1306 τυραννεῖ
3358 1230 3458 1302 τὴν
3491 1227 3698 1300 ἡμετέο

2128 1352 2230 1408 ραν
2286 1334 2621 1400 πλάστιγγα,
2666 1332 2763 1386 καὶ
2809 1329 3193 1401 βαρυνομένην
3251 1326 3406 1379 κάτω
3459 1321 3697 1394 ἀχρειοῖ,

2122 1423 2417 1496 ζητοῦσαν,
2452 1423 2557 1477 ποῦ
2590 1436 2724 1477 ποτε
2780 1420 3206 1490 καθεστήξεται.
3244 1416 3355 1471 Καὶ
3390 1414 3536 1485 μέγα
3593 1411 3701 1480 μὲν

2120 1519 2255 1588 ἡμῖν
2289 1518 2586 1572 ὲπικλᾶται
2618 1515 3008 1587 κατηγόρημα,
3035 1514 3121 1567 ὅτι
3154 1510 3229 1581 μὴ
3257 1509 3395 1579 πρὸς
3426 1507 3702 1579 ὀρθότητα

2124 1610 2495 1678 ἐπιϐάλλομεν
2531 1610 2643 1671 τοῖς
2669 1626 2730 1661 τε
2757 1606 3063 1678 περιδόξοις
3089 1605 3191 1674 τῆς
3224 1603 3436 1665 πόλεως
3469 1598 3698 1669 ταύτης,

2123 1707 2239 1768 τοῖς
2277 1721 2337 1758 τε
2373 1701 2813 1770 ὑποδεεστέροις,
2846 1698 2985 1752 ἀλλὰ
3040 1696 3249 1769 φύρδην
3303 1696 3400 1749 καὶ
3455 1691 3700 1761 ἀκρίτως

2126 1798 2313 1861 αὑτοῖς
2365 1792 2817 1867 προσφερόμεθα.
2853 1793 3099 1862 Ἐχομεν
3146 1790 3204 1843 δὲ
3261 1789 3426 1859 ἡμεῖς
3460 1784 3570 1839 οὐδ’
3616 1783 3707 1835 ὲν-

2126 1890 2303 1944 ταῦθα
2337 1887 2682 1958 ὲπιδιορθοῦν
2709 1886 2770 1939 τδ
2795 1887 2853 1938 ὲν
2877 1886 3011 1956 ἡμῖν
3040 1884 3313 1953 κριτικόν.
3344 1880 3417 1934 Τὸ
3443 1878 3503 1932 δὲ
3529 1878 3705 1932 αἴτιον

2126 1988 2154 2041 ὁ
2183 1985 2492 2057 περιρρέων
2535 1982 2683 2051 ἡμᾶς
2718 1978 2957 2049 Εὔριπος
3004 1979 3100 2032 καὶ
3145 1976 3208 2030 τὸ
3234 1976 3555 2043 ἁείστροφον
3579 1971 3706 2024 ἀνε-

2134 2075 2381 2145 μοὺριον.
2415 2071 2493 2128 Οὑ
2523 2072 2717 2142 φθάνει
2750 2071 2861 2139 γάρ
2886 2086 2971 2131 τις
3001 2068 3111 2121 τῶν
3143 2066 3434 2137 ἡμετέρων
3468 2060 3707 2115 πολιτῶν

2128 2171 2348 2239 ἔντιμον
2396 2163 2789 2237 ἀποφήνασθαι
2855 2178 2981 2215 τινα
3039 2160 3304 2229 σήμερον,
3361 2156 3457 2209 καὶ
3512 2152 3706 2223 αὑριον

2129 2263 2338 2323 ἐκεῖνος
2371 2258 2567 2326 ἄτιμος
2598 2255 2717 2324 ἅμα
2739 2253 2995 2323 γραφεὶς,
3031 2251 3123 2302 καὶ
3170 2250 3417 2319 ἀχρόνως
3471 2242 3706 2299 ἀπαλει-

2129 2351 2275 2421 φείς.
2306 2348 2573 2409 Πλούσιος
2606 2347 2733 2412 ἄρτι
2794 2340 3213 2411 σεμνολογείται
3235 2354 3248 2368 ·
3287 2339 3383 2391 καὶ
3417 2335 3558 2407 μετὰ
3614 2351 3708 2403 μι·

2127 2443 2260 2512 κρδν
2302 2440 2650 2501 πενέστατος,
2683 2435 2781 2507 τὴν
2811 2431 3199 2505 φιλανθρώπου
3228 2428 3400 2499 θύραν
3431 2425 3709 2493 κοπτόμε-

2127 2547 2236 2592 νος.
2268 2527 2513 2599 Εὑγενὴς
2540 2529 2597 2580 ὲν
2630 2527 2697 2597 τῇ
2728 2523 3057 2592 καθεστώσῃ
3085 2519 3182 2574 τοῦ
3215 2520 3409 2590 χρόνου
3454 2516 3662 2584 στιγμῇ
3691 2529 3705 2542 ’

2129 2623 2223 2676 καὶ
2283 2620 2423 2692 μετὰ
2478 2618 2676 2671 λεπτὸν
2728 2616 3133 2686 κακηγορείται
3195 2611 3389 2680 γένους
3438 2606 3708 2679 κατάγειν

2128 2715 2268 2779 οἴου,
2309 2714 2404 2765 καὶ
2439 2706 2973 2781 άποτροπιάζεσθαι,
3034 2706 3129 2760 καί
3178 2719 3310 2758 ποτε
3342 2701 3441 2755 καὶ
3492 2698 3707 2763 δοῦλος,

2127 2804 2156 2858 ὃ
2184 2804 2249 2874 δὴ
2278 2803 2523 2872 λέγεται,
2547 2799 2662 2855 ἀντ’
2689 2798 2981 2868 ἐλευθέρου
3005 2795 3219 2867 φανείς.
3260 2792 3598 2864 Ἀρεταίνειν
3619 2806 3709 2852 τις

2130 2894 2310 2969 καιρῷ
2351 2911 2484 2948 ποτε
2521 2893 2886 2963 μαρτυρεῖται
2912 2907 2926 2922 ·
2971 2888 3181 2960 βραχὺς
3226 2885 3293 2956 δὴ
3346 2884 3561 2956 χρόνος,
3610 2880 3709 2935 καὶ

2128 2985 2495 3053 καταλέγεται
2551 2985 2632 3046 είς
2666 2982 2976 3049 ἐξάγιστον,
3017 2979 3095 3042 ὡς
3130 2978 3291 3046 εἴπερ
3337 2977 3475 3044 ὄναρ
3516 2971 3709 3027 ἑσκιά-

2130 3077 2276 3143 ζετο.
2340 3077 2483 3146 Πρὸς
2537 3074 2715 3137 ποίοις
2746 3071 2879 3141 γοῦν
2907 3071 3001 3125 τὸν
3056 3069 3185 3124 νοῦν
3226 3070 3425 3138 ἕξομεν
3464 3067 3707 3136 δόγμασι

449 3163 580 3220 Volo
630 3166 859 3236 diligere
916 3166 1212 3220 laudatos:
1272 3165 1588 3235 priusquam
1620 3164 1676 3219 in
1725 3176 1907 3223 mente
1937 3182 2023 3224 re-

2130 3170 2228 3224 καὶ⁸
2283 3168 2610 3238 θελήμασιν,
2669 3167 2718 3219 εί
2755 3164 2899 3218 οὑτω
2964 3162 3101 3233 πρὸς
3168 3158 3532 3227 ἐναντιότητα
3591 3154 3712 3225 σχί·

443 3271 734 3330 ponantur,
761 3258 1129 3333 expelluntur.

516 3528 608 3587 l8.
652 3530 745 3587 Sic
790 3532 844 3586 in
884 3533 1004 3589 aliis
1036 3534 1231 3591 ell‘ecta
1273 3536 1575 3592 mutatione
1612 3551 1876 3609 gyroque,
1920 3538 2026 3594 hoc

444 3638 546 3691 ego
579 3624 813 3692 experiri
839 3640 1060 3695 arguor,
1085 3636 1140 3681 et
1164 3628 1232 3682 de
1257 3629 1399 3683 malo
1428 3638 1687 3699 gravatus
1705 3668 1720 3692 ,
1747 3629 2027 3686 mali-me-

449 3714 677 3770 minisse
717 3717 1042 3783 maledicor;
1082 3727 1137 3772 et
1175 3719 1357 3789 aliquo
1391 3726 1552 3775 modo
1569 3721 1731 3777 sicuti
1776 3722 1903 3776 luna
1940 3722 2027 3776 vi-

352 3840 355 3841 ν
445 3809 615 3872 deor,
665 3824 852 3878 quam,
885 3823 951 3863 ex
1001 3810 1207 3875 fabula,
1253 3819 1429 3866 mater
1483 3812 1820 3883 increpabat,
1859 3814 2024 3883 quod,

448 3900 645 3954 stolam
678 3900 957 3970 eleganter
990 3909 1192 3957 textam
1221 3916 1492 3972 quaerens,
1523 3906 1626 3958 sub
1674 3918 1776 3957 una
1817 3906 2029 3975 magni-

449 3990 644 4046 tudine
691 4006 795 4045 non
834 4001 1077 4047 maneret
1112 3992 1178 4046 ad
1229 3992 1284 4048 id
1336 3997 1480 4064 quod
1519 3992 1737 4049 volebat
1770 3993 2025 4050 obtinen-

449 4086 602 4149 dum,
639 4086 731 4141 sed
756 4087 1033 4155 paulisper
1070 4085 1254 4156 plena,
1285 4086 1497 4157 reliquo
1522 4096 1766 4156 tempore
1801 4088 1856 4141 in
1882 4087 2031 4143 inde-

450 4178 660 4232 ﬁnitam
734 4179 1001 4236 claritatis
1054 4177 1484 4250 magnitudinem
1571 4187 2025 4235 commutaretur.

2127 3262 2359 3327 ζονται;
2428 3259 2628 3313 Ἐθέλω
2715 3259 2969 3327 στέργειν
3048 3255 3177 3316 τοὺς
3251 3248 3708 3319 ἐπαινουμένους·

2130 3358 2227 3411 καὶ
2258 3352 2429 3426 πρινὴ
2467 3352 2758 3423 ἑγκαθίσαι
2794 3349 2996 3413 αὑτοὺς
3039 3351 3096 3413 ἐς
3129 3346 3331 3418 ψυχὴν,
3373 3342 3711 3399 ἀπανίσταν-

2128 3465 2242 3503 ται.

2206 3544 2319 3611 μην.
2376 3538 2489 3591 Καὶ
2520 3535 2730 3608 τροπῆς
2755 3534 2899 3589 οὑτω
2936 3534 3033 3587 καὶ
3067 3532 3309 3602 στροφῆς
3346 3525 3711 3600 πλημμελού-

2133 3631 2302 3702 μένης
2360 3631 2417 3682 ὲν
2444 3628 2648 3693 ἄλλοις,
2679 3625 2792 3696 εγὼ
2847 3626 3009 3681 τοῦτο
3057 3626 3293 3695 πάσχειν
3324 3622 3711 3692 διαϐάλλομαι,

2130 3727 2222 3779 καὶ
2256 3721 2621 3793 βαρυνόμενος
2669 3720 2762 3773 ἐπὶ
2780 3718 2859 3788 τῷ
2890 3717 3066 3789 κακῷ,
3114 3715 3475 3786 μνησικακεῖν
3538 3728 3711 3767 κακο-

2130 3818 2422 3888 λογοῦμαι,
2459 3815 2554 3869 καί
2591 3831 2696 3869 που
2724 3813 2905 3869 καὶτὸ
2935 3813 3036 3882 τῆς
3072 3811 3307 3883 σελήνης
3341 3807 3712 3880 φαντάζομαι,

2129 3912 2198 3983 ἢν
2238 3913 2271 3976 ἡ
2307 3908 2512 3982 μυθικὴ
2547 3908 2734 3981 μήτηρ
2772 3907 3074 3977 μέμφεται,
3108 3905 3193 3958 ὅτι
3238 3902 3558 3971 εὐπάρυφον
3608 3902 3711 3968 ζη-

2129 4000 2299 4055 τοῦσα
2340 4001 2557 4069 στολὴν,
2591 3998 2692 4053 οὑκ
2748 3997 2862 4067 ἔχει
2915 3995 3002 4065 ἐφ’
3036 3995 3157 4060 ἑνὸς
3193 3993 3461 4065 μεγέθους
3502 3992 3711 4061 μένειν,

2134 4092 2220 4149 ῐνα
2253 4092 2348 4145 καὶ
2375 4090 2538 4164 τύχῃ,
2579 4082 2640 4143 οὑ
2670 4087 2838 4155 θέλει,
2878 4085 3017 4141 ἀλλὰ
3070 4084 3245 4156 βραχὺ
3276 4101 3333 4137 τι
3400 4082 3709 4153 πλήθουσα,

2133 4185 2198 4239 τὸ
2232 4181 2422 4237 λοιπὸν
2451 4181 2545 4236 τοῦ
2579 4180 2701 4235 κατ’
2759 4177 2933 4247 αὑτὴν
2977 4177 3172 4248 χρόνου
3205 4172 3600 4240 έξαλλάσσεται
3629 4173 3714 4234 είς

453 4270 585 4325 Dico
623 4284 752 4325 vero
806 4271 992 4329 forsan
1042 4286 1260 4342 quoque
1316 4270 1497 4326 meis:
1534 4271 1589 4324 in
1621 4286 1789 4327 unum
1823 4271 2024 4343 aliquid

2132 4276 2486 4348 ἀπερίληπτα
2523 4270 2730 4345 μεγέθη
2764 4268 3070 4341 φωτισμοῦ.
3126 4268 3237 4321 Καί
3294 4265 3397 4320 πού
3427 4282 3570 4336 φημι
3613 4263 3714 4317 καὶ

452 4362 733 4421 deﬁnitum
788 4369 1112 4435 consistite;
1166 4381 1263 4423 vos
1313 4367 1459 4437 ipsos
1492 4367 1546 4420 in
1589 4381 1754 4421 unum
1794 4367 2024 4424 indivise

2133 4371 2299 4433 αὐτὸς
2331 4372 2444 4431 τοῖς
2477 4369 2657 4438 ἐμοῖς,
2688 4365 2763 4430 ὡς
2830 4362 3254 4431 άπιοκατάστητε
3292 4349 3486 4424 είς’ἒν
3524 4375 3578 4411 τι
3617 4358 3714 4411 τέο

454 4470 619 4529 atque
675 4459 1094 4515 immutabiliter
1150 4457 1476 4523 terminate;
1528 4468 1583 4513 et
1630 4459 1709 4514 sic
1756 4459 1959 4528 aliquid
1994 4477 2022 4515 a

2131 4462 2319 4515 λειονο
2369 4460 2594 4529 ὁρίσατε
2639 4457 2786 4526 ὑμᾶς
2837 4454 3037 4517 αὐτοὺς
3075 4453 3156 4515 εἰς
3212 4450 3271 4505 ἓν
3308 4450 3545 4521 άσχιδῶς
3611 4448 3714 4502 καὶ

456 4553 616 4609 nobis
655 4554 881 4621 quaerite
904 4553 1207 4607 definitum.
1240 4552 1631 4618 Donec_autem
1665 4566 1764 4607 vos
1794 4552 2024 4607 mutabi-

2134 4549 2553 4622 ἀμετακινήτως
2572 4563 2587 4579 ο
2618 4546 2713 4599 καὶ
2744 4543 2888 4599 οὑτω
2915 4543 3013 4597 καὶ
3043 4544 3192 4613 ἡμᾶς
3224 4542 3508 4596 ἀπαιτεῖτε
3567 4539 3713 4609 πρός

457 4644 538 4700 les
569 4645 967 4714 contorquetis,
1001 4654 1057 4700 et
1078 4644 1145 4699 ad
1168 4658 1383 4699 omnem
1419 4653 1638 4699 ventum
1678 4644 1953 4699 vertimini
1977 4652 2024 4698 et

2133 4658 2187 4694 τι
2218 4639 2554 4713 ὡρισμένον.
2616 4637 2760 4698 Ἕως
2796 4635 2850 4690 δὲ
2909 4635 3071 4705 ὑμεῖς
3123 4634 3381 4705 εὑρίπους
3442 4633 3712 4697 ἑλίσσετε,

456 4739 866 4806 convertimini,
898 4739 1061 4794 sinite
1091 4753 1192 4794 nos
1224 4738 1527 4807 quiescere,
1564 4740 1799 4809 gravari,
1834 4753 2024 4793 memo-

2135 4735 2230 4789 καὶ
2279 4732 2416 4802 πρὸς
2454 4731 2687 4784 ἕκαστον
2719 4729 2923 4798 ἄνεμον
2955 4727 3251 4798 στρέφεσθε
3280 4729 3379 4781 καὶ
3428 4723 3718 4793 ἀντιστρέ-

458 4831 711 4901 riamque
745 4831 869 4885 mali
924 4831 1070 4898 quod
1107 4828 1378 4895 videmus,
1418 4828 1654 4893 habere,
1696 4828 2029 4894 contristari,

456 4920 800 4989 retinereque
864 4918 1238 4973 alfabilitatem
1271 4933 1285 4971 :
1318 4934 1441 4973 nam
1477 4920 1591 4989 ipsa
1620 4918 1835 4985 ﬁducia,
1886 4922 2031 4989 quod

456 5027 723 5077 amemur,
757 5011 1047 5079 quamdam
1078 5010 1240 5065 habet
1270 5013 1714 5066 reservatiouem.

530 5188 621 5242 1&9.
663 5185 962 5254 Conﬁteor,
1048 5188 1247 5244 fratres
1304 5190 1384 5258 (et
1430 5192 1637 5244 utinam
1693 5193 1829 5258 veri,
1890 5196 2033 5258 quod

459 5281 679 5335 diliicile
708 5282 844 5350 est),
880 5280 948 5336 ad
979 5279 1280 5350 simplicem
1323 5296 1610 5337 occursuro
1653 5284 1849 5338 tetrico
1882 5283 2030 5337 vultu

463 5388 551 5428 me
601 5372 863 5429 conﬁteor
904 5374 1122 5440 intueri,
1167 5389 1287 5427 cum
1336 5374 1476 5428 forte
1533 5376 1729 5428 bellnis
1777 5390 2031 5438 occurro,

459 5465 666 5520 veritus
694 5479 762 5519 ne
803 5481 890 5521 me
924 5464 1331 5535 aggrediantur.
1363 5465 1605 5520 Cunctor
1641 5467 1804 5520 etiam
1840 5467 1987 5537 loqui
2016 5507 2031 5532 ,

465 5569 533 5610 ne
568 5555 901 5611 dormientes
940 5558 1192 5613 inimicos
1235 5557 1702 5627 expergefaciam.
1744 5558 1816 5613 Ut
1858 5568 2031 5613 totum

463 5647 709 5714 elotIuar,
752 5662 855 5701 non
906 5664 1024 5702 sum
1072 5649 1211 5703 idem
1260 5665 1322 5704 ac
1372 5649 1486 5704 heri
1540 5651 1678 5702 mala
1724 5652 2037 5704 machinan-

469 5739 633 5807 tibus,
665 5740 780 5795 sive
809 5740 1102 5811 loquimur,
1155 5744 1270 5798 sive
1318 5743 1566 5797 silemus.
1618 5740 1855 5797 Mutatus
1888 5759 2031 5809 sum,

467 5845 571 5884 non
634 5831 850 5902 quidem
913 5834 1189 5900 omnibus,
1248 5832 1571 5904 quibusdam
1639 5833 1854 5899 saltem,
1922 5834 2034 5888 sive

2136 4822 2326 4893 φεσθε,
2356 4821 2546 4890 ἀφίετε
2582 4818 2874 4890 ἡσυχάζειν
2904 4818 3074 4888 ἡμᾶς,
3100 4819 3194 4871 καὶ
3226 4816 3583 4889 βαρύνεσθαι,
3616 4817 3719 4868 καὶ

2143 4918 2368 4989 μνήμην
2398 4913 2568 4986 ἔχειν,
2623 4912 2684 4965 οὑ
2723 4914 2995 4984 βλέπομεν
3047 4910 3243 4976 κακοῦ,
3271 4909 3365 4963 καὶ
3394 4908 3714 4972 λυπεῖσθαι,

2141 5012 2239 5065 καὶ
2269 5008 2486 5078 ἐπέχειν
2507 5008 2568 5058 τδ
2604 5006 3054 5085 εὐπροσήγορον*
3092 5002 3216 5055 ἐπεὶ
3245 5002 3340 5056 καὶ
3365 5001 3424 5053 τὶ
3460 4999 3712 5071 θαρρεῖν,

2142 5103 2217 5164 ῶς
2258 5097 2626 5169 ἀγαπώμεθα,
2652 5097 2856 5165 ἐποχήν
2886 5111 3009 5147 τινα
3034 5093 3172 5163 ἔχει.

2213 5190 2320 5264 μθ’.
2361 5173 2898 5262 Ὀμολογῶ,ἁδελφοὶ
2934 5186 3071 5254 (εἴθε
3099 5185 3155 5237 δὲ
3196 5184 3292 5238 καὶ
3322 5184 3558 5254 γνήσιοι,
3587 5181 3720 5233 δυσ-

2138 5287 2312 5348 κάλως
2340 5283 2501 5355 ἔχει),
2533 5283 2614 5346 είς
2646 5281 2896 5350 ἐντυχίαν
2935 5280 3037 5350 τὴν
3065 5277 3252 5340 ἁπλῶς
3278 5275 3720 5344 ἑξομολογοῦμαι

2143 5376 2445 5447 σκυθρωπὰ
2488 5374 2734 5445 βλέπειν,
2764 5375 2854 5425 ὅτε
2903 5390 3007 5425 που
3038 5370 3249 5438 θηρίοις
3278 5366 3504 5438 ἐντύχω,
3543 5367 3720 5419 δεδοι-

2142 5467 2275 5534 κὼς,
2333 5466 2407 5537 μή
2451 5481 2583 5519 ποτε
2639 5462 2763 5516 κατ’
2820 5464 2955 5534 ἐμοῦ
2999 5462 3339 5530 πηδήσωσιν.
3391 5457 3562 5513 ’οκνῶ
3621 5458 3723 5509 καὶ

2143 5560 2314 5629 αὑτὴν
2366 5559 2580 5622 λαλιὰν,
2635 5558 2711 5627 μὴ
2743 5558 2838 5609 καὶ
2871 5555 3158 5624 ἁφυπνίσω
3183 5552 3410 5623 ἐχθροὺς
3439 5550 3717 5612 εὕδοντας.

2147 5654 2322 5713 Ὅλως
2354 5650 2409 5703 δὲ
2440 5652 2637 5713 εἰπεῖν,
2665 5650 2765 5702 οὑκ
2792 5649 2909 5718 εἰμὶ
2934 5649 3140 5709 ἐκεῖνος
3167 5648 3196 5697 ὁ
3220 5644 3415 5715 πρώην
3432 5646 3546 5704 τοῖς
3570 5643 3723 5696 κακὰ

2148 5743 2590 5812 μηχανωμένοις,
2624 5740 2735 5793 εἴτε
2761 5738 3065 5809 λαλοῦμεν,
3091 5736 3202 5790 εἴτε
3232 5736 3495 5806 σιγῶμεν.
3530 5734 3727 5803 Ἐξηλ-

2140 5833 2374 5904 λαγμαι,
2416 5837 2547 5886 πᾶσι
2580 5833 2677 5904 μὲν
2725 5830 2942 5897 οὔκουν,
2975 5833 3086 5894 τοῖς
3116 5829 3171 5882 δέ
3205 5847 3289 5899 γε,
3322 5830 3427 5883 εἴτε
3459 5826 3723 5896 (piloth-
