4090 6424
374 350 478 409 Mf)

1364 362 1667 425 CONTRA
1708 367 2212 436 INJUl‘tIARUM
2253 380 2676 445 MEMORIAM

3515 392 3625 455 450

367 460 625 530 νούμεοα,
663 461 771 515 εἴτε
804 466 1297 539 χρηστολογοῦμεν,
1339 472 1448 526 εἴτε
1482 474 1935 549 συμπράττομεν.

2052 483 2273 540 comiter
2314 490 2548 559 agimus,
2585 493 2701 549 sive
2733 494 2869 550 bona
2905 497 3210 566 loquimttr,
3240 499 3357 557 sive
3398 501 3626 570 opitula-

365 552 474 606 εἴτε
502 555 1061 626 συνεφεπόμεθα,εί¹τε
1084 572 1140 614 τι
1164 561 1291 616 ἄλλο
1315 564 1576 636 ποιοῦμεν
1602 569 1942 640 ἀγαπητικὸν

366 646 459 699 καὶ
479 645 739 716 ἐμμελὲς,
758 648 960 705 διατιθε
969 652 1147 721 μένοις
1167 652 1423 725 ἔμπαλιν,
1442 656 1591 712 ὥσπε
1601 677 1631 731 ρ
1651 659 1709 725 ἐξ
1726 662 1943 734 ἐπιτεχο

365 736 430 805 νή
441 753 593 801 σεως.
628 738 803 793 Ὀκνῶ
825 741 923 805 τὰς
951 745 1252 812 καρδιακὰς
1274 748 1446 811 πύλας
1470 749 1596 815 ὅλας
1620 751 1940 824 ἐξανοίγειν,

366 828 762 899 εὐλαϐούμενος
793 832 966 903 λόχον.
988 837 1243 907 Φείδομαι
1268 840 1365 909 τῆς
1388 842 1689 914 ἁπλότητος
1711 845 1797 898 διὰ
1818 848 1942 910 τούς

369 922 638 986 ἐλικτούς.
670 925 746 976 Οὐ
779 925 968 1001 θαρρῶ
998 930 1240 997 γυμνοῦν
1268 931 1330 984 τὸ
1364 934 1659 1002 πρόσωπον
1699 936 1786 990 διά
1819 955 1944 992 τινα

371 1013 404 1082 ἢ
438 1014 625 1083 σφῆκα
658 1014 691 1086 ἢ
725 1015 951 1087 θρήνην,
991 1019 1067 1090 (ί)
1102 1020 1214 1074 εἴτε
1269 1025 1367 1077 καὶ
1429 1025 1601 1096 αὐτὴν
1656 1026 1939 1096 μέλισσαν,

371 1106 468 1176 τὴν
501 1106 677 1168 ἄλλως
706 1108 806 1177 μὲν
833 1109 1113 1178 γλυκεῖαν,
1144 1112 1222 1183 τῷ
1256 1114 1313 1167 δὲ
1372 1116 1583 1187 κέντρῳ
1623 1120 1943 1187 πικραίνου-

371 1214 491 1252 σαν.
524 1198 808 1253 Συστέλλω
838 1202 935 1262 τὰς
968 1205 1179 1273 χεῖρας,
1217 1206 1267 1258 εί
1313 1206 1654 1277 δεξιούμεναι
1678 1210 1942 1281 δρύπτονο

371 1306 483 1342 ται.
517 1290 787 1360 Παρέλκω
811 1295 905 1346 καὶ
929 1294 990 1347 τὸ
1019 1295 1247 1365 μέλιδιὰ
1276 1299 1372 1362 τὰς
1406 1300 1727 1366 ἐπιϐούλους
1755 1304 1939 1374 μυίας.

374 1381 450 1433 Οὐ
480 1382 762 1452 προφαίνω
791 1385 1108 1458 γλύκασμα,
1138 1385 1219 1452 οἷς
1249 1391 1282 1462 ὴ
1307 1392 1577 1455 ἀντίδοσις
1607 1399 1806 1466 πικρά.
1833 1398 1943 1451 Καὶ

370 1473 597 1540 ἔχεικαὶ
625 1475 814 1543 τοῦτο,
851 1472 1029 1547 οἶμαι,
1071 1480 1230 1547 λόγον
1257 1484 1380 1535 τινά
1407 1498 1423 1514 ο
1461 1484 1582 1537 ἀντὶ
1634 1485 1725 1539 τοῦ
1768 1488 1944 1556 μάννα

373 1565 505 1636 χολὴ
538 1566 616 1637 τῷ
655 1570 897 1640 μεγίστῳ
927 1570 1084 1640 ἡμῶν
1114 1571 1349 1646 δεσπότῃ
1379 1576 1635 1648 ἄλλαγμά
1685 1595 1814 1633 ποτε
1853 1576 1940 1650 ἦν.

370 1657 578 1712 Εῖπατε
598 1659 750 1727 γοῦν,
768 1663 818 1714 εί
843 1663 981 1732 μετὰ
997 1661 1096 1733 τὴν
1113 1664 1367 1736 τοιαύτην
1391 1668 1552 1739 χολὴν
1582 1671 1827 1735 εἰσαῦθις
1854 1673 1945 1744 ὲῤ-

369 1749 536 1820 ρέχθη
577 1752 652 1822 (9.)
690 1754 868 1822 μάννα
898 1757 1030 1823 τοῖς,
1061 1757 1135 1821 ὡς
1162 1757 1227 1812 ἂν
1286 1760 1431 1814 εῐποι
1461 1778 1562 1824 τις,
1620 1762 1945 1833 ἐγκρασιχό-

367 1843 479 1907 λοις
507 1846 735 1910 ἐκείναις
762 1863 778 1914 ;
816 1847 962 1903 Ἀλλ’
988 1850 1090 1903 οὐκ
1117 1850 1183 1905 ἂν
1208 1849 1334 1905 οὐτε
1364 1854 1496 1907 αὐτὸ
1530 1854 1706 1908 εἰπεῖν
1744 1855 1941 1926 ἔχοιτε,
1976 1835 2017 1889 Β

366 1936 474 1992 οὐδ’
524 1936 591 1992 ἂν
659 1942 1014 2009 μνησικακεῖν
1066 1942 1473 2015 βλασφημοίητε
1498 1945 1591 2000 τὸν
1628 1947 1779 2011 Θεὸν,
1798 1951 1947 2003 ἐπει-

367 2029 432 2100 δὴ
465 2032 545 2095 είς
571 2032 794 2103 διαρκὲς
824 2035 885 2088 οὐ
927 2036 1479 2107 μαννοδοτεῖ.Ἀπαγε
1506 2039 1606 2109 τῆς
1630 2041 1902 2111 ἁμαρτίας
1929 2043 1944 2097 ι

374 2121 630 2176 Μάλιστα
685 2125 784 2188 μὲν
818 2121 911 2181 οῦν
959 2128 1305 2199 ἐννοήσεσθε,
1344 2132 1419 2195 ὡς
1445 2133 1607 2196 αὐτὸς
1665 2136 1767 2204 μὲν
1807 2132 1946 2191 οἶδεν

377 2211 621 2275 ἐκείνους
673 2216 878 2278 κακούς
910 2218 1174 2289 μένοντας
1199 2237 1212 2252 ⁸
1252 2222 1301 2274 oi
1353 2223 1411 2277 δὲ
1450 2225 1551 2287 οὐκ
1596 2224 1946 2283 -ἀλλοιοῦνται

372 2304 451 2367 είς
479 2304 541 2357 τὸ
572 2305 915 2379 δεξιώτερον.
978 2312 1293 2368 Κάντεῦθεν
1342 2317 1398 2367 ἐν
1431 2317 1755 2391 μετεώροις
1789 2319 1888 2388 μὲν
1918 2323 1946 2375 ὁ

372 2394 485 2449 τῶν
521 2396 772 2465 ἀγγέλων
796 2401 963 2472 ἄρτος
994 2405 1403 2473 κειμηλιοῦται,
1457 2403 1538 2472 οἷς
1567 2411 1595 2463 ό
1630 2413 1808 2473 κοινὸς
1836 2413 1945 2465 τῶν

371 2484 596 2552 ἀγαθῶν
628 2489 830 2559 ταμίας
853 2493 1147 2565 ἐπιμετρεῖ
1177 2497 1340 2555 αὐτόν
1369 2514 1382 2529 ο
1421 2500 1470 2552 οί
1501 2499 1559 2554 δὲ
1594 2503 1727 2573 πρὶν
1749 2502 1817 2556 δι’
1846 2505 1945 2557 αὐ-

367 2576 464 2630 τοῦ
495 2581 870 2652 τρυφήσαντες
888 2587 1142 2641 πεινῶσιν
1168 2589 1446 2663 ἐπιεικῷς.

440 2722 500 2768 ν’.
571 2718 881 2790 Ἐπάγομαι
936 2722 1207 2778 πυθέσθαι
1261 2728 1392 2799 περὶ
1444 2729 1537 2783 τοῦ
1596 2728 1944 2802 Ἰσκαριώτου

373 2808 639 2879 μαθητοῦ,
678 2810 790 2864 εἴτε
825 2813 1120 2880 σέσωσται,
1181 2818 1294 2871 εἴτε
1334 2821 1430 2872 καὶ
1495 2821 1613 2891 μή;
1675 2825 1787 2876 Καὶ
1845 2824 1946 2895 ἢδη

368 2900 510 2953 δοκῶ
535 2902 754 2959 ἀκούειν
780 2905 1168 2979 ὐπηχουμένην
1230 2911 1529 2982 ἀπόφασιν,
1564 2914 1641 2978 ὡς
1667 2915 1729 2968 οὐ
1770 2916 1945 2969 σέσω-

374 3006 500 3043 σται
523 2990 551 3043 ὁ
590 2993 898 3065 ἄνθρωπος.
936 2999 1044 3052 Kal
1073 3000 1284 3070 ἐπάγω,
1338 3004 1450 3067 πῶς
1480 3005 1542 3074 δή
1590 3022 1716 3058 ποτε
1747 3006 1944 3071 τοῦτο;

374 3083 482 3133 Kal
507 3083 614 3154 μὴν
637 3088 940 3158 μεταμέλου
976 3090 1197 3163 κέντρον
1228 3095 1394 3148 ὑπέδυ
1422 3098 1650 3162 ἐκεῖνον,
1678 3100 1772 3152 καὶ
1804 3117 1947 3153 κατ-

2054 587 2198 642 mur,
2234 578 2351 633 sive
2381 582 2525 636 aliud
2572 586 2697 654 quid
2729 580 2800 641 ἐκ
2851 589 3119 643 citaritate
3153 591 3238 645 vel
3277 592 3624 646 concinentia

2052 664 2304 735 facimus,
2359 687 2389 727 e
2427 679 2707 732 contrario
2756 680 3098 750 disponatur,
3155 692 3413 753 tanquam
3448 699 3511 737 ex
3539 684 3625 737 itt-

2055 756 2292 814 dustria.
2326 762 2516 818 Haereo
2548 781 2775 823 cunctas
2809 771 3022 839 aperire
3059 774 3241 828 cordis
3286 773 3501 842 januas,
3532 776 3621 829 iu-

2050 848 2218 904 sidias
2272 852 2488 910 timens.
2537 857 2621 912 Ab
2667 860 3005 929 ingenuitate
3044 877 3210 918 caveo
3239 876 3460 935 propter
3507 876 3621 921 tor-

2055 949 2260 998 tuosos.
2294 944 2412 1000 Non
2447 949 2621 1004 audeo
2654 953 2858 1006 vultum
2887 956 3094 1010 nudare
3133 965 3354 1025 propter
3383 956 3617 1025 aliquam

2049 1046 2271 1103 vespam
2314 1052 2405 1093 aut
2454 1045 2800 1111 crabroaem,
2852 1046 2935 1100 vel
2967 1047 3137 1116 ipsam
3179 1064 3353 1117 apem,
3402 1049 3467 1102 de
3512 1063 3621 1102 cae-

2053 1131 2168 1179 tero
2200 1129 2417 1195 quidem
2467 1132 2703 1199 dulcem,
2739 1137 2832 1190 sed
2863 1138 3055 1192 aculeo
3094 1140 3443 1206 pungentan
3484 1137 3624 1191 Sub-

2052 1219 2208 1272 tralto
2241 1236 2452 1287 manus,
2480 1241 2602 1279 cum
2643 1228 2848 1282 strictae
2887 1229 3217 1284 lacerantur.
3252 1229 3353 1285 Mel
3403 1246 3620 1301 quoque

2051 1307 2327 1363 abscOndo
2384 1312 2453 1365 ob
2490 1331 2702 1370 muscas
2740 1319 3054 1374 insidiosas.
3097 1319 3208 1373 Non
3261 1332 3620 1389 praemonstro

2051 1399 2417 1468 dulcedinem,
2453 1420 2519 1458 eo
2553 1408 2693 1475 quod
2725 1420 2805 1463 est
2858 1425 3041 1463 amara
3076 1412 3380 1465 retributio.
3431 1411 3492 1464 Et
3528 1412 3624 1466 ha-

2055 1494 2142 1546 bet
2191 1495 2292 1548 hoc
2354 1507 2484 1562 puto
2557 1502 2845 1568 quamdam
2913 1504 3359 1573 rationennpro
3427 1518 3624 1558 manna

2053 1585 2175 1640 bilis
2239 1591 2474 1643 maximo
2537 1603 2725 1649 nostro
2784 1594 3012 1649 Domino
3068 1596 3167 1650 fuit
3233 1596 3362 1651 olim
3420 1596 3620 1650 oblata.

2055 1676 2226 1733 Dicite
2252 1695 2384 1748 ergo
2412 1698 2478 1736 an
2521 1694 2643 1753 post
2693 1686 3004 1755 ltujusmodi
3076 1689 3240 1743 bilem
3277 1688 3452 1742 adhuc
3484 1689 3625 1751 istis,

2054 1775 2111 1820 ut
2168 1768 2242 1822 ita
2309 1772 2513 1837 dicam,
2568 1773 2796 1840 biliosis,
2859 1777 3058 1844 pluerit
3119 1793 3337 1831 manna.
3389 1778 3495 1831 Sed
3527 1778 3629 1832 hoc

2049 1859 2233 1914 dicere
2292 1876 2400 1915 non
2438 1866 2689 1931 possetis,
2748 1882 2852 1922 nec
2907 1882 3155 1923 asserere
3202 1868 3631 1938 blasphemando

2052 1952 2177 2004 mali
2222 1955 2531 2013 meminisse
2564 1955 2756 2022 Deum,
2788 1974 2856 2013 co
2903 1962 3046 2028 quod
3098 1976 3291 2014 manna
3348 1962 3478 2014 dare
3519 1975 3626 2014 non

2050 2050 2515 2113 perseveraverit.
2547 2050 2706 2106 Absit
2732 2053 2836 2107 hoc
2880 2056 3197 2124 peccatum!
3235 2052 3470 2108 Maxime
3508 2053 3631 2124 qui-

2049 2140 2169 2193 dem
2209 2141 2374 2207 igitur
2406 2143 2661 2213 cogitate,
2712 2146 2859 2215 quod
2916 2147 3035 2216 ipse
3099 2148 3316 2200 noverit
3365 2145 3487 2199 illos
3514 2159 3633 2198 ma-

2051 2246 2183 2287 nere
2230 2236 2438 2299 malos;
2479 2236 2566 2291 isti
2598 2252 2727 2292 vero
2761 2254 2864 2293 non
2917 2240 3267 2293 mutabantur
3309 2240 3362 2292 in
3414 2238 3627 2292 melius.

2052 2323 2191 2377 lliuc
2215 2323 2268 2377 itt
2296 2327 2502 2381 aethere
2525 2328 2744 2396 quidem
2776 2330 2931 2399 panis
2953 2330 3268 2399 angelorum
3293 2327 3625 2391 reconditur.

2050 2416 2253 2485 quibus
2275 2431 2398 2471 eum
2427 2421 2737 2475 communis
2783 2422 3049 2475 bonorum
3074 2420 3392 2474 distributor
3408 2419 3557 2473 addit
3574 2420 3628 2472 in

2051 2525 2308 2565 mensura
2353 2501 2498 2581 :qui
2531 2514 2682 2581 prius
2722 2522 2907 2569 autem
2955 2529 3021 2567 ex
3053 2529 3119 2569 eo
3167 2513 3467 2584 carpebant
3493 2511 3633 2566 deli-

2056 2604 2197 2672 cias,
2236 2606 2633 2661 convenienter
2670 2616 2854 2677 egent.

2124 2738 2214 2793 50.
2257 2741 2516 2796 Adducor
2554 2742 2620 2795 ad
2661 2744 3113 2814 interrogandum
3143 2746 3208 2799 de
3242 2745 3500 2801 lscariota
3546 2746 3631 2800 di-

2051 2832 2284 2900 scipulo,
2325 2848 2391 2886 an
2443 2834 2628 2888 salvus
2682 2835 2772 2900 sit,
2807 2852 3010 2891 annon.
3044 2837 3109 2891 Et
3138 2839 3248 2907 jam
3285 2838 3473 2892 audire
3500 2849 3630 2907 puto

2051 2925 2492 2981 submurmurari
2529 2928 2961 2983 declarationem
3003 2930 3147 2999 quod
3181 2945 3291 2983 non
3335 2930 3527 2984 salvus
3557 2931 3630 2984 sit

2050 3020 2140 3074 ltic
2168 3019 2355 3074 homo.
2396 3019 2462 3074 Et
2496 3021 2638 3076 addo
2672 3039 2685 3076 :
2726 3022 3002 3092 quomodo
3056 3024 3270 3076 tandem
3299 3024 3499 3076 factum
3545 3031 3630 3076 est

2052 3112 2237 3166 istud?
2283 3112 2538 3168 Attamen
2581 3115 2914 3183 poenitentiae
2960 3113 3215 3169 stimulus
3262 3112 3429 3167 subiit
3477 3112 3627 3167 illum

374 3175 547 3241 ένυξε,
601 3180 695 3234 καὶ
723 3179 787 3252 δὴ
851 3185 945 3238 καὶ
997 3185 1272 3254 ἐποίησεν.
1328 3188 1428 3242 ὃσα
1481 3182 1947 3263 διέκρινεζτυφλά

2057 3218 2112 3261 et
2135 3207 2384 3277 pupugit,
2418 3216 2472 3261 et
2501 3175 2650 3261 certe
2681 3206 2771 3260 ille
2806 3206 2935 3261 fecit
2958 3221 3078 3275 quae
3109 3204 3453 3274 tlijudicavit,
3482 3218 3625 3258 creca

376 3267 477 3335 μὲν
506 3271 599 3323 καὶ
630 3272 904 3343 ὠδινήσας
935 3278 1030 3330 καὶ
1058 3279 1349 3334 άποτεκὼν
1382 3282 1610 3348 ἐκεῖνος,
1640 3284 1700 3336 οὐ
1756 3286 1941 3339 τέλεον

2052 3267 2266 3370 quidem
2300 3303 2609 3371 parturiens
2638 3309 2692 3354 et
2723 3300 2965 3369 pariens,
3008 3315 3115 3354 non
3143 3309 3324 3353 autem
3362 3296 3624 3381 perfecte,

370 3360 450 3422 δὲ,
486 3362 634 3433 ὅμως
672 3364 870 3434 ἄγονος
925 3368 1195 3438 ἀπεκόἐις,
1249 3372 1327 3433 ὡς
1364 3372 1439 3444 μὴ
1469 3376 1570 3428 οὐκ
1601 3375 1941 3441 ἐνδείξασθαι

2054 3407 2280 3446 manens
2313 3401 2495 3447 tamen
2527 3391 2751 3458 sterilis,
2776 3391 2846 3444 ita
2880 3399 2941 3444 ut
3001 3390 3119 3459 ipse
3163 3405 3270 3443 non
3312 3388 3627 3444 ostenderet

370 3453 718 3522 κατάγνωσιν
745 3457 1160 3528 ἁμαρτάνοντος
1196 3464 1361 3528 αὐτὸς
1400 3465 1620 3520 ἐαυτοῦ.
1652 3468 1718 3519 Τί
1757 3467 1821 3537 δὴ
1847 3468 1942 3521 οὖν

2052 3484 2135 3539 sui
2162 3484 2334 3555 ipsius
2366 3484 2672 3552 peccatoris
2698 3483 3234 3538 condemnationem.
3262 3482 3400 3548 Quid
3433 3480 3628 3550 igitur?

370 3548 399 3600 ό
424 3547 487 3599 τὸ
515 3548 929 3621 γλωσσόκομον,
960 3554 988 3606 ὁ
1044 3555 1138 3607 καὶ
1162 3557 1327 3623 αὐτὸς
1362 3557 1525 3629 λογὰς
1560 3562 1617 3615 ἐν
1650 3561 1944 3632 μαθηταῖς,

2054 3577 2447 3642 ιιιεεοιινοι·ἰιις;
2477 3579 2569 3646 qui
2604 3585 2659 3630 et
2684 3575 2801 3641 ipse
2850 3574 3060 3629 electus
3110 3583 3232 3628 erat
3288 3575 3432 3627 inter
3462 3572 3629 3626 disci-

378 3642 861 3711 παρακέκρουσται
893 3647 970 3710 είς
1005 3647 1304 3713 ἀπώλειαν,
1358 3652 1455 3704 καὶ
1503 3653 1674 3706 ἐθέλει
1704 3654 1946 3724 ἐλέγχειν

2052 3673 2229 3740 pulos,
2258 3642 2535 3740 proiectus
2572 3678 2659 3722 est
2699 3668 2753 3720 in
2792 3666 3176 3736 perditionem,
3211 3674 3267 3718 et
3315 3665 3481 3718 Deum
3539 3679 3630 3717 ar-

372 3733 467 3785 τὸν
513 3733 647 3787 Θεὸν
672 3734 746 3799 ὡς
777 3738 868 3789 ἐπὶ
901 3739 1086 3813 ἀμύνῃ
1115 3758 1130 3805 ;
1181 3743 1321 3795 Ἀλλ’
1357 3743 1466 3797 ίδού
1510 3762 1575 3814 με
1606 3746 1702 3799 καὶ
1730 3746 1820 3801 τὸν
1848 3748 1946 3816 τῆς

2054 3733 2217 3835 gnere
2261 3733 2746 3817 devvindicatione
2789 3756 3112 3828 praesumit?
3142 3756 3210 3810 At
3242 3770 3370 3811 ecce
3424 3755 3629 3810 nodum

376 3823 608 3892 ἁπορία;
638 3827 844 3896 ταύτης
867 3829 1066 3901 δεσμὸν
1090 3834 1247 3888 αὐτοὶ
1286 3835 1595 3890 ὲπιλύεσθε.
1627 3837 1767 3891 Φατέ
1811 3838 1945 3908 γάρ,

2055 3823 2220 3926 iiujus
2275 3853 2612 3910 diﬂicultatis
2643 3852 2743 3922 ipsi
2780 3823 2913 3907 inuti
2946 3851 3182 3907 solvitis.
3223 3850 3412 3905 Dicitis
3477 3848 3627 3904 enim

377 3917 455 3975 ὡς
503 3917 731 3982 δεόντως
759 3921 969 3983 ἐκεῖνος
991 3926 1020 3976 ὁ
1048 3925 1355 3996 ἐρωτήσας,
1389 3927 1551 3998 εἴπερ
1580 3928 1744 3991 αὐτός
1799 3929 1947 3981 ἐστιν

2059 3917 2276 4006 merito,
2313 3945 2457 4012 quod
2489 3942 2577 3996 ille
2612 3917 2705 4011 qui
2753 3943 3135 4012 interrogavit.
3163 3942 3207 3996 si
3254 3940 3472 4011 quidem
3518 3944 3633 4006 ipse

374 4010 403 4060 ὁ
430 4012 760 4080 παραδιδοὺς
814 4016 908 4067 τὸν
952 4016 1293 4082 διδάσκαλον,
1326 4021 1422 4073 καὶ
1455 4019 1694 4084 ἀκούσας
1741 4022 1843 4089 τὸ,
1876 4024 1947 4077 Σύ

2056 4042 2201 4089 esset
2230 4010 2598 4102 qui'traderct
2632 4010 3049 4101 magistrum,et
3095 4031 3304 4085 audivit
3334 4030 3463 4085 illud
3496 4046 3513 4086 :
3548 4030 3629 4084 Tu

380 4098 568 4168 εἴπας,
595 4105 691 4158 καὶ
738 4106 880 4160 οὕτω
929 4109 1320 4180 καταμηνύσας
1339 4112 1534 4166 ἐαυτοῦ
1557 4113 1618 4167 τὸ
1633 4114 1827 4181 δεινὸν,
1858 4117 1947 4170 καὶ

2059 4098 2278 4190 dixisti;
2333 4132 2387 4179 et
2454 4124 2535 4178 sic
2583 4098 2959 4177 utanii'estavit
3027 4138 3177 4179 suam
3233 4122 3539 4188 perﬁdiam,
3581 4129 3639 4175 et

381 4198 536 4266 ὅμως
570 4198 644 4270 μὴ
687 4202 1011 4270 μεταγνοὺς,
1048 4202 1183 4258 ἀλλὰ
1217 4207 1311 4257 καὶ
1339 4205 1574 4274 φιλήσας
1604 4206 1666 4260 τὸ
1699 4210 1947 4278 μισητὸν,

2063 4225 2243 4271 tamen
2275 4229 2382 4270 non
2408 4213 2642 4269 mutavit
2661 4214 3008 4276 sententiam,
3042 4212 3135 4267 sed
3159 4211 3322 4266 etiam
3349 4211 3493 4279 quod
3520 4220 3639 4265 erat

382 4290 578 4357 ἄγονος
610 4290 826 4361 ἔμεινεν
869 4295 1071 4364 ἀρετῆς
1092 4297 1196 4349 διαὶ
1218 4297 1435 4368 δένδρον
1462 4298 1752 4369 ἀπεφάνθη
1805 4300 1947 4370 εὐερ-

2059 4310 2445 4365 detestandum
2485 4309 2710 4375 amavit,
2748 4306 2966 4362 virtutis
3009 4305 3212 4360 sterilis
3239 4306 3458 4370 mansit,
3484 4303 3638 4371 fuit-

383 4382 474 4445 νές
512 4382 611 4449 μὲν
661 4384 860 4448 ἄλλως,
918 4388 1014 4440 καὶ
1066 4381 1178 4441 οἷον
1214 4389 1651 4457 ἐπαγγέλλεσθαι
1704 4395 1947 4463 καρποὺς

2065 4417 2170 4472 que
2219 4396 2602 4453 manifestatus
2633 4408 2691 4451 ut
2738 4396 2914 4482 arbor.
2955 4394 3174 4449 aliunde
3217 4394 3437 4464 quidem
3501 4392 3639 4447 bene

383 4475 649 4542 εὐγενεῖς,
701 4477 1136 4550 ἀτελεσφόρητον
1185 4480 1243 4533 δὲ
1280 4479 1502 4549 ἀληθῶς
1554 4482 1652 4545 είς.
1692 4482 1947 4553 εὐφορίαν

2067 4506 2238 4561 creta,
2278 4510 2343 4550 ac
2381 4495 2507 4548 talis
2535 4509 2657 4563 qua:
2690 4492 2866 4546 bonos
2902 4475 3238 4558 polliceatur
3276 4487 3506 4553 fructus,
3540 4484 3639 4540 sed

385 4563 485 4617 καὶ
511 4561 697 4631 ἀξίνης
724 4565 944 4632 ἐπάξιον
971 4568 1066 4622 καὶ
1092 4568 1403 4640 καταϐολῆς
1430 4571 1512 4633 είς
1540 4569 1653 4642 πῦρ
1686 4570 1784 4625 καὶ
1814 4571 1947 4626 καῦ-

2064 4600 2174 4640 ηοη
2211 4592 2499 4638 maturatis
2548 4561 2614 4634 ad
2671 4576 3184 4639 tructiticationem,
3216 4583 3273 4629 et
3321 4574 3487 4645 digna
3521 4588 3641 4643 qua:

387 4672 498 4710 σιν·
2067 4677 2248 4734 securi
2315 4688 2577 4747 percussa
2627 4669 2947 4743 projiciatur
2997 4668 3053 4722 in
3103 4667 3279 4736 ignem
3314 4665 3371 4720 in
3416 4668 3646 4720 combu-

2064 4767 2318 4821 stionem.

2141 4875 2232 4927 51.
2278 4873 2335 4926 Si
2382 4872 2505 4940 quis
2547 4878 2730 4924 autem
2785 4876 2976 4937 postea
3026 4861 3351 4919 naturaliter
3410 4860 3645 4932 objicit:

2071 4963 2175 5017 Sed
2238 4976 2361 5022 nos,
2394 4959 2441 5013 si
2490 4956 2621 5027 quid
2675 4952 2887 5008 molesti
2920 4990 2935 5015 ,
2980 4951 3125 5006 sicut
3158 4950 3274 5019 ipse
3311 4955 3493 5019 putas,
3526 4948 3649 5003 illa-

390 5046 484 5108 τὸς
507 5045 630 5111 οῖει,
656 5043 1106 5115 ἐκθεραπεύομεν
1131 5047 1308 5099 ἐκεῖνο
1338 5050 1552 5114 τιμαῖς,
1582 5050 1944 5119 προπομπαῖς

2077 5061 2191 5105 tum
2231 5057 2336 5113 est,
2373 5044 2508 5100 illud
2544 5041 2868 5104 honoribus,
2900 5037 3276 5102 comitatibus,
3321 5036 3519 5106 capitis
3566 5038 3648 5091 in-

393 5136 650 5207 κεφαλῶν
672 5138 904 5205 κλίσεσι,
938 5140 1195 5208 χρηστοῖς
1221 5139 1436 5210 προσρή
1448 5157 1604 5209 μασι,
1635 5140 1703 5194 δι’
1729 5134 1806 5195 ὧν
1836 5141 1943 5194 πάν

2075 5137 2489 5200 clinationibus,
2522 5134 2707 5204 probis
2731 5130 3179 5193 salutationibus,
3211 5129 3409 5198 quibus
3433 5129 3649 5225 cunctis

394 5249 507 5284 των
564 5230 716 5299 φιλία
774 5228 1285 5303 χαρακτηρίζεται,
1337 5232 1534 5286 οὐκοῦν
1626 5235 1947 5304 μνησικάκοι

2077 5224 2315 5278 amicitia
2348 5222 2612 5290 signatur,
2645 5217 2957 5272 curavimus
2989 5231 3004 5269 :
3041 5228 3173 5282 ergo
3201 5213 3326 5267 mali
3371 5213 3650 5266 memoria:

398 5323 753 5394 ἀποτέλεσμα
780 5323 856 5391 μὴ
891 5323 1029 5393 πρὸς
1061 5324 1194 5393 ἡμῖν
1232 5322 1307 5386 ὠς
1342 5325 1437 5376 καὶ
1464 5325 1633 5378 πάλαι
1658 5303 1852 5396 είκαίῳ
1886 5342 1947 5378 σο

2074 5311 2469 5381 consequentia
2514 5318 2622 5375 est,
2676 5308 2822 5378 quod
2867 5321 2995 5376 erga
3048 5320 3146 5359 nos
3184 5304 3328 5358 sicut
3373 5303 3506 5358 olim
3552 5304 3651 5359 tibi

395 5417 489 5468 τὸν
536 5415 664 5468 νοῦν
684 5433 698 5446 ·
746 5417 906 5486 ἡμεῖς
964 5416 1099 5483 πρὸς
1131 5414 1230 5483 μέν
1262 5415 1322 5466 τὸ
1351 5414 1511 5482 δῆθεν
1542 5415 1947 5484 παραγραφικὸε

2079 5420 2183 5459 non
2236 5404 2309 5458 sit
2354 5401 2596 5468 animus;
2648 5415 2747 5454 nos
2787 5401 3019 5471 quidem
3065 5401 3222 5468 juxta
3278 5401 3651 5467 praescriptum

399 5509 477 5560 τὰ
522 5527 541 5560 ι
571 5508 625 5560 ετ
651 5509 704 5561 τί
731 5525 837 5562 που
872 5510 968 5561 xal
995 5507 1305 5561 τετέλεσται
1341 5506 1599 5577 φορτικὸν
1621 5507 1743 5559 καθ’
1765 5503 1939 5575 ὴμετέ

2079 5500 2182 5552 hoc
2218 5513 2232 5549 :
2268 5494 2325 5549 Si
2356 5495 2503 5564 quid
2558 5492 2770 5547 molesti
2824 5493 2979 5561 juxta
3048 5498 3288 5546 nostram
3338 5492 3651 5556 opinionem

403 5614 504 5668 ραν
546 5599 789 5669 δόκησιν,
826 5618 851 5657 ι,
878 5598 1001 5652 οὐτε
1058 5600 1214 5653 αὐτοὶ
1251 5599 1307 5661 ἐς
1339 5598 1576 5665 πέλαγος
1633 5598 1947 5663 ἁποδείξεω;

2082 5598 2450 5661 perpetratum
2493 5596 2599 5653 est,
2653 5601 2757 5641 nec
2821 5584 3000 5655 ipsiin
3042 5582 3371 5653 profundum
3428 5580 3651 5634 deumn-

461 4858 564 4916 va'.
585 4862 648 4915 Εἰ
669 4862 725 4917 δέ
756 4878 842 4925 τις
866 4862 1002 4933 πρὸς
1024 4862 1198 4917 ταῦτα
1225 4864 1442 4934 εὐφυῶς
1461 4865 1833 4936 ἀνθυποφέρει
1858 4867 1919 4920 τό
1944 4884 1960 4899 ·

405 4951 547 5004 Ἀλλ’
589 4952 772 5022 ἡμεῖς,
792 4951 843 5004 εί
869 4951 963 5006 καί
982 4968 1036 5006 τι
1055 4954 1220 5023 τυχὸν
1246 4955 1507 5024 φορτικὸν
1530 4955 1761 5026 προέϐη,
1778 4956 1853 5018 ὡς
1870 4957 1965 5010 αὐ-

482 5820 558 5885 (λι)
596 5819 918 5895 Ἀνθρήνην.
2155 5814 2231 5884 (2)
2274 5808 2565 5881 Ἐϐρέχθη.
