4090 6418
477 357 582 423 455

1186 358 1609 418 EUSTATIIII
1652 349 2420 420 THESSALONICENSIS
2463 347 3027 410 METllOPOLIT/E

3637 343 3741 405 456

481 498 594 534 t'em
673 477 894 532 mordax
957 482 1203 533 emittere
1253 479 1494 532 verbum.
1531 476 1630 543 Qui
1669 475 1918 546 jucundre
1983 470 2064 523 lti-

2178 487 2194 518 ι
2237 468 2570 538 ἐξενίκησεν,
2603 465 2852 520 ἐκΰαλεῖν
2883 465 3012 527 ἔπος
3060 481 3111 515 τι
3164 461 3430 532 κέρτομον
3469 461 3608 515 κατὰ
3642 456 3743 513 τοῦ

482 572 683 626 laritati
717 587 958 624 amarum
986 571 1220 640 jungens
1247 572 1513 632 animum,
1551 567 1751 622 elevari
1778 567 2053 634 paululum

486 668 537 718 in
572 665 714 719 ulnis
744 663 976 719 hominis
1023 663 1180 717 fortis
1259 661 1676 732 grammaticum
1745 657 2053 724 excogitat,

483 767 535 810 et
568 760 751 810 statim
788 773 848 810 ac
877 771 1000 810 eum
1042 765 1172 809 nutu
1227 753 1478 809 sublimis
1511 753 1815 816 extollitur,
1871 752 1922 803 in
1949 749 2060 802 cln-

486 866 579 912 nes
610 851 726 916 ejus
761 850 907 915 virga
961 859 1042 902 ter
1074 849 1410 902 immittitur.
1443 847 1523 899 Ad
1575 846 1625 898 id
1658 855 1870 896 tantum
1937 857 2058 895 ma-

485 960 622 1011 gnas
659 944 746 996 ille
786 945 888 997 dux
940 944 1199 996 ultionem
1244 957 1466 996 mensus
1522 949 1624 994 est.
1686 939 1832 992 Illius
1877 947 2057 990 autem

486 1035 689 1086 vultum
729 1035 1087 1088 circumdedit
1141 1035 1335 1102 pudor,
1370 1031 1601 1086 naturali
1657 1028 2057 1099 pulchritudini

483 1141 747 1192 roseoque
774 1127 940 1180 colori
985 1127 1237 1179 ruborem
1292 1125 1654 1177 substituens.
1705 1121 1838 1175 Cum
1906 1137 2058 1182 vero,

485 1225 767 1285 postquam
840 1217 1106 1272 urbanum
1165 1217 1534 1285 impudentem
1589 1213 2058 1282 sicpudefeterit.

487 1308 787 1361 surrexerit
821 1310 999 1363 bonus
1026 1322 1216 1371 senex,
1248 1305 1634 1375 transierilque
1663 1305 2057 1368 litliostrolntn,

485 1411 537 1452 rt
571 1402 635 1453 ad
683 1403 859 1454 locum
915 1417 1072 1454 suum
1162 1399 1700 1469 appropinquavcrit.
1767 1399 2060 1451 comitante

487 1508 608 1543 uico
645 1493 904 1560 magistro
965 1493 1394 1559 miserantesque
1463 1490 1652 1544 oculos
1689 1490 1741 1543 itt
1805 1488 2058 1557 juvenem

487 1585 837 1650 conjiciente,
897 1584 986 1638 ille
1036 1584 1258 1636 minime
1328 1583 1468 1636 labia
1525 1581 1802 1649 aperiens,
1854 1579 2058 1634 homini

487 1678 682 1731 similis
763 1693 872 1732 non
944 1677 1258 1744 intelligenti
1327 1675 1472 1745 quod
1559 1676 1762 1729 factum
1820 1682 1926 1739 est,
1965 1688 2060 1727 oc-

489 1770 634 1836 cepit
713 1771 1000 1824 stationem
1072 1769 1137 1823 ad
1189 1779 1398 1836 portam
1471 1768 1702 1837 ligneam
1769 1776 2058 1835 agrestem,

489 1861 664 1923 qualis
715 1861 1009 1927 sapientem
1055 1860 1359 1931 Odysseum
1413 1861 1627 1928 excepit
1695 1859 1917 1912 domum
1980 1874 2064 1912 re-

489 1966 726 2006 versum.
759 1949 964 2005 Exinde
996 1966 1127 2019 puer
1193 1953 1431 2019 seipsnm
1487 1951 1744 2016 ligatione
1806 1964 2063 2002 manuum

490 2051 616 2096 ante
645 2051 836 2111 pectus
863 2042 1056 2096 vincit.
1091 2042 1153 2095 Et
1182 2043 1357 2111 primo
1395 2041 1614 2112 quidem
1644 2040 1794 2094 vultu
1828 2041 2064 2096 demisso

493 2142 636 2188 astat
663 2133 824 2188 etiam
878 2132 1150 2200 lacrymas
1205 2133 1430 2187 fundere
1477 2141 1696 2202 paratus
1726 2147 1740 2196 ;
1771 2142 2065 2201 posteaque

491 2233 653 2292 caput
691 2222 807 2278 solo
844 2223 1163 2291 suppliciter
1194 2225 1620 2293 appropinquat,
1649 2215 1771 2278 non
1797 2232 1941 2277 metu
1998 2225 2062 2276 ad

491 2316 913 2369 commozionem
982 2327 1258 2381 movente,
1326 2316 1418 2370 sed
1471 2317 1671 2370 mentis
1736 2315 2063 2370 urbanitate.

493 2407 760 2476 Loquitur
781 2407 942 2462 etiam
991 2409 1297 2463 miseranda
1390 2409 1534 2462 sicut
1587 2423 1701 2462 mos
1748 2418 1852 2472 est,
1928 2409 2064 2467 (hmo

492 2508 650 2554 erant
695 2499 903 2565 scena),
948 2499 1220 2569 simulque
1249 2501 1487 2569 loquitur
1517 2511 1569 2554 et
1602 2517 1752 2556 meus
1781 2502 2063 2572 magister,

492 2591 586 2646 sed
630 2592 660 2658 i;
684 2605 742 2645 se
779 2591 991 2645 sincero
1027 2591 1222 2660 corde;
1258 2601 1313 2646 et
1341 2592 1604 2648 inducunt
1643 2593 1803 2648 ambo
1852 2593 2068 2661 sapiet».

494 2693 602 2737 tem
636 2684 701 2737 ad
736 2684 872 2739 bona
898 2687 1256 2754 cogitantem,
1293 2701 1452 2740 sacer
1472 2687 1691 2756 quidem
1725 2687 1808 2740 vir
1853 2688 1904 2740 in
1935 2687 2068 2742 sim-

495 2775 767 2844 plicitate,
795 2777 1010 2842 juvenis
1064 2787 1242 2831 autem
1275 2780 1328 2831 in
1359 2777 1700 2844 jncnnditate
1730 2781 1878 2832 intus
1905 2780 2068 2834 dissi—

497 2866 718 2922 mulata.
760 2867 896 2920 Cum
934 2880 1112 2921 autem
1160 2871 1415 2937 utrinque
1479 2871 1718 2940 placatus
1765 2886 1911 2926 esset
1952 2873 2064 2938 il'e,

499 2958 1038 3024 misericordiamque
1099 2960 1310 3024 annuit,
1362 2975 1424 3010 ac
1461 2961 1673 3029 signum
1729 2963 1872 3014 dedit
1908 2961 2067 3029 utju-

498 3049 644 3103 venis
678 3063 840 3118 super
873 3059 1068 3102 terram
1116 3050 1309 3117 jacens
1356 3061 1637 3118 exsurgat,
1672 3054 1728 3104 lit
1763 3053 1813 3104 itt
1847 3053 2070 3105 urbani-

2161 561 2506 632 γεραιτέρου.
2540 580 2555 610 ι
2590 560 2699 613 Καὶ
2721 559 2778 619 ὃς
2806 557 3085 627 ἱλαρότητι
3114 553 3357 624 γλυκερᾷ
3392 551 3563 622 θυμὸν
3590 551 3748 622 ἀψιν-

2164 656 2306 722 θώδη
2367 652 2878 722 συγκερασάμενος,
2926 648 3160 718 ἀρθῆναι
3221 645 3311 698 τὸν
3351 645 3744 714 γραμματικὸν

2163 750 2424 799 ἐννοεῖται
2481 745 2756 816 μετέωρον
2801 741 2984 813 ἡρέμα
3040 741 3130 792 ἐπὶ
3181 737 3438 806 ἀγκαλῶν
3493 735 3742 804 γενναίου

2162 840 2388 909 ἀνδρός’
2439 839 2530 890 καὶ
2585 837 2782 888 αὐτίκα
2822 835 2848 885 6
2890 833 2993 897 μὲν
3044 832 3160 897 ἅμα
3212 829 3444 898 νεύματι
3500 827 3742 896 αἴρεται,

2164 933 2256 982 καὶ
2294 931 2489 1001 ῥάϐδος
2524 928 2631 981 τῶν
2667 927 2874 980 ἐκείνου
2920 923 3162 992 γλουτῶν
3191 920 3499 990 κατηνέχθη
3533 921 3738 989 ἐστρίς.

2175 1025 2296 1076 Ἐπὶ
2331 1021 2582 1075 τοσοῦτον
2608 1022 2634 1074 6
2665 1021 2834 1089 μέγας
2885 1018 3070 1087 ἄρχων
3101 1016 3199 1084 τὴν
3234 1014 3582 1078 ἐπεξέλευσιν
3613 1014 3744 1082 ἐμε-

2163 1120 2373 1186 τρὲασε.
2409 1116 2512 1168 Τοῦ
2551 1115 2606 1167 δέ
2637 1115 2786 1182 ὅμως
2827 1111 2988 1174 αἰδὼς
3027 1109 3287 1180 περιῆλθε
3319 1107 3379 1160 τὸ
3427 1107 3742 1178 πρόσωπον.

2163 1208 2550 1278 ὰντιλάμῲασα
2579 1206 2656 1276 τῷ
2723 1207 2785 1259 ἐκ
2813 1205 3028 1272 φύσεως
3061 1202 3250 1257 κάλλει
3283 1201 3361 1271 τῷ
3399 1200 3744 1271 ἐρυθροδάνῳ

2161 1300 2256 1354 τοῦ
2286 1301 2654 1371 ἐρυθήματος.
2697 1298 2785 1361 Ὠς
2815 1297 2870 1349 δέ
2898 1297 2988 1349 τὸν
3013 1297 3228 1350 ἀστεῖον
3258 1294 3445 1364 ἀναιδῆ
3471 1295 3528 1354 ἐς
3559 1291 3744 1344 τοσοῦ-

2162 1411 2254 1447 τον
2293 1395 2557 1463 αἰσχύνας
2587 1393 2850 1456 ἐξανέστη
2885 1393 2912 1445 6
2946 1390 3107 1448 καλὸς
3143 1388 3342 1458 γέρων,
3369 1388 3461 1441 καὶ
3516 1385 3575 1439 τὸ
3607 1385 3752 1438 λιθό-

2166 1504 2406 1554 στρωτον
2434 1486 2609 1557 διέϐη,
2631 1486 2860 1548 καὶτοῖς
2918 1482 3082 1537 αὑτοῦ
3108 1482 3324 1554 ἡγγιζε,
3342 1478 3748 1551 συνομαρτοῦν-

2163 1596 2252 1639 τος
2290 1577 2384 1631 καὶ
2423 1575 2628 1646 τούμοῦ
2656 1575 3008 1638 διδασκάλου,
3033 1574 3127 1628 καὶ
3156 1570 3532 1634 δυσωποῦντος
3552 1572 3642 1622 ἐπὶ
3668 1569 3748 1640 τῷ

2164 1671 2351 1741 νεανίᾳ
2386 1672 2466 1731 είς
2495 1670 2665 1733 ἔλεον,
2701 1670 2908 1730 ἐκεῖνος
2936 1669 3016 1726 εἰς
3044 1666 3197 1718 οὐδὲν
3227 1664 3349 1717 οὐδὲ
3391 1662 3745 1733 παρανόίγων

2167 1765 2233 1818 τὰ
2265 1763 2440 1833 χείλη.
2485 1762 2560 1824 ὡς
2621 1761 2722 1814 οὐκ
2785 1761 2956 1814 ἀΐοντι
3007 1756 3221 1820 ἐοικὼς,
3273 1757 3301 1810 ὃ
3329 1755 3394 1825 δὴ
3429 1755 3746 1824 πεποίηται,

2169 1857 2452 1912 κατέκλινε
2502 1855 2598 1926 τὴν
2648 1854 2834 1908 στάσιν
2867 1854 2947 1916 εἰς
2996 1852 3148 1906 οὐδὸν
3182 1850 3392 1915 ξύλινον
3425 1849 3744 1919 άγροτικδν,

2167 1952 2348 2012 ὁποῖος
2373 1947 2588 2002 καὶτὸν
2630 1945 2792 2014 σοφὸν
2834 1943 3099 1999 Ὀδυσσέα
3145 1941 3415 2008 ἐδεξιοῦτο
3443 1941 3585 1995 οἶκοι
3649 1941 3746 1993 ἐπ-

2167 2040 2564 2106 αναζεύξαντα.
2581 2036 2872 2092 Ἐντεῦθεν
2892 2039 2919 2089 6
2953 2033 3084 2097 παῖς
3108 2033 3302 2088 ἐαυτὸν
3329 2033 3520 2102 δεσμεῖ
3543 2031 3619 2103 τῷ
3641 2032 3748 2102 πρὸ

2167 2129 2262 2185 τοῦ
2295 2130 2524 2201 στήθους
2558 2129 2836 2197 πλέγματι
2871 2127 2984 2181 τῶν
3013 2126 3234 2197 χειρῶν.
3280 2125 3388 2179 Καὶ
3418 2119 3613 2198 πρῶτα
3648 2124 3748 2195 μὲν

2169 2225 2498 2295 παρίσταται
2528 2224 2803 2291 κατηφὴς,
2864 2219 3064 2275 ἐθέλων
3111 2215 3206 2273 καὶ
3265 2217 3528 2287 ἔνδακρυς
3563 2215 3704 2269 εἶναι
3731 2233 3746 2247 ο

2169 2315 2286 2370 εἶτα
2316 2317 2410 2370 καὶ
2441 2315 2520 2385 τῷ
2563 2312 2750 2382 ἐδάφει
2782 2312 3032 2367 πιστεύει
3078 2311 3178 2381 τὴν
3207 2305 3452 2379 κεφαλὴν
3484 2311 3726 2362 ίκετευτι

2169 2413 2302 2477 κῶς,
2355 2410 2416 2464 ού
2477 2409 2644 2479 φόσου
2701 2405 3091 2467 ύποκινοῦντος
3124 2405 3203 2467 εἰς
3255 2402 3449 2464 πάθος,
3481 2401 3617 2454 ἀλλὰ
3649 2401 3748 2468 τῆς

2170 2504 2313 2558 κατὰ
2363 2502 2542 2572 ψυχὴν
2575 2481 2943 2567 ἀστειότητος.
3000 2496 3167 2550 Λαλεῖ
3215 2494 3277 2563 δὴ
3311 2493 3405 2546 καὶ
3451 2492 3644 2561 οἰκτρᾶ
3673 2487 3750 2553 ὡς

2171 2595 2330 2666 ἐῴκει
2369 2594 2507 2664 (τάδ’
2529 2587 2673 2663 ἦσαν
2708 2589 2928 2662 σκηνὴ),
2962 2586 3287 2643 συνεκλαλεῖ
3317 2586 3374 2639 δέ
3427 2586 3519 2638 καὶ
3546 2587 3572 2638 6
3617 2585 3748 2653 ἐμὸς

2168 2689 2509 2750 διδάσκαλος,
2532 2683 2646 2739 ἀλλ’
2675 2685 2839 2748 αὐτὸς
2865 2681 3284 2751 ἐνδιακειμένως
3311 2697 3325 2712 °
3353 2680 3446 2735 καὶ
3471 2679 3746 2732 πείθουσιν

2169 2782 2335 2850 ἄμφω
2365 2779 2454 2831 τὸν
2482 2778 2641 2845 σοφὸν
2672 2779 2750 2840 είς
2780 2777 2961 2843 ἀγαθὰ
2988 2773 3234 2838 νοοῦντα,
3261 2774 3288 2826 6
3313 2773 3412 2844 μὲν
3441 2771 3583 2842 ἱερὸς
3609 2769 3746 2841 ἀνὴρ

2171 2873 2227 2924 ἐν
2257 2870 2539 2936 ἁπλότητι,
2571 2871 2600 2922 6
2628 2869 2684 2921 δὲ
2717 2869 2837 2930 νέος
2875 2866 3154 2936 ἐνδομύχῳ
3213 2865 3496 2937 στυφούσῃ
3546 2863 3748 2932 γλυκύ-

2168 2961 2416 3027 τητι.⁹Ως
2452 2961 2506 3013 δὲ
2541 2959 2818 3029 ἐμαλάχθη
2855 2957 3196 3027 ἑκατέρωθεν
3224 2957 3454 3020 ἐκεῖνος,
3481 2957 3578 3010 καὶ
3606 2973 3746 3008 κατ-

2173 3053 2389 3106 ένευσεν
2423 3053 2590 3114 ἔλεον,
2615 3054 2705 3104 καὶ
2755 3051 2818 3118 δὴ
2863 3054 2955 3105 καὶ
2983 3051 3262 3120 ἐξέγερσιν
3291 3049 3386 3102 τοῦ
3415 3051 3538 3103 νέου
3562 3050 3627 3102 ἐκ
3654 3048 3747 3100 τοῦ

499 3155 609 3196 tate
663 3158 795 3211 puer
818 3143 1006 3198 activae
1041 3143 1311 3198 solertiae:
1349 3155 1509 3213 caput
1558 3145 1609 3198 in
1647 3155 1847 3198 terram
1898 3148 2061 3200 verti-

2171 3147 2312 3200 κατὰ
2337 3146 2433 3213 γῆς
2461 3146 2697 3211 κεῖσθαι,
2722 3146 2930 3212 γίνεται
2953 3145 3048 3211 τῆς
3078 3145 3332 3214 ἐνεργούς
3355 3145 3411 3195 ἐν
3437 3141 3748 3209 ἁστειότητι

496 3237 612 3287 cale
649 3235 891 3299 lirmans,
927 3246 1250 3304 tergumque
1287 3237 1460 3304 magis
1496 3239 1806 3303 incurvans,
1838 3249 1892 3291 et
1923 3241 2060 3305 seip-

495 3341 613 3379 sum
638 3340 834 3394 gyrans
876 3335 926 3377 ut
966 3327 1246 3379 incurvmn
1293 3343 1499 3391 arcum,
1556 3329 1752 3382 deinde
1809 3333 1974 3395 pedes
2016 3332 2067 3384 in

497 3416 726 3469 sublime
787 3415 976 3470 tollens
1019 3417 1083 3469 ad
1147 3419 1318 3470 instar
1364 3418 1508 3472 illius
1577 3421 1666 3486 qui
1733 3422 1938 3475 relatus
1971 3432 2062 3475 est

496 3504 806 3576 gesticulari
838 3520 1092 3559 manuum
1154 3507 1274 3560 loro
1313 3509 1592 3572 cruribus,
1647 3519 1702 3564 et
1759 3511 1838 3566 sic
1891 3515 2070 3579 capite

497 3601 749 3652 deorsum
786 3599 963 3668 posito
1031 3599 1097 3651 de
1120 3599 1320 3666 jacenti
1367 3614 1620 3670 surgens,
1669 3611 1722 3654 et
1754 3601 1806 3654 in
1863 3614 2068 3656 rectum

497 3705 557 3746 se
597 3691 894 3758 sustinens,
952 3693 1254 3757 posteriora
1313 3693 1528 3762 projicit
1575 3693 1627 3746 in
1691 3693 2066 3747 mirabundam

497 3798 709 3846 senem,
751 3792 804 3836 et
853 3783 1116 3837 violenter
1179 3784 1440 3849 incidens,
1479 3785 1735 3853 illumque
1765 3785 2069 3854 proripiens

500 3875 548 3926 in
577 3885 842 3944 agrestem
875 3876 1277 3941 domunculam,
1321 3879 1621 3948 resupinat,
1693 3889 1744 3933 et
1773 3880 1824 3932 in
1888 3881 2066 3947 ipsum

497 3965 683 4017 eodem
718 3965 901 4017 habitu
963 3966 1128 4026 cadit,
1184 3965 1404 4034 suisque
1463 3966 1647 4034 pronis
1680 3967 1847 4034 ipsius
1879 3971 2068 4035 supina

499 4055 763 4120 percutit;
795 4068 956 4124 caput
988 4055 1201 4124 quidem
1237 4071 1299 4108 ex
1361 4057 1504 4111 illius
1537 4057 1761 4124 pedibus
1811 4059 2068 4121 edneens,

499 4144 612 4212 ipse
664 4161 787 4198 vero
819 4158 981 4214 caput
1009 4147 1123 4214 ejus
1163 4147 1385 4215 forcipis
1416 4149 1586 4202 instar
1619 4160 1832 4204 tennis.
1898 4147 2070 4203 lnter-

497 4248 560 4286 ea
631 4235 849 4303 quidem
884 4236 1026 4289 risus
1049 4236 1337 4305 utrobique
1395 4238 1572 4291 nttllns
1619 4248 1760 4301 erat,
1807 4239 1900 4292 sed
1955 4255 2072 4293 om-

500 4342 596 4381 nes
628 4329 788 4381 anxie
826 4327 1138 4397 stupebant,
1185 4329 1330 4396 quod
1362 4327 1442 4383 sic
1478 4345 1608 4395 puer
1637 4330 1737 4385 iste
1801 4331 1959 4385 talem
2001 4333 2068 4385 il-

500 4419 723 4472 lusisset
755 4418 953 4481 virum,
1001 4419 1359 4489 ultricemqne
1421 4421 1714 4488 sperabant
1779 4425 2070 4478 correctio-

2177 3240 2424 3308 μηχανῆς
2457 3241 2484 3290 ὁ
2523 3240 2646 3300 παῖς
2667 3255 2679 3268 ·
2710 3241 2805 3290 καὶ
2839 3238 2938 3305 τὴν
2970 3237 3215 3307 κεφαλὴν
3246 3238 3324 3299 εἰς
3353 3236 3455 3305 γῆν
3486 3233 3549 3289 εὖ
3599 3233 3749 3304 μάλα

2175 3333 2479 3401 κορυφαίαν
2527 3330 2764 3400 ἐρείσας,
2802 3333 2895 3382 καὶ
2922 3331 2988 3382 τὰ
3021 3329 3148 3398 ἑξῆς
3194 3331 3422 3382 νωτιαῖα
3468 3329 3547 3392 εἰς
3583 3328 3748 3380 πλέον

2175 3424 2576 3492 ἐπικυρτώσας,
2631 3423 2723 3475 καὶ
2762 3421 3015 3494 γυρώσας
3054 3422 3246 3476 ἑαυτὸν
3292 3420 3424 3473 ὡσεὶ
3471 3437 3565 3473 και
3596 3422 3748 3485 τόξον

2175 3513 2381 3583 ραιϐὸν,
2419 3509 2535 3564 εἶτα
2588 3511 2664 3564 τὼ
2699 3513 2822 3580 πῷδε
2876 3514 2956 3574 εἰς
3019 3512 3299 3580 μετέωρον
3339 3511 3553 3581 ἐπάρας
3607 3513 3748 3565 κατὰ

2171 3605 2261 3658 τὸν
2294 3603 2647 3673 ίστορηθέντα
2677 3605 3018 3674 χειρονομεῖν
3045 3602 3283 3667 σκέλεσι,
3312 3604 3404 3656 καὶ
3425 3601 3596 3666 οὕτως
3624 3604 3751 3655 ἀνα-

2176 3697 2302 3758 στὰς
2336 3696 2398 3747 ἐκ
2425 3695 2516 3747 τοῦ
2550 3695 2764 3748 κεῖσθαι
2798 3695 3106 3766 κύμϐαχος,
3157 3696 3252 3748 καὶ
3309 3697 3585 3757 συστῆσας
3621 3696 3748 3747 ἐαυ-

2173 3786 2264 3837 τὸν
2301 3788 2378 3848 εἰς
2403 3784 2610 3855 ὄρθιον,
2637 3787 2978 3854 καταράσσει
3010 3790 3077 3840 τὰ
3111 3787 3291 3839 ὀπίσω
3324 3786 3465 3839 κατὰ
3494 3786 3587 3840 τοῦ
3622 3787 3724 3838 θαυ

2177 3881 2525 3950 μασιωτάτου
2561 3878 2840 3946 γέροντος,
2863 3880 2960 3933 καὶ
2988 3878 3164 3948 βίαιος
3206 3877 3576 3940 ἐπεισπεσὼν,
3604 3879 3746 3929 ἐκεῖ-

2174 3969 2262 4020 νόν
2312 3985 2369 4019 τε
2427 3967 2776 4038 καταρῤίψας
2829 3967 2937 4020 ἔσω
2973 3967 3067 4019 τοῦ
3102 3964 3426 4036 ἀγροικικοῦ
3479 3964 3746 4029 οίκίσκου,

2176 4059 2446 4124 ὑπτιάζει,
2486 4046 2579 4113 καὶ
2608 4059 2772 4113 αὑτὸν
2805 4059 3095 4112 ἐπιπίπτει
3140 4059 3283 4110 κατὰ
3319 4057 3507 4126 σχῆμα
3538 4058 3745 4125 ὅμοιον.

2173 4154 2267 4206 καὶ
2304 4153 2531 4221 πλήττει
2567 4155 2679 4212 τοῖς
2709 4151 2834 4204 καθ’
2861 4151 3056 4204 ἑαυτὸν
3089 4147 3327 4219 πρανέσι
3358 4149 3426 4202 τὰ
3456 4149 3576 4202 κατ’
3605 4150 3746 4201 ἐκεῖ·

2173 4263 2263 4298 νον
2303 4244 2490 4308 ὕπτια,
2519 4245 2760 4313 κεφαλὴν
2800 4245 2899 4313 μέν
2927 4245 3038 4306 τοῖς
3086 4243 3298 4296 ἐκείνου
3347 4244 3506 4294 ποσὶν
3563 4241 3747 4294 ἐκκλί-

2173 4354 2290 4400 νας,
2326 4336 2488 4399 αὺτδς
2517 4337 2563 4389 δ’
2586 4335 2657 4389 αὖ
2695 4337 2796 4406 τῆς
2840 4336 3051 4388 ἐκείνου
3087 4336 3380 4404 πυράγρας
3424 4335 3626 4402 τρόπον
3655 4333 3748 4385 λα-

2174 4427 2425 4497 ϐόμενος.
2495 4426 2622 4482 Ἐπὶ
2663 4426 2877 4489 τούτοις
2932 4427 3110 4492 γέλως
3163 4427 3262 4497 μέν
3297 4421 3365 4496 ἦν
3417 4425 3750 4494 οὐδαμόθεν,

500 4526 648 4567 nem.
677 4510 810 4564 Cum
841 4521 1020 4564 autem
1052 4509 1209 4564 heros
1251 4509 1340 4565 ille
1370 4525 1537 4578 super
1562 4511 1857 4580 juveniletn
1896 4515 2064 4569 soler-

2173 4494 2310 4574 ἀλλὰ
2342 4519 2544 4582 πάντες
2574 4519 2964 4589 ἐτεθήπεισαν,
2995 4520 3045 4572 εί
3082 4494 3225 4572 οὕτω
3257 4494 3387 4582 παῖς
3417 4518 3626 4576 ἐκεῖνος
3653 4516 3748 4568 ἄν·

502 4601 628 4655 tiam
661 4601 854 4655 leniter
901 4600 1102 4654 eliusus
1131 4612 1236 4664 est,
1268 4611 1321 4657 et
1349 4602 1590 4657 nubilum
1620 4607 1784 4674 quod,
1821 4615 1878 4658 ut
1906 4619 2066 4660 natu.

499 4691 612 4745 rale
639 4701 746 4753 est,
789 4691 841 4744 in
903 4690 1106 4744 vultum
1173 4693 1290 4762 ejus
1353 4707 1733 4762 praecurrerat,
1797 4698 2068 4754 hilaritate

497 4783 904 4838 dulcifraetum
959 4783 1199 4848 evanuit,
1274 4787 1607 4842 exsultantes
1684 4792 1748 4843 de
1835 4790 2068 4844 circum-

500 4876 662 4931 stanti
705 4876 882 4940 turba,
915 4875 1015 4944 ipsi
1053 4878 1218 4945 gavisi
1259 4889 1402 4947 sunt,
1433 4890 1485 4934 et
1533 4879 1780 4948 juvenem
1829 4882 2066 4937 solutum

499 4967 847 5020 dimiserunt.

571 5253 660 5307 55.
695 5253 828 5319 Quis
866 5268 998 5322 ergo
1047 5255 1333 5322 spondebit
1367 5273 1464 5312 nos
1513 5273 1730 5328 quoque
1781 5275 1890 5314 non
1939 5261 2067 5314 irri-

499 5343 614 5396 deri
661 5343 861 5396 talibus
897 5345 1340 5401 adorationibus?
1369 5347 1595 5416 Insuper
1626 5351 1668 5403 si
1730 5352 1852 5419 quis
1912 5352 2069 5405 dubi-

501 5443 599 5498 tat,
629 5433 757 5502 qnid
807 5434 1018 5488 tandem
1078 5435 1146 5490 de
1184 5448 1403 5500 caetero,
1465 5441 1507 5492 si
1543 5443 1698 5495 nobis
1731 5446 1912 5496 omnia
1943 5452 2070 5495 sunt

500 5529 768 5589 suspecta,
809 5519 1112 5576 faciendum
1179 5523 1272 5587 sit,
1327 5525 1439 5580 hrec
1481 5527 1744 5582 dubitatio
1779 5532 1856 5585 sic
1892 5532 2069 5584 solve-

503 5621 614 5676 tur,
654 5613 878 5670 fratres:
930 5619 1070 5685 quod
1131 5635 1231 5689 ego
1272 5621 1432 5686 facio,
1490 5620 1676 5688 facite,
1732 5637 1834 5676 nec
1897 5623 2068 5690 magis

501 5719 661 5770 quam
691 5719 790 5775 ego
819 5709 994 5776 nobis,
1027 5725 1123 5764 vos
1149 5713 1370 5766 ambite.
1425 5711 1558 5766 Cum
1601 5722 1781 5766 autem
1813 5712 1977 5766 Deum
2013 5722 2068 5766 et

505 5805 719 5848 sanctos
748 5795 864 5864 ejus
897 5797 1280 5866 deprecamini,
1312 5808 1438 5854 tunc
1474 5800 1627 5856 vobis
1657 5801 1803 5866 licet,
1845 5803 1887 5856 si
1943 5817 2061 5870 pos-

2171 4611 2274 4682 δρα
2305 4608 2546 4664 τοιοῦτον
2573 4610 2976 4678 κατεσοφίσατο
3001 4625 3013 4639 ·
3044 4610 3137 4662 καὶ
3159 4609 3388 4680 ἤλπιζον
3417 4605 3749 4676 κολαστικὴν

2172 4702 2476 4757 παίδευσιν.
2519 4703 2607 4765 ’ος
2657 4703 2713 4754 δὲ
2763 4705 2789 4756 6
2823 4704 2974 4772 ἥρως
3025 4702 3230 4761 ἐκεῖνος
3281 4699 3502 4768 διεχέθη
3554 4698 3648 4750 ἐπὶ
3680 4701 3747 4768 τῇ

2171 4797 2472 4864 νεωτερικῇ
2498 4794 2785 4863 δεξιότητι,
2806 4796 2900 4846 καὶ
2927 4794 2990 4845 τὸ
3013 4787 3101 4845 οἷα
3123 4792 3271 4854 εἰκὸς
3302 4789 3622 4860 προδραμδν
3650 4791 3748 4843 τοῦ

2172 4886 2318 4940 κατὰ
2373 4887 2668 4956 πρόσωπον
2708 4886 2916 4938 ἐκείνου
2965 4883 3128 4953 νέφος
3189 4883 3468 4952 ἱλαρότητι
3516 4880 3750 4951 γλυκείᾳ

2172 4975 2516 5046 περιῤῥαγὲν
2553 4974 2819 5044 ἀπῆλθεν,
2851 4971 3256 5044 ὑπερησθέντες
3286 4972 3346 5024 τὸ
3380 4971 3750 5040 περιεστηκὸς

2174 5066 2364 5134 στῖφος
2413 5065 2568 5120 αὐτοί
2606 5083 2662 5117 τε
2697 5067 2998 5136 ἐχάρησαν,
3038 5063 3134 5116 καὶ
3179 5062 3270 5115 τὸν
3307 5062 3472 5116 παῖδα
3519 5061 3751 5116 συνέλο-

2172 5174 2292 5210 σαν.

2243 5249 2335 5302 νδ¹.
2383 5248 2479 5308 Τίς
2517 5247 2582 5315 δὴ
2613 5246 2707 5300 οὖν
2741 5247 3097 5317 ἐγγυήσεται,
3134 5247 3209 5314 μὴ
3259 5246 3356 5298 καὶ
3387 5245 3535 5314 ἡμᾶς
3570 5261 3748 5301 κατα·

2170 5337 2534 5411 χλευάζεσθαι
2559 5336 2825 5399 τοιούτοις
2849 5336 3307 5407 προσκυνήμασιν
3331 5353 3345 5399 ;
3387 5338 3507 5388 Ἐπὶ
3528 5336 3748 5402 τούτοις

2172 5434 2224 5484 εί
2247 5449 2328 5492 τις
2363 5432 2693 5500 ἐπαποροίη,
2723 5432 2751 5483 ὃ
2781 5430 2834 5482 τί
2864 5447 2995 5482 ποτε
3030 5429 3124 5481 τοῦ
3154 5429 3345 5481 λοιποῦ
3387 5431 3664 5499 ποιητέον,
3695 5435 3748 5486 εἰ

2171 5527 2350 5580 πάντα
2397 5528 2529 5594 ἡμῖν
2563 5523 2806 5587 ὕποπτα,
2862 5522 3144 5575 λελύσεται
3177 5524 3236 5574 τὸ
3279 5522 3489 5590 ἄπορον
3545 5523 3746 5590 οὕτως,

2171 5617 2390 5686 ἀδελφοί
2415 5633 2430 5648 ο
2455 5617 2482 5668 ὃ
2509 5615 2620 5684 ἐγὼ
2664 5601 2826 5687 ποιῶ,
2872 5618 3100 5679 ποιεῖτε,
3136 5615 3228 5668 καὶ
3265 5614 3340 5684 μὴ
3369 5615 3748 5684 φιλοτιμεῖσθε

2173 5710 2376 5771 πλεῖον,
2396 5703 2566 5778 οὗπερ
2594 5709 2729 5778 ἡμῖν,
2749 5706 2880 5774 ἐγώ.
2903 5706 3034 5758 Ὅτε
3064 5705 3120 5758 δὲ
3146 5704 3266 5776 Θεῷ
3300 5706 3395 5758 καὶ
3422 5708 3536 5770 τοῖς
3563 5707 3744 5776 ἁγίοις

2173 5799 2339 5853 αὐτοῦ
2393 5798 2664 5868 εὖχοισθε,
2696 5798 2818 5850 τότε
2847 5795 2911 5865 δὴ
2946 5794 3065 5860 ἐξὸν
3113 5796 3264 5866 ὑμῖν,
3296 5796 3411 5864 εἴγε
3443 5797 3535 5851 καὶ
3582 5796 3745 5852 δύνα-
