4090 6424
405 371 509 439 ίδἸ

1389 354 1695 439 'CONTRA
1746 379 2248 449 INJURIARUM
2280 390 2721 458 MEMORIAM.

3562 395 3668 461 453

399 492 520 552 σθε,
551 487 706 550 ὅλους
746 487 825 550 είς
858 486 962 557 γῆν
997 488 1345 560 καταρῤέειν,
1393 494 1488 543 καὶ
1540 492 1684 546 οὕτω
1715 495 1977 563 κατάγειν

2082 508 2223 575 sitis,
2258 522 2400 569 totos
2458 517 2509 569 in
2554 524 2753 570 terram
2813 525 2909 566 vos
2933 517 3297 581 prosternere,
3332 510 3519 579 sicque
3581 515 3661 567 di-

401 580 610 637 ᾶνωθεν
643 578 736 632 τὸν
781 578 923 631 θεῖον
952 579 1101 631 ἔλεον
1122 596 1136 609 ·
1166 582 1316 650 ἡμᾶς
1355 581 1412 635 δὲ
1440 582 1607 650 ἄφετε
1651 585 1973 655 ἀνθρώπους

400 666 558 729 εἶναι.
593 669 689 722 καὶ
715 669 982 738 τιμᾶσθαι
1010 669 1400 741 ἀνθρωπικῶς,
1434 674 1488 725 εί
1510 690 1613 727 που
1642 676 1735 728 καὶ
1768 675 1971 746 χρεών.

400 764 459 818 Εἰ
492 761 549 817 δὲ
581 764 673 835 καί
704 761 878 815 ταῦτα
912 761 1082 815 εἰπὼν
1114 763 1243 832 περὶ
1292 766 1393 833 τῆς
1447 768 1841 839 ἀναμαρτήτου
1862 769 1973 822 τῶν

400 855 580 909 κακῶν
637 855 880 925 μνήμης,
905 853 1148 917 ὕποπτος
1194 855 1275 909 ἔτι
1303 858 1361 919 ἐς
1401 860 1771 929 μνησικακίαν
1832 863 1970 931 είμὶ,

399 951 493 1000 ἐπε
519 948 582 1019 δὴ
620 948 991 1018 μεμνημένος,
1043 948 1117 1016 μὴ
1172 950 1304 1015 πᾶν,
1346 951 1374 1004 ὅ
1411 969 1465 1004 τι
1523 952 1808 1019 βούλεσθε,
1842 955 1974 1023 ύμῖν

398 1041 612 1109 εφίημι,
643 1040 755 1092 ἀλλ’
783 1038 894 1107 ἐγὼ
923 1037 1016 1092 τοῦ
1047 1037 1224 1091 ταῦτα
1278 1040 1523 1107 δοξάζειν
1583 1045 1684 1101 οὐκ
1734 1045 1975 1117 ἀποστή-

398 1148 584 1203 σομαι.

464 1228 558 1277 νεν.
590 1225 748 1294 Λέγω
776 1225 832 1279 δὲ
872 1228 1034 1293 ⁸ῖςάλιν
1073 1226 1385 1293 ἀναλαϐὼν,
1424 1228 1500 1292 ὡς
1527 1229 1628 1283 οὐκ
1657 1230 1747 1296 ἀν,
1777 1230 1899 1284 οὐδὲ
1925 1232 1973 1283 εί

397 1317 569 1387 μυρία
596 1317 749 1370 δεινά
778 1317 944 1383 ποθεν
1000 1318 1330 1390 ἀκούσομαι,
1362 1320 1710 1393 ἀνασχοίμην
1740 1321 1976 1377 καταθέ-

396 1407 543 1468 σθαι,
576 1407 773 1461 ταύτὸν
824 1407 969 1464 εἶναι
1019 1410 1440 1482 (συνῃρημένως
1494 1411 1699 1483 λέγειν)
1771 1429 1970 1484 μνησι-

394 1502 609 1567 κακεῖν,
661 1504 757 1554 καὶ
794 1501 860 1561 αὖ
915 1502 1079 1557 πάλιν
1118 1503 1176 1555 ὲν
1214 1503 1460 1558 διαλύσει
1505 1504 1821 1575 μεμνῆσθαι
1873 1523 1974 1561 κα-

394 1590 518 1645 κοῦ.
584 1591 726 1643 Ἀλλ’
753 1593 929 1646 ἐκεῖνο
980 1593 1079 1652 μὲν
1133 1594 1383 1665 καμήλου
1438 1594 1663 1665 τίθεμαι
1721 1597 1823 1651 καῖ
1860 1597 1974 1651 τῶν

393 1686 493 1738 ὅσα
520 1684 774 1748 τοιαῦτα,
792 1684 889 1739 καὶ
914 1684 1206 1757 ἀνθρώπου
1234 1687 1291 1739 δὲ
1317 1686 1656 1757 ψευδομένου
1696 1688 1794 1760 τὴν
1819 1688 1973 1743 θείαν

396 1775 620 1840 πλάσιν,
656 1776 781 1831 καθ’
814 1778 881 1848 ἣν
914 1779 994 1840 είς
1028 1779 1393 1847 ἀγαθοποιῖαν
1446 1779 1733 1851 εἴργασται
1762 1795 1774 1809 ·
1807 1780 1971 1844 αὐτὸς

393 1869 450 1922 δὲ
479 1868 764 1938 μέμνημαι
793 1869 1106 1940 ἀπονήρως,
1139 1871 1193 1924 εῐ
1219 1872 1269 1924 τί
1299 1889 1403 1925 που
1436 1870 1609 1925 κακὸν
1635 1871 1669 1942 ἢ
1703 1870 1976 1942 σύμϐαμα

394 1962 427 2031 ἢ
465 1960 888 2030 παρασύμϐαμα
917 1961 1128 2032 προέϐη
1160 1961 1248 2016 ἐπ’
1276 1961 1421 2031 ἐμοί.
1452 1961 1562 2016 Καί
1591 1978 1709 2023 πως
1732 1962 1815 2025 είς
1840 1978 1976 2029 φαν-

393 2054 588 2107 τασίαν
621 2052 830 2125 ζωῖκὴν
883 2054 1008 2123 ἐμοὶ
1039 2054 1107 2108 τά
1153 2054 1252 2123 τῆς
1291 2053 1548 2121 τοιαύτης
1586 2053 1806 2123 μνήμης
1847 2055 1976 2112 ἀπο,

393 2143 641 2215 τελευτᾷ,
698 2143 1189 2215 συναποληγούσης
1248 2144 1413 2208 εὐθὺς
1464 2141 1551 2220 τῷ·
1601 2143 1973 2212 φαντάσματι.

394 2228 527 2289 Οίδα
554 2232 662 2302 γὰρ
696 2231 755 2287 εὖ
799 2233 965 2303 μάλα,
1019 2233 1096 2298 ὼς
1129 2233 1364 2305 δαιμονᾷ
1415 2233 1629 2294 ἐκεῖνος
1659 2232 1975 2300 ἄνθρωπος,

392 2325 490 2378 καὶ
517 2325 575 2377 ἐν
601 2323 783 2396 ἑαυτῷ
814 2323 971 2395 φέρει
992 2324 1088 2379 τὸν
1116 2324 1563 2403 αίὼνιονκκακὺν.
1594 2324 1686 2378 τὸν
1716 2324 1976 2377 οὐδέποτε

391 2416 744 2484 ἀγαθοποιὸν,
774 2416 865 2470 τὸν
893 2416 982 2471 ἀεὶ
1014 2415 1274 2487 πολέμιον
1302 2433 1315 2447 -
1346 2416 1428 2482 ὃς,
1461 2416 1515 2469 εί
1540 2416 1594 2470 τί
1626 2432 1730 2469 που
1760 2415 1977 2481 ἐσάπαξ

395 2508 561 2563 πάθοι
617 2507 939 2580 ἀϐούλητον,
973 2507 1146 2578 λαϐὴν
1195 2510 1402 2578 ταύτην
1453 2507 1596 2579 ἔχων
1624 2507 1854 2569 κακύνει
1886 2508 1975 2569 διὰ

394 2601 516 2674 βίου
541 2601 631 2656 τὸν
660 2600 837 2673 βραχὺ
873 2600 1077 2672 βλάψαι
1110 2600 1420 2671 φθάσαντα.

467 2870 577 2940 νς’.
608 2873 819 2928 Οὐκοῦν
885 2874 1246 2945 μνησικακεῖν
1285 2867 1427 2926 εἷναι
1496 2866 1616 2925 οῖδα
1673 2871 1735 2925 τὸ
1787 2870 1978 2927 ἀποδι-

393 2968 549 3026 δόναι
579 2968 721 3038 μετὰ
749 2969 998 3024 κάκωσιν
1043 2966 1419 3036 ἀνταπόδομα,
1462 2965 1493 3018 δ
1542 2965 1608 3037 δὴ
1636 2965 1745 3018 τῶν
1773 2964 1979 3033 ἀμυνο-

399 3060 581 3131 μένων
607 3060 748 3125 ἐστὶ,
778 3060 873 3113 καί⁸
907 3058 1084 3122 ἄλλως
1114 3058 1195 3126 δὲ,
1219 3058 1296 3121 ὡς
1329 3060 1358 3111 ὁ
1389 3056 1608 3128 μελικὸς
1639 3055 1796 3125 ἅγιος
1821 3053 1978 3125 βασι-

2074 601 2255 657 vina-m
2312 604 2739 673 misericordiam
2808 602 3018 658 coelitus
3064 601 3367 668 invocare;
3402 617 3498 657 nos
3544 617 3670 656 vero

2076 693 2238 747 sinite
2281 695 2530 749 homines
2573 709 2694 749 esse
2738 694 3105 760 humanequc,
3139 691 3182 744 si
3219 680 3454 760 oportet,
3491 690 3667 746 bono;

2077 785 2210 839 rari.
2248 784 2402 851 Quod
2431 787 2474 841 si
2515 786 2644 841 talia
2671 786 2856 840 dicens
2904 797 3071 851 super
3121 782 3433 852 inculpabili
3494 784 3667 839 malo-

2079 891 2198 929 rum
2234 879 2490 931 memoria
2522 893 2640 932 sum
2677 877 2853 930 adhuc
2907 876 2972 930 de
3005 873 3130 929 mali
3167 874 3426 933 memoria
3474 889 3669 943 suspe-

2074 977 2218 1034 ctus,
2255 984 2321 1023 eo
2349 971 2493 1039 quod
2519 985 2751 1033 memor,
2784 983 2888 1022 non
2924 982 3082 1021 omne
3113 966 3257 1037 quod
3292 966 3479 1029 vultis.
3512 968 3669 1022 vobis

2076 1055 2354 1128 permitto,
2387 1076 2488 1130 ego
2515 1070 2695 1114 tamen
2732 1075 2761 1114 a
2798 1058 2890 1113 tali
2949 1059 3204 1128 opinione
3231 1072 3336 1113 non
3390 1061 3663 1114 recedam.

2143 1240 2233 1295 55.
2269 1240 2398 1294 Dico
2433 1255 2563 1313 vero
2592 1241 2786 1295 iterum
2832 1253 3136 1302 resumens,
3165 1239 3309 1309 quod
3364 1254 3663 1308 nunquam,

2073 1332 2283 1388 etiamsi
2311 1330 2475 1385 millia
2546 1329 2686 1385 maia
2749 1330 2947 1385 exinde
3013 1329 3282 1393 audirem,
3326 1329 3493 1383 veluti
3544 1343 3664 1383 rem

2073 1425 2393 1494 acquisitam
2419 1424 2722 1488 admittam,
2754 1424 2895 1479 idem
2961 1439 3084 1480 esse
3123 1424 3450 1492 coniunctim
3480 1423 3667 1495 dicere

2074 1517 2205 1571 ntali
2241 1515 2592 1582 meminisse,
2637 1514 3038 1586 separatimmte
3084 1529 3298 1570 rursum
3355 1515 3668 1581 meminisse

2074 1606 2219 1661 mali.
2255 1606 2389 1660 illud
2418 1607 2633 1676 quidem
2682 1620 2805 1662 esse
2839 1606 3032 1660 cameli
3099 1611 3535 1676 cunctorumque
3594 1605 3668 1660 si-

2072 1698 2302 1762 milium,
2328 1696 2669 1768 hominisque
2699 1697 3002 1760 mendacis,
3028 1695 3121 1766 qui
3146 1695 3380 1752 divinam
3407 1695 3668 1750 mentitur

2079 1791 2434 1855 creationem,
2462 1789 2618 1859 juxta
2650 1803 2808 1858 quam
2850 1791 2914 1841 ad
2971 1787 3423 1843 benefaciendum
3462 1785 3667 1842 forma-

2081 1890 2169 1938 tus
2205 1889 2308 1944 est,
2337 1895 2513 1950 pono;
2545 1881 2793 1950 equidem
2833 1895 2959 1935 vero
2985 1879 3311 1949 simpliciter
3343 1879 3588 1945 memini,
3619 1878 3666 1935 si

2079 1973 2374 2043 quodpiam
2423 1973 2647 2038 malum,
2705 1972 2790 2025 vel
2820 1974 3095 2036 accidens,
3148 1972 3234 2027 vel
3298 1986 3662 2043 consequens,

2079 2065 2302 2119 irruerit
2346 2064 2400 2118 in
2433 2079 2540 2121 me.
2596 2065 2665 2118 Et
2692 2064 2873 2133 aliquo
2924 2062 3084 2119 modo
3125 2063 3190 2117 ad
3218 2062 3661 2133 imaginationem

2078 2158 2362 2213 animalem
2393 2157 2749 2213 terminantur
2808 2157 2938 2211 mihi
2982 2172 3104 2226 quae
3170 2165 3297 2211 sunt
3336 2154 3661 2227 ‘ltujusmndi

2079 2254 2378 2318 memet-im,
2412 2253 2671 2308 routinuo
2711 2268 2833 2307 cum
2870 2252 3076 2308 visione
3101 2269 3206 2307 una
3237 2252 3491 2330 linieplis.
3525 2253 3668 2307 Bene

2092 2359 2328 2415 namque
2356 2345 2469 2400 scio
2511 2347 2652 2412 quod
2720 2345 3021 2403 daemonem
3051 2347 3181 2416 agit,
3216 2347 3348 2401 etin
3374 2345 3667 2414 semetipso

2078 2439 2183 2494 fert
2229 2437 2376 2492 illum
2429 2440 2521 2507 qui
2566 2452 2784 2507 semper
2837 2447 2915 2494 est
2982 2438 3178 2499 malus,
3243 2437 3335 2503 qui
3385 2452 3666 2506 nunquam

2087 2530 2389 2593 beneﬁcus,
2423 2530 2511 2599 qui
2558 2545 2772 2599 semper
2830 2530 3082 2586 inimicus
3138 2547 3153 2597 ;
3199 2532 3360 2586 homo
3445 2529 3531 2584 ille
3551 2528 3663 2598 qui,

2077 2624 2122 2678 si
2172 2625 2335 2679 semel
2388 2623 2592 2690 aliquid
2641 2621 2927 2677 molesmm
2978 2621 3143 2678 fuerit
3181 2636 3391 2691 passus,
3446 2622 3662 2677 occasi-

2076 2725 2181 2766 one
2239 2712 2387 2775 data,
2439 2725 2536 2781 per
2598 2708 2764 2763 vitam
2822 2724 2967 2773 eum,
3004 2710 3092 2780 qui
3146 2708 3416 2764 modicum
3466 2722 3664 2766 nocere

2081 2810 2209 2871 potu
2219 2801 2344 2867 erit,
2388 2801 2560 2858 laedit.

2144 2892 2234 2948 56.
2272 2890 2458 2962 Itaque
2498 2894 2628 2949 mali
2677 2894 2996 2950 meminisse
3039 2910 3161 2955 esse
3225 2893 3361 2959 scio,
3415 2904 3537 2963 post
3582 2898 3666 2948 in-

2072 2983 2270 3053 iuriam
2335 2986 2562 3043 reddere
2615 2987 3052 3053 retributionem,
3084 2988 3230 3058 quod
3282 2988 3663 3057 ulciscentium

2076 3090 2180 3143 est,
2241 3086 2295 3133 et
2327 3078 2485 3143 alias,
2509 3087 2567 3134 ut
2594 3079 2767 3135 dulcis
2797 3090 3127 3150 sanctusque
3178 3095 3269 3134 rex
3321 3081 3504 3134 dicere
3533 3094 3663 3150 sug-

396 3152 524 3217 λεὺς
551 3152 849 3207 ὑποϐάλλει
879 3151 1062 3219 λέγειν
1114 3150 1178 3204 τὸ
1210 3148 1627 3205 ἀνταποδιδόναι
1659 3148 1772 3212 τοῖς
1805 3148 1975 3200 ἀντασ

2080 3166 2241 3239 gerit,
2288 3169 2595 3225 retribuere
2629 3148 3055 3225 retribuentibus
3105 3173 3266 3237 mala;
3330 3148 3656 3239 simpliciter

395 3247 677 3302 ποδιδοῦσι
716 3245 869 3301 κακά
898 3261 912 3275 ³
945 3247 1009 3299 τὸ
1035 3244 1092 3299 δέ
1123 3261 1188 3314 γε
1222 3243 1410 3307 ἁπλῶς
1444 3240 1755 3313 μεμνῆσθαι
1795 3242 1979 3295 κακώ-

395 3358 539 3405 σεως
573 3340 676 3411 τήν
708 3355 767 3393 τε
797 3338 964 3408 φύσιν
1002 3338 1116 3409 ἔχει
1186 3338 1502 3408 συνήγορον,
1532 3334 1642 3389 εἴτε
1674 3332 1977 3406 συνέριθον,

393 3428 495 3481 καὶ
517 3428 764 3498 φρενήρη
796 3427 1193 3498 χαρακτηρίζει
1246 3426 1456 3497 ψυχήν.
1502 3423 1774 3494 Ἐϐλάϐην
1801 3440 1815 3455 ’
1845 3425 1983 3494 μνή-

395 3522 565 3591 σομαί
592 3537 746 3575 ποτε.
774 3521 948 3575 Τοῦτο
996 3519 1283 3590 φιλοτιμία
1322 3518 1564 3587 φύσεως.
1612 3517 1982 3589 Μνησάμενος

394 3615 458 3667 οὐ
494 3612 682 3683 βλάψω
704 3628 720 3644 ’
753 3612 914 3666 τοῦτο
966 3611 1210 3675 ἐπιεικὲς
1265 3611 1361 3668 καὶ
1401 3609 1670 3679 θεοφιλές.
1705 3610 1767 3663 Ei
1794 3608 1851 3662 δὲ
1885 3611 1981 3679 καὶ

394 3706 459 3761 τὸ
494 3706 704 3776 βλάψαν
762 3702 1164 3774 ύποϐλέψομαι,
1192 3704 1284 3759 ὅτε
1318 3701 1592 3773 προπέσοι
1622 3701 1725 3770 τῆς
1775 3699 1976 3772 ὅψεως,

395 3796 516 3852 ἀλλ’
544 3798 678 3851 αὐτὸ
721 3795 953 3858 εὐλαϐὲς
982 3794 1082 3849 καὶ
1118 3793 1477 3863 φυλακτικὸν,
1506 3793 1602 3849 καὶ
1631 3792 1755 3847 οὐδὲ
1789 3792 1979 3864 πόρρω

397 3889 690 3953 συνέσεως.
721 3890 784 3943 El
817 3889 927 3961 γάρ
974 3887 1080 3941 ὑπὸ
1111 3886 1275 3940 παντὶ
1320 3885 1455 3955 λίθῳ
1500 3883 1972 3953 κατακοιμάσθαι»

395 3984 548 4037 δοκεῖ
617 3981 877 4051 σκορπίος
933 3977 1089 4051 παρά
1146 3994 1210 4047 γε
1272 3978 1388 4039 τοῖς
1430 3976 1661 4040 ἑαυτοὺς
1706 3976 1979 4046 φυλασσοο

400 4076 586 4146 μένοις
623 4074 707 4146 (ού
736 4072 1010 4144 δήπουθεν
1061 4073 1174 4141 γὰρ
1225 4070 1414 4133 ἁπλῶς
1453 4068 1654 4141 ἀληθὲς
1685 4069 1745 4123 τὸ
1800 4069 1979 4123 πάντα

395 4168 548 4223 λίθον
588 4165 990 4238 σκορπιοφόρον
1022 4160 1215 4235 εἷναι),
1264 4163 1345 4234 τῷ
1386 4164 1552 4217 παντὶ
1586 4159 1792 4231 μᾶλλον
1842 4161 1980 4214 ὕπο-

397 4259 639 4314 ϐλέποιτ’
676 4257 742 4312 ἄν
773 4274 859 4320 τις
893 4256 1063 4320 λίθον,
1090 4254 1217 4310 ὅθεν
1274 4253 1530 4325 σκορπίοι
1560 4253 1709 4315 τινες
1747 4253 1780 4322 ἢ
1818 4252 1979 4323 προέ-

399 4348 653 4421 ϐησαν,ἢ
684 4344 1007 4419 προέκυψαν
1030 4361 1047 4377 ⁸
1092 4343 1230 4415 πρὸς
1263 4338 1343 4406 οἷς
1376 4342 1443 4414 δὴ
1495 4342 1668 4405 λίθοις
1697 4339 1821 4395 οὔτε
1850 4340 1980 4407 ’ποσί⁸

397 4443 627 4510 γυμνοῖς
656 4440 871 4508 ἐγγίσει
899 4454 1007 4503 τις,
1038 4436 1165 4491 οὗτε
1214 4435 1714 4505 κατακοιμήσεται,
1740 4432 1843 4486 κᾶν
1868 4433 1979 4495 ὁτι-

2080 3268 2262 3316 autem
2298 3259 2427 3314 mali
2490 3261 2771 3319 recordari
2819 3271 3068 3319 naturam
3120 3264 3285 3318 habet
3349 3272 3664 3339 patronam,

2080 3353 2196 3408 sive
2223 3352 2560 3419 censoriam,
2589 3361 2643 3409 et
2674 3362 2947 3409 sensatam
2982 3355 3163 3424 signat
3190 3355 3446 3411 animam.
3479 3353 3666 3409 Laesus

2079 3459 2201 3500 sum
2224 3463 2238 3499 :
2265 3445 2594 3500 recordabor
2613 3444 2765 3500 olim.
2787 3442 2900 3499 Hoc
2927 3455 3135 3500 natura:
3164 3444 3431 3500 studium.
3464 3442 3669 3498 Brem-

2082 3538 2238 3593 datus
2292 3552 2398 3591 non
2432 3536 2620 3592 laedam
2650 3555 2663 3590 :
2700 3537 2803 3593 hoc
2833 3537 3161 3594 conveniens
3197 3549 3251 3591 et
3283 3536 3391 3592 Deo
3422 3536 3663 3606 placens.

2080 3627 2138 3682 Si
2180 3642 2308 3682 vero
2351 3626 2630 3694 uorivum,
2660 3643 2782 3684 eum
2818 3637 2948 3683 ante
2979 3629 3167 3683 oculos
3201 3629 3366 3695 cadit,
3395 3628 3662 3697 suspicor,

2080 3718 2188 3783 hoc
2225 3720 2291 3773 ad
2323 3720 2669 3789 prudentiam
2708 3720 3122 3788 custodiamque
3170 3721 3429 3789 pertinet,
3463 3729 3517 3774 et
3569 3734 3665 3773 ex-

2079 3821 2162 3866 tra
2189 3826 2409 3867 sensum
2434 3827 2539 3867 non
2572 3822 2672 3868 est.
2724 3812 2778 3867 Si
2804 3814 2949 3870 enim
2975 3813 3076 3869 sub
3121 3812 3270 3869 omni
3301 3811 3476 3883 lapide
3508 3825 3664 3866 scor-

2080 3904 2168 3972 pio
2208 3904 2446 3959 dormire
2501 3903 2713 3959 videtur
2743 3906 3162 3976 trepidantibus,
3205 3912 3335 3973 (non
3378 3903 3522 3959 enim
3557 3904 3662 3956 uti-

2080 4008 2185 4063 que
2234 4009 2421 4053 verum
2478 4005 2562 4050 est
2592 4010 2807 4051 omnem
2844 3996 3073 4067 lapidem
3092 3997 3269 4052 celare
3297 3992 3664 4064 scorpionem)

2081 4085 2315 4141 maxime
2344 4086 2720 4155 suspicaretur
2772 4088 2971 4159 aliquis
3023 4088 3284 4157 lapidem,
3354 4088 3497 4143 unde
3536 4085 3663 4155 qui-

2077 4179 2202 4233 dam
2232 4180 2547 4249 scorpiones
2623 4180 2881 4235 exierunt
2944 4180 3028 4236 vel
3074 4181 3388 4238 extulerunt
3459 4189 3659 4249 caput;

2081 4274 2147 4329 ad
2187 4289 2323 4345 quos
2352 4284 2502 4330 certe
2555 4275 2765 4345 lapides
2806 4290 2916 4332 non
2969 4277 3129 4332 nudis
3185 4275 3414 4345 pedibus
3465 4289 3664 4345 appro-
3759 4308 3762 4313 η

2079 4364 2372 4435 pinqnaret
2407 4379 2507 4420 nec
2537 4365 2804 4422 dormiret
2831 4365 3049 4436 aliquis,
3096 4367 3198 4421 etsi
3255 4358 3521 4435 sapientia
3570 4380 3662 4419 ra-

2080 4466 2262 4511 rentes
2300 4456 2431 4512 mali
2484 4458 2804 4513 memoriam
2841 4458 2976 4514 istos
3006 4458 3269 4527 attingere
3309 4456 3517 4522 lapides
3543 4455 3664 4525 opi-

399 4533 640 4605 μάλιστα
690 4533 741 4585 οἱ
784 4532 888 4601 τὴν
957 4529 1152 4598 σοφίαν
1213 4528 1379 4585 ἁπλοῖ
1438 4525 1903 4599 μνησικακεῖσθαι
1949 4542 1969 4576 ι

2082 4558 2366 4603 narentur.
2411 4544 2528 4602 Non
2560 4547 2734 4602 solum
2767 4546 2929 4617 igitur
2972 4560 3079 4601 non
3125 4525 3213 4600 me
3267 4548 3434 4616 pudet
3478 4545 3661 4599 dicere

393 4624 495 4682 καὶ
522 4625 651 4688 τοὺς
678 4622 961 4686 τοιούτους
989 4621 1173 4686 λίθους
1205 4619 1572 4690 φιλοσοφοῖεν.
1603 4617 1676 4670 Οὐ
1707 4616 1890 4669 τοίνυν
1916 4615 1978 4669 οὐ

398 4718 563 4787 μόνον
591 4717 691 4769 οὐκ
718 4713 977 4784 αἰδοῦμαι
1009 4712 1208 4780 λέγων,
1252 4708 1571 4781 μεμνῆσθαι
1599 4706 1790 4772 κακὸν,
1822 4705 1876 4759 εί
1928 4707 1980 4765 τί

394 4824 504 4861 που
560 4805 716 4860 πάθω
742 4823 758 4838 ο
811 4804 931 4859 ἀλλ’
960 4805 1019 4857 ἐν
1069 4802 1286 4865 πολλοῖς
1320 4800 1417 4855 καὶ
1462 4797 1698 4869 εὔχομαι
1736 4796 1979 4861 τοιοῦτος

395 4897 673 4965 αἷναι,ἴνα
704 4899 781 4968 μὴ
834 4894 982 4950 κατά
1006 4895 1069 4948 τὸ
1117 4893 1280 4947 πάλιν
1310 4893 1407 4946 καὶ
1470 4891 1633 4946 πάλιν
1686 4889 1979 4959 ἀφύλακτα

393 4987 761 5058 κακούμενος,
788 4986 978 5038 οὐκέτι
1022 4983 1085 5036 ού
1138 4984 1213 5053 μὴ
1248 4979 1502 5051 ὑπάρξω,
1533 4978 1654 5031 ἀλλ’
1681 4978 1977 5049 οίχήσομαι

394 5080 494 5134 καὶ
527 5073 1011 5145 καταγελώμενος,
1047 5067 1137 5126 οἷα
1182 5073 1239 5136 ἐς
1272 5072 1333 5126 τὸ
1359 5071 1469 5125 πᾶν
1505 5067 1869 5138 ἀπροόρατος.

471 5171 567 5237 νζο.
599 5170 664 5224 Τί
709 5186 777 5238 με
822 5167 1115 5232 διδάσκεις,
1160 5157 1204 5219 ὦ
1238 5163 1415 5234 ’γαθὲ,
1478 5161 1514 5216 ἃ
1561 5160 1638 5232 μὴ
1681 5162 1976 5230 μανθάνειν

395 5266 615 5333 πέφυκα
638 5281 654 5324 ;
689 5260 756 5316 Τί
781 5259 838 5314 δὲ
865 5258 1026 5329 ἄγειν
1064 5256 1293 5322 ἐθέλεις,
1320 5257 1445 5311 ὅποι
1472 5254 1547 5324 μὴ
1563 5254 1680 5308 ἐστι
1705 5252 1991 5323 προϐῆναι·
2034 5245 2040 5251 ’

403 5357 471 5409 Τί
509 5372 576 5421 με
626 5355 718 5408 τὸν
761 5352 924 5422 ὀρθὸν
978 5349 1438 5420 κατακάμπτεις;
1500 5346 1568 5401 Τί
1598 5372 1600 5375 ·
1634 5348 1727 5401 τὸν
1775 5348 1977 5401 ἀνακε-

400 5447 765 5518 καλυμμένως
797 5444 1019 5515 βιοῦντα
1049 5441 1402 5512 διαστρέφεις
1432 5443 1513 5504 εἰς
1542 5439 1777 5494 ὕπουλον
1804 5457 1819 5506 ;
1859 5440 1975 5501 Οὐκ

395 5536 508 5607 ἔχω
543 5533 906 5599 καταθέσθαι,
940 5533 1017 5596 ὡς
1062 5532 1334 5603 ἀμνήμων
1367 5532 1562 5601 ἔσομαι
1595 5530 1673 5594 εἰς
1715 5531 1776 5583 τὸ
1821 5531 1931 5584 πᾶν
1955 5547 1971 5563 ο

391 5627 534 5684 ἀλλά
572 5627 668 5680 καὶ
713 5625 1000 5698 μέμφομαι
1034 5624 1126 5680 τὸν
1178 5624 1311 5679 αὐτὸ
1348 5622 1633 5689 ἀξιοῦντα.
1691 5624 1802 5678 Καὶ
1852 5623 1971 5677 ἐστι

390 5720 541 5779 κατά
563 5734 628 5786 γε
656 5720 749 5772 τὸν
772 5719 905 5789 ἐμὸν
937 5718 1096 5788 λόγον
1141 5716 1313 5781 δεινὸς
1349 5717 1629 5787 πολέμιος,
1683 5716 1740 5781 ὃς
1767 5717 1859 5771 καὶ
1884 5719 1970 5770 λο-

395 5810 572 5891 ζήσας
621 5810 885 5874 πολλάκις
930 5811 1303 5882 μνημονικῶς.
1362 5811 1458 5864 καὶ⁵
1510 5811 1588 5874 εἰς
1638 5809 1880 5881 φανεράν
1909 5810 1967 5875 δὲ.

635 5911 902 5983 Esmun.
945 5905 1059 5966 Gtt.
1090 5904 1406 5968 CXXXVI.

2082 4640 2225 4707 quod
2259 4639 2519 4694 recordor
2590 4640 2818 4705 malum,
2866 4638 2913 4695 si
2963 4640 3237 4709 quoddam
3285 4638 3506 4707 pertuli,
3561 4637 3657 4691 sed

2082 4732 2135 4786 in
2180 4731 2361 4787 multis
2414 4731 2594 4787 taliter
2641 4746 2763 4787 esse
2793 4731 3065 4798 desidero,
3119 4745 3186 4785 ne
3237 4729 3419 4786 forsan
3449 4730 3652 4784 itermn

2081 4823 2301 4876 incaute
2345 4830 2597 4887 vexatus,
2639 4821 2753 4892 jam
2825 4835 2933 4876 non
3002 4822 3349 4891 praevaleam,
3402 4819 3497 4874 sed
3538 4829 3655 4872 tan.

2079 4928 2243 4984 quam
2289 4914 2356 4969 ad
2403 4927 2565 4970 omne
2603 4912 2970 4985 improvidus,
2998 4912 3304 4983 dispeream
3341 4913 3559 4969 irrisus.

2150 5177 2238 5231 57.
2262 5175 2402 5244 Quid
2458 5192 2544 5232 me
2574 5177 2759 5244 doces,
2796 5178 3021 5248 optime,
3073 5177 3202 5247 quid
3252 5175 3500 5233 ediscere
3568 5191 3662 5232 ue-

2078 5268 2256 5334 queo‘.’
2311 5269 2451 5336 Quid
2498 5285 2585 5325 me
2622 5272 2823 5329 ducere
2878 5271 2982 5338 vis,
3008 5285 3116 5341 quo
3141 5285 3246 5326 non
3276 5278 3362 5326 est
3401 5269 3661 5342 possibile

2079 5359 2371 5428 progredi?
2408 5359 2547 5426 Quid
2587 5375 2673 5416 me
2717 5370 2925 5419 rectum
2976 5359 3249 5417 inﬂectis‘i
3283 5361 3425 5427 Quid
3472 5369 3662 5430 aperte

2076 5449 2360 5518 degentem
2408 5452 2475 5505 ad
2505 5453 2994 5509 dissimulationem
3034 5453 3377 5523 distorques?
3404 5451 3523 5508 Non
3559 5452 3660 5506 ad-

2077 5542 2294 5596 mittere
2360 5557 2581 5637 possum
2635 5544 2705 5599 ad
2763 5559 2925 5600 omne
2976 5545 3300 5601 nbliviosum
3353 5556 3515 5609 esse;
3549 5544 3659 5596 imo

2075 5642 2205 5683 vero
2240 5630 2329 5698 qui
2363 5629 2562 5690 '~taliter
2605 5633 2859 5699 opinatur
2904 5645 3026 5693 eum
3086 5631 3338 5701 vitupero
3364 5649 3379 5697 ;
3407 5638 3463 5684 et
3502 5629 3657 5688 iusta

2075 5734 2251 5774 meum
2284 5720 2577 5791 judicium,
2612 5724 2875 5780 terribilis
2916 5733 2972 5779 et
3013 5732 3222 5778 astutus
3258 5734 3344 5779 est
3387 5720 3661 5777 inimicus,

2073 5811 2163 5880 qui
2200 5827 2345 5882 smpe
2372 5814 2565 5901 positis
2602 5831 2809 5885 memor
2844 5815 3057 5875 insidiis
3077 5852 3093 5881 ,
3124 5815 3179 5868 in
3212 5819 3450 5881 apertam
3477 5822 3655 5862 autem
