4090 6428
529 355 638 418 45.)
1231 370 1648 435 EUSTATHII
1693 379 2453 444 TIIESSALONICENSIS
2492 384 3048 447 METllOPOLIT£
3688 391 3784 456 ῬΟ

519 487 764 542 pugnam
799 476 1300 548 audax'proruens,
1353 497 1406 540 et
1457 490 1678 560 aliquid,
1720 494 1762 547 si
1801 511 1906 550 non
1951 511 2072 565 mag

2210 495 2390 566 μάχην
2443 497 2651 568 θρασὺς
2704 499 3063 569 προπηδήσας
3093 537 3107 561 ,
3155 497 3452 569 πεπραχὼς
3499 499 3556 553 δέ
3599 518 3651 556 τι
3691 507 3786 558 κὶ

531 576 679 626 num,
706 567 964 622 adversus
1010 570 1320 627 lacessitum
1378 591 1653 646 Operatus,
1687 584 1882 639 deinde
1916 588 2073 641 hes-un

2207 590 2346 642 κατὰ
2375 590 2470 643 τοῦ
2525 593 2949 662 πολεμηθέντος,
2984 592 3032 643 εί
3086 593 3180 645 καὶ
3224 591 3297 661 μὴ
3334 593 3504 662 μέγα,
3539 591 3658 648 εἶτα
3691 599 3784 649 τὸν

530 654 691 709 vellet
739 657 1006 726 oblivisci,
1061 666 1204 731 quod
1235 665 1304 719 ab
1353 668 1467 736 ipso
1497 687 1692 738 passus
1721 686 1846 740 est;
1905 694 2068 733 voran

2207 679 2624 749 ἑπηρεασθέντα
2655 654 2829 734 ἐθέλοι
2859 654 3359 744 ἐκλαθέσθαιίότί
3400 654 3540 751 προς
3567 683 3781 737 ἐκείνου

528 750 681 816 quasi
715 750 1054 821 charitatein,
1087 768 1138 810 et
1168 759 1357 816 nolens
1390 777 1509 818 esse
1536 765 1638 819 sibi
1666 767 1967 836 sutﬁciens,
2006 771 2073 826 fas

2204 773 2388 838 πάθοι,
2421 773 2720 842 ἁδηφαγῶν
2765 768 2876 826 οἷον
2917 772 3017 842 τὴν
3051 771 3299 840 ἀγάπην.
3333 750 3548 842 καὶμὴ
3581 773 3784 826 ἐθέλων

527 841 626 894 dus
668 851 845 897 tamen
897 846 1160 913 invenire,
1228 863 1280 906 et
1317 855 1367 908 in
1424 873 1557 926 pace
1615 862 1816 927 vivere,
1877 874 1932 918 et
1990 881 2073 919 nm

2202 864 2395 935 ἄρκιον
2429 865 2576 936 αὐτῷ
2603 860 2766 929 εἶναι,
2816 864 3047 927 σπονδὰς
3092 864 3229 925 τέως
3259 862 3535 931 εὑρέσθαι,
3572 865 3664 916 καὶ
3695 866 3782 916 εί-

528 937 636 1000 pati
701 940 1012 998 vindictam.
1090 943 1325 1002 Evidcns
1385 950 1528 1006 enim
1584 961 1667 1008 est
1731 957 1872 1024 quod
1935 959 2073 1012 homt

2203 958 2474 1026 ρηνεύειν,
2522 959 2617 1011 καὶ
2671 957 2744 1028 μὴ
2770 959 3001 1026 πάσχειν
3035 957 3269 1024 ἄμυναν.
3326 957 3496 1026 Δῆλον
3547 956 3672 1025 γὰρ,
3704 959 3783 1020 ὡς

530 1026 615 1080 ille
647 1036 790 1082 tenet
821 1032 1154 1100 opinionem,
1191 1053 1351 1106 quam
1394 1057 1496 1096 non
1551 1046 1944 1113 aceeptabilem
1977 1067 2073 1105 εδει

2198 1051 2415 1119 ἀξίωμα
2442 1052 2469 1102 ὁ
2507 1026 2794 1120 ἄνθρωπος
2817 1048 3208 1120 προϐάλλεται,
3238 1049 3373 1118 ὅπερ
3414 1049 3514 1100 οὐκ
3550 1050 3616 1102 ἂν
3646 1054 3780 1123 ὁμο-

527 1132 686 1171 nemo
723 1137 829 1175 non
873 1126 1036 1180 videt.

587 1211 675 1264 58.
713 1212 882 1268 Ilomo
937 1219 1152 1272 inimice
1223 1221 1440 1291 (loquor
1489 1237 1693 1294 autem,
1761 1233 1896 1290 bene
1943 1241 2090 1305 novi,

518 1299 674 1367 juxta
726 1302 896 1358 solam
929 1310 1003 1360 rei
1060 1313 1394 1377 memoriam,
1457 1332 1561 1372 non
1618 1329 1796 1376 tamen
1827 1326 1951 1380 mali
1983 1344 2094 1384 me-

520 1406 638 1442 mor
696 1392 934 1448 dilacero
1004 1397 1462 1472 cogitationem);
1515 1407 1697 1478 itaque
1791 1419 2088 1472 secundum

507 1485 767 1547 praedicta
811 1487 1045 1552 inimice,
1077 1507 1182 1545 non
1216 1509 1404 1550 recuso
1431 1498 1630 1566 fcedus,
1660 1503 1756 1557 sed
1795 1521 1879 1561 me
1911 1520 2090 1566 custo-

514 1575 628 1629 dire
663 1587 871 1648 satago,
909 1595 1007 1636 nec
1041 1583 1173 1652 jam,
1249 1598 1304 1640 ut
1365 1599 1419 1642 tu
1487 1591 1642 1656 dicis,
1681 1596 1808 1649 mali
1843 1601 2084 1657 memini.

511 1661 572 1716 Si
601 1681 684 1718 me
709 1667 859 1736 juxta
893 1677 1182 1739 quamdam
1214 1678 1350 1734 artis
1375 1682 1612 1748 regulam
1649 1698 1863 1754 oportet
1885 1705 2084 1747 nomen

513 1768 734 1822 ponere,
781 1760 902 1813 mali
937 1773 1120 1820 custos
1151 1783 1292 1834 sum,
1322 1770 1404 1826 vel
1435 1773 1706 1829 intellectu
1739 1777 1957 1837 facilius
2008 1783 2086 1839 lo-

2196 1141 2408 1208 λογοῖτο
2431 1141 2616 1195 δεκτὸν
2642 1139 2803 1196 εἶναι.

2265 1233 2366 1301 νη’.
2401 1233 2631 1302 Πολὲμιε
2660 1233 2914 1302 ἄνθρωπε
2943 1232 3112 1303 (λαλῶ
3159 1233 3236 1301 δὲ,
3267 1235 3326 1289 εὖ
3343 1233 3484 1298 οἶδα.
3513 1238 3646 1308 πρὸς
3675 1240 3779 1306 μό-

2193 1341 2290 1393 νην
2327 1325 2646 1394 πράγματος
2679 1326 2902 1394 μνήμην
2930 1365 2945 1388 ,
2979 1325 3040 1378 οὐ
3077 1326 3185 1395 μὴν
3215 1329 3510 1397 σπαράττω
3581 1348 3779 1399 μνησι-

2191 1416 2382 1478 κάκως
2413 1435 2431 1466 ι
2464 1415 2526 1466 τὸ
2551 1409 3030 1486 νόημα),ὦτοίνυν
3060 1417 3127 1470 τὰ
3155 1418 3260 1488 πρὸ
3279 1420 3480 1472 τούτων
3507 1419 3735 1490 πολέμιε
3759 1437 3776 1452 ·

2191 1509 2292 1562 οὐκ
2321 1508 2648 1581 ἀποστέργω
2680 1510 3066 1577 σπεισάμενος.
3091 1509 3225 1564 ἀλλὰ
3251 1512 3617 1578 φυλάττεσθαι
3675 1531 3778 1582 με-

2190 1599 2350 1665 λετῶ,
2394 1601 2487 1653 καὶ
2546 1602 2645 1654 οὐκ
2702 1601 2825 1670 ἢδη,
2853 1601 2930 1664 ὡς
2983 1602 3049 1655 σὺ
3091 1601 3158 1655 ἂν
3191 1603 3373 1674 εἴπῃς,
3409 1607 3774 1675 μνησικακῶο

2189 1692 2330 1752 ἀλλ’,
2363 1693 2417 1746 εῐ
2447 1709 2514 1761 με
2571 1692 2676 1762 χρὴ
2733 1693 2876 1746 κατά
2905 1709 3027 1747 τινα
3085 1694 3284 1763 τέχνης
3335 1699 3540 1749 κανόνα
3589 1698 3773 1767 ὄνομα.

2191 1783 2402 1850 θέσθαι,
2458 1781 2830 1853 φυλαξίκακός
2877 1785 3016 1854 εἰμι,
3049 1787 3454 1859 εὐμαθέστερον
3485 1789 3540 1842 δὲ
3569 1791 3771 1857 εἰπεῖν,

512 1851 744 1914 quendo,
810 1852 1046 1921 timidus,
1089 1859 1538 1931 circumspectus,
1602 1869 1836 1927 ﬁrmiter
1876 1873 2073 1932 habent

2188 1849 2394 1940 δειλὸς,
2416 1849 2675 1948 ευλασὴς,
2712 1877 2804 1931 τὸν
2831 1849 2956 1932 νοῦν
2989 1849 3128 1948 ἔχων
3155 1882 3290 1950 πρὸς
3322 1849 3543 1951 ἐμαυτῷ
3571 1849 3775 1952 ἐστυμλ

509 1938 658 1997 intus
704 1955 938 2000 mentem
1009 1951 1072 2003 ad
1119 1956 1494 2012 securitatem.
1551 1960 1662 2031 Ego
1689 1979 1819 2020 vero
1849 1968 2084 2036 quodam

507 2037 666 2088 modo
708 2037 915 2096 honoro
969 2043 1120 2098 illum
1171 2047 1262 2118 qui
1324 2051 1454 2105 mihi
1511 2066 1634 2108 sese
1685 2056 1968 2114 inimicum
2021 2075 2085 2117 ac

507 2129 803 2185 terriﬁcum
838 2145 1098 2204 praestare
1142 2150 1374 2198 conatus
1431 2154 1547 2200 est:
1594 2147 1709 2215 jam
1758 2151 1903 2206 enim
1963 2169 2085 2221 per-

504 2222 732 2278 timeseo
772 2226 1068 2300 hominem,
1131 2235 1272 2291 sicut
1330 2240 1645 2307 prredietum
1711 2256 1814 2309 est,
1879 2257 1932 2302 et
1986 2265 2082 2318 pro

503 2330 699 2385 magno
732 2319 884 2376 illum
915 2339 1073 2392 pono,
1123 2337 1177 2382 et
1211 2329 1290 2384 sic
1339 2332 1471 2386 mihi
1526 2336 1777 2404 inprimis
1806 2357 1991 2406 caveo,
2027 2353 2083 2400 et

502 2405 751 2476 observo,
792 2429 858 2468 ne
897 2421 1112 2482 quando
1183 2421 1308 2492 quis
1374 2425 1587 2484 insidiis
1620 2431 1816 2486 iterum
1871 2436 2078 2504 positis,

503 2505 761 2569 tanquam
797 2505 1082 2564 inimicitia
1148 2515 1413 2581 gaudens,
1464 2517 1830 2592 dicat,‘fquod
1886 2528 2080 2581 adver-

501 2606 618 2644 sum
685 2609 772 2648 me
828 2600 1128 2664 praevaluit.
1186 2602 1303 2660 Non
1363 2621 1506 2672 sum,
1565 2627 1598 2664 ο
1632 2596 1844 2680 τίοιεν,
1920 2619 2080 2676 homo

501 2699 725 2752 prorsus
804 2691 869 2744 de
945 2695 1135 2762 turba,
1200 2713 1300 2754 nec
1361 2703 1428 2757 de
1496 2704 1696 2776 vulgo,
1754 2711 1848 2763 sed
1908 2713 2080 2782 quod-

503 2779 626 2833 dam
657 2781 796 2836 inter
830 2785 1076 2843 homines
1103 2789 1274 2848 habeo
1299 2795 1483 2864 decus,
1527 2807 1584 2852 ut
1617 2810 1896 2872 reputaret
1926 2779 2078 2862 illud

501 2869 695 2941 aliquis
740 2889 772 2930 e
817 2875 954 2932 bene
1003 2887 1461 2952 cognoscentibus
1521 2906 1641 2961 quae
1679 2869 1870 2951 nostra
1930 2907 2075 2954 sunt.

499 2959 578 3015 Ad
612 2970 784 3019 totum
841 2977 1023 3023 autem
1089 2987 1196 3028 uno
1257 2977 1425 3034 verbo
1476 2959 1787 3047 dicendum,
1818 3001 1917 3055 ego
1952 3004 2073 3044 sum

503 3053 617 3122 ipse
652 3058 957 3124 possidens.
997 3059 1187 3132 Porro,
1213 3069 1256 3122 si
1306 3071 1416 3124 vult
1458 3071 1658 3129 invidia
1689 3077 1754 3130 ad
1797 3053 2078 3148 possiden-

2190 1967 2366 2036 μένως
2400 1968 2480 2031 εις
2527 1968 2860 2038 ἀσφάλειαν.
2904 1969 3050 2037 Ἐγὼ
3083 1970 3140 2024 δέ
3175 1988 3293 2035 πως
3347 1975 3443 2026 καὶ
3496 1975 3643 2044 τιμῶ
3677 1976 3775 2030 τὸν

2187 2061 2283 2112 καὶ
2333 2059 2697 2130 ᾰχθράναντα,
2753 2060 2849 2114 καὶ
2883 2060 3119 2129 φοϐερόν
3172 2079 3262 2132 μοι
3309 2063 3622 2118 ὲσπευκότα
3672 2082 3774 2132 γε-

2189 2149 2398 2206 νέσθαι.
2449 2150 2724 2222 Πτοοῦμαι
2754 2151 2860 2222 γὰρ
2901 2153 3001 2221 ήδη
3036 2153 3126 2206 τὸν
3171 2153 3360 2223 ἄνδρα,
3398 2155 3543 2209 καθὰ
3595 2156 3773 2226 προῦ-

2185 2239 2329 2305 θετο,
2364 2241 2457 2294 καὶ
2502 2242 2562 2295 ὲν
2597 2242 2882 2313 μεγαλείῳ
2931 2244 3141 2297 ἐκεῖνον
3193 2246 3441 2316 τίθεμαι,
3477 2250 3572 2300 καὶ
3618 2248 3770 2304 οὕτω

2183 2332 2442 2402 προσέχω
2467 2333 2695 2404 ἐμαυτῷ
2729 2335 3039 2406 γραφικῶς,
3083 2336 3180 2389 καὶ
3211 2339 3627 2409 ,συνηροῦμαι,
3660 2343 3771 2411 μή-

2182 2425 2313 2478 ποτὲ
2348 2441 2430 2489 τις
2460 2425 2614 2496 λόχον
2658 2428 2753 2480 καὶ
2796 2428 2960 2481 πάλιν
2993 2427 3247 2494 καθίσας,
3297 2424 3384 2484 οἷα
3433 2432 3723 2503 φίλεχθρος
3749 2475 3766 2498 ,

2182 2515 2320 2584 ἐρεῖ.
2369 2516 2450 2569 ὅτι
2501 2517 2687 2588 ἴσχυσε
2750 2519 2874 2572 κατ’
2903 2518 3060 2587 ἐμοῦ.
3117 2520 3231 2572 Οὐκ
3275 2521 3416 2590 εἰμὶ,
3452 2517 3498 2574 ὧ
3539 2523 3764 2592 easne,

2183 2608 2460 2672 παντελῶς
2483 2608 2582 2663 ἄνθ
2593 2626 2774 2680 ρωπος
2795 2609 2855 2664 τύ
2867 2610 3022 2682 ρεης,
3054 2610 3174 2663 οὐδὲ
3198 2611 3307 2664 τῶν
3331 2613 3472 2667 πάνυ
3495 2616 3766 2684 τυχαίων,

2181 2700 2296 2753 ἀλλ’
2327 2701 2435 2772 ἔχω
2471 2719 2523 2755 τι
2563 2703 2658 2755 καὶ
2703 2703 3065 2772 ὲπικόσμημα
3114 2703 3225 2756 τῶν
3270 2703 3393 2757 κατ’
3447 2705 3764 2776 ἄνθρωπον,

2179 2792 2208 2845 ὅ
2240 2791 2292 2846 τί
2329 2791 2459 2844 ποτέ
2506 2810 2587 2855 τις
2617 2794 2794 2846 ἐκεῖνο
2843 2791 3121 2861 λογίσεται
3171 2793 3281 2846 τῶν
3331 2790 3391 2847 εὖ
3425 2795 3642 2848 εἰδότων
3689 2797 3764 2850 τὰ

2179 2885 2306 2939 καθ’
2334 2885 2504 2954 ἡμᾶς.
2553 2885 2642 2948 Ὦς
2676 2884 2734 2938 ἓν
2769 2885 2824 2938 δὲ
2854 2885 2914 2938 τὸ
2945 2886 3055 2939 πᾶν
3077 2887 3274 2947 εἰπεῖν,
3308 2886 3419 2956 ἔχω
3459 2889 3550 2940 καὶ
3571 2889 3763 2950 αὑτός.

2179 2978 2240 3031 ΕΞ
2272 2975 2500 3048 δήπρὸς
2545 2976 2639 3030 τὸν
2672 2975 2870 3046 ἔχοντα
2892 2975 3086 3047 ἕρπειν
3122 2978 3151 3030 ὀ
3197 2977 3390 3045 φθόνος
3443 2978 3639 3044 ἐθέλει,
3671 2982 3765 3046 τίς

2178 3067 2340 3139 ἄνζμε
2376 3069 2542 3140 πείσῃ
2587 3069 2662 3138 μὴ
2693 3069 2792 3138 οὐχ
2829 3068 3136 3138 ὑφορᾶσθαι
3165 3069 3262 3138 τὴν
3292 3071 3549 3140 τοιαύτην
3593 3070 3769 3126 ὕπου-

507 3153 614 3200 tcm
662 3146 948 3219 irrepere,
1019 3156 1140 3224 quis
1216 3160 1349 3215 mihi
1410 3165 1662 3220 suadebit
1715 3146 2073 3241 neﬁsuspicer

2181 3159 2274 3212 λον
2314 3160 2498 3230 ἒρψιν,
2540 3158 2835 3214 καὶταῦτα
2885 3160 2974 3229 ἐφ’
3003 3155 3082 3224 οἷς
3119 3161 3227 3230 ἤδη
3266 3160 3606 3231 καθείρπυσέ
3653 3181 3762 3234 μου

501 3238 661 3294 talem
715 3244 1087 3314 irrcptionem,
1137 3249 1300 3321 idque
1339 3254 1393 3309 in
1463 3255 1570 3323 his,
1655 3260 1720 3313 ad
1775 3277 1892 3331 qua:
1932 3238 2073 3333 ‘jam

2180 3251 2318 3322 πρὸς
2346 3252 2518 3317 δόλον,
2565 3253 2781 3322 καὶούχ
2839 3249 3008 3315 ἅπαξ.
3049 3253 3171 3306 οὐδὲ
3199 3253 3318 3317 δίς;
3353 3255 3468 3307 Οὐκ
3520 3257 3608 3317 ἂν,
3645 3256 3763 3309 οὐδ’

499 3339 686 3386 contra
723 3349 809 3389 me
838 3337 1024 3393 dolose
1055 3340 1298 3412 irrepsit,
1325 3359 1422 3401 nec
1450 3349 1643 3413 semel,
1677 3366 1776 3406 nec
1803 3351 1886 3407 bis
1912 3353 1935 3406 ?
1961 3353 2077 3409 Non

497 3430 665 3487 certe,
708 3423 834 3480 licet
885 3431 1091 3485 centies
1156 3434 1352 3504 aliquis
1410 3439 1546 3494 mihi
1583 3441 1710 3495 mali
1750 3445 2074 3499 memoriam

496 3512 873 3580 exprobraret,
935 3519 1002 3574 ab
1048 3520 1248 3588 inyidia
1306 3526 1523 3583 vitanda
1606 3531 1957 3601 desisterem,
2007 3536 2076 3591 ab

447 3602 456 3614 '
499 3599 593 3655 illa
637 3604 880 3672 quidem,
919 3624 1040 3676 qua:
1097 3616 1336 3670 nondum
1379 3631 1500 3674 sese
1552 3621 1948 3689 manifestavit,
1982 3626 2076 3680 sed

497 3694 800 3762 praesertim
831 3698 898 3752 ab
935 3714 995 3753 ea
1041 3718 1161 3772 qua:
1200 3706 1547 3774 apertissime
1575 3724 1634 3766 se
1670 3713 1929 3780 protulit.

564 3786 654 3843 59.
684 3789 798 3862 Ego
842 3806 974 3848 vero
1035 3809 1251 3866 quoque
1301 3800 1416 3856 seio
1447 3802 1573 3856 mali
1608 3805 1924 3859 memoriam
1955 3821 2076 3863 esse

493 3882 710 3952 quidem
776 3897 1000 3952 prorsus
1074 3891 1358 3956 malitiam,
1419 3903 1474 3948 et
1504 3895 1850 3964 iniquitatum
1905 3899 2076 3967 pessi-

495 3987 658 4040 mam,
719 3987 773 4032 et
796 3979 918 4035 huic
963 3997 1065 4036 non
1121 3998 1281 4052 posse
1327 3988 1674 4054 contradici;
1708 3990 1851 4060 quod
1893 4002 2072 4046 autem

493 4065 691 4136 aliquis
735 4071 962 4140 paciﬁce
1017 4076 1400 4146 patienterque
1455 4080 1804 4148 meminerit,
1836 4083 1880 4137 si
1935 4083 2073 4138 forte

493 4161 643 4229 prius
692 4175 918 4221 vexatus
967 4176 1070 4233 est,
1105 4177 1300 4239 exopto
1329 4170 1469 4226 scire
1509 4187 1619 4240 quo
1647 4173 1926 4243 pravitatis
1954 4175 2072 4230 loco

493 4253 616 4309 talis
645 4257 859 4325 sapiens
880 4298 895 4323 ,
928 4269 984 4313 ut
1012 4261 1196 4316 vocari
1233 4271 1430 4331 potest,
1469 4279 1783 4332 reponatur,
1815 4269 2066 4338 qualisve

493 4346 727 4401 nominis
781 4350 998 4406 malitiae
1042 4351 1349 4422 subiaceat;
1413 4363 1471 4408 ut
1516 4354 1594 4409 sic
1632 4363 1685 4410 et
1722 4356 1855 4425 ipse,
1886 4359 1932 4412 si
1973 4375 2066 4415 va—

488 4438 648 4506 leam,
707 4442 814 4495 vim
843 4442 1067 4499 afferam
1103 4455 1590 4517 natura:,eamque
1628 4450 1834 4518 privem
1861 4467 2064 4508 memo-

487 4532 567 4587 ria
601 4573 616 4598 ,
648 4549 768 4603 quae
829 4536 953 4590 mali
979 4538 1119 4594 sicut
1158 4539 1288 4594 boni
1320 4579 1336 4605 ,
1393 4555 1718 4611 rursumque
1768 4540 1894 4598 boni
1920 4545 2062 4601 sicut

487 4622 614 4676 mali
674 4627 1012 4683 recordatur.
1049 4627 1147 4684 Hic
1175 4645 1396 4702 quoque
1420 4631 1884 4703 distinguendum,
1917 4638 2063 4704 quod

482 4713 572 4768 ille
621 4717 840 4786 quidem
897 4719 1047 4784 boui,
1107 4723 1250 4791 quod
1309 4723 1514 4778 alicubi
1548 4727 1774 4795 reperit,
1809 4730 2065 4785 recorda-

483 4817 568 4862 tus
592 4846 608 4873 ,
643 4809 840 4866 bonam
899 4813 1176 4882 praestabit
1221 4815 1664 4884 retributionem,
1698 4820 1927 4888 gratiam
1963 4833 2064 4889 pro

473 4903 654 4970 gratia
709 4905 940 4961 reddens
978 4921 993 4971 ;
1029 4907 1171 4976 quod
1201 4917 1286 4964 est
1329 4909 1564 4965 hominis
1597 4911 1800 4966 virtute
1825 4911 2058 4981 praediti:

474 4995 570 5064 qni
605 5010 733 5051 vero
756 4998 881 5051 mali
938 5003 1273 5067 recordatur,
1303 5001 1417 5056 sive
1443 5003 1743 5059 vexationis
1777 5005 1846 5060 ab
1876 5004 2063 5073 aliquo

479 5095 736 5152 acceptae,
765 5087 810 5142 si
835 5087 1056 5158 quidem
1104 5091 1332 5146 honeste
1369 5093 1534 5158 vivat,
1567 5095 1668 5149 huc
1696 5110 1865 5164 usque
1885 5096 2060 5160 sistet,

449 5183 533 5230 .et
564 5177 628 5230 ad
656 5179 788 5232 nihil
840 5183 1096 5248 procedet
1138 5185 1388 5252 amplius,
1425 5186 1526 5240 nisi
1561 5190 1626 5239 ad
1664 5201 1722 5241 se
1750 5189 2060 5242 custodien-

478 5267 605 5320 dum
637 5307 652 5331 ,
680 5269 851 5326 donec
877 5270 1206 5328 benevolam'
1238 5277 1574 5330 harmoniam
1604 5291 1701 5347 per
1721 5277 1934 5348 longam
1968 5295 2062 5333 ex-

475 5358 795 5424 perientiam
853 5361 1184 5430 probaverit,
1247 5366 1332 5421 vel
1382 5366 1778 5435 abjudicaverit
1851 5367 2060 5422 inimici

476 5444 624 5514 fuga.
668 5445 822 5512 Quod
853 5466 985 5506 sane
1017 5453 1234 5508 beatum
1270 5455 1442 5510 David
1468 5457 1722 5512 emisero
1774 5457 1904 5512 Saul
1933 5457 2064 5513 fecit

477 5536 687 5589 Salvum
721 5574 739 5603 ,
773 5554 879 5594 non
943 5544 1166 5597 omnino
1217 5545 1342 5600 mali
1385 5561 1681 5602 memorem
1715 5547 2062 5617 (mitissimus

478 5626 625 5680 extim
653 5641 773 5686 erat
835 5631 1123 5703 Propheta,
1153 5636 1274 5707 )sed
1325 5652 1356 5694 e
1381 5640 1522 5696 malo
1573 5653 1692 5695 sese
1727 5641 2062 5711 circumpe-

483 5717 666 5776 ctione
700 5726 1114 5783 custodientem.

2179 3344 2228 3396 εί
2282 3343 2540 3413 μυριάκις
2605 3343 2884 3415 καταλέγῃ
2941 3360 3023 3405 τις
3097 3343 3232 3414 ἐμοῦ
3286 3345 3347 3397 τὸ
3389 3345 3762 3415 μνησίκακον,

2183 3435 2618 3504 μεταστήσωμαι
2649 3434 2743 3486 τοῦ
2775 3432 2868 3486 τον
2892 3431 3088 3501 φθόνον
3121 3433 3516 3502 φυλάττεσθαι,
3546 3437 3639 3488 καὶ
3666 3439 3764 3491 τὸν

2177 3527 2366 3595 ἕτερον
2393 3527 2512 3595 μὲν,
2542 3526 2600 3588 ὃς
2631 3525 2785 3578 οὔπω
2816 3523 3131 3595 προῦφηνεν
3155 3526 3369 3594 ἑαυτὸν,
3407 3528 3646 3598 μάλιστα
3694 3530 3758 3584 δέ

2175 3636 2240 3688 γε
2264 3619 2358 3672 τὸν
2393 3621 2948 3690 παρῤησιασάμενον.

2247 3803 2346 3868 νθν,
2384 3803 2528 3872 Ἐγὼ
2559 3805 2613 3856 δὲ
2643 3805 2735 3858 καὶ
2766 3807 2941 3858 ἐκεῖνο
2969 3801 3108 3870 οἴδα,
3135 3805 3266 3875 ὼςή
3299 3823 3319 3856 ι
3354 3805 3696 3874 μνησικακία
3717 3825 3752 3858 -ε

2179 3898 2282 3966 μὲν
2321 3897 2488 3950 κακία
2513 3897 2751 3961 πάντως,
2805 3897 2901 3949 καὶ
2934 3897 3142 3950 κακιῶν
3169 3899 3202 3968 ή
3231 3898 3500 3967 χειρίστη,
3535 3898 3628 3950 καὶ
3652 3899 3760 3954 οὐκ

2175 3990 2323 4042 ἔστιν
2355 3989 2665 4042 ἀντιπεσείν
2690 4006 2704 4020 ·
2725 3988 2786 4041 τὸ
2808 3990 2864 4041 δὲ
2900 3990 3198 4058 εἰρηναίως
3251 3989 3345 4041 καὶ
3394 3989 3618 4052 ἀπαθῶς
3653 4007 3758 4060 με-

2177 4079 2413 4150 μνῆσθαί
2436 4097 2580 4145 τινα,
2607 4079 2659 4131 εῐ
2695 4080 2749 4131 τί
2775 4097 2879 4132 που
2909 4080 3124 4149 φθάσας
3145 4080 3755 4150 κεκάκωται,γλίχομαι

2175 4169 2382 4224 ίδέσθαι
2411 4170 2503 4223 τὸν
2536 4169 2680 4224 οὕτω
2719 4171 2909 4238 σοφὸν,
2943 4169 3018 4232 ὡς
3047 4170 3395 4240 ἐξονομάσαι,
3428 4173 3522 4222 ποῖ
3547 4172 3757 4240 φαυλό-

2169 4279 2332 4333 τητος
2361 4263 2639 4329 τέτακται,
2699 4263 2870 4334 κακίᾳ
2915 4263 2972 4316 δὲ
3012 4263 3140 4332 ποία
3194 4266 3613 4332 παρωνυμεῖται
3638 4280 3651 4292 ο
3683 4263 3752 4316 ἵν’

2169 4356 2310 4409 οὕτω
2335 4355 2430 4409 καὶ
2467 4355 2618 4426 αὑτῷ
2645 4355 2742 4408 καὶ
2768 4356 2953 4417 αὐτος,
2983 4354 3038 4406 εἴ
3063 4354 3128 4423 γέ
3159 4371 3262 4406 που
3293 4353 3388 4407 καὶ
3419 4353 3749 4423 δυνήσομαι,

2171 4448 2622 4518 κατεπιχειρήσω
2661 4447 2757 4514 τῆς
2791 4447 3035 4514 φύσεως,
3083 4447 3179 4500 καὶ
3214 4444 3478 4514 ἑξωθήσω
3515 4446 3574 4497 τὸ
3608 4463 3752 4515 μνη-

2090 4519 2142 4579 D
2170 4539 2392 4605 μονικὸν
2423 4538 2614 4608 αὐτῆς,
2653 4538 2681 4590 ὃ
2712 4537 2885 4590 κακοῦ
2915 4537 3014 4606 μὲν
3052 4538 3354 4607 μέμνηται,
3401 4539 3482 4589 ὅτι
3527 4537 3621 4589 καὶ
3650 4556 3751 4589 καφ

2166 4627 2281 4696 λοῦ,
2315 4628 2484 4683 καλοῦ
2514 4629 2572 4683 δὲ
2607 4625 2674 4683 αὖ
2714 4630 2897 4695 πάλιν,
2929 4629 3012 4682 ὅτι
3046 4629 3140 4681 καὶ
3191 4628 3390 4682 κακοῦ.
3441 4627 3610 4680 Ἐνθα
3652 4631 3749 4681 καὶ

2163 4722 2483 4790 διοριστέον,
2532 4720 2609 4784 ὡς
2643 4723 2672 4774 ὁ
2707 4722 2808 4792 μὲν
2863 4720 3030 4774 καλοῦ
3069 4721 3440 4790 μεμνημένος,
3485 4721 3621 4789 ὅπερ
3649 4720 3744 4773 εὕ-

2167 4811 2306 4880 ρηκὲ
2339 4811 2526 4878 ποθεν,
2558 4813 2964 4882 ἀντευποιήσει,
3015 4792 3238 4883 χάριτος
3283 4812 3618 4882 ἀντιστροφὴ
3649 4815 3750 4880 χά.

2168 4919 2252 4972 ριν
2278 4903 2691 4976 ἀντιτικιούσης
2718 4921 2733 4936 ο
2770 4905 2866 4958 καὶ
2907 4905 3024 4957 ἐστι
3058 4905 3220 4957 τοῦτο
3267 4902 3560 4975 ἀνθρώπου
3614 4907 3750 4973 ἀρε-

2165 4995 2466 5058 ταίνοντος.
2510 4995 2570 5048 ὐ
2600 4996 2655 5050 δὲ
2689 4996 2862 5050 κακοῦ
2891 4995 3265 5066 μεμνημένος,
3303 4994 3405 5050 εἴτ’
3434 4991 3528 5048 οὖν
3559 4999 3747 5047 κακῶς

2169 5101 2306 5149 cem;
2336 5086 2438 5156 τῆς
2473 5086 2538 5140 ἔκ
2588 5105 2756 5153 τινος,
2801 5090 2850 5142 εί
2889 5088 2991 5160 μὶν
3019 5086 3442 5156 σπουδαιότερον
3489 5085 3615 5155 βιοῖ,
3649 5085 3746 5153 μέ-

2166 5193 2260 5250 χρι
2309 5176 2463 5232 τοῦδε
2518 5179 2746 5249 ἐστήκοι
2789 5180 2875 5245 ἂν,
2928 5179 3022 5232 καὶ
3075 5180 3158 5241 εἰς
3214 5177 3371 5230 οὐδὲν
3423 5177 3740 5248 προχωροίη

2167 5267 2353 5331 πλέον,
2384 5268 2418 5338 ἢ
2447 5269 2510 5322 τὸ
2543 5269 2935 5339 φυλάττεσθαι,
2965 5270 3158 5339 μέχρις
3180 5267 3247 5322 ἂν
3275 5270 3304 5320 ὁ
3335 5269 3394 5323 ἐν
3440 5270 3555 5331 τοῖς
3602 5283 3748 5337 πρα-

2165 5362 2348 5424 κτέοις
2385 5363 2622 5433 γνώμων
2654 5363 2685 5434 ἢ
2728 5363 2955 5434 ἐγκρίνῃ
2983 5361 3204 5432 φιλικὴν
3233 5359 3498 5432 ἁρμονίαν
3526 5361 3590 5428 τῇ
3636 5375 3748 5428 μα-

2165 5455 2276 5525 κρᾷ
2302 5455 2616 5527 δοκιμασίᾳ,
2653 5457 2686 5524 ἢ
2713 5456 2984 5527 ἀποκρίνῃ
3026 5457 3084 5519 ἐς
3134 5455 3196 5507 τὸ
3231 5452 3616 5522 ὲκδιδράσκειν
3642 5451 3742 5507 τδν

2166 5546 2536 5615 ἐχθραίνοντα.
2569 5545 2634 5600 Ὃ
2663 5547 2728 5616 δὴ
2757 5547 2852 5599 καὶ
2883 5547 2979 5599 τόν
3012 5545 3294 5617 μακάριον
3326 5542 3492 5596 Δαυῒδ
3529 5540 3742 5605 ἔσωζεν

2170 5637 2234 5688 ὲκ
2264 5635 2359 5688 τοῦ
2411 5635 2594 5688 ἀθλίου
2645 5636 2838 5704 Σαοὺλ,
2890 5636 2954 5689 οὑ
3017 5632 3462 5707 μνησικακοῦντα
3522 5631 3744 5696 πάντως

2169 5728 2496 5797 (πραότατος
2543 5727 2652 5799 γὰρ
2685 5728 2712 5780 ὁ
2739 5727 3082 5799 Προφήτης),
3127 5725 3534 5797 φυλαττόμενον
3587 5721 3646 5777 δὲ
3671 5723 3742 5777 ἐκ

2170 5819 2265 5873 τοῦ
2292 5818 2463 5874 κακοῦ
2495 5818 2969 5890 προμηθέστερον.
