4090 6410
374 414 474 478 461

1371 402 1671 464 CONTRA
1716 401 2212 463 lNJURIARUM
2255 403 2697 466 MEMORIAE“.

3534 411 3639 474 46:2

445 525 507 592 ξ’.
545 524 654 578 Καὶ
703 521 942 584 τοιοῦτος
1003 517 1102 589 μὲν
1136 519 1163 571 ὁ
1205 517 1278 581 ὡς
1342 516 1542 588 ἐρρέθη
1595 515 1947 586 μεμνημένος

2121 518 2210 572 60.
2249 517 2398 573 Talis
2465 517 2682 588 quidem
2718 527 2800 578 est
2839 517 2930 576 ille
2983 521 3096 590 qui,
3125 520 3267 576 sicut
3301 521 3502 584 dictum
3535 535 3642 579 est.

372 619 567 682 κακοῦ,
601 616 891 684 ἄνθρωπος
926 612 1000 665 ὢν
1020 612 1226 674 ἐκεῖνος
1256 609 1598 680 ἐμμέριμνος
1627 609 1724 660 καί
1764 609 1941 675 ἀσφα-

372 712 467 777 λὴς
495 711 589 762 acati.
631 706 880 760 πλουτῶν
919 706 978 757 ὲν
1011 703 1246 766 συνέσει,
1269 701 1362 754 καί
1390 717 1452 768 γε
1487 693 1582 752 καὶ
1630 699 1793 764 αὐτὸς
1840 700 1942 767 ἐμ·
1980 739 1981 742 η

374 801 611 871 προσθεν
643 801 735 854 καὶ
771 797 998 851 ὄπισθεν
1035 794 1268 865 βλέπων,
1305 793 1402 846 εἴτ’
1432 791 1526 845 οὖν
1558 793 1671 854 τοῖς
1704 791 1946 860 φθάσασι

373 895 440 946 τὰ
489 892 774 946 είσέπειτα
830 889 863 958 ἢ
913 885 1382 957 τεκμαιρόμενος,
1436 884 1467 954 ἦ
1514 881 1637 936 καθ’
1681 882 1942 936 ὑπόνοιαν

375 987 842 1056 φαντασιούμενος
879 998 894 1015 ο
932 983 959 1034 ὁ
1002 981 1048 1034 δ’
1097 979 1273 1042 ἄλλως
1356 975 1706 1048 μεμνημένος
1767 975 1944 1030 κακοῦ

375 1079 510 1148 πρὸς
552 1076 786 1145 ἄμυναν,
833 1073 942 1127 εῐτε
992 1072 1120 1144 μίαν
1159 1068 1306 1136 τινὰ,
1344 1067 1456 1120 εἴτε
1491 1067 1584 1119 καὶ
1630 1065 1943 1137 διαφόρους,

373 1169 534 1224 τοῦτο
585 1169 650 1235 δὴ
701 1167 763 1220 τὸ
797 1164 1176 1236 δαιμονιῶδες,
1242 1180 1262 1214 ‹
1289 1161 1631 1231 μνησίκακος
1665 1177 1685 1212 a
1749 1160 1947 1229 ἀκραι-

375 1263 511 1332 φνὴς
544 1263 774 1323 ἐκεῖνος,
806 1259 900 1312 καὶ
944 1257 1082 1311 πολὺ
1120 1256 1380 1325 διάφορος
1420 1253 1497 1324 τῷ
1527 1251 1701 1314 ἄλλως
1739 1267 1950 1321 μεμνη-

378 1356 524 1425 μένῳ
563 1351 735 1406 κακοῦ
789 1352 931 1412 κατά
969 1367 1033 1419 γε
1059 1349 1120 1402 τὸ
1175 1347 1338 1418 φύσει
1375 1345 1580 1402 τέλειον
1608 1346 1708 1414 τῆς
1741 1342 1944 1415 ψυχῆς.

377 1444 532 1495 Ἐστι
564 1443 619 1494 δὲ
643 1441 750 1510 ἄρα
780 1442 808 1495 ὁ
839 1437 1056 1510 ἀληθῶς
1122 1437 1462 1509 μνησίκακος
1520 1435 1620 1486 οὐκ
1686 1433 1948 1506 ἀπεσχοι-

374 1534 628 1603 νισμένος
675 1533 796 1586 οὐδὲ
848 1530 945 1587 τοῦ
1013 1531 1368 1600 χαιρεκάκου.
1434 1526 1672 1587 Ἐκεῖνός
1727 1544 1786 1580 τε
1837 1527 1947 1596 γὰρ

375 1628 628 1697 ἡδύνεται
671 1623 1009 1688 κακοποιῶν,
1041 1621 1137 1682 καὶ⁸
1190 1622 1219 1676 ὁ
1294 1619 1652 1691 μνησικακῶν
1727 1615 1787 1671 δὲ
1849 1616 1951 1669 οὐκ

377 1719 443 1773 ἂν
507 1717 592 1788 είη
655 1715 730 1787 μὴ
783 1716 990 1787 χαίρων
1066 1715 1126 1768 ὲν
1176 1713 1254 1783 τῷ
1318 1713 1704 1782 μνησικακεῖν.
1751 1708 1816 1762 Τί
1884 1707 1947 1779 δή

376 1826 512 1864 ποτε
557 1803 673 1873 οὖν,
701 1802 745 1861 ὧ
780 1808 834 1862 εί
861 1806 1006 1870 τινές
1030 1822 1134 1858 που
1164 1805 1359 1875 λοχᾶτε
1395 1803 1682 1875 ἀμφίϐολοι
1707 1819 1721 1832 ο
1761 1797 1872 1871 ἄρα
1899 1802 1950 1854 οι

2055 609 2378 664 recordatur
2439 610 2584 676 mali,
2652 625 2776 667 cum
2824 612 2895 667 sit
2924 614 3084 667 homo
3147 613 3369 670 sedulus
3407 625 3462 669 et
3495 610 3643 670 tdtus

2061 710 2115 753 et
2144 701 2442 768 prudentiae
2481 703 2637 769 bonis
2665 704 2833 768 dives,
2871 713 2997 759 ante
3021 713 3275 774 retroque
3305 705 3508 772 videns,
3530 708 3646 762 sive

2053 791 2344 860 praeteritis
2405 794 2586 848 futura
2643 795 3000 865 praesagiens,
3031 795 3111 850 vel
3150 811 3244 864 per
3270 797 3639 866 suspicionem

2054 881 2389 950 imaginaris;
2443 883 2534 939 ille
2568 899 2694 940 vero
2719 887 2806 954 qui
2889 899 3046 940 secus
3080 885 3203 938 mali
3275 886 3520 942 meminit
3575 889 3642 942 ad

2057 973 2372 1036 vindictam,
2423 976 2537 1030 sive
2589 990 2748 1030 unam
2805 976 2999 1040 solam,
3032 975 3145 1031 sive
3194 975 3642 1045 diversas,quod

2058 1070 2140 1118 est
2171 1063 2494 1118 diabolicum
2529 1105 2542 1128 ,
2572 1080 2704 1134 pure
2762 1065 2890 1118 mali
2921 1081 3124 1121 memor
3149 1075 3232 1120 est
3264 1074 3318 1120 et
3348 1066 3501 1120 valde
3521 1067 3642 1122 dis-

2059 1166 2290 1222 crepans
2358 1154 2542 1214 abillo
2597 1155 2689 1226 qui
2742 1157 3040 1210 secundum
3112 1155 3415 1211 naturalem
3451 1157 3686 1210 animat

2055 1245 2435 1314 perfectionem
2463 1245 2622 1301 aliter
2667 1247 2792 1301 mali
2851 1248 3185 1302 recordatur.
3238 1247 3354 1302 Non
3381 1258 3470 1306 est
3514 1261 3646 1317 ergo

2059 1351 2186 1392 vere
2257 1337 2384 1393 mali
2443 1352 2653 1392 memor
2694 1353 2721 1390 a
2748 1339 2892 1393 male
2919 1338 3176 1408 gaudenti
3228 1339 3497 1394 diversus.
3541 1337 3647 1392 lste

2064 1443 2296 1498 namque
2363 1429 2502 1485 male
2556 1430 2765 1486 faciens
2813 1431 3131 1495 delectatur,
3209 1431 3296 1486 ille
3323 1445 3455 1486 vero
3516 1432 3646 1486 mali

2060 1537 2268 1578 memor
2300 1537 2420 1578 esse
2445 1524 2712 1592 nequiret,
2752 1524 2880 1592 quin
2911 1525 2975 1578 de
3027 1522 3153 1577 mali
3208 1524 3465 1580 memoria
3499 1518 3648 1578 lzetel

2061 1624 2169 1670 tur.
2202 1614 2342 1682 Quid
2373 1631 2504 1686 ergo
2531 1618 2766 1682 tandem,
2791 1631 2824 1671 o
2847 1616 3147 1680 auditores,
3169 1615 3211 1672 si
3229 1616 3448 1687 quidam
3475 1616 3646 1672 ambi-

2060 1707 2153 1774 gui
2215 1706 2417 1777 ponitis
2448 1707 2675 1763 insidias
2710 1709 2733 1762 ?
2780 1708 3035 1778 Nunquid
3065 1709 3155 1764 isti
3191 1709 3280 1779 qui
3310 1710 3469 1782 primi
3502 1711 3644 1766 mala

2063 1799 2331 1854 inducunt
2360 1801 2412 1854 in
2455 1800 2731 1860 hominem
2765 1801 3083 1868 innocuum,
3109 1801 3284 1861 vitare
3306 1812 3527 1872 possent
3549 1817 3644 1858 vo-

377 1902 747 1972 κατάρχοντες
806 1899 996 1952 κακῶν
1029 1898 1124 1951 ἐπὶ
1164 1895 1441 1967 ἀνθρώπῳ
1485 1894 1636 1948 οὐδὲν
1674 1893 1833 1964 αἰτίῳ
1854 1893 1948 1946 δύ⁹

2056 1891 2162 1945 cari
2195 1891 2336 1946 male
2369 1894 2666 1962 gaudentes
2696 1893 2719 1945 ?
2747 1890 2864 1960 Non
2904 1907 3003 1962 ego
3033 1902 3182 1962 puto.
3217 1891 3272 1948 Si
3301 1908 3430 1948 vero
3458 1908 3544 1948 res
3569 1893 3642 1948 ita

378 1998 548 2049 ναιντ²
597 1993 664 2046 ἂν
746 1993 1007 2061 ἐκφυγεῖν
1087 1991 1148 2044 τδ
1225 1989 1513 2043 καλεῖσθαι
1581 1987 1945 2059 χαιρέκακοι;

378 2087 493 2141 Ούκ
547 2085 722 2154 ἔγωγε
769 2079 946 2152 οἶμαι.
998 2083 1061 2136 Et
1089 2082 1146 2136 δὲ
1197 2081 1377 2148 τοῦτο,
1408 2081 1509 2134 οὐκ
1557 2081 1624 2133 ἂν
1671 2078 1794 2134 οὐδὲ
1851 2077 1946 2130 τοῦ

380 2178 736 2249 μνησικακεῖν
775 2177 825 2230 oi
864 2174 1098 2229 τοιοῦτοι
1144 2173 1435 2243 ἀπέχοιντο
1481 2171 1569 2227 ἀν.
1626 2169 1694 2222 Τί
1751 2169 1817 2239 δὴ
1854 2167 1946 2222 οὖν

376 2272 588 2342 ἑτέροις
638 2271 716 2324 τὰ
771 2270 920 2338 σφῶν
968 2268 1148 2323 αὐτῶν
1183 2265 1492 2332 ὲπικλῶσις
1523 2264 1632 2318 Καί
1686 2281 1790 2317 που
1850 2263 1945 2330 καὶ

2064 1990 2190 2048 est,
2228 1997 2326 2038 nec
2380 1997 2410 2037 a
2475 1983 2603 2038 mali
2651 1985 2912 2039 memoria
2975 1983 3108 2039 tales
3155 1985 3348 2041 abesse
3374 1985 3640 2040 valerent.

2055 2073 2194 2156 Quid
2224 2076 2390 2146 igitur
2419 2076 2542 2131 aliis
2589 2091 2684 2137 sua
2744 2077 2964 2146 propria
3016 2077 3301 2132 tribuunt?
3344 2077 3449 2147 Ipsi
3501 2078 3644 2134 forte

2054 2167 2388 2239 populariter
2444 2167 2596 2223 aiunt
2659 2177 2716 2222 ut
2749 2169 2838 2224 ille
2905 2170 2984 2224 sic
3034 2171 3395 2240 mentiendo:
3438 2170 3634 2228 Nostra

2057 2269 2146 2314 tua
2174 2267 2301 2315 sunt
2328 2275 2345 2328 ;
2378 2267 2432 2314 et
2463 2273 2562 2317 nos
2587 2260 2827 2316 ridentes
2855 2263 3194 2318 mirabimur.

376 2365 530 2420 αὐτοὶ
577 2365 972 2436 δημοκοπικῶς
997 2381 1130 2434 φασι
1172 2363 1311 2434 πρὸς
1359 2363 1452 2416 τὸν
1489 2360 1634 2414 οὕτω
1677 2355 2226 2444 ψευδωνυμούμενον,
2255 2356 2332 2420 ώς
2368 2355 2437 2410 τά
2513 2357 2758 2428 ἡμετέρα
2828 2357 2921 2422 σά,
2975 2358 3074 2412 καὶ
3143 2361 3306 2430 ἡμεῖς
3373 2360 3642 2429 γελῶντες

376 2461 852 2532 ἐπεγχανούμεθα.

448 2555 547 2620 ξα’.
608 2556 828 2610 Ἔπεισί
861 2574 973 2626 μοι,
1005 2549 1050 2610 ὦ
1082 2556 1236 2626 φίλον
1276 2554 1650 2628 ἀκροατήριον
1673 2594 1687 2619 ,
1711 2553 1807 2608 καὶ
1839 2554 1955 2604 εἰσ-

378 2645 460 2699 έτι
525 2644 758 2715 λαλῆσαι
808 2645 949 2716 πρὸς
999 2644 1367 2717 μνησικακίας
1433 2643 1785 2714 διάρθρωσιν.
1839 2643 1952 2696 Μέ·

384 2738 583 2809 μνηταί
609 2756 726 2802 πως
757 2741 850 2792 καὶ
879 2739 1079 2812 βρέφος
1105 2737 1425 2805 κακώσεως,
1459 2737 1792 2808 τιθηνούσης
1820 2735 1952 2789 αὐτὸ

380 2829 473 2882 καὶ
501 2827 642 2897 οὕτω
667 2828 765 2898 τῆς
798 2828 1036 2897 φύσεως,
1083 2827 1181 2882 καὶ
1223 2825 1431 2897 πληγὲν
1481 2825 1630 2892 ἅπαξ
1657 2826 1824 2895 χειρὶ,
1855 2825 1953 2879 καὶ

383 2920 490 2973 ίδὸν
519 2917 689 2994 at;th
738 2917 981 2988 εἰσαῦθις
1028 2916 1284 2972 ὁπωσοῦν
1308 2915 1669 2988 ἐπαρθεῖσαν,
1727 2915 1951 2969 συστέλο

382 3011 532 3086 λεται
567 3010 712 3080 λόγῳ
747 3011 970 3081 μνήμης
1006 3009 1172 3074 τινὸς,
1197 3008 1292 3063 καὶ
1345 3011 1378 3078 ή
1422 3007 1698 3076 φαντασία
1726 3007 1952 3076 σφίγγει

384 3105 514 3180 αὐτὸ
546 3103 968 3172 δειλαινόμενον.
991 3104 1125 3168 Καὶ,
1157 3098 1334 3172 οἶμαι,
1365 3101 1466 3154 οὐκ
1497 3100 1598 3171 ήδη
1643 3114 1952 3170 (μνησικα-

383 3197 468 3250 κεῖ
525 3197 726 3260 ἐκεῖνο,
761 3196 919 3262 εἴπερ
971 3195 1004 3263 ή
1039 3192 1137 3264 μὲν
1198 3190 1536 3263 μνησικακία
1607 3190 1775 3244 κακία
1813 3189 1954 3243 πάν-

2123 2547 2212 2602 61.
2281 2545 2542 2617 Superest
2597 2547 2775 2604 adhuc
2821 2546 2952 2602 mihi
3013 2545 3380 2606 dicendurmo
3417 2549 3642 2604 charum

2058 2637 2384 2692 auditorium
2421 2637 2533 2704 ,de
2565 2637 2686 2692 mali
2781 2639 3056 2692 memoria:
3139 2653 3421 2710 compage.
3516 2641 3641 2698 Mali

2056 2730 2452 2800 quodammodo
2489 2729 2733 2785 meminit
2765 2729 2969 2796 infans,
3003 2731 3120 2798 ipsa
3170 2731 3250 2786 sic
3288 2732 3514 2788 docente
3541 2750 3643 2788 na-

2059 2833 2201 2888 tura,
2261 2822 2536 2892 semelque
2593 2820 2754 2878 manu
2802 2837 3094 2894 percussus
3135 2863 3151 2887 ,
3189 2825 3234 2878 si
3281 2823 3459 2888 denuo
3489 2825 3636 2880 videt

2059 2913 2206 2973 illam
2256 2916 2746 2986 quomodocumque
2805 2915 3101 2984 sublatam,
3130 2917 3411 2987 cujusdam
3442 2932 3642 2974 memo-

2061 3005 2156 3060 riae
2218 3007 2433 3064 ratione
2460 3007 2873 3078 constringitur,
2897 3016 2954 3062 et
2998 3008 3311 3078 imaginatio
3346 3010 3638 3066 tremulum

2059 3095 2212 3152 illum
2244 3100 2462 3168 premit.
2517 3099 2585 3162 Et
2649 3107 2801 3169 puto,
2834 3100 3071 3168 nonjam
3097 3099 3186 3154 ille
3223 3100 3346 3154 mali
3377 3103 3640 3168 meminit,

2063 3198 2330 3268 siquidem
2389 3193 2519 3249 mali
2579 3195 2839 3249 memoria
2875 3208 3098 3262 prorsus
3118 3193 3320 3248 malitia
3353 3195 3644 3261 est,infans

377 3304 482 3350 τως
526 3286 723 3357 βρέφος
767 3286 824 3340 δὲ
882 3284 1030 3339 ἆπαν
1085 3285 1284 3347 κακίας
1328 3282 1703 3337 ἀνεπίδεκτον.
1739 3281 1950 3335 Οὔκουν

2063 3300 2241 3346 autem
2301 3287 2527 3343 omnino
2576 3285 2799 3342 malitize
2825 3294 2909 3340 est
2949 3287 3197 3354 incapax.
3231 3285 3350 3340 Non
3381 3288 3544 3358 igitur
3575 3305 3642 3343 ex

381 3379 742 3449 μνησικακεῖν
810 3377 870 3442 ἐξ
902 3378 1150 3448 ἀνάγκης
1199 3376 1317 3432 ἐστὶ⁸
1365 3377 1427 3431 τὸ
1481 3373 1798 3447 μεμνῆσθαι
1851 3391 1952 3428 κα-

377 3454 622 3535 κώσεως.
692 3472 931 3541 Μνήμην
987 3471 1171 3541 έχουσι
1237 3469 1330 3524 τοῦ
1391 3468 1696 3529 κακοῦσθαι
1756 3469 1852 3521 καὶ
1896 3468 1946 3520 oi

378 3563 910 3632 παιδαγωγούμενοι,
977 3563 1068 3615 καὶ
1103 3560 1436 3632 βελτιοῦνται
1466 3561 1532 3632 τῇ
1579 3561 1792 3632 μνήμῃ,
1823 3560 1947 3612 ένα-

377 3656 599 3725 γόμενοι
647 3657 712 3724 τῇ
744 3654 979 3720 εἰσάπαξ
1032 3653 1276 3706 κακώσει
1312 3653 1449 3724 πρὸς
1478 3653 1540 3705 τὸ
1600 3651 1675 3723 μὴ
1707 3651 1803 3705 καὶ
1826 3653 1953 3719 ἐφε-

380 3747 477 3816 ξῆς
502 3747 840 3819 ὲφάμαρτον.
875 3748 984 3800 Καὶ
1013 3745 1132 3800 ἐστι
1173 3747 1268 3800 καὶ
1300 3748 1334 3816 η
1361 3745 1584 3816 τοιαύτη
1611 3744 1706 3799 τοῦ
1769 3762 1952 3800 κακω-

379 3839 538 3909 θῆναι
585 3841 776 3910 μνήμη
831 3839 942 3893 οὐδ’
998 3839 1137 3910 αὐτὴ
1203 3837 1563 3910 μνησικακία,
1629 3839 1846 3908 φύσεως
1894 3838 1952 3893 δὲ

382 3931 716 4000 συντήρησις
751 3931 834 3993 είς
888 3929 1138 3991 παιδείας
1188 3927 1512 3996 ἀσφάλειαν.
1579 3925 1791 3980 Οὐκοῦν
1853 3925 1950 3980 καὶ

378 4019 563 4090 ἡλικία
607 4022 760 4074 πᾶσα
809 4020 843 4091 ή
898 4017 1018 4073 κατ’
1047 4018 1334 4087 ἄνθρωπον
1389 4018 1488 4086 τῆς
1517 4016 1688 4084 αὐτῆς
1721 4015 1952 4070 ἀκολου-

381 4111 504 4175 θίας
557 4111 761 4176 ἕξεται,
799 4112 893 4165 καὶ
947 4112 1006 4164 ὲν
1060 4111 1291 4182 οὐδεμιᾷ
1362 4108 1731 4180 μνησικακίας
1801 4108 1952 4162 ἔσται

369 4203 654 4268 ’ἀπόδειξις
699 4205 733 4275 ἡ
760 4203 863 4273 τῆς
901 4201 1202 4264 κακώσεως
1254 4201 1583 4272 ἀνάμνησις.
1628 4199 1840 4254 Ἐπαθέ
1870 4217 1953 4263 τις

381 4297 440 4364 ἐξ
469 4297 785 4367 ἀπροόπτου
845 4294 1061 4365 πληγὴν
1095 4291 1386 4347 ὁποιανοῦν
1440 4291 1788 4362 παροδεύων,
1853 4291 1952 4345 καὶ

380 4387 754 4458 ἀναλαμϐάνει
809 4387 951 4457 τάχα
1009 4386 1254 4457 μνήμην,
1303 4378 1364 4439 οὗ
1436 4385 1643 4439 πάθοιο
1699 4385 1797 4438 καὶ
1837 4383 1950 4438 οὐδ’

381 4480 548 4551 αὐτὸς
610 4479 960 4548 μνησικακεῖ,
992 4476 1073 4530 ὅτι
1133 4475 1266 4546 μηδὲ
1331 4474 1410 4537 είς
1466 4474 1818 4542 ἀνταπόδομα
1852 4490 1953 4527 κα-

2059 3381 2388 3438 necessitate
2425 3378 2562 3436 ‘mali
2623 3377 2936 3432 meminisse
2980 3383 3067 3434 est
3124 3379 3425 3433 vexationis
3458 3394 3643 3436 recor—

2055 3476 2191 3530 dari.
2239 3470 2553 3527 Memoriam
2600 3471 2818 3536 habent]
2851 3469 2976 3523 mali
3005 3469 3147 3538 quod
3179 3470 3523 3538 pertulerunt
3547 3473 3638 3540 qui

2052 3566 2154 3621 sub
2190 3566 2482 3634 paedagogo
2519 3572 2665 3626 sunt,
2704 3571 2758 3615 et
2784 3562 2885 3615 ista
2917 3559 3332 3616 memoriafiunt
3368 3561 3638 3627 meliores,

2054 3657 2340 3712 vexatione
2382 3654 2548 3710 semel
2603 3663 2828 3722 accepta
2888 3653 3094 3709 inducti
3162 3653 3228 3707 ad
3277 3667 3382 3708 non
3412 3667 3640 3721 peccan-

2054 3750 2182 3805 dum
2245 3751 2298 3804 in
2353 3758 2652 3818 posterum.
2722 3746 2792 3803 Et
2845 3745 3150 3816 hujusmodi
3213 3747 3472 3802 memoria
3518 3747 3641 3802 mali

2055 3842 2199 3913 quod
2232 3842 2441 3896 illatum
2483 3849 2567 3896 est
2607 3879 2622 3902 .
2661 3853 2757 3893 nec
2782 3839 2894 3908 ipsa
2937 3847 3022 3893 est
3084 3837 3208 3891 mali
3243 3840 3643 3904 memoria,sed

2056 3945 2262 3988 naturae
2321 3931 2569 3988 custodia
2645 3931 2711 3984 ad
2772 3930 3076 3998 disciplinae
3132 3939 3390 3984 tutamen.
3456 3931 3646 3999 Itaque

2054 4026 2220 4081 etiam
2281 4023 2458 4080 omnis
2492 4031 2627 4079 mtas
2690 4021 3268 4088 houiinishujusmodi
3329 4021 3640 4076 comitatum

2055 4117 2330 4182 retinebit,
2381 4124 2434 4170 et
2479 4116 2532 4169 in
2566 4113 2709 4168 nulla
2763 4112 2889 4166 mali
2949 4111 3221 4167 memoriae
3259 4113 3363 4166 erit
3415 4112 3646 4167 demon-

2055 4209 2253 4263 stratio
2287 4247 2302 4274 ,
2337 4207 2453 4261 haec
2516 4203 2827 4259 vexationis
2858 4203 3184 4258 recordatio.
3214 4203 3410 4259 Passus
3437 4213 3519 4259 est
3551 4205 3646 4258 ali-

2063 4297 2186 4367 quis
2207 4298 2276 4352 ab
2333 4295 2593 4351 invisibili
2620 4295 2911 4364 quamdam
2952 4294 3190 4363 plagam,
3214 4296 3506 4362 statimque
3533 4313 3646 4349 me-

2055 4388 2283 4444 moriam
2322 4387 2443 4458 ejus
2501 4389 2644 4456 quod
2695 4385 2916 4455 pertulit
2975 4385 3174 4451 habet;
3218 4393 3271 4440 et
3301 4385 3403 4442 iste
3431 4401 3646 4455 quoque

2055 4497 2164 4547 non
2206 4480 2336 4535 mali
2390 4479 2662 4542 meminit,
2699 4493 2765 4532 eo
2797 4478 2943 4546 quod
2976 4476 3109 4530 nihil
3145 4477 3210 4530 ad
3234 4479 3643 4542 retributionem

378 4573 700 4643 ταστρὲφει,
729 4572 822 4623 καὶ
855 4569 980 4622 οὐδὲ
1024 4567 1478 4638 πολυπραγμονεῖ
1502 4565 1594 4620 τὸν
1640 4564 1948 4636 πλήξαντα.

2059 4586 2457 4644 parat,neque
2517 4572 2764 4626 vulneris
2820 4572 3066 4625 datorem
3126 4570 3373 4638 inquirit.
3425 4570 3483 4624 Si
3515 4584 3644 4625 vero

384 4665 447 4720 Εἰ
493 4665 550 4718 δὲ
605 4665 702 4717 καὶ
743 4663 1076 4732 φυλάσσεται
1135 4660 1198 4713 τὸ
1237 4660 1341 4730 τῆς
1403 4659 1620 4732 πληγῆς
1661 4659 1949 4729 δίσσευμα,

380 4757 483 4809 οὐκ
511 4756 624 4826 ἔχει
657 4755 749 4808 τὸν
781 4754 1136 4825 μεμφόμενον

453 4847 553 4919 ξβ’.
588 4847 730 4917 Ἤδη
781 4864 883 4900 που
919 4847 1013 4899 καὶ
1047 4845 1196 4915 φιλία
1235 4847 1269 4916 ἡ
1305 4843 1510 4914 ἀληθὴς
1534 4839 1642 4898 οἶδέ
1682 4859 1814 4896 ποτε
1840 4843 1956 4897 δαί-

384 4956 546 5007 μονος
590 4937 770 5008 φθόνῳ
820 4937 916 4991 καὶ
943 4938 1187 4991 κάκωσίν
1243 4955 1386 5001 τινα,
1445 4937 1542 4990 καλ⁹
1591 4937 1650 4988 τὸ
1702 4935 1954 4989 ἐντεῦθεν

383 5029 695 5092 ἀκολούθως
736 5029 828 5082 καὶ
855 5029 1078 5099 μνήμην
1131 5028 1321 5098 αὐτῆς,
1361 5028 1455 5081 καὶ
1501 5028 1650 5096 ὅμως
1712 5027 1952 5099 οὐδαμοῦ

385 5120 740 5189 παρείσδυσιν
814 5121 935 5173 ἐκεῖ
989 5120 1114 5188 ἔσχε
1155 5120 1220 5172 ’τὸ
1281 5121 1618 5190 μνησίκακον
1649 5136 1664 5151 ⁸
1712 5122 1847 5176 ἀλλά
1893 5123 1954 5175 τὸ

389 5213 488 5280 μὲν
518 5211 778 5266 πταιστδν
827 5212 926 5280 τῆς
968 5213 1029 5264 ἐν
1089 5210 1365 5281 ἀνθρώπῳ
1414 5211 1633 5280 φύσεως
1663 5213 1954 5266 κατέσεισε

380 5303 482 5372 τὴν
505 5301 728 5372 φιλικὴν
757 5300 1053 5371 οἰκοδομήν
1087 5302 1186 5354 καὶ¹
1215 5302 1474 5368 ὲκάκυνε,
1503 5301 1687 5356 κανὼν
1711 5303 1766 5356 δὲ
1807 5304 1954 5371 φιλι-

383 5397 478 5459 κδς
507 5396 567 5450 τὸ
589 5393 950 5450 κατασεισθὲν
976 5394 1274 5466 ύπήρεισεν
1300 5391 1480 5463 αὖθις,
1504 5395 1598 5449 καὶ
1628 5396 1706 5459 είς
1739 5398 1953 5466 ἑδραῖον

382 5488 744 5557 ἠσφαλίσατο.
779 5487 934 5556 ’Ἅμα
975 5487 1087 5557 γὰρ
1117 5488 1146 5540 ὀ
1173 5487 1327 5557 φίλος
1363 5489 1692 5559 ὑπεμνήσθη
1731 5488 1872 5558 πρός
1899 5506 1954 5542 τι

382 5581 553 5632 κακον
602 5579 900 5644 ἐξοκεῖλαι,
930 5579 1024 5632 καὶ
1057 5578 1220 5642 εὐθὺς
1248 5580 1565 5633 ἐπανελθὼν
1603 5581 1683 5643 είς
1731 5581 1825 5650 τὸν
1855 5583 1954 5652 τῆς

385 5672 633 5740 ἑταιρίας
682 5669 877 5739 λιμένα
927 5673 1152 5740 κατῆρε.
1202 5672 1312 5724 Καὶ
1357 5671 1466 5725 ἰδοὺ
1523 5672 1712 5744 μνήμη
1775 5674 1948 5726 κακοῦ

385 5759 522 5836 αῦτη
561 5761 914 5831 ἀναπέφηνεν
956 5762 1330 5832 ὲπανάκλησις
1368 5763 1599 5832 ἀγαθοῦ.

456 5851 554 5938 ξγ’.
617 5854 775 5909 Ἐστι
825 5853 921 5907 καὶ
984 5857 1363 5927 νεμεσητικῶς
1406 5857 1723 5929 μεμνῆσθαι
1773 5856 1950 5912 κακοῦ

2057 4682 2116 4722 se
2150 4665 2387 4723 custodit
2436 4681 2464 4718 a
2521 4663 2764 4718 vulneris
2818 4663 3106 4717 iteratione
3128 4703 3143 4730 ,
3178 4677 3338 4717 nemo
3367 4663 3642 4732 vitupera-

2055 4757 2135 4812 bit
2162 4772 2308 4812 eum.

2126 4848 2215 4903 62.
2271 4848 2389 4903 Jam
2440 4847 2603 4902 etiam
2662 4846 2898 4899 amicitia
2958 4860 3104 4907 vera,
3131 4845 3389 4898 dmmonis
3417 4845 3642 4912 invidia,

2055 4939 2307 5011 cognovit
2361 4937 2656 5008 aliquando
2720 4944 2928 4990 certam
2971 4935 3248 5003 injuri-am,
3274 4945 3328 5001 et
3360 4935 3483 4996 inde
3510 4951 3646 4992 con-

2005 5057 2008 5060 ~
2057 5038 2351 5099 Sequenter
2386 5030 2504 5099 ejus
2576 5028 2898 5082 memoriam
2934 5067 2952 5093 ,
2985 5038 3038 5081 et
3087 5028 3308 5083 minime
3335 5037 3513 5082 tamen
3539 5029 3646 5089 bne

2058 5119 2343 5174 introitum
2378 5119 2569 5173 habuit
2625 5118 2748 5172 mali
2809 5117 3065 5172 memoria
3097 5134 3112 5180 ;
3149 5118 3242 5172 sed
3292 5117 3510 5187 quidem
3542 5119 3643 5178 hue

2059 5227 2231 5266 mana:
2290 5219 2497 5266 natura:
2560 5209 2827 5264 vacillatio
2857 5209 3135 5278 quassavit
3195 5209 3445 5274 amicitia:
3513 5211 3645 5265 mdi-

2057 5303 2238 5357 ficium
2271 5310 2324 5358 et
2354 5302 2515 5364 laesit,
2546 5299 2829 5356 charitatis
2858 5309 3036 5355 autem
3063 5299 3245 5370 regula
3298 5300 3445 5370 quod
3479 5316 3647 5368 quas-

2058 5403 2234 5448 satum
2306 5401 2425 5447 erat
2497 5395 2691 5444 iterum
2757 5387 2994 5444 suﬂ'ulsit
3025 5399 3078 5444 et
3132 5389 3186 5453 in
3243 5388 3459 5444 firmum
3508 5405 3646 5444 con-

2058 5486 2331 5542 solidavit.
2402 5483 2578 5538 Simul
2606 5482 2749 5536 enim
2794 5497 2856 5536 ac
2889 5482 3093 5536 amicus
3124 5483 3438 5536 recordatus
3465 5491 3544 5536 est
3577 5483 3643 5534 ad

2060 5579 2264 5648 aliquid
2313 5577 2514 5632 malum
2577 5574 2889 5644 impegisse,
2955 5576 3136 5630 statim
3162 5575 3227 5628 ad
3255 5573 3488 5628 sodalitii
3522 5587 3649 5642 por-

2059 5683 2169 5728 tum
2215 5671 2428 5725 rediens
2469 5667 2749 5738 applicuit.
2783 5665 2850 5721 Et
2884 5680 3012 5723 ecce
3042 5666 3159 5721 haec
3189 5666 3450 5721 memoria
3511 5665 3640 5723 mali

2057 5763 2308 5835 apparuit
2338 5763 2460 5817 boni
2491 5763 2756 5818 reductio.

2129 5858 2217 5912 6'5.
2251 5857 2393 5912 Fieri
2443 5871 2659 5930 quoque
2716 5863 2892 5930 potest
2953 5863 3014 5910 ut
3046 5852 3393 5922 indignanter
3447 5845 3647 5918 aliquis
