4090 6426
495 364 605 428 463

1204 366 1562 427 EUSTATH
1571 367 1633 427 II
1674 354 2448 449 TllESSALONICENSIS
2486 364 3047 427 M‘ETROPOLIT/E

3652 369 3759 433 464

501 478 820 535 recordetur
871 480 995 533 mali
1044 483 1181 549 quod
1208 482 1260 534 in
1287 483 1450 536 alium
1488 481 1569 545 lit,
1596 489 1649 536 et
1673 480 1921 552 plenique
1938 495 2060 548 pru-

2179 496 2294 533 τινα
2326 479 2421 533 τοῦ
2466 496 2529 546 γε
2576 480 2665 531 ἐπ’
2714 479 2880 550 ἄλλῳ,
2941 477 3207 549 μενοῦνγε
3245 478 3342 533 καὶ
3369 478 3603 545 πολλοὺς
3640 481 3758 537 τῶν

495 573 737 633 dentium
783 572 897 626 fere
954 588 1167 642 semper
1229 573 1300 627 ita
1328 574 1589 630 sentiunt;
1632 572 1759 639 Qui,
1791 573 1834 625 si
1868 571 2068 625 bonum

494 666 699 734 aliquid
758 665 926 733 iniqui
980 665 1195 721 discunt
1267 683 1391 722 esse
1459 683 1700 738 passum,
1738 667 2076 725 malumlioc

494 757 847 820 detestantes,
877 758 1135 813 adversus
1151 770 1202 812 et
1234 760 1479 829 iniquum
1541 774 1861 833 gravantur,
1901 778 2078 833 neque

493 865 616 903 cum
675 850 766 903 tali
796 847 1002 904 faciunt
1060 850 1182 916 iter.
1212 854 1307 907 sed
1347 853 1390 907 si
1424 852 1565 909 forte
1597 856 1793 911 divisio
1824 858 1922 909 viae
1948 870 2078 909 con-

491 938 643 992 ducit
698 938 844 1008 ipsos
898 939 951 992 in
980 954 1147 992 unum
1181 976 1203 1008 ,
1231 954 1521 995 occursuro
1565 942 1807 996 devitant
1835 954 1887 997 et
1908 955 2078 1009 usque

491 1032 629 1085 adeo
676 1030 875 1085 malum
907 1071 922 1096 ,
953 1030 1344 1101 indignationis
1393 1033 1624 1101 ratione,
1651 1035 1787 1088 nihil
1817 1044 2078 1088 nocentes

416 1192 425 1209 ι
489 1124 788 1178 vindicant.
841 1125 924 1177 An
977 1137 1140 1193 porro
1181 1122 1314 1178 tales
1340 1124 1449 1178 sint
1509 1126 1632 1179 mali
1668 1141 1957 1192 memoras,
1988 1125 2080 1178 deo

487 1217 695 1272 clarent
720 1216 809 1286 qui
833 1225 961 1273 sunt
1008 1219 1060 1271 in
1089 1216 1246 1272 nobis
1284 1217 1576 1286 sapientes,
1606 1220 1798 1286 quibus
1827 1218 1963 1272 idem
1994 1228 2081 1273 est

489 1310 617 1365 mali
657 1308 988 1369 recordatio.
1021 1317 1078 1363 et
1126 1307 1253 1363 mali
1285 1309 1562 1363 memoria.
1598 1307 1841 1363 Meminit
1914 1310 2077 1363 etiam

490 1400 617 1454 ntali
649 1400 741 1469 qui
798 1398 1027 1468 deponit
1091 1399 1544 1470 exomologesim.
1604 1400 1855 1454 Audeant
1907 1399 2076 1467 igitur

491 1491 641 1545 illum
677 1492 729 1544 in
781 1489 906 1543 mali
966 1488 1230 1543 memoria
1282 1491 1527 1544 ordinem
1572 1490 2077 1561 relegare:vitupe-

492 1591 619 1637 rent
654 1591 832 1637 autem
865 1581 932 1635 de
955 1581 1117 1635 simili
1147 1580 1350 1635 malitia
1378 1592 1721 1650 susceptores
1747 1581 2076 1644 animarum,

492 1676 547 1721 et
599 1668 677 1720 sic
724 1669 985 1723 adversus
1037 1668 1207 1737 ipsam
1270 1670 1697 1740 exomologesim
1730 1686 1907 1739 .arma
1960 1686 2078 1726 mu-

492 1764 674 1811 veant.
715 1753 817 1821 Qui
865 1766 1012 1809 certe
1037 1755 1263 1810 resarcit
1294 1755 1524 1819 animas,
1562 1754 1893 1811 malitiarum
1930 1769 2077 1812 vete-

493 1862 614 1901 rum
674 1846 1013 1911 recordatus,
1063 1845 1322 1901 salutaria
1370 1860 1649 1917 operatur,
1674 1863 1779 1904 non
1810 1847 1934 1903 mali
1964 1863 2074 1904 me-
2107 1834 2149 1891 Β

491 1954 631 1993 mor.
683 1936 933 2006 Nunquid
993 1937 1132 1992 alios
1175 1937 1367 2006 juvans
1412 1939 1526 2008 ipse
1555 1939 1857 2003 laederetur,
1894 1941 2081 2012 acqui-

488 2040 740 2099 reretque
797 2030 1179 2100 perditionem,
1240 2032 1468 2086 salutem
1525 2033 1648 2088 aliis
1707 2033 1924 2103 quidem
1981 2034 2080 2087 im-

493 2122 778 2196 pertiendo
803 2164 817 2190 ,
844 2122 1059 2176 malitiae
1102 2138 1229 2177 vero
1266 2123 1610 2188 recordatus,
1643 2134 1703 2178 ut
1745 2125 2079 2194 paenitentia:

497 2216 734 2271 remedio
792 2224 1138 2285 peccatorum
1167 2229 1433 2270 venenum
1467 2216 1736 2270 evacuet?
1765 2216 1878 2271 Nec
1915 2216 2081 2285 igitur

499 2308 625 2363 talis
667 2317 750 2363 est
781 2308 905 2360 mali
968 2321 1175 2361 memor
1206 2344 1223 2371 .
1254 2322 1287 2360 ο
1313 2322 1433 2374 vos,
1470 2307 1560 2377 qui
1588 2309 1638 2361 in
1669 2309 1918 2364 omnibus
1943 2311 2078 2366 estis

482 2399 623 2453 ‘boni
661 2411 949 2452 memores.

565 2517 654 2570 64.
708 2513 960 2570 Invenire
1025 2514 1192 2569 etiam
1248 2512 1374 2568 licet
1428 2513 1554 2568 mali
1616 2516 1932 2569 memoriam
1996 2514 2079 2569 hi-

482 2609 751 2663 storicum
784 2621 885 2672 ,οι
908 2620 1015 2676 qua
1062 2602 1226 2659 veluti
1284 2612 1456 2661 matre
1511 2607 1812 2675 procedunt
1870 2604 2075 2661 notitiae

495 2699 741 2768 quaedam
797 2711 861 2752 ac
907 2696 1135 2766 Scripta,
1196 2695 1514 2751 memoriam
1544 2696 1841 2752 excitantia
1905 2697 2078 2753 malo-

490 2806 616 2847 rum
644 2799 985 2861 peractorum
1020 2788 1088 2843 ab
1143 2788 1229 2843 bis
1254 2789 1338 2843 vel
1368 2787 1608 2858 illiquui
1638 2789 1791 2845 libris
1822 2792 2072 2845 conseri.

498 2883 572 2954 pti
601 2892 749 2938 sunt.
789 2881 848 2935 Si
877 2880 1143 2936 malorum
1180 2880 1345 2952 igitur
1374 2880 1722 2936 meminerint
1741 2882 1959 2952 quidem
1991 2883 2077 2938 hi-

495 2968 679 3025 storici
709 3008 726 3035 ,
749 2984 853 3024 non
886 2979 1063 3025 autem
1110 2968 1497 3025 maledicautur
1524 2977 1580 3023 ut
1612 2970 1738 3025 mali
1771 2985 2066 3038 memores,

498 3076 600 3118 nec
625 3061 880 3132 scriptor,
937 3062 981 3116 si
1014 3061 1146 3116 tales
1200 3060 1399 3116 excitet
1457 3063 1765 3127 memorias,
1823 3063 1890 3118 de
1942 3063 2073 3119 mali

498 3156 755 3210 memoria
774 3157 1033 3225 probrose
1055 3162 1270 3209 notetur
1288 3193 1304 3220 ,
1333 3153 1465 3223 quid
1513 3154 1728 3212 tandem
1750 3165 1962 3226 oportet
1983 3172 2076 3214 eos
2103 3187 2146 3248 ε

490 3250 795 3320 jocari,qui
840 3249 1139 3319 simplicem
1171 3249 1298 3304 mali
1326 3249 1642 3305 memoriam
1695 3250 1753 3303 in
1801 3251 1927 3312 mali
1962 3266 2077 3307 me-

497 3342 721 3397 moriam
778 3341 1080 3396 inducunt?
1127 3340 1184 3395 Si
1263 3356 1349 3395 me
1399 3342 1668 3409 persecuti
1721 3351 1869 3409 sunt,
1900 3352 1952 3397 et
1984 3359 2081 3400 vos

494 3434 886 3501 persequentur
917 3431 983 3483 ".
1019 3429 1075 3485 Si
1125 3444 1213 3484 me
1239 3430 1516 3502 persecuti
1565 3439 1711 3497 sunt,
1739 3429 1943 3499 inquis,
1978 3430 2083 3486 Do-

497 3524 641 3578 mine
676 3522 952 3577 Salvator:
1001 3536 1131 3592 ergo
1158 3521 1285 3576 mali
1321 3520 1642 3587 meministi,
1669 3521 1935 3591 siquidem
1963 3538 2081 3578 om-

495 3615 582 3670 nis
640 3616 949 3684 persecutio
1007 3623 1292 3684 reputatur
1347 3613 1400 3668 in
1426 3615 1793 3682 vexationem,
1820 3616 1908 3671 ille
1953 3632 2081 3673 vero

494 3707 584 3776 qui
637 3707 886 3763 meminit
919 3706 1227 3776 huiusmodi
1269 3705 1394 3761 mali
1424 3706 1573 3772 ,mali
1600 3722 1809 3762 memor
1841 3717 1944 3764 est.
1967 3706 2079 3764 Ve-

499 3816 618 3856 rum
648 3800 753 3856 hoc
782 3799 998 3869 quidem
1028 3799 1166 3855 forte
1188 3813 1281 3868 per
1320 3800 1718 3870 oppositionem
1753 3799 1894 3855 Deus
1922 3800 2078 3856 intel-

495 3897 729 3966 ligit.ct
782 3892 1041 3963 explicari
1105 3898 1303 3962 potest.
1356 3890 1415 3948 Si
1468 3907 1598 3947 vero
1626 3906 1845 3963 quoque
1873 3892 2069 3958 David,

495 3988 726 4059 psallens
795 3987 862 4041 de
913 3985 1237 4055 quibusdam
1271 4023 1287 4048 .
1319 3984 1461 4055 quod
1517 3984 1896 4041 maledixcrint
1951 3986 2076 4057 ipsi,

493 4079 766 4149 velutique
820 4077 1162 4134 sermonibus
1207 4077 1316 4132 odii
1362 4076 1821 4133 circumvenerint
1873 4077 2074 4146 ipsum,

493 4181 545 4226 et
589 4171 759 4241 gratis
782 4168 882 4239 ipsi
931 4168 1131 4224 bellum
1164 4166 1463 4230 intulerint,
1496 4167 1904 4238 vituperarelur
1935 4166 2078 4225 forte

484 4262 648 4333 quasi
712 4260 837 4314 mali
889 4272 1116 4325 memor,
1178 4257 1449 4331 siquidem
1485 4297 1500 4324 ,
1533 4259 1678 4327 quod
1705 4255 1871 4314 fuerit
1895 4259 2075 4325 Iesus,

496 4352 776 4417 meminit;
810 4354 924 4422 ipse
940 4351 1101 4406 etiam
1131 4366 1252 4407 cum
1277 4350 1469 4420 spiritu
1491 4350 1880 4418 justilicabitur
1904 4361 1958 4406 et
2007 4351 2074 4407 ab

495 4446 601 4501 illis
649 4446 718 4502 de
762 4445 957 4515 quibus
1001 4442 1445 4514 reprehenditur,
1506 4456 1566 4498 se
1591 4441 1863 4511 purgabit.

2181 571 2479 641 σωφρόνων
2511 571 2586 634 ὼς
2622 572 2884 624 ἑκάστοτε
2914 586 2929 598 ·
2963 571 3014 624 οἳ
3040 571 3247 639 ἀγαθόν
3266 589 3319 625 τι
3357 576 3760 643 παρηνομημέ-

2179 681 2271 716 νον
2304 662 2590 734 μαθόντες,
2636 662 2817 715 καὶτὸ
2847 661 3019 715 κακὸν
3057 662 3459 735 μυσαχθέντες,
3498 665 3760 737 βαρύνον-

2180 774 2275 811 ται
2308 758 2449 811 κατὰ
2484 758 2580 809 τοῦ
2617 758 2963 826 παρανόμου,
3002 758 3099 811 καὶ
3123 757 3250 810 οὔτε
3286 757 3639 815 συνοδεύουσι
3678 758 3759 829 τῷ

2179 850 2432 920 τοιούτῳ,
2470 848 2609 903 ἀλλὰ
2660 851 2768 902 κᾶν
2796 849 2850 901 εί
2900 866 3005 903 που
3055 852 3263 919 σχίσμα
3302 850 3426 903 ὁδοῦ
3464 851 3756 924 ξυναγάγῃ

2180 942 2379 1005 αὐτοὺς
2444 942 2525 1004 είς
2581 940 2663 1005 ἓν,
2722 942 3087 1012 ἐκτρέπονται
3135 942 3197 994 τὸ
3260 944 3621 1012 συνάντημα,
3661 947 3761 997 καὶ

2182 1036 2262 1096 εἰς
2310 1034 2567 1087 τοσοῦτον
2620 1033 2924 1101 ἀμύνονται
2969 1035 3248 1103 νεμέσεως
3290 1033 3435 1105 λόγῳ
3463 1034 3523 1088 τὸ
3566 1035 3760 1101 κακὸν,

2178 1124 2334 1177 οὐδέν
2392 1142 2445 1177 τι
2502 1126 3105 1195 προσεπιὸλάπτοντες.
3157 1129 3222 1182 Ei
3277 1126 3343 1198 δὴ
3416 1128 3756 1199 μνησίκακῡι

2179 1208 2350 1279 οὗτοι,
2395 1214 2879 1285 γνωματεύτωσαν
2913 1215 2964 1270 οἱ
2996 1218 3055 1269 ἐν
3110 1217 3243 1287 ἡμῖν
3280 1218 3460 1285 σοτοὶ,
3519 1217 3654 1288 παρ’
3677 1215 3762 1281 οἷς

2180 1308 2379 1363 ταύτὸν
2440 1309 2616 1361 κακοῦ
2661 1310 2851 1379 μνήμη
2910 1310 3007 1364 καὶ
3063 1311 3491 1382 μνησικάκημα.
3528 1312 3762 1381 Μέμνη-

2178 1417 2271 1454 ται
2326 1400 2498 1454 κακοῦ
2569 1400 2663 1454 καὶ
2712 1405 2740 1454 ὁ
2801 1402 3090 1471 τιθέμενος
3161 1403 3574 1474 ἐξομολόγησιν.
3627 1404 3762 1456 Τολ-

2183 1491 2449 1561 μάτωσαν
2499 1487 2600 1545 οὖν
2652 1493 3027 1563 άποῤῥιπτεῖν
3078 1495 3173 1548 καὶ
3224 1494 3317 1548 τὸν
3374 1495 3616 1549 τοιοῦτον
3680 1498 3762 1558 είς

2183 1585 2558 1655 μνησίκακον·
2597 1584 2915 1655 ψεγέτωσκν
2964 1587 3021 1640 δὲ
3068 1589 3154 1656 ἐφ’
3206 1588 3371 1660 ὁμοία
3420 1590 3597 1660 κακίᾳ.
3666 1589 3767 1644 καὶ

2178 1679 2307 1740 τοὺς
2374 1676 2482 1729 τῶν
2555 1678 2747 1748 ψυχῶν
2812 1678 3153 1749 ἀναδόχους,
3185 1680 3283 1735 καὶ
3352 1680 3767 1745 ὀπλιζέσθωσαν

2176 1770 2322 1825 οὕτω
2352 1770 2475 1822 κατ’
2507 1770 2676 1839 αὐτῆς
2702 1770 3173 1841 ἐξομολογήσεως.
3222 1772 3281 1825 '0
3304 1772 3412 1842 γάρ
3444 1791 3526 1827 τοι
3561 1791 3766 1846 καταρ-

2182 1862 2346 1926 τίζων
2375 1860 2579 1931 ψυχὰς,
2608 1862 2821 1915 κακιῶν
2853 1862 3210 1934 μεμνημένος
3234 1864 3507 1931 παλαιῶν,
3546 1867 3766 1936 ἐνεργεῖ

2182 1954 2251 2008 τά
2286 1948 2553 2025 σωτήρια,
2622 1953 2684 2008 οὐ
2722 1954 3103 2025 μνησικακῶν.
3137 1957 3208 2010 “Il
3255 1956 3364 2027 γὰρ
3421 1956 3488 2011 ἂν
3537 1957 3763 2029 ἐτέρους

2182 2046 2410 2118 ὠφελῶν
2464 2047 2627 2111 αὐτὸς
2702 2047 3042 2113 ἐϐλάπτετο,
3089 2048 3186 2101 καὶ
3240 2050 3517 2121 σωτηρίαν
3579 2050 3762 2115 ἄλλοις

2183 2140 2719 2210 πραγματευόμενος
2750 2137 3031 2193 ἀπώλειαν
3054 2140 3439 2211 ἀπεκέρδαινε,
3473 2144 3765 2212 μεμνημέ-

2181 2248 2271 2295 νος
2299 2231 2357 2285 δέ
2392 2231 2613 2296 κακίας,
2673 2231 2758 2286 ἵνα
2817 2231 3100 2304 φαρμάκῳ
3144 2234 3437 2304 μετανοίας
3474 2234 3761 2307 ἐκκενώσῃ

2181 2324 2243 2377 τὸ
2268 2324 2332 2377 ἐκ
2367 2322 2578 2377 κακιῶν
2604 2323 2958 2396 δηλητήριον.
3014 2324 3228 2381 Οὔκουν
3256 2326 3368 2380 οὐδ’
3397 2326 3426 2380 6
3462 2345 3482 2379 ι
3514 2328 3762 2393 τοιοῦτος

2182 2414 2539 2486 μνησίκακος,
2565 2409 2611 2470 ὦ
2660 2414 2730 2469 τὰ
2757 2416 2937 2472 πάντα
2959 2417 3118 2488 ὑμεῖς
3157 2417 3504 2487 μνησίκαλοι.

2253 2504 2346 2571 ξδ’.
2390 2506 2579 2559 Ἔστιν
2614 2506 2797 2577 εὑρεῖν
2847 2508 3023 2561 κακοῦ
3063 2508 3287 2580 μνήμην
3317 2513 3416 2562 καὶ
3442 2510 3758 2582 ἱστορικὴν,

2180 2597 2238 2664 ἐξ
2265 2592 2334 2671 ἧς
2356 2598 2456 2651 ὅσα
2484 2599 2578 2652 καὶ
2621 2599 2831 2669 μητρδς
2872 2601 3160 2671 προΐενται
3207 2599 3445 2669 γνώσεις
3478 2604 3627 2667 τινὲς
3664 2604 3765 2660 καὶ

2180 2692 2520 2762 συγγραφαὶ,
2567 2691 3128 2762 ἀπομνημονεύουσαι
3188 2697 3331 2748 κατὰ
3388 2698 3766 2768 πεπραγμένα

2183 2784 2320 2853 πρὸς
2360 2781 2567 2837 τούτων
2600 2783 2634 2855 ἦ
2679 2783 2928 2849 ἐκείνων,
2959 2784 3008 2837 οἶ
3053 2786 3171 2849 ταῖς
3208 2785 3414 2856 βίϐλοις
3471 2790 3763 2856 ἐμπεριει-

2177 2874 2440 2946 λήφαται.
2488 2876 2551 2929 Εί
2614 2875 2798 2929 τοίνυν
2837 2877 3027 2931 κακῶν
3075 2878 3383 2949 μέμνηνται
3434 2880 3536 2950 μὲν
3578 2882 3679 2935 καὶ
3713 2886 3763 2937 οε

2181 2968 2557 3042 ἱστοροῦντες,
2622 2970 2685 3023 o6
2758 2970 3189 3025 καταλαλοῦνται
3262 2973 3319 3026 δὲ
3382 2974 3761 3045 μνησίκακοι,

2178 3061 2273 3116 καὶ
2307 3061 2427 3117 ούδέ
2463 3062 2839 3132 συγγραφεὺς,
2871 3062 2925 3115 εί
2949 3080 3051 3117 που
3088 3063 3306 3135 μνήμας
3335 3066 3593 3130 τοιαύτας
3622 3067 3764 3121 ὑπο-

2180 3156 2356 3222 κινεῖ,
2386 3155 2805 3225 καταφάσκεται
2855 3157 2938 3219 είς
2988 3156 3352 3227 μνησίκακον,
3410 3158 3465 3210 τί
3506 3158 3570 3228 δὴ
3625 3160 3764 3212 παί-

2183 3247 2298 3312 ζειν
2321 3246 2572 3318 χρὴ,τὴν
2607 3248 2797 3312 ἁπλῶς
2825 3246 2920 3301 τοῦ
2969 3247 3142 3302 κακοῦ
3206 3250 3430 3321 μνήμην
3487 3253 3568 3313 είς
3624 3269 3766 3322 μνη-

2183 3339 2441 3395 σικακίαν
2501 3338 2841 3410 άνάγονταςς
2892 3339 2955 3393 Et
3012 3340 3112 3411 ἐμὲ
3148 3341 3396 3409 ἐδίωξαν,
3438 3343 3536 3397 καὶ
3610 3344 3761 3412 ὑμᾶς

2182 3431 2485 3498 διώξουσιν.
2541 3433 2607 3486 Et
2671 3432 2773 3503 ἐμέ
2846 3432 3108 3498 ἐδίωξαν,
3153 3433 3284 3505 φὴς,
3333 3428 3378 3488 ὦ
3425 3436 3609 3506 Σῶτερ
3672 3438 3767 3490 Δέ-

2184 3542 2358 3578 σποτα
2381 3539 2396 3554 °
2418 3522 2615 3577 οὐκοῦν
2653 3525 3036 3616 μνησικακεές,
3062 3524 3177 3592 είγε
3203 3525 3444 3594 διωγμὸς
3480 3526 3579 3595 μὲν
3614 3524 3765 3590 ἄπας

2182 3618 2264 3679 είς
2314 3615 2563 3669 κάκωσιν
2624 3615 3125 3685 προσλογίςεται,ὀ
3154 3616 3214 3669 δέ
3271 3617 3535 3686 μνησθεὶς
3588 3618 3765 3673 κακοῦ

2184 3708 2430 3767 τοιούτου
2472 3709 2816 3780 μνησίκακός
2861 3711 3028 3766 ἐστιν.
3096 3710 3259 3764 Ἀλλὰ
3304 3710 3463 3765 τοῦτο
3498 3712 3597 3782 μὲν
3627 3712 3767 3776 Θεός

2184 3802 2349 3856 ποθεν
2402 3803 2533 3866 ἴσως
2584 3803 2778 3857 ἀκούει
2830 3803 2968 3875 πρὸς
3018 3804 3330 3869 ἀντίθεσιν,
3392 3807 3488 3859 καὶ
3534 3806 3766 3861 δύναται

2182 3893 2314 3948 αὐτὸ
2343 3893 2730 3949 ἐπιλύσασθαι.
2781 3894 2844 3948 Ei
2873 3895 2930 3948 δὲ
2962 3896 3056 3949 καὶ
3094 3895 3121 3947 6
3147 3895 3315 3950 Δαυῖδ
3346 3895 3568 3965 ψάλλων
3629 3899 3764 3969 περί

2179 4005 2366 4054 τινων,
2408 3988 2483 4052 ὡς
2521 3988 2671 4042 κακὰ
2704 3983 2860 4042 εἷπον
2888 3988 3061 4062 αὐτῷ,
3110 3989 3206 4041 καὶ
3234 3988 3311 4051 ὡς
3351 3988 3529 4054 λόγοις
3561 3988 3764 4058 μίσους

2181 4079 2505 4134 ἐκύκλωσαν
2544 4081 2729 4142 αὐτὸν,
2766 4082 2862 4135 καὶ.
2902 4081 3257 4149 ἐπολέμησαν
3317 4079 3469 4150 αύτῷ
3519 4080 3759 4151 δωρεὰν,

2178 4172 2403 4244 ψεχθείη
2434 4173 2599 4227 ποοέν
2654 4167 2743 4226 οἷα
2779 4193 2797 4226 ι
2836 4174 3198 4243 μνησίκακος,
3232 4191 3251 4225 ι
3313 4172 3451 4242 είγε
3483 4174 3762 4244 μέμνηται

2181 4264 2454 4329 κακωθείς
2512 4281 2529 4298 ο
2591 4265 3002 4335 ἀπολογήσεται
3079 4266 3173 4320 καὶ
3246 4264 3411 4329 αὐτὸς
3467 4264 3608 4335 μετᾶ
3666 4267 3760 4321 τοῦ

2180 4356 2511 4427 πνεύματος,
2567 4362 2663 4411 καὶ
2720 4358 2973 4415 ἁοωώσει
3027 4358 3248 4423 ἑαυτὸν,
3308 4356 3396 4427 ἐφ’
3429 4351 3513 4421 οἷς
3540 4357 3762 4422 ἐξελὲν-

2177 4464 2356 4519 χεται.

564 4538 655 4595 65.
718 4537 827 4593 Nos
890 4547 1070 4592 autem
1128 4536 1386 4597 dicimus,
1451 4528 1594 4602 Quod
1657 4548 1833 4600 neque
1884 4541 2064 4602 pater,

2253 4540 2346 4605 ξε’.
2391 4541 2586 4610 Ἠμεῖς
2626 4539 2682 4593 δέ
2715 4556 2922 4611 φαμεν,
2975 4540 3069 4593 καὶ
3104 4538 3182 4602 ὡς
3210 4536 3339 4594 οὔτε
3382 4540 3592 4611 πατὴρ,
3629 4542 3759 4594 οὔτε

464 4645 666 4702 tneque
699 4633 981 4698 magister,
1009 4640 1183 4697 neque
1212 4635 1403 4697 pastor
1465 4623 1685 4692 valebit,
1719 4623 1809 4678 ille
1854 4624 2072 4693 quidem

494 4733 675 4787 natos,
716 4722 819 4777 iste
845 4719 1166 4790 discipulos,
1201 4719 1289 4774 hic
1346 4727 1530 4773 autem
1576 4719 1835 4786 pecudes,
1874 4734 2076 4774 secun-

493 4817 622 4872 dum
647 4815 847 4870 bonum
884 4810 1048 4875 ﬁnem
1074 4811 1369 4881 unicuique
1390 4820 1814 4879 competentem,
1836 4825 2074 4886 .conver-

496 4921 610 4964 tere
638 4949 652 4974 ,
720 4909 821 4963 nisi
854 4905 1172 4962 meminerit
1203 4905 1368 4959 etiam
1402 4903 1665 4959 malorum
1693 4918 1809 4972 quae
1839 4905 1955 4969 lilii,
1987 4904 2073 4960 vel

493 5000 749 5070 discipuli
780 5001 862 5053 vel
903 5012 1035 5054 oves
1064 4996 1434 5062 committunt,
1459 5004 1513 5051 et
1536 5011 1665 5065 qua:
1689 4996 2067 5064 praesidentes,

493 5101 724 5162 patrem,
778 5089 1128 5159 magistrum,
1166 5098 1441 5158 pastorem
1500 5086 1763 5158 afﬂigunt.
1813 5086 1869 5141 Si
1909 5089 2072 5158 igitur

492 5185 735 5254 egoipse
769 5188 964 5252 partim
996 5181 1215 5249 quidem
1255 5181 1551 5236 secundum
1596 5180 1845 5250 spiritum
1896 5188 2067 5249 pater,

488 5277 689 5346 partim
714 5288 892 5329 autem
914 5274 1033 5329 sine
1066 5280 1223 5344 tropo
1256 5273 1536 5342 magister,
1557 5271 1671 5339 jam
1697 5286 1823 5327 vero
1850 5287 2070 5343 quoque

496 5379 698 5438 pastor,
732 5366 922 5436 quales
974 5364 1120 5421 Deus
1146 5365 1262 5421 suis
1313 5365 1536 5421 mandat
1564 5364 1826 5435 praesides
1857 5362 2071 5418 futuros

488 5463 742 5531 gregibus
793 5459 991 5524 sacris,
1024 5458 1155 5513 milii
1196 5458 1461 5514 rationale
1500 5465 1585 5513 est
1628 5460 1700 5528 ζει
1749 5456 2066 5512 memoriam

490 5553 699 5610 habere
735 5551 1095 5619 quorumdam
1136 5551 1420 5616 malorum,
1460 5564 1581 5619 qua:
1610 5549 1764 5618 juxta
1796 5548 2068 5602 verisimi—

494 5644 777 5700 litudinem
824 5642 1127 5697 admittunt.
1166 5644 1245 5699 illi
1278 5644 1369 5714 qui
1418 5643 1521 5697 sub
1545 5642 1785 5696 divinam
1828 5640 2069 5711 paterni-

496 5744 687 5797 talum,
751 5732 839 5802 qui
898 5734 998 5788 sub
1033 5732 1371 5789 Dominicam
1418 5731 1779 5802 disciplinam,
1830 5731 1922 5800 qui
1964 5730 2066 5786 sub

558 5844 608 5881 “
634 5838 797 5909 Joan,
828 5864 924 5915 xv,
945 5847 1039 5908 ευ.

2178 4628 2525 4695 διδάσκαλος,
2581 4629 2705 4682 ούδέ
2734 4629 2844 4698 μὴν
2875 4627 3084 4698 ποιμὴν
3114 4629 3436 4698 δυνήσεται,
3477 4631 3504 4681 6
3536 4632 3635 4699 μὲν
3664 4630 3759 4684 ἐκ·

2177 4737 2334 4789 γονα,
2365 4722 2393 4773 6
2427 4721 2487 4774 δέ
2544 4720 2833 4791 φοιτητὰς,
2866 4721 2894 4774 6
2937 4719 2997 4775 δὲ
3051 4720 3237 4789 τρίτος
3284 4719 3583 4790 θρέμματα
3636 4721 3761 4773 ἐπιο

2177 4813 2439 4886 στρέψαι,
2470 4814 2613 4884 πρὸς
2651 4813 2791 4882 ὅπερ
2835 4812 3090 4876 ἑκάστοις
3116 4810 3408 4882 πρόκειται
3438 4810 3646 4877 ὺγαοδν
3671 4811 3758 4864 τέ-

2175 4913 2290 4973 λος,
2335 4906 2386 4958 εί
2452 4905 2529 4975 μὴ
2582 4908 2863 4974 μέμνηται
2915 4904 3010 4956 καὶ
3045 4903 3257 4969 κακῶν,
3287 4902 3323 4956 ἃ
3372 4903 3564 4965 παῖδες
3594 4903 3626 4972 ἦ
3654 4903 3756 4972 μύ-

2179 5015 2305 5051 σται
2332 4997 2364 5069 ἢ
2403 4997 2634 5068 ποίμνια
2664 4995 2923 5062 κακοῦσί,
2965 4993 3219 5049 θλίϐοντα
3246 4994 3373 5058 τοὺς
3399 4995 3754 5048 ἐπιστατοῦν-

2175 5100 2299 5149 τας,
2332 5084 2424 5137 τὸν
2455 5083 2697 5153 πατέρα,
2723 5084 2814 5136 τὸν
2844 5082 3189 5146 διδάσκαλον,
3244 5082 3336 5136 τὸν
3367 5084 3750 5153 ποιμαίνοντα.

2176 5176 2240 5228 Et
2275 5174 2341 5246 δὴ
2402 5170 2495 5228 οὖν
2546 5174 2648 5228 καὶ
2689 5174 2854 5236 αὐτὸς
2918 5173 3030 5242 ἐγὼ
3068 5176 3149 5244 πῆ
3203 5174 3304 5243 μὲν
3357 5174 3546 5245 πατὴρ
3609 5173 3753 5226 κατὰ

2176 5263 2421 5334 πνεῦμα,
2454 5263 2533 5333 πῆ
2565 5263 2623 5316 δὲ
2668 5264 2762 5316 καὶ
2790 5265 3001 5335 τροπῆς
3024 5262 3140 5328 ,ἔξω
3173 5263 3519 5327 διδάσκαλος,
3566 5263 3663 5335 ήδη
3693 5263 3750 5316 δὲ

2175 5358 2271 5411 καὶ
2325 5357 2557 5428 ποιμὴν,
2606 5356 2829 5419 ὁποίους
2896 5360 2925 5409 6
2973 5355 3106 5418 Θεὸς
3160 5357 3279 5419 ταῖς
3330 5355 3528 5409 ἐαυτοῦ
3572 5356 3747 5423 ἱεραῖς,

2178 5451 2445 5522 μάνδραις
2556 5449 2883 5504 ἀποστέλλει
2985 5452 3456 5521 ἐπιστατήσοντας
3506 5466 3521 5480 ⁸
3590 5448 3750 5504 εὔλο-

2173 5545 2268 5612 γόν
2306 5561 2422 5614 μοι,
2474 5544 2569 5601 καὶ
2631 5543 2853 5615 μνήμην
2917 5543 3064 5613 ἔχειν
3130 5542 3321 5596 κακῶν
3365 5559 3549 5607 τινων,
3606 5541 3749 5610 ἅπερ

2171 5636 2249 5697 ὡς
2334 5635 2480 5697 εἰκὸς
2570 5632 3062 5704 ἐξαμαρτάνουσιν
3126 5634 3177 5685 cl
3249 5633 3356 5687 ὑπὸ
3428 5631 3749 5705 πατρὸτητα

2173 5727 2346 5792 θείαν,
2410 5727 2461 5781 οί
2511 5727 2617 5781 ὑπὸ
2670 5726 2956 5781 παίδευσιν
3005 5724 3323 5799 Κυριακὴν,
3376 5726 3426 5780 οἱ
3460 5726 3565 5779 ὑπὸ
3622 5723 3747 5776 ποί-
