4090 6470
363 410 466 474 467

1076 389 1489 465 EUsTATmt
1533 396 2277 460 THESSALONICENSIS
2322 368 2896 455 METROPOLlT/E

3501 381 3606 457 4'68

366 542 470 578 nou
502 524 758 580 tntic'cistt's
787 523 841 580 dt
891 524 1048 577 muco
1093 521 1350 591 perfusus
1378 517 1448 572 ob
1503 524 1773 584 agrestem
1809 526 1938 581 pue-

2055 511 2250 582 νότητι,
2281 511 2474 579 καὶμὴ
2507 509 2780 579 κορυζῶν,
2815 508 2911 561 καὶ
2953 504 3096 578 μύξῃ
3148 505 3486 576 κατάρῤυτω
3517 511 3606 562 διὰ

364 619 619 672 rilitatem
656 627 707 670 et
749 615 1170 684 simplicitatem.
1202 611 1303 667 Odi
1357 609 1608 665 Proteum
1655 605 1934 658 multilor-

366 724 532 762 mem.
557 709 692 761 Amo
715 706 1008 762 secundum
1035 705 1200 758 Deum
1223 701 1671 756 uniformitatem.
1700 702 1937 751 Aversor

367 803 507 866 quod
536 801 830 853 secundum
865 797 1148 866 EmpuSam
1175 795 1376 849 multas
1402 793 1575 848 induit
1599 789 1934 862 phantasias.

365 892 523 945 Zelor
567 892 620 944 in
659 890 877 944 homine
903 888 1310 956 simplicitatem
1340 896 1393 940 et
1417 881 1932 938 immutabilitateut.

370 981 485 1033 Non
536 981 693 1050 juxta
746 995 950 1050 pronos
1010 980 1219 1047 sphaera
1297 984 1598 1045 reputarer,
1654 972 1810 1041 cujus
1854 980 1934 1024 est

369 1089 582 1141 semper
604 1087 727 1129 esse
754 1073 975 1137 mobile,
1009 1071 1103 1126 sed
1135 1071 1330 1132 cubus,
1369 1067 1525 1136 cujus
1555 1075 1639 1119 est
1666 1062 1937 1118 stabilitas

365 1175 517 1219 extra
551 1167 1030 1235 reprehensionem
1062 1173 1430 1232 tetragonum.
1460 1158 1574 1212 Non
1601 1159 1752 1210 novit
1784 1165 1942 1208 natu-

369 1277 426 1312 ra
460 1260 714 1327 tricipitia
749 1272 989 1312 moasna
1019 1274 1033 1311 :
1063 1254 1332 1324 quomodo
1386 1252 1600 1306 noverit
1655 1249 1939 1317 centicipi-

369 1352 483 1406 tia?
519 1349 630 1405 Nec
655 1350 825 1405 Janus
850 1349 1059 1416 absque
1091 1344 1523 1416 reprehensione
1554 1340 1801 1396 biformis
1835 1347 1937 1393 est.

374 1443 521 1497 Unus
563 1441 694 1495 mihi
759 1454 988 1508 prorsus
1038 1447 1184 1492 esset
1217 1435 1418 1500 vultus,
1467 1435 1559 1502 qui
1607 1431 1818 1486 cunctis
1859 1439 1943 1484 est

371 1533 516 1594 aliis,
577 1530 745 1584 Deum
811 1528 1172 1598 spirantibus.
1244 1525 1366 1579 Non
1425 1523 1709 1586 saltarem,
1768 1535 1943 1589 neque

371 1623 669 1676 secundum
699 1621 1033 1690 pyrricham,
1079 1632 1254 1684 neque
1304 1617 1660 1690 corybantum
1714 1627 1863 1666 more
1925 1625 1939 1662 :

372 1713 466 1765 sed
509 1711 805 1776 radicarer,
850 1709 1058 1763 stabilis
1119 1722 1466 1777 permanens,
1518 1705 1608 1759 ubi
1664 1704 1940 1765 convenit,

374 1803 558 1872 planta
591 1801 852 1862 caelestis.
889 1817 949 1854 ex
988 1799 1165 1868 aliqua
1195 1807 1346 1865 parte
1387 1797 1636 1850 maximae
1662 1794 1943 1863 sapientia

372 1896 636 1965 paradisi.
673 1892 746 1949 lbi
795 1893 1058 1960 plantavit
1093 1908 1177 1946 me
1213 1892 1373 1952 Deus,
1404 1891 1519 1944 sive
1573 1887 1940 1950 fructiferum,

372 1989 486 2041 sive
537 1989 794 2040 nudatum
851 1985 1146 2044 alentibus.
1185 1983 1391 2038 nescio.
1437 1980 1702 2034 Sisterem
1754 1978 1941 2047 igitur,

374 2079 512 2132 sicut
541 2077 827 2130 ordinatus
855 2091 996 2140 sum,
1033 2089 1098 2127 ne
1142 2087 1382 2142 quoque,
1422 2084 1640 2125 sursum
1687 2069 1944 2122 deorsum

372 2171 572 2235 factus,
625 2168 824 2238 quibus
863 2168 1060 2237 agitor,
1107 2165 1320 2220 inutilia
1373 2163 1594 2218 reddam
1641 2173 1766 2230 qua:
1813 2161 1944 2214 mihi

373 2264 843 2319 communicantur
890 2262 940 2315 in
977 2261 1444 2315 assimilationem.
1509 2257 1668 2312 Aliud
1719 2257 1946 2326 populus

373 2356 653 2422 simplex,
693 2361 747 2407 et
798 2353 943 2406 aliud
1018 2351 1249 2422 populus
1317 2364 1492 2404 sacer.
1565 2347 1663 2402 Hic
1731 2348 1944 2416 quidem

374 2463 606 2509 sors-mu.
642 2445 729 2499 ille
751 2459 877 2499 vero
901 2443 1153 2499 deorsqu
1188 2442 1349 2497 fixus.

448 2579 538 2633 68.
575 2576 710 2645 Quid
743 2576 907 2648 igitur
938 2591 1022 2630 me
1074 2576 1374 2630 subducere
1433 2575 1620 2641 vultis,
1657 2575 1945 2631 indocilem

377 2667 614 2735 deﬂecti,
650 2683 757 2736 quo
790 2681 894 2720 non
933 2665 1063 2720 sinit
1104 2665 1309 2734 regula,
1345 2681 1464 2735 quae
1517 2681 1601 2719 me
1652 2666 1845 2734 scalpit
1889 2665 1946 2719 in

379 2761 624 2815 rectum?
651 2759 847 2814 irrisus
870 2768 950 2812 est
978 2770 1033 2812 et
1067 2759 1330 2813 maximus
1363 2769 1550 2814 noster
1577 2758 1858 2824 Dominus,
1894 2768 1949 2813 et

379 2853 470 2922 qui
529 2853 774 2905 luserunt
825 2851 1196 2922 justiﬁcantur
1248 2851 1425 2906 adhuc
1477 2853 1528 2905 in
1583 2852 1698 2907 suis
1752 2852 1946 2908 saltem

380 2943 727 3011 Opinionibus
767 2961 779 2997 :
819 2943 909 2996 sed
943 2942 1075 2996 nihil
1126 2943 1432 3012 proﬁciunt,
1471 2944 1570 2998 sed
1602 2959 1722 2997 cum
1758 2943 1951 2999 electis

380 3037 726 3090 ordinantur.
757 3035 1010 3089 Attamen
1045 3050 1165 3088 cum
1195 3036 1392 3104 aliquis
1421 3051 1485 3091 ex
1520 3037 1624 3092 illis
1653 3038 1789 3092 adeo
1820 3051 1950 3092 ma-

381 3128 549 3183 lclicis
582 3129 647 3182 ad
680 3141 801 3180 cum
853 3141 989 3194 pure
1041 3127 1186 3181 venit
1235 3135 1292 3180 et
1340 3128 1528 3182 abnuit
1578 3129 1784 3197 priora,
1821 3139 1950 3184 tunc

2036 605 2097 656 τὸ
2139 603 2260 656 κατ’
2311 603 2601 672 ἀγροικίαν
2640 601 2861 655 παιδνὸν
2917 616 2977 652 τε
3024 601 3118 651 καὶ
3177 601 3396 666 ἀφελές.
3449 603 3608 654 Μισῶ

2039 696 2269 767 Πρωτέα
2318 695 2410 749 τὸν
2442 695 2816 765 πολύμορφον.
2860 693 3004 746 Φιλῶ
3059 694 3121 746 τὸ
3167 693 3309 746 κατά
3342 695 3478 747 Θεὸν
3511 713 3608 764 μο-

2039 789 2322 858 νότροπον.
2361 787 2869 857 ’Λποτροπιάζομαι
2895 786 2955 838 τὸ
2982 785 3127 837 κατά
3155 784 3253 854 τὴν
3285 785 3609 852 Ἔμπουσαν

2040 881 2512 948 πολυφάνταστον.
2551 878 2710 948 Ζηλῶ
2763 877 2823 930 τὸ
2877 876 2998 929 κατ’
3037 876 3327 946 ἄνθρωπον
3402 877 3610 931 ἁπλοῦν

2043 973 2137 1024 καὶ
2167 972 2475 1025 ἀποίκιὶον.
2517 971 2610 1038 Μὴ
2644 971 2850 1038 σφαῖρα
2883 967 3208 1036 λογιζοίμην
3267 968 3411 1020 κατὰ
3469 986 3613 1037 npu-

2046 1063 2192 1129 νοῦς,
2231 1061 2298 1136 ἧς
2326 1064 2414 1116 ἀεὶ
2449 1063 2509 1116 τὸ
2548 1062 2717 1123 οὕτως
2755 1060 3014 1123 ἄστατον,
3045 1059 3180 1112 ἁ).λὰ
3211 1059 3395 1123 κύϐος,
3434 1052 3494 1112 οὗ
3550 1058 3610 1110 τὸ

2045 1157 2314 1226 στάσιμον
2344 1156 2437 1208 καὶ
2467 1153 2569 1218 ἔξω
2625 1152 2797 1220 ψόγου
2829 1152 3194 1220 τετράγωνον.
3233 1151 3346 1203 Οὐκ
3406 1147 3548 1204 οἶδεν
3579 1153 3612 1218 ἡ

2046 1249 2213 1318 φύσις
2246 1246 2556 1318 τρικέφαλα
2589 1246 2810 1315 τέρατα·
2852 1246 2964 1306 πῶς
3008 1239 3101 1296 οὖν
3153 1245 3319 1313 εἰδείη
3370 1243 3436 1296 ἂν
3487 1245 3615 1296 ἑκα-

2041 1341 2360 1410 τογκέφαλα
2388 1358 2403 1406 ;
2441 1339 2582 1392 Ούδὶ
2605 1339 2666 1390 τὸ
2690 1345 2782 1390 τοῦ
2825 1336 3032 1390 ἰἀννου
3061 1336 3412 1400 διπρόσωπον
3442 1338 3617 1389 ἀκατ-

2041 1434 2194 1486 αιτία
2224 1449 2340 1485 τον.
2387 1429 2489 1484 Ἕν
2523 1448 2614 1499 μοι
2651 1431 2948 1499 πρόσωπον
2976 1429 3064 1497 εἴη
3100 1428 3186 1481 διὰ
3215 1428 3436 1490 παντὸς,
3467 1427 3496 1480 δ
3523 1428 3617 1480 καὶ

2049 1527 2161 1588 τοῖς
2195 1525 2378 1587 ἄλλοις
2418 1525 2647 1585 ἅπασιν,
2682 1523 2730 1574 οἳ
2765 1522 2899 1574 Θεὸν
2935 1520 3180 1574 πνέουσι.
3206 1521 3298 1590 Μὴ
3349 1520 3618 1590 ὀρχοίμην

2049 1621 2189 1688 μήτε
2213 1616 2348 1687 πρὸς
2374 1614 2674 1687 πυρρίχην,
2711 1614 2852 1684 μήτε
2908 1611 3283 1682 κορυϐαντιῶν
3305 1629 3320 1643 ο
3366 1612 3502 1663 ἀλλὰ
3533 1614 3618 1681 ῥι-

2047 1711 2264 1780 ζοίμην,
2303 1710 2531 1780 μόνιμος
2561 1706 2834 1776 βεϐηκὼς,
2865 1705 2950 1775 ἐφ’
2981 1699 3041 1758 οὗ
3101 1703 3301 1774 χρεὼν,
3333 1703 3498 1772 φυτὸν
3525 1705 3618 1755 ού-

2053 1804 2237 1874 ρὰνιον
2259 1802 2322 1855 ἐκ
2356 1801 2522 1855 ποθεν
2553 1800 2887 1870 παραδείσου
2923 1796 3016 1850 τοῦ
3055 1796 3197 1850 κατὰ
3226 1796 3324 1866 τὴν
3353 1797 3619 1865 μεγίστην

2051 1894 2266 1962 σοφίαν.
2321 1890 2628 1961 Ἐκήπευσέ
2656 1907 2721 1961 με
2751 1892 2778 1943 6
2809 1891 2941 1953 Θεὸς
2974 1889 3229 1954 ἐνταῦθα,
3260 1889 3360 1942 οὐκ
3393 1884 3620 1942 οἷδέῐτε

2047 1989 2354 2058 ἔγκαρπον,
2399 1987 2510 2038 εἴτε
2539 1986 2638 2039 καὶ
2687 1984 2865 2047 ἄλλως
2928 1983 3264 2054 ἐψιλωμένον
3329 1983 3440 2035 τῶν
3489 2001 3612 2053 τρε-

2047 2079 2277 2147 φόντων.
2327 2077 2652 2147 Ἐστήκοιμι
2689 2073 2806 2139 οὖν,
2832 2077 2908 2138 ὠς
2955 2075 3220 2145 ἐτάχθην,
3253 2077 3346 2128 καὶ
3381 2076 3455 2147 μὴ
3509 2076 3624 2131 ἄνω

2048 2170 2202 2224 κάτω
2242 2168 2508 2237 γεγονὼς,
2567 2162 2649 2230 οἷς
2711 2167 3182 2236 ἀνασκαλεύομαι,
3231 2167 3622 2236 συναχρειὼσω

2049 2261 2145 2310 καὶ
2179 2255 2246 2309 τὰ
2277 2256 2639 2310 κοινωνοῦντά
2675 2267 2765 2326 μοι
2804 2258 2860 2318 ἐς
2907 2255 3175 2326 ὁμοειδές.
3218 2255 3380 2307 ’Λλλο
3424 2256 3549 2318 λαὸς
3596 2258 3624 2308 6

2050 2347 2259 2412 ἁπλῶς,
2289 2347 2384 2400 καὶ
2415 2346 2543 2400 ἄλλο
2567 2344 2698 2406 λαὸς
2731 2347 2758 2398 6
2786 2345 2951 2416 ἱερός.
2986 2337 3154 2408 Οὗτος
3185 2343 3284 2414 μὲν
3318 2344 3449 2411 ἀνω,
3481 2346 3626 2400 ἐκεῖ·

2049 2454 2135 2499 νος
2177 2437 2231 2490 δὲ
2257 2436 2391 2490 ἀλλά
2417 2435 2795 2507 ὑποϐεϐηκώς.

2123 2572 2221 2644 En’.
2258 2574 2324 2626 Τί
2359 2573 2423 2644 δὴ
2481 2572 2573 2627 οὖν
2629 2591 2694 2644 με
2739 2573 3027 2626 καθέλκειν
3078 2572 3357 2642 βούλεσθε,
3400 2573 3492 2628 τὸν
3547 2571 3624 2645 μὴ

2053 2667 2337 2734 πεφυκότα
2364 2666 2890 2735 κατακάμπτεσθαι,
2920 2668 3000 2728 είς
3021 2665 3048 2718 ὃ
3080 2667 3156 2736 μὴ
3200 2667 3415 2720 δίδωσιν
3452 2671 3478 2720 6
3527 2683 3627 2721 κα-

2053 2758 2182 2823 νὼν,
2217 2761 2244 2813 ὁ
2275 2760 2354 2821 εἰς
2377 2759 2536 2828 ὀρθὸν
2581 2758 2830 2825 ἀποξέων
2873 2776 2980 2828 με;
3029 2760 3302 2829 Ἐπαίχθη
3339 2763 3432 2812 καὶ
3462 2761 3490 2807 6
3529 2763 3627 2832 μέ-

2054 2865 2240 2919 γιστος
2267 2851 2546 2920 Δεσπότης
2574 2849 2754 2919 ἡμῶν,
2785 2850 2877 2901 καὶ
2905 2852 2953 2902 ol
2983 2852 3394 2922 ὲμπεπαιχότες
3424 2853 3629 2906 δικαιο‹

2053 2943 2346 3012 λογοῦνται
2379 2945 2472 2996 καὶ
2495 2943 2663 2995 εἰσέτι
2695 2943 2764 2996 τά
2797 2958 2861 3010 γε
2893 2943 3051 3012 σφίσι
3079 2944 3342 2998 δοκοῦντα
3368 2962 3384 2976 ·
3419 2947 3629 2998 ὀνίνανέ-

2054 3056 2142 3092 ται
2165 3038 2220 3091 δὲ
2251 3037 2427 3103 οὐδὲν,
2462 3037 2539 3098 ὡς
2598 3035 2693 3089 καὶ
2751 3037 3110 3106 συντετάχθαι
3161 3039 3272 3102 τοῖς
3328 3039 3623 3100 ἐκλεκτοῖς.

2066 3130 2206 3183 ’Λλλ’
2237 3131 2323 3182 ὅτε
2346 3129 2408 3199 δή
2450 3146 2533 3192 τις
2593 3130 2688 3181 καὶ
2737 3129 2846 3182 τῶν
2905 3129 3046 3182 οὕτω
3104 3133 3427 3201 κακοεργῶν
3489 3135 3628 3202 πρὸς

383 3218 690 3288 hujusmodi
724 3218 918 3286 recipit
964 3221 1086 3283 iste,
1126 3217 1257 3272 nihil
1310 3220 1493 3288 priora
1549 3220 1836 3276 malefacta
1870 3221 1948 3276 fa-

2055 3218 2271 3270 ὲκείνου
2300 3217 2528 3286 γένηται
2556 3216 2836 3286 καθαρῶς,
2883 3220 2976 3270 καὶ
3005 3219 3248 3291 ἀποείπῃ
3304 3223 3370 3274 τὰ
3427 3225 3631 3292 πρότε-

380 3315 532 3366 ciens
578 3313 631 3364 in
691 3311 864 3375 illum,
913 3311 1017 3365 etsi
1073 3311 1272 3365 malum
1322 3312 1498 3380 ipsum
1545 3328 1668 3368 esse
1713 3315 1947 3369 noverit.

380 3402 608 3469 Quando
639 3403 782 3456 enim
821 3402 914 3476 qui
955 3401 1193 3457 viviﬁcat
1223 3405 1291 3458 ab
1313 3417 1459 3470 ortu,
1493 3419 1614 3458 sero
1645 3405 1954 3460 infunderet

382 3495 546 3561 bona,
581 3510 684 3548 non
716 3495 894 3563 qualia
931 3493 1085 3548 dives
1114 3493 1206 3548 ille
1243 3495 1590 3565 evangelicus
1622 3508 1768 3549 amat
1799 3513 1952 3550 suam

381 3586 609 3662 implere
643 3586 903 3646 animam.
939 3585 1030 3639 sed
1068 3586 1236 3640 tuulto
1275 3587 1478 3656 majora
1510 3603 1628 3656 quae
1657 3588 1772 3642 suis
1803 3604 1957 3657 mque

383 3681 620 3748 partitur
655 3677 966 3748 tliSt-ipulis?
999 3677 1090 3733 Sic
1125 3689 1302 3732 autem
1333 3679 1481 3732 illum
1513 3679 1604 3748 qui
1634 3695 1856 3748 prorsus
1887 3679 1955 3733 ab

382 3774 502 3843 ipso
543 3771 861 3836 deﬂexerat,
899 3771 1193 3826 dummodo
1243 3773 1293 3825 in
1351 3781 1461 3826 tota
1517 3773 1701 3826 redeat
1749 3773 1951 3840 anima,

383 3883 488 3920 non
523 3865 675 3933 quasi
701 3863 965 3916 malorum
991 3864 1254 3917 artiﬁcem
1282 3862 1548 3932 propellit,
1573 3865 1665 3919 sed
1697 3873 1950 3931 tauquam

383 3953 663 4021 proprium
697 3951 895 4006 bouunt
928 3951 1150 4022 accipit.
1184 3949 1249 4006 Et
1287 3961 1462 4007 tamen
1493 3953 1800 4021 lmjusmodi
1838 3953 1957 4008 Sal-

379 4055 536 4097 vatur
563 4043 670 4099 alio
701 4043 858 4102 modo
888 4047 1216 4101 eittertninat
1254 4045 1322 4100 ab
1348 4045 1462 4116 ipso
1490 4048 1802 4117 quicunque
1846 4048 1956 4102 for-

381 4138 611 4193 niratur.

450 4465 539 4521 69.
565 4466 778 4522 Talium
806 4470 1198 4541 exemplarium
1226 4487 1323 4544 ego
1361 4474 1638 4529 studiosus
1669 4491 1809 4544 smn,
1847 4481 1946 4534 etsi

2060 3326 2173 3380 ρον,
2212 3310 2332 3362 τότε
2356 3309 2416 3379 δὴ
2455 3311 2548 3362 καὶ
2597 3311 2886 3380 προσίεται
2946 3311 3038 3363 τὸν
3097 3313 3346 3366 τοιοῦτον
3398 3314 3630 3380 ἐκεῖνος,

2060 3403 2155 3455 καὶ
2189 3402 2326 3472 μηδὲ
2361 3402 2632 3473 πρότερον
2657 3403 2798 3455 κακὰ
2836 3403 3008 3456 ποιῶν
3069 3403 3156 3456 ἐπ’
3215 3405 3384 3473 αὐτῷ,
3437 3409 3487 3458 εί
3536 3410 3632 3460 καὶ

2057 3496 2230 3548 κακὸν
2266 3495 2432 3548 αὑτὸν
2457 3490 2597 3547 εἷναι
2624 3491 2757 3548 οἶδε.
2792 3496 2913 3558 Πῶς
2975 3499 3081 3563 γὰρ
3144 3497 3172 3549 6
3221 3499 3506 3568 ζωογονῶν
3567 3503 3632 3554 ἐκ

2057 3587 2306 3656 γενετῆς,
2363 3585 2594 3657 ὕστερον
2652 3589 2834 3656 ἀγαθά
2913 3591 3182 3660 ἐπιρρέει,
3240 3593 3339 3662 οὐχ
3380 3594 3542 3647 ὁποῖα
3606 3596 3636 3647 ὁ

2059 3679 2410 3747 εὐαγγελικὸς
2444 3679 2589 3748 φιλεῖ
2634 3681 2886 3744 πλούσιος
2939 3683 3289 3754 ἀποπληροῦν
3343 3689 3407 3755 τῇ
3461 3686 3632 3760 ψυκῇν

2058 3771 2194 3824 ἀλλὰ
2217 3771 2313 3824 καὶ
2333 3771 2400 3823 τὰ
2430 3771 2610 3842 πολλῷ
2642 3773 2813 3840 μείζω
2861 3775 2919 3827 ὲν
2977 3777 3246 3844 ἰσοκλήρῳ
3309 3780 3422 3840 τοῖς
3468 3781 3633 3832 αὑτοῦ

2062 3865 2374 3936 μαθηταῖς;
2407 3864 2565 3917 Οὕτω
2604 3865 2776 3917 δὲκαὶ
2820 3865 2997 3918 πάντα
3058 3869 3149 3920 τὸν
3177 3869 3234 3934 ἐξ
3280 3869 3443 3923 αὑτοῦ
3503 3873 3638 3925 ἀπο-

2062 3958 2392 4029 σκιρτὼντα,
2429 3958 2586 4028 εἴπερ
2622 3958 2678 4010 ὲν
2723 3957 2819 4028 ὅλῃ
2866 3957 3014 4029 ψυχῇ
3079 3961 3367 4034 ἐπανέλθῃ,
3409 3963 3506 4033 οὐχ
3562 3965 3635 4028 ὡς

2058 4049 2372 4120 ἀρχέκακον
2440 4047 2732 4117 ἀμύνεται,
2785 4045 2902 4099 ἀλλ’
2965 4049 3040 4110 ὼς
3129 4051 3428 4122 ίδιόκτητον
3503 4057 3641 4123 ἀγα-

2059 4142 2149 4194 θδν
2213 4139 2604 4212 παραδέχεται.
2651 4139 2761 4192 Καὶ
2803 4139 2900 4207 μὲν
2959 4142 2986 4192 6
3047 4140 3190 4194 οὕτω
3236 4145 3426 4214 Σωτὴρ
3481 4147 3639 4200 ἄλλον

2058 4233 2261 4304 τρόπον
2322 4230 2663 4300 ἐξολοθρεύει
2743 4231 2921 4284 πάντα
2980 4233 3072 4285 τὸν
3153 4238 3484 4305 πορνεύονται
3546 4242 3625 4293 ἀπ

2058 4345 2244 4381 αυτου.

2131 4467 2224 4532 ξν’.
2260 4468 2531 4521 Τειούτων
2582 4467 2696 4537 ἐγὼ
2747 4470 3211 4540 παραδειγμάτων
3264 4467 3533 4540 (morm,
3595 4471 3641 4522 si

382 4559 558 4612 minus
613 4560 829 4628 Sapiens
885 4561 1028 4616 dico.
1083 4565 1216 4617 Cum
1281 4566 1443 4619 rectis
1518 4570 1730 4636 quidem
1803 4573 1948 4642 erige

2062 4565 2156 4614 καὶ
2191 4563 2474 4632 ἀφραίνων
2507 4563 2671 4632 λέγω.
2715 4565 2822 4617 Καὶ
2850 4567 2961 4625 τοῖς
2995 4564 3096 4633 μὲν
3126 4563 3306 4634 ὀρθοῖς
3339 4562 3645 4633 συνεξορθῶ

382 4647 682 4718 nteipsum;
738 4651 782 4703 si
836 4653 958 4721 quis
1003 4665 1180 4706 autem
1243 4665 1417 4708 tortus
1477 4669 1579 4723 est,
1641 4675 1745 4712 non
1798 4661 1958 4718 facile

382 4747 436 4793 et
484 4754 583 4810 ego
644 4741 726 4795 sic
783 4750 1088 4812 torqueor;
1154 4744 1248 4798 sed
1299 4761 1512 4815 precor,
1559 4765 1628 4804 ne
1708 4752 1958 4822 iujuriam

383 4831 574 4886 reddat
602 4832 665 4887 “‘.
712 4851 731 4884 ί
769 4832 885 4888 Νυη
928 4846 1107 4889 autem
1145 4839 1308 4906 scire,
1348 4842 1492 4910 quod
1546 4841 1797 4910 injuriaut
1857 4848 1958 4901 sim

381 4936 598 4993 passus,
634 4925 744 4992 illa,
773 4943 893 4995 quae
922 4929 1088 4982 semel
1119 4931 1247 4983 talia
1292 4935 1638 5004 conscripsit,
1697 4941 1956 4993 memoria

383 5025 488 5064 non
519 5012 671 5066 sinit.
705 5013 942 5069 Morsum
989 5019 1238 5073 mordere
1262 5025 1612 5091 proverbium
1649 5031 1907 5086 concedit
1942 5046 1956 5082 :

384 5104 506 5174 pius
555 5115 735 5160 autem
778 5093 966 5162 sermo
1023 5125 1129 5165 non
1190 5102 1443 5182 absolvit,
1501 5119 1594 5172 scd
1657 5120 1964 5179 dissolvens

383 5197 816 5269 conjunctionem
911 5200 1051 5258 hanc
1123 5209 1373 5262 mordere
1453 5223 1694 5266 morsum
1761 5215 1962 5271 claudit

382 5303 445 5342 os
498 5305 718 5356 morso,
767 5309 836 5347 ne
890 5297 1106 5362 quando
1169 5300 1527 5366 remordeus,
1575 5302 1753 5358 denuo
1811 5307 1964 5360 dete-

381 5382 636 5434 SIandum
670 5399 909 5438 morsum
949 5387 1165 5442 inferat.
1203 5388 1257 5444 Si
1288 5405 1416 5445 vero
1445 5403 1630 5447 morsu
1677 5395 1834 5451 lazsus
1863 5398 1964 5450 ali-

383 5471 511 5538 quid
567 5473 742 5528 rabidi
781 5479 1017 5532 senserit
1063 5479 1384 5535 iustillatuut
1412 5485 1706 5541 'etexiude
1747 5499 1964 5544 maneat

388 5563 703 5632 insignitus,
781 5569 884 5622 hoc
950 5586 1174 5628 manens
1257 5575 1470 5644 signum
1557 5593 1662 5632 non
1737 5591 1963 5649 generat

387 5653 605 5718 quidem
675 5659 990 5712 memoriam
1050 5664 1116 5717 ad
1173 5663 1312 5719 idem
1371 5666 1806 5738 retriiiu'eudum,
1867 5675 1960 5728 sed

459 5833 490 5861 1.

2063 4655 2301 4724 ἐμαυτόν
2323 4672 2336 4684 ·
2372 4659 2418 4709 εἰ
2445 4657 2502 4710 δέ
2525 4674 2607 4716 τις
2631 4656 2719 4726 εἴη
2756 4659 3035 4725 στρεϐλὸς,
3068 4658 3128 4708 οὐ
3187 4657 3495 4724 διαστρέψω
3543 4656 3643 4723 μὲν

2061 4746 2302 4808 εὐκόλως
2341 4745 2510 4810 οὕτω,
2535 4764 2548 4776 ο
2581 4747 2811 4818 εὔχομαι
2852 4745 2934 4810 δὲ,
2973 4749 3044 4815 μὴ
3081 4745 3512 4811 ἀποτελευτῆσαι
3565 4745 3644 4806 είς

2061 4839 2265 4908 ὅμοιον.
2308 4834 2439 4890 Οἶδα
2469 4839 2750 4909 χρεώστης
2781 4832 2922 4891 εἶναι
2950 4839 3044 4892 τοῦ
3080 4857 3096 4889 ι
3152 4836 3505 4905 ἀδικούμενος
3570 4837 3644 4904 μὴ

2063 4933 2394 4986 ἁνταδικεῖν.
2441 4951 2458 4982 ι
2494 4935 2588 5002 »Μὴ
2622 4935 2820 4987 εἰδέναι
2855 4935 2932 5000 δὲ,
2966 4933 3039 4995 ὡς
3067 4932 3358 5002 ἡδίκημαι,
3383 4931 3482 4983 οὐκ
3517 4930 3646 4996 ἀφί-

2065 5043 2192 5096 ησιν
2240 5029 2273 5095 ἡ
2323 5026 2582 5090 καθάπαξ
2645 5027 3082 5097 ἁπογραφομένη
3140 5025 3238 5078 καὶ
3307 5025 3374 5076 τὰ
3425 5023 3649 5075 τοιαῦτα

2069 5119 2281 5190 μνήμη.
2323 5121 2666 5190 Δακνόμενον
2729 5120 2968 5180 δάκνειν,
3012 5120 3044 5188 ἡ
3089 5117 3356 5187 παροιμία
3407 5116 3645 5185 ἐφίησιν.

2082 5210 2139 5263 '0
2161 5212 2216 5264 δὲ
2251 5211 2486 5279 εὐλαϐὴς
2519 5212 2675 5279 λόγος
2713 5212 2912 5264 οὔκουν
2943 5211 3141 5280 ἀφίησι
3166 5225 3180 5238 ο
3240 5207 3537 5278 παραλύων
3593 5206 3648 5258 δὲ

2071 5303 2171 5372 τὴν
2227 5305 2525 5373 συνάφειαν
2555 5305 2652 5374 τὴν
2714 5306 2932 5359 δάκνειν
2990 5304 3306 5368 δάκνεσθαι,
3356 5303 3526 5354 κλείει
3591 5299 3651 5350 τὸ

2069 5399 2244 5466 στόμα
2316 5397 2394 5466 τῷ
2460 5397 2796 5469 δακνομένῳ,
2857 5399 3066 5468 μήποτε
3116 5395 3420 5448 ἀντιδακὼν
3481 5392 3652 5462 βλέψῃ

2066 5490 2227 5542 ὁποῖὰ
2254 5507 2308 5541 τι
2346 5489 2508 5552 δάκος
2546 5492 2938 5561 ἀποτρόπαιον.
2971 5491 3029 5542 Εἰ
3064 5489 3119 5542 δέ
3163 5506 3226 5557 γε
3254 5487 3282 5539 6
3315 5487 3391 5558 τῷ
3412 5486 3654 5556 δήγματι

2068 5582 2313 5644 πιεσθεὶς
2346 5581 2506 5636 πάθοι
2536 5581 2806 5644 λυσσῶδές
2862 5600 2913 5634 τι
2965 5581 3208 5646 ἑντακὲν,
3263 5578 3360 5632 καὶ
3403 5579 3656 5645 παράση-

2078 5689 2176 5741 μος
2207 5673 2415 5726 ἐκεῖθεν
2479 5675 2652 5742 μένει,
2711 5671 2870 5729 τοῦτο
2921 5674 2991 5744 δὴ
3044 5672 3104 5727 τὸ
3170 5672 3358 5741 μένειν
3425 5672 3657 5739 μνήμην
