4090 6422
346 384 457 447 469‘

1301 366 1604 430 CONTRA
1645 360 1956 423 INJURIA
1974 359 2133 419 [{UM
2192 352 2660 418 ΜΕΜΟΒΙἈΜ.-

3496 338 3622 404 471%

348 491 677 558 άπικινοῦν,
722 487 1010 554 ἁντίδειξιν
1101 474 1342 556 μὲνούκ
1395 480 1630 548 ἐνεργεῖ,
1687 476 1931 545 ἀνάμνη-
1960 483 2001 538 Α

2103 472 2204 525 Iam
2235 470 2553 524 memoriam
2588 461 2911 531 inscriptam
2942 457 3089 513 illius
3112 455 3260 527 quod
3300 456 3466 512 homo
3491 471 3615 525 per-

326 607 442 643 ·σιν
492 587 550 640 δὲ
586 584 755 656 μόνην
789 577 1199 652 συγγραφικήν,
1260 567 1322 629 οὗ
1353 570 1616 627 πεπόνθοι
1668 571 1695 622 ό
1727 568 1938 637 ἄνθρω⁴

357 694 477 733 ποῖ.
676 730 682 736 ,
1290 704 1293 707 λ

439 776 505 825 ο’.
543 767 757 822 Οὔκουν
787 762 967 835 πάντῃ
1007 759 1225 822 πάντως
1251 752 1519 810 κακιστέα
1546 752 1580 822 ἡ
1622 748 1718 802 τοῦ
1768 745 1943 801 κακου

368 863 560 935 μνήμη
590 876 604 892 ·
636 858 753 912 ἀλλ’
781 857 907 910 ὅσον
939 853 1037 921 μὲν
1064 850 1234 918 αὐτῆς
1263 848 1402 917 ἀνὴρ
1444 842 1685 915 ἀμυντὴς
1737 842 1947 911 ἀπομε-

370 932 609 1026 ρίζεται,
648 945 1064 1020 σκορακιστέον,
1117 944 1200 1005 είς
1238 940 1364 996 ὅσον
1392 937 1623 1002 ἔξεστινο
1669 934 1867 988 ὁπόσον
1893 932 1950 985 δὲ

372 1022 561 1116 ηκατ’
592 1041 883 1111 ἄνθρωπον
925 1033 1115 1097 ἁπλῶς
1176 1028 1654 1101 ἀπομνημόνευσις
1709 1022 1952 1092 ἐκληρώ-

2042 562 2182 617 tulit.

2076 718 2209 794 -70.
2241 736 2359 791 Non
2407 737 2573 806 igitur
2606 734 2839 804 pessima
2887 744 3103 800 semper
3150 738 3204 785 et
3253 728 3455 799 ubique
3494 728 3621 783 mali

2053 829 2313 884 memoria
2344 844 2360 881 :
2391 841 2577 881 verum
2611 822 2874 894 quidquid
2919 835 2986 877 ex
3014 835 3075 874 ea
3127 818 3345 889 quidem
3366 819 3462 873 .vir
3504 834 3629 887 par-

2055 922 2187 976 titur
2214 919 2381 983 ultor,
2434 918 2557 983 hoc,
2584 927 2845 985 quantum
2880 912 2997 967 ﬁeri
3031 922 3234 980 p0leSl,
3273 910 3627 981 rejiciendum

2056 1022 2179 1080 est;
2212 1010 2472 1083 quidquid
2503 1019 2685 1063 autem
2720 1010 2963 1063 humana
3011 1005 3333 1074 simpliciter
3367 1005 3633 1077 contingit

373 1154 526 1201 σατο,
559 1132 725 1202 ἔγωγ’
755 1131 850 1185 οὖν
881 1131 983 1184 ούκ
1011 1123 1106 1181 οἶδ’
1160 1124 1214 1178 εἴ
1266 1139 1351 1183 τις
1406 1118 1705 1187 ἀπαλεῖψαι
1742 1117 1956 1169 δύναιτο

2103 1104 2391 1167 ecordatio,
2410 1116 2476 1156 an
2499 1100 2697 1170 aliquis
2713 1113 2782 1154 ex
2809 1097 2988 1153 anima
3007 1098 3186 1152 delere
3209 1096 3400 1165 possit,
3423 1096 3633 1151 nescio.

346 1218 470 1298 ’τῆς
498 1226 698 1299 ψυχῆς.
736 1225 798 1276 Εἰ
829 1223 887 1275 δέ
917 1220 999 1283 τίς
1025 1235 1126 1272 που
1155 1217 1253 1271 καὶ
1304 1212 1552 1268 τοιοῦτον
1608 1210 1778 1280 ἄνδρα

379 1320 692 1391 ἱστόρησεν,
720 1317 818 1368 ἴτω
855 1312 992 1384 πρὸς
1051 1307 1404 1379 παραδοξίαν,
1462 1307 1561 1359 καὶ
1612 1298 1959 1372 θαυμαζέτω,

1830 1209 1959 1271 ῑσως
2061 1195 2117 1249 Si
2144 1195 2267 1264 quis
2294 1206 2424 1248 vero
2453 1192 2611 1246 talem
2640 1190 2781 1245 forte
2814 1196 3082 1244 memorat
3113 1188 3385 1242 hominem
3411 1227 3424 1253 ,
3446 1195 3540 1241 eat
3568 1185 3638 1241 ad

2067 1286 2392 1351 novitatem,
2428 1293 2484 1339 et
2524 1281 2753 1336 miretur
2785 1289 2951 1347 atque
2999 1278 3138 1332 zelet
3175 1279 3308 1347 ipse,
3357 1279 3402 1331 si
3446 1278 3589 1332 valet
3620 1292 3634 1330 :

382 1360 481 1465 καὶ
500 1360 612 1479 Γζη)
624 1360 768 1460 ούτω
807 1360 997 1466 αύττὺςῖ
1024 1405 1072 1455 ει
1101 1360 1330 1455 δύναται
1351 1360 1369 1429 ’ν
1390 1360 1516 1466 ,ἐγὼ
1537 1395 1647 1466 γὰρ
1672 1360 1964 1463 ούτενρᾄν

2103 1392 2166 1447 go
2193 1376 2337 1431 edim
2375 1388 2482 1430 non
2513 1360 2749 1427 facil-iter
2782 1369 3147 1431 admitterem,
3184 1382 3285 1421 nec
3309 1380 3644 1434 consequen-

2259 1467 2269 1479 -
2542 1465 2555 1477 ρ
2650 1478 2733 1479 ,
3081 1458 3321 1479 μηληε
3387 1468 3639 1479 .-________-

383 1497 726 1569 καταθείμην
759 1498 849 1561 ἂν,
892 1496 988 1547 καὶ
1040 1490 1353 1553 ἀκολούθως
1395 1487 1516 1543 οὐδὲ
1586 1485 1966 1556 θαυμάσομαι,

383 1595 464 1649 ὅτι
500 1591 637 1662 μηδὲ
663 1588 862 1654 ζηλοῦν
912 1587 1242 1657 δυνήσομαι,
1289 1578 1377 1636 οἷα
1413 1578 1793 1650 λογιζόμενος,
1829 1576 1968 1648 μνή-

2073 1476 2153 1521 ter
2197 1467 2454 1531 mirarer,
2485 1465 2773 1532 minusque
2815 1475 3028 1530 possem
3077 1458 3345 1523 aemulari,
3387 1468 3642 1527 tanquam

2075 1571 2335 1629 reputans
2368 1555 2687 1611 memoriam
2717 1553 2846 1608 boui
2886 1551 3111 1607 cuilibeu
3153 1564 3276 1604 esse
3305 1548 3515 1602 homini
3557 1549 3644 1601 in-

867 1639 1046 1747 μένην⁸
1077 1639 1350 1746 ἀνθρῶπῳ
1411 1639 1569 1726 εῖναι⁷
1591 1639 1760 1725 statim.
1781 1639 1787 1641 ί
1805 1639 1970 1721 καλοῦ

2103 1659 2281 1714 latam,
2316 1658 2377 1702 ut
2425 1647 2723 1702 secundum
2772 1643 2903 1698 illud
2945 1639 3162 1697 vivendi
3213 1641 3354 1694 ratio
3397 1641 3651 1694 conciue-

2316 1740 2349 1756 ι·
2390 1754 2505 1756 ___,,_
2567 1747 2619 1756 η.
2650 1750 2872 1756 -...-----..-
2912 1733 3235 1756 nl-..l:_-n-._-
3270 1742 3316 1756 ,ιι
3345 1733 3422 1756 ηε..
3452 1731 3646 1756 ΙιιιΙΑΑηι

391 1755 515 1849 μὲν,
544 1776 632 1828 ἵνα
670 1773 807 1843 πρὸς
830 1772 962 1827 αὐτὸ
999 1769 1335 1843 ῥυθμίζηται
1362 1765 1423 1819 τὸ
1451 1763 1594 1819 κατὰ
1651 1761 1766 1833 βίον
1816 1755 1972 1830 ἦθος,

390 1870 561 1924 κακοῦ
594 1868 676 1935 δὲ,
708 1868 796 1922 ἵνα
822 1866 883 1920 τὸ
916 1865 1124 1934 φαῦλον
1152 1860 1492 1931 ὲκκλίνηται.
1527 1857 1638 1911 Καὶ
1662 1854 1835 1918 οὕτως
1860 1852 1922 1924 ἐχ

391 1964 420 2015 ὁ
456 1961 743 2030 ἄνθρωπος
784 1955 1014 2027 ἐκλογὴν
1076 1955 1173 2026 μὲν
1201 1953 1296 2006 τοῦ

2080 1751 2195 1807 tur,
2225 1740 2351 1794 mali
2389 1754 2541 1803 vero,
2566 1747 2625 1792 ut
2648 1750 2876 1806 pravum
2910 1733 3237 1800 declinetur;
3266 1742 3321 1787 et
3344 1733 3423 1785 sic
3451 1731 3653 1786 habeat

1922 1868 1975 1905 οι
2005 1830 2051 1891 Β
2084 1837 2245 1891 homo
2278 1832 2519 1888 melioris
2549 1829 2769 1901 quidem
2799 1826 3106 1892 delectum,-
3124 1826 3271 1881 illius
3297 1833 3474 1878 autem
3504 1824 3649 1894 quod

1338 1950 1674 2022 κρείττονος,
1732 1945 1978 2000 ἔκκλισιν

2103 1928 2149 1983 Id
2180 1925 2465 1983 stultitiam
2506 1923 2655 1977 ducit
2690 1920 3018 1976 declinatum
3051 1936 3065 1973 :
3099 1933 3218 1987 qua:
3248 1931 3414 1989 porro
3451 1932 3654 1969 memo-

1069 2009 1405 2113 άπάγοντος,
1455 2041 1491 2111 ἦ
1524 2057 1609 2102 τις
1635 2009 1729 2110 -όη
1784 2036 1980 2108 μνήμη

2103 2021 2163 2074 ’ἰι
2193 2017 2392 2087 saepius
2422 2013 2628 2070 homini
2661 2011 2854 2076 invito,
2883 2019 3073 2066 contra
3109 2009 3389 2079 placitum,
3427 2016 3481 2062 et
3517 2022 3657 2075 pra:-

400 2140 480 2205 ὠς
504 2142 574 2194 τὰ
600 2140 770 2194 πολλὰ
792 2141 888 2193 καὶ.
926 2136 1116 2191 ἄκοντί
1143 2135 1222 2206 τῷ
1273 2134 1716 2196 ὲπιτετάννυται,
1750 2129 1845 2185 καὶ
1905 2127 1981 2193 ὡς

397 2234 501 2287 ούκ
534 2232 600 2286 ἂν
629 2230 938 2302 προέλοιτο,
964 2230 1057 2284 καί
1091 2245 1195 2283 που
1253 2227 1349 2281 καὶ
1388 2225 1510 2280 οὐδὲ
1567 2223 1703 2296 πρὸς
1763 2222 1981 2293 ἡδονήν.

419 2326 508 2391 Ὠς
546 2326 654 2396 γὰρ
685 2322 752 2396 τῇ
791 2323 914 2392 ὄψει
952 2323 1144 2393 ὅρασις
1180 2322 1302 2391 οὐχὶ
1339 2319 1532 2390 αἱρετὴ
1576 2319 1747 2382 ἐστιν,
1791 2308 1853 2369 οὗ
1885 2330 1985 2367 πε·-

410 2418 694 2491 ριπίπτειν
754 2415 936 2483 εἴωθε,
996 2413 1095 2469 καὶ
1140 2431 1221 2485 τῳ
1276 2413 1375 2483 τῆς
1417 2411 1592 2481 ἀκοῆς
1647 2406 1988 2480 αἰσθητηρίῳ

401 2512 776 2580 ἀποτρόπαιον
828 2508 1107 2578 ἄκουσμα,
1137 2510 1232 2563 καὶ
1274 2508 1340 2574 τῇ
1365 2505 1553 2574 γεύσει
1583 2503 1645 2557 δὲ
1704 2518 1990 2572 παρεγχυ-

407 2602 625 2673 μίζεταί
657 2616 788 2653 ποτε
815 2599 875 2651 τὸ
907 2598 984 2670 μὴ
1024 2598 1269 2668 φιλητὸν,
1303 2593 1763 2667 παρεισκρίνεται
1795 2591 1853 2644 δὲ
1897 2589 1992 2643 καὶ

403 2698 472 2767 τῇ
507 2695 773 2764 ὀσφρήσει
814 2692 924 2746 τῶν
978 2709 1033 2743 τι
1074 2690 1151 2762 μὴ
1209 2688 1412 2760 ῥᾳδίως
1476 2683 1792 2757 προσιτῶν·
1843 2680 1993 2735 οὓτω

412 2788 513 2841 καὶ
555 2786 746 2856 μνήμη
776 2783 924 2852 φιλεῖ
954 2782 1055 2854 μὲν
1084 2780 1194 2834 τῶν
1223 2779 1404 2834 καλῶν
1445 2773 1611 2842 εἶναι,
1667 2773 1994 2846 παρεισδύεο

409 2896 502 2933 ται
552 2879 615 2931 δέ
674 2894 779 2930 που
832 2881 928 2929 καὶ
982 2876 1049 2928 τὰ
1102 2874 1177 2946 μὴ
1220 2874 1366 2928 καλὰ
1408 2872 1607 2926 οὔκουν
1653 2866 1997 2940 αἱρουμένοις

411 2972 545 3025 τισί.
569 2971 668 3033 Τίς
701 2971 813 3041 γὰρ
848 2968 915 3023 ἂν
970 2965 1255 3037 προέλοιτο
1304 2965 1399 3019 τοῦ
1453 2961 1622 3018 καλοῦ
1688 2963 1783 3014 καὶ
1840 2959 1995 3030 ἡδέος

412 3061 476 3113 τὸ
537 3061 716 3130 πάντῃ
784 3057 1062 3123 ἔμπαλιν;
1111 3055 1327 3117 Οὐκοῦν
1384 3053 1563 3116 καλῶς
1620 3049 1746 3105 οὗτε
1824 3064 2000 3103 κατα.-

412 3153 679 3223 θήσομαι,
749 3149 878 3205 οὔτε
962 3148 1346 3220 θαυμάσομαι,
1402 3148 1543 3216 ὅπερ
1605 3142 1799 3196 ἀνόπιν
1844 3139 2073 3241 -ὲλάσϐ

415 3241 580 3312 λησα.

486 3340 588 3390 οα’.
619 3333 731 3389 Καὶ
770 3332 898 3403 μὴν,
930 3332 986 3386 εἴ
1028 3350 1094 3402 γε
1140 3327 1656 3402 θησαυροφυλάκιον
1696 3329 1815 3388 οἶόν
1882 3333 2001 3385 ⁴ἐστι.

418 3425 696 3496 φύσεωςή
734 3426 946 3494 μνήμη,
1005 3425 1063 3476 ἐν
1093 3416 1137 3491 ᾧ
1188 3423 1602 3491 ταμειουχεῖται
1666 3422 1842 3477 πολλὰ
1905 3420 2005 3492 μὲν

421 3516 590 3579 κακὰ,
621 3514 794 3569 πολλὰ
817 3515 870 3568 δὲ
902 3515 996 3567 καὶ
1022 3514 1211 3577 ἐσθλὰ,
1242 3515 1338 3569 καὶ
1368 3511 1428 3579 ἐξ
1450 3506 1513 3565 οὗ
1553 3512 1649 3566 καὶ
1676 3510 1841 3566 αὑτοῦ
1865 3527 2007 3583 προ-

420 3610 653 3678 άγονται
688 3608 856 3662 καινά
899 3625 958 3662 τε
1010 3610 1108 3662 καὶ
1170 3606 1400 3674 παλαιὰ,
1464 3605 1534 3660 τὰ
1593 3607 1692 3677 μέν
1741 3622 1865 3659 τινα
1914 3603 2010 3657 ἐπὶ

424 3703 674 3775 ὠφελείᾳ
703 3705 770 3774 τῇ
798 3703 1030 3756 αὐτόθεν
1079 3700 1167 3755 διὰ
1194 3704 1255 3755 τὺ
1283 3702 1472 3770 καλὸν,
1518 3703 1588 3755 τὰ
1632 3701 1687 3755 δὲ
1729 3701 1805 3772 (i)
1867 3697 2011 3755 καλὰ

430 3797 554 3867 μὲν,
585 3796 843 3867 λυσιτελῆ
895 3795 952 3848 δὲ
987 3795 1020 3867 ἢ
1053 3796 1190 3866 πρὸς
1239 3795 1597 3865 παράδειγμα
1652 3794 1746 3848 τοῦ
1790 3794 2010 3864 φυγεῖν,
2057 3815 2066 3822 ·

428 3887 466 3958 ἢ
509 3888 645 3959 πρὸς
673 3887 1034 3958 παραμυθίαν
1087 3886 1186 3956 τὴν
1216 3886 1304 3940 διὰ
1349 3886 1716 3958 συγκρίσεως,
1776 3886 1810 3956 ἢ
1875 3885 2013 3955 πρὸς

431 3978 683 4049 φυλακὴν
705 3982 800 4033 καὶ
829 3978 1160 4049 συντήρησιν
1181 3992 1195 4007 ο
1228 3977 1344 4041 πῶς
1392 3977 1457 4031 ἄν
1518 3994 1601 4040 τις
1657 3977 2015 4049 ἱεροσυλήσας

430 4070 525 4123 τὸν
562 4070 934 4140 πολυτίμητον
970 4069 1159 4123 τοῦτον
1201 4069 1433 4139 φυσικὸν
1501 4067 1797 4139 θησαυρὸν,
1845 4068 2015 4137 μόνην

432 4161 538 4232 τὴν
591 4160 702 4215 τῶν
754 4161 949 4215 κακῶν
981 4160 1156 4229 αὐτὴν
1187 4161 1310 4214 καθ’
1359 4158 1532 4230 αὐτὴν
1556 4159 1837 4228 ἀπαγάγοι
1884 4157 2019 4227 μνή-

439 4272 572 4327 μην,
621 4257 669 4308 εί
698 4256 773 4326 μὴ
810 4254 919 4326 ἄρα
947 4255 1115 4316 τόπος
1164 4253 1246 4316 τίς
1301 4255 1419 4308 ἐστι
1488 4252 1585 4307 καὶ
1626 4253 1682 4306 ὲν
1733 4253 1871 4322 αὐτῇ
1923 4251 2019 4304 καὶ

438 4352 777 4419 μεσότοιχον,
817 4348 941 4419 δίχα
982 4347 1209 4419 μερίζον
1265 4346 1337 4400 τά
1378 4362 1438 4399 τε
1505 4345 1646 4400 καλὰ
1698 4344 2021 4416 μνημόσυνα

436 4443 539 4495 καὶ
576 4443 644 4496 τὰ
671 4441 913 4503 ἐναντία,
945 4442 1020 4504 ὡς
1050 4441 1198 4513 ἔχειν
1225 4441 1381 4504 τινὰς
1420 4441 1488 4494 τὰ
1543 4439 1643 4509 μὲν
1675 4436 1853 4508 φαῦλα
1883 4437 2021 4505 ὑφε-

2085 2120 2167 2168 ter
2193 2107 2619 2182 iucunditatem,
2654 2104 2978 2158 infunditur.
3021 2102 3175 2156 Sicut
3204 2099 3348 2153 enim
3381 2110 3467 2155 est
3496 2099 3657 2165 visui,

2094 2218 2205 2275 quo
2247 2201 2388 2257 solet
2426 2195 2793 2263 circumferri,
2821 2194 2965 2250 visio
3016 2208 3119 2247 non
3170 2189 3572 2254 desiderabilis,
3605 2201 3662 2245 et

2087 2297 2306 2352 auditus
2337 2291 2523 2349 sensui
2556 2288 2896 2345 detestabilis
2931 2287 3158 2352 auditio,
3207 2284 3499 2355 gustnique
3556 2284 3665 2340 mi-

2089 2397 2280 2447 scetur
2341 2381 2632 2453 aliquando
2683 2379 2828 2450 quod
2885 2394 2989 2434 non
3047 2386 3132 2432 est
3178 2376 3449 2442 amabile,
3503 2383 3667 2445 atque

2090 2477 2316 2535 olfactui
2374 2473 2678 2531 infunditur
2738 2472 2902 2527 etiam
2956 2469 3163 2541 aliquid
3217 2467 3375 2524 valde
3431 2467 3602 2522 amari
3652 2486 3666 2520 :

2096 2570 2177 2626 sic
2200 2581 2420 2640 quoque
2467 2564 2728 2621 memoria
2776 2562 3043 2617 bonorum
3076 2575 3199 2616 esse
3246 2560 3463 2629 quidem
3498 2567 3668 2626 aiuat,

2095 2663 2192 2718 sed
2262 2661 2428 2718 etiam
2516 2656 2812 2728 aliquando
2874 2656 3118 2725 quaedam
3181 2668 3286 2708 non
3350 2652 3492 2707 bona
3540 2651 3674 2706 viris

2098 2752 2358 2809 delicatis
2420 2750 2690 2806 insinuat.
2744 2745 2881 2814 Quis
2928 2744 3073 2801 enim
3140 2743 3285 2799 bono
3325 2741 3677 2812 iucundoque

2098 2846 2244 2918 quod
2299 2844 2457 2914 plane
2512 2834 2850 2898 contrarium
2910 2850 2995 2898 est
3042 2838 3365 2911 praeferret?
3417 2837 3541 2893 Rite
3579 2836 3680 2906 igi-

2101 2949 2193 2994 tur
2258 2952 2360 2994 nec
2392 2936 2764 3002 admitterem,
2801 2949 2906 2990 nec
2947 2935 3197 2998 mirarer,
3235 2932 3377 3005 quod
3430 2945 3681 3003 superus

2104 3033 2242 3092 dixi.

2176 3302 2266 3358 7i.
2311 3300 2548 3367 Revera,
2577 3301 2620 3355 si
2671 3314 2825 3369 quasi
2858 3295 3298 3367 gazophylacium
3333 3307 3539 3352 natura:
3570 3311 3684 3352 me-

2110 3398 2280 3451 moria
2315 3405 2423 3460 est,
2447 3395 2500 3449 iu
2528 3408 2634 3464 quo
2665 3394 3038 3448 reconduntur
3072 3390 3239 3444 multa
3268 3390 3487 3460 quidem
3524 3392 3684 3456 mala,

2109 3488 2205 3545 sed
2253 3488 2421 3542 multa
2468 3500 2683 3556 quoque
2717 3485 2970 3549 honesta,
2997 3493 3052 3538 et
3079 3498 3145 3539 ex
3170 3500 3278 3553 quo
3309 3487 3690 3555 producuntur

2112 3593 2251 3634 nova
2282 3587 2336 3633 et
2362 3589 2570 3643 vetera,
2600 3577 2690 3632 illa
2742 3575 2961 3645 quidem
3013 3575 3222 3644 aliquot
3279 3576 3348 3629 ad
3396 3576 3687 3631 utilitatuu

2109 3669 2310 3725 exhinc
2360 3678 2580 3741 propter
2635 3669 2859 3733 bonum,
2897 3667 3001 3720 alia
3052 3682 3203 3733 vero,
3272 3667 3413 3721 mala
3447 3669 3689 3737 quidem,

2114 3767 2270 3822 utilia
2345 3776 2569 3831 autem,
2632 3766 2698 3820 ad
2758 3763 3067 3833 exemplum
3129 3764 3552 3820 sustentandum
3614 3764 3696 3819 fu-

2113 3859 2321 3933 giendi,
2349 3859 2437 3914 vel
2469 3858 2538 3913 ad
2570 3858 3008 3913 exhortationem
3041 3872 3107 3910 ex
3141 3857 3570 3925 comparatione,
3610 3857 3695 3911 vel

2115 3953 2183 4007 ad
2233 3950 2457 4008 tutelam
2513 3964 2578 4003 ac
2618 3948 2965 4014 custodiam;
3027 3948 3300 4016 quomodo
3351 3949 3499 4018 quis,
3552 3951 3697 4004 hunc

2120 4054 2331 4100 naturte
2367 4042 2578 4097 varium
2625 4043 2943 4097 thesaurum
2978 4041 3260 4108 diripiens,
3302 4039 3471 4095 solam
3530 4041 3698 4095 malo-

2117 4152 2238 4191 rum
2285 4135 2458 4206 ipsam
2519 4134 2811 4205 separatim
2862 4134 3157 4189 abduceret
3203 4131 3550 4201 memoriam,
3597 4135 3699 4189 nisi

2120 4231 2245 4301 quis
2274 4231 2328 4285 in
2374 4230 2477 4285 ista
2509 4228 2662 4284 locus
2687 4237 2830 4283 esset
2862 4236 2917 4282 et
2946 4229 3287 4297 iutergeries,
3318 4225 3458 4281 bona
3493 4243 3700 4282 memo-

2125 4321 2314 4376 rabilia
2359 4320 2748 4388 contrariaque
2798 4316 3047 4372 bifariam
3081 4318 3354 4381 dividens,
3391 4327 3451 4373 ut
3496 4321 3704 4388 possint

2124 4414 2293 4484 aliqui
2341 4428 2506 4483 prava
2547 4412 2764 4484 quidem
2813 4409 3117 4465 subducere
3146 4419 3201 4463 ct
3231 4408 3471 4475 auferre,
3515 4413 3703 4481 sicque

436 4538 630 4592 λὲσθαι
672 4539 767 4590 καὶ
797 4537 1028 4603 ἐξελεῖν,
1063 4538 1158 4591 καὶ
1202 4535 1345 4589 οὓτω
1400 4533 1728 4602 κενεαγγίαν
1799 4531 1999 4600 ποιῆσα

2129 4508 2416 4578 quamdam
2447 4505 2632 4561 facere
2665 4503 3175 4569 vacuitatem,bona
3213 4518 3340 4558 vero
3364 4503 3544 4559 sinere
3581 4505 3702 4559 loco

440 4647 589 4693 τινα,
617 4632 686 4682 τὰ
719 4629 777 4682 δὲ
800 4629 983 4697 ἀγαθὰ
1028 4629 1216 4698 μένειν
1281 4628 1374 4680 ἐπὶ
1427 4626 1611 4698 χώρας
1661 4626 1900 4693 ἀφεῖναι,
1948 4622 2025 4685 ὡς

445 4723 702 4775 πλουτεῖν
736 4718 882 4774 οὕτω
906 4720 1007 4791 τὴν
1046 4720 1231 4788 φύσιν,
1260 4719 1347 4787 ἐφ’
1396 4720 1572 4790 ἦμισυ
1622 4716 2024 4770 κολοϐωθεῖσαν

442 4813 540 4868 τοῦ
570 4814 760 4867 λοιποῦ
793 4812 1028 4883 ἀγαθοῦ,
1065 4815 1161 4867 καὶ
1206 4812 1606 4865 διεκπεσοῦσαν
1671 4808 1770 4862 τοῦ
1827 4804 2026 4878 μεστοῦ

448 4907 547 4959 καὶ
580 4905 779 4959 ναστοῦ
828 4905 863 4975 ἢ
904 4906 1185 4975 πλήρους;
1223 4905 1289 4957 Ὃ
1322 4904 1524 4972 δήποτε
1583 4901 1741 4970 λόγος
1798 4902 2030 4969 πάσχειν

446 4999 521 5052 τὰ
546 4997 817 5068 ὄστρακα.
845 4996 939 5067 Μὴ
973 4996 1080 5067 γὰρ
1110 4995 1229 5049 ἐστι
1254 4995 1565 5067 δειχθῆναι,
1605 4993 1678 5057 ὡς
1703 4992 1804 5045 οὐκ
1822 4989 2028 5058 ἀγαθον

452 5092 550 5144 καὶ
578 5093 612 5161 ἡ
648 5090 757 5144 τῶν
787 5090 1089 5144 κακώσεων
1131 5090 1347 5162 μνήμη,
1382 5089 1470 5143 ὅτε
1522 5089 1598 5159 μή
1645 5103 1730 5150 τις
1770 5085 1832 5138 τὸ
1885 5083 2029 5137 θεῖον

450 5184 876 5255 παραχαράττει
909 5186 1177 5253 νόμισμα.

523 5276 621 5345 οβ’-
666 5275 809 5343 Ἐγὼ
838 5274 938 5345 μὲν
962 5273 1057 5329 οὖν
1087 5275 1283 5347 ἤθελον
1312 5273 1407 5327 καὶ
1457 5271 1601 5327 κατὰ
1629 5271 1757 5336 τοὺς
1814 5271 2035 5340 ἱστορη-

457 5371 658 5441 μένους
688 5371 1000 5441 μνήμονας,
1022 5368 1077 5422 οἵ
1106 5385 1214 5439 περ
1240 5364 1653 5437 ἀπεκληροῦντό
1675 5379 1816 5416 τισιν
1836 5359 2032 5416 ὀπαδοὶΙ

2131 4614 2377 4666 manere,
2411 4599 2482 4654 ita
2516 4598 2678 4654 utsic
2708 4598 3001 4654 ditesceret
3038 4605 3258 4663 natura,
3294 4596 3360 4651 de
3387 4606 3583 4650 caetero
3622 4598 3707 4651 di-

2134 4692 2355 4746 midiata
2398 4691 2566 4755 bono,
2597 4688 3103 4759 complementoque
3129 4703 3193 4741 ac
3228 4687 3566 4755 plenitudine
3595 4690 3709 4756 pri-

2133 4792 2256 4838 vata
2281 4782 2305 4836 ?
2336 4781 2393 4837 In
2416 4797 2525 4852 quo
2545 4781 2760 4836 tandem
2788 4778 2928 4833 ratio
2941 4788 3023 4834 est
3044 4777 3280 4847 patiendi
3304 4780 3708 4833 ostracisnuun.

2137 4876 2253 4933 Non
2305 4877 2452 4932 enim
2504 4873 2867 4931 demonstrari
2921 4881 3129 4941 potest,
3185 4887 3290 4926 non
3342 4889 3464 4928 esse
3509 4878 3708 4929 bonum

2135 4971 2299 5027 etiam
2329 4968 2590 5024 malorum
2626 4965 2968 5031 memoriam,
3005 4965 3107 5021 nisi
3142 4965 3264 5035 quis
3284 4967 3526 5021 divinum
3554 4969 3712 5024 adul-

2134 5072 2276 5119 terat
2308 5061 2603 5117 numisma.
3285 5049 3289 5054 ’

2208 5245 2296 5300 72.
2328 5244 2438 5316 Ego
2467 5242 2686 5314 quidem
2724 5239 2915 5311 utique
2944 5237 3138 5293 vellem
3162 5237 3461 5292 secundum
3493 5236 3722 5294 histori-

2138 5356 2234 5397 cos
2266 5352 2559 5403 memores,
2589 5336 2683 5406 qui
2732 5333 3078 5403 contigerant
3114 5332 3441 5402 quibusdam
3490 5332 3720 5388 comites

453 5416 512 5512 ἓν
540 5416 842 5528 πολέμοις,
878 5459 935 5512 εἴ
972 5416 1091 5523 ⁸ξυιυς
1125 5416 1602 5529 ὑπομιμνήσκοιεν
1655 5451 1926 5506 ἐκκλίνειν
1964 5466 2001 5503 τι

2143 5437 2194 5492 in
2228 5434 2403 5501 bellis,
2437 5442 2496 5487 ut
2537 5416 2941 5503 quodammodo
2983 5426 3287 5496 periculosa
3320 5428 3493 5483 vitare
3535 5442 3728 5482 moue—

453 5551 777 5623 κινδυνώδη,
809 5546 954 5604 εἶναι
977 5552 1071 5605 καὶ
1090 5551 1215 5621 ἐμοὶ
1236 5547 1480 5604 τοιοῦτον
1513 5563 1657 5612 τινα,
1687 5544 1746 5610 ὃς
1776 5545 1834 5597 ἐν
1856 5540 2035 5613 καιρῷ

457 5642 753 5711 λαθόμενὸν
782 5659 851 5713 με
885 5642 1060 5697 κακοῦ
1089 5659 1234 5707 τινος
1269 5640 1516 5712 ἀφύκτου
1561 5637 1899 5708 παρένυττεν
1942 5632 2032 5700 ἂν,

530 5816 606 5885 (Ι)
627 5818 810 5876 Κακά.

2142 5539 2288 5595 rent,
2334 5542 2458 5584 esse
2504 5540 2721 5597 quoque
2761 5521 2897 5577 mibi
2939 5521 3098 5576 talem
3133 5519 3455 5590 quemdam,
3509 5520 3626 5590 qui,
3667 5522 3723 5574 in

2145 5636 2410 5696 tempore,
2426 5618 2715 5692 cujusdam
2768 5613 3105 5672 imminentis
3136 5613 3263 5670 muli
3307 5613 3721 5670 obliviscentem
