4090 6426
351 333 454 399 473

1303 316 1607 391 CONTRA
1652 332 2143 392 lNJURlARUM
2173 333 2603 395 MEMORIAM;

3505 336 3610 400 474

356 445 702 516 τακροτῆςαι
738 446 797 497 τὸ
845 444 976 515 ἐμὸν
1009 443 1169 497 τοῦτο
1222 446 1363 498 κατά
1400 445 1597 507 κακίας
1654 445 1826 516 ξίφος.
1872 447 1930 498 '0

2038 462 2292 503 resonare
2325 466 2504 503 meum
2534 450 2675 506 hunc
2714 460 2903 505 contra
2955 453 3213 509 malitiam
3246 469 3452 510 ensem.
3481 456 3610 509 Bilis

359 538 535 608 χόλος,
570 537 672 589 εἴτ’
703 534 799 590 οὖν
835 537 1002 605 θυμὸς
1038 537 1108 607 (εἰ
1137 536 1194 589 δέ
1231 554 1315 601 τις
1345 540 1519 590 εἰπεῖν
1537 538 1803 608 βούλοιτο,
1838 538 1932 593 καὶ

353 631 514 701 ὀργὴ)
536 628 658 682 οὔτε
684 631 742 682 ὲν
766 629 977 698 κινήσει
1028 623 1314 698 τὺγχάνων
1394 629 1475 682 ἔτι
1526 632 1620 683 καὶ
1681 630 1930 700 βρασμῷ,

356 725 438 786 είς
461 721 737 791 ἀκραιφνῆ
758 719 1031 791 ἁμαρτίαν
1049 722 1412 790 ἐγγράφεται,
1442 719 1564 773 οὗτε
1591 721 1695 793 μὴν
1718 722 1935 776 παυσάο

360 832 522 886 μενος
558 813 661 883 μὲν
699 812 995 883 κινήσεως,
1036 813 1109 880 μὴ
1139 812 1371 882 ὲλλοχῶν
1396 812 1451 864 δὲ
1481 815 1575 865 καὶ
1630 811 1933 882 ὲνεδρευτι-

356 907 468 968 κῶς
519 903 920 975 ἐγκαθήμενος.
984 903 1124 955 Ἀλλ’
1182 906 1271 957 ὅτε
1315 905 1382 957 ἂν
1421 904 1513 956 καὶ
1567 905 1624 966 ἐς
1678 903 1934 957 τοσοῦτον

356 994 679 1064 ἅλλοιωθείη
709 994 1111 1064 καταπεφθεὶς,
1142 995 1218 1057 ὡς
1256 997 1331 1066 μὴ
1388 995 1535 1064 ἔχειν
1566 994 1773 1049 θλίόειν
1799 995 1934 1057 ὅλως

358 1088 448 1140 τὸν
462 1087 564 1157 ήδη
584 1086 911 1156 χολωθέντα,
936 1087 1076 1156 μήτε
1100 1086 1205 1156 μὴν
1234 1087 1533 1157 ταράσσειν
1554 1089 1649 1140 καὶ
1672 1088 1933 1158 ἐνοχλεῖν,

354 1178 497 1231 ὥστε
520 1179 614 1231 καὶ
644 1178 821 1232 θέλειν
856 1178 1216 1248 ’ὲξεμεῖσθαυ
1245 1180 1365 1232 τότε
1417 1179 1480 1249 δὴ
1516 1180 1624 1233 οὐδ’
1654 1178 1721 1233 ἂν
1781 1180 1936 1250 χόλος

355 1271 439 1322 ἑτι
470 1270 705 1339 λέγοιτο,
733 1271 812 1339 τῷ
838 1271 1007 1323 παντὶ
1038 1271 1094 1324 δὲ
1129 1272 1290 1325 πλέον
1312 1270 1433 1324 οὔτε
1478 1271 1699 1342 μήνιδος
1716 1271 1935 1343 κληρώ-

356 1379 507 1415 σεται
542 1362 759 1429 κλῆσιν,
793 1361 909 1413 ἀλλ’
932 1363 992 1415 οὔ
1047 1363 1228 1416 κότου.
1263 1362 1373 1415 Ποῦ
1424 1364 1533 1432 γὰρ
1586 1363 1766 1431 μῆνις,
1828 1361 1933 1415 ποῦ

353 1454 414 1505 δὲ
444 1454 622 1516 κότος,
653 1453 680 1505 ὅ
708 1454 850 1523 μήτε
895 1454 1229 1525 παραμένει,
1287 1455 1426 1523 μήτε
1484 1456 1766 1520 ἔγκειταις
1826 1455 1936 1507 Καὶ

352 1544 529 1608 ἄολως
578 1546 635 1598 δὲ
681 1546 1008 1617 γοργότερον
1045 1546 1105 1600 τὸ
1148 1547 1280 1600 αὐτὸ
1305 1547 1751 1617 σφυρηλατῆσαι·
1797 1564 1931 1617 μνη-

354 1640 606 1690 σικακεῖν
646 1638 846 1705 λέγοιτ’
884 1639 951 1691 ἂν
1004 1639 1063 1691 τὸ
1104 1639 1421 1707 καταπέψαι
1463 1639 1561 1708 μὲν
1594 1640 1791 1694 αὐτίκα
1844 1639 1937 1693 τὸν

352 1729 528 1799 χόλον,
559 1731 854 1799 μετόπισθε
876 1730 934 1781 δὲ
954 1729 1362 1801 κατακρύπτειν
1386 1731 1548 1784 αὑτὸν
1572 1733 1730 1783 κότου
1753 1732 1930 1802 δίκην,

350 1822 456 1885 ἕως
484 1821 551 1876 ἂν
587 1821 850 1892 βρασθείη
917 1822 1148 1888 ὲκζέσας
1175 1826 1311 1893 πρὶς
1347 1824 1717 1893 ἀποτέλεσμα.

418 1956 527 2020 ος’.
565 1957 674 2011 Καὶ
696 1957 837 2011 οὕτω
872 1958 972 2029 μὲν
1022 1958 1413 2029 ὲφαντὲσαντο
1450 1961 1545 2014 καὶ
1578 1962 1625 2013 οἱ
1666 1962 1734 2013 τὰ
1760 1963 1817 2023 ἐς
1842 1958 1934 2014 πί-

348 2062 467 2101 στιν
494 2049 707 2116 τυφλοὶ,
741 2051 791 2112 ὃ,
825 2067 878 2102 τι
906 2049 1106 2119 δήποτε
1132 2051 1165 2122 ή
1190 2052 1289 2123 τῆς
1320 2071 1339 2105 ι
1368 2054 1762 2124 μνησικακίας»
1800 2072 1935 2123 φαυ-

355 2139 520 2208 λότης
555 2139 828 2209 βούλεται.
867 2142 929 2193 Ol
958 2141 1015 2193 δὲ
1067 2143 1433 2212 τρανέστερον
1476 2146 1555 2207 είς
1593 2145 1654 2197 τὸ
1676 2144 1775 2213 τῆς
1804 2145 1926 2214 ἀληι

353 2229 508 2291 θείας
536 2231 652 2299 φῶς
701 2229 1131 2300 ἀναϐλέψαντες,
1204 2235 1299 2287 καὶ
1352 2236 1501 2303 ἡμᾶς
1556 2238 1732 2289 ποιεῖν
1791 2236 1934 2290 οὕτω

344 2321 683 2389 διδάξαντες,
713 2317 796 2386 οἷς
848 2314 1096 2391 ﬂuitat"
1144 2325 1204 2377 Εί
1244 2327 1596 2380 ἀνταπέδωκα
1633 2331 1744 2391 τοῖς
1771 2330 1934 2381 ἀντα-

349 2412 628 2466 ποδιδοῖωί
673 2433 764 2481 μοι
813 2418 977 2469 κακά·
1020 2417 1292 2489 ὁρίζονται
1353 2421 1665 2489 προφανῶς,
1707 2423 1934 2491 ιμνησέ-

351 2522 552 2559 κακον»
592 2505 754 2572 εἶναι,
791 2507 848 2571 ὃς
868 2508 933 2562 ἂν
955 2510 1284 2578 ἁνταποδοίη
1315 2511 1613 2575 κακώσεως
1659 2514 1928 2569 κάκωσιν.

354 2598 469 2652 Καὶ
499 2598 655 2651 τοῦτο
688 2598 790 2667 μὲν
820 2599 1081 2655 τοιοῦτον.
1130 2601 1293 2655 Ἀλλά
1351 2604 1789 2672 προσεπιδοτικοί
1842 2623 1931 2675 μοι

349 2688 448 2740 καὶ
482 2689 673 2758 ὑμεῖς,
698 2681 743 2743 ὦ
778 2695 1169 2762 πατριαρχικοὶ
1199 2694 1408 2757 παῖδες,
1458 2696 1506 2747 οί
1537 2694 1631 2749 τοῦ
1687 2695 1927 2764 μεγάλου

347 2776 557 2850 πατρὸς
596 2782 809 2845 Ἰσαὰκ,
843 2783 1018 2835 εἰπεῖν
1067 2800 1120 2836 τι
1152 2785 1246 2837 καὶ
1300 2785 1591 2855 ὑμέτερον,
1647 2787 1706 2852 ἐξ
1761 2782 1933 2859 οὗπερ

345 2870 653 2924 ἀνακόπτει
687 2871 977 2941 φιλόσοφος
1027 2873 1206 2942 λόγςο,
1240 2874 1439 2945 ὁρίζων
1492 2876 1555 2929 τὸ
1596 2880 1935 2949 μνησικάκη-

350 2978 451 3031 μα.
505 2963 645 3016 Φατὲ
706 2963 816 3034 γὰρ
872 2963 1033 3017 οὕτω·
1090 2966 1317 3036 Μήποτε
1356 2972 1762 3039 μνησικακήσει
1802 2973 1932 3041 ήμῐν

363 3054 589 3125 Ἰωσὴφ,
620 3059 713 3109 καὶ
740 3057 1028 3127 ἀνταποδῷ
1057 3058 1187 3128 ἡμῖν
1217 3059 1569 3129 ἀνταπόδομα
1620 3062 1798 3115 πάντα
1862 3064 1930 3119 τά

350 3150 523 3210 κακὰ,
557 3146 594 3201 δι
622 3147 1010 3217 ἐνεδειξάμεθα
1031 3148 1199 3219 αὐτῷ.
1238 3149 1428 3204 Ταῦτά
1460 3168 1517 3205 τε
1541 3150 1633 3205 οὖν
1658 3153 1928 3223 ἀριδήλως

351 3239 447 3291 τόν
475 3238 573 3305 τῆς
613 3239 983 3309 μνησικακίας
1014 3241 1142 3309 ὅρον
1173 3240 1731 3310 διεκφαίνειτοιοῦτον
1766 3239 1929 3313 εἶναι,

349 3330 536 3397 ὁποῖον
568 3331 764 3400 μικρόν
818 3349 870 3384 τι
902 3331 1099 3386 ἀνόπιν
1129 3334 1571 3406 ὑπεκρουόμεθα.
1629 3339 1739 3391 Καὶ
1796 3338 1930 3392 αὐτὸ

352 3422 412 3475 δὲ
439 3420 497 3473 τὸ
534 3422 639 3491 «μὴ
681 3422 930 3494 μνησθῇς
954 3425 1195 3491 ἀνομιῶν
1228 3427 1388 3497 ήμῶν
1420 3430 1717 3501 ἀρχαίων.»
1752 3432 1932 3487 τοιοῦ-

347 3512 447 3565 τόν
473 3527 527 3566 τι
562 3514 934 3584 παρεμφαίνει
990 3517 1105 3577 τοῖς
1158 3516 1526 3586 ὲμὸαθύνουσι
1577 3521 1722 3572 κατά
1781 3520 1928 3575 νοῦν.

352 3605 517 3658 Ἐστι
542 3606 651 3676 γὰρ
674 3607 882 3660 ἐκεῖθεν
908 3607 1298 3678 ὲρανισάμενον
1326 3609 1601 3678 φάναι,ὼς
1618 3610 1764 3675 ἆπας
1787 3614 1813 3663 ό
1835 3610 1932 3682 ζη-

351 3692 465 3749 τῶν
493 3697 568 3768 μὴ
602 3698 1098 3770 μνησικακηθῆναι,
1139 3697 1312 3763 οὕτως
1346 3700 1413 3754 ἂν
1446 3703 1800 3772 ποτνιάσηται
1835 3704 1928 3756 τὸν

352 3789 767 3859 συνάνθρωπονο
806 3790 880 3860 μὴ
911 3789 1177 3861 μνησθῇς,
1209 3784 1254 3844 ὦ
1275 3791 1478 3862 ἑταῖρε,
1505 3794 1924 3863 ἁμαρτημάτων

357 3881 709 3953 παλαιτέρων
761 3885 841 3946 είς
891 3883 1249 3937 ἀνταπόδοσιν
1275 3883 1497 3955 δηλαδὴ,
1532 3885 1604 3949 ὡς
1643 3879 1730 3939 οἷα
1789 3903 1929 3958 μνη-

351 3974 601 4036 σίκακος.
653 3976 759 4029 Καὶ
790 3976 875 4045 ein
929 3975 995 4028 ἂν
1024 3977 1116 4029 καὶ
1162 3974 1308 4029 οὕτω
1359 3979 1694 4048 μνησικακία
1736 3981 1928 4051 μνήμη

360 4064 611 4119 παλαιῶν
646 4065 1059 4137 ἁμαρτημάτων
1089 4067 1181 4121 ἐπὶ
1218 4069 1572 4121 ἀνταποδόσει
1604 4070 1785 4143 ὁμοῖα.

424 4194 525 4260 ὀξῖ
572 4198 924 4252 ’Λναλεκτέον
956 4201 1013 4254 δὲ
1052 4201 1221 4255 εἰσέτι
1271 4203 1335 4255 ἐκ
1397 4201 1505 4255 τῶν
1556 4203 1662 4269 ἔξω
1711 4206 1803 4260 καὶ
1856 4207 1930 4278 μὴ

351 4286 651 4360 καθ’ήμᾶς
703 4290 956 4344 ἀκανθῶν
989 4293 1068 4356 εἰς
1096 4293 1375 4361 -ροδόεντα,
1417 4294 1493 4357 ὡς
1534 4294 1600 4347 ἂν
1648 4295 1791 4349 εῐποι
1823 4314 1926 4362 τις,

345 4380 512 4447 λόγον
566 4383 659 4434 καὶ
703 4382 802 4433 τό·
843 4383 936 4453 Μὴ
989 4384 1425 4455 μνησικακήσῃς.
1480 4386 1527 4438 εί
1581 4384 1645 4439 σὺ
1680 4387 1927 4460 φυλακὴν

2035 538 2148 593 sive
2199 541 2412 595 animus
2442 542 2578 611 (aut.
2610 543 2654 595 si
2687 545 2807 612 quis
2848 544 2921 597 ita
2951 546 3134 601 dicere
3168 546 3317 611 velit,
3380 548 3483 616 ira)
3519 549 3609 617 qui

2035 645 2143 683 non
2183 631 2235 684 in
2269 643 2413 687 motu
2440 633 2687 687 consistit
2712 633 2886 688 adhuc
2909 645 2963 689 et
2995 636 3046 689 in
3093 637 3328 704 fervore,
3383 638 3465 693 vel
3513 638 3608 708 qui

2037 732 2181 775 motu
2228 738 2332 777 non
2384 726 2685 793 composito
2738 727 2975 797 quidem,
3024 746 3128 784 non
3175 738 3353 784 tamen
3388 732 3609 801 laqueus

2037 815 2189 880 [sonit
2233 824 2286 869 ct
2314 819 2379 869 ad
2435 816 2657 872 insidias
2712 820 2883 884 sedet,
2930 820 2982 874 in
3039 836 3231 889 purum
3280 823 3610 877 inscribetur

2035 916 2339 973 peccatum.
2394 908 2588 963 Verum
2624 926 2746 965 cum
2779 919 2914 966 adeo
2944 922 3184 968 mutatus
3232 913 3393 969 fuerit
3444 917 3607 969 doco-

2034 1006 2174 1061 ctus,
2199 1005 2254 1050 ut
2282 1013 2621 1067 nequaquam
2647 1002 2811 1068 possit
2840 1019 3030 1057 vexare
3050 1019 3171 1058 eutn
3202 1005 3288 1073 qui
3306 1004 3415 1072 jam
3442 1006 3611 1060 iratus

2035 1097 2139 1153 est,
2169 1103 2267 1143 nec
2296 1090 2502 1159 agitare
2530 1093 2859 1158 turbareque
2891 1094 3065 1159 illum,
3104 1096 3176 1149 ita
3210 1106 3267 1149 ut
3301 1098 3462 1150 etiam
3500 1096 3608 1150 vel-

2034 1178 2109 1231 let
2144 1179 2356 1240 evomi;
2392 1188 2515 1232 tunc
2551 1197 2726 1250 neque
2758 1183 2882 1236 bilis
2915 1187 3148 1252 amplius
3182 1187 3472 1249 diceretur,
3509 1202 3608 1241 nec

2036 1286 2064 1323 a
2099 1269 2309 1326 fortiori
2337 1286 2533 1327 nomen
2564 1274 2854 1329 iracundiae
2885 1276 2967 1330 vel
2998 1278 3198 1331 veteris
3258 1279 3348 1332 ira:
3385 1280 3610 1332 SOl‘lll‘t-

2040 1369 2142 1412 tur.
2177 1359 2276 1414 Ubi
2309 1361 2450 1413 enim
2482 1360 2784 1425 iracundia,
2828 1363 2916 1416 ulti
2951 1374 3101 1417 vetns
3138 1364 3236 1425 ira,
3273 1365 3609 1431 quodneqne

2039 1461 2243 1515 manet,
2285 1466 2456 1520 neque
2480 1452 2767 1520 subjacet?
2817 1454 2962 1508 Alias
2984 1464 3162 1507 autem
3199 1453 3370 1521 magis
3392 1464 3610 1521 stupuit-

2036 1541 2162 1595 dum
2194 1542 2297 1596 hoc
2323 1542 2463 1597 idem
2496 1542 2808 1599 malleatum
2838 1560 2856 1600 :
2904 1544 3030 1598 mali
3057 1544 3369 1599 meminisse
3399 1545 3608 1598 dicere-

2039 1642 2126 1685 tur
2149 1646 2382 1702 coquere
2405 1632 2622 1699 quidem
2657 1634 2838 1690 subito
2868 1633 3054 1699 bilem,
3094 1645 3391 1689 retrorsum
3425 1644 3603 1689 autem

2039 1723 2185 1778 illaut
2219 1724 2379 1777 veluti
2420 1733 2655 1780 veterem
2712 1726 2850 1780 iram
2897 1726 3251 1795 abscondere,
3285 1740 3454 1796 usque
3480 1727 3607 1781 dum

2038 1817 2302 1872 ebulliens
2329 1818 2382 1871 in
2412 1816 2660 1873 effectum
2686 1826 2957 1889 erumpat.

2109 1952 2195 2009 76.
2242 1951 2309 2008 Ει
2334 1953 2406 2007 ita
2430 1954 2648 2024 quidem
2677 1954 3111 2023 lmaginaverunt
3134 1956 3226 2026 qui
3266 1956 3319 2009 in
3341 1954 3503 2011 rebus
3540 1955 3607 2010 ιι..

2034 2046 2118 2099 dei
2149 2045 2276 2099 caeci
2307 2054 2466 2099 erant
2510 2045 2638 2114 qttld
2666 2046 2883 2101 tandem
2911 2046 3039 2100 mali
3070 2045 3341 2101 memoriae
3369 2046 3610 2114 pravitas

2035 2139 2184 2192 velit.
2237 2138 2335 2204 Qui
2364 2152 2493 2193 vero
2538 2137 2878 2192 manifestius
2914 2138 2965 2192 in
3005 2139 3181 2192 lumen
3235 2138 3479 2193 veritatis
3522 2140 3607 2190 in-

2034 2241 2326 2300 spexerunt
2352 2239 2406 2284 et
2436 2245 2535 2286 nos
2560 2229 2634 2285 ita
2656 2228 2838 2285 facere
2862 2229 3181 2296 docuerunt,
3207 2240 3263 2283 ut
3295 2231 3346 2283 iu
3378 2230 3604 2299 psalmis

2036 2324 2272 2377 habetur
2323 2339 2337 2378 :
2391 2321 2453 2377 Si
2504 2322 2714 2379 reddidi
2770 2322 3197 2377 retribuentibus
3229 2322 3357 2375 mihi
3388 2322 3602 2389 mala";

2034 2416 2313 2470 evidenter
2331 2415 2595 2469 deliniunt
2615 2414 2742 2469 mali
2769 2428 3061 2470 memorem
3093 2429 3236 2480 esse,
3277 2413 3368 2485 qni
3402 2414 3603 2469 malum

2033 2520 2134 2579 pro
2185 2508 2327 2562 malo
2367 2508 2561 2563 reddit.
2615 2507 2684 2563 Et
2738 2515 2840 2564 hoc
2870 2508 3088 2578 quidem
3122 2519 3206 2562 est
3237 2507 3346 2574 ita;
3375 2510 3467 2563 sed
3506 2512 3606 2564 ad—

2036 2599 2199 2655 dititii
2234 2600 2365 2655 mihi
2393 2610 2448 2654 ot
2476 2615 2591 2665 vos,
2640 2600 2987 2671 patriarcltici
3021 2600 3196 2670 pueri,
3239 2600 3413 2669 magni
3437 2602 3606 2670 patris

2035 2691 2186 2747 Isaac
2214 2690 2328 2757 filii,
2379 2692 2563 2748 dicitis
2603 2693 2806 2762 aliquid
2838 2699 2892 2747 et
2922 2700 3185 2755 vestrum,
3215 2707 3279 2747 ex
3308 2708 3413 2761 quo
3434 2693 3610 2759 surgit

2035 2783 2438 2853 pltilosoplticus
2507 2798 2689 2839 sermo
2751 2783 2875 2837 mali
2938 2786 3253 2839 memoriam
3318 2786 3601 2840 definiens.

2034 2873 2226 2929 Dicitis
2271 2875 2415 2930 enim
2457 2875 2580 2930 sic:
2638 2893 2657 2927 ι
2694 2873 2993 2943 Nequando
3039 2875 3166 2930 mali
3210 2876 3516 2932 meminerit
3549 2876 3605 2931 in

2037 2981 2133 3022 nos
2168 2964 2391 3036 Joseph,
2441 2980 2491 3021 et
2527 2967 2883 3021 retributione
2917 2968 3181 3022 retribuat
3225 2967 3383 3022 nobis
3420 2970 3604 3023 omnia

2038 3058 2203 3123 mala,
2252 3072 2372 3128 quae
2428 3058 2658 3113 fecimus
2716 3059 2881 3113 illi”.
2942 3058 3066 3113 ΙΙωο
3120 3059 3286 3129 igitur
3323 3060 3606 3115 manifesto

2034 3152 2409 3205 demonstrant
2443 3150 2570 3203 mali
2604 3151 2880 3205 memoria:
2908 3151 3277 3205 definitionem
3331 3166 3452 3205 esse
3475 3164 3606 3219 qua:-

2033 3240 2138 3294 lem
2160 3239 2318 3309 paulo
2349 3240 2598 3308 superius
2622 3239 3001 3295 indicavimus.
3037 3239 3212 3307 Ipsum
3239 3247 3418 3293 autent
3457 3239 3560 3293 hoc
3586 3253 3603 3293 :

2032 3331 2116 3387 Ne
2173 3330 2489 3386 memineris
2561 3330 2903 3398 iniquitatum
2981 3340 3283 3384 nostrarum
3352 3331 3603 3401 antiqua:

2033 3421 2229 3486 rum",
2284 3421 2484 3489 aliquid
2533 3419 2708 3475 simile
2743 3419 2988 3489 perltibet
3024 3419 3129 3474 illis
3187 3421 3277 3490 qui
3333 3421 3600 3490 profunda

2033 3522 2160 3569 sunt
2196 3523 2398 3567 mente.
2429 3509 2545 3565 Dici
2593 3523 2825 3580 namque
2857 3519 3036 3579 potest
3072 3510 3268 3565 exinde
3293 3512 3598 3578 collectum;

2032 3605 2178 3672 quod
2223 3602 2401 3659 omnis
2433 3602 2525 3672 qui
2576 3601 2700 3655 mali
2758 3600 3075 3655 memoriam
3126 3615 3231 3655 non
3268 3611 3468 3655 sentire
3504 3618 3601 3670 po-

2034 3697 2162 3760 scit,
2198 3695 2277 3751 sic
2310 3695 2361 3747 in
2390 3693 2725 3748 humanitate
2765 3694 2971 3747 socium
2999 3692 3315 3762 suppliciter
3344 3694 3600 3764 depreca-

2033 3798 2206 3843 retur.
2243 3785 2320 3841 Ne
2350 3785 2687 3850 memineris,
2728 3784 2912 3849 sodes,
2958 3795 3197 3840 veterum
3226 3795 3599 3854 peccatorum,

2033 3882 2099 3935 ad
2135 3877 2548 3934 retributionem
2593 3877 2824 3943 scilicet,
2866 3877 3020 3947 quasi
3070 3875 3194 3930 mali
3248 3891 3476 3931 memor.
3535 3873 3604 3930 Et

2031 3982 2178 4029 esset
2227 3970 2393 4027 etiam
2434 3969 2514 4024 sic
2562 3968 2688 4023 mali
2729 3969 3013 4036 memoria,
3061 3978 3301 4024 veterum
3338 3968 3600 4024 memoria

2031 4075 2378 4135 peccatorum
2410 4062 2477 4116 ad
2499 4061 2732 4118 similem
2767 4062 3206 4117 retributionem.

2104 4199 2189 4253 77.
2220 4198 2596 4267 Colligondum
2631 4207 2809 4251 autem
2845 4207 2927 4251 est
2973 4196 3149 4252 adhuc
3195 4201 3260 4252 ex
3294 4200 3513 4255 caeteris
3543 4204 3600 4256 et

2032 4305 2138 4347 n0n
2170 4292 2320 4361 juxta
2351 4305 2452 4346 nos
2483 4289 2655 4350 spinis
2688 4289 2743 4341 in
2776 4303 3015 4352 roseum,
3054 4298 3111 4343 ιιι
3142 4290 3335 4358 aliquis
3369 4292 3589 4359 dixerit,

2032 4396 2363 4447 sermonem,
2398 4381 2559 4437 etiam
2594 4380 2698 4434 hoc
2734 4396 2748 4433 :
2801 4377 2878 4433 Ne
2922 4378 3043 4432 mali
3081 4380 3415 4448 memineris,
3458 4383 3501 4437 si
3539 4392 3595 4439 tu

341 4469 677 4534 κατέλαϐες.
735 4470 903 4535 Ἀξιοῖ
924 4451 933 4453 ἡ
957 4451 1188 4541 γάρ-και
1224 4451 1379 4536 οὗτος
1399 4472 1576 4541 λόγος,
1606 4451 1703 4528 τὸν
1734 4451 1924 4541 κακοῖς

2034 4472 2338 4529 custodiam
2398 4469 2821 4541 apprehendisti.
2872 4467 3076 4523 Iudicat
3103 4471 3245 4523 enim
3280 4471 3383 4526 iste
3417 4486 3596 4528 sermo

346 4564 716 4635 περιτυχόντα
750 4564 825 4634 μὴ
866 4563 1206 4634 μεμνῆσθαι,
1240 4564 1269 4618 ὃ
1300 4564 1488 4630 πάθοι,
1530 4564 1663 4634 πρὸς
1688 4566 1922 4627 ἄμυναν.

347 4656 466 4708 Καὶ
490 4654 630 4708 οὕτω
658 4656 756 4725 μὲν
787 4660 882 4709 καὶ
905 4656 1085 4711 τοῦτο.
1122 4655 1315 4719 ’Δλλος
1351 4657 1408 4708 δέ
1433 4672 1498 4724 γε
1526 4655 1748 4726 θυραῖος
1776 4657 1922 4726 νοῦς,

339 4747 419 4800 δι’
469 4740 529 4799 οὗ
582 4746 1025 4818 παραγγέλλεται
1097 4764 1219 4815 τις,
1272 4747 1350 4818 μὴ
1415 4749 1777 4819 μνησικακεῖν
1826 4751 1927 4823 τὴν

341 4839 594 4910 ἡλικίαν,
626 4839 717 4909 ὑφ’
764 4836 833 4912 ἧς
863 4840 1331 4913 ἐνεοττοτροφήθη
1372 4843 1628 4913 ἐμφαίνει
1650 4844 1742 4897 καὶ
1764 4844 1928 4907 αὐτὸς

355 4932 791 5000 «μνησικακίας»
868 4932 1215 5004 ὑπογραφήν.
1271 4934 1347 4987 Τὸ
1401 4934 1459 4988 δὲ
1517 4933 1769 4988 ἐντεῦθεν
1819 4934 1930 5005 ἐγὼ

346 5024 681 5098 θερμότερόν
712 5044 765 5080 τι
786 5026 985 5092 λαλῶν,
1015 5028 1182 5098 φαίην
1213 5026 1302 5094 ἂν,
1336 5027 1412 5092 ὡς
1432 5010 1554 5081 οὐδὲ
1582 5027 1645 5081 τὸ
1710 5029 1927 5099 μεμνῆ-

346 5119 479 5171 σθαί
512 5136 657 5182 τινος
679 5120 876 5183 κακοῦ,
908 5119 984 5191 μὴ
1013 5120 1223 5186 ἁπλῶς,
1264 5120 1399 5191 ἀλλά
1432 5121 1527 5175 καὶ
1577 5122 1928 5191 πικρότερον,

348 5211 718 5282 προσκρούειν
740 5211 807 5266 ἂν
834 5210 891 5276 ἐξ
913 5212 1161 5281 ἀνάγκης
1209 5210 1325 5281 ἔχοι
1354 5214 1419 5282 τῇ
1464 5209 1739 5281 ὀρθότητι·
1784 5211 1837 5263 ετ
1861 5226 1926 5277 γε

345 5301 449 5352 καὶ
470 5300 637 5353 Δαυῒδ
663 5299 806 5354 οὕτω
820 5301 1077 5371 μνησθεὶς
1094 5301 1570 5372 πολυπραγμονεῖ,
1593 5299 1925 5368 λογιστεύων

345 5394 444 5445 τὶν
485 5392 713 5460 Κύριον,
756 5394 808 5446 τί
868 5391 1290 5464 ἑπληθὺνθησαν
1347 5394 1398 5445 οἱ
1432 5392 1594 5445 αὐτὸν
1627 5391 1926 5454 θλίὸοντεςο

346 5487 446 5538 καὶ
461 5484 680 5555 εῠχεται
712 5485 790 5548 δὲ,
812 5486 920 5538 τῶν
939 5486 1195 5539 τοιούτων
1224 5485 1453 5554 ὲξάντης
1480 5484 1757 5553 γενέσθαιο
1800 5484 1927 5536 πολ-

342 5578 432 5631 λοὶ
461 5576 517 5630 δὲ
542 5577 638 5630 καὶ
677 5577 856 5648 ἕτεροι
885 5577 983 5630 σὺν
1014 5578 1184 5648 αὐτῷ,
1211 5576 1391 5648 ψυχᾶς
1452 5574 1781 5645 αίσθητικὰς
1830 5575 1922 5626 e6-

420 5742 470 5788 ’³⁸
504 5753 649 5812 'I‘sal.
677 5771 773 5821 vn,
800 5755 836 5810 5

2030 4566 2190 4621 malis
2239 4566 2453 4621 obviam
2496 4563 2695 4618 factum
2729 4577 2837 4617 non
2889 4563 3088 4618 debere
3132 4566 3275 4631 quod
3301 4578 3495 4632 passus
3525 4565 3598 4618 sit

2030 4660 2099 4715 ad
2127 4659 2420 4713 vindictam
2444 4656 2779 4711 meminisse.
2841 4654 2906 4709 Et
2928 4656 2999 4708 ita
3054 4654 3270 4722 quidem
3300 4664 3383 4707 est
3432 4655 3597 4709 istud.

2031 4753 2153 4809 Alia
2180 4766 2308 4806 vero
2334 4750 2404 4805 de
2464 4749 2631 4819 ianua
2666 4747 2962 4812 sententia,
2997 4762 3100 4816 qua
3159 4744 3476 4822 prohibetur
3529 4761 3597 4799 ne

2032 4844 2155 4915 quis
2183 4842 2237 4897 in
2274 4842 2415 4896 hanc
2448 4848 2684 4904 atatem,
2713 4852 2742 4891 a
2769 4852 2874 4907 qua
2919 4839 3178 4890 educatus
3197 4844 3297 4899 ost,
3327 4835 3455 4889 mali
3486 4851 3597 4888 mc-

2030 4932 2290 4996 minerit,
2362 4928 2675 4985 manifestat
2725 4938 2781 4983 et
2828 4928 2942 4996 ipsa
2973 4925 3099 4979 mali
3141 4924 3413 4981 memoria!
3462 4924 3598 4980 deli-

2030 5019 2360 5076 neatiorfem.
2409 5016 2522 5087 Ego
2555 5029 2685 5070 vero
2714 5015 2855 5086 quod
2894 5012 3090 5068 exinde
3116 5024 3202 5067 est
3243 5011 3475 5067 vividius
3504 5026 3600 5066 ex-

2029 5116 2294 5185 primens,
2327 5112 2590 5176 dicerem,
2619 5109 2764 5179 quod
2800 5121 2975 5177 neque
2999 5106 3280 5176 cujusdam
3314 5094 3462 5169 mali,
3489 5120 3596 5158 non

2031 5203 2372 5273 simpliciter,
2401 5201 2494 5256 sed
2522 5199 2689 5254 etiam
2722 5211 2907 5251 amare
2940 5196 3252 5250 meminisse
3290 5196 3598 5250 necessario

2030 5295 2409 5353 rectitudinem
2443 5290 2704 5359 υιῐοιιιιίις
2748 5292 2793 5348 si
2847 5290 3066 5359 quidem
3122 5289 3238 5359 ipse
3302 5288 3466 5343 David
3520 5294 3598 5345 sic

2027 5387 2323 5442 recordans
2345 5384 2694 5450 sollicitatur,
2721 5399 2748 5436 a
2774 5381 3002 5436 Domino
3036 5379 3303 5435 rationem
3335 5382 3595 5449 petens",

2027 5479 2156 5549 quid
2192 5475 2528 5545 multiplicati
2556 5476 2661 5530 sint
2690 5474 2781 5543 qui
2815 5471 3076 5527 tribulaut
3107 5471 3318 5540 ipsum;
3373 5481 3430 5526 et
3473 5486 3598 5537 pre-

2028 5578 2186 5627 catur
2208 5578 2265 5621 ut
2286 5566 2354 5620 ab
2388 5566 2494 5621 illis
2529 5564 2782 5620 immunis
2813 5571 2869 5619 et
2897 5577 3064 5619 sanus
3091 5561 3187 5620 ﬁat
3238 5564 3402 5635 (sicut
3430 5572 3485 5619 et
3507 5560 3601 5617 alii

975 5735 1017 5787 (⁷
1052 5753 1164 5809 Cen
1215 5767 1268 5806 ι.
1304 5755 1388 5809 15.
1469 5755 1511 5787 ⁸⁸
1549 5752 1689 5808 l'sal.
1724 5766 1952 5822 Lxxvttt,
1988 5753 2043 5807 8.
2119 5750 2161 5783 ¹⁹
2189 5747 2331 5804 Psal-
2365 5762 2445 5812 III.
2473 5742 2527 5801 2-
