4090 6410
505 342 615 416 4ῗὸ

1215 338 1638 407 EUSTATHII
1681 336 2438 404 THESSAIDNICENSIS
2475 327 3045 396 MEI‘ROPOLlTxE

3644 324 3761 388 476

504 466 683 528 multi,
706 461 793 534 qui
812 459 1097 515 sensibiles
1116 458 1468 513 obtinuerunt
1493 456 1728 521 animas,
1753 472 1851 512 nec
1877 457 2081 512 ossium

2192 454 2506 523 τυχηκὸτες,
2538 448 2742 504 όστέων
2770 446 2959 516 σῆτας,
3022 443 3111 498 διά
3138 442 3198 534 ιδ
3249 441 3609 513 ἐμμέριμνον,
3666 443 3769 498 καὶ

506 558 704 617 tineas,
760 551 830 604 ob
864 547 1289 618 inquietudinem
1321 554 1374 600 et
1412 544 1790 601 difﬁcultatem
1851 547 2079 617 injurias

506 639 884 705 obliviscentli,
919 640 1138 693 sentiat.

581 737 668 790 78.
703 735 759 789 Si
792 748 919 788 vero
944 732 1110 801 (quod
1140 730 1317 801 majus
1338 731 1442 803 est)
1473 731 1626 787 nobis
1645 746 1969 788 concessum
1995 739 2082 785 est

505 827 783 898 deprecari
812 836 869 879 ut
905 823 1288 879 conculcemus
1313 824 1595 887 inimicos,
1635 839 1742 879 non
1772 824 1944 879 solum
1976 824 2088 892 spi-

506 919 712 976 ritales.
769 916 862 970 sed
919 914 1083 968 etiam
1125 913 1401 979 carnales,
1451 912 1535 969 vel
1599 924 1659 968 ut
1724 914 1865 968 idem
1929 913 2085 969 dica-

507 1028 645 1077 mus,
681 1010 981 1065 invisibiles
1017 1022 1081 1063 ac
1109 1008 1385 1075 visibiles;
1434 1024 1680 1078 quaenam
1706 1010 2087 1065 estindeliuita

504 1114 560 1157 et
606 1117 718 1156 non
770 1101 909 1155 bene
962 1100 1377 1168 circumscripta
1423 1099 1732 1168 praeceptio,
1793 1099 1937 1169 quod
1978 1114 2084 1154 nou

505 1201 722 1263 oportet
748 1190 970 1244 omnino
1003 1188 1126 1241 ntali
1160 1186 1482 1242 recordari?
1536 1189 1684 1244 Satis
1712 1190 1857 1243 enim
1909 1188 2085 1243 mani~

426 1278 432 1285 ’
509 1283 704 1337 festum
738 1292 841 1341 est,
867 1280 1010 1348 quod
1046 1278 1135 1333 ille
1175 1280 1265 1349 qui
1324 1286 1582 1346 precatur
1614 1289 1675 1333 ut
1709 1294 1737 1331 a
1782 1278 2089 1333 visibilibus

508 1373 776 1428 liberetur
803 1371 1061 1436 inimicis,
1112 1370 1164 1423 in
1199 1371 1396 1438 quibus
1433 1377 1556 1423 sunt
1581 1369 1675 1438 qui
1713 1368 2093 1424 irrcmediabi-

509 1464 580 1516 lia
611 1462 752 1516 mala
791 1460 1055 1524 fecerunt,
1081 1473 1303 1527 prorsus
1330 1458 1577 1514 malellcii
1609 1459 1882 1514 meminit.
1913 1458 2091 1514 Simul

508 1557 653 1610 euim
690 1570 753 1607 ac
793 1568 1007 1623 precem
1034 1552 1310 1606 eructavit
1341 1567 1437 1606 cor
1464 1560 1520 1607 ut
1563 1567 1591 1606 a
1633 1552 1835 1608 talibus
1861 1553 2095 1609 inimicis

512 1647 763 1699 liberatio
786 1645 898 1705 liat,
925 1643 1108 1698 statim
1140 1644 1195 1697 in
1220 1652 1453 1698 mentem
1481 1646 1849 1699 ascenderunt
1877 1646 1991 1701 isti.
2028 1644 2094 1701 Et

511 1752 640 1790 ecce
663 1749 878 1806 quoque
907 1733 1021 1788 haec
1049 1743 1134 1789 est
1163 1734 1421 1788 memoria
1442 1733 1562 1787 mali
1584 1735 2095 1806 irrepreheusibilis,

2187 545 2262 612 μὴ
2294 543 2493 614 ρξδίως
2523 538 2877 595 ἐπιλιλστικδν
2907 537 3013 589 τῶν
3045 532 3367 591 κακώσεων.

2256 721 2360 790 οη’.
2400 722 2464 774 El
2492 720 2547 775 δὲ
2570 719 2650 791 (τὸ
2667 720 2827 773 πλέον
2853 716 3048 787 εἰπεῖν)
3077 716 3174 769 καὶ
3204 714 3572 784 παραδέδοται
3620 713 3760 783 ἡμῖν
3797 699 3801 702 ’

2185 813 2460 883 εὔχεσθαι,
2485 813 2825 866 καταπατεῖν
2864 808 3114 880 ἐχθροὺς,
3149 808 3211 860 οὐ
3246 806 3407 876 μόνον
3463 804 3765 875 ἀσάρκους,

2185 904 2323 958 ἀλλὰ
2352 903 2418 974 δὴ
2449 905 2543 956 καὶ
2564 902 2885 972 ὲνσάρκους,
2916 898 3114 953 ταύτὸν
3145 897 3202 951 δὲ
3248 897 3439 966 φάναι,
3490 896 3766 964 άοράτους

2188 1000 2279 1052 καὶ
2304 995 2555 1068 ὁρατούς·
2586 995 2669 1057 τίς
2704 994 2738 1063 ἡ
2767 992 3072 1062 ἀδιόριστος
3120 989 3216 1043 καὶ
3239 988 3339 1042 οὐκ
3366 974 3766 1056 εὐδιάρθρωτος

2187 1087 2536 1161 παραγγελία
2564 1086 2656 1141 τοῦ
2691 1088 2767 1157 μὴ
2797 1085 2994 1156 χρῆναι
3045 1080 3360 1153 μεμνῆσθαί
3393 1094 3471 1149 πη
3499 1075 3670 1131 κακοῦ
3700 1076 3765 1128 τὸ

2189 1182 2414 1235 σύνολον
2440 1197 2456 1247 ;
2475 1180 2591 1235 Οὐκ
2613 1178 2810 1249 ἄδηλον
2826 1177 2959 1248 γὰρ,
2981 1176 3057 1237 ὡς
3084 1178 3111 1229 ὁ
3146 1174 3512 1242 ποτνιώμενος
3533 1167 3769 1239 λυτροῦ-

2191 1273 2320 1327 σθαι
2359 1271 2577 1343 ὁρατῶν
2639 1269 2873 1339 ἐχθρῶν,
2935 1270 2993 1321 έν
3044 1260 3125 1329 οἷς
3190 1266 3282 1318 καὶ
3336 1264 3385 1316 οί
3415 1260 3770 1322 κακώσαντες

2189 1363 2598 1425 ἁκατάλλακτα,
2630 1362 2903 1433 μέμνηται
2932 1358 3153 1421 πάντως
3205 1355 3551 1415 κακοποιῖας.
3610 1353 3765 1421 Ἀμα

2196 1457 2309 1529 γὰρ
2332 1456 2502 1526 εὐχὴν
2526 1456 2558 1525 ἠ
2594 1454 2789 1525 καρδία
2811 1450 3145 1523 ὲξηρεύξατο
3165 1450 3490 1519 λυτρὼσεως
3510 1445 3769 1500 τοιούτων

2196 1548 2428 1619 ἐχθρῶν,
2465 1548 2562 1600 καλ⁸
2592 1545 2791 1599 αὐτίκα
2823 1546 2903 1608 εἰς
2929 1543 3055 1598 νοῦν
3082 1544 3283 1596 ἐκεῖνοι
3318 1540 3619 1611 ἀνέϐησαν.
3653 1539 3769 1590 Καὶ

2201 1638 2314 1693 ίδοὺ
2350 1638 2444 1693 καὶ
2472 1639 2633 1691 τοῦτο
2660 1639 2846 1708 μνήμη
2882 1652 3057 1690 κακου
3086 1633 3481 1703 ἀνεπιτίμητος
3501 1673 3517 1698 ,
3540 1630 3602 1684 οὐ
3632 1647 3766 1682 σιω-

2198 1733 2450 1802 σπωμένη,
2469 1729 2580 1783 οὐδ’
2613 1730 2704 1782 ὑπ’
2722 1729 2912 1783 ὀδόντα
2937 1726 3281 1799 στρεφομένη
3310 1724 3452 1778 κατά
3499 1722 3624 1784 τοὺς
3650 1737 3769 1774 τονο

512 1844 619 1882 non
644 1828 827 1893 tacita,
857 1842 957 1882 nec
990 1827 1091 1881 sub
1119 1826 1397 1893 dentibus,
1427 1828 1494 1883 ad
1528 1826 1701 1883 instar
1738 1845 2082 1887 murmuran-

2192 1818 2534 1892 θορύζοντας,
2549 1817 2665 1872 ἀλλ’
2681 1817 3054 1889 έκλαλουμινη
3068 1815 3272 1887 τορώτε
3279 1830 3373 1886 ρον
3382 1812 3465 1876 εἰς
3480 1810 3771 1882 ἀκρόασιν.

513 1922 669 1981 tium,
707 1927 942 1981 versata,
967 1917 1061 1972 sed
1093 1918 1159 1970 ad
1192 1916 1523 1972 auditionem
1557 1919 1766 1975 acutius
1796 1936 2076 1991 expressa.

589 2012 674 2067 79.
721 2012 872 2078 Quod
908 2020 1088 2064 autem
1143 2010 1262 2063 istis
1292 2009 1488 2064 fortius
1509 2020 1614 2077 est,
1650 2011 1760 2064 lieri
1793 2022 1972 2082 potest
2023 2021 2081 2071 ut

508 2115 753 2162 servetur
789 2103 1046 2157 memoria
1102 2100 1226 2154 mali
1257 2100 1538 2170 cujusdam
1572 2100 1637 2154 ad
1662 2101 1981 2170 vindictam,
2006 2117 2081 2172 et,

513 2213 570 2256 ut
598 2197 902 2253 evidentius
932 2195 1143 2259 loquar,
1179 2193 1244 2245 ad
1278 2191 1402 2248 ntali
1439 2192 1795 2249 redditionem
1823 2212 1837 2261 ;
1871 2206 1925 2249 et
1947 2212 2078 2250 nou-

511 2292 640 2347 dum
683 2287 786 2340 hoc
811 2286 1033 2339 omnino
1068 2282 1196 2336 mali
1223 2282 1500 2337 memoriae
1531 2284 1763 2340 termino
1783 2288 2084 2355 subjaccat.

512 2382 676 2436 Tales
716 2386 895 2431 autem
933 2375 1093 2443 plane
1146 2382 1276 2429 sunt
1305 2376 1397 2443 qui
1431 2373 1548 2444 lege
1581 2375 1728 2441 belli,
1774 2378 2087 2434 necessario

512 2490 577 2529 ac
615 2470 1028 2535 iuevitabiliter,
1072 2469 1127 2523 in
1173 2467 1431 2531 invicem,
1491 2483 1557 2523 ex
1584 2469 1807 2525 urbibus
1834 2483 1892 2526 et
1917 2475 2090 2542 genti-

515 2570 637 2630 bus,
692 2563 995 2634 provocati,
1029 2569 1319 2631 postquam
1374 2560 1537 2630 aliqui
1580 2576 1683 2616 non
1720 2562 1868 2632 juste
1899 2567 2091 2623 turbas

513 2658 917 2723 seditioucsque
936 2666 1001 2707 ac
1034 2650 1280 2706 laesioues
1308 2651 1514 2721 agitare
1540 2663 1844 2722 coaperuut,
1876 2653 2093 2712 fortiter

511 2749 875 2805 metuiuerunt
929 2744 1077 2811 mali,
1116 2757 1215 2799 nec
1255 2744 1406 2813 prius
1453 2743 1610 2798 talem
1658 2746 1973 2802 memoriam
2006 2748 2091 2803 di-

512 2840 756 2902 mittunt,
788 2850 949 2905 quam
984 2835 1241 2888 ultionem
1272 2832 1638 2888 exercuerim.
1661 2833 1727 2888 Et
1746 2836 1848 2890 hoc
1875 2851 2089 2905 rursum

511 2944 581 2985 ac
631 2942 849 2983 rursum
902 2924 1218 2994 frequenter
1244 2923 1562 2987 excitatum,
1621 2923 1930 2978 incendium
1967 2896 2097 2980 belli

508 3019 818 3082 succendit,
876 3031 984 3072 non
1016 3014 1494 3085 exstinguendum,
1538 3016 1838 3085 usquedum
1892 3018 2095 3072 beneﬂ-

506 3116 659 3169 cium
690 3111 864 3183 pacis,
895 3124 1055 3164 curas
1088 3107 1360 3162 oblivione
1391 3115 1600 3177 tegens,
1633 3108 1851 3164 etelitus
1881 3109 2092 3168 demis-

2249 2016 2352 2071 06'.
2377 2015 2452 2069 Τὸ
2480 2015 2537 2070 δὲ
2561 2014 2627 2087 δὴ
2662 2014 2756 2070 καὶ
2794 2013 2907 2069 τῶν
2959 2012 3222 2069 τοιούτων
3252 2011 3604 2084 δριμύτερον
3640 2011 3762 2066 ἔστι

2185 2106 2317 2160 ποτὲ
2349 2105 2666 2176 μεμνῆσθαι
2692 2103 2865 2157 κακοῦ
2896 2120 3040 2167 τινος
3062 2103 3201 2174 πρὸς
3225 2102 3462 2173 ἄμυναν,
3492 2104 3608 2165 καὶ,
3634 2103 3769 2157 ἀνα-

2185 2196 2624 2267 κεκαλυμμένως
2653 2196 2852 2261 εἰπεῖν,
2880 2195 3016 2267 πρὸς
3054 2194 3442 2249 άντικάκωσιν·
3484 2194 3578 2248 καὶ
3610 2193 3767 2247 οὔπω

2184 2288 2303 2342 οὐδὲ
2330 2286 2487 2342 τοῦτο
2522 2286 2601 2350 είς
2630 2285 2693 2339 τὸ
2708 2286 2818 2341 πὰν
2837 2284 3269 2355 «μνησικακίας»
3305 2284 3418 2354 ὅρῳ
3465 2282 3764 2351 ὑπάγεται.

2188 2380 2434 2435 Τοιοῦτοι
2466 2379 2524 2432 δὲ
2582 2378 2804 2442 πάντως
2828 2378 2879 2432 οί
2939 2377 3184 2448 πολέμου
3233 2377 3384 2447 νόμῳ
3424 2375 3775 2444 ἀναγκαίως,-

2188 2474 2287 2527 ttat
2316 2471 2393 2534 ὼς
2420 2472 2522 2525 οὐκ
2558 2471 2625 2525 ἂν
2646 2470 2732 2542 εἴη
2757 2469 2957 2535 άλλως,
2990 2468 3345 2540 ἢρεθισμένοι
3378 2468 3465 2522 ἐπ’
3513 2466 3772 2536 ἀλλήλοις

2190 2562 2333 2617 κατά
2353 2579 2413 2616 τε
2453 2562 2659 2628 πόλεις,
2689 2562 2835 2615 κατά
2864 2578 2925 2616 τε
2958 2560 3113 2632 ἔθνη,
3138 2562 3274 2628 ὅσοι,
3296 2560 3771 2633 προϋπαρξάντων

2190 2655 2352 2710 τινῶν
2376 2656 2477 2710 οὐκ
2528 2655 2752 2719 ἐνδίκως
2774 2654 2870 2710 τοῦ
2934 2654 3255 2725 νεωτερίσαι
3308 2655 3406 2709 καὶ
3468 2654 3772 2709 στασιάσαι

2194 2748 2291 2801 καὶ
2327 2747 2553 2817 βλάψαι,
2599 2747 2908 2819 μέμνηνται
2950 2746 3187 2818 στερεῶς
3213 2746 3309 2801 τοῦ
3334 2745 3533 2812 κακοῦ,
3559 2747 3653 2801 καὶ
3705 2746 3770 2800 οὐ

2195 2840 2459 2912 πρότερον
2496 2841 2680 2895 ἀνιᾶσι
2710 2840 2810 2913 τῆς
2852 2840 3111 2913 τοιαύτης
3134 2842 3379 2914 μνήμης,
3441 2842 3612 2914 πρινὴ
3666 2857 3771 2912 με·

2195 2930 2418 3002 λετῆσαι
2447 2930 2516 2986 τὰ
2542 2931 2623 2995 τίς
2655 2933 2890 3002 ἄμυναν.
2922 2931 3032 2984 Καὶ
3089 2931 3251 2985 τοῦτο
3303 2930 3447 2985 κατὰ
3485 2931 3549 2984 τὸ
3603 2929 3769 2984 πάλιν

2195 3022 2292 3078 καὶ
2323 3024 2484 3077 πάλιν
2510 3023 2679 3096 συχνὰ
2712 3022 3157 3095 ζωπυρούμιδδον,
3204 3024 3383 3094 πυράν
3418 3021 3591 3094 ἀνῆψε
3616 3020 3775 3075 πολέμ-

2198 3132 2326 3186 μου,
2366 3116 2465 3168 οὐκ
2490 3113 2558 3171 ἂν
2602 3097 2998 3188 σϐεννυμένην,
3058 3116 3164 3181 ἕως
3192 3116 3259 3171 ἂν
3291 3117 3351 3171 τὸ
3406 3117 3504 3187 τῆς
3547 3115 3774 3187 εἰρήνης

515 3220 659 3267 sum,
692 3200 997 3271 huiusmodi
1041 3207 1230 3254 cuncta
1258 3213 1455 3254 vorans
1482 3200 1792 3255 incendium
1819 3212 2088 3274 tempera-

2195 3206 2483 3278 λαθικηδὲς
2508 3207 2711 3262 ἄνωθεν
2736 3207 3088 3280 ἑπομδρηθὲν
3118 3208 3338 3281 μαράνῃ
3363 3208 3466 3280 τὴν
3507 3206 3769 3279 τοιαύτην

516 3297 676 3351 verit.

589 3384 682 3440 80.
710 3382 880 3438 Porro
914 3384 961 3438 si
994 3380 1114 3438 talis
1139 3379 1400 3438 memoria
1430 3395 1876 3453 consequensque
1900 3385 2090 3441 delen-

517 3480 601 3534 sio
664 3492 770 3531 non
802 3485 910 3541 est,
966 3475 1172 3544 absque
1223 3472 1674 3539 contradictione,
1720 3476 1847 3530 mali
1896 3479 2088 3532 metui-

519 3570 688 3631 uisse,
726 3566 818 3621 sed
849 3564 1044 3619 similis
1089 3565 1302 3618 videtur
1332 3578 1395 3616 ac
1427 3563 1469 3618 si
1497 3561 1665 3617 feram
1709 3580 1853 3635 saepe
1896 3566 2086 3621 furen-

513 3668 627 3710 tem
662 3670 726 3709 ac
756 3655 810 3708 in
834 3653 1111 3708 interitum
1146 3660 1395 3707 ruentem
1427 3639 1622 3719 aliquis
1649 3654 2012 3721 propulsaret,
2035 3666 2091 3710 et

510 3752 625 3805 hoc
685 3747 848 3801 toties
899 3746 1116 3816 qumies
1151 3742 1268 3797 fera
1318 3742 1627 3813 perniciose
1672 3743 1911 3812 fureret;
1963 3748 2091 3815 quid

519 3840 777 3897 miserum
806 3838 1074 3892 hominem
1125 3832 1479 3889 dissimulatis
1516 3832 1646 3888 feris
1696 3836 1932 3905 undique
1988 3840 2096 3893 cir—

510 3929 854 3993 cumdatum,
886 3927 1140 3981 volumus
1169 3925 1416 3979 hebetem
1448 3939 1568 3979 sese
1599 3924 1891 3998 negligere,
1921 3929 2094 3985 donec

513 4020 884 4075 incustoditus
914 4018 1029 4074 suis
1060 4020 1319 4074 carnibus
1350 4016 1572 4087 impleat
1603 4034 1697 4073 ora
1726 4034 1920 4077 vorare
1944 4032 2096 4077 satu-

514 4111 739 4177 rat-ique
771 4111 1087 4179 volentium,
1127 4126 1245 4164 cum
1277 4120 1525 4179 oporteat
1552 4110 1691 4166 adeo
1724 4114 2090 4170 miserandum

514 4204 834 4275 permittere
878 4201 1156 4257 recordari
1200 4214 1367 4271 seque
1400 4200 1697 4268 custodire,
1742 4209 1797 4256 et
1831 4202 1885 4257 id
1913 4204 2087 4261 solum

512 4293 755 4363 operari,
785 4290 1029 4345 devitare
1054 4290 1297 4359 laqueos,
1332 4288 1529 4356 quibus
1555 4290 1762 4345 centies
1801 4291 2083 4365 irretitus,

512 4398 737 4455 semper
758 4383 1021 4439 malitiam
1046 4383 1316 4438 horrescit
1339 4380 1363 4434 ?

2196 3298 2495 3369 παμφάγον
2526 3300 2825 3368 πυρκαϊάν.

2269 3390 2346 3444 π’.
2382 3388 2447 3443 Et
2478 3390 2541 3456 δὴ
2572 3389 2635 3443 τὸ
2667 3389 2912 3445 τοιοῦτον
2944 3390 3311 3463 μνημόνευμα
3341 3395 3436 3447 καί
3466 3392 3499 3464 ή
3534 3391 3654 3446 κατ’
3678 3391 3777 3446 αύ-

2195 3480 2256 3534 τδ
2283 3482 2468 3550 ἄμυνα
2495 3482 2596 3535 οὐκ
2622 3480 2774 3536 ἔστιν
2835 3483 3251 3555 ἀναντιῤῥήτως
3317 3484 3767 3554 ιμνησικακείν,ι

2194 3569 2313 3623 ἀλλ’
2339 3571 2523 3637 ὅμοιον
2552 3571 2825 3641 φαίνεται,
2843 3572 2918 3637 ὡς
2944 3574 2995 3626 εί
3019 3574 3117 3628 καὶ
3130 3575 3272 3646 θῆρα
3293 3576 3534 3647 συνεχῶς
3556 3577 3777 3649 άγριού-

2199 3677 2360 3730 μενον
2384 3662 2478 3715 καὶ
2515 3662 2847 3735 ὲμπηδῶντα
2873 3666 2953 3728 είς
3003 3663 3228 3736 ὄλεθρον
3258 3666 3613 3736 ἀπαμύναιτό
3667 3686 3773 3734 τις,

2196 3752 2291 3805 καὶ
2321 3753 2669 3822 τοσαυτάκις,
2688 3754 2877 3818 ὁσάκις
2907 3756 2936 3808 ό
2966 3754 3068 3826 θὴρ
3099 3757 3402 3829 ἀγριωθείη
3430 3759 3563 3830 πρὸς
3596 3762 3777 3816 κάκω-

2199 3861 2308 3898 σιν*
2332 3846 2387 3899 τί
2414 3847 2478 3918 δὴ
2507 3848 2597 3903 τὸν
2633 3848 2900 3902 πολύτλαν
2937 3847 3226 3919 ἄνθρωπον
3254 3854 3345 3906 καὶ
3369 3852 3578 3924 θηρίοις
3610 3856 3776 3909 ὑπού-

2197 3937 2311 4001 λοις
2334 3937 2521 4011 κύκλῳ
2543 3940 2957 4011 στοιχιζόμενον
2991 3941 3253 4011 ἐθέλομεν
3289 3944 3649 4014 ὴλιθιοῦσθαι,
3682 3950 3776 4002 καί

2200 4043 2301 4081 που
2326 4029 2419 4083 καὶ⁵
2449 4027 2844 4100 παραϐλέπειν,
2886 4031 2991 4095 ἕως
3017 4031 3085 4086 ἂν
3117 4032 3176 4086 τὸ
3220 4034 3536 4102 ἀφύλακτον
3592 4038 3774 4110 πλήσῃ

2198 4117 2309 4174 τῶν
2338 4119 2529 4174 τούτου
2563 4122 2786 4191 σαρκῶν
2815 4124 2884 4176 τά
2912 4127 3157 4195 στόματα
3211 4126 3322 4180 τῶν
3353 4128 3648 4183 ἐθελόντων
3680 4130 3775 4184 λα-

2196 4211 2423 4283 φύσσειν
2442 4217 2537 4271 καὶ
2560 4232 2690 4269 κατε
2699 4215 3067 4286 μπίπλασθαι,
3090 4217 3209 4271 δέον
3232 4218 3452 4286 ἀφιέναι
3480 4220 3570 4272 τὸν
3598 4220 3774 4286 οὕτως

2200 4305 2438 4361 ἐλεεινὸν
2467 4308 2894 4378 μιμνήσκεσθαι,
2920 4310 3015 4363 καλ⁵
3052 4308 3435 4379 φυλάττεσθαι,
3472 4313 3567 4367 καὶ
3591 4314 3777 4370 ἀνύειν

2193 4397 2327 4451 αὐτὸ
2351 4398 2414 4470 δὴ
2442 4398 2601 4453 τοῦτο
2633 4400 2728 4455 καὶ
2763 4401 3020 4471 μόνον,τὸ
3040 4401 3438 4473 διαδιδράσκειν
3467 4404 3565 4465 τὰς
3609 4412 3776 4475 παγί-

2104 4488 2114 4495 ’
2196 4491 2313 4562 δας,
2338 4489 2432 4559 ἀἷς
2478 4495 2742 4565 μυριάκις
2778 4495 3056 4565 ἐνσχεθεὶς
3087 4497 3177 4551 ἀεὶ
3217 4500 3459 4551 πτοείται
3492 4500 3776 4566 κάκωσινς

583 4573 681 4630 8i.
735 4573 791 4628 In
825 4581 1202 4641 argumentum
1235 4570 1396 4637 hujus
1425 4569 1529 4626 loci
1556 4586 1771 4627 rursum
1794 4583 1851 4631 et
1886 4576 1975 4632 hic
2001 4596 2088 4635 ηε·

2274 4593 2368 4641 πα¹
2395 4626 2411 4642 .
2440 4588 2662 4643 Τοιοῦδε
2706 4590 2871 4643 τόπου
2931 4589 3246 4660 ἐγχείρημα
3284 4589 3566 4645 κάνταῦθα
3610 4591 3775 4647 πάλιν

514 4668 775 4732 cessario,
820 4676 1012 4735 prteter
1039 4665 1176 4720 alios
1208 4664 1414 4731 plures,
1456 4673 1563 4719 stet
1603 4666 1693 4735 qui
1729 4667 1975 4737 legitimo
2035 4672 2091 4726 in

513 4757 828 4827 nuptiarum
880 4754 1085 4810 lmdere
1116 4771 1144 4807 a
1181 4768 1349 4824 pravo
1399 4755 1550 4808 socio
1581 4755 1784 4823 patitur
1815 4758 2091 4827 injuriam.

518 4849 637 4903 Non
690 4857 771 4903 est
823 4846 969 4902 enim
1024 4846 1169 4916 quod
1225 4859 1330 4899 nou
1388 4847 1704 4901 recordetur
1734 4857 1787 4901 et
1820 4848 1935 4919 ipse
1967 4854 2091 4907 mali

516 4939 623 4992 sibi
655 4936 1038 5003 adversantis;
1069 4936 1163 4991 sed
1218 4950 1406 4990 curam
1438 4936 1720 4993 adhibebit
1756 4940 2089 5014 insidiasque

518 5037 703 5098 ponet,
758 5029 1065 5099 usquedum
1112 5028 1260 5084 hunc
1300 5029 1500 5084 malum
1574 5033 1917 5103 corripuerit,
1979 5038 2086 5105 vel,

515 5129 807 5191 antequam
853 5121 1125 5190 capiatur,
1185 5120 1383 5177 aliase
1436 5122 1545 5178 vita
1614 5126 1903 5181 sustulerit
1964 5146 1979 5185 :
2034 5140 2089 5187 et

513 5228 622 5268 non
654 5227 786 5267 sane
837 5213 1175 5282 reputabitur
1215 5213 1331 5283 ipse
1372 5214 1498 5269 mali
1530 5231 1737 5272 memor
1764 5220 2089 5290 ,(quomodo

510 5304 654 5359 enim
675 5304 721 5373 ?)
752 5305 867 5374 qui,
896 5304 977 5360 sic
1005 5313 1283 5373 operatus,
1320 5315 1499 5361 tamen
1525 5307 1850 5366 absolvitur.

580 5396 672 5453 82.
715 5396 1003 5453 Evidenter
1035 5398 1199 5468 igitur
1227 5413 1295 5453 ex
1339 5399 1423 5454 his
1454 5409 1680 5469 apparet
1713 5420 1818 5458 non
1858 5405 1926 5460 ad
1953 5422 2084 5476 pro-

510 5489 867 5558 pulsationem
914 5491 1237 5561 simpliciter
1271 5506 1337 5546 ac
1387 5493 1665 5551 indeﬁnite
1711 5498 1897 5555 reduci
1954 5500 2083 5555 mali

512 5582 856 5651 memoriam,
915 5582 1013 5639 sed
1062 5584 1133 5641 ad
1163 5585 1460 5659 quamdam
1497 5585 1734 5643 ferocem
1767 5604 1831 5644 ac
1866 5595 2086 5650 morda-

504 5687 625 5735 cem
659 5673 711 5727 in
738 5672 1121 5746 aequilibrium,
1154 5690 1277 5744 quae
1308 5675 1468 5747 plane
1499 5692 1606 5733 non
1642 5682 1953 5738 necessaria
1984 5700 2084 5742 nec

502 5763 648 5834 iusta
697 5766 1003 5826 viventibus
1053 5768 1108 5827 in
1163 5767 1382 5826 Christo
1411 5779 1518 5840 est,
1552 5771 1644 5828 sed
1677 5785 1798 5843 qua:
1830 5773 2080 5834 laudatur

2198 4682 2540 4750 ἀναγκαίως,
2568 4683 2693 4754 δίχα
2714 4700 2778 4752 γε
2810 4683 2988 4738 ἄλλων
3023 4683 3310 4749 πλειόνων,
3370 4684 3576 4740 κείσθω
3624 4685 3721 4739 καὶ
3748 4689 3777 4739 ό

2198 4773 2255 4836 ἐς
2278 4774 2503 4843 ἔννομον
2550 4775 2795 4847 γαμικὴν
2850 4774 3171 4843 συνάλλαξιν
3204 4774 3342 4846 πρὸς
3366 4776 3568 4845 φαύλου
3589 4794 3781 4831 κοινω-

2192 4865 2286 4919 νοῦ
2310 4867 2767 4937 παροινούμενος,
2798 4869 2917 4922 Οὐκ
2939 4867 3056 4922 ἐστι
3084 4869 3194 4938 γὰρ
3225 4869 3312 4923 ὅτε
3336 4870 3395 4923 οὐ
3433 4873 3777 4941 μεμνήσεται

2194 4955 2290 5009 τοῦ
2317 4956 2739 5028 άντιζυγοῦντος
2771 4958 2947 5015 κακοῦ
2986 4961 3081 5015 καὶ
3119 4961 3303 5027 αὐτὸς,
3340 4963 3439 5016 καὶ
3488 4962 3779 5033 μελετήσει

2202 5046 2298 5100 καὶ
2321 5047 2658 5119 ὲνεδρεύσει,
2695 5049 2805 5114 ἕως
2831 5050 2928 5104 τὸν
2961 5051 3132 5106 κακὸν
3152 5050 3186 5120 ἢ
3218 5050 3569 5122 συλλήψεται,
3596 5053 3629 5123 ἦ
3657 5053 3775 5116 καὶ,

2196 5137 2364 5210 πρινὴ
2392 5138 2677 5205 λαϐέσθαι,
2706 5141 2885 5208 άλλως
2904 5143 3170 5218 ἀπαγάγῃ
3198 5144 3290 5198 τοῦ
3326 5143 3446 5215 ζῇν.
3481 5145 3589 5198 Καὶ
3611 5145 3671 5198 οὐ
3685 5145 3781 5215 δή-

2197 5245 2300 5281 που
2322 5230 2740 5301 ἀναμφιλέκτως
2771 5234 2850 5298 είς
2873 5234 3214 5305 μνησίκακον
3246 5233 3356 5288 οὐδ’
3388 5235 3551 5299 αὐτὸς
3576 5235 3782 5305 ἐγγρα-

2194 5322 2453 5392 φήσεται,
2479 5323 2619 5396 (πῶς
2644 5327 2754 5397 γάρ
2773 5328 2812 5397 ;)
2839 5326 2897 5391 ὃς
2921 5327 3016 5382 καὶ
3034 5326 3360 5391 δικαιοῦται,
3379 5324 3583 5397 δράσας
3609 5325 3783 5383 οὕτω.

2267 5414 2377 5484 πβ’.
2406 5412 2623 5469 Οὐκοῦν
2652 5417 3000 5488 ἀναπέφηνεν
3052 5418 3117 5471 ἐκ
3144 5416 3350 5471 τούτων
3374 5417 3647 5487 φανερῶς,
3671 5434 3783 5488 μη-

2193 5504 2250 5559 δὲ
2282 5507 2359 5568 είς
2391 5505 2609 5577 ἄμυναν
2638 5508 2826 5573 ἁπλῶς
2863 5509 3010 5565 οὕτω
3049 5509 3424 5581 ἀδιάρθρωτον
3470 5509 3779 5578 ἀνάγεσθαι

2192 5595 2258 5649 τὸ
2313 5601 2693 5668 μνησικακεῖν,
2730 5600 2846 5654 ἀλλ’
2883 5600 2965 5665 είς
3012 5619 3135 5655 τινα
3160 5601 3440 5674 θηριωδῶς
3497 5602 3786 5673 δακνηρὰν

2193 5688 2336 5758 πρὸς
2383 5692 2772 5761 ἀντισήκωσιν,
2813 5693 2875 5747 οὐ
2905 5692 3046 5749 πάνυ
3085 5693 3210 5748 οῦτε
3267 5695 3600 5765 ἀναγκαίαν,
3653 5694 3787 5750 οὔτε

2187 5779 2402 5835 δικαίαν
2439 5786 2552 5846 τοῖς
2580 5799 2643 5852 γε
2676 5782 2843 5848 ζῶσιν
2876 5787 2934 5839 έν
2987 5785 3230 5856 Χριστῷ,
3251 5786 3368 5842 ἀλλ’
3399 5786 3467 5854 ἣν
3516 5788 3782 5859 ἐπαινοίη
