  <div class='ocr_page' id='page_1' title='image "/cluster/home/n/w/nwhite01/storage/ocr_20150623/136/coo.31924054870419/244.png"; bbox 0 0 4090 6440; ppageno 0'>
   <div class='ocr_carea' id='block_1_1' title="bbox 338 392 440 454">
    <p class='ocr_par' dir='ltr' id='par_1_1' title="bbox 338 392 440 454">
     <span class='ocr_line' id='line_1_1' title="bbox 338 392 440 454; baseline 0.029 -4"><span class='ocrx_word' id='word_1_1' title='bbox 338 392 440 454; x_wconf 56' lang='lat' dir='ltr'><strong>ii&quot;!</strong></span> 
     </span>
    </p>
   </div>
   <div class='ocr_carea' id='block_1_2' title="bbox 1285 378 2622 458">
    <p class='ocr_par' dir='ltr' id='par_1_2' title="bbox 1285 378 2622 458">
     <span class='ocr_line' id='line_1_2' title="bbox 1285 378 2622 458; baseline 0.001 -3"><span class='ocrx_word' id='word_1_2' title='bbox 1285 380 1593 455; x_wconf 77' lang='lat' dir='ltr'><strong>CONTRA</strong></span> <span class='ocrx_word' id='word_1_3' title='bbox 1641 378 2137 454; x_wconf 76' lang='lat' dir='ltr'><strong>INJURIARUM</strong></span> <span class='ocrx_word' id='word_1_4' title='bbox 2166 384 2622 458; x_wconf 76' lang='lat' dir='ltr'><strong>MEMORIAM;</strong></span> 
     </span>
    </p>
   </div>
   <div class='ocr_carea' id='block_1_3' title="bbox 3504 375 3609 450">
    <p class='ocr_par' dir='ltr' id='par_1_3' title="bbox 3504 375 3609 450">
     <span class='ocr_line' id='line_1_3' title="bbox 3504 375 3609 450; baseline -0.048 0"><span class='ocrx_word' id='word_1_5' title='bbox 3504 375 3609 450; x_wconf 71' lang='grc'><strong>473</strong></span> 
     </span>
    </p>
   </div>
   <div class='ocr_carea' id='block_1_4' title="bbox 338 500 1955 576">
    <p class='ocr_par' dir='ltr' id='par_1_4' title="bbox 338 500 1955 574">
     <span class='ocr_line' id='line_1_4' title="bbox 338 500 1955 574; baseline -0.001 -17"><span class='ocrx_word' id='word_1_6' title='bbox 338 505 402 557; x_wconf 74' lang='grc' dir='ltr'><strong>ἄν</strong></span> <span class='ocrx_word' id='word_1_7' title='bbox 442 520 523 566; x_wconf 81' lang='grc' dir='ltr'><strong>τις</strong></span> <span class='ocrx_word' id='word_1_8' title='bbox 561 502 761 557; x_wconf 80' lang='grc' dir='ltr'>ὲοέλων</span> <span class='ocrx_word' id='word_1_9' title='bbox 795 503 1076 574; x_wconf 77' lang='grc' dir='ltr'>ὀφθαλμὸν</span> <span class='ocrx_word' id='word_1_10' title='bbox 1116 505 1412 559; x_wconf 75' lang='grc' dir='ltr'>ἐκκόπτειν</span> <span class='ocrx_word' id='word_1_11' title='bbox 1451 504 1577 560; x_wconf 68' lang='grc' dir='ltr'><strong>ὁιντλ⁸</strong></span> <span class='ocrx_word' id='word_1_12' title='bbox 1612 500 1919 573; x_wconf 79' lang='grc' dir='ltr'><strong>ὀφθαλμοῦ,</strong></span> <span class='ocrx_word' id='word_1_13' title='bbox 1953 549 1955 556; x_wconf 93' lang='grc'>.</span> 
     </span>
    </p>
   </div>
   <div class='ocr_carea' id='block_1_5' title="bbox 2063 500 3605 576">
    <p class='ocr_par' dir='ltr' id='par_1_5' title="bbox 2064 500 3605 576">
     <span class='ocr_line' id='line_1_5' title="bbox 2064 500 3605 576; baseline -0.005 -20"><span class='ocrx_word' id='word_1_14' title='bbox 2064 503 2096 557; x_wconf 78' lang='grc'><strong>1)</strong></span> <span class='ocrx_word' id='word_1_15' title='bbox 2128 503 2219 559; x_wconf 92' lang='lat' dir='ltr'><strong>illo</strong></span> <span class='ocrx_word' id='word_1_16' title='bbox 2248 506 2342 576; x_wconf 90' lang='lat' dir='ltr'><strong>qui</strong></span> <span class='ocrx_word' id='word_1_17' title='bbox 2377 508 2491 563; x_wconf 87' lang='lat' dir='ltr'><strong>vult</strong></span> <span class='ocrx_word' id='word_1_18' title='bbox 2522 508 2741 563; x_wconf 89' lang='lat' dir='ltr'><strong>oculum</strong></span> <span class='ocrx_word' id='word_1_19' title='bbox 2774 506 3013 563; x_wconf 69' lang='lat' dir='ltr'><strong>effodere</strong></span> <span class='ocrx_word' id='word_1_20' title='bbox 3054 517 3153 575; x_wconf 89' lang='lat' dir='ltr'><strong>pro</strong></span> <span class='ocrx_word' id='word_1_21' title='bbox 3181 500 3362 569; x_wconf 90' lang='lat' dir='ltr'><strong>oculo,</strong></span> <span class='ocrx_word' id='word_1_22' title='bbox 3389 500 3605 556; x_wconf 86' lang='lat' dir='ltr'><strong>dentem</strong></span> 
     </span>
    </p>
   </div>
   <div class='ocr_carea' id='block_1_6' title="bbox 338 593 1918 666">
    <p class='ocr_par' dir='ltr' id='par_1_6' title="bbox 338 593 1918 666">
     <span class='ocr_line' id='line_1_6' title="bbox 338 593 1918 666; baseline 0.001 -21"><span class='ocrx_word' id='word_1_23' title='bbox 338 597 434 646; x_wconf 68' lang='grc' dir='ltr'>καὶ</span> <span class='ocrx_word' id='word_1_24' title='bbox 466 595 656 649; x_wconf 73' lang='grc' dir='ltr'>ὀδόντα</span> <span class='ocrx_word' id='word_1_25' title='bbox 684 598 1015 666; x_wconf 79' lang='grc' dir='ltr'><strong>καταγνύειν</strong></span> <span class='ocrx_word' id='word_1_26' title='bbox 1050 598 1171 651; x_wconf 72' lang='grc' dir='ltr'>ἀντὶ</span> <span class='ocrx_word' id='word_1_27' title='bbox 1198 597 1434 661; x_wconf 82' lang='grc' dir='ltr'><strong>ὀδόντος,</strong></span> <span class='ocrx_word' id='word_1_28' title='bbox 1466 597 1561 650; x_wconf 76' lang='grc' dir='ltr'>καὶ</span> <span class='ocrx_word' id='word_1_29' title='bbox 1586 598 1709 651; x_wconf 78' lang='grc' dir='ltr'>ἀντὶ</span> <span class='ocrx_word' id='word_1_30' title='bbox 1736 593 1918 665; x_wconf 68' lang='grc' dir='ltr'>χειρὸς</span> 
     </span>
    </p>
   </div>
   <div class='ocr_carea' id='block_1_7' title="bbox 338 684 1925 760">
    <p class='ocr_par' dir='ltr' id='par_1_7' title="bbox 338 684 1925 760">
     <span class='ocr_line' id='line_1_7' title="bbox 338 684 1925 760; baseline -0.001 -20"><span class='ocrx_word' id='word_1_31' title='bbox 338 688 685 758; x_wconf 71' lang='grc' dir='ltr'>ἀπαράσσειν</span> <span class='ocrx_word' id='word_1_32' title='bbox 707 692 890 760; x_wconf 82' lang='grc' dir='ltr'>χεῖρα,</span> <span class='ocrx_word' id='word_1_33' title='bbox 917 692 1012 744; x_wconf 71' lang='grc' dir='ltr'>καὶ</span> <span class='ocrx_word' id='word_1_34' title='bbox 1039 691 1140 745; x_wconf 73' lang='grc' dir='ltr'>ὅσα</span> <span class='ocrx_word' id='word_1_35' title='bbox 1158 689 1405 745; x_wconf 78' lang='grc' dir='ltr'>τοιαῦτα·</span> <span class='ocrx_word' id='word_1_36' title='bbox 1424 684 1507 753; x_wconf 79' lang='grc' dir='ltr'>οἷς</span> <span class='ocrx_word' id='word_1_37' title='bbox 1523 691 1624 743; x_wconf 78' lang='grc' dir='ltr'>οὐκ</span> <span class='ocrx_word' id='word_1_38' title='bbox 1645 688 1710 741; x_wconf 81' lang='grc' dir='ltr'>ἂν</span> <span class='ocrx_word' id='word_1_39' title='bbox 1732 688 1925 758; x_wconf 78' lang='grc' dir='ltr'>εὐαρε-</span> 
     </span>
    </p>
   </div>
   <div class='ocr_carea' id='block_1_8' title="bbox 340 781 1916 854">
    <p class='ocr_par' dir='ltr' id='par_1_8' title="bbox 340 781 1916 854">
     <span class='ocr_line' id='line_1_8' title="bbox 340 781 1916 854; baseline 0.002 -24"><span class='ocrx_word' id='word_1_40' title='bbox 340 781 515 832; x_wconf 68' lang='grc' dir='ltr'>στεῖτο</span> <span class='ocrx_word' id='word_1_41' title='bbox 538 781 678 851; x_wconf 82' lang='grc' dir='ltr'><strong>ἀνὴρ</strong></span> <span class='ocrx_word' id='word_1_42' title='bbox 704 782 987 854; x_wconf 77' lang='grc' dir='ltr'>ἐπιεικὴς,</span> <span class='ocrx_word' id='word_1_43' title='bbox 1006 782 1064 846; x_wconf 82' lang='grc' dir='ltr'>ὃς</span> <span class='ocrx_word' id='word_1_44' title='bbox 1088 786 1184 836; x_wconf 78' lang='grc' dir='ltr'>καὶ</span> <span class='ocrx_word' id='word_1_45' title='bbox 1212 783 1547 854; x_wconf 73' lang='grc' dir='ltr'>ἐγχειρήσας</span> <span class='ocrx_word' id='word_1_46' title='bbox 1578 781 1916 851; x_wconf 77' lang='grc' dir='ltr'>ἀμύνασθαι,</span> 
     </span>
    </p>
   </div>
   <div class='ocr_carea' id='block_1_9' title="bbox 341 867 1926 947">
    <p class='ocr_par' dir='ltr' id='par_1_9' title="bbox 341 867 1926 947">
     <span class='ocr_line' id='line_1_9' title="bbox 341 867 1926 947; baseline 0.001 -23"><span class='ocrx_word' id='word_1_47' title='bbox 341 867 457 926; x_wconf 76' lang='grc' dir='ltr'>εἶτα</span> <span class='ocrx_word' id='word_1_48' title='bbox 481 875 571 926; x_wconf 76' lang='grc' dir='ltr'><strong>τὸν</strong></span> <span class='ocrx_word' id='word_1_49' title='bbox 597 874 791 944; x_wconf 71' lang='grc' dir='ltr'>ἑχορδν</span> <span class='ocrx_word' id='word_1_50' title='bbox 827 875 933 929; x_wconf 70' lang='grc' dir='ltr'>ὑπὸ</span> <span class='ocrx_word' id='word_1_51' title='bbox 961 874 1109 944; x_wconf 79' lang='grc' dir='ltr'>ξίφει</span> <span class='ocrx_word' id='word_1_52' title='bbox 1142 876 1394 946; x_wconf 75' lang='grc' dir='ltr'><strong>θέμενος,</strong></span> <span class='ocrx_word' id='word_1_53' title='bbox 1446 876 1558 930; x_wconf 76' lang='grc' dir='ltr'>εἴτε</span> <span class='ocrx_word' id='word_1_54' title='bbox 1581 876 1726 947; x_wconf 59' lang='grc' dir='ltr'><strong>χειρὶ¹</strong></span> <span class='ocrx_word' id='word_1_55' title='bbox 1795 888 1926 943; x_wconf 68' lang='grc' dir='ltr'>σφετ-</span> 
     </span>
    </p>
   </div>
   <div class='ocr_carea' id='block_1_10' title="bbox 342 964 1924 1039">
    <p class='ocr_par' dir='ltr' id='par_1_10' title="bbox 342 964 1924 1039">
     <span class='ocr_line' id='line_1_10' title="bbox 342 964 1924 1039; baseline 0.002 -24"><span class='ocrx_word' id='word_1_56' title='bbox 342 964 493 1035; x_wconf 81' lang='grc' dir='ltr'>τέρᾳ,</span> <span class='ocrx_word' id='word_1_57' title='bbox 526 966 636 1018; x_wconf 75' lang='grc' dir='ltr'>εἴτε</span> <span class='ocrx_word' id='word_1_58' title='bbox 664 967 730 1037; x_wconf 81' lang='grc' dir='ltr'>τῇ</span> <span class='ocrx_word' id='word_1_59' title='bbox 767 967 909 1021; x_wconf 80' lang='grc' dir='ltr'>κατὰ</span> <span class='ocrx_word' id='word_1_60' title='bbox 938 968 1125 1034; x_wconf 89' lang='grc' dir='ltr'>νόμον,</span> <span class='ocrx_word' id='word_1_61' title='bbox 1172 969 1430 1039; x_wconf 81' lang='grc' dir='ltr'>παρίεται</span> <span class='ocrx_word' id='word_1_62' title='bbox 1465 969 1565 1038; x_wconf 80' lang='grc' dir='ltr'>τήν</span> <span class='ocrx_word' id='word_1_63' title='bbox 1597 967 1795 1038; x_wconf 78' lang='grc' dir='ltr'>ψυχὴν,</span> <span class='ocrx_word' id='word_1_64' title='bbox 1827 966 1924 1020; x_wconf 73' lang='grc' dir='ltr'>καὶ</span> 
     </span>
    </p>
   </div>
   <div class='ocr_carea' id='block_1_11' title="bbox 340 1055 1926 1131">
    <p class='ocr_par' dir='ltr' id='par_1_11' title="bbox 340 1055 1926 1131">
     <span class='ocr_line' id='line_1_11' title="bbox 340 1055 1926 1131; baseline 0.004 -25"><span class='ocrx_word' id='word_1_65' title='bbox 340 1055 638 1124; x_wconf 81' lang='grc' dir='ltr'>χαυνοῦται</span> <span class='ocrx_word' id='word_1_66' title='bbox 670 1060 738 1109; x_wconf 71' lang='grc' dir='ltr'>τὰ</span> <span class='ocrx_word' id='word_1_67' title='bbox 762 1058 951 1129; x_wconf 72' lang='grc' dir='ltr'>νεῦρα,</span> <span class='ocrx_word' id='word_1_68' title='bbox 992 1060 1086 1112; x_wconf 71' lang='grc' dir='ltr'><strong>καὶ</strong></span> <span class='ocrx_word' id='word_1_69' title='bbox 1127 1059 1322 1129; x_wconf 68' lang='grc' dir='ltr'>ἀφίησι</span> <span class='ocrx_word' id='word_1_70' title='bbox 1353 1061 1454 1131; x_wconf 79' lang='grc' dir='ltr'><strong>τὴν</strong></span> <span class='ocrx_word' id='word_1_71' title='bbox 1509 1060 1791 1131; x_wconf 83' lang='grc' dir='ltr'>ἁμαρτίαν</span> <span class='ocrx_word' id='word_1_72' title='bbox 1847 1060 1926 1131; x_wconf 83' lang='grc' dir='ltr'><strong>τῷ</strong></span> 
     </span>
    </p>
   </div>
   <div class='ocr_carea' id='block_1_12' title="bbox 342 1149 1108 1224">
    <p class='ocr_par' dir='ltr' id='par_1_12' title="bbox 342 1149 1108 1224">
     <span class='ocr_line' id='line_1_12' title="bbox 342 1149 1108 1224; baseline 0.005 -22"><span class='ocrx_word' id='word_1_73' title='bbox 342 1149 745 1203; x_wconf 81' lang='grc' dir='ltr'>κατακύπτοντι</span> <span class='ocrx_word' id='word_1_74' title='bbox 788 1153 844 1212; x_wconf 74' lang='grc' dir='ltr'>ἐς</span> <span class='ocrx_word' id='word_1_75' title='bbox 869 1153 1108 1224; x_wconf 73' lang='grc' dir='ltr'>σφαγήν.</span> 
     </span>
    </p>
   </div>
   <div class='ocr_carea' id='block_1_13' title="bbox 418 1238 1931 1315">
    <p class='ocr_par' dir='ltr' id='par_1_13' title="bbox 418 1238 1931 1315">
     <span class='ocr_line' id='line_1_13' title="bbox 418 1238 1931 1315; baseline 0.001 -20"><span class='ocrx_word' id='word_1_76' title='bbox 418 1238 526 1311; x_wconf 86' lang='grc' dir='ltr'>πγ’.</span> <span class='ocrx_word' id='word_1_77' title='bbox 559 1243 618 1295; x_wconf 81' lang='lat' dir='ltr'><strong>El</strong></span> <span class='ocrx_word' id='word_1_78' title='bbox 644 1243 699 1295; x_wconf 70' lang='grc' dir='ltr'>δὲ</span> <span class='ocrx_word' id='word_1_79' title='bbox 727 1244 823 1296; x_wconf 75' lang='grc' dir='ltr'>καὶ</span> <span class='ocrx_word' id='word_1_80' title='bbox 857 1242 1039 1296; x_wconf 83' lang='grc' dir='ltr'>κανὼν</span> <span class='ocrx_word' id='word_1_81' title='bbox 1062 1244 1390 1313; x_wconf 80' lang='grc' dir='ltr'>ὲξωτερικὸς</span> <span class='ocrx_word' id='word_1_82' title='bbox 1421 1243 1650 1315; x_wconf 69' lang='grc' dir='ltr'>γνώμην</span> <span class='ocrx_word' id='word_1_83' title='bbox 1689 1243 1931 1298; x_wconf 76' lang='grc' dir='ltr'>ἀπευθύε-</span> 
     </span>
    </p>
   </div>
   <div class='ocr_carea' id='block_1_14' title="bbox 341 1335 1930 1409">
    <p class='ocr_par' dir='ltr' id='par_1_14' title="bbox 341 1335 1930 1409">
     <span class='ocr_line' id='line_1_14' title="bbox 341 1335 1930 1409; baseline 0.001 -21"><span class='ocrx_word' id='word_1_84' title='bbox 341 1337 447 1397; x_wconf 80' lang='grc' dir='ltr'>νει,</span> <span class='ocrx_word' id='word_1_85' title='bbox 481 1336 569 1388; x_wconf 80' lang='grc' dir='ltr'>ὅτε</span> <span class='ocrx_word' id='word_1_86' title='bbox 598 1352 682 1397; x_wconf 82' lang='grc' dir='ltr'><strong>τις</strong></span> <span class='ocrx_word' id='word_1_87' title='bbox 707 1335 895 1403; x_wconf 77' lang='grc' dir='ltr'>πάθοι,</span> <span class='ocrx_word' id='word_1_88' title='bbox 924 1335 960 1389; x_wconf 80' lang='grc' dir='ltr'><strong>ὃ.</strong></span> <span class='ocrx_word' id='word_1_89' title='bbox 985 1337 1173 1400; x_wconf 85' lang='grc' dir='ltr'>κακῶς</span> <span class='ocrx_word' id='word_1_90' title='bbox 1196 1336 1453 1406; x_wconf 80' lang='grc' dir='ltr'><strong>δέδρακε,</strong></span> <span class='ocrx_word' id='word_1_91' title='bbox 1478 1336 1599 1389; x_wconf 88' lang='grc' dir='ltr'>τότε</span> <span class='ocrx_word' id='word_1_92' title='bbox 1620 1336 1684 1409; x_wconf 81' lang='grc' dir='ltr'>δὴ</span> <span class='ocrx_word' id='word_1_93' title='bbox 1712 1338 1930 1390; x_wconf 82' lang='grc' dir='ltr'>εὐθεῖαν</span> 
     </span>
    </p>
   </div>
   <div class='ocr_carea' id='block_1_15' title="bbox 345 1426 1930 1499">
    <p class='ocr_par' dir='ltr' id='par_1_15' title="bbox 345 1426 1930 1499">
     <span class='ocr_line' id='line_1_15' title="bbox 345 1426 1930 1499; baseline 0.003 -21"><span class='ocrx_word' id='word_1_94' title='bbox 345 1426 503 1495; x_wconf 85' lang='grc' dir='ltr'>δίκην</span> <span class='ocrx_word' id='word_1_95' title='bbox 524 1428 781 1495; x_wconf 82' lang='grc' dir='ltr'>γενέσθαι</span> <span class='ocrx_word' id='word_1_96' title='bbox 809 1458 872 1468; x_wconf 92' lang='lat'><strong>—-</strong></span> <span class='ocrx_word' id='word_1_97' title='bbox 900 1427 1015 1481; x_wconf 81' lang='grc' dir='ltr'>ἀλλ’</span> <span class='ocrx_word' id='word_1_98' title='bbox 1049 1427 1159 1496; x_wconf 71' lang='grc' dir='ltr'><strong>ἐγὼ</strong></span> <span class='ocrx_word' id='word_1_99' title='bbox 1198 1429 1299 1481; x_wconf 69' lang='grc' dir='ltr'>οὐκ</span> <span class='ocrx_word' id='word_1_100' title='bbox 1344 1430 1410 1482; x_wconf 78' lang='grc' dir='ltr'><strong>ἂν</strong></span> <span class='ocrx_word' id='word_1_101' title='bbox 1447 1428 1761 1499; x_wconf 81' lang='grc' dir='ltr'>ζηλώσαιμι</span> <span class='ocrx_word' id='word_1_102' title='bbox 1809 1428 1930 1482; x_wconf 76' lang='grc' dir='ltr'>οὐδὲ</span> 
     </span>
    </p>
   </div>
   <div class='ocr_carea' id='block_1_16' title="bbox 350 1519 1931 1591">
    <p class='ocr_par' dir='ltr' id='par_1_16' title="bbox 350 1519 1931 1591">
     <span class='ocr_line' id='line_1_16' title="bbox 350 1519 1931 1591; baseline 0.002 -21"><span class='ocrx_word' id='word_1_103' title='bbox 350 1519 403 1571; x_wconf 61' lang='grc' dir='ltr'><strong>τι</strong></span> <span class='ocrx_word' id='word_1_104' title='bbox 435 1519 698 1583; x_wconf 74' lang='grc' dir='ltr'>τοιοῦτον,</span> <span class='ocrx_word' id='word_1_105' title='bbox 753 1520 817 1572; x_wconf 82' lang='grc' dir='ltr'>ἐκ</span> <span class='ocrx_word' id='word_1_106' title='bbox 856 1520 912 1573; x_wconf 80' lang='grc' dir='ltr'>δὲ</span> <span class='ocrx_word' id='word_1_107' title='bbox 947 1519 1041 1573; x_wconf 79' lang='grc' dir='ltr'>τοῦ</span> <span class='ocrx_word' id='word_1_108' title='bbox 1099 1520 1199 1590; x_wconf 84' lang='grc' dir='ltr'>τῆς</span> <span class='ocrx_word' id='word_1_109' title='bbox 1242 1538 1263 1572; x_wconf 74' lang='grc' dir='ltr'><strong>ι</strong></span> <span class='ocrx_word' id='word_1_110' title='bbox 1303 1520 1721 1591; x_wconf 79' lang='grc' dir='ltr'>ἀμνησικακίας</span> <span class='ocrx_word' id='word_1_111' title='bbox 1757 1539 1776 1572; x_wconf 72' lang='grc' dir='ltr'><strong>ι</strong></span> <span class='ocrx_word' id='word_1_112' title='bbox 1804 1521 1931 1590; x_wconf 79' lang='grc' dir='ltr'>ὅρον</span> 
     </span>
    </p>
   </div>
   <div class='ocr_carea' id='block_1_17' title="bbox 347 1612 1932 1684">
    <p class='ocr_par' dir='ltr' id='par_1_17' title="bbox 347 1612 1932 1684">
     <span class='ocr_line' id='line_1_17' title="bbox 347 1612 1932 1684; baseline 0.003 -21"><span class='ocrx_word' id='word_1_113' title='bbox 347 1612 644 1680; x_wconf 86' lang='grc' dir='ltr'>πορίσομαι</span> <span class='ocrx_word' id='word_1_114' title='bbox 677 1613 920 1675; x_wconf 77' lang='grc' dir='ltr'><strong>τοπικῶς</strong></span> <span class='ocrx_word' id='word_1_115' title='bbox 952 1615 1049 1669; x_wconf 72' lang='grc' dir='ltr'>καὶ</span> <span class='ocrx_word' id='word_1_116' title='bbox 1071 1613 1160 1666; x_wconf 82' lang='grc' dir='ltr'><strong>τὸν</strong></span> <span class='ocrx_word' id='word_1_117' title='bbox 1194 1614 1293 1684; x_wconf 81' lang='grc' dir='ltr'>τῆς</span> <span class='ocrx_word' id='word_1_118' title='bbox 1321 1614 1734 1684; x_wconf 62' lang='grc' dir='ltr'>«μνησικακίας</span> <span class='ocrx_word' id='word_1_119' title='bbox 1771 1632 1789 1667; x_wconf 78' lang='grc' dir='ltr'><strong>ι</strong></span> <span class='ocrx_word' id='word_1_120' title='bbox 1820 1613 1932 1667; x_wconf 90' lang='grc' dir='ltr'>διο-</span> 
     </span>
    </p>
   </div>
   <div class='ocr_carea' id='block_1_18' title="bbox 348 1705 1926 1776">
    <p class='ocr_par' dir='ltr' id='par_1_18' title="bbox 348 1705 1926 1776">
     <span class='ocr_line' id='line_1_18' title="bbox 348 1705 1926 1776; baseline -0.008 -5"><span class='ocrx_word' id='word_1_121' title='bbox 348 1705 563 1775; x_wconf 75' lang='grc' dir='ltr'><strong>Ρισμόνο</strong></span> <span class='ocrx_word' id='word_1_122' title='bbox 599 1705 795 1776; x_wconf 76' lang='grc' dir='ltr'><strong>Εἰγάρ</strong></span> <span class='ocrx_word' id='word_1_123' title='bbox 829 1707 1293 1776; x_wconf 77' lang='grc' dir='ltr'><strong>«ἀμνησικακεῖν»</strong></span> <span class='ocrx_word' id='word_1_124' title='bbox 1355 1708 1476 1760; x_wconf 71' lang='grc' dir='ltr'>ἐστὶ</span> <span class='ocrx_word' id='word_1_125' title='bbox 1544 1709 1605 1761; x_wconf 77' lang='grc' dir='ltr'>τὸ</span> <span class='ocrx_word' id='word_1_126' title='bbox 1646 1725 1665 1759; x_wconf 79' lang='grc' dir='ltr'><strong>ι</strong></span> <span class='ocrx_word' id='word_1_127' title='bbox 1711 1707 1926 1761; x_wconf 72' lang='grc' dir='ltr'>ἀδικού-</span> 
     </span>
    </p>
   </div>
   <div class='ocr_carea' id='block_1_19' title="bbox 349 1797 1940 1871">
    <p class='ocr_par' dir='ltr' id='par_1_19' title="bbox 349 1797 1940 1871">
     <span class='ocr_line' id='line_1_19' title="bbox 349 1797 1940 1871; baseline 0.004 -23"><span class='ocrx_word' id='word_1_128' title='bbox 349 1812 512 1867; x_wconf 85' lang='grc' dir='ltr'>μενον</span> <span class='ocrx_word' id='word_1_129' title='bbox 556 1797 725 1869; x_wconf 79' lang='grc' dir='ltr'>μηδὲν</span> <span class='ocrx_word' id='word_1_130' title='bbox 781 1800 1117 1868; x_wconf 83' lang='grc' dir='ltr'>ἀνταδικεῖν,</span> <span class='ocrx_word' id='word_1_131' title='bbox 1174 1800 1308 1871; x_wconf 74' lang='grc' dir='ltr'><strong>μηδὲ</strong></span> <span class='ocrx_word' id='word_1_132' title='bbox 1360 1801 1755 1854; x_wconf 77' lang='grc' dir='ltr'>ἀντιϐλάπτειν</span> <span class='ocrx_word' id='word_1_133' title='bbox 1810 1800 1940 1870; x_wconf 85' lang='grc' dir='ltr'>βλα-</span> 
     </span>
    </p>
   </div>
   <div class='ocr_carea' id='block_1_20' title="bbox 356 1889 1945 1965">
    <p class='ocr_par' dir='ltr' id='par_1_20' title="bbox 356 1889 1945 1965">
     <span class='ocr_line' id='line_1_20' title="bbox 356 1889 1945 1965; baseline 0.003 -23"><span class='ocrx_word' id='word_1_134' title='bbox 356 1889 678 1957; x_wconf 74' lang='grc' dir='ltr'>πτόμενον,ι</span> <span class='ocrx_word' id='word_1_135' title='bbox 710 1890 797 1961; x_wconf 76' lang='grc' dir='ltr'>εἴη</span> <span class='ocrx_word' id='word_1_136' title='bbox 820 1890 887 1946; x_wconf 87' lang='grc' dir='ltr'>ἂν</span> <span class='ocrx_word' id='word_1_137' title='bbox 910 1891 968 1958; x_wconf 71' lang='grc' dir='ltr'><strong>ἐξ</strong></span> <span class='ocrx_word' id='word_1_138' title='bbox 988 1892 1262 1946; x_wconf 70' lang='grc' dir='ltr'>ἐναντίου(</span> <span class='ocrx_word' id='word_1_139' title='bbox 1276 1895 1645 1965; x_wconf 73' lang='grc' dir='ltr'><strong>μνησικακεῖν</strong></span> <span class='ocrx_word' id='word_1_140' title='bbox 1667 1892 1729 1946; x_wconf 82' lang='grc' dir='ltr'>τὸ</span> <span class='ocrx_word' id='word_1_141' title='bbox 1753 1893 1945 1964; x_wconf 73' lang='grc' dir='ltr'>ἠδικη-</span> 
     </span>
    </p>
   </div>
   <div class='ocr_carea' id='block_1_21' title="bbox 352 1981 1938 2057">
    <p class='ocr_par' dir='ltr' id='par_1_21' title="bbox 352 1981 1938 2057">
     <span class='ocr_line' id='line_1_21' title="bbox 352 1981 1938 2057; baseline 0.001 -22"><span class='ocrx_word' id='word_1_142' title='bbox 352 1981 513 2052; x_wconf 72' lang='grc' dir='ltr'>μένον</span> <span class='ocrx_word' id='word_1_143' title='bbox 546 1983 722 2055; x_wconf 72' lang='grc' dir='ltr'>τιναῆ</span> <span class='ocrx_word' id='word_1_144' title='bbox 758 1983 1140 2055; x_wconf 76' lang='grc' dir='ltr'>βεϐλαμμένον</span> <span class='ocrx_word' id='word_1_145' title='bbox 1186 1984 1415 2051; x_wconf 74' lang='grc' dir='ltr'>ἐθέλειν,</span> <span class='ocrx_word' id='word_1_146' title='bbox 1439 1985 1543 2057; x_wconf 70' lang='grc' dir='ltr'><strong>ἤδη</strong></span> <span class='ocrx_word' id='word_1_147' title='bbox 1567 1984 1625 2039; x_wconf 88' lang='grc' dir='ltr'>δὲ</span> <span class='ocrx_word' id='word_1_148' title='bbox 1653 1983 1748 2038; x_wconf 65' lang='grc' dir='ltr'><strong>καὶ⁹</strong></span> <span class='ocrx_word' id='word_1_149' title='bbox 1781 1986 1938 2056; x_wconf 80' lang='grc' dir='ltr'>ἐνερ-</span> 
     </span>
    </p>
   </div>
   <div class='ocr_carea' id='block_1_22' title="bbox 357 2076 1945 2149">
    <p class='ocr_par' dir='ltr' id='par_1_22' title="bbox 357 2076 1945 2149">
     <span class='ocr_line' id='line_1_22' title="bbox 357 2076 1945 2149; baseline 0.003 -21"><span class='ocrx_word' id='word_1_150' title='bbox 357 2078 466 2144; x_wconf 70' lang='grc' dir='ltr'>γεῖν</span> <span class='ocrx_word' id='word_1_151' title='bbox 494 2077 552 2129; x_wconf 69' lang='grc' dir='ltr'><strong>ιν</strong></span> <span class='ocrx_word' id='word_1_152' title='bbox 580 2076 657 2147; x_wconf 88' lang='grc' dir='ltr'><strong>τῷ</strong></span> <span class='ocrx_word' id='word_1_153' title='bbox 686 2077 977 2149; x_wconf 77' lang='grc' dir='ltr'>ποιήσαντι</span> <span class='ocrx_word' id='word_1_154' title='bbox 1008 2077 1070 2130; x_wconf 79' lang='grc' dir='ltr'>τὸ</span> <span class='ocrx_word' id='word_1_155' title='bbox 1104 2077 1466 2142; x_wconf 83' lang='grc' dir='ltr'>ταύτοπαθές.</span> <span class='ocrx_word' id='word_1_156' title='bbox 1503 2096 1522 2130; x_wconf 74' lang='grc' dir='ltr'><strong>ι</strong></span> <span class='ocrx_word' id='word_1_157' title='bbox 1554 2077 1776 2148; x_wconf 87' lang='grc' dir='ltr'>Λεγέτω</span> <span class='ocrx_word' id='word_1_158' title='bbox 1811 2077 1945 2146; x_wconf 87' lang='grc' dir='ltr'>γοῦν</span> 
     </span>
    </p>
   </div>
   <div class='ocr_carea' id='block_1_23' title="bbox 358 2167 1943 2240">
    <p class='ocr_par' dir='ltr' id='par_1_23' title="bbox 358 2167 1943 2240">
     <span class='ocr_line' id='line_1_23' title="bbox 358 2167 1943 2240; baseline 0.002 -20"><span class='ocrx_word' id='word_1_159' title='bbox 358 2170 458 2230; x_wconf 66' lang='grc' dir='ltr'>τις,</span> <span class='ocrx_word' id='word_1_160' title='bbox 487 2167 583 2221; x_wconf 78' lang='grc' dir='ltr'>καὶ</span> <span class='ocrx_word' id='word_1_161' title='bbox 614 2168 1048 2240; x_wconf 82' lang='grc' dir='ltr'>ἁπαριθμείσθω</span> <span class='ocrx_word' id='word_1_162' title='bbox 1075 2168 1294 2232; x_wconf 80' lang='grc' dir='ltr'><strong>ἀδικίας</strong></span> <span class='ocrx_word' id='word_1_163' title='bbox 1321 2169 1417 2223; x_wconf 86' lang='grc' dir='ltr'>καὶ</span> <span class='ocrx_word' id='word_1_164' title='bbox 1449 2167 1676 2238; x_wconf 76' lang='grc' dir='ltr'>βλάϐας,</span> <span class='ocrx_word' id='word_1_165' title='bbox 1737 2167 1803 2233; x_wconf 78' lang='grc' dir='ltr'>ἃς</span> <span class='ocrx_word' id='word_1_166' title='bbox 1830 2167 1943 2237; x_wconf 77' lang='grc' dir='ltr'><strong>ἐγὼ</strong></span> 
     </span>
    </p>
   </div>
   <div class='ocr_carea' id='block_1_24' title="bbox 354 2257 1942 2332">
    <p class='ocr_par' dir='ltr' id='par_1_24' title="bbox 354 2257 1942 2332">
     <span class='ocr_line' id='line_1_24' title="bbox 354 2257 1942 2332; baseline 0.003 -22"><span class='ocrx_word' id='word_1_167' title='bbox 354 2257 669 2328; x_wconf 72' lang='grc' dir='ltr'>πλημμελεῖ)</span> <span class='ocrx_word' id='word_1_168' title='bbox 698 2258 793 2312; x_wconf 68' lang='lat' dir='ltr'><strong>tui.</strong></span> <span class='ocrx_word' id='word_1_169' title='bbox 820 2261 1056 2326; x_wconf 86' lang='grc' dir='ltr'>τέκνοις,</span> <span class='ocrx_word' id='word_1_170' title='bbox 1106 2260 1253 2332; x_wconf 70' lang='grc' dir='ltr'>ἅπερ</span> <span class='ocrx_word' id='word_1_171' title='bbox 1313 2260 1395 2324; x_wconf 80' lang='grc' dir='ltr'>εἰς</span> <span class='ocrx_word' id='word_1_172' title='bbox 1444 2261 1789 2331; x_wconf 79' lang='grc' dir='ltr'><strong>πατραλοίας</strong></span> <span class='ocrx_word' id='word_1_173' title='bbox 1853 2262 1942 2314; x_wconf 69' lang='grc' dir='ltr'><strong>ἐπ’</strong></span> 
     </span>
    </p>
   </div>
   <div class='ocr_carea' id='block_1_25' title="bbox 352 2348 1932 2422">
    <p class='ocr_par' dir='ltr' id='par_1_25' title="bbox 352 2348 1932 2422">
     <span class='ocr_line' id='line_1_25' title="bbox 352 2348 1932 2422; baseline 0.002 -20"><span class='ocrx_word' id='word_1_174' title='bbox 352 2352 479 2417; x_wconf 63' lang='grc' dir='ltr'>ἐμοὶ</span> <span class='ocrx_word' id='word_1_175' title='bbox 503 2348 860 2420; x_wconf 79' lang='grc' dir='ltr'>κατέγραψαν</span> <span class='ocrx_word' id='word_1_176' title='bbox 889 2351 1144 2416; x_wconf 76' lang='grc' dir='ltr'>ἑαυτοὺς,</span> <span class='ocrx_word' id='word_1_177' title='bbox 1178 2354 1270 2408; x_wconf 71' lang='grc' dir='ltr'><strong>ναὶ</strong></span> <span class='ocrx_word' id='word_1_178' title='bbox 1300 2351 1440 2422; x_wconf 79' lang='grc' dir='ltr'>πρὸς</span> <span class='ocrx_word' id='word_1_179' title='bbox 1465 2352 1575 2405; x_wconf 83' lang='grc' dir='ltr'>τῶν</span> <span class='ocrx_word' id='word_1_180' title='bbox 1599 2351 1785 2415; x_wconf 82' lang='grc' dir='ltr'>αὐτοῖς</span> <span class='ocrx_word' id='word_1_181' title='bbox 1814 2351 1932 2421; x_wconf 84' lang='grc' dir='ltr'>φιλ·</span> 
     </span>
    </p>
   </div>
   <div class='ocr_carea' id='block_1_26' title="bbox 359 2440 1942 2514">
    <p class='ocr_par' dir='ltr' id='par_1_26' title="bbox 359 2440 1942 2514">
     <span class='ocr_line' id='line_1_26' title="bbox 359 2440 1942 2514; baseline 0.003 -21"><span class='ocrx_word' id='word_1_182' title='bbox 359 2440 556 2506; x_wconf 78' lang='grc' dir='ltr'>τάτων,</span> <span class='ocrx_word' id='word_1_183' title='bbox 585 2442 673 2495; x_wconf 77' lang='grc' dir='ltr'>ναὶ</span> <span class='ocrx_word' id='word_1_184' title='bbox 709 2443 846 2513; x_wconf 71' lang='grc' dir='ltr'>πρὸς</span> <span class='ocrx_word' id='word_1_185' title='bbox 875 2443 977 2514; x_wconf 77' lang='grc' dir='ltr'>τῆς</span> <span class='ocrx_word' id='word_1_186' title='bbox 1007 2443 1339 2513; x_wconf 82' lang='grc' dir='ltr'>ὑπερουσίου</span> <span class='ocrx_word' id='word_1_187' title='bbox 1381 2443 1633 2514; x_wconf 81' lang='grc' dir='ltr'>Τριάδος,</span> <span class='ocrx_word' id='word_1_188' title='bbox 1658 2444 1747 2496; x_wconf 77' lang='grc' dir='ltr'><strong>ναὶ</strong></span> <span class='ocrx_word' id='word_1_189' title='bbox 1803 2445 1942 2514; x_wconf 80' lang='grc' dir='ltr'>πρὸς</span> 
     </span>
    </p>
   </div>
   <div class='ocr_carea' id='block_1_27' title="bbox 363 2533 1934 2608">
    <p class='ocr_par' dir='ltr' id='par_1_27' title="bbox 363 2533 1934 2608">
     <span class='ocr_line' id='line_1_27' title="bbox 363 2533 1934 2608; baseline 0.003 -23"><span class='ocrx_word' id='word_1_190' title='bbox 363 2533 456 2603; x_wconf 79' lang='grc' dir='ltr'>τῆς</span> <span class='ocrx_word' id='word_1_191' title='bbox 482 2533 652 2604; x_wconf 74' lang='grc' dir='ltr'>ὀρθῆς</span> <span class='ocrx_word' id='word_1_192' title='bbox 679 2535 837 2607; x_wconf 73' lang='grc' dir='ltr'>ἡμῶν</span> <span class='ocrx_word' id='word_1_193' title='bbox 863 2536 1123 2600; x_wconf 78' lang='grc' dir='ltr'>πίστεως.</span> <span class='ocrx_word' id='word_1_194' title='bbox 1154 2536 1264 2590; x_wconf 74' lang='grc' dir='ltr'><strong>Καὶ</strong></span> <span class='ocrx_word' id='word_1_195' title='bbox 1313 2537 1375 2589; x_wconf 86' lang='grc' dir='ltr'>οὐ</span> <span class='ocrx_word' id='word_1_196' title='bbox 1408 2535 1573 2606; x_wconf 84' lang='grc' dir='ltr'>μόνον</span> <span class='ocrx_word' id='word_1_197' title='bbox 1632 2534 1934 2608; x_wconf 74' lang='grc' dir='ltr'>διορθώσο-</span> 
     </span>
    </p>
   </div>
   <div class='ocr_carea' id='block_1_28' title="bbox 359 2611 1937 2701">
    <p class='ocr_par' dir='ltr' id='par_1_28' title="bbox 359 2611 1937 2701">
     <span class='ocr_line' id='line_1_28' title="bbox 359 2611 1937 2701; baseline 0.003 -22"><span class='ocrx_word' id='word_1_198' title='bbox 359 2634 485 2694; x_wconf 71' lang='grc' dir='ltr'>μαι,</span> <span class='ocrx_word' id='word_1_199' title='bbox 512 2611 754 2690; x_wconf 64' lang='grc' dir='ltr'>τοιοῖιτος</span> <span class='ocrx_word' id='word_1_200' title='bbox 780 2625 1166 2698; x_wconf 71' lang='grc' dir='ltr'>ἀπελεγχοεὶς,</span> <span class='ocrx_word' id='word_1_201' title='bbox 1206 2627 1342 2684; x_wconf 76' lang='grc' dir='ltr'>ἀλλὰ</span> <span class='ocrx_word' id='word_1_202' title='bbox 1370 2630 1465 2682; x_wconf 82' lang='grc' dir='ltr'>καὶ</span> <span class='ocrx_word' id='word_1_203' title='bbox 1490 2628 1725 2701; x_wconf 76' lang='grc' dir='ltr'>προδοὺς</span> <span class='ocrx_word' id='word_1_204' title='bbox 1757 2631 1937 2700; x_wconf 67' lang='grc' dir='ltr'>ἐμαυ-</span> 
     </span>
    </p>
   </div>
   <div class='ocr_carea' id='block_1_29' title="bbox 360 2717 1405 2792">
    <p class='ocr_par' dir='ltr' id='par_1_29' title="bbox 360 2717 1405 2792">
     <span class='ocr_line' id='line_1_29' title="bbox 360 2717 1405 2792; baseline 0 -17"><span class='ocrx_word' id='word_1_205' title='bbox 360 2719 452 2775; x_wconf 70' lang='grc' dir='ltr'>τον</span> <span class='ocrx_word' id='word_1_206' title='bbox 476 2717 675 2790; x_wconf 75' lang='grc' dir='ltr'>ἔσομαι</span> <span class='ocrx_word' id='word_1_207' title='bbox 698 2719 892 2774; x_wconf 80' lang='grc' dir='ltr'>παθεῖν</span> <span class='ocrx_word' id='word_1_208' title='bbox 919 2719 1069 2775; x_wconf 75' lang='grc' dir='ltr'>ἅπαν</span> <span class='ocrx_word' id='word_1_209' title='bbox 1104 2719 1405 2792; x_wconf 79' lang='grc' dir='ltr'>χείριστον.</span> 
     </span>
    </p>
   </div>
   <div class='ocr_carea' id='block_1_30' title="bbox 436 2898 1946 2974">
    <p class='ocr_par' dir='ltr' id='par_1_30' title="bbox 436 2898 1946 2974">
     <span class='ocr_line' id='line_1_30' title="bbox 436 2898 1946 2974; baseline -0.001 -17"><span class='ocrx_word' id='word_1_210' title='bbox 436 2898 540 2958; x_wconf 64' lang='grc' dir='ltr'>τπδ’.</span> <span class='ocrx_word' id='word_1_211' title='bbox 576 2903 641 2957; x_wconf 84' lang='lat' dir='ltr'><strong>El</strong></span> <span class='ocrx_word' id='word_1_212' title='bbox 665 2902 722 2958; x_wconf 79' lang='grc' dir='ltr'>δὲ</span> <span class='ocrx_word' id='word_1_213' title='bbox 762 2902 1107 2960; x_wconf 76' lang='grc' dir='ltr'>κατακύπτω</span> <span class='ocrx_word' id='word_1_214' title='bbox 1137 2902 1353 2974; x_wconf 78' lang='grc' dir='ltr'><strong>βλέπων</strong></span> <span class='ocrx_word' id='word_1_215' title='bbox 1397 2903 1480 2968; x_wconf 85' lang='grc' dir='ltr'><strong>είς</strong></span> <span class='ocrx_word' id='word_1_216' title='bbox 1519 2902 1650 2973; x_wconf 76' lang='grc' dir='ltr'>γῆν,</span> <span class='ocrx_word' id='word_1_217' title='bbox 1711 2903 1787 2973; x_wconf 85' lang='grc' dir='ltr'><strong>μὴ</strong></span> <span class='ocrx_word' id='word_1_218' title='bbox 1848 2900 1946 2956; x_wconf 74' lang='grc' dir='ltr'>καὶ</span> 
     </span>
    </p>
   </div>
   <div class='ocr_carea' id='block_1_31' title="bbox 359 2994 1938 3068">
    <p class='ocr_par' dir='ltr' id='par_1_31' title="bbox 359 2994 1938 3068">
     <span class='ocr_line' id='line_1_31' title="bbox 359 2994 1938 3068; baseline -0.002 -18"><span class='ocrx_word' id='word_1_219' title='bbox 359 2994 684 3060; x_wconf 80' lang='grc' dir='ltr'>σκανδάλοις</span> <span class='ocrx_word' id='word_1_220' title='bbox 716 2998 1026 3068; x_wconf 78' lang='grc' dir='ltr'>περιπέσω,</span> <span class='ocrx_word' id='word_1_221' title='bbox 1060 2999 1109 3051; x_wconf 88' lang='grc' dir='ltr'><strong>εί</strong></span> <span class='ocrx_word' id='word_1_222' title='bbox 1138 2997 1195 3052; x_wconf 82' lang='grc' dir='ltr'>δὲ</span> <span class='ocrx_word' id='word_1_223' title='bbox 1213 2994 1522 3053; x_wconf 75' lang='grc' dir='ltr'><strong>κατακλείω</strong></span> <span class='ocrx_word' id='word_1_224' title='bbox 1536 2997 1596 3050; x_wconf 76' lang='grc' dir='ltr'>τὸ</span> <span class='ocrx_word' id='word_1_225' title='bbox 1616 2996 1813 3065; x_wconf 78' lang='grc' dir='ltr'>στόμα,</span> <span class='ocrx_word' id='word_1_226' title='bbox 1841 3012 1938 3066; x_wconf 88' lang='grc' dir='ltr'><strong>μη-</strong></span> 
     </span>
    </p>
   </div>
   <div class='ocr_carea' id='block_1_32' title="bbox 357 3088 1942 3162">
    <p class='ocr_par' dir='ltr' id='par_1_32' title="bbox 357 3088 1942 3162">
     <span class='ocr_line' id='line_1_32' title="bbox 357 3088 1942 3162; baseline 0.001 -21"><span class='ocrx_word' id='word_1_227' title='bbox 357 3088 517 3152; x_wconf 81' lang='grc' dir='ltr'>κέτις</span> <span class='ocrx_word' id='word_1_228' title='bbox 544 3088 669 3158; x_wconf 66' lang='grc' dir='ltr'>ὄφις</span> <span class='ocrx_word' id='word_1_229' title='bbox 700 3090 956 3155; x_wconf 79' lang='grc' dir='ltr'>ἀκοντίοις</span> <span class='ocrx_word' id='word_1_230' title='bbox 983 3089 1342 3162; x_wconf 80' lang='grc' dir='ltr'>ὲνερεύξηταί</span> <span class='ocrx_word' id='word_1_231' title='bbox 1397 3106 1488 3162; x_wconf 87' lang='grc' dir='ltr'>μοι</span> <span class='ocrx_word' id='word_1_232' title='bbox 1517 3089 1579 3145; x_wconf 79' lang='grc' dir='ltr'><strong>τὺ</strong></span> <span class='ocrx_word' id='word_1_233' title='bbox 1615 3088 1942 3159; x_wconf 79' lang='grc' dir='ltr'>θανάσιμονο</span> 
     </span>
    </p>
   </div>
   <div class='ocr_carea' id='block_1_33' title="bbox 2022 597 3607 671">
    <p class='ocr_par' dir='ltr' id='par_1_33' title="bbox 2022 597 3607 671">
     <span class='ocr_line' id='line_1_33' title="bbox 2022 597 3607 671; baseline -0.004 -22"><span class='ocrx_word' id='word_1_234' title='bbox 2022 597 2314 655; x_wconf 77' lang='lat' dir='ltr'><strong>extrahere</strong></span> <span class='ocrx_word' id='word_1_235' title='bbox 2365 615 2463 671; x_wconf 92' lang='lat' dir='ltr'><strong>pro</strong></span> <span class='ocrx_word' id='word_1_236' title='bbox 2512 603 2695 667; x_wconf 89' lang='lat' dir='ltr'><strong>dente,</strong></span> <span class='ocrx_word' id='word_1_237' title='bbox 2744 616 2966 655; x_wconf 89' lang='lat' dir='ltr'><strong>manum</strong></span> <span class='ocrx_word' id='word_1_238' title='bbox 3026 598 3248 653; x_wconf 78' lang='lat' dir='ltr'><strong>auferre</strong></span> <span class='ocrx_word' id='word_1_239' title='bbox 3282 608 3382 666; x_wconf 86' lang='lat' dir='ltr'><strong>pro</strong></span> <span class='ocrx_word' id='word_1_240' title='bbox 3418 609 3607 657; x_wconf 87' lang='lat' dir='ltr'><strong>manu,</strong></span> 
     </span>
    </p>
   </div>
   <div class='ocr_carea' id='block_1_34' title="bbox 2023 686 3613 762">
    <p class='ocr_par' dir='ltr' id='par_1_34' title="bbox 2023 686 3613 762">
     <span class='ocr_line' id='line_1_34' title="bbox 2023 686 3613 762; baseline -0.003 -22"><span class='ocrx_word' id='word_1_241' title='bbox 2023 695 2330 758; x_wconf 68' lang='lat' dir='ltr'><strong>creteraque</strong></span> <span class='ocrx_word' id='word_1_242' title='bbox 2394 691 2621 755; x_wconf 84' lang='lat' dir='ltr'><strong>similia,</strong></span> <span class='ocrx_word' id='word_1_243' title='bbox 2685 692 2882 762; x_wconf 78' lang='lat' dir='ltr'><strong>quibus</strong></span> <span class='ocrx_word' id='word_1_244' title='bbox 2934 705 3041 746; x_wconf 89' lang='lat' dir='ltr'><strong>non</strong></span> <span class='ocrx_word' id='word_1_245' title='bbox 3079 688 3182 745; x_wconf 82' lang='lat' dir='ltr'><strong>sibi</strong></span> <span class='ocrx_word' id='word_1_246' title='bbox 3242 686 3613 755; x_wconf 80' lang='lat' dir='ltr'><strong>complaceret</strong></span> 
     </span>
    </p>
   </div>
   <div class='ocr_carea' id='block_1_35' title="bbox 2024 780 3606 857">
    <p class='ocr_par' dir='ltr' id='par_1_35' title="bbox 2024 780 3606 857">
     <span class='ocr_line' id='line_1_35' title="bbox 2024 780 3606 857; baseline 0.004 -22"><span class='ocrx_word' id='word_1_247' title='bbox 2024 780 2189 836; x_wconf 85' lang='lat' dir='ltr'><strong>homo</strong></span> <span class='ocrx_word' id='word_1_248' title='bbox 2236 782 2507 851; x_wconf 86' lang='lat' dir='ltr'><strong>clemens;</strong></span> <span class='ocrx_word' id='word_1_249' title='bbox 2554 785 2669 849; x_wconf 84' lang='lat' dir='ltr'><strong>sed,</strong></span> <span class='ocrx_word' id='word_1_250' title='bbox 2729 795 3017 857; x_wconf 80' lang='lat' dir='ltr'><strong>postquam</strong></span> <span class='ocrx_word' id='word_1_251' title='bbox 3074 783 3264 839; x_wconf 89' lang='lat' dir='ltr'><strong>ulcisci</strong></span> <span class='ocrx_word' id='word_1_252' title='bbox 3320 781 3606 851; x_wconf 63' lang='lat' dir='ltr'><strong>crepissct.</strong></span> 
     </span>
    </p>
   </div>
   <div class='ocr_carea' id='block_1_36' title="bbox 2025 875 3604 949">
    <p class='ocr_par' dir='ltr' id='par_1_36' title="bbox 2025 875 3604 949">
     <span class='ocr_line' id='line_1_36' title="bbox 2025 875 3604 949; baseline -0.003 -19"><span class='ocrx_word' id='word_1_253' title='bbox 2025 875 2220 930; x_wconf 90' lang='lat' dir='ltr'><strong>deinde</strong></span> <span class='ocrx_word' id='word_1_254' title='bbox 2269 877 2550 932; x_wconf 89' lang='lat' dir='ltr'><strong>inimicum</strong></span> <span class='ocrx_word' id='word_1_255' title='bbox 2602 878 2718 934; x_wconf 87' lang='lat' dir='ltr'><strong>sive</strong></span> <span class='ocrx_word' id='word_1_256' title='bbox 2761 879 3000 949; x_wconf 87' lang='lat' dir='ltr'><strong>propria,</strong></span> <span class='ocrx_word' id='word_1_257' title='bbox 3036 878 3152 934; x_wconf 83' lang='lat' dir='ltr'><strong>sive</strong></span> <span class='ocrx_word' id='word_1_258' title='bbox 3201 875 3358 945; x_wconf 80' lang='lat' dir='ltr'><strong>legali</strong></span> <span class='ocrx_word' id='word_1_259' title='bbox 3442 886 3604 925; x_wconf 89' lang='lat' dir='ltr'><strong>mantt</strong></span> 
     </span>
    </p>
   </div>
   <div class='ocr_carea' id='block_1_37' title="bbox 2026 964 3613 1035">
    <p class='ocr_par' dir='ltr' id='par_1_37' title="bbox 2026 964 3613 1035">
     <span class='ocr_line' id='line_1_37' title="bbox 2026 964 3613 1035; baseline -0.002 -14"><span class='ocrx_word' id='word_1_260' title='bbox 2026 967 2127 1021; x_wconf 85' lang='lat' dir='ltr'><strong>sub</strong></span> <span class='ocrx_word' id='word_1_261' title='bbox 2147 978 2275 1022; x_wconf 84' lang='lat' dir='ltr'><strong>ense</strong></span> <span class='ocrx_word' id='word_1_262' title='bbox 2297 968 2584 1035; x_wconf 62' lang='lat' dir='ltr'><strong>posuisset,</strong></span> <span class='ocrx_word' id='word_1_263' title='bbox 2609 966 2913 1026; x_wconf 82' lang='lat' dir='ltr'><strong>ﬂecteretur</strong></span> <span class='ocrx_word' id='word_1_264' title='bbox 2929 969 3132 1034; x_wconf 88' lang='lat' dir='ltr'><strong>animo,</strong></span> <span class='ocrx_word' id='word_1_265' title='bbox 3159 967 3451 1035; x_wconf 86' lang='lat' dir='ltr'><strong>nervisque</strong></span> <span class='ocrx_word' id='word_1_266' title='bbox 3471 964 3613 1018; x_wconf 88' lang='lat' dir='ltr'><strong>mol-</strong></span> 
     </span>
    </p>
   </div>
   <div class='ocr_carea' id='block_1_38' title="bbox 2028 1057 3613 1133">
    <p class='ocr_par' dir='ltr' id='par_1_38' title="bbox 2028 1057 3613 1133">
     <span class='ocr_line' id='line_1_38' title="bbox 2028 1057 3613 1133; baseline -0.003 -21"><span class='ocrx_word' id='word_1_267' title='bbox 2028 1057 2239 1125; x_wconf 88' lang='lat' dir='ltr'><strong>liretur,</strong></span> <span class='ocrx_word' id='word_1_268' title='bbox 2264 1072 2328 1115; x_wconf 84' lang='lat' dir='ltr'><strong>ac</strong></span> <span class='ocrx_word' id='word_1_269' title='bbox 2354 1059 2568 1131; x_wconf 82' lang='lat' dir='ltr'><strong>culpam</strong></span> <span class='ocrx_word' id='word_1_270' title='bbox 2604 1062 2883 1118; x_wconf 87' lang='lat' dir='ltr'><strong>incurvato</strong></span> <span class='ocrx_word' id='word_1_271' title='bbox 2907 1062 3007 1117; x_wconf 86' lang='lat' dir='ltr'><strong>sub</strong></span> <span class='ocrx_word' id='word_1_272' title='bbox 3027 1060 3264 1133; x_wconf 86' lang='lat' dir='ltr'><strong>gladium</strong></span> <span class='ocrx_word' id='word_1_273' title='bbox 3294 1057 3613 1113; x_wconf 73' lang='lat' dir='ltr'><strong>dimitteret.</strong></span> 
     </span>
    </p>
   </div>
   <div class='ocr_carea' id='block_1_39' title="bbox 2102 1230 3617 1307">
    <p class='ocr_par' dir='ltr' id='par_1_39' title="bbox 2102 1230 3617 1307">
     <span class='ocr_line' id='line_1_39' title="bbox 2102 1230 3617 1307; baseline -0.007 -9"><span class='ocrx_word' id='word_1_274' title='bbox 2102 1230 2194 1298; x_wconf 71' lang='lat'><strong>83.</strong></span> <span class='ocrx_word' id='word_1_275' title='bbox 2240 1242 2549 1298; x_wconf 84' lang='lat' dir='ltr'><strong>Verumetsi</strong></span> <span class='ocrx_word' id='word_1_276' title='bbox 2606 1256 2780 1297; x_wconf 86' lang='lat' dir='ltr'><strong>canon</strong></span> <span class='ocrx_word' id='word_1_277' title='bbox 2823 1241 3133 1296; x_wconf 61' lang='lat' dir='ltr'><strong>etotericus</strong></span> <span class='ocrx_word' id='word_1_278' title='bbox 3163 1238 3363 1307; x_wconf 84' lang='lat' dir='ltr'><strong>dirigat</strong></span> <span class='ocrx_word' id='word_1_279' title='bbox 3397 1247 3617 1293; x_wconf 80' lang='lat' dir='ltr'><strong>senten-</strong></span> 
     </span>
    </p>
   </div>
   <div class='ocr_carea' id='block_1_40' title="bbox 2033 1327 3609 1406">
    <p class='ocr_par' dir='ltr' id='par_1_40' title="bbox 2033 1327 3609 1406">
     <span class='ocr_line' id='line_1_40' title="bbox 2033 1327 3609 1406; baseline -0.006 -18"><span class='ocrx_word' id='word_1_280' title='bbox 2033 1334 2190 1399; x_wconf 86' lang='lat' dir='ltr'><strong>tiam,</strong></span> <span class='ocrx_word' id='word_1_281' title='bbox 2246 1350 2370 1389; x_wconf 88' lang='lat' dir='ltr'><strong>cum</strong></span> <span class='ocrx_word' id='word_1_282' title='bbox 2406 1335 2529 1406; x_wconf 86' lang='lat' dir='ltr'><strong>quis</strong></span> <span class='ocrx_word' id='word_1_283' title='bbox 2555 1349 2749 1404; x_wconf 82' lang='lat' dir='ltr'><strong>passus</strong></span> <span class='ocrx_word' id='word_1_284' title='bbox 2780 1342 2881 1397; x_wconf 86' lang='lat' dir='ltr'><strong>est,</strong></span> <span class='ocrx_word' id='word_1_285' title='bbox 2921 1348 3043 1403; x_wconf 69' lang='lat' dir='ltr'><strong>qua:</strong></span> <span class='ocrx_word' id='word_1_286' title='bbox 3077 1330 3346 1385; x_wconf 79' lang='lat' dir='ltr'><strong>malitiose</strong></span> <span class='ocrx_word' id='word_1_287' title='bbox 3381 1327 3609 1386; x_wconf 75' lang='lat' dir='ltr'><strong>fecerat.</strong></span> 
     </span>
    </p>
   </div>
   <div class='ocr_carea' id='block_1_41' title="bbox 2037 1418 3614 1494">
    <p class='ocr_par' dir='ltr' id='par_1_41' title="bbox 2037 1418 3614 1494">
     <span class='ocr_line' id='line_1_41' title="bbox 2037 1418 3614 1494; baseline -0.006 -15"><span class='ocrx_word' id='word_1_288' title='bbox 2037 1437 2147 1481; x_wconf 92' lang='lat' dir='ltr'><strong>tum</strong></span> <span class='ocrx_word' id='word_1_289' title='bbox 2206 1436 2410 1482; x_wconf 76' lang='lat' dir='ltr'><strong>rectam</strong></span> <span class='ocrx_word' id='word_1_290' title='bbox 2470 1427 2584 1481; x_wconf 77' lang='lat' dir='ltr'><strong>fieri</strong></span> <span class='ocrx_word' id='word_1_291' title='bbox 2637 1426 2930 1493; x_wconf 89' lang='lat' dir='ltr'><strong>justitiam,</strong></span> <span class='ocrx_word' id='word_1_292' title='bbox 2984 1438 3085 1494; x_wconf 89' lang='lat' dir='ltr'><strong>ego</strong></span> <span class='ocrx_word' id='word_1_293' title='bbox 3137 1426 3317 1476; x_wconf 89' lang='lat' dir='ltr'><strong>tamen</strong></span> <span class='ocrx_word' id='word_1_294' title='bbox 3349 1418 3614 1487; x_wconf 82' lang='lat' dir='ltr'><strong>ejusmodi</strong></span> 
     </span>
    </p>
   </div>
   <div class='ocr_carea' id='block_1_42' title="bbox 2034 1512 3621 1583">
    <p class='ocr_par' dir='ltr' id='par_1_42' title="bbox 2034 1512 3621 1583">
     <span class='ocr_line' id='line_1_42' title="bbox 2034 1512 3621 1583; baseline -0.006 -10"><span class='ocrx_word' id='word_1_295' title='bbox 2034 1534 2242 1573; x_wconf 90' lang='lat' dir='ltr'><strong>morem</strong></span> <span class='ocrx_word' id='word_1_296' title='bbox 2291 1519 2495 1574; x_wconf 79' lang='lat' dir='ltr'><strong>imitari</strong></span> <span class='ocrx_word' id='word_1_297' title='bbox 2549 1519 2771 1583; x_wconf 89' lang='lat' dir='ltr'><strong>nollem,</strong></span> <span class='ocrx_word' id='word_1_298' title='bbox 2824 1517 2919 1573; x_wconf 90' lang='lat' dir='ltr'><strong>sed</strong></span> <span class='ocrx_word' id='word_1_299' title='bbox 2979 1518 3048 1571; x_wconf 89' lang='lat' dir='ltr'><strong>ab</strong></span> <span class='ocrx_word' id='word_1_300' title='bbox 3095 1514 3239 1569; x_wconf 88' lang='lat' dir='ltr'><strong>illius</strong></span> <span class='ocrx_word' id='word_1_301' title='bbox 3302 1512 3621 1567; x_wconf 75' lang='lat' dir='ltr'><strong>definitione</strong></span> 
     </span>
    </p>
   </div>
   <div class='ocr_carea' id='block_1_43' title="bbox 2037 1601 3621 1682">
    <p class='ocr_par' dir='ltr' id='par_1_43' title="bbox 2037 1601 3621 1682">
     <span class='ocr_line' id='line_1_43' title="bbox 2037 1601 3621 1682; baseline -0.007 -15"><span class='ocrx_word' id='word_1_302' title='bbox 2037 1611 2179 1682; x_wconf 91' lang='lat' dir='ltr'><strong>quod</strong></span> <span class='ocrx_word' id='word_1_303' title='bbox 2204 1622 2308 1666; x_wconf 89' lang='lat' dir='ltr'><strong>non</strong></span> <span class='ocrx_word' id='word_1_304' title='bbox 2343 1619 2431 1668; x_wconf 87' lang='lat' dir='ltr'><strong>est</strong></span> <span class='ocrx_word' id='word_1_305' title='bbox 2461 1611 2587 1666; x_wconf 90' lang='lat' dir='ltr'><strong>mali</strong></span> <span class='ocrx_word' id='word_1_306' title='bbox 2622 1610 2885 1666; x_wconf 85' lang='lat' dir='ltr'><strong>memoria</strong></span> <span class='ocrx_word' id='word_1_307' title='bbox 2912 1608 3068 1679; x_wconf 88' lang='lat' dir='ltr'><strong>juxta</strong></span> <span class='ocrx_word' id='word_1_308' title='bbox 3107 1606 3364 1675; x_wconf 90' lang='lat' dir='ltr'><strong>topicam,</strong></span> <span class='ocrx_word' id='word_1_309' title='bbox 3395 1604 3461 1659; x_wconf 90' lang='lat' dir='ltr'><strong>ad</strong></span> <span class='ocrx_word' id='word_1_310' title='bbox 3494 1601 3621 1656; x_wconf 89' lang='lat' dir='ltr'><strong>mali</strong></span> 
     </span>
    </p>
   </div>
   <div class='ocr_carea' id='block_1_44' title="bbox 2039 1697 3619 1771">
    <p class='ocr_par' dir='ltr' id='par_1_44' title="bbox 2039 1697 3619 1771">
     <span class='ocr_line' id='line_1_44' title="bbox 2039 1697 3619 1771; baseline -0.007 -14"><span class='ocrx_word' id='word_1_311' title='bbox 2039 1703 2320 1758; x_wconf 63' lang='lat' dir='ltr'><strong>memoriae</strong></span> <span class='ocrx_word' id='word_1_312' title='bbox 2355 1702 2766 1757; x_wconf 89' lang='lat' dir='ltr'><strong>distinctionem</strong></span> <span class='ocrx_word' id='word_1_313' title='bbox 2826 1700 3164 1771; x_wconf 79' lang='lat' dir='ltr'><strong>perveniam.</strong></span> <span class='ocrx_word' id='word_1_314' title='bbox 3216 1698 3274 1753; x_wconf 88' lang='lat' dir='ltr'><strong>Si</strong></span> <span class='ocrx_word' id='word_1_315' title='bbox 3331 1697 3475 1752; x_wconf 75' lang='lat' dir='ltr'><strong>enim</strong></span> <span class='ocrx_word' id='word_1_316' title='bbox 3516 1709 3619 1747; x_wconf 89' lang='lat' dir='ltr'><strong>non</strong></span> 
     </span>
    </p>
   </div>
   <div class='ocr_carea' id='block_1_45' title="bbox 2040 1786 3621 1863">
    <p class='ocr_par' dir='ltr' id='par_1_45' title="bbox 2040 1786 3621 1863">
     <span class='ocr_line' id='line_1_45' title="bbox 2040 1786 3621 1863; baseline -0.006 -15"><span class='ocrx_word' id='word_1_317' title='bbox 2040 1792 2167 1848; x_wconf 83' lang='lat' dir='ltr'><strong>mali</strong></span> <span class='ocrx_word' id='word_1_318' title='bbox 2191 1792 2505 1849; x_wconf 88' lang='lat' dir='ltr'><strong>meminisse</strong></span> <span class='ocrx_word' id='word_1_319' title='bbox 2536 1803 2643 1860; x_wconf 90' lang='lat' dir='ltr'><strong>est,</strong></span> <span class='ocrx_word' id='word_1_320' title='bbox 2676 1793 2936 1863; x_wconf 87' lang='lat' dir='ltr'><strong>iujuriam</strong></span> <span class='ocrx_word' id='word_1_321' title='bbox 2980 1806 3198 1863; x_wconf 78' lang='lat' dir='ltr'><strong>passum</strong></span> <span class='ocrx_word' id='word_1_322' title='bbox 3224 1804 3331 1844; x_wconf 92' lang='lat' dir='ltr'><strong>non</strong></span> <span class='ocrx_word' id='word_1_323' title='bbox 3365 1786 3621 1857; x_wconf 89' lang='lat' dir='ltr'><strong>injuriam</strong></span> 
     </span>
    </p>
   </div>
   <div class='ocr_carea' id='block_1_46' title="bbox 2044 1882 3625 1949">
    <p class='ocr_par' dir='ltr' id='par_1_46' title="bbox 2044 1882 3625 1949">
     <span class='ocr_line' id='line_1_46' title="bbox 2044 1882 3625 1949; baseline -0.005 -9"><span class='ocrx_word' id='word_1_324' title='bbox 2044 1884 2292 1949; x_wconf 85' lang='lat' dir='ltr'><strong>reddere,</strong></span> <span class='ocrx_word' id='word_1_325' title='bbox 2351 1883 2666 1940; x_wconf 70' lang='lat' dir='ltr'><strong>neclaasum</strong></span> <span class='ocrx_word' id='word_1_326' title='bbox 2713 1884 2952 1939; x_wconf 81' lang='lat' dir='ltr'><strong>vicissim</strong></span> <span class='ocrx_word' id='word_1_327' title='bbox 3002 1882 3221 1943; x_wconf 64' lang='lat' dir='ltr'><strong>laedere,</strong></span> <span class='ocrx_word' id='word_1_328' title='bbox 3257 1889 3625 1935; x_wconf 84' lang='lat' dir='ltr'><strong>essetecon-</strong></span> 
     </span>
    </p>
   </div>
   <div class='ocr_carea' id='block_1_47' title="bbox 2045 1971 3629 2046">
    <p class='ocr_par' dir='ltr' id='par_1_47' title="bbox 2045 1971 3629 2046">
     <span class='ocr_line' id='line_1_47' title="bbox 2045 1971 3629 2046; baseline -0.007 -14"><span class='ocrx_word' id='word_1_329' title='bbox 2045 1978 2218 2035; x_wconf 90' lang='lat' dir='ltr'><strong>trario</strong></span> <span class='ocrx_word' id='word_1_330' title='bbox 2237 1977 2359 2033; x_wconf 90' lang='lat' dir='ltr'><strong>mali</strong></span> <span class='ocrx_word' id='word_1_331' title='bbox 2391 1978 2727 2044; x_wconf 86' lang='lat' dir='ltr'><strong>meminisse,</strong></span> <span class='ocrx_word' id='word_1_332' title='bbox 2751 1977 2890 2046; x_wconf 87' lang='lat' dir='ltr'><strong>quod</strong></span> <span class='ocrx_word' id='word_1_333' title='bbox 2926 1974 3119 2045; x_wconf 81' lang='lat' dir='ltr'><strong>aliquis</strong></span> <span class='ocrx_word' id='word_1_334' title='bbox 3144 1971 3400 2042; x_wconf 89' lang='lat' dir='ltr'><strong>injuriam</strong></span> <span class='ocrx_word' id='word_1_335' title='bbox 3429 1984 3629 2040; x_wconf 84' lang='lat' dir='ltr'><strong>passus</strong></span> 
     </span>
    </p>
   </div>
   <div class='ocr_carea' id='block_1_48' title="bbox 2047 2063 3626 2140">
    <p class='ocr_par' dir='ltr' id='par_1_48' title="bbox 2047 2063 3626 2140">
     <span class='ocr_line' id='line_1_48' title="bbox 2047 2063 3626 2140; baseline -0.006 -14"><span class='ocrx_word' id='word_1_336' title='bbox 2047 2080 2143 2128; x_wconf 91' lang='lat' dir='ltr'><strong>aut</strong></span> <span class='ocrx_word' id='word_1_337' title='bbox 2193 2072 2353 2128; x_wconf 71' lang='lat' dir='ltr'><strong>laesus</strong></span> <span class='ocrx_word' id='word_1_338' title='bbox 2402 2071 2734 2127; x_wconf 84' lang='lat' dir='ltr'><strong>voluntatem</strong></span> <span class='ocrx_word' id='word_1_339' title='bbox 2784 2071 3070 2140; x_wconf 86' lang='lat' dir='ltr'><strong>ipsamque</strong></span> <span class='ocrx_word' id='word_1_340' title='bbox 3104 2068 3259 2123; x_wconf 86' lang='lat' dir='ltr'><strong>daret</strong></span> <span class='ocrx_word' id='word_1_341' title='bbox 3292 2079 3515 2136; x_wconf 89' lang='lat' dir='ltr'><strong>operam</strong></span> <span class='ocrx_word' id='word_1_342' title='bbox 3557 2063 3626 2117; x_wconf 79' lang='lat' dir='ltr'><strong>ad</strong></span> 
     </span>
    </p>
   </div>
   <div class='ocr_carea' id='block_1_49' title="bbox 2050 2154 3629 2231">
    <p class='ocr_par' dir='ltr' id='par_1_49' title="bbox 2050 2154 3629 2231">
     <span class='ocr_line' id='line_1_49' title="bbox 2050 2154 3629 2231; baseline -0.009 -10"><span class='ocrx_word' id='word_1_343' title='bbox 2050 2163 2212 2231; x_wconf 83' lang='lat' dir='ltr'><strong>hujus</strong></span> <span class='ocrx_word' id='word_1_344' title='bbox 2259 2164 2437 2220; x_wconf 87' lang='lat' dir='ltr'><strong>simile</strong></span> <span class='ocrx_word' id='word_1_345' title='bbox 2479 2163 2836 2228; x_wconf 88' lang='lat' dir='ltr'><strong>reddendum,</strong></span> <span class='ocrx_word' id='word_1_346' title='bbox 2899 2162 3043 2231; x_wconf 89' lang='lat' dir='ltr'><strong>quod</strong></span> <span class='ocrx_word' id='word_1_347' title='bbox 3097 2173 3289 2229; x_wconf 83' lang='lat' dir='ltr'><strong>passus</strong></span> <span class='ocrx_word' id='word_1_348' title='bbox 3314 2166 3422 2212; x_wconf 91' lang='lat' dir='ltr'><strong>est.</strong></span> <span class='ocrx_word' id='word_1_349' title='bbox 3471 2154 3629 2209; x_wconf 86' lang='lat' dir='ltr'><strong>Dicat</strong></span> 
     </span>
    </p>
   </div>
   <div class='ocr_carea' id='block_1_50' title="bbox 2047 2249 3629 2323">
    <p class='ocr_par' dir='ltr' id='par_1_50' title="bbox 2047 2249 3629 2323">
     <span class='ocr_line' id='line_1_50' title="bbox 2047 2249 3629 2323; baseline -0.004 -18"><span class='ocrx_word' id='word_1_350' title='bbox 2047 2252 2214 2323; x_wconf 84' lang='lat' dir='ltr'><strong>igitur</strong></span> <span class='ocrx_word' id='word_1_351' title='bbox 2248 2253 2370 2323; x_wconf 89' lang='lat' dir='ltr'><strong>quis</strong></span> <span class='ocrx_word' id='word_1_352' title='bbox 2400 2261 2453 2306; x_wconf 85' lang='lat' dir='ltr'><strong>et</strong></span> <span class='ocrx_word' id='word_1_353' title='bbox 2491 2250 3067 2321; x_wconf 86' lang='lat' dir='ltr'><strong>aduumeretiujurias</strong></span> <span class='ocrx_word' id='word_1_354' title='bbox 3110 2265 3173 2304; x_wconf 87' lang='lat' dir='ltr'><strong>ac</strong></span> <span class='ocrx_word' id='word_1_355' title='bbox 3211 2249 3464 2304; x_wconf 59' lang='lat' dir='ltr'><strong>latsioues</strong></span> <span class='ocrx_word' id='word_1_356' title='bbox 3488 2261 3629 2317; x_wconf 87' lang='lat' dir='ltr'><strong>quas</strong></span> 
     </span>
    </p>
   </div>
   <div class='ocr_carea' id='block_1_51' title="bbox 2049 2339 3635 2412">
    <p class='ocr_par' dir='ltr' id='par_1_51' title="bbox 2049 2339 3635 2412">
     <span class='ocr_line' id='line_1_51' title="bbox 2049 2339 3635 2412; baseline -0.005 -14"><span class='ocrx_word' id='word_1_357' title='bbox 2049 2357 2149 2412; x_wconf 80' lang='lat' dir='ltr'><strong>ego</strong></span> <span class='ocrx_word' id='word_1_358' title='bbox 2181 2344 2466 2399; x_wconf 73' lang='lat' dir='ltr'><strong>committo</strong></span> <span class='ocrx_word' id='word_1_359' title='bbox 2493 2342 2545 2397; x_wconf 91' lang='lat' dir='ltr'><strong>in</strong></span> <span class='ocrx_word' id='word_1_360' title='bbox 2583 2342 2725 2397; x_wconf 84' lang='lat' dir='ltr'><strong>ﬁlios</strong></span> <span class='ocrx_word' id='word_1_361' title='bbox 2756 2342 2846 2411; x_wconf 90' lang='lat' dir='ltr'><strong>qui</strong></span> <span class='ocrx_word' id='word_1_362' title='bbox 2900 2340 3298 2410; x_wconf 87' lang='lat' dir='ltr'><strong>semetipsosin</strong></span> <span class='ocrx_word' id='word_1_363' title='bbox 3334 2354 3419 2395; x_wconf 92' lang='lat' dir='ltr'><strong>me</strong></span> <span class='ocrx_word' id='word_1_364' title='bbox 3456 2339 3635 2408; x_wconf 86' lang='lat' dir='ltr'><strong>parri-</strong></span> 
     </span>
    </p>
   </div>
   <div class='ocr_carea' id='block_1_52' title="bbox 2049 2432 3632 2504">
    <p class='ocr_par' dir='ltr' id='par_1_52' title="bbox 2049 2432 3632 2504">
     <span class='ocr_line' id='line_1_52' title="bbox 2049 2432 3632 2504; baseline -0.004 -11"><span class='ocrx_word' id='word_1_365' title='bbox 2049 2437 2199 2493; x_wconf 89' lang='lat' dir='ltr'><strong>cidas</strong></span> <span class='ocrx_word' id='word_1_366' title='bbox 2231 2445 2631 2504; x_wconf 88' lang='lat' dir='ltr'><strong>monstrarunt,</strong></span> <span class='ocrx_word' id='word_1_367' title='bbox 2682 2450 2815 2502; x_wconf 85' lang='lat' dir='ltr'><strong>sane</strong></span> <span class='ocrx_word' id='word_1_368' title='bbox 2872 2436 2925 2491; x_wconf 91' lang='lat' dir='ltr'><strong>in</strong></span> <span class='ocrx_word' id='word_1_369' title='bbox 2955 2436 3177 2490; x_wconf 87' lang='lat' dir='ltr'><strong>nomine</strong></span> <span class='ocrx_word' id='word_1_370' title='bbox 3211 2432 3343 2504; x_wconf 82' lang='lat' dir='ltr'><strong>ipsis</strong></span> <span class='ocrx_word' id='word_1_371' title='bbox 3365 2432 3632 2488; x_wconf 86' lang='lat' dir='ltr'><strong>charissi-</strong></span> 
     </span>
    </p>
   </div>
   <div class='ocr_carea' id='block_1_53' title="bbox 2050 2523 3627 2596">
    <p class='ocr_par' dir='ltr' id='par_1_53' title="bbox 2050 2523 3627 2596">
     <span class='ocr_line' id='line_1_53' title="bbox 2050 2523 3627 2596; baseline -0.005 -11"><span class='ocrx_word' id='word_1_372' title='bbox 2050 2545 2286 2596; x_wconf 89' lang='lat' dir='ltr'><strong>murum,</strong></span> <span class='ocrx_word' id='word_1_373' title='bbox 2336 2543 2469 2583; x_wconf 87' lang='lat' dir='ltr'><strong>sane</strong></span> <span class='ocrx_word' id='word_1_374' title='bbox 2516 2527 2570 2582; x_wconf 89' lang='lat' dir='ltr'><strong>in</strong></span> <span class='ocrx_word' id='word_1_375' title='bbox 2621 2528 2842 2583; x_wconf 86' lang='lat' dir='ltr'><strong>nomine</strong></span> <span class='ocrx_word' id='word_1_376' title='bbox 2916 2526 3279 2583; x_wconf 67' lang='lat' dir='ltr'><strong>sanctissima:</strong></span> <span class='ocrx_word' id='word_1_377' title='bbox 3317 2523 3627 2588; x_wconf 78' lang='lat' dir='ltr'><strong>Trinitatis,</strong></span> 
     </span>
    </p>
   </div>
   <div class='ocr_carea' id='block_1_54' title="bbox 2056 2614 3634 2677">
    <p class='ocr_par' dir='ltr' id='par_1_54' title="bbox 2056 2614 3634 2677">
     <span class='ocr_line' id='line_1_54' title="bbox 2056 2614 3634 2677; baseline -0.007 0"><span class='ocrx_word' id='word_1_378' title='bbox 2056 2636 2189 2677; x_wconf 84' lang='lat' dir='ltr'><strong>sane</strong></span> <span class='ocrx_word' id='word_1_379' title='bbox 2242 2620 2294 2673; x_wconf 91' lang='lat' dir='ltr'><strong>in</strong></span> <span class='ocrx_word' id='word_1_380' title='bbox 2327 2619 2545 2675; x_wconf 91' lang='lat' dir='ltr'><strong>nomine</strong></span> <span class='ocrx_word' id='word_1_381' title='bbox 2581 2629 2744 2673; x_wconf 73' lang='lat' dir='ltr'><strong>recta:</strong></span> <span class='ocrx_word' id='word_1_382' title='bbox 2797 2628 3000 2674; x_wconf 86' lang='lat' dir='ltr'><strong>nostrae</strong></span> <span class='ocrx_word' id='word_1_383' title='bbox 3028 2616 3169 2672; x_wconf 83' lang='lat' dir='ltr'><strong>ﬁdei.</strong></span> <span class='ocrx_word' id='word_1_384' title='bbox 3203 2614 3271 2670; x_wconf 85' lang='lat' dir='ltr'><strong>Et</strong></span> <span class='ocrx_word' id='word_1_385' title='bbox 3317 2629 3424 2669; x_wconf 92' lang='lat' dir='ltr'><strong>non</strong></span> <span class='ocrx_word' id='word_1_386' title='bbox 3460 2614 3634 2670; x_wconf 71' lang='lat' dir='ltr'><strong>solum</strong></span> 
     </span>
    </p>
   </div>
   <div class='ocr_carea' id='block_1_55' title="bbox 2052 2705 3635 2783">
    <p class='ocr_par' dir='ltr' id='par_1_55' title="bbox 2052 2705 3635 2783">
     <span class='ocr_line' id='line_1_55' title="bbox 2052 2705 3635 2783; baseline -0.004 -15"><span class='ocrx_word' id='word_1_387' title='bbox 2052 2711 2408 2775; x_wconf 86' lang='lat' dir='ltr'><strong>emendabor,</strong></span> <span class='ocrx_word' id='word_1_388' title='bbox 2462 2712 2584 2767; x_wconf 90' lang='lat' dir='ltr'><strong>talis</strong></span> <span class='ocrx_word' id='word_1_389' title='bbox 2640 2709 2767 2783; x_wconf 78' lang='lat' dir='ltr'><strong>facti</strong></span> <span class='ocrx_word' id='word_1_390' title='bbox 2804 2711 3110 2775; x_wconf 88' lang='lat' dir='ltr'><strong>convictus,</strong></span> <span class='ocrx_word' id='word_1_391' title='bbox 3170 2707 3263 2764; x_wconf 79' lang='lat' dir='ltr'><strong>sed</strong></span> <span class='ocrx_word' id='word_1_392' title='bbox 3298 2705 3462 2763; x_wconf 79' lang='lat' dir='ltr'><strong>etiam</strong></span> <span class='ocrx_word' id='word_1_393' title='bbox 3519 2719 3635 2761; x_wconf 57' lang='lat' dir='ltr'><strong>mea</strong></span> 
     </span>
    </p>
   </div>
   <div class='ocr_carea' id='block_1_56' title="bbox 2057 2801 3349 2877">
    <p class='ocr_par' dir='ltr' id='par_1_56' title="bbox 2057 2801 3349 2877">
     <span class='ocr_line' id='line_1_56' title="bbox 2057 2801 3349 2877; baseline -0.005 -16"><span class='ocrx_word' id='word_1_394' title='bbox 2057 2806 2262 2877; x_wconf 86' lang='lat' dir='ltr'><strong>ipsum,</strong></span> <span class='ocrx_word' id='word_1_395' title='bbox 2295 2806 2501 2859; x_wconf 85' lang='lat' dir='ltr'><strong>tradam</strong></span> <span class='ocrx_word' id='word_1_396' title='bbox 2530 2804 2595 2858; x_wconf 88' lang='lat' dir='ltr'><strong>ad</strong></span> <span class='ocrx_word' id='word_1_397' title='bbox 2622 2804 2984 2876; x_wconf 89' lang='lat' dir='ltr'><strong>quodcunque</strong></span> <span class='ocrx_word' id='word_1_398' title='bbox 3010 2801 3349 2873; x_wconf 88' lang='lat' dir='ltr'><strong>patiendum.</strong></span> 
     </span>
    </p>
   </div>
   <div class='ocr_carea' id='block_1_57' title="bbox 2127 2892 3640 2977">
    <p class='ocr_par' dir='ltr' id='par_1_57' title="bbox 2127 2892 3640 2977">
     <span class='ocr_line' id='line_1_57' title="bbox 2127 2892 3640 2977; baseline -0.003 -24"><span class='ocrx_word' id='word_1_399' title='bbox 2127 2898 2218 2952; x_wconf 74' lang='grc'><strong>84.</strong></span> <span class='ocrx_word' id='word_1_400' title='bbox 2261 2896 2321 2953; x_wconf 78' lang='lat' dir='ltr'><strong>Si</strong></span> <span class='ocrx_word' id='word_1_401' title='bbox 2379 2911 2509 2952; x_wconf 88' lang='lat' dir='ltr'><strong>vero</strong></span> <span class='ocrx_word' id='word_1_402' title='bbox 2559 2896 2818 2950; x_wconf 89' lang='lat' dir='ltr'><strong>incurvor</strong></span> <span class='ocrx_word' id='word_1_403' title='bbox 2853 2897 2919 2950; x_wconf 90' lang='lat' dir='ltr'><strong>ad</strong></span> <span class='ocrx_word' id='word_1_404' title='bbox 2969 2904 3168 2949; x_wconf 89' lang='lat' dir='ltr'><strong>terram</strong></span> <span class='ocrx_word' id='word_1_405' title='bbox 3214 2893 3550 2977; x_wconf 55' lang='lat' dir='ltr'><strong>intuens,.ne</strong></span> <span class='ocrx_word' id='word_1_406' title='bbox 3581 2892 3640 2948; x_wconf 85' lang='lat' dir='ltr'><strong>in</strong></span> 
     </span>
    </p>
   </div>
   <div class='ocr_carea' id='block_1_58' title="bbox 2058 2982 3643 3055">
    <p class='ocr_par' dir='ltr' id='par_1_58' title="bbox 2058 2982 3643 3055">
     <span class='ocr_line' id='line_1_58' title="bbox 2058 2982 3643 3055; baseline -0.005 -6"><span class='ocrx_word' id='word_1_407' title='bbox 2058 2988 2384 3049; x_wconf 73' lang='lat' dir='ltr'><strong>offendicula</strong></span> <span class='ocrx_word' id='word_1_408' title='bbox 2431 2982 2714 3055; x_wconf 87' lang='lat' dir='ltr'><strong>incidam,</strong></span> <span class='ocrx_word' id='word_1_409' title='bbox 2770 2989 2814 3045; x_wconf 88' lang='lat' dir='ltr'><strong>sl</strong></span> <span class='ocrx_word' id='word_1_410' title='bbox 2870 3002 2935 3043; x_wconf 90' lang='lat' dir='ltr'><strong>os</strong></span> <span class='ocrx_word' id='word_1_411' title='bbox 2975 2986 3224 3053; x_wconf 88' lang='lat' dir='ltr'><strong>occludo,</strong></span> <span class='ocrx_word' id='word_1_412' title='bbox 3282 3001 3351 3041; x_wconf 92' lang='lat' dir='ltr'><strong>ne</strong></span> <span class='ocrx_word' id='word_1_413' title='bbox 3415 3001 3643 3054; x_wconf 75' lang='lat' dir='ltr'><strong>serpens</strong></span> 
     </span>
    </p>
   </div>
   <div class='ocr_carea' id='block_1_59' title="bbox 2055 3078 3636 3147">
    <p class='ocr_par' dir='ltr' id='par_1_59' title="bbox 2055 3078 3636 3147">
     <span class='ocr_line' id='line_1_59' title="bbox 2055 3078 3636 3147; baseline -0.008 -7"><span class='ocrx_word' id='word_1_414' title='bbox 2055 3085 2303 3143; x_wconf 88' lang='lat' dir='ltr'><strong>acontius</strong></span> <span class='ocrx_word' id='word_1_415' title='bbox 2330 3083 2508 3139; x_wconf 89' lang='lat' dir='ltr'><strong>adhuc</strong></span> <span class='ocrx_word' id='word_1_416' title='bbox 2539 3082 2668 3135; x_wconf 84' lang='lat' dir='ltr'><strong>mihi</strong></span> <span class='ocrx_word' id='word_1_417' title='bbox 2688 3079 3001 3137; x_wconf 85' lang='lat' dir='ltr'><strong>letbil‘erum</strong></span> <span class='ocrx_word' id='word_1_418' title='bbox 3036 3078 3285 3133; x_wconf 80' lang='lat' dir='ltr'><strong>infundat</strong></span> <span class='ocrx_word' id='word_1_419' title='bbox 3317 3091 3588 3132; x_wconf 88' lang='lat' dir='ltr'><strong>venenum</strong></span> <span class='ocrx_word' id='word_1_420' title='bbox 3617 3094 3636 3147; x_wconf 85' lang='lat'><strong>;</strong></span> 
     </span>
    </p>
   </div>
   <div class='ocr_carea' id='block_1_60' title="bbox 362 3170 1955 3254">
    <p class='ocr_par' dir='ltr' id='par_1_60' title="bbox 362 3179 1952 3254">
     <span class='ocr_line' id='line_1_60' title="bbox 362 3179 1952 3254; baseline 0.001 -20"><span class='ocrx_word' id='word_1_421' title='bbox 362 3182 415 3234; x_wconf 74' lang='grc' dir='ltr'><strong>εἰ</strong></span> <span class='ocrx_word' id='word_1_422' title='bbox 436 3181 493 3233; x_wconf 82' lang='grc' dir='ltr'>δὲ</span> <span class='ocrx_word' id='word_1_423' title='bbox 522 3181 588 3236; x_wconf 70' lang='grc' dir='ltr'>τὰ</span> <span class='ocrx_word' id='word_1_424' title='bbox 626 3181 874 3254; x_wconf 83' lang='grc' dir='ltr'>βλέφαρα</span> <span class='ocrx_word' id='word_1_425' title='bbox 906 3184 1142 3252; x_wconf 83' lang='grc' dir='ltr'>συνάγω,</span> <span class='ocrx_word' id='word_1_426' title='bbox 1167 3182 1264 3238; x_wconf 92' lang='grc' dir='ltr'><strong>καί</strong></span> <span class='ocrx_word' id='word_1_427' title='bbox 1297 3200 1413 3246; x_wconf 88' lang='grc' dir='ltr'><strong>πως</strong></span> <span class='ocrx_word' id='word_1_428' title='bbox 1445 3179 1751 3252; x_wconf 74' lang='grc' dir='ltr'>μυωπάξω,</span> <span class='ocrx_word' id='word_1_429' title='bbox 1779 3181 1952 3235; x_wconf 82' lang='grc' dir='ltr'>δυσω-</span> 
     </span>
    </p>
   </div>
   <div class='ocr_carea' id='block_1_61' title="bbox 2063 3170 3645 3254">
    <p class='ocr_par' dir='ltr' id='par_1_61' title="bbox 2063 3170 3645 3246">
     <span class='ocr_line' id='line_1_61' title="bbox 2063 3170 3645 3246; baseline -0.006 -11"><span class='ocrx_word' id='word_1_430' title='bbox 2063 3180 2103 3235; x_wconf 85' lang='lat' dir='ltr'><strong>si</strong></span> <span class='ocrx_word' id='word_1_431' title='bbox 2154 3178 2421 3234; x_wconf 78' lang='lat' dir='ltr'><strong>contralto</strong></span> <span class='ocrx_word' id='word_1_432' title='bbox 2470 3175 2758 3246; x_wconf 87' lang='lat' dir='ltr'><strong>palpebras</strong></span> <span class='ocrx_word' id='word_1_433' title='bbox 2832 3182 2888 3229; x_wconf 91' lang='lat' dir='ltr'><strong>ct</strong></span> <span class='ocrx_word' id='word_1_434' title='bbox 2951 3172 3110 3243; x_wconf 90' lang='lat' dir='ltr'><strong>quasi</strong></span> <span class='ocrx_word' id='word_1_435' title='bbox 3164 3170 3436 3235; x_wconf 71' lang='lat' dir='ltr'><strong>caecutio,</strong></span> <span class='ocrx_word' id='word_1_436' title='bbox 3499 3186 3645 3241; x_wconf 67' lang='lat' dir='ltr'><strong>aegre</strong></span> 
     </span>
    </p>
   </div>
   <div class='ocr_carea' id='block_1_62' title="bbox 358 3272 1947 3359">
    <p class='ocr_par' dir='ltr' id='par_1_62' title="bbox 358 3272 1947 3347">
     <span class='ocr_line' id='line_1_62' title="bbox 358 3272 1947 3347; baseline 0 -21"><span class='ocrx_word' id='word_1_437' title='bbox 358 3272 638 3344; x_wconf 62' lang='grc' dir='ltr'>σιτούμενος</span> <span class='ocrx_word' id='word_1_438' title='bbox 666 3276 959 3347; x_wconf 72' lang='grc' dir='ltr'>ἀστραπὰς</span> <span class='ocrx_word' id='word_1_439' title='bbox 988 3277 1051 3328; x_wconf 79' lang='grc' dir='ltr'>ὲκ</span> <span class='ocrx_word' id='word_1_440' title='bbox 1081 3277 1192 3329; x_wconf 87' lang='grc' dir='ltr'>τῶν</span> <span class='ocrx_word' id='word_1_441' title='bbox 1223 3274 1434 3330; x_wconf 79' lang='grc' dir='ltr'>πολλῶν</span> <span class='ocrx_word' id='word_1_442' title='bbox 1499 3272 1947 3344; x_wconf 79' lang='grc' dir='ltr'>κατασπινῦηρι-</span> 
     </span>
    </p>
   </div>
   <div class='ocr_carea' id='block_1_63' title="bbox 358 3360 1950 3441">
    <p class='ocr_par' dir='ltr' id='par_1_63' title="bbox 358 3360 1950 3441">
     <span class='ocr_line' id='line_1_63' title="bbox 358 3360 1950 3441; baseline -0.002 -19"><span class='ocrx_word' id='word_1_443' title='bbox 358 3360 602 3437; x_wconf 64' lang='grc' dir='ltr'><strong>⁴ζῖ,“ομ.ένας</strong></span> <span class='ocrx_word' id='word_1_444' title='bbox 626 3367 715 3422; x_wconf 79' lang='grc' dir='ltr'><strong>ἐπ’</strong></span> <span class='ocrx_word' id='word_1_445' title='bbox 767 3369 892 3439; x_wconf 75' lang='grc' dir='ltr'><strong>ἐμοὶ</strong></span> <span class='ocrx_word' id='word_1_446' title='bbox 933 3370 1015 3441; x_wconf 83' lang='grc' dir='ltr'><strong>(οὐ</strong></span> <span class='ocrx_word' id='word_1_447' title='bbox 1055 3369 1229 3440; x_wconf 85' lang='grc' dir='ltr'>δήπου</span> <span class='ocrx_word' id='word_1_448' title='bbox 1286 3368 1395 3440; x_wconf 83' lang='grc' dir='ltr'>γὰρ</span> <span class='ocrx_word' id='word_1_449' title='bbox 1448 3368 1539 3422; x_wconf 68' lang='grc' dir='ltr'><strong>καὶ</strong></span> <span class='ocrx_word' id='word_1_450' title='bbox 1583 3365 1950 3437; x_wconf 83' lang='grc' dir='ltr'>ὲξαλλομένας</span> 
     </span>
    </p>
   </div>
   <div class='ocr_carea' id='block_1_64' title="bbox 361 3457 1953 3532">
    <p class='ocr_par' dir='ltr' id='par_1_64' title="bbox 361 3457 1953 3532">
     <span class='ocr_line' id='line_1_64' title="bbox 361 3457 1953 3532; baseline -0.001 -21"><span class='ocrx_word' id='word_1_451' title='bbox 361 3460 513 3512; x_wconf 66' lang='grc' dir='ltr'>κατὰ</span> <span class='ocrx_word' id='word_1_452' title='bbox 537 3459 840 3532; x_wconf 79' lang='grc' dir='ltr'>σκηπτοὺς,</span> <span class='ocrx_word' id='word_1_453' title='bbox 868 3461 953 3514; x_wconf 83' lang='grc' dir='ltr'>ὅτι</span> <span class='ocrx_word' id='word_1_454' title='bbox 1012 3461 1147 3532; x_wconf 80' lang='grc' dir='ltr'>μηδὲ</span> <span class='ocrx_word' id='word_1_455' title='bbox 1201 3460 1353 3514; x_wconf 77' lang='grc' dir='ltr'>ἔστιν</span> <span class='ocrx_word' id='word_1_456' title='bbox 1406 3461 1599 3522; x_wconf 81' lang='grc' dir='ltr'>αὑταῖς</span> <span class='ocrx_word' id='word_1_457' title='bbox 1656 3458 1759 3529; x_wconf 75' lang='grc' dir='ltr'><strong>ὕλη</strong></span> <span class='ocrx_word' id='word_1_458' title='bbox 1815 3457 1953 3528; x_wconf 68' lang='grc' dir='ltr'>πρὸς</span> 
     </span>
    </p>
   </div>
   <div class='ocr_carea' id='block_1_65' title="bbox 357 3540 1953 3625">
    <p class='ocr_par' dir='ltr' id='par_1_65' title="bbox 357 3540 1953 3625">
     <span class='ocr_line' id='line_1_65' title="bbox 357 3540 1953 3625; baseline -0.002 -19"><span class='ocrx_word' id='word_1_459' title='bbox 357 3540 617 3622; x_wconf 68' lang='grc' dir='ltr'>ἔξαμμα,</span> <span class='ocrx_word' id='word_1_460' title='bbox 640 3552 690 3605; x_wconf 87' lang='grc' dir='ltr'><strong>εί</strong></span> <span class='ocrx_word' id='word_1_461' title='bbox 724 3552 799 3622; x_wconf 81' lang='grc' dir='ltr'><strong>μὴ</strong></span> <span class='ocrx_word' id='word_1_462' title='bbox 824 3553 932 3624; x_wconf 69' lang='grc' dir='ltr'>ἄρα</span> <span class='ocrx_word' id='word_1_463' title='bbox 949 3554 1086 3625; x_wconf 71' lang='grc' dir='ltr'>πρὸς</span> <span class='ocrx_word' id='word_1_464' title='bbox 1115 3553 1274 3624; x_wconf 88' lang='grc' dir='ltr'>μόνον</span> <span class='ocrx_word' id='word_1_465' title='bbox 1296 3551 1541 3624; x_wconf 80' lang='grc' dir='ltr'>ἀμυδρόν</span> <span class='ocrx_word' id='word_1_466' title='bbox 1568 3568 1623 3604; x_wconf 91' lang='grc' dir='ltr'><strong>τι</strong></span> <span class='ocrx_word' id='word_1_467' title='bbox 1646 3549 1953 3621; x_wconf 78' lang='grc' dir='ltr'>ἕκκαυμα)⁶</span> 
     </span>
    </p>
   </div>
   <div class='ocr_carea' id='block_1_66' title="bbox 360 3632 1951 3716">
    <p class='ocr_par' dir='ltr' id='par_1_66' title="bbox 360 3632 1951 3716">
     <span class='ocr_line' id='line_1_66' title="bbox 360 3632 1951 3716; baseline -0.004 -17"><span class='ocrx_word' id='word_1_468' title='bbox 360 3648 419 3699; x_wconf 66' lang='grc' dir='ltr'>ἐξ</span> <span class='ocrx_word' id='word_1_469' title='bbox 446 3643 507 3698; x_wconf 67' lang='grc' dir='ltr'>δὲ</span> <span class='ocrx_word' id='word_1_470' title='bbox 529 3644 796 3710; x_wconf 84' lang='grc' dir='ltr'>τοξοποιῶ</span> <span class='ocrx_word' id='word_1_471' title='bbox 828 3648 926 3706; x_wconf 76' lang='grc' dir='ltr'><strong>τὰς</strong></span> <span class='ocrx_word' id='word_1_472' title='bbox 971 3640 1165 3716; x_wconf 66' lang='grc' dir='ltr'>ὀφρῦς,</span> <span class='ocrx_word' id='word_1_473' title='bbox 1197 3632 1322 3698; x_wconf 68' lang='grc' dir='ltr'>οὔτε</span> <span class='ocrx_word' id='word_1_474' title='bbox 1349 3644 1538 3715; x_wconf 82' lang='grc' dir='ltr'>γελοῖα</span> <span class='ocrx_word' id='word_1_475' title='bbox 1558 3644 1797 3713; x_wconf 80' lang='grc' dir='ltr'>φρονῶν,</span> <span class='ocrx_word' id='word_1_476' title='bbox 1852 3640 1951 3694; x_wconf 72' lang='grc' dir='ltr'>καὶ</span> 
     </span>
    </p>
   </div>
   <div class='ocr_carea' id='block_1_67' title="bbox 364 3727 1953 3810">
    <p class='ocr_par' dir='ltr' id='par_1_67' title="bbox 364 3727 1953 3810">
     <span class='ocr_line' id='line_1_67' title="bbox 364 3727 1953 3810; baseline -0.004 -17"><span class='ocrx_word' id='word_1_477' title='bbox 364 3740 613 3809; x_wconf 65' lang='grc' dir='ltr'>ἐμαυτὸν</span> <span class='ocrx_word' id='word_1_478' title='bbox 657 3739 718 3795; x_wconf 76' lang='grc' dir='ltr'>δὲ</span> <span class='ocrx_word' id='word_1_479' title='bbox 773 3740 1144 3810; x_wconf 82' lang='grc' dir='ltr'><strong>σκεπτόμενος</strong></span> <span class='ocrx_word' id='word_1_480' title='bbox 1190 3738 1337 3794; x_wconf 81' lang='grc' dir='ltr'>κατὰ</span> <span class='ocrx_word' id='word_1_481' title='bbox 1391 3738 1451 3792; x_wconf 78' lang='grc' dir='ltr'>τὸ</span> <span class='ocrx_word' id='word_1_482' title='bbox 1493 3727 1669 3791; x_wconf 79' lang='grc' dir='ltr'>Γνῶθι</span> <span class='ocrx_word' id='word_1_483' title='bbox 1729 3735 1953 3798; x_wconf 70' lang='grc' dir='ltr'>σαυτὸν,</span> 
     </span>
    </p>
   </div>
   <div class='ocr_carea' id='block_1_68' title="bbox 365 3819 1956 3904">
    <p class='ocr_par' dir='ltr' id='par_1_68' title="bbox 365 3819 1956 3904">
     <span class='ocr_line' id='line_1_68' title="bbox 365 3819 1956 3904; baseline -0.001 -18"><span class='ocrx_word' id='word_1_484' title='bbox 365 3832 473 3886; x_wconf 75' lang='grc' dir='ltr'><strong>καὶ</strong></span> <span class='ocrx_word' id='word_1_485' title='bbox 507 3832 778 3904; x_wconf 78' lang='grc' dir='ltr'>σύνοφρυς</span> <span class='ocrx_word' id='word_1_486' title='bbox 810 3833 1065 3886; x_wconf 73' lang='grc' dir='ltr'>ἐντεῦθεν</span> <span class='ocrx_word' id='word_1_487' title='bbox 1097 3833 1382 3901; x_wconf 82' lang='grc' dir='ltr'><strong>γινόμενος</strong></span> <span class='ocrx_word' id='word_1_488' title='bbox 1409 3830 1506 3885; x_wconf 71' lang='grc' dir='ltr'>καὶ</span> <span class='ocrx_word' id='word_1_489' title='bbox 1534 3829 1655 3883; x_wconf 82' lang='grc' dir='ltr'>κατ’</span> <span class='ocrx_word' id='word_1_490' title='bbox 1710 3819 1956 3899; x_wconf 74' lang='grc' dir='ltr'>ὲμαυτοῧ</span> 
     </span>
    </p>
   </div>
   <div class='ocr_carea' id='block_1_69' title="bbox 365 3917 1959 3996">
    <p class='ocr_par' dir='ltr' id='par_1_69' title="bbox 365 3917 1959 3996">
     <span class='ocr_line' id='line_1_69' title="bbox 365 3917 1959 3996; baseline -0.003 -16"><span class='ocrx_word' id='word_1_491' title='bbox 365 3924 569 3988; x_wconf 78' lang='grc' dir='ltr'>δεινὸς,</span> <span class='ocrx_word' id='word_1_492' title='bbox 607 3917 839 3996; x_wconf 75' lang='grc' dir='ltr'>ἐπείπερ</span> <span class='ocrx_word' id='word_1_493' title='bbox 877 3925 1347 3996; x_wconf 84' lang='grc' dir='ltr'>ἁπλοῖκευόμενος</span> <span class='ocrx_word' id='word_1_494' title='bbox 1385 3922 1709 3995; x_wconf 85' lang='grc' dir='ltr'>περιπίπτω</span> <span class='ocrx_word' id='word_1_495' title='bbox 1741 3925 1959 3988; x_wconf 74' lang='grc' dir='ltr'>κακοϊςο</span> 
     </span>
    </p>
   </div>
   <div class='ocr_carea' id='block_1_70' title="bbox 368 4015 1967 4091">
    <p class='ocr_par' dir='ltr' id='par_1_70' title="bbox 368 4015 1967 4091">
     <span class='ocr_line' id='line_1_70' title="bbox 368 4015 1967 4091; baseline -0.003 -18"><span class='ocrx_word' id='word_1_496' title='bbox 368 4020 429 4075; x_wconf 72' lang='grc' dir='ltr'><strong>εί</strong></span> <span class='ocrx_word' id='word_1_497' title='bbox 451 4018 511 4074; x_wconf 81' lang='grc' dir='ltr'>δὲ</span> <span class='ocrx_word' id='word_1_498' title='bbox 545 4017 884 4091; x_wconf 75' lang='grc' dir='ltr'>διακριτικὸν</span> <span class='ocrx_word' id='word_1_499' title='bbox 913 4017 1175 4071; x_wconf 79' lang='grc' dir='ltr'>τάλαντον</span> <span class='ocrx_word' id='word_1_500' title='bbox 1228 4017 1502 4079; x_wconf 80' lang='grc' dir='ltr'>διατείνας</span> <span class='ocrx_word' id='word_1_501' title='bbox 1542 4016 1603 4070; x_wconf 79' lang='grc' dir='ltr'>τὸ</span> <span class='ocrx_word' id='word_1_502' title='bbox 1657 4015 1800 4078; x_wconf 75' lang='grc' dir='ltr'>κατὰ</span> <span class='ocrx_word' id='word_1_503' title='bbox 1837 4033 1967 4070; x_wconf 68' lang='grc' dir='ltr'>συνι</span> 
     </span>
    </p>
   </div>
   <div class='ocr_carea' id='block_1_71' title="bbox 377 4109 1964 4182">
    <p class='ocr_par' dir='ltr' id='par_1_71' title="bbox 377 4109 1964 4182">
     <span class='ocr_line' id='line_1_71' title="bbox 377 4109 1964 4182; baseline -0.001 -16"><span class='ocrx_word' id='word_1_504' title='bbox 377 4113 614 4182; x_wconf 80' lang='grc' dir='ltr'>είδησιν,</span> <span class='ocrx_word' id='word_1_505' title='bbox 647 4109 900 4180; x_wconf 79' lang='grc' dir='ltr'>ἐντίθημι</span> <span class='ocrx_word' id='word_1_506' title='bbox 952 4111 1160 4181; x_wconf 65' lang='grc' dir='ltr'>Θατέρα</span> <span class='ocrx_word' id='word_1_507' title='bbox 1220 4110 1322 4180; x_wconf 77' lang='grc' dir='ltr'><strong>μὲν</strong></span> <span class='ocrx_word' id='word_1_508' title='bbox 1363 4110 1666 4177; x_wconf 75' lang='grc' dir='ltr'>πλάστιγγι</span> <span class='ocrx_word' id='word_1_509' title='bbox 1726 4109 1795 4164; x_wconf 73' lang='grc' dir='ltr'><strong>τὰ</strong></span> <span class='ocrx_word' id='word_1_510' title='bbox 1851 4109 1964 4181; x_wconf 74' lang='grc' dir='ltr'><strong>ἐμὰ</strong></span> 
     </span>
    </p>
   </div>
   <div class='ocr_carea' id='block_1_72' title="bbox 375 4202 1970 4275">
    <p class='ocr_par' dir='ltr' id='par_1_72' title="bbox 375 4202 1970 4275">
     <span class='ocr_line' id='line_1_72' title="bbox 375 4202 1970 4275; baseline 0 -18"><span class='ocrx_word' id='word_1_511' title='bbox 375 4205 600 4274; x_wconf 69' lang='grc' dir='ltr'>φιλικὰ,</span> <span class='ocrx_word' id='word_1_512' title='bbox 658 4207 725 4274; x_wconf 83' lang='grc' dir='ltr'><strong>τῇ</strong></span> <span class='ocrx_word' id='word_1_513' title='bbox 778 4204 945 4275; x_wconf 79' lang='grc' dir='ltr'>ἑτέρᾳ</span> <span class='ocrx_word' id='word_1_514' title='bbox 989 4202 1068 4266; x_wconf 85' lang='grc' dir='ltr'>δὲ,</span> <span class='ocrx_word' id='word_1_515' title='bbox 1136 4203 1237 4256; x_wconf 79' lang='grc' dir='ltr'>ὅσα</span> <span class='ocrx_word' id='word_1_516' title='bbox 1286 4202 1496 4265; x_wconf 83' lang='grc' dir='ltr'>τούτοις</span> <span class='ocrx_word' id='word_1_517' title='bbox 1544 4202 1815 4256; x_wconf 82' lang='grc' dir='ltr'>ἀνάπαλιν</span> <span class='ocrx_word' id='word_1_518' title='bbox 1875 4204 1970 4257; x_wconf 75' lang='grc' dir='ltr'>καὶ</span> 
     </span>
    </p>
   </div>
   <div class='ocr_carea' id='block_1_73' title="bbox 373 4294 1965 4368">
    <p class='ocr_par' dir='ltr' id='par_1_73' title="bbox 373 4294 1965 4368">
     <span class='ocr_line' id='line_1_73' title="bbox 373 4294 1965 4368; baseline 0.001 -20"><span class='ocrx_word' id='word_1_519' title='bbox 373 4300 417 4365; x_wconf 80' lang='grc' dir='ltr'>ἡ</span> <span class='ocrx_word' id='word_1_520' title='bbox 466 4298 604 4366; x_wconf 74' lang='grc' dir='ltr'>ῥοπὴ</span> <span class='ocrx_word' id='word_1_521' title='bbox 661 4295 874 4365; x_wconf 87' lang='grc' dir='ltr'>γίνεται</span> <span class='ocrx_word' id='word_1_522' title='bbox 945 4295 1082 4368; x_wconf 74' lang='grc' dir='ltr'>πρὸς</span> <span class='ocrx_word' id='word_1_523' title='bbox 1136 4295 1204 4349; x_wconf 81' lang='grc' dir='ltr'><strong>τὰ</strong></span> <span class='ocrx_word' id='word_1_524' title='bbox 1238 4294 1362 4349; x_wconf 82' lang='grc' dir='ltr'>κατ’</span> <span class='ocrx_word' id='word_1_525' title='bbox 1416 4294 1760 4364; x_wconf 66' lang='grc' dir='ltr'>ἀδελφᾶτητα</span> <span class='ocrx_word' id='word_1_526' title='bbox 1821 4295 1965 4364; x_wconf 79' lang='grc' dir='ltr'><strong>μᾶλ-</strong></span> 
     </span>
    </p>
   </div>
   <div class='ocr_carea' id='block_1_74' title="bbox 374 4386 1973 4458">
    <p class='ocr_par' dir='ltr' id='par_1_74' title="bbox 374 4386 1973 4458">
     <span class='ocr_line' id='line_1_74' title="bbox 374 4386 1973 4458; baseline 0 -16"><span class='ocrx_word' id='word_1_527' title='bbox 374 4390 500 4453; x_wconf 78' lang='grc' dir='ltr'>λον,</span> <span class='ocrx_word' id='word_1_528' title='bbox 527 4388 671 4458; x_wconf 70' lang='grc' dir='ltr'>ἥπερ</span> <span class='ocrx_word' id='word_1_529' title='bbox 701 4388 769 4441; x_wconf 77' lang='grc' dir='ltr'><strong>τὰ</strong></span> <span class='ocrx_word' id='word_1_530' title='bbox 808 4386 882 4458; x_wconf 81' lang='grc' dir='ltr'>μὴ</span> <span class='ocrx_word' id='word_1_531' title='bbox 904 4386 1151 4449; x_wconf 73' lang='grc' dir='ltr'>τοιαῦταο</span> <span class='ocrx_word' id='word_1_532' title='bbox 1181 4388 1230 4441; x_wconf 80' lang='grc' dir='ltr'>εἰ</span> <span class='ocrx_word' id='word_1_533' title='bbox 1252 4387 1308 4441; x_wconf 77' lang='grc' dir='ltr'>δὲ</span> <span class='ocrx_word' id='word_1_534' title='bbox 1334 4386 1684 4457; x_wconf 80' lang='grc' dir='ltr'><strong>μεμνημένος</strong></span> <span class='ocrx_word' id='word_1_535' title='bbox 1711 4387 1973 4456; x_wconf 72' lang='grc' dir='ltr'><strong>παθημά-</strong></span> 
     </span>
    </p>
   </div>
   <div class='ocr_carea' id='block_1_75' title="bbox 2066 3263 3638 3339">
    <p class='ocr_par' dir='ltr' id='par_1_75' title="bbox 2066 3263 3638 3339">
     <span class='ocr_line' id='line_1_75' title="bbox 2066 3263 3638 3339; baseline -0.007 -14"><span class='ocrx_word' id='word_1_536' title='bbox 2066 3270 2248 3326; x_wconf 80' lang='lat' dir='ltr'><strong>ferens</strong></span> <span class='ocrx_word' id='word_1_537' title='bbox 2302 3268 2514 3339; x_wconf 81' lang='lat' dir='ltr'><strong>fulgura</strong></span> <span class='ocrx_word' id='word_1_538' title='bbox 2548 3284 2576 3321; x_wconf 90' lang='lat' dir='ltr'><strong>a</strong></span> <span class='ocrx_word' id='word_1_539' title='bbox 2613 3266 2800 3322; x_wconf 86' lang='lat' dir='ltr'><strong>multis</strong></span> <span class='ocrx_word' id='word_1_540' title='bbox 2848 3265 2902 3320; x_wconf 91' lang='lat' dir='ltr'><strong>in</strong></span> <span class='ocrx_word' id='word_1_541' title='bbox 2952 3280 3040 3320; x_wconf 88' lang='lat' dir='ltr'><strong>me</strong></span> <span class='ocrx_word' id='word_1_542' title='bbox 3087 3263 3443 3320; x_wconf 89' lang='lat' dir='ltr'><strong>scintillautia</strong></span> <span class='ocrx_word' id='word_1_543' title='bbox 3508 3263 3638 3333; x_wconf 86' lang='lat' dir='ltr'><strong>(non</strong></span> 
     </span>
    </p>
   </div>
   <div class='ocr_carea' id='block_1_76' title="bbox 2065 3354 3646 3432">
    <p class='ocr_par' dir='ltr' id='par_1_76' title="bbox 2065 3354 3646 3432">
     <span class='ocr_line' id='line_1_76' title="bbox 2065 3354 3646 3432; baseline -0.004 -15"><span class='ocrx_word' id='word_1_544' title='bbox 2065 3365 2210 3418; x_wconf 89' lang='lat' dir='ltr'><strong>enim</strong></span> <span class='ocrx_word' id='word_1_545' title='bbox 2244 3361 2435 3432; x_wconf 87' lang='lat' dir='ltr'><strong>utique</strong></span> <span class='ocrx_word' id='word_1_546' title='bbox 2486 3359 2832 3428; x_wconf 86' lang='lat' dir='ltr'><strong>erumpentia</strong></span> <span class='ocrx_word' id='word_1_547' title='bbox 2891 3357 3032 3412; x_wconf 89' lang='lat' dir='ltr'><strong>sicut</strong></span> <span class='ocrx_word' id='word_1_548' title='bbox 3085 3356 3340 3421; x_wconf 87' lang='lat' dir='ltr'><strong>fulmina,</strong></span> <span class='ocrx_word' id='word_1_549' title='bbox 3397 3369 3466 3411; x_wconf 91' lang='lat' dir='ltr'><strong>eo</strong></span> <span class='ocrx_word' id='word_1_550' title='bbox 3500 3354 3646 3424; x_wconf 82' lang='lat' dir='ltr'><strong>quod</strong></span> 
     </span>
    </p>
   </div>
   <div class='ocr_carea' id='block_1_77' title="bbox 2062 3448 3652 3527">
    <p class='ocr_par' dir='ltr' id='par_1_77' title="bbox 2062 3448 3652 3527">
     <span class='ocr_line' id='line_1_77' title="bbox 2062 3448 3652 3527; baseline -0.006 -16"><span class='ocrx_word' id='word_1_551' title='bbox 2062 3457 2201 3527; x_wconf 90' lang='lat' dir='ltr'><strong>ipsis</strong></span> <span class='ocrx_word' id='word_1_552' title='bbox 2235 3470 2341 3511; x_wconf 91' lang='lat' dir='ltr'><strong>non</strong></span> <span class='ocrx_word' id='word_1_553' title='bbox 2372 3462 2456 3510; x_wconf 85' lang='lat' dir='ltr'><strong>est</strong></span> <span class='ocrx_word' id='word_1_554' title='bbox 2480 3453 2706 3509; x_wconf 82' lang='lat' dir='ltr'><strong>materia</strong></span> <span class='ocrx_word' id='word_1_555' title='bbox 2745 3454 2811 3507; x_wconf 88' lang='lat' dir='ltr'><strong>ad</strong></span> <span class='ocrx_word' id='word_1_556' title='bbox 2873 3449 3332 3515; x_wconf 85' lang='lat' dir='ltr'><strong>combustionem,</strong></span> <span class='ocrx_word' id='word_1_557' title='bbox 3386 3448 3493 3502; x_wconf 88' lang='lat' dir='ltr'><strong>nisi</strong></span> <span class='ocrx_word' id='word_1_558' title='bbox 3528 3456 3652 3501; x_wconf 86' lang='lat' dir='ltr'><strong>tan-</strong></span> 
     </span>
    </p>
   </div>
   <div class='ocr_carea' id='block_1_78' title="bbox 2067 3539 3651 3615">
    <p class='ocr_par' dir='ltr' id='par_1_78' title="bbox 2067 3539 3651 3615">
     <span class='ocr_line' id='line_1_78' title="bbox 2067 3539 3651 3615; baseline -0.008 -10"><span class='ocrx_word' id='word_1_559' title='bbox 2067 3560 2183 3606; x_wconf 88' lang='lat' dir='ltr'><strong>tum</strong></span> <span class='ocrx_word' id='word_1_560' title='bbox 2215 3548 2282 3604; x_wconf 90' lang='lat' dir='ltr'><strong>ad</strong></span> <span class='ocrx_word' id='word_1_561' title='bbox 2312 3548 2606 3604; x_wconf 90' lang='lat' dir='ltr'><strong>obscurum</strong></span> <span class='ocrx_word' id='word_1_562' title='bbox 2637 3543 2857 3615; x_wconf 85' lang='lat' dir='ltr'><strong>aliquod</strong></span> <span class='ocrx_word' id='word_1_563' title='bbox 2889 3539 3226 3609; x_wconf 90' lang='lat' dir='ltr'><strong>incendium)</strong></span> <span class='ocrx_word' id='word_1_564' title='bbox 3253 3557 3269 3604; x_wconf 83' lang='lat'><strong>;</strong></span> <span class='ocrx_word' id='word_1_565' title='bbox 3334 3539 3383 3595; x_wconf 88' lang='lat' dir='ltr'><strong>si</strong></span> <span class='ocrx_word' id='word_1_566' title='bbox 3443 3539 3499 3594; x_wconf 93' lang='lat' dir='ltr'><strong>in</strong></span> <span class='ocrx_word' id='word_1_567' title='bbox 3561 3553 3651 3592; x_wconf 62' lang='lat' dir='ltr'><strong>ara</strong></span> 
     </span>
    </p>
   </div>
   <div class='ocr_carea' id='block_1_79' title="bbox 2071 3630 3650 3710">
    <p class='ocr_par' dir='ltr' id='par_1_79' title="bbox 2071 3630 3650 3710">
     <span class='ocr_line' id='line_1_79' title="bbox 2071 3630 3650 3710; baseline -0.009 -13"><span class='ocrx_word' id='word_1_568' title='bbox 2071 3657 2195 3699; x_wconf 90' lang='lat' dir='ltr'><strong>cum</strong></span> <span class='ocrx_word' id='word_1_569' title='bbox 2256 3638 2548 3710; x_wconf 87' lang='lat' dir='ltr'><strong>supercilia</strong></span> <span class='ocrx_word' id='word_1_570' title='bbox 2595 3654 2790 3702; x_wconf 87' lang='lat' dir='ltr'><strong>curvo,</strong></span> <span class='ocrx_word' id='word_1_571' title='bbox 2827 3651 2935 3691; x_wconf 89' lang='lat' dir='ltr'><strong>non</strong></span> <span class='ocrx_word' id='word_1_572' title='bbox 2964 3649 3061 3707; x_wconf 90' lang='lat' dir='ltr'><strong>per</strong></span> <span class='ocrx_word' id='word_1_573' title='bbox 3085 3633 3297 3701; x_wconf 89' lang='lat' dir='ltr'><strong>jocum,</strong></span> <span class='ocrx_word' id='word_1_574' title='bbox 3329 3632 3423 3687; x_wconf 89' lang='lat' dir='ltr'><strong>sed</strong></span> <span class='ocrx_word' id='word_1_575' title='bbox 3475 3630 3650 3699; x_wconf 60' lang='lat' dir='ltr'><strong>meips</strong></span> 
     </span>
    </p>
   </div>
   <div class='ocr_carea' id='block_1_80' title="bbox 2069 3724 3654 3801">
    <p class='ocr_par' dir='ltr' id='par_1_80' title="bbox 2069 3724 3654 3801">
     <span class='ocr_line' id='line_1_80' title="bbox 2069 3724 3654 3801; baseline -0.007 -13"><span class='ocrx_word' id='word_1_576' title='bbox 2069 3748 2189 3789; x_wconf 87' lang='lat' dir='ltr'><strong>sum</strong></span> <span class='ocrx_word' id='word_1_577' title='bbox 2218 3731 2574 3788; x_wconf 85' lang='lat' dir='ltr'><strong>considerans</strong></span> <span class='ocrx_word' id='word_1_578' title='bbox 2613 3728 2767 3801; x_wconf 80' lang='lat' dir='ltr'><strong>juxta</strong></span> <span class='ocrx_word' id='word_1_579' title='bbox 2805 3728 2934 3783; x_wconf 91' lang='lat' dir='ltr'><strong>illud</strong></span> <span class='ocrx_word' id='word_1_580' title='bbox 2987 3744 3002 3782; x_wconf 89' lang='lat'><strong>:</strong></span> <span class='ocrx_word' id='word_1_581' title='bbox 3060 3725 3233 3779; x_wconf 79' lang='lat' dir='ltr'><strong>Nosce</strong></span> <span class='ocrx_word' id='word_1_582' title='bbox 3295 3724 3544 3792; x_wconf 78' lang='lat' dir='ltr'><strong>teipsum,</strong></span> <span class='ocrx_word' id='word_1_583' title='bbox 3596 3728 3654 3777; x_wconf 78' lang='lat' dir='ltr'><strong>et</strong></span> 
     </span>
    </p>
   </div>
   <div class='ocr_carea' id='block_1_81' title="bbox 2071 3813 3649 3893">
    <p class='ocr_par' dir='ltr' id='par_1_81' title="bbox 2071 3813 3649 3893">
     <span class='ocr_line' id='line_1_81' title="bbox 2071 3813 3649 3893; baseline -0.011 -13"><span class='ocrx_word' id='word_1_584' title='bbox 2071 3823 2267 3880; x_wconf 83' lang='lat' dir='ltr'><strong>exinde</strong></span> <span class='ocrx_word' id='word_1_585' title='bbox 2290 3824 2479 3893; x_wconf 82' lang='lat' dir='ltr'><strong>juncta</strong></span> <span class='ocrx_word' id='word_1_586' title='bbox 2514 3828 2714 3877; x_wconf 86' lang='lat' dir='ltr'><strong>tenens</strong></span> <span class='ocrx_word' id='word_1_587' title='bbox 2749 3816 3065 3888; x_wconf 87' lang='lat' dir='ltr'><strong>supercilia,</strong></span> <span class='ocrx_word' id='word_1_588' title='bbox 3098 3824 3264 3884; x_wconf 85' lang='lat' dir='ltr'><strong>atque</strong></span> <span class='ocrx_word' id='word_1_589' title='bbox 3293 3814 3346 3865; x_wconf 89' lang='lat' dir='ltr'><strong>in</strong></span> <span class='ocrx_word' id='word_1_590' title='bbox 3383 3813 3649 3880; x_wconf 82' lang='lat' dir='ltr'><strong>tneipsum</strong></span> 
     </span>
    </p>
   </div>
   <div class='ocr_carea' id='block_1_82' title="bbox 2076 3902 3651 3989">
    <p class='ocr_par' dir='ltr' id='par_1_82' title="bbox 2076 3902 3651 3989">
     <span class='ocr_line' id='line_1_82' title="bbox 2076 3902 3651 3989; baseline -0.011 -15"><span class='ocrx_word' id='word_1_591' title='bbox 2076 3918 2279 3988; x_wconf 84' lang='lat' dir='ltr'><strong>gravis,</strong></span> <span class='ocrx_word' id='word_1_592' title='bbox 2323 3915 2762 3989; x_wconf 86' lang='lat' dir='ltr'><strong>quandoquidem</strong></span> <span class='ocrx_word' id='word_1_593' title='bbox 2801 3927 2924 3969; x_wconf 88' lang='lat' dir='ltr'><strong>cum</strong></span> <span class='ocrx_word' id='word_1_594' title='bbox 2999 3906 3345 3979; x_wconf 83' lang='lat' dir='ltr'><strong>simplicitate</strong></span> <span class='ocrx_word' id='word_1_595' title='bbox 3397 3905 3450 3959; x_wconf 91' lang='lat' dir='ltr'><strong>in</strong></span> <span class='ocrx_word' id='word_1_596' title='bbox 3514 3902 3651 3956; x_wconf 84' lang='lat' dir='ltr'><strong>mala</strong></span> 
     </span>
    </p>
   </div>
   <div class='ocr_carea' id='block_1_83' title="bbox 2076 3999 3653 4078">
    <p class='ocr_par' dir='ltr' id='par_1_83' title="bbox 2076 3999 3653 4078">
     <span class='ocr_line' id='line_1_83' title="bbox 2076 3999 3653 4078; baseline -0.011 -13"><span class='ocrx_word' id='word_1_597' title='bbox 2076 4011 2339 4077; x_wconf 82' lang='lat' dir='ltr'><strong>incidam,</strong></span> <span class='ocrx_word' id='word_1_598' title='bbox 2388 4008 2434 4063; x_wconf 87' lang='lat' dir='ltr'><strong>si</strong></span> <span class='ocrx_word' id='word_1_599' title='bbox 2502 4006 2943 4078; x_wconf 79' lang='lat' dir='ltr'><strong>dijudicatricem</strong></span> <span class='ocrx_word' id='word_1_600' title='bbox 2996 3999 3345 4059; x_wconf 70' lang='lat' dir='ltr'><strong>conscientize</strong></span> <span class='ocrx_word' id='word_1_601' title='bbox 3395 4003 3653 4051; x_wconf 83' lang='lat' dir='ltr'><strong>stateram</strong></span> 
     </span>
    </p>
   </div>
   <div class='ocr_carea' id='block_1_84' title="bbox 2079 4089 3658 4178">
    <p class='ocr_par' dir='ltr' id='par_1_84' title="bbox 2079 4089 3658 4178">
     <span class='ocr_line' id='line_1_84' title="bbox 2079 4089 3658 4178; baseline -0.014 -17"><span class='ocrx_word' id='word_1_602' title='bbox 2079 4104 2420 4178; x_wconf 83' lang='lat' dir='ltr'><strong>expandens,</strong></span> <span class='ocrx_word' id='word_1_603' title='bbox 2450 4100 2503 4154; x_wconf 91' lang='lat' dir='ltr'><strong>iu</strong></span> <span class='ocrx_word' id='word_1_604' title='bbox 2539 4114 2644 4153; x_wconf 92' lang='lat' dir='ltr'><strong>una</strong></span> <span class='ocrx_word' id='word_1_605' title='bbox 2674 4096 2892 4168; x_wconf 88' lang='lat' dir='ltr'><strong>quidem</strong></span> <span class='ocrx_word' id='word_1_606' title='bbox 2929 4093 3088 4149; x_wconf 86' lang='lat' dir='ltr'><strong>lance</strong></span> <span class='ocrx_word' id='word_1_607' title='bbox 3122 4105 3263 4162; x_wconf 89' lang='lat' dir='ltr'><strong>pono</strong></span> <span class='ocrx_word' id='word_1_608' title='bbox 3291 4102 3463 4142; x_wconf 84' lang='lat' dir='ltr'><strong>meam</strong></span> <span class='ocrx_word' id='word_1_609' title='bbox 3492 4089 3658 4141; x_wconf 83' lang='lat' dir='ltr'><strong>bene-</strong></span> 
     </span>
    </p>
   </div>
   <div class='ocr_carea' id='block_1_85' title="bbox 2080 4186 3657 4262">
    <p class='ocr_par' dir='ltr' id='par_1_85' title="bbox 2080 4186 3657 4262">
     <span class='ocr_line' id='line_1_85' title="bbox 2080 4186 3657 4262; baseline -0.016 -5"><span class='ocrx_word' id='word_1_610' title='bbox 2080 4200 2397 4262; x_wconf 88' lang='lat' dir='ltr'><strong>volentiam,</strong></span> <span class='ocrx_word' id='word_1_611' title='bbox 2440 4195 2573 4252; x_wconf 86' lang='lat' dir='ltr'><strong>etin</strong></span> <span class='ocrx_word' id='word_1_612' title='bbox 2608 4193 2736 4258; x_wconf 83' lang='lat' dir='ltr'><strong>alia,</strong></span> <span class='ocrx_word' id='word_1_613' title='bbox 2770 4191 2912 4262; x_wconf 87' lang='lat' dir='ltr'><strong>quod</strong></span> <span class='ocrx_word' id='word_1_614' title='bbox 2943 4198 3028 4246; x_wconf 89' lang='lat' dir='ltr'><strong>est</strong></span> <span class='ocrx_word' id='word_1_615' title='bbox 3057 4186 3417 4249; x_wconf 83' lang='lat' dir='ltr'><strong>contrarium,</strong></span> <span class='ocrx_word' id='word_1_616' title='bbox 3451 4193 3657 4246; x_wconf 68' lang='lat' dir='ltr'><strong>statuo,</strong></span> 
     </span>
    </p>
   </div>
   <div class='ocr_carea' id='block_1_86' title="bbox 2083 4277 3663 4359">
    <p class='ocr_par' dir='ltr' id='par_1_86' title="bbox 2083 4277 3663 4359">
     <span class='ocr_line' id='line_1_86' title="bbox 2083 4277 3663 4359; baseline -0.013 -9"><span class='ocrx_word' id='word_1_617' title='bbox 2083 4305 2138 4350; x_wconf 91' lang='lat' dir='ltr'><strong>et</strong></span> <span class='ocrx_word' id='word_1_618' title='bbox 2193 4300 2528 4348; x_wconf 89' lang='lat' dir='ltr'><strong>momentum</strong></span> <span class='ocrx_word' id='word_1_619' title='bbox 2575 4289 2749 4359; x_wconf 87' lang='lat' dir='ltr'><strong>magis</strong></span> <span class='ocrx_word' id='word_1_620' title='bbox 2796 4285 2862 4339; x_wconf 90' lang='lat' dir='ltr'><strong>ad</strong></span> <span class='ocrx_word' id='word_1_621' title='bbox 2895 4298 2958 4339; x_wconf 90' lang='lat' dir='ltr'><strong>ea</strong></span> <span class='ocrx_word' id='word_1_622' title='bbox 3002 4299 3121 4352; x_wconf 75' lang='lat' dir='ltr'><strong>qua-</strong></span> <span class='ocrx_word' id='word_1_623' title='bbox 3149 4277 3509 4333; x_wconf 74' lang='lat' dir='ltr'><strong>fraternitatis</strong></span> <span class='ocrx_word' id='word_1_624' title='bbox 3533 4280 3663 4330; x_wconf 79' lang='lat' dir='ltr'><strong>sunt</strong></span> 
     </span>
    </p>
   </div>
   <div class='ocr_carea' id='block_1_87' title="bbox 2083 4369 3660 4452">
    <p class='ocr_par' dir='ltr' id='par_1_87' title="bbox 2083 4369 3660 4452">
     <span class='ocr_line' id='line_1_87' title="bbox 2083 4369 3660 4452; baseline -0.014 -17"><span class='ocrx_word' id='word_1_625' title='bbox 2083 4396 2244 4452; x_wconf 90' lang='lat' dir='ltr'><strong>quam</strong></span> <span class='ocrx_word' id='word_1_626' title='bbox 2265 4379 2331 4433; x_wconf 86' lang='lat' dir='ltr'><strong>ad</strong></span> <span class='ocrx_word' id='word_1_627' title='bbox 2351 4376 2595 4447; x_wconf 85' lang='lat' dir='ltr'><strong>opposita</strong></span> <span class='ocrx_word' id='word_1_628' title='bbox 2622 4374 2876 4437; x_wconf 82' lang='lat' dir='ltr'><strong>inclinat;</strong></span> <span class='ocrx_word' id='word_1_629' title='bbox 2905 4371 2951 4425; x_wconf 81' lang='lat' dir='ltr'><strong>si</strong></span> <span class='ocrx_word' id='word_1_630' title='bbox 2983 4370 3293 4440; x_wconf 86' lang='lat' dir='ltr'><strong>passionum</strong></span> <span class='ocrx_word' id='word_1_631' title='bbox 3324 4369 3660 4424; x_wconf 62' lang='lat' dir='ltr'><strong>recordatus,</strong></span> 
     </span>
    </p>
   </div>
   <div class='ocr_carea' id='block_1_88' title="bbox 377 4462 1955 4568">
    <p class='ocr_par' dir='ltr' id='par_1_88' title="bbox 377 4477 1955 4551">
     <span class='ocr_line' id='line_1_88' title="bbox 377 4477 1955 4551; baseline -0.003 -17"><span class='ocrx_word' id='word_1_632' title='bbox 377 4498 519 4540; x_wconf 82' lang='grc' dir='ltr'>των,</span> <span class='ocrx_word' id='word_1_633' title='bbox 551 4482 642 4535; x_wconf 72' lang='grc' dir='ltr'><strong>ἐπὶ</strong></span> <span class='ocrx_word' id='word_1_634' title='bbox 671 4482 772 4550; x_wconf 74' lang='grc' dir='ltr'><strong>μὲν</strong></span> <span class='ocrx_word' id='word_1_635' title='bbox 809 4482 922 4536; x_wconf 73' lang='grc' dir='ltr'>τοῖς</span> <span class='ocrx_word' id='word_1_636' title='bbox 949 4479 1341 4551; x_wconf 78' lang='grc' dir='ltr'>χρηστοτέροις</span> <span class='ocrx_word' id='word_1_637' title='bbox 1398 4479 1748 4550; x_wconf 71' lang='grc' dir='ltr'>ίλαρῦνομαι,</span> <span class='ocrx_word' id='word_1_638' title='bbox 1789 4477 1860 4531; x_wconf 84' lang='grc' dir='ltr'>τὰ</span> <span class='ocrx_word' id='word_1_639' title='bbox 1912 4478 1955 4530; x_wconf 80' lang='grc' dir='ltr'>δὲ</span> 
     </span>
    </p>
   </div>
   <div class='ocr_carea' id='block_1_89' title="bbox 2063 4462 3665 4568">
    <p class='ocr_par' dir='ltr' id='par_1_89' title="bbox 2087 4462 3665 4568">
     <span class='ocr_line' id='line_1_89' title="bbox 2087 4462 3665 4537; baseline -0.012 -11"><span class='ocrx_word' id='word_1_640' title='bbox 2087 4474 2154 4528; x_wconf 90' lang='lat' dir='ltr'><strong>de</strong></span> <span class='ocrx_word' id='word_1_641' title='bbox 2188 4470 2503 4525; x_wconf 85' lang='lat' dir='ltr'><strong>melioribus</strong></span> <span class='ocrx_word' id='word_1_642' title='bbox 2534 4465 2755 4537; x_wconf 86' lang='lat' dir='ltr'><strong>quidem</strong></span> <span class='ocrx_word' id='word_1_643' title='bbox 2784 4462 3071 4524; x_wconf 86' lang='lat' dir='ltr'><strong>hilaresco,</strong></span> <span class='ocrx_word' id='word_1_644' title='bbox 3108 4471 3317 4512; x_wconf 63' lang='lat' dir='ltr'><strong>czeterae</strong></span> <span class='ocrx_word' id='word_1_645' title='bbox 3357 4463 3536 4509; x_wconf 83' lang='lat' dir='ltr'><strong>autem</strong></span> <span class='ocrx_word' id='word_1_646' title='bbox 3577 4463 3665 4507; x_wconf 78' lang='lat' dir='ltr'><strong>me</strong></span> 
     </span>
     <span class='ocr_line' id='line_1_90' title="bbox 2196 4542 3629 4568; baseline 0 0"><span class='ocrx_word' id='word_1_647' title='bbox 2196 4561 2208 4568; x_wconf 86' lang='lat'><em>.</em></span> <span class='ocrx_word' id='word_1_648' title='bbox 2402 4559 2414 4568; x_wconf 88' lang='lat'><em>.</em></span> <span class='ocrx_word' id='word_1_649' title='bbox 2578 4566 2586 4568; x_wconf 32' lang='grc' dir='ltr'><em>Α</em></span> <span class='ocrx_word' id='word_1_650' title='bbox 2785 4552 2836 4568; x_wconf 78' lang='grc' dir='ltr'>ιι·</span> <span class='ocrx_word' id='word_1_651' title='bbox 2864 4554 2874 4568; x_wconf 83' lang='grc' dir='ltr'><strong>Ι</strong></span> <span class='ocrx_word' id='word_1_652' title='bbox 3053 4552 3090 4568; x_wconf 70' lang='grc' dir='ltr'><strong>,ς</strong></span> <span class='ocrx_word' id='word_1_653' title='bbox 3127 4548 3311 4568; x_wconf 59' lang='lat' dir='ltr'><strong>_,_!L_.-</strong></span> <span class='ocrx_word' id='word_1_654' title='bbox 3349 4547 3482 4568; x_wconf 53' lang='grc' dir='ltr'>Λημη</span> <span class='ocrx_word' id='word_1_655' title='bbox 3509 4545 3556 4568; x_wconf 72' lang='grc'><strong>1-</strong></span> <span class='ocrx_word' id='word_1_656' title='bbox 3582 4542 3629 4568; x_wconf 65' lang='grc'><strong>1⁵.</strong></span> 
     </span>
    </p>
   </div>
   <div class='ocr_carea' id='block_1_90' title="bbox 377 4571 1975 4646">
    <p class='ocr_par' dir='ltr' id='par_1_90' title="bbox 377 4571 1975 4646">
     <span class='ocr_line' id='line_1_91' title="bbox 377 4571 1975 4646; baseline -0.003 -18"><span class='ocrx_word' id='word_1_657' title='bbox 377 4575 553 4630; x_wconf 72' lang='grc' dir='ltr'>λοιπὰ</span> <span class='ocrx_word' id='word_1_658' title='bbox 580 4575 795 4646; x_wconf 78' lang='grc' dir='ltr'>χρώζου</span> <span class='ocrx_word' id='word_1_659' title='bbox 807 4574 861 4627; x_wconf 89' lang='grc' dir='ltr'><strong>σί</strong></span> <span class='ocrx_word' id='word_1_660' title='bbox 888 4590 955 4643; x_wconf 86' lang='grc' dir='ltr'><strong>με</strong></span> <span class='ocrx_word' id='word_1_661' title='bbox 984 4572 1461 4643; x_wconf 70' lang='grc' dir='ltr'>σκυθρωπῦτερον,</span> <span class='ocrx_word' id='word_1_662' title='bbox 1484 4574 1580 4625; x_wconf 65' lang='grc' dir='ltr'>καὶ</span> <span class='ocrx_word' id='word_1_663' title='bbox 1607 4571 1743 4643; x_wconf 75' lang='grc' dir='ltr'>πρὸς</span> <span class='ocrx_word' id='word_1_664' title='bbox 1762 4571 1975 4643; x_wconf 85' lang='grc' dir='ltr'>ὠχρίαν</span> 
     </span>
    </p>
   </div>
   <div class='ocr_carea' id='block_1_91' title="bbox 382 4661 1979 4741">
    <p class='ocr_par' dir='ltr' id='par_1_91' title="bbox 382 4661 1979 4741">
     <span class='ocr_line' id='line_1_92' title="bbox 382 4661 1979 4741; baseline -0.003 -21"><span class='ocrx_word' id='word_1_665' title='bbox 382 4668 712 4741; x_wconf 78' lang='grc' dir='ltr'>βάτπουσιν·</span> <span class='ocrx_word' id='word_1_666' title='bbox 747 4667 795 4718; x_wconf 83' lang='grc' dir='ltr'><strong>εί</strong></span> <span class='ocrx_word' id='word_1_667' title='bbox 822 4664 905 4732; x_wconf 82' lang='grc' dir='ltr'>δὲ,</span> <span class='ocrx_word' id='word_1_668' title='bbox 946 4663 1042 4728; x_wconf 85' lang='grc' dir='ltr'><strong>οὒς</strong></span> <span class='ocrx_word' id='word_1_669' title='bbox 1073 4663 1175 4734; x_wconf 77' lang='grc' dir='ltr'>μὲν</span> <span class='ocrx_word' id='word_1_670' title='bbox 1201 4663 1414 4735; x_wconf 73' lang='grc' dir='ltr'>θαρρῶ,</span> <span class='ocrx_word' id='word_1_671' title='bbox 1478 4663 1826 4733; x_wconf 80' lang='grc' dir='ltr'>ἀσπάζομαι,</span> <span class='ocrx_word' id='word_1_672' title='bbox 1882 4661 1979 4715; x_wconf 71' lang='grc' dir='ltr'>καὶ</span> 
     </span>
    </p>
   </div>
   <div class='ocr_carea' id='block_1_92' title="bbox 379 4746 1978 4829">
    <p class='ocr_par' dir='ltr' id='par_1_92' title="bbox 379 4746 1978 4829">
     <span class='ocr_line' id='line_1_93' title="bbox 379 4746 1978 4829; baseline -0.006 -15"><span class='ocrx_word' id='word_1_673' title='bbox 379 4760 573 4826; x_wconf 73' lang='grc' dir='ltr'>δεξιὰν</span> <span class='ocrx_word' id='word_1_674' title='bbox 601 4758 824 4826; x_wconf 79' lang='grc' dir='ltr'>ἐμϐάλω</span> <span class='ocrx_word' id='word_1_675' title='bbox 851 4758 1075 4823; x_wconf 77' lang='grc' dir='ltr'>δεξιαῖς,</span> <span class='ocrx_word' id='word_1_676' title='bbox 1103 4757 1198 4829; x_wconf 59' lang='grc' dir='ltr'><strong>καὶ¹</strong></span> <span class='ocrx_word' id='word_1_677' title='bbox 1231 4755 1709 4826; x_wconf 73' lang='grc' dir='ltr'>προσεφέλκομαι,</span> <span class='ocrx_word' id='word_1_678' title='bbox 1771 4753 1858 4823; x_wconf 75' lang='grc' dir='ltr'><strong>ἐφ’</strong></span> <span class='ocrx_word' id='word_1_679' title='bbox 1894 4746 1978 4816; x_wconf 79' lang='grc' dir='ltr'>οἷς</span> 
     </span>
    </p>
   </div>
   <div class='ocr_carea' id='block_1_93' title="bbox 380 4847 1980 4925">
    <p class='ocr_par' dir='ltr' id='par_1_93' title="bbox 380 4847 1980 4925">
     <span class='ocr_line' id='line_1_94' title="bbox 380 4847 1980 4925; baseline -0.009 -15"><span class='ocrx_word' id='word_1_680' title='bbox 380 4856 448 4911; x_wconf 80' lang='grc' dir='ltr'>δὲ</span> <span class='ocrx_word' id='word_1_681' title='bbox 484 4853 546 4907; x_wconf 76' lang='grc' dir='ltr'><strong>οὕ</strong></span> <span class='ocrx_word' id='word_1_682' title='bbox 582 4872 671 4922; x_wconf 84' lang='grc' dir='ltr'>μοι</span> <span class='ocrx_word' id='word_1_683' title='bbox 706 4854 935 4925; x_wconf 73' lang='grc' dir='ltr'>Θάρρος,</span> <span class='ocrx_word' id='word_1_684' title='bbox 963 4852 1165 4924; x_wconf 76' lang='grc' dir='ltr'>ἑτέρως</span> <span class='ocrx_word' id='word_1_685' title='bbox 1216 4848 1593 4919; x_wconf 70' lang='grc' dir='ltr'>ὁσιοῢμαιτὴν</span> <span class='ocrx_word' id='word_1_686' title='bbox 1655 4847 1980 4914; x_wconf 77' lang='grc' dir='ltr'><strong>συνάντησιν</strong></span> 
     </span>
    </p>
   </div>
   <div class='ocr_carea' id='block_1_94' title="bbox 383 4934 1981 5016">
    <p class='ocr_par' dir='ltr' id='par_1_94' title="bbox 383 4934 1981 5016">
     <span class='ocr_line' id='line_1_95' title="bbox 383 4934 1981 5016; baseline -0.009 -12"><span class='ocrx_word' id='word_1_687' title='bbox 383 4945 918 5016; x_wconf 72' lang='grc' dir='ltr'>ἀνθρωπικώτερον,</span> <span class='ocrx_word' id='word_1_688' title='bbox 944 4943 1234 5006; x_wconf 78' lang='grc' dir='ltr'>κοινωνίας</span> <span class='ocrx_word' id='word_1_689' title='bbox 1263 4942 1409 5011; x_wconf 82' lang='grc' dir='ltr'>λόγῳ</span> <span class='ocrx_word' id='word_1_690' title='bbox 1441 4940 1542 5008; x_wconf 76' lang='grc' dir='ltr'>τῆς</span> <span class='ocrx_word' id='word_1_691' title='bbox 1574 4938 1785 5003; x_wconf 77' lang='grc' dir='ltr'>ἁπλῶςο</span> <span class='ocrx_word' id='word_1_692' title='bbox 1843 4938 1893 4990; x_wconf 85' lang='grc' dir='ltr'><strong>εί</strong></span> <span class='ocrx_word' id='word_1_693' title='bbox 1933 4934 1981 4989; x_wconf 81' lang='grc' dir='ltr'>δ’</span> 
     </span>
    </p>
   </div>
   <div class='ocr_carea' id='block_1_95' title="bbox 387 5032 1986 5107">
    <p class='ocr_par' dir='ltr' id='par_1_95' title="bbox 387 5032 1986 5107">
     <span class='ocr_line' id='line_1_96' title="bbox 387 5032 1986 5107; baseline -0.008 -11"><span class='ocrx_word' id='word_1_694' title='bbox 387 5040 467 5096; x_wconf 71' lang='grc' dir='ltr'>αὖ</span> <span class='ocrx_word' id='word_1_695' title='bbox 485 5041 668 5105; x_wconf 74' lang='grc' dir='ltr'>πάλιν,</span> <span class='ocrx_word' id='word_1_696' title='bbox 686 5032 747 5093; x_wconf 77' lang='grc' dir='ltr'>οὗ</span> <span class='ocrx_word' id='word_1_697' title='bbox 773 5040 869 5107; x_wconf 84' lang='grc' dir='ltr'>μὲν</span> <span class='ocrx_word' id='word_1_698' title='bbox 887 5038 1051 5105; x_wconf 79' lang='grc' dir='ltr'>ἄρτον</span> <span class='ocrx_word' id='word_1_699' title='bbox 1075 5036 1278 5105; x_wconf 77' lang='grc' dir='ltr'>ἔφαγον</span> <span class='ocrx_word' id='word_1_700' title='bbox 1299 5040 1357 5089; x_wconf 81' lang='grc' dir='ltr'>ἐν</span> <span class='ocrx_word' id='word_1_701' title='bbox 1381 5034 1580 5104; x_wconf 68' lang='grc' dir='ltr'>ἐνδείᾳ,</span> <span class='ocrx_word' id='word_1_702' title='bbox 1602 5035 1810 5096; x_wconf 72' lang='grc' dir='ltr'>ἐκεῖνος</span> <span class='ocrx_word' id='word_1_703' title='bbox 1828 5033 1916 5084; x_wconf 82' lang='grc' dir='ltr'>εὖε</span> <span class='ocrx_word' id='word_1_704' title='bbox 1927 5049 1986 5102; x_wconf 90' lang='grc' dir='ltr'>ρ-</span> 
     </span>
    </p>
   </div>
   <div class='ocr_carea' id='block_1_96' title="bbox 387 5120 1986 5205">
    <p class='ocr_par' dir='ltr' id='par_1_96' title="bbox 387 5120 1986 5205">
     <span class='ocr_line' id='line_1_97' title="bbox 387 5120 1986 5205; baseline -0.009 -17"><span class='ocrx_word' id='word_1_705' title='bbox 387 5134 564 5205; x_wconf 69' lang='grc' dir='ltr'>γέτης</span> <span class='ocrx_word' id='word_1_706' title='bbox 592 5135 716 5203; x_wconf 67' lang='grc' dir='ltr'>ἐμοὶ</span> <span class='ocrx_word' id='word_1_707' title='bbox 749 5132 1024 5201; x_wconf 73' lang='grc' dir='ltr'>κρίνεται,</span> <span class='ocrx_word' id='word_1_708' title='bbox 1054 5129 1148 5182; x_wconf 76' lang='grc' dir='ltr'>καὶ</span> <span class='ocrx_word' id='word_1_709' title='bbox 1183 5125 1591 5198; x_wconf 80' lang='grc' dir='ltr'>σεμνολογικῶς</span> <span class='ocrx_word' id='word_1_710' title='bbox 1647 5120 1986 5192; x_wconf 79' lang='grc' dir='ltr'>προφέρεταί</span> 
     </span>
    </p>
   </div>
   <div class='ocr_carea' id='block_1_97' title="bbox 392 5215 1985 5300">
    <p class='ocr_par' dir='ltr' id='par_1_97' title="bbox 392 5215 1985 5300">
     <span class='ocr_line' id='line_1_98' title="bbox 392 5215 1985 5300; baseline -0.009 -19"><span class='ocrx_word' id='word_1_711' title='bbox 392 5227 594 5300; x_wconf 69' lang='grc' dir='ltr'>μοιδιὲ</span> <span class='ocrx_word' id='word_1_712' title='bbox 615 5226 903 5296; x_wconf 73' lang='grc' dir='ltr'>στόματος,</span> <span class='ocrx_word' id='word_1_713' title='bbox 927 5222 1061 5286; x_wconf 53' lang='lat' dir='ltr'><strong>me:</strong></span> <span class='ocrx_word' id='word_1_714' title='bbox 1086 5222 1287 5292; x_wconf 76' lang='grc' dir='ltr'>μυρίαν</span> <span class='ocrx_word' id='word_1_715' title='bbox 1315 5217 1461 5290; x_wconf 79' lang='grc' dir='ltr'>σχὼν</span> <span class='ocrx_word' id='word_1_716' title='bbox 1483 5217 1697 5272; x_wconf 75' lang='grc' dir='ltr'>ἔνθεσιν</span> <span class='ocrx_word' id='word_1_717' title='bbox 1730 5217 1787 5281; x_wconf 72' lang='grc' dir='ltr'>ἐξ</span> <span class='ocrx_word' id='word_1_718' title='bbox 1822 5215 1985 5285; x_wconf 76' lang='grc' dir='ltr'>ἐμοῦ,</span> 
     </span>
    </p>
   </div>
   <div class='ocr_carea' id='block_1_98' title="bbox 397 5307 1989 5388">
    <p class='ocr_par' dir='ltr' id='par_1_98' title="bbox 397 5307 1989 5388">
     <span class='ocr_line' id='line_1_99' title="bbox 397 5307 1989 5388; baseline -0.009 -16"><span class='ocrx_word' id='word_1_719' title='bbox 397 5317 645 5388; x_wconf 85' lang='grc' dir='ltr'>π’τέρναν</span> <span class='ocrx_word' id='word_1_720' title='bbox 705 5315 1079 5386; x_wconf 73' lang='grc' dir='ltr'>ἐστρέϐλωσεν</span> <span class='ocrx_word' id='word_1_721' title='bbox 1116 5315 1195 5375; x_wconf 81' lang='grc' dir='ltr'><strong>εἰς</strong></span> <span class='ocrx_word' id='word_1_722' title='bbox 1231 5310 1431 5381; x_wconf 79' lang='grc' dir='ltr'>πτῶμα</span> <span class='ocrx_word' id='word_1_723' title='bbox 1464 5310 1618 5379; x_wconf 78' lang='grc' dir='ltr'>ἐμὸν,</span> <span class='ocrx_word' id='word_1_724' title='bbox 1663 5308 1780 5360; x_wconf 76' lang='grc' dir='ltr'>ἀλλ’</span> <span class='ocrx_word' id='word_1_725' title='bbox 1825 5307 1989 5360; x_wconf 73' lang='grc' dir='ltr'>αὑτὸν</span> 
     </span>
    </p>
   </div>
   <div class='ocr_carea' id='block_1_99' title="bbox 2086 4542 3668 4629">
    <p class='ocr_par' dir='ltr' id='par_1_99' title="bbox 2086 4542 3668 4629">
     <span class='ocr_line' id='line_1_100' title="bbox 2086 4542 3668 4629; baseline -0.013 -12"><span class='ocrx_word' id='word_1_726' title='bbox 2086 4561 2342 4618; x_wconf 88' lang='lat' dir='ltr'><strong>tetricum</strong></span> <span class='ocrx_word' id='word_1_727' title='bbox 2366 4559 2594 4629; x_wconf 88' lang='lat' dir='ltr'><strong>pingttut</strong></span> <span class='ocrx_word' id='word_1_728' title='bbox 2623 4569 2687 4609; x_wconf 86' lang='lat' dir='ltr'><strong>ac</strong></span> <span class='ocrx_word' id='word_1_729' title='bbox 2712 4552 2971 4624; x_wconf 89' lang='lat' dir='ltr'><strong>pallidum</strong></span> <span class='ocrx_word' id='word_1_730' title='bbox 2998 4568 3014 4617; x_wconf 89' lang='lat'><strong>;</strong></span> <span class='ocrx_word' id='word_1_731' title='bbox 3049 4552 3091 4604; x_wconf 88' lang='lat' dir='ltr'><strong>si</strong></span> <span class='ocrx_word' id='word_1_732' title='bbox 3118 4548 3315 4618; x_wconf 88' lang='lat' dir='ltr'><strong>quibus</strong></span> <span class='ocrx_word' id='word_1_733' title='bbox 3345 4545 3559 4599; x_wconf 81' lang='lat' dir='ltr'><strong>conﬁdo</strong></span> <span class='ocrx_word' id='word_1_734' title='bbox 3581 4542 3668 4597; x_wconf 76' lang='lat' dir='ltr'><strong>fa-</strong></span> 
     </span>
    </p>
   </div>
   <div class='ocr_carea' id='block_1_100' title="bbox 2085 4636 3663 4720">
    <p class='ocr_par' dir='ltr' id='par_1_100' title="bbox 2085 4636 3663 4720">
     <span class='ocr_line' id='line_1_101' title="bbox 2085 4636 3663 4720; baseline -0.015 -9"><span class='ocrx_word' id='word_1_735' title='bbox 2085 4655 2374 4711; x_wconf 86' lang='lat' dir='ltr'><strong>miliariter</strong></span> <span class='ocrx_word' id='word_1_736' title='bbox 2396 4667 2490 4709; x_wconf 90' lang='lat' dir='ltr'><strong>eos</strong></span> <span class='ocrx_word' id='word_1_737' title='bbox 2512 4649 2751 4720; x_wconf 79' lang='lat' dir='ltr'><strong>excipio,</strong></span> <span class='ocrx_word' id='word_1_738' title='bbox 2781 4647 3173 4710; x_wconf 82' lang='lat' dir='ltr'><strong>dexteramque</strong></span> <span class='ocrx_word' id='word_1_739' title='bbox 3200 4642 3367 4710; x_wconf 84' lang='lat' dir='ltr'><strong>jungo</strong></span> <span class='ocrx_word' id='word_1_740' title='bbox 3396 4636 3663 4700; x_wconf 79' lang='lat' dir='ltr'><strong>dexteris;</strong></span> 
     </span>
    </p>
   </div>
   <div class='ocr_carea' id='block_1_101' title="bbox 2085 4731 3665 4818">
    <p class='ocr_par' dir='ltr' id='par_1_101' title="bbox 2085 4731 3665 4818">
     <span class='ocr_line' id='line_1_102' title="bbox 2085 4731 3665 4818; baseline -0.016 -13"><span class='ocrx_word' id='word_1_741' title='bbox 2085 4750 2152 4805; x_wconf 90' lang='lat' dir='ltr'><strong>de</strong></span> <span class='ocrx_word' id='word_1_742' title='bbox 2177 4748 2375 4818; x_wconf 90' lang='lat' dir='ltr'><strong>quibus</strong></span> <span class='ocrx_word' id='word_1_743' title='bbox 2402 4754 2582 4800; x_wconf 88' lang='lat' dir='ltr'><strong>autem</strong></span> <span class='ocrx_word' id='word_1_744' title='bbox 2616 4740 2748 4795; x_wconf 87' lang='lat' dir='ltr'><strong>mihi</strong></span> <span class='ocrx_word' id='word_1_745' title='bbox 2778 4736 2972 4794; x_wconf 82' lang='lat' dir='ltr'><strong>ﬁducia</strong></span> <span class='ocrx_word' id='word_1_746' title='bbox 3003 4751 3108 4790; x_wconf 91' lang='lat' dir='ltr'><strong>non</strong></span> <span class='ocrx_word' id='word_1_747' title='bbox 3141 4739 3243 4797; x_wconf 80' lang='lat' dir='ltr'><strong>est,</strong></span> <span class='ocrx_word' id='word_1_748' title='bbox 3277 4731 3438 4785; x_wconf 85' lang='lat' dir='ltr'><strong>aliter</strong></span> <span class='ocrx_word' id='word_1_749' title='bbox 3467 4743 3665 4783; x_wconf 80' lang='lat' dir='ltr'><strong>occur-</strong></span> 
     </span>
    </p>
   </div>
   <div class='ocr_carea' id='block_1_102' title="bbox 2085 4822 3666 4907">
    <p class='ocr_par' dir='ltr' id='par_1_102' title="bbox 2085 4822 3666 4907">
     <span class='ocr_line' id='line_1_103' title="bbox 2085 4822 3666 4907; baseline -0.016 -11"><span class='ocrx_word' id='word_1_750' title='bbox 2085 4857 2204 4896; x_wconf 89' lang='lat' dir='ltr'><strong>sum</strong></span> <span class='ocrx_word' id='word_1_751' title='bbox 2239 4841 2449 4895; x_wconf 88' lang='lat' dir='ltr'><strong>bonoro</strong></span> <span class='ocrx_word' id='word_1_752' title='bbox 2473 4851 2570 4907; x_wconf 90' lang='lat' dir='ltr'><strong>per</strong></span> <span class='ocrx_word' id='word_1_753' title='bbox 2600 4832 2909 4903; x_wconf 79' lang='lat' dir='ltr'><strong>simplicem</strong></span> <span class='ocrx_word' id='word_1_754' title='bbox 2944 4827 3424 4887; x_wconf 88' lang='lat' dir='ltr'><strong>communionem;</strong></span> <span class='ocrx_word' id='word_1_755' title='bbox 3470 4822 3515 4875; x_wconf 77' lang='lat' dir='ltr'><strong>si</strong></span> <span class='ocrx_word' id='word_1_756' title='bbox 3547 4834 3666 4875; x_wconf 88' lang='lat' dir='ltr'><strong>rur-</strong></span> 
     </span>
    </p>
   </div>
   <div class='ocr_carea' id='block_1_103' title="bbox 2087 4911 3669 4998">
    <p class='ocr_par' dir='ltr' id='par_1_103' title="bbox 2087 4911 3669 4998">
     <span class='ocr_line' id='line_1_104' title="bbox 2087 4911 3669 4998; baseline -0.016 -8"><span class='ocrx_word' id='word_1_757' title='bbox 2087 4950 2207 4990; x_wconf 90' lang='lat' dir='ltr'><strong>sum</strong></span> <span class='ocrx_word' id='word_1_758' title='bbox 2251 4932 2343 4987; x_wconf 89' lang='lat' dir='ltr'><strong>ille</strong></span> <span class='ocrx_word' id='word_1_759' title='bbox 2370 4929 2529 4998; x_wconf 89' lang='lat' dir='ltr'><strong>cujus</strong></span> <span class='ocrx_word' id='word_1_760' title='bbox 2558 4920 2887 4981; x_wconf 83' lang='lat' dir='ltr'><strong>manducavi</strong></span> <span class='ocrx_word' id='word_1_761' title='bbox 2921 4933 3117 4991; x_wconf 88' lang='lat' dir='ltr'><strong>panem</strong></span> <span class='ocrx_word' id='word_1_762' title='bbox 3154 4916 3208 4971; x_wconf 83' lang='lat' dir='ltr'><strong>in</strong></span> <span class='ocrx_word' id='word_1_763' title='bbox 3245 4914 3425 4983; x_wconf 88' lang='lat' dir='ltr'><strong>inopia</strong></span> <span class='ocrx_word' id='word_1_764' title='bbox 3461 4911 3669 4967; x_wconf 79' lang='lat' dir='ltr'><strong>beneﬁ-</strong></span> 
     </span>
    </p>
   </div>
   <div class='ocr_carea' id='block_1_104' title="bbox 2090 5009 3672 5092">
    <p class='ocr_par' dir='ltr' id='par_1_104' title="bbox 2090 5009 3672 5092">
     <span class='ocr_line' id='line_1_105' title="bbox 2090 5009 3672 5092; baseline -0.017 -11"><span class='ocrx_word' id='word_1_765' title='bbox 2090 5041 2191 5081; x_wconf 91' lang='lat' dir='ltr'><strong>cus</strong></span> <span class='ocrx_word' id='word_1_766' title='bbox 2225 5021 2357 5078; x_wconf 89' lang='lat' dir='ltr'><strong>mihi</strong></span> <span class='ocrx_word' id='word_1_767' title='bbox 2384 5019 2681 5092; x_wconf 78' lang='lat' dir='ltr'><strong>iudicatur,</strong></span> <span class='ocrx_word' id='word_1_768' title='bbox 2716 5023 2770 5069; x_wconf 92' lang='lat' dir='ltr'><strong>et</strong></span> <span class='ocrx_word' id='word_1_769' title='bbox 2796 5009 3098 5067; x_wconf 82' lang='lat' dir='ltr'><strong>honoriﬁce</strong></span> <span class='ocrx_word' id='word_1_770' title='bbox 3122 5022 3220 5079; x_wconf 88' lang='lat' dir='ltr'><strong>per</strong></span> <span class='ocrx_word' id='word_1_771' title='bbox 3245 5020 3307 5061; x_wconf 87' lang='lat' dir='ltr'><strong>os</strong></span> <span class='ocrx_word' id='word_1_772' title='bbox 3338 5018 3518 5057; x_wconf 93' lang='lat' dir='ltr'><strong>meum</strong></span> <span class='ocrx_word' id='word_1_773' title='bbox 3546 5015 3672 5071; x_wconf 84' lang='lat' dir='ltr'><strong>pro-</strong></span> 
     </span>
    </p>
   </div>
   <div class='ocr_carea' id='block_1_105' title="bbox 2092 5092 3673 5176">
    <p class='ocr_par' dir='ltr' id='par_1_105' title="bbox 2092 5092 3673 5176">
     <span class='ocr_line' id='line_1_106' title="bbox 2092 5092 3673 5176; baseline -0.017 -7"><span class='ocrx_word' id='word_1_774' title='bbox 2092 5115 2286 5176; x_wconf 78' lang='lat' dir='ltr'><strong>fertur,</strong></span> <span class='ocrx_word' id='word_1_775' title='bbox 2343 5112 2506 5165; x_wconf 89' lang='lat' dir='ltr'><strong>islum</strong></span> <span class='ocrx_word' id='word_1_776' title='bbox 2539 5119 2670 5161; x_wconf 83' lang='lat' dir='ltr'><strong>vero</strong></span> <span class='ocrx_word' id='word_1_777' title='bbox 2727 5101 2843 5173; x_wconf 87' lang='lat' dir='ltr'><strong>qtti,</strong></span> <span class='ocrx_word' id='word_1_778' title='bbox 2900 5097 3085 5152; x_wconf 89' lang='lat' dir='ltr'><strong>multis</strong></span> <span class='ocrx_word' id='word_1_779' title='bbox 3133 5111 3163 5150; x_wconf 84' lang='lat' dir='ltr'><strong>a</strong></span> <span class='ocrx_word' id='word_1_780' title='bbox 3200 5109 3286 5148; x_wconf 90' lang='lat' dir='ltr'><strong>me</strong></span> <span class='ocrx_word' id='word_1_781' title='bbox 3315 5092 3550 5145; x_wconf 73' lang='lat' dir='ltr'><strong>victibus</strong></span> <span class='ocrx_word' id='word_1_782' title='bbox 3579 5103 3673 5143; x_wconf 85' lang='lat' dir='ltr'><strong>ac-</strong></span> 
     </span>
    </p>
   </div>
   <div class='ocr_carea' id='block_1_106' title="bbox 2093 5185 3673 5275">
    <p class='ocr_par' dir='ltr' id='par_1_106' title="bbox 2093 5185 3673 5275">
     <span class='ocr_line' id='line_1_107' title="bbox 2093 5185 3673 5275; baseline -0.018 -15"><span class='ocrx_word' id='word_1_783' title='bbox 2093 5201 2508 5275; x_wconf 78' lang='lat' dir='ltr'><strong>ceptis,calcem</strong></span> <span class='ocrx_word' id='word_1_784' title='bbox 2530 5197 2581 5251; x_wconf 92' lang='lat' dir='ltr'><strong>iu</strong></span> <span class='ocrx_word' id='word_1_785' title='bbox 2606 5208 2789 5250; x_wconf 81' lang='lat' dir='ltr'><strong>casum</strong></span> <span class='ocrx_word' id='word_1_786' title='bbox 2822 5206 3000 5245; x_wconf 89' lang='lat' dir='ltr'><strong>meum</strong></span> <span class='ocrx_word' id='word_1_787' title='bbox 3028 5185 3264 5249; x_wconf 83' lang='lat' dir='ltr'><strong>intorsit,</strong></span> <span class='ocrx_word' id='word_1_788' title='bbox 3314 5197 3421 5237; x_wconf 88' lang='lat' dir='ltr'><strong>non</strong></span> <span class='ocrx_word' id='word_1_789' title='bbox 3457 5193 3673 5248; x_wconf 85' lang='lat' dir='ltr'><strong>possum</strong></span> 
     </span>
    </p>
   </div>
   <div class='ocr_carea' id='block_1_107' title="bbox 2094 5272 3674 5370">
    <p class='ocr_par' dir='ltr' id='par_1_107' title="bbox 2094 5272 3674 5370">
     <span class='ocr_line' id='line_1_108' title="bbox 2094 5272 3674 5370; baseline -0.018 -19"><span class='ocrx_word' id='word_1_790' title='bbox 2094 5272 2349 5370; x_wconf 60' lang='lat' dir='ltr'><strong>praeferre</strong></span> <span class='ocrx_word' id='word_1_791' title='bbox 2380 5295 2687 5358; x_wconf 77' lang='lat' dir='ltr'><strong>ducereque</strong></span> <span class='ocrx_word' id='word_1_792' title='bbox 2720 5294 2847 5338; x_wconf 89' lang='lat' dir='ltr'><strong>ante</strong></span> <span class='ocrx_word' id='word_1_793' title='bbox 2870 5296 2992 5337; x_wconf 91' lang='lat' dir='ltr'><strong>eum</strong></span> <span class='ocrx_word' id='word_1_794' title='bbox 3025 5277 3116 5347; x_wconf 85' lang='lat' dir='ltr'><strong>qui</strong></span> <span class='ocrx_word' id='word_1_795' title='bbox 3143 5274 3405 5339; x_wconf 78' lang='lat' dir='ltr'><strong>nutrivit;</strong></span> <span class='ocrx_word' id='word_1_796' title='bbox 3451 5272 3495 5327; x_wconf 90' lang='lat' dir='ltr'><strong>si</strong></span> <span class='ocrx_word' id='word_1_797' title='bbox 3522 5285 3674 5323; x_wconf 84' lang='lat' dir='ltr'><strong>arma</strong></span> 
     </span>
    </p>
   </div>
   <div class='ocr_carea' id='block_1_108' title="bbox 2096 5363 3677 5448">
    <p class='ocr_par' dir='ltr' id='par_1_108' title="bbox 2096 5363 3677 5448">
     <span class='ocr_line' id='line_1_109' title="bbox 2096 5363 3677 5448; baseline -0.02 0"><span class='ocrx_word' id='word_1_798' title='bbox 2096 5363 2287 5448; x_wconf 73' lang='lat' dir='ltr'><strong>contra</strong></span> <span class='ocrx_word' id='word_1_799' title='bbox 2337 5401 2425 5441; x_wconf 86' lang='lat' dir='ltr'><strong>me</strong></span> <span class='ocrx_word' id='word_1_800' title='bbox 2480 5380 2676 5438; x_wconf 83' lang='lat' dir='ltr'><strong>ferenti</strong></span> <span class='ocrx_word' id='word_1_801' title='bbox 2724 5390 2921 5434; x_wconf 89' lang='lat' dir='ltr'><strong>manus</strong></span> <span class='ocrx_word' id='word_1_802' title='bbox 2967 5370 3190 5442; x_wconf 78' lang='lat' dir='ltr'><strong>paciﬁce</strong></span> <span class='ocrx_word' id='word_1_803' title='bbox 3226 5368 3424 5422; x_wconf 87' lang='lat' dir='ltr'><strong>tollens</strong></span> <span class='ocrx_word' id='word_1_804' title='bbox 3449 5363 3677 5430; x_wconf 85' lang='lat' dir='ltr'><strong>accedo,</strong></span> 
     </span>
    </p>
   </div>
   <div class='ocr_carea' id='block_1_109' title="bbox 2098 5456 3679 5550">
    <p class='ocr_par' dir='ltr' id='par_1_109' title="bbox 2098 5456 3679 5550">
     <span class='ocr_line' id='line_1_110' title="bbox 2098 5456 3679 5550; baseline -0.021 -10"><span class='ocrx_word' id='word_1_805' title='bbox 2098 5480 2444 5550; x_wconf 83' lang='lat' dir='ltr'><strong>irruentiqne</strong></span> <span class='ocrx_word' id='word_1_806' title='bbox 2470 5472 2677 5545; x_wconf 89' lang='lat' dir='ltr'><strong>aliquid</strong></span> <span class='ocrx_word' id='word_1_807' title='bbox 2709 5464 3107 5526; x_wconf 65' lang='lat' dir='ltr'><strong>benevolentia</strong></span> <span class='ocrx_word' id='word_1_808' title='bbox 3133 5460 3388 5532; x_wconf 76' lang='lat' dir='ltr'><strong>profero;</strong></span> <span class='ocrx_word' id='word_1_809' title='bbox 3440 5458 3485 5511; x_wconf 91' lang='lat' dir='ltr'><strong>si</strong></span> <span class='ocrx_word' id='word_1_810' title='bbox 3516 5456 3679 5510; x_wconf 87' lang='lat' dir='ltr'><strong>bene-</strong></span> 
     </span>
    </p>
   </div>
   <div class='ocr_carea' id='block_1_110' title="bbox 2100 5552 3685 5632">
    <p class='ocr_par' dir='ltr' id='par_1_110' title="bbox 2100 5552 3685 5632">
     <span class='ocr_line' id='line_1_111' title="bbox 2100 5552 3685 5632; baseline -0.02 0"><span class='ocrx_word' id='word_1_811' title='bbox 2100 5575 2301 5632; x_wconf 89' lang='lat' dir='ltr'><strong>dicenti</strong></span> <span class='ocrx_word' id='word_1_812' title='bbox 2346 5582 2595 5625; x_wconf 89' lang='lat' dir='ltr'><strong>serenum</strong></span> <span class='ocrx_word' id='word_1_813' title='bbox 2629 5561 2861 5619; x_wconf 89' lang='lat' dir='ltr'><strong>ostendo</strong></span> <span class='ocrx_word' id='word_1_814' title='bbox 2901 5558 3134 5620; x_wconf 88' lang='lat' dir='ltr'><strong>vultum,</strong></span> <span class='ocrx_word' id='word_1_815' title='bbox 3194 5552 3515 5607; x_wconf 87' lang='lat' dir='ltr'><strong>irridentem</strong></span> <span class='ocrx_word' id='word_1_816' title='bbox 3548 5561 3685 5601; x_wconf 83' lang='lat' dir='ltr'><strong>vero</strong></span> 
     </span>
    </p>
   </div>
   <div class='ocr_carea' id='block_1_111' title="bbox 2105 5639 3687 5739">
    <p class='ocr_par' dir='ltr' id='par_1_111' title="bbox 2105 5639 3687 5739">
     <span class='ocr_line' id='line_1_112' title="bbox 2105 5639 3687 5739; baseline -0.021 -15"><span class='ocrx_word' id='word_1_817' title='bbox 2105 5681 2361 5739; x_wconf 87' lang='lat' dir='ltr'><strong>tanquam</strong></span> <span class='ocrx_word' id='word_1_818' title='bbox 2398 5675 2615 5735; x_wconf 79' lang='lat' dir='ltr'><strong>gravent</strong></span> <span class='ocrx_word' id='word_1_819' title='bbox 2647 5656 2966 5725; x_wconf 85' lang='lat' dir='ltr'><strong>magistrum</strong></span> <span class='ocrx_word' id='word_1_820' title='bbox 2999 5651 3299 5711; x_wconf 72' lang='lat' dir='ltr'><strong>horresco;</strong></span> <span class='ocrx_word' id='word_1_821' title='bbox 3364 5643 3411 5698; x_wconf 81' lang='lat' dir='ltr'><strong>si</strong></span> <span class='ocrx_word' id='word_1_822' title='bbox 3442 5639 3687 5711; x_wconf 81' lang='lat' dir='ltr'><strong>graviter</strong></span> 
     </span>
    </p>
   </div>
   <div class='ocr_carea' id='block_1_112' title="bbox 2104 5729 3684 5819">
    <p class='ocr_par' dir='ltr' id='par_1_112' title="bbox 2104 5729 3684 5819">
     <span class='ocr_line' id='line_1_113' title="bbox 2104 5729 3684 5819; baseline -0.024 0"><span class='ocrx_word' id='word_1_823' title='bbox 2104 5729 2555 5819; x_wconf 66' lang='lat' dir='ltr'><strong>converSantibus</strong></span> <span class='ocrx_word' id='word_1_824' title='bbox 2604 5747 2901 5804; x_wconf 70' lang='lat' dir='ltr'><strong>assitnilor.</strong></span> <span class='ocrx_word' id='word_1_825' title='bbox 2964 5758 3030 5798; x_wconf 89' lang='lat' dir='ltr'><strong>ne</strong></span> <span class='ocrx_word' id='word_1_826' title='bbox 3073 5746 3289 5809; x_wconf 79' lang='lat' dir='ltr'><strong>jocosns</strong></span> <span class='ocrx_word' id='word_1_827' title='bbox 3329 5737 3517 5788; x_wconf 85' lang='lat' dir='ltr'><strong>videar</strong></span> <span class='ocrx_word' id='word_1_828' title='bbox 3566 5729 3684 5783; x_wconf 79' lang='lat' dir='ltr'><strong>istis</strong></span> 
     </span>
    </p>
   </div>
   <div class='ocr_carea' id='block_1_113' title="bbox 2108 5833 3683 5914">
    <p class='ocr_par' dir='ltr' id='par_1_113' title="bbox 2108 5833 3683 5914">
     <span class='ocr_line' id='line_1_114' title="bbox 2108 5833 3683 5914; baseline -0.026 0"><span class='ocrx_word' id='word_1_829' title='bbox 2108 5858 2188 5914; x_wconf 83' lang='lat' dir='ltr'><strong>sic</strong></span> <span class='ocrx_word' id='word_1_830' title='bbox 2220 5848 2643 5910; x_wconf 62' lang='lat' dir='ltr'><strong>vent-rabilibus,</strong></span> <span class='ocrx_word' id='word_1_831' title='bbox 2671 5842 2754 5899; x_wconf 84' lang='lat' dir='ltr'><strong>bis</strong></span> <span class='ocrx_word' id='word_1_832' title='bbox 2776 5851 2955 5896; x_wconf 86' lang='lat' dir='ltr'><strong>autem</strong></span> <span class='ocrx_word' id='word_1_833' title='bbox 2985 5836 3076 5903; x_wconf 83' lang='lat' dir='ltr'><strong>qui</strong></span> <span class='ocrx_word' id='word_1_834' title='bbox 3107 5833 3290 5890; x_wconf 86' lang='lat' dir='ltr'><strong>rident</strong></span> <span class='ocrx_word' id='word_1_835' title='bbox 3321 5845 3425 5884; x_wconf 88' lang='lat' dir='ltr'><strong>nou</strong></span> <span class='ocrx_word' id='word_1_836' title='bbox 3460 5834 3683 5893; x_wconf 62' lang='lat' dir='ltr'><strong>possunt</strong></span> 
     </span>
    </p>
   </div>
   <div class='ocr_carea' id='block_1_114' title="bbox 394 5399 1994 5480">
    <p class='ocr_par' dir='ltr' id='par_1_114' title="bbox 394 5399 1994 5480">
     <span class='ocr_line' id='line_1_115' title="bbox 394 5399 1994 5480; baseline -0.008 -16"><span class='ocrx_word' id='word_1_837' title='bbox 394 5411 504 5465; x_wconf 82' lang='grc' dir='ltr'><strong>οὐκ</strong></span> <span class='ocrx_word' id='word_1_838' title='bbox 531 5410 639 5480; x_wconf 79' lang='grc' dir='ltr'><strong>ἔχω</strong></span> <span class='ocrx_word' id='word_1_839' title='bbox 665 5407 1004 5479; x_wconf 79' lang='grc' dir='ltr'>προτιθέναι,</span> <span class='ocrx_word' id='word_1_840' title='bbox 1049 5405 1146 5458; x_wconf 68' lang='grc' dir='ltr'><strong>καὶ</strong></span> <span class='ocrx_word' id='word_1_841' title='bbox 1171 5401 1505 5473; x_wconf 75' lang='grc' dir='ltr'>ἐπίπροσθεν</span> <span class='ocrx_word' id='word_1_842' title='bbox 1527 5401 1685 5469; x_wconf 85' lang='grc' dir='ltr'>ἄγειν</span> <span class='ocrx_word' id='word_1_843' title='bbox 1717 5401 1811 5454; x_wconf 84' lang='grc' dir='ltr'>τοῦ</span> <span class='ocrx_word' id='word_1_844' title='bbox 1870 5399 1994 5469; x_wconf 82' lang='grc' dir='ltr'>θρέ-</span> 
     </span>
    </p>
   </div>
   <div class='ocr_carea' id='block_1_115' title="bbox 386 5494 1996 5578">
    <p class='ocr_par' dir='ltr' id='par_1_115' title="bbox 386 5494 1996 5578">
     <span class='ocr_line' id='line_1_116' title="bbox 386 5494 1996 5578; baseline -0.01 -17"><span class='ocrx_word' id='word_1_845' title='bbox 386 5507 627 5578; x_wconf 55' lang='grc' dir='ltr'>ψαντος</span> <span class='ocrx_word' id='word_1_846' title='bbox 654 5505 704 5559; x_wconf 86' lang='grc' dir='ltr'><strong>εί</strong></span> <span class='ocrx_word' id='word_1_847' title='bbox 731 5506 788 5559; x_wconf 77' lang='grc' dir='ltr'>δὲ</span> <span class='ocrx_word' id='word_1_848' title='bbox 819 5503 900 5574; x_wconf 84' lang='grc' dir='ltr'>τῷ</span> <span class='ocrx_word' id='word_1_849' title='bbox 928 5503 1025 5573; x_wconf 83' lang='grc' dir='ltr'><strong>μὲν</strong></span> <span class='ocrx_word' id='word_1_850' title='bbox 1042 5501 1165 5556; x_wconf 86' lang='grc' dir='ltr'>κατ’</span> <span class='ocrx_word' id='word_1_851' title='bbox 1196 5500 1332 5572; x_wconf 81' lang='grc' dir='ltr'><strong>ἐμοῦ</strong></span> <span class='ocrx_word' id='word_1_852' title='bbox 1356 5496 1744 5553; x_wconf 82' lang='grc' dir='ltr'>ὁπλιτεύσαντι</span> <span class='ocrx_word' id='word_1_853' title='bbox 1770 5494 1996 5548; x_wconf 80' lang='grc' dir='ltr'>συστέλ-</span> 
     </span>
    </p>
   </div>
   <div class='ocr_carea' id='block_1_116' title="bbox 397 5587 1997 5669">
    <p class='ocr_par' dir='ltr' id='par_1_116' title="bbox 397 5587 1997 5669">
     <span class='ocr_line' id='line_1_117' title="bbox 397 5587 1997 5669; baseline -0.008 -17"><span class='ocrx_word' id='word_1_854' title='bbox 397 5602 515 5653; x_wconf 75' lang='grc' dir='ltr'><strong>λων</strong></span> <span class='ocrx_word' id='word_1_855' title='bbox 545 5599 645 5661; x_wconf 81' lang='grc' dir='ltr'><strong>τὰς</strong></span> <span class='ocrx_word' id='word_1_856' title='bbox 673 5599 861 5669; x_wconf 82' lang='grc' dir='ltr'>χεῖρας</span> <span class='ocrx_word' id='word_1_857' title='bbox 883 5594 1175 5666; x_wconf 78' lang='grc' dir='ltr'>εἰρηναίως</span> <span class='ocrx_word' id='word_1_858' title='bbox 1215 5591 1623 5663; x_wconf 81' lang='grc' dir='ltr'>προσφέρομαι,</span> <span class='ocrx_word' id='word_1_859' title='bbox 1657 5587 1734 5657; x_wconf 80' lang='grc' dir='ltr'>τῷ</span> <span class='ocrx_word' id='word_1_860' title='bbox 1784 5587 1842 5640; x_wconf 82' lang='grc' dir='ltr'>δὲ</span> <span class='ocrx_word' id='word_1_861' title='bbox 1875 5588 1997 5640; x_wconf 81' lang='grc' dir='ltr'>ἐπι·-</span> 
     </span>
    </p>
   </div>
   <div class='ocr_carea' id='block_1_117' title="bbox 394 5680 1998 5766">
    <p class='ocr_par' dir='ltr' id='par_1_117' title="bbox 394 5680 1998 5766">
     <span class='ocr_line' id='line_1_118' title="bbox 394 5680 1998 5766; baseline -0.008 -22"><span class='ocrx_word' id='word_1_862' title='bbox 394 5686 521 5766; x_wconf 64' lang='grc' dir='ltr'><strong>ίῦο]</strong></span> <span class='ocrx_word' id='word_1_863' title='bbox 547 5691 773 5763; x_wconf 79' lang='grc' dir='ltr'>ρήσαντι</span> <span class='ocrx_word' id='word_1_864' title='bbox 803 5690 894 5741; x_wconf 84' lang='grc' dir='ltr'><strong>καί</strong></span> <span class='ocrx_word' id='word_1_865' title='bbox 924 5706 979 5740; x_wconf 86' lang='grc' dir='ltr'><strong>τι</strong></span> <span class='ocrx_word' id='word_1_866' title='bbox 1033 5683 1441 5756; x_wconf 72' lang='grc' dir='ltr'>φιλοφροσύνης</span> <span class='ocrx_word' id='word_1_867' title='bbox 1479 5680 1892 5751; x_wconf 68' lang='grc' dir='ltr'>προϐάλλομαισ</span> <span class='ocrx_word' id='word_1_868' title='bbox 1948 5680 1998 5731; x_wconf 83' lang='grc' dir='ltr'>εξ</span> 
     </span>
    </p>
   </div>
   <div class='ocr_carea' id='block_1_118' title="bbox 394 5771 1998 5853">
    <p class='ocr_par' dir='ltr' id='par_1_118' title="bbox 394 5771 1998 5853">
     <span class='ocr_line' id='line_1_119' title="bbox 394 5771 1998 5853; baseline -0.009 -16"><span class='ocrx_word' id='word_1_869' title='bbox 394 5783 469 5837; x_wconf 71' lang='grc' dir='ltr'>δὲ</span> <span class='ocrx_word' id='word_1_870' title='bbox 504 5781 581 5853; x_wconf 69' lang='grc' dir='ltr'>τῷ</span> <span class='ocrx_word' id='word_1_871' title='bbox 603 5782 702 5845; x_wconf 74' lang='grc' dir='ltr'><strong>μὲν</strong></span> <span class='ocrx_word' id='word_1_872' title='bbox 724 5780 1036 5848; x_wconf 72' lang='grc' dir='ltr'>εὐλογοῦντι</span> <span class='ocrx_word' id='word_1_873' title='bbox 1065 5778 1300 5848; x_wconf 80' lang='grc' dir='ltr'>γαληνιᾷ</span> <span class='ocrx_word' id='word_1_874' title='bbox 1326 5792 1418 5846; x_wconf 87' lang='grc' dir='ltr'><strong>μοι</strong></span> <span class='ocrx_word' id='word_1_875' title='bbox 1449 5774 1510 5826; x_wconf 71' lang='grc' dir='ltr'>τὸ</span> <span class='ocrx_word' id='word_1_876' title='bbox 1542 5772 1785 5843; x_wconf 79' lang='grc' dir='ltr'>βλέμμα,</span> <span class='ocrx_word' id='word_1_877' title='bbox 1822 5771 1916 5823; x_wconf 65' lang='grc' dir='ltr'>τὸν</span> <span class='ocrx_word' id='word_1_878' title='bbox 1942 5771 1998 5823; x_wconf 76' lang='grc' dir='ltr'>δὲ</span> 
     </span>
    </p>
   </div>
   <div class='ocr_carea' id='block_1_119' title="bbox 406 5865 1995 5935">
    <p class='ocr_par' dir='ltr' id='par_1_119' title="bbox 406 5865 1995 5935">
     <span class='ocr_line' id='line_1_120' title="bbox 406 5865 1995 5935; baseline -0.006 -8"><span class='ocrx_word' id='word_1_879' title='bbox 406 5872 740 5929; x_wconf 83' lang='grc' dir='ltr'>σκώπτοντα</span> <span class='ocrx_word' id='word_1_880' title='bbox 768 5875 867 5927; x_wconf 71' lang='grc' dir='ltr'>ὅσα</span> <span class='ocrx_word' id='word_1_881' title='bbox 896 5873 987 5927; x_wconf 66' lang='grc' dir='ltr'>καὶ</span> <span class='ocrx_word' id='word_1_882' title='bbox 1045 5871 1216 5935; x_wconf 73' lang='grc' dir='ltr'>βαρὺν</span> <span class='ocrx_word' id='word_1_883' title='bbox 1276 5867 1599 5923; x_wconf 78' lang='grc' dir='ltr'>διδάσκαλον</span> <span class='ocrx_word' id='word_1_884' title='bbox 1654 5865 1995 5924; x_wconf 62' lang='grc' dir='ltr'>ὑποοοίττω</span> 
     </span>
    </p>
   </div>
  </div>
