4090 6412
513 396 621 464 483

1226 406 1641 468 ΕΗΞΤΑΤΠΙΙ
1682 407 1969 471 THESSA
1986 406 2435 468 LONICEXSIS
2469 407 3030 470 METROPOLlT/F.

3656 407 3768 471 48$

575 518 663 571 91.
699 519 964 586 Telephus
994 534 1023 571 e
1061 519 1224 590 Mysia
1257 526 1573 578 vulneratus
1624 533 1707 577 est.
1741 541 1753 578 :
1807 524 2068 588 Achilles,

2245 530 2352 592 μα’.
2391 527 2636 597 Τήλεφος
2673 527 2699 578 6
2732 525 2794 576 ὲκ
2830 521 3047 584 Μυσίας
3097 519 3336 590 ὲπλὴγηυ
3385 520 3675 592 Ἀχιλλεὺς
3741 523 3773 574 6

506 609 597 676 qui
631 611 1032 673 vulneraverat,
1055 613 1287 669 sanavit.
1319 614 1564 668 Meminit
1589 615 1764 686 Mysus
1807 617 1955 672 mali.
1982 614 2080 668 llic

505 702 784 756 memoria:
841 705 1122 758 concurrit
1172 706 1479 761 sanationis
1524 709 1843 776 cogitatum,
1903 718 1955 762 et
2012 707 2079 762 ad

505 804 686 860 grates
713 793 939 849 inducit.
973 794 1080 849 Nec
1108 797 1549 853 inlel‘mlSsiOIlt‘S
1577 800 1925 854 inimicorum
1953 810 2083 854 sunt

506 887 630 938 mali
699 903 984 943 memores.
1041 888 1247 944 Etenim
1280 892 1334 944 in
1385 893 1492 946 illis
1519 892 1681 947 hodie
1721 891 1988 956 amicitia,
2028 899 2082 945 el

505 977 665 1046 paulo
701 991 820 1043 post
859 995 1048 1047 pugnae
1104 981 1330 1035 malitia.
1380 981 1443 1036 Et
1474 998 1624 1044 ecce,
1659 981 2081 1037 intermissionis

503 1065 742 1118 amicitia
782 1069 1096 1121 memoriam
1128 1071 1344 1138 quidem
1380 1071 1614 1126 habebit
1641 1072 1785 1133 mali,
1815 1089 1919 1126 non
1949 1086 2080 1124 Sane

505 1157 634 1209 ntali
667 1159 1013 1224 meminerat,
1076 1175 1174 1215 nec
1201 1171 1437 1216 veterem
1465 1164 1598 1216 iram
1631 1163 1828 1217 habere
1858 1163 2080 1216 videba-

505 1255 635 1306 tur:
668 1259 902 1304 attamen
950 1253 1154 1307 interea
1199 1255 1518 1308 memoriam
1550 1256 1747 1309 habent
1792 1267 1843 1308 et
1883 1270 2080 1324 specu-

505 1337 724 1402 latores,
747 1350 823 1406 et,
845 1356 1034 1397 omnes
1059 1343 1380 1400 insidiarum
1439 1347 1536 1401 viae
1577 1347 1858 1409 custodes,
1907 1346 1958 1400 in
1989 1361 2084 1414 spe

504 1431 658 1486 mali.

576 1543 665 1598 92.
699 1544 1034 1616 Proindeque
1063 1565 1184 1620 ego,
1225 1551 1269 1605 si
1309 1566 1393 1606 me
1428 1552 1672 1606 noverim
1710 1551 2082 1620 implacabiles

509 1633 758 1691 inimicos
803 1639 1023 1704 habere,
1065 1643 1295 1696 solerter
1350 1659 1441 1698 eos
1485 1651 1544 1697 ut
1592 1644 1762 1698 malos
1807 1645 2082 1705 devitabn,

509 1724 564 1780 in
607 1729 864 1782 memoria
897 1745 1111 1800 semper
1135 1748 1346 1787 recens.
1384 1733 1626 1801 Nonjam
1663 1735 1786 1788 inde
1814 1735 1938 1787 mali
1973 1749 2084 1788 me-

511 1819 667 1885 ntini,
703 1822 797 1875 sed
830 1821 1030 1892 ubique
1071 1825 1386 1880 memoriam
1427 1825 1551 1879 mali
1592 1826 1846 1880 tutoriam
1887 1826 2080 1885 habeo.

2191 614 2288 666 καὶ
2322 615 2542 685 τρώσας
2582 613 2792 666 ἰάσατο.
2848 612 3139 680 Μέμνηται
3168 609 3196 660 6
3227 610 3413 674 Μυσδς
3440 611 3534 664 τοῦ
3569 612 3773 668 κακοῦ.

2196 705 2468 760 Ἐνταῦθα
2521 707 2715 776 μνήμῃ
2754 705 3104 772 συνεκτρέχει
3145 702 3206 756 τὺ
3241 704 3338 772 τῆς
3371 703 3557 770 ὑγείας
3605 704 3777 757 ὲνθύο

2187 819 2328 870 μιον,
2367 803 2460 853 καὶ
2516 799 2827 866 συνεισάγει
2852 797 2912 851 τὸ
2947 796 3296 867 εὐχάριστον.
3335 795 3471 848 Ούδὲ
3523 797 3580 849 αἱ
3634 797 3777 848 ἁνα-

2183 891 2360 962 κωχαὶ
2411 890 2520 943 τῶν
2576 888 2852 958 πολέμων]
2892 888 3272 958 μνησικακίαι.
3350 887 3460 939 Kal.
3527 885 3634 955 μὴν
3710 889 3776 939 ὲν

2183 983 2373 1041 αὑταῖς
2397 981 2548 1048 φιλία
2582 981 2847 1049 σήμερον,
2871 978 2966 1032 καὶ
2990 975 3108 1048 μετ’
3135 975 3319 1044 ὀλίγον
3354 977 3537 1047 μάχης
3571 975 3771 1029 κακία.

2185 1073 2296 1124 Καὶ
2330 1072 2441 1141 ίδοὴ
2474 1073 2507 1141 ὴ
2540 1069 2681 1122 κατά
2729 1067 3020 1138 ἀνακωχὴν
3071 1068 3227 1137 φιλία
3265 1069 3487 1137 μνήμην
3529 1067 3628 1137 μὲν
3667 1086 3776 1120 κα·-

2185 1163 2281 1216 κοῦ
2317 1161 2486 1232 εἶχεν,
2527 1164 2586 1216 ού
2652 1161 2762 1232 μὴν
2818 1163 2914 1216 καὶ
2972 1161 3387 1231 ὲμνησικάκει,”
3423 1159 3543 1212 οὐδὲ
3607 1158 3781 1212 κότον

2184 1256 2330 1323 ἔχειν
2381 1254 2596 1307 ἐδόκει·
2635 1254 2752 1306 ἀλλ’
2810 1254 2869 1307 ἐν
2921 1253 2999 1318 τῷ
3050 1251 3276 1322 μνήμην
3331 1251 3516 1322 ἔχουσι
3565 1253 3662 1303 καὶ
3713 1250 3779 1301 αι

2185 1347 2623 1409 ἀποσκοπεύσεις
2663 1345 2758 1398 καὶ
2805 1346 2956 1400 πᾶσα
2984 1344 3201 1416 φρουρά
3238 1344 3510 1415 προδοκῆς
3540 1342 3681 1408 ὀδοῦ,
3715 1344 3780 1396 αἱ

2187 1433 2310 1487 κατ’
2341 1433 2531 1486 ἐλπίδα
2567 1431 2769 1488 κακοῦ.

2255 1547 2362 1619 ιβ’.
2394 1548 2604 1603 Ούκοῦν
2636 1550 2729 1602 καὶ
2770 1547 2904 1616 ἐγὼ,
2937 1549 2989 1602 εί
3013 1565 3117 1602 που
3147 1547 3341 1618 γνοίην
3392 1545 3540 1616 ἔχειν
3566 1547 3778 1600 ἀσπὸν-

2184 1642 2308 1705 δούς
2340 1641 2588 1712 ἐχθροὺς,
2626 1640 2940 1710 φυλάξομαι
2969 1641 3094 1694 κατ’
3127 1641 3414 1710 ἀγχίνοιαν
3452 1625 3653 1702 αὐτούς
3691 1640 3775 1701 ὡς

2186 1735 2415 1798 κακοὺς,
2447 1735 2543 1788 καὶ
2573 1735 2782 1799 νεάζων
2819 1735 2906 1787 ἀεὶ
2951 1736 3016 1804 τῇ
3065 1735 3279 1808 μνήμῃ.
3327 1733 3442 1785 Ούκ
3471 1732 3572 1802 ήδη
3636 1747 3783 1800 μνη-

2189 1828 2443 1890 σικακῶ,
2501 1827 2618 1880 ἀλλ’
2678 1826 2785 1895 ἔχω
2851 1829 3088 1879 πάντοτε
3141 1827 3367 1894 μνήμην
3426 1821 3777 1891 φυλακτικὴν

510 1909 768 1978 quoniam
817 1913 904 1966 isti
961 1914 1158 1983 ubique
1207 1927 1335 1970 sunt
1366 1915 1516 1979 tnali,
1572 1932 1678 1968 non
1708 1925 1768 1969 ut
1814 1932 2083 1970 memores

2198 1919 2383 1981 κακοῦ,
2411 1919 2492 1971 ὅτι
2523 1918 2767 1971 κάκεῖνοι
2801 1916 3033 1969 πάντοτε
3067 1913 3254 1979 κακοὶ,
3299 1912 3399 1982 οὐχ
3439 1911 3514 1973 ὡς
3553 1927 3778 1980 μεμνηο

510 2004 660 2067 mali,
687 2005 778 2058 sed
828 2015 884 2058 ut
917 2021 1038 2061 vere
1067 2007 1169 2062 hoc
1216 2008 1409 2077 ipsum}
1435 2009 1562 2063 mali
1617 2025 1878 2062 memores
1903 2025 1916 2072 ;
1945 2009 2087 2076 quod

511 2095 555 2146 si
612 2109 716 2149 non
778 2096 849 2150 ita
917 2099 1101 2164 foret,
1151 2099 1275 2170 quis
1335 2109 1638 2154 assumeret
1700 2101 1801 2156 sibi
1848 2101 2086 2168 s'eipsnm

512 2199 834 2241 consumere
887 2189 940 2243 in
976 2191 1232 2244 continua
1267 2193 1644 2249 recordatione
1673 2194 1981 2261 pravitatis.
2034 2202 2090 2246 et

511 2278 789 2330 exhauriri
853 2278 1340 2346 sollicitudinibus,
1421 2292 1475 2337 et
1528 2282 1774 2337 fremitui
1839 2283 2085 2338 dentium

513 2367 730 2436 subjici,
769 2371 1157 2438 etcxcogitare
1183 2381 1445 2438 tartarea,
1495 2383 1550 2428 et
1598 2375 1761 2428 vitam
1792 2374 2084 2428 humanam

515 2461 760 2525 ntentiri,
785 2471 839 2516 et
868 2463 1059 2528 dilabi,
1096 2477 1150 2520 et
1186 2467 1397 2520 absumi
1431 2481 1683 2521 curarum
1717 2466 1972 2522 incendio
2006 2477 2088 2521 ta-

516 2553 932 2625 befactioneque
959 2559 1444 2625 machinationum,
1473 2560 1670 2629 quibus
1701 2560 1901 2631 aliquis
1932 2563 2086 2616 ferox

518 2646 634 2700 lierl
664 2657 715 2702 et
748 2647 800 2702 in
825 2647 1106 2705 Timonem
1135 2650 1512 2708 transformari
1551 2652 1771 2722 posset?

591 2848 680 2908 95.
717 2853 964 2908 Attamen
998 2869 1120 2922 ego,
1153 2855 1198 2910 si
1254 2854 1527 2926 quoddam
1562 2857 1704 2926 apud
1736 2871 1823 2912 me
1847 2856 2088 2927 judicem

520 2958 914 3014 prOponeretnr
943 2962 1116 3016 genus
1147 2947 1334 3002 hilaris
1376 2948 1524 3013 vitae,
1579 2949 1836 3017 aliudque
1877 2965 2090 3002 rursum

522 3035 574 3088 in
609 3036 1022 3105 cogitationibus
1067 3038 1353 3106 superﬂuis
1406 3049 1462 3092 et
1521 3039 1869 3106 meroribus,
1897 3041 2095 3095 conde-

524 3127 856 3181 Innationcm
882 3131 1292 3196 pronuntiarem
1316 3132 1577 3185 adversus
1594 3133 1944 3188 acerbitatem
1965 3148 2095 3188 con-

522 3219 694 3274 victus
731 3222 1071 3292 tristitiaeque
1135 3226 1508 3279 morositatem
1549 3235 1600 3279 et
1638 3225 2089 3280 contractionem.
2123 3258 2167 3318 ο

522 3311 600 3388 Ex
629 3314 839 3381 duobus
863 3315 1006 3369 enim
1029 3315 1158 3381 illis,
1189 3314 1467 3372 Heraclito
1493 3317 1930 3388 Democritoqne,
1954 3332 2094 3388 quo-

521 3420 643 3476 rum
685 3422 825 3461 unus
873 3407 1332 3478 lacrymabundus
1367 3420 1487 3466 erat
1515 3425 1681 3479 super
1708 3409 1962 3466 humanis
1999 3411 2097 3472 Illi-:-

522 3497 681 3561 seriis
713 3499 778 3551 ad
825 3499 996 3566 ipsius
1025 3500 1413 3569 experientiam
1461 3501 1702 3572 undique
1733 3501 2098 3566 venientibus,

526 3589 664 3643 alter
696 3598 877 3644 autem
910 3593 1018 3646 risu
1058 3593 1415 3661 rumpebatur
1443 3594 1511 3649 de
1536 3595 1697 3649 rebus
1731 3593 2009 3659 humanis,
2044 3594 2096 3648 itt

527 3680 817 3736 Democriti
853 3693 1062 3752 partem
1099 3686 1267 3754 magis
1294 3700 1496 3750 essem,
1521 3687 1646 3754 quia
1671 3686 1971 3741 secundum
2003 3686 2100 3742 hu-

529 3787 741 3826 tnanam
799 3785 1046 3828 naturam
1097 3785 1202 3838 est,
1261 3791 1366 3846 qua
1420 3777 1698 3844 proprium
1749 3777 1984 3839 hominis
2019 3787 2103 3830 est

527 3865 696 3930 risus.
745 3866 925 3922 Fletus
974 3869 1118 3922 enim
1175 3884 1278 3922 non
1321 3869 1373 3922 in
1415 3871 1662 3938 strictam
1713 3870 2098 3940 proprietatem

531 3959 694 4022 .cadit,
737 3961 830 4014 sed
865 3976 950 4015 res
999 3971 1206 4015 naturae
1257 3962 1548 4027 adulterat,
1603 3963 1834 4033 ideoque
1861 3978 1967 4017 non
2001 3963 2101 4032 ipsi

531 4054 854 4119 naturaliter
911 4063 1146 4118 amatur,
1196 4057 1291 4110 sed
1342 4055 1394 4114 in
1435 4056 1686 4126 passione
1710 4066 1765 4111 et
1791 4056 1956 4110 invite
1985 4056 2099 4110 ﬁeri

531 4144 749 4200 assolet.

600 4346 689 4402 9i.
722 4345 838 4402 Non
866 4357 948 4404 est
981 4350 1106 4407 tnali
1147 4347 1480 4413 meminisse,
1517 4363 1551 4402 ο
1579 4347 1847 4411 homines,
1881 4349 2105 4404 omnino

533 4441 811 4494 recordari
845 4440 995 4508 mali,
1027 4441 1318 4510 dicereque
1371 4459 1384 4495 :
1431 4441 1524 4496 ille
1548 4440 1767 4510 quidam
1804 4457 1888 4497 tne
1931 4457 2106 4498 vexa-

533 4533 630 4598 vit,
653 4541 704 4586 et
732 4541 910 4606 tamen
943 4535 1267 4588 misereatur
1299 4533 1440 4588 Deus
1470 4543 1526 4588 et
1575 4533 1720 4588 illius
1757 4533 2103 4605 corrigentis,

532 4635 586 4691 et
621 4624 723 4688 mei
755 4627 993 4680 correcti
1054 4643 1070 4690 ;

534 4731 620 4784 me
653 4717 848 4783 habeo,
889 4719 979 4772 sed
1008 4733 1233 4788 prorsus
1263 4718 1353 4773 ille
1389 4719 1516 4773 mali
1551 4719 1822 4785 meminit,
1868 4721 1960 4790 qui
1991 4736 2108 4775 me-

536 4809 720 4862 moriae
779 4809 1130 4878 conjunctum
1188 4810 1350 4866 habet
1412 4811 1732 4866 insidiosum
1791 4812 2104 4868 consilium.

536 4899 674 4965 Quid
725 4901 920 4971 cogitis
979 4901 1276 4970 simplicem
1331 4912 1384 4958 et
1440 4904 1638 4959 bonum
1674 4904 1841 4960 Jacob
1874 4906 1929 4959 in
1981 4905 2109 4960 mali

539 4995 872 5048 tnemoribus
905 4993 1222 5060 inscribere,
1247 5011 1369 5052 cum
1397 4997 1620 5053 fratrem
1649 4998 1794 5052 Esaii
1816 4999 2112 5056 recordans

541 5083 876 5151 suspicatur,
925 5094 979 5138 et
1007 5084 1305 5152 periculum
1334 5101 1398 5140 ex
1444 5087 1536 5141 illo
1589 5087 1902 5156 suspiciens
1931 5088 2110 5152 timet,

542 5183 597 5225 et
625 5174 971 5244 subterfugit,
1019 5186 1074 5230 et
1124 5177 1309 5246 nequit
1359 5178 1607 5234 oblivisci
1640 5181 1818 5249 qualis
1843 5179 1900 5234 in
1934 5181 2110 5250 ipsum

543 5265 711 5319 frater
741 5268 832 5333 sit,
863 5269 1154 5326 iracundus
1184 5271 1394 5326 scilicet
1419 5273 1790 5344 malitiamque
1814 5274 2112 5344 depositam

545 5355 598 5406 in
650 5356 814 5410 corde
861 5359 1129 5412 servans?
1187 5346 1342 5425 Quod
1398 5361 1441 5416 si
1487 5361 1926 5428 oblivisceretur,
1983 5379 2114 5431 non,

545 5449 998 5516 quemadmodum
1034 5468 1136 5508 neu
1168 5454 1280 5508 vult
1304 5469 1498 5510 casum
1531 5467 1906 5527 prteverteret.

617 5625 706 5681 95.
731 5626 823 5680 Est
845 5626 1007 5682 etiam
1037 5644 1142 5684 non
1165 5631 1373 5687 delectu
1399 5633 1492 5688 sed
1521 5646 1652 5686 casu
1677 5633 1939 5689 memoria
1969 5634 2124 5688 mali-

555 5718 668 5783 tias,
695 5718 856 5774 veluti
891 5719 935 5776 si
958 5721 1156 5777 milvus
1185 5721 1442 5778 advolans
1475 5723 1528 5778 in
1565 5725 1880 5778 memoriam
1906 5733 2124 5780 revocat

532 5823 608 5894 .se
625 5809 955 5870 aviculorum
973 5827 1093 5872 esse
1117 5828 1390 5886 rapacem,
1404 5815 1548 5873 etsic
1565 5815 1815 5873 admonet
1833 5820 2121 5886 quemdam

2195 2012 2346 2081 μένοι
2394 2010 2588 2077 κακοῦ,
2638 2009 2753 2064 ἀλλ’
2793 2009 2868 2072 ὡς
2919 2006 3135 2079 ἀληθῶς
3185 2005 3316 2058 αὐτὸ
3355 2003 3516 2058 τοῦτο
3575 2003 3780 2070 μνησί-

2191 2120 2390 2158 κακοι·
2430 2103 2526 2166 ὡς,
2579 2103 2694 2170 είγε
2748 2103 2821 2172 μὴ
2870 2098 3064 2162 τοῦτο,
3105 2099 3190 2161 τίς
3244 2097 3312 2151 ἂν
3350 2097 3529 2151 ἕλοιτο
3580 2095 3782 2148 ἑαυτὸν

2191 2194 2470 2250 ἀπεσθίειν
2511 2195 2568 2246 ὲν
2619 2193 2696 2263 τῷ
2755 2190 3069 2262 μεμνῆσθαι
3116 2189 3293 2258 κάκης
3323 2190 3380 2250 ἐς
3405 2189 3466 2240 τὸ
3498 2185 3778 2258 διηνεκὲς,

2188 2290 2286 2342 καὶ
2330 2286 2594 2354 τήκεσθαι
2634 2283 2950 2353 μερίμναις,
2985 2281 3082 2334 καὶ
3129 2283 3210 2343 είς
3247 2278 3498 2351 βρυγμδν
3542 2277 3782 2330 ὀδόντων

2190 2379 2500 2444 τάττεσθαι,
2564 2379 2658 2432 καὶ
2710 2375 3132 2447 βυσσοδομεύειν
3195 2370 3614 2440 ὑποταρτάρια,
3674 2371 3782 2422 καὶ

2190 2471 2483 2542 ψεύδεσθαι
2515 2471 2574 2524 τὸ
2605 2470 2705 2539 ζῇν
2735 2464 3100 2538 ἀνθρωπικῶς
3122 2505 3137 2527 ,
3187 2463 3285 2516 καὶ
3329 2461 3643 2533 ὑπορρέειν,
3679 2461 3782 2512 καὶ

2191 2561 2592 2632 ἀμαλδύνεσθαι
2619 2557 2874 2629 τυφεδόνι
2903 2555 3208 2627 φροντίδων
3247 2555 3340 2606 καὶ
3379 2552 3624 2622 μεθόδων
3669 2568 3779 2621 τη-

2191 2655 2390 2716 κεδόνι,
2422 2652 2488 2705 δι’
2520 2644 2595 2704 ὧν
2624 2651 2689 2704 ἄν
2713 2667 2796 2712 τις
2827 2647 3209 2718 ἀποθηριοῖτο,
3245 2643 3278 2714 ἦ
3311 2642 3406 2696 καὶ
3433 2643 3515 2707 είς
3545 2642 3783 2713 Τίμωνα

2197 2743 2703 2818 μετανθρωπίζοιτο
2727 2757 2744 2808 ;

2265 2860 2372 2931 ἥγ’.
2410 2862 2521 2915 Καὶ
2564 2861 2674 2932 μὴν
2704 2857 2835 2926 ἐγὼ,
2873 2858 2925 2910 εί
2945 2873 3030 2920 τις
3061 2855 3196 2926 παρ’
3228 2856 3354 2924 ἐμοὶ
3403 2856 3564 2926 κριτῇ
3595 2853 3783 2907 δίαιτα

2194 2957 2534 3028 ευτραπέλου
2565 2956 2682 3027 βίου
2717 2954 3029 3026 προέκειτο,
3069 2954 3166 3008 καὶ
3193 2947 3260 3006 αὖ
3294 2949 3459 3005 πάλιν
3489 2950 3582 3004 τοῦ
3630 2951 3782 3003 κατὰ

2197 3049 2480 3120 περίνοιαν
2515 3048 2616 3101 οὐκ
2648 3045 2958 3114 ἀναγκαίαν
2991 3045 3089 3099 καὶ
3150 3043 3422 3108 σύννοιαν,
3451 3040 3780 3111 προύθέμην

2197 3140 2263 3195 ἂν
2292 3139 2710 3210 καταδιαιτῆσαι
2742 3137 2835 3190 τοῦ
2872 3135 3224 3205 ὲστυμμένου
3261 3133 3407 3188 κατὰ
3449 3133 3511 3185 τὸ
3541 3131 3780 3203 σύμϐιον

2199 3235 2295 3287 καὶ
2318 3250 2384 3285 πε
2397 3231 2783 3303 ρινενοημένου
2810 3230 2905 3282 καὶ
2935 3228 3274 3296 συνηγμένον
3309 3227 3391 3289 είς
3424 3225 3485 3278 τὸ
3530 3224 3779 3294 ἀμειδέςο

2200 3327 2323 3380 ῑεπελ⁸
2368 3327 2460 3380 καὶ
2488 3325 2634 3378 δυοῖν
2665 3321 2920 3386 ἐκείνοιν,
2969 3319 3332 3392 Ἡρακλείτου
3374 3335 3433 3371 τε
3466 3317 3563 3372 καὶ
3592 3320 3782 3386 Δημο-

2199 3419 2412 3489 κρίτου,
2449 3409 2524 3471 ὧν
2565 3417 2594 3469 6
2639 3415 2739 3486 μὲν
2773 3413 3070 3483 ἀρίδακρυς
3102 3411 3382 3478 ἐξέϐαινεν
3417 3411 3509 3465 ἐπὶ
3556 3411 3670 3472 τοῖς
3702 3408 3784 3472 ὡς

2201 3513 2460 3567 ἑκάστοτε
2496 3509 2729 3580 ἥκουσιν
2767 3506 2917 3576 αὐτῷ
2975 3505 3113 3577 πρὸς
3165 3506 3364 3574 πεῖραν
3409 3502 3785 3573 ἀνθρωπίνοις

2204 3603 2584 3674 συμϐάμασιν,
2642 3602 2670 3654 6
2704 3599 2762 3653 δὲ
2799 3598 3013 3668 γέλωτα
3060 3597 3444 3668 κατεῤῥήγνυε
3495 3595 3600 3648 τῶν
3649 3594 3786 3668 παρ’

2201 3697 2509 3769 ἀνθρώποις
2535 3695 2898 3764 πραγμάτων,
2931 3691 3068 3762 πρὸς
3096 3689 3174 3759 τῷ
3202 3689 3536 3761 Δημοκρίτῳ
3569 3689 3783 3759 μᾶλλον

2202 3790 2340 3860 εἰμὶ,
2383 3789 2464 3840 ὅτι
2495 3786 2590 3839 καὶ
2619 3784 2756 3854 πρὸς
2787 3782 2924 3852 αὐτῇ
2959 3783 3025 3852 τῇ
3063 3782 3224 3848 φύσει
3275 3782 3343 3849 τῇ
3386 3777 3510 3832 κατ’
3563 3777 3783 3848 ἂνθρωτ

2201 3899 2324 3946 πον,
2361 3879 2482 3932 καθ’
2517 3879 2584 3948 ἢν
2623 3877 2824 3944 ἰδιότης
2867 3873 3160 3943 ἀνθρώπου
3202 3869 3264 3922 τὸ
3321 3868 3669 3938 γελαστικόν.
3707 3869 3787 3922 Τὸ

2201 3972 2460 4040 δακρύειν
2511 3969 2621 4040 γὰρ
2657 3966 2785 4021 οὔτε
2825 3967 2907 4029 είς
2957 3964 3089 4018 ἴδιόν
3121 3979 3174 4016 τι
3205 3961 3642 4032 ἀποκληροῦται,
3686 3959 3789 4014 καὶ

2203 4063 2272 4118 τά
2301 4061 2401 4131 τῆς
2428 4059 2644 4130 φύσεως
2671 4059 2728 4113 δέ
2753 4073 2856 4111 που
2887 4053 3205 4124 παραποιεῖ·
3231 4052 3424 4123 διόπερ
3452 4051 3575 4105 οὐδὲ
3610 4051 3789 4120 φιλεῖ-

2201 4173 2292 4209 ται
2329 4155 2466 4224 αὐτῇ
2504 4153 2560 4214 ὲς
2586 4153 2834 4220 γνήσιον,
2861 4146 2978 4202 ἀλλ’
3014 4145 3069 4199 εί
3111 4160 3242 4206 που,
3275 4143 3418 4197 κατὰ
3460 4142 3655 4209 πάθος,
3689 4141 3790 4196 καὶ

2203 4246 2266 4299 ού
2297 4243 2441 4314 μάλα
2471 4239 2594 4294 καθ’
2626 4239 2896 4292 ἑκούσιον.

2277 4353 2376 4424 ἥδ’.
2411 4353 2526 4408 Οὐκ
2568 4352 2737 4417 ἔστιν,
2766 4342 2811 4402 ὦ
2853 4347 3168 4417 ἄνθρωποι,
3211 4361 3230 4396 t
3265 4343 3632 4414 μνησικακεῖν
3670 4359 3690 4394 ι
3729 4340 3795 4394 τὸ

2210 4446 2523 4520 μνήσασθαι
2554 4443 2690 4503 ὅλως
2719 4437 2915 4501 κακοῦ,
2951 4438 3046 4491 καὶ
3073 4435 3274 4500 εἰπεῖν,
3308 4433 3384 4496 ὡς
3417 4436 3445 4487 6
3467 4433 3522 4487 δέ
3544 4450 3631 4496 τις
3657 4432 3792 4492 ὲκάέ

2208 4540 2354 4593 κωσέ
2397 4553 2488 4608 με,
2531 4533 2626 4587 καὶ
2655 4533 2802 4602 ὅμως
2833 4528 3060 4598 ὲλεήσαι
3089 4527 3117 4579 6
3156 4525 3288 4588 Θεὸς
3319 4524 3414 4578 καὶ
3455 4523 3620 4576 αὐτὸν
3659 4539 3796 4575 παι-

1149 4627 1291 4696 qnod
1317 4642 1418 4697 ego
1446 4626 1652 4682 faciens
1688 4626 1854 4683 Deum
1884 4599 2096 4698 propter

2209 4599 2456 4695 δεύοντα,
2475 4599 2577 4684 καὶ
2607 4599 2710 4698 ἐμὲ
2735 4625 3158 4696 παιδευόμενον,
3182 4622 3323 4693 ὅπερ
3347 4619 3460 4690 ἐγὼ
3487 4619 3656 4674 ποιῶν
3684 4619 3796 4688 ἔχω

2209 4727 2302 4782 τὸν
2359 4725 2493 4780 θεὸν
2544 4723 2685 4792 ὑπὲρ
2723 4718 2880 4790 ἐμοῦ·
2938 4716 3076 4771 ἀλλά
3135 4715 3464 4785 μνησικακεῖ
3483 4713 3727 4784 ξπάντως
3764 4711 3796 4763 ὁ

2209 4823 2276 4891 τῇ
2324 4818 2514 4890 μνήμῃ
2547 4814 2841 4886 σύντροχον
2888 4809 3029 4880 ἔχων
3075 4808 3177 4878 τὴν
3211 4805 3526 4876 επιϐουλήν.
3565 4804 3629 4856 Τί
3667 4801 3795 4872 βιά-

2214 4912 2370 4979 ζεσθε
2402 4910 2494 4963 τδν
2528 4906 2622 4960 καὶ
2653 4903 2861 4959 ἁπλοῦν
2903 4903 3001 4957 καὶ
3039 4900 3205 4954 καλὸν
3245 4897 3442 4953 Ἰακὼὸ
3485 4895 3794 4964 ἐγγράφειν

2213 5009 2293 5074 είς
2347 5002 2708 5074 μνησίκακον,
2753 4997 2800 5050 εί
2857 4995 2952 5048 τὸν
2983 4992 3213 5062 ἀδελφὸν
3276 4988 3450 5044 Ἠσαῦ
3505 4987 3800 5059 μεμνημέ-

2214 5113 2304 5158 νος
2336 5094 2628 5163 ὑφορᾶται,
2679 5089 2775 5143 καὶ
2807 5087 2900 5141 τὸν
2933 5085 2992 5152 ἐξ
3021 5083 3235 5138 ἐκείνου
3272 5081 3521 5134 κίνδυνον
3572 5079 3797 5147 ὑφορώ-

2177 5237 2180 5240 .
2220 5203 2380 5259 μενος
2411 5182 2744 5243 εὐλαϐεῖται,
2779 5180 2875 5238 καὶ
2927 5174 3340 5236 ὑποστέλλεται,
3389 5172 3485 5225 καὶ
3529 5171 3630 5223 ούκ
3677 5170 3798 5240 ἔχει

2215 5277 2501 5342 λαθέσθαι,
2537 5275 2724 5336 ὁποῖος
2778 5272 2857 5334 είς
2897 5270 3063 5323 αὑτὸν
3111 5269 3139 5320 6
3187 5265 3440 5332 ἀδελφὸς,
3482 5261 3801 5333 βαρύμηνις

2217 5369 2442 5441 δηλαδὴ,
2489 5369 2584 5422 καὶ
2628 5364 2830 5420 κακίαν
2867 5360 3216 5430 ταμειουχῶν
3266 5355 3572 5419 ἅπόθετον;
3615 5354 3711 5419 ὼς,
3752 5355 3809 5407 εἰ

2220 5477 2284 5528 γε
2311 5458 2553 5522 λάθοιτο,
2585 5457 2686 5509 οὐκ
2716 5455 2782 5508 ἂν
2819 5453 3016 5522 φθάνοι
3046 5450 3285 5514 πίπτων,
3311 5447 3564 5516 καθάπερ
3593 5443 3654 5498 οὺ
3680 5444 3810 5515 βού-

2221 5551 2396 5605 λεται.

2295 5639 2397 5710 με’.
2444 5643 2600 5695 Ἐστι
2654 5639 2748 5693 καὶ
2798 5636 2898 5708 οὐχ
2937 5634 3130 5706 αἱρετὴ
3179 5635 3369 5705 μνήμη
3415 5631 3616 5702 κάκης,
3667 5629 3810 5685 ἀλλὰ

2224 5733 2450 5804 τυχαία,
2474 5734 2551 5796 ὡς
2581 5734 2629 5786 εί
2651 5731 2745 5785 καὶ
2775 5733 2975 5795 ἰκτῖνος
2999 5725 3444 5798 παραπετασθεὶς
3473 5722 3813 5793 ἀναμνήσει,

2229 5823 2413 5893 ἅρπαξ
2445 5819 2583 5876 εἶναι
2610 5819 2880 5892 ὀρνυφίων
2901 5861 2916 5888 ,
2951 5819 3043 5874 καὶ
3073 5817 3213 5872 οὕτω
3248 5812 3655 5889 προκαλέσεταί
3687 5830 3818 5889 τινα
