4090 6438
383 396 485 460 485
1351 408 1669 470 CONTRA
1706 412 2201 478 INJUllIARUM
2248 418 2689 483 MEMORIAM.
3548 429 3657 493 636

385 510 606 580 συρῖξχι
674 512 769 567 καὶ
835 514 1267 587 ἐπισυναγαγεῖν
1333 526 1799 598 παραφαινόμενά
1856 545 2000 597 που.

2069 531 2234 586 edere
2262 533 2502 601 sihilum,
2538 544 2596 590 ut
2651 542 3063 607 congrcgcntur
3100 535 3302 592 alicubi
3332 554 3657 608 apparentes

386 605 623 662 νεόττια.
666 606 827 663 Οὕτω
864 612 957 665 καὶ
1021 614 1202 683 ῥοῖζος
1242 616 1504 680 πολλάκις
1555 621 1651 674 καὶ
1701 623 1967 692 συριγμδς

2070 624 2218 690 pulli.
2267 625 2357 680 Sic
2387 627 2550 681 etiam
2586 642 2731 697 saepe
2782 605 2989 683 stridor
3025 638 3118 684 aut
3158 605 3378 686 sibilus
3403 605 3658 691 recorda.

384 700 663 795 ἀνέμνησέ
711 716 833 755 τ.να
881 704 1026 776 βέλει
1059 708 1381 765 κακωθέντα
1418 712 1450 784 ἢ
1485 712 1629 782 ὄφει,
1672 714 1746 776 ὡς
1795 714 1966 768 ἔπαθέ

2076 718 2279 770 tionem
2334 718 2517 773 attulit
2558 719 2745 783 alicui,
2799 720 2893 789 qui
2953 719 3062 776 telo
3114 720 3198 776 vel
3252 734 3509 793 serpente
3543 725 3657 795 jam

383 792 437 844 τί
472 809 598 846 ποτε
624 796 814 860 κακὸν,
851 796 881 867 ἦ
908 798 968 864 ἐξ
994 801 1172 869 ὄφεως
1200 803 1232 875 ἢ
1267 804 1507 878 πληγῆς,
1536 808 1630 861 καὶ
1659 808 1966 879 ἐπέστρεψε

2070 817 2297 859 vexatus
2325 819 2429 871 est,
2458 809 2600 878 quod
2635 810 2763 863 olim
2795 810 3001 881 aliquid
3039 811 3163 865 mali
3196 812 3276 866 vel
3300 792 3365 866 ei
3401 792 3657 881 serpente

386 886 469 938 σὺν
506 886 794 958 ἄνθρωπον
816 892 895 956 εἰς
926 893 1292 967 ἐμμέριμνον.

2067 898 2148 951 vel
2185 916 2249 953 ex
2300 901 2427 964 telo,
2492 917 2684 970 passus
2729 902 2819 968 sit,
2858 913 2909 958 et
2943 903 3222 959 hominem
3275 905 3341 958 ad
3381 907 3650 961 cautelam

2066 994 2359 1047 COtIVcrlil.

454 1088 571 1155 ις’.
611 1092 672 1144 Εἰ
704 1091 837 1160 γοῦν
866 1093 1040 1149 δίδοτε
1063 1097 1261 1166 ταῦτα,
1281 1101 1335 1153 τί
1358 1101 1420 1172 δὴ
1451 1102 1614 1172 μόνον
1648 1105 1749 1174 ἐμὲ
1777 1106 1964 1175 νοσφί-

2135 1106 2224 1162 96.
2255 1106 2310 1163 Si
2336 1123 2466 1179 ergo
2497 1106 2815 1164 conceditis'
2841 1111 2966 1177 ista,
2999 1110 3125 1179 quid
3178 1126 3262 1165 me
3297 1111 3468 1165 solum
3502 1111 3651 1166 absi-

376 1179 539 1272 ζεσθε
577 1183 671 1235 τοῦ
704 1184 795 1237 καὶ
839 1188 979 1238 νοεῖν
1019 1190 1115 1241 καὶ
1163 1193 1524 1262 ἐμμερῑμνως
1556 1196 1704 1266 ἔχειν
1744 1199 1841 1250 καὶ
1871 1199 1961 1251 δε-

2065 1209 2210 1254 stcre
2234 1199 2426 1267 cogitis
2454 1215 2482 1253 a
2513 1201 2745 1256 consilio
2771 1210 2825 1256 et
2841 1200 3211 1257 sollicitudine
3233 1213 3289 1258 et
3309 1213 3457 1257 metu
3485 1220 3648 1272 super

376 1271 548 1365 διέναι
599 1275 729 1344 πιερλ⁵
759 1277 1004 1349 ἐμαυτῷ,
1040 1280 1121 1345 ὃς,
1165 1284 1346 1357 εἰμὲν
1402 1285 1709 1356 ἀμύνεσθαι
1750 1290 1962 1360 μελετῶ

2073 1308 2181 1358 me,
2220 1295 2337 1363 qui,
2389 1294 2657 1365 siquidem
2720 1294 3001 1350 vindicare
3036 1310 3125 1350 me
3150 1296 3380 1363 cogitem
3419 1295 3489 1349 ab
3547 1271 3656 1351 ini-

377 1363 790 1469 τοὺςέξθροὺς,
839 1371 1192 1469 εἴηνῄἐχθρδς
1239 1376 1320 1446 τῷ
1368 1377 1509 1448 Θεῷ·
1543 1381 1591 1433 εἰ
1636 1381 1693 1434 δὲ
1730 1383 1964 1437 ἐκκλίνω

2066 1386 2243 1451 micis,
2276 1401 2372 1442 ero
2402 1387 2658 1442 inimicus
2704 1386 2844 1455 Deo;
2875 1388 2920 1441 si
2959 1402 3087 1442 vero
3128 1388 3396 1443 declinem
3435 1388 3651 1442 illorum

376 1455 479 1551 τὴν
502 1455 558 1551 ἐξ
582 1456 810 1551 ἐκείνων
843 1458 1072 1529 βλάϐην,
1101 1463 1261 1534 ὑμεῖς
1296 1467 1395 1535 μὲν
1423 1470 1667 1539 γράφετέ
1701 1490 1788 1541 με,
1813 1473 1961 1537 ὅπως

2063 1479 2432 1543 vexationem,
2456 1494 2554 1534 vos
2585 1479 2804 1550 quidem
2825 1479 3049 1551 pingitis
3072 1495 3155 1535 me
3182 1481 3453 1546 quomodo
3485 1480 3635 1534 meli-

380 1544 460 1641 dvA
483 1547 540 1641 αἱ
573 1549 795 1620 μηλίδες
824 1554 958 1624 ὑμῖν
989 1554 1320 1626 ὑπουργοῖεν
1346 1575 1361 1626 ;
1406 1560 1469 1614 ’0
1492 1562 1547 1615 δὲ
1580 1563 1872 1634 διακρίνων
1894 1594 1963 1604 -

2064 1572 2161 1627 des
2195 1571 2349 1628 vobis
2386 1544 2742 1640 adiuvarent?
2797 1544 3094 1640 Quivvero
3148 1544 3436 1641 diiudicat,
3476 1581 3531 1625 at
3566 1571 3654 1626 ille

378 1639 497 1693 ἀλλ’
528 1642 733 1706 ἐκεῖνος
764 1645 1032 1715 ἡγήσεται
1060 1665 1127 1719 με
1159 1650 1254 1703 καὶ
1282 1653 1645 1721 άποφανεῖται
1674 1655 1953 1726 βεϐηκότα

2064 1664 2262 1734 diriget
2296 1681 2401 1731 me,
2444 1666 2742 1736 reddelque
2771 1665 2991 1719 lirmum
3018 1679 3082 1721 ac
3116 1674 3311 1729 lutum,
3334 1674 3389 1719 et
3414 1674 3651 1718 mentem

378 1736 479 1787 καὶ.
505 1736 748 1802 ἀσφαλῆ,
802 1737 900 1791 καὶ
947 1738 1075 1793 νοῦν
1116 1740 1310 1811 ἔχοντα
1340 1748 1435 1797 καὶ
1459 1746 1775 1817 ὀφθαλμοὺς
1802 1750 1861 1802 ἐν
1891 1751 1958 1818 τῇ

2063 1766 2119 1812 et
2145 1756 2330 1811 oculos
2365 1757 2419 1810 in
2481 1757 2660 1826 capite
2715 1755 3003 1811 habentem
3061 1754 3186 1825 (hoc
3232 1769 3393 1822 porro
3450 1753 3653 1822 depicti

381 1830 589 1900 κεφαλῇ
625 1829 809 1900 (τοῦτο
837 1831 903 1902 δὴ
940 1832 1001 1887 τδ
1031 1833 1124 1886 τοῦ
1178 1838 1456 1905 γραφικοῦ
1494 1840 1663 1908 σοφοῦ
1694 1839 1874 1911 ἴδιον)’
1903 1841 1962 1906 ὃς

2064 1850 2329 1922 sapientis
2377 1859 2464 1905 est
2486 1847 2814 1919 proprium).
2868 1848 2988 1903 Non
3040 1849 3214 1903 habeo
3246 1848 3465 1917 quidem
3500 1862 3652 1901 com-

379 1923 447 1993 δὴ
477 1900 1010 1999 παρεξετάξεινμὲν
1038 1900 1276 1998 enauit»;
1303 1900 1402 1985 οὐκ
1427 1900 1683 2004 ἕχωίῖνα
1707 1935 1801 1989 καὶ
1828 1900 1964 2005 πρὸς

2066 1900 2327 1922 -_,--_--__
2383 1900 2813 1919 ---τητηηγ
3042 1900 3069 1902 --
3254 1900 3277 1917 τ
3351 1900 3401 1902 ,-
3514 1900 3519 1901 ,

2071 1958 2263 2014 parare
2300 1942 2707 2011 memetipsum,
2747 1952 2805 1995 ut
2849 1939 3151 1994 secundum
3191 1940 3367 2008 ipsum
3391 1947 3652 1992 accurate

380 2017 590 2072 ἐκεῖνον
619 2018 940 2091 γραφοίμην
965 2022 1212 2094 ἀκριϐῶς
1237 2039 1252 2054 ’
1286 2026 1343 2088 ἐς
1389 2026 1513 2080 ὅσον
1549 2025 1735 2096 μέντοι
1786 2029 1965 2097 ἰσχνὸν

2068 2034 2375 2105 depingar:
2435 2036 2526 2090 sed
2573 2045 2835 2105 quantum
2871 2033 3133 2103 possibile
3158 2042 3240 2086 est
3266 2031 3650 2097 adumbratas,

385 2108 930 2180 σκιαγραφούμενος,
966 2112 1067 2167 οὐκ
1097 2116 1154 2167 ἐν
1193 2114 1338 2187 ψυχῇ
1372 2117 1597 2188 τίθεμαι
1634 2119 1733 2186 τὴν
1765 2120 1852 2188 ἐφ’
1883 2118 1965 2183 οἷς

2069 2143 2171 2182 non
2206 2129 2258 2182 in
2284 2128 2460 2182 anima
2490 2141 2631 2196 pono
2659 2125 2727 2180 de
2757 2125 2953 2196 quibus
2976 2141 3144 2179 vexor
3175 2124 3474 2177 vindictam
3503 2163 3517 2187 ,
3554 2137 3652 2176 inec

384 2202 665 2274 κακοῦμαι
701 2203 937 2273 ἄμυναν,
965 2205 1088 2259 οὐδέ
1116 2224 1205 2276 μοι
1241 2208 1444 2277 πρᾶξις
1473 2208 1563 2263 διὰ
1591 2209 1707 2280 βίου
1737 2210 1961 2284 τοιαύτη

2068 2220 2201 2274 mihi
2232 2219 2355 2274 talis
2383 2219 2529 2273 actio
2560 2232 2657 2288 per
2694 2217 2860 2271 vitam
2899 2225 3268 2285 computatur.
3305 2213 3532 2282 Insuper
3553 2228 3653 2267 au-

380 2296 800 2363 κεφαλαιοῦται·
833 2298 893 2361 ὃς
916 2315 983 2367 γε
1017 2299 1228 2353 καὶτὸν
1252 2300 1345 2353 ἐπὶ
1373 2301 1586 2365 τούτοις
1616 2302 1963 2373 ἀμυνόμενον

2067 2316 2177 2365 tem
2209 2309 2358 2364 illum
2389 2309 2481 2379 qui
2534 2324 2594 2363 se
2632 2306 2871 2361 vindicat
2904 2322 3101 2360 vanum
3142 2306 3356 2361 aestimo
3403 2305 3652 2358 declare-

383 2386 623 2458 μάταιον
647 2388 744 2441 καὶ
778 2389 1026 2460 ἡγοῦμαι
1057 2393 1151 2445 καὶ
1181 2392 1579 2463 ἀποφαίνομαι,
1604 2396 1665 2449 οὐ
1698 2397 1858 2465 μόνον
1888 2397 1964 2461 ῶς

2065 2412 2193 2466 que,
2231 2411 2337 2451 non
2387 2396 2559 2452 solum
2602 2404 2661 2451 ut
2702 2394 3032 2462 iactatorem
3077 2398 3479 2459 condemnans,
3532 2392 3651 2463 opi-

377 2479 620 2544 ἁλαζόνα
645 2481 1021 2552 κατακρινῶν,
1055 2482 1310 2549 ἀξιοῦντα
1341 2488 1538 2551 παντὸς
1564 2486 1799 2558 ὕπερθεν
1821 2484 1962 2545 εἶναι

2067 2496 2288 2543 nantem
2326 2503 2451 2544 esse
2480 2503 2652 2559 super
2694 2490 2879 2543 omnia
2916 2489 3201 2550 tribulare,
3239 2491 3332 2542 sed
3381 2488 3544 2541 etiam
3594 2495 3654 2539 ut

378 2571 475 2626 τοῦ
518 2571 819 2639 θλίϐοντος,
861 2572 1001 2627 ἀλλὰ
1052 2574 1149 2628 καὶ
1199 2576 1275 2640 ὡς
1326 2577 1450 2631 οὐδὲ
1505 2577 1648 2631 πάνυ
1690 2579 1962 2648 φρενήρη.

2068 2596 2175 2635 non
2206 2580 2434 2636 omnino
2486 2588 2794 2637 sensatum.
2827 2579 3054 2634 Videtur
3092 2579 3238 2634 enim
3276 2578 3399 2633 talis
3438 2577 3656 2633 nescire

383 2662 572 2716 Ἐοικε
599 2663 710 2731 γὰρ
750 2664 778 2716 6
821 2680 1065 2728 τοιουτος
1093 2666 1196 2719 οὐκ
1245 2666 1467 2734 εἰδέναι,
1495 2667 1572 2731 ὡς
1603 2670 1785 2738 ἄμυνα
1812 2672 1964 2723 πάσα

2065 2672 2212 2743 quod
2270 2673 2449 2727 omnis
2512 2671 2756 2727 vindicta
2818 2688 2925 2726 non
2987 2672 3152 2727 habet
3202 2687 3267 2726 ex
3327 2671 3655 2726 necessitate

376 2757 482 2811 οὐκ
511 2754 571 2821 ἐξ
592 2756 843 2826 ἀνάγκης
871 2756 984 2819 ἔχει
1027 2759 1090 2812 τὸ
1138 2759 1272 2830 δρᾷν
1321 2760 1505 2831 μόνον,
1539 2762 1677 2815 ἀλλά
1724 2779 1831 2816 που
1868 2763 1963 2815 καὶ

2066 2764 2239 2820 solam
2270 2765 2566 2825 actionem.
2602 2762 2694 2817 sed
2727 2762 2898 2819 etiam
2934 2769 3268 2816 contrariam
3303 2762 3505 2816 invenit
3536 2776 3654 2832 pas-

376 2849 706 2919 ἀντιζυγοῦν
731 2851 982 2922 εὑρίσκει
1015 2850 1077 2905 τὸ
1108 2853 1364 2923 πάσχειν,
1394 2854 1488 2907 καὶ
1524 2854 1658 2907 αὐτὸ
1690 2855 1959 2917 πολλάκις

2064 2854 2298 2918 sionem,
2333 2866 2390 2911 et
2424 2858 2564 2910 hanc
2603 2854 2921 2924 plerumque
2954 2854 3150 2910 solam.
3178 2853 3420 2924 Equum
3449 2864 3554 2917 est,
3592 2860 3651 2906 ut

378 2942 638 3010 μονάζον.
672 2942 833 3006 Εἰκὸς
864 2944 998 3015 γάρ,
1035 2943 1181 2998 καθά
1224 2962 1311 3008 τις
1340 2940 1515 3009 εἷπεν,
1552 2965 1571 2998 ι
1598 2946 1963 3016 ἐγχειροῦντα

2106 2947 2264 3019 liquis
2300 2948 2457 3011 dixit,
2498 2962 2875 3017 aggressorem
2907 2947 3048 2999 male
3093 2961 3443 3016 prosperare.
3484 2944 3654 2999 lunu-
3712 2929 3721 2940 ’

378 3034 480 3089 καὶ
524 3036 788 3105 πράττειν
835 3036 1046 3100 κακῶς.
1081 3055 1099 3088 ι
1167 3037 1278 3092 Καὶ
1339 3038 1565 3108 μυρίους
1612 3039 1855 3108 οἴδαμεν,
1912 3039 1961 3093 οἳ

2063 3054 2245 3096 meros
2268 3054 2485 3110 quoque
2519 3040 2771 3093 novimus
2790 3039 2883 3109 qui
2911 3046 3198 3093 currentes
3226 3038 3293 3092 ad
3323 3036 3651 3099 vindictam,

379 3128 752 3199 ἐκδραμόντες
778 3129 1147 3198 ἀμυνεῖσθαι,
1181 3130 1488 3199 φθάσαντες
1536 3130 1756 3193 ἔπεσον,
1791 3131 1962 3201 μηδέν

2063 3133 2208 3189 nihil
2270 3131 2482 3202 operati
2532 3132 2738 3200 magni,
2794 3131 2950 3202 prius
2978 3139 3342 3186 corruerunt:
3383 3137 3440 3183 et
3489 3128 3649 3183 ruina

374 3240 429 3276 τι
477 3224 621 3292 μέγα
665 3223 1001 3293 δράσαντες·
1052 3224 1149 3277 καὶ
1182 3228 1242 3276 τὴ
1291 3224 1496 3292 πτῶμα
1535 3219 1603 3295 ἦν
1640 3224 1717 3288 ὡς
1756 3224 1952 3280 δεινόν.
1983 3253 1989 3290 ‹

2060 3240 2254 3297 magna
2277 3224 2443 3280 nimis
2473 3232 2613 3280 erat.
2657 3222 2784 3279 [deo
2820 3224 3060 3292 prudens
3085 3236 3183 3277 nec
3224 3221 3278 3275 in
3311 3222 3541 3276 obscuro
3557 3234 3655 3274 ue-

376 3314 578 3383 Διόπερ
617 3314 645 3366 6
679 3314 895 3384 φρονῶν
945 3312 1072 3368 οὔτε
1119 3315 1207 3367 ἐπ’
1235 3315 1419 3387 ἀδήλῳ
1457 3316 1749 3386 πράγματι
1783 3316 1959 3370 πολλὰ

2069 3316 2213 3385 gotio
2261 3314 2431 3371 multa
2475 3316 2665 3382 ciebit,
2722 3324 2837 3372 nec'
2871 3314 3118 3370 divinum
3152 3313 3418 3368 auxilium
3455 3313 3555 3366 abs
3589 3324 3652 3371 se

370 3405 663 3474 τυρϐάσει,
687 3407 785 3459 καὶ
814 3405 938 3459 οὐδὲ
964 3405 1025 3459 τὸ
1048 3405 1191 3460 θεῖον
1215 3406 1413 3461 ἑαυτοῦ
1448 3407 1735 3479 ἀπαγάγῃ.
1771 3407 1799 3460 ὃ
1833 3406 1961 3471 τοὺς

2070 3408 2302 3478 rejiciet,
2332 3407 2477 3479 quod
2502 3409 2774 3480 patientes
2812 3418 2868 3464 et
2908 3422 3013 3463 non
3051 3422 3109 3464 se
3142 3406 3486 3462 vindicantes
3509 3404 3651 3473 ulci~

374 3499 691 3569 πάσχοντας
725 3501 819 3553 καὶ
852 3499 929 3571 μὴ
962 3499 1341 3571 ἀμυνομένους
1374 3500 1614 3554 ἐκδικεῖν
1654 3500 1822 3570 φιλεῖ.
2068 3502 2149 3559 sci
2185 3509 2355 3558 amat.

450 3639 559 3707 ιιζν.
601 3637 835 3706 Οὐκοῦν,
866 3640 962 3693 καὶ
995 3640 1083 3695 ὅτε
1119 3640 1178 3693 ἐν
1207 3637 1325 3711 χρῷ
1358 3639 1560 3709 γέγονα
1594 3641 1807 3712 χρόνου,
1838 3641 1962 3694 καθ’

2135 3636 2225 3695 97.
2254 3635 2441 3709 Itaque
2487 3651 2609 3691 cum
2660 3636 2713 3691 in
2769 3635 2950 3704 ipsum
2987 3643 3199 3709 tempus
3248 3634 3646 3702 pervenissem,

371 3733 435 3787 ὃν
467 3732 713 3801 ἐγνώσθη
752 3748 844 3797 μοι
872 3731 941 3786 τὰ
976 3731 1098 3786 κατ’
1147 3731 1282 3803 ἐμοῦ
1316 3733 1705 3800 φαυλισθέντα,
1736 3716 1856 3799 ἐξὸν
1903 3734 1963 3788 δν

2065 3743 2175 3799 quo
2202 3737 2328 3783 nota
2359 3736 2485 3782 sunt
2511 3727 2643 3782 mihi
2678 3742 2842 3795 prava
2874 3733 3066 3785 contra
3096 3740 3181 3779 me
3216 3724 3383 3791 facta,
3426 3725 3648 3779 liceret-

373 3824 475 3878 καὶ
498 3824 751 3893 λαλῆσαι,
780 3824 873 3877 καὶ
902 3823 979 3887 ὡς
1007 3823 1155 3889 εἰκὸς
1182 3823 1526 3894 ἀντιϐλέψαι,
1554 3825 1703 3895 ὅμως
1728 3828 1963 3896 ἐσίγησα

2064 3822 2170 3888 'que
2203 3817 2350 3888 loqui
2378 3827 2433 3872 et
2462 3817 2794 3874 naturaliter
2830 3825 3020 3872 contra
3062 3828 3286 3881 nocere,
3325 3822 3506 3868 tamen
3549 3814 3652 3868 lm-

368 3910 754 3975 ταπεινωθεὶς,
787 3912 864 3976 ὡς
896 3914 945 3966 εἰ
973 3913 1066 3967 καὶ
1096 3913 1398 3984 ἐκωςρὼθην
1428 3914 1632 3985 σφόδρα
1654 3931 1668 3946 ·
1699 3918 1793 3969 καὶ
1827 3917 1964 3971 πάν-

2065 3912 2311 3967 miliatus
2334 3911 2480 3979 silui,
2532 3919 2790 3982 tanquam
2845 3910 3093 3965 hebetem
3125 3908 3305 3973 valde,
3339 3920 3394 3963 et
3419 3906 3647 3962 omnino

370 4022 487 4070 τως
513 4004 619 4058 ἔδει
650 4003 794 4058 οὕτω
826 4021 893 4071 με
919 4006 1255 4076 διατεθῆναι,
1283 4006 1483 4074 εἰδότα,
1512 4008 1670 4061 ποίου
1696 4009 1959 4065 δεσπότου

2064 4006 2294 4067 decebat
2344 4019 2432 4063 me
2466 4004 2647 4060 taliter
2678 4004 2939 4071 ldispoui,
2985 4002 3272 4062 scientem.
3313 4001 3490 4071 qualis
3543 4001 3652 4055 Do.

368 4096 564 4160 δοῦλός
588 4097 725 4166 εἰμι,
748 4096 849 4150 οὐκ
873 4096 1175 4166 ἐθέλοντος,
1200 4100 1347 4168 ἡμᾶς
1373 4100 1501 4163 τοὺς
1523 4100 1671 4170 αὐτῷ
1693 4101 1959 4155 δεδουλω-

2065 4100 2200 4155 mini
2224 4100 2328 4155 sim
2355 4114 2570 4164 servus,
2594 4097 2837 4152 nolentis
2868 4110 2964 4150 nos
2986 4096 3077 4165 qui
3105 4094 3206 4164 ipsi
3233 4096 3502 4149 servimus
3523 4107 3650 4163 pro-

374 4186 575 4259 μένους
607 4187 1081 4256 ἀντεπεξάγεσθαι
1116 4191 1225 4253 τοῖς
1259 4191 1685 4262 ἐκφλυαρὶζουσι
1715 4194 1782 4246 τά
1817 4194 1958 4264 ἡμέ-

2063 4192 2212 4262 gredi
2249 4202 2437 4247 contra
2474 4205 2568 4246 eos
2598 4188 2689 4259 qui
2743 4197 2930 4243 nostra
2967 4185 3240 4253 derident,
3273 4186 3516 4241 rationes
3547 4201 3649 4239 au-

367 4297 534 4351 τερα,
580 4280 843 4350 μενοῦνγε
884 4280 955 4334 τὰ
994 4281 1100 4335 τῶν
1142 4282 1377 4337 ἐλπίδων
1422 4284 1700 4354 πείσματα
1740 4288 1821 4349 εἰς
1861 4287 1959 4358 τὴν

2064 4293 2172 4340 tem
2198 4283 2313 4353 spei
2363 4282 2480 4337 vult
2529 4295 2695 4350 super
2737 4280 2908 4349 ipsius
2956 4287 3170 4349 petram
3200 4277 3436 4334 volentis
3465 4276 3648 4341 inuiti,

367 4370 499 4425 κατ’
524 4372 688 4425 αὐτὸν
717 4371 929 4444 πέτραν
955 4372 1244 4436 ἀνάπτειν,
1278 4374 1401 4428 καθ’
1426 4369 1492 4447 ἦς
1522 4376 1696 4437 οὐδεὶς
1731 4379 1961 4450 ἐνεργή-

2063 4384 2251 4428 contra
2300 4387 2462 4442 quam
2503 4371 2685 4424 nullus
2728 4384 2790 4423 ex
2826 4383 2885 4423 se
2924 4367 3239 4439 praavalebit
3295 4368 3521 4422 fluctus.
3551 4365 3650 4425 Et-s

372 4479 461 4517 σει
489 4461 648 4526 σάλος
668 4463 739 4517 τά
763 4463 987 4519 ἑαυτοῦ.
1018 4465 1114 4526 Εἰς
1139 4465 1249 4535 γὰρ
1272 4466 1332 4518 τὸ
1359 4467 1468 4519 πᾶν
1492 4469 1689 4534 εἰπεῖν,
1714 4468 1812 4537 ὀψέ
1839 4469 1960 4521 ποτ’

2062 4465 2233 4528 enim.
2278 4465 2343 4518 ad
2373 4472 2543 4518 totum
2577 4460 2935 4529 loquendum,
2968 4474 3092 4515 sero
3128 4473 3435 4513 communis
3464 4458 3651 4520 Domi:

368 4553 442 4609 ἂν
476 4554 506 4608 6
541 4556 720 4620 κοινὸς
760 4556 1022 4629 ἀγαπήσῃ
1063 4557 1332 4626 δεσπότης
1371 4559 1560 4616 δοῦλον
1595 4561 1955 4631 ἀμυνόμενον,

2035 4570 2174 4630 ,nus
2215 4554 2464 4624 diligeret
2510 4568 2728 4609 servum
2766 4567 2824 4608 se
2877 4552 3248 4607 vindicantem
3280 4559 3335 4613 et
3365 4564 3432 4606 ex
3476 4550 3650 4620 ipsius

368 4644 468 4698 καὶ
507 4645 581 4716 μὴ
616 4646 990 4716 ἐξηρτημένον
1018 4647 1118 4717 τῆς
1151 4648 1315 4702 αὐτοῦ
1350 4649 1659 4720 δυνάμεως,
1690 4651 1833 4705 καθὰ
1866 4651 1963 4722 δη-

2070 4646 2309 4715 potcntia
2357 4658 2464 4699 non
2526 4646 2872 4713 pendentem,
2924 4644 3066 4698 sicut
3123 4643 3361 4712 explicat
3414 4643 3503 4697 ille
3555 4642 3649 4712 qui

364 4738 460 4792 λοτ
486 4736 580 4789 καὶ
608 4738 636 4790 6
656 4736 916 4805 Ψάλλων,
944 4739 1036 4791 ἐπὶ¹
1063 4739 1385 4810 τῷζόνόματι
1411 4741 1615 4813 Κυρίου
1646 4741 1960 4813 ἀμύνασθαι

2069 4738 2275 4808 psallit,
2323 4752 2383 4792 se
2435 4737 2488 4790 in
2546 4736 2767 4790 nomine
2831 4734 3046 4795 Domini
3096 4733 3412 4805 propulsare
3432 4748 3527 4788 eos
3556 4731 3648 4802 qui

364 4827 504 4890 τοὺς
533 4827 648 4881 ὅσοι
676 4827 1006 4891 κυκλοῦντες
1035 4828 1300 4886 ἐκύκλουν
1325 4830 1511 4885 αὐτόν.
1534 4830 1745 4893 ’Ἄλλως
1773 4831 1830 4885 δὲ
1863 4832 1957 4885 καὶ

2068 4829 2477 4891 circumdantes
2500 4826 2923 4881 circumdabant
2956 4839 3105 4881 eum.
3136 4825 3284 4880 Alias
3308 4834 3491 4879 autem
3511 4838 3651 4894 quo-

371 4919 499 4983 πῶς
529 4920 597 4975 ἂν
625 4920 919 4990 ἀμυνεῖται
948 4923 976 4975 6
1008 4919 1256 4991 στρέφων
1282 4924 1363 4987 εἰς
1388 4924 1534 4986 νοῦν,
1565 4924 1680 4978 aleo
1715 4942 1958 4997 μακαρι-

2069 4920 2232 4974 ntodo
2263 4934 2321 4973 se
2366 4919 2672 4980 vindicaret
2727 4918 2820 4972 ille
2866 4917 2957 4986 qui
2992 4915 3228 4971 revolvit
3258 4917 3312 4970 in
3345 4924 3525 4970 mente
3580 4914 3649 4970 de

369 5010 518 5082 τιμοῦ
560 5014 587 5065 6
626 5010 869 5076 τοιοῦτος
906 5011 1011 5078 ἔξω
1050 5012 1265 5076 πιπτει,
1305 5016 1382 5086 μὴ
1417 5013 1496 5068 τὼ
1535 5015 1663 5088 χέρε
1704 5015 1957 5089 συνδέων,

2073 5012 2220 5083 quali
2261 5012 2595 5067 beatitudine
2626 5011 2748 5067 talis
2778 5010 3015 5077 excidat,
3049 5010 3139 5076 qui
3172 5004 3301 5071 non,
3331 5007 3547 5063 duabus
3584 5007 3652 5067 lis

368 5104 473 5161 καὶ
511 5104 795 5176 προτιθεὶς
836 5104 1028 5160 ἑαυτὸν
1067 5107 1181 5169 τοῖς
1221 5106 1254 5178 ἢ
1300 5108 1486 5161 παίειν
1527 5107 1560 5179 ἢ
1604 5111 1795 5162 πατεῖν
1838 5107 1963 5162 ἐθέ-

2064 5103 2206 5174 gatis
2232 5103 2505 5173 manibus,
2529 5116 2587 5157 se
2606 5101 2884 5156 submittit
2920 5099 3031 5154 illis
3055 5100 3146 5168 qui
3176 5100 3367 5152 ludere
3401 5097 3485 5151 vel
3518 5112 3651 5153 con-

368 5195 561 5261 λουσι;
591 5197 1103 5269 Κακορρημονεῖται
1132 5198 1159 5251 ό
1189 5198 1331 5251 κατὰ
1346 5197 1479 5251 Θεὸν
1507 5198 1797 5270 ἄνθρωπος
1817 5217 1832 5232 ο
1861 5201 1961 5256 καὶ

2064 5196 2283 5253 culcare
2319 5194 2552 5249 volunt?
2602 5193 2945 5249 Maledicitur
3001 5193 3164 5245 homo
3197 5192 3287 5261 qui
3344 5189 3648 5245 secundum

366 5285 431 5345 τι
451 5286 611 5341 τοῦτο
635 5287 772 5360 πρὸς
799 5288 985 5354 αὐτὸν,
1012 5288 1062 5342 εἰ
1090 5290 1282 5358 φρονεί
1300 5289 1368 5342 τά
1391 5291 1489 5361 τῆς
1515 5291 1765 5361 γραφῆς;
1794 5290 1961 5349 Ὀνειτ

2069 5287 2237 5343 lieum
2267 5297 2388 5355 est;
2424 5287 2553 5361 quid
2585 5286 2688 5341 hoc
2720 5287 2787 5341 ad
2818 5284 2993 5351 illum,
3036 5284 3079 5339 si
3110 5284 3270 5338 modo
3302 5281 3646 5355 Scripturatn

366 5376 582 5441 δίζεται
606 5395 619 5411 ·
658 5380 754 5433 καὶ
787 5378 840 5432 τι
880 5377 947 5433 ἂν
980 5380 1144 5433 αὐτὸν
1180 5379 1372 5451 βλάψοι
1412 5364 1447 5434 6
1472 5382 1714 5446 τοιοῦτος
1750 5381 1955 5453 ψόγος,

2063 5382 2302 5454 cogitet?
2361 5381 2641 5436 Couviciis
2676 5380 2920 5450 petitur:
2971 5376 3100 5448 quid
3151 5376 3374 5432 laederet
3402 5390 3523 5430 eum
3549 5375 3651 5430 hu-

368 5468 477 5522 οὐκ
508 5469 646 5542 ἔχων
675 5470 973 5524 διαόαινειν
1003 5474 1083 5536 εἰς
1114 5471 1313 5543 ψυχὴν,
1345 5471 1401 5525 el
1424 5473 1724 5537 τις.ἀκούει
1758 5490 1955 5543 στεγα-

2060 5473 2300 5545 jusmodi
2352 5472 2708 5543 vituperatio,
2743 5487 2863 5542 quae
2918 5487 3026 5526 non
3072 5477 3252 5541 potest
3306 5471 3370 5521 ad
3405 5468 3647 5535 animam

368 5559 644 5632 νώτερον;
676 5561 944 5616 Διώκεται
964 5577 979 5593 ο
1012 5564 1108 5617 καὶ⁸
1139 5562 1302 5633 μέχρι
1331 5563 1510 5630 τίνος;
1542 5563 1617 5617 Οὐ
1647 5562 1756 5634 γὰρ
1784 5562 1954 5632 δήπου

2067 5565 2321 5631 transire,
2356 5563 2653 5619 dummodo
2701 5562 2826 5634 quis
2858 5571 3036 5617 tectus
3100 5558 3328 5615 audiat?
3385 5558 3650 5613 Persecu-

370 5651 475 5706 καὶ
504 5650 647 5723 ὑπὲρ
672 5652 742 5705 τά
775 5652 1029 5719 Γάδειρα.
1057 5652 1121 5707 El
1153 5651 1211 5705 δὲ
1244 5653 1336 5707 καὶ
1361 5652 1537 5718 τοῦτο,
1564 5652 1731 5722 ἐγγὺς
1760 5654 1817 5707 αἱ
1844 5654 1954 5709 τῶν

2066 5658 2263 5717 tionem
2299 5656 2500 5725 patitur
2530 5670 2546 5709 :
2596 5644 3055 5725 usquequolNon
3086 5662 3235 5707 certe
3261 5649 3403 5705 ultra
3442 5646 3644 5709 Gades.

375 5742 648 5813 μακάρων
692 5743 1075 5815 ἱστορούμεναι
1121 5745 1309 5815 νῆσοι,
1351 5744 1446 5805 καὶ
1491 5744 1835 5809 καταπαύσει
1878 5746 1958 5812 εἰς

2069 5747 2126 5804 Si
2157 5763 2288 5805 vero
2319 5751 2389 5803 Ita
2421 5758 2526 5815 est,
2554 5762 2724 5819 prope
2755 5752 2885 5803 sunt
2910 5746 3195 5803 celebrata:
3236 5743 3520 5800 beatorum
3557 5740 3645 5807 in-

370 5835 566 5899 αὐτάς.

2070 5840 2219 5907 sulm,
2260 5840 2313 5895 in
2348 5840 2535 5911 eisque
2566 5838 2894 5910 requiescet.
