4090 6412
494 372 600 439 48¹ί

1218 369 1638 433 EUSTATHII
1670 368 2430 432 THESSALONICENSIS
2468 372 2520 432 Μ
2534 371 3034 434 ΕΤΕΟῙὈΙᾸἸἏἘ

3641 373 3757 437 488

569 497 661 554 98.
722 493 918 550 Audire
948 491 1210 547 debemus
1257 492 1575 548 dicentem:
1634 509 1653 543 ι
1698 491 1843 546 Beati
1904 490 2062 553 estis,

2241 490 2349 559 κη’.
2392 492 2703 546 ’Λκουστὲον
2753 492 2845 545 τοῦ
2889 492 3133 567 εἰπόντος
3159 506 3172 520 ⁸
3222 508 3241 542 ί
3272 490 3549 561 Μακάριοι
3588 494 3756 559 ἔστε.

497 605 619 645 cum
647 586 1093 655 exprobraverlnt
1131 599 1227 639 vos
1296 598 1360 639 ac
1411 585 1685 656 persecuti
1734 582 2008 644 fuerint“,
2044 599 2062 631 ι

495 693 547 739 et
584 680 881 745 reliquum;
939 677 990 730 in
1021 691 1131 746 quo
1178 676 1400 747 ponitur
1448 676 1611 730 etiam
1641 690 1806 731 omne
1834 674 2065 728 verbum

496 771 886 826 calumniosum
916 784 981 823 ac
1004 768 1198 822 falsum
1251 775 1473 836 prouter
1499 766 1915 821 Deumillatum.
1963 764 2071 818 An—

498 880 602 919 non
633 878 795 932 porro
832 863 945 917 haec
975 856 1157 915 omnia
1186 860 1444 931 plueruut
1475 870 1666 914 contra
1700 873 1819 921 nos,
1870 858 2067 911 nebula

503 971 672 1024 super
702 970 799 1008 nos
823 954 1192 1021 impendente,
1242 967 1408 1023 quam
1463 964 1698 1020 vapores
1728 949 1934 1004 humidi
1981 962 2071 1015 pa-

511 1046 709 1100 triotici
738 1045 916 1100 victus
948 1051 1002 1099 et
1049 1042 1158 1098 odii
1191 1042 1461 1109 extranei,
1524 1040 1877 1101 elevaverunt
1928 1046 1981 1093 et
2013 1038 2067 1092 in

500 1140 727 1193 densum
754 1136 1188 1191 contraxerunt?
1214 1133 1471 1190 Convicia
1497 1131 1641 1201 passi
1670 1145 1882 1192 sumus,
1912 1138 2071 1199 quot-

496 1238 629 1297 quot
663 1226 1021 1300 Opprobrium
1058 1226 1261 1280 inferre
1322 1234 1574 1291 possunt.
1629 1223 2068 1278 Persecutionem

497 1320 872 1383 sustinuimus,
909 1333 1029 1388 quae
1071 1317 1273 1385 pendet
1311 1317 1379 1371 ab
1410 1314 1684 1378 osoribus,
1721 1314 1913 1383 quibus
1937 1328 2073 1383 pra:-

496 1410 671 1465 seutia
698 1411 813 1467 loca
838 1424 945 1464 non
967 1424 1086 1463 esse
1113 1409 1335 1477 capacia
1362 1407 1735 1477 reperiuntur,
1760 1406 1914 1473 quasi
1937 1419 2072 1459 sane

500 1502 656 1555 nobis
693 1510 863 1554 totum
899 1499 1255 1568 replentibus.
1294 1507 1348 1552 et
1382 1498 1527 1567 hunc
1559 1496 1878 1561 universum
1908 1507 2069 1550 caete-

499 1592 576 1645 ris
618 1607 720 1645 non
780 1591 1131 1646 habitabilem
1188 1590 1535 1645 facientibus.
1585 1588 1651 1643 Et
1708 1599 1885 1644 tamen
1934 1589 2072 1643 nihil

502 1683 676 1753 magis
702 1699 865 1753 quam
900 1698 998 1741 nos
1038 1683 1533 1751 circumsm-iptum.
1564 1682 1895 1749 Quantulum
1921 1682 2068 1737 enim

499 1775 787 1842 occupabit
815 1776 1013 1834 locum,
1044 1774 1201 1842 pulex
1235 1788 1397 1837 unus,
1437 1782 1491 1828 et
1518 1775 1605 1827 cui
1648 1788 1872 1844 magnus
1902 1772 2068 1827 David

2172 583 2300 636 ὅταν
2335 582 2666 635 ὀνεινίσωσιν
2698 583 2843 653 ὑμᾶς
2885 584 2980 636 καὶ
3017 581 3288 647 διώξωσι,
3334 601 3352 633 ι
3396 582 3487 635 καὶ
3522 583 3583 634 τὸ
3622 585 3758 651 ἑξῆς

2171 674 2311 735 ὅλον,
2348 676 2406 725 ὲν
2439 668 2480 741 ᾧ
2523 680 2700 727 κεῖται
2744 676 2838 728 καὶ
2877 676 2986 729 πᾶν
3025 675 3173 744 ῥῆμα
3214 676 3524 743 κατήγορον
3555 674 3759 743 ψευδές

2170 782 2228 817 τε
2256 765 2347 818 καὶ
2376 766 2713 832 ἐπαγόμενον
2739 766 2927 818 ἕνεκεν
2946 764 3039 818 τοῦ
3067 764 3229 821 Θεοῦ.
3248 760 3326 818 Ἦ
3354 765 3463 834 γάρ
3486 768 3545 819 οὐ
3575 767 3759 820 ταύτὰ

2172 854 2349 907 πάντα
2376 854 2497 907 καθ’
2523 856 2679 924 ἡμῶν
2705 855 3017 926 βέϐρεκται,
3046 855 3238 923 νέφους
3264 853 3760 922 ύπερκρεμασθέντ

2171 963 2262 1008 τος
2308 946 2489 1015 ήμῶν,
2535 948 2672 1017 ὅπερ
2712 946 2938 1013 ἀτμίδες
2978 947 3072 1000 καὶ
3113 946 3282 1018 ὑγροῦ
3329 946 3425 1015 μὲν
3468 943 3755 1016 ἡμεδαποῦ

2173 1039 2312 1108 βίου.
2347 1040 2440 1092 καὶ
2475 1040 2666 1108 μίσους
2694 1040 2750 1092 δὲ
2779 1039 3085 1110 ἀλλοτρίου.
3115 1038 3337 1107 ὕψωσαν
3368 1036 3458 1090 καὶ
3490 1037 3763 1107 συνέστη-

2173 1146 2271 1182 σαν
2301 1131 2381 1193 είς
2411 1129 2720 1200 πύκνωμας
2756 1130 3197 1200 Ὦνειδίσθημεν,
3228 1130 3328 1183 ὅσα
3361 1129 3454 1181 καὶ
3482 1145 3760 1198 προενεγο

2172 1221 2288 1272 κεῖν
2315 1221 2581 1291 αἰσχύνην
2610 1222 2743 1289 ἔχει.
2777 1221 3150 1292 Ἑδιώχθημεν
3178 1220 3238 1274 τό
3267 1238 3331 1288 γε
3360 1214 3494 1293 ἦκον
3518 1221 3598 1283 είς
3620 1220 3760 1284 τοὺς

2174 1314 2511 1381 μισήσαντας
2537 1329 2551 1345 ⁸
2585 1313 2666 1375 οἷς
2698 1316 2799 1369 οῦκ
2832 1310 2974 1368 εἶναι
3006 1315 3074 1367 τά
3108 1314 3341 1368 ἐνταῦθα
3374 1313 3600 1384 χωρητά
3632 1314 3757 1367 ἐνέ-

2173 1420 2387 1468 σταται,
2419 1405 2493 1468 ὡς
2526 1408 2682 1475 ἡμῶν
2706 1406 2865 1475 δῆθεν
2891 1410 2951 1460 τὸ
2983 1408 3093 1459 πᾶν
3123 1406 3228 1475 πλη
3241 1408 3499 1477 ρούντων,
3526 1405 3619 1458 καὶ
3649 1407 3757 1474 τὴν

2172 1493 2407 1549 ἐνταῦθα
2446 1497 2774 1566 οἰκουμένην
2813 1497 3151 1565 ποιουμένων
3188 1496 3447 1566 ἀοίκητον
3483 1497 3595 1558 τοῖς
3637 1494 3759 1547 λοι-

2171 1586 2314 1648 ποῖς.
2348 1586 2457 1640 Καὶ
2495 1587 2600 1656 μὴν
2634 1588 2786 1640 οὐδὲν
2819 1589 2977 1657 ἡμῶν
3009 1587 3600 1657 εὖπεριγραπτότερον.
3638 1586 3760 1652 Πη-

2170 1674 2317 1728 λίκον
2358 1676 2467 1749 γάρ
2510 1678 2729 1744 καθέξει
2777 1679 2940 1732 τόπον
2981 1678 3181 1749 ψύλλος
3228 1673 3329 1743 εἷς,
3371 1678 3540 1747 ὁποίῳ
3584 1677 3680 1732 καὶ
3724 1680 3759 1731 ὀ
3860 1683 3871 1691 ⁸

2176 1767 2348 1836 μέγας
2374 1769 2537 1823 Δαυῖδ
2567 1771 2786 1823 εἴκασεν
2813 1771 3037 1837 έαυτόνς
3070 1771 3301 1842 Ἐρρέθη
3329 1774 3424 1826 καὶ
3449 1770 3572 1823 καθ’
3592 1769 3758 1840 ἡμῶν

499 1868 848 1935 semetipsmu
878 1867 1243 1921 assitnilavit?
1292 1867 1715 1923 Pronuntiatum
1773 1875 1856 1921 est
1906 1866 2070 1919 etiam

2180 1859 2327 1927 ῥῆμα
2348 1898 2363 1922 ,
2395 1860 2456 1913 ού
2488 1861 2602 1914 τόδε
2633 1879 2685 1914 τι
2721 1862 2907 1925 ἁπλῶς
2928 1904 2942 1922 .
2975 1836 3112 1917 ἀλλὰ
3133 1836 3469 1930 ’πᾶνίοῖμοι
3503 1836 3642 1932 γὰρ-ς
3677 1854 3761 1921 ὧν

500 1965 687 2008 contra
721 1971 819 2012 nos
872 1956 1120 2022 verbum,
1170 1971 1275 2010 non
1332 1956 1438 2013 hoc
1470 1956 1672 2027 aliquid
1723 1954 2075 2023 simpliciter,

500 2047 592 2099 sed
613 2062 790 2101 omne.
826 2046 959 2102 Nam
985 2047 1153 2103 eheu!
1202 2050 1381 2118 qualia
1412 2050 1765 2104 audivimusl
1821 2047 2076 2118 pleraque

499 2137 684 2200 placer
739 2149 1013 2206 nequeunt
1040 2139 1235 2209 linguae
1264 2155 1384 2210 quae
1416 2139 1604 2194 didicit
1632 2140 1857 2195 honesta
1905 2137 2073 2207 loqui.

498 2224 580 2280 An
610 2242 738 2283 vero
769 2243 874 2281 non
917 2227 1184 2283 fallaciter
1217 2229 1334 2284 haec
1381 2228 1525 2284 dicta
1558 2229 1691 2293 sint,
1722 2228 1814 2283 sed
1842 2244 1908 2282 ex
1931 2225 2077 2281 veri-

501 2326 635 2383 tate,
686 2319 924 2374 nondum
970 2321 1190 2388 quidem
1242 2320 1589 2375 criminosam
1610 2320 1823 2389 percepi
1857 2319 2079 2373 demon-

501 2412 821 2466 strationem
856 2427 871 2463 :
928 2425 1056 2466 erce
1088 2426 1218 2466 vero
1248 2410 1563 2467 certaminis
1594 2411 1783 2472 statio,
1817 2419 1866 2463 et
1900 2408 1944 2463 si
1981 2423 2076 2462 co-

502 2517 692 2557 ronam
728 2501 990 2558 meruerit
1015 2501 1303 2556 adversum
1328 2515 1428 2556 nos
1452 2501 1541 2570 qui
1567 2500 1863 2569 procedere
1884 2509 2075 2553 contra

502 2593 670 2647 fuerit
722 2606 911 2655 ausus,
962 2605 1214 2646 corrnam
1248 2599 1304 2646 et
1342 2607 1371 2645 a
1418 2593 1597 2648 divina
1658 2593 1993 2648 beatitudine
2022 2597 2078 2644 et

502 2684 665 2738 etiam
693 2698 720 2735 a
759 2682 889 2736 vita.
918 2682 1026 2737 Sed
1057 2692 1112 2737 et
1156 2684 1200 2738 si
1230 2683 1454 2738 verbum
1498 2701 1518 2737 ι
1562 2690 1785 2753 propter
1810 2697 1897 2736 me
1934 2698 1952 2734 ι
1987 2680 2075 2732 hic

501 2774 756 2828 convenit
798 2774 1040 2846 (prOpter
1102 2774 1268 2829 Deum
1318 2774 1464 2829 enim
1523 2773 1654 2829 mihi
1691 2780 1817 2828 sunt
1884 2772 2075 2841 hujus-

505 2862 647 2918 modi
676 2866 982 2933 passiones,
1031 2873 1087 2920 et
1133 2872 1357 2936 propter
1401 2864 1675 2934 justitiam
1707 2871 1763 2918 et
1789 2864 2073 2919 veritatem

501 2954 681 3022 ejus);
733 2971 837 3008 non
889 2955 1121 3023 amplius
1171 2955 1460 3010 decertare
1513 2953 1661 3022 volo,
1723 2968 1789 3009 ne
1827 2953 2076 3007 revelans

503 3043 755 3109 molesta,
781 3053 1006 3113 prapler
1039 3058 1159 3112 quae
1193 3044 1321 3097 steti
1352 3042 1704 3098 adversarius
1737 3049 1793 3096 et
1830 3041 1916 3096 hic
1946 3055 2078 3094 con-

2177 1951 2530 2020 ἠκούσαμεν,
2565 1946 2640 2007 ὧν
2672 1955 2739 2006 τὰ
2778 1953 2953 2008 πολλὰ
2983 1954 3103 2008 οὐδὲ
3136 1954 3379 2025 ὀχεῖσθαι
3411 1954 3634 2008 δύναται
3670 1954 3756 2014 είς

2177 2040 2428 2108 γλῶσσαν
2479 2043 2656 2112 σεμνά
2706 2045 2935 2114 φράζειν
2986 2046 3395 2115 μεμαθηκυῖαν.
3449 2046 3513 2099 Εί
3562 2046 3619 2098 δὲ
3675 2046 3757 2124 μὴ

2176 2130 2388 2201 ψευδῶς
2420 2136 2602 2188 ἱκεῖνα
2631 2134 2969 2205 λελάληνται,
2999 2135 3137 2190 ἀλλά
3170 2135 3303 2205 πρὸς
3335 2134 3616 2205 ἀλήθειαν,
3652 2136 3761 2189 οὐκ

2178 2222 2287 2293 εχω
2339 2224 2437 2292 μὲν
2483 2227 2859 2298 κατηγορικὴν
2906 2226 3181 2294 ἀπόδειξιν
3229 2226 3310 2279 ἔτι
3369 2225 3707 2297 μεμαθηκώς
3737 2241 3757 2257 ⁸

2182 2315 2292 2369 ἰδοὺ
2322 2317 2380 2371 δὲ
2412 2317 2563 2387 βῆμα
2599 2317 2776 2388 πάλης
2798 2335 2813 2350 ο
2847 2318 2942 2373 καὶ
2979 2322 3027 2372 εἰ
3064 2319 3437 2389 στεφανωθείη
3470 2318 3592 2372 κατ’
3616 2319 3759 2387 ἐμοῦ

2178 2411 2207 2463 ὁ
2248 2409 2517 2479 προσῆναι
2560 2410 2916 2482 τεθαρῤηκὼς
2958 2411 3038 2474 είς
3080 2411 3411 2475 ἀντίπαλον,
3460 2412 3761 2482 ἐκπέσοιμι

2179 2499 2274 2552 καὶ
2302 2499 2395 2552 τοῦ
2426 2499 2610 2552 θεόθεν
2644 2500 2997 2573 μακαρισμοῦ
3017 2543 3033 2568 ,
3068 2501 3164 2555 καὶ
3191 2500 3285 2555 τοῦ
3314 2501 3459 2572 ἔχειν
3492 2501 3656 2572 ζωήν.
3692 2507 3761 2558 Εἰ

2178 2590 2236 2643 δὲ
2277 2592 2371 2643 καὶ¹
2402 2592 2463 2643 τὸ
2504 2609 2520 2642 ι
2564 2591 2748 2645 ἕνεκεν
2784 2590 2918 2661 ἐμοῦ
2961 2610 2979 2644 ι
3018 2592 3280 2659 ἁρμόττει
3319 2591 3556 2645 ἐνταῦθα
3594 2593 3757 2662 (Θεοῦ

2178 2682 2289 2751 γάρ
2322 2699 2411 2752 μοι
2439 2683 2626 2737 ἓνεκεν
2659 2685 2715 2738 αἱ
2742 2685 2990 2753 τοιαῦται
3020 2684 3192 2739 πάθαι
3222 2685 3317 2738 καὶ⁵
3346 2688 3444 2756 τῆς
3473 2684 3594 2739 κατ’
3613 2688 3763 2739 έκεῖ-

2178 2790 2269 2828 νον
2293 2775 2389 2828 καὶ
2417 2776 2570 2845 δίκης
2595 2776 2691 2829 καὶ
2717 2775 3018 2846 ἀληθείας),
3048 2777 3147 2831 ούκ
3173 2776 3341 2830 ἐθέλω
3368 2778 3507 2839 τέως
3534 2778 3761 2844 ἐπαγω-

2179 2864 2466 2930 νίσασθαι,
2506 2866 2579 2935 μὴ
2616 2867 2711 2920 καὶ
2745 2867 3066 2931 ἀποδεικνὺς
3096 2869 3162 2922 τὰ
3196 2868 3433 2935 φορτικᾶ
3455 2906 3471 2930 ,
3502 2868 3642 2938 ὑπὲρ
3677 2860 3758 2921 ὧν

2178 2955 2443 3024 ἐνστάτης
2498 2956 2781 3026 προεστὼς
2826 2957 3099 3023 ἐξέκαυσα
3153 2958 3420 3028 ἐγχώριον
3468 2957 3588 3011 κατ’
3616 2959 3757 3025 ἐμοῦ

2181 3047 2478 3116 πυρκαϊὰν.
2523 3046 2744 3101 ἀκούσω
2791 3048 2976 3112 ποθὲν,
3026 3049 3100 3111 ὡς
3155 3049 3265 3101 tam
3313 3050 3342 3101 6
3387 3047 3610 3117 ἔξαρνος
3656 3050 3758 3102 τοῦ

505 3144 589 3189 tra
643 3149 732 3190 me
780 3135 1036 3190 succendi
1089 3134 1427 3197 incendium,
1488 3131 1627 3188 forte
1652 3133 1866 3188 audiam
1898 3151 1918 3185 ‹
1948 3146 2073 3187 ecce

2183 3154 2203 3189 ι
2254 3139 2610 3205 μνησικακεῖν
2659 3156 2679 3190 ι
2726 3138 3072 3206 ἐνισχόμενος
3114 3138 3193 3207 τῷ
3237 3138 3399 3191 πάθει
3448 3138 3757 3210 ἁλίσκεται,

504 3228 595 3297 qui
662 3228 787 3282 mali
835 3226 1153 3283 meminisse
1199 3235 1364 3296 negat
1413 3234 1638 3281 coaetus
1667 3225 1922 3292 passione
1947 3238 2073 3279 con-

2185 3228 2538 3299 παράμουσον
2567 3228 2760 3283 τοῦτον
2788 3230 2967 3299 λόγον,
2997 3232 3089 3284 καὶ
3120 3230 3220 3283 οὐκ
3248 3230 3448 3300 εύγενῆ
3478 3230 3600 3284 οὐδὲ
3626 3231 3759 3301 δρα-

500 3322 762 3383 viucltur,
799 3337 818 3371 ι
866 3319 1013 3373 hunc
1042 3332 1348 3374 sermonem
1399 3324 1746 3379 extraneum,
1791 3327 1890 3368 nec
1924 3314 2078 3367 nobio

500 3414 605 3468 lem
632 3428 729 3467 nec
758 3422 1065 3476 strenuum,
1109 3408 1480 3467 resonantiam
1549 3407 1749 3475 lingua:
1790 3405 2075 3461 inhonesta

501 3506 770 3571 canentis,
806 3515 861 3559 et
888 3503 1010 3558 talis
1042 3518 1163 3572 qua:
1190 3502 1461 3557 balbutire
1485 3510 1658 3570 nugas
1702 3507 1755 3552 et
1799 3496 1933 3552 nihil
1979 3510 2079 3566 op-

501 3607 798 3668 portunum
835 3595 981 3665 loqui
1006 3596 1165 3651 sciat.

576 3688 667 3744 99.
730 3686 821 3742 Sic
852 3702 951 3755 ego
995 3702 1101 3742 non
1134 3685 1327 3742 ulcisci
1360 3684 1661 3749 machinor,
1696 3681 1790 3738 sed
1817 3692 1873 3737 et
1897 3681 2077 3751 cujus-

501 3781 640 3837 libet
682 3778 989 3848 hujusmodi
1049 3792 1299 3847 persona:
1332 3775 1642 3848 negotiique
1697 3774 2078 3844 importunita-

500 3881 610 3931 tem
642 3879 697 3925 et
750 3870 1083 3941 imperitiam
1110 3878 1168 3924 et
1185 3883 1343 3923 mane
1377 3868 1621 3922 studium
1646 3867 1903 3928 observo,
1931 3864 2078 3931 judi-

501 3979 633 4018 cans
658 3974 711 4019 et
743 3964 847 4019 hoc
869 3976 933 4018 ex
961 3976 1066 4029 me,
1103 3961 1245 4031 quod
1281 3960 1359 4014 illi
1407 3958 1499 4026 qui
1533 3957 1866 4014 maledicunt
1888 3972 2076 4027 quem-

504 4055 627 4109 dam
661 4069 769 4111 non
797 4068 1023 4123 prorsus
1051 4051 1119 4106 ab
1151 4066 1254 4105 usu
1279 4049 1487 4104 dicendi
1518 4049 1776 4112 alienum,
1805 4048 1857 4102 in
1894 4060 2077 4114 repre-

511 4140 839 4196 heudeutem
898 4140 1069 4193 aciem
1124 4137 1268 4197 inire
1322 4136 1599 4189 videntur.
1647 4133 1838 4189 Omnis
1892 4146 2072 4188 autem

504 4231 629 4286 talis
678 4231 911 4285 dilectus
961 4237 1108 4285 esset
1150 4229 1412 4283 rationem
1462 4226 1679 4282 habenti
1714 4265 1730 4292 ,
1781 4226 2072 4289 secundum

501 4325 644 4381 istud
685 4342 699 4378 :
740 4341 758 4375 ι
795 4321 1145 4392 Reprehende
1190 4320 1516 4389 sapientem,
1554 4330 1606 4371 et
1633 4317 1818 4387 diliget
1875 4316 2009 4370 te“.
2049 4332 2069 4379 ρ

510 4415 667 4470 Addo
699 4424 877 4468 tamen
930 4415 1031 4468 hoc
1062 4428 1163 4482 pro
1191 4412 1441 4477 veritate,
1485 4409 1656 4480 quod,
1714 4409 1806 4463 ubi
1852 4408 2069 4477 quidem

2184 3320 2386 3384 στικὸν,
2430 3322 2703 3390 ἅπήχημα
2740 3320 2994 3390 γλώσσης
3035 3321 3266 3393 ᾀδούσης
3305 3322 3623 3391 ἀνάρμοστα
3662 3321 3760 3375 καὶ

2181 3408 2298 3472 οῖας
2331 3409 2675 3483 βατταρίξειν
2706 3411 2906 3466 ειδέναι
2925 3448 2943 3478 ,
2979 3412 3074 3465 καὶ
3107 3412 3275 3483 μηδὲν
3303 3412 3488 3467 λαλεῖν
3517 3412 3757 3481 καίριον.

2252 3675 2358 3741 ιιοι.
2399 3673 2588 3740 Οὕτως
2637 3676 2749 3744 ἐγὼ
2793 3676 2917 3730 οὔτε
2953 3674 3266 3745 ἀμύνασθαι
3310 3675 3610 3746 τεχνῶμαι,
3660 3679 3760 3733 καὶ

2181 3766 2385 3830 παντὸς
2427 3767 2482 3819 δὲ
2517 3766 2722 3820 τοιοῦδε
2763 3767 3057 3838 προσώπου
3100 3768 3195 3821 καὶ
3234 3766 3561 3837 πράγματος
3599 3768 3760 3821 ἀκαι-

2183 3857 2305 3928 ρίαν
2334 3858 2667 3926 καταφράζω
2700 3859 2795 3925 καὶ
2826 3860 3126 3928 σκαιότητα
3156 3860 3251 3912 καὶ
3283 3857 3522 3928 σπουδὴν
3553 3858 3759 3913 ὑπόκε-

2180 3967 2299 4015 νον,
2334 3950 2524 4019 κρίνας
2554 3950 2648 4002 καὶ
2676 3952 2853 4004 έκεῖνο
2881 3950 3017 4021 πρὸς
3047 3952 3319 4021 ἐμαυτοῦ,
3350 3952 3425 4018 ὡς
3453 3954 3503 4008 οῖ
3534 3954 3762 4009 κακολο-

2180 4029 2402 4109 γοῦντές
2450 4057 2571 4094 τινα
2626 4041 2701 4110 μὴ
2750 4041 2891 4095 πάνυ
2943 4043 3309 4114 ἐστερημένον
3355 4046 3458 4113 τῆς
3505 4047 3563 4098 ὲν
3611 4045 3759 4115 λόγῳ

2179 4132 2475 4202 διαγωγῆς,
2513 4132 2594 4195 εις
2636 4131 2931 4203 ἐλέγχοντα
2970 4134 3189 4188 δοκοῦσι
3223 4136 3505 4207 τετάχθαι.
3548 4139 3658 4200 Hd;
3699 4138 3759 4209 δὲ

2188 4224 2429 4287 τοιοῦτος
2466 4224 2747 4295 ἀγαπητὸς
2780 4225 2848 4278 ἂν
2882 4225 2969 4296 εἴη
3002 4226 3080 4296 τῷ
3114 4227 3272 4294 λόγον
3305 4226 3483 4297 ἔχοντι
3516 4229 3658 4282 κατὰ
3696 4229 3760 4294 τὸ

2184 4334 2204 4366 ι
2243 4316 2468 4386 Ἔλεγχε
2504 4317 2697 4385 σοφὸν,
2744 4318 2839 4371 καὶ
2886 4317 3164 4389 ἀγαπήσει
3213 4335 3295 4372 σε.
3350 4337 3368 4370 ι
3417 4318 3760 4391 Προστίθημι

2183 4408 2366 4476 μέντοι
2401 4410 2620 4463 κάκεῖνο
2652 4408 2789 4480 πρὸς
2823 4409 3135 4476 ἀκρίϐειαν,
3169 4411 3265 4473 ὡς.
3306 4410 3433 4464 ἔνθα
3470 4412 3571 4481 μὲν
3606 4412 3760 4480 φίλος

507 4505 720 4561 amicus
745 4504 1115 4575 reprehendit,
1144 4503 1220 4558 ibi
1252 4517 1475 4572 prorsus
1502 4511 1584 4556 est
1616 4501 1856 4571 jucunda
1887 4515 2073 4566 reprc—

2178 4498 2419 4569 ὲλέγχει,
2453 4502 2568 4553 ῖκεῖ
2599 4501 2821 4563 πάντως
2850 4501 2947 4554 καὶ
2981 4502 3107 4572 ἡδὺς
3142 4502 3169 4553 6
3203 4500 3453 4570 ἐλεγχος,
3486 4503 3584 4555 καὶ
3613 4501 3760 4568 διδα-

498 4597 713 4662 hcnsio,
741 4605 795 4651 et
821 4596 1078 4651 erudiens
1110 4606 1165 4651 et
1203 4595 1283 4649 sic
1324 4594 1641 4663 corrigens;
1682 4593 1771 4648 ubi
1802 4606 1931 4646 vero
1963 4591 2065 4647 ini-

498 4686 674 4740 micus
705 4696 791 4742 est
831 4686 923 4755 qui
984 4684 1431 4754 reprehensionis
1472 4684 1683 4737 acerbae
1732 4685 1897 4736 verba
1950 4697 2075 4750 pro—

500 4778 626 4843 fert,
688 4777 765 4832 ibi
809 4776 1206 4849 jucunditatem
1258 4776 1613 4845 reprehensio
1640 4789 1825 4830 secum
1856 4788 1960 4827 non
1993 4771 2075 4826 af-

496 4864 625 4930 fert,
662 4876 729 4925 eo
762 4862 905 4930 quod
938 4876 1001 4917 ex
1050 4877 1147 4916 ore
1176 4877 1283 4917 non
1316 4863 1514 4925 amico,
1549 4876 1651 4915 nec
1702 4859 2076 4924 mellifluente,

497 4957 590 5009 sed
643 4961 930 5008 eructante
979 4966 1316 5022 quaecunque
1374 4952 1604 5020 loquens
1635 4951 1869 5005 audienti
1923 4956 2086 5020 putas

495 5058 617 5099 esse
644 5044 807 5109 mala,
840 5044 977 5099 exit.
1016 5043 1136 5098 Non
1171 5058 1299 5098 vero
1335 5052 1513 5098 tamen
1553 5042 1868 5113 bujusmodi
1899 5056 2083 5111 repre-

496 5134 690 5191 hensio
744 5143 944 5199 cessat,
1008 5136 1136 5203 quin
1219 5134 1363 5190 utilis
1442 5136 1535 5191 sit.
1620 5134 2081 5203 Quemadmodum

520 5226 664 5281 enim
690 5225 781 5293 qui
808 5240 1005 5293 corpus
1026 5240 1214 5286 sanum
1271 5225 1407 5293 vult,
1467 5226 1650 5288 etiam.
1672 5226 1956 5295 plusquam
1996 5224 2083 5292 ip-

501 5330 622 5372 sum
655 5315 782 5381 mel,
809 5331 1050 5370 amarum
1080 5317 1411 5372 absinthium
1436 5318 1721 5372 aestimabit
1746 5335 1761 5385 ;
1794 5320 1872 5372 sic
1896 5325 1951 5373 et
1981 5318 2074 5383 qui

506 5406 621 5460 vult
654 5406 831 5460 anima
864 5422 1026 5462 sanus
1057 5422 1201 5477 esse,
1243 5411 1384 5479 quod
1416 5410 1546 5464 utile
1571 5420 1657 5465 est
1687 5409 2073 5475 emendicabit,

502 5497 647 5553 sicut
671 5497 737 5552 ab
766 5500 937 5553 amica
967 5499 1271 5566 locutione;
1331 5502 1409 5557 sic
1443 5502 1607 5556 etiam
1664 5503 1731 5555 ab
1773 5501 1867 5557 illo
1889 5501 1984 5571 qui
2017 5509 2076 5556 ut

507 5588 765 5645 inimicus
815 5588 1074 5660 loquitur.
1131 5590 1341 5663 Itaque,
1395 5593 1538 5647 sicut
1588 5592 1796 5659 invenit
1835 5594 1975 5663 quod
2008 5594 2074 5649 ad

586 5766 634 5801 ’°
658 5766 842 5825 Matth.
878 5786 927 5838 ν,
964 5769 1048 5825 ll.
1139 5771 1183 5802 ἰ
1217 5769 1380 5839 Prov.
1418 5785 1537 5835 XIX,
1572 5770 1666 5825 25.

2171 4588 2431 4653 σκαλικὸς
2452 4629 2467 4653 ,
2496 4591 2589 4643 καὶ
2616 4589 2789 4654 οὕτως
2819 4591 3241 4660 ἑπιστρεπτικός
3265 4607 3279 4621 ·
3309 4592 3443 4662 ὅπου
3475 4592 3531 4645 δὲ
3562 4593 3759 4669 ἐχθρὸς

2169 4683 2198 4734 6
2236 4682 2627 4752 ἀναταράττων
2671 4683 2737 4735 τὰ
2777 4682 2857 4745 εἰς
2899 4682 3099 4752 δριμὺν
3140 4682 3391 4755 ἔλεγχον,
3434 4684 3551 4747 ἀλλ’
3577 4687 3759 4737 ἐκεῖσε

2171 4771 2364 4843 ἡδονὴν
2399 4773 2497 4841 μὲν
2528 4775 2555 4826 6
2584 4773 2799 4845 ἐλεγχος
2832 4774 2933 4826 οὐκ
2966 4775 3291 4847 ὲπισύρεται
3316 4814 3330 4838 ,
3364 4776 3489 4828 ἐπεὶ
3520 4775 3586 4845 δὴ
3623 4776 3760 4846 μηδὲ

2176 4863 2393 4932 φιλικοῦ
2428 4864 2641 4935 πρόεισι
2677 4866 2944 4933 στόματος
2965 4905 2980 4929 ,
3018 4866 3145 4935 μέλι
3181 4866 3589 4938 ἀπορρέοντος,
3622 4866 3762 4921 ἀλλὰ

2178 4954 2629 5026 ὲξερευγομένου,
2654 4956 2798 5028 ἆπερ
2820 4957 2847 5009 6
2867 4956 3044 5025 λαλῶν
3066 4957 3236 5010 οἴεται
3261 4957 3396 5028 πρὸς
3422 4958 3594 5011 κακοῦ
3618 4955 3761 5012 εἶναι

2178 5046 2255 5118 τῷ
2288 5048 2561 5102 ἀκούοντι.
2592 5046 2706 5100 Οὐκ
2739 5047 3028 5116 ἐστέρηται
3059 5047 3116 5099 δὲ
3146 5048 3299 5117 ὅμως
3327 5047 3437 5101 οὐδ’
3460 5049 3488 5101 6
3517 5047 3761 5112 τοιοῦτος

2179 5134 2399 5209 ἔλεγχος
2422 5137 2516 5190 τοῦ
2544 5138 2801 5207 προσιτὸς
2827 5134 2989 5191 εἶναι.
3015 5137 3103 5201 Ὣς
3129 5139 3238 5209 γὰρ
3261 5141 3288 5191 6
3317 5139 3559 5209 μελετῶν
3585 5139 3763 5207 ὑγιαί-

2177 5246 2293 5283 νειν
2322 5230 2378 5292 ἐς
2407 5228 2567 5300 σῶμα
2588 5268 2603 5292 ,
2633 5229 2931 5299 τιμήσεται
2961 5246 3092 5282 ποτε
3122 5232 3219 5285 καὶ
3247 5230 3383 5302 πρὸς
3412 5228 3578 5283 αὐτοῦ
3612 5230 3764 5299 μέλι-

2179 5337 2267 5382 τος
2292 5320 2354 5372 τὸ
2382 5319 2578 5389 πικρὸν
2605 5319 2853 5388 ἀψίνθιον
2870 5358 2885 5384 ,
2911 5318 3055 5372 οὕτω
3081 5321 3176 5375 καὶ
3204 5323 3283 5383 είς
3312 5320 3489 5392 ψυχὴν
3516 5322 3762 5376 εὐεκτείν

2181 5410 2402 5474 ἐθέλων,
2439 5410 2743 5479 ὲρανίσεται
2774 5410 2835 5461 τὸ
2865 5409 3132 5478 ὠφελοῦν,
3166 5410 3357 5481 ὥσπερ
3393 5412 3499 5463 ἀπ’)
3535 5410 3761 5485 φιλικῆς

2180 5502 2393 5569 λαλιᾶς,
2421 5499 2562 5555 οὓτω
2585 5501 2641 5554 δὲ
2667 5503 2760 5554 καὶ
2787 5501 2894 5554 άπὸ
2916 5500 3009 5554 τοῦ
3038 5500 3176 5572 πρὸς
3199 5501 3424 5573 ἐχθρίαν
3447 5500 3760 5573 λαλοῦντος.

2183 5592 2392 5648 Οὐκοῦν
2414 5593 2509 5647 καὶ
2529 5592 2718 5665 ὥσπερ
2741 5594 2804 5647 ἐκ
2829 5591 2983 5661 φίλου
3009 5592 3255 5664 εὑρίσκει
3277 5592 3335 5647 τὸ
3360 5592 3761 5666 κατορθοῦσθαι
