4090 6418
454 435 560 495 489

1423 432 1675 494 CONTB
1688 434 1734 490 Α
1780 433 2014 494 iNJUR
2029 435 2280 497 [ARUM
2325 439 2544 500 ΜΕ.Μο
2555 441 2773 504 RIAM.

3603 441 3706 502 49)

454 545 532 604 εἰς
575 542 703 596 εὐθύ
745 544 967 614 ἀρετῆς,
1010 547 1152 602 οὕτω
1194 553 1286 605 καὶ
1329 554 1434 607 ἀπὸ
1475 555 1811 624 δυσμενοῦςο
1853 558 1900 607 εἰ
1944 554 2030 606 καὶ

2150 556 2370 609 virtutis
2401 556 2776 610 rectitudinem
2809 555 2954 611 dutit
2977 571 3043 608 ex
3071 554 3268 618 amico,
3299 553 3375 608 sic
3396 553 3532 608 etab
3555 553 3709 611 hoste

454 634 629 686 ἐκεῖνο
666 633 762 702 μὲν
793 636 1071 704 γλυκὲως,
1105 641 1424 713 ὐποπίκρως
1453 645 1510 698 δὲ
1542 645 1717 700 τοῦτο.
1754 647 2030 712 Λογιεῖται

457 724 563 794 γὰρ
592 723 651 776 εὖ
689 725 832 794 μάλα
864 727 1038 797 ὀρθῶς
1066 731 1092 782 6
1124 731 1339 786 ἀκούων
1372 735 1554 798 κακῶς
1578 779 1590 801 ,
1622 737 1705 788 ὅτι
1740 736 2034 804 ἀληθεύον-

455 832 545 876 τος
579 815 680 883 μὲν
709 815 802 868 τοῦ
835 817 1031 888 ἐχθροῦ
1064 822 1335 891 κερδαίνει
1370 827 1638 895 σωτήριόν
1668 844 1717 879 τι
1752 829 1778 880 6
1810 828 2034 881 κακολο-

373 985 384 999 ο
457 909 741 977 γούμενος.
792 909 926 963 διότι
976 913 1132 984 φέρει
1181 915 1669 989 θριαμϐευόμενος,
1723 923 1816 974 καὶ
1867 940 2033 976 κατα-

456 999 710 1052 νύσσεται
741 1003 820 1063 ’ἐς
869 1003 1068 1074 ψυχὴν,
1114 1008 1206 1060 καὶ
1253 1009 1446 1078 φεύγει
1488 1011 1586 1081 τὴν
1628 1014 1705 1074 εἰς
1747 1013 1808 1064 τὸ
1863 1012 2032 1066 κακὸν

456 1093 743 1161 ἐπιμονὴν,
774 1096 948 1165 λέγων
982 1099 1077 1150 καὶ
1107 1099 1238 1153 αὐτὸ
1266 1102 1327 1154 τὺ
1364 1123 1382 1153 ί
1406 1104 1467 1156 ΕΞ
1499 1103 1644 1158 οὕτω
1674 1105 1912 1172 γνωστὸν
1945 1107 2033 1172 γέ-

456 1199 579 1248 γονε
603 1225 618 1248 ,
659 1204 678 1238 ι
716 1188 810 1239 καὶ
847 1188 1144 1259 θεραπείαν
1173 1192 1294 1245 τινὰ
1325 1193 1465 1263 ἔχων
1493 1194 1591 1264 τὴν
1622 1198 1678 1249 ὲν
1710 1197 1898 1268 κόσμῳ
1932 1213 2031 1250 κα-

457 1271 730 1338 τάκρισιν.
765 1276 874 1328 Καὶ
906 1276 1048 1331 οὕτω
1082 1280 1182 1348 μὲν
1205 1319 1219 1342 ,
1255 1281 1412 1352 εἴπερ
1445 1283 1701 1354 ἀληθεύει
1735 1286 1969 1348 ἐκτιθεὶς
2004 1289 2031 1338 ὁ

458 1361 649 1431 ἐχθρὸς
675 1365 741 1416 τὰ
767 1365 860 1418 τοῦ
895 1369 1225 1438 μισουμένου
1255 1373 1402 1424 κακά
1425 1391 1436 1402 ·
1467 1375 1513 1425 εί
1546 1374 1602 1426 δὲ
1634 1377 1724 1428 καὶ
1755 1375 2026 1444 ψεύδοιτο,

456 1454 589 1505 ἀλλὰ
626 1454 720 1506 καὶ
750 1457 870 1509 τόδε
901 1459 1090 1530 κέρδος
1127 1463 1268 1530 μέγα
1302 1465 1377 1534 τῷ
1412 1466 1864 1538 κακολογουμένῳ
1885 1508 1899 1533 ,
1935 1469 2028 1521 καὶ

455 1546 515 1596 οὐ
551 1549 711 1614 μόνον
751 1548 832 1601 ὅτι
853 1588 868 1609 ,
913 1550 989 1614 ὡς
1027 1553 1247 1622 οῐδαμεν
1268 1593 1282 1620 ,
1315 1556 1598 1626 μακαρίως
1630 1559 1826 1629 πάσχει
1859 1578 2030 1613 κατα-

459 1639 904 1708 μαρτυρούμενος
930 1641 1072 1696 οὕτω
1095 1645 1307 1713 ψευδῶς
1324 1688 1338 1710 ,
1366 1648 1500 1702 ἀλλὰ
1527 1650 1618 1702 καὶ
1645 1651 1725 1713 είς
1747 1651 1806 1704 τὸ
1835 1653 2029 1721 μέλλον

455 1727 800 1796 ῥυθμίζεται,
846 1729 1242 1802 διανοούμενος,
1292 1736 1367 1799 ὡς
1420 1739 1469 1789 εί
1519 1740 1610 1790 καὶ
1666 1738 1741 1810 μὴ
1795 1741 2029 1811 ποιήσας

454 1821 861 1888 χρωματίζεται
904 1823 1097 1891 οὕτως,
1138 1823 1250 1892 οἷος
1291 1829 1358 1885 ἂν
1402 1832 1728 1902 εἰκονισθείη
1774 1850 2023 1906 παραπε-

456 1910 690 1976 πτωκὼς
738 1916 817 1977 είς
865 1916 1190 1989 ἁμάρτημα.
1243 1920 1432 1984 Οὕτως
1480 1920 1592 1990 ἐγὼ
1641 1925 1854 1992 φρονῶν
1898 1926 2027 1990 περὶ

450 2002 696 2072 ἀμύνης,
741 2005 842 2058 οὐκ
884 2006 952 2059 ἂν
991 2010 1252 2082 γενοίμην
1293 2010 1388 2064 τοῦ
1432 2013 1768 2083 ἀμύνεσθαι,
1815 2014 1891 2084 μὴ
1934 2015 2028 2068 καὶ

450 2097 796 2169 ἁπαγάγοιμι
827 2099 962 2170 ἐμοῦ
993 2101 1158 2157 αὐτοῦ
1186 2103 1246 2156 τὸ
1280 2104 1574 2170 σώζεσθαι.

526 2187 591 2256 ρ’.
629 2190 790 2244 Ἀλλά
836 2194 908 2263 μή
952 2195 1042 2264 μοί
1080 2213 1165 2259 τις
1207 2198 1440 2252 ἐνταῦθα
1481 2204 1770 2270 σοφιστικὰ
1811 2205 2029 2268 παίζειν

452 2279 648 2334 ἐθέλων
684 2282 1036 2355 ὐποφερέτω,
1074 2289 1167 2341 καὶ
1206 2289 1438 2361 χάριτας
1480 2295 1792 2364 ἐποφείλειν
1831 2299 2027 2368 χρῆναι

451 2374 732 2442 ἀναφανδᾶ
765 2380 876 2441 τοῖς
915 2381 1335 2449 κακοποιοῦσιν,
1371 2386 1532 2458 εἴπερ
1568 2387 1626 2441 τὸ
1658 2389 1900 2444 τοιοῦτον
1933 2409 2031 2446 κα-

453 2466 546 2519 κὸν
579 2469 671 2520 καὶ
703 2470 783 2533 εἰς
818 2470 1064 2541 ἰατρείαν
1095 2477 1208 2539 τοῖς
1241 2477 1408 2531 εἰδόσι
1442 2481 1634 2550 φέρειν
1668 2483 2027 2554 ἐγγράφεται,

453 2557 548 2610 καὶ
572 2559 648 2623 είς
676 2559 1049 2627 διδασκαλίαν,
1075 2566 1170 2618 καὶ
1199 2567 1278 2630 είς
1304 2568 1673 2640 εὐεργέτημα,
1703 2573 1796 2626 καὶ
1827 2575 1906 2638 είς
1931 2575 2031 2629 ὅσα

453 2653 678 2707 τοιαῦτα
701 2670 718 2687 ο
750 2656 884 2724 μηδὲ
911 2656 1144 2723 ἀξιούτω
1172 2659 1320 2732 ἡμᾶς
1345 2661 1406 2716 τὸ
1439 2663 1630 2728 κακὸν,
1659 2663 1687 2717 ὃ
1713 2666 1810 2735 τὴν
1841 2683 1861 2718 ι
1897 2683 2033 2736 μνη·

455 2748 710 2801 σικακίαν
748 2768 766 2801 ι
803 2751 1188 2821 παρανομάζει
1209 2794 1224 2815 ,
1263 2757 1642 2826 μεταγράφειν
1675 2759 1757 2821 εἰς
1789 2759 1994 2827 ἀγαθὸν
2015 2801 2030 2825 ,

455 2839 548 2892 καὶ
577 2840 1002 2911 ἀντονομάζειν,
1033 2844 1108 2906 ὡς
1138 2844 1300 2916 δῆθεν
1329 2847 1498 2900 καλόν
1518 2865 1532 2880 ο
1569 2849 1656 2904 ἵνα
1683 2850 1828 2904 οὕτω
1857 2852 2033 2922 χρεὼν

455 2933 536 3002 εἵη
559 2973 573 2997 ,
608 2935 702 2986 καὶ
735 2934 1077 2998 διδασκάλοις
1109 2939 1484 3009 ἐγγράφεσθαι
1515 2943 1642 3005 τοὺς
1677 2945 2034 2997 κακοποιοῦν-

453 3039 553 3085 τας
574 3061 588 3084 ,
620 3022 696 3085 ὡς
723 3017 814 3076 οἷα
850 3025 984 3095 πρὸς
1015 3027 1218 3097 ἀρετὴν
1252 3029 1683 3099 ἐπιστρέφοντας
1711 3029 1803 3082 τὸν
1833 3031 2030 3084 κακού-

458 3135 618 3184 μενον
640 3157 654 3180 ,
691 3117 852 3190 εἴπερ
889 3119 950 3173 εὖ
989 3122 1196 3186 ἐκεῖνος
1231 3123 1488 3192 φρονοίη,
1529 3123 1624 3177 καὶ
1656 3124 1756 3195 τὴν
1791 3125 2032 3180 κάκωσιν

2140 646 2375 710 infenso,
2407 647 2533 701 licet
2551 647 2772 717 quidem
2799 644 3029 699 dulciter
3054 643 3204 710 illud,
3227 644 3332 699 hoc
3357 651 3537 698 autem
3558 659 3710 698 ama-

2139 752 2216 791 re.
2277 738 2598 792 Rectissime
2647 751 2879 808 namque
2929 743 3146 804 reputat
3192 735 3284 806 qui
3335 733 3478 790 male
3530 734 3707 799 audit,

2136 827 2414 898 quoniam,
2449 829 2670 884 inimico
2722 843 2848 884 vere
2887 827 3104 897 quidem
3151 827 3427 895 loquente,
3467 825 3713 880 lucralur

2137 920 2338 988 aliquid
2367 920 2608 974 salutare
2637 920 2985 984 maledictus,
3005 935 3069 975 eo
3095 918 3239 989 quod
3268 919 3373 972 fert
3406 917 3714 987 triumpha-

2136 1013 2285 1076 liter,
2309 1019 2363 1064 et
2389 1011 2568 1064 anima
2599 1011 3006 1081 compungitur,
3031 1020 3085 1066 ot
3109 1011 3162 1065 in
3191 1009 3334 1064 malo
3359 1023 3714 1078 perseveran-

2137 1104 2263 1156 tiam
2309 1103 2466 1172 fugit,
2504 1103 2688 1157 dicens
2745 1113 2800 1154 et
2840 1102 2941 1156 hoc
2988 1102 3166 1172 ipsum
3201 1120 3215 1157 :
3253 1120 3273 1153 ι
3314 1101 3370 1156 Si
3404 1109 3591 1156 notum
3630 1100 3712 1154 fac

2136 1203 2288 1250 ctum
2326 1203 2442 1259 est;
2477 1211 2495 1245 ι
2533 1203 2586 1247 et
2637 1197 2926 1262 quamdam
2975 1194 3313 1249 curationem
3344 1208 3410 1247 ex
3438 1193 3710 1248 mundana

2134 1288 2590 1342 condemnatione
2621 1286 2866 1342 trahens.
2899 1286 2963 1341 Et
2988 1289 3058 1341 ita
3083 1287 3302 1356 quidem
3332 1294 3444 1349 est,
3475 1286 3520 1342 si
3546 1300 3712 1341 verax

2135 1389 2218 1433 est
2245 1379 2494 1434 inimicus
2517 1377 2691 1433 odiosi
2734 1378 2875 1432 mala
2918 1378 3243 1448 explicans;
3277 1379 3324 1434 si
3375 1391 3505 1434 vero
3561 1392 3715 1432 men-

2136 1470 2318 1534 tiatur,
2356 1469 2457 1524 hoc
2489 1469 2650 1524 etiam
2685 1484 2939 1536 magnum
2990 1468 3203 1522 lucrum
3236 1475 3323 1524 est
3373 1465 3711 1522 maledictio-

2137 1575 2257 1613 ncm
2291 1559 2542 1630 patienti,
2601 1575 2705 1613 non
2755 1561 2953 1622 solum,
2995 1561 3120 1629 quia
3155 1559 3320 1615 veluti
3365 1559 3590 1624 scimus,
3618 1557 3710 1627 qui

2134 1654 2214 1707 sic
2244 1645 2512 1707 fallaciter
2540 1652 2682 1705 malo
2723 1651 3032 1708 testimonio
3074 1650 3389 1715 lacessitur,
3425 1649 3582 1702 beate
3613 1663 3705 1717 pa-

2137 1741 2294 1805 titur,
2346 1743 2440 1796 sed
2476 1741 2642 1796 etiam
2665 1743 2790 1811 quia
2823 1742 2876 1794 in
2933 1750 3210 1812 posterum
3259 1748 3406 1796 recte
3437 1737 3710 1810 dirigitur,

2135 1832 2514 1898 considerans,
2549 1835 2692 1902 quod
2729 1833 2771 1887 si
2815 1831 3036 1902 quidem
3077 1847 3186 1889 non
3228 1839 3484 1900 operatus
3535 1827 3716 1883 taliter

2130 1924 2464 1995 depingitur,
2487 1924 2668 1994 qualis
2690 1931 3177 1994 repraesentaretur
3195 1923 3246 1976 in
3273 1930 3560 1994 peccatum
3588 1934 3713 1990 pro-

2131 2019 2330 2088 lapsus.
2361 2015 2452 2072 Sic
2504 2032 2605 2088 ego
2631 2017 2696 2072 de
2730 2016 2962 2071 vindicta
3006 2016 3273 2080 sentiens,
3320 2014 3387 2070 ad
3429 2013 3713 2068 vindican-

2129 2111 2256 2166 dum
2281 2110 2423 2167 haud
2447 2111 2708 2174 venirem,
2741 2125 2808 2164 ne
2835 2108 3076 2180 procula
3098 2123 3183 2163 me
3203 2107 3430 2163 salutem
3452 2105 3710 2163 efficiam.

2202 2201 2324 2256 100.
2359 2203 2610 2256 Attamen
2653 2216 2719 2256 ne
2766 2202 2892 2271 quis
2929 2200 3060 2255 mihi
3119 2200 3309 2254 volens
3369 2199 3459 2253 hic
3521 2199 3714 2267 jocose

2131 2309 2410 2366 opponere
2459 2294 2782 2364 sophistica,
2833 2294 2983 2350 dicat
3061 2293 3267 2364 gratias
3327 2291 3491 2346 etiam
3526 2300 3716 2360 aperte

2135 2387 2608 2443 malefacientibus
2649 2401 2770 2442 esse
2828 2385 3158 2451 reddendas,
3216 2385 3487 2454 siquidem
3531 2381 3716 2451 hujus—

2133 2479 2281 2534 tnodi
2311 2478 2512 2533 malum
2545 2478 2599 2532 in
2638 2479 2977 2533 curationem
3031 2475 3178 2531 ierre
3237 2474 3534 2531 scientibus
3587 2487 3716 2528 cen-

2134 2583 2314 2639 setur,
2352 2582 2404 2626 et
2459 2572 2512 2624 in
2547 2571 2912 2640 disciplinam,
2942 2578 2996 2623 et
3047 2569 3099 2621 in
3156 2566 3505 2630 beneficium,
3552 2574 3602 2620 et
3660 2565 3713 2616 in

2137 2667 2240 2721 alia
2305 2665 2550 2732 similia;
2586 2679 2762 2734 neque
2801 2661 3079 2718 existimet
3137 2660 3364 2723 malum,
3400 2658 3542 2730 quod
3585 2657 3714 2710 mali

2136 2758 2453 2816 memoriam
2509 2755 2863 2826 cognominat
2903 2768 3024 2815 nos,
3083 2755 3226 2807 inter
3277 2750 3416 2807 bona
3478 2749 3709 2813 referre,

2139 2851 2406 2921 aliterque
2452 2849 2753 2912 nominare,
2793 2847 2950 2917 quasi
2988 2843 3200 2900 scilicet
3243 2843 3482 2908 bonum;
3519 2844 3591 2896 ita
3654 2851 3714 2896 ut

2134 2959 2270 3007 opus
2303 2950 2474 3008 esset,
2507 2941 2648 2996 inter
2677 2941 2974 3010 magistros
3011 2935 3232 2992 inscribi
3277 2933 3714 2998 malefacientos,

2137 3045 2396 3104 tanquam
2425 3033 2490 3087 ad
2523 3033 2781 3087 virtutem
2811 3035 3202 3086 convertentes
3243 3035 3524 3090 vexatum,
3563 3025 3718 3079 dum-

2137 3129 2296 3182 modo
2323 3125 2543 3196 quidem
2578 3123 2668 3180 ille
2696 3131 2842 3180 recte
2873 3121 3096 3186 sentiat,
3126 3129 3179 3174 et
3205 3118 3554 3174 vexationem
3591 3131 3690 3187 pro

452 3212 644 3278 ἀνάγοι
700 3213 836 3283 πρὸς
889 3213 1206 3280 παίδευσιν,
1259 3215 1754 3286 ἀναλογιζόμενος,
1806 3217 1884 3282 ὡς
1929 3219 2029 3271 οὐκ

2135 3221 2297 3276 vehat
2329 3219 2385 3274 in
2440 3217 2808 3288 disciplinam,
2859 3221 3124 3284 reputans
3167 3211 3312 3281 quod
3381 3223 3488 3264 non
3523 3223 3718 3276 opera-

453 3305 633 3372 ἀγαθὰ
665 3304 880 3377 πράξας
908 3307 1156 3378 εὐρὲσκει
1183 3309 1312 3370 τούς
1339 3307 1693 3388 κολάζοντας,
1722 3309 1898 3378 λέγων
1927 3326 2030 3363 που

455 3399 549 3452 καὶ
582 3397 742 3462 αὐτὸς
778 3399 1044 3468 καιρίως,
1082 3400 1164 3453 ὄτι
1201 3400 1270 3454 τὰ
1309 3400 1450 3472 ἔργα
1481 3403 1610 3466 τούς
1647 3402 1844 3470 λόγους
1881 3402 2032 3472 εὐρί-

457 3507 670 3552 σκεται,
712 3492 806 3544 καὶ
843 3489 919 3555 ὡς
961 3492 1284 3565 νοσημάτων
1321 3493 1503 3566 ψυχῆς
1550 3495 1792 3548 τοιοῦτον
1837 3497 2032 3564 φύεται

454 3584 702 3652 νοσήλιον
735 3586 1054 3656 φάρμακον.

525 3683 628 3748 ραν.
670 3677 764 3748 Μὴ
792 3677 856 3747 δὴ
881 3677 1110 3735 τοιαῦτά
1134 3697 1256 3734 τινα
1285 3679 1678 3752 ὐποκρουέσθω
1702 3697 1785 3745 τις
1816 3680 2032 3748 παίζειν

453 3769 652 3822 ἐθέλων
693 3770 788 3822 καὶ
836 3769 1021 3837 γελοῖα
1071 3773 1411 3842 σοφίζεσθαι.
1456 3773 1655 3843 Πρῶτα
1703 3774 1802 3842 μὲν
1846 3773 1961 3846 γὰρ
2005 3775 2033 3827 δ

451 3858 690 3922 τοιοῦτος
721 3859 1038 3926 ἀκούσεται,
1064 3860 1164 3928 ὡς,
1192 3861 1354 3933 εἴπερ
1385 3861 1594 3928 ἀγαθον
1622 3862 1945 3933 αὐτόχρημα
1969 3863 2030 3915 τὸ

453 3954 790 4015 κακοποιεῖν,
829 3953 882 4006 τί
931 3954 1134 4025 δήποτε
1184 3955 1212 4007 6
1265 3954 1435 4007 κακὸν
1483 3953 1655 4007 ποιῶν
1697 3955 1831 4008 αὐτὸ
1872 3953 2031 4010 τοῦτο

454 4043 619 4097 ποθὲν
651 4045 990 4112 ἐλεγκτικῶς
1024 4047 1422 4117 ὀνειδιζόμενος
1460 4048 1613 4101 ὀκνεῖ
1644 4047 1898 4116 ἀκούειν,
1935 4051 2032 4102 καὶ

449 4137 794 4208 δυσχεραίνει
829 4139 921 4193 τὸν
953 4139 1144 4208 λόγον,
1182 4141 1277 4194 καὶ
1311 4140 1372 4194 οὐ
1409 4140 1590 4212 χαίρει
1630 4141 1918 4211 μανθάνων
1949 4142 2031 4196 oi-

451 4230 597 4284 κεῖον
621 4229 882 4299 ἐπαινονς
922 4231 1136 4303 Ἀλλὰῆ
1158 4232 1275 4302 βύει
1300 4233 1368 4287 τὰ
1396 4227 1510 4287 ὦτα
1529 4233 1667 4306 πρὸς
1691 4233 1781 4288 τὸν
1803 4233 2030 4299 δνειδον,

452 4321 484 4390 ἢ
540 4321 731 4377 ἀκούει
784 4325 907 4394 μὲν,
955 4324 1345 4396 ἀντερεύγεται
1399 4325 1457 4377 δὲ
1507 4329 1884 4397 γογγυσμούς,
1936 4327 2032 4380 καὶ

451 4413 846 4485 ὑϐριζόμενος,
881 4417 963 4471 ὅτι
1001 4420 1326 4483 κακοποιεῖς
1353 4418 1587 4472 Ἔπειτα
1625 4418 1680 4472 δὲ
1716 4418 2029 4489 προσακού-

453 4524 610 4561 σεται
644 4509 773 4575 καὶ,
807 4508 890 4563 ὅτι
922 4509 1078 4562 λαλεῖ
1112 4509 1213 4580 μὲν
1243 4511 1272 4564 6
1303 4509 1478 4574 οὕτως
1513 4510 1755 4577 ἀξιώσας
1796 4513 2029 4582 πρᾶγμα

449 4599 792 4671 τολμηθῆναι
831 4601 1153 4673 δυνάμενον,
1199 4603 1296 4656 καὶ
1360 4602 1666 4674 παραλαλεῖ
1705 4589 2029 4656 ἐπιείκειαν.

453 4693 739 4764 Δυνάμεθα
764 4694 874 4764 γὰρ
897 4693 1040 4748 οὓτω
1064 4696 1262 4760 ποιεῖν,
1286 4695 1380 4749 καὶ
1407 4695 1698 4765 ὀνομάζειν
1722 4695 1814 4749 τδν
1839 4695 2034 4766 ἐχθρὸν

456 4785 556 4854 μὲν
597 4784 726 4839 ἄλλο
767 4801 821 4838 τι
865 4785 1086 4854 σεμνὸν,
1135 4787 1228 4842 καὶ
1274 4787 1552 4841 ἐντάττειν
1601 4785 1762 4840 αὐτὸν
1809 4787 1909 4856 μὲν
1952 4789 2034 4850 εἰς

452 4877 742 4948 εὐεργέτου
775 4877 943 4930 τόπον
963 4916 978 4940 ,
1017 4876 1078 4930 τὸ
1109 4877 1166 4930 δὲ
1199 4877 1310 4931 τῶν
1346 4877 1632 4949 μωλώπων
1665 4877 1906 4945 ἐξοιδοῦν
1939 4879 2034 4930 καὶ

455 4967 698 5039 ὕφαιμον
736 4969 818 5032 είς
861 4969 1036 5040 πάχος
1081 4969 1350 5041 εὐτροφον
1391 4969 1621 5035 τιθέναι,
1666 4971 1830 5041 φιλίῳ
1871 4969 2033 5040 χυμῷ

453 5062 803 5135 χρωζόμενον
829 5061 888 5116 τὸ
919 5061 1064 5116 κατά
1094 5063 1379 5135 ἐρύθημα,
1409 5063 1478 5117 τὰ
1504 5063 1559 5117 δὲ
1595 5063 1919 5134 ῥαπίσματα
1951 5063 2032 5124 εἰς

453 5157 771 5227 φιλήματα,
803 5154 902 5219 τὰς
939 5153 1291 5225 βλασφημίας
1324 5156 1407 5216 είς
1437 5154 1727 5224 εὐλογίας,
1762 5154 1829 5207 τὰ
1862 5169 2028 5206 κατα-

452 5249 746 5317 πτύσματα
774 5250 854 5310 εἰς
885 5247 1076 5316 μύρων
1102 5245 1377 5317 χεύματα,
1401 5246 1528 5309 τοὺς
1554 5247 1620 5301 ἐκ
1643 5245 1850 5318 τριχῶν
1877 5244 2034 5298 ἑλκυ-

452 5340 628 5410 σμούς
656 5341 736 5403 εἰς
762 5339 1121 5409 κτενίσματα,
1147 5338 1232 5407 ἐφ’
1257 5335 1337 5403 οἷς
1367 5339 1643 5408 πλόκαμοι
1671 5338 1808 5410 πρὸς
1835 5337 2034 5401 κάλλος

452 5433 734 5502 κέχυνται.
763 5430 874 5485 Καὶ
903 5431 1131 5485 δυναταὶ
1165 5431 1263 5501 μὲν
1288 5432 1344 5486 αἱ
1369 5430 1620 5486 τοιαῦται
1651 5430 1994 5502 μετωνυμίαι
2013 5445 2028 5460 ⁶

449 5524 551 5578 οὐκ
589 5520 706 5578 οἶδα
748 5525 829 5590 δὲ,
870 5525 920 5578 εί
965 5524 1312 5594 ἐκφευξείται
1355 5527 1383 5579 6
1427 5522 1605 5588 οὕτως
1643 5523 2031 5594 ἀντονομάζων

453 5617 818 5687 εὐτραπελίας
851 5617 1130 5688 ἔγκλημα,
1163 5619 1260 5672 καὶ
1293 5618 1356 5672 τὸ
1389 5619 1553 5690 εἴρων
1582 5613 1744 5684 εἶναι,
1776 5619 1872 5672 καὶ
1905 5615 2032 5670 κλέ-

453 5724 609 5763 πτειν
637 5709 746 5762 εῐτε
781 5709 973 5764 ἑαυτὸν
999 5709 1080 5773 εἰς
1109 5709 1390 5779 νοήματα,
1420 5710 1516 5763 καὶ
1543 5709 1604 5762 τὸ
1633 5711 1690 5762 ἐν
1717 5706 2030 5779 ἀνθρώποις

453 5798 1157 5866 κοινωνικὸνγέξαλλάττων
1199 5798 1366 5862 οὕτω,
1413 5799 1512 5852 καὶ
1557 5798 1908 5866 ἀλλοφωνῶν,
1953 5795 2027 5860 ὡς

453 5893 652 5958 εἰπεῖν,
698 5893 793 5946 καὶ
837 5891 1193 5963 ἀντιφράζων
1237 5891 1525 5946 ἀλλόκοτα.
1569 5893 1796 5962 Μήποτε
1837 5891 1892 5946 δὲ
1938 5890 2028 5950 ἐπ’

741 5989 1010 6046 ΡΑτειοι,
1042 5987 1163 6046 (iu.
1185 5984 1523 6045 CXXXVI.

2147 3319 2231 3363 tus
2259 3308 2426 3376 bona,
2471 3307 2789 3362 adulatores
2828 3304 3060 3369 invenit,
3094 3302 3284 3357 dicens
3334 3309 3514 3354 autem
3547 3299 3715 3354 etiam

2137 3400 2254 3470 ipse
2305 3414 2411 3454 non
2466 3399 2798 3469 importune,
2839 3397 2983 3468 quod
3041 3409 3206 3468 Opera
3267 3393 3514 3469 rationes
3566 3391 3718 3445 inve-

2140 3493 2325 3559 nlunt,
2358 3503 2410 3548 et
2454 3499 2713 3561 tanquam
2769 3489 2965 3544 animae
3012 3489 3328 3545 morborum
3363 3481 3716 3554 tale'produ-

2136 3587 2278 3639 citur
2302 3584 2548 3640 salutare
2587 3583 2909 3638 remedium.

2212 3679 2337 3732 101.
2365 3676 2483 3732 Non
2543 3692 2674 3732 sane
2705 3676 2830 3732 talia
2859 3677 3104 3747 quaedam
3140 3679 3362 3748 aliquis,
3407 3676 3593 3732 uidere
3624 3693 3716 3732 ro-

2138 3771 2254 3825 lens
2309 3778 2363 3823 et
2413 3769 2601 3838 jocose
2655 3766 3066 3839 SOphisticeque
3119 3768 3388 3831 cavillari,
3449 3767 3712 3837 proferat.

2137 3862 2324 3917 Primo
2359 3861 2582 3932 quidem
2611 3860 2754 3916 enim
2783 3859 2990 3924 audiet,
3020 3860 3182 3931 quod,
3217 3859 3266 3914 si
3302 3861 3504 3915 bonum
3537 3860 3716 3929 reipsa

2141 3963 2227 4007 est
2274 3951 2623 4019 malefacere,
2651 3951 2782 4022 quid
2825 3951 3047 4007 tandem
3091 3949 3289 4006 malum
3327 3949 3617 4006 facientem
3649 3951 3718 4006 de

2135 4045 2238 4101 hoc
2269 4046 2386 4114 ipso
2417 4044 2874 4115 vituperationem
2913 4059 2977 4100 ac
3003 4043 3490 4114 reprehensionem
3523 4041 3718 4098 audire

2135 4139 2305 4210 piget,
2363 4139 2561 4208 hicque
2599 4152 2745 4209 aegre
2806 4137 2914 4192 fert
2969 4152 3303 4202 sermonem,
3341 4150 3440 4192 nec
3504 4134 3719 4191 disCere

2134 4243 2289 4286 suam
2345 4229 2557 4285 laudem
2602 4230 2846 4301 gaudet?
2881 4229 2987 4287 Sed
3021 4229 3108 4286 vel
3159 4229 3382 4284 obturat
3429 4242 3591 4283 aures
3651 4228 3719 4284 ad

2133 4321 2654 4392 exprobrationem,
2703 4323 2783 4378 vel
2843 4322 2996 4377 audit
3061 4323 3302 4392 quidem,
3359 4330 3416 4376 at
3468 4333 3719 4374 murmur

2133 4426 2364 4482 eructat,
2422 4417 2588 4471 etiam
2652 4416 2866 4485 injuriae
2927 4415 3157 4480 habens,
3195 4414 3341 4484 quod
3395 4411 3718 4469 malefacit?

2137 4505 2337 4562 Deinde
2353 4523 2484 4564 vero
2499 4523 2717 4578 quoque
2730 4509 2935 4573 audiet,
2955 4507 3097 4577 quod
3114 4505 3356 4576 loquitur
3369 4503 3610 4572 quidem,
3625 4502 3717 4573 qui

2135 4600 2406 4672 judicavit
2441 4602 2517 4656 ita
2551 4615 2662 4656 rem
2702 4617 2835 4657 ausu
2879 4600 3218 4673 possibilem,
3255 4596 3350 4653 sed
3389 4607 3541 4652 extra
3585 4609 3716 4650 sen-

2138 4711 2258 4750 sum
2289 4694 2548 4765 loquitur.
2606 4693 2904 4751 Possumus
2949 4695 3098 4750 enim
3149 4693 3232 4749 sic
3293 4690 3475 4744 facere
3537 4685 3720 4743 nomi-

2137 4803 2377 4859 nareqne
2413 4789 2690 4845 inimicum
2747 4789 2890 4843 aliud
2933 4787 3062 4858 quid
3098 4787 3418 4849 honestum;
3445 4792 3499 4837 et
3538 4783 3712 4851 ipsum

2134 4879 2353 4948 quidem
2412 4880 2463 4935 in
2513 4880 2740 4937 benefici
2814 4879 2988 4936 locum
3026 4877 3360 4948 provehere,
3434 4875 3715 4945 plagarum

2138 4982 2319 5026 autem
2355 4981 2624 5027 tumorem
2660 4980 2715 5027 et
2773 4973 3024 5027 ruborem
3068 4971 3123 5026 in
3177 4969 3524 5026 nutritoriam
3588 4968 3714 5037 pinc

2136 5065 2447 5133 guedinem,
2479 5065 2659 5119 amico
2709 5078 2877 5120 succo
2930 5064 3336 5126 rubescentem,
3376 5061 3712 5124 inscribere;

2135 5159 2322 5228 alapas
2381 5156 2436 5212 in
2477 5157 2687 5222 oscula,
2741 5155 3107 5226 blasphemias
3160 5156 3215 5208 in
3271 5152 3706 5216 benedictiones,

2135 5258 2482 5322 sputamenta
2519 5251 2573 5305 in
2623 5259 3027 5319 unguentorum
3083 5248 3346 5311 fusioues,
3385 5244 3714 5316 capillorum

2133 5343 2452 5400 circinosin
2506 5351 2808 5411 comptum,
2861 5355 2969 5411 quo
3027 5341 3253 5410 pulchre
3283 5355 3453 5397 coma:
3513 5336 3707 5392 ﬂuunt:

2135 5435 2431 5493 Possibiles
2499 5436 2716 5505 quidem
2770 5441 2896 5488 sunt
2950 5431 3259 5502 huiusmodi
3318 5429 3708 5501 metonymia:

2134 5545 2244 5584 non
2275 5537 2456 5583 autem
2487 5529 2626 5592 scio,
2651 5541 2719 5582 an
2750 5525 2948 5595 quisic
2983 5523 3415 5580 antonomastice
3444 5519 3708 5588 loquitur,

2132 5608 2484 5676 scurrilitatis
2537 5633 2799 5673 vocamen
2826 5616 3069 5687 effugiet,
3101 5630 3202 5671 nec
3245 5613 3518 5684 jocolator
3554 5611 3706 5664 dice-
3739 5677 3742 5680 ἢ

2134 5722 2246 5775 tur,
2279 5719 2371 5764 aut
2402 5725 2505 5764 non
2538 5708 2591 5764 in
2623 5705 3050 5779 cogitationibus
3077 5719 3137 5761 se
3180 5705 3446 5761 seduceus
3484 5695 3710 5753 habebi-

2133 5814 2240 5868 tur,
2274 5801 2376 5867 sic,
2413 5803 2556 5871 quod
2590 5815 2881 5856 commune
2918 5808 3002 5855 est
3035 5799 3089 5852 in
3131 5795 3468 5856 hominibus,
3501 5792 3706 5844 immu-

2133 5904 2254 5950 laus
2313 5901 2741 5962 cxlraucamque
2775 5890 2888 5946 fere
2920 5890 3162 5962 linguam
3221 5886 3472 5954 loquens,
3515 5888 3570 5936 et
3609 5893 3706 5950 per

3219 5982 3297 6044 16
