4090 6432
335 458 449 522 191

1055 462 1476 528 EUSTATHII
1513 463 2288 529 THESSAIDNICENSIS
2329 465 2903 529 METROPOLITIE

3491 465 3605 530 492

331 569 701 642 antiphraslm
757 571 992 628 absurda
1039 571 1252 630 dicens.
1289 572 1402 631 Nisi
1439 589 1572 632 vero
1629 576 1771 633 forte
1822 575 1909 631 hic

2036 581 2184 636 ιῦτοῦ
2229 581 2742 654 καταπαιχθήσεται
2797 579 2857 633 τό
2881 593 2896 609 ⁶
2952 578 3017 633 Ἦ
3057 577 3273 648 γλῶττα
3327 572 3502 646 εἶπεν,
3562 581 3604 650 ἡ

343 662 558 717 ludatur
588 661 778 718 istud:
824 659 1030 734 Lingua
1071 663 1227 730 dixlt,
1298 678 1454 722 mens
1490 679 1623 723 vero
1653 680 1762 722 non
1795 674 1919 722 erat

333 767 572 810 consors
603 769 706 810 nec
775 755 1091 815 concinens.
1154 755 1359 812 Forsan
1390 766 1570 813 autem
1598 757 1714 828 ipse
1739 766 1920 814 sumet

336 846 586 902 ordinem
640 859 761 901 cum
818 846 890 900 ita
924 845 1146 902 ludente
1199 863 1216 902 :
1271 847 1408 915 Quis
1462 849 1569 906 scit
1625 864 1692 904 an
1735 849 1921 906 vivere

329 940 408 994 sit
436 938 578 993 idem
609 952 674 993 ac
711 937 890 992 mori?
936 945 994 993 et
1035 949 1264 995 caetera.
1322 939 1516 998 Nonne
1565 941 1710 996 enim
1774 940 1917 997 idem

339 1028 492 1085 lusus
525 1036 609 1084 est
655 1029 882 1085 dicere:
912 1028 1049 1097 Quis
1096 1032 1200 1087 scit
1228 1046 1297 1087 an
1354 1047 1662 1104 conspuere
1699 1031 1772 1089 sit
1802 1047 1920 1087 am-

341 1121 528 1192 plecti,
562 1121 828 1192 virgaque
876 1121 1044 1179 l'erire
1076 1122 1250 1179 amice
1296 1123 1560 1191 salutare,
1588 1133 1645 1180 et
1681 1123 1915 1194 reliqua,

341 1215 543 1281 quibus
567 1227 627 1270 se
649 1211 881 1282 lactabit
913 1214 1002 1269 ille
1036 1215 1131 1285 qui
1179 1213 1448 1272 maleﬁcia
1492 1216 1735 1288 reputari
1791 1228 1918 1274 vera

342 1305 602 1362 beneﬁcia
631 1305 841 1376 judical
863 1307 889 1361 τ

417 1395 544 1452 l02.
572 1396 690 1450 Non
725 1396 895 1466 igitur
930 1410 1172 1468 possem,
1208 1399 1670 1468 quemadmodum
1695 1415 1796 1472 per
1825 1416 1922 1456 an-

343 1487 708 1543 tonomasiam
763 1502 983 1555 vocare,
1018 1489 1102 1545 sic
1160 1505 1264 1546 nec
1317 1491 1373 1546 in
1430 1492 1665 1564 idipsum
1718 1508 1922 1565 ponere

336 1578 666 1650 magistrum
699 1593 823 1634 eum
867 1580 960 1649 qui
990 1595 1076 1637 me
1123 1581 1262 1638 male
1291 1590 1514 1641 tractat.
1569 1581 1724 1657 Nulla
1776 1586 1921 1640 enim

349 1667 687 1735 magistralis
717 1669 938 1723 vexatio
968 1669 1178 1724 malitia
1223 1680 1542 1743 reputatur:
1573 1675 1716 1743 quod
1740 1682 1922 1729 autem

343 1773 444 1830 per
511 1759 837 1815 maleﬁcium
901 1762 982 1829 ﬁt,
1040 1762 1259 1818 malitiae
1306 1765 1524 1822 nomine
1578 1775 1813 1833 taxatur,
1868 1776 1924 1822 et

346 1850 456 1907 Deo
503 1866 612 1908 non
661 1853 859 1922 placet.
921 1852 1069 1910 Bona
1121 1856 1338 1926 quidem
1387 1865 1518 1913 sunt
1543 1857 1727 1913 omnia
1761 1857 1922 1913 disci-

349 1942 617 2015 plinarum
664 1945 882 2012 acerba,
914 1945 1133 2016 injuria,
1177 1947 1480 2004 vexationis
1520 1949 1705 2016 minae,
1744 1948 1920 2004 mina-

352 2050 474 2092 rum
509 2037 562 2093 in
607 2051 744 2110 opus
779 2041 1084 2107 productio,
1131 2049 1410 2098 torvorum
1434 2042 1715 2100 oculorum
1743 2040 1926 2112 conje-

345 2136 489 2193 ctus,
522 2136 578 2184 et
605 2128 834 2200 reliqua.
867 2131 989 2187 Non
1020 2131 1168 2188 enim
1194 2135 1260 2189 ad
1294 2134 1581 2202 malitiam,
1609 2135 1703 2192 sed
1725 2137 1791 2191 ad
1819 2135 1928 2192 vir-

348 2216 479 2272 tutis
538 2217 978 2276 informationem
1037 2221 1332 2279 adiuventa
1377 2233 1546 2280 sunt.
1607 2224 1732 2281 Ideo
1793 2240 1927 2282 cou-

348 2310 625 2365 currimus
677 2312 744 2366 ad
797 2311 874 2367 ita
913 2313 1194 2381 docentes,
1222 2323 1278 2370 et
1314 2316 1569 2374 mercede
1615 2316 1927 2389 punitiones

349 2399 564 2457 illorum
601 2413 1025 2472 commutemus,
1049 2417 1104 2462 et
1131 2407 1363 2463 libenter
1390 2410 1709 2480 gravissima
1763 2411 1929 2467 susti-

350 2507 565 2549 nemus.
613 2494 682 2551 Et
737 2497 782 2551 si
832 2513 940 2552 nen
1000 2499 1074 2554 ita
1131 2501 1243 2570 pati
1292 2501 1540 2567 velimus,
1586 2504 1927 2560 excurrimus

350 2585 573 2654 quidem
604 2586 676 2642 ab
715 2587 800 2642 his
841 2588 1139 2659 magistris,
1172 2592 1264 2662 qui
1306 2607 1441 2663 pure
1474 2594 1661 2650 dulces
1690 2603 1841 2662 sunt,
1872 2603 1928 2652 et

354 2683 600 2752 asperari
629 2685 924 2752 nesciunt;
976 2687 1140 2744 tinnis
1188 2699 1368 2746 autem
1398 2691 1498 2746 sub
1530 2692 1670 2756 aliis.
1705 2693 1797 2763 qui
1834 2692 1933 2748 mi-

350 2784 516 2832 scent
537 2790 661 2832 cum
691 2776 833 2833 dulci
859 2794 1130 2847 amarum,
1154 2791 1206 2836 et
1229 2783 1299 2836 ita
1330 2797 1618 2839 maerorem
1659 2784 1932 2841 seminan-

355 2876 458 2935 tes,
491 2869 778 2938 pulchram
813 2871 868 2926 in
917 2881 1192 2942 posterum
1221 2876 1461 2930 educunt
1485 2889 1744 2932 messem.
1776 2875 1930 2932 Talia

356 2961 584 3031 quidem
623 2969 751 3018 sunt
783 2977 904 3034 quae
934 2965 1207 3033 pertinent
1237 2966 1303 3021 ad
1351 2981 1570 3023 amaros
1615 2967 1927 3037 magistros,

355 3064 590 3120 quorum
643 3053 768 3110 ﬁnis
813 3064 900 3112 est
952 3055 1206 3113 dulcedo.
1236 3057 1338 3125 Qui
1371 3072 1503 3113 vero
1549 3057 1926 3124 maleiaciuut,

353 3153 618 3214 praestant
643 3146 862 3216 quidem
892 3150 1340 3218 amaritudinem,
1365 3163 1472 3206 non
1508 3158 1689 3208 tamen
1718 3159 1777 3206 ut
1809 3149 1932 3207 dul-

1949 1909 1998 1972 B

2018 679 2076 733 δέ
2108 678 2251 752 φρήν
2275 679 2574 744 άσύνθετος
2625 678 2720 735 καὶ
2769 677 3127 748 άσύντροχος.
3175 677 3353 748 Τυχδν
3395 677 3455 732 δέ
3495 697 3602 734 τα·-

2021 772 2282 843 χθήσεται
2325 773 2421 826 καὶ
2465 772 2624 836 αὐτὸς
2673 771 2814 843 μετὰ
2854 769 2951 824 τοῦ
3007 770 3305 836 παίξαντος
3343 771 3406 825 τό
3441 786 3456 802 ο
3499 772 3606 837 τίς

2018 859 2184 926 οτδεν,
2218 862 2266 916 εί
2291 861 2352 916 τὸ
2388 862 2489 933 ζῇν
2528 862 2627 932 μὶν
2657 861 2774 917 ἔστι
2802 859 3127 925 κατθανείνς
3173 860 3358 914 καὶτὰ
3381 859 3603 929 ἐφεξῆς.

2019 950 2098 1010 Ἦ
2125 955 2233 1028 γάρ
2258 955 2319 1009 οὐ
2342 952 2586 1009 τοιοῦτον
2609 953 2859 1022 παίγνιον
2886 954 2981 1008 καὶ
3005 952 3067 1007 τὸ
3091 951 3282 1024 φάναι·
3314 952 3412 1015 Τίς
3434 949 3602 1019 οἶδεν,

2021 1048 2071 1100 εί
2105 1046 2165 1100 τδ
2197 1044 2532 1101 καταπτύειν
2565 1044 2910 1111 ἀσπάζεσθαί
2943 1045 3097 1107 ἐστι,
3131 1045 3226 1098 καὶ
3250 1042 3312 1095 τὸ
3346 1042 3606 1113 ῥαπίζειν

2021 1139 2293 1206 δεξίωσις,
2325 1138 2421 1192 καὶ
2455 1143 2602 1200 ὅσοις
2629 1135 2893 1200 τοιούτοις
2929 1135 3312 1204 ἐναγλαῖσεται
3344 1135 3374 1185 ὁ
3406 1133 3603 1204 ἀξιῶν,

2020 1231 2118 1294 τὰς
2161 1229 2486 1294 κακοποιῖας
2529 1230 2610 1294 είς
2653 1229 2982 1299 αὐτόχρημα
3023 1228 3351 1298 εὐεργεσίας
3387 1225 3605 1296 λογίζε-

2023 1322 2185 1390 σθαι;

2098 1415 2206 1486 ρβ¹.
2252 1415 2367 1471 Οὐκ
2402 1415 2469 1470 ἂν
2498 1413 2594 1469 οὖν
2626 1412 2922 1484 δυναίμην,
2956 1411 3147 1484 ῶσπερ
3181 1409 3597 1481 άντονομάζειν,

2021 1507 2195 1570 οὕτως
2233 1507 2358 1561 οὐδὲ
2399 1507 2479 1570 είς
2520 1505 2654 1562 αὐτὸ
2693 1504 2854 1558 τοῦτο
2895 1501 3220 1557 διδάσκαλον
3261 1502 3470 1555 τιθέναι
3507 1501 3604 1556 τὸν

2024 1599 2150 1668 ἐμοὶ
2182 1599 2371 1663 κακῶς
2401 1596 2871 1670 προσφερόμενον.
2903 1592 3145 1664 Οὐδεμία
3179 1591 3288 1663 γὰρ
3319 1591 3427 1646 τῶν
3453 1591 3603 1646 διδα-

2027 1689 2300 1744 σκαλικῶν
2341 1687 2640 1743 κακώσεων
2681 1687 2764 1750 είς
2807 1684 3010 1741 κακίαν
3055 1683 3432 1756 ἐγγράφεται·
3472 1681 3606 1737 αὐτὸ

2022 1782 2080 1836 δὲ
2101 1781 2189 1837 διὰ
2209 1781 2273 1836 τὸ
2297 1781 2622 1836 κακοποιεῖν
2643 1777 2840 1841 κακίας
2865 1793 2926 1831 τε
2949 1776 3179 1844 ὀνόματι
3202 1775 3599 1846 ἐπιγράφεται,

2025 1872 2118 1926 καὶ
2149 1873 2270 1927 οὐδὲ
2303 1872 2423 1942 Θεῷ
2456 1872 2716 1942 φιλεῖται.
2749 1870 2862 1926 Καὶ
2891 1867 3077 1936 ἀγαθά
3112 1867 3209 1937 μὲν
3239 1867 3416 1920 πάντα
3444 1866 3512 1920 τά
3538 1867 3607 1919 ἐκ

2026 1963 2366 2019 διδασκάλων
2393 1963 2778 2034 δριμόττοντα,
2803 1961 2838 2032 ἡ
2873 1959 3197 2029 κακολογία.
3229 1959 3262 2028 ἡ
3290 1958 3389 2028 τῆς
3419 1955 3604 2012 κακὼ-

2029 2073 2167 2119 σεως
2192 2055 2414 2126 ἀπειλὴ.
2441 2055 2501 2108 τδ
2523 2055 2623 2124 τῆς
2647 2053 2878 2124 ἀπειλῆς
2905 2052 3286 2124 προαγόμενον
3311 2054 3390 2115 εἰς
3416 2050 3605 2120 ἔργον,

2026 2148 2077 2200 οἱ
2117 2147 2484 2218 παραϐλῶπες
2519 2145 2941 2218 ἐντρανισμνοὶ,
2971 2145 3162 2201 τᾶλλα.
3199 2146 3274 2198 Οὐ
3312 2144 3420 2213 γὰρ
3464 2141 3608 2197 κατὰ

2027 2237 2260 2298 κακίαν.
2302 2236 2419 2292 ἀλλ’
2452 2237 2656 2308 ἀρετῆς
2701 2237 2985 2291 παίδευσιν
3028 2234 3467 2304 ἐπιτετήδευται.
3514 2232 3609 2286 Διδ

2029 2330 2123 2386 καὶ
2154 2330 2567 2404 προστρέχομεν
2593 2331 2706 2393 τοϊς
2735 2328 2878 2383 οὕτω
2905 2329 3240 2392 διδάσκουσι,
3270 2327 3367 2379 καὶ
3403 2322 3602 2394 μισθοῦ

2029 2421 2128 2486 τάς
2161 2423 2221 2488 ἐξ
2254 2421 2480 2476 ἐκείνων
2509 2420 2789 2484 κακώσεις
2822 2419 3222 2489 άλλαττόμεθα,
3257 2417 3352 2471 καὶ
3386 2416 3608 2479 ἑκόντες

2030 2514 2438 2587 ἐπαχθιζόμεθα
2477 2513 2548 2567 τὰ
2592 2512 2878 2584 βαρύτατα
2903 2526 2918 2542 ⁸
2961 2511 3064 2566 κᾶν
3103 2513 3152 2564 εί
3198 2509 3274 2581 μὴ
3315 2507 3461 2562 οὕτω
3503 2507 3612 2560 πά-

2031 2624 2286 2678 σχοιμεν,
2323 2605 2658 2677 ἐκτρέχομεν
2692 2605 2917 2659 ἐκείνων
2950 2603 3060 2657 τῶν
3092 2600 3468 2660 διδασκάλων,
3503 2597 3610 2652 τῶν

2028 2699 2284 2774 ἀκράτως
2318 2700 2416 2769 μὲν
2443 2699 2870 2768 γλυκαινόντων,
2901 2695 3213 2767 πικραίνειν
3247 2695 3304 2748 δὲ
3336 2694 3437 2747 οὐκ
3473 2691 3612 2746 ειδό-

2028 2809 2138 2848 των
2161 2807 2177 2824 ⁶
2213 2791 2478 2862 γινόμεθα
2510 2790 2566 2845 δὲ
2601 2790 2708 2845 ὐπύ
2741 2789 2954 2852 ἄλλοις,
2991 2789 3046 2842 οἳ
3079 2787 3160 2857 τῷ
3192 2787 3342 2857 ⁴ἠπίῳ
3377 2801 3610 2853 συγκιρ-

2030 2881 2164 2938 νῶσι
2193 2881 2256 2938 τὸ
2288 2881 2518 2946 δάκνον,
2554 2883 2651 2936 καὶ
2683 2879 2829 2936 οὕτω
2861 2878 3038 2951 λύπην
3068 2878 3452 2948 ἐνσπείροντες
3471 2917 3487 2941 ,
3521 2874 3613 2928 εὐ-

2030 2975 2272 3047 καρπίαν
2307 2972 2711 3046 προκαλοῦνται
2747 2973 2846 3043 τὴν
2879 2971 3197 3041 ἐσύστερον.
3234 2969 3343 3023 Καὶ
3377 2966 3607 3023 τοιαῦτα

2034 3067 2134 3139 μὲν
2160 3067 2230 3120 τὰ
2259 3065 2368 3121 τῶν
2398 3065 2616 3136 πικρῶν
2644 3063 3008 3130 διδασκάλων,
3037 3055 3114 3117 ὧν
3142 3062 3294 3125 τέλος
3325 3062 3354 3115 ὁ
3385 3059 3614 3115 αὐτόθεν

2031 3157 2372 3230 γλυκασμός.
2409 3159 2474 3211 Oi
2516 3155 2575 3211 δέ
2615 3172 2680 3222 γε
2721 3153 3055 3218 κακύνοντες
3095 3152 3449 3225 πικραίνουσι
3491 3149 3612 3221 μὲν,

359 3247 480 3289 cem
539 3235 797 3293 inducant
854 3236 1214 3310 disciplinam,
1273 3241 1369 3296 sed
1439 3250 1502 3298 ut
1552 3242 1802 3313 perdant.
1873 3241 1930 3296 Si

2036 3249 2132 3321 οὐχ
2154 3248 2296 3302 ὥστε
2324 3247 2431 3320 μὴν
2454 3245 2853 3310 διδασκαλικῶς
2879 3243 3177 3314 γλυκαναι,
3206 3243 3322 3298 ἀλλ’
3347 3241 3610 3309 ἐξολέσαι.

357 3327 483 3396 quis
530 3335 711 3384 autem
761 3331 932 3401 probe
982 3341 1039 3386 et
1096 3331 1302 3404 absque
1325 3332 1452 3389 mali
1484 3335 1742 3390 memoria
1781 3334 1936 3403 vivit,

361 3419 704 3482 dulcedinem
748 3425 1046 3481 secundum
1094 3426 1351 3482 virtutem
1386 3427 1574 3494 sentit,
1614 3435 1670 3484 at
1702 3428 1795 3484 hic
1820 3429 1940 3500 qui-

363 3509 487 3568 dem
510 3520 596 3568 est
641 3514 942 3570 secundum
973 3513 1144 3571 Deum
1167 3523 1224 3572 et
1255 3530 1355 3587 per
1387 3516 1579 3583 Deum,
1607 3526 1664 3572 et
1701 3530 1772 3572 ex
1807 3516 1940 3584 Deo,

367 3617 434 3660 ac
457 3603 698 3670 virtutis,
721 3621 843 3677 quae
872 3608 925 3661 in
950 3608 1208 3678 patientia
1240 3616 1346 3674 est,
1377 3608 1500 3664 ﬁnis
1525 3626 1542 3676 ;
1571 3609 1668 3665 sed
1695 3609 1788 3678 qui
1817 3624 1941 3680 pro-

365 3695 492 3754 tulit
519 3697 961 3767 amaritudinem,
990 3715 1097 3756 non
1124 3699 1384 3768 erudivit,
1415 3700 1548 3766 imo,
1571 3701 1717 3770 quod
1751 3700 1818 3756 ad
1863 3700 1943 3771 ip-

368 3804 494 3846 sum
519 3790 739 3857 attinet,
766 3790 1021 3860 perdidit.

443 3881 569 3938 105.
623 3881 746 3938 Non
795 3883 962 3954 igitur
985 3883 1040 3938 in
1089 3883 1410 3953 magistrum
1460 3883 1592 3939 mihi
1645 3885 1946 3954 soplnistice

367 3973 490 4045 quis
523 3982 689 4044 ponat
726 3973 1123 4042 adversarium,
1148 3975 1306 4044 cujus
1334 3976 1586 4039 interest,
1642 3989 1750 4030 non
1789 3975 1944 4046 juxta

371 4066 714 4136 disciplinam
748 4068 867 4121 sive
901 4066 1106 4130 verbis.
1135 4067 1252 4122 sive
1275 4067 1553 4137 operibus,
1583 4065 1649 4122 ad
1682 4067 1943 4123 virtutem

373 4167 717 4223 convertere,
748 4157 866 4223 sed,
894 4157 1064 4213 veluti
1095 4157 1140 4213 si
1195 4173 1320 4229 qua:
1366 4159 1655 4214 carnivora
1715 4157 1828 4214 l‘era
1861 4159 1946 4214 vel

371 4250 572 4308 l‘ulmeu
603 4250 896 4321 quemdam
923 4261 1288 4316 consumeret,
1315 4264 1347 4306 a
1374 4249 1486 4307 vita
1522 4252 1818 4309 abducere.
1850 4251 1946 4308 His

369 4351 695 4413 opportune,
750 4353 902 4414 puto,
953 4342 1284 4412 superaddo,
1333 4342 1502 4413 quod,
1530 4343 1574 4397 si
1606 4345 1690 4398 Vel
1720 4344 1790 4400 ab
1837 4345 1946 4399 iui-

370 4433 531 4489 micis
560 4433 848 4489 utilitatem
889 4435 1170 4505 percipere
1211 4433 1586 4504 diligentiores
1611 4444 1760 4492 recte
1787 4435 1946 4507 agni-

371 4534 484 4580 tum
508 4533 564 4582 et
586 4525 812 4583 solerter
834 4527 1203 4597 excogitatum
1230 4533 1338 4595 est,
1366 4527 1422 4582 in
1443 4529 1772 4583 sententiam
1799 4528 1940 4582 dicta

2043 3340 2105 3394 Εἰ
2147 3339 2206 3394 δέ
2246 3355 2330 3402 τις
2369 3336 2636 3408 γενναίως
2683 3333 2864 3406 φέρων
2899 3334 2997 3389 καὶ
3039 3333 3436 3404 άμνησικάκως
3481 3330 3616 3400 γλυ-

2041 3427 2253 3500 κύτητα
2295 3427 2500 3500 πάσχει
2539 3427 2663 3481 κατ’
2687 3424 2910 3497 ἀρετὴν,
2953 3425 3092 3478 ἀλλὰ
3131 3423 3292 3478 τοῦτο
3335 3423 3434 3492 μιν
3474 3420 3618 3475 κατὰ

2043 3521 2201 3588 Θεὸν,
2232 3522 2329 3576 καὶ
2355 3521 2445 3575 διὰ
2472 3521 2629 3584 Θεδν,
2658 3519 2754 3572 καὶ
2770 3515 2928 3584 Θεοῦ,
2959 3519 3055 3571 καὶ
3079 3516 3234 3580 τέλος
3251 3515 3398 3568 ἐστὶν
3413 3511 3619 3584 ἀρετῆς

2042 3617 2142 3685 τῆς
2183 3616 2244 3668 ἐν
2285 3613 2532 3684 ὑπομονῇ
2559 3629 2572 3644 ο
2613 3611 2642 3664 ὁ
2679 3609 2736 3664 δὲ
2780 3609 3084 3679 πικραίνων
3125 3608 3225 3662 οὐκ
3265 3607 3616 3670 ἐπαίδευσεν,

2044 3704 2182 3759 ἀλλὰ
2211 3704 2273 3759 τό
2301 3721 2365 3774 γε
2395 3706 2475 3768 είς
2505 3702 2673 3758 αὐτὸν
2701 3694 2838 3774 ἧκον
2866 3699 3134 3754 ἀνάλωσε.

2121 3881 2222 3956 ργῖ
2262 3882 2355 3956 Μή
2395 3899 2486 3954 μοι
2518 3882 2651 3952 γοῦν
2686 3880 3019 3951 σοφιστικῶς
3053 3880 3134 3944 είς
3169 3879 3491 3934 διδάσκαλον
3523 3879 3616 3948 ἐγ-

2045 3977 2305 4046 γραφέτω
2336 3991 2422 4039 τις
2453 3975 2544 4028 τὸν
2578 3974 2957 4045 ἀντικείμενον
2977 4012 2994 4039 ,
3031 3973 3124 4026 καὶ
3165 3964 3338 4040 οὗπερ
3382 3971 3618 4035 σκοπδς,

2047 4071 2146 4122 οὐκ
2174 4067 2502 4139 ἐπιστρέψαι
2529 4065 2899 4130 παιδευτικῶς
2921 4065 2992 4120 τὰ
3020 4065 3119 4134 μὲν
3146 4063 3346 4133 λόγοις,
3376 4065 3442 4116 τὰ
3466 4063 3512 4116 δ’
3532 4065 3622 4134 ἐρ-

2045 4176 2163 4227 γοις
2197 4160 2276 4223 είς
2309 4156 2514 4230 ἀρετὴν
2535 4199 2549 4222 ,
2582 4157 2719 4212 άλλά
2752 4155 3122 4226 ὑπεξαγαγεῖν
3153 4155 3269 4226 βίου
3290 4195 3304 4216 ,
3335 4157 3382 4208 ὼ
3444 4157 3492 4208 εί
3527 4154 3624 4208 καὶ

2049 4251 2153 4321 θὴρ
2179 4249 2444 4323 ὠμηστὴς
2469 4249 2503 4321 ἢ
2531 4251 2625 4304 καὶ
2651 4249 2895 4317 σκηπτὸς
2924 4247 3196 4303 ἀναλώσει
3223 4247 3365 4302 τινά.
3395 4248 3623 4311 Τούτοις

2049 4341 2384 4413 προσεπάγω
2409 4340 2666 4412 καιρίως,
2693 4334 2868 4410 οἶμαι,
2894 4339 2992 4402 ὡς,
3019 4339 3114 4390 ἐὰν
3139 4340 3232 4391 καὶ
3255 4340 3388 4408 παρ’
3411 4337 3624 4410 ἐχθρῶν

2047 4431 2380 4504 ὡφελεῖσθαι
2409 4432 2537 4494 τούς
2573 4428 3028 4498 σπουδαιοτέρους
3059 4427 3236 4497 ὀρθῶς
3271 4442 3330 4479 τε
3365 4425 3624 4496 ἐγνωμά-

2047 4542 2238 4580 τευται
2257 4564 2273 4590 ,
2309 4525 2404 4578 καὶ
2435 4522 2627 4589 δεξιῶς
2665 4520 3034 4591 μεμελέτηται
3055 4559 3070 4583 ,
3105 4517 3441 4587 ἀναιροῦμεν
3473 4518 3524 4572 οί
3555 4515 3629 4570 τὰ

373 4617 683 4688 redigentes
712 4616 960 4673 eruimus
1008 4632 1132 4672 esse
1157 4615 1486 4685 quandoque
1513 4614 1599 4670 vel
1641 4615 1934 4670 inimicitiae

2046 4619 2313 4690 εἰρημένα
2341 4614 2826 4686 γνωματευόμενοι
2856 4613 2918 4665 τὸ
2947 4609 3086 4664 εῐναί
3121 4626 3256 4663 ποτε
3289 4614 3382 4663 καὶ
3409 4610 3508 4678 τῆς
3537 4607 3627 4680 ἔχ-

371 4723 626 4780 maguum
671 4708 876 4779 aliquid
904 4709 1272 4765 commodum.
1306 4705 1365 4764 Si
1395 4707 1539 4762 enim
1574 4705 1856 4762 inimicum
1885 4705 1941 4760 in

370 4799 672 4855 beneﬁcum
699 4800 1012 4855 ordinemus
1034 4807 1088 4854 et
1117 4799 1357 4870 magistri
1391 4798 1512 4854 loco
1555 4797 1946 4864 inscribamus,

375 4905 480 4944 non
532 4889 644 4958 jam
697 4889 1079 4945 declarandum
1130 4889 1237 4945 erit
1277 4889 1424 4960 quod
1470 4889 1727 4958 possibile
1762 4891 1836 4944 sit
1879 4905 1949 4945 ex

372 4981 613 5038 inimicis
655 4981 944 5037 utilitatem
984 4981 1287 5051 percipere,
1321 4981 1414 5036 sed
1452 4983 1632 5049 potius
1666 4981 1810 5051 quod
1847 4996 1948 5037 na-

371 5073 552 5130 turale
582 5075 658 5130 sit
698 5090 766 5130 ex
807 5073 1065 5129 beneﬁcis
1095 5083 1152 5128 et
1182 5073 1458 5144 magistris
1499 5074 1764 5146 quosdam
1796 5075 1948 5131 exci-

374 5181 502 5236 pere
540 5165 848 5222 commoda.
881 5164 949 5221 Et
975 5165 1057 5219 sic
1087 5166 1305 5236 quidem
1345 5179 1376 5221 e
1406 5166 1516 5220 vita
1558 5165 1778 5221 tolletur
1819 5166 1950 5236 qui-

375 5261 502 5314 dem
530 5257 820 5312 utilissima
867 5255 1163 5322 sententia,
1187 5256 1548 5312 sulistituetur
1590 5267 1774 5314 autem
1801 5257 1949 5329 quod

373 5349 465 5404 vix
498 5348 743 5404 auditum
783 5346 982 5418 aliquis
1009 5347 1226 5404 ridebit.
1419 5329 1432 5338 κ

450 5440 576 5496 104.
612 5438 740 5495 Scio
779 5438 1000 5510 quidem
1055 5441 1197 5510 quod
1231 5438 1433 5510 aliquis
1465 5439 1841 5511 respondebit.
1893 5446 1950 5495 et

378 5534 609 5602 insuper
641 5533 846 5604 gratias
876 5547 999 5589 esse
1022 5532 1328 5588 reddendas
1358 5531 1628 5588 hostiliter
1649 5532 1955 5600 agentibus,

379 5625 644 5693 siquidem
671 5639 893 5694 prorsus
913 5624 1205 5694 aliquando
1229 5634 1354 5679 sunt
1382 5624 1564 5682 utiles.
1590 5622 1742 5681 Talis
1773 5633 1954 5679 autem

381 5715 596 5772 audiret
632 5731 661 5771 a
695 5731 806 5783 me,
839 5716 985 5787 quod
1019 5717 1062 5772 si
1095 5717 1300 5785 gratias
1331 5714 1454 5772 istis
1483 5714 1631 5780 novi,
1673 5729 1798 5770 eum
1829 5729 1958 5787 pec-

383 5816 542 5864 cator
568 5809 634 5862 al)
684 5807 787 5863 illis
821 5824 915 5878 per
952 5807 1366 5865 conversionem
1398 5806 1454 5862 ln
1517 5805 1796 5863 meliorem
1838 5821 1959 5861 sum

2049 4710 2186 4781 θρας
2223 4709 2367 4778 μέγα
2397 4724 2454 4760 τι
2487 4703 2924 4776 προσωφέλημα.
2958 4702 3022 4756 Εἰ
3057 4704 3166 4774 γὰρ
3196 4702 3288 4756 τὸν
3317 4701 3512 4772 ἐχθρὸν
3546 4703 3630 4764 εἰς

2049 4799 2444 4874 εὐεργετοῦντα
2474 4797 2731 4865 τάξομεν,
2762 4795 2859 4850 καλ⁵
2888 4796 2968 4857 είς
2998 4792 3321 4848 διδάσκαλον
3353 4795 3631 4865 μεταγρά-

2047 4893 2259 4962 ψομεν,
2293 4889 2479 4945 οὐκέτι
2514 4887 2858 4956 άποφαντέον
2880 4925 2895 4948 ,
2934 4887 3010 4949 ὡς
3043 4885 3158 4938 ἐστι
3193 4885 3290 4939 καὶ
3322 4885 3380 4950 ἐξ
3417 4885 3631 4955 ἐχθρῶν

2050 4983 2324 5052 ὠφέλειαν
2359 4981 2508 5051 σχεῖν
2529 5019 2544 5042 ,
2582 4978 2718 5031 ἀλλὰ
2757 4977 2959 5044 μᾶλλον
2980 5016 2996 5040 ,
3029 4975 3104 5038 ῶς
3140 4971 3249 5044 ἄρα
3283 4974 3499 5044 πέφυκε
3535 4975 3633 5028 καὶ

2053 5073 2112 5138 ἐξ
2137 5071 2571 5142 εὐεργετούντων
2593 5070 2689 5121 καὶ
2713 5067 3080 5120 διδασκόντων
3101 5065 3431 5135 ὠφελεῖσθαι
3451 5066 3628 5128 τινάς.

2054 5168 2165 5221 Καὶ
2205 5164 2379 5228 οὕτως
2414 5163 2479 5217 ἐκ
2510 5159 2606 5214 τοῦ
2642 5159 2759 5231 βίου
2793 5162 3078 5228 οἰχήσεται
3121 5160 3225 5230 μὲν
3255 5157 3634 5228 γνωμάτευμα

2053 5255 2506 5329 χρησιμώτατον,
2538 5251 3033 5324 άντεισαχθήσεται
3061 5250 3149 5318 δὲ,
3179 5249 3206 5304 ὃ
3240 5249 3316 5322 μὴ
3344 5251 3441 5304 καὶ
3467 5249 3635 5304 ἁκού-

2057 5365 2157 5412 σας
2183 5364 2267 5410 τις
2295 5345 2690 5416 ἐκγελάσηται.

2130 5441 2227 5511 ρδ’.
2262 5441 2376 5494 Καὶ
2392 5433 2513 5492 οἶδα
2541 5437 2662 5508 μέν,
2686 5435 2762 5500 ὡς
2785 5432 3186 5506 ὐποκρούσεταί
3211 5451 3314 5499 τις,
3339 5433 3435 5489 καὶ
3461 5432 3633 5487 είσέτι

2057 5530 2343 5605 χαριστέον
2373 5523 2513 5582 εἷναι
2533 5528 2648 5592 τοῖς
2674 5526 3072 5598 ἐχθραίνουσιν,
3103 5523 3261 5596 είπερ
3286 5526 3424 5589 ὅλως
3453 5527 3640 5580 dumc-

2059 5625 2152 5678 οὖν
2174 5621 2497 5691 ὠφελοῦσιν.
2540 5617 2787 5673 Ἀκούσοι
2808 5618 2854 5671 δ’
2884 5617 2951 5671 ἂν
2977 5617 3006 5669 ὁ
3035 5617 3274 5678 τοιοῦτος
3301 5616 3365 5670 ἐκ
3394 5633 3455 5686 γε
3476 5617 3638 5686 ἐμοῦ,

2062 5712 2160 5778 ῶς,
2195 5713 2242 5765 εἰ
2273 5711 2368 5766 καὶ
2394 5708 2515 5764 οἰδα
2542 5707 2753 5770 τούτοις
2787 5709 3037 5778 χάριτας,
3081 5707 3400 5778 ἐφάμαρτος
3438 5705 3512 5760 ὢν
3545 5709 3642 5762 καὶ

2065 5800 2443 5875 βελτιούμενος
2473 5797 2564 5852 ὑπ’
2593 5794 2775 5850 αὐτῶν
2804 5795 2884 5858 είς
2917 5791 3274 5865 ἐπιστροφὴν,
3305 5791 3422 5847 ἀλλ’
3450 5793 3513 5847 οὐ
3538 5789 3641 5864 δῖ).

387 5906 650 5970 mutatus,
687 5909 926 5956 attamen
963 5916 1073 5957 non
1107 5913 1238 5956 sane
1273 5900 1372 5955 hac
1403 5895 1511 5956 ista
1547 5898 1756 5955 ratione
1798 5899 1934 5954 simu

2067 5911 2171 5952 που
2196 5892 2274 5966 τῷ
2303 5891 2450 5965 λόγῳ
2475 5888 2650 5960 τούτῳ
2681 5885 2916 5953 σύνοιδα,
2951 5885 3044 5941 καὶ
3073 5883 3312 5956 ἀγαθοὺς
3344 5885 3538 5949 αὐτοὺς
3565 5880 3644 5938 εί-
