4090 6430
452 478 557 539 493

1434 478 1739 540 CONTRA
1778 474 2217 540 INJURIARU
2232 478 2286 540 Μ
2330 475 2784 542 MEMORIAM.

3610 479 3714 543 494

448 614 535 649 ναι
559 595 637 659 εἰς
661 594 760 666 ἐμὲ
785 595 866 649 ὅτι
890 594 1025 666 μηδέ
1047 594 1398 667 προτίθενται
1429 595 1528 666 τὴν
1553 596 1845 664 ὠφέλειαν.
1865 594 2012 649 ’Δλλ⁹

2127 595 2251 648 novi
2282 596 2333 665 ip
2366 610 2428 650 os
2455 608 2581 665 erga
2614 609 2699 649 me
2750 594 2920 649 bonos
2950 608 3095 659 esse,
3137 594 3238 651 nisi
3262 596 3405 666 quod
3441 596 3717 666 proferant

449 687 604 740 αὐτοὶ
649 691 751 756 μὲν
796 687 877 750 είς
920 687 1170 741 κάκωσιν
1216 685 1537 757 βάπτουσιν,
1580 689 1613 756 ἡ
1645 685 1705 741 δὲ
1756 687 2030 752 κάκωσις,

447 776 583 830 θεοῦ
609 777 1056 846 μεταποιοῦντος,
1078 776 1386 839 ἀλλοιοῦται
1403 779 1483 842 εἰς
1503 776 1562 831 τὸ
1582 776 1881 840 λυσιτελές·
1903 776 2028 831 ὅθεν

448 868 561 921 οὐδ’
586 868 652 921 ἂν
683 871 987 939 αὐχήσαιεν
1032 870 1177 925 κατὰ
1207 870 1336 933 τοὺς
1377 869 1759 937 διδασκάλους,
1800 868 1878 931 ὡς
1921 866 2031 938 ἄρα

449 961 596 1014 τόιδε
627 963 750 1015 τινὰ
779 964 1135 1028 κακώσαντες
1165 962 1413 1030 ἐδίδαξαν
1441 963 1522 1027 εἰς
1553 962 1779 1031 ἀγαθόν.
1830 960 1973 1015 Ἀλλ’
2001 960 2032 1015 ό

453 1050 551 1119 μὲν
584 1051 907 1115 διδάσκαλος
935 1052 1283 1126 θαρρούντως
1320 1053 1387 1108 ἂν
1416 1052 1811 1121 ἐναγλαΐσηται
1841 1054 1917 1122 τῷ
1945 1052 2032 1107 δε-

446 1142 774 1213 δτδαγμένῳ.
803 1143 900 1197 καὶ
941 1143 1320 1215 προδαλεῖται,
1365 1145 1466 1199 ὅσα
1512 1144 1914 1217 δριμυξάμενος
1944 1138 2032 1197 οἶα

449 1234 687 1302 ἐδίδαξεν
720 1236 923 1304 ἀγαθάο
959 1239 986 1291 ό
1015 1237 1072 1290 δὲ
1111 1236 1601 1309 μεμαθητευμένος
1633 1237 2026 1309 προσκυνήσει,

450 1328 542 1378 καὶ
571 1327 624 1380 οι
652 1328 946 1393 ἀκούοντες
985 1329 1412 1400 μακαρίσουσιν.
1468 1329 1526 1382 '0
1568 1328 1626 1383 δέ
1653 1328 2031 1397 κακοποιήσας

447 1418 548 1472 οὐκ
573 1418 638 1472 ἂν
669 1420 1049 1491 ἐναϐρυνεῖται
1077 1417 1284 1492 ὁμοίως
1310 1414 1388 1485 οἷς
1416 1419 1699 1491 δέδρακεν,
1728 1419 1803 1483 ὡς
1830 1418 1941 1473 οὐδ’
1964 1416 2031 1471 ἂν

446 1511 503 1562 αἱ
534 1509 679 1564 νόσοι
710 1510 1195 1582 ἀγαθολογήσωσιν
1220 1512 1444 1580 ἑαυτάς,
1470 1513 1525 1566 εἴ
1561 1528 1625 1581 γε
1656 1511 1887 1575 πολλοὺς
1928 1532 2030 1568 κα-

446 1599 728 1664 κύνουσαι,
751 1602 886 1674 πρὸς
912 1603 1113 1675 ἀρετὴν
1132 1604 1571 1675 ἐπιστρέφουσιν.
1598 1603 1812 1659 Οὔκουν
1832 1607 2029 1661 ταύτόν

446 1692 563 1744 ἐστι
591 1691 652 1744 τὸ
672 1692 949 1747 διδάσκειν
977 1694 1073 1749 καὶ
1099 1692 1269 1758 οὕτως
1300 1695 1634 1765 εὐεργετεῖν,
1653 1695 1749 1750 καὶ
1772 1697 1832 1751 τὸ
1857 1715 2026 1752 κακο-

447 1784 621 1836 ποιεῖν
651 1784 746 1838 καὶ
788 1784 934 1838 οὕτω
981 1786 1158 1840 δοκεῖν
1188 1781 1249 1841 εὖ
1303 1790 1499 1842 ποιεῖν.
1544 1787 1686 1841 Ἀλλ’
1718 1790 1897 1842 ἐκεῖνο
1928 1789 2028 1860 μὲν

444 1872 651 1940 άγαθδν
683 1874 758 1942 τῷ
783 1875 920 1943 δντι,
948 1877 997 1930 εί
1024 1878 1119 1932 καὶ
1149 1878 1176 1931 ὁ
1195 1877 1462 1948 διδαχθεὶς
1493 1878 1772 1949 άπεκσαίη
1800 1881 2029 1952 ἐπίρρη-

2136 686 2451 741 utilitatem.
2486 689 2592 755 ipsi
2625 686 2844 757 quidem
2870 688 2923 742 in
2952 685 3211 754 iniuriam
3248 698 3533 757 mergunt;
3573 689 3716 759 inju.

2138 776 2216 828 ria
2252 790 2408 840 vero,
2449 776 2557 831 Deo
2592 786 2856 845 mutante,
2884 776 3227 832 convertitur
3262 776 3316 832 in
3342 780 3713 833 commodum.

2137 863 2290 921 Unde
2347 864 2568 933 gloriari
2625 874 3003 935 nonpossent,
3048 865 3345 922 secundum
3381 866 3713 936 magistros,

2134 957 2280 1026 quod
2355 957 2591 1027 aliquem
2686 958 2827 1013 male
2890 967 3188 1014 tractantes
3251 958 3305 1014 in
3361 962 3561 1014 bonum
3620 961 3719 1014 (³ος

2135 1048 2371 1103 cuerint.
2427 1048 2683 1121 Magister
2717 1050 2936 1119 quidem
2976 1049 3316 1105 conﬁdenter
3342 1051 3445 1105 sibi
3469 1053 3715 1120 compla-

2133 1148 2283 1196 ceret
2313 1140 2366 1195 iu
2388 1140 2602 1206 edocto,
2628 1140 3018 1211 allegaretque,
3041 1150 3302 1212 quantum
3334 1140 3436 1196 fuit
3466 1155 3711 1204 severus,

2133 1239 2344 1288 tantum
2375 1233 2659 1290 edocuisse
2682 1233 2852 1299 boni;
2882 1236 3127 1289 eruditus
3154 1242 3336 1290 autem
3376 1235 3630 1289 adoraret
3654 1244 3709 1289 et

2134 1328 2415 1382 audientes
2437 1326 2681 1382 dicerent
2702 1327 2941 1383 beatum.
2963 1326 3067 1394 Qui
3091 1342 3217 1382 vero
3239 1327 3380 1381 male
3410 1326 3566 1395 fecit,
3600 1342 3708 1383 non

2131 1419 2385 1474 similiter
2419 1418 2472 1473 in
2509 1419 2594 1475 his
2634 1434 2756 1490 quae
2778 1418 3016 1488 patravit
3040 1417 3389 1487 gloriaretur,
3417 1419 3580 1474 sicuti
3611 1434 3711 1476 nec

2134 1513 2309 1569 morbi
2344 1526 2403 1568 se
2431 1511 2584 1585 ipsos
2606 1511 2907 1577 laudarent,
2936 1525 3002 1567 eo
3030 1510 3174 1580 quod
3220 1510 3419 1565 multos
3453 1519 3711 1567 vexantes

2134 1606 2201 1661 ad
2226 1605 2486 1661 virtutem
2521 1611 2865 1659 convertant.
2894 1601 3012 1656 Non
3033 1602 3196 1674 igitur
3217 1601 3359 1657 idem
3378 1613 3462 1659 est
3492 1596 3709 1671 docete,

2132 1698 2319 1768 sicque
2377 1695 2722 1764 benefacere,
2761 1710 2827 1750 ac
2857 1693 3202 1763 malefacere,
3241 1694 3431 1765 sicque
3477 1696 3543 1749 ad
3572 1695 3711 1750 bene

2130 1793 2399 1861 agendum
2440 1788 2683 1845 erudire.
2717 1787 2858 1844 illud
2893 1786 3112 1858 quidem
3156 1800 3345 1843 revera
3370 1786 3573 1841 bonum
3600 1796 3705 1853 est,

2132 1880 2239 1937 etsi
2302 1878 2394 1951 qui
2430 1881 2621 1935 doctus
2669 1888 2755 1935 est
2783 1879 2981 1934 evadat
3009 1894 3299 1949 perversos
3326 1896 3342 1946 ;
3373 1878 3476 1935 hoc
3523 1888 3706 1934 autem

445 1979 556 2025 ro;'
591 1963 749 2017 τοῦτο
799 1966 855 2020 δέ
911 1966 1138 2035 φαῦλον,
1192 1969 1242 2022 ει
1290 1969 1386 2023 καὶ
1430 1970 1459 2022 ὁ
1505 1970 1778 2033 κακωθεὶς
1811 1971 2024 2040 γένοιτο

2128 1986 2380 2042 parvum,
2429 1970 2535 2027 etsi
2585 1969 2678 2041 qui
2721 1978 2951 2027 vexatus
2975 1978 3084 2039 est,
3116 1970 3210 2026 ﬁat
3244 1983 3342 2041 per
3384 1969 3703 2040 patientiam

445 2053 600 2119 ἅγιος
644 2058 731 2111 διὰ
763 2058 826 2111 τὸ
870 2060 1189 2132 φερέπονον.
1236 2062 1347 2116 Καὶ
1393 2063 1575 2116 ἐκεῖνο
1610 2063 1709 2132 μὲν
1757 2064 2031 2133 αὐτοαγα-

448 2145 539 2200 θόν
568 2164 646 2211 τι,
691 2149 850 2204 τοῦτο
892 2151 949 2205 δὲ
998 2152 1334 2218 αὐτοκακίας
1377 2153 1559 2226 ἔργον.
1596 2155 1659 2208 Ei
1686 2154 1743 2209 δὲ
1770 2158 1865 2210 καὶ
1894 2160 2032 2225 ἀγα-

442 2236 542 2290 θόν
586 2255 641 2294 τι
685 2240 854 2308 δοκεῖ,
900 2242 1035 2298 ἀλλὰ
1081 2246 1343 2314 φαντάζει
1384 2247 1486 2317 τὴν
1524 2246 1863 2319 άγαθότητα,
1896 2249 2030 2306 ὡσεὶ

447 2330 540 2382 καὶ
572 2331 799 2401 πίθηκος
834 2333 1142 2404 ἄνθρωπον,
1170 2336 1204 2408 ἢ
1241 2338 1334 2390 καὶ
1365 2338 1427 2390 ἰδ
1454 2340 1512 2390 ὲν
1538 2338 1767 2408 χελιδόνι
1796 2357 2033 2412 τεχνοει-

446 2422 529 2483 δὲς
564 2421 761 2492 τέχνην
790 2425 1164 2498 οίκοδομικήν.
1199 2428 1354 2499 Τάχα
1400 2428 1459 2483 δὲ
1487 2428 1671 2485 θετέον
1700 2431 1813 2496 τὸν,
1861 2434 1920 2488 ἐν
1947 2429 2029 2500 οἷς

447 2511 709 2584 βλάπτειν
739 2518 938 2584 ἐθέλει,
972 2520 1359 2591 ἐπωφελοῦντα
1390 2523 1471 2586 είς
1500 2523 1591 2577 τὸν
1614 2522 1897 2596 πλήξαντα
1928 2526 2029 2597 μὲν

444 2605 537 2658 ἐπὶ
594 2608 763 2679 φόνῳ,
820 2611 1115 2680 ἰασάμενον
1164 2613 1221 2667 δὲ
1268 2613 1627 2686 ἢάπελεὺσει
1683 2616 1937 2689 αἵματος,
1990 2619 2027 2695 ἢ

453 2698 630 2772 πληγῇ
656 2701 931 2767 τομῶντος
955 2705 1295 2777 τραύματος·
1328 2707 1393 2762 ὃν
1426 2709 1684 2764 εῖκονίσοι
1718 2711 1816 2781 μὲν
1848 2712 1915 2766 ἄν
1942 2729 2026 2775 τις

446 2792 524 2855 είς
543 2793 846 2866 εὐεργέτην
869 2799 1217 2870 σκιαγράφου
1236 2800 1416 2873 δίκην,
1438 2802 1539 2856 οὐκ
1557 2801 1623 2856 ἂν
1639 2802 1696 2857 δὲ
1716 2803 2029 2876 διαζωγρα-

448 2886 608 2955 φήσοι
632 2886 726 2939 καὶ
745 2887 825 2951 είς
848 2888 1083 2954 ἐντελές.
1102 2892 1316 2946 Μενοῦν
1337 2910 1399 2963 γε
1422 2894 1516 2947 καὶ
1536 2911 1601 2949 πε
1611 2895 1850 2967 ριτυχών
1872 2913 2025 2961 ποτε,

446 2976 813 3049 άποτρέψεται
856 2978 931 3044 ὡς
979 2981 1293 3052 ἐχθρὸν,καί
1346 3002 1448 3038 που
1479 2985 1573 3040 καὶ
1609 2986 1915 3055 ἀμυνεῖται,
1948 2985 2025 3051 ὡς

446 3068 692 3140 δύναμις.
724 3071 868 3125 Ἀλλ’
884 3071 995 3141 ἐγὼ
1014 3073 1172 3129 τοῦτο
1196 3075 1295 3147 μὲν
1314 3075 1415 3131 οὐκ
1436 3077 1501 3131 ἂν
1523 3076 1644 3131 οὑδέ
1664 3076 2025 3148 ἐνθυμοίμην,

449 3159 499 3212 εί
531 3160 606 3230 μὴ
635 3160 769 3226 Θεὸς
797 3163 957 3228 αὐτὸς
985 3162 1233 3236 ἐξέληται
1252 3183 1354 3238 μου
1371 3166 1433 3222 τὸ
1453 3170 1689 3240 φρονεῖν.
1729 3186 1748 3221 ι
1771 3169 2029 3242 ’Ᾱμνησι-

452 3250 669 3304 κακῶν»
689 3252 766 3319 δέ,
785 3254 861 3318 ὡς
884 3255 1088 3320 ἐκεῖνος
1109 3257 1432 3324 ἐντέλλεται,
1451 3258 1579 3313 ἄλλο
1600 3260 1701 3330 μὲν
1718 3256 1858 3316 εἷναί
1880 3277 2022 3333 φημι

451 3340 765 3399 διδάσκαλον
792 3347 883 3400 καὶ
896 3347 1215 3420 εὐεργέτην,
1233 3349 1363 3406 ἄλλο
1373 3351 1430 3405 δὲ
1446 3354 1535 3407 τὸν
1552 3352 1753 3407 ὡσανεὶ
1768 3352 2025 3410 διδάσκα-

451 3433 541 3487 λον
559 3438 650 3490 καὶ
681 3437 757 3502 ὡς
778 3433 887 3492 οἷον
909 3440 1228 3515 εὐεργέτην,
1248 3445 1345 3499 καὶ
1362 3442 1503 3500 εἶναι
1519 3449 1887 3518 τιμιωτάτους
1919 3450 2021 3521 μὲν

450 3524 575 3589 τοὺς
596 3527 866 3599 πρώτους,
891 3531 1139 3602 ὑστερεῖν
1153 3535 1210 3590 δέ
1224 3538 1303 3600 είς
1318 3539 1605 3609 πρεσϐεῖον
1630 3542 1758 3607 τοὺς
1776 3543 2018 3609 λοιπούς.

520 3616 616 3689 ρε’.
647 3620 739 3691 Μὴ
766 3617 860 3676 οὖν
889 3624 1208 3696 αῖρετιζέτω
1229 3645 1334 3695 τις,
1370 3630 1466 3685 καὶ
1499 3634 1683 3689 ἐκεῖνα
1724 3635 1819 3690 καὶ
1847 3638 2024 3691 ταῦτα

450 3712 702 3779 συνάγειν
722 3714 800 3777 είς
828 3714 907 3781 ἓν,
933 3717 1049 3771 ἀλλ’
1069 3719 1212 3774 ἐάτω
1235 3721 1336 3792 μὲν
1366 3721 1610 3794 φεύγειν,
1640 3728 1788 3790 ὅστις
1811 3729 1930 3782 ποτ’
1955 3728 2022 3782 ἂν

447 3805 541 3858 καὶ
573 3805 690 3876 εἵην
730 3806 861 3876 ἐγὼ,
900 3807 961 3862 τὸ
992 3812 1243 3878 φευκτὸν,
1277 3814 1386 3867 εἴτε
1425 3817 1568 3870 κατὰ
1613 3817 1704 3871 τὸν
1745 3818 1846 3888 τῆς
1897 3819 2024 3891 ἐρή-

452 3914 576 3966 μου,
608 3898 677 3970 ήν
722 3900 818 3955 καὶ
847 3901 1023 3969 ἐφίλει
1047 3904 1272 3971 ἐκεῖνος,
1306 3904 1417 3959 εἴτε
1454 3907 1597 3965 κατὰ
1640 3909 1767 3973 τοὺς
1794 3909 2021 3972 δειλούς.

464 3991 632 4044 Ἐάτω
681 4009 747 4063 με
808 3996 1029 4064 φρονεῖν
1070 3995 1163 4048 καὶ
1203 3999 1343 4050 νοεῖν
1394 4000 1489 4052 καὶ
1518 3999 1720 4053 ειδέναι
1759 4000 2022 4072 διαφορὰς

448 4080 615 4149 ἠθῶν,
646 4084 741 4137 καὶ
767 4083 817 4136 τί
850 4084 951 4153 μέν
970 4085 1119 4139 ἐστιν
1142 4086 1369 4157 ἀδελφὸς
1396 4090 1425 4142 ὁ
1446 4089 1652 4158 ἁπλῶς,
1685 4091 1736 4145 τί
1757 4092 1813 4145 δὲ
1847 4094 2021 4160 φίλος,

446 4172 506 4225 τὸ
532 4174 589 4226 ἐν
615 4175 727 4236 τοῖς
755 4172 879 4227 καθ’
915 4175 1061 4246 ἡμᾶς
1091 4175 1189 4246 μὲν
1220 4178 1428 4232 εἰκαῖον
1459 4180 1555 4233 καὶ
1585 4182 1715 4253 ῥᾷον
1742 4183 1839 4236 καὶ
1860 4183 2025 4238 πολύ-

452 4282 635 4335 χροον,
666 4268 782 4331 τοῖς
812 4265 869 4320 δὲ
891 4267 1328 4342 σπουδαιοτέροις
1352 4272 1500 4340 μάλα
1521 4276 1898 4346 πεπονημένον
1929 4277 2025 4331 καὶ

451 4357 835 4428 μονάζον,καθ’
864 4359 894 4414 ὃ
914 4363 1009 4415 καὶ
1038 4362 1193 4417 κοινά
1222 4366 1336 4427 τοῖς
1365 4364 1541 4436 φίλοις
1566 4365 1639 4420 τὰ
1670 4368 1846 4422 πάντα
1874 4369 2023 4437 γίνε-

447 4465 556 4503 ται.
587 4449 661 4503 Οὐ
685 4450 793 4521 γὰρ
824 4448 942 4503 ἔστι
978 4450 1122 4505 κατὰ
1149 4452 1210 4506 τὸ
1237 4453 1400 4524 τυχὸν
1437 4453 1593 4525 φίλον
1626 4455 1916 4527 ἄνθρωπον
1944 4453 2021 4510 εἴ·

446 4556 530 4595 ναι
570 4542 770 4609 πάντα,
801 4542 864 4596 οὐ
897 4542 1005 4614 μὴν
1033 4544 1155 4599 οὐδὲ
1186 4545 1439 4617 ἀδελφόν.
1479 4548 1641 4603 ’Δλλά
1673 4550 1781 4620 χρὴ
1812 4551 1910 4621 μὲν
1934 4551 2024 4604 οὖ-

2131 2076 2377 2120 sanctus.
2415 2062 2470 2118 Si
2498 2079 2626 2120 vero
2664 2065 2954 2135 quamdam
2984 2064 3111 2120 boni
3143 2064 3379 2133 speciem
3412 2064 3574 2135 gerit,
3606 2063 3707 2120 bo-

2131 2156 2356 2211 nitatem
2389 2155 2570 2211 solum
2622 2155 2797 2226 ﬁngit,
2830 2155 3290 2226 quemadmodum
3327 2154 3601 2212 hominem
3633 2156 3707 2211 si-

2128 2249 2262 2312 mia,
2315 2249 2399 2303 vel
2451 2248 2759 2304 hirundinis
2797 2247 3008 2319 species
3057 2248 3385 2306 industriosa
3436 2261 3707 2306 constru—

2130 2340 2327 2394 ctiouis
2354 2352 2550 2395 artem.
2598 2339 2760 2395 Forte
2792 2353 2921 2395 vero
2956 2341 3265 2411 ponendum
3297 2350 3381 2397 est
3410 2342 3557 2398 illum
3583 2345 3702 2412 qui,

2130 2430 2183 2485 in
2216 2430 2303 2485 his
2324 2431 2519 2500 quibus
2574 2445 2771 2486 nocere
2803 2430 3055 2499 intendit,
3086 2429 3235 2487 utilis
3271 2439 3375 2496 est,
3416 2431 3469 2487 in
3513 2447 3705 2501 percu-

2130 2521 2353 2576 ticntem
2409 2520 2476 2576 ad
2528 2520 2907 2588 occidendum,
2945 2531 3229 2579 saltantem
3273 2532 3454 2579 autem
3488 2526 3704 2579 cruoris

2126 2614 2412 2680 eﬁ‘usione,
2465 2613 2546 2671 vel
2610 2616 2848 2672 vulneris
2879 2615 3233 2673 abscindendi
3290 2618 3493 2688 plaga:
3543 2633 3702 2688 quem

2130 2715 2547 2774 reprtesentaret
2598 2707 2818 2777 quidem
2877 2707 3079 2779 aliquis
3139 2708 3191 2764 iu
3247 2708 3546 2765 beneﬁcum
3608 2726 3707 2780 per

2128 2798 2348 2851 modum
2385 2797 2839 2867 adutnbrationis,
2890 2815 2996 2854 non
3029 2808 3210 2853 autem
3265 2802 3486 2856 omnin
3515 2803 3707 2870 depin-

2126 2901 2296 2960 geret.
2334 2888 2400 2945 Et
2453 2905 2580 2945 vero
2631 2890 2856 2945 forsitan
2915 2905 3235 2957 occurrens,
3296 2893 3441 2947 velut
3492 2894 3701 2948 hosmm

2125 2982 2373 3046 evitabit,
2401 2991 2454 3037 et
2481 2982 2638 3047 forte,
2661 2983 2813 3054 juxta
2838 2990 3185 3051 potestatem,
3211 2982 3568 3054 propulsabit.
3593 2983 3705 3038 iloe

2127 3084 2307 3129 tamen
2372 3089 2473 3145 ego
2503 3074 2719 3145 quidem
2788 3088 2892 3131 non
2954 3082 3138 3129 mente
3189 3075 3553 3144 conciperem,
3599 3075 3702 3130 nisi

2127 3164 2270 3221 Deus
2296 3165 2409 3235 ipse
2442 3162 2576 3220 mihi
2605 3177 2823 3220 sensum
2868 3161 3118 3231 auferat;
3154 3180 3341 3221 verum
3375 3165 3521 3222 haud
3576 3168 3701 3220 mali

2130 3270 2352 3320 memor,
2378 3258 2520 3312 sicut
2552 3256 2640 3311 ille
2661 3255 2812 3327 jubet
2848 3255 2994 3311 aliud
3029 3256 3246 3327 quidem
3273 3271 3396 3312 esse
3432 3257 3557 3313 dico
3588 3273 3704 3311 ina-

2125 3349 2354 3420 gistrum
2381 3358 2435 3404 et
2464 3346 2886 3416 benefactoreui,
2905 3347 3049 3403 aliud
3090 3364 3219 3403 vero
3249 3348 3395 3404 illum
3415 3350 3506 3419 qui
3546 3351 3701 3421 quasi

2126 3442 2385 3512 magister
2436 3451 2492 3495 et
2543 3441 2695 3506 quasi
2761 3437 3077 3496 benefactor
3114 3448 3219 3506 est;
3275 3454 3503 3508 esseque
3557 3442 3704 3510 prio-

2124 3531 2275 3588 resin
2295 3534 2501 3588 honore
2520 3534 2766 3599 multum,
2781 3531 3111 3602 posteriores
3128 3530 3500 3587 autemorbari
3523 3531 3699 3590 laude.

2192 3622 2313 3679 105.
2350 3621 2467 3679 Non
2510 3624 2677 3694 igitur
2716 3622 2916 3693 aliquis
2962 3622 3256 3677 contendat
3298 3621 3351 3676 in
3392 3638 3554 3676 unum
3587 3623 3703 3680 lucc

2120 3725 2177 3773 et
2197 3717 2284 3772 illa
2318 3730 2683 3787 congregem;
2718 3716 2813 3772 sed
2836 3714 2978 3784 quod
3010 3715 3226 3785 quidem
3257 3713 3568 3785 fugiendum
3590 3726 3698 3783 est,

2121 3810 2367 3882 quisquis
2403 3811 2618 3866 tandem
2654 3821 2754 3878 ego
2805 3806 2936 3873 sim,
2971 3807 3158 3878 fugere
3202 3806 3368 3874 sinat,
3409 3806 3525 3862 sive
3557 3811 3700 3864 sicut

2124 3904 2215 3959 ille
2265 3902 2360 3972 qui
2421 3901 2559 3973 fugit
2593 3901 2644 3955 in
2677 3913 2924 3956 eremum
2956 3915 3119 3969 quem
3143 3900 3384 3961 amabat,
3416 3901 3530 3956 sive
3557 3902 3701 3957 sicut

2127 3994 2331 4064 ignavi.
2362 3993 2517 4049 Sinat
2542 4007 2628 4048 me
2659 4005 2872 4061 sapere,
2904 3989 3178 4053 meditari,
3204 3991 3454 4061 scireque
3485 4006 3697 4047 morum

2122 4085 2483 4154 diﬁ‘erentias,
2536 4084 2667 4155 quid
2731 4084 2803 4139 sit
2855 4084 3074 4154 quidem
3131 4082 3304 4138 frater
3352 4083 3698 4153 simpliciter,

2122 4178 2251 4249 quid
2277 4193 2406 4233 vero
2450 4175 2681 4242 amicus;
2711 4175 2857 4247 quod
2887 4173 3102 4245 quidem
3148 4174 3201 4227 in
3233 4175 3434 4229 nostris
3471 4184 3556 4229 est
3586 4175 3698 4230 for-

2121 4272 2316 4326 tuitum
2366 4278 2422 4326 et
2471 4266 2631 4324 facile
2666 4266 3027 4336 variumque;
3058 4264 3489 4336 diligentioribus
3518 4276 3697 4320 autem

2122 4363 2280 4419 valde
2303 4359 2634 4418 laboriosum
2670 4361 2727 4412 et
2756 4356 3000 4424 unicum,
3024 4358 3178 4424 juxta
3212 4358 3355 4429 quod
3387 4357 3552 4414 etiam
3580 4374 3701 4414 our-

2124 4457 2211 4509 nia
2244 4453 2457 4509 dilectis
2505 4450 2819 4505 communia
2853 4449 3009 4504 fiunt.
3036 4449 3153 4505 Non
3186 4450 3330 4504 enim
3362 4449 3480 4507 ﬁeri
3517 4460 3701 4520 potest

2124 4559 2178 4601 ut
2202 4562 2334 4602 casn
2373 4547 2446 4601 sit
2493 4546 2703 4600 amicus
2744 4543 2923 4599 munis
2947 4543 3129 4607 homo,
3162 4556 3229 4598 ue
3260 4542 3428 4598 frater
3457 4545 3699 4613 quidem.

447 4646 551 4693 τως
575 4629 736 4687 εἶναι·
764 4633 926 4703 ἡμεῖς
952 4634 1010 4688 δὲ
1035 4634 1097 4688 οὐ
1127 4635 1388 4708 ποιοῦμεν
1416 4638 1613 4706 οὕτως,
1642 4640 1763 4695 ἀλλ’
1794 4642 2019 4712 ὀνόμασι

2127 4638 2242 4696 Hoc
2294 4637 2517 4710 quidem
2554 4643 2836 4708 oporteret
2891 4649 3054 4691 esse:
3098 4650 3196 4691 nos
3245 4645 3430 4691 autem
3481 4652 3587 4692 non
3618 4639 3701 4694 sic

448 4723 542 4775 καὶ
568 4723 750 4792 μόνοις
776 4724 1099 4796 όσιούμεθα,
1122 4725 1315 4800 ὥσπερ
1335 4728 1428 4783 τὸν
1456 4730 1733 4801 ὁμόγνιον,
1764 4729 1907 4786 οὕτω
1929 4736 2022 4789 καὶ

447 4814 537 4867 τὸν
565 4814 761 4884 φίλιον.
801 4817 989 4871 Ἔστιν
1011 4816 1107 4871 οὖν
1134 4835 1226 4889 μοι
1254 4820 1316 4874 τὸ
1346 4820 1584 4892 ἀξίωμα,
1617 4822 1710 4875 τὸν
1741 4823 1840 4893 μὲν
1869 4825 2022 4897 εὐερ-

447 4909 707 4978 γετοῦντα
737 4909 1126 4981 ὑπεραγαπᾷν,
1163 4912 1251 4964 τὸν
1285 4911 1342 4965 δὲ
1377 4913 1775 4967 κακοποιοῦντα
1807 4917 2016 4985 φέρειν,

445 5002 521 5065 ὡς
550 5001 792 5067 δυνατὸν,
827 5002 921 5056 καί
950 5020 1068 5068 πως
1099 5004 1341 5075 ἀγαπᾷν,
1373 5004 1468 5057 καὶ
1498 5004 1917 5076 ὑπερεύχεσθαιο
1951 5010 2021 5061 τὰ

447 5094 615 5149 πλείω
633 5094 733 5165 μὲν
754 5098 953 5165 στῆσαι
974 5096 1073 5168 τὴν
1094 5097 1357 5163 κάκωσιν,
1380 5098 1474 5150 καὶ
1497 5098 1684 5167 ῥαῖσαι
1699 5098 1797 5166 τῆς
1815 5099 1993 5167 ἀγακια
2007 5132 2018 5139 -

445 5188 715 5256 κτήσεως,
756 5188 1188 5259 παρενσπεῖρειν
1220 5186 1278 5241 δέ
1321 5204 1424 5240 που
1450 5188 1546 5241 καὶ
1567 5189 1733 5259 εὐχὰς
1753 5189 1850 5253 τάς
1877 5189 2019 5261 ὑπὲρ

443 5277 628 5344 αὐτοῦ,
660 5281 756 5332 καὶ
784 5279 966 5349 λέγειν
1013 5279 1094 5333 τό’
1134 5279 1227 5351 Μὴ
1258 5278 1465 5350 στήσῃς
1502 5280 1672 5352 αὐτῷ,
1705 5280 1896 5352 Κύριε,
1920 5281 2018 5353 τὴν

443 5370 720 5443 ἁμαρτίαν
765 5372 989 5443 ταύτην.
1046 5373 1154 5428 Καὶ
1202 5371 1313 5443 μὴν
1375 5370 1536 5425 τοῦτο
1584 5372 1736 5440 φίλον
1788 5372 1889 5443 μὲν
1941 5374 2011 5444 τᾷ

444 5462 833 5516 κακοποιοῦντι
862 5462 1049 5526 ἁπλῶς
1084 5463 1437 5532 ἁκουόμενον.
1468 5462 1652 5533 Φιλοιη
1686 5464 1796 5534 γὰρ
1827 5463 1915 5530 ἂν,
1944 5465 2017 5518 εῖ-

442 5568 570 5623 περ,
602 5556 660 5607 ἐν
704 5549 786 5617 οἷς
819 5554 989 5607 κακόν
1034 5571 1088 5607 τι
1125 5557 1288 5620 ποιεῖ,
1321 5555 1525 5624 ἀγαθὸν
1569 5555 1815 5627 εὑρίσκει
1845 5558 1907 5609 τὸ
1953 5557 2019 5609 ἐκ

441 5645 540 5713 τῆς
570 5645 735 5717 εὐχῆς
786 5647 932 5714 Πλὴν
954 5647 1092 5701 ἀλλὰ
1114 5647 1443 5718 ἐμϐαθύνων
1468 5648 1544 5717 τῷ
1576 5649 1744 5719 λόγῳ,
1773 5646 2019 5717 βλεπέτω

440 5737 539 5808 τὴν
562 5737 817 5809 τοιαύτην
841 5738 1028 5810 εὐχὴν,
1055 5742 1129 5810 μή
1160 5758 1212 5793 τι
1246 5739 1341 5794 καὶ
1382 5740 1683 5811 βαρύτητος
1720 5740 1839 5811 ἔχῃ.
1882 5741 2018 5810 23:7;-

547 5916 591 5947 "
627 5919 744 5971 Act.
774 5934 863 5979 ιιι,
883 5919 971 5973 59.

2123 4734 2357 4804 agimus,
2424 4732 2518 4787 sed
2569 4730 2700 4786 solis
2750 4728 3064 4784 nominibus
3102 4725 3267 4782 veluti
3315 4726 3697 4798 propinquum,

2125 4825 2198 4879 ita
2273 4823 2559 4886 amicum,
2645 4818 2911 4875 habemus
2963 4824 3236 4872 sanctum.
3318 4815 3485 4886 Igitur
3561 4816 3698 4871 mihi

2123 4929 2220 4983 pro
2275 4916 2390 4986 lege
2445 4923 2532 4971 est
2590 4911 2892 4968 beneficum
2960 4909 3177 4981 quidem
3236 4909 3408 4981 magis
3449 4909 3700 4981 diligere,

2123 5004 2552 5060 malefacientem
2600 5019 2729 5058 vero
2772 5002 2938 5068 ferre,
2990 5012 3252 5072 quantum
3308 5004 3584 5074 possibile,
3644 5016 3701 5062 et

2122 5096 2465 5166 aliquatenus
2513 5111 2717 5161 auiare,
2762 5105 2817 5150 et
2869 5109 2970 5165 pro
3023 5094 3114 5151 illo
3146 5112 3306 5152 orare
3344 5113 3357 5151 :
3394 5102 3698 5166 praesertim

2120 5188 2337 5258 quidem
2389 5185 2583 5241 sistere
2628 5185 2890 5240 malitiam
2924 5194 2978 5242 et
3006 5186 3075 5241 ab
3118 5186 3488 5258 indignatione
3524 5193 3698 5249 absti-

2121 5294 2170 5332 ni
2194 5292 2250 5332 re
2270 5314 2287 5343 ,
2314 5276 2543 5332 fundere
2570 5290 2700 5331 vero
2725 5290 2945 5347 quoque
2991 5286 3213 5347 propter
3249 5276 3399 5332 illum
3421 5294 3607 5347 preces
3636 5297 3703 5339 ac

2121 5370 2304 5424 dicere
2352 5386 2367 5423 :
2412 5368 2489 5424 Ne
2518 5380 2724 5424 statuas
2762 5370 2836 5423 illi
2860 5411 2876 5436 ,
2910 5368 3155 5435 Domine,
3207 5371 3308 5426 hoc
3336 5376 3695 5441 peccatum".

2123 5460 2290 5515 Porro
2329 5459 2471 5514 istud
2499 5461 2715 5530 quidem
2764 5460 3005 5516 amicitia
3037 5461 3401 5518 malefacienti
3429 5464 3698 5534 simplici-

2121 5565 2203 5608 ter
2234 5552 2571 5625 intelligitur.
2623 5552 2947 5625 Diiigeretur
2989 5555 3156 5619 enim,
3208 5554 3474 5626 siquidem
3520 5557 3576 5611 in
3611 5556 3695 5614 his

2121 5649 2318 5717 quibus
2338 5646 2541 5702 malum
2565 5647 2750 5713 infert,
2775 5646 2978 5703 bonum
3004 5649 3265 5705 eratiOuis
3289 5650 3514 5706 invenit.
3543 5650 3700 5706 Aita~

2122 5755 2171 5793 ιη
2212 5757 2242 5793 ιι
2289 5740 2341 5794 in
2379 5740 2545 5793 altum
2598 5740 2827 5795 rationis
2868 5740 3207 5797 dest-cudone
3264 5740 3423 5797 talem
3488 5741 3699 5797 intuea-
