4090 6430
412 452 524 518 195

416 656 520 713 ilic
556 657 702 713 enim
766 658 1016 711 Statuere
1078 655 1294 711 videtur
1356 656 1581 728 intelligi
1618 674 1634 711 :
1667 658 1992 725 ponderare,

417 754 535 807 sive
564 750 784 812 librare,
842 747 945 813 vel,
978 747 1058 802 uti
1110 747 1182 802 ita
1214 747 1413 812 dicam,
1445 759 1644 804 statera
1688 749 1893 804 sistere.
1932 750 1997 804 Et

415 843 745 916 signiﬁcaret
788 860 801 896 :
853 840 1076 897 Domine
1103 882 1118 907 ,
1178 856 1244 895 ne
1288 841 1443 912 juxta
1491 843 1746 898 meritum
1789 852 1996 899 statera

416 941 716 1013 ponderes;
757 954 857 995 nec
907 939 1204 995 secundum
1257 940 1664 1008 proportionem
1718 939 1997 996 examines

415 1037 518 1090 hoc
557 1041 876 1101 peccatum;
901 1039 958 1084 at
998 1030 1042 1085 si
1078 1030 1297 1098 reprimi
1329 1030 1500 1085 malos
1530 1038 1803 1099 oporteat,
1841 1029 1997 1085 erudi

414 1126 629 1194 quidem
666 1132 721 1179 et
768 1131 1048 1186 converte,
1102 1132 1356 1191 terreque
1402 1123 1546 1177 velut
1589 1123 1655 1179 ad
1696 1122 1997 1194 repriman-

413 1217 565 1279 dum,
625 1222 790 1280 atque
846 1212 954 1265 illis
1019 1212 1244 1265 ostende
1303 1213 1598 1283 potentiam
1650 1220 1838 1279 tuam;
1891 1228 1996 1269 non

411 1314 593 1358 autem
622 1301 774 1370 juxta
804 1299 1196 1370 aequalitatem,
1227 1303 1332 1369 vel,
1359 1311 1418 1357 ut
1448 1305 1758 1362 clarissime
1782 1307 1992 1375 loquar,

413 1398 480 1451 ad
518 1397 942 1466 mquipondium.

482 1486 608 1543 106.
640 1487 771 1552 Sed,
820 1497 881 1541 ut
939 1488 1207 1555 dicebam,
1251 1506 1353 1544 nou
1386 1490 1584 1560 aliquis
1622 1491 1750 1545 velit
1804 1502 1996 1545 contra

414 1587 677 1635 statutam
731 1580 813 1635 ire
843 1581 1297 1636 consuetudinem
1329 1584 1381 1638 in
1428 1584 1593 1639 rebus
1637 1598 1731 1650 per
1762 1593 1996 1638 antono-

413 1672 644 1728 masiam
683 1671 968 1727 vocandis.
1004 1671 1218 1729 Etenim
1253 1675 1300 1730 si
1355 1675 1661 1730 maleficum
1705 1676 1756 1728 in
1787 1675 1995 1730 benefi-

415 1780 561 1830 cum,
590 1780 656 1821 eo
680 1766 825 1835 quod
855 1782 951 1836 per
973 1766 1289 1838 patientiam
1322 1768 1609 1823 utilitatem
1635 1768 1990 1838 percipimus,

370 1918 373 1921 _
416 1858 805 1924 inscribamus,
853 1876 917 1915 ex
952 1861 1303 1930 consequenti
1356 1861 1616 1925 amicum,
1645 1860 1689 1916 si
1721 1861 1998 1917 consultus

1125 451 1549 513 EUSTATIIII
1581 448 2348 513 THESSALONICENSIS
2382 448 2952 509 METROPULITIE

412 574 506 621 tur
553 564 876 630 orationem,
938 575 1002 617 ne
1052 563 1180 630 quid
1216 563 1379 619 etiam
1438 564 1722 633 gravitatis
1770 564 1991 619 habeat.

2104 580 2197 617 σαι
2249 563 2359 633 γὰρ
2411 562 2646 616 ἐνταῦθα
2702 563 2849 617 δοκεί
2899 563 3153 632 λέγεσθαι
3218 566 3277 619 τ’»

3578 456 3685 519 496

3359 566 3489 622 σταθ
3497 568 3686 636 μῶσα·

2103 657 2250 716 σθαι.
2306 656 2402 709 εἰτ’
2454 650 2547 709 οὖν
2604 655 3097 721 ταλαντεύσασθαι,
3169 658 3285 723 καὶ,
3358 659 3433 723 ὡς
3482 650 3683 726 εἰπεῖν,

2103 750 2533 819 ζυγοστατῆσαι.
2580 750 2720 811 ,Καὶ
2778 750 2927 819 λέγοι
2974 749 3080 804 ἄν·
3141 750 3353 821 Κύριε,
3409 754 3485 823 μὴ
3546 754 3684 823 πρὸς

2100 840 2257 904 ἀξίαν
2286 840 2609 912 σταθμώσῃ,
2660 841 2783 910 μηδ’
2824 842 3092 910 ἀνάλογον
3121 843 3496 916 τρυτανεύσῃς
3529 847 3685 905 τουτὶ

2100 931 2162 985 τὸ
2201 932 2530 1003 ἁμάρτημα·
2563 932 2679 986 ἀλλ’
2714 935 2762 986 εί
2795 934 2888 987 καὶ
2918 934 3103 1005 δεήσει
3140 935 3510 1005 ἀναπαλῆναι
3559 937 3684 1000 τοὺς

2103 1024 2415 1095 φορτικοὺς.
2449 1024 2742 1079 παίδευσον
2775 1026 2875 1097 μὲν
2908 1026 2999 1080 καὶ
3031 1027 3362 1098 ἐπίστρεψον
3397 1029 3491 1082 καὶ
3521 1028 3685 1094 ἐκφό-

2103 1114 2272 1185 6ησον
2301 1114 2377 1179 ὡς
2398 1114 2493 1168 ἐπὶ
2517 1115 2813 1186 ἀναστολῇ,
2840 1116 2936 1168 καὶ
2954 1114 3224 1186 γνώρισον
3255 1115 3439 1179 αὐτοῖς
3472 1113 3571 1186 τὴν
3592 1114 3685 1168 δύο

2102 1206 2264 1274 ναμίν
2306 1222 2421 1269 σου,
2462 1204 2538 1276 μή
2566 1205 2703 1277 πρὸς
2729 1205 2980 1270 ἀντάξιον
3011 1206 3088 1273 δὲ,
3114 1207 3211 1261 καὶ
3241 1205 3556 1276 σαφέστατα
3600 1206 3683 1258 εἰ·

2102 1297 2244 1357 πεῖν,
2271 1295 2598 1351 ἰσοστάσιον.

2178 1478 2285 1549 ρξ’.
2349 1478 2491 1532 Ἀλλ’
2534 1481 2669 1550 ὅπερ
2699 1479 2904 1548 ἔλεγον,
2958 1480 3031 1549 μή
3069 1497 3153 1542 τις
3179 1478 3412 1532 testem
3441 1496 3684 1547 παρανο-

2106 1573 2226 1641 μεῖν
2263 1572 2342 1634 είς
2384 1571 2444 1624 τὸ
2489 1572 2827 1643 καθεστηκὸς
2870 1571 3189 1625 κοινωνικὸν
3217 1570 3304 1624 διὰ
3334 1570 3429 1624 τοῦ
3462 1571 3688 1624 ἀντονο-

2107 1663 2300 1733 μάςοειν
2344 1662 2413 1715 τὰ
2466 1663 2787 1733 πράγματα.
2844 1663 2906 1716 Ei
2950 1663 3058 1730 γὰρ
3103 1661 3197 1716 τὸν
3246 1660 3552 1715 κακύνοντα
3602 1661 3687 1724 είς

2104 1757 2402 1828 εὐεργέτην
2424 1755 2824 1827 ἐπιγράψομεν,
2846 1748 2928 1819 οἷς
2961 1752 3414 1820 ἀνεξικακοῦντες
3443 1752 3689 1821 ὠφελού-

2109 1850 2268 1920 μεθα,
2301 1848 2360 1913 ἐξ
2391 1832 2688 1902 ἀκολούθου
2730 1848 2824 1901 καὶ
2852 1848 2944 1901 τὸν
2976 1847 3152 1915 φίλον,
3186 1847 3240 1900 ετ
3269 1863 3403 1899 ποτε
3446 1844 3688 1916 συμϐου·

417 1965 525 2004 non
546 1952 611 2005 de
628 1952 829 2022 regulis
846 1952 1103 2008 amicitia:
1123 1954 1260 2009 bene
1280 1952 1561 2019 decernat,
1596 1953 1650 2008 in
1680 1953 1996 2015 inimicum:

2105 1941 2438 2011 λευσάμενος
2468 1941 2569 1995 οὐκ
2598 1941 2919 2011 εὐστοχήσει
2944 1941 3011 1993 τὰ
3041 1942 3099 2004 ἐς
3122 1938 3344 2009 φιλικὴν
3375 1937 3687 2007 ὑποθήκην,

413 2054 481 2096 eo
520 2042 663 2111 quod
718 2042 922 2113 aliquid
950 2044 1260 2100 detrimenti
1295 2043 1561 2099 fuerimus
1604 2045 1836 2111 experti,
1903 2059 1998 2114 per

415 2134 804 2206 metonymiam
849 2135 1273 2191 transferemus.
1305 2134 1423 2190 Hoc
1463 2144 1647 2190 autem
1710 2135 1817 2190 dici
1887 2151 1997 2192 non

410 2225 646 2294 poterit.
679 2226 798 2282 Non
848 2228 994 2281 enim
1047 2242 1117 2283 ex
1160 2225 1444 2282 effectibus
1487 2241 1652 2293 opera
1701 2227 1900 2293 solent,
1941 2235 2001 2282 ut

414 2316 732 2384 didicimus,
770 2319 1120 2373 characteres
1155 2317 1422 2387 accipere.
1467 2316 1739 2372 Possibile
1767 2333 2000 2381 namque

413 2412 501 2459 est
551 2405 681 2461 boni
721 2407 845 2463 ﬁnis
892 2408 1275 2478 pravissimum
1322 2420 1442 2463 esse
1495 2407 1847 2477 principium,
1894 2409 2000 2463 etsi

417 2497 541 2551 linis
572 2495 662 2552 ille
710 2512 974 2567 prospere
1010 2498 1362 2564 terminatur,
1389 2498 1514 2553 ﬁnis
1545 2509 1726 2553 autem
1768 2498 2000 2555 actionis

316 2606 321 2609 ·
408 2602 522 2643 non
556 2588 710 2644 bona:
733 2588 1116 2659 probissimum
1144 2590 1359 2644 initium
1391 2605 1532 2655 esse,
1577 2592 1674 2644 etsi
1716 2589 1855 2645 male
1878 2606 1998 2647 suc-

416 2682 644 2737 cesserit
680 2690 963 2753 operatus.
1000 2682 1187 2751 itaque
1222 2682 1581 2751 probissimus
1614 2683 1822 2738 amicus
1858 2697 2000 2738 sem-

406 2788 513 2843 per
541 2775 744 2842 probus
793 2783 895 2841 cst,
933 2773 1035 2828 etsi
1070 2788 1167 2842 per
1197 2788 1319 2828 eum
1365 2776 1583 2845 aliquod
1639 2775 1837 2829 dilecto
1868 2776 2003 2831 sub-

416 2870 505 2917 eat
554 2864 994 2930 detrimentum;
1055 2864 1330 2923 maleﬁcus
1364 2877 1545 2922 autem
1600 2882 1817 2938 semper
1870 2883 1997 2937 pra-

406 2968 538 3009 ‘vam
570 2955 800 3011 sortitur
830 2956 1273 3026 appellationem,
1310 2958 1484 3013 donec
1536 2959 1708 3013 malus
1744 2972 1998 3029 perseve-

400 3032 520 3113 rat,
581 3049 684 3102 etsi
728 3063 823 3118 per
870 3049 1126 3106 accidens
1156 3049 1214 3105 in
1270 3051 1593 3107 beneﬁcium
1627 3053 1744 3123 ejus
1794 3053 1997 3108 malitia

402 3138 762 3194 ~terminetur.
817 3137 915 3194 Hic
942 3148 1123 3196 autem
1158 3142 1279 3197 dico
1313 3142 1675 3209 conﬁdentes,
1712 3146 1854 3215 quod
1887 3160 1996 3200 non

412 3229 543 3285 dicit
565 3231 813 3288 amicus:
840 3231 1030 3299 Nocui;
1053 3233 1373 3290 memoriam
1401 3250 1509 3291 non
1536 3237 1762 3293 habeas.
1791 3235 1995 3293 Verum

400 3320 558 3375 litaud
604 3335 669 3376 ex
698 3325 976 3392 proposito
1029 3339 1227 3380 noxam
1257 3325 1424 3383 amici
1450 3330 1625 3393 novit,
1679 3329 1805 3385 licet
1833 3345 1996 3401 quam

399 3414 649 3469 maxima
709 3415 852 3469 mala
887 3430 956 3470 ex
1001 3415 1093 3471 ilio
1142 3417 1401 3488 patiatur.
1452 3418 1743 3492 Nunquam
1787 3422 1996 3478 amicus

405 3503 692 3560 maledicit
746 3505 1022 3571 similem,
1079 3521 1376 3576 numquam
1432 3509 1817 3580 blasphemat,
1885 3528 1994 3567 non

400 3595 551 3661 odit,
601 3609 708 3650 non
748 3596 986 3662 rixatur,
1044 3612 1149 3652 non
1202 3596 1401 3653 difﬁdit
1460 3600 1659 3667 amico,
1710 3617 1815 3656 non
1846 3603 2000 3672 ﬁngit

415 3687 747 3753 calumnias,
777 3703 884 3744 non
908 3703 1154 3745 accusat.
1182 3688 1375 3743 Anima
1406 3704 1534 3745 vero
1569 3707 1675 3747 non
1703 3693 1878 3748 amica
1902 3708 2001 3749 nec

415 3779 695 3835 solertiam
749 3778 982 3834 istorum
1018 3779 1201 3836 habet.
1240 3780 1298 3835 Si
1339 3794 1467 3836 vero
1496 3782 1823 3851 quandooue
1860 3785 1998 3840 male

417 3871 735 3927 ratiocinata
757 3871 892 3926 velit
925 3871 1107 3926 dicere
1164 3871 1417 3927 lacessito
1448 3890 1463 3928 :
1495 3872 1616 3927 Noli
1666 3877 1998 3945 meminisse,

416 3965 510 4019 sed
540 3975 759 4031 semper
789 3962 998 4015 amicus
1024 3968 1178 4025 esto;
1207 3960 1425 4030 iocatur
1469 3964 1526 4018 in
1565 3964 1649 4019 bis
1679 3980 1798 4032 qua:
1851 3981 2002 4035 repo-

415 4053 540 4115 scit,
567 4050 812 4120 nihilque
841 4060 1015 4104 tutum
1050 4049 1311 4121 loquitur.
1351 4052 1553 4108 Audiet
1604 4055 1726 4111 talis
1753 4072 1780 4109 a
1820 4056 1948 4112 laeso
1983 4076 1997 4114 :

415 4142 571 4198 Licet
613 4153 776 4198 notus
822 4142 1042 4212 quidem
1087 4142 1166 4198 sis
1229 4152 1284 4198 et
1327 4143 1632 4211 familiaris,
1682 4164 1787 4202 non
1818 4160 1998 4205 autem

416 4237 648 4290 amicus.
699 4234 837 4288 Nam
889 4236 1070 4290 omnis
1121 4217 1330 4290 amicus
1372 4236 1425 4290 in
1476 4236 1734 4294 dilectum
1791 4256 1821 4296 a
1854 4254 2001 4297 recto

413 4329 583 4383 verbo
638 4327 931 4397 rcgulaque
982 4342 1089 4382 non
1144 4325 1403 4383 deflectit.
1438 4327 1494 4383 Si
1555 4346 1686 4387 vero
1732 4332 1999 4401 offendat,

415 4420 620 4475 oﬂ'eusa
675 4436 778 4475 non
824 4420 880 4474 in
907 4420 1069 4475 istum
1131 4419 1274 4475 haud
1311 4420 1606 4477 excitatum
1650 4435 1790 4481 ruet.
1846 4424 2001 4482 Insu-

415 4528 511 4583 per
546 4523 727 4567 autem
763 4513 887 4567 talis
928 4513 1129 4576 audiet,
1182 4513 1325 4581 quod
1349 4511 1505 4583 juxta
1552 4517 1892 4585 conscriptos
1942 4518 1995 4572 in

2103 2033 2549 2104 μετονομάσομεν
2592 2034 2673 2096 είς
2720 2032 2936 2104 ἐχθρὸν,
2971 2032 3024 2085 εἴ
3050 2032 3102 2085 τί
3133 2048 3237 2085 που
3272 2028 3688 2101 βλαὸησόμεθα.

2102 2125 2272 2178 Τοῦτο
2300 2126 2355 2178 δὲ
2385 2125 2520 2196 μηδὲ
2552 2125 2786 2179 λαλοῖτο.
2813 2125 2890 2179 Οὐ
2922 2124 3030 2194 γὰρ
3060 2126 3124 2177 ὲκ
3153 2123 3264 2177 τῶν
3311 2120 3692 2190 ἀποτελεσμά-

2101 2235 2208 2270 των
2251 2213 2363 2271 οῐδε
2394 2217 2464 2271 τὰ
2507 2216 2646 2289 ἔργα
2687 2217 3217 2289 χαρακτηρίζεσθαι,
3262 2216 3339 2281 ὡς
3381 2214 3689 2285 ἐμάθομεν.

2100 2307 2264 2369 Εἰκὸς
2298 2307 2406 2377 γὰρ
2466 2309 2561 2363 καὶ
2595 2307 2801 2377 ἀγαθοῦ
2831 2309 3018 2372 τέλους
3052 2307 3399 2378 φαυλοτάτην
3419 2300 3690 2377 εἶναιτὴν

2103 2400 2405 2470 καταρχὴν,
2433 2402 2482 2452 εί
2518 2401 2612 2454 καὶ
2645 2402 2777 2455 αὐτὸ
2806 2400 3049 2473 εὐτυχῶς
3072 2399 3405 2463 τετέλεσται,
3452 2398 3548 2453 καὶ
3581 2399 3688 2451 πέ-

2105 2507 2268 2563 ρατος
2297 2491 2353 2545 δὲ
2384 2492 2637 2563 πράξεως
2667 2493 2767 2546 οὐκ
2804 2492 3016 2563 ἀγαθῆς
3040 2494 3412 2563 χρηστότατον
3452 2486 3593 2545 εἶναι
3622 2491 3691 2543 τδ

2102 2584 2401 2656 κατάρξαν,
2448 2590 2497 2638 εἰ
2546 2588 2642 2640 καὶ
2679 2587 2708 2638 6
2753 2585 2966 2655 πράξας
3000 2583 3420 2655 δεδυστύχηκεν.
3472 2583 3689 2636 Οὐκοῦν

2100 2676 2201 2729 καλ⁸
2232 2678 2259 2729 6
2306 2678 2678 2747 χρηστότατος
2728 2678 2881 2748 φίλος
2923 2678 3011 2731 ἀεὶ
3056 2677 3316 2749 χρηστὸς,
3349 2676 3451 2730 κᾶν
3496 2677 3545 2727 εἰ
3587 2675 3688 2728 καὶ

2101 2767 2300 2840 συνέϐη
2329 2769 2405 2838 τῷ
2438 2770 2743 2841 φιλουμένῳ
2773 2771 2947 2842 βλάϐη
2975 2788 3059 2835 τις
3086 2770 3153 2825 δι’
3185 2771 3369 2823 αὐτόν·
3407 2770 3499 2822 καὶ
3526 2767 3556 2820 6
3578 2785 3688 2821 κα-

2100 2859 2280 2914 κύνων
2326 2860 2381 2913 δὲ
2430 2862 2763 2933 κληρονομεῖ
2804 2864 2980 2917 διόλου
3012 2863 3226 2934 φαύλης
3257 2862 3526 2933 κλήσεως,
3574 2859 3685 2923 ἕως

2100 2951 2167 3005 ἂν
2209 2952 2360 3022 μένοι
2396 2954 2585 3021 κακὸς,
2615 2956 2664 3007 εί
2705 2956 2799 3008 καὶ
2825 2955 2905 3019 είς
2937 2955 3258 3024 εὐεργεσίαν
3291 2952 3435 3007 οὕτω
3465 2952 3685 3021 συμϐάν

2098 3042 2531 3114 ἀπετελεύτησεν
2556 3048 2588 3115 ή
2612 3045 2672 3110 ἐξ
2696 3045 2861 3099 αὐτοῦ
2897 3048 3164 3111 κάκωσις.
3189 3046 3344 3113 Λέγω
3375 3045 3420 3099 6'
3446 3042 3683 3096 ἐνταῦθα

2101 3134 2468 3207 θαρρούντως,
2497 3139 2588 3191 καὶ
2617 3138 2691 3200 ὡς
2723 3139 2785 3193 οὐ
2827 3139 2976 3207 λέγει
3008 3139 3160 3207 φίλος
3185 3151 3200 3169 ·
3238 3137 3552 3201 Ἐκάκωσα,
3585 3136 3682 3188 καὶ

2104 3227 2179 3299 μὴ
2218 3227 2308 3299 ἔχε
2343 3230 2588 3301 μνήμην.
2632 3230 2792 3284 Ἀλλὰ
2836 3232 3085 3284 κάκωσιν
3118 3230 3219 3283 οὐκ
3247 3226 3356 3283 οἶδε
3389 3230 3545 3298 φίλου
3578 3227 3680 3296 τὴν

2024 3302 2069 3361 C
2092 3323 2167 3373 ,ὲκ
2197 3322 2528 3392 προθέσεως,
2561 3321 2666 3376 κᾶν
2690 3323 2771 3375 ὅτι
2805 3322 3038 3392 μάλιστα
3068 3322 3216 3376 δεινὰ
3244 3321 3304 3387 ἐξ
3337 3319 3545 3375 ἐκείνου
3571 3321 3677 3374 πά-

2103 3427 2229 3484 σχῃ.
2259 3413 2530 3467 Οὐδέποτε
2565 3413 2718 3482 φίλος
2743 3413 3036 3482 κακολογεί
3064 3414 3156 3466 τδν
3182 3413 3389 3483 ὅμοιον,
3422 3411 3677 3465 οὐδέποτε

2102 3503 2434 3575 βλασφημεῖ,
2489 3506 2589 3560 οὐκ
2636 3506 2902 3576 ἐχθαίρει,
2955 3506 3056 3558 οὐκ
3107 3504 3305 3572 ἐρίζει,
3357 3506 3418 3558 οὐ
3470 3502 3675 3568 δοιάζει

2101 3598 2291 3650 ἑαυτὸν
2308 3597 2399 3652 τοῦ
2427 3599 2602 3667 φίλου,
2636 3600 2695 3653 οὐ
2732 3599 3067 3670 συμπλάττει
3096 3598 3376 3664 διαϐολὰς,
3411 3600 3473 3652 οὐ
3505 3615 3676 3666 κατη-

2101 3690 2272 3757 γορεί-
2305 3689 2452 3759 ψυχὴ
2474 3691 2531 3744 δὲ
2555 3691 2744 3760 ἄφιλος
2767 3693 2859 3745 καὶ
2884 3691 3004 3744 οὐδὲ
3030 3691 3337 3761 εὐμήχανος
3366 3690 3476 3743 τῶν
3505 3688 3681 3743 τοιού-

2102 3796 2209 3831 των
2234 3780 2465 3846 γίνεται.
2498 3782 2560 3836 El
2595 3782 2652 3836 δέ
2680 3799 2810 3836 ποτε
2842 3785 2933 3854 Μὴ
2970 3783 3355 3855 εὐστοχήσασα
3388 3781 3562 3835 ἐθέλει
3590 3780 3678 3833 λέ-

2102 3889 2220 3940 γειν
2244 3874 2320 3943 τῷ
2345 3872 2730 3943 πολεμηθέντι·
2764 3878 2839 3947 μὴ
2871 3877 3141 3948 μέμνησο,
3168 3880 3304 3934 ἀλλά
3330 3878 3504 3934 διόλου
3528 3877 3678 3946 φίλος

2104 3964 2217 4018 ἔσο·
2255 3967 2460 4032 παίζει,
2508 3968 2595 4035 ἐφ’
2640 3965 2720 4029 οἷς
2749 3970 2911 4036 ἀξιοῖ,
2959 3972 3203 4039 ἀσφαλὲς
3233 3974 3288 4026 δὲ
3320 3972 3470 4038 λέγει
3502 3971 3675 4025 οὐδέν.

2117 4057 2437 4110 ’Λκούσεται
2466 4074 2574 4128 γιρ
2605 4061 2633 4113 6
2667 4061 2905 4124 τοιοῦτος
2940 4064 3073 4132 πρός
3109 4081 3171 4132 γε
3198 4064 3291 4119 τοῦ
3328 4062 3674 4135 βλαφθέντοςο

2114 4146 2204 4208 Ὦς
2232 4148 2507 4219 γνώριμος
2536 4151 2634 4218 μὲν
2658 4151 2753 4223 ἔσῃ
2785 4154 2879 4206 καὶ
2902 4154 3160 4225 συνήθης,
3196 4156 3348 4226 φίλος
3371 4157 3428 4210 δὲ
3459 4159 3556 4208 οὐκ
3590 4155 3673 4207 ἄν.

2102 4239 2259 4302 Φίλος
2294 4242 2400 4310 γὰρ
2429 4243 2572 4306 ἆπας
2604 4244 2986 4314 ἀναμάρτητος
3018 4248 3164 4318 ὀρθῷ
3194 4248 3338 4318 λόγῳ
3371 4251 3465 4302 καὶ
3493 4249 3676 4301 κανόνι

2105 4332 2239 4401 πρὸς
2270 4332 2360 4385 τὸν
2386 4333 2726 4404 φιλούμενον.
2765 4339 2823 4389 Εἰ
2851 4338 2908 4391 δέ
2937 4356 3039 4393 που
3064 4340 3156 4392 καὶ
3184 4341 3505 4411 προσκόψοι,
3539 4340 3676 4393 ἀλλᾶ

2102 4424 2164 4475 τὸ
2207 4425 2434 4494 σφάλμα
2477 4426 2579 4480 οὐκ
2605 4431 2685 4490 είς
2733 4429 3024 4500 ἀνέγερτον
3061 4432 3264 4485 ἐκεῖνον
3295 4434 3673 4505 καταρῤιπτεῖ.

2105 4515 2552 4584 Προσακούσεται
2579 4518 2635 4572 δὲ
2666 4520 2696 4571 6
2727 4519 2991 4588 τοιοῦτος,
3022 4523 3119 4576 καὶ
3147 4524 3228 4577 ὅτι
3255 4525 3397 4577 κατὰ
3427 4527 3551 4587 τοὺς
3582 4541 3679 4576 ποο

414 4606 565 4662 cives
617 4614 672 4659 et
732 4605 846 4673 ipse
902 4605 1260 4673 reputabitur.
1319 4603 1387 4659 Et
1437 4607 1891 4675 quemadmodum
1942 4611 1994 4665 in

2103 4607 2604 4679 λιτογραφομένους
2639 4613 3021 4683 λογισθήσεται
3061 4615 3156 4668 καὶ
3195 4616 3378 4679 αὐτός’
3411 4617 3505 4669 καὶ
3537 4617 3679 4668 καθα

414 4700 690 4757 civitatem
728 4699 924 4767 aliquis
957 4697 1243 4751 ordinatus
1267 4696 1587 4767 aliquandiu
1634 4701 1853 4770 quidem
1887 4717 1992 4757 non

2103 4702 2298 4764 τακτός
2333 4719 2417 4766 τις
2445 4706 2500 4766 ἐς
2532 4704 2688 4757 πόλιν
2721 4705 2856 4768 ιέως
2897 4709 2999 4777 μὲν
3031 4708 3133 4762 οὐκ
3176 4709 3500 4779 αὐτόχρημα
3532 4709 3681 4761 πολί-

415 4792 594 4861 reipsa
619 4789 756 4844 civis
786 4798 890 4853 est,
919 4789 1014 4843 sed
1045 4796 1364 4852 extraneas;
1393 4788 1683 4856 inscriptus
1712 4801 1891 4845 autem
1939 4792 1992 4846 in

415 4887 758 4948 societatem,
779 4880 1116 4951 appositione
1135 4881 1279 4937 ﬁlius
1296 4879 1355 4936 ﬁt
1370 4882 1629 4949 civitatis,
1648 4891 1703 4937 et
1720 4884 1996 4940 secundus

416 4990 501 5034 est
525 4977 593 5031 ab
623 4974 891 5045 indigenis
914 4982 1171 5043 tanquam
1193 4974 1392 5044 hospes
1410 4989 1513 5029 non
1546 4990 1705 5046 pares
1722 4990 1787 5031 ac
1803 4976 1992 5033 caeteri

415 5067 750 5140 participans
776 5067 1031 5131 honores,
1055 5064 1159 5120 nisi
1185 5066 1458 5132 deveniat,
1490 5065 1715 5123 forsitan
1757 5068 1994 5125 illustra-

417 5171 525 5224 tus,
554 5157 670 5213 sive
696 5171 790 5226 per
816 5156 1093 5226 dignitatis
1131 5166 1533 5225 ornamentum,
1585 5160 1701 5216 sive
1731 5174 1828 5228 per
1862 5177 1996 5229 aug-

417 5240 658 5306 mentum
687 5265 702 5306 :
728 5247 806 5303 sic
834 5256 889 5302 et
917 5247 1013 5303 tibi
1038 5247 1349 5317 aliquandiu
1376 5249 1595 5319 quidem
1620 5253 1856 5306 amicum
1888 5255 1995 5306 erit

410 5341 828 5400 contubernium
861 5357 877 5395 :
913 5340 957 5394 si
992 5355 1122 5395 vero
1154 5340 1455 5397 favorabile
1502 5351 1719 5414 tempus
1742 5344 1809 5400 ad
1836 5358 1994 5412 regu-

416 5437 586 5491 larem
629 5432 924 5488 amicitiam
948 5432 1203 5499 iliuxerit,
1237 5445 1363 5490 tunc
1403 5435 1456 5489 in
1503 5450 1689 5490 verum
1732 5437 1992 5505 amicum,

413 5529 505 5599 qui
533 5525 707 5595 diligit
738 5525 1177 5591 unauimitatem,
1206 5516 1571 5582 ordinaberis.
1622 5527 1773 5583 Alias
1809 5538 1994 5583 autem

418 5629 565 5673 recte
616 5626 898 5672 vereretur
948 5615 1071 5685 quis
1139 5616 1192 5670 in
1230 5624 1281 5670 te
1314 5618 1459 5687 quod
1508 5618 1857 5682 inexpertum
1887 5627 1993 5681 est,

418 5712 664 5781 interque
694 5719 920 5765 crateras
961 5710 1202 5764 rationes
1252 5710 1416 5763 etiam
1470 5712 1600 5780 quid
1654 5709 1862 5777 forsan,
1908 5711 1996 5765 bis

415 5804 663 5873 cognitis,
690 5807 976 5859 hesternas
1006 5805 1205 5870 socius,
1226 5804 1504 5874 antiquus,
1527 5818 1740 5872 semper
1761 5804 1993 5867 amicus,

416 5902 685 5965 sincerus,
717 5901 1054 5965 commodus,
1087 5902 1154 5960 ab
1185 5903 1383 5966 amico,
1422 5902 1473 5955 in
1530 5906 1784 5955 unumet
1813 5899 1988 5971 ipsum

2097 4808 2193 4863 της
2222 4793 2390 4861 ἐστὶν,
2433 4795 2570 4850 ἀλλά
2601 4800 2774 4869 δήπου
2805 4799 2977 4863 ξένος·
3009 4802 3314 4870 ἐγγραφεὶς
3348 4801 3404 4854 δὲ
3434 4801 3514 4865 εἷς
3540 4805 3682 4871 φρή-

2096 4900 2255 4954 τρην,
2296 4886 2443 4940 θέσει
2495 4888 2685 4943 τέκνον
2719 4891 2910 4960 γέγονε
2958 4892 3188 4957 πόλεως,
3222 4893 3318 4946 κοιλ⁵
3363 4892 3675 4965 δευτερεύει

2097 4975 2206 5029 τῶν
2239 4977 2526 5045 ίθαγενῶν,
2574 4980 2650 5044 ὡς
2691 4981 2917 5053 ἔπηλυς,
2973 4984 3035 5037 οὐ
3090 4984 3517 5057 μεταλαγχάνων
3567 4985 3676 5039 τῶν

2100 5067 2235 5123 ῐσων
2263 5073 2375 5135 τοῖς
2409 5073 2592 5138 ἄλλοις
2634 5077 2960 5145 πρεσϐείων,
2997 5078 3046 5130 εί
3079 5078 3155 5149 μή
3193 5079 3301 5150 ἀρα
3344 5080 3673 5145 συντελέσει,

2098 5160 2432 5229 ἀριστεύσας
2460 5168 2644 5235 τυχὸν,
2676 5169 2707 5237 ἢ
2741 5169 3041 5238 πρεσϐείαν
3068 5172 3328 5244 τιμήσας,
3436 5172 3673 5235 ὲπιδούς’

2097 5250 2239 5304 οὐεω
2266 5256 2356 5306 καὶ
2382 5258 2464 5308 σοι
2494 5258 2627 5320 τέως
2656 5263 2754 5327 μὲν
2779 5248 3061 5331 ἀγαπητὸν
3084 5264 3235 5318 ἔσται
3255 5266 3317 5317 τὸ
3342 5266 3673 5337 ὁμωρόφιον.

2098 5343 2162 5395 Ei
2183 5344 2237 5395 δὲ
2270 5349 2460 5415 χρόνος
2491 5348 2739 5419 εὐμαρὴς
2773 5354 2988 5423 ὲκφήνῃ
3015 5354 3083 5407 τά
3120 5356 3219 5425 τῆς
3252 5356 3437 5425 φιλίας
3466 5373 3679 5409 κανονι·

2098 5432 2235 5497 κῶς,
2265 5436 2386 5489 τότε
2430 5435 2494 5517 δὴ
2534 5439 2631 5492 καὶ
2659 5441 2741 5503 είς
2780 5442 3125 5514 αὐτόχρημα
3149 5446 3302 5514 φίλον
3345 5446 3566 5517 τετάξῃ,
3614 5445 3675 5508 6;

2097 5525 2407 5598 ὁμοψυχίαν
2442 5514 2606 5597 φιλεῖ·
2644 5530 2821 5597 ἄλλως
2852 5534 2909 5587 δὲ
2958 5535 3139 5597 καλῶς
3184 5537 3251 5591 ἂν
3280 5514 3563 5591 εὐλαϐοῖτό
3592 5555 3678 5602 τις

2098 5619 2159 5671 τὸ
2191 5621 2249 5673 ὲν
2287 5622 2373 5673 σοὶ
2412 5622 2798 5691 ἀδοκίμαστον,
2841 5626 2912 5680 τά
2960 5644 3019 5680 τε
3051 5627 3208 5694 ἄλλα,
3244 5631 3337 5682 καὶ
3387 5631 3469 5684 ὅτι
3521 5630 3677 5683 ταῦτ’

2100 5710 2229 5773 ἴσως
2263 5713 2450 5782 μαθὼν
2481 5718 2510 5769 6
2544 5717 2734 5786 πρώην
2762 5720 2976 5789 ἑταῖρος
3005 5723 3033 5773 6
3062 5721 3293 5790 χρόνιος,
3323 5722 3351 5774 6
3380 5723 3467 5775 ἀεὶ
3497 5724 3674 5790 φίλος,

2097 5803 2125 5855 6
2150 5807 2409 5876 καθαρὸς.
2442 5810 2470 5860 ὀ
2492 5810 2803 5881 ἐπωφελής,
2839 5813 3184 5883 ἀποπηδήσοι
3230 5816 3297 5869 ἂν
3344 5814 3499 5883 φίλου
3547 5816 3679 5869 τάσ-

2103 5890 2287 5960 σοντος
2322 5901 2399 5962 εἰς
2427 5898 2484 5952 ἒν
2509 5902 2672 5953 αὐτόν
2703 5919 2757 5955 τε
2789 5902 2883 5956 καὶ
2914 5903 3006 5957 τὸν
3037 5903 3255 5974 νέηλυν·
3291 5906 3387 5957 καὶ
3426 5905 3508 5958 ὅτι
3550 5905 3676 5957 οὐδὲ
