4090 6432
443 343 545 406 49Ἱ

1430 339 1731 402 CONTRA
1780 342 2285 403 INJURIARUM
2328 344 2771 406 MEMORIAM.

3604 346 3723 409 498

441 430 626 500 σοφδν,
646 429 704 483 τ’)
725 428 785 495 ἐξ
804 429 979 497 ἄκρας
1004 427 1202 499 ἔχθρας
1227 427 1507 483 πιστεύειν
1532 431 1612 491 είς
1636 429 1819 495 φιλίαν
1849 430 2026 496 ἄκραν

2134 438 2189 483 (ι
2228 431 2499 486 novellum
2533 434 2840 495 ordinante,
2875 432 3187 500 prosiliret;
3224 441 3278 486 et
3317 434 3460 501 quo‘l
3496 451 3598 487 non
3629 444 3714 489 est

439 523 684 594 άχρόνως
725 520 1200 575 ἀποκαθίστασθαί
1254 538 1429 584 τινας.
1475 520 1878 600 ’Δποφαίνομαι
1911 523 2021 592 γὰρ

439 617 541 670 οὐκ
586 614 901 679 ἐνδοιάζων,
932 614 1007 676 ὡς
1057 612 1235 667 οὐδενὶ
1276 613 1386 666 τῶν
1414 613 1517 681 τῆς
1564 612 1716 676 θείας
1742 612 2024 684 τραπέζης

441 707 773 779 ἡδυσμάτων
811 705 1113 777 ὲπιχαίνειν
1139 706 1167 758 ὀ
1213 704 1394 775 λίχνος
1428 706 1639 775 δαίμων
1664 705 1833 773 φιλεῖ,
1880 705 2025 759 καθὰ

439 804 506 873 τῇ
534 800 725 872 ἀγάπῃ
749 799 845 853 καὶ
862 801 928 870 τῇ
959 797 1229 869 συστοίχῳ
1255 796 1459 869 ταύτης
1490 797 1666 868 φιλίᾳ·
1695 798 1790 850 καὶ
1809 799 2026 867 χασμᾶ-

437 909 528 947 ται
559 893 648 946 ἀεὶ
681 891 827 945 κατὰ
874 890 968 943 τοῦ
1012 889 1260 944 τοιούτου
1305 889 1496 943 καλοῦ.
1538 892 1650 945 Καὶ
1690 888 1819 943 ἔνθα
1867 889 1969 959 μὶν
1997 890 2025 942 ὀ

438 984 569 1045 Θεὸς
606 984 910 1051 ἐπικουρεῖ,
947 981 1336 1052 ἀπωθούμενος
1369 981 1431 1034 τὸ
1462 981 1675 1052 θηρίον,
1700 982 1863 1045 λύκος
1894 982 2027 1035 ἀπο-

440 1074 636 1139 ϐαίνει,
663 1074 843 1143 μάτην
889 1071 1091 1143 χανών.
1123 1071 1333 1135 ’Λλλως
1352 1072 1409 1125 δέ
1434 1088 1497 1140 γε
1526 1072 1696 1139 ἀνύει,
1716 1073 1784 1127 τά
1809 1073 1907 1142 μὲν
1925 1073 2024 1142 ὀψέ

440 1183 593 1231 ποτε,
628 1165 765 1218 ὅπου
797 1165 938 1217 καθὰ
966 1163 1121 1227 πόλις
1152 1163 1324 1234 ὀχυρὰ
1350 1165 1384 1233 ἡ
1417 1163 1571 1231 φιλία
1602 1164 1839 1233 πέπηγεο
1874 1162 1944 1216 τὰ
1965 1162 2023 1217 δὲ

441 1259 534 1309 καὶ
567 1258 786 1329 ῥᾳδίως,
835 1256 964 1308 ἔνθα
1014 1259 1152 1310 κατὰ
1202 1256 1435 1326 ψάμμου
1481 1256 1549 1310 τὰ
1582 1255 1772 1326 φιλικὰ
1799 1247 2026 1325 τεθεμεὲ

440 1348 649 1400 λίωται.

515 1480 615 1554 ρξ’.
651 1483 773 1553 Χρὴ
810 1484 992 1537 τοίνυν
1035 1483 1375 1553 δοκιμάζειν,
1422 1483 1612 1555 ὥσπερ
1656 1485 1826 1539 τᾶλλα
1862 1486 2023 1539 πνεύ-

445 1589 612 1641 ματα,
635 1571 778 1625 οὓτω
799 1572 896 1625 καὶ
926 1573 987 1625 τὸ
1016 1576 1111 1640 τῆς
1136 1572 1342 1641 φιλίας,
1373 1572 1469 1625 καὶ
1495 1572 1570 1643 μὴ
1606 1573 2020 1645 προσφέρεσθαι

440 1663 519 1732 τῷ
545 1663 763 1732 τυχόντι
810 1662 1008 1730 πείρας
1040 1663 1198 1734 ἄτερ,
1232 1663 1345 1716 ἀλλ’
1378 1663 1675 1728 ἐξετάζειν,
1707 1667 1800 1719 καὶ
1852 1665 2021 1733 συχνὰ

440 1748 890 1818 περιϐλέπεσθαι.
930 1753 1023 1807 καὶ
1059 1753 1240 1804 πάντα
1280 1754 1476 1815 ποιεῖν,
1504 1753 1573 1805 δι’
1601 1747 1675 1806 ὧν
1705 1753 1771 1807 ἂν
1799 1757 1827 1807 ό
1867 1754 2020 1823 φίλος
2052 1787 2097 1846 Β

440 1841 879 1911 διακριθήσεται,
905 1844 956 1896 εί
990 1844 1332 1914 στερέμνιος,
1355 1844 1404 1896 εί
1439 1844 1664 1914 ἀληθὴς,
1690 1847 1739 1897 εί
1766 1846 1841 1915 μὴ
1866 1863 2021 1916 χορο-

443 1938 599 1991 6ατεῖ
626 1935 919 2006 σκηνικῶςο
942 1936 991 1986 εἰ
1016 1938 1270 2001 στεγανοῖ
1289 1935 1356 1987 τὰ
1380 1936 1557 2005 χείλη,
1587 1936 1659 1998 ὡς
1690 1938 1825 2006 μήτε
1858 1954 2023 1989 κακο-

441 2028 628 2097 λογίας
645 2026 857 2080 ὲκείθεν
877 2026 1224 2089 ἐκπέτεσθαι,
1249 2026 1386 2095 μήτε
1408 2021 1475 2078 αὖ
1504 2026 1788 2095 μυστήρια
1810 2044 2023 2097 προπη-

441 2123 560 2192 δᾷν·
607 2123 656 2174 εί
700 2120 923 2174 δύναται
960 2121 1148 2189 φέρειν
1177 2117 1424 2187 ἐλαφρῶς
1451 2118 1604 2187 φίλον
1651 2118 2022 2189 βαρυνόμενον

443 2215 565 2269 κατ’
588 2215 775 2267 αὐτοῦ·
806 2215 853 2266 εἰ
882 2211 956 2282 μὴ
987 2213 1123 2283 πρὸς
1147 2211 1334 2282 κέρδος
1363 2212 1531 2280 φιλεῖ,
1555 2211 1713 2263 τοῦτο
1735 2211 1798 2280 δὴ
1830 2212 1889 2263 τὸ
1914 2215 2022 2275 τοῖς

443 2307 687 2358 πλείοσιν
715 2303 1067 2366 ἐπιπολάζον⁹
1098 2305 1145 2356 εί
1176 2305 1249 2373 μὴ
1276 2303 1500 2373 θερμὸς,
1525 2305 1606 2363 είς
1632 2302 1903 2373 ὲργωδίαν
1934 2305 2024 2355 ὲκ-

441 2398 677 2468 τρέχειν,
733 2394 808 2459 ὡς
860 2394 1164 2464 πράγματα
1228 2394 1490 2462 παρέχειν
1538 2392 1614 2464 τῷ
1654 2394 1814 2463 φίλῳ·
1847 2397 1894 2447 εἰ
1946 2394 2022 2465 μὴ

442 2489 663 2558 πρόεισι
693 2486 1070 2557 mxuma-tto:
1094 2487 1142 2538 εί
1172 2485 1306 2556 πρὸς
1326 2486 1517 2549 ἄλλους
1543 2485 1729 2554 φιλίαν
1760 2486 2023 2557 συνηλλα-

442 2579 575 2651 χὼς,
608 2579 792 2650 ἔμεινε
822 2579 917 2633 καὶ
950 2578 1333 2650 κατώρθωσεν
1366 2579 1414 2631 εἰ
1444 2578 1537 2631 καὶ
1582 2578 1860 2641 κινδύνους
1893 2579 2024 2632 ύπο-

447 2674 631 2741 μένειν
676 2674 1007 2743 ἡτοίμασται
1065 2672 1115 2725 εί
1162 2670 1239 2740 τῷ
1275 2670 1415 2740 φίλῳ
1458 2672 1774 2741 ἐπαρκέσει,
1826 2669 2019 2739 καιροῦ

444 2764 754 2830 καλοῦντος,
785 2764 842 2816 ὲν
877 2759 956 2826 οἷς
985 2762 1094 2834 ἄρα
1117 2764 1210 2815 καὶ
1235 2762 1405 2815 δέοιτο
1436 2764 1485 2814 εί
1512 2763 1883 2833 τυρευομένην
1905 2767 2024 2816 ἐπι-

446 2856 646 2928 ϐουλὴν
676 2855 1057 2924 καταμηνύσει
1086 2854 1292 2923 μαθών
1328 2857 1378 2908 εί
1407 2858 1519 2918 τοῖς
1544 2853 1639 2908 τοῦ
1673 2855 1827 2924 φίλου
1855 2873 2023 2911 κατα-

446 2949 710 3003 πίπτουσι
737 2950 962 3018 παρέξει
983 2948 1290 3017 ἀντίληψιν·
1319 2948 1380 3000 τὸ
1405 2949 1513 3001 πᾶν
1539 2950 1738 3012 εἰπεῖν,
1772 2950 1821 3001 εί
1849 2946 2024 3001 τοιοῦ-

446 3059 537 3107 τος
577 3043 731 3096 ἔσται
762 3042 840 3112 τῷ
890 3040 1047 3111 φίλῳ,
1082 3037 1193 3104 οἷος
1222 3041 1288 3094 ἂν
1317 3040 1481 3104 αὐτὸς
1524 3040 1726 3112 ἑαυτῷ,
1767 3041 1933 3110 φάναι
1962 3040 2021 3093 δὲ

2132 523 2353 593 sapiens
2382 538 2448 577 ex
2497 525 2800 581 inimicitia:
2832 527 3116 580 cacumine
3146 525 3418 581 confidere
3447 526 3707 595 quosdam

2126 616 2193 670 ad
2249 615 2502 671 amicitiae
2554 631 2815 672 cacumen
2875 618 3060 673 subito
3100 618 3414 673 transferri.
3477 617 3708 672 Declaro

2128 721 2371 773 namque
2400 723 2507 762 non
2541 708 2797 763 dubitans
2830 709 2973 778 quod
3015 709 3216 762 nullam
3252 709 3452 764 divina:
3503 723 3708 765 mensa:

2127 798 2495 855 suavitatibus
2558 799 2774 853 inhiare
2823 799 2959 854 sole:
3011 799 3228 855 invidus
3262 800 3501 865 daemon,
3568 800 3716 855 sicut

2127 888 2453 946 charitatem
2520 898 2576 947 et
2645 890 2820 961 ipsius
2855 899 3169 946 consortem
3229 891 3553 946 amicitiam.
3609 890 3714 946 Ubi

2127 981 2348 1052 quidem
2389 980 2577 1053 vigilat
2624 981 2799 1047 Deus,
2831 982 3003 1036 feram
3038 997 3260 1048 arcens,
3296 982 3453 1053 lupus
3481 982 3714 1037 frustra-

2128 1081 2182 1129 to
2202 1074 2351 1128 hiatu
2391 1072 2617 1128 recedit.
2665 1072 2813 1127 Alias
2851 1082 3033 1128 autem
3091 1076 3385 1144 cOgitatum
3460 1074 3711 1145 perficit,

2124 1167 2451 1235 quandoque
2482 1165 2703 1233 quidem
2755 1180 2901 1231 sero,
2949 1180 3071 1220 cum
3100 1167 3262 1220 veluti
3320 1166 3474 1220 ﬁrma
3504 1165 3709 1221 civitas

2100 1257 2365 1310 amicitia
2423 1264 2664 1321 constat;
2730 1257 3060 1325 quandoque
3106 1272 3237 1311 vero
3295 1256 3534 1318 facilius,
3584 1271 3708 1310 cum

2125 1365 2288 1418 super
2315 1364 2540 1402 arenam
2572 1349 2829 1402 amicitia:
2861 1350 3216 1405 fundamenta
3256 1352 3528 1405 nituntur.

2196 1482 2318 1535 107.
2355 1479 2581 1549 Oportet
2610 1480 2794 1549 igitur,
2830 1480 2971 1535 sicut
3003 1488 3231 1536 caeteros
3259 1479 3511 1550 spiritus,
3557 1481 3636 1536 sic
3656 1492 3717 1535 et

2126 1570 2380 1625 amicitia:
2429 1562 2679 1639 spiritum
2733 1569 2991 1638 experiri,
3052 1582 3152 1624 nec
3205 1569 3514 1623 occurreuti
3593 1571 3714 1624 sine

2126 1664 2441 1733 probatione
2472 1662 2759 1727 inbzerere,
2788 1661 2880 1716 sed
2911 1661 3249 1724 examinare,
3269 1660 3462 1715 crebro
3478 1658 3716 1715 circum-

2126 1756 2336 1822 Spicere
2370 1763 2670 1823 cunctaque
2694 1754 2874 1810 facere
2902 1754 3103 1825 quibus
3129 1755 3340 1810 amicus
3362 1753 3712 1822 dijudicetur,

2128 1863 2195 1901 an
2226 1849 2438 1911 ﬁrmus,
2469 1862 2538 1900 an
2571 1860 2753 1912 verus,
2775 1862 2963 1901 annon
3000 1847 3221 1901 scenice
3250 1846 3458 1901 saltans
3485 1862 3501 1913 ;
3534 1862 3601 1900 an
3638 1847 3716 1900 la-

2130 1936 2217 1990 bia
2266 1934 2520 2004 stringat,
2561 1942 2621 1989 ut
2646 1933 2846 1991 exinde
2887 1926 3294 1989 maledictiones
3348 1948 3452 1988 non
3490 1945 3711 2000 exeant,

2131 2040 2228 2080 nec
2253 2032 2461 2079 secreta
2486 2023 2774 2093 prosiliant
2808 2041 2824 2090 ;
2860 2039 2928 2078 an
2962 2024 3151 2079 leviter
3186 2023 3331 2079 ferre
3365 2025 3540 2094 possit
3572 2027 3712 2080 ami-

2129 2132 2249 2172 cum
2280 2116 2334 2170 in
2380 2115 2553 2184 ipsum
2581 2124 2905 2184 gravatum,
2959 2130 3138 2170 annon
3181 2117 3249 2170 oh
3302 2116 3509 2170 lucrum
3546 2127 3733 2182 amet,

2099 2209 2270 2278 quod
2306 2206 2487 2262 multis
2515 2221 2675 2275 porro
2702 2205 2958 2274 frequens
3008 2218 3089 2261 est
3128 2225 3144 2274 ;
3175 2222 3352 2262 annon
3389 2207 3606 2264 fervens
3644 2212 3715 2265 ad

2130 2298 2532 2356 exeurrendum
2569 2300 2628 2354 in
2688 2298 3058 2367 diﬂicultates,
3112 2310 3170 2355 ut
3221 2302 3434 2370 negotia
3483 2303 3714 2358 suscitet

2130 2394 2343 2459 amico;
2417 2407 2597 2447 annon
2657 2392 2726 2449 ab
2759 2394 3017 2449 anteriori
3062 2395 3438 2462 suspiciosus;
3492 2411 3559 2448 an
3589 2411 3712 2450 cum

2130 2485 2252 2540 aliis
2307 2485 2546 2540 amicitia
2616 2494 2895 2540 contracta
2933 2525 2949 2552 ,
3000 2486 3431 2555 perseveraverit
3478 2494 3534 2542 et
3578 2489 3715 2543 bene

2130 2577 2456 2648 processerit
2490 2594 2508 2643 ;
2540 2592 2606 2631 an
2643 2576 2809 2630 etiam
2842 2577 3082 2644 pericula
3135 2577 3407 2631 sustinere
3451 2587 3706 2647 paratus;

2131 2685 2199 2722 an
2222 2669 2399 2725 amico
2434 2668 2883 2738 suppeditaturns
2918 2669 3009 2729 sit,
3040 2677 3298 2738 poscente
3347 2670 3713 2724 circumstan-

2133 2764 2227 2828 tia,
2262 2761 2351 2815 illa
2409 2763 2607 2831 quibus
2657 2769 2843 2831 egeret
2892 2776 2908 2828 ;
2981 2778 3050 2814 an
3112 2762 3329 2828 cognita
3393 2761 3710 2816 insidiarum

2130 2848 2535 2905 machinatione
2570 2852 2954 2916 ret-elaturos;
3004 2865 3071 2904 an
3109 2853 3271 2907 rebus
3321 2853 3479 2907 amici
3528 2855 3716 2907 conci-

2131 2939 2384 2996 dentibus
2410 2940 2668 2995 auxilium
2728 2950 3082 3010 praestaturus
3132 2961 3153 3008 ;
3211 2958 3301 3009 an,
3359 2959 3471 2998 uno
3525 2944 3713 3009 verbo,

2136 3033 2261 3087 talis
2290 3033 2465 3088 amico
2494 3032 2710 3089 futurus
2742 3037 2813 3090 sit
2842 3035 3026 3105 qualis
3063 3037 3176 3105 ipsc
3229 3036 3554 3107 sibimetipsi
3588 3037 3716 3106 jux-

448 3136 590 3189 κατὰ
615 3135 707 3188 τὸν
733 3134 955 3187 εἰπόντα
982 3135 1166 3203 σοφὸν,
1199 3152 1218 3185 ι
1247 3133 1404 3197 ἄλλος
1432 3134 1617 3199 αὑτός.
1648 3153 1666 3186 ι
1704 3134 1890 3198 υύτως
1915 3134 2026 3203 ἐγὼ

2135 3135 2295 3195 taque
2316 3126 2576 3193 sapientis
2613 3126 2840 3191 dictum,
2874 3128 3013 3181 alius
3069 3130 3202 3196 ipse.
3233 3128 3323 3183 Sic
3353 3145 3453 3199 ego
3482 3131 3715 3199 probare

446 3226 767 3297 δοκιμάζειν
798 3226 1063 3296 αἱροῦμαι
1092 3231 1217 3288 τοὺς
1240 3222 1309 3295 ἦν
1334 3227 1423 3279 ὅτε
1460 3226 1790 3296 βλάψαντας,
1815 3229 1908 3281 καὶ
1941 3228 2025 3280 δο-

449 3320 715 3388 κιμάσας,
748 3317 990 3388 ἐξευρὼν
1037 3320 1117 3380 εἰς
1151 3318 1208 3371 ἓν
1257 3320 1438 3380 αὐτοῖς
1492 3320 1634 3389 ἥκω,
1669 3320 1761 3370 καὶ
1798 3335 2028 3371 συνανα-

450 3414 804 3483 κίρναμαιτά
834 3413 1063 3482 ψυχικὰ,
1095 3414 1187 3467 καί
1218 3417 1334 3480 εἰμι
1368 3413 1478 3480 ἐγὼ
1527 3417 1584 3466 ἐν
1627 3415 1831 3478 αὐτοῖς,
1882 3411 2025 3466 καθὰ

451 3504 903 3574 παραγγέλλομαι
932 3520 946 3534 ·
980 3503 1090 3557 εἷεν
1121 3504 1174 3556 δὲ
1204 3505 1299 3556 καὶ
1323 3505 1478 3556 αὐτοὶ
1529 3506 1586 3556 ἐν
1613 3506 1757 3574 ἐμοὶ.
1817 3502 2023 3564 ⁸Ἄλλους

448 3597 507 3649 δὲ
529 3596 889 3666 εὐλαϐοῦμαι,
923 3596 1349 3666 ὑποστελλομαι,
1384 3598 1484 3667 ἤδη
1529 3597 1583 3648 δέ
1627 3615 1727 3648 που
1759 3596 1849 3648 καὶ
1904 3595 2026 3649 δια-

452 3689 768 3758 στέλλομαι,
798 3691 896 3742 καὶ
926 3688 1164 3757 ὲγγίζων
1205 3686 1366 3750 αὖθις
1393 3689 1496 3740 ἀνὰ
1524 3688 1655 3739 πόδα
1684 3692 1887 3758 χωρεῖν
1909 3687 2027 3740 eos-

449 3783 527 3836 λω
552 3798 566 3812 ·
586 3783 733 3836 καθά
759 3799 860 3835 που
882 3786 974 3835 καὶ
1010 3781 1290 3851 στρουθίον
1314 3781 1514 3846 δειλὸν,
1539 3782 1629 3834 ὅτε
1660 3783 1861 3834 κόκκον
1879 3781 2026 3834 σίτου

453 3877 581 3944 ίδδν,
628 3877 724 3929 καὶ
778 3878 867 3930 ἐπ’
911 3877 1120 3928 ἐκεῖνον
1142 3877 1350 3944 δραμὸν
1398 3875 1619 3944 μικρὸν,
1665 3875 1762 3929 καὶ
1797 3874 2028 3929 κατόπιν

449 3971 635 4040 χωρεῖ,
671 3967 749 4039 μὴ
787 3969 884 4021 καὶ
915 3971 992 4030 είς
1026 3968 1234 4035 παγίδα
1275 3967 1453 4022 πέσοι.

519 4102 627 4174 ρη’.
678 4100 920 4155 Ἔπαθον
978 4098 1089 4168 ἐγὼ
1133 4098 1304 4152 πολλὰ
1368 4099 1623 4154 τοιαῦτα·
1683 4099 2027 4171 ὲδελεάσθην,

443 4179 770 4268 Δὴπατὴθην,
806 4193 1261 4265 παρεκρούσθην,
1296 4195 1719 4264 ἀπεπλανήθην,
1745 4193 1919 4247 δοκῶν
1943 4211 2032 4262 φι-

448 4288 571 4343 λίαν
591 4289 877 4361 κερδῆσαι.
910 4288 978 4341 Ol.’
1003 4304 1094 4356 μοι
1136 4287 1237 4355 τῆς
1276 4286 1500 4357 ἔχθρας,
1548 4287 1617 4357 ἣν
1658 4280 1836 4358 εὖρον.
1892 4287 2030 4341 Φαν-

449 4383 778 4451 τασάμενος,
806 4379 978 4449 ῥόδοις
1016 4377 1240 4449 ἀγάπης
1289 4381 1627 4450 περιτυχεῖν,
1665 4379 1768 4448 φεῦ
1810 4377 2028 4443 ὁποίαις

2131 3216 2350 3271 intendo
2382 3216 2504 3273 illos
2536 3218 2627 3286 qui
2653 3219 2942 3287 aliquando
2972 3230 3297 3289 nocuerunt,
3322 3231 3374 3275 et
3397 3222 3716 3291 probatione

2131 3308 2298 3374 facta,
2324 3310 2369 3364 si
2401 3310 2540 3365 tales
2565 3311 2769 3367 inventi
2801 3312 3023 3375 fuerint,
3056 3314 3109 3367 in
3144 3330 3306 3370 unum
3348 3315 3483 3386 ipsis
3519 3331 3717 3372 conve-

2122 3401 2241 3466 nio,
2266 3400 2677 3472 spiritualiaque
2711 3406 3080 3474 communico,
3133 3417 3187 3462 et
3209 3422 3310 3479 ego
3334 3423 3451 3463 sum
3485 3409 3536 3463 in
3560 3409 3713 3480 ipsis,

2134 3495 2276 3548 sicut
2323 3495 2520 3563 jubeor
2551 3512 2567 3557 ;
2626 3497 2830 3550 utinam
2886 3511 3068 3552 autem
3103 3510 3159 3555 et
3192 3499 3293 3570 ipsi
3324 3500 3498 3557 forent
3523 3502 3572 3554 in
3603 3518 3710 3557 me.

2128 3584 2301 3639 Aliter
2326 3597 2503 3640 autem
2549 3601 2762 3655 vereor,
2797 3591 3013 3653 recedo,
3039 3591 3149 3659 jam
3178 3607 3306 3647 vero
3359 3592 3497 3648 forte
3529 3594 3713 3663 sejun-

2130 3692 2246 3747 gor,
2271 3687 2324 3731 et
2342 3677 2517 3733 denuo
2542 3681 2914 3750 propinquans
2947 3683 3244 3738 retroferre
3273 3686 3437 3755 pedes
3473 3688 3621 3754 volo,
3637 3688 3719 3743 si-

2132 3776 2223 3820 cut.
2264 3769 2482 3824 timidus
2508 3784 2719 3839 passer,
2767 3775 2858 3842 qui
2906 3790 3137 3845 granum
3191 3774 3447 3832 frumenti
3496 3780 3723 3845 videtis,

2131 3860 2410 3927 paululum
2437 3865 2503 3915 ad
2546 3862 2678 3917 illud
2723 3866 2915 3933 currit,
2967 3879 3020 3923 et
3050 3880 3350 3924 retrorsum
3393 3871 3618 3938 secedit,
3648 3887 3729 3927 ue-

2129 3953 2272 4011 forte
2299 3954 2352 4009 in
2380 3954 2633 4025 laqueum
2664 3957 2842 4013 cadat.

2210 4093 2327 4149 I08.
2368 4093 2480 4164 Ego
2530 4096 2695 4150 multa
2743 4097 2938 4151 similia
2983 4114 3176 4168 passus
3224 4116 3343 4155 sunt
3393 4119 3408 4160 :
3459 4103 3716 4162 seductus

2135 4196 2278 4249 sum,
2307 4180 2587 4253 deceptus,
2622 4186 2887 4253 lusus,,in
2912 4201 3155 4244 errorem
3188 4188 3492 4258 conjectus,
3526 4194 3719 4250 amici-

2136 4274 2265 4330 tiam
2311 4289 2396 4328 me
2427 4284 2619 4342 putans
2655 4275 2823 4331 fuisse
2880 4276 3170 4334 lucratutn.
3216 4280 3406 4339 Ebeul
3458 4295 3715 4354 quantam

2135 4365 2481 4422 inimicitiam
2512 4367 2696 4423 inveni
2732 4368 2747 4422 ι
2779 4368 3123 4438 imaginabar
3169 4372 3224 4426 in
3265 4356 3521 4431 amicitias
3564 4393 3716 4435 rosas

451 4474 715 4535 ἀκάνθαις
744 4471 1113 4543 περιεπάρην,
1145 4472 1205 4524 ού
1231 4468 1528 4541 τριδόλοις,
1581 4471 1642 4522 οὐ
1689 4469 2025 4540 παλιούροις,

2135 4457 2430 4527 incidisse;
2450 4460 2724 4529 qualibus,
2746 4461 2921 4517 eheu!
2948 4461 3224 4532 perfossus
3253 4480 3372 4519 sum
3394 4468 3586 4536 spinis,
3608 4486 3713 4525 non

453 4567 516 4620 οὐ
549 4566 761 4636 βάτοις,
786 4564 925 4619 ἀλλὰ
965 4563 1343 4628 κυνοσϐάτοις,
1377 4563 1435 4617 αἳ
1476 4562 1722 4635 κέντροις
1751 4562 2031 4627 ὀξυτάτοις

452 4656 764 4728 φρίσσουσι.
798 4655 1099 4717 Πλεονάκις
1123 4653 1362 4719 ὕπουλος
1391 4654 1544 4724 φιλία
1571 4653 2031 4725 κατεκαυχήσατό

452 4768 578 4821 μου,
605 4752 699 4805 καὶ
722 4748 895 4811 οὕτως
919 4746 1251 4818 ἐπαιδεύθην
1272 4747 1332 4800 τὺ
1356 4746 1602 4817 ἀκριϐές.
1634 4745 1873 4800 Ἤλπισα
1928 4763 2030 4816 μυ-

449 4845 627 4912 ριάκις
657 4846 726 4898 τὰ
756 4844 836 4906 εἰς
874 4841 1061 4911 φιλίαν
1095 4855 1109 4870 ⁸
1142 4842 1237 4895 καὶ
1263 4842 1297 4912 ἡ
1325 4840 1506 4906 ἐλπὶς,
1528 4839 1638 4911 ὃδὴ
1666 4839 1763 4893 καὶ
1810 4838 2031 4908 λέγεται

448 4940 560 5000 τοῖς
594 4938 800 5006 σοφοῖς,
847 4934 1074 5006 ἐλλιπὴς
1107 4932 1287 5005 ἀπέϐη
1329 4949 1460 5003 μοι·
1527 4932 1823 4987 κάντεῦθεν
1862 4932 2035 4986 δέδοιο

447 5045 522 5082 κα
579 5031 637 5081 τὸ
670 5028 780 5081 τῶν
797 5027 1031 5080 ἐλπίδων
1073 5024 1529 5096 ἀτελεσφόρητον,
1574 5025 1649 5088 ὡς
1676 5026 1770 5079 ἐὰν
1817 5023 1913 5077 καί
1946 5040 2032 5087 τις

447 5119 729 5174 εύλαὸοῖτο
768 5119 950 5182 σκιάς.
981 5118 1094 5171 Καὶ
1130 5120 1158 5171 ὀ
1199 5117 1299 5189 μὲν
1347 5118 1445 5179 τὰς
1497 5117 1722 5180 ἐλπίδας
1770 5117 2008 5186 φάμενος

451 5214 838 5281 ἐγρηγορότων
884 5210 1136 5272 ἐνύπνια,
1181 5210 1283 5263 οὐκ
1328 5207 1441 5262 ἔσθ’
1492 5209 1640 5271 ὅπως
1681 5209 1908 5280 εὑρήσει
1938 5207 2029 5260 τὸν

449 5304 482 5374 ἢ
525 5302 894 5368 ἁντιλέξοντα,
936 5301 970 5373 ἢ
1005 5300 1228 5355 κάλλιον
1280 5299 1580 5373 φράσοντα.
1624 5299 1769 5369 Ἐγὼ
1824 5300 1881 5352 δὲ
1913 5297 2027 5352 ἀλλ’

450 5398 664 5450 ἐκεῖθεν
716 5396 1150 5467 ἑρανισάμενος,
1216 5395 1313 5447 καὶ
1376 5392 1475 5446 τοῦ
1537 5394 2027 5464 γνωματεύσαντος

446 5488 815 5553 άπονάμενος,
852 5486 995 5554 λέγω
1032 5487 1129 5539 καὶ
1173 5484 1359 5549 αὐτὸς,
1394 5484 1499 5545 ὅτι,
1546 5483 1692 5537 καθὰ
1737 5484 2027 5554 βλεφάρων

447 5577 505 5644 ἐξ
532 5576 701 5631 ὕπνου
743 5576 1044 5642 ἁνάπτυξις
1072 5575 1297 5646 ὀνείρων
1339 5575 1488 5626 ἐστὶν
1530 5574 1849 5641 ὲκπέτασις,
1884 5574 2027 5629 οὕτω

445 5669 625 5739 ψυχῆς
644 5669 914 5740 ἀνάνηψις
932 5670 1105 5721 κενῦμν
1139 5665 1367 5720 ἐλπίδων
1398 5665 1694 5731 ἁπέλευσις
1743 5669 1838 5720 καὶ
1879 5666 2026 5720 άπά-

445 5762 642 5833 λειψις.
674 5766 764 5816 Διὸ
824 5762 1088 5827 πολλάκις
1136 5760 1235 5831 μὲν
1302 5757 1726 5829 ὀνειροπολήσας
1779 5759 2022 5833 ἀγάπην,

2135 4554 2371 4620 tribulis,
2433 4570 2538 4610 non
2595 4555 2844 4625 paliuris,
2898 4573 3005 4613 non
3061 4559 3222 4624 batis,
3256 4562 3352 4616 sed
3409 4564 3715 4634 cynoblatis

2133 4646 2225 4715 qui
2257 4646 2485 4717 spiculis
2516 4649 2846 4707 acutissimis
2877 4650 3102 4707 horrent
3132 4652 3146 4707 l
3183 4652 3339 4724 Saepe
3366 4655 3711 4712 dissimulata

2135 4743 2373 4798 amicitia
2402 4743 2696 4800 insolenter
2728 4745 2783 4800 in
2812 4759 2899 4800 me
2945 4760 3005 4802 se
3054 4746 3199 4813 tulit,
3253 4759 3308 4803 et
3338 4748 3411 4803 ita
3439 4752 3716 4820 exquisite

2133 4839 2380 4893 eruditus
2406 4853 2552 4894 sum.
2576 4839 2795 4894 Centies
2821 4840 3078 4894 amicitiae
3100 4841 3240 4896 bona
3269 4842 3487 4911 speravi
3513 4854 3567 4898 et
3587 4861 3715 4914 spes

2135 4930 2278 4998 quod
2315 4931 2654 5000 sapientibus
2712 4933 2877 4987 etiam
2934 4934 3154 5001 dicitur,
3203 4934 3523 5005 imperfecta
3580 4938 3712 4992 mihi

2134 5021 2305 5092 abiit;
2355 5039 2517 5095 quam
2578 5026 2649 5080 ob
2701 5041 2926 5080 causam
2961 5027 3121 5080 etiam
3156 5042 3382 5096 operum
3412 5027 3716 5085 immaturi-

2134 5120 2298 5168 tateut
2334 5115 2520 5170 timeo:
2542 5115 2706 5171 veluti
2742 5117 2785 5170 si
2816 5117 2939 5186 quis
2969 5117 3184 5172 timeret
3250 5120 3492 5174 umbras.
3528 5119 3595 5175 Et
3626 5123 3715 5178 ille

2132 5205 2351 5273 quidem
2397 5207 2490 5276 qui
2543 5205 2681 5260 dixit
2748 5221 2873 5277 spes
2926 5206 3263 5275 vigilantium
3316 5211 3550 5278 somnia,
3578 5228 3713 5269 sane

2133 5315 2418 5370 nunquam
2451 5301 2720 5356 inveniret
2748 5303 2832 5358 vel
2868 5304 3354 5373 contradicentem,
3389 5307 3474 5363 vel
3520 5310 3712 5368 melius

2134 5390 2466 5460 loquentem.
2504 5393 2613 5463 Ego
2648 5408 2778 5449 vero
2832 5396 3033 5450 exinde
3088 5406 3268 5453 tamen
3333 5411 3614 5457 mutuatus
3658 5410 3717 5459 et

2131 5483 2444 5538 sententiali
2491 5480 2711 5553 frui'tus,
2758 5499 2813 5542 et
2841 5488 2956 5557 ipse
2982 5488 3127 5552 diro,
3159 5490 3323 5560 quod,
3352 5493 3712 5562 quemadmoa

2131 5575 2258 5631 dum
2294 5590 2326 5631 e
2350 5591 2543 5634 somno
2566 5579 2947 5650 palpebrarum
2975 5592 3233 5651 apertura
3265 5586 3602 5641 somniorum
3626 5594 3713 5645 est

2131 5668 2379 5727 evolandi
2434 5674 2599 5740 ratio,
2630 5675 2712 5730 sic
2760 5676 3040 5732 ebrietatis
3070 5677 3267 5733 animae
3314 5680 3570 5740 cessatio,
3613 5694 3710 5733 va-

2130 5776 2319 5818 narum
2350 5776 2569 5834 sperum
2621 5764 2901 5836 profectus
2930 5776 3012 5822 cst
3070 5778 3123 5823 et
3147 5767 3387 5824 abolitio.
3412 5766 3539 5822 Ideo
3564 5781 3710 5831 saepe
