4090 6426
412 326 523 390 499

1133 320 1559 382 EUSTATHII
1586 315 2348 379 TllESSALONICENSIS
2386 311 2949 376 METROPOLITAE

3586 320 3701 379 500

414 436 634 503 quidem
687 429 954 488 cbaritate
1001 427 1269 483 somniata
1297 427 1375 481 vel
1424 434 1670 497 sperata,
1734 422 2004 493 totiesque

2107 420 2206 474 εἴτ’
2234 416 2325 473 οἷν
2367 421 2619 485 ἐλπίσας,
2657 420 2987 485 τοσαυτάκις
3031 420 3088 474 δὲ
3140 421 3443 493 ἀνανήψας,
3487 428 3581 480 καὶ
3636 426 3703 479 τὸ

414 537 606 580 sanata
639 524 924 585 ebrietate,
958 534 1080 575 cum
1116 524 1395 589 speratum
1429 531 1533 571 non
1588 515 1896 572 invenirem
1942 521 2002 567 ut

414 616 682 685 elapsum,
703 612 829 666 illud
854 628 915 666 ex
946 611 1138 666 anima:
1165 610 1346 665 tabula
1373 608 1678 675 delevi,nec
1698 607 1808 677 jam
1827 619 2011 675 spera-

418 706 493 756 \i.
532 704 600 758 Et
662 705 860 758 exhinc
914 715 1085 771 usque
1135 715 1282 756 nunc
1313 714 1438 771 spes
1488 700 1657 755 timeo
1700 700 2005 770 proboque,

418 800 589 851 donec
618 798 855 861 illarttm,
891 806 947 850 ut
975 796 1161 851 dicere
1192 792 1275 849 fas
1322 802 1430 859 est,
1464 792 1657 848 umbra
1692 792 1745 846 in
1800 790 2009 861 aliquid

416 887 649 939 solidum
710 888 937 942 desierit
976 906 989 941 :
1032 885 1188 955 cujus
1231 884 1637 957 praemonstrati
1676 884 1863 941 statim
1912 898 2011 938 ex-

417 979 583 1031 stitit.

493 1258 632 1311 Ante
695 1254 1241 1311 transiormatinnem
1298 1253 1459 1309 istius
1509 1254 1747 1325 generis,
1789 1268 2013 1310 necesse

417 1361 503 1407 est
534 1362 592 1406 ut
622 1350 787 1405 homo
835 1349 1000 1405 statui
1034 1347 1258 1419 politico
1288 1356 1436 1403 totus
1464 1347 1747 1403 inhaereat.
1783 1346 1883 1404 Hic
1911 1364 2010 1403 au-

414 1451 553 1510 tent,
607 1440 797 1512 paucis
856 1440 1115 1495 dettnitus
1144 1438 1353 1507 verbis,
1379 1437 1435 1493 in
1460 1452 1527 1494 eo
1560 1438 1815 1496 consistit
1837 1447 2013 1497 status

416 1542 474 1585 ut
527 1546 723 1587 omnes
779 1529 1053 1586 charitate
1112 1529 1636 1599 secomplectantur
1699 1531 1932 1587 invicem
1956 1539 2016 1587 et

414 1634 686 1690 exteros;
724 1632 786 1679 ut
853 1623 995 1678 inter
1058 1635 1120 1678 se
1181 1624 1587 1679 communicent
1640 1622 1696 1679 in
1750 1633 2012 1695 quantum

415 1718 651 1788 quisque
680 1716 973 1781 desideret,
1005 1727 1065 1772 se
1094 1724 1284 1772 mutuo
1323 1714 1617 1772 defendant
1643 1725 1699 1771 et
1729 1718 2007 1788 adjuvent;

2109 512 2367 567 ιλπισθὲν
2386 514 2462 584 μὴ
2488 514 2666 584 εὑρὼν
2679 514 2755 578 ὼς
2777 513 3138 585 ἀπεληλυθδς,
3169 515 3450 585 ἀπήλειψα
3470 518 3566 587 τῆς
3590 536 3702 572 κα·-

2109 605 2178 663 τὰ
2193 605 2372 677 ψυχὴν
2389 606 2571 659 δέλτου
2586 606 2738 670 αὐτὸ,
2769 606 2866 659 καὶ
2883 605 3063 659 οὐκέτι
3086 606 3299 677 ἤλπισα
3329 623 3343 637 ·
3370 608 3465 660 καὶ
3483 609 3703 662 ἐκεῖθεν

2109 698 2214 761 ἕως
2243 701 2335 753 καὶ
2362 701 2442 763 είς
2461 698 2625 769 δεῦρο
2646 698 2827 753 δειλιῶ
2856 698 2958 764 τὰς
2993 698 3238 763 ἐλπίδας,
3269 701 3364 754 καὶ
3389 701 3700 772 δοκιμάζω,

2109 792 2218 855 ἕως
2246 794 2314 846 ἂν
2342 794 2373 863 η
2403 793 2527 846 κατ’
2555 793 2749 857 αὐτὰς,
2778 792 3077 865 προσφυῶς
3104 794 3303 858 εἰπεῖν,
3339 795 3467 848 σκιὰ
3516 796 3595 859 είς
3644 813 3704 849 τι

2113 884 2433 956 στερέμνιον
2451 885 2951 957 ἀποτελεσθήσεται
2978 900 2992 914 ⁸
3016 878 3079 938 οὗ
3104 886 3473 956 προφανέντος
3500 888 3703 941 ἀνέκυ-

2111 978 2213 1048 ψεν
2243 977 2446 1032 αὐτίκα
2464 977 2644 1030 τελεία
2702 978 2874 1045 φιλία,
2915 977 3011 1032 καὶ
3050 978 3449 1050 περιλάμψασα
3512 982 3704 1034 πᾶσαν

2113 1070 2371 1139 ἀπήγαγε
2398 1068 2632 1140 νεφέλην
2661 1069 2917 1138 ὑποψίας,
2972 1070 3070 1125 καὶ
3097 1072 3125 1125 ὁ
3164 1071 3342 1142 φίλιος
3382 1074 3702 1144 παρρησιά-

2094 1160 2290 1241 ¹ζεται.

2186 1255 2304 1326 Πρὸ
2337 1254 2397 1309 δέ
2430 1271 2494 1323 γε
2524 1251 2620 1308 τοῦ
2651 1251 2897 1307 τοιούτου
2952 1252 3377 1321 μεταστήματος
3434 1252 3703 1322 ὲμμένειν

2114 1347 2222 1419 χρὴ
2242 1348 2425 1401 πάντα
2444 1346 2737 1417 ἄνθρωπον
2754 1346 2822 1416 τῇ
2855 1343 3112 1413 πολιτικῇ
3147 1342 3508 1397 καταστάσει.
3537 1344 3703 1396 Ἐστι

2112 1441 2169 1496 δὲ
2201 1438 2364 1511 αὕτη,
2390 1438 2468 1503 ὡς
2497 1439 2557 1493 ιν
2587 1437 2783 1509 βραχεί
2836 1434 3314 1507 περιγράψασθαι,
3362 1436 3426 1489 τδ
3482 1436 3698 1498 πάντας

2112 1531 2479 1603 ἁγαπητικῶς
2506 1531 2655 1603 ἔχειν
2678 1530 2937 1601 ἀλλήλοις
2968 1546 3029 1582 τε
3057 1530 3153 1583 καὶ
3182 1531 3296 1593 τοῖς
3348 1529 3576 1595 ἔξωθεν,
3632 1530 3697 1581 τὸ

2112 1642 2182 1681 κο
2206 1626 2418 1691 νωνεῖν,
2444 1624 2531 1695 ἐφ’
2552 1617 2633 1687 οἷς
2658 1624 2881 1678 ἕκαστοι
2928 1621 3216 1694 χρῄζουσι,
3245 1621 3306 1675 τὸ
3360 1621 3701 1691 συνεπιλαμο

2115 1717 2394 1779 δάνεσθαι,
2448 1716 2509 1770 τδ
2543 1716 2835 1785 ἐπαρκεῖν,
2868 1715 2930 1769 τδ
2958 1714 3035 1787 μὴ
3077 1712 3445 1785 ἑριοεύεσθαι,
3503 1713 3564 1766 τδ
3619 1713 3697 1783 μὴ

419 1809 579 1864 nulla
641 1809 825 1863 adsint
877 1808 1031 1876 rixze,
1088 1823 1187 1864 nec
1228 1808 1423 1879 lingua:
1463 1807 1873 1879 maledicentes,
1908 1824 2005 1865 uec

2112 1806 2419 1877 ἐπιτρίϐειν
2454 1780 2889 1874 συκοφαντικῶς,
2917 1780 3121 1861 ταύτὸν
3176 1805 3221 1859 δ’
3265 1806 3463 1872 είπεῐν,
3512 1780 3695 1860 διαδοὲ

418 1900 525 1956 ulla
576 1899 917 1957 denuntiatio
972 1900 1202 1970 perﬁda,
1251 1914 1346 1954 seu
1374 1899 1560 1957 verius
1583 1900 1876 1958 diabolica.
1911 1902 2011 1958 Ast

417 1992 577 2049 fallor
627 1994 743 2065 ipse
803 1995 896 2064 qui
929 2009 1041 2049 rem
1108 1994 1324 2049 unicam
1360 1993 1526 2048 latius
1552 1994 2011 2066 extendizprtedi-

416 2093 504 2138 cta
559 2085 704 2139 enim
758 2084 901 2140 bona
956 2096 1010 2141 et
1039 2095 1232 2141 caetera
1267 2084 1639 2155 pratermissa
1671 2086 1724 2140 in
1757 2096 2006 2140 mutuum

414 2176 705 2233 conﬂuunt
754 2192 998 2233 amorem
1036 2216 1052 2242 ,
1089 2190 1197 2247 quo
1228 2176 1356 2232 mali
1384 2175 1520 2231 illati
1551 2174 1754 2232 oblivio
1778 2177 2007 2233 accedit.

415 2270 548 2336 Quae
569 2270 614 2325 si
662 2283 814 2325 mens
868 2284 990 2325 mea
1024 2284 1132 2325 non
1174 2281 1339 2336 esset,
1369 2272 1388 2340 (
1419 2278 1504 2325 est
1534 2278 1736 2337 autem,
1783 2271 2009 2341 iuvante

413 2359 593 2431 Deo.)
647 2362 893 2416 excidam
925 2362 993 2417 de
1054 2360 1244 2416 umbra
1293 2359 1603 2416 divinarum
1659 2361 1867 2416 alarum
1904 2402 1918 2418 .
1948 2361 2005 2418 Si

412 2452 671 2509 vindicta:
740 2452 975 2524 gladium
1034 2452 1549 2523 exacui,profecto
1613 2468 1721 2510 non
1784 2454 2005 2511 ascondi

414 2546 616 2613 gradus
650 2542 820 2599 divini
844 2542 1172 2610 sacerdotii,
1200 2558 1391 2601 verum
1424 2555 1637 2600 montes
1669 2546 1925 2617 abruptos
1952 2554 2007 2601 et

413 2635 765 2705 voraginibus
809 2635 1069 2693 hiantes!
1107 2637 1208 2692 Ast
1254 2636 1302 2694 si
1332 2636 1656 2693 verberibus
1686 2634 1921 2694 alliictus
1951 2647 2005 2694 et

415 2729 606 2786 dolore
679 2738 1038 2799 compunctus
1119 2730 1344 2801 quando
1394 2729 1655 2801 ingemui,
1718 2730 1835 2786 sive
1887 2729 2002 2786 Heu

414 2821 572 2887 mihi,
613 2836 694 2878 va
722 2822 895 2877 mibil
957 2822 1153 2880 eti‘atus
1181 2838 1331 2890 sum;
1363 2823 1408 2880 si
1486 2823 1734 2892 Domine,
1801 2823 2001 2895 adiuva

416 2925 525 2976 tne,
588 2911 942 2981 exclamavi,
1017 2912 1132 2969 imo
1184 2922 1240 2968 et
1298 2915 1706 2971 vehementiora
1768 2915 1999 2986 adjeci:

416 3002 704 3069 Daemonii,
749 3005 883 3076 quid
932 3004 1301 3077 aggredimini
1354 3005 1627 3063 hominem
1661 3007 2002 3063 innocuum?

414 3095 573 3153 istius
632 3096 779 3153 modi
834 3106 1019 3153 autem
1079 3100 1244 3155 verba
1264 3112 1377 3156 non
1406 3099 1458 3154 in
1488 3098 1615 3155 mali
1655 3099 1994 3155 recordatio-
2027 3138 2072 3199 ο

415 3206 542 3247 nem
575 3191 778 3246 abeant
836 3205 939 3246 nec
989 3191 1126 3248 mihi
1151 3200 1439 3248 vertantur
1463 3191 1677 3247 crimini
1708 3205 1725 3246 :
1755 3190 1847 3263 qui
1871 3191 1999 3247 talia

416 3284 537 3340 suis
584 3283 847 3355 inscripta
901 3284 1061 3340 vellet
1115 3284 1357 3352 tabellis,
1392 3283 1661 3343 calamum
1689 3293 2000 3341 currentem

412 3376 727 3435 intinxisset
781 3379 834 3433 in
865 3393 1062 3449 aquam
1113 3387 1169 3435 et
1189 3377 1393 3435 nullam
1421 3379 1657 3435 litteram
1690 3376 1999 3435 formasset.

413 3466 600 3525 Laudo
636 3470 781 3525 enim
802 3510 818 3535 ,
848 3471 1041 3541 quoad,
1065 3471 1191 3527 mali
1222 3471 1681 3537 recordationem,
1710 3486 1798 3527 me
1833 3470 1999 3527 talem

411 3575 535 3617 esse
583 3575 679 3631 per
707 3571 875 3617 totam
924 3563 1091 3618 vitam
1123 3602 1141 3630 ,
1168 3563 1353 3634 qualis
1405 3578 1551 3631 sum,
1585 3572 1641 3618 et
1676 3574 1849 3634 poetae
1872 3580 1999 3621 sen-

410 3654 636 3709 tentiam
686 3653 932 3711 aﬂ‘eram.
1000 3655 1103 3722 Qui
1166 3655 1251 3711 bis
1276 3670 1385 3711 non
1448 3665 1535 3712 est
1574 3657 1998 3729 contentus,qu

411 3746 545 3802 mibi
603 3756 688 3802 est
728 3747 993 3805 molestus
1020 3758 1074 3804 ct
1123 3748 1191 3819 (si
1232 3748 1572 3819 permitteret
1595 3745 1762 3820 Deus)
1808 3750 1874 3804 ad
1900 3764 1996 3822 pe-

406 3838 527 3911 ]ora
586 3843 931 3910 procederet,
994 3842 1221 3898 coniicit
1284 3841 1422 3897 forte
1459 3851 1583 3899 vota
1634 3850 1689 3897 et
1712 3842 1995 3901 molimina

408 3931 586 4000 ipsius
634 3930 703 3986 ad
753 3931 1098 3988 Altissimum
1133 3933 1449 4003 deferenda;
1472 3944 1561 3991 ast
1590 3934 1771 3991 nullus
1795 3950 1881 3994 me
1907 3945 1993 3994 te-

406 4033 497 4079 net
524 4032 765 4081 tremor:
809 4026 1055 4096 apprime
1081 4027 1198 4083 scio
1236 4027 1439 4098 justam
1466 4028 1533 4081 ad
1565 4030 1763 4085 caelum
1801 4044 1993 4088 ascen-

405 4116 535 4171 dere
602 4119 901 4172 orationem
958 4126 1015 4174 et
1078 4118 1362 4189 pervenire
1404 4121 1470 4175 ad
1526 4136 1692 4178 aures
1745 4122 1865 4190 Dei,
1905 4132 1995 4181 ast

406 4207 462 4263 in
504 4221 703 4263 vanum
741 4217 923 4265 movet
982 4210 1138 4266 istius
1191 4212 1407 4283 generis
1458 4214 1732 4274 invocatio
1778 4218 1989 4285 scalas;

408 4316 686 4372 nunquam
720 4302 863 4360 enim
885 4318 951 4360 eo
978 4318 1149 4376 usque
1191 4306 1470 4364 ascendet.

2108 1898 2297 1962 λικῶς.
2342 1898 2573 1951 Ἕλαοον
2610 1898 2667 1951 δὲ
2699 1899 2938 1970 ἐμαυτὸν
2994 1896 3318 1964 δξαπλὼσας
3355 1897 3415 1952 τὸ
3454 1898 3512 1951 ἒν
3543 1914 3558 1929 ο
3612 1901 3691 1957 εἰς

2108 1995 2216 2065 γὰρ
2274 1993 2335 2046 τὸ
2389 1992 2757 2065 ἀγαπητικῶς
2803 1993 2949 2065 ἔχειν
2996 1993 3165 2048 τᾶλλα
3233 1992 3414 2047 πάντα
3468 1992 3544 2054 ὡς
3578 1986 3686 2043 οἷον

2110 2083 2474 2157 σφαιροῦνται
2503 2085 2712 2155 ἀγαθὰ,
2740 2085 2811 2140 τά
2840 2102 2899 2139 τε
2935 2083 3230 2155 εἰρημένα,
3262 2082 3361 2138 καὶ
3392 2075 3467 2137 ὧν
3497 2083 3697 2151 γέγονε

2108 2179 2291 2249 λόγος,
2322 2172 2404 2243 οἷς
2446 2178 2542 2233 καὶ
2589 2179 2652 2233 τδ
2712 2180 3115 2250 ἀμνησικακεῖν
3167 2179 3549 2232 συντέτακται.
3626 2175 3696 2229 Et

2108 2270 2175 2343 δὴ
2222 2268 2401 2325 ταῦτα
2456 2270 2640 2343 φρονῶ
2689 2271 2894 2342 (φρονῶ
2948 2270 3008 2324 δὲ
3034 2268 3201 2335 οὕτω,
3236 2268 3374 2324 Θεοῦ
3407 2266 3693 2336 διδόντος),

2109 2364 2336 2435 πέσοιμι
2375 2364 2480 2432 ἔξω
2518 2364 2619 2436 τῆς
2648 2362 2760 2419 τῶν
2787 2362 3078 2435 πτερύγων
3121 2363 3217 2418 τοῦ
3259 2362 3395 2417 Θεοῦ
3455 2361 3692 2429 σκέπης,

2108 2460 2268 2531 εἰπερ
2301 2457 2451 2529 ξίφος
2477 2458 2694 2530 ἀμύνης
2722 2458 2971 2530 ἠκόνησά
3030 2474 3185 2523 ποτε,
3229 2457 3305 2530 μὴ
3352 2458 3434 2512 ὅτι
3477 2473 3541 2526 γε
3607 2457 3695 2521 είς

2106 2550 2518 2624 ἀρχιερωσύνην
2535 2550 2818 2615 ἐπαναϐὰς
2845 2551 3006 2617 ἀλλὰ,
3032 2552 3127 2607 καὶ
3143 2552 3231 2605 ὅτε
3259 2553 3385 2615 τοὺς
3404 2548 3696 2623 κρημνοὺς

2106 2644 2327 2709 καὶτὰς
2352 2643 2631 2716 ὑπωρείας
2654 2642 2750 2699 τοῦ
2787 2643 3037 2698 τοιούτου
3091 2644 3261 2713 ὕψους
3294 2643 3588 2697 διέϐαινον.
3622 2642 3692 2695 Et

2104 2735 2163 2790 δι
2186 2737 2526 2807 τυπτόμενος
2555 2735 2651 2789 καὶ
2682 2734 2865 2803 ἀλγῶν
2896 2734 3199 2804 δγόγγυσα,
3239 2736 3333 2787 καὶ
3364 2735 3397 2805 ἦ
3453 2734 3520 2787 τὸ
3577 2732 3690 2787 Φεῦ

2107 2844 2221 2898 μοι,
2274 2827 2309 2898 ἢ
2367 2828 2429 2881 τὸ
2484 2825 2645 2894 Οὐαλ,
2692 2825 2727 2898 ἢ
2784 2825 2888 2882 ὅσα
2956 2823 3201 2889 τοιαῦτα,
3254 2824 3532 2896 ὐπὲμυξα,
3593 2827 3690 2880 καὶ

2103 2913 2150 2975 ὦ
2212 2919 2408 2992 Κύριε,
2465 2918 2652 2992 βοήθει
2717 2920 2976 2992 ἐλάλησα,
3038 2918 3302 2991 ἑξεδόησα
3340 2918 3399 2973 δέ
3444 2937 3547 2974 που
3587 2920 3690 2973 καὶ

2102 3012 2482 3085 τραχύτερον·
2540 3012 2861 3083 Δαιμόνιοι,
2925 3011 2980 3066 τί
3051 3029 3146 3083 μοι
3210 3014 3440 3083 ὲπέχετε
3515 3013 3688 3082 μηδὲν

2104 3104 2353 3159 πταίοντι
2385 3119 2401 3171 ;
2440 3102 2603 3158 Ἀλλὰ
2628 3102 2823 3170 ταῦτα,
2864 3102 3043 3175 οἶμαι,
3079 3103 3181 3158 οὐκ
3235 3103 3302 3158 ἄν
3348 3121 3417 3174 με
3449 3120 3687 3175 χρωμα-

2105 3195 2310 3262 τίζοιεν
2362 3197 2445 3262 είς
2500 3196 2881 3268 μνησίκακον,
2954 3195 3079 3251 οὐδὲ
3136 3196 3373 3267 γράμμα
3443 3194 3692 3250 τοιοῦτον
3800 3276 3807 3281 π

2108 3292 2384 3364 χρώσαιεν
2429 3291 2517 3345 ἐπ’
2548 3290 2697 3362 spot,
2724 3289 2801 3354 ὼς
2823 3289 2945 3344 ossa
2990 3305 3075 3353 τις
3101 3288 3413 3359 ὀξυγράφον
3433 3289 3686 3359 κάλαμον

2108 3385 2286 3457 βάψας
2316 3386 2375 3450 ις
2410 3384 2577 3456 ὕδωρ,
2608 3383 2723 3456 ἐχοι
2754 3382 2823 3440 ἂν
2873 3382 3294 3439 ιντυπώσασθαι
3347 3388 3685 3455 γράμματα.

2104 3479 2217 3533 Καὶ
2238 3476 2351 3549 ἐγὼ
2380 3477 2482 3549 μιν
2501 3476 2756 3548 εὖχομαι,
2786 3476 2859 3532 τὰ
2901 3478 2961 3541 ις
2997 3477 3224 3550 μνήμην
3281 3477 3455 3531 κακοῦ
3510 3477 3692 3532 τοιοῦο

2100 3592 2195 3641 τος
2234 3571 2376 3629 εἶναι
2427 3574 2519 3628 διὰ
2546 3574 2699 3645 βίου,
2740 3569 2853 3638 οἶος
2902 3573 3060 3643 είμὶ,
3119 3570 3430 3643 παραξέσαι
3482 3572 3544 3627 τὸ
3588 3572 3685 3627 τοῦ

2100 3663 2369 3737 Δαρικοῦ.
2402 3666 2500 3728 Ὃς
2528 3664 2585 3718 δὲ
2619 3663 2698 3735 μὴ
2726 3663 3041 3733 ἀρκέσεται,
3090 3662 3125 3733 ἢ
3172 3660 3459 3732 βλαπτέτω
3489 3679 3580 3732 με,
3634 3664 3689 3716 εί

2100 3760 2287 3833 χώραν
2319 3758 2470 3830 αύτῷ
2507 3758 2675 3829 διδοίη
2708 3758 2738 3810 δ
2764 3756 2919 3821 Θεὸς,
2963 3755 2997 3826 ἢ
3039 3754 3329 3827 ἐπεράσθω
3387 3754 3456 3808 τὰ
3511 3755 3687 3826 χείρι-

2104 3869 2226 3920 στα,
2252 3850 2369 3921 εῐγε
2398 3849 2630 3921 Θαρῤοίη
2652 3847 2986 3915 ἐξικνεῖσθαι
3039 3848 3139 3918 τὴν
3198 3845 3457 3917 τοιαύτην
3516 3846 3682 3898 αὐτοῦ

2102 3944 2267 4017 εὐχὴν
2298 3945 2379 4004 εἰς
2406 3942 2498 3996 τὸν
2527 3941 2793 4012 Ὕψιστον
2814 3956 2827 3971 ·
2860 3941 2999 4011 ὅπερ
3025 3938 3135 4007 ἐγὼ
3166 3937 3266 3992 οὐκ
3300 3937 3367 3991 ἂν
3398 3936 3682 4008 ποηθείην,

2101 4037 2260 4103 εἰδὼς
2292 4032 2350 4092 εὖ
2379 4036 2550 4108 μάλα,
2577 4034 2653 4097 ὡς
2676 4033 2812 4105 εὐχὴ
2842 4032 2944 4104 μὲν
2966 4031 3153 4087 δικαία
3189 4031 3395 4102 θαρρεῖ
3418 4030 3517 4103 τὴν
3544 4029 3681 4099 ὑψοῦ

2100 4132 2393 4197 ἀνάϐασιν,
2429 4128 2525 4183 καὶ
2545 4127 2994 4199 άναλαμΰάνεται
3027 4126 3108 4188 είς
3136 4124 3308 4187 ἀκοὰς
3356 4123 3515 4187 Θεοῦ,
3540 4125 3574 4193 η
3623 4121 3683 4176 δὲ

2100 4227 2178 4299 μὴ
2202 4224 2430 4297 τοιαύτη
2468 4223 2649 4297 μάτην
2674 4220 3070 4294 άναρῤιχᾶται,
3102 4219 3228 4272 ὅποι
3263 4217 3341 4290 μὴ
3371 4216 3520 4270 ἔστιν
3544 4216 3679 4270 ἁνα-

2096 4320 2263 4386 ϐῆναι
2296 4318 2494 4391 αὑτήν.
