4090 6422
498 262 603 330 501
1256 256 1335 316 IN
1380 250 1719 315 HYMNUM
1764 237 2418 307 PENTECOSTABEM
2461 236 2667 297 ΝΛΜ
2730 234 2931 291 ’IiiNl.
3576 266 3586 273 -
3653 221 3761 285 F03

1836 377 3327 407 .____——______—————..—_..__-
3340 376 3448 383 --.η

2121 376 3448 404 —_——_—————-———~—-~—v-
3475 374 3579 381 ..._..
3648 372 3726 381 α...

2111 392 2113 399 ¹
2396 374 3721 407 ᾈρ-ᾁ-Μ-α-,ι-

1390 575 2880 802 EUSTATHII

859 939 2257 1067 THESSALONICENSIS
2340 924 3412 1050 METROPOLlT/E

1826 1172 2011 1233 INTE
2020 1166 2451 1233 RPRETATIO

1021 1349 1422 1443 HYMNI
1502 1340 2469 1438 PENTECOSTALIS
2545 1332 3265 1427 DAMASCENI.

2703 380 2961 391 ——-——

514 403 2693 446 Ψ

1913 1684 2383 1753 MONI’I'UM.

1540 1854 1688 1918 (Aug.
1712 1853 1825 1911 Mal,
1847 1846 2083 1914 Spicileg.
2114 1847 2273 1909 Rom,
2306 1853 2421 1897 tom.
2448 1845 2506 1905 ν,
2535 1858 2584 1907 p.
2612 1844 2767 1905 xxiv.)

2123 2023 2194 2034 4—.—

602 2165 877 2220 Hactenus
907 2156 1179 2215 Eustathii
1226 2154 1625 2226 archiepiscopi
1654 2151 2165 2210 Thessalonicensis
2190 2165 2390 2206 nomen
2423 2148 2698 2204 claruerat
2723 2152 2947 2218 propter
2972 2146 3205 2204 eximios
3230 2148 3299 2203 ad
3325 2155 3620 2218 utrumque
3662 2146 3775 2202 lla»-

535 2251 671 2307 meri
693 2262 885 2320 poema
915 2243 1342 2301 commentarios
1370 2258 1389 2311 ;
1422 2257 1567 2296 nunc
1587 2240 1810 2299 demum
1836 2240 1979 2297 sacri
2004 2253 2224 2311 quoque
2253 2237 2522 2309 poematis
2547 2238 2818 2306 interpres
2864 2233 3135 2306 procedit,
3164 2244 3222 2292 et
3249 2235 3467 2306 quidem
3533 2238 3587 2291 in
3632 2236 3778 2291 alma

540 2337 688 2395 Urbe
719 2333 955 2407 primum
992 2331 1313 2402 impressus,
1344 2330 1434 2385 ubi
1467 2327 1773 2385 Homericae
1815 2344 2035 2401 quoque
2084 2328 2329 2402 ejusdem
2367 2327 2781 2384 lucubrationes
2808 2324 3047 2382 natalem
3075 2325 3251 2381 lucem
3283 2338 3428 2381 anno
3461 2325 3599 2381 1550
3645 2324 3781 2380 hau-

537 2432 755 2483 serunt.
788 2422 934 2477 Inter
959 2420 1188 2492 hymnos
1217 2418 1309 2490 qui
1337 2417 1518 2475 sancti
1547 2415 1776 2474 Joannis
1799 2417 2121 2476 Damasceni
2147 2432 2345 2473 nomen
2383 2426 2582 2488 gerunt
2608 2414 2809 2471 nobilis
2836 2421 2922 2471 est
2966 2420 3087 2469 tum
3141 2412 3214 2468 ob
3249 2412 3537 2479 theologia:
3590 2414 3782 2468 altitu-

539 2513 745 2577 dinem,
776 2519 887 2565 tum
916 2508 989 2564 ob
1013 2507 1170 2563 metri
1200 2505 1359 2562 etiam
1390 2504 1740 2569 suavitatem.
1775 2505 1823 2562 is
1851 2506 1945 2577 qui
1985 2505 2232 2560 divinum
2273 2504 2540 2574 Spiritum
2570 2504 2835 2570 celebrat,
2859 2511 2913 2558 et
2940 2515 2971 2556 a
3035 2499 3238 2558 Grecis
3265 2504 3617 2573 pentecostali
3642 2511 3783 2557 tem-

544 2615 674 2672 pore
699 2599 938 2655 canitur.
965 2595 1117 2650 Mitto
1145 2609 1292 2649 nunc
1320 2592 1748 2650 controversiam
1780 2604 1962 2649 utrum
1993 2593 2085 2649 hic
2106 2592 2343 2665 hymnus
2373 2606 2567 2662 reapse
2593 2600 2878 2662 parentem
2902 2588 3100 2646 habeat
3128 2589 3185 2647 S.
3220 2586 3488 2647 Joannem
3557 2590 3789 2646 Damas-

545 2702 740 2742 cenum
773 2685 863 2739 τὸν
894 2684 1058 2749 πάνυ,
1090 2697 1159 2737 an
1186 2681 1571 2752 homonymum
1603 2680 1795 2748 alium,
1814 2696 1921 2753 qua
1953 2696 2117 2753 super
2142 2694 2202 2735 re
2228 2678 2547 2736 Eustathius
2576 2678 2692 2749 ipse
2724 2677 2778 2733 in
2805 2675 3082 2733 Procemio
3108 2678 3273 2735 verba
3299 2677 3449 2747 facit,
3479 2689 3595 2734 tum
3620 2678 3787 2735 etiam

546 2776 603 2830 in
631 2788 837 2845 nupera
862 2770 1258 2827 Pentecostarii
1293 2768 1467 2827 Graeci
1497 2768 1736 2825 editione
1767 2767 1967 2825 Veneta
1994 2769 2123 2825 anni
2153 2768 2298 2839 1837
2329 2769 2488 2826 docte
2540 2768 2852 2826 disseritur.
2909 2766 3098 2841 Neque
3147 2770 3294 2826 enim
3342 2786 3445 2829 nos
3491 2772 3559 2828 de
3607 2766 3796 2844 hymni

553 2873 780 2918 auctore
809 2876 958 2917 nunc
986 2859 1305 2931 quaerimus,
1333 2858 1428 2914 sed
1446 2858 1565 2928 ejus
1594 2858 1946 2929 interpretem
1974 2858 2355 2915 doctissumum
2376 2866 2431 2914 et
2462 2858 2905 2930 copiosissimum
2931 2858 2986 2915 in
3014 2859 3321 2917 litterarum
3354 2875 3468 2917 rem
3517 2862 3795 2933 publicam

555 2951 663 3007 laeti
685 2952 1027 3007 deducimus.
1053 2947 1253 3018 Scripti
1280 2946 1443 3017 hujus
1476 2946 1591 3003 duo
1622 2947 1814 3003 saltem
1850 2946 2184 3018 exemplaria
2213 2947 2593 3015 innatuerunt,
2621 2946 2853 3003 alterum
2877 2944 3327 3013 Vindobonense,
3380 2949 3527 3018 quod
3545 2958 3796 3003 accurate

555 3037 819 3094 describit
840 3036 1171 3092 Lambecius
1196 3035 1252 3091 in
1287 3034 1352 3092 Β.
1387 3034 1621 3092 Vindob.
1648 3035 1741 3091 ed.
1785 3050 1914 3092 nov.
1948 3045 1989 3092 t.
2029 3035 2093 3092 ν.
2128 3052 2186 3106 p.
2221 3035 2348 3101 856,
2405 3050 2437 3090 a
2495 3049 2608 3106 quo
2669 3046 2851 3091 tamen
2896 3035 3212 3092 dilaudatus
3255 3035 3475 3106 quidem
3534 3045 3641 3103 est,
3692 3052 3797 3091 non

556 3133 737 3180 tamen
771 3125 914 3196 typis
936 3124 1354 3180 commendatus
1385 3122 1659 3192 ;alterum
1688 3122 2013 3180 Vaticanum
2065 3123 2228 3195 1409,
2257 3125 2669 3198 bombycinum,
2697 3125 2899 3183 litteris
2947 3124 3334 3183 minutissimis
3388 3124 3792 3196 innumerisqu'

565 3212 720 3284 siglis
744 3210 1114 3282 conscriptum
1144 3226 1164 3280 ;
1209 3211 1354 3282 quod
1387 3225 1511 3266 cum
1537 3210 1748 3282 jamdiu
1778 3211 2283 3283 deprehendissem,
2309 3223 2365 3271 et
2389 3214 2645 3271 claustris
2673 3213 2880 3270 tamdiu
2910 3213 3223 3271 obseratum
3246 3214 3513 3279 dolerem.
3542 3215 3802 3270 constitui

562 3300 796 3370 denique
822 3302 877 3354 in
906 3300 1070 3369 hujus
1098 3298 1391 3355 voluminis
1415 3308 1693 3369 postrema
1721 3308 1878 3369 parte
1903 3300 2193 3359 collocare.
2233 3302 2307 3359 De
2356 3317 2469 3373 quo
2526 3317 2659 3359 sane
2706 3302 2914 3372 scripto
2962 3300 3334 3369 Lambecium,
3390 3309 3446 3356 et
3501 3302 3801 3372 praesertim

557 3387 813 3442 Allatium
836 3386 893 3443 in
923 3386 1333 3457 Prolegomenis
1362 3387 1780 3455 Damascenicis,
1813 3404 1936 3460 cap.
1967 3389 2156 3457 68-70,
2181 3390 2321 3461 apud
2354 3391 2700 3462 Lequinium,
2729 3391 2952 3462 copiose
3002 3390 3280 3460 disputare
3298 3390 3503 3455 decuit,
3533 3399 3589 3445 ut
3641 3389 3803 3446 inco-

559 3477 768 3545 gnitum
796 3475 1057 3545 scriptum
1076 3474 1372 3531 lectoribus
1405 3474 1702 3532 revelarent
1732 3492 1751 3546 ;
1780 3478 1913 3533 mihi
1942 3493 2072 3535 vero
2103 3480 2199 3550 qui
2229 3488 2425 3546 totum,
2464 3470 2645 3551 qualis
2702 3488 3051 3551 quantusque
3072 3490 3174 3545 est,
3208 3478 3494 3550 legendum
3523 3479 3645 3536 orbi
3700 3487 3805 3534 ter-

562 3578 744 3619 rarum
775 3563 883 3629 jam
916 3565 1166 3630 exhibeo,
1206 3564 1299 3619 diu
1332 3564 1482 3635 loqui
1515 3580 1624 3620 non
1646 3575 1731 3620 est
1759 3582 1988 3625 necesse
2017 3586 2034 3624 :
2069 3571 2156 3625 sui
2183 3570 2328 3624 enim
2361 3568 2562 3639 cuique
2590 3567 2754 3635 oculi,
2786 3567 2832 3624 sl
2863 3567 3025 3623 modo
3061 3566 3273 3624 Graecis
3323 3568 3520 3623 litteris
3571 3569 3645 3624 sit
3701 3569 3805 3623 im—

566 3654 750 3716 butus,
791 3650 1133 3705 Eustathium
1168 3652 1314 3706 hunc
1361 3667 1459 3722 pro
1492 3651 1757 3724 dignitate
1784 3669 1850 3710 ac
1881 3658 2073 3714 merito
2104 3660 2586 3715 commendabunt.
2620 3658 2811 3715 Graeca
2840 3666 2992 3715 certe
3036 3658 3278 3715 Ecclesia
3310 3668 3433 3728 post
3455 3660 3577 3715 illos
3603 3659 3808 3729 primo-

564 3754 686 3793 rum
711 3740 1034 3794 saaculorum
1058 3738 1267 3806 Patres,
1287 3755 1469 3810 parem
1499 3741 1799 3812 Eustatbio,
1829 3744 2179 3816 interpretem
2205 3748 2294 3804 vix
2320 3747 2489 3802 ullum
2512 3747 2693 3813 habet,
2724 3747 2816 3819 qui
2840 3754 3050 3803 tantam
3074 3746 3348 3804 sermonis
3387 3747 3562 3803 Graeci
3589 3749 3804 3817 copiazn

565 3835 624 3881 ct
650 3825 967 3899 theologicae
1000 3826 1276 3883 lacullatis
1306 3842 1601 3903 rerumque
1623 3832 1899 3891 variarum
1922 3836 2173 3907 peritiam
2198 3852 2311 3893 ora:
2334 3849 2394 3890 se
2414 3834 2577 3889 lerat.
