4050 6428
415 237 524 303 503

1175 239 1598 304 EUSTATHII
1625 244 2382 307 THESSALONICENSIS
2419 244 2987 307 METROPOLITIE
3573 255 3670 316 ξίνὶ

1181 549 1320 602 ΤΟΥ
1360 547 1749 603 ΛΓΙΩΤΑΤΟΥ
1794 546 2348 604 ΜΗΤΡΟΠΟΛΙΤΟΥ
2381 545 2913 602 ΘΕΣΣΑΛΟΝΙΚΗΣ

1041 751 1166 875 Κ
1211 744 1732 878 ΥΡΟΥ
1902 740 3044 877 ΕΥΣΤΑΘΙΟΥ

1826 981 2208 1034 ΠΡΟΟΙΜΙΟΝ

1211 1138 1318 1190 ΕΙΣ
1340 1137 1476 1188 ΤοΝ
1501 1135 2162 1190 ΕΞΙΙΓΗΘΗΣΟΜΕΝΟΝ
2189 1134 2535 1190 ΙΑΜΒΙΚΟΝ
2561 1136 2848 1190 ΚΑΝΟΝΔ

850 1285 933 1346 Οὗ
993 1286 1315 1357 Προοιμίου
1376 1284 1521 1352 πρὸς
1581 1287 1648 1339 τὸ
1695 1286 1853 1339 τέλει
1900 1288 2088 1342 κεῖται
2132 1289 2231 1342 καὶ
2271 1289 2308 1356 ἠ
2371 1287 2497 1341 κατ’
2527 1286 2766 1344 ἐκεῖνον
2815 1288 3198 1361 ἀκροστιχίς.

1092 1612 1482 1675 SANCTISSI
1497 1615 1582 1673 Ml
1629 1614 1680 1672 M
1694 1615 2194 1676 E'I‘RUPOLITXE
2232 1607 2992 1675 THESSALONICENSIS

1355 1800 1545 1948 D.
1646 1796 2691 1986 EUSTATHII

947 2074 1389 2139 PROCEMIUM
1429 2074 1514 2135 IN
1557 2075 2363 2136 lNTElll’RETATlONEM
2412 2075 2716 2137 IAMBlCl
2756 2074 3135 2138 CARMINIS

1034 2233 1231 2315 Cujus
1273 2233 1558 2312 prooemii
1591 2233 1657 2291 in
1713 2232 1833 2308 ﬁne
1871 2231 2103 2309 legitur
2133 2231 2506 2291 arrostichis
2545 2228 2664 2288 huc
2716 2236 3022 2307 spectans.

457 2565 706 2631 Videris,
740 2564 935 2632 frater,
959 2565 1304 2636 spiritualem
1349 2565 1494 2620 illam
1545 2567 1970 2635 postulationem
2004 2565 2054 2625 Α

383 2676 551 2733 quam
584 2659 798 2730 jamdiu
842 2673 1172 2729 suspensam
1228 2659 1482 2724 tenebas,
1514 2665 1734 2728 tempus
1787 2665 1974 2713 terens

385 2761 441 2809 et
472 2753 691 2808 cautius
724 2751 978 2822 loquens,
1015 2750 1251 2808 remisse
1305 2757 1489 2806 autem
1538 2757 1768 2820 propter
1825 2763 1975 2805 reve-

385 2846 651 2907 rentiam,
703 2842 987 2899 distulisse
1033 2842 1257 2896 tandem
1311 2850 1577 2910 quantum
1636 2841 1856 2906 licebat,
1916 2849 1975 2894 ut

385 2936 638 3010 prodiret
676 2945 730 2992 et
758 2935 812 2990 in
869 2942 1064 3006 aperto
1093 2941 1415 3004 poneretur,
1449 2942 1505 2988 et
1557 2931 1803 2988 studium
1865 2932 1972 2986 im-

384 3031 642 3101 pendisse
677 3039 738 3085 ut
769 3027 837 3084 ad
867 3027 1030 3085 linem
1068 3028 1382 3082 duceretur.
1422 3025 1603 3092 Quare
1644 3027 1758 3080 haec
1791 3033 1973 3080 tecum

388 3123 636 3187 volvens,
666 3130 726 3177 ut
757 3121 980 3193 quidam
1011 3119 1178 3181 dixit,
1203 3127 1259 3174 ct
1294 3119 1580 3190 paululum
1615 3117 1973 3173 deblaterans

291 3262 296 3267 .
384 3215 626 3271 demissa
655 3229 810 3280 voce,
839 3213 1007 3270 hodie
1053 3214 1110 3269 in
1145 3215 1322 3269 lucem
1355 3211 1616 3277 emisisti,
1661 3216 1716 3264 et
1748 3209 1972 3265 voluisti

379 3324 469 3364 me
497 3309 565 3363 ad
600 3323 738 3380 opus
768 3306 994 3364 difﬁcile
1020 3321 1348 3380 provocare,
1393 3305 1540 3374 quod
1567 3313 1651 3359 est
1697 3305 1974 3372 interpre-

380 3403 515 3459 tatio
547 3411 601 3458 et
631 3401 1026 3457 commentatio
1064 3400 1252 3471 hymni
1297 3397 1462 3452 hodie
1509 3395 1742 3466 Spiritui
1779 3404 1975 3451 sancto

383 3496 614 3559 cantati,
651 3493 886 3565 neglecti
914 3492 1138 3564 quidem
1174 3491 1242 3544 ab
1277 3491 1345 3544 iis
1366 3491 1460 3559 qui
1495 3489 1625 3542 talia
1649 3487 1975 3557 diligentius

382 3596 692 3652 sectantur,
750 3585 905 3641 nullo
942 3585 1106 3639 modo
1164 3592 1346 3638 autem
1388 3582 1538 3654 digni
1579 3582 1674 3651 qui
1719 3582 1802 3637 sic
1845 3596 1980 3636 con-

383 3688 665 3736 temnatur
703 3696 718 3735 :
759 3694 825 3735 ex
885 3677 1253 3748 inspiratione
1311 3674 1457 3730 enim
1521 3674 1734 3730 caelesti
1791 3673 1977 3744 prodit

392 3772 483 3827 hic
502 3772 742 3841 hymnus
771 3785 868 3842 per
922 3769 1376 3840 supercmlestem
1413 3766 1785 3833 Paracletum,
1810 3779 1972 3836 quem

390 3871 690 3920 veneratur
723 3870 882 3932 poeta
923 3860 1262 3917 celebrando
1291 3878 1306 3928 ;
1340 3869 1395 3916 et
1444 3867 1641 3915 auctor
1681 3858 1771 3914 illa
1805 3857 1975 3927 inspi-

2159 2564 2403 2629 Ἔοικας,
2467 2557 2763 2636 ὧὰδιλφὲ,
2834 2567 2899 2636 ἢν
2959 2579 3064 2636 προ
3133 2565 3353 2634 μακροῦ
3413 2565 3675 2638 διέτριϐῖς

2081 2657 2476 2730 πνευματικὴν
2507 2657 2736 2725 ἀξίωσιν
2763 2659 3128 2730 τριψημερῶν
3165 2659 3263 2712 καὶ
3296 2659 3478 2713 λαλῶν
3539 2677 3665 2727 προ-

2081 2749 2420 2823 μηθέστερον
2447 2751 2567 2822 μὲν,
2598 2752 2782 2822 ἠρέμα
2811 2751 2867 2805 δὲ
2898 2751 3023 2806 κατ’
3053 2751 3375 2817 εὐλάϐειαν,
3408 2753 3668 2805 ἐπιτεῖναι

2078 2837 2286 2906 ἀρτίως
2313 2841 2457 2894 ὅσων
2501 2841 2656 2912 ἐξῆν,
2689 2840 2767 2906 ὡς
2800 2842 3106 2913 προθέσθαι
3150 2845 3250 2898 καὶ
3281 2847 3364 2908 εἰς
3431 2840 3666 2912 ἐμφανὲς

2079 2929 2333 2998 ἐνεγκεῖν
2365 2935 2464 2988 καὶ
2499 2935 2739 3007 σπουδὴν
2766 2936 3100 3007 ποιήσασθαι
3129 2938 3366 3006 ἀγαγεῖν
3388 2937 3556 3002 αὐτὴν
3589 2937 3665 2994 εἰς

2079 3021 2373 3077 ἐντέλειαν.
2407 3027 2498 3078 Διὸ
2533 3027 2635 3097 τὴν
2683 3025 2948 3096 τοιαύτην
3000 3027 3236 3101 γνώμην
3291 3029 3399 3083 ὑπὸ
3461 3024 3665 3095 σεαυτῷ

2080 3111 2245 3167 ῐλλων
2275 3114 2423 3169 καθά
2454 3132 2535 3179 τις
2567 3116 2672 3189 ἔφη
2711 3119 2806 3171 καὶ
2838 3119 2915 3183 ὡς
2944 3113 3059 3174 οἷον
3090 3122 3438 3191 παραλαλῶν
3471 3119 3667 3173 λεπτα·

2078 3205 2174 3277 λέῃ
2207 3208 2379 3276 φωνῇ,
2420 3209 2663 3278 σήμερον
2706 3211 3109 3282 ὲξετράνωσας,
3145 3214 3246 3266 καὶ
3281 3195 3558 3284 ἠθέλησα-ς
3585 3209 3662 3272 εἰς

2082 3299 2315 3368 πρᾶγμα
2339 3297 2607 3369 δύσεργον
2654 3301 2755 3370 ἐμὲ
2802 3303 3275 3374 προκαλέσασθαι,
3327 3305 3466 3374 ὅπερ
3519 3303 3660 3354 ἐστὶν

2077 3389 2343 3462 ἐξήγησις
2372 3390 2470 3442 εἴτ’
2503 3387 2598 3447 οὖν
2621 3392 2995 3464 διευκρίνησις
3029 3394 3202 3463 ὕμνου
3234 3393 3537 3466 μελῳδικοῦ
3562 3391 3651 3445 τοῦ

2081 3484 2323 3554 σήμερον
2357 3484 2618 3556 ᾀδομένου
2643 3486 2722 3557 τῷ
2749 3487 3044 3558 ἁγιωτάτῳ
3086 3490 3396 3559 Πνεύματι,
3450 3503 3658 3558 παρεω-

2082 3575 2321 3646 ραμένου
2358 3577 2458 3648 μὲν
2516 3580 2630 3643 τοῖς
2673 3581 2742 3636 τὰ
2783 3583 3012 3635 τοιαῦτα
3063 3585 3422 3653 μετελθοῦσιν
3472 3585 3657 3646 ἐπιμε-

2079 3667 2358 3739 λέστερον,
2389 3671 2448 3722 οὑ
2493 3671 2603 3742 μὴν
2633 3673 2728 3727 καὶ
2760 3673 2843 3737 εἰς
2883 3675 3004 3728 τόδε
3037 3675 3251 3745 βαθμοῦ
3299 3674 3660 3732 καθεστάσθαι

2079 3758 2234 3824 ἀξίου
2263 3763 2570 3830 πεφυκότος
2592 3779 2606 3795 ο
2635 3765 2946 3830 ὑποθέσεὼς
2965 3784 3024 3820 τε
3050 3768 3159 3840 γάρ
3193 3770 3456 3841 οὐρανίας
3481 3767 3656 3836 ἔλδεται

2087 3855 2115 3906 ὁ
2143 3854 2380 3920 τοιοῦτος
2415 3854 2584 3925 ὕμνος
2614 3856 2704 3910 διὰ
2726 3859 2815 3912 τὸν
2841 3859 3244 3932 ὑπερουράνιον
3279 3862 3655 3932 Παράκλητονν

389 3956 607 4012 ratione
641 3955 695 4009 in
729 3953 965 4010 sublime
993 3951 1301 4019 extollitur,
1333 3953 1440 4006 alia
1478 3953 1700 4022 quidem
1729 3947 1972 4019 pedestri

2080 3945 2137 3998 ὃν
2169 3947 2540 4018 ἀποσεμνύνει
2579 3951 2861 4022 περιᾴδων
2895 3967 2913 3987 ο
2947 3954 3044 4008 καὶ
3102 3955 3267 4019 αὐτὸς
3302 3958 3492 4028 ἐκείνῃ
3537 3967 3656 4004 συν-

391 4062 647 4106 sermone
675 4045 961 4119 proferens
981 4053 1037 4102 et
1060 4045 1374 4101 verecunde
1425 4044 1712 4108 incedens,
1737 4042 1792 4096 in
1850 4040 1975 4095 aliis

392 4150 575 4197 autem
624 4137 850 4196 metrica
898 4136 1052 4194 visus
1105 4135 1448 4192 sublimitate
1520 4134 1676 4198 vehi;
1736 4131 1826 4187 cui
1888 4145 1975 4185 res

384 4233 601 4287 divinas
657 4231 1016 4287 conlormans
1059 4237 1116 4285 et
1163 4227 1406 4299 psallens
1457 4229 1642 4283 verbis
1699 4224 1973 4296 poeticis;

381 4340 488 4382 nec
543 4341 601 4382 re
637 4324 753 4396 ipsa
803 4325 881 4379 ita
914 4335 998 4380 cst
1036 4321 1266 4378 inferior
1298 4321 1386 4376 his
1438 4321 1529 4390 qui
1598 4318 1806 4374 talibus
1865 4331 1973 4372 non

380 4426 771 4482 assueverunt,
807 4415 1008 4488 quibus
1053 4414 1385 4484 simplicitas
1414 4414 1569 4468 cordi
1607 4420 1714 4478 est,
1753 4411 1974 4465 videtur

379 4512 504 4566 ideo
528 4510 802 4583 prodiisse
823 4509 1084 4580 imaginis
1108 4509 1290 4564 instar
1314 4507 1515 4577 divinge
1547 4506 1599 4560 in
1631 4505 1976 4560 adorationis

381 4613 508 4658 actu
547 4611 859 4671 prostratae,
894 4603 1138 4673 indignae
1167 4600 1390 4670 quidem
1428 4599 1595 4653 fucati
1627 4599 1847 4651 decoris
1882 4597 1971 4651 in-

386 4689 767 4759 torpretativi;
805 4691 886 4744 sic
914 4690 1087 4757 enim,
1125 4689 1425 4759 inquirenti
1475 4687 1607 4741 mihi
1656 4687 1973 4742 ostenditur

384 4790 888 4836 commentatorum
913 4783 980 4836 de
1017 4790 1167 4836 tanta
1208 4781 1626 4852 pulchritudine
1648 4780 1968 4850 aequalitas;

387 4875 498 4928 nisi
533 4873 720 4929 forsan
747 4874 816 4929 iis
848 4873 1120 4944 placuerit
1153 4872 1404 4928 caelatum
1456 4873 1559 4927 hoc
1581 4880 1832 4926 sanctum
1890 4872 1970 4927 si-

385 4967 576 5040 gillum
638 4981 931 5020 reservare
1003 4966 1318 5020 inconsulto
1361 4963 1624 5031 cuilibet;
1667 4964 1751 5020 vel
1787 4965 1971 5029 aliter,

380 5075 601 5116 onmem
641 5059 872 5128 gloriam
931 5057 1103 5112 divini
1135 5057 1300 5126 hujus
1332 5057 1533 5111 cantici
1596 5057 1748 5112 intus
1805 5057 1972 5111 relin-

380 5167 564 5222 quere
593 5152 868 5222 iacentem
893 5191 908 5218 ,
947 5166 1054 5206 non
1107 5161 1164 5205 ut
1194 5159 1345 5204 tutus
1382 5148 1455 5204 sit
1510 5151 1578 5204 ab
1612 5150 1853 5215 insidiis,
1879 5150 1974 5205 sed

2080 4039 2358 4110 εξαίρεται
2389 4042 2470 4107 εἰς
2501 4045 2628 4098 ὅσον
2656 4039 2769 4099 οἷόν
2798 4062 2880 4112 τε,
2923 4046 2994 4100 τὰ
3034 4047 3135 4118 μὲν
3170 4051 3310 4120 πεζῇ
3365 4049 3568 4120 προῖὼν
3598 4045 3662 4112 τῇ

2081 4132 2302 4200 φράσει,
2336 4133 2412 4198 ὠς
2447 4135 2494 4188 ει
2519 4137 2614 4188 καὶ
2643 4139 2818 4205 σεμνὰ
2869 4139 3084 4202 ἐϐάδιζε
3111 4156 3126 4171 ο
3161 4143 3231 4196 τὰ
3265 4143 3321 4196 δὲ
3358 4144 3448 4195 καὶ
3473 4142 3659 4207 ἔποχος

2083 4223 2328 4296 μετρικῷ
2356 4225 2482 4296 ὕψει
2509 4227 2963 4299 διεκφαινόμενος
2995 4247 3009 4262 θ
3039 4225 3082 4300 ᾦ
3117 4230 3656 4304 συσχηματιζόμενος

2077 4318 2148 4370 τὰ
2181 4318 2310 4388 περὶ
2336 4318 2436 4391 τὴν
2468 4319 2761 4393 θειοτάτην
2799 4322 3009 4378 ἔννοιαν
3053 4324 3147 4378 καὶ
3199 4326 3411 4390 λέξεσιν
3471 4326 3656 4392 ἐγκρο-

2081 4411 2248 4466 αίνων
2285 4413 2718 4484 ποιητικώτερον
2738 4432 2752 4446 ο
2775 4416 2892 4470 ἔστι
2925 4416 2982 4471 δὲ
3018 4410 3080 4472 οὗ
3104 4419 3196 4471 καὶ
3227 4420 3288 4472 οὑ
3321 4419 3466 4472 πάνυ
3501 4428 3658 4482 συνί]⁶

2081 4508 2364 4578 θέστερον,
2398 4509 2511 4572 τοῖς
2534 4509 2786 4578 ἀτριόἐσι
2843 4509 2911 4564 τὰ
2956 4513 3184 4567 τοιαῦτα
3229 4508 3310 4577 οἷς
3369 4514 3427 4565 τὸ
3472 4505 3662 4574 ἀφελὲς

2081 4597 2378 4668 πεφίληται
2413 4614 2427 4629 ⁸
2465 4599 2615 4652 δοκεῖ
2639 4600 2705 4654 δι’
2738 4601 2872 4655 αὐτὸ
2897 4604 2977 4665 εἰς
3003 4603 3199 4656 εἰκόνα
3228 4599 3340 4657 οἷνν
3381 4598 3658 4662 θειοτάτην

2082 4690 2448 4760 προΐστασθαι
2491 4692 2950 4765 προΰεῦλςμένην
2997 4697 3095 4764 μὲν
3153 4693 3564 4767 προσκυνητῶςτ
3605 4685 3659 4738 οὐ

2087 4781 2195 4852 μὴν
2223 4781 2650 4856 κατηξιωμένην
2703 4784 2798 4838 καί
2854 4803 3002 4849 τινος
3061 4790 3369 4859 περιάπτου
3438 4783 3659 4839 κάλλους

2078 4874 2173 4928 τοῦ
2208 4876 2316 4929 ἀπὸ
2340 4877 2657 4948 ἐξηγήσεως
2681 4895 2695 4912 ο
2733 4878 2876 4932 οὕτω
2905 4881 3015 4952 γὰρ
3043 4881 3366 4952 αἰτιολογῶν
3395 4875 3654 4947 παρίστα-

2079 4968 2172 5020 ται
2205 4986 2297 5039 μοι
2323 4969 2385 5022 τὺ
2436 4969 2545 5025 τῶν
2608 4970 3044 5042 ἐξηγησαμένων
3101 4975 3508 5045 ἀπερίστροιρον
3565 4959 3654 5016 ἐπὶ

2078 5061 2270 5133 τοιῷδε
2324 5063 2476 5133 καλῷ
2507 5079 2521 5094 ο
2584 5064 2634 5117 εἰ
2668 5069 2743 5136 μή
2794 5083 2847 5118 τι
2890 5065 2998 5136 ἄρα
3028 5068 3261 5132 ἐκεινοις
3294 5065 3643 5136 εὐηρέστητοι

2078 5155 2178 5227 τὴν
2219 5156 2513 5227 γλαφυράν
2543 5157 2707 5226 ἁγίαν
2739 5161 3015 5230 σφραγῖδα
3062 5161 3270 5234 ταύτην
3318 5152 3654 5230 ἀπαρακίνη·

380 5245 453 5299 ob
495 5241 830 5299 ineﬂ'abilem
867 5240 1317 5306 admirationem,
1354 5251 1412 5295 ut
1459 5240 1724 5311 mysterio
1774 5250 2006 5315 stupo-,

2081 5264 2172 5300 τον
2199 5249 2417 5316 ἀφεῖναι
2445 5248 2526 5320 τῷ
2555 5250 2676 5305 κατ’
2698 5252 2896 5317 αὐτοὺς
2923 5255 3311 5328 ἀνεπισκέπτῳ
3339 5271 3354 5287 ο
3387 5253 3418 5324 ἣ
3451 5249 3537 5303 καὶ
3561 5243 3653 5298 ἄλ·

386 5351 502 5390 rem
537 5337 717 5405 pariat
741 5337 915 5406 magis
957 5351 1122 5407 quam
1149 5335 1521 5405 explicatione
1547 5333 1663 5400 tali,
1693 5351 1812 5403 quae
1841 5334 1967 5390 festi

381 5434 528 5481 esset
554 5427 731 5496 impar
760 5429 1117 5481 solemnitati.

2079 5339 2186 5402 λως
2230 5343 2412 5394 πᾶσαν
2462 5343 2560 5414 τὴν
2600 5343 2758 5409 δόξαν
2802 5345 2896 5398 τοῦ
2947 5349 3192 5402 τοιούτου
3225 5349 3369 5403 θείου
3421 5343 3649 5414 ᾅσματος

2083 5430 2190 5483 ἔσω
2221 5433 2496 5501 παρεᾶσαι
2523 5434 2909 5492 κατακεῖσθαι.
2939 5439 3040 5491 οὐκ
3063 5442 3144 5502 εἰς
3183 5435 3647 5497 ἀνεπιῦούὶευτον,

380 5516 678 5586 ἀλλὰπρὸς
711 5517 995 5586 ἀμύθητον
1055 5517 1494 5589 θαυμασιότητα,
1541 5522 1627 5572 ἵνα
1662 5518 1737 5589 τῷ
1801 5520 2175 5590 μυστηριώδει
2209 5521 2547 5594 θαυμάζοιτο
2575 5527 2778 5596 μᾶλλον
2828 5528 2860 5599 ἢ
2917 5532 2983 5601 τῇ
3048 5531 3332 5601 ἐκφάνσει,
3387 5527 3480 5593 οὐχ
3558 5515 3642 5584 οῖφ

379 5623 438 5664 τε
459 5607 616 5674 οῠση,
651 5610 728 5680 τῷ
767 5613 1044 5679 μεγαλείῳ
1066 5611 1161 5681 τῆς
1181 5613 1375 5683 ἑορτῆς
1403 5614 1862 5684 συνεπαίρεσθαι.

456 5706 527 5762 Αι
565 5704 646 5762 sic
674 5706 919 5777 quidem,
957 5722 988 5761 ο
1025 5708 1221 5773 amice,
1258 5710 1394 5764 tanti
1431 5707 1613 5777 Operis
1647 5709 1965 5779 gravamiue

2155 5709 2298 5765 Ἀλλ’
2346 5709 2487 5767 οὕτω
2528 5713 2654 5787 μὲν,
2716 5709 2759 5772 ὦ
2795 5713 3048 5788 φιλότης,
3094 5717 3190 5771 ἐπὶ
3241 5715 3379 5771 οὕτω
3445 5702 3651 5782 μιγάὶφ
