4050 6420
391 277 492 334 505

393 383 678 454 πράγματι
735 384 974 453 σήμερον
1048 384 1460 456 τελεσφορήσας
1525 386 1657 456 πρὸς
1714 385 1963 438 ἔνστασιν
1997 397 2033 447 Α

391 477 487 546 τὴν
517 477 606 539 ἐφ’
625 476 758 545 ἡμῖν
788 476 1034 540 ἀξίωσιν,
1064 476 1263 547 φόρτον
1293 478 1426 548 ἡμῖν
1457 478 1678 542 έπέθου,
1725 477 1838 530 εἴθε
1889 478 1964 548 μὴ

396 571 451 630 ἐς
486 567 663 630 τέλος,
699 568 889 638 βαρύν.
933 568 1073 636 Ἐγὼ
1092 568 1149 622 δὲ
1196 569 1471 640 χρωσθεὶς
1527 571 1628 624 οὐκ
1677 565 1794 624 οἶδά
1854 571 1964 624 εἴτε

388 660 570 730 ὢχρῳ,
615 660 726 712 εἴτε
779 659 1086 729 ἐρυθήματι
1125 659 1211 728 ἐφ’
1252 654 1333 723 οἷς
1383 661 1658 730 ἡξίωμαι·
1709 661 1802 714 καὶ
1856 663 1965 731 γὰρ

387 754 504 822 ἅμα
542 753 708 816 αἰδώς
740 769 799 804 τε
827 753 918 806 καὶ
944 753 1109 821 φόϐος
1135 751 1340 821 ὑπῆλθέ
1373 768 1438 822 με
1465 769 1478 784 ο
1509 753 1542 823 ή
1570 752 1687 822 μὲν,
1725 753 1799 822 μὴ
1825 756 1966 808 ἀπα-

391 844 712 915 νῃνάμενος,
762 832 1161 913 σκωφθήσομαι
1195 841 1494 906 πολυειδῶς
1516 858 1531 872 °
1580 843 1608 896 ὁ
1639 843 1693 896 δὲ
1731 843 1805 914 μή
1835 861 1964 897 ποτε

393 937 731 999 κατανεύσας
772 939 852 1000 εἰς
881 936 1062 1007 ἔργον,
1104 937 1198 990 καὶ
1223 935 1366 989 οὕτω
1395 935 1488 988 τοῦ
1541 936 1757 989 σταδίου
1813 938 1966 1001 γενόο

394 1045 572 1096 μενος,
611 1027 1128 1098 ἁποσυριχθήσομοιι
1161 1027 1504 1098 κλωζόμενος
1531 1030 1642 1092 τοῖς
1686 1028 1964 1082 καὶτοῦτο

387 1119 446 1172 τὸ
477 1118 643 1172 καλὸν
670 1120 728 1170 ὲν
761 1120 875 1181 τοῖς
907 1118 1034 1186 ἄρτι
1058 1117 1559 1186 φιλοτιμουμένοις,
1587 1119 1747 1186 εἷ’περ
1786 1136 1837 1171 τι
1869 1119 1965 1172 άλ-

385 1211 442 1264 λο
480 1209 590 1263 τῶν
627 1207 717 1261 διὰ
749 1207 990 1277 σπουδῆς
1015 1208 1220 1278 πολλῆς
1243 1225 1257 1238 ·
1320 1208 1468 1276 ὅμως
1525 1209 1763 1276 ἐμαυτὸν
1823 1227 1960 1278 συμ-

385 1303 601 1366 πείσας,
629 1301 715 1354 ἵνα
754 1301 828 1370 μὴ
859 1303 952 1355 ἐπὶ
985 1301 1147 1354 πλέον
1188 1300 1401 1368 εἰλῆται
1439 1301 1566 1370 περὶ
1598 1303 1653 1355 σὲ
1703 1301 1963 1371 λογισμοῖς

383 1395 637 1464 ὀρέξεως,
665 1393 815 1456 θείας
843 1393 942 1461 μὲν
968 1391 1044 1462 τῷ
1074 1393 1210 1456 ὄντι,
1239 1393 1478 1462 ὀχληρᾶς
1504 1393 1560 1446 δὲ
1594 1395 1641 1446 εί
1691 1395 1961 1464 μηδέποτε

383 1486 806 1553 ἀποτελεσθείη,
832 1485 1060 1552 γίνομαι
1100 1485 1208 1538 ίδοὺ
1234 1484 1328 1536 τοῦ
1355 1484 1451 1536 σοῦ
1479 1484 1784 1555 θελήματος
1819 1502 1832 1516 ο
1868 1486 1962 1560 καὶ.

383 1581 570 1648 ἐπειδὴ
624 1580 793 1632 πάλαι
837 1578 997 1646 ἁγίαν
1030 1577 1328 1646 ἐπιθυμίαν
1359 1578 1416 1630 ὲν
1439 1581 1584 1648 ψυχῇ
1625 1577 1960 1646 συλλαϐόμε-

384 1691 470 1734 νος
502 1673 597 1724 καὶ
627 1672 922 1742 ὠδιτήσας,
969 1670 1219 1738 ἐξέτεκες
1276 1670 1373 1737 τὴν
1406 1671 1669 1740 σήμερον,
1728 1671 1802 1733 ὡς
1846 1668 1959 1724 οἷον

383 1763 870 1834 καιροφυλακήσας
898 1761 1171 1830 ἐπίτηδες,
1207 1759 1547 1829 μαιώσεσθαι
1578 1760 1700 1830 ἥκω
1722 1760 1782 1812 τὸ
1821 1762 1959 1813 ἀπο·
1994 1739 2036 1798 Β

381 1857 588 1926 τεχθὲν,
643 1855 737 1908 καὶ
792 1852 1165 1922 ἐκθρέψασθαι
1220 1853 1294 1914 ὼς
1356 1851 1602 1923 περίεστί
1652 1868 1740 1918 μοι
1801 1851 1960 1903 τοῦτο

383 1949 548 2015 ἔχειν,
584 1946 680 2000 καὶ
714 1944 1009 1998 ἀποδοῦναί
1037 1960 1140 2005 σοι,
1171 1944 1272 1995 οὐκ
1302 1937 1420 1996 οἶδα
1450 1942 1567 2012 μὲν,
1604 1942 1762 2010 εἰπερ
1786 1941 1958 2009 ἡρωΐ-

380 2039 445 2090 δα
473 2038 593 2090 τινὰ
625 2037 843 2103 γένναν,
882 2034 1146 2104 πιθηκίδα
1180 2033 1236 2086 δέ
1286 2050 1411 2086 τινα
1456 2033 1676 2094 πάντως
1721 2032 1788 2084 ἂν
1839 2032 1959 2084 οἵαν

380 2132 488 2193 τοῖς
526 2128 922 2194 ἁπλουστέροις
953 2130 1047 2179 καὶ
1078 2128 1250 2196 αὐτὴν
1286 2124 1719 2194 περιϐλέπεσθαι
1755 2141 1766 2155 ·
1798 2125 1958 2178 κατέ-

380 2238 597 2290 γνωμεν
632 2221 740 2290 γὰρ
768 2218 869 2288 τὴν
902 2217 1258 2290 ἀνθρωπίνην
1299 2218 1482 2285 φύσιν,
1538 2215 1694 2269 οὐδέν
1729 2234 1781 2269 τι
1845 2217 1956 2270 τῶν

380 2316 438 2366 ἐν
468 2311 546 2382 τῷ
581 2311 703 2365 καθ’
737 2312 888 2382 ἡμᾶς
948 2310 1049 2380 βίῳ
1113 2309 1450 2379 πονημάτων
1490 2307 1675 2376 πάντη
1735 2308 1955 2371 πάντως

378 2404 769 2472 ἐξουθενοῦσαν
801 2405 884 2472 ἐφ’
916 2405 1142 2465 ἅπασιν,
1175 2402 1296 2454 οὐδὲ
1334 2401 1394 2452 τὸ
1434 2400 1793 2468 φαυλότατον,
1824 2400 1940 2462 καὶ,

373 2499 450 2561 ὼς
489 2501 688 2562 εἰπεῖν,
721 2496 1084 2567 οὐδενόσωρον
1104 2513 1117 2528 ο
1150 2495 1244 2547 καὶ
1275 2494 1391 2546 ἐστι
1420 2493 1479 2546 τὺ
1511 2495 1750 2562 πρᾶγμα
1767 2493 1952 2563 ὅμοιον

375 2593 452 2650 ὼς
485 2593 532 2642 εἰ
574 2591 666 2642 καὶ
718 2587 827 2640 τῶν
879 2589 941 2640 ἐκ
976 2587 1080 2656 γῆς
1121 2585 1525 2656 ἀναδιδομένων
1575 2585 1760 2648 ἄλλοις
1811 2585 1951 2640 ἄλλα

376 2687 515 2754 πρὸς
567 2684 866 2754 ἀρέσκειαν
919 2683 1225 2753 εὐπρόσιτα
1290 2682 1590 2739 ἔκκεινται.
1649 2682 1952 2752 Ἀγαπήσω

373 2779 506 2847 γοῦν
542 2778 637 2830 καὶ
664 2778 850 2840 αὐτὸς,
881 2775 929 2828 εί
961 2775 1057 2828 καί
1103 2792 1216 2828 τισι
1282 2775 1525 2845 μετρίοις
1580 2775 1948 2843 ἀξιωθήσεται

372 2875 453 2936 εἰς
484 2872 735 2941 ἐντυχίαν
767 2870 966 2932 ἐλθεῖν,
1021 2870 1162 2938 ὅπερ
1215 2869 1339 2936 ἄρτι
1398 2867 1626 2934 ἀγαθὸν,
1690 2869 1810 2920 κατ’
1848 2867 1948 2937 ἐμὲ

371 2964 649 3034 κρίνοντα,
685 2963 992 3032 ἐργάσομαι
1019 2976 1033 2990 ·
1063 2960 1161 3014 καὶ
1193 2960 1346 3012 ἔσται
1377 2960 1560 3028 λέγειν
1586 2961 1680 3012 καὶ
1709 2960 1835 3029 ἐμοὶ
1879 2958 1948 3012 δι’

1198 273 1281 335 ΙΝ
1320 275 1652 335 ΙΙΥῖιιῗίυῖιΙ
1693 273 2338 333 PENTECUSTALEM
2383 274 2781 335 DAMASCEN
2794 278 2840 337 Ι.

3535 286 3637 348 506

2067 400 2232 454 grave
2280 387 2432 446 mihi.
2496 387 2705 440 utinam
2760 403 2867 443 non
2923 404 3098 458 usqu‘
3150 391 3204 445 in
3258 392 3439 457 ﬁnem,
3494 410 3634 450 onus

2069 477 2370 546 imposuisti
2401 494 2415 543 ;
2441 493 2540 546 ego
2565 486 2743 532 autem
2773 481 2961 536 nescio
2979 499 3044 535 an
3074 485 3279 552 pallore
3310 502 3375 538 an
3413 488 3633 553 rubore,

2066 569 2398 637 conspicuus
2429 586 2548 623 sum
2599 572 2668 624 de
2699 571 2764 627 iis
2797 587 2920 641 qua:
2948 573 3128 627 facere
3170 575 3368 644 dignus
3404 579 3630 642 habeor,

2067 661 2262 731 (pudor
2301 663 2444 716 enim
2494 664 2657 718 simul
2692 675 2745 718 et
2777 665 2941 719 timor
2993 684 3076 720 me
3111 671 3358 737 replent;
3393 671 3483 725 ille
3515 673 3624 742 qui~

2067 752 2211 818 dem,
2267 769 2336 808 ne
2392 771 2658 810 recusans
2735 759 2972 814 irridear
3023 761 3477 830 iniiltiiormiter;
3548 766 3637 822 hic

2065 854 2270 905 autem.
2295 861 2382 909 ne,
2409 862 2658 903 annuens
2679 851 2855 917 operi,
2881 859 2935 904 et
2957 853 3034 905 sic
3063 853 3298 907 stadium
3335 858 3636 926 ingressus.

2066 936 2325 989 exsibiier
2370 938 2438 989 ab
2470 938 2554 991 his
2591 941 2680 1004 qui
2712 943 2893 995 ethoc
2929 945 3216 1010 pulchrum
3270 945 3336 999 de
3387 950 3634 1015 praesenti

2066 1037 2372 1089 sectantur,
2408 1031 2452 1081 si
2485 1031 2705 1098 quidem
2760 1034 2905 1087 aliud
2963 1037 3142 1105 magni
3184 1039 3351 1090 studii
3407 1039 3634 1092 materia

2065 1120 2136 1174 sit
2173 1123 2274 1190 eis)
2305 1138 2318 1173 :
2357 1122 2486 1174 mihi
2525 1122 2625 1192 ipsi
2677 1132 2767 1178 tan
2793 1139 2858 1178 cn
2893 1127 3250 1194 persuadens,
3285 1136 3340 1180 ut
3372 1145 3479 1182 non
3521 1146 3637 1183 ant-

2066 1211 2209 1280 plius
2261 1211 2707 1280 deprehendatur
2753 1214 2806 1268 iu
2840 1223 2895 1268 te
2953 1217 3090 1270 ratio
3143 1218 3423 1285 petitionis
3477 1219 3529 1272 in
3567 1236 3628 1274 se

2065 1303 2282 1371 quidem
2320 1301 2542 1370 divina},
2583 1305 2830 1361 molestae
2868 1315 3050 1360 tamen
3081 1308 3125 1363 si
3155 1324 3262 1362 non
3298 1312 3634 1379 perﬁciatur,

2066 1407 2210 1450 luam
2239 1410 2442 1465 sequor
2467 1397 2841 1463 voluntatem;
2871 1409 2928 1452 et
2949 1400 3208 1468 quoniam
3239 1417 3400 1470 quam
3422 1402 3633 1471 jamdiu

2063 1487 2368 1557 concepisti
2404 1488 2458 1542 in
2493 1499 2673 1543 mente
2705 1502 2952 1544 sanctam
2985 1492 3398 1560 cogitationem.
3430 1503 3482 1548 et
3514 1511 3638 1564 par-

2066 1581 2272 1645 turisd,
2303 1581 2468 1636 hodie
2493 1583 2777 1650 peperisti,
2806 1585 2964 1653 quasi
2989 1585 3243 1640 consulto
3268 1597 3496 1656 captans
3534 1603 3632 1658 op-

2066 1674 2481 1743 portunitatem,
2543 1673 2736 1730 foetum
2801 1677 2962 1732 venio
3028 1678 3513 1748 obstetricaturus,
3581 1688 3636 1734 et

2064 1771 2328 1832 qttantum
2365 1764 2418 1818 in
2455 1781 2541 1820 me
2566 1775 2650 1821 est
2677 1767 3034 1834 educaturus,
3075 1778 3131 1824 et
3179 1771 3500 1826 redditurus
3536 1773 3633 1827 tibi

2066 1855 2255 1908 nescio
2294 1869 2360 1906 an
2417 1855 2692 1911 heroicam
2723 1858 2954 1928 prolem,
3003 1875 3073 1915 an
3121 1860 3340 1916 simium
3395 1863 3630 1929 aliquem

2062 1947 2154 2013 qui
2195 1945 2511 2002 rudioribus
2567 1947 2920 2003 admirationi
2973 1950 3094 2006 sit:
3132 1951 3442 2007 humanam
3486 1954 3632 2008 enim

2061 2040 2315 2092 novimus
2351 2050 2624 2102 naturam,
2668 2025 2789 2110 quas
2848 2041 3057 2097 nullam
3099 2057 3469 2098 aerumnarum
3527 2055 3631 2100 ter-

2062 2131 2320 2184 restrium
2351 2131 2720 2202 parvipendit,
2747 2140 2824 2200 et,
2858 2141 2918 2186 ut
2945 2133 3018 2186 ita
3048 2135 3248 2200 dicam,
3281 2136 3486 2191 nullius
3519 2153 3633 2192 mo-

2061 2223 2230 2276 menti
2273 2240 2287 2274 :
2345 2223 2529 2278 simile
2579 2224 2709 2294 quid
2742 2233 2828 2282 est
2857 2241 2921 2281 ac
2956 2226 2999 2282 si
3041 2228 3184 2280 inter
3217 2228 3432 2283 fructus
3471 2239 3629 2283 terra:

2058 2315 2146 2366 alii
2176 2314 2301 2368 aliis
2343 2315 2409 2368 ad
2435 2314 2859 2371 delectationem
2891 2332 3119 2374 accessu
3169 2320 3358 2374 faciles
3408 2331 3626 2390 prosta-

2058 2417 2198 2460 rent.
2231 2404 2460 2460 Gratum
2488 2406 2658 2476 igitur
2699 2409 2911 2464 habebo
2951 2418 3005 2464 et
3048 2410 3164 2480 ipse
3207 2412 3254 2466 si
3281 2411 3502 2483 dignum
3547 2413 3630 2466 in-

2057 2510 2275 2550 ventum
2309 2497 2380 2552 sit
2417 2497 2472 2551 in
2507 2499 2854 2567 popularium
2879 2513 3230 2568 congressum
3263 2502 3452 2555 venire
3482 2502 3628 2572 quod

2055 2591 2216 2644 modo
2247 2591 2473 2654 bonum,
2503 2605 2590 2644 me
2615 2590 2826 2660 judice,
2853 2606 2976 2647 sum
3008 2591 3298 2660 facturus;
3335 2593 3523 2648 licebit
3572 2603 3630 2648 et

2055 2682 2186 2735 mihi
2221 2697 2492 2751 usurpare
2525 2682 2667 2736 inter
2690 2697 2839 2736 meos
2887 2683 3151 2753 aaquales.
3183 2685 3418 2739 verbum
3443 2686 3628 2754 Glycis

2051 2773 2286 2828 dicentis
2339 2793 2353 2827 :
2401 2772 2470 2825 Et
2523 2788 2615 2843 ego
2667 2773 2860 2842 aliquis
2904 2774 2960 2827 in
3000 2783 3142 2828 terra
3200 2776 3375 2829 videor
3407 2792 3531 2831 esse.
3567 2777 3626 2833 Si

2051 2847 2234 2918 autem
2287 2862 2357 2916 ab
2399 2863 2503 2916 hoc
2554 2863 2761 2918 honore
2816 2863 3140 2930 exciderint,
3179 2873 3477 2920 contentus
3531 2883 3627 2921 ero

2051 2963 2146 3008 tua
2172 2953 2345 3010 solius
2379 2953 2802 3021 satisfactione;
2827 2963 2879 3010 et
2902 2955 3048 3025 vulgi
3070 2972 3178 3009 non
3215 2957 3427 3011 habens
3450 2957 3628 3012 admi-

371 3057 615 3118 ἐκείνους
646 3056 782 3128 πρὸς
812 3057 932 3124 ἐμοὶ
957 3054 1140 3115 ὄντας,
1165 3053 1226 3105 τὸ
1254 3052 1349 3106 τοῦ
1386 3051 1640 3114 Γλυκέως
1695 3051 1946 3113 εἰπόντος

2057 3049 2346 3112 rationem,
2406 3046 2627 3116 diligam
2677 3047 3073 3111 solitudinem;
3121 3058 3178 3102 et
3228 3050 3390 3102 amici
3461 3059 3627 3121 atque

369 3147 447 3211 ὡς
507 3146 620 3215 ἄρα
660 3145 761 3200 καὶ
810 3144 927 3215 ἐγὼ
962 3145 1034 3198 ἐν
1069 3141 1144 3212 τῇ
1175 3140 1252 3211 τῇ
1316 3159 1408 3208 τις
1439 3141 1726 3210 φαίνομαι
1777 3136 1952 3197 εἶναι.

371 3238 435 3291 Ei
461 3240 553 3291 καὶ
583 3238 779 3290 τούτου
829 3233 1233 3304 διεκπεσοῦμαι
1284 3232 1380 3287 τοῦ
1434 3231 1816 3303 σεμνώματος,
1852 3233 1952 3302 ἀρ·

371 3329 607 3397 κέσομαι
645 3329 711 3397 τῇ
747 3328 813 3396 σῆ
849 3325 940 3380 καὶ
969 3325 1109 3397 μόνῃ
1142 3323 1501 3394 εὐαρεστήσει
1532 3337 1546 3353 ·
1588 3322 1684 3376 καὶ
1716 3322 1777 3375 τὸ
1802 3321 1940 3375 λεω-

369 3423 707 3493 φορούμενον
737 3422 922 3492 θαῦμα
953 3421 1030 3489 μὴ
1061 3420 1222 3492 ἔχων,
1274 3420 1489 3492 φιλήσω
1547 3420 1608 3474 τὸ
1673 3422 1936 3492 μονῆρες,

369 3517 467 3569 καί
499 3514 575 3584 τῷ
615 3513 710 3566 τοῦ
747 3514 902 3583 φίλου
935 3516 1030 3564 καὶ
1072 3515 1171 3583 τῆς
1199 3512 1372 3575 ὅντως
1403 3511 1588 3582 φιλίας
1628 3513 1740 3582 ὅρῳ
1775 3529 1953 3581 παρα-

367 3608 550 3678 πήξας
582 3608 680 3677 τὴν
710 3607 922 3659 ἑνιαίαν
948 3605 1156 3675 ταύτην
1181 3606 1430 3674 ἀγάπην,
1459 3606 1548 3657 διὰ
1571 3608 1668 3672 τὴν
1698 3604 1948 3657 ἐντεῦθεν

369 3702 787 3769 πεπορισμένην
823 3715 913 3767 μοι
947 3697 1135 3767 εὐχὴν,
1169 3698 1270 3751 οὐκ
1319 3695 1550 3766 εὔξομαι
1610 3697 1942 3764 πλεονεκτῆ-

367 3809 461 3846 σαι
483 3792 555 3856 ὡς
580 3792 839 3860 ἐθελῆσαι
871 3790 1250 3860 πληθυνθῆναι
1284 3808 1374 3860 μοι
1404 3791 1601 3858 λόγους
1629 3791 1942 3858 εὐφήμους·

364 3879 458 3940 οἶα
519 3884 780 3947 πολλάκις
829 3882 1124 3938 ὑπολαλεῖν
1162 3885 1283 3936 κατ’
1316 3883 1556 3952 ἐμαυτὸν
1599 3881 1833 3945 εἰωθὼς,
1868 3881 1944 3944 ὡς

363 3977 513 4033 καθὰ
545 3978 709 4047 σοφὸν
747 3976 1024 4048 βούλευμα
1056 3975 1114 4029 ἓν
1154 3978 1252 4039 τὰς
1280 3977 1482 4038 πολλὰς
1531 3977 1727 4044 χεῖρας
1791 3975 1940 4044 νικᾷ,

361 4070 511 4124 οὕτω
541 4071 634 4123 καὶ
672 4069 770 4139 μία
801 4068 935 4138 εὐχὴ
960 4067 1144 4137 ἀγαθὴ
1177 4068 1269 4119 τὸν
1295 4068 1510 4137 μυρίων
1543 4066 1794 4121 ἔπαινον.
1851 4065 1943 4117 Γι-

363 4161 590 4231 νόμενος
614 4160 708 4214 οῦν
745 4158 841 4213 τοῦ
871 4157 1062 4211 λοιποῦ
1093 4158 1194 4228 τῆς
1225 4158 1323 4226 σῆς
1352 4158 1663 4226 ἀγγαρείις
1713 4159 1806 4211 ἐπὶ
1849 4175 1940 4227 μι-

2057 3141 2310 3196 amicitiae
2362 3139 2646 3209 proposito
2723 3141 3137 3196 conterminans
3207 3141 3423 3195 unicam
3485 3143 3627 3198 hanc

2056 3234 2436 3292 ambitionem.
2470 3239 2690 3300 propter
2715 3229 3021 3300 praestitum
3053 3229 3313 3300 deinceps
3365 3230 3499 3284 mihi
3530 3243 3629 3287 vo-

2057 3335 2194 3388 tum,
2227 3339 2333 3378 non
2355 3323 2632 3392 gloriabor
2659 3323 2803 3390 quod
2833 3321 3210 3391 praevaluerim
3237 3320 3397 3392 quasi
3427 3322 3626 3376 volun-

2055 3426 2139 3471 tas
2186 3415 2421 3471 adfuerit
2472 3422 2530 3468 ut
2569 3413 3004 3481 multiplicentur
3053 3411 3185 3465 mihi
3223 3413 3384 3467 verba
3417 3412 3623 3475 laudis;

2055 3509 2198 3562 sicut
2230 3506 2428 3573 saepius
2453 3504 2640 3558 dicere
2681 3504 2832 3555 soleo
2858 3502 3006 3555 intra
3039 3515 3144 3568 me,
3173 3500 3319 3568 quod
3361 3501 3624 3571 quemad-

2056 3599 2275 3653 modum
2312 3597 2516 3648 multas
2581 3607 2775 3646 manus
2811 3592 2978 3645 vincit
3010 3607 3173 3643 unnm
3226 3591 3444 3659 sapiens
3491 3605 3627 3645 con-

2053 3691 2261 3752 silium,
2295 3687 2375 3741 sic
2411 3697 2463 3738 et
2493 3701 2598 3738 una
2657 3685 2797 3738 bona
2855 3683 3031 3737 oratio
3069 3682 3366 3736 multorum
3412 3682 3622 3738 laudes.

2050 3779 2383 3849 Angariatus
2407 3777 2574 3846 igitur
2610 3789 2640 3828 a
2673 3785 2725 3830 te
2752 3782 3025 3844 quotquot
3083 3789 3344 3843 passuum
3377 3773 3626 3830 millibus

2055 3884 2378 3942 prosperum
2437 3870 2542 3922 iter
2581 3866 2847 3936 pra:bcbit
2885 3864 3123 3933 Spiritus
3175 3873 3423 3929 sanctus,
3452 3865 3544 3931 qui
3594 3878 3625 3918 a

2053 3960 2394 4033 sapientibus
2434 3959 2700 4012 fratribus
2733 3957 2950 4011 laudem
2989 3955 3212 4025 accipit,
3240 3955 3441 4026 quibus
3465 3954 3622 4025 plena

2050 4066 2137 4110 est
2168 4051 2524 4110 sanctissima
2561 4049 2655 4104 Dei
2702 4049 2970 4114 Ecclesia,
3029 4048 3155 4102 inde
3193 4047 3448 4117 incipiam
3487 4047 3626 4101 unde

2048 4148 2288 4221 jnssisti.

360 4227 616 4323 λιασμοῖς
647 4252 868 4312 ὁπόσοις
895 4227 1155 4302 εὐοδώσει
1192 4249 1253 4300 τὸ
1295 4249 1452 4316 ἅγιον
1489 4248 1716 4318 Πνεῦμα
1749 4251 1815 4302 ὲκ
1841 4247 1951 4300 τῶν
1987 4241 2235 4309 ἀδελφῶν
2275 4235 2458 4308 σοφῶν
2502 4232 2839 4304 ἀφελόμενον
2877 4232 3060 4304 χάριν,
3122 4227 3204 4296 οἷς
3258 4234 3291 4303 ἡ
3341 4232 3624 4303 ἁγιωτάτῃ

358 4347 459 4401 τοῦ
518 4344 657 4399 Θεοῦ
700 4340 996 4411 Ἐκκλησία
1057 4340 1358 4411 πέπληθεν,
1410 4341 1714 4412 ὲνάρξομαι
1765 4340 1940 4410 οὗπερ
1979 4339 2276 4408 ἐζήτησας.

439 4440 552 4493 Καὶ
583 4440 646 4510 δὴ
676 4442 732 4493 ἐν
758 4439 1000 4511 πρώτοις
1043 4441 1546 4512 παρασημαίνομαι
1596 4441 1681 4494 ὅτι
1731 4438 1944 4492 πολλῶν

2072 4421 2081 4429 ’
2125 4436 2188 4489 Ει
2224 4434 2411 4488 hocin
2445 4431 2638 4502 primis
2687 4436 2894 4484 annoto
2925 4426 3068 4497 quod
3111 4426 3268 4480 multi
3298 4431 3622 4495 przesentem

361 4534 695 4601 ὑπαγόντων
726 4533 786 4585 τὸ
850 4532 946 4585 τοῦ
987 4532 1353 4604 προκειμένου
1398 4533 1530 4602 ἡμῖν
1572 4531 1803 4600 σκέμμα
1846 4547 1946 4582 κα·-

359 4628 516 4691 νόνος
547 4628 627 4689 εἰς
659 4627 749 4678 τὸν
770 4625 1066 4695 ἐπιθέμενον
1095 4626 1222 4687 τοὺς
1243 4625 1603 4688 δεσποτικοὺς
1631 4622 1940 4692 ἰαμὸείους,

358 4719 458 4772 τὸν
492 4721 573 4780 είς
606 4717 704 4790 τὴν
727 4718 984 4784 γέννησιν
1014 4716 1109 4769 τοῦ
1143 4716 1397 4788 Σωτῆρος
1426 4714 1694 4784 Χριστοῦ,
1719 4714 1816 4768 καὶ
1849 4718 1942 4768 τὸν

360 4811 446 4869 εἰς
464 4809 524 4861 τὸ
545 4807 855 4879 βάπτισμα,
882 4807 1128 4868 ἐκείνους
1153 4807 1209 4858 δὲ
1236 4803 1391 4868 αὖθις
1416 4808 1496 4870 είς
1523 4805 1615 4858 τὸν
1638 4806 1942 4876 πάμμεγαν

360 4902 625 4971 Ἰωάννην
662 4899 1162 4968 τὸνΔαμασκηνὸν,
1188 4897 1298 4965 ἐγὼ
1351 4898 1450 4950 οὐκ
1499 4897 1642 4967 ἔχων
1686 4896 1942 4964 γενέσθαι

363 4993 568 5065 ῥᾳδίως
599 4991 817 5046 τοιᾶσδε
849 4989 1102 5060 γνώμης,
1136 4990 1224 5043 διὰ
1252 4989 1312 5041 τὸ
1344 4989 1422 5060 μὴ
1455 4987 1939 5059 ὲξακριὸώσασθαι

358 5085 552 5139 τοῦτόν
609 5102 669 5138 τε
728 5086 819 5137 τὸν
872 5085 1096 5145 κανόνα,
1148 5085 1216 5153 τῇ
1271 5082 1472 5151 φράσει
1506 5081 1942 5152 τεκμαιρόμενος

359 5176 662 5232 ἀποδιῖστῶ
710 5176 937 5229 ἐκείνων
982 5175 1092 5229 τῶν
1130 5174 1226 5227 δύο
1286 5173 1598 5243 ίαμϐικῶν,
1634 5176 1729 5226 καὶ
1781 5172 1941 5227 ἄλλον

357 5271 622 5339 τεχνίτην
664 5269 900 5330 ἐκείνοις
936 5265 1154 5330 ἱδιάζων
1188 5265 1364 5336 ἑτέρῳ
1398 5267 1506 5319 τινὶ
1533 5264 1727 5318 τοῦτον
1761 5281 1945 5335 παραυ

361 5365 618 5434 πήγνυμι
647 5363 705 5426 ὃς
737 5380 820 5425 τις
851 5363 918 5415 ἂν
949 5363 1044 5414 καὶ
1087 5360 1173 5431 εἴη
1210 5362 1442 5421 ἐκεῖνος.
1469 5359 1580 5412 Καὶ
1619 5357 1742 5411 οὐδὲ
1798 5357 1940 5410 ἐκεί-

359 5473 485 5518 νους
514 5455 591 5524 τῷ
623 5453 850 5523 μεγάλῳ
883 5451 1234 5524 Δαμασκηνῴ
1287 5451 1395 5519 ἔχω
1423 5450 1775 5520 προσνέμειν,
1818 5447 1938 5500 κατ’

358 5549 545 5602 αἰτίαν
572 5547 785 5600 τοιάνδε
820 5562 836 5578 ⁶
892 5546 1010 5616 φῶς
1052 5548 1130 5608 είς
1165 5545 1262 5606 τὰς
1303 5543 1454 5605 θείας
1488 5543 1710 5612 Γραφὰς
1764 5541 1938 5594 ἐλθεῖν

360 5645 429 5696 ὲκ
457 5642 594 5694 θεοῦ
625 5643 720 5693 καὶ
745 5639 837 5693 τὸν
862 5640 1116 5709 λαμπρὸν
1147 5637 1334 5690 τοῦτον
1362 5634 1728 5705 Δαμασκηνὸν
1751 5632 1891 5700 λέγω
1924 5649 1935 5661 ·

361 5734 465 5802 τὴν
492 5731 548 5782 δὲ
576 5732 878 5803 σαφήνειαν
921 5728 1084 5783 αὑτοῦ
1130 5728 1212 5790 τίς
1251 5725 1556 5796 ἐκμάξεται
1609 5724 1937 5794 μιμησάμεο

2051 4529 2312 4596 hymnum
2356 4524 2595 4578 referant
2620 4522 2685 4601 ad
2719 4528 3000 4574 auctorem
3052 4517 3462 4571 Dominicorum
3499 4531 3622 4569 car-

2050 4619 2282 4681 minum,
2337 4616 2502 4670 unius
2554 4613 2771 4684 quidem
2840 4611 2909 4666 de
2967 4609 3251 4666 nativitate
3303 4607 3607 4663 Salvatoris

2047 4710 2274 4776 Christi,
2311 4707 2537 4762 alterius
2559 4707 2626 4760 de
2645 4703 2990 4773 baptismate,
3016 4701 3155 4755 alios
3183 4714 3404 4753 rursum
3426 4713 3625 4766 magno

2045 4800 2243 4856 Joamti
2275 4798 2613 4852 Damasceno
2642 4794 2947 4848 ascribunt.
2978 4791 3089 4861 Ego
3113 4797 3296 4843 autem
3326 4789 3466 4841 hanc
3498 4805 3622 4842 sen-

2048 4892 2271 4947 tentiam
2307 4890 2451 4944 haud
2482 4902 2700 4957 possum
2732 4885 2908 4954 sequi,
2939 4884 3060 4937 ideo
3091 4881 3234 4951 quod
3265 4897 3371 4936 non
3395 4879 3628 4947 diligen-

2045 4992 2128 5038 ter
2159 4982 2442 5037 absolutus
2472 4990 2553 5034 est
2584 4978 2671 5031 hic
2697 4991 2910 5042 canon;
2939 4983 2994 5029 et
3019 4989 3084 5029 ex
3115 4973 3258 5041 stylo
3285 4971 3621 5040 conjectans,

2047 5088 2306 5128 semoveo
2340 5070 2588 5125 duohocc
2636 5068 2903 5129 carmina,
2936 5076 2991 5120 et
3026 5066 3196 5119 alium
3241 5072 3523 5117 auctorem
3556 5062 3622 5114 iis

2048 5165 2320 5226 tribuens,
2347 5162 2632 5231 proprium
2665 5159 2834 5212 alium
2859 5155 3156 5227 quemdam
3212 5153 3342 5207 huic
3367 5153 3614 5222 assigno,

2046 5255 2301 5326 quisquis
2332 5255 2457 5318 ille;
2491 5267 2594 5307 nec
2623 5263 2819 5320 magno
2850 5248 3189 5302 Damasceno
3221 5246 3464 5300 tribuere
3489 5259 3618 5314 pos-

2049 5364 2193 5415 sum,
2225 5349 2295 5403 ob
2333 5360 2450 5400 eam
2476 5357 2701 5399 causam
2735 5341 2882 5410 quod
2914 5340 3008 5394 lux
3045 5338 3100 5392 in
3143 5337 3460 5408 Scripturas
3483 5335 3624 5390 divi-

2047 5455 2146 5494 nas
2177 5455 2206 5492 a
2245 5437 2356 5490 Deo
2387 5434 2560 5502 venit,
2595 5443 2649 5487 ct
2702 5431 2760 5487 in
2806 5431 3075 5485 illustrem
3133 5428 3282 5483 hunc
3332 5428 3624 5481 Damasce-

2047 5548 2214 5596 nuru;
2250 5537 2304 5585 et
2354 5526 2683 5596 elegantiam
2738 5523 2858 5593 ejus
2909 5521 3033 5592 quis
3087 5520 3355 5575 imitando
3403 5520 3621 5582 rel‘eret,

2049 5638 2212 5692 quam
2237 5622 2290 5676 in
2336 5617 2592 5674 omnibus
2633 5615 2854 5686 scriptis
2882 5613 2998 5669 suis
3045 5611 3290 5684 profert?
3317 5610 3363 5665 A
3399 5609 3494 5663 tali
3525 5623 3623 5661 au-

2052 5730 2158 5772 tem
2203 5713 2329 5769 idea
2369 5711 2530 5780 longe
2557 5710 2760 5766 absunt
2803 5707 3051 5775 prmdicti
3103 5719 3364 5762 canones.
3418 5702 3468 5756 Si
3499 5700 3624 5759 uuis
