4050 6420
426 293 531 359 ἷθῚ

1173 287 1602 352 EUSTATHII
1636 285 2394 349 THESSALONICENSIS
2443 281 2882 346 METROPOL:
2899 281 3008 342 i'ﬂ

3568 282 3671 347 503

422 423 556 466 vero
587 407 784 462 dixerit
808 406 958 460 illmu
997 405 1050 460 in
1089 403 1154 460 lls
1197 419 1341 473 quos
1374 404 1733 460 concinnavit
1783 406 1982 460 iambis

2095 417 2200 467 νος,
2227 402 2328 472 την
2359 399 2420 452 tv
2461 397 2672 452 ἅπασιν
2725 389 2810 460 οἷς
2855 393 3062 466 γράφει
3092 409 3109 461 ;
3143 391 3406 466 τοιαύτης
3441 393 3500 448 δέ
3527 396 3671 462 ίδέας

425 503 709 573 proprium
761 500 1086 554 immutasse
1128 497 1536 559 characterem,
1579 497 1768 553 audiet
1812 499 1991 569 primo

420 593 674 647 emudem
731 592 785 645 in
821 590 1071 644 omnibus
1107 587 1364 644 incedere
1409 589 1634 644 doctum
1678 591 1990 660 rhetorem,

421 695 475 738 et
500 683 683 737 forsan
717 681 970 744 invitum,
997 681 1312 736 dominante
1339 680 1392 736 in
1421 681 1514 736 illo
1540 683 1764 753 pr0pria
1784 683 1838 738 in
1858 685 1994 740 scri-

423 774 602 830 bendo
632 785 824 828 natura
857 788 870 824 :
909 773 1174 842 illumque
1205 772 1444 828 maxime
1468 773 1522 828 in
1555 774 1809 831 versibus
1833 776 1993 832 talem

417 866 682 920 exsistere
722 877 788 917 eo
833 865 980 931 quod
1043 864 1304 932 majorem
1352 863 1690 935 voluptatem
1758 875 1995 922 venatur

420 956 628 1025 poesis.
676 966 734 1010 et
778 955 862 1010 sic
902 954 1190 1010 illecebras
1241 955 1480 1009 maxime
1531 957 1997 1028 praetendat;ju-

417 1047 660 1100 cundum
713 1045 856 1100 enim
907 1045 1054 1116 quod
1114 1047 1468 1115 perspicuum
1520 1053 1627 1110 est,
1665 1061 1774 1101 non
1807 1057 1992 1102 autem

417 1137 565 1206 quod
597 1140 917 1191 obscurum.
959 1136 1114 1191 Plato
1153 1136 1375 1206 quidem
1426 1152 1551 1190 cum
1607 1137 1821 1207 poetice
1855 1137 1994 1194 scri-

418 1229 519 1294 bit,
549 1228 850 1283 dilucidior
884 1239 972 1282 est
1003 1237 1059 1282 et
1091 1228 1338 1282 suavior.
1377 1227 1577 1282 Audiet
1622 1239 1810 1299 postea
1844 1231 1991 1299 quod

419 1319 861 1374 manifestaverit
884 1333 1117 1389 magnus
1140 1317 1231 1372 ille
1251 1317 1334 1372 vir
1354 1318 1486 1388 quid
1514 1318 1567 1372 in
1582 1319 1730 1389 poesi
1750 1320 1986 1385 valeret;

418 1426 529 1466 nou
568 1411 716 1466 enim
759 1424 966 1480 paucas
1015 1417 1229 1464 tantum
1287 1424 1543 1464 versuum
1597 1411 1823 1480 paginas
1868 1410 1993 1464 reli-

419 1504 560 1571 quit,
596 1504 691 1558 sed
725 1510 782 1558 et
824 1518 966 1574 opus
1014 1501 1381 1557 dramaticum
1433 1503 1680 1572 scripsit,
1743 1514 1804 1559 ιιι
1837 1505 1994 1560 nobis

418 1596 756 1664 experientia
809 1595 1060 1665 probavit
1124 1595 1218 1666 qui
1261 1595 1449 1650 drama
1491 1597 1721 1666 legimus
1765 1610 1992 1666 compo-

421 1689 587 1745 situm
618 1689 671 1742 in
705 1689 874 1743 beatae
893 1697 949 1742 ct
984 1696 1148 1743 casta:
1179 1691 1452 1742 Suzannte
1487 1688 1803 1753 historiam,
1864 1703 1988 1757 per-

408 1768 604 1852 peram
638 1782 954 1835 adnotatum
985 1789 1045 1836 ut
1085 1797 1275 1850 poema
1318 1779 1549 1836 Joannis
1583 1780 1806 1836 Mansur
1829 1755 1990 1849 ;erat
2024 1755 2065 1812 Β

419 1885 602 1927 autem
636 1873 860 1929 Mausur
890 1889 1198 1940 cognomen
1241 1889 1352 1945 quo
1409 1873 1739 1930 ntaletlictus
1777 1873 1991 1943 Copro-

419 1979 621 2034 nymus
669 1965 904 2036 maligne
964 1965 1292 2036 loquebatur
1349 1964 1589 2021 irridens
1643 1979 1770 2020 eum
1831 1963 1991 2034 quasi

418 2056 581 2126 Syrio
609 2066 788 2111 ortum
823 2072 1056 2127 genere;
1105 2063 1161 2112 et
1186 2055 1490 2112 adornabat
1533 2055 1992 2126 compositionem

421 2145 648 2214 hujusce
680 2146 946 2200 dramatis
996 2145 1169 2214 stylus
1219 2143 1382 2215 plane
1430 2143 1820 2214 Euripidieus;
1866 2158 1993 2213 pro-

418 2243 593 2306 priam
619 2238 765 2290 enim
804 2237 1178 2306 genealogiam
1207 2236 1428 2293 texebat
1458 2233 1738 2298 Suzanna,
1771 2244 1828 2291 et
1851 2237 1995 2291 dole-

417 2327 509 2380 bat
553 2326 598 2380 si
637 2334 790 2380 tanto
838 2325 982 2379 malo
1032 2325 1425 2380 succumberet
1473 2325 1528 2379 in
1559 2325 1741 2390 horto,
1787 2336 1845 2381 et
1884 2329 1990 2382 vim

417 2427 725 2487 pateretur;
767 2428 898 2470 tunc
933 2416 1191 2485 paradiso
1235 2416 1416 2471 locum
1448 2417 1791 2481 assimilans,
1848 2419 1990 2473 refe-

417 2509 572 2562 rebat
630 2509 904 2577 quomodo
963 2507 1140 2561 malus
1189 2507 1406 2562 dromon
1465 2524 1684 2562 rursum
1740 2509 1993 2579 decipere

417 2611 656 2658 tentaret
703 2598 869 2654 Evam
908 2613 1026 2665 me;
1083 2600 1164 2652 sic
1219 2601 1404 2669 poesis
1461 2601 1668 2670 absque
1713 2602 1990 2672 grandilo-

415 2695 662 2764 quentia,
699 2703 755 2748 et
798 2693 919 2747 luce
961 2692 1370 2762 perspicuitatis
1421 2694 1655 2762 pollens,
1709 2710 1812 2750 nec
1864 2694 1989 2750 rudi

416 2787 606 2858 phrasi
628 2787 860 2841 obscura
898 2787 950 2839 in
977 2786 1172 2839 illustri
1209 2785 1573 2842 Damasceno.

2094 495 2144 548 οί
2179 491 2462 565 εἰρημένοι
2496 491 2724 552 κανόνες
2755 487 2906 542 πάνυ
2937 487 3158 558 μακράν
3189 488 3351 541 εἰσιν.
3387 485 3453 542 Εί
3498 488 3554 542 δέ
3587 505 3671 551 τις

2094 587 2241 642 εῐποι
2299 587 2510 640 ἐκεῖνον
2565 582 2821 650 ἐπίτηδες
2848 580 3077 647 ἀλλάξαι
3126 578 3218 634 τὸν
3241 581 3445 634 οἰκεῖον
3495 597 3675 652 χαρα-

2100 677 2285 750 κτῆρα
2304 677 2364 730 tv
2388 671 2472 740 οἷς
2513 673 2758 745 ταμῦισε,
2783 672 2979 743 πρῶτα
3008 671 3110 742 μέν
3138 671 3435 726 ἀκούσεται
3458 671 3543 725 ὅτι
3575 688 3675 726 σαι

2095 768 2203 842 φὴς
2231 770 2419 841 ῥήτωρ
2471 765 2753 837 πανταχοῦ
2788 762 3032 828 τοιοῦτος
3074 764 3346 824 ἐκϐαίνει,
3395 764 3585 835 σχεδόν
3617 781 3674 818 τι

2095 861 2192 916 καὶ
2245 860 2419 923 ἄκων,
2455 856 2832 930 τυραννοὺσης
2871 853 3036 909 αὐτὸν
3061 853 3165 926 τῆς
3209 857 3290 918 είς
3327 855 3389 908 τὸ
3443 855 3677 924 γράφειν

2097 955 2339 1026 φύσεως,
2366 952 2464 1007 καὶ
2499 949 2704 1022 μᾶλλον
2736 951 2796 1004 ἐν
2845 949 2963 1012 τοῖς
3019 947 3180 1002 ἐπεσι
3234 945 3482 1008 τοιοῦτός
3521 947 3674 1001 ἐστιν

2095 1048 2325 1112 ἐκεῖνος,
2353 1043 2443 1099 διὰ
2469 1043 2530 1098 τδ
2563 1041 2661 1114 τὴν
2685 1041 2984 1114 ποιητικὴν
3013 1039 3212 1112 ἡδονῆς
3266 1038 3434 1092 πλέον
3479 1040 3677 1110 στοχά·

2095 1137 2310 1202 ζεσθαι,
2335 1136 2430 1191 καὶ
2452 1135 2626 1198 οὕτως
2649 1133 2841 1202 αὐχεῖν
2870 1132 3111 1202 μάλιστα
3145 1131 3208 1186 τὸ
3227 1130 3462 1200 ἐφοκλόν
3491 1147 3509 1165 ο
3568 1131 3670 1200 ἡδὺ

2094 1231 2237 1285 ῐΐτδ
2276 1228 2470 1300 σαφὲς,
2505 1227 2567 1281 οὐ
2598 1225 2662 1280 τδ
2697 1224 2775 1298 μὴ
2796 1224 2988 1294 σαφές.
3034 1222 3095 1277 '0
3125 1212 3259 1292 γοῦν
3290 1222 3522 1278 Πλάτων
3582 1222 3675 1302 ὅτε

2094 1323 2232 1393 πρὸς
2266 1323 2466 1394 μέτρον
2496 1336 2723 1391 γραφει,
2757 1315 3099 1390 σαφέστερός
3133 1317 3285 1371 ἐστιν
3325 1315 3524 1369 ἐαυτοῦ
3576 1315 3675 1368 καὶ

2093 1416 2431 1486 γλυκύτερος
2461 1430 2477 1446 ο
2527 1409 2648 1469 εἶτα
2685 1410 3228 1482 προσεπακούσεται,
3289 1409 3376 1464 δτι
3409 1408 3438 1460 6
3494 1409 3671 1478 μέγας

2093 1509 2303 1571 ἐκεῖνος
2327 1507 2389 1560 οὐ
2419 1504 2650 1577 λέληθεν
2677 1503 2802 1558 οὐδὲ
2829 1503 3016 1568 ὁποῖος
3043 1497 3115 1576 ἦν
3159 1502 3260 1572 τὴν
3315 1501 3610 1554 tuost-etim
3649 1513 3667 1529 °

2093 1601 2154 1655 οὐ
2182 1601 2292 1670 γΞιρ
2322 1597 2511 1662 ἁπλῶς
2534 1595 2818 1668 μετρητὰς
2851 1595 3036 1666 ἀφῆκε
3074 1594 3290 1658 σελίδας
3335 1592 3508 1655 ἐπῶν,
3536 1589 3675 1644 ἀλλὰ

2095 1691 2190 1745 καὶ
2225 1687 2750 1760 ἐδραματούργησεν
2779 1703 2795 1720 °
2827 1687 2903 1752 ώς
2935 1687 3033 1741 καὶ
3069 1687 3220 1756 ἡμᾶς
3269 1686 3305 1756 η
3337 1687 3505 1754 πεῖρα
3563 1683 3678 1737 t6!-

2098 1783 2226 1848 δαξε
2253 1780 2762 1852 περιτετυχυκότας
2788 1779 3031 1852 δράματι
3063 1777 3300 1842 ἐκείνου,
3359 1775 3669 1846 πεποιημέ-

2098 1889 2174 1941 νῳ
2211 1872 2312 1942 μέν
2345 1871 2425 1935 είς
2453 1873 2521 1924 τά
2556 1869 2700 1924 κατὰ
2719 1869 2820 1940 την
2855 1868 3140 1940 μακαρίαν
3173 1867 3430 1937 σώφρονα
3459 1861 3678 1921 Σωσάν-

2099 1982 2219 2031 ναν,
2244 1961 2839 2036 παρασεσημειωμένῳ
2871 1961 2931 2014 δέ
2960 1961 3026 2015 ἐκ
3074 1960 3324 2028 πλαγίων
3353 1960 3568 2030 ποίημα
3595 1953 3678 2013 εί-

2099 2075 2189 2112 ναι
2225 2058 2478 2113 Ἰωάννου
2511 2056 2774 2127 Μανσούρ
2801 2057 2879 2128 (l)
2912 2071 2927 2087 ο
2953 2051 3024 2128 ἦν
3045 2053 3104 2110 δέ
3129 2057 3158 2110 6
3182 2056 3444 2125 Μανσοὺρ
3467 2053 3678 2108 ἐπώνυ-

2102 2168 2228 2222 μον,
2289 2143 2333 2220 ᾦ
2367 2151 2434 2224 δὴ
2483 2152 2513 2205 6
2573 2151 2853 2221 ἐπάρατος
2915 2147 3301 2221 Κοπρώνυμος
3351 2148 3677 2216 ἐκακολόγει

2096 2244 2366 2298 σκώπτων
2409 2244 2621 2297 ἐκεῖνον
2652 2237 2742 2296 οἷα
2769 2242 2960 2312 γένους
2993 2240 3333 2312 ὡρμημένον
3386 2237 3674 2308 συριακοῦ,

2093 2335 2192 2389 καὶ
2219 2335 2522 2407 ἐσκευώρει
2581 2334 2682 2406 τὴν
2744 2335 2990 2390 διάθεσιν
3024 2335 3234 2388 ἐκείνου
3268 2333 3362 2387 τοῦ
3401 2333 3678 2404 δράματος

2092 2427 2431 2498 εὑριπίδειος
2453 2427 2782 2500 αὐτόχρημα
2816 2427 3039 2498 μέθοδος
3064 2442 3080 2458 ο
3109 2425 3451 2496 ἐγενεαλόγει
3485 2441 3543 2478 τε
3565 2425 3677 2494 γὰρ

2090 2519 2298 2592 ἐαυτὴν
2330 2523 2364 2592 ἡ
2408 2521 2677 2576 Σωσάννα
2705 2521 2802 2575 καὶ
2821 2519 3152 2574 ἀπεκλαίετο
3181 2519 3230 2572 εί
3259 2518 3550 2590 περιπέσοι
3575 2534 3679 2570 κα-

2095 2611 2178 2681 κῷ
2195 2612 2504 2682 τηλικούτῳ
2535 2613 2688 2677 ἐντὸς
2726 2614 2915 2683 κήπου
2951 2611 3049 2665 καὶ
3075 2610 3326 2684 βιασθείη
3364 2626 3379 2643 ·
3425 2609 3556 2662 ἔνθα
3584 2609 3680 2662 καὶ

2095 2705 2414 2777 παραδείσῳ
2451 2705 2545 2761 τδν
2566 2707 2733 2760 τόπον
2765 2705 3064 2770 είκάσασα,
3109 2707 3170 2759 ἐν
3195 2697 3240 2772 ᾧ
3280 2705 3315 2775 ἡ
3363 2703 3675 2771 προμήτωρ

2091 2796 2198 2851 ῠπδ
2218 2797 2313 2850 τοῦ
2336 2797 2592 2866 δαίμονος
2630 2796 2970 2868 άπατηθείη,
3002 2795 3203 2867 φράζει
3251 2795 3502 2864 γλυκέως
3544 2793 3620 2858 ώς
3646 2791 3680 2846 6

414 2880 723 2951 ἁρχέκακος
746 2879 964 2949 δράκων
997 2877 1162 2932 πάλιν
1194 2878 1405 2950 πλανᾷν
1429 2879 1658 2934 έσπευῗε
1694 2879 1793 2952 τὴν
1827 2881 1970 2938 Εὕαν
2007 2885 2110 2958 ἐμέ
2145 2905 2161 2922 ο
2189 2887 2361 2952 οὕτως
2383 2884 2772 2960 ἀστόμφαστος
2794 2889 2891 2944 καὶ
2915 2891 2948 2961 ἡ
2971 2889 3229 2943 ἐποποιὴ
3270 2888 3366 2942 καὶ
3399 2890 3539 2960 φωτὶ
3578 2906 3676 2942 σα·

415 2978 643 3048 φηνείας
673 2975 955 3039 διάλευκος
998 2975 1093 3029 καὶ
1117 2974 1549 3045 άνεπισκότητος
1593 2977 1794 3046 φράσει
1824 2979 2041 3053 σκληρᾷ
2071 2982 2150 3054 τῷ
2183 2984 2425 3056 λαμπρῷ
2464 2983 2836 3057 Δαμασκηνῷ.

488 3071 661 3142 Hujus
706 3071 771 3124 ad
818 3070 1175 3124 imitationem
1222 3069 1273 3122 in
1318 3084 1512 3138 magna
1567 3070 1983 3141 Thessalonice,

2167 3070 2244 3132 Οῦ
2288 3079 2431 3150 πρός
2455 3094 2580 3132 τινα
2616 3081 2918 3151 ὁμοιότητα
2947 3082 3006 3134 tv
3042 3082 3110 3152 τῇ
3160 3081 3372 3154 μεγάλῃ
3404 3083 3680 3137 Castratio-

415 3163 633 3220 iambos
656 3163 786 3216 olim
826 3171 1124 3215 texuerunt
1158 3160 1398 3222 diaconi,
1423 3175 1566 3216 unus
1591 3162 1814 3231 quidem
1849 3165 1993 3218 indi-

415 3271 578 3325 gena,
628 3252 848 3308 nomine
879 3251 1174 3315 Sumanes,
1224 3251 1553 3306 scriniorum
1598 3252 1888 3321 praefectus
1927 3270 1994 3309 ex

414 3347 786 3404 ecclesiastica
830 3345 1125 3415 dignitate;
1152 3344 1291 3398 alter
1310 3343 1534 3413 sapiens
1562 3343 1992 3415 MegaIOpolites,

416 3439 579 3494 levita
619 3452 901 3494 sacrarum
938 3438 1138 3490 artium
1175 3437 1457 3506 magister,
1487 3435 1718 3492 Michael
1776 3451 1992 3508 protec-

417 3534 591 3596 tlicos,
627 3530 720 3599 qui
783 3529 999 3584 tandem
1035 3529 1324 3583 vexatione
1369 3529 1570 3583 diaboli
1607 3529 1910 3596 laboravit;
1941 3539 1996 3587 et

417 3624 583 3676 ambo
612 3634 832 3692 propter
877 3623 1138 3690 hymnum
1173 3636 1270 3691 pro
1297 3620 1652 3676 sanctissimo
1681 3622 1832 3676 urbis
1862 3638 1997 3692 pra:-

417 3714 588 3779 fecto,
641 3715 708 3768 de
777 3713 1119 3769 suaveolentl
1185 3727 1382 3783 magno
1436 3723 1682 3784 martyre
1759 3713 1991 3785 gloriam

417 3805 596 3877 adepti
621 3816 770 3868 sunt,
807 3820 931 3860 cum
963 3820 1073 3860 non
1126 3805 1252 3859 vilia
1297 3805 1586 3872 dixissent,
1615 3814 1672 3861 et
1701 3805 1995 3862 luciditate

418 3899 712 3970 fulget-ent.
747 3897 894 3952 Ante
927 3911 1023 3952 eos
1065 3904 1270 3961 autem,
1297 3895 1492 3951 eodem
1531 3907 1788 3967 suscepto
1827 3913 1995 3968 opere

417 3991 486 4044 de
524 3988 926 4058 augustissimo
976 3985 1292 4044 Nativitatis
1325 3987 1530 4044 Christi
1581 3987 1722 4046 festo
1750 3989 1994 4047 Joannes

416 4079 742 4137 Geometres
769 4079 993 4150 gloriari
1047 4082 1224 4151 potuit
1263 4091 1319 4136 et
1343 4082 1462 4152 ipse
1481 4083 1629 4154 quod
1668 4083 1835 4140 simili
1871 4085 1995 4142 luce

416 4171 726 4242 gravitatis,
763 4179 819 4225 et
861 4157 1127 4228 claritatis
1172 4180 1226 4226 et
1280 4173 1571 4230 suavitatis
1619 4175 1992 4248 praelulgeret,

419 4263 496 4319 nil
521 4271 574 4317 et
611 4264 725 4334 ipse
755 4278 1006 4334 asperum
1043 4263 1274 4320 habens.
1306 4265 1362 4319 Si
1401 4266 1530 4336 quis
1552 4279 1737 4324 autem
1766 4277 1996 4325 conten-

419 4355 558 4409 aleus
616 4354 798 4409 dicere
835 4353 990 4408 malit
1031 4355 1377 4425 spiritualem
1429 4359 1830 4414 modulatorem
1884 4359 1991 4414 alta

2095 3170 2222 3241 νίκῃ
2253 3170 2560 3240 ςθάσαντές
2597 3187 2728 3224 ποτε
2761 3171 3018 3243 ίαμσίσαι
3067 3172 3333 3236 διάκενοι,
3365 3173 3391 3226 έ
3433 3176 3536 3244 μέν
3594 3192 3680 3238 τις

2095 3261 2388 3332 ἐγχώριος,
2423 3263 2666 3335 ἐπίκλην
2719 3265 3030 3336 Σουμάνης,
3071 3266 3424 3338 χαρτοφύλαξ
3474 3267 3536 3319 τδ
3586 3270 3680 3322 ἐκ·

2095 3353 2492 3425 κλησιαστικδν
2519 3357 2759 3428 ἀξίωμα,
2788 3358 2979 3429 ἔτερος
3008 3358 3066 3412 δὲ
3115 3359 3279 3427 σοφὸς
3321 3358 3681 3428 μεγαλσπολί-

2093 3461 2214 3517 της,
2267 3447 2487 3517 λευϊτης
2541 3449 2917 3520 ἁγιοσοφίτης,
2963 3451 3184 3522 Μιχαὴλ
3227 3454 3620 3524 πρωτέκδικτς,
3649 3454 3677 3505 6

2095 3540 2154 3591 tv
2182 3539 2396 3610 ὑστέρῳ
2423 3540 2808 3612 δυσκληρήσας
2841 3544 3080 3614 ἐπηρείᾳ
3121 3543 3397 3612 δαῖμονος,
3433 3545 3527 3597 καὶ
3568 3545 3675 3611 ἁμα

2096 3630 2316 3700 φότεροι
2350 3632 2484 3700 πρὸς
2513 3631 2684 3703 ὕμνον
2719 3632 2812 3686 τοῦ
2843 3634 3160 3702 άγιωτάτου
3195 3635 3488 3706 πολιούχου
3531 3636 3676 3690 κατὰ

2093 3721 2182 3774 τὸν
2210 3723 2555 3794 μυροόλύτην
2598 3725 3072 3798 μεγαλομάρτυρα
3107 3727 3492 3800 εὐδοκίμησαν,
3545 3729 3673 3783 οὔτε

2095 3813 2333 3867 ταπεινὰ
2384 3815 2696 3884 φράσαντες
2746 3817 2842 3870 καὶ
2887 3818 3162 3890 σαφηνείᾳ
3218 3819 3673 3891 ἐλλαμψάμενοιθ

2094 3903 2205 3975 πρό
2230 3903 2287 3957 δὲ
2323 3905 2506 3958 αὐτῶν
2535 3907 2615 3967 είς
2647 3907 2834 3977 ὅμοιον
2879 3909 3041 3980 ἔργον
3073 3910 3457 3980 πονησάμενος
3500 3913 3529 3966 6
3583 3931 3674 3968 σο-

2094 3997 2344 4065 φώτατος
2373 3998 2630 4067 Ἰωάννης
2659 4001 2686 4051 6
2714 4000 3049 4072 Γεωμέτρης
3108 4001 3203 4054 ἐπὶ
3259 4005 3324 4073 τῇ
3381 4005 3677 4076 πανσέτττῳ

2092 4089 2194 4162 τῆς
2213 4088 2305 4142 τοῦ
2339 4089 2576 4162 Χριστοῦ
2602 4093 2914 4166 γεννήσεως
2972 4095 3162 4166 ἑορτῇ,
3209 4095 3370 4166 ἔσχεν
3429 4099 3675 4168 αὐχῆσαι

2094 4183 2188 4234 καὶ
2221 4182 2382 4246 αὐτὸς
2403 4183 2574 4254 ὁμοίῳ
2601 4184 2742 4254 φωτὶ
2774 4186 2868 4238 καὶ
2894 4187 3226 4258 σεμνότητος
3247 4189 3339 4242 καὶ
3374 4190 3679 4260 σαφηνείας

2096 4274 2190 4327 καὶ
2216 4271 2557 4344 γλυκύτητος
2588 4274 3044 4345 λαμπρύνασθαι,
3078 4277 3237 4332 οὐδέν
3269 4295 3323 4332 τι
3369 4279 3682 4350 σκληρυνά-

2100 4379 2264 4434 μενος
2305 4361 2418 4417 οὐδ’
2451 4363 2616 4428 αὐτός
2650 4380 2668 4399 ο
2704 4365 2754 4419 εί
2786 4363 2842 4418 δέ
2870 4382 2956 4430 τις
2983 4365 3183 4438 ἐρίζων
3224 4368 3442 4422 ἑλέσθαι
3503 4371 3682 4424 εἰπεῖν

418 4445 747 4516 sapientem,
778 4446 862 4500 vel
885 4446 1044 4501 aliter
1071 4446 1478 4519 dithyrambico
1514 4448 1640 4520 igne
1664 4465 1991 4507 succensum

2099 4457 2193 4511 τὸν
2221 4458 2600 4522 πνευματικὸν
2639 4458 2882 4532 μελῳδὸν
2905 4460 3262 4532 λυκοφρόνως
3294 4463 3326 4534 ἢ
3360 4462 3539 4526 ἄλλως
3603 4465 3682 4517 δι-

415 4539 735 4610 scripsisse,
759 4536 906 4608 quod
963 4539 1210 4595 urbanus
1239 4547 1294 4594 et
1326 4541 1523 4596 doctus
1568 4541 1899 4599 Theocritus
1937 4543 1991 4598 in

418 4629 740 4685 methodum
779 4629 1030 4700 redigere
1072 4629 1288 4695 statuit,
1326 4630 1411 4685 vel
1448 4643 1507 4687 ut
1540 4632 1757 4687 laudem
1805 4644 1991 4704 capta.

417 4729 523 4784 ret,
547 4718 632 4774 vel
666 4727 726 4773 ut
761 4725 1002 4788 aequaret
1024 4717 1162 4773 alios
1195 4719 1290 4774 tali
1318 4722 1469 4792 poesi
1503 4722 1848 4788 nobilitatos,
1887 4725 1992 4781 etsi

417 4809 666 4880 quaedam
701 4822 808 4864 non
851 4807 1082 4879 probata
1123 4807 1293 4875 dicat,
1327 4817 1383 4865 et
1445 4811 1748 4880 probabilia
1779 4822 1990 4868 tantum

415 4901 563 4956 edat.
596 4898 728 4954 Esto
754 4907 957 4965 tamen,
985 4898 1272 4954 veritatem
1332 4901 1566 4970 dixerit;
1599 4911 1657 4958 ut
1705 4905 1853 4960 enim
1883 4921 1992 4960 non

414 5010 716 5065 arguantur
747 4995 890 5066 quod
923 4995 998 5049 ita
1039 4993 1362 5052 alBrmative
1398 4996 1566 5054 locuti
1593 4998 1772 5056 simus
1803 5001 1870 5057 de
1910 5001 1996 5058 his

415 5102 542 5158 qua
573 5101 679 5143 nou
734 5085 1046 5158 oportebat,
1081 5087 1273 5144 demus
1305 5095 1366 5143 ut
1401 5091 1694 5146 mutaverit
1745 5093 1993 5149 musicus

415 5185 642 5234 sanctus
697 5177 1072 5235 Damascenus
1119 5178 1398 5250 propriam
1462 5181 1761 5253 loquelam,
1832 5186 1990 5254 quasi

415 5269 567 5326 vocis
602 5269 1002 5337 dissimulator,
1037 5286 1134 5342 per
1163 5269 1527 5330 imitationem
1559 5292 1664 5331 non
1703 5292 1826 5348 quae
1859 5279 1994 5334 sim-

426 5362 643 5434 pliciter
695 5377 725 5418 a
761 5363 947 5419 multis
995 5373 1284 5421 exercetur
1339 5367 1556 5436 quando
1601 5370 1990 5440 opportunitas

2103 4545 2468 4616 θυραμὸικῶς
2492 4547 2739 4617 ποιῆσαι,
2771 4547 2801 4602 6
2831 4549 2928 4604 καὶ
2953 4551 2982 4604 6
3019 4553 3236 4616 άστ;ἶος
3281 4553 3399 4623 ἅμα
3433 4555 3526 4608 καὶ
3587 4572 3682 4609 σο·

2083 4637 2201 4714 ’φὺς
2263 4637 2557 4709 Θεόκριτος
2603 4641 2867 4713 ἐπέκρινέ
2921 4660 3026 4698 που
3091 4644 3419 4712 μεθοδεῦσαι
3453 4649 3679 4721 χάρινῆ

2099 4728 2697 4802 φιλοτιμίαςῆάπλῶς
2749 4733 3062 4800 ἐξισώσεως
3113 4737 3214 4803 τῆς
3263 4740 3402 4807 πρὸς
3457 4741 3684 4809 ἐτέρους

2098 4820 2528 4890 ἀγλαῖζομένους
2572 4826 2833 4896 ἐποποιΐᾳ
2897 4828 3162 4900 τοιαύτῃ,
3229 4829 3525 4900 ἀμάρτυρα
3579 4834 3684 4902 μὲν

2097 4911 2252 4966 λαλεῖ
2287 4915 2404 4980 καὶ,
2457 4914 2535 4978 th;
2571 4916 2770 4983 εἰπεῖν,
2823 4918 3172 4986 είκοτολογεῐ.
3223 4922 3408 4975 Ἔστω
3440 4922 3498 4974 δὲ
3530 4924 3685 4991 ὅμως

2095 5004 2400 5077 ἀληθεῦων.
2424 5006 2545 5060 Ἵνα
2571 5007 2683 5078 γὰρ
2723 5007 2801 5080 μὴ
2827 5010 3133 5082 πεισμονὴν
3165 5013 3452 5081 περιέπειν
3476 5014 3682 5083 ἐγκλη-

2095 5099 2288 5170 θῶμεν
2324 5098 2412 5169 ἐφ’
2444 5096 2532 5166 οἷς
2567 5101 2670 5155 οὐκ
2697 5103 2884 5175 ἐχρῆν,
2916 5104 3173 5175 διδόαμεν
3204 5105 3434 5173 ἀλλάξαι
3463 5107 3555 5160 καὶ
3589 5107 3686 5160 τὸν

2098 5192 2255 5257 ἆγιον
2284 5192 2653 5263 Δαμασκηνὸν
2718 5193 2986 5266 μελῳδὸν,
3038 5197 3131 5251 τὸν
3181 5199 3386 5251 οἰκεῖον
3443 5196 3685 5267 φθόγγον

2093 5275 2182 5336 οἷα
2215 5283 2312 5338 καί
2343 5299 2469 5338 τινα
2496 5284 2820 5358 φωνόμιμον
2850 5287 2986 5360 πρὸς
3007 5289 3245 5362 μίμησιν
3272 5291 3335 5346 οὐ
3366 5290 3461 5363 τὴν
3493 5291 3686 5356 ἁπλῶς

2097 5373 2252 5442 παρὰ
2291 5376 2408 5440 τοῖς
2433 5376 2654 5442 πολλοῖς
2688 5379 3103 5452 μελετωμένην,
3137 5384 3230 5436 ὅτε
3271 5384 3488 5456 καιρὸς,
3551 5384 3681 5437 οὖδέ

416 5453 671 5521 voluerit,
701 5468 809 5509 non
844 5469 952 5526 qua
977 5455 1179 5525 insigni
1206 5457 1367 5513 modo
1386 5471 1645 5515 narratur
1671 5461 1741 5516 de
1769 5461 1990 5519 heroica

2102 5465 2246 5520 κατὰ
2279 5465 2341 5519 τὺ
2373 5465 2671 5540 ἐξαιρέτως
2705 5471 3071 5545 ίστορημόνην
3103 5474 3236 5544 περί
3265 5453 3410 5539 τινος
3439 5473 3685 5547 ἡρωϊκοῦ

415 5540 651 5615 quadam
677 5556 930 5615 persona,
971 5544 1068 5601 sed
1104 5545 1406 5602 secundum
1447 5551 1810 5620 apostolicam
1838 5551 1986 5608 illam

2099 5556 2421 5627 προσώπου,
2455 5560 2592 5616 ἀλλὰ
2626 5564 2770 5618 κατά
2797 5540 3214 5636 τ-ὴννύπίαὺτοῦ
3265 5540 3680 5641 μεμελισμένην

488 5715 565 5784 (l)
597 5713 670 5771 De
691 5719 976 5786 agnomine
1006 5717 1250 5784 Mansur.
1293 5720 1532 5793 itemque
1564 5723 1633 5782 de
1683 5726 1791 5784 alio
1843 5727 1988 5786 infra
2023 5732 2274 5801 legendo,
2311 5731 2497 5803 Arata.
2526 5738 2759 5798 Allatius
2797 5740 2919 5799 loco
2955 5742 3239 5806 praedicto.
