4050 6426
427 293 532 353 509

1252 297 1336 355 1N
1379 299 1717 362 11ηΝϋιι
1749 298 2398 366 PENTECOSTALEM
2447 309 2912 373 DAMASCENI.

3589 319 3697 380 5ίο

425 405 523 459 άπι
537 403 798 475 στολικὴν
841 405 1225 478 πολύφθογγον
1251 412 1521 480 ἁρμονίαν
1549 412 1820 480 γλωσσῶν
1850 429 1865 445 ο
1917 413 2004 466 ἵνα

2113 414 2422 487 linguarum
2468 421 2812 476 harmoniam
2859 424 2928 479 ab
2959 439 3023 479 eo
3057 423 3346 496 diligenter
3369 433 3691 501 qua-sitam;

427 495 565 564 πρζις
619 496 819 569 τέχνην
857 499 943 571 εἴη
1001 499 1096 554 καὶ
1130 501 1296 567 αὐτὸς
1355 503 1780 576 ποικιλόφωνος,
1815 506 1912 561 καὶ
1949 508 2012 560 ἐκ

427 590 581 654 θείας
607 590 898 654 ἐπιπνοίας
923 592 1336 660 πολύγλωσσος.

501 683 719 747 Τοίνυν,
757 680 803 738 ὦ
841 686 1116 753 ἀγιώτατε
1143 688 1495 760 Δαμααηνέ,
1523 691 1794 762 χρεώστει
1849 695 2013 766 χάρι-

424 793 524 839 τας
556 779 670 841 τοίς
701 779 1119 852 παραρῤἱψασιν
1169 783 1264 838 ἐπὶ
1296 785 1356 838 σέ
1386 787 1517 848 τοὺς
1581 787 1858 851 τοιούτους
1911 806 2014 842 κα-

425 867 604 932 νόνας,
637 870 732 924 καὶ
768 871 1234 944 εἰσποιησάμενος
1261 876 1386 937 τοὺς
1427 875 1628 946 λόγους
1680 879 1906 943 τούτους
1935 881 2011 944 ώς

425 955 514 1013 οἷα
531 961 628 1014 καὶ
659 963 1084 1032 γεννησάμενος⁴
1119 966 1343 1032 αὐτοὺς,
1387 969 1484 1023 καὶ
1541 970 1689 1024 οὕτω
1729 971 2012 1042 πληθύνας

422 1054 597 1108 τέκνα
629 1071 748 1118 σου,
780 1054 931 1120 δέξαι
957 1057 1050 1111 καὶ
1067 1057 1256 1127 τρίτον
1289 1060 1495 1115 κανόνα
1521 1061 1610 1116 τὸν
1636 1065 1717 1126 είς
1752 1065 1814 1117 τὸ
1843 1064 2012 1134 ἀγιώ-

425 1160 590 1199 τατον
616 1145 864 1208 Πνεῦμα.
917 1145 984 1200 ΤΞ
1041 1148 1152 1220 γὰρ
1191 1148 1395 1204 κωλύει
1453 1150 1868 1224 ἐπιγράφεσθαί
1924 1173 2004 1210 σοι

426 1239 522 1290 καὶ
552 1237 714 1290 αύτδν
740 1237 863 1292 κατ⁹
885 1239 1152 1305 ἐκείνους,
1179 1242 1269 1296 ἵνα
1290 1243 1564 1314 πανάριον
1609 1247 1638 1300 ὃ
1691 1248 1809 1301 ἐστι
1858 1247 2007 1319 θὶϐη,

424 1331 458 1402 ἢ
496 1329 738 1400 ἁρκλίον,
779 1335 966 1388 εττουν
991 1335 1281 1402 κιϐώτιον,
1309 1339 1672 1410 χαρισώμεθα
1697 1359 1780 1395 σοι
1808 1343 1887 1412 τῷ
1912 1362 1998 1415 με·

424 1427 577 1496 γάλῳ
621 1425 844 1500 Ἰωάννῃ
880 1428 940 1481 τὸ
974 1428 1197 1499 πόνημα
1224 1430 1406 1494 τοῦτο,
1441 1431 1518 1494 ῶς
1547 1451 1714 1502 φασιν
1750 1437 1801 1488 οί
1855 1437 2010 1506 ἰδμο-

424 1535 538 1584 νες,
578 1519 830 1574 Ἰωάννου
881 1519 1132 1590 Ἀρκλᾶς
1167 1521 1292 1576 οὐδὲ
1333 1526 1534 1594 σεμνδν
1581 1525 1717 1594 γοῦν
1745 1545 1798 1580 τι
1850 1529 2010 1582 αὐτοὶ

424 1612 600 1681 δνομα
632 1613 986 1684 χαριζόμενοι
1013 1614 1093 1686 τῷ
1123 1618 1219 1670 καὶ
1247 1616 1527 1685 φιλοπόνῳ
1553 1620 1752 1691 ἐκείνῳ
1785 1623 1882 1676 καὶ
1915 1641 2010 1691 με-

422 1704 725 1776 γαλοφώνῳ
753 1707 1035 1778 φιλοσόφῳ
1073 1708 1230 1780 ἀνδρί
1263 1725 1278 1741 ο
1323 1710 1420 1775 οὓς
1479 1711 1591 1780 ἐγὼ
1643 1713 1809 1782 μισῶ,
1863 1715 2006 1771 καθὰ

422 1800 519 1853 καὶ
548 1798 749 1872 ἄλλους,
777 1799 828 1855 οἶ
890 1801 984 1854 καί
1026 1819 1151 1856 τινα
1204 1803 1370 1872 σοφὸν
1413 1805 1736 1860 διδάσκαλον
1782 1807 2009 1861 παλαιὴν

423 1892 652 1955 πολλοὺς
679 1893 771 1947 καὶ
791 1893 1075 1966 πολλαχῶς
1113 1896 1172 1950 ἐν
1206 1896 1389 1966 λόγοις
1417 1897 1855 1968 όμματώσαντα,
1911 1919 2010 1970 φε-

426 1985 646 2056 ρόμενοι
681 1984 862 2057 φθόνῳ
895 1985 1266 2058 Χοιροδοσκὸν
1314 1990 1681 2060 ἐπωνόμασαν
1716 2007 1732 2022 °
1797 1993 1898 2048 οὐκ
1944 1995 2013 2049 ἂν

420 2077 634 2131 ἐκεῖνον
653 2075 829 2141 οὕτως
861 2077 1058 2130 ἐαυτὸν
1104 2078 1392 2144 δηλοῦντα,
1427 2079 1515 2132 ὅτε
1556 2079 1770 2150 γράφον
1803 2083 2012 2153 ἐχαρα-

422 2167 650 2239 κτήριζε
677 2169 746 2224 τὰ
774 2170 954 2224 οἰκεῖα
981 2185 994 2200 '
1045 2169 1372 2241 κακώνυμοι
1399 2171 1597 2243 ἄνδρες
1619 2175 1826 2228 ἐκεῖνοι
1854 2175 2012 2229 οὐδὲν

417 2257 584 2334 ἦττον
608 2262 753 2333 ἤπερ
784 2262 834 2316 οἱ
865 2262 1006 2316 κατά
1029 2261 1128 2334 τὴν
1151 2263 1602 2335 μασσαλιωτικὴν
1636 2264 1806 2320 πίσαν
1841 2268 2011 2322 Λατῖ-

420 2372 524 2416 νοι,
557 2355 690 2426 παρ’
738 2349 820 2416 οἷς
849 2354 1140 2427 τεθέληται
1163 2357 1425 2421 ἀναιτίως
1456 2355 1602 2412 οὔτω
1628 2359 1724 2413 καὶ
1753 2360 1834 2423 είς
1856 2359 2010 2414 οὐδὲν

423 2446 542 2502 δέον
564 2447 877 2518 δυσφημεῖν
917 2447 1045 2511 τοὺς
1097 2449 1401 2518 ἐγχωρίους
1439 2451 1713 2511 ἐπιθέτοις
1754 2451 2008 2523 ὀνόμασι.

423 2539 530 2594 Tbv
561 2540 663 2610 μὲν
701 2540 810 2611 γὰρ
837 2539 1055 2602 σκύλον.
1083 2541 1174 2595 τὸν
1212 2542 1268 2595 δὲ
1294 2541 1553 2611 σκλάόον,
1598 2545 1690 2597 τὸν
1734 2544 1792 2598 δέ
1827 2546 2012 2614 παγά-

422 2645 536 2695 νον,
577 2630 610 2700 ἢ
637 2630 1069 2699 ἐπονομάζουσιν
1099 2629 1135 2700 ἢ
1167 2629 1435 2684 καλοῦσιν
1468 2647 1484 2664 ο
1514 2631 1590 2695 ὡς
1643 2632 1866 2702 αἱρετὸν
1925 2629 2007 2688 εἴ·

421 2738 533 2788 ναι,
569 2721 856 2792 ἀνώνυμον
882 2721 1015 2792 παρ’
1041 2722 1274 2786 ἐκείνοις
1303 2717 1445 2776 εῐναί
1474 2741 1620 2790 τινα,
1667 2722 1696 2777 ὃ
1725 2725 1840 2788 τοῖς
1873 2724 2012 2794 ψυλ-

421 2813 536 2877 λοτς
565 2811 647 2885 τῷ
680 2813 824 2868 ἔθνει
854 2813 1329 2885 ἐπισυμδέὸηκεν,
1369 2815 1404 2886 ἢ
1434 2813 1613 2880 οὕτως
1639 2817 1854 2887 ἀτίμως
1887 2817 2009 2871 bvo-

427 2907 657 2978 μαστὸν,
706 2906 888 2977 χρόνῳ
950 2906 1008 2960 δέ
1064 2923 1195 2961 ποτε
1229 2907 1428 2977 μακρῷ
1463 2913 1558 2962 καὶ
1603 2908 1954 2980 περιώνυμον
1987 2927 2005 2944 ο

421 3000 565 3054 ἀλλά
593 3002 754 3054 τοῦτο
785 3000 886 3069 μὲν
930 2999 1176 3055 τοιοῦτον
1222 2999 1298 3063 ὡς
1331 3001 1390 3054 ἐν
1424 3002 1791 3072 παρεκϐάσει.
1848 3003 2006 3058 Ὅσοι

2119 522 2178 564 ιιι
2213 525 2308 579 per
2339 523 2514 566 artem
2563 524 2709 569 esset
2743 523 2798 570 et
2833 515 2952 585 ipse
2993 519 3275 571 Vztrinrnm
3318 535 3513 575 νιιιοιιιιι
3544 533 3598 575 ct
3625 539 3694 577 ex

2113 602 2299 658 divina
2331 603 2698 674 inspiratione
2727 608 3024 662 multarum
3050 609 3357 680 linguarum
3393 614 3618 680 peritus.

2193 694 2352 751 Nunc
2410 712 2562 767 ergo,
2609 711 2644 753 ο
2704 700 3051 755 sanctissime
3093 702 3448 768 Damascenc,
3491 707 3694 774 gratias

2113 804 2213 858 age
2249 789 2333 844 hls
2371 793 2464 859 qui
2513 789 2566 843 in
2603 799 2654 844 te
2691 791 2792 847 hos
2832 806 3072 847 canones
3122 792 3444 860 iniecerunt,
3476 809 3530 848 et
3569 811 3723 850 cum‘

2114 880 2312 938 feceris
2335 898 2622 938 sermones
2648 885 2792 948 illos,
2821 895 2881 938 ut
2915 886 3152 947 videtur.
3193 895 3249 940 et
3279 888 3536 953 genueris
3571 901 3693 954 eos,

2113 985 2160 1026 et
2201 974 2282 1026 sic
2338 974 2793 1042 multiplicaveris
2833 975 2998 1032 {cetus
3049 987 3196 1038 tuos.
3231 979 3420 1046 accipe
3469 987 3525 1033 et
3585 987 3697 1034 ter-

2115 1065 2247 1118 tium
2294 1079 2562 1120 curionem
2627 1066 2680 1120 in
2741 1067 3004 1138 Spiritum
3063 1078 3342 1124 sanctum.
3373 1069 3515 1135 Quid
3547 1069 3692 1124 enim

2112 1163 2261 1210 vetat
2308 1158 2440 1226 quin
2509 1157 2818 1212 ascribatur
2882 1159 2976 1212 tibi
3042 1169 3097 1214 et
3149 1163 3254 1215 iste
3297 1177 3421 1215 cum
3457 1161 3597 1225 aliis,
3637 1170 3696 1214 nt

2112 1247 2416 1301 canistrum
2450 1247 2575 1308 hoc.
2611 1247 2667 1302 id
2693 1260 2775 1304 est
2807 1249 3105 1315 calathum,
3129 1250 3212 1304 vel
3263 1252 3556 1320 cephiuuru
3611 1253 3694 1305 vel

2112 1348 2353 1407 sporlam
2407 1340 2714 1396 tribuamus
2769 1340 2906 1406 tibi,
2963 1355 3138 1411 Opus,
3197 1351 3257 1397 ut
3301 1346 3491 1409 aiunt,
3545 1343 3692 1398 doeti

2110 1427 2340 1484 Joannis
2377 1429 2582 1485 Arcla?
2631 1429 2745 1485 Nec
2790 1431 3084 1486 honestum
3141 1434 3218 1486 illi
3275 1450 3472 1489 nomen
3514 1434 3692 1506 impo-

2113 1534 2310 1578 nentes
2338 1522 2572 1590 impigro
2621 1522 2753 1577 huic
2805 1532 2859 1577 et
2909 1525 3276 1595 grandiloquo
3330 1526 3692 1596 philosopho;

2111 1630 2249 1684 quos
2276 1629 2377 1684 ego
2398 1613 2509 1678 odi,
2539 1614 2684 1670 sicut
2711 1623 2766 1668 et
2788 1615 2926 1670 alios
2949 1617 3042 1684 qui
3068 1617 3356 1687 antiquum
3383 1627 3441 1673 et
3468 1618 3691 1672 doctum

2115 1707 2483 1777 magistrum,
2535 1707 2692 1775 cujus
2754 1708 3026 1764 doctrinis
3069 1709 3226 1764 multi
3295 1717 3350 1766 et
3412 1711 3691 1764 multmies

2112 1797 2309 1852 oculati
2346 1796 2472 1852 far-ti
2507 1805 2654 1865 sunt,
2685 1798 2886 1853 invidia
2919 1807 3195 1856 tumentes
3247 1801 3686 1857 Clueroboscum

2113 1890 2678 1961 euguominaverunt;
2725 1907 2832 1946 non
2871 1894 3016 1960 quod
3071 1894 3162 1949 ille
3191 1894 3272 1950 sic
3304 1896 3545 1961 seipsunt
3581 1909 3695 1948 Ina-

2114 1980 2481 2045 nil'cstavcrit,
2525 1983 2747 2050 quando
2806 1983 3058 2038 scribens
3107 1985 3326 2054 propria
3379 1985 3445 2039 ad
3509 1986 3688 2039 virum

2111 2072 2490 2141 exprimebat;
2539 2071 2733 2128 famosi
2799 2074 2852 2127 hi
2912 2073 3014 2128 viri
3093 2075 3169 2130 nil
3224 2076 3406 2130 minus
3461 2087 3690 2146 egerunt

2111 2179 2303 2234 quam,
2353 2165 2510 2236 juxta
2557 2164 2981 2221 Massiliensium
3048 2165 3246 2232 ﬁdem,
3303 2165 3483 2222 Latini
3547 2166 3691 2236 apud

2111 2273 2254 2326 quos
2288 2259 2499 2328 absque
2551 2257 2664 2312 ulla
2698 2273 2863 2315 causa
2915 2267 2969 2314 et
3015 2259 3372 2322 necessitate,
3409 2259 3692 2328 indigenas

2110 2350 2383 2421 appositis
2417 2351 2737 2406 nominibus
2799 2351 2880 2407 sic
2936 2351 3126 2407 odiose
3180 2367 3378 2407 vocare
3429 2367 3549 2408 mos
3609 2361 3695 2405 cst

2110 2442 2281 2497 alium
2312 2456 2581 2513 pannum,
2621 2443 2791 2498 alium
2826 2442 3167 2506 sclavoncm,
3207 2443 3375 2496 alium
3421 2457 3689 2513 paganum

2110 2534 2540 2604 cognominant;
2581 2535 2739 2606 quasi
2767 2536 3069 2606 optandum
3094 2537 3166 2592 sit
3198 2537 3346 2590 inter
3375 2551 3470 2590 eos
3516 2535 3684 2604 ignoti

2110 2629 2352 2686 nominis
2403 2645 2528 2686 esse
2575 2629 2835 2701 aliquem,
2888 2634 3033 2702 quod
3075 2629 3220 2701 plebi
3252 2645 3380 2686 cum
3422 2629 3693 2700 pulicibus

2110 2724 2418 2796 contingit;
2448 2723 2530 2780 vel
2555 2725 2638 2781 sic
2670 2725 2814 2780 Rede
2846 2724 3122 2780 nominari
3155 2723 3432 2780 hominem
3465 2725 3632 2779 etiam
3661 2739 3690 2776 a

2110 2819 2288 2873 multo
2339 2829 2584 2888 tempore
2618 2817 2884 2872 nobilem.
2927 2816 3034 2874 Sed
3100 2817 3204 2872 hoc
3236 2817 3455 2885 quidem
3496 2815 3555 2872 in
3613 2817 3696 2870 di—

2108 2911 2424 2981 gressione;
2451 2911 2546 2981 qui
2581 2920 2763 2965 autem
2794 2909 3233 2965 Chmroboscum
3263 2909 3536 2963 hominem
3565 2909 3695 2964 talis

2109 3002 2374 3059 doctrinae.
2391 3001 2648 3067 irrident,
2673 3001 2775 3057 sub
2796 3001 2985 3056 suario
3011 3000 3209 3071 degant
3230 3015 3248 3066 ;
3270 3010 3326 3055 et
3353 3000 3446 3070 qui
3468 2999 3688 3053 Arclam

418 3092 475 3148 δὲ
504 3093 876 3165 Χοιροδοσκδν
910 3095 1004 3150 τὸν
1032 3096 1135 3167 τὴν
1159 3095 1455 3167 λογιότητα
1485 3094 1743 3149 τοσοῦτον
1803 3095 2007 3150 σιλλαί-

2112 3096 2432 3167 loquuntur,
2477 3094 2572 3150 tali
2602 3092 2888 3150 domicilio
2918 3092 3068 3161 digni
3100 3099 3310 3156 essent,
3338 3091 3387 3145 si
3421 3089 3690 3157 ﬁngentes

419 3203 628 3254 νουσιν,
670 3184 781 3241 εῐεν
809 3187 919 3242 ὑπὸ
941 3189 1164 3278 συϐώτῃ
1195 3189 1462 3259 ἀγόμενοι
1493 3201 1508 3216 ⁸
1535 3187 1710 3278 καὶᾳοί
1734 3188 1830 3242 τόν
1870 3189 2000 3260 Ἀρ-

419 3278 554 3334 κλᾶν
579 3279 638 3334 δὲ
666 3278 982 3347 λαλοῦντες,
1007 3275 1296 3354 ἀποθήκης
1315 3281 1572 3352 τοιαύτης
1615 3275 1731 3336 εἶεν
1763 3283 2000 3348 ἐπάξιοι,

419 3371 518 3424 ἐὰν
536 3371 897 3438 πλαττόμενοι
927 3371 1154 3428 τοιαῦτα
1176 3375 1563 3443 ἐπιγράφωσιν
1593 3373 1821 3444 ἀνδράσι
1849 3391 2006 3445 περι-

421 3463 661 3534 ωνύμοις
690 3481 705 3494 ·
730 3465 829 3519 καὶ
853 3464 955 3518 οὐκ
975 3465 1309 3538 ἀπαγορεύω
1324 3469 1378 3531 ἐς
1399 3466 1461 3520 τὸ
1483 3468 1594 3522 πᾶν
1611 3467 1780 3540 ἄνδρα
1816 3467 2002 3522 θετέον

418 3557 648 3624 ἐκεῖνον,
672 3559 742 3613 τά
774 3576 831 3611 τε
860 3559 997 3614 ἄλλα
1019 3561 1185 3629 σοφὸν
1215 3559 1313 3614 καὶ
1337 3561 1604 3630 μουσικὸν
1629 3560 2000 3630 ἐπιστήμονα,

419 3649 744 3719 προθέσθαι,
779 3649 876 3703 καὶ
906 3649 1083 3714 οὕτως
1116 3648 1463 3721 ἁρμόσασθαι
1489 3651 1618 3714 τοὺς
1681 3648 1858 3712 θείους
1892 3647 2000 3718 ὗμ-

417 3757 546 3806 νους
577 3741 717 3812 πρὸς
747 3741 950 3812 μέτρον
986 3739 1137 3810 ζήλῳ
1165 3740 1415 3813 ἐλλόγῳ·
1459 3740 1582 3796 ἐπεί
1623 3757 1711 3796 τοι
1767 3740 2000 3806 πολλοὺς

2112 3189 2245 3244 talia
2283 3185 2564 3243 nobilibus
2599 3185 2879 3241 ascribant
2907 3184 3059 3239 viris.
3095 3181 3209 3238 Nec
3240 3182 3366 3238 dico
3411 3182 3689 3236 hominem

2111 3278 2260 3334 omni
2296 3277 2457 3332 laude
2501 3277 2748 3348 dignum,
2793 3284 2851 3331 et
2903 3275 2970 3328 lle
3019 3282 3220 3328 caetero
3269 3272 3600 3342 sapientem,
3635 3282 3694 3325 et

2111 3372 2351 3442 peritum
2406 3370 2704 3433 musicum,
2749 3371 2801 3424 in
2861 3369 3138 3440 publicum
3185 3367 3446 3430 edidisse,
3499 3374 3552 3420 et
3609 3365 3691 3421 sic

2110 3451 2367 3533 prudenti
2391 3462 2508 3516 zelo
2534 3462 2786 3518 versibus
2807 3462 3152 3518 conclusisse
3172 3459 3388 3514 divinos
3415 3459 3646 3529 hymnos
3667 3469 3685 3509 ι

2111 3555 2318 3610 multos
2361 3554 2510 3609 enim
2557 3555 2812 3610 novimus
2858 3554 2991 3610 tales
3045 3563 3102 3610 et
3152 3553 3208 3606 in
3251 3550 3494 3620 antiquis
3523 3556 3577 3604 et
3633 3547 3688 3602 in

2108 3647 2544 3712 recentioribus,
2585 3648 2678 3717 qui
2714 3646 2856 3703 falso
2895 3645 3001 3702 sibi
3043 3643 3306 3701 attributa
3355 3640 3692 3712 respuebant

2108 3737 2337 3808 scripta.

417 3835 640 3905 οίδαμεν
669 3835 767 3890 καὶ
800 3835 1081 3899 τοιούτους
1108 3834 1167 3888 ιν
1195 3852 1256 3888 τε
1318 3837 1433 3898 τοῖς
1490 3835 1855 3899 παλαιτάτοις
1899 3833 1996 3888 καὶ
2033 3832 2094 3888 ἐν
2127 3835 2242 3899 τοῖς
2292 3831 2420 3889 καθ’
2456 3833 2630 3905 ἡμᾶς,
2696 3833 2748 3888 οι
2803 3831 2874 3888 τὰ
2939 3827 3194 3904 γραφικά
3271 3827 3689 3902 μετατιθέμενοι

417 3929 831 4000 ἐξηλλάττοντο.

505 4021 568 4078 '0
601 4019 732 4091 γοῦν
760 4022 820 4074 ἐν
855 4019 1035 4089 ἁγίοις
1071 4022 1422 4094 πατριάρχης
1471 4021 1720 4092 ἀοίδιμος
1759 4022 1999 4090 Λουκᾶς,

2181 4021 2421 4077 Sanctus
2443 4018 2613 4089 igitur
2641 4025 2697 4073 et
2725 4017 2929 4074 nobilis
2985 4017 3297 4087 patriarcha
3352 4017 3532 4074 Lucas
3585 4018 3678 4088 qui

418 4112 480 4178 ὃς
526 4111 762 4182 νεφέλην
798 4112 1010 4184 χρυσῆν
1043 4112 1368 4183 εὐεργεσίας
1422 4115 1558 4184 ἡμῖν
1604 4113 1853 4184 ἔϐρεξεν,
1913 4114 2004 4168 ὅτε

2111 4127 2335 4168 aureum
2373 4111 2533 4166 nobis
2561 4109 2932 4165 beneﬁcentia:
2956 4123 3136 4164 rorem
3169 4107 3514 4165 infuditdum
3547 4111 3686 4165 inter

418 4199 566 4276 ἦμεν
586 4207 646 4261 ἐν
673 4205 947 4268 διακόνοις
973 4202 1284 4269 τελοῦντες,
1304 4205 1688 4276 ἐντετυχηκὼς
1724 4204 1998 4275 ποιήματι

2111 4205 2367 4261 diaconos
2398 4217 2768 4269 versaremur,
2797 4215 3103 4258 occurrens
3164 4200 3406 4272 poemati
3455 4200 3687 4256 Araneze

420 4296 699 4370 ’Δράχνης
735 4296 1071 4366 θαυμαστῶς
1115 4297 1262 4351 κατά
1291 4296 1603 4361 ἐποποιῖαν,
1634 4297 1773 4370 ὅπερ
1814 4301 1873 4352 ἐν
1905 4299 2006 4350 ἀσ-

2111 4296 2288 4367 quoad
2327 4295 2536 4365 poesim
2571 4293 2912 4359 admirabili,
2943 4291 3091 4364 quod
3119 4307 3284 4364 super
3311 4293 3568 4365 clypeum
3604 4293 3690 4345 iu-

423 4391 537 4444 πίδι
566 4393 669 4458 μὲν
703 4390 1041 4458 ἐγέγραπτο,
1056 4387 1307 4442 ἀνέκειτο
1332 4387 1391 4442 δὲ
1415 4388 1496 4453 είς
1527 4386 1716 4458 θαῦμα
1733 4387 1866 4461 περί
1895 4407 2000 4444 που

2111 4389 2369 4459 scriptum
2421 4394 2563 4453 erat,
2610 4383 2832 4454 iacebat
2878 4391 3061 4441 autem
3115 4384 3174 4440 in
3218 4385 3470 4442 interiori
3533 4397 3688 4456 parte

421 4485 492 4538 τὰ
518 4483 671 4548 ἐντὸς
697 4481 794 4536 τοῦ
831 4481 1071 4551 μεγάλου
1095 4481 1539 4553 φροντιστηρίου,
1583 4481 1727 4554 ὅπερ
1742 4482 1999 4552 ἐδείματο
2027 4519 2030 4527 ι

2111 4479 2285 4549 niagui
2319 4477 2638 4534 monasterii
2669 4477 2814 4546 quod
2848 4485 3198 4532 exstnixerat
3227 4477 3456 4535 Studius
3489 4478 3690 4534 Roma-

423 4577 720 4638 Στούδιοςό
764 4575 1060 4645 Ῥωμαῖος,
1095 4573 1324 4645 ἐποίησέ
1357 4590 1412 4628 τι
1443 4575 1538 4628 καὶ
1583 4575 1750 4640 αὐτὸς
1789 4575 2001 4646 ὅμοιον,

2111 4587 2236 4635 nus.
2279 4569 2412 4627 lecit
2439 4579 2493 4628 et
2528 4571 2647 4642 ipse
2679 4570 2858 4627 simile
2882 4569 3112 4642 aliquid.
3130 4571 3236 4627 etsi
3267 4573 3452 4642 specie
3485 4572 3685 4642 impar,

422 4668 473 4720 εί
504 4668 706 4738 καὶομὴ
737 4666 882 4718 πάνυ
913 4666 973 4718 ἐν
991 4663 1110 4736 χρῷ
1137 4667 1278 4735 πρὸς
1302 4663 1611 4734 ἐγγύτητα’
1630 4661 1700 4739 ἦν
1734 4667 1844 4736 γὰρ
1869 4667 2004 4737 ἀληο

2111 4677 2231 4718 vere
2259 4666 2406 4718 enim
2437 4660 2767 4718 inimitabile
2797 4671 2917 4717 erat
2955 4671 3114 4718 vetus
3160 4661 3334 4732 illud;
3366 4677 3468 4718 nec
3497 4663 3687 4732 aliquo

424 4757 534 4822 θῶς
564 4760 744 4812 ἐκεῖνο
769 4759 830 4812 τὸ
858 4757 1090 4814 παλαιὸν
1119 4757 1400 4828 ἀμίμητον
1423 4772 1436 4787 °
1470 4754 1535 4811 ού
1576 4774 1631 4812 τι
1651 4775 1756 4812 που
1791 4758 2006 4823 παίζων

2111 4759 2267 4813 modo
2298 4758 2535 4816 irridens
2593 4767 2818 4815 sanctus
2861 4773 3053 4822 senex,
3107 4757 3202 4814 sed
3269 4766 3329 4812 ut
3380 4759 3686 4829 splritualis

422 4849 676 4920 οὐδαμῶς
702 4850 829 4905 οὐδὲ
856 4852 886 4904 ό
918 4849 1075 4918 ἅγιος
1108 4850 1292 4920 γέρων
1326 4853 1552 4915 ἐκεῖνος,
1616 4851 1754 4906 ἀλλά
1807 4851 1867 4906 ἐν
1927 4852 2007 4923 τῷ

2111 4852 2514 4908 contentionem
2539 4852 2744 4908 laboris
2769 4851 3068 4918 relaxaret,
3101 4850 3347 4921 quietem
3375 4851 3508 4906 fecit
3537 4850 3687 4906 labo-

424 4941 591 5012 χάσαι
622 4940 687 4995 τὸ
714 4940 971 4997 σύντονον
1007 4943 1104 4996 τοῦ
1139 4943 1528 5014 πνευματικῶς
1561 4942 1770 5008 ἀθλεῖν,
1818 4944 2004 4998 ποιού-

2111 4958 2244 5007 rem,
2285 4952 2343 4997 et
2363 4945 2536 4998 otium
2563 4944 2750 4998 suavis
2780 4941 3062 5011 negotium
3090 4941 3218 4996 boni
3245 4941 3369 5008 ;cui
3398 4941 3686 4998 adhaerens

426 5049 586 5102 μενος
637 5033 735 5088 καὶ
781 5033 884 5105 τὴν
916 5032 1101 5088 ἄδειαν
1160 5033 1343 5106 ἔργον,
1376 5036 1472 5089 καὶ
1521 5034 1624 5106 τὴν
1685 5036 2006 5088 ἀνάπαυλαν

2111 5035 2343 5106 quisque
2395 5035 2571 5105 possit
2594 5033 2779 5090 dicere
2811 5049 2918 5089 non
2939 5033 3014 5090 ita
3049 5033 3466 5091 malum.Anzea
3496 5043 3680 5090 autem

427 5127 666 5197 σπουδήν
710 5142 852 5189 τινα,
913 5125 1010 5180 καὶ
1067 5126 1167 5197 τὴν
1195 5126 1385 5182 ἄνεσιν
1439 5125 1657 5180 ἐντασιν
1715 5127 1798 5189 είς
1829 5125 2003 5194 γλυκὺ

2111 5129 2342 5185 vidimus
2380 5126 2750 5183 methodicum
2803 5141 2944 5197 cpus
2997 5133 3282 5182 exaratum
3316 5125 3540 5197 quando
3575 5124 3685 5182 Bo-

423 5219 634 5287 ἀγαθόν
663 5235 680 5251 ο
712 5213 758 5286 ᾧ
788 5235 876 5281 τις
895 5220 1294 5290 προσανασχὼν
1327 5218 1442 5289 ἔχοι
1471 5219 1540 5273 ἂν
1565 5217 1767 5288 λέγειν,
1795 5217 1874 5282 ώς
1894 5219 2004 5273 οὐδ’

2111 5235 2329 5276 manum
2362 5227 2640 5292 sceptrum
2674 5221 2929 5290 portabat
2953 5217 3180 5274 Alexius
3218 5216 3557 5283 Comnenus,
3580 5235 3678 5273 cu-

424 5310 569 5365 οὕτω
603 5310 806 5374 κακῶς.
841 5310 954 5383 Πρὸ
981 5310 1040 5364 δὲ
1069 5311 1282 5364 ἐκείνου
1318 5309 1544 5381 οἴδαμεν
1589 5311 1754 5381 ἔργον
1786 5311 2006 5379 λογικὸν

2111 5313 2191 5381 ius
2213 5315 2399 5385 operis
2427 5328 2634 5384 scopus
2661 5321 2720 5368 et
2753 5311 2878 5368 ﬁnis
2927 5319 3050 5367 erat
3109 5311 3359 5368 heroicus
3399 5311 3677 5368 deducere

424 5405 660 5473 πονηθὲν
689 5403 780 5458 ὅτε
833 5403 894 5457 τὸ
934 5402 1249 5472 Ῥωμαϊκὸν
1301 5403 1585 5474 σκῆπτρον
1625 5403 1806 5474 ὤρθου
1837 5406 1866 5456 ό
1899 5405 2005 5456 Κο-

427 5495 629 5564 μνηνὸς
671 5495 928 5563 Ἀλέξιος,
960 5495 1021 5550 οῦ
1048 5494 1141 5549 τοῦ
1172 5495 1334 5567 ἔργου
1367 5497 1566 5560 σκοπὸς
1596 5497 1712 5564 ἅμα
1745 5497 1840 5552 καὶ
1867 5499 2005 5551 dno-

422 5583 686 5656 τέλεσμα,
719 5586 938 5656 στίχους
961 5587 1238 5656 ήρωῖκνὺς
1254 5586 1530 5649 ἐκθέσθαι,
1557 5588 2004 5658 κορυφουμένους

428 5674 530 5745 μιν
554 5675 635 5738 είς
660 5676 826 5730 ποσὸν
856 5676 918 5730 τὸ
959 5675 1150 5731 δοκοῦν
1207 5679 1275 5748 τῇ
1334 5677 1456 5732 κατ’
1504 5679 1751 5744 ἐκείνους
1787 5681 2000 5752 μούσῃ·

423 5766 828 5838 ἀριθμούμενον
859 5767 915 5822 δὲ
949 5767 1181 5823 ἕκαστον
1216 5769 1542 5841 γράμμασιν
1575 5771 1733 5837 ίσοις,
1773 5770 1847 5836 ὡς
1868 5771 2004 5844 μηδὲ

2109 5419 2322 5470 versus,
2345 5403 2669 5460 terminatos
2697 5402 2752 5458 in
2777 5401 3091 5471 quantitate
3121 5403 3272 5473 poesi
3297 5403 3518 5463 illorum
3549 5416 3682 5458 con-

2103 5495 2342 5566 gruenti,
2373 5506 2723 5551 numeratum
2750 5503 2933 5550 autem
2993 5509 3447 5566 unumquemque
3481 5495 3682 5552 litteris

2105 5587 2351 5655 paribus,
2377 5587 2449 5641 ita
2505 5594 2565 5641 ut
2624 5602 2801 5658 neque
2829 5601 2971 5642 unus
2995 5585 3236 5642 vicinum
3265 5588 3576 5648 excederet,
3599 5585 3682 5641 vel

2108 5695 2215 5735 una
2235 5679 2438 5746 littera,
2468 5687 2525 5735 et
2543 5689 2702 5734 erant
2736 5678 2932 5735 littera
2983 5691 3178 5734 omnes
3201 5685 3576 5734 concatenata:
3606 5676 3680 5731 ita

2111 5781 2169 5828 ut
2204 5769 2493 5829 manifesta
2521 5779 2666 5828 esset
2702 5784 2892 5827 carum
2945 5767 3232 5842 aqualitas
3267 5788 3282 5836 ;
3336 5777 3391 5826 ct
3449 5767 3681 5823 latitudo
