  <div class='ocr_page' id='page_1' title='image "/cluster/home/n/w/nwhite01/storage/ocr_20150623/136/coo.31924054870419/261.png"; bbox 0 0 4050 6442; ppageno 0'>
   <div class='ocr_carea' id='block_1_1' title="bbox 338 320 437 385">
    <p class='ocr_par' dir='ltr' id='par_1_1' title="bbox 338 320 437 385">
     <span class='ocr_line' id='line_1_1' title="bbox 338 320 437 385; baseline 0 -2"><span class='ocrx_word' id='word_1_1' title='bbox 338 320 437 385; x_wconf 74' lang='grc'><strong>511</strong></span> 
     </span>
    </p>
   </div>
   <div class='ocr_carea' id='block_1_2' title="bbox 1046 316 2865 382">
    <p class='ocr_par' dir='ltr' id='par_1_2' title="bbox 1046 316 2865 382">
     <span class='ocr_line' id='line_1_2' title="bbox 1046 316 2865 382; baseline -0.004 0"><span class='ocrx_word' id='word_1_2' title='bbox 1046 317 1470 382; x_wconf 83' lang='lat' dir='ltr'><strong>EUSTATHI]</strong></span> <span class='ocrx_word' id='word_1_3' title='bbox 1502 316 2259 379; x_wconf 85' lang='lat' dir='ltr'><strong>THESSALONICENSIS</strong></span> <span class='ocrx_word' id='word_1_4' title='bbox 2299 316 2865 379; x_wconf 64' lang='lat' dir='ltr'><strong>METROPOLI&#39;TzE</strong></span> 
     </span>
    </p>
   </div>
   <div class='ocr_carea' id='block_1_3' title="bbox 3477 322 3581 385">
    <p class='ocr_par' dir='ltr' id='par_1_3' title="bbox 3477 322 3581 385">
     <span class='ocr_line' id='line_1_3' title="bbox 3477 322 3581 385; baseline 0.019 -3"><span class='ocrx_word' id='word_1_5' title='bbox 3477 322 3581 385; x_wconf 74' lang='lat'><strong>51?.</strong></span> 
     </span>
    </p>
   </div>
   <div class='ocr_carea' id='block_1_4' title="bbox 329 434 1918 509">
    <p class='ocr_par' dir='ltr' id='par_1_4' title="bbox 329 434 1907 509">
     <span class='ocr_line' id='line_1_4' title="bbox 329 434 1907 509; baseline -0.001 -17"><span class='ocrx_word' id='word_1_6' title='bbox 329 440 551 509; x_wconf 85' lang='lat' dir='ltr'><strong>quidem</strong></span> <span class='ocrx_word' id='word_1_7' title='bbox 584 438 851 508; x_wconf 85' lang='lat' dir='ltr'><strong>poematis</strong></span> <span class='ocrx_word' id='word_1_8' title='bbox 880 437 1042 495; x_wconf 88' lang='lat' dir='ltr'><strong>istius</strong></span> <span class='ocrx_word' id='word_1_9' title='bbox 1077 439 1382 494; x_wconf 76' lang='lat' dir='ltr'><strong>sententias</strong></span> <span class='ocrx_word' id='word_1_10' title='bbox 1428 436 1701 493; x_wconf 73' lang='lat' dir='ltr'><strong>referebat</strong></span> <span class='ocrx_word' id='word_1_11' title='bbox 1723 434 1907 491; x_wconf 82' lang='lat' dir='ltr'><strong>laudis</strong></span> 
     </span>
    </p>
   </div>
   <div class='ocr_carea' id='block_1_5' title="bbox 2022 434 3587 509">
    <p class='ocr_par' dir='ltr' id='par_1_5' title="bbox 2022 435 3587 506">
     <span class='ocr_line' id='line_1_5' title="bbox 2022 435 3587 506; baseline 0 -16"><span class='ocrx_word' id='word_1_12' title='bbox 2022 437 2071 490; x_wconf 75' lang='grc' dir='ltr'>ἓν</span> <span class='ocrx_word' id='word_1_13' title='bbox 2102 437 2232 501; x_wconf 74' lang='grc' dir='ltr'>ἔπος</span> <span class='ocrx_word' id='word_1_14' title='bbox 2261 436 2591 506; x_wconf 77' lang='grc' dir='ltr'>ὑπερπαίειν</span> <span class='ocrx_word' id='word_1_15' title='bbox 2618 435 2679 489; x_wconf 85' lang='grc' dir='ltr'><strong>τὺ</strong></span> <span class='ocrx_word' id='word_1_16' title='bbox 2712 435 2999 505; x_wconf 78' lang='grc' dir='ltr'>προσεχὲς,</span> <span class='ocrx_word' id='word_1_17' title='bbox 3026 435 3146 489; x_wconf 79' lang='grc' dir='ltr'>οὐδὲ</span> <span class='ocrx_word' id='word_1_18' title='bbox 3177 435 3305 503; x_wconf 83' lang='grc' dir='ltr'>γοῦν</span> <span class='ocrx_word' id='word_1_19' title='bbox 3334 436 3414 491; x_wconf 78' lang='grc' dir='ltr'><strong>ἑνὶ</strong></span> <span class='ocrx_word' id='word_1_20' title='bbox 3446 455 3587 491; x_wconf 86' lang='grc' dir='ltr'>στοι-</span> 
     </span>
    </p>
   </div>
   <div class='ocr_carea' id='block_1_6' title="bbox 326 529 1908 602">
    <p class='ocr_par' dir='ltr' id='par_1_6' title="bbox 326 529 1908 602">
     <span class='ocr_line' id='line_1_6' title="bbox 326 529 1908 602; baseline -0.003 -15"><span class='ocrx_word' id='word_1_21' title='bbox 326 533 515 602; x_wconf 82' lang='lat' dir='ltr'><strong>plenas</strong></span> <span class='ocrx_word' id='word_1_22' title='bbox 546 532 928 600; x_wconf 56' lang='lat' dir='ltr'><strong>imperatoriae.</strong></span> <span class='ocrx_word' id='word_1_23' title='bbox 955 529 1058 596; x_wconf 85' lang='lat' dir='ltr'><strong>Qui</strong></span> <span class='ocrx_word' id='word_1_24' title='bbox 1102 546 1230 585; x_wconf 90' lang='lat' dir='ltr'><strong>vero</strong></span> <span class='ocrx_word' id='word_1_25' title='bbox 1257 531 1487 600; x_wconf 81' lang='lat' dir='ltr'><strong>legendo</strong></span> <span class='ocrx_word' id='word_1_26' title='bbox 1514 530 1908 600; x_wconf 87' lang='lat' dir='ltr'><strong>percurrebant</strong></span> 
     </span>
    </p>
   </div>
   <div class='ocr_carea' id='block_1_7' title="bbox 329 609 1909 691">
    <p class='ocr_par' dir='ltr' id='par_1_7' title="bbox 329 609 1909 691">
     <span class='ocr_line' id='line_1_7' title="bbox 329 609 1909 691; baseline -0.003 -10"><span class='ocrx_word' id='word_1_27' title='bbox 329 627 467 681; x_wconf 91' lang='lat' dir='ltr'><strong>duos</strong></span> <span class='ocrx_word' id='word_1_28' title='bbox 494 641 753 681; x_wconf 80' lang='lat' dir='ltr'><strong>versuum</strong></span> <span class='ocrx_word' id='word_1_29' title='bbox 785 625 1071 691; x_wconf 84' lang='lat' dir='ltr'><strong>terminos,</strong></span> <span class='ocrx_word' id='word_1_30' title='bbox 1108 609 1345 679; x_wconf 77' lang='lat' dir='ltr'><strong>litteram</strong></span> <span class='ocrx_word' id='word_1_31' title='bbox 1397 625 1594 679; x_wconf 69' lang='lat' dir='ltr'><strong>littera:</strong></span> <span class='ocrx_word' id='word_1_32' title='bbox 1633 621 1909 687; x_wconf 90' lang='lat' dir='ltr'><strong>addendo,</strong></span> 
     </span>
    </p>
   </div>
   <div class='ocr_carea' id='block_1_8' title="bbox 330 716 1909 786">
    <p class='ocr_par' dir='ltr' id='par_1_8' title="bbox 330 716 1909 786">
     <span class='ocr_line' id='line_1_8' title="bbox 330 716 1909 786; baseline -0.003 -14"><span class='ocrx_word' id='word_1_33' title='bbox 330 718 680 774; x_wconf 87' lang='lat' dir='ltr'><strong>inveniebant</strong></span> <span class='ocrx_word' id='word_1_34' title='bbox 706 732 736 771; x_wconf 90' lang='lat' dir='ltr'><strong>a</strong></span> <span class='ocrx_word' id='word_1_35' title='bbox 755 717 964 773; x_wconf 80' lang='lat' dir='ltr'><strong>dextris</strong></span> <span class='ocrx_word' id='word_1_36' title='bbox 1010 717 1336 786; x_wconf 87' lang='lat' dir='ltr'><strong>completum</strong></span> <span class='ocrx_word' id='word_1_37' title='bbox 1363 716 1644 771; x_wconf 88' lang='lat' dir='ltr'><strong>heroicum</strong></span> <span class='ocrx_word' id='word_1_38' title='bbox 1668 729 1909 778; x_wconf 88' lang='lat' dir='ltr'><strong>versum,</strong></span> 
     </span>
    </p>
   </div>
   <div class='ocr_carea' id='block_1_9' title="bbox 328 803 1910 872">
    <p class='ocr_par' dir='ltr' id='par_1_9' title="bbox 328 803 1910 872">
     <span class='ocr_line' id='line_1_9' title="bbox 328 803 1910 872; baseline -0.005 -8"><span class='ocrx_word' id='word_1_39' title='bbox 328 818 384 864; x_wconf 89' lang='lat' dir='ltr'><strong>et</strong></span> <span class='ocrx_word' id='word_1_40' title='bbox 414 825 443 862; x_wconf 89' lang='lat' dir='ltr'><strong>a</strong></span> <span class='ocrx_word' id='word_1_41' title='bbox 482 809 726 864; x_wconf 85' lang='lat' dir='ltr'><strong>sinistris</strong></span> <span class='ocrx_word' id='word_1_42' title='bbox 770 809 1024 864; x_wconf 86' lang='lat' dir='ltr'><strong>similiter</strong></span> <span class='ocrx_word' id='word_1_43' title='bbox 1078 808 1351 872; x_wconf 90' lang='lat' dir='ltr'><strong>alterum;</strong></span> <span class='ocrx_word' id='word_1_44' title='bbox 1392 814 1449 860; x_wconf 87' lang='lat' dir='ltr'><strong>et</strong></span> <span class='ocrx_word' id='word_1_45' title='bbox 1493 813 1650 860; x_wconf 88' lang='lat' dir='ltr'><strong>erant</strong></span> <span class='ocrx_word' id='word_1_46' title='bbox 1707 803 1910 859; x_wconf 81' lang='lat' dir='ltr'><strong>sacrati</strong></span> 
     </span>
    </p>
   </div>
   <div class='ocr_carea' id='block_1_10' title="bbox 329 894 1911 970">
    <p class='ocr_par' dir='ltr' id='par_1_10' title="bbox 329 894 1911 970">
     <span class='ocr_line' id='line_1_10' title="bbox 329 894 1911 970; baseline -0.003 -17"><span class='ocrx_word' id='word_1_47' title='bbox 329 900 748 965; x_wconf 83' lang='lat' dir='ltr'><strong>acrostichides,</strong></span> <span class='ocrx_word' id='word_1_48' title='bbox 783 908 837 955; x_wconf 93' lang='lat' dir='ltr'><strong>et</strong></span> <span class='ocrx_word' id='word_1_49' title='bbox 864 899 1245 970; x_wconf 82' lang='lat' dir='ltr'><strong>unusquisque</strong></span> <span class='ocrx_word' id='word_1_50' title='bbox 1271 898 1501 953; x_wconf 88' lang='lat' dir='ltr'><strong>seorsim</strong></span> <span class='ocrx_word' id='word_1_51' title='bbox 1521 897 1590 951; x_wconf 89' lang='lat' dir='ltr'><strong>ab</strong></span> <span class='ocrx_word' id='word_1_52' title='bbox 1615 896 1743 962; x_wconf 88' lang='lat' dir='ltr'><strong>alio,</strong></span> <span class='ocrx_word' id='word_1_53' title='bbox 1773 894 1911 950; x_wconf 84' lang='lat' dir='ltr'><strong>nihil</strong></span> 
     </span>
    </p>
   </div>
   <div class='ocr_carea' id='block_1_11' title="bbox 331 986 1905 1061">
    <p class='ocr_par' dir='ltr' id='par_1_11' title="bbox 331 986 1905 1061">
     <span class='ocr_line' id='line_1_11' title="bbox 331 986 1905 1061; baseline -0.004 -15"><span class='ocrx_word' id='word_1_54' title='bbox 331 993 501 1047; x_wconf 80' lang='lat' dir='ltr'><strong>fundo</strong></span> <span class='ocrx_word' id='word_1_55' title='bbox 533 992 801 1061; x_wconf 85' lang='lat' dir='ltr'><strong>poematis</strong></span> <span class='ocrx_word' id='word_1_56' title='bbox 823 992 1205 1054; x_wconf 63' lang='lat' dir='ltr'><strong>adhaerentes;</strong></span> <span class='ocrx_word' id='word_1_57' title='bbox 1256 996 1313 1043; x_wconf 90' lang='lat' dir='ltr'><strong>et</strong></span> <span class='ocrx_word' id='word_1_58' title='bbox 1367 988 1636 1058; x_wconf 83' lang='lat' dir='ltr'><strong>scriptum</strong></span> <span class='ocrx_word' id='word_1_59' title='bbox 1688 993 1806 1041; x_wconf 89' lang='lat' dir='ltr'><strong>erat</strong></span> <span class='ocrx_word' id='word_1_60' title='bbox 1849 986 1905 1040; x_wconf 90' lang='lat' dir='ltr'><strong>in</strong></span> 
     </span>
    </p>
   </div>
   <div class='ocr_carea' id='block_1_12' title="bbox 331 1079 1912 1156">
    <p class='ocr_par' dir='ltr' id='par_1_12' title="bbox 331 1079 1912 1156">
     <span class='ocr_line' id='line_1_12' title="bbox 331 1079 1912 1156; baseline -0.006 -18"><span class='ocrx_word' id='word_1_61' title='bbox 331 1095 614 1156; x_wconf 79' lang='lat' dir='ltr'><strong>tetragono</strong></span> <span class='ocrx_word' id='word_1_62' title='bbox 647 1085 939 1154; x_wconf 79' lang='lat' dir='ltr'><strong>diligenter</strong></span> <span class='ocrx_word' id='word_1_63' title='bbox 967 1083 1070 1137; x_wconf 90' lang='lat' dir='ltr'><strong>hoc</strong></span> <span class='ocrx_word' id='word_1_64' title='bbox 1124 1095 1313 1151; x_wconf 85' lang='lat' dir='ltr'><strong>poema</strong></span> <span class='ocrx_word' id='word_1_65' title='bbox 1369 1080 1635 1135; x_wconf 86' lang='lat' dir='ltr'><strong>lateribus</strong></span> <span class='ocrx_word' id='word_1_66' title='bbox 1673 1079 1912 1135; x_wconf 84' lang='lat' dir='ltr'><strong>circum-</strong></span> 
     </span>
    </p>
   </div>
   <div class='ocr_carea' id='block_1_13' title="bbox 335 1169 1912 1240">
    <p class='ocr_par' dir='ltr' id='par_1_13' title="bbox 335 1169 1912 1240">
     <span class='ocr_line' id='line_1_13' title="bbox 335 1169 1912 1240; baseline -0.004 -9"><span class='ocrx_word' id='word_1_67' title='bbox 335 1178 556 1232; x_wconf 87' lang='lat' dir='ltr'><strong>ductum</strong></span> <span class='ocrx_word' id='word_1_68' title='bbox 585 1191 695 1230; x_wconf 89' lang='lat' dir='ltr'><strong>non</strong></span> <span class='ocrx_word' id='word_1_69' title='bbox 725 1175 1021 1230; x_wconf 87' lang='lat' dir='ltr'><strong>linearibus</strong></span> <span class='ocrx_word' id='word_1_70' title='bbox 1042 1174 1136 1229; x_wconf 88' lang='lat' dir='ltr'><strong>sed</strong></span> <span class='ocrx_word' id='word_1_71' title='bbox 1156 1173 1523 1240; x_wconf 77' lang='lat' dir='ltr'><strong>grammaticis</strong></span> <span class='ocrx_word' id='word_1_72' title='bbox 1547 1189 1563 1240; x_wconf 88' lang='lat'><strong>;</strong></span> <span class='ocrx_word' id='word_1_73' title='bbox 1585 1180 1637 1226; x_wconf 91' lang='lat' dir='ltr'><strong>et</strong></span> <span class='ocrx_word' id='word_1_74' title='bbox 1661 1169 1912 1227; x_wconf 87' lang='lat' dir='ltr'><strong>diametri</strong></span> 
     </span>
    </p>
   </div>
   <div class='ocr_carea' id='block_1_14' title="bbox 332 1263 1911 1338">
    <p class='ocr_par' dir='ltr' id='par_1_14' title="bbox 332 1263 1911 1338">
     <span class='ocr_line' id='line_1_14' title="bbox 332 1263 1911 1338; baseline -0.003 -17"><span class='ocrx_word' id='word_1_75' title='bbox 332 1268 463 1338; x_wconf 75' lang='lat' dir='ltr'><strong>ipsa:</strong></span> <span class='ocrx_word' id='word_1_76' title='bbox 495 1268 766 1338; x_wconf 78' lang='lat' dir='ltr'><strong>insignitae</strong></span> <span class='ocrx_word' id='word_1_77' title='bbox 781 1274 937 1321; x_wconf 90' lang='lat' dir='ltr'><strong>erant</strong></span> <span class='ocrx_word' id='word_1_78' title='bbox 960 1266 1220 1335; x_wconf 65' lang='lat' dir='ltr'><strong>praeclare</strong></span> <span class='ocrx_word' id='word_1_79' title='bbox 1242 1265 1436 1319; x_wconf 82' lang='lat' dir='ltr'><strong>litteris</strong></span> <span class='ocrx_word' id='word_1_80' title='bbox 1455 1264 1636 1319; x_wconf 90' lang='lat' dir='ltr'><strong>rubris</strong></span> <span class='ocrx_word' id='word_1_81' title='bbox 1663 1263 1911 1317; x_wconf 89' lang='lat' dir='ltr'><strong>:uomina</strong></span> 
     </span>
    </p>
   </div>
   <div class='ocr_carea' id='block_1_15' title="bbox 333 1354 1915 1429">
    <p class='ocr_par' dir='ltr' id='par_1_15' title="bbox 333 1354 1915 1429">
     <span class='ocr_line' id='line_1_15' title="bbox 333 1354 1915 1429; baseline -0.006 -14"><span class='ocrx_word' id='word_1_82' title='bbox 333 1360 479 1415; x_wconf 89' lang='lat' dir='ltr'><strong>enim</strong></span> <span class='ocrx_word' id='word_1_83' title='bbox 504 1360 844 1415; x_wconf 83' lang='lat' dir='ltr'><strong>venerabilia</strong></span> <span class='ocrx_word' id='word_1_84' title='bbox 874 1368 1118 1429; x_wconf 87' lang='lat' dir='ltr'><strong>quatuor</strong></span> <span class='ocrx_word' id='word_1_85' title='bbox 1149 1358 1376 1426; x_wconf 88' lang='lat' dir='ltr'><strong>paribus</strong></span> <span class='ocrx_word' id='word_1_86' title='bbox 1409 1356 1613 1410; x_wconf 87' lang='lat' dir='ltr'><strong>litteris</strong></span> <span class='ocrx_word' id='word_1_87' title='bbox 1647 1355 1719 1408; x_wconf 91' lang='lat' dir='ltr'><strong>ita</strong></span> <span class='ocrx_word' id='word_1_88' title='bbox 1744 1354 1915 1409; x_wconf 84' lang='lat' dir='ltr'><strong>dedu-</strong></span> 
     </span>
    </p>
   </div>
   <div class='ocr_carea' id='block_1_16' title="bbox 332 1444 1911 1518">
    <p class='ocr_par' dir='ltr' id='par_1_16' title="bbox 332 1444 1911 1518">
     <span class='ocr_line' id='line_1_16' title="bbox 332 1444 1911 1518; baseline -0.003 -17"><span class='ocrx_word' id='word_1_89' title='bbox 332 1459 420 1504; x_wconf 79' lang='lat' dir='ltr'><strong>cta</strong></span> <span class='ocrx_word' id='word_1_90' title='bbox 450 1458 509 1505; x_wconf 91' lang='lat' dir='ltr'><strong>ut</strong></span> <span class='ocrx_word' id='word_1_91' title='bbox 541 1451 846 1516; x_wconf 80' lang='lat' dir='ltr'><strong>composite</strong></span> <span class='ocrx_word' id='word_1_92' title='bbox 872 1454 1236 1518; x_wconf 82' lang='lat' dir='ltr'><strong>&#39;ponerentur</strong></span> <span class='ocrx_word' id='word_1_93' title='bbox 1292 1446 1659 1502; x_wconf 85' lang='lat' dir='ltr'><strong>ostendebant</strong></span> <span class='ocrx_word' id='word_1_94' title='bbox 1693 1444 1911 1511; x_wconf 84' lang='lat' dir='ltr'><strong>singula</strong></span> 
     </span>
    </p>
   </div>
   <div class='ocr_carea' id='block_1_17' title="bbox 332 1537 1907 1610">
    <p class='ocr_par' dir='ltr' id='par_1_17' title="bbox 332 1537 1907 1610">
     <span class='ocr_line' id='line_1_17' title="bbox 332 1537 1907 1610; baseline -0.004 -15"><span class='ocrx_word' id='word_1_95' title='bbox 332 1541 585 1595; x_wconf 84' lang='lat' dir='ltr'><strong>diametri</strong></span> <span class='ocrx_word' id='word_1_96' title='bbox 626 1541 933 1610; x_wconf 87' lang='lat' dir='ltr'><strong>principia;</strong></span> <span class='ocrx_word' id='word_1_97' title='bbox 968 1549 1021 1596; x_wconf 90' lang='lat' dir='ltr'><strong>et</strong></span> <span class='ocrx_word' id='word_1_98' title='bbox 1041 1539 1328 1610; x_wconf 87' lang='lat' dir='ltr'><strong>aspicienti</strong></span> <span class='ocrx_word' id='word_1_99' title='bbox 1386 1538 1503 1593; x_wconf 68' lang='lat' dir='ltr'><strong>haec</strong></span> <span class='ocrx_word' id='word_1_100' title='bbox 1554 1537 1612 1591; x_wconf 90' lang='lat' dir='ltr'><strong>in</strong></span> <span class='ocrx_word' id='word_1_101' title='bbox 1670 1546 1907 1590; x_wconf 84' lang='lat' dir='ltr'><strong>mentem</strong></span> 
     </span>
    </p>
   </div>
   <div class='ocr_carea' id='block_1_18' title="bbox 333 1625 1917 1699">
    <p class='ocr_par' dir='ltr' id='par_1_18' title="bbox 333 1625 1917 1699">
     <span class='ocr_line' id='line_1_18' title="bbox 333 1625 1917 1699; baseline -0.001 -19"><span class='ocrx_word' id='word_1_102' title='bbox 333 1631 483 1684; x_wconf 86' lang='lat' dir='ltr'><strong>venit</strong></span> <span class='ocrx_word' id='word_1_103' title='bbox 520 1631 594 1683; x_wconf 90' lang='lat' dir='ltr'><strong>nil</strong></span> <span class='ocrx_word' id='word_1_104' title='bbox 630 1629 982 1699; x_wconf 85' lang='lat' dir='ltr'><strong>impedivisse</strong></span> <span class='ocrx_word' id='word_1_105' title='bbox 1010 1629 1271 1684; x_wconf 82' lang='lat' dir='ltr'><strong>artiﬁcem</strong></span> <span class='ocrx_word' id='word_1_106' title='bbox 1304 1625 1576 1697; x_wconf 78' lang='lat' dir='ltr'><strong>tetragoni</strong></span> <span class='ocrx_word' id='word_1_107' title='bbox 1600 1625 1766 1693; x_wconf 87' lang='lat' dir='ltr'><strong>hujus</strong></span> <span class='ocrx_word' id='word_1_108' title='bbox 1792 1639 1917 1692; x_wconf 85' lang='lat' dir='ltr'><strong>poe-</strong></span> 
     </span>
    </p>
   </div>
   <div class='ocr_carea' id='block_1_19' title="bbox 335 1718 1913 1790">
    <p class='ocr_par' dir='ltr' id='par_1_19' title="bbox 335 1718 1913 1790">
     <span class='ocr_line' id='line_1_19' title="bbox 335 1718 1913 1790; baseline -0.002 -16"><span class='ocrx_word' id='word_1_109' title='bbox 335 1723 519 1784; x_wconf 89' lang='lat' dir='ltr'><strong>matis,</strong></span> <span class='ocrx_word' id='word_1_110' title='bbox 573 1731 626 1775; x_wconf 90' lang='lat' dir='ltr'><strong>et</strong></span> <span class='ocrx_word' id='word_1_111' title='bbox 694 1722 939 1790; x_wconf 88' lang='lat' dir='ltr'><strong>potuisse</strong></span> <span class='ocrx_word' id='word_1_112' title='bbox 999 1720 1233 1776; x_wconf 79' lang='lat' dir='ltr'><strong>suuimis</strong></span> <span class='ocrx_word' id='word_1_113' title='bbox 1288 1718 1571 1776; x_wconf 85' lang='lat' dir='ltr'><strong>diametris</strong></span> <span class='ocrx_word' id='word_1_114' title='bbox 1625 1719 1913 1773; x_wconf 85' lang='lat' dir='ltr'><strong>materiam</strong></span> 
     </span>
    </p>
   </div>
   <div class='ocr_carea' id='block_1_20' title="bbox 233 1809 1909 1878">
    <p class='ocr_par' dir='ltr' id='par_1_20' title="bbox 233 1809 1909 1878">
     <span class='ocr_line' id='line_1_20' title="bbox 233 1809 1909 1878; baseline -0.002 -13"><span class='ocrx_word' id='word_1_115' title='bbox 233 1814 237 1820; x_wconf 84' lang='grc'><em>’</em></span> <span class='ocrx_word' id='word_1_116' title='bbox 333 1811 640 1866; x_wconf 84' lang='lat' dir='ltr'><strong>cancellare</strong></span> <span class='ocrx_word' id='word_1_117' title='bbox 670 1812 713 1866; x_wconf 88' lang='lat' dir='ltr'><strong>si</strong></span> <span class='ocrx_word' id='word_1_118' title='bbox 770 1812 1072 1876; x_wconf 80' lang='lat' dir='ltr'><strong>voluisset;</strong></span> <span class='ocrx_word' id='word_1_119' title='bbox 1126 1811 1301 1866; x_wconf 76' lang='lat' dir='ltr'><strong>noluit</strong></span> <span class='ocrx_word' id='word_1_120' title='bbox 1346 1820 1572 1878; x_wconf 87' lang='lat' dir='ltr'><strong>autem;</strong></span> <span class='ocrx_word' id='word_1_121' title='bbox 1632 1809 1727 1864; x_wconf 90' lang='lat' dir='ltr'><strong>sed</strong></span> <span class='ocrx_word' id='word_1_122' title='bbox 1787 1824 1909 1863; x_wconf 90' lang='lat' dir='ltr'><strong>cum</strong></span> 
     </span>
    </p>
   </div>
   <div class='ocr_carea' id='block_1_21' title="bbox 336 1898 1912 1972">
    <p class='ocr_par' dir='ltr' id='par_1_21' title="bbox 336 1898 1912 1972">
     <span class='ocr_line' id='line_1_21' title="bbox 336 1898 1912 1972; baseline -0.001 -18"><span class='ocrx_word' id='word_1_123' title='bbox 336 1912 721 1955; x_wconf 82' lang='lat' dir='ltr'><strong>mensurasset</strong></span> <span class='ocrx_word' id='word_1_124' title='bbox 750 1903 948 1972; x_wconf 88' lang='lat' dir='ltr'><strong>primo,</strong></span> <span class='ocrx_word' id='word_1_125' title='bbox 981 1910 1038 1956; x_wconf 90' lang='lat' dir='ltr'><strong>et</strong></span> <span class='ocrx_word' id='word_1_126' title='bbox 1066 1902 1218 1955; x_wconf 86' lang='lat' dir='ltr'><strong>initia</strong></span> <span class='ocrx_word' id='word_1_127' title='bbox 1251 1900 1572 1970; x_wconf 83' lang='lat' dir='ltr'><strong>reliquisset</strong></span> <span class='ocrx_word' id='word_1_128' title='bbox 1624 1898 1731 1955; x_wconf 87' lang='lat' dir='ltr'><strong>sibi</strong></span> <span class='ocrx_word' id='word_1_129' title='bbox 1769 1899 1912 1953; x_wconf 88' lang='lat' dir='ltr'><strong>iuvi-</strong></span> 
     </span>
    </p>
   </div>
   <div class='ocr_carea' id='block_1_22' title="bbox 333 1991 1917 2059">
    <p class='ocr_par' dir='ltr' id='par_1_22' title="bbox 333 1991 1917 2059">
     <span class='ocr_line' id='line_1_22' title="bbox 333 1991 1917 2059; baseline -0.001 -12"><span class='ocrx_word' id='word_1_130' title='bbox 333 2007 451 2047; x_wconf 80' lang='lat' dir='ltr'><strong>cem</strong></span> <span class='ocrx_word' id='word_1_131' title='bbox 491 1993 856 2059; x_wconf 77' lang='lat' dir='ltr'><strong>adversantia,</strong></span> <span class='ocrx_word' id='word_1_132' title='bbox 891 1992 969 2047; x_wconf 87' lang='lat' dir='ltr'><strong>ita</strong></span> <span class='ocrx_word' id='word_1_133' title='bbox 1000 2001 1061 2047; x_wconf 87' lang='lat' dir='ltr'><strong>ut</strong></span> <span class='ocrx_word' id='word_1_134' title='bbox 1088 1993 1256 2046; x_wconf 86' lang='lat' dir='ltr'><strong>menti</strong></span> <span class='ocrx_word' id='word_1_135' title='bbox 1302 1999 1661 2046; x_wconf 88' lang='lat' dir='ltr'><strong>occurrerent</strong></span> <span class='ocrx_word' id='word_1_136' title='bbox 1704 1991 1917 2046; x_wconf 84' lang='lat' dir='ltr'><strong>diame-</strong></span> 
     </span>
    </p>
   </div>
   <div class='ocr_carea' id='block_1_23' title="bbox 336 2080 1916 2153">
    <p class='ocr_par' dir='ltr' id='par_1_23' title="bbox 336 2080 1916 2153">
     <span class='ocr_line' id='line_1_23' title="bbox 336 2080 1916 2153; baseline 0 -18"><span class='ocrx_word' id='word_1_137' title='bbox 336 2080 405 2135; x_wconf 89' lang='lat' dir='ltr'><strong>tri</strong></span> <span class='ocrx_word' id='word_1_138' title='bbox 428 2081 534 2137; x_wconf 64' lang='lat' dir='ltr'><strong>illm</strong></span> <span class='ocrx_word' id='word_1_139' title='bbox 553 2081 618 2136; x_wconf 91' lang='lat' dir='ltr'><strong>ad</strong></span> <span class='ocrx_word' id='word_1_140' title='bbox 642 2080 1055 2153; x_wconf 62' lang='lat' dir='ltr'><strong>periectionem,</strong></span> <span class='ocrx_word' id='word_1_141' title='bbox 1086 2083 1355 2138; x_wconf 87' lang='lat' dir='ltr'><strong>laboravit</strong></span> <span class='ocrx_word' id='word_1_142' title='bbox 1385 2082 1440 2137; x_wconf 90' lang='lat' dir='ltr'><strong>in</strong></span> <span class='ocrx_word' id='word_1_143' title='bbox 1472 2082 1653 2137; x_wconf 90' lang='lat' dir='ltr'><strong>medio</strong></span> <span class='ocrx_word' id='word_1_144' title='bbox 1675 2096 1916 2152; x_wconf 64' lang='lat' dir='ltr'><strong>epopoeaa</strong></span> 
     </span>
    </p>
   </div>
   <div class='ocr_carea' id='block_1_24' title="bbox 336 2171 1912 2242">
    <p class='ocr_par' dir='ltr' id='par_1_24' title="bbox 336 2171 1912 2242">
     <span class='ocr_line' id='line_1_24' title="bbox 336 2171 1912 2242; baseline 0.002 -17"><span class='ocrx_word' id='word_1_145' title='bbox 336 2186 471 2235; x_wconf 67' lang='lat' dir='ltr'><strong>suae,</strong></span> <span class='ocrx_word' id='word_1_146' title='bbox 503 2181 559 2226; x_wconf 91' lang='lat' dir='ltr'><strong>et</strong></span> <span class='ocrx_word' id='word_1_147' title='bbox 578 2172 802 2242; x_wconf 78' lang='lat' dir='ltr'><strong>ﬁguram</strong></span> <span class='ocrx_word' id='word_1_148' title='bbox 834 2171 1264 2228; x_wconf 88' lang='lat' dir='ltr'><strong>rhomboidalem</strong></span> <span class='ocrx_word' id='word_1_149' title='bbox 1293 2187 1360 2227; x_wconf 84' lang='lat' dir='ltr'><strong>ex</strong></span> <span class='ocrx_word' id='word_1_150' title='bbox 1415 2182 1653 2241; x_wconf 85' lang='lat' dir='ltr'><strong>quatuor</strong></span> <span class='ocrx_word' id='word_1_151' title='bbox 1711 2172 1912 2228; x_wconf 84' lang='lat' dir='ltr'><strong>litteris</strong></span> 
     </span>
    </p>
   </div>
   <div class='ocr_carea' id='block_1_25' title="bbox 334 2261 1916 2333">
    <p class='ocr_par' dir='ltr' id='par_1_25' title="bbox 334 2261 1916 2333">
     <span class='ocr_line' id='line_1_25' title="bbox 334 2261 1916 2333; baseline 0 -18"><span class='ocrx_word' id='word_1_152' title='bbox 334 2261 627 2329; x_wconf 86' lang='lat' dir='ltr'><strong>descripsit</strong></span> <span class='ocrx_word' id='word_1_153' title='bbox 653 2277 670 2325; x_wconf 88' lang='lat'><strong>;</strong></span> <span class='ocrx_word' id='word_1_154' title='bbox 695 2271 751 2316; x_wconf 87' lang='lat' dir='ltr'><strong>et</strong></span> <span class='ocrx_word' id='word_1_155' title='bbox 781 2262 1002 2328; x_wconf 70' lang='lat' dir='ltr'><strong>elegans</strong></span> <span class='ocrx_word' id='word_1_156' title='bbox 1028 2272 1145 2317; x_wconf 90' lang='lat' dir='ltr'><strong>erat</strong></span> <span class='ocrx_word' id='word_1_157' title='bbox 1194 2263 1297 2317; x_wconf 92' lang='lat' dir='ltr'><strong>hoc</strong></span> <span class='ocrx_word' id='word_1_158' title='bbox 1323 2276 1480 2331; x_wconf 87' lang='lat' dir='ltr'><strong>opus,</strong></span> <span class='ocrx_word' id='word_1_159' title='bbox 1518 2270 1573 2316; x_wconf 88' lang='lat' dir='ltr'><strong>et</strong></span> <span class='ocrx_word' id='word_1_160' title='bbox 1604 2262 1763 2317; x_wconf 90' lang='lat' dir='ltr'><strong>aliter</strong></span> <span class='ocrx_word' id='word_1_161' title='bbox 1792 2263 1916 2333; x_wconf 83' lang='lat' dir='ltr'><strong>qui-</strong></span> 
     </span>
    </p>
   </div>
   <div class='ocr_carea' id='block_1_26' title="bbox 334 2351 1917 2422">
    <p class='ocr_par' dir='ltr' id='par_1_26' title="bbox 334 2351 1917 2422">
     <span class='ocr_line' id='line_1_26' title="bbox 334 2351 1917 2422; baseline 0.001 -14"><span class='ocrx_word' id='word_1_162' title='bbox 334 2353 483 2416; x_wconf 84' lang='lat' dir='ltr'><strong>dem,</strong></span> <span class='ocrx_word' id='word_1_163' title='bbox 517 2355 613 2407; x_wconf 87' lang='lat' dir='ltr'><strong>sed</strong></span> <span class='ocrx_word' id='word_1_164' title='bbox 663 2361 719 2407; x_wconf 89' lang='lat' dir='ltr'><strong>et</strong></span> <span class='ocrx_word' id='word_1_165' title='bbox 771 2354 1042 2408; x_wconf 61' lang='lat' dir='ltr'><strong>scribendi</strong></span> <span class='ocrx_word' id='word_1_166' title='bbox 1092 2353 1318 2422; x_wconf 86' lang='lat' dir='ltr'><strong>peritia;</strong></span> <span class='ocrx_word' id='word_1_167' title='bbox 1361 2364 1415 2407; x_wconf 87' lang='lat' dir='ltr'><strong>et</strong></span> <span class='ocrx_word' id='word_1_168' title='bbox 1467 2354 1633 2406; x_wconf 74' lang='lat' dir='ltr'><strong>latera</strong></span> <span class='ocrx_word' id='word_1_169' title='bbox 1675 2351 1917 2409; x_wconf 86' lang='lat' dir='ltr'><strong>universi</strong></span> 
     </span>
    </p>
   </div>
   <div class='ocr_carea' id='block_1_27' title="bbox 335 2444 1917 2519">
    <p class='ocr_par' dir='ltr' id='par_1_27' title="bbox 335 2444 1917 2519">
     <span class='ocr_line' id='line_1_27' title="bbox 335 2444 1917 2519; baseline 0 -20"><span class='ocrx_word' id='word_1_170' title='bbox 335 2447 610 2519; x_wconf 77' lang='lat' dir='ltr'><strong>tetragoni</strong></span> <span class='ocrx_word' id='word_1_171' title='bbox 646 2453 702 2499; x_wconf 91' lang='lat' dir='ltr'><strong>et</strong></span> <span class='ocrx_word' id='word_1_172' title='bbox 742 2444 1142 2499; x_wconf 78' lang='lat' dir='ltr'><strong>diametrorum</strong></span> <span class='ocrx_word' id='word_1_173' title='bbox 1174 2446 1325 2499; x_wconf 86' lang='lat' dir='ltr'><strong>initia</strong></span> <span class='ocrx_word' id='word_1_174' title='bbox 1385 2448 1440 2500; x_wconf 89' lang='lat' dir='ltr'><strong>in</strong></span> <span class='ocrx_word' id='word_1_175' title='bbox 1494 2447 1813 2501; x_wconf 86' lang='lat' dir='ltr'><strong>nominibus</strong></span> <span class='ocrx_word' id='word_1_176' title='bbox 1862 2454 1917 2501; x_wconf 90' lang='lat' dir='ltr'><strong>et</strong></span> 
     </span>
    </p>
   </div>
   <div class='ocr_carea' id='block_1_28' title="bbox 338 2536 1916 2610">
    <p class='ocr_par' dir='ltr' id='par_1_28' title="bbox 338 2536 1916 2610">
     <span class='ocr_line' id='line_1_28' title="bbox 338 2536 1916 2610; baseline 0 -20"><span class='ocrx_word' id='word_1_177' title='bbox 338 2536 605 2592; x_wconf 86' lang='lat' dir='ltr'><strong>rhombus</strong></span> <span class='ocrx_word' id='word_1_178' title='bbox 646 2538 826 2592; x_wconf 89' lang='lat' dir='ltr'><strong>rubris</strong></span> <span class='ocrx_word' id='word_1_179' title='bbox 883 2538 1125 2610; x_wconf 77' lang='lat' dir='ltr'><strong>fulgebat</strong></span> <span class='ocrx_word' id='word_1_180' title='bbox 1169 2549 1361 2594; x_wconf 87' lang='lat' dir='ltr'><strong>ornata</strong></span> <span class='ocrx_word' id='word_1_181' title='bbox 1395 2539 1635 2604; x_wconf 82' lang='lat' dir='ltr'><strong>litteris;</strong></span> <span class='ocrx_word' id='word_1_182' title='bbox 1688 2547 1743 2592; x_wconf 90' lang='lat' dir='ltr'><strong>et</strong></span> <span class='ocrx_word' id='word_1_183' title='bbox 1777 2538 1916 2593; x_wconf 87' lang='lat' dir='ltr'><strong>resi-</strong></span> 
     </span>
    </p>
   </div>
   <div class='ocr_carea' id='block_1_29' title="bbox 336 2628 1906 2702">
    <p class='ocr_par' dir='ltr' id='par_1_29' title="bbox 336 2628 1906 2702">
     <span class='ocr_line' id='line_1_29' title="bbox 336 2628 1906 2702; baseline -0.001 -19"><span class='ocrx_word' id='word_1_184' title='bbox 336 2628 509 2684; x_wconf 89' lang='lat' dir='ltr'><strong>duum</strong></span> <span class='ocrx_word' id='word_1_185' title='bbox 530 2631 712 2699; x_wconf 84' lang='lat' dir='ltr'><strong>operis</strong></span> <span class='ocrx_word' id='word_1_186' title='bbox 732 2634 1010 2686; x_wconf 90' lang='lat' dir='ltr'><strong>consuetis</strong></span> <span class='ocrx_word' id='word_1_187' title='bbox 1040 2632 1305 2702; x_wconf 87' lang='lat' dir='ltr'><strong>scriptum</strong></span> <span class='ocrx_word' id='word_1_188' title='bbox 1337 2638 1455 2685; x_wconf 88' lang='lat' dir='ltr'><strong>erat</strong></span> <span class='ocrx_word' id='word_1_189' title='bbox 1475 2630 1906 2695; x_wconf 81' lang='lat' dir='ltr'><strong>cltaracteribus,</strong></span> 
     </span>
    </p>
   </div>
   <div class='ocr_carea' id='block_1_30' title="bbox 337 2726 1911 2782">
    <p class='ocr_par' dir='ltr' id='par_1_30' title="bbox 337 2726 1911 2782">
     <span class='ocr_line' id='line_1_30' title="bbox 337 2726 1911 2782; baseline -0.001 -4"><span class='ocrx_word' id='word_1_190' title='bbox 337 2731 394 2778; x_wconf 86' lang='lat' dir='ltr'><strong>et</strong></span> <span class='ocrx_word' id='word_1_191' title='bbox 424 2733 689 2780; x_wconf 72' lang='lat' dir='ltr'><strong>eratvere</strong></span> <span class='ocrx_word' id='word_1_192' title='bbox 729 2727 1016 2781; x_wconf 87' lang='lat' dir='ltr'><strong>oculorum</strong></span> <span class='ocrx_word' id='word_1_193' title='bbox 1064 2726 1539 2782; x_wconf 86' lang='lat' dir='ltr'><strong>oblectamentum</strong></span> <span class='ocrx_word' id='word_1_194' title='bbox 1599 2733 1656 2782; x_wconf 89' lang='lat' dir='ltr'><strong>ct</strong></span> <span class='ocrx_word' id='word_1_195' title='bbox 1712 2726 1911 2781; x_wconf 87' lang='lat' dir='ltr'><strong>scitum</strong></span> 
     </span>
    </p>
   </div>
   <div class='ocr_carea' id='block_1_31' title="bbox 337 2818 1011 2873">
    <p class='ocr_par' dir='ltr' id='par_1_31' title="bbox 337 2818 1011 2873">
     <span class='ocr_line' id='line_1_31' title="bbox 337 2818 1011 2873; baseline 0.007 -6"><span class='ocrx_word' id='word_1_196' title='bbox 337 2818 539 2872; x_wconf 87' lang='lat' dir='ltr'><strong>mentis</strong></span> <span class='ocrx_word' id='word_1_197' title='bbox 581 2830 961 2873; x_wconf 87' lang='lat' dir='ltr'><strong>ornamentum</strong></span> <span class='ocrx_word' id='word_1_198' title='bbox 995 2854 1011 2872; x_wconf 89' lang='lat'><em>.</em></span> 
     </span>
    </p>
   </div>
   <div class='ocr_carea' id='block_1_32' title="bbox 2013 527 3581 600">
    <p class='ocr_par' dir='ltr' id='par_1_32' title="bbox 2013 527 3581 600">
     <span class='ocr_line' id='line_1_32' title="bbox 2013 527 3581 600; baseline -0.001 -18"><span class='ocrx_word' id='word_1_199' title='bbox 2013 529 2143 600; x_wconf 85' lang='grc' dir='ltr'>χείῳ</span> <span class='ocrx_word' id='word_1_200' title='bbox 2181 546 2196 560; x_wconf 78' lang='grc' dir='ltr'><strong>ο</strong></span> <span class='ocrx_word' id='word_1_201' title='bbox 2233 528 2329 582; x_wconf 73' lang='grc' dir='ltr'>καὶ</span> <span class='ocrx_word' id='word_1_202' title='bbox 2364 527 2574 581; x_wconf 78' lang='grc' dir='ltr'>ἔκειντο</span> <span class='ocrx_word' id='word_1_203' title='bbox 2610 528 2677 582; x_wconf 83' lang='grc' dir='ltr'><strong>τὰ</strong></span> <span class='ocrx_word' id='word_1_204' title='bbox 2714 529 2952 597; x_wconf 81' lang='grc' dir='ltr'>στοιχεῖα</span> <span class='ocrx_word' id='word_1_205' title='bbox 2981 528 3157 582; x_wconf 88' lang='grc' dir='ltr'>πάντα</span> <span class='ocrx_word' id='word_1_206' title='bbox 3204 529 3328 583; x_wconf 86' lang='grc' dir='ltr'>καθ’</span> <span class='ocrx_word' id='word_1_207' title='bbox 3369 530 3581 599; x_wconf 76' lang='grc' dir='ltr'>είρμδν,</span> 
     </span>
    </p>
   </div>
   <div class='ocr_carea' id='block_1_33' title="bbox 2009 617 3584 694">
    <p class='ocr_par' dir='ltr' id='par_1_33' title="bbox 2009 617 3584 694">
     <span class='ocr_line' id='line_1_33' title="bbox 2009 617 3584 694; baseline 0.001 -19"><span class='ocrx_word' id='word_1_208' title='bbox 2009 622 2084 685; x_wconf 88' lang='grc' dir='ltr'><strong>ὡς</strong></span> <span class='ocrx_word' id='word_1_209' title='bbox 2114 617 2253 675; x_wconf 71' lang='grc' dir='ltr'>εἶναι</span> <span class='ocrx_word' id='word_1_210' title='bbox 2283 621 2451 693; x_wconf 88' lang='grc' dir='ltr'>δήλην</span> <span class='ocrx_word' id='word_1_211' title='bbox 2473 620 2575 691; x_wconf 82' lang='grc' dir='ltr'><strong>τὴν</strong></span> <span class='ocrx_word' id='word_1_212' title='bbox 2602 624 2661 675; x_wconf 86' lang='grc' dir='ltr'>ὲν</span> <span class='ocrx_word' id='word_1_213' title='bbox 2700 622 2884 685; x_wconf 81' lang='grc' dir='ltr'>αὐτοῖς</span> <span class='ocrx_word' id='word_1_214' title='bbox 2914 621 3166 688; x_wconf 80' lang='grc' dir='ltr'>ἐξίσωσιν</span> <span class='ocrx_word' id='word_1_215' title='bbox 3195 639 3209 653; x_wconf 88' lang='grc'><strong>·</strong></span> <span class='ocrx_word' id='word_1_216' title='bbox 3254 623 3350 677; x_wconf 76' lang='grc' dir='ltr'>καὶ</span> <span class='ocrx_word' id='word_1_217' title='bbox 3381 624 3442 676; x_wconf 78' lang='grc' dir='ltr'>τὸ</span> <span class='ocrx_word' id='word_1_218' title='bbox 3486 625 3584 694; x_wconf 77' lang='grc' dir='ltr'>μὲν</span> 
     </span>
    </p>
   </div>
   <div class='ocr_carea' id='block_1_34' title="bbox 2011 713 3585 785">
    <p class='ocr_par' dir='ltr' id='par_1_34' title="bbox 2011 713 3585 785">
     <span class='ocr_line' id='line_1_34' title="bbox 2011 713 3585 785; baseline 0.001 -18"><span class='ocrx_word' id='word_1_219' title='bbox 2011 713 2207 777; x_wconf 85' lang='grc' dir='ltr'>πλάτος</span> <span class='ocrx_word' id='word_1_220' title='bbox 2262 715 2360 781; x_wconf 83' lang='grc' dir='ltr'>τῆς</span> <span class='ocrx_word' id='word_1_221' title='bbox 2405 714 2695 777; x_wconf 76' lang='grc' dir='ltr'>ἐποποιῖας</span> <span class='ocrx_word' id='word_1_222' title='bbox 2766 713 2980 785; x_wconf 75' lang='grc' dir='ltr'>ἐκείνης</span> <span class='ocrx_word' id='word_1_223' title='bbox 3049 716 3324 785; x_wconf 82' lang='grc' dir='ltr'>περιεῖχεν</span> <span class='ocrx_word' id='word_1_224' title='bbox 3376 716 3585 779; x_wconf 80' lang='grc' dir='ltr'>ἐννοίας</span> 
     </span>
    </p>
   </div>
   <div class='ocr_carea' id='block_1_35' title="bbox 2009 802 3584 873">
    <p class='ocr_par' dir='ltr' id='par_1_35' title="bbox 2009 802 3584 873">
     <span class='ocr_line' id='line_1_35' title="bbox 2009 802 3584 873; baseline -0.003 -15"><span class='ocrx_word' id='word_1_225' title='bbox 2009 803 2492 871; x_wconf 83' lang='grc' dir='ltr'>ἀποσεμνυνούσας</span> <span class='ocrx_word' id='word_1_226' title='bbox 2517 805 2607 857; x_wconf 60' lang='grc' dir='ltr'><strong>τὸν</strong></span> <span class='ocrx_word' id='word_1_227' title='bbox 2642 803 3048 873; x_wconf 82' lang='grc' dir='ltr'>αὐτοκράτορα.</span> <span class='ocrx_word' id='word_1_228' title='bbox 3080 804 3144 855; x_wconf 76' lang='lat' dir='ltr'><strong>Ol</strong></span> <span class='ocrx_word' id='word_1_229' title='bbox 3177 803 3231 856; x_wconf 76' lang='grc' dir='ltr'>δὲ</span> <span class='ocrx_word' id='word_1_230' title='bbox 3251 802 3320 855; x_wconf 77' lang='grc' dir='ltr'><strong>τά</strong></span> <span class='ocrx_word' id='word_1_231' title='bbox 3341 804 3449 855; x_wconf 80' lang='grc' dir='ltr'><strong>τῶν</strong></span> <span class='ocrx_word' id='word_1_232' title='bbox 3474 803 3584 854; x_wconf 83' lang='grc' dir='ltr'>στί-</span> 
     </span>
    </p>
   </div>
   <div class='ocr_carea' id='block_1_36' title="bbox 2010 894 3583 968">
    <p class='ocr_par' dir='ltr' id='par_1_36' title="bbox 2010 894 3583 968">
     <span class='ocr_line' id='line_1_36' title="bbox 2010 894 3583 968; baseline -0.003 -19"><span class='ocrx_word' id='word_1_233' title='bbox 2010 914 2120 968; x_wconf 86' lang='grc' dir='ltr'>χων</span> <span class='ocrx_word' id='word_1_234' title='bbox 2153 895 2244 949; x_wconf 85' lang='grc' dir='ltr'>δύο</span> <span class='ocrx_word' id='word_1_235' title='bbox 2269 896 2413 963; x_wconf 79' lang='grc' dir='ltr'>ἄκρα</span> <span class='ocrx_word' id='word_1_236' title='bbox 2448 895 2861 964; x_wconf 75' lang='grc' dir='ltr'><strong>περιερχόμενοι</strong></span> <span class='ocrx_word' id='word_1_237' title='bbox 2892 896 3260 962; x_wconf 75' lang='grc' dir='ltr'>άναγνῶσται,</span> <span class='ocrx_word' id='word_1_238' title='bbox 3300 894 3396 947; x_wconf 72' lang='grc' dir='ltr'>καὶ</span> <span class='ocrx_word' id='word_1_239' title='bbox 3445 911 3583 947; x_wconf 87' lang='grc' dir='ltr'>στοι-</span> 
     </span>
    </p>
   </div>
   <div class='ocr_carea' id='block_1_37' title="bbox 2011 985 3585 1058">
    <p class='ocr_par' dir='ltr' id='par_1_37' title="bbox 2011 985 3585 1058">
     <span class='ocr_line' id='line_1_37' title="bbox 2011 985 3585 1058; baseline -0.003 -18"><span class='ocrx_word' id='word_1_240' title='bbox 2011 990 2157 1058; x_wconf 84' lang='grc' dir='ltr'>χεῖον</span> <span class='ocrx_word' id='word_1_241' title='bbox 2193 987 2443 1055; x_wconf 72' lang='grc' dir='ltr'>στοιχείῳ</span> <span class='ocrx_word' id='word_1_242' title='bbox 2473 985 2968 1051; x_wconf 71' lang='grc' dir='ltr'>ὲπιστοιϐάζοντες,</span> <span class='ocrx_word' id='word_1_243' title='bbox 2996 986 3254 1055; x_wconf 70' lang='grc' dir='ltr'>εὕρισκον</span> <span class='ocrx_word' id='word_1_244' title='bbox 3295 988 3358 1037; x_wconf 78' lang='grc' dir='ltr'>ἐκ</span> <span class='ocrx_word' id='word_1_245' title='bbox 3393 985 3585 1050; x_wconf 83' lang='grc' dir='ltr'>δεξιῶν</span> 
     </span>
    </p>
   </div>
   <div class='ocr_carea' id='block_1_38' title="bbox 2012 1074 3588 1145">
    <p class='ocr_par' dir='ltr' id='par_1_38' title="bbox 2012 1074 3588 1145">
     <span class='ocr_line' id='line_1_38' title="bbox 2012 1074 3588 1145; baseline -0.002 -14"><span class='ocrx_word' id='word_1_246' title='bbox 2012 1077 2139 1140; x_wconf 85' lang='grc' dir='ltr'>ἔπος</span> <span class='ocrx_word' id='word_1_247' title='bbox 2162 1074 2590 1143; x_wconf 76' lang='grc' dir='ltr'>ἀποτελούμενον</span> <span class='ocrx_word' id='word_1_248' title='bbox 2616 1076 2853 1145; x_wconf 80' lang='grc' dir='ltr'>ἡρωϊκὸν</span> <span class='ocrx_word' id='word_1_249' title='bbox 2875 1078 2966 1130; x_wconf 69' lang='grc' dir='ltr'>καὶ</span> <span class='ocrx_word' id='word_1_250' title='bbox 2980 1076 3037 1142; x_wconf 72' lang='grc' dir='ltr'><strong>ἐξ</strong></span> <span class='ocrx_word' id='word_1_251' title='bbox 3062 1075 3372 1145; x_wconf 79' lang='grc' dir='ltr'>ἀριστερῶν</span> <span class='ocrx_word' id='word_1_252' title='bbox 3402 1076 3588 1144; x_wconf 84' lang='grc' dir='ltr'>ὅμοιον</span> 
     </span>
    </p>
   </div>
   <div class='ocr_carea' id='block_1_39' title="bbox 2012 1164 3590 1239">
    <p class='ocr_par' dir='ltr' id='par_1_39' title="bbox 2012 1164 3590 1239">
     <span class='ocr_line' id='line_1_39' title="bbox 2012 1164 3590 1239; baseline -0.003 -15"><span class='ocrx_word' id='word_1_253' title='bbox 2012 1170 2227 1239; x_wconf 72' lang='grc' dir='ltr'>ἕτερον’</span> <span class='ocrx_word' id='word_1_254' title='bbox 2262 1168 2358 1221; x_wconf 73' lang='grc' dir='ltr'>καὶ</span> <span class='ocrx_word' id='word_1_255' title='bbox 2393 1164 2535 1239; x_wconf 79' lang='grc' dir='ltr'>ἦσαν</span> <span class='ocrx_word' id='word_1_256' title='bbox 2583 1168 2883 1232; x_wconf 76' lang='grc' dir='ltr'>ἰδιάζουσαι</span> <span class='ocrx_word' id='word_1_257' title='bbox 2929 1169 3332 1239; x_wconf 82' lang='grc' dir='ltr'>άκροστιχίδες,</span> <span class='ocrx_word' id='word_1_258' title='bbox 3384 1167 3590 1237; x_wconf 80' lang='grc' dir='ltr'><strong>κυρίως</strong></span> 
     </span>
    </p>
   </div>
   <div class='ocr_carea' id='block_1_40' title="bbox 2011 1258 3588 1331">
    <p class='ocr_par' dir='ltr' id='par_1_40' title="bbox 2011 1258 3588 1331">
     <span class='ocr_line' id='line_1_40' title="bbox 2011 1258 3588 1331; baseline -0.002 -18"><span class='ocrx_word' id='word_1_259' title='bbox 2011 1259 2182 1313; x_wconf 82' lang='grc' dir='ltr'>ταῦτα</span> <span class='ocrx_word' id='word_1_260' title='bbox 2212 1259 2336 1313; x_wconf 83' lang='grc' dir='ltr'>καθ’</span> <span class='ocrx_word' id='word_1_261' title='bbox 2384 1258 2555 1313; x_wconf 79' lang='grc' dir='ltr'>ἑαυτὰ</span> <span class='ocrx_word' id='word_1_262' title='bbox 2608 1260 2866 1331; x_wconf 81' lang='grc' dir='ltr'>ἑκάτερα,</span> <span class='ocrx_word' id='word_1_263' title='bbox 2905 1260 3058 1314; x_wconf 79' lang='grc' dir='ltr'>οὐδέν</span> <span class='ocrx_word' id='word_1_264' title='bbox 3108 1278 3158 1313; x_wconf 87' lang='grc' dir='ltr'><strong>τι</strong></span> <span class='ocrx_word' id='word_1_265' title='bbox 3209 1258 3304 1314; x_wconf 84' lang='grc' dir='ltr'><strong>τοῦ</strong></span> <span class='ocrx_word' id='word_1_266' title='bbox 3369 1259 3588 1326; x_wconf 83' lang='grc' dir='ltr'>ἐδαφίου</span> 
     </span>
    </p>
   </div>
   <div class='ocr_carea' id='block_1_41' title="bbox 2015 1346 3590 1422">
    <p class='ocr_par' dir='ltr' id='par_1_41' title="bbox 2015 1346 3590 1422">
     <span class='ocr_line' id='line_1_41' title="bbox 2015 1346 3590 1422; baseline -0.003 -19"><span class='ocrx_word' id='word_1_267' title='bbox 2015 1351 2507 1422; x_wconf 74' lang='grc' dir='ltr'>προσαπτόμεναι·</span> <span class='ocrx_word' id='word_1_268' title='bbox 2553 1351 2648 1403; x_wconf 80' lang='grc' dir='ltr'>καὶ</span> <span class='ocrx_word' id='word_1_269' title='bbox 2678 1351 3058 1419; x_wconf 76' lang='grc' dir='ltr'>κατεγράφετο</span> <span class='ocrx_word' id='word_1_270' title='bbox 3104 1352 3187 1412; x_wconf 79' lang='grc' dir='ltr'><strong>είς</strong></span> <span class='ocrx_word' id='word_1_271' title='bbox 3240 1346 3590 1420; x_wconf 70' lang='grc' dir='ltr'>τετράγωνον</span> 
     </span>
    </p>
   </div>
   <div class='ocr_carea' id='block_1_42' title="bbox 2012 1437 3587 1512">
    <p class='ocr_par' dir='ltr' id='par_1_42' title="bbox 2012 1437 3587 1512">
     <span class='ocr_line' id='line_1_42' title="bbox 2012 1437 3587 1512; baseline -0.002 -19"><span class='ocrx_word' id='word_1_272' title='bbox 2012 1440 2243 1509; x_wconf 82' lang='grc' dir='ltr'>ἀκριϐὲς</span> <span class='ocrx_word' id='word_1_273' title='bbox 2274 1442 2448 1494; x_wconf 79' lang='grc' dir='ltr'>έκεῖνο</span> <span class='ocrx_word' id='word_1_274' title='bbox 2467 1440 2527 1494; x_wconf 82' lang='grc' dir='ltr'>τὸ</span> <span class='ocrx_word' id='word_1_275' title='bbox 2559 1442 2775 1512; x_wconf 90' lang='grc' dir='ltr'>ποίημα</span> <span class='ocrx_word' id='word_1_276' title='bbox 2811 1441 3072 1510; x_wconf 83' lang='grc' dir='ltr'><strong>πλευραῖς</strong></span> <span class='ocrx_word' id='word_1_277' title='bbox 3100 1441 3497 1510; x_wconf 82' lang='grc' dir='ltr'>περιεχόμενον</span> <span class='ocrx_word' id='word_1_278' title='bbox 3524 1437 3587 1492; x_wconf 81' lang='grc' dir='ltr'>οὐ</span> 
     </span>
    </p>
   </div>
   <div class='ocr_carea' id='block_1_43' title="bbox 2015 1532 3589 1603">
    <p class='ocr_par' dir='ltr' id='par_1_43' title="bbox 2015 1532 3589 1603">
     <span class='ocr_line' id='line_1_43' title="bbox 2015 1532 3589 1603; baseline -0.001 -18"><span class='ocrx_word' id='word_1_279' title='bbox 2015 1535 2367 1602; x_wconf 80' lang='grc' dir='ltr'>γραμμικατς</span> <span class='ocrx_word' id='word_1_280' title='bbox 2393 1532 2528 1586; x_wconf 78' lang='grc' dir='ltr'>ἀλλὰ</span> <span class='ocrx_word' id='word_1_281' title='bbox 2562 1535 2981 1603; x_wconf 81' lang='grc' dir='ltr'>γραμμ.ατικαῖς</span> <span class='ocrx_word' id='word_1_282' title='bbox 3017 1550 3032 1566; x_wconf 80' lang='grc' dir='ltr'><strong>ο</strong></span> <span class='ocrx_word' id='word_1_283' title='bbox 3069 1533 3165 1585; x_wconf 74' lang='grc' dir='ltr'>καὶ</span> <span class='ocrx_word' id='word_1_284' title='bbox 3196 1534 3252 1586; x_wconf 77' lang='grc' dir='ltr'>αἱ</span> <span class='ocrx_word' id='word_1_285' title='bbox 3301 1533 3589 1600; x_wconf 68' lang='grc' dir='ltr'>διάμεπροι</span> 
     </span>
    </p>
   </div>
   <div class='ocr_carea' id='block_1_44' title="bbox 2016 1625 3592 1695">
    <p class='ocr_par' dir='ltr' id='par_1_44' title="bbox 2016 1625 3592 1695">
     <span class='ocr_line' id='line_1_44' title="bbox 2016 1625 3592 1695; baseline -0.002 -16"><span class='ocrx_word' id='word_1_286' title='bbox 2016 1627 2153 1679; x_wconf 76' lang='grc' dir='ltr'>ἀλλὰ</span> <span class='ocrx_word' id='word_1_287' title='bbox 2183 1627 2274 1679; x_wconf 68' lang='grc' dir='ltr'>καὶ.</span> <span class='ocrx_word' id='word_1_288' title='bbox 2302 1627 2462 1679; x_wconf 74' lang='grc' dir='ltr'>αὑταὶ</span> <span class='ocrx_word' id='word_1_289' title='bbox 2489 1625 2821 1695; x_wconf 87' lang='grc' dir='ltr'>θαυμαστῶς</span> <span class='ocrx_word' id='word_1_290' title='bbox 2856 1626 3215 1694; x_wconf 78' lang='grc' dir='ltr'>ὲσημειοῦντο</span> <span class='ocrx_word' id='word_1_291' title='bbox 3262 1626 3592 1694; x_wconf 87' lang='grc' dir='ltr'>γράμμασιν</span> 
     </span>
    </p>
   </div>
   <div class='ocr_carea' id='block_1_45' title="bbox 2019 1712 3591 1787">
    <p class='ocr_par' dir='ltr' id='par_1_45' title="bbox 2019 1712 3591 1787">
     <span class='ocr_line' id='line_1_45' title="bbox 2019 1712 3591 1787; baseline 0.001 -19"><span class='ocrx_word' id='word_1_292' title='bbox 2019 1716 2290 1785; x_wconf 78' lang='grc' dir='ltr'>ὲρυθροῖς.</span> <span class='ocrx_word' id='word_1_293' title='bbox 2334 1713 2605 1783; x_wconf 87' lang='grc' dir='ltr'>Ὀνόματα</span> <span class='ocrx_word' id='word_1_294' title='bbox 2649 1714 2758 1786; x_wconf 82' lang='grc' dir='ltr'><strong>γὰρ</strong></span> <span class='ocrx_word' id='word_1_295' title='bbox 2802 1717 2975 1786; x_wconf 80' lang='grc' dir='ltr'>σεμνά</span> <span class='ocrx_word' id='word_1_296' title='bbox 3029 1716 3270 1787; x_wconf 86' lang='grc' dir='ltr'>τέσσαρα</span> <span class='ocrx_word' id='word_1_297' title='bbox 3298 1712 3591 1786; x_wconf 72' lang='grc' dir='ltr'>’ίσογράμο</span> 
     </span>
    </p>
   </div>
   <div class='ocr_carea' id='block_1_46' title="bbox 2022 1807 3588 1878">
    <p class='ocr_par' dir='ltr' id='par_1_46' title="bbox 2022 1807 3588 1878">
     <span class='ocr_line' id='line_1_46' title="bbox 2022 1807 3588 1878; baseline 0 -18"><span class='ocrx_word' id='word_1_298' title='bbox 2022 1824 2167 1876; x_wconf 87' lang='grc' dir='ltr'>μστα</span> <span class='ocrx_word' id='word_1_299' title='bbox 2220 1809 2643 1877; x_wconf 81' lang='grc' dir='ltr'>κατασυρόμενα</span> <span class='ocrx_word' id='word_1_300' title='bbox 2700 1809 2759 1860; x_wconf 81' lang='grc' dir='ltr'>ὲν</span> <span class='ocrx_word' id='word_1_301' title='bbox 2818 1809 2896 1878; x_wconf 81' lang='grc' dir='ltr'>τῷ</span> <span class='ocrx_word' id='word_1_302' title='bbox 2943 1808 3225 1870; x_wconf 77' lang='grc' dir='ltr'><strong>εὐτάκτως</strong></span> <span class='ocrx_word' id='word_1_303' title='bbox 3288 1807 3588 1870; x_wconf 81' lang='grc' dir='ltr'>τεθεῖσθαι,</span> 
     </span>
    </p>
   </div>
   <div class='ocr_carea' id='block_1_47' title="bbox 2020 1898 3594 1971">
    <p class='ocr_par' dir='ltr' id='par_1_47' title="bbox 2020 1898 3594 1971">
     <span class='ocr_line' id='line_1_47' title="bbox 2020 1898 3594 1971; baseline 0 -19"><span class='ocrx_word' id='word_1_304' title='bbox 2020 1900 2359 1969; x_wconf 82' lang='grc' dir='ltr'>παρέφσινον</span> <span class='ocrx_word' id='word_1_305' title='bbox 2389 1902 2564 1969; x_wconf 72' lang='grc' dir='ltr'>ἀρχὰς</span> <span class='ocrx_word' id='word_1_306' title='bbox 2591 1902 2884 1971; x_wconf 71' lang='grc' dir='ltr'>διαμέτρου</span> <span class='ocrx_word' id='word_1_307' title='bbox 2912 1900 3187 1967; x_wconf 80' lang='grc' dir='ltr'>ἑκατέρας</span> <span class='ocrx_word' id='word_1_308' title='bbox 3225 1917 3239 1931; x_wconf 76' lang='grc' dir='ltr'><strong><em>ο</em></strong></span> <span class='ocrx_word' id='word_1_309' title='bbox 3295 1902 3390 1953; x_wconf 77' lang='grc' dir='ltr'>καὶ</span> <span class='ocrx_word' id='word_1_310' title='bbox 3450 1898 3594 1971; x_wconf 72' lang='grc' dir='ltr'>εἶχεν</span> 
     </span>
    </p>
   </div>
   <div class='ocr_carea' id='block_1_48' title="bbox 2020 1990 3594 2062">
    <p class='ocr_par' dir='ltr' id='par_1_48' title="bbox 2020 1990 3594 2062">
     <span class='ocr_line' id='line_1_48' title="bbox 2020 1990 3594 2062; baseline -0.001 -17"><span class='ocrx_word' id='word_1_311' title='bbox 2020 1990 2272 2058; x_wconf 76' lang='grc' dir='ltr'>ἐνθύμιον</span> <span class='ocrx_word' id='word_1_312' title='bbox 2305 1993 2332 2043; x_wconf 84' lang='grc' dir='ltr'>ὀ</span> <span class='ocrx_word' id='word_1_313' title='bbox 2353 1992 2573 2060; x_wconf 84' lang='grc' dir='ltr'>βλέπων</span> <span class='ocrx_word' id='word_1_314' title='bbox 2609 1992 2774 2062; x_wconf 84' lang='grc' dir='ltr'>μηδέν</span> <span class='ocrx_word' id='word_1_315' title='bbox 2801 2009 2852 2046; x_wconf 89' lang='grc' dir='ltr'><strong>τι</strong></span> <span class='ocrx_word' id='word_1_316' title='bbox 2881 1992 3188 2045; x_wconf 73' lang='grc' dir='ltr'>κωλύεσθαι</span> <span class='ocrx_word' id='word_1_317' title='bbox 3214 1993 3307 2045; x_wconf 77' lang='grc' dir='ltr'>τὸν</span> <span class='ocrx_word' id='word_1_318' title='bbox 3338 1992 3594 2061; x_wconf 80' lang='grc' dir='ltr'>τεχνίτην</span> 
     </span>
    </p>
   </div>
   <div class='ocr_carea' id='block_1_49' title="bbox 2022 2082 3597 2155">
    <p class='ocr_par' dir='ltr' id='par_1_49' title="bbox 2022 2082 3597 2155">
     <span class='ocr_line' id='line_1_49' title="bbox 2022 2082 3597 2155; baseline -0.001 -20"><span class='ocrx_word' id='word_1_319' title='bbox 2022 2083 2118 2137; x_wconf 79' lang='grc' dir='ltr'><strong>τοῦ</strong></span> <span class='ocrx_word' id='word_1_320' title='bbox 2153 2083 2443 2152; x_wconf 80' lang='grc' dir='ltr'>ποιητικοῦ</span> <span class='ocrx_word' id='word_1_321' title='bbox 2497 2083 2848 2155; x_wconf 78' lang='grc' dir='ltr'>τετραγώνου</span> <span class='ocrx_word' id='word_1_322' title='bbox 2899 2083 3136 2146; x_wconf 79' lang='grc' dir='ltr'>ἐκείνου,</span> <span class='ocrx_word' id='word_1_323' title='bbox 3193 2083 3286 2135; x_wconf 70' lang='grc' dir='ltr'>καὶ</span> <span class='ocrx_word' id='word_1_324' title='bbox 3347 2082 3597 2150; x_wconf 85' lang='grc' dir='ltr'>ἀκραίοις</span> 
     </span>
    </p>
   </div>
   <div class='ocr_carea' id='block_1_50' title="bbox 2024 2173 3598 2244">
    <p class='ocr_par' dir='ltr' id='par_1_50' title="bbox 2024 2173 3598 2244">
     <span class='ocr_line' id='line_1_50' title="bbox 2024 2173 3598 2244; baseline -0.003 -17"><span class='ocrx_word' id='word_1_325' title='bbox 2024 2174 2344 2242; x_wconf 84' lang='grc' dir='ltr'>διαμέτροις</span> <span class='ocrx_word' id='word_1_326' title='bbox 2372 2175 2559 2243; x_wconf 88' lang='grc' dir='ltr'>χιάσαι</span> <span class='ocrx_word' id='word_1_327' title='bbox 2615 2175 2677 2225; x_wconf 81' lang='grc' dir='ltr'>τὸ</span> <span class='ocrx_word' id='word_1_328' title='bbox 2713 2173 2944 2243; x_wconf 81' lang='grc' dir='ltr'>ἔμϐαδον</span> <span class='ocrx_word' id='word_1_329' title='bbox 3008 2174 3170 2244; x_wconf 76' lang='grc' dir='ltr'>εἴπερ</span> <span class='ocrx_word' id='word_1_330' title='bbox 3203 2173 3395 2243; x_wconf 70' lang='grc' dir='ltr'>ἤθελεν</span> <span class='ocrx_word' id='word_1_331' title='bbox 3423 2189 3436 2204; x_wconf 78' lang='grc' dir='ltr'><strong>ο</strong></span> <span class='ocrx_word' id='word_1_332' title='bbox 3498 2173 3598 2223; x_wconf 83' lang='grc' dir='ltr'>οὐκ</span> 
     </span>
    </p>
   </div>
   <div class='ocr_carea' id='block_1_51' title="bbox 2019 2261 3594 2336">
    <p class='ocr_par' dir='ltr' id='par_1_51' title="bbox 2019 2261 3594 2336">
     <span class='ocr_line' id='line_1_51' title="bbox 2019 2261 3594 2336; baseline 0.003 -18"><span class='ocrx_word' id='word_1_333' title='bbox 2019 2265 2212 2333; x_wconf 77' lang='grc' dir='ltr'>ἤθελεν</span> <span class='ocrx_word' id='word_1_334' title='bbox 2244 2266 2301 2320; x_wconf 80' lang='grc' dir='ltr'>δὲ</span> <span class='ocrx_word' id='word_1_335' title='bbox 2332 2265 2442 2336; x_wconf 79' lang='grc' dir='ltr'>ἄρα</span> <span class='ocrx_word' id='word_1_336' title='bbox 2474 2267 2703 2330; x_wconf 85' lang='grc' dir='ltr'>ἐκεῖνος,</span> <span class='ocrx_word' id='word_1_337' title='bbox 2735 2265 2874 2318; x_wconf 77' lang='grc' dir='ltr'>ἀλλὰ</span> <span class='ocrx_word' id='word_1_338' title='bbox 2903 2266 3281 2335; x_wconf 84' lang='grc' dir='ltr'>διαμετρήσας</span> <span class='ocrx_word' id='word_1_339' title='bbox 3328 2261 3594 2333; x_wconf 75' lang='grc' dir='ltr'><strong>ἀρχικῶς.</strong></span> 
     </span>
    </p>
   </div>
   <div class='ocr_carea' id='block_1_52' title="bbox 2021 2353 3599 2430">
    <p class='ocr_par' dir='ltr' id='par_1_52' title="bbox 2021 2353 3599 2430">
     <span class='ocr_line' id='line_1_52' title="bbox 2021 2353 3599 2430; baseline -0.006 -18"><span class='ocrx_word' id='word_1_340' title='bbox 2021 2359 2114 2412; x_wconf 72' lang='grc' dir='ltr'>καὶ</span> <span class='ocrx_word' id='word_1_341' title='bbox 2138 2359 2300 2428; x_wconf 68' lang='grc' dir='ltr'>ἀφεὶς</span> <span class='ocrx_word' id='word_1_342' title='bbox 2330 2358 2429 2421; x_wconf 82' lang='grc' dir='ltr'><strong>τὰς</strong></span> <span class='ocrx_word' id='word_1_343' title='bbox 2461 2359 2641 2430; x_wconf 82' lang='grc' dir='ltr'>ἀρχὰς</span> <span class='ocrx_word' id='word_1_344' title='bbox 2680 2356 3095 2427; x_wconf 78' lang='grc' dir='ltr'>ἀντιμετώπου;</span> <span class='ocrx_word' id='word_1_345' title='bbox 3152 2353 3366 2408; x_wconf 87' lang='grc' dir='ltr'>κεῖσθαι</span> <span class='ocrx_word' id='word_1_346' title='bbox 3430 2353 3599 2422; x_wconf 80' lang='grc' dir='ltr'>ἀλλή-</span> 
     </span>
    </p>
   </div>
   <div class='ocr_carea' id='block_1_53' title="bbox 2017 2442 3601 2517">
    <p class='ocr_par' dir='ltr' id='par_1_53' title="bbox 2017 2442 3601 2517">
     <span class='ocr_line' id='line_1_53' title="bbox 2017 2442 3601 2517; baseline -0.006 -13"><span class='ocrx_word' id='word_1_347' title='bbox 2017 2449 2152 2515; x_wconf 79' lang='grc' dir='ltr'>λοις,</span> <span class='ocrx_word' id='word_1_348' title='bbox 2188 2449 2264 2512; x_wconf 88' lang='grc' dir='ltr'><strong>ὡς</strong></span> <span class='ocrx_word' id='word_1_349' title='bbox 2291 2449 2594 2501; x_wconf 73' lang='grc' dir='ltr'>ἐννοεῖσθαι</span> <span class='ocrx_word' id='word_1_350' title='bbox 2624 2447 2954 2517; x_wconf 82' lang='grc' dir='ltr'>διαμέτρους</span> <span class='ocrx_word' id='word_1_351' title='bbox 2988 2447 3233 2508; x_wconf 75' lang='grc' dir='ltr'>ἐκείνους</span> <span class='ocrx_word' id='word_1_352' title='bbox 3260 2444 3397 2514; x_wconf 86' lang='grc' dir='ltr'>πρὸς</span> <span class='ocrx_word' id='word_1_353' title='bbox 3442 2442 3601 2496; x_wconf 70' lang='grc' dir='ltr'>ἐντέ-</span> 
     </span>
    </p>
   </div>
   <div class='ocr_carea' id='block_1_54' title="bbox 2016 2532 3600 2610">
    <p class='ocr_par' dir='ltr' id='par_1_54' title="bbox 2016 2532 3600 2610">
     <span class='ocr_line' id='line_1_54' title="bbox 2016 2532 3600 2610; baseline -0.008 -14"><span class='ocrx_word' id='word_1_354' title='bbox 2016 2543 2189 2609; x_wconf 87' lang='grc' dir='ltr'>λειαν,</span> <span class='ocrx_word' id='word_1_355' title='bbox 2236 2540 2560 2610; x_wconf 55' lang='lat' dir='ltr'><strong>trs-[mione</strong></span> <span class='ocrx_word' id='word_1_356' title='bbox 2597 2540 2654 2591; x_wconf 82' lang='grc' dir='ltr'>ὲν</span> <span class='ocrx_word' id='word_1_357' title='bbox 2687 2537 2764 2607; x_wconf 79' lang='grc' dir='ltr'><strong>τῷ</strong></span> <span class='ocrx_word' id='word_1_358' title='bbox 2802 2537 3114 2606; x_wconf 83' lang='grc' dir='ltr'>μεσαιτάτῳ</span> <span class='ocrx_word' id='word_1_359' title='bbox 3165 2535 3267 2604; x_wconf 84' lang='grc' dir='ltr'>τῆς</span> <span class='ocrx_word' id='word_1_360' title='bbox 3311 2532 3600 2593; x_wconf 75' lang='grc' dir='ltr'>ὲποποιῖας</span> 
     </span>
    </p>
   </div>
   <div class='ocr_carea' id='block_1_55' title="bbox 2021 2624 3598 2704">
    <p class='ocr_par' dir='ltr' id='par_1_55' title="bbox 2021 2624 3598 2704">
     <span class='ocr_line' id='line_1_55' title="bbox 2021 2624 3598 2704; baseline -0.01 -16"><span class='ocrx_word' id='word_1_361' title='bbox 2021 2634 2213 2698; x_wconf 80' lang='grc' dir='ltr'>αὐτοῦ,</span> <span class='ocrx_word' id='word_1_362' title='bbox 2261 2637 2356 2686; x_wconf 73' lang='grc' dir='ltr'>καὶ</span> <span class='ocrx_word' id='word_1_363' title='bbox 2413 2631 2602 2704; x_wconf 80' lang='grc' dir='ltr'>σχῆμά</span> <span class='ocrx_word' id='word_1_364' title='bbox 2657 2648 2710 2684; x_wconf 88' lang='grc' dir='ltr'><strong>τι</strong></span> <span class='ocrx_word' id='word_1_365' title='bbox 2776 2628 3132 2700; x_wconf 78' lang='grc' dir='ltr'>ῥομϐοειδὲς,</span> <span class='ocrx_word' id='word_1_366' title='bbox 3191 2630 3254 2679; x_wconf 82' lang='grc' dir='ltr'>ὲκ</span> <span class='ocrx_word' id='word_1_367' title='bbox 3313 2624 3598 2692; x_wconf 79' lang='grc' dir='ltr'>τεσσάρων</span> 
     </span>
    </p>
   </div>
   <div class='ocr_carea' id='block_1_56' title="bbox 2021 2714 3602 2796">
    <p class='ocr_par' dir='ltr' id='par_1_56' title="bbox 2021 2714 3602 2796">
     <span class='ocr_line' id='line_1_56' title="bbox 2021 2714 3602 2796; baseline -0.009 -17"><span class='ocrx_word' id='word_1_368' title='bbox 2021 2725 2370 2796; x_wconf 84' lang='grc' dir='ltr'>γραμμάτων</span> <span class='ocrx_word' id='word_1_369' title='bbox 2401 2726 2530 2778; x_wconf 72' lang='grc' dir='ltr'>αὐτὸ</span> <span class='ocrx_word' id='word_1_370' title='bbox 2555 2721 2886 2795; x_wconf 72' lang='grc' dir='ltr'>διαγράψας.</span> <span class='ocrx_word' id='word_1_371' title='bbox 2928 2721 3035 2773; x_wconf 77' lang='grc' dir='ltr'><strong>Καὶ</strong></span> <span class='ocrx_word' id='word_1_372' title='bbox 3063 2714 3130 2788; x_wconf 81' lang='grc' dir='ltr'>ἦν</span> <span class='ocrx_word' id='word_1_373' title='bbox 3161 2718 3379 2770; x_wconf 84' lang='grc' dir='ltr'>ἀστεῖον</span> <span class='ocrx_word' id='word_1_374' title='bbox 3424 2716 3602 2766; x_wconf 68' lang='grc' dir='ltr'>έκεῖνο</span> 
     </span>
    </p>
   </div>
   <div class='ocr_carea' id='block_1_57' title="bbox 2020 2804 3602 2888">
    <p class='ocr_par' dir='ltr' id='par_1_57' title="bbox 2020 2804 3602 2888">
     <span class='ocr_line' id='line_1_57' title="bbox 2020 2804 3602 2888; baseline -0.01 -16"><span class='ocrx_word' id='word_1_375' title='bbox 2020 2820 2081 2872; x_wconf 84' lang='grc' dir='ltr'><strong>τδ</strong></span> <span class='ocrx_word' id='word_1_376' title='bbox 2112 2819 2357 2887; x_wconf 73' lang='grc' dir='ltr'>πόνημα,</span> <span class='ocrx_word' id='word_1_377' title='bbox 2387 2820 2483 2872; x_wconf 68' lang='grc' dir='ltr'>καὶ</span> <span class='ocrx_word' id='word_1_378' title='bbox 2512 2818 2687 2881; x_wconf 80' lang='grc' dir='ltr'>ἄλλως</span> <span class='ocrx_word' id='word_1_379' title='bbox 2719 2819 2838 2888; x_wconf 77' lang='grc' dir='ltr'>μὲν,</span> <span class='ocrx_word' id='word_1_380' title='bbox 2873 2812 2968 2871; x_wconf 73' lang='grc' dir='ltr'><strong>καὶ</strong></span> <span class='ocrx_word' id='word_1_381' title='bbox 3027 2810 3117 2869; x_wconf 77' lang='grc' dir='ltr'>διὰ</span> <span class='ocrx_word' id='word_1_382' title='bbox 3172 2808 3266 2863; x_wconf 86' lang='grc' dir='ltr'>τοῦ</span> <span class='ocrx_word' id='word_1_383' title='bbox 3305 2806 3500 2871; x_wconf 73' lang='grc' dir='ltr'>δεξῑῶς</span> <span class='ocrx_word' id='word_1_384' title='bbox 3543 2804 3602 2856; x_wconf 71' lang='grc' dir='ltr'>δὲ</span> 
     </span>
    </p>
   </div>
   <div class='ocr_carea' id='block_1_58' title="bbox 338 2898 3601 2980">
    <p class='ocr_par' dir='ltr' id='par_1_58' title="bbox 338 2898 3601 2980">
     <span class='ocr_line' id='line_1_58' title="bbox 338 2898 3601 2980; baseline 0.001 -21"><span class='ocrx_word' id='word_1_385' title='bbox 338 2907 469 2960; x_wconf 82' lang='grc' dir='ltr'>αὐτὸ</span> <span class='ocrx_word' id='word_1_386' title='bbox 501 2908 907 2979; x_wconf 76' lang='grc' dir='ltr'>διαγραφῆναι·</span> <span class='ocrx_word' id='word_1_387' title='bbox 944 2911 1013 2963; x_wconf 81' lang='grc' dir='ltr'>τὰ</span> <span class='ocrx_word' id='word_1_388' title='bbox 1047 2910 1145 2979; x_wconf 86' lang='grc' dir='ltr'>μὲν</span> <span class='ocrx_word' id='word_1_389' title='bbox 1164 2910 1378 2980; x_wconf 84' lang='grc' dir='ltr'>πλευρὰ</span> <span class='ocrx_word' id='word_1_390' title='bbox 1410 2909 1506 2963; x_wconf 85' lang='grc' dir='ltr'>τοῦ</span> <span class='ocrx_word' id='word_1_391' title='bbox 1542 2910 1666 2964; x_wconf 85' lang='grc' dir='ltr'>ὅλου</span> <span class='ocrx_word' id='word_1_392' title='bbox 1714 2908 2058 2980; x_wconf 84' lang='grc' dir='ltr'>τετραγώνου</span> <span class='ocrx_word' id='word_1_393' title='bbox 2090 2910 2184 2964; x_wconf 78' lang='grc' dir='ltr'>καὶ</span> <span class='ocrx_word' id='word_1_394' title='bbox 2243 2912 2298 2963; x_wconf 83' lang='grc' dir='ltr'>αἱ</span> <span class='ocrx_word' id='word_1_395' title='bbox 2355 2911 2466 2964; x_wconf 87' lang='grc' dir='ltr'><strong>τῶν</strong></span> <span class='ocrx_word' id='word_1_396' title='bbox 2528 2910 2841 2979; x_wconf 86' lang='grc' dir='ltr'>διαμέτρων</span> <span class='ocrx_word' id='word_1_397' title='bbox 2896 2913 2954 2963; x_wconf 74' lang='grc' dir='ltr'>ἑν</span> <span class='ocrx_word' id='word_1_398' title='bbox 3025 2910 3251 2978; x_wconf 85' lang='grc' dir='ltr'>ὀνόμασι</span> <span class='ocrx_word' id='word_1_399' title='bbox 3301 2898 3601 2971; x_wconf 65' lang='grc' dir='ltr'>καταρχαὶι</span> 
     </span>
    </p>
   </div>
   <div class='ocr_carea' id='block_1_59' title="bbox 337 2994 3600 3074">
    <p class='ocr_par' dir='ltr' id='par_1_59' title="bbox 337 2994 3600 3074">
     <span class='ocr_line' id='line_1_59' title="bbox 337 2994 3600 3074; baseline -0.002 -20"><span class='ocrx_word' id='word_1_400' title='bbox 337 3004 437 3056; x_wconf 78' lang='grc' dir='ltr'>καὶ</span> <span class='ocrx_word' id='word_1_401' title='bbox 485 3005 513 3055; x_wconf 87' lang='grc' dir='ltr'>ὁ</span> <span class='ocrx_word' id='word_1_402' title='bbox 570 3002 773 3074; x_wconf 78' lang='grc' dir='ltr'>ῥόμϐος</span> <span class='ocrx_word' id='word_1_403' title='bbox 819 3002 1069 3073; x_wconf 78' lang='grc' dir='ltr'>ἐρυθροῖς</span> <span class='ocrx_word' id='word_1_404' title='bbox 1118 3002 1412 3070; x_wconf 82' lang='grc' dir='ltr'>ἐγανοῦντο</span> <span class='ocrx_word' id='word_1_405' title='bbox 1463 3001 1894 3073; x_wconf 73' lang='grc' dir='ltr'>παραυγάζοντα</span> <span class='ocrx_word' id='word_1_406' title='bbox 1959 3004 2289 3072; x_wconf 87' lang='grc' dir='ltr'>γράμμασιν</span> <span class='ocrx_word' id='word_1_407' title='bbox 2324 3019 2339 3035; x_wconf 77' lang='grc' dir='ltr'><strong>ο</strong></span> <span class='ocrx_word' id='word_1_408' title='bbox 2372 3004 2479 3056; x_wconf 77' lang='grc' dir='ltr'>όδὲ</span> <span class='ocrx_word' id='word_1_409' title='bbox 2512 3003 2701 3066; x_wconf 72' lang='grc' dir='ltr'>λοιπὸς</span> <span class='ocrx_word' id='word_1_410' title='bbox 2735 3003 2891 3067; x_wconf 80' lang='grc' dir='ltr'>ὁλκὸς</span> <span class='ocrx_word' id='word_1_411' title='bbox 2923 3004 2951 3055; x_wconf 89' lang='grc' dir='ltr'><strong>ό</strong></span> <span class='ocrx_word' id='word_1_412' title='bbox 3022 3003 3163 3055; x_wconf 79' lang='grc' dir='ltr'>κατά</span> <span class='ocrx_word' id='word_1_413' title='bbox 3210 3002 3272 3054; x_wconf 84' lang='grc' dir='ltr'>τὸ</span> <span class='ocrx_word' id='word_1_414' title='bbox 3342 2994 3600 3069; x_wconf 61' lang='grc' dir='ltr'>ἔμιῖζδονο</span> 
     </span>
    </p>
   </div>
   <div class='ocr_carea' id='block_1_60' title="bbox 343 3094 3085 3168">
    <p class='ocr_par' dir='ltr' id='par_1_60' title="bbox 343 3094 3085 3168">
     <span class='ocr_line' id='line_1_60' title="bbox 343 3094 3085 3168; baseline 0.001 -21"><span class='ocrx_word' id='word_1_415' title='bbox 343 3096 593 3166; x_wconf 87' lang='grc' dir='ltr'>συνήθως</span> <span class='ocrx_word' id='word_1_416' title='bbox 620 3094 733 3167; x_wconf 74' lang='grc' dir='ltr'>εἶχε</span> <span class='ocrx_word' id='word_1_417' title='bbox 761 3098 857 3167; x_wconf 75' lang='grc' dir='ltr'>τῆς</span> <span class='ocrx_word' id='word_1_418' title='bbox 889 3097 1108 3167; x_wconf 81' lang='grc' dir='ltr'>γραφῆς</span> <span class='ocrx_word' id='word_1_419' title='bbox 1133 3115 1148 3131; x_wconf 79' lang='grc' dir='ltr'><strong>ο</strong></span> <span class='ocrx_word' id='word_1_420' title='bbox 1185 3099 1280 3151; x_wconf 79' lang='grc' dir='ltr'>καὶ</span> <span class='ocrx_word' id='word_1_421' title='bbox 1304 3094 1372 3168; x_wconf 83' lang='grc' dir='ltr'>ἦν</span> <span class='ocrx_word' id='word_1_422' title='bbox 1401 3098 1534 3150; x_wconf 81' lang='grc' dir='ltr'>αὐτὸ</span> <span class='ocrx_word' id='word_1_423' title='bbox 1594 3096 1912 3166; x_wconf 82' lang='grc' dir='ltr'>πανήγυρίς</span> <span class='ocrx_word' id='word_1_424' title='bbox 1952 3111 2009 3148; x_wconf 89' lang='grc' dir='ltr'><strong>τε</strong></span> <span class='ocrx_word' id='word_1_425' title='bbox 2046 3097 2225 3166; x_wconf 75' lang='grc' dir='ltr'>ὂψεως</span> <span class='ocrx_word' id='word_1_426' title='bbox 2258 3098 2351 3151; x_wconf 73' lang='grc' dir='ltr'>καὶ</span> <span class='ocrx_word' id='word_1_427' title='bbox 2387 3098 2603 3168; x_wconf 87' lang='grc' dir='ltr'>σῶφρον</span> <span class='ocrx_word' id='word_1_428' title='bbox 2632 3097 2856 3166; x_wconf 84' lang='grc' dir='ltr'>ἄγαλμα</span> <span class='ocrx_word' id='word_1_429' title='bbox 2883 3097 3085 3167; x_wconf 78' lang='grc' dir='ltr'>ψυχῆς.</span> 
     </span>
    </p>
   </div>
   <div class='ocr_carea' id='block_1_61' title="bbox 418 3191 1918 3279">
    <p class='ocr_par' dir='ltr' id='par_1_61' title="bbox 418 3191 1918 3259">
     <span class='ocr_line' id='line_1_61' title="bbox 418 3191 1918 3259; baseline -0.001 -15"><span class='ocrx_word' id='word_1_430' title='bbox 418 3191 485 3244; x_wconf 88' lang='grc' dir='ltr'>Ει</span> <span class='ocrx_word' id='word_1_431' title='bbox 550 3191 723 3246; x_wconf 86' lang='lat' dir='ltr'><strong>solers</strong></span> <span class='ocrx_word' id='word_1_432' title='bbox 742 3193 902 3247; x_wconf 85' lang='lat' dir='ltr'><strong>nobis</strong></span> <span class='ocrx_word' id='word_1_433' title='bbox 927 3195 1078 3248; x_wconf 82' lang='lat' dir='ltr'><strong>visus</strong></span> <span class='ocrx_word' id='word_1_434' title='bbox 1109 3204 1193 3248; x_wconf 87' lang='lat' dir='ltr'><strong>est</strong></span> <span class='ocrx_word' id='word_1_435' title='bbox 1215 3194 1299 3247; x_wconf 82' lang='lat' dir='ltr'><strong>vir</strong></span> <span class='ocrx_word' id='word_1_436' title='bbox 1330 3195 1456 3259; x_wconf 85' lang='lat' dir='ltr'><strong>ille;</strong></span> <span class='ocrx_word' id='word_1_437' title='bbox 1515 3208 1616 3247; x_wconf 88' lang='lat' dir='ltr'><strong>nec</strong></span> <span class='ocrx_word' id='word_1_438' title='bbox 1642 3193 1918 3247; x_wconf 74' lang='lat' dir='ltr'><strong>solertiam</strong></span> 
     </span>
    </p>
   </div>
   <div class='ocr_carea' id='block_1_62' title="bbox 2022 3191 3600 3279">
    <p class='ocr_par' dir='ltr' id='par_1_62' title="bbox 2076 3191 3600 3279">
     <span class='ocr_line' id='line_1_62' title="bbox 2076 3191 3600 3279; baseline -0.003 -31"><span class='ocrx_word' id='word_1_439' title='bbox 2076 3197 2210 3279; x_wconf 48' lang='lat' dir='ltr'><strong>.Kal</strong></span> <span class='ocrx_word' id='word_1_440' title='bbox 2240 3195 2410 3264; x_wconf 79' lang='grc' dir='ltr'>ἐφάνη</span> <span class='ocrx_word' id='word_1_441' title='bbox 2436 3197 2463 3247; x_wconf 84' lang='grc' dir='ltr'>ὁ</span> <span class='ocrx_word' id='word_1_442' title='bbox 2506 3194 2796 3262; x_wconf 79' lang='grc' dir='ltr'>ἄνθρωπος</span> <span class='ocrx_word' id='word_1_443' title='bbox 2834 3194 3045 3255; x_wconf 76' lang='grc' dir='ltr'>ἐκεῖνος</span> <span class='ocrx_word' id='word_1_444' title='bbox 3084 3192 3222 3262; x_wconf 77' lang='grc' dir='ltr'>ἡμῖν</span> <span class='ocrx_word' id='word_1_445' title='bbox 3259 3191 3430 3257; x_wconf 78' lang='grc' dir='ltr'>δεξιός</span> <span class='ocrx_word' id='word_1_446' title='bbox 3455 3208 3469 3222; x_wconf 91' lang='grc'><strong>·</strong></span> <span class='ocrx_word' id='word_1_447' title='bbox 3511 3192 3600 3244; x_wconf 83' lang='grc' dir='ltr'><strong>ναὶ</strong></span> 
     </span>
    </p>
   </div>
   <div class='ocr_carea' id='block_1_63' title="bbox 341 3282 1919 3352">
    <p class='ocr_par' dir='ltr' id='par_1_63' title="bbox 341 3282 1919 3352">
     <span class='ocr_line' id='line_1_63' title="bbox 341 3282 1919 3352; baseline 0 -17"><span class='ocrx_word' id='word_1_448' title='bbox 341 3282 612 3337; x_wconf 89' lang='lat' dir='ltr'><strong>mentitus</strong></span> <span class='ocrx_word' id='word_1_449' title='bbox 652 3291 795 3347; x_wconf 90' lang='lat' dir='ltr'><strong>erat,</strong></span> <span class='ocrx_word' id='word_1_450' title='bbox 826 3283 882 3338; x_wconf 89' lang='lat' dir='ltr'><strong>in</strong></span> <span class='ocrx_word' id='word_1_451' title='bbox 917 3287 1147 3339; x_wconf 84' lang='lat' dir='ltr'><strong>veritate</strong></span> <span class='ocrx_word' id='word_1_452' title='bbox 1168 3285 1293 3339; x_wconf 90' lang='lat' dir='ltr'><strong>dico</strong></span> <span class='ocrx_word' id='word_1_453' title='bbox 1330 3301 1344 3352; x_wconf 89' lang='lat'><strong>;</strong></span> <span class='ocrx_word' id='word_1_454' title='bbox 1375 3287 1527 3339; x_wconf 88' lang='lat' dir='ltr'><strong>visus</strong></span> <span class='ocrx_word' id='word_1_455' title='bbox 1587 3291 1675 3338; x_wconf 88' lang='lat' dir='ltr'><strong>est</strong></span> <span class='ocrx_word' id='word_1_456' title='bbox 1738 3292 1919 3337; x_wconf 88' lang='lat' dir='ltr'><strong>autem</strong></span> 
     </span>
    </p>
   </div>
   <div class='ocr_carea' id='block_1_64' title="bbox 340 3375 1921 3446">
    <p class='ocr_par' dir='ltr' id='par_1_64' title="bbox 340 3375 1921 3446">
     <span class='ocr_line' id='line_1_64' title="bbox 340 3375 1921 3446; baseline 0.001 -17"><span class='ocrx_word' id='word_1_457' title='bbox 340 3390 454 3429; x_wconf 84' lang='lat' dir='ltr'><strong>non</strong></span> <span class='ocrx_word' id='word_1_458' title='bbox 481 3389 549 3430; x_wconf 81' lang='lat' dir='ltr'><strong>ex</strong></span> <span class='ocrx_word' id='word_1_459' title='bbox 581 3376 763 3442; x_wconf 80' lang='lat' dir='ltr'><strong>seipse</strong></span> <span class='ocrx_word' id='word_1_460' title='bbox 793 3384 905 3430; x_wconf 89' lang='lat' dir='ltr'><strong>tam</strong></span> <span class='ocrx_word' id='word_1_461' title='bbox 936 3377 1225 3446; x_wconf 89' lang='lat' dir='ltr'><strong>pulchrum</strong></span> <span class='ocrx_word' id='word_1_462' title='bbox 1255 3378 1546 3432; x_wconf 80' lang='lat' dir='ltr'><strong>inchoasse</strong></span> <span class='ocrx_word' id='word_1_463' title='bbox 1584 3392 1747 3446; x_wconf 89' lang='lat' dir='ltr'><strong>opus,</strong></span> <span class='ocrx_word' id='word_1_464' title='bbox 1824 3375 1921 3430; x_wconf 89' lang='lat' dir='ltr'><strong>sed</strong></span> 
     </span>
    </p>
   </div>
   <div class='ocr_carea' id='block_1_65' title="bbox 344 3466 1920 3537">
    <p class='ocr_par' dir='ltr' id='par_1_65' title="bbox 344 3466 1920 3537">
     <span class='ocr_line' id='line_1_65' title="bbox 344 3466 1920 3537; baseline 0.001 -18"><span class='ocrx_word' id='word_1_465' title='bbox 344 3466 622 3535; x_wconf 78' lang='lat' dir='ltr'><strong>accepisse</strong></span> <span class='ocrx_word' id='word_1_466' title='bbox 647 3467 781 3521; x_wconf 87' lang='lat' dir='ltr'><strong>illud</strong></span> <span class='ocrx_word' id='word_1_467' title='bbox 815 3481 880 3522; x_wconf 84' lang='lat' dir='ltr'><strong>ex</strong></span> <span class='ocrx_word' id='word_1_468' title='bbox 918 3469 1139 3537; x_wconf 86' lang='lat' dir='ltr'><strong>antiqua</strong></span> <span class='ocrx_word' id='word_1_469' title='bbox 1169 3469 1501 3523; x_wconf 89' lang='lat' dir='ltr'><strong>inventione.</strong></span> <span class='ocrx_word' id='word_1_470' title='bbox 1530 3473 1699 3521; x_wconf 85' lang='lat' dir='ltr'><strong>Antea</strong></span> <span class='ocrx_word' id='word_1_471' title='bbox 1769 3467 1920 3521; x_wconf 91' lang='lat' dir='ltr'><strong>cnim</strong></span> 
     </span>
    </p>
   </div>
   <div class='ocr_carea' id='block_1_66' title="bbox 340 3556 1925 3627">
    <p class='ocr_par' dir='ltr' id='par_1_66' title="bbox 340 3556 1925 3627">
     <span class='ocr_line' id='line_1_66' title="bbox 340 3556 1925 3627; baseline -0.001 -16"><span class='ocrx_word' id='word_1_472' title='bbox 340 3556 779 3612; x_wconf 73' lang='lat' dir='ltr'><strong>esstabatsimile</strong></span> <span class='ocrx_word' id='word_1_473' title='bbox 801 3556 1048 3611; x_wconf 70' lang='lat' dir='ltr'><strong>Graecum</strong></span> <span class='ocrx_word' id='word_1_474' title='bbox 1069 3573 1280 3627; x_wconf 88' lang='lat' dir='ltr'><strong>poema,</strong></span> <span class='ocrx_word' id='word_1_475' title='bbox 1297 3558 1472 3624; x_wconf 88' lang='lat' dir='ltr'><strong>quoad</strong></span> <span class='ocrx_word' id='word_1_476' title='bbox 1493 3558 1790 3612; x_wconf 86' lang='lat' dir='ltr'><strong>sententias</strong></span> <span class='ocrx_word' id='word_1_477' title='bbox 1805 3559 1925 3625; x_wconf 88' lang='lat' dir='ltr'><strong>qui-</strong></span> 
     </span>
    </p>
   </div>
   <div class='ocr_carea' id='block_1_67' title="bbox 342 3647 1926 3715">
    <p class='ocr_par' dir='ltr' id='par_1_67' title="bbox 342 3647 1926 3715">
     <span class='ocr_line' id='line_1_67' title="bbox 342 3647 1926 3715; baseline 0 -12"><span class='ocrx_word' id='word_1_478' title='bbox 342 3649 467 3703; x_wconf 84' lang='lat' dir='ltr'><strong>dem</strong></span> <span class='ocrx_word' id='word_1_479' title='bbox 509 3649 734 3703; x_wconf 88' lang='lat' dir='ltr'><strong>omnino</strong></span> <span class='ocrx_word' id='word_1_480' title='bbox 762 3647 1083 3715; x_wconf 89' lang='lat' dir='ltr'><strong>diversum;</strong></span> <span class='ocrx_word' id='word_1_481' title='bbox 1135 3651 1436 3704; x_wconf 75' lang='lat' dir='ltr'><strong>secundum</strong></span> <span class='ocrx_word' id='word_1_482' title='bbox 1490 3649 1636 3702; x_wconf 86' lang='lat' dir='ltr'><strong>enim</strong></span> <span class='ocrx_word' id='word_1_483' title='bbox 1683 3652 1750 3704; x_wconf 89' lang='lat' dir='ltr'><strong>ad</strong></span> <span class='ocrx_word' id='word_1_484' title='bbox 1803 3650 1926 3703; x_wconf 89' lang='lat' dir='ltr'><strong>imi-</strong></span> 
     </span>
    </p>
   </div>
   <div class='ocr_carea' id='block_1_68' title="bbox 347 3740 1924 3813">
    <p class='ocr_par' dir='ltr' id='par_1_68' title="bbox 347 3740 1924 3813">
     <span class='ocr_line' id='line_1_68' title="bbox 347 3740 1924 3813; baseline -0.001 -17"><span class='ocrx_word' id='word_1_485' title='bbox 347 3741 632 3805; x_wconf 88' lang='lat' dir='ltr'><strong>tationem,</strong></span> <span class='ocrx_word' id='word_1_486' title='bbox 655 3741 835 3811; x_wconf 74' lang='lat' dir='ltr'><strong>regias</strong></span> <span class='ocrx_word' id='word_1_487' title='bbox 867 3740 1054 3795; x_wconf 86' lang='lat' dir='ltr'><strong>laudes</strong></span> <span class='ocrx_word' id='word_1_488' title='bbox 1084 3741 1313 3796; x_wconf 86' lang='lat' dir='ltr'><strong>habebat</strong></span> <span class='ocrx_word' id='word_1_489' title='bbox 1340 3742 1724 3813; x_wconf 78' lang='lat' dir='ltr'><strong>;arcltetypum</strong></span> <span class='ocrx_word' id='word_1_490' title='bbox 1744 3752 1924 3797; x_wconf 88' lang='lat' dir='ltr'><strong>autem</strong></span> 
     </span>
    </p>
   </div>
   <div class='ocr_carea' id='block_1_69' title="bbox 348 3832 1925 3904">
    <p class='ocr_par' dir='ltr' id='par_1_69' title="bbox 348 3832 1925 3904">
     <span class='ocr_line' id='line_1_69' title="bbox 348 3832 1925 3904; baseline 0.001 -17"><span class='ocrx_word' id='word_1_491' title='bbox 348 3832 654 3903; x_wconf 75' lang='lat' dir='ltr'><strong>peregrinis</strong></span> <span class='ocrx_word' id='word_1_492' title='bbox 701 3833 986 3888; x_wconf 87' lang='lat' dir='ltr'><strong>constabat</strong></span> <span class='ocrx_word' id='word_1_493' title='bbox 1017 3833 1390 3901; x_wconf 81' lang='lat' dir='ltr'><strong>substantiis;</strong></span> <span class='ocrx_word' id='word_1_494' title='bbox 1430 3835 1680 3904; x_wconf 71' lang='lat' dir='ltr'><strong>quaedam</strong></span> <span class='ocrx_word' id='word_1_495' title='bbox 1740 3843 1925 3890; x_wconf 90' lang='lat' dir='ltr'><strong>autem</strong></span> 
     </span>
    </p>
   </div>
   <div class='ocr_carea' id='block_1_70' title="bbox 350 3924 1927 3994">
    <p class='ocr_par' dir='ltr' id='par_1_70' title="bbox 350 3924 1927 3994">
     <span class='ocr_line' id='line_1_70' title="bbox 350 3924 1927 3994; baseline 0.002 -17"><span class='ocrx_word' id='word_1_496' title='bbox 350 3925 607 3994; x_wconf 73' lang='lat' dir='ltr'><strong>fugerunt</strong></span> <span class='ocrx_word' id='word_1_497' title='bbox 639 3939 763 3991; x_wconf 88' lang='lat' dir='ltr'><strong>me;</strong></span> <span class='ocrx_word' id='word_1_498' title='bbox 795 3924 926 3979; x_wconf 87' lang='lat' dir='ltr'><strong>abiit</strong></span> <span class='ocrx_word' id='word_1_499' title='bbox 958 3925 1102 3979; x_wconf 89' lang='lat' dir='ltr'><strong>enim</strong></span> <span class='ocrx_word' id='word_1_500' title='bbox 1133 3925 1390 3981; x_wconf 81' lang='lat' dir='ltr'><strong>volumen</strong></span> <span class='ocrx_word' id='word_1_501' title='bbox 1447 3926 1631 3993; x_wconf 89' lang='lat' dir='ltr'><strong>aliquo</strong></span> <span class='ocrx_word' id='word_1_502' title='bbox 1656 3928 1796 3981; x_wconf 90' lang='lat' dir='ltr'><strong>inter</strong></span> <span class='ocrx_word' id='word_1_503' title='bbox 1822 3927 1927 3980; x_wconf 88' lang='lat' dir='ltr'><strong>La-</strong></span> 
     </span>
    </p>
   </div>
   <div class='ocr_carea' id='block_1_71' title="bbox 348 4016 1926 4089">
    <p class='ocr_par' dir='ltr' id='par_1_71' title="bbox 348 4016 1926 4089">
     <span class='ocr_line' id='line_1_71' title="bbox 348 4016 1926 4089; baseline 0.001 -19"><span class='ocrx_word' id='word_1_504' title='bbox 348 4017 533 4082; x_wconf 85' lang='lat' dir='ltr'><strong>tinos;</strong></span> <span class='ocrx_word' id='word_1_505' title='bbox 569 4016 673 4071; x_wconf 89' lang='lat' dir='ltr'><strong>heu</strong></span> <span class='ocrx_word' id='word_1_506' title='bbox 704 4018 839 4071; x_wconf 86' lang='lat' dir='ltr'><strong>mihi</strong></span> <span class='ocrx_word' id='word_1_507' title='bbox 869 4016 1009 4087; x_wconf 91' lang='lat' dir='ltr'><strong>quod</strong></span> <span class='ocrx_word' id='word_1_508' title='bbox 1033 4017 1380 4072; x_wconf 87' lang='lat' dir='ltr'><strong>meminerim</strong></span> <span class='ocrx_word' id='word_1_509' title='bbox 1443 4028 1654 4089; x_wconf 85' lang='lat' dir='ltr'><strong>quanta</strong></span> <span class='ocrx_word' id='word_1_510' title='bbox 1705 4034 1926 4089; x_wconf 86' lang='lat' dir='ltr'><strong>perpes-</strong></span> 
     </span>
    </p>
   </div>
   <div class='ocr_carea' id='block_1_72' title="bbox 345 4106 1929 4178">
    <p class='ocr_par' dir='ltr' id='par_1_72' title="bbox 345 4106 1929 4178">
     <span class='ocr_line' id='line_1_72' title="bbox 345 4106 1929 4178; baseline 0.003 -18"><span class='ocrx_word' id='word_1_511' title='bbox 345 4122 444 4162; x_wconf 87' lang='lat' dir='ltr'><strong>sus</strong></span> <span class='ocrx_word' id='word_1_512' title='bbox 477 4106 671 4161; x_wconf 80' lang='lat' dir='ltr'><strong>fuerim</strong></span> <span class='ocrx_word' id='word_1_513' title='bbox 702 4117 894 4178; x_wconf 91' lang='lat' dir='ltr'><strong>captus</strong></span> <span class='ocrx_word' id='word_1_514' title='bbox 914 4115 969 4162; x_wconf 92' lang='lat' dir='ltr'><strong>et</strong></span> <span class='ocrx_word' id='word_1_515' title='bbox 1003 4107 1055 4161; x_wconf 91' lang='lat' dir='ltr'><strong>in</strong></span> <span class='ocrx_word' id='word_1_516' title='bbox 1097 4108 1412 4163; x_wconf 87' lang='lat' dir='ltr'><strong>servitutem</strong></span> <span class='ocrx_word' id='word_1_517' title='bbox 1458 4110 1749 4164; x_wconf 83' lang='lat' dir='ltr'><strong>redactust</strong></span> <span class='ocrx_word' id='word_1_518' title='bbox 1786 4108 1929 4166; x_wconf 89' lang='lat' dir='ltr'><strong>Feli-</strong></span> 
     </span>
    </p>
   </div>
   <div class='ocr_carea' id='block_1_73' title="bbox 344 4198 1926 4268">
    <p class='ocr_par' dir='ltr' id='par_1_73' title="bbox 344 4198 1926 4268">
     <span class='ocr_line' id='line_1_73' title="bbox 344 4198 1926 4268; baseline 0.004 -17"><span class='ocrx_word' id='word_1_519' title='bbox 344 4214 465 4251; x_wconf 77' lang='lat' dir='ltr'><strong>cem</strong></span> <span class='ocrx_word' id='word_1_520' title='bbox 495 4206 675 4253; x_wconf 91' lang='lat' dir='ltr'><strong>autem</strong></span> <span class='ocrx_word' id='word_1_521' title='bbox 705 4213 792 4253; x_wconf 88' lang='lat' dir='ltr'><strong>me</strong></span> <span class='ocrx_word' id='word_1_522' title='bbox 815 4198 961 4268; x_wconf 90' lang='lat' dir='ltr'><strong>quod</strong></span> <span class='ocrx_word' id='word_1_523' title='bbox 995 4212 1024 4252; x_wconf 87' lang='lat' dir='ltr'><strong>a</strong></span> <span class='ocrx_word' id='word_1_524' title='bbox 1057 4198 1165 4254; x_wconf 90' lang='lat' dir='ltr'><strong>Deo</strong></span> <span class='ocrx_word' id='word_1_525' title='bbox 1191 4213 1321 4255; x_wconf 89' lang='lat' dir='ltr'><strong>vere</strong></span> <span class='ocrx_word' id='word_1_526' title='bbox 1360 4198 1643 4255; x_wconf 88' lang='lat' dir='ltr'><strong>Salvatore</strong></span> <span class='ocrx_word' id='word_1_527' title='bbox 1666 4202 1926 4258; x_wconf 88' lang='lat' dir='ltr'><strong>liberatus</strong></span> 
     </span>
    </p>
   </div>
   <div class='ocr_carea' id='block_1_74' title="bbox 348 4286 1923 4369">
    <p class='ocr_par' dir='ltr' id='par_1_74' title="bbox 348 4286 1923 4369">
     <span class='ocr_line' id='line_1_74' title="bbox 348 4286 1923 4369; baseline 0.006 -30"><span class='ocrx_word' id='word_1_528' title='bbox 348 4286 591 4341; x_wconf 76' lang='lat' dir='ltr'><strong>fuerim!</strong></span> <span class='ocrx_word' id='word_1_529' title='bbox 630 4286 903 4369; x_wconf 81' lang='lat' dir='ltr'><strong>Modicum</strong></span> <span class='ocrx_word' id='word_1_530' title='bbox 939 4296 1119 4344; x_wconf 90' lang='lat' dir='ltr'><strong>autem</strong></span> <span class='ocrx_word' id='word_1_531' title='bbox 1160 4291 1504 4356; x_wconf 84' lang='lat' dir='ltr'><strong>recordatus,</strong></span> <span class='ocrx_word' id='word_1_532' title='bbox 1559 4291 1764 4348; x_wconf 79' lang='lat' dir='ltr'><strong>referre</strong></span> <span class='ocrx_word' id='word_1_533' title='bbox 1794 4309 1923 4364; x_wconf 88' lang='lat' dir='ltr'><strong>pos-</strong></span> 
     </span>
    </p>
   </div>
   <div class='ocr_carea' id='block_1_75' title="bbox 347 4380 1927 4447">
    <p class='ocr_par' dir='ltr' id='par_1_75' title="bbox 347 4380 1927 4447">
     <span class='ocr_line' id='line_1_75' title="bbox 347 4380 1927 4447; baseline 0.004 -13"><span class='ocrx_word' id='word_1_534' title='bbox 347 4393 473 4434; x_wconf 85' lang='lat' dir='ltr'><strong>sum</strong></span> <span class='ocrx_word' id='word_1_535' title='bbox 512 4380 786 4447; x_wconf 87' lang='lat' dir='ltr'><strong>quomodo</strong></span> <span class='ocrx_word' id='word_1_536' title='bbox 851 4381 1138 4436; x_wconf 78' lang='lat' dir='ltr'><strong>exordium</strong></span> <span class='ocrx_word' id='word_1_537' title='bbox 1203 4396 1375 4437; x_wconf 88' lang='lat' dir='ltr'><strong>unum</strong></span> <span class='ocrx_word' id='word_1_538' title='bbox 1428 4382 1569 4437; x_wconf 90' lang='lat' dir='ltr'><strong>male</strong></span> <span class='ocrx_word' id='word_1_539' title='bbox 1621 4382 1927 4441; x_wconf 87' lang='lat' dir='ltr'><strong>deducebat</strong></span> 
     </span>
    </p>
   </div>
   <div class='ocr_carea' id='block_1_76' title="bbox 351 4471 1922 4543">
    <p class='ocr_par' dir='ltr' id='par_1_76' title="bbox 351 4471 1922 4543">
     <span class='ocr_line' id='line_1_76' title="bbox 351 4471 1922 4543; baseline 0.004 -18"><span class='ocrx_word' id='word_1_540' title='bbox 351 4471 580 4541; x_wconf 74' lang='lat' dir='ltr'><strong>Serapis</strong></span> <span class='ocrx_word' id='word_1_541' title='bbox 604 4512 620 4537; x_wconf 95' lang='lat'><strong>,</strong></span> <span class='ocrx_word' id='word_1_542' title='bbox 647 4472 909 4527; x_wconf 85' lang='lat' dir='ltr'><strong>daemonis</strong></span> <span class='ocrx_word' id='word_1_543' title='bbox 935 4473 1039 4529; x_wconf 88' lang='lat' dir='ltr'><strong>hoc</strong></span> <span class='ocrx_word' id='word_1_544' title='bbox 1072 4487 1313 4542; x_wconf 87' lang='lat' dir='ltr'><strong>nomen;</strong></span> <span class='ocrx_word' id='word_1_545' title='bbox 1350 4472 1566 4543; x_wconf 90' lang='lat' dir='ltr'><strong>reliqua</strong></span> <span class='ocrx_word' id='word_1_546' title='bbox 1603 4484 1782 4530; x_wconf 84' lang='lat' dir='ltr'><strong>autem</strong></span> <span class='ocrx_word' id='word_1_547' title='bbox 1817 4477 1922 4531; x_wconf 87' lang='lat' dir='ltr'><strong>tria</strong></span> 
     </span>
    </p>
   </div>
   <div class='ocr_carea' id='block_1_77' title="bbox 2024 3283 3596 3356">
    <p class='ocr_par' dir='ltr' id='par_1_77' title="bbox 2024 3283 3596 3356">
     <span class='ocr_line' id='line_1_77' title="bbox 2024 3283 3596 3356; baseline -0.005 -14"><span class='ocrx_word' id='word_1_548' title='bbox 2024 3289 2102 3351; x_wconf 77' lang='grc' dir='ltr'><strong>δὲ,</strong></span> <span class='ocrx_word' id='word_1_549' title='bbox 2146 3288 2267 3340; x_wconf 81' lang='grc' dir='ltr'>οὐδὲ</span> <span class='ocrx_word' id='word_1_550' title='bbox 2305 3287 2561 3355; x_wconf 78' lang='grc' dir='ltr'>ἐψεύδετο</span> <span class='ocrx_word' id='word_1_551' title='bbox 2619 3287 2717 3355; x_wconf 82' lang='grc' dir='ltr'>τὴν</span> <span class='ocrx_word' id='word_1_552' title='bbox 2778 3285 3065 3356; x_wconf 81' lang='grc' dir='ltr'>δεξιότητα</span> <span class='ocrx_word' id='word_1_553' title='bbox 3102 3285 3239 3355; x_wconf 76' lang='grc' dir='ltr'>πρὸς</span> <span class='ocrx_word' id='word_1_554' title='bbox 3302 3283 3596 3353; x_wconf 84' lang='grc' dir='ltr'>ἀλήθειαν·</span> 
     </span>
    </p>
   </div>
   <div class='ocr_carea' id='block_1_78' title="bbox 2026 3375 3600 3451">
    <p class='ocr_par' dir='ltr' id='par_1_78' title="bbox 2026 3375 3600 3451">
     <span class='ocr_line' id='line_1_78' title="bbox 2026 3375 3600 3451; baseline -0.002 -19"><span class='ocrx_word' id='word_1_555' title='bbox 2026 3381 2285 3451; x_wconf 79' lang='grc' dir='ltr'>ἐφωράθη</span> <span class='ocrx_word' id='word_1_556' title='bbox 2334 3379 2388 3431; x_wconf 83' lang='grc' dir='ltr'>δὲ</span> <span class='ocrx_word' id='word_1_557' title='bbox 2435 3380 2495 3430; x_wconf 83' lang='grc' dir='ltr'>οὐ</span> <span class='ocrx_word' id='word_1_558' title='bbox 2566 3377 2843 3447; x_wconf 78' lang='grc' dir='ltr'>κατάρξας</span> <span class='ocrx_word' id='word_1_559' title='bbox 2902 3377 3066 3441; x_wconf 77' lang='grc' dir='ltr'>αὐτὸς</span> <span class='ocrx_word' id='word_1_560' title='bbox 3123 3377 3218 3429; x_wconf 74' lang='grc' dir='ltr'>τοῦ</span> <span class='ocrx_word' id='word_1_561' title='bbox 3255 3377 3420 3431; x_wconf 81' lang='grc' dir='ltr'>καλοῦ</span> <span class='ocrx_word' id='word_1_562' title='bbox 3449 3375 3600 3429; x_wconf 71' lang='grc' dir='ltr'>τοῦδε</span> 
     </span>
    </p>
   </div>
   <div class='ocr_carea' id='block_1_79' title="bbox 2028 3468 3601 3542">
    <p class='ocr_par' dir='ltr' id='par_1_79' title="bbox 2028 3468 3601 3542">
     <span class='ocr_line' id='line_1_79' title="bbox 2028 3468 3601 3542; baseline -0.004 -17"><span class='ocrx_word' id='word_1_563' title='bbox 2028 3476 2360 3542; x_wconf 85' lang='grc' dir='ltr'>πονήματος,</span> <span class='ocrx_word' id='word_1_564' title='bbox 2394 3470 2531 3524; x_wconf 82' lang='grc' dir='ltr'>ἀλλά</span> <span class='ocrx_word' id='word_1_565' title='bbox 2558 3468 2897 3538; x_wconf 87' lang='grc' dir='ltr'>παραλαϐὼν</span> <span class='ocrx_word' id='word_1_566' title='bbox 2931 3469 3064 3522; x_wconf 75' lang='grc' dir='ltr'>αὐτὸ</span> <span class='ocrx_word' id='word_1_567' title='bbox 3095 3468 3152 3535; x_wconf 81' lang='grc' dir='ltr'><strong>ἐξ</strong></span> <span class='ocrx_word' id='word_1_568' title='bbox 3185 3468 3458 3537; x_wconf 82' lang='grc' dir='ltr'>εὑρέσεως</span> <span class='ocrx_word' id='word_1_569' title='bbox 3495 3484 3601 3519; x_wconf 85' lang='grc' dir='ltr'>πα-</span> 
     </span>
    </p>
   </div>
   <div class='ocr_carea' id='block_1_80' title="bbox 2024 3558 3602 3632">
    <p class='ocr_par' dir='ltr' id='par_1_80' title="bbox 2024 3558 3602 3632">
     <span class='ocr_line' id='line_1_80' title="bbox 2024 3558 3602 3632; baseline -0.002 -16"><span class='ocrx_word' id='word_1_570' title='bbox 2024 3564 2183 3626; x_wconf 77' lang='grc' dir='ltr'>λαιᾶς</span> <span class='ocrx_word' id='word_1_571' title='bbox 2219 3580 2234 3595; x_wconf 90' lang='grc'><strong>·</strong></span> <span class='ocrx_word' id='word_1_572' title='bbox 2293 3564 2582 3632; x_wconf 78' lang='grc' dir='ltr'>προέκειτο</span> <span class='ocrx_word' id='word_1_573' title='bbox 2630 3563 2739 3630; x_wconf 83' lang='grc' dir='ltr'><strong>γάρ</strong></span> <span class='ocrx_word' id='word_1_574' title='bbox 2801 3561 3012 3616; x_wconf 71' lang='grc' dir='ltr'>ἐκείνου</span> <span class='ocrx_word' id='word_1_575' title='bbox 3076 3561 3360 3631; x_wconf 77' lang='grc' dir='ltr'>έλληνικδν</span> <span class='ocrx_word' id='word_1_576' title='bbox 3392 3558 3602 3613; x_wconf 83' lang='grc' dir='ltr'>τοιοῦτο</span> 
     </span>
    </p>
   </div>
   <div class='ocr_carea' id='block_1_81' title="bbox 2026 3650 3606 3724">
    <p class='ocr_par' dir='ltr' id='par_1_81' title="bbox 2026 3650 3606 3724">
     <span class='ocr_line' id='line_1_81' title="bbox 2026 3650 3606 3724; baseline -0.004 -16"><span class='ocrx_word' id='word_1_577' title='bbox 2026 3655 2259 3724; x_wconf 85' lang='grc' dir='ltr'>ποίημα,</span> <span class='ocrx_word' id='word_1_578' title='bbox 2298 3655 2355 3715; x_wconf 82' lang='grc' dir='ltr'>ὲς</span> <span class='ocrx_word' id='word_1_579' title='bbox 2385 3652 2445 3705; x_wconf 85' lang='grc' dir='ltr'>τὸ</span> <span class='ocrx_word' id='word_1_580' title='bbox 2472 3654 2583 3706; x_wconf 78' lang='grc' dir='ltr'><strong>πᾶν</strong></span> <span class='ocrx_word' id='word_1_581' title='bbox 2602 3652 3032 3722; x_wconf 82' lang='grc' dir='ltr'>ἀπαράλλακτον</span> <span class='ocrx_word' id='word_1_582' title='bbox 3086 3650 3210 3719; x_wconf 85' lang='grc' dir='ltr'>δίχα,</span> <span class='ocrx_word' id='word_1_583' title='bbox 3268 3667 3331 3719; x_wconf 91' lang='grc' dir='ltr'><strong>γε</strong></span> <span class='ocrx_word' id='word_1_584' title='bbox 3354 3650 3466 3702; x_wconf 89' lang='grc' dir='ltr'><strong>τῶν</strong></span> <span class='ocrx_word' id='word_1_585' title='bbox 3518 3650 3606 3701; x_wconf 79' lang='grc' dir='ltr'><strong>ὲν·-</strong></span> 
     </span>
    </p>
   </div>
   <div class='ocr_carea' id='block_1_82' title="bbox 2026 3740 3605 3815">
    <p class='ocr_par' dir='ltr' id='par_1_82' title="bbox 2026 3740 3605 3815">
     <span class='ocr_line' id='line_1_82' title="bbox 2026 3740 3605 3815; baseline -0.003 -17"><span class='ocrx_word' id='word_1_586' title='bbox 2026 3746 2185 3798; x_wconf 90' lang='grc' dir='ltr'>νοιῶν</span> <span class='ocrx_word' id='word_1_587' title='bbox 2215 3761 2234 3777; x_wconf 76' lang='grc' dir='ltr'><strong>ο</strong></span> <span class='ocrx_word' id='word_1_588' title='bbox 2266 3743 2326 3797; x_wconf 82' lang='grc' dir='ltr'>τὸ</span> <span class='ocrx_word' id='word_1_589' title='bbox 2357 3743 2456 3812; x_wconf 84' lang='grc' dir='ltr'>μὲν</span> <span class='ocrx_word' id='word_1_590' title='bbox 2487 3744 2595 3812; x_wconf 85' lang='grc' dir='ltr'><strong>γὰρ</strong></span> <span class='ocrx_word' id='word_1_591' title='bbox 2631 3743 2768 3815; x_wconf 79' lang='grc' dir='ltr'>πρὸς</span> <span class='ocrx_word' id='word_1_592' title='bbox 2811 3741 3045 3813; x_wconf 81' lang='grc' dir='ltr'>μίμησιν</span> <span class='ocrx_word' id='word_1_593' title='bbox 3084 3740 3448 3809; x_wconf 84' lang='grc' dir='ltr'>δευτερεῦσαν</span> <span class='ocrx_word' id='word_1_594' title='bbox 3506 3741 3605 3812; x_wconf 60' lang='lat' dir='ltr'><strong>pag</strong></span> 
     </span>
    </p>
   </div>
   <div class='ocr_carea' id='block_1_83' title="bbox 2029 3832 3605 3905">
    <p class='ocr_par' dir='ltr' id='par_1_83' title="bbox 2029 3832 3605 3905">
     <span class='ocr_line' id='line_1_83' title="bbox 2029 3832 3605 3905; baseline -0.004 -17"><span class='ocrx_word' id='word_1_595' title='bbox 2029 3836 2221 3897; x_wconf 82' lang='grc' dir='ltr'>σιλέως</span> <span class='ocrx_word' id='word_1_596' title='bbox 2245 3834 2504 3897; x_wconf 83' lang='grc' dir='ltr'>εὐσεϐοῦς</span> <span class='ocrx_word' id='word_1_597' title='bbox 2539 3834 2717 3905; x_wconf 78' lang='grc' dir='ltr'>εἴχετο</span> <span class='ocrx_word' id='word_1_598' title='bbox 2751 3849 2765 3865; x_wconf 69' lang='grc' dir='ltr'><strong>θ</strong></span> <span class='ocrx_word' id='word_1_599' title='bbox 2795 3834 2857 3886; x_wconf 83' lang='grc' dir='ltr'>τὸ</span> <span class='ocrx_word' id='word_1_600' title='bbox 2901 3834 2958 3887; x_wconf 86' lang='grc' dir='ltr'>δὲ</span> <span class='ocrx_word' id='word_1_601' title='bbox 2992 3833 3301 3903; x_wconf 81' lang='grc' dir='ltr'>ἀρχέτυπον</span> <span class='ocrx_word' id='word_1_602' title='bbox 3343 3832 3605 3899; x_wconf 62' lang='grc' dir='ltr'>ὲξωτεριυ</span> 
     </span>
    </p>
   </div>
   <div class='ocr_carea' id='block_1_84' title="bbox 2026 3924 3601 3995">
    <p class='ocr_par' dir='ltr' id='par_1_84' title="bbox 2026 3924 3601 3995">
     <span class='ocr_line' id='line_1_84' title="bbox 2026 3924 3601 3995; baseline -0.005 -14"><span class='ocrx_word' id='word_1_603' title='bbox 2026 3928 2140 3981; x_wconf 87' lang='grc' dir='ltr'><strong>κῶν</strong></span> <span class='ocrx_word' id='word_1_604' title='bbox 2170 3925 2392 3979; x_wconf 79' lang='grc' dir='ltr'>ἐννοιῶν</span> <span class='ocrx_word' id='word_1_605' title='bbox 2415 3926 2613 3995; x_wconf 79' lang='grc' dir='ltr'>ήρτετο</span> <span class='ocrx_word' id='word_1_606' title='bbox 2640 3941 2658 3959; x_wconf 77' lang='grc' dir='ltr'><strong><em>ο</em></strong></span> <span class='ocrx_word' id='word_1_607' title='bbox 2698 3924 2881 3978; x_wconf 79' lang='grc' dir='ltr'>καὶτὰ</span> <span class='ocrx_word' id='word_1_608' title='bbox 2912 3924 3013 3993; x_wconf 85' lang='grc' dir='ltr'>μὲν</span> <span class='ocrx_word' id='word_1_609' title='bbox 3045 3924 3180 3977; x_wconf 76' lang='grc' dir='ltr'>ἄλλα</span> <span class='ocrx_word' id='word_1_610' title='bbox 3220 3925 3430 3976; x_wconf 71' lang='grc' dir='ltr'>ἐκεινου</span> <span class='ocrx_word' id='word_1_611' title='bbox 3461 3939 3601 3992; x_wconf 87' lang='grc' dir='ltr'>παρ-</span> 
     </span>
    </p>
   </div>
   <div class='ocr_carea' id='block_1_85' title="bbox 2026 4015 3600 4090">
    <p class='ocr_par' dir='ltr' id='par_1_85' title="bbox 2026 4015 3600 4090">
     <span class='ocr_line' id='line_1_85' title="bbox 2026 4015 3600 4090; baseline -0.004 -17"><span class='ocrx_word' id='word_1_612' title='bbox 2026 4020 2161 4089; x_wconf 80' lang='grc' dir='ltr'>ῆλθέ</span> <span class='ocrx_word' id='word_1_613' title='bbox 2192 4038 2260 4090; x_wconf 88' lang='grc' dir='ltr'><strong>με</strong></span> <span class='ocrx_word' id='word_1_614' title='bbox 2296 4037 2312 4053; x_wconf 77' lang='grc' dir='ltr'><strong><em>ο</em></strong></span> <span class='ocrx_word' id='word_1_615' title='bbox 2359 4019 2533 4090; x_wconf 75' lang='grc' dir='ltr'>ᾣχετο</span> <span class='ocrx_word' id='word_1_616' title='bbox 2564 4020 2672 4088; x_wconf 89' lang='grc' dir='ltr'><strong>γάρ</strong></span> <span class='ocrx_word' id='word_1_617' title='bbox 2706 4034 2797 4087; x_wconf 84' lang='grc' dir='ltr'><strong>μοι</strong></span> <span class='ocrx_word' id='word_1_618' title='bbox 2826 4018 2888 4070; x_wconf 84' lang='grc' dir='ltr'><strong>τδ</strong></span> <span class='ocrx_word' id='word_1_619' title='bbox 2918 4016 3123 4087; x_wconf 83' lang='grc' dir='ltr'>βιϐλίον</span> <span class='ocrx_word' id='word_1_620' title='bbox 3151 4017 3207 4079; x_wconf 74' lang='grc' dir='ltr'>ἒς</span> <span class='ocrx_word' id='word_1_621' title='bbox 3240 4032 3343 4068; x_wconf 89' lang='grc' dir='ltr'><strong>που</strong></span> <span class='ocrx_word' id='word_1_622' title='bbox 3361 4016 3460 4084; x_wconf 81' lang='grc' dir='ltr'>τὴν</span> <span class='ocrx_word' id='word_1_623' title='bbox 3486 4015 3600 4067; x_wconf 86' lang='grc' dir='ltr'><strong>Λα-</strong></span> 
     </span>
    </p>
   </div>
   <div class='ocr_carea' id='block_1_86' title="bbox 2027 4102 3603 4183">
    <p class='ocr_par' dir='ltr' id='par_1_86' title="bbox 2027 4102 3603 4183">
     <span class='ocr_line' id='line_1_86' title="bbox 2027 4102 3603 4183; baseline -0.005 -18"><span class='ocrx_word' id='word_1_624' title='bbox 2027 4114 2206 4183; x_wconf 87' lang='grc' dir='ltr'>τίνην.</span> <span class='ocrx_word' id='word_1_625' title='bbox 2234 4110 2401 4181; x_wconf 81' lang='grc' dir='ltr'>Οἵμοι</span> <span class='ocrx_word' id='word_1_626' title='bbox 2436 4112 2492 4164; x_wconf 66' lang='grc' dir='ltr'>δὲ</span> <span class='ocrx_word' id='word_1_627' title='bbox 2524 4111 2605 4164; x_wconf 83' lang='grc' dir='ltr'>ὅτι</span> <span class='ocrx_word' id='word_1_628' title='bbox 2631 4109 2983 4179; x_wconf 85' lang='grc' dir='ltr'>ἀνεμνήσθην</span> <span class='ocrx_word' id='word_1_629' title='bbox 3032 4102 3121 4162; x_wconf 72' lang='grc' dir='ltr'>οἷα</span> <span class='ocrx_word' id='word_1_630' title='bbox 3154 4108 3357 4161; x_wconf 75' lang='grc' dir='ltr'>ἔπαθον</span> <span class='ocrx_word' id='word_1_631' title='bbox 3391 4102 3603 4175; x_wconf 63' lang='grc' dir='ltr'>αἰχμαέ</span> 
     </span>
    </p>
   </div>
   <div class='ocr_carea' id='block_1_87' title="bbox 2028 4192 3601 4267">
    <p class='ocr_par' dir='ltr' id='par_1_87' title="bbox 2028 4192 3601 4267">
     <span class='ocr_line' id='line_1_87' title="bbox 2028 4192 3601 4267; baseline -0.006 -11"><span class='ocrx_word' id='word_1_632' title='bbox 2028 4204 2333 4267; x_wconf 81' lang='grc' dir='ltr'>λωτισθεὶς,</span> <span class='ocrx_word' id='word_1_633' title='bbox 2369 4204 2464 4256; x_wconf 73' lang='grc' dir='ltr'>καὶ</span> <span class='ocrx_word' id='word_1_634' title='bbox 2493 4200 2635 4254; x_wconf 77' lang='grc' dir='ltr'>οὕτω</span> <span class='ocrx_word' id='word_1_635' title='bbox 2665 4201 2951 4264; x_wconf 87' lang='grc' dir='ltr'>δουλωθείς</span> <span class='ocrx_word' id='word_1_636' title='bbox 2984 4218 2999 4233; x_wconf 86' lang='grc'><strong>·</strong></span> <span class='ocrx_word' id='word_1_637' title='bbox 3029 4198 3088 4253; x_wconf 80' lang='grc' dir='ltr'>εὖ</span> <span class='ocrx_word' id='word_1_638' title='bbox 3123 4215 3213 4267; x_wconf 85' lang='grc' dir='ltr'><strong>μοι</strong></span> <span class='ocrx_word' id='word_1_639' title='bbox 3239 4198 3316 4259; x_wconf 77' lang='grc' dir='ltr'><strong>δὲ,</strong></span> <span class='ocrx_word' id='word_1_640' title='bbox 3349 4198 3431 4248; x_wconf 85' lang='grc' dir='ltr'>ὅτι</span> <span class='ocrx_word' id='word_1_641' title='bbox 3459 4192 3601 4263; x_wconf 81' lang='grc' dir='ltr'>πρὸς</span> 
     </span>
    </p>
   </div>
   <div class='ocr_carea' id='block_1_88' title="bbox 2031 4286 3603 4364">
    <p class='ocr_par' dir='ltr' id='par_1_88' title="bbox 2031 4286 3603 4364">
     <span class='ocr_line' id='line_1_88' title="bbox 2031 4286 3603 4364; baseline -0.006 -14"><span class='ocrx_word' id='word_1_642' title='bbox 2031 4296 2128 4351; x_wconf 80' lang='grc' dir='ltr'>τοῦ</span> <span class='ocrx_word' id='word_1_643' title='bbox 2161 4295 2530 4364; x_wconf 80' lang='grc' dir='ltr'>έλευθερωτοῦ</span> <span class='ocrx_word' id='word_1_644' title='bbox 2577 4294 2654 4363; x_wconf 81' lang='grc' dir='ltr'>τῷ</span> <span class='ocrx_word' id='word_1_645' title='bbox 2674 4295 2789 4349; x_wconf 84' lang='grc' dir='ltr'>ϐντι</span> <span class='ocrx_word' id='word_1_646' title='bbox 2809 4293 2945 4348; x_wconf 84' lang='grc' dir='ltr'>Θεοῦ</span> <span class='ocrx_word' id='word_1_647' title='bbox 2972 4293 3226 4361; x_wconf 88' lang='grc' dir='ltr'>λέλυμαι.</span> <span class='ocrx_word' id='word_1_648' title='bbox 3256 4290 3441 4361; x_wconf 81' lang='grc' dir='ltr'>Βραχὺ</span> <span class='ocrx_word' id='word_1_649' title='bbox 3464 4289 3519 4341; x_wconf 86' lang='grc' dir='ltr'><strong>δέ</strong></span> <span class='ocrx_word' id='word_1_650' title='bbox 3547 4286 3603 4341; x_wconf 74' lang='grc' dir='ltr'><strong>τι</strong></span> 
     </span>
    </p>
   </div>
   <div class='ocr_carea' id='block_1_89' title="bbox 2035 4382 3601 4461">
    <p class='ocr_par' dir='ltr' id='par_1_89' title="bbox 2035 4382 3601 4461">
     <span class='ocr_line' id='line_1_89' title="bbox 2035 4382 3601 4461; baseline -0.006 -19"><span class='ocrx_word' id='word_1_651' title='bbox 2035 4389 2385 4461; x_wconf 81' lang='grc' dir='ltr'>μεμνημένος</span> <span class='ocrx_word' id='word_1_652' title='bbox 2414 4388 2524 4458; x_wconf 78' lang='grc' dir='ltr'><strong>ἔχω</strong></span> <span class='ocrx_word' id='word_1_653' title='bbox 2553 4389 2849 4458; x_wconf 84' lang='grc' dir='ltr'>ἀναφέρειν</span> <span class='ocrx_word' id='word_1_654' title='bbox 2872 4386 2948 4449; x_wconf 84' lang='grc' dir='ltr'><strong>ὡς</strong></span> <span class='ocrx_word' id='word_1_655' title='bbox 2993 4388 3123 4454; x_wconf 90' lang='grc' dir='ltr'>μίαν</span> <span class='ocrx_word' id='word_1_656' title='bbox 3156 4386 3255 4453; x_wconf 81' lang='grc' dir='ltr'>μὲν</span> <span class='ocrx_word' id='word_1_657' title='bbox 3280 4383 3458 4454; x_wconf 75' lang='grc' dir='ltr'>ἀρχὴν</span> <span class='ocrx_word' id='word_1_658' title='bbox 3486 4382 3601 4434; x_wconf 86' lang='grc' dir='ltr'>δια·-</span> 
     </span>
    </p>
   </div>
   <div class='ocr_carea' id='block_1_90' title="bbox 2035 4474 3604 4549">
    <p class='ocr_par' dir='ltr' id='par_1_90' title="bbox 2035 4474 3604 4549">
     <span class='ocr_line' id='line_1_90' title="bbox 2035 4474 3604 4549; baseline -0.004 -18"><span class='ocrx_word' id='word_1_659' title='bbox 2035 4481 2235 4547; x_wconf 88' lang='grc' dir='ltr'>μέτρου</span> <span class='ocrx_word' id='word_1_660' title='bbox 2268 4478 2591 4549; x_wconf 88' lang='grc' dir='ltr'>παρέσυρεν</span> <span class='ocrx_word' id='word_1_661' title='bbox 2619 4479 2649 4530; x_wconf 86' lang='grc' dir='ltr'><strong>ό</strong></span> <span class='ocrx_word' id='word_1_662' title='bbox 2689 4478 2965 4547; x_wconf 85' lang='grc' dir='ltr'>Σάραπις·</span> <span class='ocrx_word' id='word_1_663' title='bbox 2996 4476 3278 4545; x_wconf 87' lang='grc' dir='ltr'>δαιμόνιον</span> <span class='ocrx_word' id='word_1_664' title='bbox 3332 4476 3462 4528; x_wconf 86' lang='grc' dir='ltr'>αὐτὸ</span> <span class='ocrx_word' id='word_1_665' title='bbox 3484 4474 3604 4526; x_wconf 77' lang='grc' dir='ltr'>ὅνο-</span> 
     </span>
    </p>
   </div>
   <div class='ocr_carea' id='block_1_91' title="bbox 352 4544 1918 4644">
    <p class='ocr_par' dir='ltr' id='par_1_91' title="bbox 352 4563 1918 4637">
     <span class='ocr_line' id='line_1_91' title="bbox 352 4563 1918 4637; baseline 0.002 -17"><span class='ocrx_word' id='word_1_666' title='bbox 352 4563 578 4630; x_wconf 84' lang='lat' dir='ltr'><strong>similia,</strong></span> <span class='ocrx_word' id='word_1_667' title='bbox 599 4575 653 4620; x_wconf 81' lang='lat' dir='ltr'><strong>et</strong></span> <span class='ocrx_word' id='word_1_668' title='bbox 683 4564 799 4635; x_wconf 88' lang='lat' dir='ltr'><strong>ipsa</strong></span> <span class='ocrx_word' id='word_1_669' title='bbox 834 4566 1030 4621; x_wconf 91' lang='lat' dir='ltr'><strong>litteris</strong></span> <span class='ocrx_word' id='word_1_670' title='bbox 1060 4567 1251 4635; x_wconf 88' lang='lat' dir='ltr'><strong>paria;</strong></span> <span class='ocrx_word' id='word_1_671' title='bbox 1289 4566 1580 4621; x_wconf 89' lang='lat' dir='ltr'><strong>rhombum</strong></span> <span class='ocrx_word' id='word_1_672' title='bbox 1612 4566 1664 4620; x_wconf 91' lang='lat' dir='ltr'><strong>in</strong></span> <span class='ocrx_word' id='word_1_673' title='bbox 1688 4570 1918 4637; x_wconf 86' lang='lat' dir='ltr'><strong>quadra-</strong></span> 
     </span>
    </p>
   </div>
   <div class='ocr_carea' id='block_1_92' title="bbox 2022 4544 3605 4644">
    <p class='ocr_par' dir='ltr' id='par_1_92' title="bbox 2034 4544 3605 4644">
     <span class='ocr_line' id='line_1_92' title="bbox 2034 4544 3605 4644; baseline -0.005 -19"><span class='ocrx_word' id='word_1_674' title='bbox 2034 4544 2263 4644; x_wconf 40' lang='grc' dir='ltr'>μαίΤάς</span> <span class='ocrx_word' id='word_1_675' title='bbox 2286 4544 2566 4633; x_wconf 26' lang='grc' dir='ltr'>δὲνλοιπάς</span> <span class='ocrx_word' id='word_1_676' title='bbox 2594 4572 2739 4640; x_wconf 80' lang='grc' dir='ltr'>τρεῖς</span> <span class='ocrx_word' id='word_1_677' title='bbox 2769 4544 2942 4638; x_wconf 34' lang='grc' dir='ltr'>’ἕτερα</span> <span class='ocrx_word' id='word_1_678' title='bbox 2992 4544 3157 4634; x_wconf 83' lang='grc' dir='ltr'>ὃμοια</span> <span class='ocrx_word' id='word_1_679' title='bbox 3215 4566 3605 4637; x_wconf 81' lang='grc' dir='ltr'>ἰσογράμματα</span> 
     </span>
    </p>
   </div>
   <div class='ocr_carea' id='block_1_93' title="bbox 351 4656 1930 4729">
    <p class='ocr_par' dir='ltr' id='par_1_93' title="bbox 351 4656 1930 4729">
     <span class='ocr_line' id='line_1_93' title="bbox 351 4656 1930 4729; baseline 0.004 -19"><span class='ocrx_word' id='word_1_680' title='bbox 351 4667 469 4710; x_wconf 89' lang='lat' dir='ltr'><strong>tum</strong></span> <span class='ocrx_word' id='word_1_681' title='bbox 506 4656 786 4727; x_wconf 78' lang='lat' dir='ltr'><strong>redigebat</strong></span> <span class='ocrx_word' id='word_1_682' title='bbox 806 4656 940 4720; x_wconf 72' lang='grc' dir='ltr'>Ζεὺς</span> <span class='ocrx_word' id='word_1_683' title='bbox 972 4658 1027 4711; x_wconf 90' lang='lat' dir='ltr'><strong>in</strong></span> <span class='ocrx_word' id='word_1_684' title='bbox 1056 4658 1146 4711; x_wconf 90' lang='lat' dir='ltr'><strong>tali</strong></span> <span class='ocrx_word' id='word_1_685' title='bbox 1167 4659 1332 4729; x_wconf 76' lang='lat' dir='ltr'><strong>tigura</strong></span> <span class='ocrx_word' id='word_1_686' title='bbox 1363 4674 1379 4713; x_wconf 91' lang='lat'><strong>:</strong></span> <span class='ocrx_word' id='word_1_687' title='bbox 1411 4657 1451 4711; x_wconf 89' lang='grc' dir='ltr'><strong>Ζ</strong></span> <span class='ocrx_word' id='word_1_688' title='bbox 1472 4658 1690 4728; x_wconf 88' lang='lat' dir='ltr'><strong>quidem</strong></span> <span class='ocrx_word' id='word_1_689' title='bbox 1749 4669 1930 4716; x_wconf 88' lang='lat' dir='ltr'><strong>stante</strong></span> 
     </span>
    </p>
   </div>
   <div class='ocr_carea' id='block_1_94' title="bbox 350 4746 1930 4821">
    <p class='ocr_par' dir='ltr' id='par_1_94' title="bbox 350 4746 1930 4821">
     <span class='ocr_line' id='line_1_94' title="bbox 350 4746 1930 4821; baseline 0.004 -20"><span class='ocrx_word' id='word_1_690' title='bbox 350 4748 408 4802; x_wconf 80' lang='lat' dir='ltr'><strong>ir.</strong></span> <span class='ocrx_word' id='word_1_691' title='bbox 441 4746 621 4802; x_wconf 87' lang='lat' dir='ltr'><strong>medio</strong></span> <span class='ocrx_word' id='word_1_692' title='bbox 654 4762 846 4803; x_wconf 88' lang='lat' dir='ltr'><strong>versus</strong></span> <span class='ocrx_word' id='word_1_693' title='bbox 875 4749 1126 4812; x_wconf 89' lang='lat' dir='ltr'><strong>seorsim,</strong></span> <span class='ocrx_word' id='word_1_694' title='bbox 1160 4765 1193 4801; x_wconf 90' lang='grc' dir='ltr'><strong>σ</strong></span> <span class='ocrx_word' id='word_1_695' title='bbox 1241 4760 1427 4805; x_wconf 88' lang='lat' dir='ltr'><strong>autem</strong></span> <span class='ocrx_word' id='word_1_696' title='bbox 1465 4751 1774 4821; x_wconf 85' lang='lat' dir='ltr'><strong>subjectum</strong></span> <span class='ocrx_word' id='word_1_697' title='bbox 1805 4763 1930 4821; x_wconf 85' lang='lat' dir='ltr'><strong>post</strong></span> 
     </span>
    </p>
   </div>
   <div class='ocr_carea' id='block_1_95' title="bbox 352 4840 1928 4912">
    <p class='ocr_par' dir='ltr' id='par_1_95' title="bbox 352 4840 1928 4912">
     <span class='ocr_line' id='line_1_95' title="bbox 352 4840 1928 4912; baseline 0.004 -19"><span class='ocrx_word' id='word_1_698' title='bbox 352 4855 576 4896; x_wconf 87' lang='lat' dir='ltr'><strong>versum</strong></span> <span class='ocrx_word' id='word_1_699' title='bbox 601 4854 792 4904; x_wconf 91' lang='lat' dir='ltr'><strong>unum,</strong></span> <span class='ocrx_word' id='word_1_700' title='bbox 815 4840 972 4908; x_wconf 88' lang='lat' dir='ltr'><strong>quasi</strong></span> <span class='ocrx_word' id='word_1_701' title='bbox 1001 4840 1103 4895; x_wconf 91' lang='lat' dir='ltr'><strong>sub</strong></span> <span class='ocrx_word' id='word_1_702' title='bbox 1129 4842 1332 4897; x_wconf 85' lang='lat' dir='ltr'><strong>vertice</strong></span> <span class='ocrx_word' id='word_1_703' title='bbox 1363 4842 1599 4912; x_wconf 90' lang='lat' dir='ltr'><strong>positum</strong></span> <span class='ocrx_word' id='word_1_704' title='bbox 1622 4859 1639 4910; x_wconf 87' lang='lat'><strong>;</strong></span> <span class='ocrx_word' id='word_1_705' title='bbox 1669 4843 1724 4897; x_wconf 92' lang='lat' dir='ltr'><strong>in</strong></span> <span class='ocrx_word' id='word_1_706' title='bbox 1746 4845 1928 4900; x_wconf 89' lang='lat' dir='ltr'><strong>medio</strong></span> 
     </span>
    </p>
   </div>
   <div class='ocr_carea' id='block_1_96' title="bbox 350 4931 1921 5001">
    <p class='ocr_par' dir='ltr' id='par_1_96' title="bbox 350 4931 1921 5001">
     <span class='ocr_line' id='line_1_96' title="bbox 350 4931 1921 5001; baseline 0.002 -15"><span class='ocrx_word' id='word_1_707' title='bbox 350 4940 536 4988; x_wconf 89' lang='lat' dir='ltr'><strong>autem</strong></span> <span class='ocrx_word' id='word_1_708' title='bbox 567 4932 847 4987; x_wconf 88' lang='lat' dir='ltr'><strong>ambarum</strong></span> <span class='ocrx_word' id='word_1_709' title='bbox 880 4931 1188 5001; x_wconf 75' lang='lat' dir='ltr'><strong>litterarum</strong></span> <span class='ocrx_word' id='word_1_710' title='bbox 1240 4933 1469 4989; x_wconf 88' lang='lat' dir='ltr'><strong>istarum</strong></span> <span class='ocrx_word' id='word_1_711' title='bbox 1533 4943 1695 4990; x_wconf 88' lang='lat' dir='ltr'><strong>erant</strong></span> <span class='ocrx_word' id='word_1_712' title='bbox 1723 4953 1747 4988; x_wconf 85' lang='grc' dir='ltr'><strong>ε</strong></span> <span class='ocrx_word' id='word_1_713' title='bbox 1777 4944 1830 4991; x_wconf 92' lang='lat' dir='ltr'><strong>et</strong></span> <span class='ocrx_word' id='word_1_714' title='bbox 1866 4953 1921 5001; x_wconf 85' lang='grc' dir='ltr'>υ,</span> 
     </span>
    </p>
   </div>
   <div class='ocr_carea' id='block_1_97' title="bbox 349 5022 1928 5093">
    <p class='ocr_par' dir='ltr' id='par_1_97' title="bbox 349 5022 1928 5093">
     <span class='ocr_line' id='line_1_97' title="bbox 349 5022 1928 5093; baseline 0.003 -15"><span class='ocrx_word' id='word_1_715' title='bbox 349 5024 407 5078; x_wconf 83' lang='lat' dir='ltr'><strong>in</strong></span> <span class='ocrx_word' id='word_1_716' title='bbox 432 5024 613 5078; x_wconf 89' lang='lat' dir='ltr'><strong>medio</strong></span> <span class='ocrx_word' id='word_1_717' title='bbox 639 5032 764 5093; x_wconf 89' lang='lat' dir='ltr'><strong>apte</strong></span> <span class='ocrx_word' id='word_1_718' title='bbox 792 5022 940 5077; x_wconf 78' lang='lat' dir='ltr'><strong>verbi</strong></span> <span class='ocrx_word' id='word_1_719' title='bbox 994 5025 1080 5079; x_wconf 90' lang='lat' dir='ltr'><strong>vel</strong></span> <span class='ocrx_word' id='word_1_720' title='bbox 1116 5024 1444 5091; x_wconf 87' lang='lat' dir='ltr'><strong>litterarum,</strong></span> <span class='ocrx_word' id='word_1_721' title='bbox 1492 5026 1565 5080; x_wconf 91' lang='lat' dir='ltr'><strong>ita</strong></span> <span class='ocrx_word' id='word_1_722' title='bbox 1621 5035 1678 5081; x_wconf 91' lang='lat' dir='ltr'><strong>ut</strong></span> <span class='ocrx_word' id='word_1_723' title='bbox 1736 5025 1928 5083; x_wconf 80' lang='lat' dir='ltr'><strong>fierent</strong></span> 
     </span>
    </p>
   </div>
   <div class='ocr_carea' id='block_1_98' title="bbox 351 5114 1927 5189">
    <p class='ocr_par' dir='ltr' id='par_1_98' title="bbox 351 5114 1927 5189">
     <span class='ocr_line' id='line_1_98' title="bbox 351 5114 1927 5189; baseline 0.004 -20"><span class='ocrx_word' id='word_1_724' title='bbox 351 5114 596 5184; x_wconf 83' lang='lat' dir='ltr'><strong>subjecta</strong></span> <span class='ocrx_word' id='word_1_725' title='bbox 626 5116 942 5183; x_wconf 77' lang='lat' dir='ltr'><strong>coniunctio</strong></span> <span class='ocrx_word' id='word_1_726' title='bbox 972 5115 1208 5170; x_wconf 90' lang='lat' dir='ltr'><strong>duorum</strong></span> <span class='ocrx_word' id='word_1_727' title='bbox 1266 5118 1660 5189; x_wconf 79' lang='lat' dir='ltr'><strong>triangulorum</strong></span> <span class='ocrx_word' id='word_1_728' title='bbox 1708 5120 1927 5176; x_wconf 87' lang='lat' dir='ltr'><strong>rhombi</strong></span> 
     </span>
    </p>
   </div>
   <div class='ocr_carea' id='block_1_99' title="bbox 351 5208 1929 5279">
    <p class='ocr_par' dir='ltr' id='par_1_99' title="bbox 351 5208 1929 5279">
     <span class='ocr_line' id='line_1_99' title="bbox 351 5208 1929 5279; baseline 0.003 -16"><span class='ocrx_word' id='word_1_729' title='bbox 351 5222 591 5277; x_wconf 77' lang='lat' dir='ltr'><strong>congrue</strong></span> <span class='ocrx_word' id='word_1_730' title='bbox 618 5208 921 5278; x_wconf 89' lang='lat' dir='ltr'><strong>descripti;</strong></span> <span class='ocrx_word' id='word_1_731' title='bbox 962 5209 1219 5279; x_wconf 86' lang='lat' dir='ltr'><strong>quoniam</strong></span> <span class='ocrx_word' id='word_1_732' title='bbox 1248 5225 1443 5266; x_wconf 88' lang='lat' dir='ltr'><strong>versus</strong></span> <span class='ocrx_word' id='word_1_733' title='bbox 1466 5211 1542 5265; x_wconf 92' lang='lat' dir='ltr'><strong>illi</strong></span> <span class='ocrx_word' id='word_1_734' title='bbox 1577 5227 1687 5267; x_wconf 89' lang='lat' dir='ltr'><strong>non</strong></span> <span class='ocrx_word' id='word_1_735' title='bbox 1708 5212 1780 5266; x_wconf 86' lang='lat' dir='ltr'><strong>ad</strong></span> <span class='ocrx_word' id='word_1_736' title='bbox 1798 5213 1929 5268; x_wconf 89' lang='lat' dir='ltr'><strong>den-</strong></span> 
     </span>
    </p>
   </div>
   <div class='ocr_carea' id='block_1_100' title="bbox 348 5300 1929 5368">
    <p class='ocr_par' dir='ltr' id='par_1_100' title="bbox 348 5300 1929 5368">
     <span class='ocr_line' id='line_1_100' title="bbox 348 5300 1929 5368; baseline 0.004 -14"><span class='ocrx_word' id='word_1_737' title='bbox 348 5302 564 5354; x_wconf 86' lang='lat' dir='ltr'><strong>sitatem</strong></span> <span class='ocrx_word' id='word_1_738' title='bbox 597 5315 691 5368; x_wconf 86' lang='lat' dir='ltr'><strong>per</strong></span> <span class='ocrx_word' id='word_1_739' title='bbox 727 5300 937 5355; x_wconf 89' lang='lat' dir='ltr'><strong>litteras</strong></span> <span class='ocrx_word' id='word_1_740' title='bbox 980 5302 1465 5367; x_wconf 89' lang='lat' dir='ltr'><strong>coacervahantur,</strong></span> <span class='ocrx_word' id='word_1_741' title='bbox 1521 5304 1615 5358; x_wconf 89' lang='lat' dir='ltr'><strong>scd</strong></span> <span class='ocrx_word' id='word_1_742' title='bbox 1662 5303 1929 5360; x_wconf 88' lang='lat' dir='ltr'><strong>concinne</strong></span> 
     </span>
    </p>
   </div>
   <div class='ocr_carea' id='block_1_101' title="bbox 349 5387 1924 5461">
    <p class='ocr_par' dir='ltr' id='par_1_101' title="bbox 349 5387 1924 5461">
     <span class='ocr_line' id='line_1_101' title="bbox 349 5387 1924 5461; baseline 0.005 -19"><span class='ocrx_word' id='word_1_743' title='bbox 349 5389 417 5443; x_wconf 89' lang='lat' dir='ltr'><strong>ad</strong></span> <span class='ocrx_word' id='word_1_744' title='bbox 471 5389 913 5457; x_wconf 84' lang='lat' dir='ltr'><strong>perspicuitatem</strong></span> <span class='ocrx_word' id='word_1_745' title='bbox 966 5390 1402 5445; x_wconf 82' lang='lat' dir='ltr'><strong>resolvebantur.</strong></span> <span class='ocrx_word' id='word_1_746' title='bbox 1442 5387 1510 5445; x_wconf 89' lang='lat' dir='ltr'><strong>Et</strong></span> <span class='ocrx_word' id='word_1_747' title='bbox 1564 5391 1680 5446; x_wconf 70' lang='lat' dir='ltr'><strong>haec</strong></span> <span class='ocrx_word' id='word_1_748' title='bbox 1706 5394 1924 5461; x_wconf 91' lang='lat' dir='ltr'><strong>quidem</strong></span> 
     </span>
    </p>
   </div>
   <div class='ocr_carea' id='block_1_102' title="bbox 348 5480 1925 5554">
    <p class='ocr_par' dir='ltr' id='par_1_102' title="bbox 348 5480 1925 5554">
     <span class='ocr_line' id='line_1_102' title="bbox 348 5480 1925 5554; baseline 0.003 -16"><span class='ocrx_word' id='word_1_749' title='bbox 348 5483 460 5539; x_wconf 87' lang='lat' dir='ltr'><strong>duo</strong></span> <span class='ocrx_word' id='word_1_750' title='bbox 492 5481 545 5535; x_wconf 82' lang='lat' dir='ltr'><strong>in</strong></span> <span class='ocrx_word' id='word_1_751' title='bbox 574 5480 783 5551; x_wconf 86' lang='lat' dir='ltr'><strong>pocsim</strong></span> <span class='ocrx_word' id='word_1_752' title='bbox 814 5496 969 5537; x_wconf 85' lang='lat' dir='ltr'><strong>versa</strong></span> <span class='ocrx_word' id='word_1_753' title='bbox 1006 5497 1037 5537; x_wconf 88' lang='lat' dir='ltr'><strong>a</strong></span> <span class='ocrx_word' id='word_1_754' title='bbox 1067 5483 1198 5539; x_wconf 90' lang='lat' dir='ltr'><strong>viris</strong></span> <span class='ocrx_word' id='word_1_755' title='bbox 1225 5485 1426 5554; x_wconf 87' lang='lat' dir='ltr'><strong>quibus</strong></span> <span class='ocrx_word' id='word_1_756' title='bbox 1460 5485 1628 5540; x_wconf 87' lang='lat' dir='ltr'><strong>otium</strong></span> <span class='ocrx_word' id='word_1_757' title='bbox 1677 5488 1925 5544; x_wconf 86' lang='lat' dir='ltr'><strong>studium</strong></span> 
     </span>
    </p>
   </div>
   <div class='ocr_carea' id='block_1_103' title="bbox 347 5586 485 5631">
    <p class='ocr_par' dir='ltr' id='par_1_103' title="bbox 347 5586 485 5631">
     <span class='ocr_line' id='line_1_103' title="bbox 347 5586 485 5631; baseline -0.007 -1"><span class='ocrx_word' id='word_1_758' title='bbox 347 5586 485 5631; x_wconf 87' lang='lat' dir='ltr'><strong>erat.</strong></span> 
     </span>
    </p>
   </div>
   <div class='ocr_carea' id='block_1_104' title="bbox 2032 4659 3606 4734">
    <p class='ocr_par' dir='ltr' id='par_1_104' title="bbox 2032 4659 3606 4734">
     <span class='ocr_line' id='line_1_104' title="bbox 2032 4659 3606 4734; baseline -0.005 -15"><span class='ocrx_word' id='word_1_759' title='bbox 2032 4670 2127 4719; x_wconf 69' lang='grc' dir='ltr'>καὶ</span> <span class='ocrx_word' id='word_1_760' title='bbox 2152 4665 2294 4720; x_wconf 82' lang='grc' dir='ltr'>αὑτά</span> <span class='ocrx_word' id='word_1_761' title='bbox 2327 4682 2342 4697; x_wconf 78' lang='lat'><strong><em>&#39;</em></strong></span> <span class='ocrx_word' id='word_1_762' title='bbox 2372 4665 2466 4717; x_wconf 84' lang='grc' dir='ltr'>τὸν</span> <span class='ocrx_word' id='word_1_763' title='bbox 2495 4662 2551 4717; x_wconf 82' lang='grc' dir='ltr'>δὲ</span> <span class='ocrx_word' id='word_1_764' title='bbox 2592 4662 2795 4734; x_wconf 82' lang='grc' dir='ltr'>ῥόμϐον</span> <span class='ocrx_word' id='word_1_765' title='bbox 2841 4661 3268 4730; x_wconf 83' lang='grc' dir='ltr'>ὲτετραγὼνιςεν</span> <span class='ocrx_word' id='word_1_766' title='bbox 3302 4661 3331 4711; x_wconf 87' lang='grc' dir='ltr'>ὁ</span> <span class='ocrx_word' id='word_1_767' title='bbox 3383 4660 3517 4719; x_wconf 83' lang='grc' dir='ltr'>Ζεὺς</span> <span class='ocrx_word' id='word_1_768' title='bbox 3547 4659 3606 4711; x_wconf 83' lang='grc' dir='ltr'>ὲν</span> 
     </span>
    </p>
   </div>
   <div class='ocr_carea' id='block_1_105' title="bbox 2033 4750 3605 4828">
    <p class='ocr_par' dir='ltr' id='par_1_105' title="bbox 2033 4750 3605 4828">
     <span class='ocr_line' id='line_1_105' title="bbox 2033 4750 3605 4828; baseline -0.006 -17"><span class='ocrx_word' id='word_1_769' title='bbox 2033 4759 2208 4828; x_wconf 71' lang='grc' dir='ltr'>τοιᾷδε</span> <span class='ocrx_word' id='word_1_770' title='bbox 2259 4757 2584 4828; x_wconf 83' lang='grc' dir='ltr'>καταγραφῇ</span> <span class='ocrx_word' id='word_1_771' title='bbox 2729 4755 2762 4819; x_wconf 81' lang='grc' dir='ltr'><em>ζ</em></span> <span class='ocrx_word' id='word_1_772' title='bbox 2903 4750 2986 4807; x_wconf 60' lang='lat' dir='ltr'><strong>oio</strong></span> <span class='ocrx_word' id='word_1_773' title='bbox 3007 4752 3100 4805; x_wconf 83' lang='grc' dir='ltr'>τοῦ</span> <span class='ocrx_word' id='word_1_774' title='bbox 3152 4755 3251 4823; x_wconf 83' lang='grc' dir='ltr'>μὲν</span> <span class='ocrx_word' id='word_1_775' title='bbox 3295 4752 3327 4816; x_wconf 78' lang='grc' dir='ltr'><strong><em>ζ</em></strong></span> <span class='ocrx_word' id='word_1_776' title='bbox 3353 4752 3605 4821; x_wconf 84' lang='grc' dir='ltr'>κειμένου</span> 
     </span>
    </p>
   </div>
   <div class='ocr_carea' id='block_1_106' title="bbox 2033 4840 3608 4930">
    <p class='ocr_par' dir='ltr' id='par_1_106' title="bbox 2033 4840 3608 4930">
     <span class='ocr_line' id='line_1_106' title="bbox 2033 4840 3608 4930; baseline -0.01 -24"><span class='ocrx_word' id='word_1_777' title='bbox 2033 4854 2196 4923; x_wconf 86' lang='grc' dir='ltr'>μέσον</span> <span class='ocrx_word' id='word_1_778' title='bbox 2242 4850 2426 4920; x_wconf 88' lang='grc' dir='ltr'>στίχου</span> <span class='ocrx_word' id='word_1_779' title='bbox 2474 4849 2580 4919; x_wconf 72' lang='grc' dir='ltr'>ἰδίᾳ</span> <span class='ocrx_word' id='word_1_780' title='bbox 2618 4910 2641 4930; x_wconf 49' lang='grc' dir='ltr'>ἓ</span> <span class='ocrx_word' id='word_1_781' title='bbox 2716 4879 2758 4930; x_wconf 59' lang='grc' dir='ltr'><strong>Δ</strong></span> <span class='ocrx_word' id='word_1_782' title='bbox 2838 4904 2868 4930; x_wconf 66' lang='grc' dir='ltr'>υ</span> <span class='ocrx_word' id='word_1_783' title='bbox 2909 4842 3339 4897; x_wconf 74' lang='grc' dir='ltr'>καθ’ὲαυτόοτοῦ</span> <span class='ocrx_word' id='word_1_784' title='bbox 3357 4840 3608 4893; x_wconf 79' lang='grc' dir='ltr'>δὲσύπο-</span> 
     </span>
    </p>
   </div>
   <div class='ocr_carea' id='block_1_107' title="bbox 2028 4904 3612 5013">
    <p class='ocr_par' dir='ltr' id='par_1_107' title="bbox 2028 4904 3612 5013">
     <span class='ocr_line' id='line_1_107' title="bbox 2028 4904 3612 5013; baseline -0.007 -18"><span class='ocrx_word' id='word_1_785' title='bbox 2028 4904 2195 5013; x_wconf 65' lang='grc' dir='ltr'>ϐεϐλη</span> <span class='ocrx_word' id='word_1_786' title='bbox 2207 4904 2367 5010; x_wconf 56' lang='grc' dir='ltr'>μένου</span> <span class='ocrx_word' id='word_1_787' title='bbox 2444 4906 2581 5010; x_wconf 74' lang='grc' dir='ltr'>μετά</span> <span class='ocrx_word' id='word_1_788' title='bbox 2617 4910 2641 4945; x_wconf 71' lang='grc' dir='ltr'>ε</span> <span class='ocrx_word' id='word_1_789' title='bbox 2838 4904 2868 4940; x_wconf 70' lang='grc' dir='ltr'><strong>υ</strong></span> <span class='ocrx_word' id='word_1_790' title='bbox 2910 4936 3035 4998; x_wconf 79' lang='grc' dir='ltr'>ἔπος</span> <span class='ocrx_word' id='word_1_791' title='bbox 3052 4935 3129 5000; x_wconf 81' lang='grc' dir='ltr'><strong>ἓν,</strong></span> <span class='ocrx_word' id='word_1_792' title='bbox 3152 4935 3226 5000; x_wconf 82' lang='grc' dir='ltr'><strong>ὡς</strong></span> <span class='ocrx_word' id='word_1_793' title='bbox 3244 4930 3355 4987; x_wconf 74' lang='grc' dir='ltr'>οἷον</span> <span class='ocrx_word' id='word_1_794' title='bbox 3373 4935 3509 4987; x_wconf 90' lang='grc' dir='ltr'>κατά</span> <span class='ocrx_word' id='word_1_795' title='bbox 3529 4950 3612 4985; x_wconf 89' lang='grc' dir='ltr'>τι-</span> 
     </span>
    </p>
   </div>
   <div class='ocr_carea' id='block_1_108' title="bbox 2040 5020 3610 5096">
    <p class='ocr_par' dir='ltr' id='par_1_108' title="bbox 2040 5020 3610 5096">
     <span class='ocr_line' id='line_1_108' title="bbox 2040 5020 3610 5096; baseline -0.006 -8"><span class='ocrx_word' id='word_1_796' title='bbox 2040 5052 2102 5088; x_wconf 85' lang='grc' dir='ltr'><strong>να</strong></span> <span class='ocrx_word' id='word_1_797' title='bbox 2132 5035 2359 5088; x_wconf 85' lang='grc' dir='ltr'>κάθετον</span> <span class='ocrx_word' id='word_1_798' title='bbox 2378 5049 2392 5063; x_wconf 87' lang='grc'><strong>·</strong></span> <span class='ocrx_word' id='word_1_799' title='bbox 2436 5036 2494 5085; x_wconf 77' lang='grc' dir='ltr'><strong>έν</strong></span> <span class='ocrx_word' id='word_1_800' title='bbox 2529 5030 2585 5084; x_wconf 84' lang='grc' dir='ltr'>δὲ</span> <span class='ocrx_word' id='word_1_801' title='bbox 2731 5044 2762 5080; x_wconf 94' lang='grc' dir='ltr'><strong>σ</strong></span> <span class='ocrx_word' id='word_1_802' title='bbox 2902 5020 2980 5094; x_wconf 85' lang='grc' dir='ltr'><strong>τῷ</strong></span> <span class='ocrx_word' id='word_1_803' title='bbox 3005 5027 3158 5096; x_wconf 86' lang='grc' dir='ltr'>μέσῳ</span> <span class='ocrx_word' id='word_1_804' title='bbox 3180 5024 3382 5078; x_wconf 83' lang='grc' dir='ltr'>τούτων</span> <span class='ocrx_word' id='word_1_805' title='bbox 3405 5026 3610 5094; x_wconf 81' lang='grc' dir='ltr'>ἀμφοῖν</span> 
     </span>
    </p>
   </div>
   <div class='ocr_carea' id='block_1_109' title="bbox 2038 5117 3610 5192">
    <p class='ocr_par' dir='ltr' id='par_1_109' title="bbox 2038 5117 3610 5192">
     <span class='ocr_line' id='line_1_109' title="bbox 2038 5117 3610 5192; baseline -0.006 -16"><span class='ocrx_word' id='word_1_806' title='bbox 2038 5126 2236 5192; x_wconf 83' lang='grc' dir='ltr'>στ’χων</span> <span class='ocrx_word' id='word_1_807' title='bbox 2271 5120 2694 5192; x_wconf 84' lang='grc' dir='ltr'>παρακειμένων</span> <span class='ocrx_word' id='word_1_808' title='bbox 2716 5117 2810 5172; x_wconf 76' lang='grc' dir='ltr'><strong>τοῦ</strong></span> <span class='ocrx_word' id='word_1_809' title='bbox 2849 5136 2876 5172; x_wconf 74' lang='grc' dir='ltr'><strong>ε</strong></span> <span class='ocrx_word' id='word_1_810' title='bbox 2903 5117 2998 5172; x_wconf 71' lang='grc' dir='ltr'><strong>καὶ</strong></span> <span class='ocrx_word' id='word_1_811' title='bbox 3027 5135 3079 5184; x_wconf 87' lang='grc' dir='ltr'>υ,</span> <span class='ocrx_word' id='word_1_812' title='bbox 3109 5117 3406 5185; x_wconf 83' lang='grc' dir='ltr'>συμμέτρῳ</span> <span class='ocrx_word' id='word_1_813' title='bbox 3447 5131 3610 5183; x_wconf 80' lang='grc' dir='ltr'>μεσο-</span> 
     </span>
    </p>
   </div>
   <div class='ocr_carea' id='block_1_110' title="bbox 2030 5208 3611 5289">
    <p class='ocr_par' dir='ltr' id='par_1_110' title="bbox 2030 5208 3611 5289">
     <span class='ocr_line' id='line_1_110' title="bbox 2030 5208 3611 5289; baseline -0.006 -19"><span class='ocrx_word' id='word_1_814' title='bbox 2030 5216 2259 5287; x_wconf 73' lang='grc' dir='ltr'>λαϐήπει</span> <span class='ocrx_word' id='word_1_815' title='bbox 2292 5214 2561 5284; x_wconf 84' lang='grc' dir='ltr'>στοιχείου</span> <span class='ocrx_word' id='word_1_816' title='bbox 2586 5214 2619 5284; x_wconf 83' lang='grc' dir='ltr'>ἢ</span> <span class='ocrx_word' id='word_1_817' title='bbox 2646 5212 2949 5282; x_wconf 87' lang='grc' dir='ltr'>στοιχείων,</span> <span class='ocrx_word' id='word_1_818' title='bbox 2984 5209 3059 5272; x_wconf 87' lang='grc' dir='ltr'><strong>ὡς</strong></span> <span class='ocrx_word' id='word_1_819' title='bbox 3092 5210 3159 5263; x_wconf 83' lang='grc' dir='ltr'>ἂν</span> <span class='ocrx_word' id='word_1_820' title='bbox 3183 5210 3441 5289; x_wconf 66' lang='grc' dir='ltr'>γίνωνται</span> <span class='ocrx_word' id='word_1_821' title='bbox 3470 5208 3611 5261; x_wconf 69' lang='grc' dir='ltr'>αὐτὰ</span> 
     </span>
    </p>
   </div>
   <div class='ocr_carea' id='block_1_111' title="bbox 2032 5300 3608 5377">
    <p class='ocr_par' dir='ltr' id='par_1_111' title="bbox 2032 5300 3608 5377">
     <span class='ocr_line' id='line_1_111' title="bbox 2032 5300 3608 5377; baseline -0.007 -14"><span class='ocrx_word' id='word_1_822' title='bbox 2032 5309 2397 5363; x_wconf 78' lang='grc' dir='ltr'>ὑποτείνουσα</span> <span class='ocrx_word' id='word_1_823' title='bbox 2439 5307 2594 5376; x_wconf 82' lang='grc' dir='ltr'>κοινὴ</span> <span class='ocrx_word' id='word_1_824' title='bbox 2623 5308 2737 5369; x_wconf 86' lang='grc' dir='ltr'>τοῖς</span> <span class='ocrx_word' id='word_1_825' title='bbox 2758 5305 2879 5358; x_wconf 75' lang='grc' dir='ltr'>δυσὶ</span> <span class='ocrx_word' id='word_1_826' title='bbox 2910 5302 3197 5377; x_wconf 87' lang='grc' dir='ltr'>τριγώνοις</span> <span class='ocrx_word' id='word_1_827' title='bbox 3251 5301 3344 5355; x_wconf 82' lang='grc' dir='ltr'><strong>τοῦ</strong></span> <span class='ocrx_word' id='word_1_828' title='bbox 3405 5300 3608 5370; x_wconf 75' lang='grc' dir='ltr'>ῥόμϐου</span> 
     </span>
    </p>
   </div>
   <div class='ocr_carea' id='block_1_112' title="bbox 2030 5395 3610 5471">
    <p class='ocr_par' dir='ltr' id='par_1_112' title="bbox 2030 5395 3610 5471">
     <span class='ocr_line' id='line_1_112' title="bbox 2030 5395 3610 5471; baseline -0.007 -15"><span class='ocrx_word' id='word_1_829' title='bbox 2030 5402 2422 5471; x_wconf 84' lang='grc' dir='ltr'>διαγραφέντος</span> <span class='ocrx_word' id='word_1_830' title='bbox 2459 5400 2602 5470; x_wconf 88' lang='grc' dir='ltr'>μάλα</span> <span class='ocrx_word' id='word_1_831' title='bbox 2635 5399 2903 5469; x_wconf 76' lang='grc' dir='ltr'>εὖκρινῶς</span> <span class='ocrx_word' id='word_1_832' title='bbox 2938 5412 2953 5427; x_wconf 91' lang='grc'><strong>·</strong></span> <span class='ocrx_word' id='word_1_833' title='bbox 2983 5396 3173 5465; x_wconf 81' lang='grc' dir='ltr'>ἐπειδὴ</span> <span class='ocrx_word' id='word_1_834' title='bbox 3220 5397 3290 5448; x_wconf 75' lang='grc' dir='ltr'><strong>τὰ</strong></span> <span class='ocrx_word' id='word_1_835' title='bbox 3335 5395 3440 5463; x_wconf 76' lang='grc' dir='ltr'>ἔπη</span> <span class='ocrx_word' id='word_1_836' title='bbox 3470 5395 3610 5445; x_wconf 69' lang='grc' dir='ltr'><strong>ἐκεί-</strong></span> 
     </span>
    </p>
   </div>
   <div class='ocr_carea' id='block_1_113' title="bbox 2030 5485 3605 5564">
    <p class='ocr_par' dir='ltr' id='par_1_113' title="bbox 2030 5485 3605 5564">
     <span class='ocr_line' id='line_1_113' title="bbox 2030 5485 3605 5564; baseline -0.01 -14"><span class='ocrx_word' id='word_1_837' title='bbox 2030 5513 2097 5551; x_wconf 81' lang='grc' dir='ltr'><strong>να</strong></span> <span class='ocrx_word' id='word_1_838' title='bbox 2136 5495 2197 5547; x_wconf 79' lang='grc' dir='ltr'>οὐ</span> <span class='ocrx_word' id='word_1_839' title='bbox 2222 5495 2358 5564; x_wconf 59' lang='grc' dir='ltr'>πρδς</span> <span class='ocrx_word' id='word_1_840' title='bbox 2392 5494 2672 5546; x_wconf 83' lang='grc' dir='ltr'>πύκνωσιν</span> <span class='ocrx_word' id='word_1_841' title='bbox 2721 5494 2834 5553; x_wconf 86' lang='grc' dir='ltr'>τοῖς</span> <span class='ocrx_word' id='word_1_842' title='bbox 2884 5491 3212 5560; x_wconf 84' lang='grc' dir='ltr'>γράμμασιν</span> <span class='ocrx_word' id='word_1_843' title='bbox 3258 5485 3605 5549; x_wconf 71' lang='grc' dir='ltr'>ἐστοιϐάζονο</span> 
     </span>
    </p>
   </div>
   <div class='ocr_carea' id='block_1_114' title="bbox 2033 5579 3601 5656">
    <p class='ocr_par' dir='ltr' id='par_1_114' title="bbox 2033 5579 3601 5656">
     <span class='ocr_line' id='line_1_114' title="bbox 2033 5579 3601 5656; baseline -0.004 -20"><span class='ocrx_word' id='word_1_844' title='bbox 2033 5600 2113 5648; x_wconf 83' lang='grc' dir='ltr'>το,</span> <span class='ocrx_word' id='word_1_845' title='bbox 2154 5583 2288 5636; x_wconf 81' lang='grc' dir='ltr'>ἀλλὰ</span> <span class='ocrx_word' id='word_1_846' title='bbox 2330 5582 2621 5656; x_wconf 74' lang='grc' dir='ltr'>εὐρύθμως</span> <span class='ocrx_word' id='word_1_847' title='bbox 2674 5580 2975 5653; x_wconf 79' lang='grc' dir='ltr'>ὴραιοῦντο</span> <span class='ocrx_word' id='word_1_848' title='bbox 3007 5580 3140 5649; x_wconf 81' lang='grc' dir='ltr'>πρὸς</span> <span class='ocrx_word' id='word_1_849' title='bbox 3164 5579 3564 5650; x_wconf 83' lang='grc' dir='ltr'>εὑδιάρθρωτον</span> <span class='ocrx_word' id='word_1_850' title='bbox 3587 5591 3601 5605; x_wconf 92' lang='grc'><strong>·</strong></span> 
     </span>
    </p>
   </div>
   <div class='ocr_carea' id='block_1_115' title="bbox 348 5669 3611 5751">
    <p class='ocr_par' dir='ltr' id='par_1_115' title="bbox 348 5669 3611 5751">
     <span class='ocr_line' id='line_1_115' title="bbox 348 5669 3611 5751; baseline -0.001 -22"><span class='ocrx_word' id='word_1_851' title='bbox 348 5673 443 5729; x_wconf 69' lang='grc' dir='ltr'>καὶ</span> <span class='ocrx_word' id='word_1_852' title='bbox 475 5671 700 5727; x_wconf 80' lang='grc' dir='ltr'>τοιαῦτα</span> <span class='ocrx_word' id='word_1_853' title='bbox 733 5674 830 5742; x_wconf 75' lang='grc' dir='ltr'>μὲν</span> <span class='ocrx_word' id='word_1_854' title='bbox 858 5674 1040 5727; x_wconf 70' lang='grc' dir='ltr'>ἐκεῖνα</span> <span class='ocrx_word' id='word_1_855' title='bbox 1071 5672 1139 5728; x_wconf 74' lang='grc' dir='ltr'><strong>τά</strong></span> <span class='ocrx_word' id='word_1_856' title='bbox 1171 5672 1263 5727; x_wconf 76' lang='grc' dir='ltr'>δύο</span> <span class='ocrx_word' id='word_1_857' title='bbox 1295 5674 1438 5729; x_wconf 71' lang='grc' dir='ltr'>κατὰ</span> <span class='ocrx_word' id='word_1_858' title='bbox 1468 5674 1757 5732; x_wconf 66' lang='grc' dir='ltr'>ἐποποιῒαν</span> <span class='ocrx_word' id='word_1_859' title='bbox 1786 5675 1991 5732; x_wconf 86' lang='grc' dir='ltr'>πλατέα</span> <span class='ocrx_word' id='word_1_860' title='bbox 2061 5680 2422 5751; x_wconf 86' lang='grc' dir='ltr'>τετραμμένα</span> <span class='ocrx_word' id='word_1_861' title='bbox 2486 5680 2636 5751; x_wconf 77' lang='grc' dir='ltr'>παρὰ</span> <span class='ocrx_word' id='word_1_862' title='bbox 2673 5677 2932 5750; x_wconf 83' lang='grc' dir='ltr'>ἀνδράσιν</span> <span class='ocrx_word' id='word_1_863' title='bbox 2960 5669 3041 5741; x_wconf 82' lang='grc' dir='ltr'><strong>οἷς</strong></span> <span class='ocrx_word' id='word_1_864' title='bbox 3068 5670 3138 5746; x_wconf 79' lang='grc' dir='ltr'>ἦν</span> <span class='ocrx_word' id='word_1_865' title='bbox 3185 5674 3276 5730; x_wconf 74' lang='grc' dir='ltr'>καὶ</span> <span class='ocrx_word' id='word_1_866' title='bbox 3346 5673 3381 5744; x_wconf 71' lang='grc' dir='ltr'><strong>ἦ</strong></span> <span class='ocrx_word' id='word_1_867' title='bbox 3446 5669 3611 5745; x_wconf 74' lang='grc' dir='ltr'>σχολὴ</span> 
     </span>
    </p>
   </div>
   <div class='ocr_carea' id='block_1_116' title="bbox 351 5764 577 5836">
    <p class='ocr_par' dir='ltr' id='par_1_116' title="bbox 351 5764 577 5836">
     <span class='ocr_line' id='line_1_116' title="bbox 351 5764 577 5836; baseline 0 -17"><span class='ocrx_word' id='word_1_868' title='bbox 351 5764 577 5836; x_wconf 76' lang='grc' dir='ltr'>σπουδή.</span> 
     </span>
    </p>
   </div>
  </div>
