4050 6410
385 465 493 534 513
1191 470 1273 534 IN
1309 474 1652 536 HYMNUM
1711 478 2363 549 PENTECOSTALEM
2387 490 2850 555 DAMASCENI.

3533 498 3636 561 5M

466 589 529 682 i0
556 587 612 682 οὲ
672 590 951 682 μετρήσας
999 592 1149 660 ἡμᾶς
1202 593 1415 663 χρόνος,
1447 596 1617 669 ἔφηνε
1670 603 1765 656 καὶ
1794 604 1955 668 αὐτὸς
1988 650 1991 659 .

2136 602 2241 660 Sed
2266 607 2409 675 quod
2441 620 2724 665 mensurat
2773 627 2874 668 nos
2898 622 3135 682 tempus,
3162 612 3535 668 manifestavit
3593 627 3652 672 et

381 678 553 767 ἄνδρα
573 677 800 751 λευῖτην
853 680 1024 747 δεξιὸν
1058 682 1307 745 ἐξανύειν
1342 685 1566 755 λογικὰς
1587 693 1960 767 ἐγχειρήσεις,

385 765 475 837 αἶς
501 770 567 825 ἂν
593 772 844 828 ἐπιϐάλοι
870 817 884 839 ,
934 774 1260 847 Ὀλυντηνδν
1285 778 1357 845 re:
1376 781 1606 854 ἐπίκλην
1635 798 1651 815 ⁸
1708 765 1809 838 καὶὴ
1833 788 1971 842 είδο-

388 881 489 933 μεν
538 865 686 920 ῐστὸν
727 866 787 921 ὃν
814 868 1019 934 ἐκεῖνος
1076 869 1308 941 ἐξύφανε
1358 875 1656 943 μετρικῶς,
1685 878 1777 930 καὶ
1808 878 1970 935 ἐθαυ-

388 956 644 1023 μάσαμεν
666 957 955 1023 ἀκούοντες
980 961 1079 1031 μὲν
1103 962 1162 1015 τὸ
1193 964 1444 1034 τέχνημα
1479 967 1576 1020 καὶ⁴
1614 968 1677 1020 ἐκ
1708 968 1967 1035 παλαιοῦ,

386 1047 540 1102 οὔπω
580 1049 637 1102 δὲ
694 1055 1187 1123 περιτετυχηκότες
1246 1058 1474 1127 τοιούτῳ
1536 1060 1697 1130 μέχρι
1760 1061 1855 1114 καὶ
1914 1065 1969 1125 ἐς

387 1139 550 1192 αὐτόν
576 1156 592 1175 ο
620 1138 689 1211 ἦν
728 1141 784 1195 δὲ
819 1143 879 1195 τὸ
918 1144 1265 1217 ίστούργημα
1303 1149 1478 1202 ἐκεῖνο
1526 1152 1770 1205 τοιοῦτον
1810 1168 1826 1184 ·
1857 1170 1971 1207 στι-

388 1235 545 1305 χιδίῳ
573 1235 774 1308 πρώτῳ
793 1237 1050 1294 ὑπέκειτο
1070 1241 1258 1313 ἕτερον
1282 1245 1489 1312 ὅμοιον,
1514 1247 1802 1316 στοιχείοις
1834 1265 1971 1318 γρα-

390 1332 573 1397 φικοῖς
599 1332 655 1392 ἐς
683 1333 1096 1403 ἁπαράλειπτον
1125 1338 1245 1392 κατ’
1271 1341 1448 1394 ἐκεῖνο
1470 1342 1804 1419 ποσούμενον
1835 1358 1848 1373 ·
1877 1343 1972 1397 καὶ

388 1419 468 1490 τῷ
520 1422 759 1494 δευτέρῳ
809 1425 989 1494 τρίτον
1023 1428 1340 1498 ὑπέστρωτο
1375 1432 1609 1500 ἐμφερὲς
1665 1436 1731 1487 τά
1782 1450 1847 1502 γε
1894 1438 1972 1499 εἰς

391 1514 630 1584 ἀριθμὸν
694 1516 1041 1587 γραμμάτιον
1068 1536 1081 1549 ·
1113 1521 1206 1573 καὶ
1240 1519 1316 1589 τῷ
1346 1524 1519 1590 τρίτῳ
1557 1525 1838 1594 τέταρτον,
1876 1526 1971 1577 καὶ

390 1606 552 1659 τοῦτο
582 1608 875 1677 ἐχομένως,
911 1610 1015 1672 ἕως
1056 1605 1116 1662 οὗ
1168 1614 1379 1677 ἐκεῖνος
1431 1615 1541 1668 εἴτε
1612 1615 1805 1686 ἢθελεν
1864 1619 1973 1672 εἴτε

391 1698 627 1769 ἠδύνατο
653 1716 667 1731 '
705 1701 802 1755 καὶ
837 1702 904 1757 τὰ
929 1705 1235 1774 γράμματα
1280 1708 1527 1777 κιονηδλν
1555 1705 1667 1763 οἷον
1693 1711 1977 1779 διατεταγ-

400 1792 539 1856 μένα
568 1792 691 1844 κατ’
716 1793 1030 1864 εὖκρίνειαν
1067 1799 1125 1850 ἐν
1147 1798 1223 1864 τῷ
1251 1797 1485 1852 ἕκαστον
1534 1800 1719 1870 στίχον
1759 1802 1975 1869 ἑκάστῳ

397 1885 711 1939 ἐπικεῖσθαι
732 1887 1113 1955 ἀνακείμενον,
1143 1888 1218 1952 ὡς
1242 1891 1291 1942 εί
1325 1891 1418 1944 καὶ
1441 1893 1688 1962 ἀλλήλων
1722 1898 1790 1947 τὰ
1835 1913 1976 1949 στοις

397 1978 519 2046 χεϊα
547 1975 847 2047 ἐξήρτηντο
872 1994 886 2008 ·
920 1979 1221 2048 ἐφάνταζον
1244 1982 1563 2046 στυλίσκους
1591 1984 1715 2049 τοὺς
1744 1983 1844 2053 μὲν
1875 2004 1975 2041 κα-

398 2065 470 2118 τὰ
494 2065 714 2131 πλάτος,
744 2069 871 2132 τοὺς
898 2069 954 2122 δὲ
985 2075 1128 2124 κατὰ
1153 2070 1315 2142 βάθος
1341 2072 1538 2141 ὀρθοὺς
1560 2074 1830 2143 ἅπαντας,
1881 2079 1977 2133 καὶ

402 2158 899 2230 συμϐιϐαζομὲνων
933 2162 1043 2216 τῶν
1070 2165 1127 2216 ἐν
1159 2165 1445 2235 ἑκατέροις
1484 2169 1708 2223 ἐννοιῶν
1732 2171 1980 2240 ἀναγνω-

404 2255 604 2316 στικῶς
638 2255 1032 2325 ἀκροστιχίδων
1078 2258 1234 2327 δίκην
1264 2277 1279 2293 -
1336 2262 1669 2332 ἐκληροῦντο
1709 2265 1845 2327 ίδίας
1879 2266 1980 2335 μέν

402 2344 613 2408 ἐννοίας
644 2348 692 2399 oi
717 2348 858 2402 κατὰ
886 2349 1086 2414 πλάτος
1115 2350 1317 2420 δρδινοι
1351 2356 1426 2424 (Ι)
1460 2355 1555 2407 ἀπ’
1604 2358 1778 2427 ἀρχῆς
1816 2359 1980 2426 μέχρι

356 2446 363 2451 ’
402 2435 497 2490 τοῦ
530 2437 845 2493 τελευταίου
879 2456 893 2470 ο
923 2441 1058 2505 ἰδίας
1098 2442 1155 2496 δέ
1181 2444 1443 2510 ὡσαύτως
1480 2448 1531 2500 οἱ
1567 2452 1711 2501 κατᾶ
1769 2449 1931 2520 βάθος
1961 2467 1978 2486 ο

404 2529 500 2582 καὶ
530 2527 595 2602 ἦν
618 2531 678 2584 οὐ
710 2532 1030 2606 Πηνελόπης
1061 2537 1207 2594 ἱστός
1230 2538 1439 2603 ἐκεῖνος
1497 2541 1591 2594 καὶ
1651 2531 1979 2614 ἱστορούμε-

405 2641 494 2686 νος
523 2627 619 2678 καὶ
647 2627 1008 2695 ἀναγόμενος,
1044 2629 1076 2701 ἤ
1117 2631 1336 2699 Ἑλένης
1370 2634 1578 2699 πέπλος
1652 2636 1982 2707 Έλληνςκοῖς

405 2715 736 2783 ἀεθλεύμασι
795 2721 1183 2791 κατάπαστος,
1249 2727 1384 2780 ἀλλὰ
1449 2728 1695 2797 ἐμπλοκὴ
1750 2733 1980 2799 σοφίας,

404 2803 476 2872 ἧς
512 2809 673 2881 ἔργον
729 2813 894 2867 καλὸν
945 2816 1044 2869 καὶ
1077 2816 1139 2870 τὸ
1192 2818 1470 2889 πάρεργον
1498 2838 1514 2853 ο
1557 2822 1705 2875 tato-3
1758 2823 1813 2877 δὲ
1857 2823 1984 2877 τού-

407 2920 501 2958 του
551 2907 818 2975 στήμονες
860 2909 980 2976 μὲν,
1011 2904 1123 2964 οἷον
1150 2912 1217 2965 τὰ
1250 2915 1391 2967 κατὰ
1427 2914 1593 2983 βάθος
1645 2918 1754 2985 ἔπη
1785 2932 1799 2948 ο
1851 2919 1986 2987 κρό·

407 3015 479 3068 κη
527 2999 605 3062 δὲ.
635 3000 705 3054 τὰ
739 3001 834 3055 τοῦ
852 3003 1087 3067 πλάτους
1113 3021 1127 3034 ⁸
1178 3008 1273 3059 καὶ
1305 3006 1578 3075 λογίζεται
1612 3010 1644 3080 ἠ
1706 3011 1802 3080 μέν
1861 3012 1983 3065 τού-

406 3108 503 3165 του
533 3095 750 3164 ποίησις
787 3094 1039 3165 ὕφανσις,
1069 3097 1144 3162 ὡς
1168 3095 1278 3153 οἷον
1306 3101 1363 3153 δὲ
1402 3103 1682 3168 ἀνάλυσις,
1728 3108 1763 3173 ἡ
1818 3108 1991 3174 ἀνάγ-

409 3202 592 3255 νωσις,
646 3189 741 3242 καὶ
790 3192 817 3244 ὁ
864 3192 1070 3261 στήσας
1121 3196 1330 3248 ἐκεῖνον
1364 3197 1661 3264 προσφυῶς
1693 3198 1760 3250 ἂν
1793 3199 1985 3284 ῥηθείη

2072 696 2249 766 ipsum
2294 699 2514 754 levitam
2546 701 2821 758 hominem
2852 704 3088 770 peritum
3140 705 3458 773 perficiendi
3495 715 3656 762 ratio.

2070 789 2213 843 ualia
2237 789 2451 859 incepta
2480 792 2678 857 quibus
2731 794 2975 851 animum
3013 795 3349 863 intendebat,
3403 795 3655 865 Olymtc-

2071 894 2198 932 num
2230 879 2449 935 nomine
2484 896 2499 933 :
2538 892 2591 935 et
2623 882 2856 938 vidimus
2879 885 3039 939 telam
3102 901 3264 953 quam
3323 889 3652 941 metricete-

2070 970 2209 1037 xnil,
2243 980 2298 1025 et
2327 972 2508 1027 mirati
2533 988 2724 1031 sumus
2757 975 3047 1032 audientes
3098 987 3271 1032 artem
3330 978 3471 1034 hanc
3513 980 3658 1033 anti-

2072 1079 2236 1132 quam
2269 1079 2417 1130 esse,
2457 1073 2512 1118 et
2537 1066 2780 1120 nondum
2822 1068 3103 1137 hucusque
3145 1070 3253 1126 tale
3292 1071 3418 1139 quid
3448 1072 3661 1126 videra-

2072 1172 2213 1209 mus.
2256 1156 2378 1209 Erat
2404 1166 2586 1210 autem
2610 1164 2820 1211 textura
2851 1158 2972 1214 talis
2998 1173 3013 1210 :
3040 1158 3230 1215 Versui
3255 1149 3659 1229 primo'subja-

2074 1249 2234 1303 cchat
2262 1250 2402 1304 alter
2424 1249 2643 1316 similis,
2705 1250 2991 1307 elementis
3025 1253 3298 1321 graphicis
3323 1252 3443 1307 sine
3492 1253 3663 1308 inter-

2077 1342 2343 1396 missione
2385 1342 2687 1397 secundum
2714 1342 2867 1397 illum
2896 1343 3280 1399 conformatus
3310 1362 3324 1399 :
3367 1354 3422 1400 et
3464 1360 3661 1400 secun-

2073 1431 2145 1486 do
2180 1432 2377 1486 tertius
2409 1432 2729 1488 substratus
2763 1444 2882 1489 erat
2905 1435 3050 1503 quod
3094 1435 3401 1489 litterarqu
3473 1450 3665 1489 nume-

2076 1539 2193 1576 rum
2222 1539 2446 1592 compar
2495 1531 2550 1577 et
2612 1528 2772 1578 tertio
2831 1535 3082 1593 quartus,
3152 1532 3208 1577 et
3271 1522 3350 1578 sic
3408 1522 3666 1590 deinceps

2081 1615 2445 1684 quoadusque
2482 1623 2670 1671 textus
2693 1617 2869 1670 voluit
2898 1626 2991 1671 aut
3020 1617 3196 1686 pOtuit
3226 1631 3240 1670 :
3270 1625 3324 1668 et
3349 1615 3543 1668 litterae
3572 1627 3666 1667 co-

2078 1706 2277 1760 lumna:
2343 1709 2514 1761 instar
2596 1708 2861 1763 ordinatae
2919 1708 2985 1763 ad
3073 1707 3418 1776 perspicuam
3474 1705 3670 1759 distin-

2079 1793 2340 1854 ctionem.
2371 1793 2501 1848 dum
2534 1795 2766 1862 singulis
2792 1795 3035 1852 versibus
3079 1796 3280 1863 singuli
3314 1794 3667 1863 subiacentes

2083 1894 2455 1947 versarentur,
2494 1886 2564 1938 ita
2606 1897 2663 1939 ut
2698 1886 2929 1941 invicem
2958 1888 3304 1941 coha'rerent
3347 1886 3620 1939 elementa
3651 1899 3669 1952 ;

2082 1974 2443 2031 ostendebant
2474 1978 2765 2032 columnas
2793 1978 2925 2031 etin
2950 1971 3244 2033 latitudine
3275 1987 3332 2032 et
3363 1979 3415 2031 in
3445 1978 3672 2046 profun-

2076 2066 2265 2133 ditatc,
2296 2078 2474 2124 rectas
2517 2083 2731 2132 omnes,
2760 2086 2881 2125 cum
2919 2078 3430 2141 coagmentarentur
3470 2069 3524 2122 in
3552 2068 3671 2122 siu-

2077 2158 2217 2230 gulis
2232 2161 2516 2217 sententiae
2548 2176 2792 2232 congrue
2813 2164 2878 2218 ad
2909 2163 3219 2234 legendum,
3241 2161 3669 2216 acrostichidum

2079 2247 2287 2314 instar;
2324 2252 2574 2321 proprias
2605 2253 2978 2308 sortiebantur
3020 2253 3322 2309 sententias
3371 2266 3566 2307 versus
3611 2252 3670 2304 in

2080 2341 2366 2398 latitudine
2399 2345 2664 2409 ordinati,
2693 2345 2762 2400 ab
2798 2345 2958 2399 initio
3001 2361 3177 2415 usque
3200 2345 3268 2399 ad
3305 2345 3469 2397 linem
3499 2360 3514 2410 ;
3549 2357 3676 2409 pro-

2081 2435 2232 2504 prias
2260 2434 2520 2491 similiter
2549 2438 2642 2506 qui
2674 2437 2726 2490 in
2759 2437 3052 2492 altitudine
3076 2445 3132 2492 et
3153 2448 3273 2493 erat
3342 2450 3449 2490 non
3499 2436 3676 2489 Pene-

2083 2525 2223 2595 lopis
2254 2527 2358 2581 tela
2387 2527 2522 2592 haec,
2554 2528 2625 2581 ab
2649 2527 2898 2582 historiis
2924 2531 3142 2600 cognita
3162 2539 3217 2585 et
3236 2529 3510 2583 celebrata
3538 2540 3677 2589 ;uec

2084 2616 2301 2674 Helenus
2339 2620 2514 2674 velum
2544 2620 2868 2691 Argivorum
2911 2637 3226 2693 camporum
3259 2618 3677 2684 certaminibus,

2084 2712 2178 2766 sed
2202 2712 2485 2780 sapientiae
2512 2716 2853 2783 complexus,
2888 2715 3047 2782 cujus
3090 2713 3379 2782 pulchrum
3404 2726 3541 2782 npus
3562 2709 3680 2779 pri-

2087 2807 2322 2860 marium
2350 2816 2404 2860 et
2432 2806 2845 2869 secundarium,
2868 2808 2989 2861 telae
3023 2816 3204 2861 autem
3230 2804 3390 2874 hujus
3443 2803 3679 2860 stamina

2086 2899 2226 2954 sicut
2254 2911 2307 2954 et
2345 2914 2556 2965 versus,
2608 2898 2660 2952 in
2731 2896 3003 2967 profundo
3024 2898 3439 2965 posita;trama
3493 2902 3678 2948 autem

2088 2991 2144 3046 in
2178 2991 2489 3052 latitudine,
2519 2999 2569 3044 et
2592 2992 2897 3044 aestimatur
2935 2998 3149 3043 textura
3182 2987 3365 3057 poesis
3410 2986 3519 3053 illa,
3558 2985 3680 3052 sed,

2087 3094 2147 3139 ut
2170 3101 2385 3155 aequum
2427 3092 2531 3148 est,
2568 3083 2868 3153 explicatio
2898 3083 2978 3138 vel
2996 3082 3302 3151 eXpositio;
3337 3091 3390 3135 et
3418 3082 3509 3150 qui
3531 3094 3683 3133 cou-

2088 3177 2268 3233 8Iituit
2298 3191 2444 3239 eam,
2478 3188 2845 3246 congruenter
2872 3174 3151 3228 diceretur
3184 3174 3348 3227 docta
3404 3171 3675 3226 tenuisse

409 3278 564 3349 λόγον
590 3279 851 3351 ἐξυφάναι
885 3285 1052 3353 σοφόν
1083 3301 1097 3317 ·
1133 3286 1210 3349 ὡς
1236 3288 1296 3340 δὲ
1330 3263 1601 3356 δύσεργον
1635 3290 1696 3341 τὸ
1742 3263 1987 3343 τοιοῦτον

2095 3268 2259 3323 verba
2293 3266 2718 3337 quamdillicilis
2741 3266 2814 3320 sit
2894 3266 3022 3325 talis
3082 3274 3322 3326 textura,
3388 3263 3531 3318 sciet
3583 3263 3679 3330 qui

411 3374 727 3445 ἐξύφασμα,
760 3375 1034 3443 γνώσεται
1067 3381 1095 3433 ὁ
1124 3383 1520 3448 πειρασόμενος
1562 3382 1693 3434 αὐτὸ
1726 3383 1990 3451 διαχειρὲ-

414 3465 605 3520 σεσθαι
638 3483 656 3500 ο
705 3468 869 3537 σοφὺς
903 3469 1002 3538 μὲν
1031 3471 1294 3538 ἐσόμενος
1325 3470 1486 3541 εἴπερ
1508 3472 1642 3525 αὐτὸ
1684 3473 1993 3540 άκριὸὡσε-

413 3578 504 3613 ται
541 3575 583 3605 ’κ
612 3561 674 3615 οὐ
728 3561 1090 3633 δυνησόμενος
1152 3563 1209 3616 δὲ
1256 3563 1345 3617 διὰ
1388 3564 1575 3628 τέλους
1608 3565 1719 3618 οὐδ’
1745 3567 1907 3628 αὐτὸς
1936 3569 1996 3620 ἐν

414 3653 630 3716 πολλοῖς
654 3651 794 3707 εἶναι
828 3653 975 3708 κατὰ
1003 3654 1096 3708 τὸν
1133 3655 1309 3720 οὕτως
1338 3658 1564 3711 εἰπόντα
1616 3658 1803 3726 σοφόν.
1854 3661 1995 3714 Πτέ-

418 3767 590 3820 ρυγας
618 3751 673 3804 δέ
693 3768 757 3816 γε
790 3750 883 3802 καὶ
905 3750 1093 3815 ἀξίνας
1121 3750 1217 3803 καὶ
1239 3751 1333 3827 ὠά.
1372 3753 1466 3806 καὶ
1531 3753 1772 3824 βωμοὺς,
1828 3755 1999 3823 ἀθύρ-

421 3860 567 3911 ματα
594 3845 688 3897 καὶ
719 3842 859 3895 αὐτὰ
893 3843 1115 3912 μουσῶν
1148 3845 1479 3914 σεμνότερον
1511 3844 1568 3898 δὲ
1605 3847 1768 3911 φάναι
1825 3846 2000 3914 ἁγάλ-

423 3951 588 4003 ματα,
613 3934 905 4002 Θεόκριτος
934 3935 1350 4006 παραδεικνύτω
1371 3937 1464 3989 καὶ
1496 3938 1549 3990 εί
1572 3953 1657 4000 τις
1696 3939 1855 4001 ἄλλος
1888 3954 2001 3990 τοι-

422 4030 550 4082 οὖτο
574 4028 894 4096 ἐκφαίνεται
927 4044 943 4058 ο
975 4028 1035 4081 οὐ
1064 4029 1377 4088 σπουδαίοις
1406 4032 1613 4093 ἐκεῖνος
1653 4029 1858 4099 λογίοις
1905 4033 2000 4083 ἐκο

420 4119 595 4183 διδοὺς
657 4120 849 4174 ἑαυτὸν
902 4122 1042 4173 κατὰ
1086 4121 1215 4183 τοὺς
1273 4120 1629 4191 ἁδιακρίτους
1677 4121 1999 4188 ἐξεταστὰς,

421 4212 558 4265 ἀλλὰ
610 4214 746 4281 πρὸς
802 4213 861 4264 ού
920 4212 1133 4281 φαύλην
1188 4213 1424 4283 σπουδὴν
1455 4214 1871 4282 ἁστεῖξόμενος.
1911 4214 2002 4268 Ἐν

423 4300 505 4366 οἷς
531 4304 680 4356 ἔστιν
712 4305 890 4356 εἰπεῖν
920 4305 993 4367 ὡς
1023 4300 1090 4375 ἦν
1123 4304 1305 4368 αὐτοῖς
1365 4307 1398 4376 ἡ
1448 4304 1676 4374 τοιαύτη
1737 4308 2000 4377 ἐργῳδία,

426 4398 592 4460 κόπος
622 4397 840 4459 ἄπονος,
878 4397 1076 4467 μόχθος
1100 4397 1327 4464 γλυκὺς,
1361 4397 1522 4459 πόνος
1551 4397 1875 4468 ἀνάλγητος,
1906 4399 2007 4466 ἔμ-

432 4506 632 4559 μουσος
654 4487 902 4558 ἀσχολία,
935 4488 1097 4551 ἆϋλος
1122 4487 1308 4558 ἡδονὴ,
1359 4488 1530 4558 ἀργία
1561 4487 1802 4556 ἐλλόγως
1834 4491 2003 4559 ἐργα-

427 4581 578 4651 τικὴ,
602 4577 760 4647 θῆξις
786 4579 967 4650 ψυχῆς
995 4581 1073 4642 είς
1098 4578 1355 4647 ὀξύτητα,
1384 4578 1612 4648 ἐθισμὸς
1672 4580 2005 4649 καινοτέρων

431 4672 704 4738 ἐπινοιῶν,
738 4670 1064 4741 καινοτομία
1090 4671 1252 4738 λόγου
1288 4671 1579 4741 ἐπαινετὴ,
1622 4670 1846 4739 μέθοδος
1910 4671 2007 4725 τοῦ

436 4764 510 4835 μὴ
545 4764 749 4834 βαίνειν
783 4764 904 4816 κατ’
938 4764 1061 4833 ἴχνη
1108 4762 1341 4830 πολλῶν,
1398 4763 1426 4816 ὃ
1480 4763 1543 4831 δὴ
1602 4762 1952 4832 Καλλίμαχος
1982 4762 2011 4814 ὁ

434 4859 597 4927 σοφδς
619 4856 1004 4927 ἐπετήδευσεν,
1041 4854 1229 4923 ἔφοδος
1292 4854 1626 4925 ἐφευρετικὴ
1689 4855 2013 4923 καινοτέρας

435 4950 730 5022 ποιήσεως,
766 4948 974 5013 ἔνδοξος
996 4948 1266 5019 γάποφυγὴ
1314 4946 1749 5017 ταυτογραφίας,
1783 4947 2017 5016 εὐφυΐας

436 5041 686 5108 ἔνδειξις,
708 5040 972 5107 ἐπίδειξις
1000 5039 1263 5112 εὐπορίας
1286 5042 1501 5109 νοερᾶς,
1550 5040 1864 5108 φιλόκαινος
1921 5041 2018 5093 καὶ

439 5134 720 5202 φιλότιμος
763 5132 1142 5203 μεταχείρισις
1191 5129 1376 5198 λόγου,
1420 5130 1826 5200 ἐξηλλαγμένη⁴
1857 5130 2019 5200 στολὴ

442 5227 655 5296 σοφίας,
696 5226 903 5296 ἀγαθὸν
938 5224 1253 5290 ἀλλόκοτον,
1290 5223 1524 5283 πλούτου
1552 5222 1743 5293 νοεροῦ
1798 5222 2021 5293 προχεί-

445 5337 611 5391 ρισις,
652 5317 895 5389 ἔμφασις
919 5318 1203 5390 δυνάμεως
1228 5318 1491 5388 ψυχικῆς,
1522 5315 1786 5384 έκφανσις
1835 5314 2022 5384 ἰσχύος

443 5411 746 5481 γραφικῆς·

525 5502 666 5557 Ἀλλ’
697 5503 834 5573 ὅπερ
872 5502 1068 5559 ἀνόπιν
1090 5500 1252 5570 λόγου
1282 5497 1593 5569 φθάσαντες
1618 5497 2022 5567 ἐσκεπτόμεθα,

445 5595 605 5665 εἴπερ
636 5596 821 5650 πολλοί
844 5612 991 5660 τινες
1018 5597 1114 5648 καὶ
1147 5594 1257 5648 τῶν
1283 5595 1340 5646 ἐν
1371 5595 1503 5666 ήμῖν
1551 5592 1900 5662 παλαιτέρων
1932 5590 2028 5643 καὶ

448 5690 555 5742 τῶν
582 5689 912 5761 προσφάτων
943 5689 1192 5758 καὶπερὶ
1223 5686 1398 5758 μέτρα
1443 5687 1800 5754 ἐπονήσαντο,
1850 5683 1882 5753 ἢ
1940 5682 2027 5736 διὰ

456 5780 736 5852 ῥᾳστώνην
763 5780 1035 5852 ἔμφρονα,
1065 5780 1100 5853 ἢ
1123 5781 1259 5851 πρὸς
1288 5780 1448 5853 χάριν
1475 5777 1788 5844 ὁποιανοῦν,
1820 5775 1914 5829 καὶ
1932 5774 2027 5843 γέο

532 5965 609 6036 (l)
642 5965 719 6019 Ita
746 5964 870 6020 cod.

2099 3358 2256 3413 talem
2295 3358 2579 3413 instituere
2634 3357 2892 3419 tentabit,
2949 3357 3127 3411 solers
3180 3355 3420 3408 futurum
3469 3353 3514 3408 si
3558 3368 3680 3407 eam

2097 3459 2220 3521 apte
2277 3450 2566 3522 perfecerit
2596 3467 2612 3518 ;
2654 3466 2761 3505 non
2795 3450 2994 3520 poterit
3026 3461 3207 3503 autem
3234 3462 3407 3518 usque
3431 3447 3486 3502 in
3517 3445 3679 3500 ﬁnem

2097 3546 2287 3615 etipse
2312 3545 2363 3598 in
2394 3544 2580 3598 multis
2635 3559 2755 3599 esse
2806 3544 2953 3597 sicut
2998 3541 3294 3613 praedictus
3354 3540 3681 3609 ingeniosus

2099 3639 2200 3694 vir.
2228 3639 2358 3694 Alas
2388 3647 2592 3702 autem,
2618 3648 2672 3692 et
2700 3653 2921 3693 ευριπ-οε
2948 3644 3003 3690 et
3038 3651 3164 3695 ova,
3189 3644 3251 3721 et
3276 3632 3494 3697 altaria,
3524 3633 3680 3702 signa

2098 3741 2154 3789 et
2180 3747 2457 3787 musarum
2525 3738 2846 3785 ornamenta
2892 3740 2947 3784 ut
2989 3727 3288 3783 decentius
3350 3733 3676 3795 appareant,

2100 3824 2433 3880 Theocritus
2463 3822 2746 3885 canat,ch
2781 3821 2827 3877 si
2884 3822 3006 3890 quis
3060 3820 3205 3874 alius
3255 3818 3532 3887 reperitur
3579 3816 3667 3870 in-

2102 3915 2335 3986 comptis
2354 3917 2496 3970 dans
2529 3914 2767 3983 seipsum
2802 3923 2992 3967 auctor
3030 3910 3339 3974 sententiis,
3369 3908 3522 3979 juxta
3586 3907 3676 3961 in—

2102 4010 2294 4063 doctos
2316 4006 2673 4076 inquisitores
2694 4021 2710 4073 ;
2731 4005 2826 4061 sed
2860 4004 3042 4075 potius
3067 4002 3431 4058 urbanitatem
3454 4000 3685 4070 diligen-

2105 4101 2315 4156 tissime
2345 4108 2610 4154 sectatur.
2645 4098 2719 4152 De
2781 4098 2982 4165 quibus
3000 4096 3295 4152 dicendum
3338 4101 3424 4149 est
3451 4093 3557 4148 tale
3584 4109 3673 4146 ar-

2103 4192 2271 4248 duum
2303 4192 2587 4262 opusipsis
2626 4190 2794 4246 fuisse
2819 4190 3057 4245 laborem
3085 4189 3300 4244 facilem
3324 4229 3338 4252 ,
3374 4186 3682 4243 molestiam

2104 4289 2340 4351 dulcem,
2383 4268 2756 4356 fatigationem
2812 4285 3003 4341 dolore
3060 4295 3360 4349 carentem,
3419 4282 3688 4337 concinna

2107 4399 2265 4450 cura,
2307 4380 2690 4437 immaterialis
2718 4380 2992 4447 voluptas,
3051 4381 3223 4434 otium
3286 4376 3564 4447 sapienter
3610 4375 3693 4428 la-

2107 4475 2376 4540 boraus,i
2413 4473 2597 4544 ngenii
2653 4472 2923 4527 acuminis
2944 4471 3181 4536 cultus,.
3216 4481 3483 4523 novarum
3543 4468 3695 4535 cogi-

2111 4571 2380 4623 tationum
2415 4563 2758 4622 consuetudo
2782 4602 2798 4628 ,
2827 4563 3120 4619 laudabilis
3177 4560 3328 4615 verbi
3383 4560 3693 4623 innovatin,

2117 4661 2313 4716 modus
2340 4673 2450 4712 non
2485 4656 2748 4725 sequendi
2781 4655 2925 4710 viam
2957 4654 3287 4719 multorum;
3319 4649 3694 4708 Cailimachus

2118 4750 2479 4823 philosophus
2539 4747 2801 4813 instituit,
2855 4746 2944 4800 via
3003 4742 3279 4800 inventrix
3373 4741 3698 4797 recentioris

2124 4854 2367 4912 poescos,
2400 4836 2691 4892 laudabilis
2728 4835 2854 4904 fuga
2894 4832 3332 4905 tautographias,
3370 4832 3573 4903 ingenii
3609 4846 3701 4886 os-

2125 4930 2321 4996 tensio,
2360 4926 2730 4982 nianii‘estatis
2768 4925 2953 4982 uberis
2982 4925 3174 4990 animi,
3209 4937 3348 4979 nova
3410 4930 3467 4978 et
3534 4934 3702 4992 gene-

2123 5036 2248 5075 rosa
2286 5018 2437 5075 verbi
2467 5016 2743 5082 tractatio,
2808 5016 3124 5070 divitiarum
3193 5013 3557 5085 spiritualium
3614 5027 3705 5067 ac-

2126 5111 2378 5183 quisitio,
2402 5110 2607 5182 vigoris
2640 5108 2846 5181 ingenii
2885 5116 3293 5181 argumentum,
3321 5108 3403 5162 vis
3431 5105 3703 5176 graphiczn

2126 5205 2412 5262 cxbibitio.

2208 5489 2313 5545 Sed
2347 5486 2491 5558 quod
2526 5492 2685 5540 antea
2719 5479 3212 5539 considerabamus
3233 5486 3416 5534 utrum
3451 5478 3610 5533 multi
3643 5494 3711 5532 ex

2132 5580 2538 5652 antiquioribus
2561 5587 2615 5633 et
2639 5593 2709 5631 ex
2734 5574 3048 5630 recentibus
3084 5571 3239 5643 poesi
3273 5585 3491 5641 operam
3529 5569 3711 5625 dedis-

2132 5683 2275 5739 sent,
2307 5670 2387 5727 vel
2415 5678 2638 5740 prepter
2670 5666 2896 5722 inditam
2953 5663 3307 5730 facilitatem,
3351 5662 3434 5715 vel
3492 5672 3713 5729 prooter

2133 5778 2355 5820 causam
2387 5760 2845 5833 qualemcunque,
2869 5763 2923 5811 et
2951 5754 3057 5811 hoc
3105 5753 3309 5809 accidit
3357 5750 3563 5807 volenti
3611 5748 3713 5803 Da-
