4050 6434
370 508 480 579 £15

1123 511 1543 576 EUSTATHII
1580 511 2335 576 THESSALONICENSIS
2370 512 2938 576 METROPOLITE

3538 513 3645 578 516

371 636 650 687 mascenn,
671 620 1022 679 illuminatori
1045 620 1305 680 Ecclesiae
1330 622 1558 694 Dei,‘qui
1585 623 1776 680 doctos
1793 623 1962 694 cmpit

2078 637 2225 694 rovsv
2259 625 2576 696 ἐθελήσαντι
2607 627 2703 680 καὶ
2735 624 2815 693 τῷ
2846 626 2911 678 ὲκ
2946 619 3240 691 Δαμασκοῦ
3269 623 3522 692 φωστῆρι
3546 625 3648 690 τῆς

369 716 579 771 iambos
605 717 979 782 concinnare;
1015 725 1070 772 et
1097 718 1200 772 hoc
1227 732 1334 772 non
1355 717 1657 774 secundum
1678 719 1956 789 propriam

369 817 618 862 naturam
647 823 791 876 quae,
821 816 879 862 ut
911 809 985 862 ita
1013 809 1215 875 dicam,
1268 809 1526 866 homines
1562 826 1660 880 per
1691 811 1958 881 Spiritum

369 910 618 954 sanctum
651 900 856 954 lumine
879 902 1074 970 replet,
1105 901 1202 956 sed
1237 902 1305 957 ad
1363 903 1723 959 imitationem
1759 905 1954 974 poetici

368 989 598 1054 ingenii,
631 989 791 1044 modo
817 991 1038 1057 quidem
1105 991 1364 1047 sublimis
1435 1001 1490 1049 et
1532 992 1731 1061 dulcis,
1797 997 1958 1049 modo

369 1092 549 1133 autem
585 1081 744 1148 rigidi
773 1091 828 1136 et
854 1081 1102 1138 infelicis
1133 1084 1219 1138 his
1249 1086 1455 1154 quibus
1479 1086 1745 1155 loquitur,
1781 1095 1841 1140 ut
1874 1085 1958 1140 di-

372 1170 512 1222 xerit
539 1171 798 1240 quidam;
829 1173 1134 1228 secundum
1164 1191 1326 1245 quem
1351 1178 1730 1233 characterem
1760 1189 1813 1234 et
1846 1179 1961 1249 ipse

369 1262 513 1315 alios
541 1261 754 1316 videtur
787 1277 852 1318 ac
883 1274 1064 1334 antea,
1102 1267 1260 1334 quasi
1304 1281 1532 1326 accessu
1573 1268 1808 1327 diﬂicilis
1843 1289 1858 1326 :
1908 1283 1963 1330 et

374 1354 518 1406 un-le
551 1354 655 1407 hoc
677 1355 912 1419 oriatur,
940 1355 1240 1412 afﬁrmatur
1276 1359 1594 1415 certissimo
1617 1363 1798 1418 modo.
1829 1362 1964 1419 Pro-

376 1441 545 1497 funde
573 1445 738 1514 igitur
765 1446 1085 1514 inclinatus,
1117 1449 1354 1506 libenter
1385 1451 1598 1524 accipio
1623 1457 1768 1524 quod
1814 1457 1962 1511 amr-

376 1544 578 1600 matur,
609 1538 1092 1606 reprehensionem
1120 1552 1474 1614 accepturus,
1497 1546 1544 1603 si
1571 1550 1758 1603 senior
1785 1549 1962 1607 lactus

377 1627 622 1683 noiidum
649 1631 895 1686 noverim
919 1647 1033 1689 rem
1089 1643 1199 1690 tam
1224 1637 1561 1707 pulchram;
1627 1641 1808 1697 ferens
1863 1661 1962 1699 au-

379 1729 509 1784 tem,
541 1736 609 1776 eo
637 1723 780 1792 quod
843 1740 952 1780 non
1009 1727 1256 1797 ignorem
1313 1747 1420 1787 non
1471 1734 1732 1791 omnibus
1779 1743 1962 1794 omnia

376 1810 510 1866 dare
545 1813 750 1882 Deum;
779 1823 835 1870 et
864 1817 1086 1888 longum
1122 1827 1344 1889 tempus
1381 1839 1478 1890 per
1513 1826 1658 1896 quod
1699 1831 1966 1884 statuitur

377 1903 738 1973 experientia,
767 1921 878 1963 non
907 1910 1155 1965 omnium
1227 1913 1478 1984 peritiam
1551 1919 1812 1974 omnibus
1861 1923 1963 1974 tri-

377 1994 565 2063 buere;
599 1996 647 2053 si
671 2007 852 2055 autem
881 2004 974 2072 qui
1007 1974 1329 2060 aﬂirmaiuri
1399 2017 1530 2062 sunt
1555 2017 1610 2063 ct
1671 2013 1962 2081 probaturi
1996 1974 2040 2036 Β

380 2087 669 2154 quaesitum
697 2104 806 2144 non
863 2091 1169 2160 inveniant,
1225 2095 1581 2153 nihilominus
1637 2115 1844 2169 annuo,
1913 2113 1968 2158 ct

381 2176 676 2232 multorum
718 2195 923 2249 sequor
951 2183 1296 2250 opinionem,
1329 2195 1384 2240 et
1413 2187 1480 2239 de
1521 2199 1738 2245 caetero
1804 2195 1965 2250 am’ci

381 2267 627 2339 iniuncta
665 2274 838 2329 subeo
873 2291 890 2330 :
922 2275 1027 2331 hoc
1060 2279 1201 2333 bene
1235 2281 1603 2350 perpendens,
1635 2285 1768 2338 illud
1821 2288 1966 2358 quod

381 2360 436 2415 in
478 2361 720 2418 Ecclesia
748 2375 934 2422 sancta
965 2369 1338 2426 introductum
1373 2373 1559 2437 fuerit,
1614 2379 1769 2445 quasi
1841 2379 1966 2434 inde

380 2453 492 2523 iam
519 2463 573 2508 et
605 2455 1012 2513 manifestatum
1044 2469 1099 2516 et
1125 2464 1414 2530 probatum
1474 2475 1522 2518 et
1557 2465 1887 2535 iudicatum,
1915 2479 1972 2526 et

384 2545 443 2602 in
503 2549 801 2611 psalmodia
869 2552 1244 2622 praedicatum,
1304 2566 1451 2614 certe
1508 2559 1561 2614 in
1597 2571 1968 2633 contemptum

389 2639 600 2705 venire.
631 2640 675 2694 si
698 2655 806 2696 non
865 2642 1187 2700 admittatur
1233 2654 1292 2701 ut
1347 2648 1490 2704 beati
1559 2650 1739 2708 Patris
1794 2667 1974 2712 mente

388 2739 572 2786 satum
597 2747 614 2797 ;
643 2739 698 2787 et
725 2743 1011 2802 propterea
1043 2751 1152 2792 non
1175 2737 1584 2808 despiciendum
1652 2746 1810 2815 quasi
1839 2762 1974 2814 spn-

387 2825 530 2877 rium
555 2832 612 2878 et
636 2825 1024 2894 interpolatum
1061 2839 1116 2884 et
1139 2828 1263 2886 ideo
1293 2832 1628 2902 rejectitium
1701 2837 1783 2892 vel
1838 2839 1973 2912 aliji-

388 2915 687 2982 ciendum;
716 2917 808 2971 sed
838 2919 1022 2986 potius
1048 2919 1447 2990 adoptandum.
1477 2933 1533 2980 et
1562 2925 1617 2981 in
1673 2930 1842 2985 multa
1874 2929 1974 2986 ha-

389 3007 626 3064 bendum
665 3013 1053 3070 aestimatione.
1108 3015 1406 3082 Quomodo
1468 3019 1616 3074 enim
1679 3022 1976 3090 reprehen-

388 3101 545 3160 sione
567 3103 792 3175 dignum
812 3123 918 3162 non
941 3115 1109 3176 esset,
1135 3112 1490 3180 margaritam
1529 3113 1582 3168 in
1618 3112 1976 3172 fundamento

386 3197 789 3263 ecclesiastico,
814 3201 897 3256 vel
921 3200 1130 3271 lapillo,
1185 3203 1272 3258 vel
1334 3205 1528 3259 illitam
1592 3208 1800 3264 calcem
1865 3225 1972 3264 non

2059 717 2154 770 τοῦ
2183 716 2322 771 Θεοῦ
2362 716 2718 788 Ἐκκλησίας,
2764 714 3127 785 ἀλλαξαμένῳ
3191 713 3293 786 τὴν
3357 715 3649 783 φιλόσοφον

2061 810 2305 864 διάθεσιν
2339 809 2597 878 ίαμϐίσαι
2629 827 2643 842 '
2673 808 2958 864 καὶτοῦτο
2991 809 3053 863 οὑ
3085 808 3230 863 κατά
3287 809 3390 876 τὴν
3449 809 3648 862 ἑαυτοῦ

2060 901 2230 971 φύσιν
2255 903 2378 970 τὴν,
2423 902 2498 966 ώς
2519 901 2694 966 οὕτως
2729 903 2925 964 εἰπεῖν,
2949 903 3007 954 ὲν
3029 901 3173 970 ἁγίῳ
3201 900 3482 970 Πνεὺματι
3513 919 3648 970 φας.

2063 993 2383 1065 σὶμδροτον,
2418 993 2557 1049 ἀλλὰ
2580 996 2720 1064 πρὸς
2772 993 3008 1064 μίμησιν
3039 993 3394 1064 χαρακτῆρος
3435 1010 3652 1060 ποιητι-

2062 1087 2185 1148 κοῦ,
2213 1086 2392 1150 άλλως
2417 1086 2516 1156 μὲν
2542 1086 2663 1141 κατ’
2693 1087 2904 1142 ἔννοιαν
2939 1086 3274 1155 σεμνοτάτου
3301 1086 3399 1139 καὶ
3448 1085 3652 1154 γλυκυ-

2063 1176 2253 1243 τάτου,
2293 1171 2375 1242 οἷς
2419 1176 2475 1231 δὲ
2526 1177 2727 1248 φράζει
2784 1176 3064 1249 αὐστηροῦ
3112 1179 3223 1233 είτε
3271 1178 3366 1231 καὶ
3420 1177 3651 1248 ἁτηροῦ,

2063 1268 2207 1322 κατὰ
2255 1267 2347 1321 τὸν
2370 1266 2544 1331 οὕτως
2580 1268 2813 1337 ἐροῦντα
2841 1284 2856 1301 ⁸
2920 1267 3048 1323 καθ’
3075 1268 3139 1322 δν
3180 1267 3509 1338 χαρακτῆρα
3558 1270 3655 1323 καὶ

2063 1359 2226 1423 αὐτὸς
2251 1360 2340 1414 ἀλ)
2353 1364 2462 1423 οτος
2493 1361 2743 1430 φαίνεται
2771 1360 2804 1432 ἦ
2854 1360 3117 1431 πάροιθεν
3145 1359 3222 1426 ὡς
3265 1361 3651 1430 δυσπρόσιτος,

2063 1454 2154 1507 καὶ
2190 1453 2551 1524 μαρτυρείταί
2577 1453 2745 1508 ποθεν
2769 1453 2932 1508 τοῦτο
2964 1454 3045 1518 είς
3069 1455 3474 1525 άναμφήμοτον
3504 1471 3519 1486 ·
3570 1455 3654 1510 τί-

2065 1545 2201 1614 θημι
2233 1545 2465 1617 βαθεῖαν
2491 1547 2893 1618 προσκὺνησιν,
2921 1548 3019 1601 καὶ
3059 1547 3290 1618 δέχομαι
3333 1546 3469 1613 πῶς
3525 1549 3656 1616 δμο-

2063 1639 2256 1707 λογίαν
2318 1642 2380 1693 τὸ
2445 1639 2840 1712 μαρτυρηθένο
2884 1640 3216 1708 πεισόμενος
3270 1639 3372 1708 μὲν
3426 1635 3487 1693 εῦ
3532 1633 3654 1693 οῖδα

2069 1731 2555 1802 μέμψιν“είγέρων
2581 1733 2874 1802 ἄνθρωπος
2907 1735 2962 1796 ὲς
3020 1730 3180 1802 βαθὺ,
3235 1729 3397 1785 οὔπω
3445 1731 3656 1802 ἔμαθον

2069 1824 2369 1896 ἱστορήσας
2391 1826 2627 1894 πρᾶγμα
2676 1824 2820 1878 οὕτω
2851 1824 3036 1879 καλὸν.
3070 1823 3422 1893 Ἀνεξόμενος
3465 1823 3522 1876 δὲ
3565 1823 3658 1878 διὰ

2067 1916 2126 1966 τδ
2158 1913 2232 1984 μὴ
2294 1916 2626 1985 ἀμφιγνοεῖν
2671 1916 2746 1979 ὡς
2795 1912 2919 1968 οὔτε
2980 1916 3117 1968 πᾶσι
3171 1913 3352 1968 πάντα
3384 1913 3657 1968 δίδωσινδ

2070 2005 2200 2069 Θεός
2231 2021 2246 2036 ⁶
2282 2005 2403 2060 οὐδὲ
2433 2007 2540 2078 μὴν
2568 2008 2595 2060 ὁ
2623 2005 2834 2077 μακρὸς
2864 2005 3060 2076 χρόνος
3088 2004 3154 2058 δι’
3209 2005 3268 2058 οὗ
3338 2004 3656 2075 ἁθροίζεται

2070 2095 2424 2167 πολυπειρία,
2455 2097 2673 2150 πάντων
2711 2096 2886 2151 ἅπασι
2917 2099 3116 2167 πεῖραν
3167 2095 3468 2167 ἐντίθησιν.
3524 2096 3660 2149 Ἐὰν

2069 2189 2125 2242 δὲ
2152 2189 2201 2240 οί
2241 2189 2697 2258 μαρτυρήσοντες
2723 2190 2818 2243 καὶ
2849 2188 3260 2259 πιστωσόμενοι
3300 2188 3360 2241 τὸ
3388 2185 3662 2256 ζητούμε-

2075 2299 2166 2334 νον
2201 2281 2301 2351 οὑχ
2330 2281 2694 2350 εὑρίσκοιντο,
2737 2280 3034 2350 προσκυνῶ
3063 2281 3160 2336 καὶ
3188 2278 3385 2344 οὕτως,
3438 2282 3532 2334 καὶ
3577 2283 3663 2333 τί-

2072 2374 2239 2440 θεμαι
2269 2376 2336 2444 τῇ
2369 2375 2525 2443 φήμῃ
2555 2373 2666 2427 τῶν
2715 2373 2948 2440 πολλῶν,
2995 2372 3090 2428 καὶ
3137 2372 3233 2426 τοῦ
3269 2371 3466 2426 λοιποῦ
3512 2371 3666 2440 γίνο-

2075 2487 2173 2540 μαι
2209 2455 2302 2522 τοῦ
2345 2467 2562 2537 φιλικοῦ
2593 2469 2974 2539 ἐπιτάγματος
3011 2484 3027 2501 ο
3073 2468 3251 2521 ἐκεῖνο
3296 2465 3477 2528 καλῶς
3538 2467 3666 2518 ἐπι-

2073 2560 2457 2629 λογισάμενος,
2494 2557 2662 2613 ὅτιτὸ
2693 2558 3194 2627 ἐκκλησιαζόμενον
3221 2557 3406 2626 ίερῶς,
3453 2557 3529 2618 ώς
3553 2555 3662 2627 ἤδη

2075 2654 2168 2706 καὶ
2209 2651 2548 2721 ὲμφανισθδν
2580 2651 2676 2705 καὶ
2737 2651 3072 2720 δοκιμασθὲν
3105 2652 3200 2703 καὶ
3253 2649 3516 2719 ὲγκριθὲν
3563 2648 3668 2702 καὶ

2075 2743 2154 2805 εἰς
2187 2740 2516 2812 ψαλμῳδξαν
2549 2740 3094 2812 παρρησιαζόμενον,
3122 2740 3224 2793 οὐκ
3255 2739 3407 2793 ἔστιν
3465 2739 3662 2810 ὥσπερ

2073 2832 2172 2883 οὑκ
2227 2831 2561 2902 ὲξαθερίσαι,
2617 2831 2796 2894 οὕτως
2845 2831 2969 2886 οὐδὲ
3028 2830 3364 2902 ἀμφιϐαλεῖν
3423 2829 3498 2900 μὴ
3527 2831 3659 2900 οὑχὶ

2077 2925 2290 2994 ἀγαθοῦ
2341 2927 2549 2998 πατρὸς
2569 2927 2690 2990 νοδς
2711 2927 2911 2995 δηλαδὴ
2943 2925 3169 2995 ἔκγονον
3197 2920 3338 2978 εῖναι
3368 2938 3382 2953 ’
3422 2923 3503 2977 διὸ
3538 2923 3667 2978 οὐδὲ

2077 3017 2277 3088 χρῆναι
2319 3017 2776 3086 παριϐλέπεσθαι
2813 3017 2887 3080 ὡς
2935 3017 3091 3070 νόθον
3133 3018 3226 3070 καὶ
3270 3016 3670 3082 ὑποϐολιμαῖον

2079 3111 2170 3160 καὶ
2194 3105 2262 3161 δι’
2298 3109 2428 3160 αὐτὸ
2461 3109 2626 3178 ἔκὸλη
2641 3127 2727 3162 ιον
2759 3109 2792 3180 ἢ
2830 3109 3141 3174 ἀπόϐλητον
3163 3151 3178 3174 ,
3213 3109 3348 3164 ἀλλὰ
3405 3107 3671 3160 εἰσποιεῖ-

2081 3199 2208 3252 σθαι
2237 3239 2251 3263 ,
2284 3200 2381 3252 καὶ
2410 3202 2465 3251 ὲν
2498 3198 2642 3270 λόγῳ
2685 3199 2935 3253 τίθεσθαι
2978 3197 3179 3269 πολλῷ.
3218 3200 3286 3251 Ἣ
3313 3199 3429 3261 πῶς
3453 3197 3554 3250 οὑκ
3597 3195 3672 3250 ἂν

394 3289 544 3356 parvi
583 3287 784 3352 facere.
814 3289 908 3344 sed
942 3291 1182 3347 revereri
1215 3291 1308 3346 ubi
1355 3294 1665 3349 occurrerit
1698 3310 1714 3361 ;
1776 3306 1830 3350 et
1879 3295 1965 3350 do-

2085 3291 2168 3361 εἴη
2203 3293 2508 3360 μεμπτέον,
2550 3292 2839 3361 μάργαρον
2873 3293 2973 3361 μὲν
3003 3291 3148 3346 λίθον
3173 3291 3438 3362 κρηπῖδος
3464 3289 3672 3358 ἐκκλη-

390 3393 515 3450 gma
537 3381 605 3436 de
641 3381 910 3440 Trinitate
935 3389 990 3438 et
1035 3397 1318 3440 sermones
1341 3385 1525 3441 divina
1548 3386 1802 3458 mysteria
1818 3387 1987 3443 inter-

396 3484 692 3543 pretantes,
721 3477 924 3547 quibus
949 3477 1091 3532 beati
1119 3477 1286 3532 Deum
1333 3478 1478 3534 servi
1504 3479 1840 3546 collaudant,
1872 3494 1981 3536 non

388 3579 514 3620 cum
545 3569 904 3624 veneratione
941 3568 1124 3626 dicere
1152 3577 1207 3624 et
1235 3569 1537 3639 praecinere
1591 3580 1646 3624 et
1680 3569 1782 3626 rite
1827 3585 1983 3624 com-

395 3673 628 3730 ponere,
661 3669 716 3716 et
749 3663 826 3718 nil
851 3663 1180 3720 remittendo
1213 3671 1419 3718 etcum
1455 3662 1738 3717 luciditate
1804 3677 1979 3734 expo-

397 3769 548 3824 nere,
581 3754 656 3808 ita
687 3764 748 3810 ut
775 3755 854 3811 sic
879 3757 1292 3812 sanrtiiicentur
1317 3763 1372 3811 et
1393 3755 1537 3809 oculi
1569 3763 1624 3810 et
1656 3769 1744 3822 os,
1772 3761 1826 3810 et
1861 3769 1978 3810 ma-

397 3863 504 3903 nus
526 3855 577 3902 et
607 3849 829 3904 habitus
858 3850 1129 3918 corporis,
1155 3857 1209 3904 et
1241 3847 1422 3903 anima
1457 3847 1616 3918 ipsa?

392 3945 504 4008 λως
537 3947 628 4000 ἐπὶ
669 3945 936 4015 σαφηνείᾳ
995 3944 1426 4016 ἑρμηνεύεσθαι,
1467 3945 1543 4007 ὡς
1591 3944 1765 4007 οὕτως
1832 3942 2162 4013 ἁγιάξεσοαι
2189 3945 2282 3999 καὶ
2347 3942 2669 4016 ὀφθαλμοὺς
2732 3947 2829 4000 καὶ

394 4046 661 4116 περιοχὴν
701 4042 830 4112 ὅλην
859 4039 954 4096 τοῦ
980 4040 1232 4110 σώματος
1262 4041 1360 4095 καὶ
1385 4041 1570 4113 ψυχὴν
1596 4042 1768 4112 αὐτήν
1799 4056 1817 4110 ;

471 4138 600 4192 lmle
631 4151 763 4206 ergo
791 4135 1158 4205 incipiendum
1185 4134 1330 4191 unde
1362 4144 1854 4206 praposueram,et
1891 4151 1986 4191 ex-

330 4280 332 4283 .
396 4230 714 4302 ponendum
762 4229 938 4298 primo
995 4231 1271 4298 quomodo
1325 4228 1736 4284 commentandi
1800 4231 1986 4299 operis

403 4329 617 4389 auctor,
635 4322 808 4388 qttoad
837 4321 960 4391 styli
993 4319 1408 4391 dispositionem
1429 4335 1487 4376 se
1522 4320 1718 4375 haheat
1745 4323 1859 4376 sive
1885 4335 1989 4376 na-

401 4423 525 4467 tura
541 4412 664 4468 talis
695 4411 892 4477 fuerit,
915 4412 1133 4484 qualem
1167 4427 1358 4482 reapse
1383 4412 1664 4480 cognitum
1699 4413 1985 4476 habemus,

2090 3387 2398 3453 σιαστικῆς,
2431 3385 2464 3455 ἢ
2502 3385 2733 3456 ψηφῖδος
2769 3384 3128 3456 ἦέμπλασμα
3158 3385 3379 3439 τιτάνου
3437 3385 3513 3455 μὴ
3571 3399 3674 3437 πε-

2088 3477 2300 3546 ριορᾷν,
2321 3477 2397 3540 ὡς
2419 3479 2762 3542 παραπεσεῖν
2790 3477 2914 3530 ὅποι
2932 3476 3108 3547 τύχοι,
3137 3476 3416 3543 θεολογίας
3433 3476 3490 3528 δὲ
3515 3490 3675 3544 τρια-

2083 3566 2242 3631 δικὰς
2271 3567 2545 3633 τοιαύτας,
2565 3573 2662 3622 καὶ
2691 3569 2883 3637 λόγους
2914 3571 3230 3640 μυστηρίων
3263 3568 3557 3622 θειοτάτων
3575 3569 3677 3622 ἔκ-

2085 3662 2385 3732 φάντορας,
2415 3655 2496 3724 οἷς
2531 3662 2628 3715 καὶ
2658 3661 2806 3732 ἆγιοι
2831 3662 2968 3718 Θεοῦ
3009 3664 3340 3734 θεράποντες
3372 3663 3674 3732 ὑμνοῦνται

2085 3755 2570 3826 παραπλεκόμενοι
2602 3756 2677 3827 μὴ
2710 3752 3110 3828 πρὸσκυνητῶς
3137 3758 3232 3811 καὶ
3261 3755 3541 3809 λαλεῖσθαι
3574 3754 3674 3808 καὶ

2077 3846 2411 3918 ψάλλεσθαι,
2444 3850 2542 3903 καὶ
2566 3849 2880 3918 γράφεσθαι
2914 3851 2994 3912 είς
3019 3849 3204 3920 ὀρθὸν,
3244 3851 3340 3903 καὶ
3365 3849 3680 3903 ἀνυποστό-

2905 3945 3107 4017 στόμα,
3162 3946 3259 4000 καὶ
3317 3947 3533 4016 χεῖρας.
3579 3945 3678 4000 καὶ

2170 4133 2432 4205 Ἀρκτὲον
2477 4132 2541 4205 δὴ
2573 4133 2634 4186 τὸ
2659 4131 2934 4198 ἐντεῦθεν,
2965 4129 3027 4184 οὗ
3063 4129 3404 4200 προεθέμην,
3437 4130 3533 4182 καὶ
3567 4129 3680 4198 πρδ

2087 4228 2198 4281 τῶν
2223 4227 2398 4281 ἄλλων
2442 4226 2700 4280 ἐκθετέον
2747 4219 2863 4278 οἷον
2917 4227 2945 4278 ὁ
2999 4224 3093 4277 τοῦ
3135 4221 3676 4292 ὲγχειρηθησομένου

2086 4322 2250 4390 ἔργον
2289 4318 2520 4390 ποιητὴς
2551 4317 2620 4371 τά
2651 4319 2707 4377 ις
2733 4317 2980 4370 διάθεσιν
3001 4314 3304 4386 γραφικὴν,
3335 4314 3448 4366 είτε
3507 4313 3679 4382 φύσει

2089 4414 2334 4477 τοιοῦτός
2397 4415 2547 4466 ἐστιν
2605 4405 2720 4475 οἷος
2773 4410 3176 4480 εὑρισκόμενος
3215 4405 3678 4475 ἀναγινώσκεται,

399 4504 520 4560 sive
551 4519 648 4574 per
680 4502 1044 4557 imitationem
1076 4502 1298 4572 optimis
1314 4510 1370 4557 et
1405 4501 1574 4557 variis
1614 4502 1814 4572 linguis
1837 4502 1976 4571 loqui

2091 4507 2201 4560 εἴτε
2244 4509 2341 4560 καὶ
2377 4505 2518 4559 κατὰ
2573 4502 2830 4574 μίμησιν,
2861 4503 2938 4563 ὡς
2962 4499 3030 4554 ἂν
3062 4500 3389 4570 τεχνήσαιτο
3429 4499 3526 4552 καὶ
3580 4496 3680 4550 αὑ-

397 4595 768 4653 cOntenderit.
806 4596 1070 4652 Puritatis
1117 4595 1284 4665 igitur
1325 4603 1409 4650 est
1452 4593 1677 4650 luminis
1719 4594 1864 4665 quod
1921 4596 1976 4649 ad

2095 4600 2188 4663 τὸς
2228 4598 2497 4668 χρησταῖς
2527 4595 2810 4666 διαφόροις
2857 4591 3134 4660 γλώσσαις
3171 4591 3376 4646 λαλεῖν.
3425 4589 3684 4658 Καθαρο-

398 4689 848 4762 perspicuitatem
870 4689 1090 4750 attinet.
1112 4698 1324 4744 tantum
1344 4690 1634 4758 scriptura:
1653 4689 1817 4758 hujus
1835 4704 1975 4745 cano

2102 4706 2263 4759 τητος
2321 4688 2421 4758 μὲν
2472 4683 2566 4741 οῦν
2607 4687 2703 4739 καὶ
2761 4683 3060 4749 φωτὸς-τοῦ
3117 4683 3258 4735 κατὰ
3292 4683 3591 4750 σαφήνειαν
3621 4683 3685 4744 ἐς

405 4782 676 4847 nisinest,
698 4791 958 4851 quantum
980 4781 1196 4838 hiemali
1219 4782 1362 4836 nocti
1400 4783 1628 4837 siderea:
1644 4782 1786 4838 lucis
1811 4792 1993 4846 ;tene—

404 4873 612 4930 brescit
639 4876 785 4929 enim
820 4874 898 4928 sic
931 4875 984 4930 in
1018 4874 1206 4929 multis
1245 4875 1632 4944 philosophus,
1658 4886 1771 4930 tum
1803 4875 1874 4932 ob
1901 4891 1996 4931 co-

409 4965 732 5034 gitationum
765 4966 1192 5036 profunditatem
1217 4966 1481 5021 doctrinae
1505 4967 1846 5037 theologicae.
1868 4983 1992 5021 cum

406 5057 481 5112 ob
509 5058 700 5112 miram
742 5059 864 5129 styli
894 5059 1366 5126 concinnitatem;
1421 5059 1754 5128 quandoque
1811 5071 1992 5115 autem

408 5163 639 5220 propter
672 5150 838 5206 verba
864 5151 1007 5206 haud
1043 5151 1379 5214 communia,
1409 5153 1530 5219 sed,
1591 5154 1739 5208 sicut
1773 5154 1877 5225 ipsi
1903 5170 1998 5209 ar-

410 5243 572 5311 ridet,
601 5243 858 5300 inusitata
892 5259 1116 5315 prorsus
1141 5254 1235 5300 aut
1270 5245 1488 5302 dilIicile
1529 5247 1818 5302 imitabilia
1851 5263 1868 5314 ;
1901 5262 1998 5303 va-

411 5340 525 5396 rios
547 5357 765 5410 quoque
792 5342 908 5411 ipse
965 5342 1146 5397 verbis
1168 5357 1368 5399 sensus
1398 5343 1806 5410 accommodat,
1859 5359 2000 5410 quos

417 5435 643 5504 purista:
672 5451 776 5490 non
812 5435 1068 5490 dubitant
1101 5438 1504 5507 reprehendere
1569 5439 1718 5492 velut
1750 5437 2000 5508 quaedam

2095 4779 2352 4834 τοσοῦτον
2381 4779 2602 4848 μέτεστι
2631 4778 2696 4848 τῇ
2729 4778 2914 4848 γραφῇ
2952 4773 3048 4828 τοῦ
3091 4775 3210 4828 κατ’
3243 4773 3404 4827 αὐτὸν
3433 4773 3680 4838 κανόνος,

2100 4872 2182 4934 είς
2212 4871 2335 4925 ὅσον
2375 4869 2471 4925 καὶ⁹
2499 4869 2658 4923 νυκτὶ
2713 4866 2982 4938 χειμερίῳ
3032 4864 3284 4936 άστρῴας
3335 4862 3681 4933 ἐλλάμψεως.

2109 4963 2513 5019 Ἀπεσκότωται
2530 4961 2639 5028 γὰρ
2661 4955 2773 5013 οἷον
2800 4957 3050 5013 τὰπολλά
3073 4959 3102 5011 ὑ
3133 4957 3295 5026 σοφός
3323 4970 3338 4984 ·
3385 4956 3453 5010 τὰ
3476 4956 3574 5025 μὲν
3595 4956 3683 5009 διὰ

2097 5057 2160 5110 τδ
2191 5057 2297 5109 τῶν
2344 5053 2633 5125 νοημάτων
2681 5052 2842 5120 βάθος
2867 5091 2882 5118 ,
2929 5049 3257 5117 θεολογικῶν
3283 5048 3391 5102 τῶν
3421 5047 3684 5100 πλειόνων

2103 5148 2476 5219 ὑπαρχόντων
2511 5161 2525 5177 ο
2583 5147 2652 5199 τὰ
2672 5146 2726 5199 δὲ
2763 5139 2845 5208 οἷς
2873 5141 3201 5215 σχηματίζει
3233 5141 3450 5210 σεμνῶς
3488 5157 3504 5174 ο
3567 5143 3683 5194 ἐστι

2103 5242 2162 5296 δὲ
2193 5244 2329 5296 ὅπου
2365 5241 2460 5294 καὶ
2493 5241 2582 5293 διὰ
2609 5239 2668 5292 τὸ
2693 5239 2806 5292 τῶν
2832 5237 3035 5304 λέξεων
3058 5237 3119 5290 οὗ
3168 5234 3684 5304 κατημαξευμένον,

2105 5333 2244 5388 ἀλλά
2277 5349 2381 5385 που
2418 5331 2563 5384 καθὰ
2600 5330 2749 5398 φιλεῖ
2789 5327 3090 5398 διατρίϐειν
3121 5325 3282 5387 αὐτὸς
3333 5324 3430 5376 καὶ
3488 5339 3689 5376 παντε-

2103 5428 2211 5490 λῶς
2251 5427 2537 5494 ἄτριπτον,
2565 5423 2596 5485 ἢ
2631 5419 2766 5491 γοῦν
2798 5421 2938 5475 ἀλλὰ
2977 5419 3298 5490 δυστίϐητον
3333 5435 3348 5451 ·
3390 5419 3503 5486 ἔχει
3533 5417 3588 5468 δέ
3609 5433 3686 5470 τι·

411 5526 684 5580 sermonis
709 5526 856 5582 vitia.
881 5529 970 5597 qni
997 5542 1102 5582 non
1127 5529 1505 5596 obtemperant
1526 5527 1736 5596 legibus
1767 5522 1976 5581 materia

2108 5509 2203 5584 νας
2231 5521 2325 5573 καὶ
2355 5517 2600 5588 ἑτεροίας
2635 5515 3012 5588 ἐπιτηδεύσεις
3042 5516 3071 5567 ὁ
3100 5513 3258 5581 λόγος
3306 5511 3481 5580 αὐτῷ,
3515 5507 3582 5572 ἃς
3637 5510 3689 5562 οί

414 5617 673 5674 sublimis
702 5635 765 5673 ac
799 5621 1036 5690 proinde
1069 5619 1336 5688 difﬁcilis,
1362 5636 1459 5688 per
1486 5635 1650 5689 quam
1693 5619 1832 5673 irriti
1867 5621 1976 5673 tiun

2107 5614 2393 5684 περίεργοι
2423 5609 2642 5664 ὀκνοῦσι
2675 5608 2751 5679 μὴ
2790 5607 2983 5677 ψέγειν
3031 5606 3131 5659 ὅσα
3176 5604 3271 5658 καί
3307 5620 3463 5667 τινας
3514 5602 3690 5670 κῆρας

417 5712 697 5783 plerisque
726 5715 861 5769 artis
897 5713 1181 5769 rhetoricae
1236 5713 1487 5780 eil‘ectus,
1518 5728 1830 5782 quanquam
1897 5729 1976 5768 n01

2108 5709 2329 5780 γραφῆς
2362 5707 2457 5760 ὀὐ
2491 5705 2881 5775 περιπεσόντες
2917 5700 3072 5755 αὑτοὶ
3110 5701 3168 5762 ἒς
3199 5699 3446 5766 ἀνάγκην
3495 5694 3690 5749 ὑποθέ-

420 5803 739 5859 existiment
769 5806 867 5874 ipsi
900 5815 955 5860 ut
987 5806 1360 5876 peregrinum,
1415 5804 1745 5861 inconsueta
1808 5804 1976 5874 agend

2112 5820 2248 5866 σεως
2279 5798 2616 5872 ὑψηλῆςχώ.
2643 5796 2816 5859 οὕτως
2864 5794 3138 5866 ἐργώδους
3190 5791 3259 5846 δι’
3301 5785 3372 5864 ἦς
3440 5789 3692 5858 ἀκινητίο

427 5897 640 5951 ratione
668 5897 902 5952 sublime
937 5899 1112 5968 loqui,
1145 5897 1228 5952 vel
1249 5895 1514 5952 solemnia
1533 5896 1786 5952 dictitare
1812 5896 1976 5951 verba

2112 5894 2266 5958 ζουσι
2288 5894 2357 5948 τὰ
2387 5893 2524 5947 κατὰ
2563 5889 2853 5960 ῥητορείας
2888 5887 3240 5958 σκιρτήματα
3281 5885 3393 5947 τοῖς
3425 5881 3639 5943 πολλοῖς
3670 5894 3685 5909 ⁸

429 5990 513 6044 Vtri
547 6007 708 6048 voces
739 5992 930 6048 intlarc
957 6002 1010 6048 ct
1039 5991 1212 6056 dicta,
1246 5997 1300 6047 et
1334 5988 1608 6044 natalttias
1637 5989 1976 6046 divinatione

2115 5988 2233 6041 οὐδὲ
2271 5986 2660 6056 ἐν’ἱυρ.ο)μειιοι
2696 5982 2891 6035 ἐκεῖνοι
2923 5979 2996 6043 ὡς
3029 5978 3261 6050 ἑτεροῖον
3282 5974 3384 6049 μὲν
3421 5975 3480 6028 τὸ
3513 5977 3568 6027 iv
3593 5989 3690 6025 πο·
