4050 6408
327 476 434 542 517
1147 475 1233 540 IN
1273 475 1614 539 IIYMNUM
1651 475 2298 540 PENTECOSTALEM
2343 476 2800 542 DAMASCENI.
3479 478 3589 544 518

319 594 501 666 λιτείᾳ
530 591 921 664 κομπάζειν,ῆ
953 591 1374 664 στωμύλλεσθαι
1426 591 1846 663 πανηγυρικῶς.
1874 590 1907 663 ἦ

2036 593 2288 659 ποίει-το,
2323 600 2379 648 et
2402 593 2511 648 alia
2542 592 2744 649 similia
2771 591 3032 660 ell‘utire;
3080 591 3230 649 aliud
3283 602 3467 651 autem
3529 613 3594 654 re

325 685 717 757 στρογγύλλειν
745 684 1127 755 προφωνήσεις
1168 683 1262 738 καὶ
1307 682 1521 747 λαλιὰς,
1570 683 1665 736 καὶ
1721 681 1912 752 γενεθ-

2036 685 2200 741 livina
2230 686 2382 758 loqui
2415 685 2689 741 duntaxat
2727 693 3014 752 accurate,
3051 691 3108 740 et
3143 701 3418 742 mensurae
3457 689 3592 743 sub-

325 777 621 844 λιαλογεῖν,
655 778 750 829 καὶ
775 773 1004 834 τοιαῦτά
1032 789 1158 828 τινα
1208 773 1600 844 μετέρχεσθαι.
1655 773 1821 826 Ἀλλο
1848 771 1908 826 δὲ

2036 793 2136 834 :sse
2154 788 2209 834 et
2242 778 2402 833 metri
2437 778 2642 848 regulis
2669 778 2820 834 velut
2866 776 3172 846 magistro;
3220 779 3274 833 in
3316 780 3409 832 tali
3445 782 3594 833 enim

326 870 389 924 τδ
417 867 694 936 θεολογεῖν
726 866 1051 937 καταμόνας
1089 864 1346 936 ἐμμελῶς
1395 865 1492 918 καὶ
1539 865 1724 936 μέτρῳ
1782 863 1912 918 ἐπε-

2036 883 2148 926 :asu
2195 870 2267 938 sl,
2328 872 2630 926 sententias
2693 871 3117 940 deposuissent,
3187 871 3440 926 conversi
3490 871 3594 940 ipsi

331 963 457 1016 σθαι
482 963 577 1015 καὶ
615 961 728 1023 τοῖς
752 959 847 1013 τοῦ
893 959 1097 1029 μέτρου
1152 957 1252 1010 ὃσα
1310 957 1407 1010 καί
1468 972 1576 1010 τινι
1613 957 1901 1028 νομοθέτῃ.

2036 977 2140 1018 tum
2196 962 2485 1030 diligerent
2548 963 2642 1033 qui
2697 971 2846 1017 recte
2901 963 3216 1032 scripsisset
3248 962 3402 1028 juxta
3463 977 3593 1031 pro-

329 1047 408 1106 Ἧ
440 1053 549 1123 γὰρ
591 1051 658 1104 ἂν
695 1050 746 1103 εί
780 1047 1215 1102 οῦτωοιεκειντο
1251 1045 1616 1116 καταθέμενοι
1662 1047 1760 1110 τὰς
1803 1045 1914 1114 ψή-

2036 1055 2258 1110 iositum
2313 1063 2751 1124 argumentum:
2818 1053 2944 1108 licet
2991 1055 3325 1124 quandoque
3386 1053 3598 1123 aliquid

346 1161 505 1212 ςους,
542 1145 636 1197 καὶ
666 1141 1071 1211 συναγαγόντες
1109 1139 1265 1202 ὅλους
1293 1139 1544 1203 ἑαυτοὺς,
1571 1139 1787 1206 ἐτέλουν
1821 1141 1914 1194 τὸν

2036 1144 2324 1214 ieglexerit
2351 1143 2588 1214 scriptor
2621 1158 2688 1198 ex
2725 1144 3084 1207 necessitate;
3120 1145 3162 1200 si
3196 1153 3380 1199 autem
3421 1143 3598 1198 rectis

336 1237 575 1299 εὐθέτως
599 1236 890 1308 γράψαντα
936 1234 1080 1288 κατά
1135 1232 1197 1286 τὸ
1238 1232 1597 1302 ὑποκείμενον
1639 1235 1866 1303 χορηγεῖ
1896 1250 1910 1264 ο

2036 1237 2274 1292 videatur
2313 1237 2554 1306 gaudere
2582 1235 2766 1292 verbis
2799 1236 2894 1305 qui
2939 1237 3273 1306 propositam
3295 1236 3468 1298 .fcanit
3508 1247 3602 1289 so-

339 1333 431 1383 καὶ
466 1330 692 1400 ὕστερον
725 1329 879 1384 είπου
907 1329 1000 1384 καὶ
1024 1326 1470 1398 παραφθὲγξεταί
1491 1345 1542 1380 τι
1572 1327 1715 1380 κατά
1745 1326 1920 1394 ἀνάγ-

2042 1330 2384 1397 emnitatem,
2444 1329 2611 1383 liceat
2664 1327 2744 1383 illi
2802 1327 2984 1384 facere
3045 1328 3404 1398 negligentius
3454 1323 3599 1395 quod

340 1440 446 1492 κην
475 1424 504 1476 6
533 1421 806 1490 ἀγωνιῶν.
845 1423 911 1476 Εί
948 1421 1006 1476 δὲ
1034 1423 1127 1475 καὶ
1158 1421 1434 1482 συνθέτοις
1459 1422 1707 1489 φανεῖται
1733 1418 1914 1485 λέξεσι

2047 1420 2315 1486 udicavit,
2344 1419 2504 1490 quasi
2536 1419 2770 1490 quodam
2808 1419 2971 1475 modo
3023 1418 3079 1474 in
3119 1421 3221 1474 hoc
3291 1425 3443 1482 nato,
3501 1430 3606 1472 nec

341 1515 549 1586 χαίρων
584 1515 734 1568 όνῦν
781 1517 859 1578 είς
907 1517 1006 1584 τὴν
1063 1513 1442 1583 προκειμένην
1496 1511 1698 1582 ἑορτὴν
1759 1515 1916 1580 μελο-

2036 1530 2122 1585 per
2157 1520 2536 1583 contemptum
2568 1513 2776 1584 agenti,
2805 1513 2904 1569 sed
2938 1512 3011 1568 ob
3035 1511 3288 1582 placitam
3346 1509 3397 1566 ei
3451 1522 3608 1564 reve-

345 1607 541 1674 ποιῶν,
578 1607 970 1677 συγχωρείσθω
1006 1607 1177 1659 ποιεῖν
1203 1603 1580 1672 ἀφειδέστερον
1622 1603 1761 1673 ὅπερ
1813 1602 1916 1655 ἐπ⁹
2025 1604 2280 1660 tentiam.
3197 1617 3200 1620 ‘

343 1702 602 1772 έκρινενο
653 1701 730 1764 ὡς
792 1695 882 1756 οἷα
925 1699 1128 1770 τρόπον
1178 1697 1301 1753 τινὰ
1345 1697 1425 1762 εις
1452 1695 1613 1750 τοῦτο
1675 1695 1960 1767 πεφυκὼς,
2004 1696 2130 1753 οὔτε
2181 1699 2320 1769 πρὸς
2347 1694 2537 1768 ψόγον,
2599 1696 2698 1750 καὶ
2737 1696 2880 1767 πρὸς
2933 1698 3276 1770 ἀρέσκουσαν
3345 1696 3403 1752 δέ
3456 1696 3610 1771 αὐτῷ

345 1803 674 1871 σεμνότητα.

427 1902 764 1973 ’Δρκούντων
789 1899 853 1970 δὴ
869 1898 964 1952 καὶ
982 1897 1190 1953 τούτων
1206 1896 1288 1961 είς
1311 1895 1714 1966 ένδεχομέμνην
1733 1892 1927 1962 σκέψιν

2099 1883 2205 1942 Sed
2237 1885 2351 1941 haec
2385 1882 2658 1940 suﬂiciant
2684 1884 2749 1939 ad
2780 1894 3090 1955 susceptam
3110 1885 3553 1941 dissertationem
3584 1904 3603 1955 ;

349 1996 603 2065 θεωρίας,
654 1991 1010 2047 ἐπελευστέον
1054 1992 1148 2045 καὶ¹
1169 1990 1268 2061 τὴν
1290 1990 1442 2060 παρά
1470 1991 1583 2051 τοῖς
1633 1988 1924 2056 νεωτέροις

354 2085 674 2156 μελῳδικοῖς
709 2084 1024 2155 εὑρημένην
1083 2083 1467 2153 ἡμισευμένην
1522 2079 1876 2150 ἀκροστιχίδα
1905 2093 1921 2109 ο

347 2179 725 2249 ἠμισευμένην
748 2177 806 2231 δέ
831 2177 1002 2247 αὐτὴν
1031 2169 1208 2240 εἷπον,
1236 2173 1312 2237 ὡς
1339 2175 1414 2244 μὴ
1444 2172 1588 2227 κατὰ
1633 2171 1760 2232 τοὺς
1825 2171 1927 2238 ἀρ-

356 2268 539 2340 χαίους
568 2267 672 2338 ἰδίᾳ
702 2270 759 2334 ἐξ
788 2266 1094 2338 ἀριστερῶν
1116 2265 1212 2320 καὶ
1245 2265 1354 2335 ίδίᾳ
1383 2263 1617 2329 δεξιόθεν
1645 2263 1925 2331 συνείρκυ-

357 2378 462 2415 σαν
513 2362 712 2432 μέτρον
768 2361 832 2414 ex
886 2358 987 2429 τῆς
1029 2357 1140 2412 τῶν
1195 2358 1346 2410 ἐπῶν
1403 2355 1543 2410 ὅλων
1577 2353 1927 2422 ἑκατέρωθεν

353 2454 681 2524 όκρότητος,
725 2452 836 2506 τῶν
891 2451 1079 2521 άκρων
1129 2451 1413 2520 στοιχείων
1475 2445 1930 2514 ἐπιστοιὸλζομέ-

359 2563 467 2602 νων
498 2545 756 2616 ἀλλήλοις
780 2543 1021 2616 ἀρχῆθεν
1055 2544 1220 2615 μέχρι
1255 2541 1443 2605 τέλους
1473 2539 1646 2594 τάλλά
1675 2539 1928 2608 τὺῆμισυ

357 2642 462 2709 τῆς
487 2637 723 2708 σπουδῆς
746 2639 963 2708 ἐκείνης
1019 2637 1314 2701 άνὺουσαν,
1375 2635 1511 2704 ὅπερ
1560 2635 1678 2686 ἐστὶ
1722 2631 1821 2698 τὴν
1873 2633 1931 2684 ἐν

358 2735 547 2801 μόναις
569 2733 688 2792 ταῖς
711 2729 942 2783 ἑκάστου
968 2728 1077 2781 τῶν
1117 2727 1321 2797 στίχων
1359 2725 1418 2792 ἐξ
1463 2723 1776 2794 ἀριστερῶν
1822 2739 1927 2774 κα-

354 2825 632 2894 ταρχαῖςε
704 2809 767 2875 οὗ
821 2819 959 2891 πρὸς
1007 2818 1247 2888 ἔμφασιν
1289 2815 1544 2888 ἀμυδρὰν
1599 2814 1694 2869 καὶ
1728 2813 1931 2884 ἥκιστα

357 2913 598 2985 δυσχερῆ
623 2913 973 2982 ἐπινενόηται
1001 2913 1118 2974 τοῖς
1157 2909 1369 2963 πλείοσι
1403 2907 1663 2978 μελῳδοῖς
1695 2905 1729 2974 η
1765 2903 1931 2974 μέχρι

357 3007 456 3063 καὶ
487 3007 581 3061 νῦν
605 3005 1022 3078 συντηρουμένη
1048 3001 1212 3063 ἐνίοις
1244 2999 1732 3072 παρασημείωσις,
1761 2995 1930 3066 μόνης

355 3101 458 3172 τῆς
499 3100 608 3155 τῶν
662 3099 982 3172 τροπαρίων
1022 3097 1294 3166 ἐνάρξεως
1326 3111 1342 3126 ο
1388 3092 1464 3151 ῶν
1512 3091 1734 3161 ἑκάστῳ
1764 3106 1934 3161 προσ-

359 3195 517 3250 ιοῦσα
558 3194 594 3266 ἡ
621 3193 819 3266 πρώτη
852 3195 919 3264 τῇ
945 3192 1195 3264 δευτέρᾳ,
1256 3191 1351 3244 καὶ
1383 3188 1524 3258 αῦτη
1558 3191 1624 3258 τῇ
1675 3193 1807 3256 μετ’
1833 3184 1932 3238 αὐ-

357 3292 478 3358 τὴν,
509 3289 603 3343 καὶ
655 3290 713 3340 αἱ
744 3286 935 3340 λοιπαὶ
967 3285 1090 3344 ταῖς
1146 3281 1367 3352 ἐφεξῆς,
1419 3276 1780 3334 ἀποτελοῦσιν
1837 3277 1934 3330 ἕνα

362 3381 560 3449 ἴαμϐον
585 3380 680 3433 τὸν
694 3381 757 3432 ἐκ
787 3376 884 3432 τοῦ
923 3375 1340 3448 προκαθημένου
1379 3373 1710 3442 γράμματος
1744 3371 1802 3423 ἐν
1856 3367 1936 3440 τῷ

361 3474 569 3545 πρώτῳ
597 3472 885 3544 τροπαρίῳ
923 3470 1089 3541 μέχρι
1118 3467 1338 3521 καὶτοῦ
1384 3466 1698 3519 τελευταίου
1747 3465 1935 3531 ἀπαρρ-

357 3565 647 3636 τιζόμενον
678 3579 696 3597 ο
729 3564 778 3618 εί
810 3566 906 3617 καὶ
934 3560 1030 3615 νῦν
1064 3558 1422 3631 παρεώραται
1480 3556 1578 3609 καὶ
1626 3556 1760 3609 αὐτὸ
1817 3557 1934 3617 τοῖς

362 3658 664 3730 μαλθακοῖς
693 3657 826 3727 ἡμῖν
846 3654 942 3708 καὶ
962 3653 1186 3716 ἀπόνοις
1211 3667 1224 3680 ·
1251 3652 1301 3703 oi
1339 3652 1432 3702 καὶ
1458 3647 1558 3718 τὴν
1609 3647 1934 3718 ψαλμῳδίαν

360 3755 464 3820 τῆς
498 3752 556 3805 ἐν
584 3752 697 3813 τοῖς
730 3749 898 3818 ἱεροῖς
921 3745 1113 3798 κανόσι
1141 3743 1400 3812 δευτέρας
1423 3740 1592 3811 ᾠδῆς,
1640 3738 1705 3792 τό
1751 3755 1814 3807 γε
1851 3737 1934 3800 είς

367 3849 513 3917 ἡμᾶς
545 3840 682 3917 ἧκον
711 3843 898 3895 τέλεον
949 3834 1412 3908 παρεστείλαμεν,
1459 3831 1556 3886 καὶ
1614 3828 1762 3882 οὕτω
1809 3826 1936 3890 τοὺς

364 3939 598 4002 κανόνας
639 3933 1027 4004 ἐννεαείρμους
1075 3929 1258 3993 ὄντας,
1308 3923 1706 3995 ἐζημιώσαμεν
1754 3917 1936 3990 είρμῷ

361 4033 447 4086 ἑνὶ
467 4029 720 4094 ἑκαστον,
749 4025 827 4089 εἰς
859 4023 1062 4077 όκτὰδα
1087 4019 1188 4090 τὴν
1225 4017 1448 4072 ἐννεάδα
1485 4012 1892 4072 κολοϐώσαντες
1918 4023 1934 4040 ν

360 4121 460 4177 καὶ
490 4120 712 4188 κλέμμα
734 4117 894 4170 τοῦτο
927 4110 1287 4182 ἐξευρηκότες
1317 4107 1419 4162 οὐκ
1463 4105 1530 4161 ἂν
1587 4099 1747 4173 οῖμαι
1782 4101 1935 4168 λογι-

363 4213 592 4281 σόμενον
621 4210 701 4272 είς
733 4203 1036 4267 ἐπαινετῶς
1058 4203 1204 4271 ἱερόν
1232 4214 1250 4231 ⁸
1289 4200 1340 4253 εί
1367 4197 1462 4252 καὶ
1515 4196 1544 4249 6
1603 4193 1847 4261 ἀοίδιμος
1879 4191 1938 4245 ἐν

363 4305 551 4372 σοφοῖς
583 4300 857 4369 Θεόδωρος
887 4299 915 4351 6
946 4295 1259 4367 Πρόδρομος
1282 4289 1574 4356 αἰτιολογεῖ
1597 4284 1810 4356 σεμνῶς
1836 4284 1937 4336 αὑο

361 4397 446 4460 τὸ,
464 4392 699 4456 κανόνας
736 4391 916 4463 ἱεροὺς
963 4386 1402 4457 ἐξηγησάμενος.
1445 4379 1718 4449 Ἐχόντων
1753 4373 1939 4446 δήκαὶ

359 4489 568 4544 τούτων
613 4483 808 4550 οὕτως,
854 4481 981 4536 ἐπεὶ
1041 4481 1070 4533 6
1113 4471 1588 4546 ἐξηγηθησόμενος
1637 4466 1939 4539 μελῳδικὸς

2027 1977 2352 2032 veniendum
2385 1991 2532 2031 nunc
2573 1977 2638 2031 ad
2663 1977 2937 2032 inventam
2959 1992 2989 2030 a
3017 1977 3414 2033 recentioribus
3434 1981 3609 2047 poetis

2025 2069 2369 2125 dimidiatam
2432 2068 2910 2124 acrostichidem:
2971 2068 3312 2124 dimidiatam
3375 2070 3490 2124 dixi
3541 2087 3608 2125 eo

2025 2164 2209 2232 quod,
2275 2171 2470 2217 contra
2527 2163 2834 2231 priscorum
2891 2176 3073 2225 usum,
3129 2177 3235 2215 non
3289 2164 3518 2218 seorsim
3575 2179 3606 2218 a

2027 2254 2273 2308 sinistris
2308 2262 2366 2309 et
2399 2254 2632 2308 seorsim
2665 2269 2694 2308 a
2729 2253 2941 2309 dextris
2981 2256 3332 2322 compleatur
3370 2267 3605 2310 metrum

2027 2359 2095 2400 ex
2125 2346 2297 2401 initiis
2325 2361 2584 2402 versuum
2615 2346 2887 2414 omnium,
2932 2350 3164 2404 summis
3210 2347 3496 2404 elementis
3527 2348 3613 2404 iu-

2027 2438 2200 2492 vicem
2235 2437 2636 2493 cohaerentibus
2666 2438 2736 2494 ab
2767 2439 2924 2494 initio
2952 2453 3125 2510 usque
3168 2440 3235 2495 ad
3269 2440 3428 2494 [luem
3456 2481 3474 2506 ,
3512 2441 3606 2496 sed

2032 2529 2343 2598 perﬁciatur
2379 2529 2674 2585 dimidium
2707 2531 2902 2600 operis
2935 2532 3119 2601 hujus.
3174 2535 3415 2603 sumptis
3465 2533 3616 2589 scili-

2028 2629 2114 2677 cct
2163 2620 2333 2676 initiis
2373 2621 2718 2678 solummodo
2759 2623 3100 2693 singulorum
3128 2639 3386 2678 versuum
3423 2640 3452 2678 a
3476 2626 3612 2680 sini-

2029 2712 2157 2768 stris
2191 2711 2495 2781 positorum
2531 2729 2546 2780 ;
2582 2713 2727 2768 unde
2756 2728 2852 2783 per
2884 2713 3237 2768 imitationem
3262 2723 3528 2768 remotam
3555 2724 3611 2768 et

2031 2803 2256 2858 minime
2287 2803 2559 2859 diliicilem
2589 2807 2903 2874 excogitata
2931 2817 3015 2860 est
3050 2821 3081 2860 a
3115 2806 3388 2874 plerisque
3431 2806 3611 2876 poetis

2030 2907 2092 2947 ea
2125 2908 2246 2961 quae
2277 2893 2561 2965 hucusque
2591 2912 2620 2949 a
2653 2895 2900 2965 pluribus
2938 2897 3267 2952 observatur
3326 2898 3612 2952 annotatio

2031 2983 2172 3038 initii
2205 2984 2382 3040 solum
2415 2988 2791 3056 stropharum,
2858 3004 3089 3058 quarum
3121 2989 3357 3059 singulis
3410 2989 3613 3058 adjun-

2031 3088 2178 3134 ctum
2212 3079 2452 3150 ptimum
2483 3080 2748 3142 secundo,
2789 3087 2846 3135 et
2895 3079 3030 3133 illud
3092 3081 3365 3150 sequenti,
3427 3088 3483 3134 et
3529 3081 3613 3136 sic

2036 3171 2242 3240 reliqua
2274 3170 2556 3240 deinceps,
2588 3187 2756 3226 unum
2781 3171 3074 3227 efformant
3121 3172 3388 3234 iambum.
3419 3186 3450 3227 a
3494 3173 3612 3242 pri-

1963 3249 2005 3309 (ἶ
2042 3277 2128 3317 ma
2161 3263 2347 3320 littera
2380 3263 2434 3318 in
2467 3263 2643 3335 prima
2679 3265 2905 3335 strophe
2937 3278 3110 3334 usque
3139 3263 3206 3318 ad
3241 3263 3485 3318 ultimam
3519 3263 3617 3318 ab-

2039 3361 2282 3416 solutum
2318 3377 2333 3412 :
2371 3360 2497 3413 licet
2527 3373 2674 3412 nunc
2695 3357 3000 3427 negligatur
3032 3365 3087 3412 et
3116 3357 3217 3411 hoc
3269 3374 3296 3410 a
3333 3357 3493 3411 nobis
3519 3371 3614 3412 ve-

2039 3452 2302 3509 cordihus
2332 3461 2388 3506 et
2417 3451 2655 3521 ignavis,
2677 3451 2771 3518 qui
2806 3447 3167 3519 psalmodiam
3205 3448 3431 3504 sectmdi
3471 3449 3615 3504 inter

2038 3563 2226 3604 sacros
2273 3561 2513 3601 canones
2547 3544 2758 3615 hymni,
2796 3557 2959 3611 quem
2994 3556 3168 3610 usque
3225 3542 3291 3596 ad
3341 3557 3443 3599 nos
3483 3549 3618 3598 aetas

2045 3642 2320 3707 integrum
2347 3638 2589 3694 servavit
2638 3644 2694 3692 et
2719 3637 2979 3692 similiter
3007 3649 3246 3691 canones
3295 3652 3364 3692 ex
3419 3649 3615 3690 novent

2037 3733 2285 3787 seriebus
2307 3739 2642 3792 constantes,
2661 3730 2806 3784 serie
2837 3745 2941 3782 una
2970 3729 3214 3798 singulos
3259 3727 3616 3797 privavimus,

2036 3823 2093 3878 in
2119 3830 2370 3876 octavum
2403 3820 2693 3874 nonarium
2727 3818 3122 3883 decurtantes;
3154 3825 3210 3872 et
3236 3816 3442 3872 furtum
3477 3817 3617 3872 illud

2036 3913 2184 3982 quod
2216 3913 2528 3966 invenimus
2556 3925 2664 3964 non
2701 3909 2938 3964 arbitror
2962 3909 3105 3964 inter
3135 3923 3223 3964 res
3255 3923 3380 3963 vere
3424 3923 3617 3963 sacras

2037 4003 2412 4074 deputandum
2465 4016 2590 4057 esse
2621 4019 2636 4057 :
2671 4001 2798 4056 licet
2816 4001 3040 4057 illustris
3068 4000 3212 4056 inter
3231 4002 3419 4056 doctos
3439 4000 3619 4056 Theo-

2042 4095 2214 4150 dorus
2235 4092 2572 4149 Prodromus
2601 4092 2768 4162 hujus
2797 4105 3020 4146 causam
3071 4091 3262 4146 reddat
3305 4093 3398 4161 qui
3451 4103 3620 4146 cano—

2047 4202 2145 4242 nes
2175 4200 2366 4242 sacros
2405 4185 2796 4253 interpretatus
2852 4191 2960 4238 est.
2994 4179 3178 4238 Rebus
3221 4181 3390 4252 igitur
3440 4181 3515 4236 ita
3556 4197 3623 4236 so

2046 4277 2377 4335 habentibus
2425 4277 2686 4346 quoniam
2739 4274 3153 4344 interpretando
3199 4274 3464 4329 melodico
3523 4288 3619 4327 ca-

2048 4371 2175 4426 noni
2210 4369 2363 4439 prait
2392 4365 2728 4436 respondens
2751 4363 3108 4434 sequentibus
3125 4364 3468 4428 acrosticbis,
3490 4373 3620 4419 ante

2045 4475 2311 4516 canonem
2345 4454 2782 4514 considerandus
2816 4456 2930 4525 ipse
2966 4456 3133 4510 venit.

365 4581 550 4638 κανὼν
588 4579 703 4650 ἔχει
733 4545 943 4647 συνήθη
979 4575 1095 4636 τοῖς
1155 4545 1382 4640 ὕστερον
1448 4559 1827 4636 ἀκροστιχίδα,
1884 4555 2251 4611 ἐπισκεπτέον
2324 4551 2434 4623 πρὸ
2504 4548 2600 4604 τοῦ
2648 4548 2873 4611 κανόνος
2923 4546 3091 4617 αὐτὴν
3127 4546 3481 4619 διακειμένην
3527 4545 3620 4602 οῦν

361 4694 497 4742 τως.

933 4762 1006 4817 Ἦ
1037 4754 1412 4828 ἀκροστιχίς.

365 4865 648 4938 Θειογενές
679 4863 846 4931 Λόγε,
881 4855 1108 4927 Πνεῦμα
1135 4850 1491 4923 παράκλητον
1509 4843 1671 4899 πάλιν
1710 4841 1874 4897 ἄλλον

448 5050 546 5106 Ἐκ
573 5045 798 5118 γενέτου
830 5041 1048 5096 κόλπων
1073 5030 1218 5109 ἦκας
1269 5029 1622 5100 ἐπιχθονίοις,

371 5137 473 5199 Οἷα
505 5143 675 5211 πυρὸς
723 5135 1024 5207 γλώσσῃσι,
1053 5130 1219 5200 φέρον
1249 5125 1503 5194 θεότητος
1537 5120 1703 5174 ἀΰλου

440 5317 602 5387 Σῆμα
627 5313 756 5383 τεῆς
785 5309 994 5381 φύτλης
1022 5307 1119 5362 καὶ
1155 5303 1316 5374 χάριν
1345 5297 1696 5370 ὑμνοπόλοις.

442 5386 662 5466 Τούτων
697 5404 756 5459 δὲ
807 5402 918 5456 τῶν
962 5398 1247 5466 τεσσάρων
1277 5392 1425 5447 ἐπῶν
1459 5390 1522 5444 τδ
1572 5389 1671 5460 μὲν
1724 5386 1942 5458 πρῶτον

369 5506 466 5561 καὶ
513 5503 700 5576 τρίτον
731 5496 890 5569 ἡρῷά
928 5496 1072 5547 εῖσιν
1100 5505 1115 5520 ·
1155 5489 1372 5556 ἐλεγεῖα
1395 5483 1452 5538 δὲ
1472 5483 1532 5537 τὸ
1557 5477 1942 5576 ’δευτέρον-καὶ

371 5598 435 5650 τὸ
461 5567 726 5662 τέταρτον
753 5567 770 5620 λ
798 5584 1042 5640 ποταπὸν
1071 5580 1130 5634 δὲ
1159 5579 1220 5632 τὸ
1256 5577 1456 5647 ἡρῷον,
1485 5572 1580 5626 καὶ
1604 5567 1716 5626 οἷον
1743 5570 1803 5662 τὸ
1829 5569 1945 5621 ἑλε-

374 5681 892 5758 γεῑον,άναλεκτέον
923 5679 990 5731 ἐκ
1017 5675 1127 5728 τῶν
1157 5669 1462 5740 ἐξηγητῶν.
1510 5663 1570 5721 Ὀ
1596 5664 1652 5717 δὲ
1695 5661 1819 5724 νοῦς
1843 5663 1949 5758 αὖ·

369 5754 480 5836 τῶν
507 5775 746 5840 τοιοῦτος
769 5785 787 5805 ⁸
825 5766 926 5825 «'0
958 5770 1021 5821 ἐκ
1055 5765 1192 5818 Θεοῦ
1223 5763 1434 5831 Πατρὸς
1469 5757 1752 5828 γεννηθεὶς
1780 5754 1947 5824 Λόγε,

372 5869 627 5942 laetitia;
651 5868 784 5938 ἡμῖν
816 5863 931 5926 τοῖς
978 5855 1332 5930 ἐπιχθονίοις,
1363 5852 1460 5906 καὶ
1501 5849 1591 5903 διὰ
1631 5847 1791 5942 τοῦτο
1849 5861 1947 5942 τα-

375 5967 604 6028 πεινοῖς,
638 5963 712 6026 ὼς
743 5962 800 6014 ἐν
831 5955 1108 6029 γλώσσαις
1140 5950 1334 6022 πυρὸς,
1378 5943 1560 6009 καθὼς
1591 5941 1688 5996 καὶ
1710 5941 1739 5994 ό
1775 5936 1950 5994 κανὼν

2672 4730 3016 4786 Αστοειίειρὶε.

2047 4834 2094 4891 0
2124 4832 2416 4903 Deigenum
2445 4825 2708 4890 Verbum,
2735 4823 3000 4896 Spiritum
3047 4820 3368 4877 advocatum
3431 4835 3627 4877 rursus

3213 4911 3406 4987 [alium

2122 5020 2200 5075 Ex
2238 5015 2506 5091 genitoris
2544 5011 2760 5069 sinibus
2787 5009 2986 5065 misisti
3021 5008 3376 5064 terrestribus

2059 5116 2116 5169 in
2169 5115 2348 5184 ignea:
2378 5108 2579 5179 lingua:
2611 5103 2793 5176 specie
2827 5101 3090 5157 ferentem
3121 5099 3350 5155 Deitatis
3383 5098 3630 5155 materia:

3209 5189 3473 5262 [expertis

2127 5294 2360 5364 Signum
2394 5301 2502 5346 tum
2533 5283 2927 5360 generationis,
2949 5291 3004 5340 et
3030 5280 3262 5354 gratiam
3287 5278 3626 5334 cantoribus.

2124 5387 2331 5443 Horum
2357 5392 2596 5455 quatuor
2622 5393 2881 5436 versuum
2907 5377 3120 5447 primus
3149 5382 3204 5428 et
3259 5372 3456 5428 tertius
3529 5373 3624 5425 he-

2047 5480 2182 5534 roici
2207 5483 2356 5542 sunt,
2385 5471 2609 5542 elegiaci
2635 5483 2762 5525 vero
2791 5463 3068 5524 secundus
3085 5474 3139 5519 et
3162 5471 3413 5533 quartus.
3437 5459 3626 5541 Qualis

2047 5582 2232 5626 autem
2270 5566 2543 5628 heroicus,
2599 5571 2656 5618 et
2709 5559 2884 5630 qualis
2944 5557 3242 5628 elegiacus,
3303 5555 3624 5611 dissendum

2049 5682 2081 5722 a
2113 5655 2679 5722 commentatoribus;
2708 5667 2900 5709 eorum
2929 5659 3112 5706 autem
3151 5663 3348 5705 sensus
3392 5650 3478 5700 hic
3501 5656 3585 5699 est
3610 5661 3628 5698 :

2051 5757 2097 5814 Ο
2133 5755 2367 5811 Verbum
2397 5765 2466 5806 ex
2492 5750 2599 5804 Deo
2625 5745 2788 5801 Patre
2814 5743 3082 5813 genitura,
3143 5737 3346 5794 misisti
3380 5735 3538 5790 nobis
3574 5735 3630 5788 in

2054 5855 2200 5898 terra
2227 5838 2550 5909 degentibus
2583 5847 2638 5890 et
2673 5843 2896 5907 propter
2937 5831 3039 5884 hoc
3062 5828 3305 5890 miseris,
3365 5823 3522 5894 quasi
3571 5823 3628 5876 in

2053 5935 2228 6008 igneis
2260 5932 2483 6004 linguis,
2523 5930 2664 5987 sicut
2722 5926 2940 5984 docebit
2963 5937 3136 5981 canon
3157 5960 3174 5988 ,
3201 5918 3464 5990 Spiritum
3497 5928 3632 5972 con-
