4050 6410
418 480 520 543 ίῙΊ

1119 474 1544 538 EUSTATHII
1578 470 2327 535 TIIESSALONICENSIS
2348 471 2907 534 memoremus

3559 472 3667 536 520

404 595 482 648 sul
506 602 596 645 ιιοε
613 607 696 646 cm
731 604 923 646 rursus
946 588 1203 655 alterum,
1223 589 1527 643 secundum
1548 586 1807 642 videlicet
1827 584 1980 639 illum

2093 582 2304 649 διδάξει,
2347 582 2572 651 Πνεῦμα
2636 585 2987 654 παράκλητον
3047 583 3211 637 πᾶλιν
3258 585 3441 651 ἄλλον,
3498 587 3669 657 ἤγουν

402 689 693 750 postquam
725 692 780 733 ιιι
810 678 866 732 in
906 676 1107 732 caelum
1180 676 1520 741 ascendisti;
1578 682 1639 729 ut
1684 679 1980 742 postquam

401 772 715 826 consolator
741 771 889 824 venit
926 784 1091 837 super
1135 783 1238 823 nos
1268 766 1446 821 Filius
1483 776 1633 829 tuus,
1672 761 1987 818 consolator

402 864 599 916 iterum
628 863 838 915 veniret
867 876 896 914 e
925 862 1047 915 sinu
1083 859 1288 923 Patris,
1312 860 1517 913 missus
1558 855 1802 925 Spiritus
1859 869 1987 908 san-

401 963 545 1015 ctus,
577 951 811 1006 afferens
832 951 1209 1005 laudatoribus
1234 958 1438 1005 sanetae
1463 947 1748 1002 Trinitatis
1771 947 1985 1014 signum

403 1043 779 1097 imntaterialis
798 1052 901 1097 tua:
920 1041 1243 1104 divinitatis,
1262 1042 1312 1094 id
1333 1048 1416 1093 est
1434 1047 1640 1092 natura:
1657 1051 1723 1090 ac
1737 1037 1988 1091 nativita-

402 1136 472 1190 tis
505 1146 632 1198 tu:e,
664 1147 717 1189 et
749 1134 1111 1205 psallentibus
1140 1134 1367 1201 gratiam
1394 1146 1489 1197 pro
1512 1130 1745 1201 hymnis.
1766 1128 1987 1184 Interim

402 1228 623 1283 verbum
645 1227 928 1297 De'genum
951 1226 1098 1295 quod
1119 1225 1187 1279 ab
1211 1225 1363 1278 initio
1383 1224 1606 1285 dicitur,
1627 1221 1860 1276 ostendit
1875 1222 1989 1274 vio-

399 1319 607 1373 lentum
632 1333 902 1371 mensurae
927 1317 979 1370 in
998 1313 1336 1370 carminibus
1359 1312 1827 1381 impedimentum;
1848 1311 1990 1362 unde

401 1408 653 1477 θειογενῆ
676 1408 809 1462 dicit
839 1404 1100 1468 Verbum,
1135 1420 1259 1458 cum
1297 1402 1631 1472 impossibile.
1662 1402 1754 1461 sit.
1781 1409 1842 1455 ut
1878 1415 1986 1454 non

401 1498 718 1569 proferatur
738 1514 864 1551 cum
902 1497 1261 1566 diphthongo,
1303 1495 1396 1550 sed
1436 1509 1559 1549 cum
1579 1494 1692 1548 sola
1719 1492 1900 1547 littera
1938 1508 1985 1557 ε,

402 1593 652 1662 θεογενῆ.
688 1589 1034 1644 Manifestum
1059 1589 1204 1642 enim
1226 1588 1369 1658 quod
1396 1586 1540 1642 aliud
1574 1597 1657 1641 est
1677 1586 1820 1650 θεός,
1840 1584 1987 1640 aliud

402 1686 549 1738 θεῖον
577 1700 591 1737 :
617 1682 796 1736 anima
828 1679 1030 1735 scilicet
1061 1693 1183 1749 qua:
1228 1677 1367 1732 Deus
1396 1691 1502 1730 non
1529 1685 1635 1743 εει,
1654 1676 1836 1730 divina
1872 1687 1950 1730 est
1968 1690 1988 1743 ;

402 1776 549 1830 unde
579 1782 634 1828 et
659 1772 807 1828 aliud
842 1774 915 1826 sit
945 1770 1203 1842 θεογενής
1236 1779 1291 1825 et
1320 1769 1467 1825 aliud
1499 1768 1780 1839 θειογενής
1806 1784 1821 1821 :
1881 1768 1989 1824 for-

397 1882 498 1924 san
530 1876 733 1928 autem,
762 1880 869 1919 non
898 1879 993 1934 per
1024 1863 1441 1933 generationem
1481 1861 1626 1918 inter
1673 1860 1812 1916 duas
1871 1859 1975 1913 im-

399 1958 687 2014 mntabiles
721 1972 986 2027 personas
1010 1954 1254 2010 Verbum
1282 1955 1567 2011 inventum
1626 1962 1713 2009 est
1764 1954 1977 2021 θειογε-

399 2054 512 2117 νές,
556 2050 652 2105 sed
686 2049 817 2120 quia
849 2047 1223 2104 communiter
1265 2047 1471 2102 dicitur
1503 2047 1769 2117 genitum,
1833 2061 1977 2116 quo-

399 2145 543 2197 niam
574 2156 669 2211 per
698 2142 904 2210 ipsum,
933 2139 1145 2195 scilicet
1194 2138 1446 2193 divinum
1488 2137 1748 2203 Verbum,
1803 2136 1976 2192 divini

399 2247 452 2289 et
481 2249 582 2287 nos
612 2243 665 2287 et
702 2232 811 2286 Deo
841 2232 1049 2287 similes
1070 2230 1352 2286 efﬁcimur.
1381 2228 1439 2285 Si
1465 2229 1591 2300 quis
1610 2239 1792 2284 autem
1833 2228 1978 2282 θεῖον

402 2320 827 2378 ηοιιιιετίνειίνε
861 2330 1066 2374 natura:
1092 2319 1366 2388 particeps
1389 2317 1643 2386 accipiat,
1675 2318 1767 2373 sed
1802 2316 1971 2373 Deum

402 2414 582 2481 ipsum
606 2414 685 2468 sic
701 2412 970 2481 cogitans,
994 2410 1237 2465 divinum
1264 2409 1408 2464 dicat
1430 2406 1667 2463 Verbum
1687 2424 1750 2462 ex
1767 2408 1977 2474 divino,

402 2507 511 2560 Deo
534 2504 762 2568 scilicet,
786 2504 945 2559 Patre
967 2514 1172 2566 ortum,
1199 2504 1389 2559 nescio
1412 2520 1479 2557 an
1505 2502 1748 2557 inveniat
1773 2502 1864 2573 qui
1902 2502 1983 2556 fa-

400 2598 576 2652 ciliter
611 2597 714 2651 hoc
733 2595 984 2649 admittat
1016 2612 1029 2649 :
1061 2596 1192 2650 mihi
1221 2595 1444 2665 quidem
1496 2598 1570 2652 ita
1617 2597 1822 2653 sentire
1865 2610 1976 2650 non

402 2688 623 2755 placet;
657 2685 726 2741 de
763 2682 1048 2739 Paracleto
1092 2695 1271 2739 autem
1325 2684 1553 2740 dicenda
1585 2684 1727 2741 infra
1781 2686 1973 2741 dicen-

402 2790 514 2835 tur.

480 2978 672 3033 ’Δλλον
714 2989 896 3035 autem
936 2982 1021 3037 vel
1048 2981 1372 3053 simpliciter
1407 2981 1610 3037 dicitur
1640 2995 1737 3051 pro
1767 2980 1982 3049 ἕτερον,

410 3071 494 3125 vel
528 3072 596 3127 ad
622 3074 983 3142 dogmatiram
1018 3075 1444 3130 exactitudinem
1493 3089 1657 3144 quam
1691 3074 1843 3129 novit
1884 3073 1984 3144 qui

410 3164 693 3233 distinguit
743 3165 908 3229 ἄλλας
965 3176 1021 3223 et
1074 3166 1333 3234 ἀλλοίας;
1383 3166 1476 3221 cui
1530 3167 1888 3237 obsequens,
1936 3176 1991 3222 et

2086 675 2343 745 δεύτερον
2375 673 2569 727 τοῦτον
2599 676 2696 728 νῦν
2732 676 2870 744 μετά
2905 676 2965 729 σὲ
3011 676 3397 745 ἀναληφθέντα
3450 680 3530 741 είς
3577 679 3670 731 οῦ-

2092 770 2255 837 ρανόν
2293 785 2306 800 ο
2335 767 2422 822 ἵνα
2458 767 2814 838 Παρακλήτου
2882 768 2981 840 ήδη
3029 769 3124 823 σοῦ
3158 770 3263 834 ζτοῦ
3328 770 3461 824 Υίοῦ
3494 790 3671 826 κατα-

2088 861 2284 924 ϐάντος
2324 862 2404 923 είς
2435 860 2607 931 ἡμᾶς,
2652 860 3009 929 παράκλητος
3041 861 3206 914 πάλιν
3234 862 3365 934 ἔλθῃ
3395 863 3669 932 δευτερώ-

2093 971 2261 1021 ματος
2286 954 2445 1023 Λόγῳ
2491 955 2556 1007 ἐκ
2602 953 2712 1009 τῶν
2762 953 2978 1007 κόλπων
3007 952 3101 1007 τοῦ
3147 956 3381 1025 Πατρὶς,
3425 957 3487 1008 τὸ
3534 957 3671 1009 ἀπε-

2093 1042 2221 1092 στα).
2231 1043 2393 1109 μένον
2420 1042 2575 1109 ἅγιον
2605 1041 2832 1113 Πνεῦμα
2857 1056 2871 1071 ⁸
2896 1042 3059 1112 φέρον
3100 1044 3233 1095 αὐτὸ
3268 1048 3379 1108 τοῖς
3402 1045 3670 1116 ὕμνηταϊς

2089 1137 2188 1203 τῆς
2218 1134 2379 1202 ἁγίας
2408 1135 2657 1205 Τριάδος,
2689 1136 2785 1190 καὶ
2810 1137 3039 1208 σημεῖον
3062 1136 3227 1189 ἀῢλου
3263 1136 3516 1206 θεότητξς
3542 1140 3673 1205 τεῆς

2093 1227 2322 1296 φῦτλης,
2350 1228 2517 1297 ήγουν
2550 1230 2650 1296 τῆς
2685 1227 2787 1297 σῆς
2813 1229 3035 1299 φύσεως
3095 1226 3129 1298 ἦ
3177 1231 3512 1298 γεννήσεως,
3574 1232 3670 1285 καὶ

2090 1318 2203 1379 τοῖς
2230 1317 2503 1387 ὑμνηταϊς
2524 1320 2687 1389 χάριν
2720 1319 2820 1390 τὴν
2857 1318 2950 1372 ἐπὶ
2974 1321 3083 1383 τοῖς
3111 1317 3305 1391 ὕμνοις
3335 1335 3348 1349 ’
3375 1320 3433 1370 ἐν
3456 1319 3669 1381 τούτοις

2089 1408 2144 1462 δὲ
2171 1409 2230 1461 τὸ
2261 1408 2360 1477 μὲν
2382 1410 2674 1478 θειογενὲς,
2705 1413 2769 1464 ὲκ
2802 1411 3112 1483 προθύρων,
3148 1414 3177 1467 ὃ
3216 1427 3378 1483 φασι,
3411 1411 3668 1479 διεκφαί-

2090 1515 2169 1550 νει
2205 1499 2304 1569 τὴν
2339 1500 2606 1569 μετρικὴν
2639 1501 2696 1554 ὲν
2723 1498 3032 1565 ἐποποιῗαις
3058 1502 3240 1573 βιαίαν
3259 1501 3576 1576 πριολκὴν,
3600 1501 3667 1555 δι’

2089 1588 2156 1661 ἢν
2183 1589 2429 1661 θειογενῆ
2462 1590 2610 1659 λέγει
2644 1591 2737 1645 τὸν
2766 1594 2963 1662 Λόγον,
2992 1596 3115 1648 δέον
3158 1596 3440 1660 ἀδυνάτως
3487 1592 3671 1650 εἰπεῖν

2091 1678 2167 1751 μὴ
2192 1682 2250 1733 ὲν
2279 1681 2581 1752 διφθόγγῳ,
2611 1682 2729 1736 ἀλλ’
2753 1684 2810 1737 ἐν
2840 1684 2990 1756 μόνῳ
3012 1685 3089 1757 τῷ
3118 1704 3144 1740 ε
3190 1690 3447 1760 στοιχείῳ
3478 1690 3670 1758 03013-

2090 1770 2180 1837 νῆ.
2219 1773 2495 1844 Πρόδηλον
2537 1775 2643 1844 γὰρ
2661 1775 2732 1838 ὠς
2762 1776 2891 1830 ἄλλο
2923 1778 3023 1847 μὲν
3054 1778 3211 1845 Θεὸς,
3241 1781 3373 1835 ἄλλο
3417 1782 3474 1836 δὲ
3497 1783 3663 1840 θεῖον.

2102 1864 2167 1916 Ἦ
2196 1863 2329 1931 γοῦν
2357 1865 2504 1937 ψυχὴ
2528 1868 2662 1933 Θεὸς
2697 1868 2772 1940 μὴ
2800 1865 2959 1934 οὖσα,
2995 1869 3139 1925 θεῖόν
3160 1873 3311 1926 ἐστιν
3344 1889 3359 1904 θ
3396 1874 3540 1927 ὥστε
3570 1877 3665 1929 καὶ

2085 1953 2214 2010 ἄλλο
2251 1955 2350 2025 μὲν
2410 1960 2438 2011 6
2482 1958 2739 2030 θεογενὴς
2779 1963 2973 2030 Λόγος,
3005 1962 3136 2016 ἄλλο
3165 1964 3222 2017 δὲ
3271 1967 3299 2017 ὁ
3338 1965 3617 2034 θειογενής
3645 1982 3659 1996 ⁸

2089 2044 2218 2107 ἴσως
2247 2045 2303 2097 δὲ
2335 2046 2396 2098 οὐ
2435 2048 2585 2115 παρά
2618 2050 2874 2121 γέννησιν
2903 2056 3003 2121 τήν
3031 2055 3090 2105 ἐν
3138 2052 3340 2127 [δυ]σὶν
3391 2057 3664 2125 ἀμεταδό-

2086 2134 2221 2199 λοις,
2284 2137 2459 2205 Λόγος
2510 2138 2605 2193 νῦν
2667 2142 2866 2213 εὸρέθη
2899 2142 3200 2216 θειογενής,
3249 2146 3386 2200 ἀλλά
3421 2148 3571 2219 παρά
3600 2149 3662 2201 τὸ

2087 2231 2281 2296 κοινῶς
2308 2232 2596 2304 λεγόμενον
2626 2239 2903 2305 γενέσθαι.
2938 2242 3056 2293 ἐπεὶ
3087 2241 3338 2295 διἀΰτοῦ
3365 2243 3536 2313 ήγουν
3564 2244 3661 2298 τοῦ

2089 2320 2233 2375 θείου
2270 2324 2444 2391 Λόγου
2471 2326 2627 2395 ἡμεῖς
2647 2328 2781 2383 θεῖοι
2812 2330 2907 2382 καὶ
2932 2330 3184 2395 θεοειδεῖς
3207 2333 3490 2401 γινόμεθα.
3515 2335 3579 2387 Et
3604 2335 3659 2387 δέ

2089 2429 2174 2475 τις
2190 2415 2250 2466 τὺ
2269 2414 2412 2470 θεῖον
2427 2419 2486 2469 οὐ
2508 2421 2851 2489 παραγώγως
2873 2426 3319 2491 μετουσιαστικδν
3340 2426 3403 2479 λα
3411 2428 3658 2495 μϐἀνων,

2088 2509 2223 2563 ἀλλά
2238 2510 2328 2563 τὸν
2349 2511 2480 2564 Θεὸν
2502 2513 2665 2565 αὑτὸν
2695 2512 2839 2568 οὕτω
2863 2514 3020 2580 νοῶν,
3046 2516 3294 2589 θειογενῆ
3313 2518 3463 2587 λέγει
3486 2521 3578 2573 τὸν
3598 2524 3663 2578 ἐκ

2091 2605 2238 2658 θείου
2292 2605 2459 2675 ήγουν
2492 2608 2554 2660 ἐκ
2578 2607 2714 2660 Θεοῦ
2741 2610 2949 2681 Πατρδς
2981 2610 3177 2679 Λόγον,
3208 2612 3310 2666 οὐκ
3339 2612 3454 2667 οδα
3502 2615 3663 2685 εἴπερ

2094 2697 2318 2767 εὑρήσει
2348 2699 2439 2751 τδν
2469 2699 2835 2769 ἀπραγμόνως
2866 2701 3261 2773 ἀποδεχόμενον
3310 2706 3491 2761 τοῦτο.
3530 2707 3664 2774 Ἐμὲ

2097 2791 2228 2858 γοῦν
2256 2788 2452 2845 οὔκουν
2489 2793 2712 2861 ἀρέσκει
2736 2792 2878 2847 οὕτω
2910 2794 3052 2848 νοεῖν
3082 2808 3098 2825 ⁸
3130 2796 3259 2868 περὶ
3283 2794 3340 2850 δὲ
3365 2796 3658 2867 Παρακλή-

2098 2900 2192 2937 του
2240 2884 2521 2953 εἰρήσεται
2546 2884 2609 2937 τὸ
2628 2885 2746 2938 δέον
2768 2885 2827 2937 ὲν
2851 2887 2964 2950 τοῖς
3003 2886 3154 2959 ἑξῆς.

2167 2973 2241 3026 Τὸ
2265 2972 2322 3025 δὲ
2357 2972 2516 3027 ἄλλον
2552 2974 2586 3045 ἦ
2629 2975 2904 3039 ἁπλοϊκῶς
2963 2978 3093 3041 ἴσως
3131 2978 3348 3049 εἴρηται
3396 2981 3518 3035 ἀντὶ
3567 2982 3665 3034 τοῦ

2095 3064 2363 3135 ἓτερον,ἢ
2403 3066 2542 3137 πρὸς
2597 3069 2885 3138 ἀκρίϐειαν
2928 3070 3291 3140 δογματικὴν,
3346 3071 3416 3143 ήν
3465 3067 3605 3126 οίδεν
3638 3074 3666 3126 6

2096 3158 2545 3228 ἀκριὸωσάιμενος
2584 3160 2644 3212 τὸ
2665 3160 2851 3226 ἄλλας,
2885 3159 3001 3214 ἀλλ’
3033 3162 3133 3215 οὐκ
3167 3162 3381 3228 ἀλλοίας
3408 3181 3421 3195 ο
3449 3159 3604 3234 ᾧπερ
3637 3165 3667 3217 ὁ

402 3256 558 3324 quasi
602 3256 653 3308 in
691 3257 812 3310 luce
833 3257 1264 3326 ambulans,non
1296 3257 1526 3312 dixisset
1551 3258 1827 3312 diversum
1856 3260 1987 3314 mis-

2093 3250 2403 3304 ἀκολουθῶν
2436 3252 2527 3304 καὶ
2560 3251 2633 3315 ὡς
2673 3254 2730 3304 ὲν
2774 3252 2915 3320 φωτὶ
2957 3253 3099 3307 οὕτω
3156 3257 3498 3324 περιπατῶν,
3565 3257 3668 3311 οὐκ

407 3359 530 3399 smn
569 3347 737 3402 fuisse
764 3349 1127 3415 Paracletum,
1152 3349 1250 3404 sed
1275 3350 1529 3411 alterum,
1546 3348 1703 3417 juxta
1739 3364 1978 3419 praesen-

403 3445 514 3494 tem
541 3439 873 3509 scripturam
899 3456 915 3506 ;
948 3440 1195 3510 genitum
1216 3451 1401 3496 autem
1437 3442 1505 3496 de
1537 3455 1647 3510 quo
1669 3441 1759 3495 hic
1785 3440 1989 3495 dicitur

346 3537 352 3542 ’
403 3542 458 3588 et
494 3534 795 3602 genitorem
826 3543 881 3588 et
911 3543 1153 3589 satorem
1184 3542 1239 3588 et
1278 3532 1532 3598 Patrem,
1591 3532 1775 3587 divina
1821 3547 1986 3604 syno-

406 3638 568 3692 nyma
595 3623 757 3678 simul
788 3624 1172 3678 venerabunda
1198 3623 1407 3694 colligit
1430 3640 1445 3689 ;
1479 3623 1821 3695 φυτοσπόρος
1840 3624 1987 3676 enim

407 3714 755 3769 communior
779 3723 863 3769 est
900 3732 915 3769 ι
956 3714 1103 3784 quod
1155 3723 1340 3769 autem
1367 3730 1434 3771 ex
1465 3717 1588 3771 sinu
1634 3713 1815 3771 Patris
1856 3718 1989 3769 mis.

407 3821 505 3862 sus
553 3807 723 3861 fuerit
789 3806 1029 3876 Spiritus
1085 3817 1335 3875 sanctus,
1418 3807 1764 3863 manifestius
1831 3807 1993 3863 docet

408 3914 613 3964 canon,
642 3900 694 3953 in
718 3915 829 3969 quo
853 3901 1157 3954 invenietur
1178 3915 1399 3957 rursum
1426 3915 1525 3954 vox
1545 3901 1848 3971 γλώσσῃσι,
1872 3914 1994 3971 poe-

413 3991 521 4045 tica
549 3990 737 4045 lonum
779 3990 1052 4059 disiecto;
1083 4001 1142 4044 ut
1174 4002 1334 4061 poeta
1367 3991 1533 4056 enim,
1563 3991 1868 4046 molestiam
1894 4006 1993 4061 pa-

413 4086 549 4138 titur
568 4098 634 4138 eo
658 4082 803 4150 quod
835 4090 1023 4136 utatur
1057 4083 1234 4138 verbis
1272 4082 1477 4153 quibus
1517 4082 1721 4153 gaudet
1772 4084 1989 4152 poesis;

412 4176 677 4231 indicium
713 4184 897 4228 autem
930 4180 1140 4228 naturas
1165 4171 1289 4226 Filii
1321 4173 1428 4228 fert
1460 4172 1706 4244 Spiritus
1760 4183 1993 4229 sanctus

417 4283 525 4323 non
566 4284 757 4333 unum,
781 4267 1081 4322 secundum
1112 4267 1327 4321 unicam
1358 4266 1755 4323 acrostichidis
1787 4267 1994 4323 dictio-

423 4355 571 4426 nem,
606 4360 701 4417 sed
735 4362 910 4427 varia,
965 4362 1112 4416 sicut
1155 4362 1438 4414 veritatem
1481 4360 1674 4425 decet;
1709 4359 1991 4414 veritatem

413 4453 560 4508 enim
590 4451 729 4506 dixit
759 4452 1016 4521 magister
1059 4452 1307 4505 veritatis
1343 4448 1608 4518 Verbum,
1658 4450 1992 4520 promittens

415 4561 476 4600 se
538 4548 839 4599 missurum
894 4543 1162 4613 Spiritum
1218 4552 1469 4599 sanctum
1526 4544 1796 4610 veritatis,
1848 4559 1991 4597 amo-

419 4653 531 4692 rein
566 4653 730 4707 quem
760 4637 971 4705 primus
996 4635 1190 4689 habuit
1217 4636 1269 4688 in
1301 4634 1604 4704 discipulos
1655 4650 1814 4699 suos,
1851 4651 1989 4705 quos

416 4729 607 4783 dilexit
674 4738 729 4781 et
809 4725 1049 4795 Spiritus
1107 4733 1355 4787 sanctus,
1440 4726 1613 4795 quiet
1668 4724 1859 4780 docuit
1898 4741 1994 4781 eos

366 4832 479 4876 'ut
502 4821 740 4891 Spiritus
798 4818 1104 4888 sapientiae,
1141 4817 1302 4888 cujus
1359 4819 1524 4871 etiam
1578 4818 1840 4874 indicium
1892 4817 1995 4873 fuit

416 4911 953 4968 consubstantialitas
975 4910 1152 4965 Patris
1173 4924 1227 4965 et
1248 4910 1507 4981 Spiritus,
1534 4920 1589 4966 et
1614 4911 1836 4967 luminis
1860 4928 1991 4983 par-

422 5004 662 5074 ticipatio
695 5013 749 5058 et
774 5002 1104 5068 sanctitatis,
1163 5009 1219 5056 ct
1285 5003 1590 5066 cbaritatis,
1629 5018 1793 5073 quam
1856 5005 1990 5060 inde

419 5097 644 5153 veniens
674 5095 854 5150 attulit
884 5093 1124 5165 Spiritus
1145 5104 1396 5160 sanctus,
1423 5095 1566 5150 sicut
1592 5102 1723 5149 tunc
1747 5105 1799 5150 et
1821 5094 1993 5148 disci-

419 5190 583 5260 pulis,
604 5197 659 5243 et
687 5205 811 5241 mox
836 5188 1204 5243 initiatoribus
1242 5188 1589 5257 populorum,
1644 5186 1718 5241 ita
1742 5194 1797 5241 et
1843 5201 1993 5241 nunc

419 5282 580 5336 nobis
601 5281 979 5351 spiritualibus
1011 5280 1407 5343 laudatoribus,
1445 5281 1497 5335 id
1523 5287 1606 5335 est
1657 5281 1805 5334 circa
1838 5279 1995 5349 bym-

420 5388 520 5427 nos
556 5375 837 5443 occupatis
862 5390 878 5439 ;
911 5372 1055 5443 quod
1084 5375 1285 5428 bonum
1313 5381 1372 5426 et
1396 5374 1450 5425 in
1479 5386 1673 5426 omnes
1690 5370 1994 5426 effunditur

420 5464 516 5519 Dei
556 5464 894 5529 laudatores,
925 5465 1124 5534 quibus
1152 5473 1311 5534 poeta
1361 5464 1651 5518 commode
1680 5478 1740 5517 se
1781 5463 1990 5516 immis-

417 5557 531 5613 cuit
563 5571 661 5627 pro
687 5556 1100 5627 participatione
1130 5556 1438 5612 charitatis.
1478 5555 1773 5609 Videndum
1805 5563 1989 5608 autem

420 5656 603 5703 utrum
645 5651 746 5704 boc
775 5651 862 5720 qui
904 5650 1000 5719 fert
1041 5650 1269 5719 formam
1302 5648 1718 5719 incorruptibilis
1777 5648 1991 5702 deitalis

419 5742 593 5811 possit
626 5751 682 5796 et
735 5744 902 5797 verbo
953 5742 1361 5796 accommodari
1437 5756 1534 5810 per
1606 5740 1994 5795 rectitudiuem

419 5834 737 5889 masculina:
804 5833 1361 5896 communicationis,
1416 5843 1477 5887 ut
1543 5832 1757 5886 dicatur
1821 5829 1994 5884 Filius

419 5927 548 5981 dare
582 5927 737 5983 nobis
769 5942 865 5997 per
893 5927 1155 5997 Spiritum
1192 5934 1443 5981 sanctum
1496 5922 1725 5980 formam
1783 5936 1991 5980 natura!

419 6032 550 6075 suae.

2095 3339 2161 3394 ἂν
2186 3342 2330 3395 εῐποι
2370 3341 2688 3413 πεμφθῆναι
2722 3343 2932 3398 ἀλλοῖον
2972 3345 3347 3415 παράκλητον,
3402 3348 3538 3402 ἀλλὰ
3573 3346 3669 3404 ἀλ-

2088 3434 2180 3486 λον
2236 3434 2379 3488 κατὰ
2411 3435 2507 3504 τὴν
2532 3436 2769 3489 ἐνταῦθα
2791 3438 3013 3508 γραφήν
3045 3454 3059 3469 ο
3109 3440 3336 3510 γενέτην
3369 3440 3427 3494 δὲ
3450 3439 3539 3493 τὸν
3585 3441 3670 3492 ἔνο

2090 3526 2263 3581 ταῦθα
2293 3528 2528 3599 ρηθέντα
2560 3528 2654 3581 καὶ
2673 3532 2933 3597 γενέτορα
2969 3531 3065 3585 καὶ
3094 3532 3345 3601 φύσαντα
3399 3534 3499 3588 καὶ
3561 3549 3671 3588 πα·

2088 3623 2222 3691 τέρα
2245 3622 2278 3691 ή
2301 3622 2419 3675 θεία
2453 3621 2771 3691 συνωνυμία
2797 3627 2874 3685 είς
2911 3624 2968 3676 ἓν
2997 3624 3121 3690 ἄγει
3156 3626 3389 3693 σεμνῶς.
3428 3623 3487 3679 Ὀ
3542 3626 3672 3693 μέν-

2089 3727 2172 3762 τοι
2198 3712 2546 3782 φυτοσπόρος
2580 3714 2909 3783 κοινότερος,
2945 3714 3006 3768 τὸ
3054 3714 3113 3767 δὲ
3155 3717 3218 3781 ἐκ
3279 3717 3498 3771 κόλπων
3557 3719 3670 3771 Πα-

2091 3805 2218 3873 τρὺς
2250 3805 2569 3875 πεμφθῆναι
2600 3804 2661 3858 τὸ
2691 3806 2846 3875 ἅγιον
2873 3805 3122 3877 Πνεῦμα,
3169 3809 3198 3861 6
3235 3809 3416 3862 κανὼν
3461 3809 3669 3877 διδάξει

2092 3898 2518 3967 ἐμφανέστερον,
2544 3902 2599 3949 έν
2630 3892 2674 3966 ᾧ
2704 3899 3063 3969 εὑρεθήσεται
3098 3900 3263 3954 πάλιν
3289 3901 3541 3970 κείμενον
3573 3900 3669 3954 καὶ

2092 3990 2152 4041 τὸ
2176 3988 2456 4059 γλώσσῃσι
2493 3991 2791 4061 ποιητικῶς
2821 3989 3016 4044 Ἰώνων
3061 3991 3350 4062 διαλέκτῳ.
3406 3986 3511 4046 Οἷα
3556 3994 3667 4060 γὰρ

2092 4081 2372 4145 ἐποποιὸς,
2405 4083 2648 4151 ὀχλεϊται
2676 4085 2774 4137 καὶ
2803 4083 2982 4149 λέξεσι
3020 4084 3258 4155 χρῆσθαι
3301 4084 3492 4145 ὁποίας
3552 4080 3664 4138 οἶδε

2095 4170 2324 4242 φιλείνή
2375 4175 2591 4242 ποίησις
2620 4189 2634 4203 ο
2670 4176 2895 4245 σημεῖον
2931 4174 2988 4228 δὲ
3042 4176 3198 4244 φέρει
3235 4174 3335 4245 τῆς
3388 4174 3484 4227 τοῦ
3537 4174 3669 4227 Υἱοῦ

2097 4262 2303 4331 φύτλης
2330 4262 2391 4315 τὸ
2423 4262 2578 4331 ἅγιον
2609 4264 2852 4333 Πνεῦμα,
2887 4266 2985 4333 οὐχ
3017 4264 3075 4317 ἓν
3114 4265 3257 4318 κατὰ
3322 4263 3421 4335 τὴν
3481 4264 3670 4332 ἑνικὴν

2097 4356 2385 4423 προφορὰν
2417 4356 2517 4425 τῆς
2547 4356 2945 4426 ἀκροστιχίδος,
2978 4356 3117 4410 ἀλλὰ
3150 4356 3407 4426 διάφορα,
3432 4353 3544 4409 οἷον
3572 4358 3671 4423 τὴν

2098 4447 2290 4513 ἀλήθει
2314 4465 2380 4500 ιν.
2422 4445 2723 4516 Ἠλήθευσε
2760 4447 2868 4517 γὰρ
2896 4450 2924 4501 6
2957 4447 3058 4519 τῆς
3120 4448 3380 4519 ἀληθείας
3430 4450 3669 4518 χορηγὸς

2099 4540 2275 4607 Λόγος
2309 4540 2679 4611 ὑποσχόμενος
2710 4542 2925 4612 πέμψαι
2980 4542 3042 4595 τὸ
3064 4544 3162 4612 τῆς
3195 4540 3453 4610 ἀληθείας
3515 4542 3673 4608 ἆγιον

2103 4635 2346 4703 Πνεῦμα,
2378 4634 2471 4704 τὴν
2503 4635 2689 4701 φιλίαν
2721 4637 2785 4705 ἣν
2817 4636 3027 4703 ἔφθασε
3070 4637 3217 4706 σχεῖν
3257 4635 3352 4687 ἰπὶ
3392 4637 3504 4697 τοῖς
3563 4653 3668 4705 μα-

2102 4729 2317 4799 θηταῖς,
2356 4727 2447 4791 οὒς
2478 4731 2570 4781 καὶ
2604 4728 2664 4781 τὸ
2700 4728 2856 4796 ἅγιον
2913 4728 3139 4799 Πνεῦμα
3198 4729 3548 4797 συνεφίλησε,
3608 4729 3673 4781 τὸ

2099 4823 2195 4874 καί
2230 4821 2455 4890 σοφίσαν
2486 4820 2726 4882 ὲκείιους
2756 4821 2829 4884 ὼς
2868 4821 3091 4890 Πνεῦμα
3139 4820 3349 4889 σοφίας.
3395 4821 3517 4874 Ἔτι
3570 4837 3672 4888 ση-

2103 4914 2255 4981 μεῖον
2283 4905 2344 4965 οῦ
2378 4911 2576 4980 ἔφανεν
2613 4912 2789 4965 καὶτὸ
2818 4911 3065 4982 συμφυὲς
3126 4913 3305 4984 Πατρὶ
3352 4912 3448 4965 καὶ
3506 4912 3678 4965 Πνεῦ-

2102 5022 2257 5074 pata,
2284 5005 2342 5057 τὸ
2380 5006 2843 5074 συμφωτιστικὺν,
2896 5008 2957 5058 τὸ
2981 5004 3427 5074 συναγιαστικδν,
3478 5006 3540 5058 τὸ
3571 5006 3674 5075 τῆς

2099 5098 2320 5167 χάριτος
2357 5099 2853 5167 συμμεταδοτικὸν,
2882 5094 2951 5170 ἢν
2982 5099 3193 5153 ἐκεῖθεν
3229 5100 3353 5168 ήκει
3414 5100 3577 5169 φέρον
3610 5102 3676 5152 τὸ

2100 5193 2258 5260 ἅγιον
2290 5190 2514 5261 Πνεῦμα
2542 5189 2733 5261 ὥσπερ
2754 5190 2874 5242 τότε
2906 5191 3016 5252 τοῖς
3041 5190 3137 5243 καὶ
3165 5189 3419 5258 μύσταις,
3458 5193 3551 5240 καὶ
3575 5189 3675 5241 αὒ-

2093 5284 2224 5338 τίκα
2254 5285 2620 5355 μυστηπόλοις
2643 5284 2753 5337 τῶν
2774 5284 2964 5347 ἐθνῶν,
2989 5280 3132 5336 οὕτω
3160 5283 3254 5335 καὶ
3283 5281 3380 5335 νῦν
3400 5285 3531 5354 ήμῖν
3560 5284 3676 5346 τοῖς

2094 5378 2484 5445 πνευματικοῖς
2513 5374 2858 5447 ὑμνοπόλοις,
2898 5376 2924 5429 ὅ
2975 5376 3123 5428 ἐστιν
3174 5374 3677 5445 ἀναστρεφομένοις

2092 5472 2222 5539 περὶ
2250 5467 2451 5535 ὕμνους
2479 5484 2492 5497 ’
2515 5469 2673 5521 τοῦτο
2694 5468 2749 5519 δὲ
2774 5468 2834 5520 τὸ
2856 5468 3058 5534 ἀγαθὸν
3086 5468 3180 5519 καὶ
3206 5468 3286 5530 είς
3320 5468 3528 5527 πάντας
3558 5465 3677 5517 δια-

2096 5559 2270 5611 6αίνει
2294 5560 2418 5623 τοὺς
2450 5558 2546 5612 τοῦ
2570 5560 2701 5613 Θεοῦ
2731 5560 2978 5630 ὑμνητάς
2998 5575 3012 5589 ·
3050 5558 3129 5621 οἷς
3159 5561 3185 5610 6
3213 5559 3453 5628 μελῳδὸς
3488 5544 3677 5622 δεξιῶς

2100 5648 2294 5703 ἑαυτὸν
2331 5648 2440 5702 ίδοὺ
2473 5649 2895 5719 συμπαρέμιξεν
2943 5650 3035 5701 ἐπὶ
3072 5646 3404 5717 συμμεθέξει
3446 5648 3540 5717 τῆς
3584 5649 3678 5716 χά-

2101 5756 2267 5809 ριτος·
2290 5742 2589 5811 σκοπητέον
2615 5740 2672 5794 δὲ
2715 5743 2873 5811 εἰπερ
2918 5741 2977 5793 τὸ
3004 5739 3167 5810 φέρον
3227 5737 3477 5807 θεότητος
3509 5736 3678 5791 ἁδλου
3736 5812 3745 5819 .

2101 5832 2274 5903 σῆμα,
2304 5834 2596 5905 δυνήσεται
2628 5833 2818 5902 καὶτῷ
2848 5833 2989 5903 λόγῳ
3012 5833 3395 5903 προσαρμόσαι
3428 5834 3566 5882 κατὰ
3591 5831 3677 5882 εὑ-

2098 5926 2247 5978 θείαν
2260 5926 2484 5995 ἄρσενος
2515 5926 2771 5995 μετοχῆς,
2799 5926 2887 5977 ἴνα
2915 5924 3141 5994 λέγηται
3170 5929 3195 5976 ὁ
3226 5922 3351 5984 Υἱὸς
3400 5922 3554 5989 ἄγειν
3591 5922 3679 5973 διὰ

2110 6019 2201 6072 τοῦ
2241 6020 2397 6088 ἁγίου
2423 6020 2738 6090 Πιεύματος
2764 6020 2892 6088 ἡμῖν
2928 6019 2992 6089 ai;
3003 6035 3077 6087 μα
3100 6018 3195 6088 τῆς
3223 6013 3416 6069 ἑαυτοῦ
3437 6016 3679 6085 φύσεως.
