4050 6404
338 399 442 476 521

1153 407 1238 468 ΙΝ
1283 408 1627 472 HYMNUM
1657 409 2319 475 PENTECOSTALEM
2356 414 2815 478 DAMASCENI.

3481 421 3586 482 532

405 528 528 582 Ὅτι
557 527 612 580 δὲ
645 525 817 598 φύτλη
841 525 901 578 οὗ
929 526 1090 596 μόνον
1121 527 1154 596 ἠ
1189 542 1370 594 φυσις,
1399 526 1474 590 ὡς
1514 526 1736 598 εἴρηται
1761 529 1904 583 κατὰ

2076 528 2234 597 Quod
2260 539 2441 586 autem
2467 530 2642 602 φὺτλη
2660 547 2766 588 non
2801 531 2976 588 solum
3005 541 3219 598 natura,
3273 542 3332 588 ut
3377 535 3586 593 dictum

335 621 426 675 τὸν
481 619 779 689 ἐξηγητὴν,
813 619 950 673 ἀλλὰ
1001 620 1098 673 καὶ
1133 621 1166 690 ἡ
1207 619 1482 689 γέννησις,
1520 620 1758 690 φανερόν
1793 622 1911 675 ἐστι

335 713 528 776 κοινῶς
556 727 568 740 ο
595 715 691 765 καὶ
722 712 838 764 ἔστι
871 710 1154 782 προσφυὴς
1201 711 1484 783 ἡτοιαύτη
1529 714 1779 782 σημασία
1817 714 1912 767 ἐπὶ

333 804 428 858 τοῦ
452 804 583 857 Υίοῦ
614 803 692 864 ὡς
745 802 1034 871 γεννητοῦ,
1067 803 1135 856 δι’
1178 801 1241 858 οῦ
1276 803 1336 856 τὸ
1389 803 1614 872 Πνεῦμα
1643 804 1704 858 τὸ
1754 806 1912 873 ἅγιον

335 896 469 964 ⁴ἡμῖν
498 893 777 963 ἐπιφοιτᾷ.
810 892 979 962 Δῆλον
1002 892 1057 945 δὲ
1083 891 1159 954 ὡς
1186 894 1251 945 ἐκ
1272 894 1370 961 τῆς
1399 891 1656 959 τοιαύτης
1679 891 1908 963 φύτλης,

335 986 431 1040 καὶ
459 989 486 1038 6
517 986 606 1039 διὰ
633 984 728 1038 τοῦ
759 1002 787 1036 υ
819 983 1068 1054 διχρόνου
1103 983 1519 1054 προφερόμενος
1567 983 1912 1052 ὲξωτερικῶς

341 1078 615 1144 παρῆκται
647 1073 990 1143 φυτάλιμοςσ
1036 1072 1323 1141 γινόμενος
1363 1071 1464 1140 μὲν
1509 1071 1604 1124 καὶ
1651 1072 1804 1141 παρὰ
1850 1072 1913 1126 τὸ

338 1166 476 1234 φυτὰ
499 1165 758 1218 ἅλλεσθαι
790 1167 987 1229 ποιεῖν,
1014 1165 1251 1232 μάλιστα
1285 1162 1344 1216 δὲ
1369 1162 1520 1231 παρὰ
1549 1162 1650 1232 τὴν
1679 1162 1908 1232 φύτλην,

337 1258 424 1311 ἵνα
461 1252 494 1332 ᾗ
531 1255 591 1320 ἐξ
633 1255 806 1326 αὐτῆς
852 1256 1176 1326 φυτλὰμιος,
1211 1255 1307 1309 καὶ
1357 1253 1647 1322 μεταθέσει
1690 1255 1912 1322 φυταλι-

338 1365 438 1419 μος
459 1362 474 1378 °
523 1347 598 1412 ὼς
645 1342 735 1400 οἷά
757 1365 841 1411 τις
894 1348 1079 1418 πατὴρ
1111 1349 1203 1404 καὶ
1243 1346 1416 1411 οὕτως
1449 1346 1623 1410 αἴτιος
1649 1347 1743 1401 τοῦ
1779 1347 1906 1416 φύε-

337 1439 483 1506 σθαι,
510 1440 546 1511 ἦ
572 1457 660 1503 τις
699 1439 880 1494 ἔννοια
925 1441 1019 1494 καὶ
1064 1441 1156 1494 τὸν
1201 1439 1545 1510 φυτοσπόρον
1600 1439 1906 1510 ὠνόμασεν.

336 1531 523 1596 Οὕτως
583 1533 642 1586 δὲ
681 1533 777 1586 καὶ
823 1533 923 1604 τῆς
975 1531 1357 1602 ἀκροστιχίδος
1416 1532 1907 1602 διεσκευασμένης,

334 1625 455 1696 ὥρα
491 1624 686 1696 μέχρις
715 1621 817 1680 ὧδε
865 1625 1206 1695 καταστῆναι
1259 1642 1326 1678 τα
1358 1626 1464 1693 πρὸ
1509 1624 1606 1678 τοῦ
1659 1623 1908 1690 κανόνος,

335 1717 426 1769 ἵνα
451 1716 702 1769 ἐντεῦθεν
734 1719 814 1779 είς
844 1717 1051 1770 ἐκεῖνον
1082 1717 1352 1786 μεταϐαίη
1395 1718 1424 1769 6
1452 1717 1608 1784 λόγος
1639 1717 1770 1786 ἡμῖν
1804 1733 1912 1769 πα-

339 1806 821 1878 ρασημῃναμένοις
855 1807 931 1870 ὡς
963 1806 1304 1878 πλημμελῶς
1335 1805 1556 1876 ἐνιαχοῦ
1588 1806 1616 1856 6
1669 1806 1908 1868 τοιοῦτος

2013 627 2096 674 est
2123 620 2425 698 secundum
2450 621 2824 693 interpretem,
2849 624 2946 678 sed
2974 632 3028 678 et
3051 625 3206 696 origo
3229 625 3321 692 sit,
3355 628 3588 683 evidens
3691 636 3696 638 '

2013 719 2131 779 est;
2161 721 2218 767 et
2250 713 2518 770 naturalis
2546 725 2630 770 est
2664 715 2778 771 hare
2811 715 3136 787 signiﬁcatio
3162 717 3229 773 de
3261 717 3398 772 Filio
3427 720 3588 790 quasi

2014 804 2238 872 genito.
2287 818 2384 874 per
2432 819 2593 875 quem
2647 807 2804 864 nobis
2846 807 3085 878 Spiritus
3142 821 3368 867 sanctus
3417 813 3588 869 venit.

2015 893 2250 950 Evidens
2273 903 2357 950 est
2391 905 2574 950 autem
2603 897 2765 966 ξηειοά
2817 914 2882 953 ex
2935 899 3040 954 ista
3094 915 3225 956 voce
3284 902 3459 973 φύτλη
3490 903 3589 958 de-

2014 987 2238 1040 ductum
2288 995 2372 1042 est
2417 989 2642 1043 verbum
2695 990 2997 1060 φυτάλιμος
3057 992 3324 1061 prolatum
3379 995 3590 1064 vulgari

2015 1077 2177 1134 modo
2208 1094 2302 1149 per
2333 1094 2558 1150 anceps;
2601 1081 2900 1136 derivatum
2933 1099 2999 1139 ex
3041 1087 3220 1142 ratlice
3253 1103 3375 1158 qua:
3416 1088 3589 1158 signi-

2017 1169 2161 1234 licat,
2182 1170 2363 1226 facere
2391 1181 2451 1225 ut
2485 1183 2737 1228 crescant
2765 1174 2983 1242 plantae,
3018 1178 3251 1232 maxime
3298 1193 3327 1231 ιι
3388 1181 3585 1254 φύτλη,

2015 1261 2087 1315 ita
2129 1269 2187 1316 ut
2235 1261 2362 1318 inde
2405 1263 2492 1318 fiat
2531 1265 2838 1334 φυτλάμιος
2896 1278 2950 1322 ει
2989 1283 3112 1323 cum
3162 1273 3590 1338 transpositione

2015 1352 2317 1423 φυτάλμιος
2343 1372 2356 1420 ;
2400 1357 2557 1425 quasi
2612 1359 2734 1427 quis
2765 1367 2918 1428 pater
2947 1361 3039 1424 sit,
3064 1371 3114 1416 et
3141 1363 3221 1417 sic
3249 1377 3418 1418 causa
3468 1379 3588 1419 cre-

2014 1446 2222 1510 scendi,
2263 1447 2406 1501 unde
2436 1449 2586 1502 venit
2615 1465 2813 1504 nomen
2865 1453 3226 1522 ιρυτοσπόρος.
3268 1454 3467 1509 Verum
3507 1457 3590 1510 sic

2015 1537 2280 1593 adornata
2323 1541 2712 1607 acrostichide,
2765 1551 2977 1611 tempus
3022 1555 3100 1600 est
3156 1553 3213 1597 ut
3259 1545 3346 1601 hic
3390 1547 3592 1602 sistant

2014 1645 2135 1700 quae
2166 1641 2408 1702 praeeunt
2437 1631 2660 1704 hymno,
2707 1645 2767 1690 ut
2805 1635 3004 1691 exinde
3050 1637 3105 1691 in
3133 1651 3256 1691 eum
3286 1638 3470 1693 veniat
3490 1654 3591 1695 no-

2013 1719 2100 1776 bis
2124 1735 2326 1788 sermo,
2343 1724 2437 1792 qui
2457 1723 2769 1781 notavimus
2794 1727 3450 1799 mendosumquandoque
3470 1745 3592 1786 esse

2015 1812 2277 1884 hymnum
2319 1819 2486 1883 hunc,
2519 1832 2587 1873 ex
2625 1818 2970 1888 antiquorum
3006 1821 3163 1891 culpa
3211 1820 3590 1886 librariorum,

335 1898 452 1969 ἔχει
487 1897 690 1965 κανὼν,
716 1899 804 1952 διὰ
823 1900 883 1952 τὺ
901 1899 1008 1954 τῶν
1039 1899 1391 1970 ἀντιγράφων
1417 1901 1478 1951 ὲκ
1521 1897 1738 1968 μακροῦ
1780 1898 1913 1966 ἐφά-

2016 1914 2074 1959 ut
2107 1921 2170 1962 ex
2201 1909 2556 1977 sequentibus
2583 1887 2812 1980 patebit.

339 2007 569 2061 μαρτον,
596 1991 671 2053 ὡς
701 1991 760 2043 έν
791 1993 903 2053 τοῖς
928 1989 1059 2060 ἑξῆς
1091 1993 1372 2060 φανεῖται.

705 2080 918 2151 εἱρμδς
947 2082 1058 2150 τῆς
1089 2081 1254 2151 ᾠδῆς
1283 2080 1541 2152 πρώτης.

425 2173 594 2245 Ἀρχὴ
646 2175 746 2244 τῆς
803 2171 898 2226 τοῦ
956 2174 1253 2244 εἰρημένου
1304 2173 1526 2234 κανόνος
1577 2171 1913 2242 ἐξηγήσεως,

335 2267 472 2336 ἤχου
503 2267 604 2336 μὲν
622 2264 776 2326 ὄντος
798 2263 1059 2334 τετάρτου
1084 2262 1180 2317 τοῦ
1206 2262 1349 2316 κατὰ
1370 2263 1496 2326 τοὺς
1525 2261 1758 2332 ᾠδικοὺς
1785 2278 1916 2332 μου·

339 2357 645 2411 σικωτάτου
699 2357 797 2409 καὶ
844 2355 1156 2426 χοροποιοῦ,
1214 2355 1618 2426 μεμελισμένου
1671 2354 1728 2408 δὲ
1779 2351 1916 2424 πρὸς

337 2450 566 2520 είρμοὺς
617 2449 747 2511 τοὺς
781 2446 1292 2516 ὑποτεταγμένων
1325 2445 1406 2509 οἷς
1440 2446 1642 2518 δηλαδὴ
1689 2445 1916 2499 ἀκολού-

337 2541 445 2604 θως
484 2542 580 2594 καὶ
612 2541 681 2594 τὰ
715 2537 808 2609 ὑφ’
845 2538 1062 2608 ἑκάστῳ
1097 2537 1443 2607 συνείρονται
1471 2537 1771 2607 τροπὰρια.

446 2635 492 2688 Ι.
522 2632 661 2702 Θείῳ
689 2631 984 2700 καλυφθεὶς
1011 2632 1038 2682 6
1076 2628 1494 2699 βραδύγλωσσος
1514 2629 1701 2700 γνόφῳ

529 2723 925 2794 Ἐῥρητόρευσε
948 2721 1039 2774 τὸν
1069 2721 1373 2792 θεόγραφον
1411 2720 1598 2788 νόμον.

535 2817 676 2873 Ἰλὺν
703 2819 812 2888 γὰρ
843 2815 1407 2885 ἑκτινάξαςοὸμματος
1435 2814 1581 2877 νόου,

536 2912 672 2984 Ὁρᾷ
690 2912 780 2964 τὸν
803 2911 960 2976 ὄντα,
988 2911 1084 2964 καὶ
1113 2909 1330 2979 μυεῖται
1364 2908 1680 2978 Πνεῦματος

523 3002 564 3054 Γ
567 3002 733 3056 νῶσιν
761 3003 1038 3074 γεραίρων
1065 2997 1270 3063 ἐνθέοις
1292 3001 1403 3063 τοῖς
1442 2997 1705 3070 ᾅσμασιν.

961 3090 1302 3160 Ἐρμηνεία.

419 3196 490 3244 α’.
522 3187 862 3250 Κανονικῶς,
895 3184 968 3248 ὡς
991 3185 1168 3237 εἰπεῖν
1193 3181 1525 3253 μεθοδεύσας
1548 3180 1640 3234 τὸν
1672 3180 1919 3252 παρόντα

2511 2079 2730 2135 Hirmus
2753 2083 2940 2150 prima:
2965 2083 3102 2136 odw.

2089 2169 2312 2224 initium
2379 2170 2852 2241 interpretationis
2943 2174 3188 2243 praedicti
3271 2175 3483 2246 hymni,
3558 2190 3592 2230 ε

2019 2270 2212 2332 quarto
2243 2269 2395 2327 tono,
2428 2263 2675 2318 omnium
2701 2263 3112 2334 elegantissimo
3147 2273 3202 2320 et
3241 2266 3428 2321 choris
3455 2281 3590 2321 con-

2019 2363 2268 2422 gruente,
2314 2354 2593 2410 modulato
2624 2371 2726 2426 pro
2761 2357 3134 2412 subordinatis
3169 2358 3362 2414 hirmis
3384 2401 3401 2427 ,
3447 2372 3592 2430 quos

2021 2446 2215 2502 deinde
2244 2457 2546 2517 sequuntur
2573 2449 2833 2504 subnexa:
2862 2448 3092 2518 singulis
3123 2450 3385 2520 strophm.

2272 2624 2464 2680 Divina
2499 2633 2678 2681 tectus
2709 2627 3052 2699 tardilinguis
3075 2628 3297 2693 nebula,

2200 2715 2463 2772 Elocutus
2493 2725 2579 2772 est
2613 2733 2642 2772 a
2673 2717 2785 2773 Deo
2811 2719 3070 2788 scriptam
3107 2720 3278 2791 legem
3304 2737 3320 2776 :

2199 2805 2427 2863 Materia
2455 2809 2601 2863 enim
2631 2809 2870 2879 abiecta,
2905 2811 3082 2867 oculis
3114 2813 3315 2868 mentis

2205 2895 2401 2956 Videre
2423 2912 2548 2953 eum
2579 2898 2674 2968 qui
2700 2908 2782 2954 est
2815 2899 3002 2964 discit,
3038 2899 3278 2969 Spiritus

2197 2987 2576 3059 Cognitionem
2616 2990 2850 3046 laudans
2877 2991 3079 3049 divinis
3109 2994 3383 3050 cantibus.

2614 3104 3012 3176 Interpretatio.

2094 3196 2146 3250 1.
2189 3195 2552 3268 Regulariter,
2587 3207 2644 3252 ut
2676 3198 2753 3253 ita
2801 3199 2999 3265 dicam,
3036 3210 3318 3257 tractatam
3355 3218 3598 3274 praesen-

337 3283 531 3355 εἱρμὸν
562 3280 662 3352 τῆς
683 3279 907 3349 πρώτης
937 3274 1081 3346 ᾠδῆς
1107 3277 1140 3364 (ξ
1167 3273 1331 3344 σοφὸς
1359 3273 1595 3344 ποιητὴς
1640 3271 1915 3364 Ἰωᾷιννης,

2026 3297 2131 3344 tem
2167 3255 2332 3358 primi
2368 3289 2555 3360 hymni
2600 3290 2860 3360 strophen
2891 3290 3089 3347 doctus
3137 3302 3297 3363 poeta
3329 3255 3596 3364 Jbannes,

338 3377 399 3441 ὃς
427 3392 510 3438 τις
542 3375 661 3428 ποτ’
694 3371 764 3425 ἃν
803 3371 895 3424 καὶ
939 3368 1024 3438 εἴη
1084 3361 1262 3431 οὗτος,
1296 3365 1354 3418 οὐ
1389 3367 1550 3435 μόνον
1594 3364 1661 3416 ἐκ
1693 3363 1793 3433 τῆς
1819 3364 1917 3416 τοῦ

338 3466 488 3539 ᾅδειν
514 3466 713 3531 λέξεως
740 3459 1141 3534 χαρακτηρίζει
1174 3459 1361 3524 αὐτὸν,
1397 3453 1466 3528 ἧς
1499 3455 1660 3527 χάριν
1707 3455 1917 3527 ᾠκειω-

343 3560 516 3630 μένης
545 3561 612 3630 τῇ
636 3558 830 3628 πρώτῃ
858 3555 997 3627 ᾠδῇ,
1017 3550 1463 3624 παρεισῆκταιτὸ
1489 3545 1644 3621 ᾆσμα
1662 3548 1917 3618 κείμενον

339 3652 400 3704 ἐν
425 3650 525 3720 τῷ,
561 3647 870 3716 Γεραίρων
907 3643 1142 3709 ἐνθέοις
1173 3641 1302 3707 τοῖς
1337 3639 1632 3709 ᾄσμασιν,
1656 3639 1792 3692 ἀλλὰ
1823 3639 1918 3691 καὶ

337 3741 504 3796 αὐτὸν
538 3740 632 3792 τὸν
673 3739 972 3809 νομοθέτην
1024 3735 1211 3806 μόνον,
1254 3732 1388 3802 ὓλην
1417 3734 1654 3785 ποιεῖται
1683 3729 1777 3808 τοῦ
1806 3732 1918 3801 είρ-

343 3833 634 3906 μολογικοῦ
667 3833 888 3904 μέλους,
915 3829 1089 3892 ἄλλως
1121 3829 1224 3900 μέν
1263 3843 1344 3879 τοι
1384 3827 1536 3896 παρὰ
1566 3823 1627 3878 τὸ
1660 3823 1912 3894 σύνηθες.

337 3927 414 3982 06
464 3928 573 3996 γάρ
616 3942 669 3979 τι
698 3925 989 3994 ὲρυθραίον
1027 3923 1163 3985 ὅλως
1193 3919 1428 3974 ἐνταῦθα
1463 3919 1497 3988 ἦ
1531 3917 1909 3985 Αἰγυπτιακὴν

337 4015 684 4085 παραπλέκει
711 4012 931 4084 θαῦμα·
966 4013 1038 4065 τὰ
1068 4011 1166 4079 τῆς
1201 4010 1398 4080 ἑορτῆς
1440 4008 1497 4061 δὲ
1534 4005 1913 4078 παρεμϐαλὼν

335 4107 432 4160 τοῦ
453 4107 609 4175 ἁγίου
641 4105 957 4175 Πνεῦματος
983 4104 1344 4172 ἀσυμφανῶς,
1367 4101 1536 4170 ἧγουν
1569 4101 1661 4152 τὸν
1689 4099 1916 4170 θεόγρα-

336 4217 436 4268 φον
488 4201 676 4268 νόμον,
708 4191 751 4266 ᾧ
787 4196 1078 4265 σύστοιχος
1139 4196 1232 4248 καὶ
1286 4193 1580 4262 σύμφωνος
1619 4193 1648 4244 6
1687 4192 1750 4243 ἐκ
1776 4189 1916 4243 Σιὼν

368 4288 757 4358 ξελευσόμενος
795 4287 978 4357 νόμος,
1027 4285 1102 4348 ὼς
1148 4286 1207 4338 ὲν
1253 4287 1366 4347 τοῖς
1415 4284 1539 4354 ἑξῆς
1593 4283 1912 4353 εἰρήσεται·

337 4383 430 4437 καὶ
464 4383 558 4453 τὴν
593 4381 685 4436 τοῦ
715 4381 884 4445 ὅντως
909 4381 1100 4450 ὅρασιν
1131 4380 1221 4432 διὰ
1275 4376 1659 4446 πνευματικῆς
1698 4367 1914 4429 ἀποκα-

335 4473 550 4543 λύψεως
589 4476 748 4527 ὁποία
783 4473 881 4525 καὶ
937 4472 1050 4532 τοῖς
1080 4469 1260 4536 ἁγίοις
1306 4465 1633 4524 ἀποστόλοις
1667 4467 1914 4534 σήμερον

2019 3381 2272 3451 quisquis
2317 3381 2539 3446 sit,non
2591 3383 2766 3437 solum
2813 3399 2881 3438 ex
2937 3383 3108 3438 verbo
3158 3383 3306 3456 ᾄδειν
3346 3386 3596 3457 insignit,

2018 3471 2173 3540 cujus
2201 3474 2373 3542 gratia
2405 3474 2636 3543 primam
2685 3474 2944 3545 strophen
2994 3473 3280 3544 formavit,
3315 3478 3601 3535 introduc-

2019 3569 2108 3614 tus
2133 3570 2218 3616 est
2241 3569 2435 3616 cantus
2464 3563 2550 3617 his
2578 3562 2760 3618 verbis
2789 3585 2801 3618 ε
2837 3562 3067 3617 laudans
3102 3566 3298 3620 divinis
3325 3568 3595 3633 cantibus;

2018 3653 2111 3708 sed
2152 3664 2205 3708 et
2252 3654 2429 3724 ipsum
2481 3655 2851 3722 legislatorem
2896 3657 3073 3712 solum
3128 3658 3412 3713 materiam
3464 3659 3600 3716 facit

2020 3744 2215 3814 poetici
2238 3745 2444 3816 operis,
2482 3745 2641 3802 aliter
2671 3755 2854 3802 autem
2887 3763 3051 3817 quam
3085 3747 3192 3802 fert
3223 3753 3594 3808 consuetudo.

2017 3833 2135 3892 Non
2176 3837 2322 3891 enim
2359 3837 2588 3892 omnino
2619 3837 2789 3894 maris
2822 3838 2995 3892 Rubri
3038 3839 3121 3894 vel
3154 3837 3375 3911 Egypti
3423 3841 3595 3895 mira-

2017 3930 2139 3984 cula
2181 3928 2268 3984 hic
2314 3929 2576 3996 intexuit,
2644 3929 2739 3985 sed
2798 3929 2985 3984 furtim
3034 3931 3393 3987 introducens
3469 3949 3594 4003 qua:

2018 4019 2160 4077 festo
2210 4019 2451 4091 Spiritus
2495 4022 2671 4077 sancti
2719 4033 3050 4093 congruunt,
3103 4023 3348 4078 divinam
3396 4040 3595 4096 nempe

2018 4112 2214 4182 legem,
2243 4114 2333 4168 cui
2379 4129 2610 4185 compar
2649 4123 2703 4170 et
2734 4129 2977 4170 consona
3006 4125 3092 4170 est
3119 4115 3207 4171 lex
3238 4131 3303 4170 ex
3331 4115 3464 4172 Sion
3487 4121 3600 4173 ori-

2017 4212 2163 4271 tura,
2197 4206 2342 4261 sicut
2381 4215 2568 4277 postea
2622 4207 2860 4272 dicetur,
2894 4208 3062 4263 simul
3095 4218 3148 4264 et
3199 4206 3293 4265 Dei
3328 4210 3599 4266 visionem

2016 4314 2116 4369 per
2165 4299 2554 4355 revelationem
2589 4299 2855 4369 Spiritus,
2892 4299 3072 4369 qualis
3113 4309 3168 4354 et
3213 4301 3423 4357 sanctis
3454 4315 3594 4372 apo-

2015 4392 2176 4448 stolis
2208 4391 2371 4445 hodie
2404 4390 2547 4446 facta
2579 4399 2694 4454 est,
2725 4399 2781 4445 et
2831 4389 3072 4460 Spiritus
3115 4392 3482 4462 cognitionem
3526 4408 3595 4449 ex

2019 4491 2148 4538 tunc
2179 4481 2479 4552 praebitam,
2532 4489 2592 4536 ut
2641 4495 2765 4537 mox
2819 4481 3068 4547 dicetur,
3104 4483 3328 4538 disserit
3356 4483 3426 4538 de
3474 4500 3598 4554 pro~

335 4565 649 4634 ἐπεγένετο,
699 4564 794 4616 καὶ
824 4562 920 4632 τὴν
948 4560 1042 4613 τοῦ
1079 4559 1396 4628 Πνεῦματος
1429 4557 1637 4626 γνῶσιν
1661 4557 1911 4628 προθέω-

2017 4575 2182 4646 pheta
2211 4574 2370 4644 quasi
2407 4588 2434 4625 a
2479 4571 2690 4643 Spiritu
2732 4572 2928 4629 edocto
2959 4590 3079 4644 qua:
3115 4573 3333 4631 decent.
3370 4575 3482 4631 lioc
3515 4586 3602 4631 est

336 4658 596 4729 ρηθεῖσαν
632 4657 838 4717 ἔκτοτε,
869 4653 944 4717 ὡς
996 4650 1115 4723 μετ’
1146 4651 1302 4719 ὀλίγα
1361 4650 1597 4716 λέξεται,
1629 4648 1912 4719 φιλοσοφεῖ

336 4751 428 4802 ἐπὶ
461 4749 536 4818 τῷ
569 4748 827 4820 προφήτῃ
851 4743 944 4800 οἷα
975 4743 1423 4815 πνευμαφορήτῳ
1457 4742 1525 4796 τὰ
1551 4741 1868 4811 καθήκοντα
1893 4756 1907 4770 ·

336 4838 453 4890 ἐστι
477 4837 533 4892 δὲ
565 4836 593 4889 ὃ
625 4837 821 4906 μέλπει
851 4833 1124 4888 τοιοῦτον·
1156 4833 1420 4902 Μωῦσῆς,
1445 4831 1472 4883 ὃ
1509 4830 1708 4900 μικροῦ
1729 4829 1913 4897 λέγειν

335 4933 460 4994 δέω,
494 4931 617 4992 νοῦς
649 4933 791 4992 θεῖος
822 4930 915 4981 και
948 4926 1046 4998 τὴν
1074 4926 1264 4995 σοφίαν
1304 4923 1579 4992 περιττὸς,
1609 4922 1784 4986 ἄλλως
1816 4921 1914 4992 μέν

334 5037 418 5072 τοι
471 5019 912 5090 βραδύγλωσσος,
935 5018 997 5070 οὐ
1032 5016 1227 5086 νεφέλῃ
1273 5017 1549 5084 σιναῖτικῇ
1581 5011 1916 5072 σκεπασθεὶς

337 5113 546 5176 ἁπλῶς,
591 5112 725 5166 ἀλλὰ
767 5111 953 5179 γνόφῳ
988 5107 1289 5174 πυκάζοντι
1341 5108 1494 5178 θείῳ,
1547 5105 1916 5179 ὲρῤητόρευσε

337 5203 500 5272 νόμον
547 5206 751 5255 ἐκεῖνον
807 5201 902 5252 τὸν
942 5200 1268 5270 περίκλυτον
1326 5199 1418 5252 διὰ
1477 5197 1538 5250 τὸ
1587 5197 1914 5266 θεόγραφον,

336 5295 831 5365 ἀστραπηὸολήσας
889 5290 999 5347 οἷοι
1051 5294 1260 5346 ἐκεῖθεν
1297 5293 1387 5344 τὸν
1436 5291 1598 5361 μέχρι
1652 5289 1747 5342 καὶ
1789 5291 1911 5340 τότε

337 5388 716 5458 κρυπτόμενον
743 5402 755 5415 ·
789 5387 822 5458 ἦ
875 5387 972 5438 καὶ
1018 5383 1213 5450 ἄλλως,
1245 5386 1491 5452 ἐκφήνας
1520 5384 1594 5445 ὡς
1625 5385 1674 5434 εί
1720 5382 1814 5435 καὶ
1853 5383 1918 5432 ὲκ

334 5480 487 5532 λίθου
543 5479 823 5550 πυρίτιδος
889 5479 1007 5546 φῶς
1063 5477 1224 5541 αὐτὸς
1275 5477 1494 5546 πρῶτος
1542 5474 1761 5544 ἔφηνεν,
1795 5471 1824 5522 ὃ
1855 5471 1920 5540 δὴ

335 5574 576 5640 λέγεται,
625 5573 863 5642 ἄφαντον
896 5573 1005 5635 τοῖς
1062 5569 1202 5645 μήτε
1259 5569 1457 5632 ἰδοῦσι,
1526 5569 1663 5636 μήτε
1717 5565 1919 5618 εἰδόσιν

339 5666 491 5720 αὑτό.
1158 5674 1159 5677 “

411 5757 478 5828 β’.
502 5761 562 5813 Εἰ
583 5760 638 5813 δὲ
658 5758 868 5826 ξενίζον
885 5759 1032 5812 δοκεῖ
1049 5757 1337 5826 ἄνθρωπον
1357 5748 1917 5824 ὑπογραμματεῦσαι,

337 5851 371 5921 ἢ
389 5852 525 5915 ὅλως
539 5854 798 5923 ὁμιλῆσαι
819 5852 896 5921 τῷ
911 5851 1149 5920 ἀοράτῳ,
1167 5850 1266 5903 καὶ
1278 5847 1514 5918 ἀναιδέῳ
1528 5847 1621 5900 καὶ
1636 5844 1922 5916 ἀπροσίτῳ

660 5956 934 6016 Parnm.
979 5956 1096 6016 (in.
1145 5949 1468 6013 CXXXVI.

2013 4671 2197 4718 autem
2241 4663 2386 4733 quod
2424 4661 2669 4731 praecinit
2724 4681 2737 4714 :
2804 4663 3015 4734 Moyses
3062 4664 3230 4734 (quod
3277 4666 3362 4720 vix
3417 4667 3602 4722 dicere

2013 4770 2241 4812 necesse
2294 4757 2424 4826 est).
2469 4770 2624 4809 mens
2679 4755 2882 4816 divina,
2915 4766 2969 4808 et
3017 4756 3070 4811 in
3114 4759 3382 4826 sapientia
3414 4761 3601 4814 emet-

2014 4848 2154 4912 lens,
2193 4857 2448 4903 caeterum
2492 4847 2676 4916 lingua
2717 4847 2927 4911 tardus,
2959 4863 3069 4900 non
3105 4849 3299 4903 nebula
3338 4851 3603 4906 Sinaitica

2015 4947 2312 5008 coopertus
2370 4939 2714 5008 simpliciter,
2777 4940 2870 4994 sed
2928 4940 3264 4996 circumfusa
3319 4945 3464 4998 nube
3515 4945 3596 4997 ili-

2018 5031 2165 5096 vina,
2211 5029 2356 5083 illam
2408 5029 2770 5100 promulgavit
2837 5029 3006 5100 legem
3062 5031 3303 5086 omnium
3366 5035 3596 5103 pracla-

2024 5118 2325 5184 rissitnatu,
2375 5133 2495 5186 quae
2523 5133 2554 5172 a
2589 5118 2699 5172 Deo
2725 5120 2928 5188 scripta
2967 5128 3070 5186 est,
3102 5119 3405 5188 fulguribus
3442 5121 3602 5179 incu-

2019 5213 2160 5268 tiens
2212 5227 2332 5268 eam
2379 5226 2552 5282 usque
2586 5213 2655 5266 ad
2709 5213 2762 5268 id
2799 5212 3064 5284 temporis
3111 5215 3479 5286 incognitam;
3513 5217 3597 5274 vel

2019 5304 2203 5369 aliter,
2245 5305 2608 5361 manifestans
2653 5306 2812 5376 quasi
2869 5321 2935 5362 ex
2985 5307 3145 5376 igneo
3183 5307 3384 5377 lapide,
3422 5309 3596 5389 lucem

2020 5411 2184 5466 quam
2237 5399 2354 5468 ipse
2403 5399 2614 5466 primus
2651 5399 2914 5463 ostendit,
2957 5414 3082 5469 qum
3128 5400 3354 5463 dicitur.
3386 5403 3471 5460 his
3503 5404 3599 5474 qui

2020 5502 2120 5542 nec
2150 5488 2408 5542 viderunt
2447 5503 2544 5542 nec
2578 5497 2848 5544 noverunt
2871 5503 3014 5555 eaut,
3048 5490 3366 5546 invisibilis.

2092 5755 2149 5809 2.
2185 5753 2242 5810 Si
2272 5763 2451 5809 autem
2507 5752 2812 5808 inauditum
2862 5753 3110 5810 videatur
3163 5754 3443 5811 hominem
3497 5749 3597 5808 Del

2025 5847 2262 5904 scribam
2281 5843 2556 5902 exstitisse
2575 5845 2663 5901 vel
2678 5845 2903 5901 omnino
2922 5855 3304 5902 conversatum
3335 5859 3454 5900 esse
3473 5857 3598 5900 cum

3181 5941 3253 6003 l7
