4050 6450
373 438 477 502 ὗέἶ

1096 428 1519 493 EUSTATHII
1559 426 1980 489 THESSALOP

2084 395 2320 488 iENSts
2357 427 2922 492 numerumn;

3533 426 3638 492 εει

374 547 659 611 invisibili,
700 546 930 601 formam
1009 559 1117 598 non
1186 543 1420 598 habente
1472 549 1527 595 et
1588 537 1950 596 inoccessihili

2084 539 2197 609 λεῷ,
2237 538 2299 592 οῦ
2335 539 2400 608 δὴ
2433 538 2620 603 ἁπλῶς
2651 540 2941 609 ἀνθρώπω
2981 544 3089 604 τοῖς
3127 542 3269 595 κατὰ
3300 542 3427 596 νοῦν
3458 542 3644 612 ὀμμα-

380 642 510 707 Deo,
547 641 768 710 quando
809 636 1185 706 spiritualibus
1245 633 1487 690 hominis
1542 633 1720 688 oculis
1752 646 1861 687 non
1896 630 1958 684 li-

378 746 570 801 gnum,
605 730 683 783 vel
739 728 910 790 trabs,
946 727 1028 780 vel
1065 726 1171 780 tale
1224 724 1372 779 aliud
1402 724 1507 779 vile
1566 711 1955 793 corpusculum

379 823 595 892 obiacet
616 824 682 876 ad
706 821 1044 890 eripiemlam
1071 818 1313 873 divinam
1343 817 1646 882 visionem;
1682 817 1776 870 sed
1797 830 1961 870 mun-

381 919 584 972 danum
645 914 820 968 lutum
880 912 1004 966 vitae
1063 910 1284 964 humori
1349 908 1663 964 immistum
1743 907 1963 978 innngit

384 1009 496 1064 limi
528 1008 703 1062 instar
743 1005 940 1059 animae
969 1002 1327 1066 intellectum,
1368 1000 1438 1052 ila
1471 1009 1524 1054 ut
1585 999 1812 1054 omnino
1852 1012 1962 1052 non

385 1098 560 1168 possit
614 1111 707 1165 per
747 1093 1028 1162 seipsam
1085 1091 1368 1160 pervenire
1415 1091 1482 1143 ad
1520 1089 1788 1144 visionem
1844 1088 1959 1144 Dei.

388 1190 447 1242 si
480 1189 645 1259 igitur
679 1201 800 1240 non
858 1185 1057 1238 mirum
1112 1183 1360 1237 videatur
1394 1180 1746 1251 quibusdam,
1789 1180 1966 1235 sciant

387 1294 496 1334 non
552 1279 833 1349 vulgarem
904 1275 1180 1330 hominem
1226 1273 1400 1328 fuisse
1455 1274 1675 1345 Moysen
1722 1274 1961 1343 quando,

392 1380 453 1424 nt
483 1369 705 1441 quidam
729 1368 825 1435 ait,
860 1382 982 1421 eum
1013 1365 1122 1422 Deo
1146 1365 1470 1435 loquebatur
1491 1366 1654 1419 amici
1691 1364 1866 1420 instar
1890 1365 1969 1419 l‘a-

388 1458 774 1522 miliarissimi,
811 1470 911 1510 nec
942 1454 1197 1509 humanis
1230 1454 1490 1507 utebatur
1507 1452 1705 1519 oculis,
1733 1452 1826 1506 sed
1852 1449 1968 1506 fere

392 1552 697 1623 angelicis;
729 1550 840 1604 imo
887 1548 1112 1602 omnino
1157 1546 1445 1618 angelicis.
1469 1544 1584 1599 Non
1604 1546 1747 1600 enim
1770 1544 1968 1613 depra-

391 1648 556 1701 vabat
578 1643 847 1698 visionem
880 1640 1002 1711 ejus
1028 1639 1260 1694 materia
1281 1639 1477 1704 aliena,
1512 1653 1614 1692 nec
1631 1638 1798 1692 limus
1832 1652 1970 1707 qua-

382 1740 499 1793 lem
530 1735 795 1801 diximus,
850 1734 943 1803 qui
995 1733 1242 1788 oblinere
1284 1731 1488 1803 gaudet
1543 1738 1599 1784 et
1634 1729 1966 1784 ohtenebra-

394 1844 454 1881 re
516 1827 714 1881 anima:
753 1825 960 1893 lumen,
989 1832 1044 1880 et
1065 1825 1144 1881 sic
1200 1824 1444 1879 inutilem
1480 1821 1658 1877 facere
1684 1820 1967 1876 hominum

2064 648 2149 684 σιν
2203 632 2263 684 οὐ
2323 630 2608 701 ξυλήφιον,
2639 633 2672 700 ἢ
2705 632 2978 701 δοκάριον,
3034 633 3068 703 ἢ
3128 633 3254 686 ἄλλο
3289 651 3340 685 τι
3391 634 3638 689 τοιοῦτον

2062 722 2269 791 φαῦλον
2309 723 2588 793 σωμάτιον
2627 723 2907 779 ἐπίκειται
2955 727 3037 788 εἰς
3074 724 3227 779 θείαν
3255 725 3381 796 δψιν
3413 729 3645 798 ἐπιπρο-

2064 814 2266 869 σθοῦν
2297 815 2434 870 ἀλλὰ
2484 814 2615 886 χοῦς
2650 812 2896 888 κοσμικὴ
2951 818 3069 889 βίου
3118 819 3388 888 ὑγρότητι
3444 821 3646 874 ἀνακεο

2064 905 2365 976 κραμμένη
2419 906 2725 975 ἑμπλάττει
2775 906 2937 977 δίκην
2994 907 3142 971 ίλύος
3189 910 3250 961 τὸ
3307 909 3497 979 νοερδν
3544 912 3647 980 τῆς

2064 997 2270 1067 ψυχῆς,
2305 996 2381 1060 ὡς
2412 997 2486 1067 μὴ
2517 996 2852 1062 ἐξικνεῖσθαι
2886 999 3027 1062 ὅλως
3057 998 3121 1053 τὸ
3144 999 3269 1053 κατ’
3291 1000 3466 1071 αὐτὴν
3489 1002 3646 1055 ὀπτι-

2066 1090 2163 1142 κὺν
2189 1090 2270 1152 είς
2295 1090 2427 1143 θέαν
2457 1090 2618 1146 Θεοῦ.
2672 1093 2733 1145 El
2769 1094 2955 1147 τοίνυν
2982 1093 3142 1147 τοῦτο
3172 1093 3381 1159 ξενίζον
3428 1093 3542 1163 ἔχει
3570 1112 3647 1148 τιο

2065 1181 2185 1247 νὰς,
2218 1182 2334 1235 ἀλλ’
2376 1181 2616 1237 εστωσαν
2657 1186 2877 1247 ἐκεῖνοι,
2918 1186 3007 1240 ὅτι
3034 1185 3232 1241 οὔκουν
3275 1189 3305 1241 ὁ
3340 1187 3520 1257 τυχὼν
3548 1187 3650 1242 ἄν·

2068 1272 2287 1344 θρωπος
2318 1271 2388 1344 ἦν
2413 1275 2442 1328 ό
2477 1274 2742 1344 Μωῦσῆς,
2780 1276 2870 1329 ὅτε
2909 1277 3050 1329 κατά
3086 1277 3173 1331 τὸν
3215 1276 3393 1342 οὕτως
3422 1279 3649 1331 εἰπόντα

2068 1365 2279 1435 ὠάριξε
2333 1365 2410 1437 τῷ
2451 1365 2574 1437 Θεῷ
2612 1366 2770 1439 δίκην
2802 1368 3138 1424 οἰκειοτάτου
3195 1369 3481 1440 όμιλητοῦ,
3526 1368 3652 1423 οὐδὲ

2068 1456 2373 1527 ὀφθαλμοῖς
2411 1458 2668 1528 διῳκεῖτο
2700 1460 3101 1532 ἀνθρωπικοῖς,
3147 1461 3283 1515 ἀλλὰ
3304 1461 3650 1530 άγγελοειεέ-

2073 1562 2182 1613 σιν,
2228 1550 2405 1602 εἰπεῖν
2434 1550 2493 1602 δὲ
2537 1550 2716 1621 ὀρθῶς
2750 1553 2845 1605 καὶ
2885 1553 3222 1621 ἀΠελικοῖς.
3253 1550 3332 1608 Οὐ
3363 1552 3473 1623 γάρ
3513 1554 3649 1606 ἑκα-

2071 1639 2298 1712 κούργει
2328 1641 2428 1712 τὴν
2471 1641 2596 1713 ὄψιν
2626 1644 2777 1715 αὑτῷ
2822 1644 2947 1698 οὔτε
2997 1645 3097 1717 ὕλη
3135 1662 3222 1709 τις
3270 1646 3481 1713 ἀλλοία,
3525 1646 3649 1699 οὐδὲ

2075 1733 2181 1804 μὴν
2216 1734 2354 1797 ἰλὺς,
2387 1736 2585 1789 ὁποίαν
2617 1736 2872 1809 εἴπομεν,
2907 1737 3212 1809 φιληδοῦσα
3245 1738 3653 1792 καταπλάττειν

2073 1826 2170 1879 καὶ
2186 1826 2473 1898 ἀμαυροῦν
2490 1828 2550 1882 τδ
2573 1829 2715 1883 κατά
2729 1829 2909 1901 ψυχὴν
2926 1829 3065 1899 φῶς,
3085 1831 3179 1884 καὶ
3198 1828 3260 1883 οῦ
3269 1847 3373 1893 τως
3395 1829 3656 1900 ἀχρειοῦν

394 1918 773 1988 prudentiam;
806 1915 1056 1971 sed'cutn
1078 1916 1580 1984 expunxissetcum
1607 1921 1663 1967 et
1702 1913 1965 1968 removis-

2084 1919 2136 1971 τὸ
2181 1921 2239 1972 ὲν
2288 1922 2600 1993 ἀνθρώποις
2627 1923 2894 1995 νηφάλιον
2915 1939 2929 1954 ο
2964 1923 3101 1978 ἀλλὰ
3157 1922 3448 1994 ἐξαλείψας
3482 1924 3654 1993 αὐτὴν

395 2020 500 2073 set,
536 2018 595 2063 ut
656 2007 836 2078 aptius
886 2006 1102 2077 loquar,
1154 2021 1280 2061 cum
1327 2005 1663 2061 excussisset
1689 2003 1758 2058 de
1811 2006 1973 2060 oculo

398 2102 1029 2172 mentisimpedimenta,
1062 2099 1201 2153 vidit
1230 2099 1545 2162 Dominum,
1578 2105 1633 2150 et
1662 2097 1848 2150 statim
1873 2097 1975 2151 itii-

389 2194 563 2249 tiatus
594 2198 698 2261 est,
728 2193 847 2247 sive
904 2191 1117 2260 accepit
1177 2189 1426 2244 notitiam
1489 2190 1607 2254 ejus
1665 2188 1755 2257 qui
1813 2187 1976 2243 hodie

398 2283 708 2340 celebratur
762 2281 1019 2352 Spiritus,
1057 2281 1149 2350 qui
1195 2295 1319 2336 cum
1358 2278 1471 2334 Deo
1518 2293 1735 2348 semper
1786 2288 1869 2333 est
1920 2285 1977 2333 et

399 2379 751 2449 cognoscitur
782 2385 839 2430 et
871 2376 1150 2439 cernitur;
1181 2387 1344 2443 quem
1375 2371 1559 2425 statim
1592 2378 1648 2424 et
1685 2379 1978 2425 veneratus

399 2481 503 2532 est,
548 2476 608 2522 ut
640 2467 872 2532 videtur,
899 2465 1151 2520 cantibus
1187 2477 1297 2518 non
1331 2461 1665 2532 vulgaribus,
1724 2462 1820 2517 sed
1851 2476 1979 2516 vere

403 2560 902 2629 «livinisﬁsuperne
923 2555 1141 2610 alllatus
1162 2555 1304 2611 sicut
1332 2562 1386 2608 et
1419 2555 1470 2607 in
1500 2552 1777 2608 celebrato
1801 2553 1974 2613 exitu.

399 2652 519 2706 Non
576 2649 727 2704 enim
778 2647 976 2703 accidit
1023 2648 1071 2699 ei
1107 2650 1255 2700 sicut
1281 2643 1477 2700 Manoe
1534 2644 1761 2699 dicere:
1804 2642 1978 2697 Perii-

403 2757 549 2807 mus,
581 2739 749 2795 Deum
780 2740 1057 2793 vidimus:
1087 2740 1205 2802 sed,
1253 2735 1525 2797 Viximus,
1557 2745 1612 2791 et
1643 2737 1806 2790 vitam
1849 2750 1971 2806 pro—

401 2833 682 2897 duximus,
717 2841 777 2884 et
816 2828 1120 2884 confirmati
1169 2842 1392 2893 sumus;
1429 2826 1539 2881 Deo
1577 2829 1981 2898 appropinqua-

402 2924 604 2987 vimns,
660 2919 773 2974 Dea
829 2916 1085 2973 collocuti
1138 2931 1332 2972 sumus
1385 2926 1444 2971 ut
1498 2916 1791 2986 discipuli;
1834 2916 1980 2972 unde

382 3002 567 3067 laetari
598 3019 813 3082 oportet
868 3017 923 3064 et
977 3007 1200 3063 laudare
1248 3005 1441 3074 Deum,
1496 3014 1554 3061 et
1597 3008 1719 3062 laeta
1752 3022 1975 3070 canere.

402 3123 512 3161 non
551 3104 872 3174 simpliciter
900 3102 1042 3156 sicut
1094 3115 1215 3170 qua:
1258 3100 1422 3170 vulgo
1479 3099 1776 3156 laudabilia
1827 3108 1978 3166 sunt,

402 3197 497 3253 sed
527 3205 674 3251 certe
704 3193 911 3255 divina,
932 3206 1027 3262 per
1053 3206 1175 3260 quae
1194 3197 1247 3244 et
1276 3189 1470 3244 anima:
1489 3190 1705 3246 bonitas
1720 3193 1981 3247 demons-

404 3293 603 3349 tratur,
633 3295 684 3338 et
709 3281 967 3353 gaudium
994 3280 1063 3334 de
1082 3281 1264 3344 bono;
1292 3278 1461 3333 Deum
1513 3280 1657 3334 enim
1686 3281 1768 3336 vel
1792 3280 1980 3337 divina

402 3375 651 3441 laudare,
706 3374 902 3427 animae
941 3369 1116 3424 tirtus
1172 3378 1298 3436 est;
1353 3371 1628 3425 cantando
1681 3381 1867 3427 autem
1919 3387 1982 3427 ea

402 3468 670 3540 proferre,
702 3464 900 3518 laetitias
932 3465 1196 3517 indicium
1220 3478 1235 3493 ο
1272 3479 1395 3517 cum
1432 3463 1638 3518 nullum
1668 3463 1742 3519 sit
1779 3465 1985 3519 animal

403 3561 584 3626 triste,
645 3565 867 3611 cantare
910 3554 1196 3608 voluimus.

460 3768 535 3823 -3.
568 3764 709 3821 .Vide
742 3765 795 3817 in
834 3763 1172 3834 supracitato
1203 3761 1428 3832 hymno,
1478 3761 1583 3815 hoc
1615 3775 1632 3815 :
1660 3761 1845 3816 divina
1876 3770 1984 3816 tec-

290 3892 305 3906 ο
351 3916 355 3923 ,
411 3870 495 3913 tus
559 3857 772 3922 nebula,
848 3855 1052 3910 dictum
1112 3852 1179 3906 ad
1249 3849 1659 3906 distinctionem
1712 3850 1981 3907 naturalis

411 3952 693 4009 nubeculae
732 3948 1062 4006 densataedn
1098 3953 1475 4018 tempestatem
1518 3944 1723 3999 aeriam
1758 3943 1986 3998 rutilan-

414 4063 543 4113 tem,
577 4061 671 4114 νει-
698 4058 860 4114 quam
888 4043 1169 4099 laeduntur
1197 4041 1496 4110 aliquando
1533 4051 1656 4109 quae
1695 4037 1752 4091 in
1777 4035 1986 4090 mundo

410 4154 577 4207 sunt;
627 4139 810 4194 adhuc
847 4147 897 4192 et
937 4137 1167 4191 aliarum
1220 4132 1448 4188 nnbiunt
1487 4132 1680 4203 quales
1719 4128 1991 4185 violenter

409 4236 624 4305 spirare
692 4235 904 4288 laetatur
934 4230 1223 4302 .pessimus
1290 4226 1505 4282 daemon
1557 4226 1624 4281 ad
1685 4224 1985 4296 perniciem

412 4325 689 4392 Ecclesiie,
712 4332 769 4379 et
790 4323 975 4378 dicere
1004 4333 1221 4391 possein
1252 4315 1699 4373 Christianitatis.
1730 4314 1808 4369 Ex
1841 4314 1984 4368 ntul-

415 4421 490 4473 tis
548 4420 697 4473 hisce
752 4414 991 4470 nubibus
1017 4413 1261 4483 repletur
1312 4408 1542 4465 historia
1595 4421 1779 4468 saera,
1819 4420 1985 4477 quam

417 4514 669 4581 princeps
722 4508 1072 4563 tenebrarum
1137 4500 1459 4566 condensat,
1512 4498 1740 4555 nebulas
1766 4499 1826 4551 in
1893 4511 1990 4552 eos

2077 2012 2172 2064 καὶ⁵
2195 2011 2526 2081 ἀπαγαγὼν,
2552 2014 2914 2085 καιριώτερον
2934 2015 2990 2069 δὲ
3023 2016 3213 2085 φάναι,
3247 2014 3538 2080 ὲκτινάξας
3557 2014 3657 2069 τοῦ

2075 2105 2219 2158 κατά
2247 2103 2370 2159 νοῦν
2422 2105 2727 2177 ὀφθαλμοῦ,
2762 2108 2866 2178 ὁρᾷ
2893 2124 2953 2160 τε
3000 2109 3095 2160 τὸν
3145 2108 3448 2180 κυριότητα
3496 2107 3656 2175 ὄντα,

2077 2197 2173 2249 καὶ
2201 2197 2403 2251 αὐτίκα
2436 2200 2656 2268 μυεῖται
2690 2197 2871 2252 είτουν
2904 2202 3359 2267 μυσταγωγεῖται
3380 2199 3480 2269 τὴν
3510 2201 3655 2270 γνῶ-

2080 2307 2167 2344 σιν
2200 2290 2296 2344 τοῦ
2326 2293 2571 2362 σήμερον
2616 2292 3013 2363 ἑορταζομένου
3061 2293 3399 2363 Πνεύματος,
3422 2292 3519 2346 τοῦ
3569 2294 3658 2346 ἀεὶ

2081 2385 2178 2437 σὺν
2202 2384 2396 2454 ἐκείνῳ
2432 2385 2529 2439 καὶ
2557 2385 2710 2439 ὄντος
2741 2391 2831 2440 κα“·
2870 2387 3283 2456 γινωσκομένου
3314 2388 3412 2441 καὶ
3440 2387 3653 2456 ὀρωμέο

2079 2493 2205 2529 νου·
2236 2477 2373 2547 ὅπερ
2404 2477 2567 2541 εὐθὺς
2605 2478 2701 2530 καὶ
2741 2478 3049 2548 ἐγέραιρεν,
3098 2477 3174 2542 ὡς
3198 2478 3366 2541 είκδς,
3416 2478 3664 2550 ᾄσμασιν

2086 2569 2148 2622 οὐ
2178 2570 2292 2632 τοῖς
2318 2568 2599 2640 τυχοῦσιν,
2631 2570 2766 2625 άλλᾶ
2787 2570 2989 2642 δηλαδὴ
3021 2572 3245 2636 ἐνθέοις,
3289 2571 3561 2637 ἐνθεάζων
3590 2572 3657 2641 δή

2082 2678 2187 2713 που
2241 2661 2384 2714 κατὰ
2434 2660 2502 2716 τά
2551 2663 2606 2715 ὲν
2658 2665 2724 2733 τῇ
2781 2667 3146 2735 περιυμνήτῳ
3198 2665 3381 2738 ἐξόδῳ.
3430 2665 3505 2719 Οὐ
3549 2666 3666 2735 γὰρ

2082 2752 2284 2822 ἐπῆλθε
2316 2753 2412 2808 καὶ
2445 2754 2598 2826 αὗτῷ
2621 2757 2766 2812 κατὰ
2796 2758 2888 2810 τον
2920 2758 3121 2812 Mimos
3160 2758 3359 2828 λέγων,
3384 2760 3459 2824 ὡς
3490 2759 3659 2813 Ἀπο-

2080 2845 2357 2917 λώλαμεν,
2384 2848 2516 2902 Θεὸν
2542 2849 2892 2921 ἑωράκαμεν·
2917 2852 3053 2907 ἀλλὰ
3070 2852 3404 2924 Ἑζήσαμεν,
3421 2852 3661 2921 διεγενό-

2085 2936 2250 3007 μεθα,
2298 2941 2662 3012 συνέστημεν,
2695 2941 2814 3013 Θεῷ
2845 2946 3183 3016 ἠγγίσαμεν,
3220 2945 3479 3018 ὁμιληταὶ
3519 2944 3663 2999 Θεοῦ

2083 3032 2526 3104 χρηματίζομεν.
2561 3035 2655 3088 Διὸ
2690 3038 2784 3090 καὶ
2814 3036 3149 3106 ἁγάλλεοθαι
3183 3039 3315 3109 χρὴ,
3352 3041 3447 3092 καὶ
3477 3038 3668 3109 γεραί-

2084 3141 2203 3196 ρειν
2226 3126 2317 3179 τὸν
2336 3128 2490 3193 Θεὸν,
2513 3129 2609 3182 καὶ
2634 3128 2782 3201 ᾄδειν
2805 3131 3150 3200 χαρμόσυνα,
3172 3131 3271 3201 οὐχ
3293 3129 3481 3192 ἁπλῶς
3497 3132 3664 3183 όποῖα

2084 3216 2154 3269 τά
2196 3217 2492 3282 πολιτικῶς
2546 3219 2829 3284 ἐπαινετὰ,
2860 3218 3022 3275 ἔνθεα
3062 3222 3165 3290 μέν
3195 3238 3300 3287 τοι,
3334 3219 3405 3274 δι’
3434 3213 3510 3275 ὧν
3559 3220 3663 3274 καὶ

2085 3306 2394 3378 χρηστότης
2424 3307 2605 3379 ψυχῆς
2650 3310 2975 3378 ἑκφαίνεται
3020 3310 3117 3364 καὶ
3166 3312 3419 3381 χαρμονὴ
3455 3311 3549 3364 ἐπὶ
3582 3310 3662 3380 τῷ

2087 3393 2279 3465 ἀγαθῷ
2298 3411 2312 3426 ο
2347 3396 2409 3449 τὸ
2438 3398 2538 3467 μὲν
2565 3398 2672 3468 γὰρ
2703 3399 2898 3469 ὑμνεῖν
2930 3401 3023 3453 τὸν
3056 3400 3192 3454 Θεὸν
3222 3399 3255 3470 ἢ
3285 3399 3352 3454 τὰ
3381 3399 3523 3465 θεῖα,
3555 3400 3664 3471 ψυ-

2088 3488 2192 3556 χῆς
2219 3488 2386 3558 ἀρετή
2415 3502 2430 3519 ·
2462 3488 2525 3541 τὸ
2568 3489 2626 3542 δὲ
2671 3491 2768 3543 κα)⁵
2813 3492 3143 3562 ᾁσματικῶς
3190 3493 3332 3547 αὑτὰ
3371 3495 3665 3565 προάγειν,

2090 3577 2361 3646 σύμϐολον
2413 3579 2646 3649 ἡδονῆς·
2703 3581 2828 3635 επεὶ
2884 3585 3055 3652 μηδὲν
3099 3583 3241 3648 ζῶον
3294 3584 3666 3655 λυπούμενον,

2089 3668 2236 3739 ᾄδειν
2267 3669 2674 3741 παρελάϐομεν.

2157 3760 2227 3829 γ’.
2259 3761 2402 3832 Ὅρα
2425 3763 2481 3816 δὲ
2500 3764 2558 3816 ἐν
2586 3767 2654 3834 τῇ
2687 3765 2916 3838 ῥηθείσῃ
2944 3766 3053 3839 ᾠδῇ
3078 3768 3140 3822 τὸ
3174 3773 3313 3837 θείῳ
3334 3773 3670 3841 καλυφθεις

2093 3856 2320 3921 γνόφῳ,
2348 3853 2514 3924 ῥηθὲν
2545 3856 2642 3907 καὶ
2673 3856 2768 3911 ἐπὶ
2796 3857 3051 3930 διαστολῇ
3084 3861 3322 3930 φυσικοῦ
3354 3880 3501 3928 τινος
3544 3866 3669 3933 γνόο

2089 3959 2194 4009 φου
2224 3943 2604 4008 πυκνωθέντος
2626 3946 2707 4009 εἰς
2734 3945 2962 4017 εκρηξιν
3000 3950 3197 4018 ἁερίαν
3230 3952 3568 4020 πυρόεσσαν,
3598 3952 3669 4006 δι’

2088 4030 2155 4106 ἧς
2206 4024 2703 4102 βλάπτονταίποτε
2751 4039 2821 4094 τὰ
2871 4042 3014 4095 κατὰ
3049 4042 3277 4112 κόσμον.
3304 4043 3428 4097 Ἔτι
3461 4044 3519 4097 δὲ
3572 4046 3669 4099 καὶ

2092 4127 2228 4195 πρὸς
2262 4126 2534 4195 ὲτεροίους
2563 4128 2822 4200 γνόφους,
2865 4132 3085 4198 ὁποίους
3117 4135 3427 4205 ἐπαιγίζειν
3465 4137 3615 4204 φιλεῖ
3639 4138 3671 4193 ό

2094 4217 2406 4287 ἀρχέκακος
2449 4217 2665 4288 δαίμων
2713 4222 2802 4276 ἐπὶ
2837 4223 3010 4296 βλάϐῃ
3041 4225 3496 4300 ὲκκλησιαστικῇ,
3552 4231 3671 4300 ἐχό-

2098 4327 2235 4380 μενα
2277 4312 2333 4364 δὲ
2385 4313 2584 4380 εἰπεῖν,
2638 4320 3014 4391 χριστιανικῇ.
3064 4322 3173 4374 Καὶ
3224 4323 3388 4392 γέμει
3451 4325 3668 4378 πολλῶν

2092 4403 2352 4458 τοιούτων
2380 4405 2595 4473 γνόφων
2618 4409 2651 4477 ἡ
2682 4408 2814 4476 ἁγία
2846 4408 3106 4482 Ἰστορία,
3132 4413 3226 4479 οὒς
3246 4417 3275 4468 ὁ
3302 4415 3397 4470 τοῦ
3440 4417 3671 4483 σκότους

2092 4495 2277 4565 ἄρχων
2313 4500 2528 4566 πυκνοῖ,
2566 4501 2798 4570 νεφέλας
2829 4503 3069 4575 ἀγείρων
3102 4508 3245 4560 κατὰ
3281 4509 3392 4562 τῶν
3441 4511 3672 4579 μισούν-

414 4616 758 4673 eongregans
787 4599 879 4669 qui
915 4602 1299 4660 contemnunt,
1331 4591 1603 4647 insidians
1659 4589 1980 4661 quandoque

2097 4603 2205 4640 των
2230 4587 2402 4659 αὐτῷ,
2438 4592 2909 4663 συσκευαζόμενος
2951 4597 3053 4666 μέν
3089 4614 3221 4652 ποτε
3255 4602 3350 4654 καὶ
3396 4602 3675 4672 τεχνώμε-

414 4709 471 4750 et
513 4693 834 4748 nmclttnans
867 4698 925 4744 ut
969 4688 1024 4741 in
1073 4688 1250 4741 lucem
1308 4691 1458 4738 tonet
1487 4691 1543 4737 et
1571 4680 1837 4750 fulguret,
1883 4693 1991 4734 non

417 4786 605 4841 valens
641 4794 823 4837 autem
863 4780 965 4833 hoc
994 4777 1177 4832 facere
1217 4790 1389 4843 usque
1425 4774 1478 4827 in
1517 4775 1703 4836 linetn,
1737 4780 1792 4827 et
1840 4782 1994 4827 tene-

418 4883 613 4935 brosus
659 4875 808 4930 brevi
842 4871 1103 4931 evadens,
1135 4868 1277 4924 sicut
1334 4866 1517 4921 lumen
1551 4865 1781 4935 fulguris
1825 4864 1994 4920 simul

417 4988 483 5026 ac
508 4971 713 5027 emicat
738 4963 1042 5021 evanescit.
1069 4959 1189 5014 Non
1212 4958 1334 5013 talis
1361 4973 1491 5028 ergo
1546 4956 1746 5011 nebula
1772 4954 1993 5010 beatum

419 5061 638 5133 operuit
667 5056 933 5127 Moysem,
964 5054 1059 5109 sed
1085 5067 1141 5106 re
1196 5052 1310 5121 ipsa
1343 5048 1559 5113 divina;
1629 5064 1660 5102 a
1710 5046 1821 5103 Deo
1845 5045 1994 5102 enim

432 5159 755 5221 rengregata
792 5148 851 5203 in
873 5156 1051 5201 atrum
1088 5144 1424 5198 condensata
1451 5151 1558 5208 est,
1596 5150 1652 5194 et
1677 5138 1861 5195 virum
1893 5136 1994 5194 Dei
2026 5160 2031 5169 ι

422 5244 801 5306 circumfudit,
833 5251 889 5296 et
922 5239 1083 5294 modo
1111 5236 1270 5309 quasi
1307 5236 1361 5291 in
1399 5237 1603 5306 templo
1650 5233 1842 5290 divino
1877 5235 1997 5305 ipso

423 5340 513 5396 vel
570 5336 758 5394 schola
792 5332 937 5390 Deus
972 5331 1295 5402 loquebatur
1326 5341 1386 5384 ut
1437 5329 1713 5398 magister,
1749 5340 1806 5382 et
1857 5329 2002 5383 seri-

426 5433 634 5496 behat;
670 5427 884 5497 Moyses
932 5436 1114 5479 autem
1145 5425 1260 5477 hsce
1316 5422 1513 5477 exinde
1569 5420 1833 5476 hauriens
1876 5433 2002 5489 pro-

426 5524 711 5596 tnulgavit.

494 5621 548 5674 4.
579 5614 714 5672 Vide
747 5625 910 5671 tectus
962 5615 1491 5686 opportunissimum
1534 5611 1780 5677 verbum,
1818 5619 1872 5663 et
1903 5608 2002 5662 ad-

421 5709 732 5781 iacentibus
787 5723 1097 5776 congruens
1142 5725 1158 5773 ;
1212 5723 1318 5761 non
1371 5706 1516 5759 enim
1578 5708 1855 5769 coopertus
1916 5698 2000 5753 vel

423 5798 571 5858 aliud
593 5798 774 5856 simile
797 5799 992 5854 fuisset
1016 5799 1198 5868 aptius
1229 5798 1317 5851 hic
1370 5795 1538 5865 Moysi
1574 5808 1739 5863 quam
1790 5801 1998 5855 tectus;

421 5906 477 5950 et
506 5893 720 5948 videtur
769 5890 1004 5962 prodire
1035 5889 1258 5945 verbum
1314 5891 1415 5943 hoe
1467 5902 1535 5942 ea
1571 5886 1782 5952 aulaeis,
1836 5891 1892 5938 et
1933 5884 2001 5938 iis

2098 4695 2209 4744 νος,
2267 4681 2360 4733 καὶ
2396 4682 2477 4746 είς
2510 4683 2627 4752 φῶς
2664 4683 3083 4755 ὲξαστράπτειν,
3116 4691 3212 4743 καὶ
3244 4690 3420 4754 οὔτως
3471 4696 3677 4763 ἐκλάμ-

2097 4783 2224 4830 πειν
2248 4785 2261 4799 ·
2297 4769 2399 4823 οὐκ
2453 4770 2593 4841 ἔχων
2626 4772 2684 4827 δὲ
2737 4775 3038 4845 κατορθοῦν
3081 4779 3211 4832 αὐτὸ
3243 4782 3340 4834 καὶ
3378 4785 3459 4846 εἰς
3493 4785 3675 4853 τέλος,

2096 4857 2233 4911 άλλά
2280 4863 2551 4925 σκοτιαῖος
2582 4864 2719 4934 ταχὺ
2775 4865 3111 4933 ἀποϐαίνων,
3136 4869 3214 4933 ὡς
3261 4873 3359 4926 καὶ
3391 4875 3553 4938 σέλας
3580 4876 3681 4929 ἀσ-

2097 4954 2367 5019 τραπαίον
2397 4953 2689 5023 ὲκλάμψαν
2717 4958 2935 5030 ἀπέσϐη
2962 4975 2978 4989 ⁸
2998 4961 3073 5035 ,οὐ
3103 4962 3285 5015 τοίνυν
3314 4964 3554 5026 τοιοῦτος
3588 4968 3648 5017 τὸ
3666 4988 3680 5016 ι

2102 5046 2372 5114 μακάριον
2420 5046 2662 5118 Μωῦσῆν
2693 5049 3055 5123 ἀμφεκάλυψε
3111 5054 3335 5123 γνόφος,
3393 5056 3531 5110 ἀλλὰ
3597 5058 3678 5129 τῷ

2099 5138 2213 5192 δντι
2252 5138 2428 5202 θεῖος·
2466 5140 2571 5194 ὑπὸ
2599 5141 2734 5195 Θεοῦ
2765 5160 2825 5197 τε
2867 5144 2978 5215 γὰρ
3008 5149 3352 5217 συνηγμένος
3386 5151 3465 5212 είς
3504 5148 3678 5218 μέλαν

2100 5232 2456 5300 ὲστεγάνωτο,
2492 5234 2586 5287 καὶ
2605 5232 2744 5287 Θεοῦ
2779 5236 3216 5308 περιελάμϐανεν
3237 5238 3555 5310 ἄνθρωπον*
3584 5246 3681 5294 καὶ

2101 5323 2201 5376 ὅσα
2235 5326 2328 5377 καὶ
2376 5326 2505 5395 περὶ
2551 5328 2805 5394 μουσεῖον
2839 5328 2980 5383 θεῖον
3020 5331 3251 5402 namq
3299 5332 3676 5388 διδασκαλεῖον

2102 5415 2235 5479 Θεὸς
2261 5417 2361 5485 μὲν
2409 5417 2588 5471 ἐλάλει
2614 5419 2861 5489 ἐξάρχων
2887 5422 2982 5475 καὶ
3009 5421 3239 5493 ἔγραφε,
3269 5422 3501 5496 Moriar};
3528 5426 3584 5479 δὲ
3611 5428 3683 5479 τὰ

2103 5509 2315 5561 ἐκεῖθεν
2344 5509 2782 5580 μεταλαμϐάνων
2811 5514 3236 5586 ἑρῤητόρευσεν.

2174 5602 2239 5655 δ’.
2267 5602 2411 5673 Ὅρα
2449 5603 2505 5656 δὲ
2560 5604 2619 5657 τὺ
2672 5608 3020 5676 καλυφθείς,
3058 5610 3436 5679 καιριωτάτην
3471 5612 3683 5681 ταύτην

2103 5692 2248 5757 λέξιν
2282 5698 2376 5749 καὶ
2421 5699 2534 5760 τοῖς
2570 5701 2953 5767 προκειμένοις
3000 5699 3361 5770 εὐάρμοστον.
3401 5698 3543 5753 Οὔτε
3572 5703 3685 5774 γὰρ

2103 5788 2166 5839 τὸ
2194 5788 2546 5852 σκεπαςθεὶς,
2577 5788 2701 5842 οὔτε
2738 5791 2866 5844 ἄλλο
2911 5808 2963 5844 τι
3000 5791 3241 5844 τοιοῦτον
3279 5793 3582 5862 προφύοιτο
3612 5793 3685 5847 ἂν

2106 5881 2180 5952 τῷ
2198 5881 2404 5953 Μιμῦτῇ
2424 5882 2655 5937 ἐνταῦθα
2692 5883 2914 5953 μᾶλλον,
2943 5885 3086 5954 ἤπερ
3111 5883 3168 5937 τὸ
3191 5886 3541 5953 καλυφθείς.
3573 5885 3683 5939 Καὶ
