4050 6420
365 437 466 501 525

1173 440 1255 500 IN
1295 433 1635 502 HYMNUM
1672 441 2328 504 PENTECUSTALEM
2364 442 2814 504 DAMASCENI.

3499 432 3606 496 biﬁ

360 551 503 606 δοκεῖ
545 548 841 619 ὡρμῆσθαι
867 549 902 620 ή
938 548 1082 616 λέξις
1129 550 1192 603 ὲκ
1222 551 1333 604 τῶν
1363 554 1673 623 θυρατικῶν
1721 555 1931 624 καλυμ-
1962 576 1979 623 j

2065 557 2275 611 naxime
2329 573 2451 627 quae
2502 557 2706 612 similia
2749 557 2828 612 sic
2884 554 3088 610 vocatis
3139 551 3375 617 nebulis,
3414 551 3615 606 retium

365 643 569 714 μάτων,
603 643 698 695 καὶ
734 643 938 712 μᾶλλον
977 642 1086 696 τῶν
1117 645 1257 698 κατὰ
1284 647 1383 708 τὰς
1414 647 1557 700 οὕτω
1591 648 1935 718 καλουμένας

360 729 584 798 νεφέλας
615 770 632 794 ,
681 732 881 784 ὁπόσαι
942 731 1278 801 πλεκόμεναι
1335 735 1645 803 δικτυωδῶς
1693 756 1938 792 καταπε-

361 824 649 877 τάννυνται
675 825 966 890 πετεινῶν,
996 828 1091 880 καὶ
1137 829 1550 899 περιειληφυῖαι
1583 831 1772 902 κύκλῳ
1796 833 1936 886 σὺτά

362 913 689 983 κατέχουσιν
719 915 851 981 ἔσω,
882 916 976 969 καὶ
999 914 1098 968 οὐκ
1145 916 1374 984 ἀφιᾶσιν
1413 918 1838 973 ἐκδιδύσκεσθαι
1877 921 1939 974 τὸ

365 1004 799 1076 ἀμφίϐληστρον.
849 1005 1007 1058 Οὕτω
1061 1007 1169 1076 γάρ
1204 1025 1340 1073 πως,
1386 1009 1815 1080 κυριολεκτικῶς
1867 1014 1942 1064 εἱ-

365 1097 506 1160 πείν,
545 1096 776 1165 κάτοχος
813 1097 889 1166 τῷ
919 1096 1042 1167 Θεῷ
1066 1099 1362 1167 γενόμενος
1389 1101 1416 1148 ὁ
1444 1099 1745 1167 καλυφθεὶς
1776 1101 1943 1154 Μωῦ-

369 1187 487 1257 σῆς,
517 1189 636 1250 ὅλος
679 1184 748 1258 ἦν
786 1189 1026 1254 ἐκείνου,
1057 1190 1152 1242 καὶ
1185 1190 1322 1260 πρὸς
1357 1191 1556 1261 ἐκείνῳ
1590 1193 1686 1245 καὶ
1713 1192 1781 1245 δι’
1804 1193 1946 1244 ὲκεί-

367 1298 455 1333 νου
501 1282 721 1351 ἐνήργει
756 1284 822 1334 τά
871 1282 1242 1350 κελευόμενα’
1286 1283 1531 1338 τοιούτου
1581 1285 1639 1338 δὲ
1671 1286 1943 1355 νοήματος

367 1373 602 1444 ἤρτηται
630 1373 726 1426 καὶ
754 1373 814 1426 τὸ
843 1373 1183 1442 κεκαλύφθαι
1215 1376 1314 1445 μὲν
1336 1375 1437 1444 τὴν
1470 1375 1741 1445 Ἐρυθρὰν
1765 1375 1944 1443 ὕδατι,

371 1462 817 1532 ἀνακαλυφθῆναι
862 1464 919 1516 δὲ
947 1464 1014 1516 τὰ
1043 1465 1260 1534 ἐκείνης
1295 1463 1522 1534 θεμέλια
1562 1466 1618 1517 ὲν
1657 1467 1722 1535 τῇ
1755 1464 1946 1518 διαϐά-

373 1571 454 1606 σει
498 1555 592 1607 τοῦ
632 1555 870 1626 Ἰσραήλ.
915 1554 1075 1608 Οὕτω
1106 1557 1199 1609 καὶ
1235 1555 1427 1620 πόντος
1470 1559 1678 1620 ἐκεῖνος
1708 1557 1802 1609 τὸν
1828 1557 1938 1610 Φα-

2043 648 2217 702 instar
2245 649 2538 719 implicata,
2574 650 2769 704 avibus
2800 647 3212 718 expanduntur,
3242 655 3299 699 et
3331 644 3384 698 in
3421 657 3615 713 gyrum
3705 636 3717 700 ἒ

2045 736 2379 793 circumaCta
2453 755 2547 794 eas
2595 739 2746 794 intus
2769 740 3036 803 detinent,
3065 753 3166 792 nec
3191 736 3333 791 elabi
3371 736 3558 789 sinunt
3589 747 3620 788 e
3709 732 3711 735 ’

2045 829 2296 884 reticulo.
2329 829 2420 884 Sic
2451 845 2602 900 ergo.
2647 841 2706 883 ut
2741 829 2961 898 prOprie
2993 828 3196 890 dicam,
3244 841 3272 878 a
3307 825 3416 878 Dco
3449 839 3622 880 occu-

2048 930 2208 991 patus
2241 930 2417 977 tectus
2448 921 2680 993 Moyses,
2708 931 2855 978 totus
2891 933 3009 976 erat
3038 922 3178 990 ejus,
3223 930 3274 973 et
3318 933 3418 988 pro
3465 933 3531 971 eo
3567 925 3626 970 et

2049 1026 2143 1080 per
2170 1026 2294 1065 eum
2316 1013 2468 1082 jussa
2503 1013 2820 1082 perficiebat
2845 1012 2960 1082 (tali
2981 1012 3148 1067 menti
3176 1010 3333 1065 aliine
3365 1019 3445 1064 est
3477 1012 3624 1078 quod

2050 1117 2202 1154 mare
2250 1101 2500 1156 Rubrum
2537 1105 2684 1157 unda
2734 1113 3050 1173 coopertum
3105 1113 3204 1168 est,
3243 1112 3298 1156 ct
3353 1101 3622 1170 profunda

2049 1191 2170 1262 ejus
2197 1191 2412 1246 detecta
2445 1203 2574 1247 sunt
2611 1193 2665 1246 in
2713 1196 2949 1249 transitu
3000 1193 3238 1247 filiorum
3298 1191 3500 1254 Israel;
3545 1192 3628 1246 sic

2048 1291 2102 1337 et
2135 1299 2287 1338 mare
2311 1284 2444 1339 illud
2474 1284 2820 1340 Pharaonem
2850 1301 2974 1341 cum
3012 1285 3309 1340 comitibus
3345 1287 3462 1339 suis
3489 1299 3623 1338 coo-

2055 1375 2296 1444 peruit),
2337 1385 2392 1432 et
2420 1378 2654 1432 revelata
2711 1378 2850 1433 facie
2891 1379 2982 1432 tali
3012 1378 3467 1448 contemplatione
3497 1390 3627 1446 pro-

2051 1465 2214 1534 Spicil
2239 1481 2253 1530 ;
2282 1474 2335 1520 et
2360 1465 2564 1521 detecti
2615 1469 2775 1538 plane
2815 1468 2985 1535 oeuli,
3028 1469 3122 1524 tali
3154 1470 3420 1523 velamine
3451 1470 3628 1532 exuti,

2052 1557 2222 1626 aperti
2254 1568 2382 1612 sunt
2413 1569 2470 1612 ut
2501 1561 2608 1616 late
2649 1562 2920 1616 viderent.

376 1650 490 1718 ραὼ
520 1649 618 1702 σὺν
643 1651 756 1711 τοῖς
779 1649 918 1718 ἀμφ’
945 1648 1108 1702 αὐτὸν
1139 1649 1377 1719 ἐκάλυψε
1397 1666 1410 1680 ο
1447 1651 1540 1704 καὶ
1565 1650 1626 1703 τὸ
1676 1648 2203 1718 ἀνακεκαλυμμὲνον
2229 1650 2285 1702 δὲ
2349 1653 2666 1722 πρόσωπον,
2725 1655 2982 1726 τοιαύτης
3050 1655 3284 1723 θεωρίας
3345 1655 3634 1708 ἐκκύπτειο

375 1742 472 1794 καὶ
518 1741 566 1792 οἱ
631 1737 1157 1810 άποκεκαλυμμένοι
1219 1739 1514 1803 δαυιτικῶς
1586 1739 1882 1810 ὀφθαλμοὶ,
1956 1740 2214 1811 τοιαύτην
2264 1743 2643 1813 κατακάλυψιν
2696 1746 2974 1810 ἐκδύντες,
3022 1748 3330 1819 ἀνεῲγασιν
3416 1747 3636 1817 βλέπειν

376 1830 575 1886 πλατύ.

445 1925 508 1981 ε’.
545 1926 688 1995 Ὅρα
718 1924 774 1978 δὲ
807 1923 883 1987 ὡς
915 1923 1102 1995 γνόφῳ
1128 1923 1428 1992 καλυφθεὶς
1461 1925 1489 1978 ὁ
1517 1925 1783 1995 Μωῦσης,
1809 1926 1962 1996 ὅμως

2137 1923 2191 1978 5.
2228 1922 2360 1978 Vide
2393 1940 2558 1994 porro
2590 1927 2868 1994 quomodo
2899 1928 3042 1982 nube
3072 1938 3252 1984 tectus
3287 1931 3498 2004 Moyses
3527 1949 3633 1987 non

376 2022 478 2076 ούκ
507 2021 806 2075 ἐσκότωται
857 2019 1130 2088 ζοφωθεῖς
1177 2018 1382 2088 ὁμοίως
1433 2019 1513 2090 τῷ
1557 2020 1954 2075 καταπεπλασ-

378 2115 528 2184 μένῳ
559 2112 664 2166 ίλύῖ
689 2111 749 2164 τὸ
784 2111 1014 2164 ὀπτικὸν
1035 2113 1133 2180 τῆς
1173 2109 1379 2182 ψυχῆς,
1404 2111 1481 2174 ὡς
1522 2113 1550 2164 ὁ
1583 2112 1821 2182 μελῳδός
1850 2131 1955 2183 φη-

377 2223 484 2272 σιν,
513 2204 627 2258 ἀλλ’
657 2204 740 2268 εἰς
786 2201 946 2257 τοῦτο
994 2204 1088 2255 καὶ
1127 2202 1290 2271 μόνον
1330 2202 1628 2273 περιεχύθη
1675 2202 1847 2268 ἔνδον,
1881 2204 1958 2268 ὼς

377 2296 649 2368 κρυϐῆναι
695 2297 787 2349 τὸν
820 2296 1027 2365 κόσμον
1060 2295 1156 2349 καὶ
1204 2294 1483 2364 θεωρῆσαι
1540 2294 1662 2347 καθ’
1717 2296 1953 2366 ἡσυχίαν

378 2392 470 2443 τὸν
502 2389 657 2455 Θεὸν,
681 2389 778 2442 καὶ
806 2386 1147 2456 ὲξαστράῲαι
1175 2385 1318 2455 λόγῳ
1340 2403 1398 2438 τε
1430 2387 1525 2438 καὶ
1555 2386 1775 2456 πράξει,
1800 2387 1958 2450 ἐκδὺς

380 2486 471 2537 τὴν
505 2483 706 2551 γνόφον
741 2479 1166 2550 ἀστραπηὸόλος
1199 2479 1295 2532 καὶ
1323 2477 1744 2548 ἀπηλλαγμένος
1766 2477 1956 2542 αὑτοῦ,

379 2575 528 2629 καθά
574 2575 668 2626 καὶ
700 2571 928 2640 οὐρανὸς
959 2570 1246 2640 καλύψεως
1292 2569 1392 2636 τῆς
1429 2570 1493 2622 ἐκ
1549 2569 1747 2637 νεφῶν.
1781 2569 1961 2632 Ὅλως

379 2668 488 2738 γὰρ
523 2665 757 2736 αἴνιγμα
782 2661 850 2736 ἦν
879 2667 906 2718 ὁ
934 2666 1130 2734 γνόφος
1161 2661 1255 2716 τοῦ
1285 2665 1378 2714 καὶ
1403 2662 1598 2730 σχολῆς
1627 2661 1836 2715 δεῖσθαι
1867 2661 1960 2714 τὸν

379 2760 692 2832 προφήτην,
722 2758 810 2811 ἵνα
844 2755 988 2811 οὕτω
1009 2755 1123 2826 γνῷ
1147 2754 1467 2818 δαυιτικῶς,
1505 2753 1602 2807 καὶ
1635 2752 1730 2806 τοῦ
1754 2753 1961 2824 ἀστρά-

381 2851 510 2922 ψειν
542 2850 752 2905 ἐκεῖθεν
804 2847 1197 2918 πνευματικῶς
1219 2864 1233 2878 ·
1261 2846 1298 2901 ἃ
1334 2847 1397 2913 δή
1455 2845 1715 2915 σύστοιχα
1749 2847 1814 2915 τῇ
1867 2846 1960 2898 νῦν

378 2943 628 3015 ἀγομένη
681 2943 864 3014 ἑορτῇ,
904 2942 964 2994 ὲν
1097 2941 1357 3009 φώτισμα
1404 2938 1560 3006 ἁγίου
1617 2937 1959 3008 Πνεύματος,

378 3039 472 3088 καὶ
511 3033 854 3104 φωτοχυσίας
898 3031 1032 3102 φλὸξ
1056 3031 1150 3084 καὶ
1177 3031 1476 3100 ὑγρότητος
1508 3029 1836 3099 άγιαστικῆς
1861 3030 1962 3098 τῆς

380 3126 529 3180 κατὰ
560 3124 651 3178 τὸν
679 3126 833 3194 άγιον
861 3122 1017 3194 Ίωὴλ
1042 3123 1362 3193 χορηγείται
1385 3135 1402 3152 ο
1435 3122 1500 3191 ἢν
1529 3119 1805 3190 ὑγρότητα
1839 3138 1964 3174 σκο-

383 3217 561 3270 τεινὸν
611 3215 710 3285 μὲν
764 3213 911 3285 ὕδωρ
957 3212 1133 3276 ἄλλως
1186 3215 1243 3264 ὲν
1283 3208 1534 3279 νεφέλαις
1563 3215 1962 3280 πνευματικαῖς

383 3309 686 3380 κατενόησε
713 3307 803 3361 διὰ
831 3307 892 3359 τὸ
930 3305 1094 3376 βάθος
1119 3302 1212 3358 τοῦ
1245 3302 1547 3374 μυστηρίου
1579 3302 1607 3354 ὁ
1633 3303 1798 3358 Δαδίδ
1823 3321 1835 3334 ·
1865 3305 1965 3358 οὐκ

381 3402 445 3454 ἂν
483 3400 549 3454 δὲ
588 3400 664 3471 μὴ
697 3398 1028 3452 κατελάϐετο
1071 3397 1166 3452 καὶ
1196 3397 1503 3464 πάμφωτον
1532 3389 1675 3446 εἶναι
1718 3394 1779 3447 τὸ
1812 3394 1964 3460 αὐτὸ,

385 3492 470 3545 διὰ
505 3491 572 3542 τὸ
605 3491 762 3558 ἅγιον
811 3488 1096 3558 βάπτισμα
1127 3487 1221 3540 καὶ
1251 3485 1348 3556 τὴν
1399 3481 1573 3546 οὕτως
1625 3483 1835 3537 ἔνδυσιν
1872 3483 1966 3537 τοῦ

382 3581 642 3654 ἀληθινοῦ
665 3579 842 3648 φωτὸς
871 3578 1048 3649 Ἰησοῦ
1084 3578 1349 3646 Χριστοῦ.

453 3672 538 3740 ς’.
579 3674 637 3726 ’0
675 3672 733 3726 δὲ
765 3670 1190 3741 βραδύγλωσσος
1216 3669 1530 3724 ἀντίκειται
1559 3668 1658 3739 μὲν
1698 3667 1777 3737 τῷ
1806 3683 1969 3736 ταχυ-

383 3764 643 3833 γλώσσῳ,
671 3763 733 3815 οὐ
757 3763 898 3817 πάνυ
921 3761 978 3812 δὲ
999 3759 1171 3813 πλείω
1194 3752 1364 3828 ψόγον
1393 3757 1548 3821 οὖτος
1590 3757 1801 3810 ἐκείνου
1831 3757 1966 3826 ἔχει.

394 3857 452 3912 '0
474 3857 578 3928 μὲν
609 3857 716 3926 γὰρ
740 3853 1151 3924 βραδύγλωσσος
1175 3851 1287 3922 ἔχοι
1309 3849 1376 3905 ἂν
1400 3850 1601 3920 ἀγαθόν
1628 3867 1680 3903 τι
1712 3849 1864 3916 ποτὲ,
1889 3844 1968 3911 οἷς

385 3949 687 4019 διατρίϐων
734 3947 835 4017 τὴν
880 3946 1081 4017 φράσιν
1122 3945 1218 3998 καὶ
1259 3941 1434 4006 οὕτως
1467 3943 1617 3996 ἐστιν
1646 3943 1673 3994 ὅ
1699 3959 1759 3996 τε
1793 3940 1970 3996 ἀναδι-
1999 3965 2002 3968 ~

389 4044 546 4097 πλῶν
577 4039 748 4111 αὐτὴν
799 4040 895 4092 καὶ
937 4032 1051 4092 οἷον
1101 4037 1487 4106 ἐπαναφέρων,
1527 4032 1806 4103 ὲγκαθίζει
1849 4035 1970 4095 ταῖς

386 4135 496 4188 τῶν
536 4131 816 4202 ἀκροατῶν
846 4131 1044 4201 ψυχαῖς
1073 4131 1151 4190 εἰς
1185 4126 1594 4198 άκριῦεστέραν
1627 4128 1851 4194 μνήμην
1876 4123 1972 4176 καὶ

388 4227 596 4294 γνῶσιν
640 4225 702 4277 τὸ
753 4223 1068 4292 λεγόμενον,
1115 4220 1281 4290 βάδην
1323 4218 1401 4286 τῷ
1431 4217 1574 4285 λόγῳ
1626 4215 1832 4287 προῖὼν
1877 4213 1972 4266 καὶ

393 4314 999 4388 παρακολουθούμενος.
1054 4309 1115 4364 '0
1153 4311 1211 4363 δὲ
1268 4307 1570 4378 ταχυλάλος
1631 4306 1726 4358 και⁵
1783 4303 1973 4372 φύρων

391 4409 540 4464 οὓτω
589 4411 716 4470 τοὺς
749 4407 940 4474 λόγους
975 4405 1054 4465 είς
1104 4400 1500 4470 ἀδιάρθρωτον,
1551 4391 1638 4448 οἷα
1683 4395 1972 4464 ἐπίτροχον

392 4502 648 4567 γλῶσσαν
681 4500 792 4560 τοῖς
826 4497 1008 4563 λόγοις
1056 4491 1256 4562 ἐφιεὶς,
1314 4489 1412 4542 καὶ
1451 4485 1974 4557 δυσπαρακολούθη-

2061 2026 2239 2071 tamen
2274 2017 2629 2085 tenebreseit,
2665 2019 2902 2090 caligine
2926 2020 3300 2078 circumfusus
3335 2028 3498 2094 quasi
3526 2026 3635 2080 illi-

2061 2109 2128 2164 tis
2159 2107 2290 2162 limo
2316 2110 2493 2166 oculis
2534 2112 2750 2179 mentis,
2789 2120 2846 2167 ut
2875 2115 2952 2168 ait
2981 2126 3137 2184 poeta
3163 2135 3176 2182 ;
3204 2117 3297 2172 sed
3335 2119 3386 2173 in
3417 2120 3651 2195 tantum'_

2059 2205 2112 2252 et
2135 2197 2485 2254 solummodo
2518 2200 2572 2254 in
2626 2201 2875 2257 interiori
2917 2203 3126 2260 effusus
3166 2214 3272 2272 est,
3315 2220 3374 2262 ut
3403 2210 3640 2264 abscon-

2059 2288 2287 2342 deretur
2309 2291 2568 2358 mundus,
2603 2291 2727 2347 etin
2764 2307 2896 2362 pace
2927 2295 3130 2351 videret
3161 2296 3356 2365 Deum,
3387 2309 3441 2354 et
3474 2301 3640 2355 verbo

2059 2378 2293 2450 fulgeret
2344 2391 2394 2436 et
2445 2391 2592 2450 actu,
2633 2384 2779 2440 nube
2813 2396 3017 2442 exutus
3050 2386 3265 2459 fulgura
3306 2405 3635 2458 coruscans,

2060 2481 2114 2525 et
2148 2472 2456 2541 expeditus,
2489 2473 2635 2529 sicut
2667 2475 2868 2530 coelum
2906 2477 3114 2548 absque
3153 2481 3425 2536 velamine
3459 2484 3638 2537 nebu-

2058 2561 2266 2628 larum;
2297 2565 2523 2621 omnino
2554 2567 2700 2623 enim
2737 2565 3062 2638 mysterium
3093 2580 3212 2627 erat
3239 2571 3438 2629 nebula
3470 2571 3641 2632 et'si-

2061 2655 2353 2724 gnificabat
2393 2658 2526 2734 potio
2570 2659 2832 2730 indigere
2862 2663 3202 2732 prapltctam,
3254 2673 3311 2718 ut
3345 2665 3426 2721 sic
3452 2678 3641 2736 aperte

2061 2758 2432 2818 cognosceret,
2493 2758 2549 2804 et
2615 2750 2744 2806 inde
2789 2752 3149 2822 spiritualiter
3197 2756 3638 2815 illuminaturum

2061 2853 2214 2906 esse;
2263 2855 2384 2909 quae
2436 2844 2688 2912 praesenti
2750 2855 3061 2913 congruunt
3127 2848 3265 2905 festo
3315 2852 3370 2906 in
3410 2869 3522 2922 quo
3572 2855 3645 2908 il-

2064 2930 2351 2989 luminatio
2402 2933 2640 3004 Spiritus
2684 2939 2860 2993 sancti
2913 2951 2968 2996 et
3011 2941 3230 2997 flamma
3285 2959 3408 2998 cum
3445 2946 3646 3004 diffuso

2064 3023 2268 3080 lumine
2325 3035 2378 3081 et
2454 3030 2637 3097 pluvia
2698 3031 3078 3089 sanctificante
3134 3036 3589 3094 subministratur
3622 3083 3639 3107 ,

2058 3115 2212 3184 juxta
2257 3126 2504 3173 sanctum
2543 3119 2700 3188 Joel;
2735 3137 2896 3193 quam
2957 3125 3196 3195 pluviam
3235 3129 3394 3184 aliter
3446 3129 3514 3184 ad
3542 3147 3645 3187 un-

2067 3208 2190 3262 dam
2221 3213 2562 3266 tcnebrosam
2587 3213 2638 3267 in
2673 3215 2916 3272 nubibus
2940 3218 3320 3286 Spiritualibus
3373 3224 3646 3280 intellexit

2070 3295 2271 3362 David;
2301 3314 2409 3353 non
2444 3308 2626 3355 autem
2669 3301 3027 3361 intellexisset
3059 3307 3462 3365 lucidissimum
3519 3329 3646 3370 esse

2071 3387 2176 3442 hoc
2232 3403 2327 3457 per
2368 3399 2620 3446 sanctum
2657 3394 2948 3466 baptisma,
2976 3398 3030 3452 in
3078 3413 3186 3469 quo
3239 3401 3318 3456 sic
3348 3418 3530 3460 veram
3558 3405 3648 3460 in-

2070 3477 2287 3535 duimus
2318 3479 2517 3549 lucem,
2544 3479 2731 3539 Jesum
2772 3485 3072 3543 Christum.

2141 3663 2197 3717 6.
2234 3661 2601 3737 Tardilinguis
2650 3671 2948 3738 opponitur
2973 3673 3228 3730 celeriter
3249 3675 3515 3748 loquenti,
3546 3696 3649 3738 nec

2070 3753 2194 3824 plus
2223 3772 2385 3826 quam
2410 3758 2515 3814 iste
2539 3760 2942 3830 vituperandus
2966 3774 3071 3820 est.
3093 3764 3462 3836 Tardiloquus
3497 3773 3646 3827 enim

2072 3847 2175 3902 hoc
2223 3849 2352 3903 boni
2401 3851 2566 3906 habet
2604 3853 2749 3920 quod
2804 3854 3044 3922 phrasint
3085 3859 3414 3926 protrahens
3463 3871 3518 3918 et
3565 3864 3648 3920 sic

2072 3939 2431 4011 locupletatis,
2460 3954 2513 3996 et
2537 3945 2694 4013 quasi
2728 3954 3003 4015 repetens,
3056 3951 3399 4006 audientium
3450 3956 3650 4014 animis

2075 4033 2130 4084 in
2188 4033 2609 4105 diligentissima
2651 4039 2914 4094 memoria
2971 4049 3027 4096 et
3093 4045 3410 4112 cognitione
3457 4047 3651 4123 inserit

2073 4125 2242 4192 dicta,
2279 4126 2407 4180 dum
2467 4144 2722 4186 sermone
2784 4133 2868 4187 vir
2906 4134 3241 4201 pedetentim
3303 4138 3549 4208 graditur
3596 4155 3651 4197 et

2074 4216 2406 4284 comitatur;
2453 4219 2548 4288 qui
2585 4229 2767 4275 autem
2832 4222 3090 4277 celeriter
3129 4224 3374 4294 loquitur
3414 4236 3468 4283 et
3503 4230 3651 4286 dicta

2075 4305 2156 4360 sic
2204 4308 2591 4363 inarticulatim
2633 4312 2850 4379 miscet,
2911 4314 3135 4369 citatam
3177 4315 3418 4386 linguam
3470 4321 3650 4377 verbis

2075 4398 2382 4468 impellens,
2411 4410 2569 4471 captu
2610 4402 2847 4457 dillieilis
2869 4415 2976 4470 est,
3018 4413 3072 4459 et
3105 4407 3291 4462 aerius
3324 4411 3378 4464 in
3418 4409 3651 4468 dicendo

2077 4506 2305 4547 currens
2358 4501 2418 4547 ut
2479 4504 2697 4550 torrens
2746 4498 2799 4550 in
2861 4513 3106 4570 praeceps
3152 4511 3363 4572 raptus,
3398 4505 3508 4559 cito
3546 4523 3651 4562 au-

391 4611 481 4654 τος
506 4591 776 4662 ὲντρέχων
803 4583 886 4651 οἷς
906 4587 1056 4654 λέγει
1082 4582 1412 4655 γοργότερον
1437 4581 1512 4641 ὡς
1543 4580 1590 4631 εί
1616 4578 1708 4631 καὶ
1735 4576 1969 4648 ῥεύματι

2078 4583 2291 4639 dientes
2321 4587 2638 4654 praeveniet,
2672 4587 2852 4642 inutili
2881 4587 3027 4644 facto
3051 4593 3304 4661 strepitu,
3332 4603 3384 4650 et
3408 4609 3648 4664 peetore,

392 4684 537 4736 κατὰ
590 4680 832 4753 πρανοῦς
885 4679 1088 4748 ὲχέετο,
1142 4676 1288 4746 τάχα
1338 4673 1404 4728 ἂν
1440 4671 1796 4742 παραδράμοι
1841 4669 1970 4732 τοὺς

395 4773 808 4844 ἀκροωμένους,
846 4771 976 4822 κενά
1019 4767 1295 4838 ψοφήσας,
1333 4762 1814 4833 καὶγπνευμόνων,
1846 4759 1874 4811 ὃ
1906 4759 1971 4829 δὴ

393 4867 618 4935 λέγεται
650 4866 813 4915 πόνον
849 4859 1036 4913 παθών
1061 4866 1074 4878 ⁸
1103 4859 1321 4919 ὁποίους
1356 4854 1587 4918 πολλοὺς
1618 4853 1842 4922 οἴδαμεν
1879 4867 1974 4903 πε-

396 4957 722 5028 πειραμένοι
762 4950 1184 5019 ὠκυγλώσσους,
1215 4948 1382 5018 χύδην
1408 4947 1535 5010 τοὺς
1575 4945 1766 5013 λόγους
1815 4943 1974 5013 ὲκφέ-
2003 4967 2008 4970 ·

399 5064 597 5117 ροντας
625 5061 640 5078 ⁸
694 5045 799 5116 ἐμὲ
850 5041 982 5113 γοῦν
1031 5041 1350 5105 διδάσκαλος
1381 5039 1558 5110 ’λάχοι
1606 5037 1826 5107 πλήρης
1872 5036 1973 5105 τήν

397 5138 654 5207 γλῶσσαν
677 5137 818 5190 κατὰ
850 5139 938 5188 τὸν
966 5133 1228 5203 Μωῦσῆν,
1253 5132 1346 5185 καὶ
1382 5130 1458 5202 μὴ
1484 5130 1815 5198 πτερόεντας
1839 5142 1976 5198 προ·
2005 5150 2014 5154 -

401 5231 588 5300 φέρων
632 5229 848 5296 λόγους,
877 5227 973 5279 καὶ
1017 5224 1162 5278 οὓτω
1218 5225 1632 5290 κενόγλωσσος·
1666 5221 1717 5272 εί
1768 5219 1867 5288 μέν
1894 5235 1975 5271 τοι

2079 4683 2140 4728 ιιι
2169 4674 2344 4740 aiunt,
2370 4673 2597 4739 dolens;
2638 4688 2694 4730 ut
2722 4679 2907 4747 plures
2931 4682 3183 4737 novimus
3210 4683 3651 4754 breviloquentes

2079 4765 2172 4834 qui
2201 4766 2430 4820 confuse
2453 4767 2613 4821 verba
2645 4768 2967 4837 proferunt;
3006 4773 3138 4826 mihi
3168 4785 3350 4830 autem
3393 4779 3654 4848 magister

2080 4857 2332 4912 obveniat
2378 4858 2562 4928 lingua
2598 4861 2882 4930 perfectus
2933 4866 3078 4919 sicut
3111 4865 3345 4936 Moyses,
3401 4884 3509 4924 non
3558 4876 3651 4940 qui

2081 4949 2254 5004 alatas
2304 4948 2548 5019 proferat
2615 4966 2801 5018 voces,
2857 4962 2911 5008 et
2942 4955 3022 5009 sic
3054 4957 3239 5012 inania
3275 4959 3563 5030 loquatur;
3607 4964 3652 5017 si

2081 5049 2262 5095 autem
2300 5042 2575 5111 pernicem
2606 5044 2731 5098 talis
2754 5044 3395 5118 locupletelurlinguam,
3435 5055 3652 5110 beatum

2084 5131 2234 5187 illum
2263 5133 2406 5199 dico,
2457 5135 2601 5188 sicut
2632 5143 2685 5188 et
2728 5135 2998 5190 calamum
3055 5139 3249 5192 scrib-.12
3291 5142 3471 5198 divina
3511 5147 3655 5200 velo-

2085 5221 2221 5276 citer
2257 5223 2571 5277 scribentis.

399 5321 654 5391 γλῶσσαν
681 5323 708 5374 ὁ
731 5317 970 5381 τοιοῦτος
1000 5317 1222 5372 πλουτεί
1249 5315 1636 5385 ὲντρὲχουσαν,
1667 5310 1741 5373 ὡς
1769 5303 1974 5372 οἶα,καὶ
2013 5311 2260 5380 κάλαμον
2291 5315 2670 5386 γραμματέως
2701 5315 3011 5387 ὀξυγράφου
3079 5318 3147 5372 τά
3177 5320 3294 5373 θεῖα
3361 5327 3652 5396 μακαρίζω

398 5417 584 5470 αὐτόν.

471 5511 543 5577 ζ’.
583 5508 846 5564 Ἐνταῦθα
904 5507 960 5561 δὲ
1024 5505 1379 5577 σημειωτέον,
1436 5504 1511 5567 ὡς
1560 5505 1610 5556 εἰ
1661 5504 1774 5568 καὶ,
1826 5499 1972 5556 καθά

400 5603 682 5674 ἱστορήθη,
705 5598 1129 5666 ὲξὲπικαύσεως
1162 5596 1365 5666 ἐπῆλθε
1395 5595 1473 5665 τῷ
1507 5595 1728 5665 μεγάλῳ
1760 5594 1968 5664 Μωῦσῇ

397 5697 460 5749 τὶ
490 5695 932 5767 βραδύγλωσσον,
978 5690 1093 5745 ἀλλ’
1133 5691 1233 5761 οὐχ
1279 5688 1423 5742 οὕτω
1473 5689 1568 5741 καὶ
1614 5689 1676 5740 τὸ
1713 5687 1969 5756 δύσηχον,

400 5786 539 5857 ὕπερ
573 5787 599 5837 ὁ
629 5785 932 5854 ἁγιώτατος
979 5782 1210 5854 ποιητὴς
1266 5780 1491 5849 Κοσμᾶς
1549 5778 1791 5846 ἐπιλέγει
1823 5777 1970 5846 αὐτῷ

402 5878 456 5931 ὲν
485 5875 587 5946 τῷ,
618 5877 692 5943 τῷ
718 5873 1181 5945 βραδυ-γλώσσῳ
1212 5872 1313 5926 καὶ
1346 5870 1596 5940 δυσήχῳ
1627 5868 1850 5926 Μωσεῖ.
1879 5869 1969 5939 Τῷ

2154 5501 2204 5554 7.
2247 5498 2556 5556 Notandum
2586 5497 2672 5552 hic
2705 5499 2850 5567 quod
2887 5499 2956 5562 si,
3009 5511 3064 5554 ut
3113 5514 3396 5559 narratum
3446 5514 3548 5574 est,
3583 5524 3653 5564 ex

2079 5591 2366 5648 adustione
2395 5590 2658 5646 acciderit
2686 5589 2855 5660 Moysi
2881 5591 3332 5663 tardiloquentia,
3360 5612 3465 5650 non
3494 5612 3651 5666 mque

2078 5684 2326 5753 ingratus
2365 5683 2514 5738 vocis
2548 5697 2718 5737 sonus
2756 5697 2922 5751 quem
2981 5684 3084 5752 ipsi
3124 5687 3376 5742 attribuit
3404 5691 3645 5744 sanctis-

2077 5775 2252 5830 simus
2275 5775 2501 5830 Cosmas
2528 5784 2684 5845 poeta
2716 5775 2903 5829 dicens
2946 5790 2961 5834 ;
3001 5775 3324 5846 Tardiloquo
3361 5789 3409 5831 et
3435 5779 3650 5836 dissono

2077 5865 2279 5936 Moysi;
2325 5866 2377 5922 in
2434 5881 2527 5924 ore
2575 5867 2716 5925 enim
2759 5868 3003 5924 restricta
3041 5867 3245 5936 lingua,
3282 5884 3473 5926 eorum
3531 5880 3647 5926 tan-
