4050 6404
477 425 580 488 529

1312 422 1397 480 ΙΝ
1433 422 1774 485 ΗΥΜΝΠΜ
1814 426 2471 491 PENTECOSTALEM
2505 427 2972 492 DAMASCENI.

3619 437 3636 492 Γ
3654 437 3722 498 39

478 540 573 592 καὶ
619 535 789 598 οὕτως
825 535 1064 604 ἄναρχον
1089 549 1102 564 ·
1139 531 1212 595 ὡς
1269 534 1437 604 μηδὲν
1477 534 1536 588 ὃν
1581 537 1840 609 διάφορον
1871 539 2056 604 αὐτοῖς

2158 540 2316 594 aliter
2347 541 2592 611 quidem,
2623 543 2824 611 quietis
2863 546 3260 616 pllilOSOplllt‘J:
3299 557 3350 600 et
3380 552 3718 623 securitatis,

476 631 572 683 καὶ
597 628 674 698 τῷ
696 628 918 697 ἄρχοντι
945 645 959 658 ο
1000 627 1097 678 κοιλ⁹
1132 626 1240 695 μὴν
1270 628 1364 680 καὶ
1413 627 1610 690 ἄλλως,
1638 631 1874 699 ἡσυχίας
1900 631 2048 700 φιλο-

482 723 648 790 σόφου
689 723 787 776 καὶ
821 720 1119 791 ἀτρεμείας
1165 719 1258 772 καὶ
1286 721 1544 787 ἠρεμίας,
1575 723 1668 774 καὶ
1701 723 2048 793 ἐπικρύψεως

476 815 737 884 ἐναρέτου
793 811 1064 882 σύμϐολον
1098 811 1192 862 καὶ
1233 812 1262 862 6
1291 811 1479 880 ῥηθεὶς
1513 814 1788 881 μωσαῐκδς
1813 817 2010 884 γνόφος
2031 835 2044 848 ·

474 907 550 969 «τις
598 905 718 958 δέον
748 905 875 966 τοὺς
911 901 1181 972 ὁμιλητὰς
1230 901 1325 954 τοῦ
1373 901 1510 954 Θεοῦ
1549 905 1623 973 μὴ
1672 905 1816 958 κατὰ
1857 907 2048 960 σκότον

480 1000 579 1069 μὲν
626 996 962 1067 ἡλάσκεσθαι
1005 995 1109 1065 (μὴ
1154 995 1427 1066 γένοιτοί)
1459 995 1602 1065 πλὴν
1647 998 1780 1067 μηδὲ
1829 1001 2048 1068 ἐν’φωτὶ

476 1087 723 1154 ἀγοραίῳ
758 1084 852 1140 καὶ
900 1084 1278 1155 τυρὸαστικῷ,
1348 1085 1678 1157 σεμνότερον
1728 1087 1785 1140 δὲ
1848 1088 2044 1155 εἰπεῖν,

479 1177 866 1248 πανηγυρικῷ.
900 1177 1142 1246 μετιέναι
1173 1179 1239 1230 τὰ
1263 1175 1406 1241 θεῖα,
1433 1177 1490 1228 ἐν
1511 1177 1743 1248 ἀςανείᾳ
1775 1179 1832 1232 δὲ
1861 1181 2047 1250 σχολα-

475 1275 658 1341 στικῇ,
692 1269 816 1323 καθ’
849 1271 915 1339 ἢν
944 1270 993 1322 οἱ
1023 1268 1375 1338 σχολάζοντες
1400 1268 1727 1337 γινώσκουσι
1753 1270 2046 1336 δαυιτικῶς

472 1363 565 1414 τὸν
589 1361 742 1414 Θεόν.
774 1361 885 1414 Καὶ
909 1360 1082 1413 ταῦτα
1104 1361 1203 1426 μὲν
1230 1359 1476 1418 τοιαῦτα.

544 1450 607 1507 θ’.
641 1453 714 1504 Τὸ
736 1452 815 1519 δὲ,
857 1454 890 1505 ό
909 1451 1395 1521 ,βραδύγλωσσος
1418 1453 1872 1522 ἐρῤητόρευσεν,
1905 1456 2049 1507 ἀντι-

471 1546 612 1616 θέτῳ
631 1547 772 1600 ἔοικε
791 1546 1068 1616 ῥητορικῷ
1084 1561 1096 1576 ·
1119 1546 1449 1600 ἀντίκεινται
1465 1549 1576 1617 γάρ
1603 1565 1715 1609 πως
1734 1549 1768 1618 ἠ
1790 1549 2049 1618 ῥητορεία

477 1639 573 1692 καὶ
600 1639 628 1690 6
656 1637 1097 1708 βραδύγλωσσος.
1121 1639 1183 1690 Ei
1212 1638 1322 1710 γάρ
1341 1655 1428 1701 τις
1462 1638 1900 1710 βραδύγλωσσος,
1929 1640 2048 1702 πῶς

473 1729 540 1782 ἂν
567 1727 882 1799 ρητορεύοι;
916 1729 1010 1782 καὶ
1041 1725 1108 1783 αὖ
1145 1729 1308 1784 πάλιν
1336 1731 1386 1783 εί
1421 1731 1732 1799 ῥητορεύει,
1763 1732 2047 1786 καὶταῦτα

475 1821 642 1887 νόμον
676 1818 1000 1888 θεόγραφον,
1045 1820 1164 1883 πῶς
1194 1819 1261 1873 ἂν
1292 1821 1378 1887 εἴη
1405 1818 1606 1889 βραδὺς
1631 1822 1730 1890 την
1764 1821 2042 1889 vlui-acati;

2151 643 2206 686 et
2243 635 2672 703 tranquillitatis,
2710 647 2764 690 et
2804 639 3188 693 occultationis
3241 631 3444 695 virtute
3485 646 3724 711 przeditae

2151 725 2458 796 symbolum
2484 736 2565 782 est
2593 727 2739 782 dicta
2773 728 3009 784 Mosaica
3056 732 3263 796 nubes;
3309 750 3478 804 quare
3505 744 3720 804 oportet

2151 816 2245 870 Dei
2281 817 2646 873 collocutores
2675 836 2779 873 non
2811 821 2864 874 in
2907 823 3148 877 tenebris
3181 825 3392 895 vagari,
3438 842 3505 879 ne
3539 827 3629 880 ﬁat
3663 839 3720 880 nt

2151 908 2311 961 aliter
2354 909 2420 963 ad
2451 909 2634 964 divina
2684 913 3010 968 accedamus
3037 931 3199 982 quam
3239 916 3292 969 in
3343 918 3464 972 luce
3496 934 3600 972 non
3640 918 3721 972 fo-

2151 1002 2300 1055 rensi
2330 1011 2386 1055 et
2414 1003 2789 1066 tunmltuaria,
2814 1014 2868 1058 et
2897 1005 3094 1061 melius
3133 1005 3315 1061 dicam
3353 1010 3585 1078 vulgari,
3624 1014 3715 1065 sed

2153 1093 2207 1146 in
2235 1096 2574 1149 obscuritate
2604 1096 2786 1165 quiete
2823 1098 3004 1171 plena,
3027 1098 3078 1152 in
3104 1115 3209 1167 qua
3229 1101 3320 1169 qui
3359 1102 3473 1156 otio
3498 1115 3718 1168 vacant,

2152 1185 2321 1240 Deum
2353 1186 2541 1240 intime
2583 1195 2804 1241 norunt.
2848 1187 2911 1240 Et
2949 1189 3061 1243 luce
3088 1190 3213 1244 talia
3246 1199 3398 1248 sunt.

2222 1450 2276 1507 9.
2318 1451 2474 1517 Quod
2508 1461 2689 1506 autem
2718 1453 3058 1521 tardiloquus
3087 1455 3302 1512 locutus
3331 1458 3425 1522 sit,
3452 1459 3734 1516 autitltcsi.

2151 1542 2490 1598 simillimum
2515 1557 2592 1599 est
2615 1546 2909 1612 oratoria);
2937 1557 3288 1617 opponuntur
3313 1551 3454 1604 enim
3481 1555 3716 1621 quodam

2150 1633 2313 1688 modo
2360 1634 2671 1702 eloquentia
2703 1646 2758 1691 et
2807 1638 3258 1710 tardiloquentia.
3314 1643 3369 1696 Si
3405 1646 3552 1698 enim
3593 1647 3731 1715 quis

2151 1729 2224 1781 sit
2252 1727 2437 1797 lingua
2460 1729 2672 1796 tardus,
2705 1734 2983 1802 quomodo
3014 1736 3347 1806 eloquatur?
3372 1738 3433 1794 Et
3471 1755 3714 1808 rursum,

2151 1815 2196 1870 si
2254 1815 2532 1884 loquatur,
2579 1827 2632 1871 et
2678 1819 2850 1887 legem
2889 1820 3134 1888 proferat
3184 1839 3212 1877 a
3277 1824 3383 1879 Deo
3431 1829 3715 1897 scriptam,

474 1912 580 1963 Καὶ
600 1912 747 1981 ὅμως
768 1911 882 1982 ἔχει
905 1913 966 1964 τὸ
988 1910 1231 1980 ἀσφαλὲς
1259 1914 1289 1980 ἡ
1317 1911 1494 1965 ἔννοια
1521 1912 1661 1965 κατὰ
1687 1912 1832 1965 ίδέαν
1853 1911 2042 1982 ὕψους,

2151 1908 2426 1976 quomodo
2457 1909 2644 1977 lingua
2680 1912 2872 1967 tardus
2906 1913 3017 1968 sit?
3047 1913 3112 1969 Et
3139 1923 3320 1971 tamen
3350 1929 3497 1974 certa
3534 1931 3717 1978 manet

474 2006 609 2073 ὅπερ
645 2003 762 2056 ἐστὶ
791 2002 1140 2072 σεμνότητος.
1167 2003 1382 2072 Τρόπον
1424 2002 1532 2071 γάρ
1569 2020 1692 2056 τινα
1725 2002 1923 2075 φράζει
1955 2001 2048 2055 οῦ-

475 2112 582 2156 τως
606 2111 621 2126 ο
664 2093 724 2148 Ὅ
759 2093 855 2164 τὴν
886 2093 1138 2163 γλῶσσαν
1165 2094 1489 2163 παράκοπος
1536 2096 1595 2147 οὗ
1647 2096 1740 2148 διὰ
1790 2095 2046 2165 μογγίαν,

471 2187 586 2241 ἀλλ’
613 2186 690 2250 ὡς
711 2180 822 2240 οἷον
853 2186 1196 2257 βούγλωσσος
1225 2188 1320 2241 καὶ
1351 2186 1698 2256 βατταρίζειν
1724 2189 2046 2258 σκωπτόμε-

470 2297 559 2341 νος
609 2279 1040 2350 ὲρρητόρευσεν,
1089 2279 1188 2348 οὐχ
1244 2278 1536 2348 ὑπουργῶν
1585 2281 1653 2350 τῇ
1711 2280 2046 2351 ἐπιτυχούσῃ

471 2370 694 2438 φράσει,
738 2369 876 2424 ἀλλὰ
911 2370 1138 2441 φθόγγῳ
1171 2369 1329 2424 Θεοῦ.
1365 2371 1428 2424 El
1471 2369 1528 2424 δὲ
1579 2371 1929 2441 σκηνοόατῶν
1961 2389 2044 2435 τις

470 2466 529 2515 ἐν
555 2463 768 2533 θεάτρῳ
797 2464 979 2527 καλῶς
1011 2464 1116 2518 ὑπὸ
1149 2463 1370 2534 χορηγῷ
1400 2463 1662 2534 λαμπρῷ.
1695 2464 1917 2519 ἔπαινον
1945 2482 2045 2518 πο-

468 2559 567 2612 λὺν
599 2559 944 2629 ὲπισύρεται,
979 2559 1208 2628 πηλίκος
1241 2560 1307 2612 ἂν
1346 2560 1430 2627 εῖη
1479 2562 1535 2622 ὲς
1567 2559 1754 2629 θαῦμα
1791 2561 1819 2613 6
1849 2559 1924 2629 τῷ
1954 2578 2046 2629 χο-

473 2650 629 2720 ρηγῷ
648 2652 745 2720 τῆς
779 2650 970 2720 σοφίας
996 2650 1118 2721 Θεῷ
1148 2650 1511 2720 ὑποφητεύων
1541 2651 1611 2704 τὰ
1639 2651 1850 2705 ἐκείνου
1885 2653 2044 2722 ῥητο-

467 2741 641 2808 ρικῶς
685 2742 779 2796 καὶ
805 2741 1012 2810 τορῶς;
1045 2742 1138 2795 Διὸ
1167 2744 1244 2811 τῷ
1278 2741 1504 2808 τοιούτῳ
1544 2741 1870 2812 ἀντιθετικῷ
1911 2745 2044 2812 σχή-

471 2851 606 2902 ματι
620 2833 714 2887 καὶ
729 2835 824 2904 νοή
834 2851 968 2904 ματι⁵
983 2851 1108 2888 συνε
1118 2832 1437 2903 ξαιρόμενος
1463 2835 1490 2886 6
1513 2834 1752 2905 μελῳδὸς
1781 2834 1879 2887 καὶ
1901 2834 1968 2887 τὰ
1987 2834 2043 2896 ἐς

470 2928 696 2996 φράσιν,
724 2927 822 2979 οὐκ
839 2920 994 2980 εἶπεν
1020 2925 1097 2990 ὡς
1123 2926 1151 2978 6
1180 2925 1596 2996 βραδύγλωσσος
1621 2926 2040 2999 ὲξηκρίϐωσενῆ

468 3019 804 3090 ἔξετράνωσε
843 3021 935 3072 τὸν
963 3021 1276 3090 θεὸγραφον
1304 3022 1493 3089 νόμον,
1537 3019 1676 3072 ἀλλὰ
1720 3019 1811 3073 τοῦ
1839 3037 2044 3091 τροπα-

471 3111 666 3182 ριακοῦ
718 3114 920 3182 γνόφου
969 3115 1070 3166 ὅσα
1121 3115 1214 3166 καὶ
1251 3111 1483 3183 βροντὴν
1519 3111 1781 3183 ἐξέρρηξε
1825 3111 1917 3164 τὸν
1945 3110 2041 3164 τοῦ

2151 2014 2331 2061 mens,
2372 2002 2670 2056 secundum
2713 2002 2889 2058 ideam
2942 2004 3274 2072 altitudinis,
3334 2008 3386 2064 id
3434 2017 3518 2065 est
3552 2013 3720 2080 maje-

2149 2090 2342 2155 statis;
2371 2090 2605 2159 quodam
2627 2093 2772 2148 enim
2799 2093 2961 2148 modo
2979 2093 3058 2150 sic
3087 2095 3367 2166 loquitur:
3398 2099 3500 2165 Qui
3533 2101 3714 2171 lingua

2148 2181 2442 2252 impeditus
2486 2194 2605 2239 erat
2649 2201 2758 2239 non
2800 2185 2928 2255 quia
2951 2187 3100 2242 clara
3152 2188 3376 2245 orbatus
3410 2207 3564 2254 voce,
3620 2195 3714 2248 sed

2147 2275 2306 2344 quasi
2348 2275 2610 2330 bubulam
2676 2277 2920 2348 linguam
2978 2294 3202 2350 gerens,
3237 2291 3292 2334 et
3350 2282 3576 2338 balbuttit
3610 2300 3736 2339 nam

2146 2367 2374 2421 cuilibet
2409 2368 2594 2438 phrasi
2637 2371 2964 2440 obsequens,
2995 2370 3090 2425 sed
3146 2374 3262 2426 voci
3293 2371 3409 2427 Dei.
3445 2374 3500 2428 Si
3534 2385 3712 2430 autem

2149 2472 2368 2512 scenam
2403 2458 2598 2514 adiens
2629 2459 2755 2529 quis
2811 2460 2865 2512 in
2918 2460 3132 2515 theatro
3166 2477 3194 2515 a
3250 2462 3414 2518 nobili
3455 2467 3746 2534 magistro

2147 2549 2397 2614 edoctus,
2439 2551 2668 2620 gloriam
2702 2551 2932 2606 multam
2973 2553 3216 2608 lucretur
3246 2570 3260 2608 :
3289 2571 3394 2624 qua
3447 2556 3499 2610 in
3538 2557 3716 2611 admi-

2147 2638 2359 2695 ratione
2387 2640 2529 2696 foret
2560 2641 2653 2711 qui
2711 2642 2814 2697 sub
2851 2640 3122 2712 magistro
3157 2645 3442 2713 sapientia:
3501 2646 3609 2700 Deo
3636 2648 3714 2701 iu-

2148 2739 2544 2800 terpretaretur
2594 2733 2759 2788 verba
2791 2734 2910 2804 ejus
2940 2735 3087 2790 clare
3121 2745 3174 2791 et
3208 2736 3527 2806 eleganter?
3565 2738 3716 2796 Unde

2147 2823 2245 2878 tali
2299 2824 2626 2879 antithetica
2703 2824 2877 2895 ﬁgura
2940 2836 2994 2882 et
3057 2829 3390 2898 cogitatione
3467 2831 3716 2887 sublatus

2143 2921 2302 2983 pocla
2329 2916 2494 2970 etiam
2525 2916 2702 2986 quoad
2727 2918 2994 2986 phrasim,
3023 2934 3129 2972 non
3164 2920 3297 2974 dixit
3345 2923 3731 2991 tardiloquun»

2143 3005 2306 3076 plane
2343 3007 2603 3063 calluisse
2635 3011 2717 3063 vel
2744 2995 3051 3079 explicasSe
3098 3011 3336 3066 divinam
3379 3013 3577 3082 legem.
3616 3018 3709 3070 sed

2143 3099 2283 3153 sicut
2334 3098 2633 3169 ﬁgurativze
2685 3100 2846 3156 nubis
2901 3102 3159 3169 tonitrua,
3217 3104 3471 3159 crebrum
3529 3109 3708 3159 etiiisit

471 3205 813 3275 ἀμεταόόλου
847 3205 1040 3274 συχνὸν
1072 3205 1272 3275 ῥοῖζον,
1315 3205 1630 3272 τριπλώσας
1661 3204 1822 3258 αὑτὸν
1853 3205 1911 3256 ὲν
1941 3205 2042 3274 μιᾷ

2145 3191 2502 3248 immutabilis
2540 3193 2630 3246 Dei
2677 3193 2920 3260 sibilum,
2971 3195 3259 3264 triplicans
3315 3212 3439 3251 eum
3494 3198 3547 3252 in
3603 3216 3714 3253 uno

472 3297 616 3363 λέξει
643 3298 782 3369 πρὸς
820 3297 1074 3365 εὐλογίαν
1112 3296 1422 3368 τριαδικὴν,
1455 3297 1550 3350 καὶ
1581 3296 1641 3349 τὸ
1681 3296 1878 3363 σεμνὸν
1909 3314 2039 3368 σεμ-

466 3389 570 3453 νῶς
600 3390 816 3458 φράσας
840 3389 916 3452 ὡς
945 3388 1155 3459 ἔπρεπε
1179 3404 1196 3420 ·
1222 3388 1274 3442 τί
1301 3388 1346 3442 δ’
1375 3387 1514 3442 ἀλλὰ
1540 3389 1638 3443 καὶ
1671 3387 1948 3460 χρῄζομεν
1982 3391 2039 3442 ὲν

465 3483 730 3546 τοιούτοις
758 3480 1040 3542 Μωῦσέως
1083 3481 1278 3534 τούτου
1319 3479 1759 3550 στεντοροφὼνου
1786 3483 2034 3551 ῥήτορος.

466 3564 530 3626 οὗ
572 3574 667 3628 καὶ
706 3573 767 3625 τὸ
815 3571 1096 3641 ίσχναλέον
1119 3572 1219 3640 τῆς
1261 3569 1452 3634 λαλιᾶς
1481 3573 1574 3644 ,εἰς
1613 3571 1844 3641 οὐρανὸν
1877 3572 2039 3625 αὐτὸν

465 3664 747 3718 ἀναϐαίνει
769 3662 1106 3731 ἀκουομένου
1135 3661 1238 3715 ὑπὸ
1259 3661 1428 3727 Θεοῦς
1459 3663 1553 3716 καὶ
1577 3663 1865 3732 στοιχείοις
1898 3663 2038 3716 ὑπα-

466 3754 599 3824 κοὴν
650 3755 873 3824 ἐμποιεῖ
933 3754 1030 3807 ἐπὶ
1083 3753 1366 3807 ἀλλοιώσει
1407 3752 1556 3824 ξένῃ,
1610 3755 1707 3806 καὶ
1761 3753 2037 3806 θάλασσαν

468 3845 643 3913 σχίζει
675 3845 770 3899 καὶ
799 3843 1171 3914 ἀποκαθιστᾷ,
1204 3841 1300 3896 καὶ
1339 3841 1444 3912 γῆν
1475 3843 1533 3896 δὲ
1564 3843 1736 3914 αὐτὴν
1774 3845 2036 3914 ῥήγνυσιν

463 3938 541 4001 ὡς
586 3937 794 4008 χαίνειν
826 3933 970 3988 κατὰ
1010 3935 1333 4003 κακότητος,
1394 3933 1452 3986 εί
1478 3951 1564 3996 τις
1613 3934 1928 4005 ἐννοήσεται
1970 3935 2038 3988 τὰ

467 4029 608 4082 κατὰ
630 4028 723 4080 τὸν
751 4027 931 4080 Δαθὰν
964 4026 1059 4080 καὶ
1084 4026 1177 4078 τὸν
1201 4024 1488 4094 ’Δὸειρὼν.

537 4126 592 4174 ι’.
624 4121 687 4174 Εἰ
721 4120 778 4173 δὲ
805 4118 900 4173 καὶ
932 4118 1008 4189 μὴ
1036 4116 1355 4188 δυσπραγίᾳ
1383 4115 1622 4186 φύσεως,
1655 4116 1793 4170 ἀλλὰ
1825 4117 1884 4182 ἐξ
1916 4119 2038 4170 ἐπι-

464 4211 746 4280 καύματος
771 4209 1062 4278 ἄνθρακος,
1106 4208 1167 4262 ὃν
1207 4205 1505 4278 μετέλαϐεν
1535 4207 1699 4270 αὐτὸς
1740 4209 1864 4262 ἀντὶ
1911 4225 2040 4262 στα·

462 4301 628 4372 τῆρος
652 4301 747 4355 καὶ
775 4299 941 4354 αὐτοῦ
963 4299 1219 4368 χρυσέου,
1249 4298 1309 4351 τὸ
1331 4297 1750 4368 βραδύγλωσσον
1778 4300 1806 4352 6
1828 4297 2036 4367 γλυκὺς

463 4391 706 4461 Μωῦσῆς
736 4388 1110 4460 ἐκληρώσατο.
1148 4387 1416 4458 σεμνότης
1449 4389 1545 4442 καὶ
1580 4388 1721 4458 αὕτη
1755 4389 1834 4460 τῷ
1876 4389 2039 4459 οεριέι⁹

465 4487 619 4537 ποντι
672 4483 768 4535 τοῦ
823 4479 960 4534 Θεοῦ
1021 4479 1280 4550 μεγίστη,
1327 4478 1416 4547 ἐφ’
1559 4481 1652 4532 κα)⁸
1682 4481 1901 4550 χρυσέω
1937 4480 2036 4551 τὴν

2143 3285 2311 3339 verto
2357 3285 2425 3339 ad
2456 3284 2744 3342 Trinitatis
2797 3287 3052 3357 gloriam,
3106 3297 3161 3343 et
3194 3289 3420 3358 grandia
3476 3293 3714 3355 graviter

2142 3377 2418 3440 elocutus.
2446 3386 2506 3431 ut
2532 3379 2793 3444 derebat;
2819 3378 2948 3449 quid
2974 3390 3153 3435 autem
3180 3381 3340 3438 nobis
3369 3397 3509 3452 Opus
3543 3393 3627 3438 est
3659 3387 3712 3438 in

2143 3468 2228 3522 bis
2262 3469 2446 3541 Moyse
2481 3471 2576 3524 illo
2609 3480 2905 3527 stentorete
2936 3473 3088 3528 vocis
3125 3475 3368 3539 rhetore,
3400 3477 3555 3544 cujus
3587 3493 3712 3546 gra-

2139 3561 2316 3616 cilitaa
2348 3563 2497 3617 vocis
2539 3565 2591 3617 iu
2619 3564 2813 3619 rmlum
2847 3564 3024 3634 ipsttm
3049 3569 3296 3622 ascendit
3321 3568 3423 3622 sub
3451 3569 3709 3623 audiente

2141 3652 2286 3708 Deo?
2321 3654 2386 3708 Et
2429 3655 2717 3711 elementis
2748 3656 2995 3710 auditum
3036 3658 3163 3712 fecit
3198 3675 3294 3728 pro
3321 3661 3499 3715 aliena
3531 3669 3708 3715 trans-

2147 3745 2475 3808 mutatione,
2509 3755 2564 3800 et
2599 3762 2752 3802 mare
2787 3747 2970 3803 divisit
3023 3757 3079 3803 et
3112 3750 3368 3814 dimovit,
3399 3761 3456 3803 et
3507 3759 3708 3805 terram

2142 3834 2321 3902 rupit,
2391 3835 2463 3887 ita
2526 3843 2586 3888 ut
2643 3836 2912 3892 alversus
2981 3839 3302 3904 pravitatem
3356 3850 3708 3910 patesceret,

2140 3923 2186 3978 si
2227 3925 2623 3994 recogitaveris
2653 3942 2773 3996 qua:
2799 3929 2949 3983 circa
2986 3928 3199 3985 Datltan
3231 3941 3286 3987 et
3327 3931 3534 3988 Abiron
3571 3932 3708 3987 facta

2214 4107 2302 4162 10.
2341 4108 2396 4162 Si
2434 4121 2614 4164 autem
2667 4127 2772 4166 non
2807 4127 2872 4166 ex
2925 4114 3058 4168 vitio
3093 4123 3322 4178 natum,
3359 4116 3453 4171 sed
3488 4131 3552 4170 ex
3587 4132 3707 4171 ear-

2141 4201 2303 4258 bonis
2327 4203 2643 4268 adustione,
2690 4219 2852 4274 quem
2902 4207 3144 4276 sumpsit
3184 4207 3302 4277 ipse
3348 4223 3451 4277 pro
3503 4219 3707 4264 statere

2140 4295 2282 4363 auri,
2312 4296 2712 4366 tardiloquium
2747 4297 2868 4351 miti
2901 4299 3106 4354 accidit
3136 4298 3331 4370 Moysi,
3365 4301 3600 4355 maxima
3624 4312 3706 4357 est

2142 4402 2270 4443 vero
2290 4386 2382 4442 Dei
2415 4386 2672 4458 dignitas,
2712 4398 2836 4458 post
2866 4389 3046 4458 ipsum
3092 4405 3320 4445 aureum
3373 4407 3434 4447 os
3488 4393 3620 4456 dici,
3653 4404 3705 4448 et

2139 4481 2355 4549 igneam
2414 4479 2654 4549 linguam
2701 4481 2845 4560 sicut
2891 4482 3131 4548 apostoli
3177 4484 3433 4538 sortitum
3467 4499 3612 4544 esse,
3655 4495 3703 4537 et

463 4573 716 4642 γλῶσσαν
738 4571 1015 4638 λέγεσθαι,
1051 4570 1151 4622 καὶ
1178 4568 1416 4640 πυρίνην
1451 4567 1709 4636 γλῶσσαν
1739 4567 1836 4623 καὶ
1870 4568 2034 4622 αὑτὸν

2143 4570 2330 4642 magni
2387 4571 2566 4625 instar
2597 4569 2772 4636 Isaire,
2805 4571 3044 4627 carbone
3079 4574 3396 4643 prophetice
3429 4573 3600 4631 fuisse
3631 4586 3694 4627 ta-

462 4663 651 4733 λαχεῖν
690 4659 1086 4724 ἁποστολικῶς,
1124 4661 1220 4712 καὶ
1271 4660 1412 4713 κατὰ
1446 4660 1538 4714 τὸν
1591 4661 1766 4730 μέγαν
1800 4661 2038 4714 Ἡσαΐαν

461 4755 711 4826 ἄνθρακα
737 4753 1093 4825 ψωμισοῆναι
1123 4752 1500 4822 προφητικῶς.
1533 4751 1594 4806 Ei
1633 4752 1689 4804 δὲ
1725 4751 1820 4806 καὶ
1863 4754 2041 4822 κωφοὶ

463 4849 529 4902 ὲκ
556 4847 786 4917 γενετῆς
817 4844 1138 4916 τρανοῦνται
1163 4845 1416 4914 γλώσσας
1455 4842 1560 4896 ὑπὸ
1593 4841 1730 4897 Θεοῦ
1764 4843 1856 4897 καὶ
1906 4843 2037 4898 θαυ-

467 4939 755 5011 μάζονται,
799 4937 895 4989 καὶ
949 4935 1232 5007 μογιλάλοι
1289 4933 1642 5004 διατρανοῦσι
1696 4933 1758 4987 τὸ
1819 4934 2038 5004 λάλημα

467 5033 565 5086 καὶ
598 5031 918 5085 ύποκινοῦσι
966 5030 1061 5082 καὶ
1103 5027 1260 5080 αὐτοὶ
1298 5026 1506 5097 θαῦμα,
1561 5025 1796 5096 πηλίκος
1847 5024 1913 5079 ἃν
1948 5025 2036 5096 εἴη

469 5125 888 5198 βραδύγλωσσος
918 5118 1072 5204 οὗτος
1106 5125 1313 5194 ῥήτωρ,
1347 5121 1404 5185 ὃς
1433 5119 1570 5173 Θεοῦ
1595 5121 1779 5192 φωνὴν
1807 5121 2035 5192 ὐποκρι-

464 5219 719 5285 νάμενος,
749 5216 922 5278 οὕτως
953 5214 1217 5283 ὑπερλίαν
1249 5213 1562 5280 εὐδοκιμεῖν
1589 5211 1787 5284 ἔλαχε;
1822 5213 2032 5283 Φράσαι

461 5307 518 5360 δὲ
561 5308 656 5361 καὶ
688 5305 863 5368 ἄλλως
907 5303 970 5357 τὸ
1004 5303 1156 5358 αὐτό·
1185 5302 1316 5357 Ἐὰν
1346 5301 1662 5372 ἀνθρωπίνη
1705 5303 2034 5372 συνάσκησις

463 5398 730 5468 ἐπιμελὴς
759 5395 1094 5466 θεραπεύσοι
1126 5393 1382 5462 γλῶσσαν
1413 5393 1838 5464 δυσπραγοῦσαν
1867 5395 1947 5456 είς
1970 5394 2032 5446 τὸ

462 5492 665 5558 λαλεῖν,
696 5491 725 5545 ὃ
771 5492 837 5563 δὴ
885 5492 914 5545 6
959 5489 1252 5553 Παιανιεὺς
1301 5488 1488 5560 ῥήτωρ
1537 5489 1614 5550 ὡς
1658 5487 2032 5556 καλλίστευμα

461 5583 882 5656 δυσπραγούσης
913 5582 1129 5652 φύσεως
1164 5579 1514 5651 ἐτεχνήσατο,
1559 5579 1677 5642 πῶς
1715 5579 1818 5632 οὐκ
1851 5581 1914 5633 ἂν
1942 5580 2030 5632 δυ-

461 5672 681 5739 νήσεται
727 5673 756 5726 6
788 5670 1196 5739 παντοδύναμος
1234 5668 1461 5734 Κύριος,
1504 5669 1532 5720 6
1559 5671 1656 5736 τῆς
1693 5667 1910 5736 φύσεως
1939 5669 2028 5740 δη-

463 5764 722 5832 μιουργὸς
779 5765 872 5817 τὸν
921 5761 1088 5816 αὐτοῦ
1137 5762 1346 5832 ῥήτορα
1401 5759 1758 5829 Θεραπεῦσαι,
1823 5762 1872 5813 εί
1930 5763 2028 5830 τὴν

462 5851 714 5916 γλῶσσαν
747 5855 1039 5924 καχεκτεῖ;
1073 5851 1390 5923 Σημείωσαι
1419 5849 1474 5904 δὲ
1519 5850 1602 5905 ὅτι
1627 5849 1802 5916 ἄλλως
1832 5853 1891 5906 τὸ
1924 5853 2022 5922 61}-

2143 4671 2314 4717 ctum.
2346 4662 2403 4716 Si
2438 4672 2619 4718 autem
2666 4662 2938 4733 loquelam
2968 4672 3023 4718 et
3067 4666 3202 4719 muti
3234 4681 3262 4720 a
3287 4667 3568 4721 nativitate
3601 4667 3703 4720 cla-

2143 4768 2259 4808 ram
2296 4769 2326 4807 a
2357 4753 2468 4808 Deo
2498 4754 2752 4809 obtinent
2783 4762 2838 4809 et
2884 4755 3238 4811 admirationi
3271 4765 3420 4822 sunt,
3461 4770 3514 4812 et
3565 4760 3706 4813 balbi

2139 4847 2487 4917 perspicuam
2516 4847 2754 4902 reddunt
2785 4861 2968 4904 vocem
3026 4857 3080 4904 et
3107 4849 3208 4918 ipsi
3241 4851 3548 4922 prodigium
3587 4868 3702 4907 sen-

2141 4938 2307 5003 tiunt,
2339 4937 2520 5007 qualis
2569 4936 2672 4993 fuit
2701 4938 3044 5009 tardiloquus
3087 4939 3180 4994 ille
3230 4952 3416 4996 arator
3466 4942 3558 5010 qui
3615 4943 3704 4994 Dei

2140 5043 2331 5084 vocem
2374 5030 2786 5098 interpretatus,
2830 5029 2912 5085 sic
2959 5029 3330 5086 abundantius
3383 5033 3575 5084 meruit
3608 5031 3704 5086 lio—

2139 5118 2367 5173 norari?
2390 5122 2484 5176 sed
2520 5121 2663 5174 idem
2698 5121 2855 5175 aliter
2884 5121 3181 5176 dicendum
3209 5140 3222 5177 :
3259 5122 3314 5177 Si
3347 5123 3577 5194 diligens
3606 5125 3704 5178 ho-

2140 5211 2344 5264 minum
2397 5208 2641 5265 studhtm
2678 5211 2918 5279 linguam
2972 5223 3130 5268 curct
3181 5213 3233 5266 in
3277 5214 3545 5284 loquendo
3579 5218 3704 5270 mali

2137 5303 2493 5372 prohibitam,
2530 5305 2676 5372 quod
2696 5313 2750 5359 et
2785 5305 2913 5359 fecit
2943 5321 3008 5359 ex
3043 5306 3238 5360 chana
3265 5308 3410 5360 tribu
3439 5309 3706 5364 oriundus

2135 5406 2324 5450 orator
2373 5397 2439 5450 ad
2499 5397 2708 5451 vitiosa:
2745 5391 3205 5454 emendationem
3261 5409 3512 5467 naturaz,
3572 5417 3690 5471 quo-

2137 5486 2300 5539 modo
2352 5502 2459 5540 non
2526 5487 2701 5556 possit
2763 5489 3114 5556 omnipotens
3163 5489 3453 5556 Dominus,
3500 5501 3705 5545 natura:

2134 5586 2375 5641 creator,
2426 5578 2711 5648 proprium
2768 5578 3119 5647 interpretem
3160 5594 3374 5647 curare,
3412 5581 3458 5634 si
3521 5581 3702 5649 lingua

2133 5668 2384 5724 laboret?
2409 5669 2720 5725 Notandum
2758 5685 2938 5725 autem
2973 5672 3119 5741 quod
3161 5672 3292 5725 illud
3336 5671 3701 5740 pronuntiarit

2132 5777 2238 5814 non
2275 5763 2587 5816 necessario
2620 5775 2871 5817 sumatur
2909 5779 3008 5832 pro
3056 5767 3285 5833 perfecte
3339 5774 3386 5815 et
3429 5763 3700 5830 eleganter

2130 5854 2370 5923 protulit,
2409 5854 2505 5910 sed
2541 5856 2852 5927 signiﬁcare
2875 5869 3064 5911 auctor
3087 5857 3248 5912 voluit
3276 5857 3476 5909 διηρινά
3506 5865 3552 5908 et
3583 5872 3699 5907 ma-

2855 5944 2880 5977 Ι
