4050 6404
359 407 454 469 5η
1068 413 1488 475 EUSTATHH
1531 416 2295 480 TIIESSALONICENSIS
2338 420 2904 484 METROPOLITZE
3520 427 3629 490 53?.

357 525 554 594 nifcsta
587 523 792 580 locutus
825 533 918 589 est,
954 539 1115 597 prout
1144 521 1355 584 faciunt
1378 531 1668 602 diligenter
1694 546 1749 587 et
1771 551 1926 603 gene-

2040 537 2414 605 ῥητόρευσεν
2438 539 2536 592 οὐκ
2569 540 2628 604 ἐξ
2677 543 2926 612 ἀνάγκης
2947 542 3291 612 λαμϐάνεται
3335 543 3456 596 ἀντὶ
3505 542 3622 610 τοῦ,

359 617 470 671 rosi
525 627 797 685 oratores,
843 620 1024 688 qualis
1052 623 1265 676 exstitit
1299 622 1514 696 Moyses
1551 641 1657 680 non
1691 643 1720 682 a
1754 628 1934 698 seipso

2044 629 2293 699 διάτορον
2333 630 2903 704 ἐκαλλιρῤημόνησεν,
2939 635 3076 688 ἀλλὰ
3099 635 3294 705 δηλοῦν
3322 634 3497 688 ὲοέλει
3531 634 3629 688 καὶ

358 710 612 779 loquens,
649 725 750 765 nec
783 713 1006 781 propria
1046 713 1350 783 proferens,
1384 718 1477 771 sed
1514 719 1784 774 dit-initus
1816 735 1934 789 qum

2045 721 2126 787 τδ,
2174 722 2436 776 σπουδαῖα
2470 726 2564 776 καὶ
2599 724 2985 796 ἀναντὶῥρητα
3020 726 3251 796 ἐλάλησε
3305 727 3467 792 κατὰ,
3501 731 3630 789 τοὺς

357 802 447 854 Dei
482 812 678 867 erant;
711 805 856 858 unde
888 805 1236 863 invincibiles
1262 819 1388 863 sunt
1431 820 1482 864 ‘et
1523 811 1626 880 ipsi
1669 827 1698 865 a
1733 811 1934 882 Spiritu

2045 816 2141 868 καὶ
2176 816 2510 882 ἐναγωνίους
2541 820 2638 871 καὶ
2677 818 2963 886 γενναίους
3015 819 3273 888 ῥήτορας,
3319 820 3503 879 ὁποῖος
3533 819 3632 868 πέ-

351 903 549 948 sancto
579 895 744 949 amati
777 907 1026 953 oratores
1063 900 1178 969 qui,
1221 910 1280 955 ut
1309 911 1500 971 postea
1536 913 1698 958 canet
1749 915 1934 973 poeta,

2047 924 2183 976 φηνε
2219 909 2312 961 καὶ
2340 911 2367 961 ὁ
2403 910 2667 980 Μωῦσῆς,
2702 909 2802 962 οὐκ
2839 909 2934 978 ἀφ’
2960 910 3158 962 ἑαυτοῦ
3185 910 3384 976 λαλῶν,
3416 909 3536 963 οὐδὲ
3561 910 3630 964 τὰ

350 984 617 1040 illitterati
669 1002 793 1042 cum
850 1001 1060 1052 essent,
1114 991 1432 1047 Graecorum
1480 995 1934 1064 philosophorum

2046 999 2264 1066 ἑαυτοῦ,
2299 1001 2484 1054 θεόθεν
2515 1003 2570 1055 δὲ
2621 1001 2692 1054 τὰ
2719 1003 2814 1056 τοῦ
2845 1004 2983 1057 Θεοῦ
3012 1019 3025 1033 '
3062 1003 3130 1056 δι’
3170 995 3233 1056 οῦ
3265 1003 3631 1072 ἀκαταμάχη-

352 1093 450 1132 ora
491 1079 832 1147 clauserunt,
873 1097 982 1135 non
1020 1083 1180 1136 aliter
1228 1100 1392 1154 quam
1443 1086 1648 1152 verbo;
1704 1096 1759 1141 et
1794 1085 1934 1141 tales

2041 1107 2126 1144 τοι
2161 1094 2252 1145 καὶ
2284 1094 2333 1146 οἱ
2362 1095 2504 1148 κατὰ
2551 1094 2615 1147 τὸ
2645 1094 2804 1163 ἅγιον
2835 1095 3061 1165 Πνεῦμα
3092 1097 3340 1166 ῥήτορες,
3390 1095 3440 1148 οἳ
3465 1095 3540 1156 ὡς
3571 1095 3630 1146 ὲν

349 1181 474 1222 esse
499 1167 593 1222 Dei
628 1170 1018 1238 praedicatores
1042 1173 1268 1228 omnino
1299 1175 1614 1244 oportebat.

2040 1183 2155 1245 τοῖς
2209 1183 2336 1253 ἑξῆς
2371 1185 2563 1254 μέλψει
2613 1185 2641 1237 ὁ
2700 1186 2958 1256 μελῳδδς,
3015 1187 3408 1256 ἀγράμματοιῖ
3447 1184 3624 1253 ὄντες,

348 1258 477 1320 τοὺς
505 1260 900 1342 τῶνἙλλήνων
929 1265 1196 1330 σοφιστὰς
1216 1265 1596 1336 ἐπεστόμιζον,
1625 1268 1724 1321 οὐκ
1751 1269 1927 1333 ἄλλως
1965 1270 2104 1326 ἀλλὰ
2135 1274 2277 1346 λόγῳ
2301 1292 2313 1306 ·
2347 1278 2440 1330 καὶ
2487 1278 2658 1348 ἐχρῆν
2693 1279 2914 1342 πάντως
2949 1279 3226 1341 τοιούτους
3290 1273 3434 1331 εἶναι
3499 1275 3630 1340 τοὺς

349 1335 743 1422 θεορῤἡτορας.

421 1444 510 1497 Η.
553 1446 744 1499 Divina
787 1457 968 1502 autem
1021 1449 1107 1502 lea:
1162 1465 1327 1520 quam
1385 1453 1529 1510 Deus
1588 1456 1706 1525 ipse
1755 1457 1928 1526 digito

349 1534 594 1602 scripsit,
628 1550 726 1604 per
759 1551 922 1605 quam
956 1536 1236 1594 daemones
1272 1542 1446 1612 pellit,
1479 1552 1534 1599 et
1559 1559 1731 1600 onera
1759 1547 1929 1600 volvit

348 1640 474 1695 quas
499 1642 658 1681 nemo
690 1626 828 1682 feret
881 1645 1149 1698 unquam,
1173 1641 1228 1687 et
1259 1634 1552 1692 innumera
1585 1637 1690 1692 alia
1716 1639 1934 1712 peragit

347 1719 657 1788 miracula;
689 1723 1055 1793 {excogitaret
1103 1735 1284 1781 autem
1331 1728 1421 1784 hic
1475 1729 1662 1786 forsan
1724 1733 1929 1804 aliquis

349 1813 521 1880 quod,
558 1813 707 1869 inter
733 1824 952 1883 uetera,
991 1817 1132 1872 alius
1159 1818 1232 1873 sit
1282 1820 1421 1891 legis
1473 1821 1656 1891 dator,
1704 1834 1759 1880 et
1789 1826 1932 1882 alius

351 1903 676 1972 legislator;
705 1905 799 1960 sed
830 1909 992 1962 ambo
1024 1907 1078 1964 in
1110 1909 1282 1966 Deum
1314 1913 1570 1969 recidunt
1596 1932 1610 1980 ;
1640 1917 1758 1986 ipse
1780 1919 1928 1971 enim

348 1993 527 2064 legem
566 1997 657 2051 dat
686 1999 1074 2070 praecipiendo,
1119 2011 1173 2056 et
1205 2003 1314 2060 fert
1345 2007 1595 2063 scribens
1632 2009 1684 2063 in
1733 2025 1930 2078 corpo-

2114 1464 2204 1510 ια’.
2239 1457 2574 1527 Θεόγραρος
2603 1458 2659 1511 δὲ
2686 1460 2891 1529 νόμος,
2943 1460 3002 1513 ὂν
3045 1459 3179 1543 Θεδς
3225 1458 3387 1522 αὐτὸς
3416 1459 3624 1530 ἔγραψε

2041 1553 2313 1622 δακτύλῳ,
2349 1553 2417 1606 δι’
2447 1547 2508 1604 οῦ
2543 1554 2637 1606 καὶ
2680 1554 2934 1624 δαιμόνια
2975 1553 3228 1608 ἐκϐάλλει
3278 1555 3372 1607 καὶ
3423 1553 3621 1622 φορτία

2047 1649 2343 1720 μετακινεῖ,
2385 1648 2531 1716 ἆπερ
2560 1649 2660 1700 οὐκ
2703 1647 2770 1700 ἂν
2828 1647 2987 1718 φέροι
3033 1665 3140 1708 τις,
3200 1647 3293 1700 καὶ
3338 1646 3502 1700 λοιπᾶ
3562 1645 3621 1698 δὲ

2047 1734 2219 1804 μυρία
2246 1733 2458 1787 έκτελεϊ
2484 1735 2768 1802 τεράστια.
2801 1736 3107 1804 Πορίσηται
3138 1735 3186 1788 δ’
3211 1734 3279 1788 ἄν
3300 1753 3388 1798 τις
3435 1733 3623 1788 ἐντεῦ-

2041 1826 2152 1889 θεν,
2185 1827 2231 1880 εί
2261 1827 2356 1879 καὶ
2391 1827 2479 1879 ἐπ’
2506 1828 2682 1882 ἄλλων
2711 1829 3007 1898 διαφόρους
3037 1829 3179 1882 εἶναι
3211 1830 3361 1882 δοκεῖ
3389 1829 3532 1882 κατά
3566 1845 3619 1882 τι

1987 1913 1990 1915 “
2039 1919 2131 1972 τόν
2163 1937 2221 1973 τε
2265 1920 2565 1988 νομοδότην
2599 1921 2694 1973 τόν
2725 1937 2784 1974 τε
2835 1920 3162 1990 νομοθέτην,
3195 1921 3311 1976 ἀλλ’
3343 1922 3438 1974 ἐπὶ
3482 1919 3619 1973 Θεοῦ

2039 2011 2363 2082 συμϐαίνειν
2393 2013 2704 2083 ἀμφότερα.
2745 2012 2805 2066 Ὀ
2832 2013 2940 2084 γὰρ
2963 2013 3124 2077 αὐτὸς
3155 2014 3249 2067 καὶ
3280 2011 3624 2081 νόμον’δίδωο

350 2087 533 2154 ribus;
570 2088 709 2142 idem
736 2089 907 2159 legem
936 2101 990 2147 et
1017 2093 1188 2163 dedit,
1217 2105 1272 2151 et
1297 2097 1455 2163 tulit;
1492 2097 1782 2155 manifeste
1833 2116 1932 2154 au-

2039 2120 2126 2157 σιν
2158 2105 2602 2176 ἐπιτελλόμενος,
2640 2107 2736 2160 καὶ
2769 2106 2950 2176 τίθησι
2982 2107 3215 2174 γράφων
3243 2107 3301 2157 έν
3329 2105 3580 2174 σώμασιν
3600 2119 3620 2138 ο

352 2187 459 2232 tem
489 2193 516 2231 a
549 2177 658 2234 Deo
688 2181 896 2250 scripta
935 2182 1159 2238 inventa
1189 2194 1274 2240 est
1307 2187 1392 2241 lex
1420 2203 1518 2258 per
1545 2188 1768 2260 Moysen
1794 2191 1935 2244 divi-

355 2269 506 2323 nitus
544 2267 804 2325 israelitis
857 2272 1046 2339 missa,
1091 2275 1158 2328 ad
1192 2279 1693 2345 supereminentem
1745 2281 1938 2335 distin-

359 2361 598 2415 ctionem
631 2373 954 2418 caeterarum
986 2366 1170 2437 legum
1201 2368 1463 2438 physicae,
1503 2371 1776 2440 gentium,
1808 2381 1864 2428 et
1888 2373 1933 2428 si

357 2467 482 2522 qua:
522 2453 626 2508 alia
664 2454 814 2524 justa
846 2455 1209 2528 distinguitur
1237 2463 1463 2515 omnino
1513 2463 1584 2518 ah
1634 2464 1723 2518 illa
1772 2465 1932 2535 lege;

354 2546 738 2617 incompositae
777 2549 924 2604 enim
953 2560 1008 2606 et
1029 2552 1346 2621 ineongruae
1378 2555 1543 2623 leges,
1571 2568 1624 2612 et
1660 2557 1934 2622 crudeles,

353 2639 546 2707 quales
571 2647 731 2693 erant
753 2639 1048 2711 Cyclopum
1081 2651 1137 2697 et
1168 2641 1576 2714 Laestrygonum
1627 2647 1793 2718 leges,
1828 2664 1934 2704 non

355 2737 488 2783 sunt
519 2730 609 2784 hic
655 2733 882 2785 omnino
931 2740 1448 2804 commemoranda,
1488 2739 1711 2808 quando
1753 2757 1938 2795 sermo

353 2828 440 2875 est
497 2821 566 2881 de
611 2822 727 2893 lege
788 2839 817 2877 a
862 2824 970 2880 Deo
1014 2825 1117 2881 rite
1149 2829 1390 2895 scripta;
1445 2831 1589 2886 sicut
1636 2847 1738 2887 nec
1791 2833 1937 2902 leges

356 2925 552 2965 eorum
583 2912 674 2982 qui
704 2916 930 2970 statutis
975 2924 1254 2987 reguntur
1289 2923 1549 2990 propriis,
1599 2924 1684 2978 vel
1737 2925 1935 2979 mulie-

354 3015 504 3068 rum,
557 3001 642 3057 vel
678 3004 1010 3072 tabularum,
1053 3007 1138 3062 vel
1165 3023 1482 3079 puerorum,
1517 3021 1572 3066 et
1620 3013 1664 3068 si
1715 3016 1806 3085 qui
1839 3015 1934 3070 alii

357 3092 494 3149 tales
531 3103 696 3161 sunt;
751 3110 850 3152 nec
885 3097 988 3166 ipsi
1034 3099 1181 3154 enim
1233 3103 1303 3155 ob
1357 3103 1623 3159 vilitatem
1664 3107 1932 3162 memoria

355 3184 506 3254 digni
539 3196 688 3242 sunt.
718 3186 773 3242 Si
800 3197 981 3244 autem
1005 3193 1189 3248 omnis
1218 3193 1299 3248 lex
1330 3195 1552 3261 politica
1579 3196 1674 3252 Dei
1703 3199 1935 3264 donum,

356 3286 413 3332 et
452 3279 783 3349 sapientium
809 3281 1097 3339 hominum
1126 3287 1372 3344 inventio
1402 3304 1528 3345 esse
1565 3290 1932 3361 dignoscitur,

357 3369 489 3426 talis
539 3381 687 3428 certe
727 3371 868 3429 bona
895 3383 999 3442 est,
1037 3384 1091 3432 et
1135 3393 1266 3433 vere
1315 3381 1588 3435 accioitur
1627 3392 1687 3435 ut
1742 3399 1771 3437 a
1825 3385 1935 3440 Deo
1966 3435 2006 3454 η

358 3463 487 3516 data
527 3473 582 3517 et
619 3464 746 3518 lata.

434 3731 524 3786 12.
554 3730 746 3786 Limus
776 3742 958 3788 autem
995 3737 1140 3804 quod
1181 3737 1253 3792 sit
1281 3753 1505 3795 caenosa
1554 3740 1855 3799 humiditas
1883 3755 1934 3801 et

355 3839 456 3894 per
484 3825 591 3879 hoc
616 3825 684 3879 ad
709 3825 1030 3882 illinendum
1057 3839 1211 3899 apta,
1239 3839 1294 3885 et
1321 3833 1470 3888 aliud
1503 3849 1668 3903 quam
1705 3838 1937 3893 materia

357 3916 718 3986 simpliciter,
771 3919 882 3987 jam
938 3920 1276 3977 declaratum
1327 3934 1409 3980 est
1460 3926 1685 3996 pulchre
1737 3945 1936 4000 reprae-

357 4016 587 4064 sentans
609 4023 674 4063 ex
707 4011 1028 4078 conjectura
1060 4016 1326 4072 naturalis
1369 4017 1515 4072 inter
1547 4019 1717 4087 legem
1766 4021 1937 4078 colla-

353 4098 528 4154 tionis
557 4109 612 4154 et
637 4115 862 4157 carnem
897 4103 949 4157 in
978 4104 1137 4161 nobis
1168 4121 1233 4160 ex
1281 4108 1411 4162 limo
1445 4111 1710 4176 conditis,
1755 4111 1935 4170 ideam

355 4199 414 4245 et
465 4191 775 4259 notionem;
826 4195 972 4250 unde
1037 4196 1396 4253 obtenebrata
1475 4211 1664 4258 nostra
1711 4207 1936 4260 mentali

354 4283 584 4340 lucerna
643 4286 802 4355 quasi
863 4288 932 4343 ab
984 4303 1051 4344 eo
1105 4289 1360 4347 liniretur
1419 4294 1566 4349 velut
1617 4311 1680 4350 ex
1725 4297 1938 4354 limosis

354 4377 574 4432 tabellis
593 4419 609 4445 ,
637 4387 698 4433 ut
735 4390 922 4448 aperte
951 4383 1156 4447 dicam,
1181 4386 1462 4454 susceptio
1490 4389 1700 4443 deletur
1742 4399 1796 4445 et
1819 4405 1936 4445 ma-

355 4469 644 4527 nifestatio
677 4472 904 4529 luminis
940 4473 996 4528 in
1026 4477 1302 4533 mentibus
1356 4480 1599 4546 nostris;
1634 4498 1733 4537 nec
1780 4483 1936 4552 prius

357 4564 698 4636 permittitur
733 4566 1055 4622 illuminans
1084 4582 1207 4624 esse
1233 4579 1288 4624 et
1319 4571 1550 4627 lucifera
1574 4574 1799 4629 lucerna
1821 4577 1936 4630 haec

352 4675 383 4712 a
415 4658 579 4714 Patre
606 4659 878 4713 luminum
922 4674 1177 4728 accensa,
1214 4677 1377 4731 quam
1431 4667 1602 4732 primo
1654 4681 1933 4723 emnosam

2036 2195 2065 2247 ό
2103 2193 2264 2257 ain-3;
2296 2195 2404 2264 ἄρα
2442 2195 2536 2246 καὶ
2565 2197 2866 2264 νομοδοτεῖ.
2902 2195 3075 2264 Δῆλον
3106 2195 3163 2249 δὲ
3194 2196 3278 2248 ὅτι
3312 2195 3620 2266 θεόγραφος

2037 2286 2232 2360 εὑρέθη
2259 2289 2422 2357 νόμος
2469 2290 2496 2340 ὁ
2525 2289 2612 2342 διὰ
2642 2289 2925 2352 Μωῦσέως
2968 2289 3156 2342 Θεόθεν
3195 2291 3310 2352 τοῖς
3350 2288 3620 2356 Ἰσραηλί-

2037 2396 2156 2443 ταις
2187 2381 2460 2450 πεμφθεὶς
2505 2383 2642 2452 πρὸς
2689 2383 3037 2454 ὑπέρσεμνον
3083 2382 3373 2454 διαστολὴν
3418 2383 3621 2452 ἐτέρων

2037 2478 2239 2546 νόμων,
2267 2475 2362 2528 τοῦ
2406 2476 2660 2544 φυσικοῦ,
2699 2477 2794 2529 τοῦ
2847 2475 3087 2537 ὲθνικοῦ,
3123 2475 3218 2529 καὶ
3254 2474 3419 2537 εἴτις
3466 2474 3620 2540 ἄξιος

2038 2567 2534 2624 ἀντιδιαστέλλεται
2581 2569 2718 2631 ὅλως
2762 2569 2911 2636 νόμῳ
2957 2567 3209 2638 τοιοῦτῳ.
3244 2567 3308 2620 Οἱ
3358 2568 3466 2638 γὰρ
3497 2566 3620 2620 ἀλό-

2037 2681 2212 2732 γιστοι
2240 2662 2334 2716 καὶ
2367 2662 2638 2730 ἀπρεπεῖς
2666 2662 2842 2729 νόμοι,
2870 2659 2950 2713 ἔτι
2983 2659 3040 2712 δὲ
3088 2661 3185 2712 καὶ
3217 2659 3265 2711 οἱ
3303 2657 3617 2728 Θηριὼδεις,

2039 2757 2212 2807 ὁποῖοι
2244 2753 2338 2806 καὶ
2367 2753 2416 2804 oi
2451 2751 2804 2811 κυκλὼπειοι,
2835 2751 2925 2802 καὶ
2953 2749 3000 2802 οἱ
3021 2749 3161 2803 κατᾶ
3187 2750 3617 2817 Λαιστρυγόνας,

2040 2845 2163 2899 οὐδὲ
2203 2843 2600 2915 μνημονευτέοι
2621 2845 2759 2905 ὅλως
2791 2842 3048 2907 ἐνταῦθα,
3084 2841 3218 2894 ἔνθα
3247 2844 3274 2894 ὁ
3303 2841 3462 2908 λόγος
3487 2842 3618 2910 περὶ

2041 2938 2210 3005 νόμου
2245 2933 2481 2997 εὐθέτως
2505 2935 2754 3005 γραπτοῦ
2781 2933 2858 3002 τῷ
2897 2934 3016 3004 Θεῷ
3041 2950 3054 2964 °
3093 2934 3238 2988 mea
3275 2934 3396 2987 οὐδὲ
3425 2935 3476 2987 oi
3508 2932 3620 2986 τῶν

2038 3029 2381 3096 αὐτονόμων,
2417 3028 2595 3089 ἄλλως
2648 3027 2704 3080 δὲ
2753 3026 2875 3080 οῦδὲ
2919 3028 2968 3078 ot
3018 3026 3128 3078 τῶν
3174 3026 3614 3096 γυναικονόμων,

2039 3123 2133 3177 καὶ
2175 3120 2286 3175 τῶν
2327 3121 2777 3191 τραπεξονόμων,
2828 3120 3068 3174 καὶτῶν
3116 3120 3478 3188 παιδονόμων,
3521 3120 3620 3172 καὶ

2038 3215 2093 3268 οἵ
2118 3231 2265 3277 τινες
2293 3213 2443 3267 ἄλλοι
2468 3212 2726 3268 τοιοῦτοι.
2778 3212 2902 3267 Οὐδ’
2935 3212 3089 3265 αὐτοὶ
3125 3211 3236 3281 γὰρ
3267 3213 3322 3264 ὲν
3345 3213 3458 3274 τοῖς
3489 3211 3617 3281 ἄρτι

2042 3309 2266 3378 μνήμης
2309 3297 2546 3372 ἐπάξιοι,
2582 3305 2673 3358 διὰ
2699 3303 2761 3358 τὸ
2809 3303 3048 3367 εὐτελές.
3078 3304 3141 3357 Ei
3166 3304 3221 3357 δὲ
3259 3307 3355 3360 κού⁵
3395 3306 3503 3368 πᾶς
3531 3305 3617 3356 νό-

2042 3415 2143 3467 μος
2179 3398 2459 3460 πολιτικδς
2487 3396 2720 3467 δώρημα
2769 3395 2869 3465 μὲν
2901 3393 3060 3458 Θεοῦ,
3095 3393 3317 3465 εὕρημα
3346 3396 3403 3449 δὲ
3432 3395 3618 3464 σοφῶν

1992 3469 2007 3488 ⁸
2038 3489 2248 3560 ἀνδρῶν
2276 3489 2709 3557 ὲγνωμάτευται,
2741 3486 2878 3542 ἀλλὰ
2915 3485 3158 3540 τοιοῦτον
3209 3486 3414 3554 ἀγαθὸν
3451 3487 3617 3555 μάλι-

2040 3598 2141 3634 στα
2170 3582 2264 3634 καὶ
2286 3582 2491 3652 κυρίως
2511 3582 2543 3650 ἡ
2563 3579 2927 3648 διειλημμένη
2955 3579 3016 3630 ὲκ
3043 3577 3180 3630 Θεοῦ
3205 3579 3496 3647 νομοδοσία
3519 3581 3617 3630 καὶ

2037 3673 2346 3738 νομοθεσία.

2112 3768 2199 3838 ιβ’.
2245 3767 2312 3821 Ἦ
2335 3768 2392 3820 δὲ
2429 3767 2542 3829 ἰλὺς
2569 3768 2650 3820 ὅτι
2680 3763 2935 3834 πηλώδης
2963 3763 3198 3833 ὑγρότης
3233 3762 3370 3820 ἐστὶ,
3402 3760 3498 3815 καὶ
3546 3759 3615 3814 δι’

2037 3861 2169 3916 αὐτὸ
2197 3857 2573 3927 έμπλαστικὴ,
2604 3858 2699 3911 καὶ
2718 3857 2847 3911 ἄλλο
2869 3873 2922 3908 τι
2955 3856 3105 3924 παρὰ
3134 3857 3234 3924 τὴν
3251 3855 3439 3917 ἁπλῶς
3457 3854 3613 3924 ὕλην,

2035 3952 2338 4022 δεδήλωται
2386 3950 2522 4022 ἧδηο
2578 3950 2768 4016 σαφῶς
2813 3947 3198 4016 ἐρμηνεῦουσα
3249 3947 3307 4014 ἐξ
3363 3947 3617 4011 εἰκασίας

2037 4043 2354 4113 προσφυοῦς
2400 4041 2725 4111 παραϐολῆς
2749 4041 2900 4111 νόμῳ
2928 4041 2988 4094 τὸ
3018 4042 3076 4094 ὲν
3103 4041 3237 4111 ἡμῖν
3267 4044 3379 4104 τοῖς
3412 4043 3476 4094 ὲκ
3507 4057 3616 4113 πη-

2035 4139 2128 4195 λοῦ
2163 4140 2425 4210 σαρκικδν
2468 4139 2727 4209 φρόνημα
2774 4140 2869 4192 καὶ
2923 4139 3140 4208 νόημα·
3178 4140 3246 4192 δι’
3276 4140 3336 4195 οῦ
3380 4141 3618 4209 ἐπιπροο

2038 4233 2338 4303 σόούμενον
2369 4232 2429 4287 τὸ
2451 4232 2636 4302 νοερὸν
2663 4233 2794 4303 ἡμῖν
2821 4233 3013 4308 φανίον
3046 4232 3121 4296 ὡς
3155 4233 3203 4285 εί
3231 4234 3323 4287 καὶ
3355 4233 3619 4286 ὲνεπλὰτ-

2035 4340 2158 4376 “ceco
2182 4323 2274 4374 ὑπ’
2312 4321 2479 4375 αὐτοῦ
2519 4317 2607 4373 οἷα
2644 4323 2736 4374 καὶ
2785 4321 2962 4386 πηλοῦ
2998 4322 3273 4376 πλατειῶν
3319 4323 3614 4386 δαυιτικῶς

2037 4416 2234 4476 εἰπεῖν,
2279 4415 2511 4483 ἀφαντοῖ
2542 4414 2642 4485 τὴν
2693 4414 2788 4468 τοῦ
2841 4417 2984 4469 κατὰ
3015 4416 3244 4485 Πνεῦμα
3307 4415 3486 4484 φωτὸς
3518 4417 3616 4467 καὶ

2039 4505 2286 4578 εἰσδοχὴν
2331 4507 2423 4559 καὶ
2463 4506 2770 4577 ἔκφανσιν⁶
2821 4507 2918 4560 καὶ
2962 4507 3022 4560 οὐ
3073 4507 3341 4578 πρότερον
3392 4507 3618 4574 ἀφίεται

2039 4596 2316 4667 φεραυγὲς
2373 4595 2513 4650 εἶναι
2567 4597 2663 4650 καὶ
2720 4600 3011 4668 φωσφόρον
3043 4596 3500 4668 ὲμπυρευόμενον
3550 4597 3615 4650 ἐκ

2040 4687 2134 4741 τοῦ
2161 4687 2270 4740 τῶν
2303 4687 2497 4757 φώτων
2533 4689 2767 4759 Πατρδς,
2799 4689 2848 4741 εί
2885 4687 2961 4758 μὴ
2989 4689 3256 4758 πρότερον
3286 4686 3384 4757 τὴν
3415 4685 3618 4754 uqu

355 4749 780 4805 absterserimus
819 4751 1140 4806 interiorem
1197 4754 1670 4821 mansiunculam;
1707 4760 1928 4825 quando

2039 4749 2416 4847 ἀπαλείψομεν
2447 4749 2816 4849 μεσολάδησιν
2839 4793 2854 4808 ο
2882 4749 2970 4832 ὲτὲ
3003 4749 3098 4833 καὶ
3124 4749 3255 4848 ὁρᾷν
3283 4749 3450 4850 ἤγουν
3473 4749 3618 4831 νοεῖν

351 4851 410 4898 et
466 4842 654 4898 videre
697 4843 786 4897 vel
849 4843 1092 4913 cogitare
1143 4847 1448 4913 poterimus
1508 4847 1932 4904 illuminatorem

352 4933 544 5002 Deum,
578 4935 811 4991 cadente
865 4937 1085 4992 madido
1133 4951 1315 5004 coeno,
1360 4949 1413 4992 et
1471 4943 1684 4995 munita
1741 4952 1932 4998 contra

352 5025 745 5096 impedimenta
774 5027 1016 5084 immissa
1043 5029 1197 5096 luce;
1224 5039 1284 5084 ut
1318 5032 1516 5088 exinde
1541 5034 1694 5090 locus
1725 5035 1818 5102 qui
1848 5047 1933 5091 est

352 5121 630 5175 inanima
687 5129 871 5176 nostra
927 5121 1268 5195 illuminans,
1309 5133 1364 5178 et
1415 5127 1655 5196 excipiat
1702 5129 1931 5184 hilarem

353 5212 533 5267 lucem
562 5227 593 5266 a
626 5213 757 5279 Deo,
788 5221 842 5268 et
889 5216 1126 5282 emittat,
1157 5216 1294 5272 adeo
1314 5228 1370 5272 ut
1398 5195 1678 5288 qttiimodo
1704 5221 1928 5292 quidam

352 5303 448 5370 ait,
489 5318 613 5358 eum
654 5306 970 5362 certissime
1020 5321 1211 5364 cernat
1256 5311 1349 5378 qui
1407 5320 1491 5367 est
1530 5313 1671 5367 ultra
1709 5328 1929 5370 omnem

353 5397 643 5452 visionem.

421 5491 510 5545 15.
552 5487 791 5545 Verbum
825 5496 1092 5548 excutiens
1123 5492 1502 5551 fortitudinem
1558 5497 1924 5567 demonstrat,

354 5593 401 5637 et
445 5568 686 5637 nobilem
721 5584 1038 5638 facilitatem
1073 5586 1141 5639 ob
1168 5587 1547 5645 liberationem
1581 5606 1608 5643 a
1640 5592 1820 5657 malo;
1851 5592 1932 5648 sic

354 5677 486 5730 salvi
517 5677 772 5732 Israelita.-
815 5677 943 5731 facti
978 5686 1107 5731 sunt
1137 5681 1395 5754 projectis
1423 5682 1694 5755 [Egyptiis
1728 5685 1782 5738 in
1813 5701 1930 5740 ma-

355 5784 441 5834 re;
498 5769 579 5823 sic
642 5768 843 5824 Paulus
909 5773 1249 5825 mordentem
1303 5755 1545 5842 viperam
1607 5777 1847 5833 CXttllssil
1897 5791 1926 5830 τι

356 5878 536 5918 manu.
576 5862 848 5919 Usitatum
884 5875 1066 5920 autem
1100 5866 1204 5923 hoc
1232 5871 1483 5938 verbum,
1521 5880 1573 5926 et
1614 5871 1666 5925 in
1701 5872 1926 5942 psalmis

2039 4869 2382 4941 δυνησόμεθα
2439 4870 2531 4924 τὸν
2597 4871 2910 4940 φωτοδότην
2962 4871 3118 4933 Θεὸν.
3170 4871 3268 4941 τῆς
3323 4870 3617 4941 πλαδώσης

2041 4963 2186 5027 ἰλύος
2216 4964 2314 5018 καὶ
2341 4965 2747 5034 ὲπιπιπτούσης
2768 4965 2861 5018 καὶ
2884 4964 3248 5033 στεγανοῦσης
3282 4963 3421 5034 πρὸς
3440 4963 3619 5016 κωλύ-

2042 5073 2151 5125 μην
2183 5056 2362 5124 φωτὸς
2395 5057 2843 5126 ἁπενηνεγμένης
2865 5073 2878 5086 ·
2914 5059 2988 5118 ὡς
3020 5057 3277 5110 ἐντεῦθεν
3306 5056 3368 5109 τὸ
3397 5057 3456 5108 ὲν
3480 5057 3616 5125 ἡμῖν

2039 5145 2377 5214 φωταγωγὲς
2408 5144 2610 5215 χωρίον
2643 5148 2704 5198 τὸ
2736 5147 2880 5202 κατὰ
2907 5147 3108 5216 ψυχὴν,
3142 5147 3236 5201 καὶ
3273 5146 3616 5216 εἰσδέχεσθαι

2037 5238 2157 5306 φῶς
2193 5237 2377 5308 ἱλαρὸν
2427 5237 2635 5300 Θεόοεν,
2671 5237 2769 5290 καὶ
2817 5238 3200 5309 προπέμπειν,
3252 5239 3328 5304 ὡς
3354 5237 3614 5304 ὀξύτατα,

2036 5329 2179 5383 κατὰ
2211 5329 2301 5381 τὸν
2346 5326 2490 5380 οὕτω
2538 5329 2803 5399 φάμενον,
2851 5330 3211 5402 ἑκδέρκεσθαι
3264 5333 3357 5385 τὸν
3393 5329 3616 5403 ἀπάσης

2036 5421 2164 5484 θέας
2196 5421 2479 5474 ἐπέκεινα.

2117 5519 2206 5582 ιγ’.
2239 5515 2314 5566 T5
2359 5514 2416 5566 δὲ
2447 5514 2769 5582 ἐκτινάξας
2799 5519 3154 5590 γενναιότητα
3201 5519 3462 5588 ἐμφαίνει
3514 5518 3612 5572 καλ⁸

2039 5603 2236 5672 εὐγενῆ
2267 5603 2550 5675 ῥᾳστώνην
2578 5605 2636 5670 ἐξ
2665 5606 2988 5676 ἀπαλλαγῆς
3017 5608 3191 5663 κακοῦ
3213 5625 3228 5639 ·
3262 5609 3439 5672 οὕτως
3463 5609 3615 5673 ἐξᾶν-
3655 5658 3659 5664 .

2038 5709 2150 5756 τεις
2185 5693 2516 5764 Ἰσραηλῖται
2562 5693 2673 5746 τῶν
2723 5695 3040 5762 Αἰγυπτίων
3091 5699 3341 5766 ἐγένοντο
3398 5699 3614 5751 ἑκτινα-
3709 5715 3714 5720 ‘

2041 5783 2280 5854 χθέντων
2310 5785 2391 5847 εἰς
2444 5783 2718 5838 θάλασσαν
2737 5803 2752 5819 ο
2786 5785 2930 5841 οὕτω
2960 5787 3171 5852 Παῦλος
3200 5790 3302 5860 τὴν
3345 5789 3608 5843 ἑνδακοῦ-

2039 5892 2137 5930 σαν
2166 5874 2380 5946 ἔχιδναν
2414 5877 2699 5942 ἑκτινάξας
2735 5879 2931 5949 ἀπάγει
2960 5879 3059 5951 τῆς
3083 5883 3265 5954 χειρός
3288 5900 3300 5914 ·
3337 5883 3611 5955 χρήσιμον
