4050 6406
366 406 470 471 533
1203 411 1286 473 IN
1337 413 1677 476 HYMNUM
1716 413 2371 481 PENT-ECOSTALEM
2412 420 2870 481 DAMASCENI.
3515 414 3621 482 53$

360 529 415 581 δέ
443 543 499 582 ’.τι
549 525 786 583 ἐνταῦθα
819 528 914 583 καὶ
938 526 1217 600 ψαλμικὸν
1244 530 1305 585 τὸ
1338 550 1357 584 ι
1395 532 1782 609 Ἐξετινάχθην
1804 538 1939 594 ὡσεὶ
1966 553 1991 614 Α

2093 546 2265 594 itum:
2297 538 2609 594 «Excussus
2621 554 2740 594 sum
2756 540 2897 595 sicut
2918 538 3192 595 locustae.»
3216 536 3449 595 Oculum
3471 552 3624 592 men-

364 618 655 728 ἁιερεδεςέι
683 619 842 728 {Sp-ttat
873 622 930 677 δὲ
951 622 1097 691 νόου,
1128 624 1204 688 ὡς
1234 624 1299 678 ἐκ
1330 628 1531 698 μέρους
1548 627 1740 684 τούτου
1756 629 1850 684 τὸν
1877 631 1939 684 τὸ

2093 652 2115 693 s
2145 651 2212 693 ex
2246 636 2344 692 bac
2378 646 2532 707 parte
2567 636 2839 706 duplicem
2870 644 3043 691 totum
3077 636 3354 693 hominem
3410 635 3580 691 innuit
3607 652 3622 700 ;

365 712 543 816 πάντμ
588 712 1154 772 διπλοῦναενιττεται
1199 715 1511 788 ἄνθρωπον.
1562 719 1651 785 Ὠς
1691 720 1802 792 γὰρ
1839 724 1943 794 μιᾷ

2093 737 2108 783 ι
2139 728 2284 785 enim
2317 729 2409 784 uni
2433 738 2601 799 ponte
2625 729 2823 785 domus
2850 728 3084 797 alicujus
3105 728 3285 798 quoad
3314 727 3625 798 intelligens-

365 803 544 875 θυρίδι
572 803 669 859 τοῦ
698 804 824 860 κατ’
852 807 1144 879 ἄνθρωπον
1186 808 1360 875 οἴκου,
1404 812 1473 882 τῇ
1507 813 1628 865 κατ’
1661 813 1831 885 ἀκοὴν
1858 815 1944 869 ai-

2097 833 2180 872 am
2208 833 2492 885 sensuum,
2517 820 2770 891 opposita
2802 828 2952 890 patet
2992 821 3095 874 alia
3128 820 3182 874 in
3221 830 3437 883 mente;
3457 820 3539 875 sic
3569 818 3622 872 in

365 896 633 967 σθητικήν
677 898 1085 971 ἀντανέῳγενὴ
1122 902 1265 955 κατὰ
1303 899 1454 967 νοῦν,
1489 903 1666 968 οὕτως
1695 907 1795 961 καὶ
1822 908 1944 969 ταῖς

2093 909 2175 964 liis
2204 916 2443 978 quatuor
2473 911 2746 967 sensibus.
2793 910 2853 965 Si
2889 919 3076 966 autem
3112 910 3372 967 manibus
3403 924 3627 975 manus,

363 990 584 1053 λοιπαῖς
608 990 869 1059 τέτρασιν
908 994 971 1046 αἱ
997 992 1274 1063 ἀνάλογοι.
1305 995 1367 1048 Ei
1398 994 1458 1050 δὲ
1494 997 1590 1051 καὶ
1615 998 1777 1070 χερσὶ
1816 1001 1933 1071 χεῖ-

2093 1011 2108 1056 t
2149 999 2317 1070 pedes
2369 1000 2622 1070 pedibus,
2686 1018 2752 1057 ex
2788 1002 2967 1057 media
3019 1003 3214 1058 mediis
3264 1003 3537 1075 adjacent,
3575 1006 3628 1060 in

369 1098 484 1151 ρες,
510 1083 606 1136 καὶ
634 1084 796 1149 πόδες
821 1086 973 1153 ποσὶ,
1001 1087 1096 1141 καὶ
1144 1089 1286 1159 μέσα
1323 1091 1516 1160 μέσοις
1554 1094 1943 1164 παράκεινται,

2093 1092 2277 1149 todunt
2306 1093 2583 1148 ’dualismi
2628 1093 2774 1149 inter
2823 1109 3018 1149 sensus
3049 1102 3104 1150 et
3132 1106 3391 1163 mentem,
3433 1098 3506 1152 nil
3541 1112 3632 1152 ne-

369 1173 714 1243 συνδυασμοῦ
740 1175 905 1247 λόγῳ,
955 1177 1051 1232 τοῦ
1086 1179 1210 1234 κατ’
1252 1181 1506 1253 αἴσθησιν
1535 1185 1632 1238 καὶ
1678 1185 1777 1240 τοῦ
1805 1188 1949 1242 κατὰ

2093 1204 2208 1244 esse
2236 1189 2373 1245 foret
2407 1188 2539 1243 illud
2566 1189 2945 1246 demonstrare
2977 1190 3289 1248 hominibus
3320 1208 3423 1248 non
3452 1193 3630 1261 negli-

367 1265 517 1332 νοῦν,
558 1265 660 1320 οὐκ
689 1265 756 1321 ἂν
791 1269 877 1338 εἴη
926 1271 1222 1337 ἀναγκαῖον
1266 1275 1346 1337 εἰς
1391 1273 1555 1329 πλέον
1587 1277 1950 1349 ἐπισημαίνε-

2093 1279 2306 1334 entibus
2332 1319 2349 1339 .
2395 1280 2588 1350 probe-
2621 1290 2810 1336 autem
2869 1282 3173 1338 scientibbs
3216 1283 3401 1339 videre
3452 1283 3633 1355 duplo

372 1356 498 1410 σθαι
541 1359 695 1428 παρά
737 1376 802 1428 γε
842 1361 1154 1432 ἀνθρώποις
1195 1364 1258 1417 οὐ
1300 1366 1768 1434 παραϐλέπουσιν,
1816 1370 1953 1426 ἀλλὰ

2093 1386 2173 1426 em
2207 1370 2435 1442 gloriam
2472 1372 2616 1428 h‘anc
2647 1372 2703 1427 in
2728 1372 2972 1430 liomine.

369 1446 550 1512 ὀρθῶς
569 1450 921 1523 μεμαθηκόσι
966 1452 1199 1523 θεωρεῖν
1228 1455 1457 1526 διπλόην
1500 1459 1709 1529 ταύτην
1735 1462 1953 1515 ὸπαινι-

371 1537 474 1606 τὴν
501 1539 604 1609 τὴν
636 1542 779 1597 κατὰ
808 1542 1119 1613 ἄνθρωπον.

449 1627 532 1687 ιδ’.
562 1631 636 1686 Τὸ
665 1636 796 1706 γὰρ,
829 1633 943 1703 ὁρᾷ
983 1636 1090 1692 τὸν
1113 1637 1283 1704 ὄντα,
1313 1641 1530 1696 δίδωσιν
1558 1644 1692 1715 ἡμῖν
1739 1643 1956 1716 θαυμά-

2136 1621 2221 1675 η.
2256 1619 2458 1687 Verba,
2496 1625 2633 1678 uidet
2677 1641 2795 1680 eum
2826 1629 2917 1697 qui
2943 1636 3041 1690 est.
3099 1628 3411 1684 admirandi
3457 1630 3634 1684 locum

376 1721 516 1786 ζειν,
543 1723 628 1778 ὅτι
651 1725 711 1778 ἐν
739 1728 929 1798 γνόφῳ
956 1727 1169 1802 καθορᾷ
1189 1731 1218 1784 6
1247 1713 1688 1800 θεοπτικώτατος
1714 1713 1958 1808 Μωῦσῆς

2097 1713 2306 1768 ταώεηι
2352 1714 2500 1783 quod
2560 1716 2775 1787 Moyses
2831 1718 2918 1772 vir
2980 1720 3220 1773 maxime
3287 1721 3634 1788 perspicuus.

378 1815 602 1872 κάλλιον
629 1818 777 1891 ἥπερ
800 1821 851 1874 οἱ
900 1822 1182 1894 ἄνθρωποι
1218 1827 1288 1882 τὰ
1319 1828 1556 1894 αἰσθητὰ
1597 1830 1657 1883 έν
1687 1831 1830 1897 φωτὶ
1858 1848 1957 1886 κα-

2063 1805 2262 1860 melius
2294 1804 2463 1859 Deum
2510 1807 2706 1862 viderit
2753 1809 2806 1863 in
2855 1809 3022 1876 nube,
3080 1825 3246 1879 quam
3292 1809 3540 1864 homines
3583 1810 3638 1863 in

381 1909 559 1981 θαρῷ.
605 1913 773 1968 Αὐτοὶ
802 1915 911 1987 γὰρ
953 1918 1428 1987 παραϐλέποντες,
1458 1921 1555 1976 καὶ
1598 1924 1669 1977 τὰ
1704 1923 1780 1995 μὴ
1830 1923 1961 1977 ὅντα

2093 1912 2198 1950 utra
2225 1897 2349 1953 luce
2382 1899 2686 1955 sensibilia.
2738 1899 2844 1970 Ipsi
2889 1900 3036 1956 enim
3073 1912 3229 1958 torva
3259 1910 3494 1966 luentes,
3522 1916 3645 1971 qua

382 2003 531 2058 ἔστιν
554 2004 615 2059 οὗ
657 2009 735 2072 ὡς
760 2006 890 2063 ὄντα
924 2012 1291 2080 φαντάζονται
1311 2032 1325 2047 ο
1362 2014 1691 2088 θεοῤῥήμων
1720 2019 1824 2087 ἄρα
1860 2037 1960 2073 κυ-

384 2095 518 2166 ρίως
544 2101 574 2153 6
597 2100 840 2173 Μωῦσῆς
889 2103 967 2166 ὡς
995 2105 1128 2159 Θιὸν
1158 2105 1251 2159 τὸν
1286 2106 1462 2171 ὅντως
1498 2108 1632 2163 ὄντα
1671 2111 1818 2182 ὀρῶν
1866 2113 1963 2165 καὶ

382 2189 598 2261 ἀληθῶς
644 2193 1080 2266 θεωρικώτατος.
1112 2199 1315 2254 Ἰστέον
1364 2203 1422 2255 δὲ
1474 2205 1556 2257 ὄτι
1598 2206 1680 2269 τὸ,
1713 2205 1824 2274 δρᾷ
1854 2205 1963 2259 τὸν

383 2280 556 2344 ὄντα.
578 2283 732 2354 δηλοῖ
762 2287 838 2357 μὴ
864 2287 1179 2358 ἰνδαλθῆναι
1206 2291 1440 2363 ἧᾶλλως
1464 2294 1653 2357 ἁπλῶς
1669 2295 1812 2350 οὕτω
1830 2313 1964 2366 φαν-

382 2379 719 2450 τασιωθῆναι
751 2382 844 2436 τὸν
875 2383 1120 2454 Μωῦσῆν
1152 2387 1461 2456 τηνικαῦτα
1491 2407 1505 2421 ·
1541 2389 1707 2443 αὑτὸν
1733 2389 1790 2443 δὲ
1823 2390 1967 2444 πάν-

382 2488 493 2532 τως
534 2472 631 2526 τὸν
677 2474 813 2527 Θεὸν
862 2475 992 2528 ἰδεῖν
1040 2475 1118 2540 ὡς
1162 2476 1440 2550 ἀνθρώπῳ
1496 2481 1755 2550 ἐφικτόν⁸
1812 2483 1968 2536 ποῖον

383 2561 551 2630 Θεόν;
584 2562 644 2617 οὗ
676 2564 869 2634 κύριον
889 2564 1079 2637 ὥσπερ
1110 2567 1285 2636 ὄνομα
1312 2568 1370 2623 '0
1393 2569 1512 2625 ὤν’
1548 2571 1694 2627 κατὰ
1728 2571 1792 2625 τὸ
1829 2571 1970 2643 Ἐγώ

382 2653 505 2722 ειμι
535 2655 572 2708 ὁ
599 2652 719 2707 ὧν·
742 2656 770 2708 ό
800 2657 922 2710 κατ’
960 2656 1155 2729 ἐξοχὴν
1172 2659 1404 2731 δηλαδή.
1438 2660 1503 2714 Ei
1525 2661 1581 2715 δὲ
1609 2662 1708 2716 καὶ
1746 2665 1814 2716 τὰ
1837 2661 1969 2716 ὄντα
2004 2701 2007 2704 -

385 2741 530 2800 εἶδεν
566 2745 756 2801 ἄλλοτε
785 2748 876 2802 διὰ
901 2750 997 2804 τοῦ
1026 2751 1185 2819 Θεοῦ,
1221 2753 1316 2807 καὶ
1356 2753 1530 2816 οὕτως
1559 2748 1702 2807 εἶδεν
1726 2752 1795 2808 τὰ
1826 2755 1971 2809 κατὰ

385 2839 486 2909 τήν
514 2842 910 2911 κοσμογένειαν
943 2846 972 2899 6
1021 2847 1284 2913 Μωῦσῆς,
1336 2847 1434 2916 οὐχ
1487 2847 1697 2916 ἁπλῶς,
1737 2847 1882 2918 λόγῳ
1913 2848 1972 2901 δὲ

390 2935 715 3004 φιλοσοφίας
745 2935 885 2991 καθὸ
912 2937 1118 3009 δηλαδὴ
1161 2938 1294 2992 ὄντα
1314 2955 1330 2972 ο
1367 2939 1505 2994 ἀλλὰ
1550 2938 1647 2994 νῦν
1679 2938 1846 2994 αὐτὸν
1876 2939 1971 2995 τὸν

389 3027 521 3082 ὄντα
550 3027 761 3098 βλέπει,
805 3029 901 3085 τὸν
932 3030 1002 3085 δι’
1048 3031 1109 3086 οὗ
1137 3032 1208 3087 τὰ
1235 3032 1366 3087 ὄντα
1400 3033 1602 3097 πάντα,
1651 3033 1747 3087 καὶ
1791 3032 1853 3087 οὗ
1901 3034 1970 3104 τῇ

391 3122 684 3197 δεσποτεία
714 3124 783 3178 τὰ
807 3123 938 3181 ὄντα
959 3126 1138 3182 πάντα
1167 3126 1479 3182 ὑπόκειται.
1509 3127 1599 3181 Ἐν
1622 3127 1682 3182 δὲ
1706 3125 1785 3197 τῷ
1804 3123 1974 3196 μυεῖ-

390 3230 491 3270 τιιι
526 3217 833 3288 σημειωσαι
861 3219 944 3273 ὅτι
987 3217 1106 3289 ἅμα
1139 3214 1248 3273 εἶδε
1292 3219 1532 3289 Μωῦσῆς
1575 3219 1669 3274 τὸν
1698 3219 1849 3284 ὄντα,
1879 3219 1977 3273 καὶ

397 3310 600 3366 αὐτίκα
639 3313 862 3383 μυεῖται
890 3313 959 3366 τὰ
994 3311 1092 3366 τοῦ
1124 3312 1467 3383 Πνεύματος,
1500 3315 1559 3366 ὲν
1580 3307 1663 3376 οἷς
1691 3313 1720 3366 6
1752 3310 1979 3383 θεόγρα-

398 3420 502 3474 φος
526 3404 715 3475 νόμος,
748 3403 838 3459 ῐνα
868 3406 945 3470 ὡς
975 3407 1004 3459 6
1048 3403 1312 3475 ἑωρακὼς
1346 3403 1440 3458 τὸν
1469 3404 1601 3458 Υἱὸν
1629 3404 1845 3475 ἑώρακε
1885 3409 1980 3458 καὶ

398 3497 495 3550 τὸν
543 3495 789 3568 Πατέρα,
817 3494 993 3561 οὕτως
1021 3496 1052 3550 6
1104 3493 1370 3566 ἑωρακὼς
1400 3494 1429 3549 6
1462 3495 1582 3548 ἐστὶ
1632 3495 1854 3567 νοήσας,
1887 3494 1985 3547 καὶ

400 3589 547 3645 οὕτω
575 3590 742 3660 γνοὺς
771 3590 866 3644 τὸν
911 3590 1064 3657 ὅντα,
1115 3590 1229 3659 εχοι
1274 3588 1480 3658 γνῶσιν
1516 3587 1718 3642 αὐτίκα
1762 3587 1858 3643 καὶ
1889 3585 1985 3640 τοῦ

403 3681 745 3750 Πνεῦματος.
790 3680 1025 3750 Ἀγαθὸν
1051 3679 1213 3734 τοῦτο
1257 3679 1423 3750 μέγα,
1455 3678 1516 3731 τὸ
1561 3677 1658 3732 καὶ
1694 3679 1809 3744 τοῖς
1852 3679 1989 3733 ἀπο-

407 3774 614 3839 στόλοις
641 3756 1052 3846 κεχαρισμένον
1072 3772 1182 3827 ἁπὸ
1209 3772 1307 3840 τῆς
1340 3771 1588 3841 σήμερον
1619 3769 1844 3840 ἑορτῆς.

480 3966 564 4016 ιε’.
594 3956 705 4013 Τοῦ
728 3957 787 4011 δὲ
804 3953 1044 4026 μυεῖται
1069 3954 1217 4020 λέξιν
1245 3951 1610 4025 καιριωτέραν
1637 3952 1750 4013 τοῖς
1781 3949 1852 4004 τὰ
1875 3948 1995 4002 θεῖα

407 4051 763 4122 τελουμένοις
813 4049 915 4102 οὐκ
965 4045 1116 4100 ἔστιν
1160 4044 1440 4114 εὑρέσθαι.
1486 4042 1576 4110 Ἐξ
1636 4043 1811 4110 αὐτῆς
1863 4038 1995 4108 γοῦν

411 4146 546 4217 παρ’
570 4144 806 4217 Ἕλλησι
844 4139 1048 4213 μύσται
1078 4139 1141 4193 τὸ
1170 4137 1393 4210 πρῶτον
1422 4137 1474 4190 οἱ
1499 4137 1569 4190 τὰ
1593 4135 1748 4206 σφίσι
1777 4131 1995 4186 δοκοῦν-

411 4259 484 4294 τα
512 4240 766 4294 θειότατα
791 4230 1278 4306 κρυφιομυστικῶς
1305 4228 1833 4299 παραλαμϐάνοντες
1863 4224 2000 4295 πρὸς

414 4333 528 4387 τῶν
574 4331 828 4403 ἱερᾶσθαι
879 4327 1177 4398 λαχόντων,
1210 4323 1306 4378 καὶ
1341 4321 1486 4377 οὕτω
1520 4319 1867 4390 τελούμενοι,
1907 4318 2001 4371 καὶ

414 4419 820 4491 τελεταρχικῶς
873 4415 1292 4482 παιδευόμενον
1326 4411 1488 4465 ὁποῖα
1529 4410 1626 4465 καὶ
1658 4409 1729 4462 τὰ
1763 4406 2002 4462 Ἀττικᾶ

421 4514 637 4587 μεγάλα
673 4515 768 4566 καὶ
800 4508 976 4580 μικρὰ
1019 4506 1297 4578 μυστήρια
1339 4503 1437 4556 καὶ
1474 4504 1545 4556 τὰ
1587 4504 1648 4555 ἐν
1677 4499 2002 4570 Τροφωνίου

418 4609 516 4664 καὶ⁸
538 4608 836 4677 Ἄμμωνος
863 4603 961 4657 καὶ
983 4600 1168 4655 λοιπά.
1201 4599 1490 4670 Παρῆκται
1509 4596 1566 4650 δὲ
1592 4598 1626 4666 ἡ
1658 4595 1862 4665 λέξιςῆ
1891 4595 2001 4648 ἀπὸ
2034 4614 2078 4670 D

420 4703 518 4758 τοῦ
546 4700 726 4774 μύειν,
759 4700 787 4752 ὅ
817 4699 935 4750 ἐστι
970 4693 1268 4763 συγκλόειν
1314 4693 1384 4745 τὰ
1420 4690 1576 4762 χείλη
1598 4706 1614 4720 ·
1647 4691 1861 4759 ἀνάγκη
1896 4689 2002 4759 γὰρ

421 4793 494 4868 ἦν
518 4794 680 4865 σιγᾷν
706 4791 886 4859 πάντη
916 4787 1013 4840 καὶ
1061 4785 1285 4848 πάντως
1313 4783 1441 4845 τοὺς
1484 4782 1832 4852 μυουμένους
1859 4779 2005 4850 ἅπερ

424 4888 808 4957 ἑτελέσθησαν,
851 4884 927 4946 ὡς
969 4878 1066 4935 καὶ
1117 4879 1169 4933 oi
1210 4876 1580 4944 Πυθαγορικοὶ
1631 4874 1870 4944 μάλιστα
1913 4874 2006 4942 δη-

423 4981 603 5048 λοῦσι,
643 4979 741 5034 καὶ
771 4975 990 5042 θανάτῳ
1011 4970 1284 5040 ἐτιμῶντο
1318 4969 1369 5021 οἱ
1399 4968 1470 5020 τὰ
1505 4966 1788 5036 μυστήρια
1819 4963 2007 5017 ποιού-

430 5091 586 5147 μενοι
613 5072 829 5139 έκφορα
848 5083 862 5098 °
895 5064 930 5137 ἢ
964 5064 1073 5118 ἀπὸ
1098 5061 1195 5116 τοῦ
1225 5058 1405 5132 μύειν,
1435 5057 1463 5111 δ
1488 5055 1553 5127 δὴ
1603 5056 1699 5110 καὶ
1728 5054 2008 5124 καμμύειν

430 5155 637 5238 φαμὲν,
666 5164 756 5219 διὰ
779 5161 841 5216 τὸ
871 5160 985 5213 δεῖν
1010 5153 1152 5212 εἶναι
1172 5155 1267 5208 τὸν
1290 5150 1439 5207 οὕτω
1470 5149 2008 5221 μυστηριαζόμενον,

431 5263 514 5325 εἰς
545 5258 739 5314 ἑαυτὸν
787 5252 1052 5323 συνῆχθαι
1083 5249 1182 5304 καὶ
1234 5246 1420 5320 μόνον,
1456 5242 1597 5297 κατὰ
1636 5240 1729 5296 τὸν
1761 5241 1884 5293 ὅλον
1917 5240 2013 5294 ἄν·

433 5354 676 5423 θρωπον,
726 5346 821 5403 καὶ
871 5343 1041 5416 μηδέν
1082 5360 1138 5396 τι
1187 5340 1299 5395 τῶν
1345 5334 1544 5392 ἑαυτοῦ
1593 5333 1853 5389 ἀπολύειν
1907 5331 2014 5397 ἔξω

436 5441 761 5515 ῥέμϐεσθαι,
817 5435 943 5509 μηδ’
994 5434 1128 5490 αὐτὸ
1168 5433 1230 5487 τὸ
1272 5430 1374 5501 τῆς
1420 5429 1597 5498 ὅψεως
1647 5426 2005 5494 ἐξαλλόμενον

435 5533 685 5596 ὀπτικὸν,
717 5530 933 5602 μήποτέ
957 5545 1011 5581 τι
1033 5524 1143 5579 τῶν
1176 5520 1521 5593 ἐξωτερικῶν
1552 5517 1812 5581 εἰδώλων,
1844 5519 1871 5568 6
1908 5515 2015 5587 μύ-

441 5642 575 5696 στης
604 5621 1164 5689 ὲπεισσπασὰμενοις,
1198 5610 1637 5683 ἀποκαταστήσῃ
1681 5610 1781 5679 τὴν
1814 5607 2019 5677 μύησιν

437 5717 515 5779 ὡς
538 5717 618 5779 εἰς
638 5711 1067 5780 ὀνειροπόλησινο
1086 5708 1147 5762 οὐ
1169 5706 1277 5778 μὴν
1306 5704 1425 5757 οὐδὲ
1439 5698 1582 5756 οὕτω
1605 5697 1883 5769 καμμὺειν
1908 5698 2020 5760 τοῖς

2066 2003 2172 2043 non
2208 1998 2338 2044 sunt
2386 1989 2490 2045 sibi
2531 1990 2998 2062 eﬂ'ormantquasi
3032 1993 3182 2059 sint;
3213 1992 3426 2062 Moyses
3453 2003 3682 2049 auten»

2067 2096 2096 2134 a
2149 2078 2261 2136 Deo
2310 2079 2550 2149 albatus,
2595 2085 2756 2151 quasi
2808 2084 3000 2152 Deum,
3052 2099 3176 2139 eum
3225 2084 3322 2155 qui
3378 2098 3509 2140 vere
3556 2095 3683 2139 esu

2066 2177 2225 2244 vidit,
2253 2192 2385 2232 vero
2414 2177 2597 2234 oculo.
2628 2176 2928 2233 Sciendum
2961 2187 3143 2233 autem
3170 2176 3314 2248 quod
3347 2178 3480 2231 uidit
3525 2193 3691 2231 cuin“

2067 2271 2159 2338 qui
2189 2281 2287 2334 est,
2325 2270 2580 2326 ostendat
2629 2286 2735 2324 non
2794 2271 2971 2324 visum
3004 2285 3153 2330 esse.
3199 2270 3285 2326 vel
3318 2271 3501 2336 aliter,
3538 2284 3665 2322 non-

2067 2361 2394 2431 simpliciter
2420 2361 2653 2429 eliigiem
2704 2363 3009 2431 respexisse
3031 2360 3288 2429 Moysen;
3321 2361 3500 2431 ipsum
3554 2375 3651 2414 aus

2070 2462 2177 2508 tem
2214 2454 2441 2508 omnino
2501 2452 2675 2509 Deum
2721 2455 2929 2509 vidisse
2988 2455 3131 2509 sicut
3168 2452 3373 2508 homini
3410 2452 3492 2507 fas
3527 2460 3649 2517 est;

2073 2546 2293 2616 qualem
2333 2546 2548 2601 Deum?
2600 2544 2773 2601 Suum
2839 2545 3153 2634 Dominum,
3210 2545 3371 2614 cujus
3407 2558 3648 2597 nomen:

2074 2639 2181 2704 Qui
2215 2645 2337 2704 est;
2375 2637 2532 2705 juxta
2567 2637 2682 2692 hmo
2714 2656 2729 2692 :
2780 2636 2892 2706 Ego
2927 2652 3049 2692 sum
3097 2638 3190 2706 qui
3232 2649 3376 2698 sum,
3399 2634 3451 2688 vi
3475 2634 3656 2688 lrlicet

2071 2729 2357 2786 excellenti
2390 2729 2570 2783 modo.
2609 2728 2668 2783 Si
2694 2736 2875 2783 autem
2908 2742 2972 2783 ea
2998 2743 3122 2797 qua:
3154 2734 3283 2783 sunt
3311 2725 3547 2779 intuitus
3576 2732 3659 2779 est

2072 2822 2202 2877 olim
2238 2836 2334 2892 per
2365 2819 2560 2885 Deum,
2593 2829 2646 2875 et
2677 2821 2760 2876 sic
2809 2817 2944 2874 vidit
2994 2834 3057 2874 ea
3113 2833 3236 2886 quae
3274 2818 3340 2871 ad
3370 2829 3661 2885 cosmogo—

2073 2915 2222 2971 niam
2264 2923 2516 2984 spectant
2574 2912 2808 2984 Moyses,
2844 2926 2954 2966 non
2994 2910 3340 2981 simpliciter,
3405 2908 3499 2963 se-l
3565 2921 3660 2977 per

2074 3007 2295 3063 modum
2319 3005 2759 3077 pbilosopbicum
2788 3005 2999 3058 ratione
3019 3016 3217 3072 nempe
3246 3015 3437 3056 eorum
3478 2998 3662 3054 exsis-

2077 3101 2299 3156 tentiaz:
2362 3112 2511 3153 nunc
2568 3107 2750 3153 autem
2817 3107 2873 3151 et
2923 3096 3103 3166 ipsum
3161 3103 3340 3148 entem
3369 3093 3537 3155 videt,
3566 3106 3664 3161 per

2076 3206 2238 3262 quem
2270 3199 2397 3245 sunt
2422 3191 2629 3256 omnia,
2655 3188 2814 3258 cujus
2847 3187 3099 3255 potestati
3157 3185 3340 3239 omnia
3398 3183 3661 3239 subsunt.

2086 3283 2139 3340 ιιι
2188 3283 2356 3339 verbo
2394 3289 2576 3338 autem
2614 3280 2881 3343 initiatur,
2934 3277 3231 3335 notandum
3291 3275 3468 3345 quod.
3500 3274 3664 3329 simul

2083 3383 2265 3432 entem
2296 3373 2434 3431 vidit
2452 3373 2688 3446 Moyses,
2733 3381 2785 3427 et
2816 3370 2998 3427 statim
3031 3371 3182 3424 novit
3202 3383 3320 3439 qua:
3367 3366 3669 3437 deSpiritu

2086 3474 2236 3530 sunt,
2288 3466 2340 3520 in
2372 3464 2576 3534 quibus
2607 3463 2792 3518 divina
2840 3461 2959 3529 lex;
2991 3462 3156 3523 unde,
3193 3460 3338 3514 sicut
3364 3459 3482 3528 ιιισί
3534 3456 3671 3511 vidit

2087 3554 2309 3619 Filium,
2337 3554 2469 3608 vidit
2514 3563 2567 3608 et
2592 3551 2807 3607 Patrem
2843 3551 2963 3608 :ita
3003 3550 3098 3620 qui
3142 3550 3295 3616 vidit,
3323 3548 3376 3603 id
3422 3557 3527 3614 est,
3575 3548 3671 3617 qui

2088 3647 2354 3718 cogitavit
2395 3654 2449 3703 et
2496 3647 2578 3702 sic
2618 3644 2770 3700 novit
2812 3653 3018 3711 entem,
3056 3641 3323 3713 Spiritus-
3351 3641 3538 3696 statim
3588 3655 3673 3694 co-

2092 3740 2390 3809 gnitionem
2444 3740 2638 3804 habet;
2685 3746 2742 3793 et
2782 3750 3038 3808 magnum
3071 3735 3207 3789 illud
3270 3734 3473 3789 bonum
3528 3731 3673 3803 quod

2093 3842 2149 3887 et
2190 3833 2458 3900 apostolis
2479 3845 2807 3887 concessum
2861 3838 2945 3884 est
2973 3828 3029 3882 in
3063 3826 3334 3883 hodierno
3365 3825 3529 3881 festo.

2172 3925 2261 3980 i5.
2295 3924 2671 3995 Opportunius
2698 3931 2880 3977 autem
2907 3937 3079 3992 quatu-
3107 3923 3330 3990 μυεῖται
3359 3919 3587 3974 verbum
3609 3919 3678 3972 iis

2100 4021 2193 4090 qui
2220 4019 2404 4073 divina
2438 4026 2708 4088 peragunt
2738 4017 2993 4072 invenire
3033 4013 3379 4084 impossibile
3421 4020 3507 4067 est
3546 4029 3560 4065 :
3610 4027 3681 4066 ex

2103 4115 2209 4168 boc
2240 4113 2389 4166 enim
2429 4111 2572 4180 apud
2615 4109 2839 4165 ϐιαιως
2863 4120 3061 4180 mysue
3103 4107 3300 4176 primo,
3330 4103 3424 4174 qui
3456 4119 3516 4158 ea
3559 4118 3683 4173 qua:

2107 4205 2215 4260 sibi
2247 4204 2591 4259 divinissima
2623 4202 2968 4266 videbantur,
3000 4197 3348 4267 accipiebant
3377 4196 3445 4250 ab
3482 4196 3566 4249 bis
3587 4196 3682 4264 qui

2106 4297 2485 4353 sacerdotium
2558 4294 2739 4351 sortiti
2786 4303 2966 4361 erant,
3027 4292 3110 4348 sic
3168 4290 3368 4347 initiati
3410 4296 3466 4344 et
3524 4301 3683 4342 sacra

2105 4389 2327 4455 edocti;
2366 4386 2567 4457 'qualia
2603 4386 2749 4440 inter
2775 4385 2991 4440 Atticos
3033 4398 3201 4454 parva
3230 4390 3285 4438 et
3311 4395 3505 4449 magna
3532 4380 3685 4450 Tmy-

2107 4481 2306 4549 steria,
2352 4489 2409 4536 et
2452 4477 2849 4548 Trophonii,et
2882 4475 3192 4539 Ammonis,
3241 4484 3297 4530 et
3340 4473 3484 4537 alia;
3516 4472 3688 4526 dedu-

2109 4576 2256 4630 citur
2288 4581 2469 4627 antem
2497 4570 2722 4624 verbum
2750 4585 2778 4621 a
2809 4566 2985 4639 μύειν,
3016 4567 3066 4621 id
3097 4575 3185 4622 est
3217 4565 3360 4621 labia
3399 4562 3688 4619 claudere;

2109 4681 2337 4722 necesse
2374 4664 2520 4719 enim
2554 4669 2673 4717 erat
2706 4669 2767 4715 ut
2792 4660 2974 4714 omnia
3022 4659 3249 4713 omnino
3274 4672 3398 4727 qua:
3439 4654 3684 4726 perfecta

2110 4765 2274 4813 erant
2325 4755 2557 4811 silerent
2610 4750 2833 4819 initiati,
2877 4751 3021 4806 sicut
3078 4750 3321 4803 maxime
3383 4746 3689 4802 ostendunt

2116 4846 2507 4919 Pythagorici;
2534 4856 2589 4900 et
2620 4852 2797 4898 morte
2840 4839 3251 4897 mulctabantur
3298 4838 3390 4909 qui
3428 4836 3692 4908 mysteria

2111 4942 2478 5013 evulgabant;
2526 4937 2677 4992 vela
2731 4937 2898 4992 verbo
2958 4933 3121 5004 μύειν
3167 4932 3314 5007 quod
3374 4928 3689 5000 καμμύεινς

2114 5036 2242 5104 quia
2288 5032 2587 5096 initiatum,
2628 5030 2682 5084 in
2722 5028 2905 5100 seipso
2937 5026 3287 5083 recolleetum
3317 5037 3443 5079 esse
3488 5036 3694 5077 secun-

2113 5129 2244 5184 dum
2290 5135 2462 5183 totum
2522 5123 2957 5189 hmninem,nee
3006 5118 3191 5174 sinere
3253 5113 3462 5185 aliquid
3525 5112 3580 5167 in
3637 5128 3695 5166 sc

2115 5220 2356 5277 exterius
2375 5217 2619 5287 evulgari
2640 5214 2824 5279 debet,
2859 5227 2927 5268 ne
2950 5210 3127 5282 ipsunt
3162 5209 3385 5279 quidem
3417 5205 3563 5260 oculi
3614 5204 3694 5258 ic-

2119 5324 2256 5379 tum,
2283 5328 2352 5367 ne
2378 5311 2561 5378 aliqua
2580 5303 2840 5363 exteriori
2872 5302 3109 5371 imagine
3139 5300 3448 5355 abstractus
3476 5295 3570 5365 qui
3592 5294 3698 5348 ini-

2120 5409 2310 5472 tiatur,
2338 5402 2703 5459 initiationetu
2738 5396 2907 5453 faciat
2927 5393 3087 5466 quasi
3131 5390 3446 5456 somnium;
3489 5402 3591 5442 nec
3614 5386 3698 5441 sic

2120 5498 2316 5555 oculos
2346 5494 2603 5551 claudere
2635 5490 2798 5545 debet
2826 5488 2957 5545 dum
2989 5486 3244 5542 initiatur
3290 5484 3364 5538 ita
3410 5489 3471 5535 ut
3500 5478 3701 5535 obdor-

2121 5592 2276 5654 miat,
2313 5597 2367 5644 et
2396 5588 2479 5643 sic
2516 5585 2824 5647 moriatur;
2862 5579 2958 5637 sed
2991 5579 3152 5650 quasi
3190 5586 3378 5649 portas
3405 5574 3700 5644 palpebras

2124 5682 2384 5739 claudere
2406 5680 2452 5736 si
2484 5676 2811 5748 Oportnerit,
2845 5681 2901 5728 et
2929 5674 3113 5727 lucem
3141 5682 3361 5725 omnem
3398 5667 3455 5720 in
3495 5670 3707 5734 mystc-

442 5754 514 5779 ..ς
538 5754 615 5779 υ,
638 5754 1041 5780 ν.-.,.έ...-...,--,
1089 5754 1143 5762 --
1169 5754 1267 5778 ..-Γ
1314 5754 1458 5757 _
1683 5754 1695 5769 ,
1724 5754 1738 5765 ,

442 5807 743 5876 ὀφθαλμοῖς
793 5804 883 5858 τὸν
938 5801 1246 5872 μυοῦμενον
1277 5796 1355 5859 ὡς
1397 5790 1680 5862 ἀφυπνοῦν
1733 5789 1827 5842 καὶ
1879 5786 1991 5841 οὔτι

2126 5779 2269 5850 rium
2292 5785 2612 5834 reservare;
2651 5769 2815 5839 hujus
2840 5763 3171 5839 symbolum,
3196 5754 3523 5816 initiationis
3561 5763 3705 5809 tem-

2392 5864 2406 5876 ‘
2437 5866 2451 5876 ‘
2477 5862 2534 5876 η’
2620 5875 2626 5876 ί
2702 5867 2739 5876 λ·
2781 5857 2889 5876 -ε---
2928 5855 3057 5876 --ιε-
3085 5855 3190 5876 Α-ἒιι
3215 5868 3227 5876 -
3260 5865 3364 5876 ...ς-
3398 5846 3541 5876 nni...
3586 5853 3703 5876 ,ιι-..ο

448 5898 718 5970 νῖκρῖζειν
737 5912 752 5928 ο
777 5895 983 5958 eam;
1004 5895 1100 5957 τὰς
1130 5892 1304 5955 πύλας
1331 5887 1399 5943 τὰ
1434 5886 1682 5956 βλέφαρα
1716 5879 2022 5950 συγκλεέειν

2129 5846 2230 5943 pus
2266 5864 2410 5940 apud
2424 5862 2660 5930 Atticos,
2690 5867 2749 5916 ct
2771 5857 2891 5929 ejus
2920 5855 3230 5919 ordinatio;
3258 5865 3367 5907 uox
3396 5846 3566 5915 enim,
3586 5853 3708 5899 erat
