4050 6436
376 407 486 470 535
572 422 575 425 '
1122 410 1541 473 EUSTATHH
1600 410 2361 475 TIIESSALONICENSIS
2400 413 2956 475 METROPOLlT/E
3528 410 3632 475 536

377 530 588 590 tempus
620 517 784 584 illud;
815 527 1071 575 caeterum
1095 517 1366 573 illustrata
1400 534 1620 590 quoque
1644 531 1766 576 erat
1792 520 1955 578 lumi-

2059 522 2176 590 εἴγε
2202 523 2408 595 δεήσει.
2447 523 2544 576 καὶ
2579 510 2647 576 τό
2671 522 2787 593 φῶς
2816 523 2964 578 ἅπαν
2987 522 3165 587 οὕτως
3191 521 3523 593 ἀπασχολεϊν
3553 525 3637 582 είς

376 626 507 666 num
532 609 739 681 fulgore
754 624 822 666 ex
846 609 1087 684 mysticis
1109 610 1454 683 lampadibus
1468 613 1685 677 dill’uso,
1712 627 1946 682 quarum

2059 615 2117 669 τὸ
2144 617 2465 685 μυστήριον.
2493 613 2698 670 Τούτου
2728 614 2785 669 δὲ
2818 613 3087 685 σύμϐολον
3117 614 3214 668 καὶ
3241 616 3271 669 ό
3305 614 3403 668 τοῦ
3430 631 3636 685 μυστη-

376 718 512 759 usus
539 711 846 758 nocturnus
887 701 1083 757 oculos
1141 702 1330 758 claudi
1367 703 1608 771 volebat;
1633 703 1947 775 lampadum

2059 705 2298 777 ριασμοῦ
2330 706 2525 777 καιρὸς
2564 707 2718 778 παρὰ
2761 707 3052 773 ’Δττικοῖς,
3085 708 3181 761 καὶ
3231 710 3266 777 ή
3306 706 3431 761 κατ’
3466 707 3634 763 αὐτὸν

376 803 559 849 antem
602 795 857 852 accensio
880 793 1221 866 vigilantiam
1246 802 1304 851 et
1325 796 1632 853 doctrinam
1661 794 1951 852 mvsticam

2060 796 2305 865 διάθεσις
2324 814 2339 830 ·
2368 800 2465 866 νὺξ
2499 801 2597 871 μὲν
2630 803 2739 873 γὰρ
2766 803 2794 855 ό
2820 801 3017 871 χρόνος
3045 801 3277 865 ἐκεῖνος.
3305 800 3550 855 Διέκειτο
3575 801 3633 856 δδ

378 885 607 941 initiatis
637 888 1079 944 commendabat.

2059 890 2229 956 ἄλλως
2263 894 2591 964 ήμεροφαῶς
2620 894 2841 965 1:15.1ch
2871 890 3067 962 φώτων
3099 891 3413 962 ἀναλάμψει
3446 893 3512 962 τῇ
3568 893 3635 945 ἐκ

376 981 489 1037 τῶν
522 980 800 1052 μυστικῶν
825 979 1044 1047 δαΐδων,
1073 974 1147 1037 ὧν
1176 983 1237 1036 τὸ
1309 982 1408 1054 μὲν
1466 982 1732 1052 νύκτερον
1782 981 1877 1036 τοῦ
1954 982 2151 1053 χρῆναι
2198 986 2510 1056 καμμύσιν,
2563 987 2641 1050 ὡς
2691 988 2942 1059 εἴρηται,
2994 987 3230 1057 αἴνιγμα
3280 982 3384 1059 ἦν·
3450 988 3515 1040 τὸ
3573 989 3632 1042 δὲ

378 1077 672 1148 φωσφόρον
694 1077 1142 1149 λαμπαδούχημα
1165 1078 1261 1133 τοῦ
1284 1078 1677 1142 ἀνυστάζοντος
1701 1079 1759 1130 ἐν
1782 1078 2110 1151 ἐγρηγόρσει
2175 1081 2473 1151 ἐμϐλέπειν
2522 1085 2615 1136 καὶ
2685 1083 3014 1153 ἀναθεωρεῖν
3081 1082 3153 1137 τὰ
3200 1083 3299 1149 τῆς
3368 1083 3635 1154 μυστικῆς

376 1171 619 1242 τελετῆς.

451 1264 542 1320 16.
596 1265 728 1322 Mihi
793 1268 1010 1336 quidem
1088 1266 1305 1323 videtur
1364 1267 1730 1338 metaphorica
1805 1267 1951 1322 docti

377 1355 607 1413 Joannis
660 1357 895 1414 dulcedo
944 1372 1053 1413 non
1106 1357 1413 1413 inconsulto
1465 1358 1553 1411 hic
1595 1357 1952 1428 subjuusisse

379 1431 1195 1516 divinam'nubemspiritualis
1222 1446 1569 1512 initiationis,
1611 1446 1705 1502 sed
1738 1447 1804 1501 ad
1854 1462 1951 1516 ge-

381 1536 612 1591 nuinam
648 1537 1027 1605 metaphoram
1062 1524 1179 1593 seu’
1211 1537 1648 1603 translationem,
1683 1545 1745 1592 nt
1768 1537 1951 1593 divina

381 1627 558 1684 nubes
584 1627 677 1683 illa
714 1629 785 1684 sit
821 1642 1060 1698 congrua
1111 1628 1466 1700 applicationi
1504 1629 1699 1685 anima:
1727 1642 1837 1685 non
1893 1629 1948 1683 in

382 1719 543 1775 vanis
580 1729 861 1789 occupatas
885 1719 1061 1790 caligo
1092 1719 1314 1785 divina;
1338 1720 1575 1777 initiatio
1597 1730 1779 1776 autem
1811 1736 1948 1778 con-

381 1816 666 1875 sentanea,
695 1822 757 1864 ea
785 1824 910 1880 qum
954 1809 1010 1863 in
1045 1810 1164 1877 ipso
1188 1809 1248 1865 lit
1276 1809 1596 1866 illuminans
1624 1819 1679 1866 et
1707 1810 1811 1866 sub
1834 1810 1951 1867 sole

382 1900 628 1971 Spiritus
656 1902 830 1956 sancti
883 1900 1155 1970 initiatio,‘
1198 1912 1254 1959 et
1293 1918 1421 1959 vere
1455 1904 1618 1960 docta
1670 1904 1948 1973 cognitio;

2133 1267 2232 1334 ις’.
2262 1268 2482 1340 Ἔμοιγ’
2511 1268 2606 1324 οῦν
2630 1269 2664 1338 ή
2702 1268 3047 1339 μεταφορικὴ
3068 1266 3165 1321 τοῦ
3197 1263 3365 1335 σοφοῦ
3382 1264 3635 1318 Ἰωάννου

2057 1360 2354 1432 γλυκύτης,
2389 1361 2451 1415 οὐ
2487 1361 2784 1433 παρέργως
2833 1360 3071 1414 ενταῦθα
3100 1359 3251 1413 δοκεῖ
3306 1356 3627 1428 προσθεῖναι

2055 1454 2149 1507 τὸν
2178 1454 2323 1507 θεῖον
2351 1452 2573 1523 γνόφον,
2614 1454 2715 1522 τῆς
2744 1451 3131 1522 πνευματικῆς
3186 1451 3465 1520 μυήσεως,
3494 1448 3635 1502 ἀλλὰ

2056 1545 2195 1615 πρὸς
2230 1545 2406 1616 εὐφυῆ
2434 1547 2752 1617 μεταφορὰν
2780 1547 2901 1617 ἦτοι
2939 1546 3170 1616 τροπὴν,
3197 1544 3285 1598 ἵνα
3310 1543 3504 1606 σκότος
3530 1542 3636 1612 μὲν

2055 1634 2140 1705 εἴη
2164 1635 2311 1689 θεῖον
2338 1636 2551 1704 πρέπον
2573 1635 2802 1707 συστολῇ
2828 1635 3011 1705 ψυχῆς
3033 1634 3421 1707 όρρεμδάστου
3443 1637 3471 1688 ό
3491 1633 3633 1697 θεῖος

2055 1727 2264 1790 ἐκεῖνος
2301 1726 2502 1797 γνόφος
2525 1743 2542 1761 ο
2577 1728 2782 1798 μύησις
2812 1727 2870 1781 δὲ
2898 1727 3159 1795 ἀνάλογος
3187 1728 3222 1797 ή
3250 1728 3309 1780 ἐν
3329 1725 3480 1794 αύτῷ
3518 1744 3635 1796 φω-

2056 1816 2265 1889 ταυγὴς
2306 1818 2402 1872 καὶ
2439 1818 2544 1872 ὑπὸ
2592 1819 2745 1889 ἥλιον
2803 1818 2896 1873 τοῦ
2947 1818 3260 1886 ἀγιωτάτου
3312 1817 3638 1886 Πνεῦματος

2061 1908 2261 1981 μύησις
2282 1925 2299 1941 ⁶
2333 1911 2428 1965 καὶ¹
2449 1909 2668 1980 ἀληθῶς
2691 1910 2896 1978 γνῶσις
2925 1910 3327 1979 ἑπιστημσνική
3351 1926 3365 1942 ο
3393 1909 3461 1979 ἢν
3491 1906 3637 1976 γνῶ-

379 1966 545 2063 quam
584 1993 947 2063 cognitionem
982 1966 1222 2060 Spiritus
1246 1993 1380 2050 dicit
1411 2009 1505 2065 per
1542 1966 1949 2065 opposilionetn

2059 1966 2491 2073 σινυηννεύματος
2522 1966 2670 2071 λέγει
2702 1966 2891 2071 ’πρὸξ
2912 1966 3204 2071 διαστολὴν
3235 1966 3442 2070 ἑτέρων
3486 1966 3632 2066 γνὼ-

382 2090 713 2138 caaterarum
743 2082 1056 2148 notionum,
1091 2082 1234 2140 sicut
1280 2083 1439 2139 tertia
1473 2084 1701 2154 strophe
1734 2083 1954 2139 docebit

379 2172 561 2228 varias
587 2187 732 2236 esse,
764 2173 1049 2239 moralem,
1090 2182 1146 2229 et
1189 2174 1499 2246 physicam,
1533 2183 1589 2230 et
1645 2175 1954 2229 mathema-

380 2262 567 2332 ticam,
633 2272 689 2318 ct
749 2264 1187 2320 excellentiorem
1238 2265 1600 2335 theologicam
1653 2264 1834 2321 Patris
1888 2275 1943 2321 et

381 2347 505 2405 Filii
532 2359 589 2407 et
622 2350 860 2423 Spiritus
917 2353 1096 2409 sancti
1149 2369 1164 2407 :
1217 2353 1379 2424 hujus
1436 2354 1686 2410 meminit
1731 2355 1953 2411 divinus

378 2452 561 2513 poeta,
588 2453 642 2500 et
681 2445 821 2500 duas
848 2444 971 2500 illas
1002 2444 1370 2516 signiﬁcavit;
1416 2446 1509 2501 Dei
1538 2446 1682 2502 enim
1720 2447 1805 2503 lex
1858 2449 1958 2502 tri-

377 2535 502 2607 plex
531 2543 618 2591 est
647 2551 664 2602 ;
697 2535 949 2591 similiter
981 2545 1034 2591 et
1064 2536 1301 2591 initiatio
1351 2537 1683 2607 cognitionis
1716 2537 1953 2608 Spiritus

378 2630 466 2683 vel
524 2626 647 2683 Filii
697 2627 783 2684 vel
817 2626 1015 2697 Patris,
1056 2629 1369 2685 communis
1423 2636 1740 2685 estsanctae
1765 2627 1951 2686 Trini-

377 2714 516 2782 tati;
546 2713 693 2787 quod
733 2716 860 2771 item
889 2732 954 2773 ex
999 2716 1188 2789 phrasi
1237 2725 1410 2788 poeta:
1469 2718 1698 2791 intelligi
1749 2730 1949 2792 potest.

380 2805 627 2862 Dicendo
651 2806 796 2862 enim
832 2809 1017 2863 :videt
1067 2825 1187 2863 eum
1244 2811 1337 2880 qui
1366 2818 1464 2878 est,
1490 2821 1736 2867 sanctam
1771 2812 1955 2867 Trini.

380 2904 548 2955 tatem
572 2898 895 2970 indigitavit,
919 2909 973 2955 et
1000 2899 1367 2955 initiationem
1394 2902 1672 2971 appellans
1693 2901 1954 2973 Spiritus,

379 2988 530 3046 illam
574 2989 733 3045 nobis
799 2990 1215 3061 supponendam
1275 2990 1521 3063 reliquit,
1576 2992 1719 3049 sicut
1767 2993 1955 3066 colligi

381 3090 563 3154 potest
594 3097 659 3138 ex
701 3081 812 3137 alio
846 3091 1007 3154 poeta
1037 3081 1134 3152 qui
1189 3082 1245 3137 in
1281 3097 1426 3138 nona
1464 3085 1688 3155 strophe
1713 3085 1952 3154 prosaici

381 3172 571 3245 hymni
611 3172 801 3229 dicens
840 3172 1122 3243 apostolos
1160 3187 1401 3245 superno
1434 3173 1618 3229 afﬂatu
1668 3175 1953 3231 illumina-

378 3273 491 3333 tos,
525 3261 850 3321 Trinitatem
898 3280 1115 3319 omnem
1142 3269 1487 3337 cognovisse,
1516 3266 1727 3323 inducit
1756 3268 1810 3323 in
1860 3283 1953 3325 se-

382 3355 574 3426 quenti
634 3357 863 3428 strophe
900 3357 1048 3412 illius
1091 3357 1193 3413 aevi
1246 3357 1479 3430 populos
1527 3358 1619 3429 qui
1654 3358 1955 3429 cognitioni

383 3445 668 3505 Trinitatis
694 3447 947 3505 initiandi
973 3457 1151 3505 erant.

457 3649 548 3706 17.
590 3650 843 3708 Forsitan
899 3652 1027 3724 quis
1093 3652 1238 3707 dicat
1280 3653 1499 3726 Moysen
1535 3654 1812 3722 primum,
1847 3670 1955 3711 non

385 3743 562 3799 solum
592 3743 925 3815 prophetici,
959 3745 1053 3798 sed
1088 3742 1181 3801 Dei
1213 3745 1387 3815 gratia
1429 3755 1483 3801 et
1512 3746 1812 3816 apostolice
1853 3747 1957 3801 iui-

385 3836 578 3890 tiatum
610 3835 785 3891 fuisse
830 3835 1133 3905 cognitioni
1167 3835 1429 3891 celebrati
1472 3835 1728 3907 Spiritus,
1764 3846 1820 3890 et
1856 3840 1957 3893 hoc

386 3943 451 3982 ex
485 3929 740 3997 strophas
784 3914 967 3984 verbis
1001 3928 1143 3984 erui.
1183 3927 1274 3983 Sic
1313 3928 1458 3985 enim
1508 3944 1604 3999 per
1651 3928 1850 3984 huhem
1882 3930 1958 3984 si-

383 4018 675 4089 gniﬁcatur
692 4018 887 4076 domus
912 4020 967 4075 in
993 4035 1100 4091 qua
1121 4020 1330 4075 inventi
1363 4029 1490 4076 sunt
1515 4022 1774 4093 discipuli
1799 4022 1958 4079 hodie

387 4110 680 4178 sedentes;
725 4111 905 4166 divina
973 4110 1116 4166 enim
1167 4111 1346 4168 nubes
1386 4112 1480 4168 illa
1542 4113 1959 4183 nuncupabatur

393 4202 695 4272 prophetm.
750 4211 804 4259 et
847 4204 1045 4259 domus
1083 4203 1272 4258 nebula
1315 4204 1721 4273 quodammodo
1763 4206 1959 4260 adum-

389 4292 558 4348 hrans
592 4292 852 4349 interiora
904 4294 1060 4364 ejus,
1093 4309 1194 4350 nec
1218 4294 1404 4350 sincns
1436 4295 1587 4349 illum
1622 4294 1790 4351 radiis
1817 4296 1963 4351 sola-

396 4385 549 4442 ribus
584 4386 802 4457 attingi.
839 4387 944 4442 Pcr
977 4387 1347 4456 eloquentiam
1380 4396 1566 4442 autem
1597 4387 1675 4442 illi
1706 4387 1956 4454 inditam,

389 4486 615 4533 notatur
644 4479 912 4547 sapientia
943 4479 1318 4549 apostolorum
1348 4490 1514 4535 antea
1552 4481 1809 4547 rudium;
1840 4481 1960 4548 ejus

385 4580 564 4627 autem
603 4571 996 4642 tardiloquinm
1044 4573 1190 4644 quod
1235 4572 1418 4644 ignita:
1471 4573 1592 4644 ejus
1635 4574 1961 4645 eloquentiae

2055 2108 2216 2160 σεων,
2258 2092 2455 2147 ὁποίαν
2505 2093 2601 2148 καὶ
2644 2093 2866 2165 ήτρίτη
2897 2092 3127 2161 λαλήσει
3177 2091 3289 2163 ᾠδὴ
3337 2090 3634 2162 διαφόρους

2052 2181 2243 2248 οὔσας.
2279 2178 2355 2238 ὧν
2403 2184 2499 2238 καὶ
2545 2185 2579 2255 ή
2616 2185 2738 2240 κατ’
2771 2179 2927 2255 ἦθος,
2962 2184 3059 2238 καὶ
3096 2185 3131 2252 ή
3185 2180 3412 2254 φυσικὴ,
3450 2181 3547 2236 καὶ
3595 2182 3632 2252 ἠ

2054 2274 2191 2345 πρὸς
2223 2276 2482 2347 μάθησιν,
2515 2277 2611 2329 καὶ
2640 2276 2702 2330 τὸ
2726 2277 3027 2345 κορυφαῖον
3056 2277 3090 2346 ή
3117 2275 3433 2344 θεολογική,
3463 2277 3497 2343 ή
3533 2271 3633 2327 τοῦ

2057 2370 2291 2441 Πατρός,
2322 2370 2357 2439 ή
2405 2369 2502 2423 τοῦ
2551 2367 2707 2430 Υίοῦ,
2743 2370 2777 2439 ή
2831 2368 2928 2424 τοῦ
2983 2369 3143 2437 ἁγίου
3180 2365 3536 2437 Πνεύματος·
3564 2359 3636 2436 ἧς

2055 2459 2293 2514 ινταῦθα
2329 2458 2592 2530 μνησθεὶς
2618 2460 2647 2514 ό
2678 2459 2827 2530 θεῖρς
2858 2460 3087 2528 ποιητὴς
3116 2458 3212 2511 καὶ
3233 2457 3335 2519 τὰς
3357 2455 3451 2510 δύο
3476 2472 3635 2509 συνε-

2053 2550 2288 2620 δήλωσε.
2322 2549 2460 2604 Θεοῦ
2483 2550 2590 2621 γὰρ
2614 2550 2779 2619 νόμος
2804 2550 3087 2621 τριαδικός
3118 2550 3270 2602 ἐστιν
3292 2564 3305 2578 ο
3341 2547 3545 2617 ὁμοίως
3575 2544 3636 2598 δὲ

2056 2639 2153 2694 καὶ
2189 2639 2391 2711 μύησις
2444 2641 2699 2709 γνώσεως
2730 2638 3048 2710 Πνεύματος
3078 2640 3111 2709 ἢ
3144 2638 3298 2700 Υίοῦ.
3329 2638 3363 2707 ἢ
3419 2638 3635 2704 Πατρὶς

2056 2730 2212 2801 κοινὴ
2239 2730 2339 2798 τῆς
2390 2730 2554 2799 ἁγίας
2601 2728 2874 2800 Τριάδος⁶
2906 2728 3023 2782 ἔστι
3071 2726 3130 2781 δὲ
3186 2724 3633 2796 κατανοήσασθαι

2055 2820 2190 2875 αὐτὸ
2217 2822 2309 2875 καὶ
2339 2822 2447 2875 ἀπὸ
2477 2822 2577 2892 τῆς
2615 2821 2871 2891 φράσεως
2910 2820 3006 2875 τοῦ
3041 2818 3304 2889 μελῳδοῦ.
3364 2816 3546 2872 Εἰπὼν
3572 2832 3635 2871 τε

2054 2913 2164 2982 γὰρ
2193 2910 2303 2981 ὁρᾷ
2323 2913 2430 2968 τὸν
2458 2913 2628 2979 ὄντα,
2654 2915 2753 2985 τὴν
2784 2912 2945 2982 ἁγίαν
2975 2912 3188 2984 Τριάδα
3211 2911 3593 2981 παρεστήσατο
3614 2925 3635 2944 ⁶

2056 3005 2150 3058 καὶ
2180 3005 2384 3075 μύησιν
2401 3004 2457 3058 δὲ
2486 3006 2724 3075 φάμενος
2747 3005 3088 3074 Πνεύματος,
3115 3003 3212 3066 τὴν
3232 3003 3401 3073 αὐτὴν
3421 3001 3635 3071 ἀφῆκεν

2055 3096 2189 3167 ἡμῖν
2222 3098 2545 3160 συνεννοεῖν,
2574 3096 2650 3161 ὡς
2675 3096 2792 3152 ἔστι
2819 3095 3232 3151 καταλαϐέσθαι
3254 3094 3353 3150 καὶ
3381 3093 3489 3147 ἀπὸ
3516 3094 3635 3145 ἑτέ-

2059 3205 2155 3262 ρου
2196 3187 2462 3257 μελῳδοῦ,
2495 3189 2554 3253 ὃς
2582 3192 2640 3242 ἐν
2669 3191 2735 3260 τῇ
2781 3188 2977 3261 ὲννάτῃ
3004 3186 3118 3260 ᾠδῇ
3156 3185 3251 3241 τοῦ
3278 3185 3635 3252 πεζολογικοῦ

2057 3278 2285 3345 κανόνος
2311 3279 2506 3348 εἰπὼν,
2534 3281 2610 3345 ὡς
2639 3282 2689 3334 οἱ
2716 3281 3004 3336 ἀπόστολοι
3041 3280 3300 3350 ἐπιπνοίᾳ
3328 3280 3394 3348 τῇ
3421 3278 3633 3333 ἄνωθεν

2059 3369 2592 3440 καταλαμφθέντες,
2650 3372 2752 3442 τὴν
2797 3371 3008 3442 Τριὰδα
3066 3370 3246 3424 πᾶσαν
3301 3368 3631 3438 ἐγνώρισαν,

2059 3462 2257 3530 ἐπάγει
2311 3464 2369 3517 ὲν
2399 3464 2478 3532 τῷ
2529 3462 2660 3534 ἑξῆς
2713 3463 3002 3535 τροπαρίῳ
3029 3462 3156 3525 τοὺς
3188 3460 3303 3514 ἐκεῖ
3328 3460 3447 3513 τότε
3470 3459 3632 3521 λαοὺς

2057 3554 2158 3625 τὴν
2189 3557 2287 3627 τῆς
2315 3555 2545 3627 Τριὰδος
2579 3557 2854 3628 μυηθῆναι
2884 3557 3107 3626 γνῶσιν.

2131 3650 2219 3715 ιζ’.
2255 3650 2411 3720 Ἔχοι
2437 3650 2481 3703 δ’
2511 3650 2577 3704 ἄν
2607 3668 2693 3714 τις
2727 3652 2905 3705 εἰπεῖν
2929 3651 3005 3716 ὡς
3035 3651 3178 3723 ἔφθη
3202 3652 3263 3706 οῦ
3298 3651 3458 3722 μόνον
3491 3665 3630 3718 προ-

2060 3742 2330 3812 φητικῶς,
2360 3742 2495 3795 ἀλλὰ
2524 3742 2661 3796 Θεοῦ
2713 3743 2901 3812 χάριτι
2950 3746 3047 3798 καὶ
3076 3742 3456 3806 ἀποστολικῶς
3488 3757 3633 3810 μυη·

2058 3834 2220 3903 θῆναι
2272 3835 2370 3905 τὴν
2407 3834 2502 3888 τοῦ
2555 3833 2956 3904 ἑορταξομένου
2991 3836 3308 3906 Πνεύματος
3362 3834 3566 3904 γνῶσιν
3602 3836 3630 3885 ό

2058 3927 2322 3993 Μωῢσῆς,
2354 3929 2451 3981 καὶ
2477 3927 2564 3981 διὰ
2617 3926 2730 3981 τῶν
2761 3927 3035 3998 κειμένων
3060 3927 3118 3980 ὲν
3162 3927 3242 3999 τῷ
3271 3926 3449 3998 εἱρμῷ
3470 3943 3486 3957 ο
3518 3919 3631 3979 οἷον

2058 4017 2148 4071 διὰ
2177 4017 2273 4072 τοῦ
2305 4017 2506 4087 γνόφου
2528 4018 2622 4071 τὸν
2655 4012 2805 4072 οἶκον
2828 4020 2886 4072 ἓν
2911 4012 2957 4087 ᾧ
2985 4017 3290 4089 εὑρέθησαν
3311 4021 3359 4071 οἱ
3390 4015 3633 4088 μαθηταὶ

2060 4110 2364 4181 καθήμενοι
2404 4111 2647 4181 σήμερον
2673 4124 2687 4139 ·
2717 4109 2746 4163 ό
2781 4108 2923 4173 θεῖός
2961 4126 3021 4162 τε
3052 4109 3159 4180 γὰρ
3186 4109 3394 4172 ἐκεῖνος
3432 4106 3632 4176 γνόφος

2059 4199 2207 4264 οἶκος
2239 4196 2351 4255 οἷον
2403 4198 2743 4272 ἐχρημάτιζε
2795 4200 2875 4272 τῷ
2904 4200 3196 4272 προφήτῃο
3246 4199 3341 4253 καὶ
3383 4196 3530 4260 οἶκος
3572 4197 3633 4251 δὲ

2061 4295 2254 4361 γνοφοί
2283 4292 2486 4361 τρόπον
2532 4291 2654 4345 τινὰ
2701 4290 2944 4355 σκιάζων
2972 4292 3098 4353 τοὺς
3142 4290 3292 4353 ὲντδς
3334 4288 3503 4343 αὐτοῦ
3538 4289 3634 4341 καὶ

2061 4386 2141 4456 μὴ
2171 4384 2355 4454 ἀφιεὶς
2387 4383 2601 4438 ἀκτῖσιν
2629 4382 2781 4453 ἡλίου
2816 4381 3087 4453 ψαύεσθαι
3112 4398 3128 4415 ⁸
3160 4382 3253 4435 διὰ
3283 4382 3340 4435 δὲ
3379 4381 3481 4450 τῆς
3511 4378 3634 4434 κατ’

2062 4476 2227 4529 αὑτὸν
2256 4475 2552 4545 ῥητορείας
2581 4474 2680 4547 τὴν
2710 4474 2816 4527 τῶν
2844 4474 3161 4528 ἀποστόλων
3190 4473 3249 4539 ἐξ
3291 4473 3518 4528 ἰδιωτῶν
3548 4490 3637 4525 σο-

2062 4570 2229 4641 φίανο
2263 4570 2325 4623 τὸ
2358 4569 2414 4624 δὲ
2446 4572 2567 4623 κατ’
2622 4570 2832 4623 ἐκεῖνον
2879 4565 3330 4638 βραδύγλωσσον,
3377 4564 3407 4618 δ
3441 4564 3541 4635 τὴν
3575 4565 3634 4617 ὲν

382 4675 496 4718 non
520 4662 731 4728 nocuit,
759 4662 976 4732 linguas
996 4660 1328 4731 signiﬁcavit
1346 4660 1740 4733 discipulorum
1764 4665 1953 4733 igneas

2064 4661 2214 4731 αὐτῷ
2249 4663 2555 4731 πυρίπνουν
2587 4657 2884 4731 ῥητορικὴν
2917 4656 3071 4710 οὐδὲν
3107 4655 3362 4726 ἔϐλαψεν,
3392 4654 3492 4718 τὰς
3523 4654 3630 4708 τῶν

383 4769 452 4809 ex
480 4753 718 4811 indoctis
747 4769 776 4809 a
811 4753 922 4810 Deo
957 4755 1218 4824 magistro
1246 4754 1456 4822 factas;
1492 4755 1817 4812 divisionem
1864 4771 1963 4812 au-

386 4853 502 4901 tem
529 4844 844 4915 linguarum
875 4852 930 4901 et
960 4859 1056 4900 eos
1089 4845 1181 4914 qui
1236 4854 1367 4901 tunc
1403 4846 1699 4902 adfuerunt
1730 4848 1958 4918 populos

378 4936 469 4991 lex
526 4936 714 4991 divina
768 4934 1174 5003 manifestam;
1228 4936 1343 5005 ipsa
1393 4937 1539 4993 enim
1584 4938 1723 4993 duro
1760 4937 1961 5008 populo

383 5028 687 5086 Israelitico
722 5027 921 5099 partita
954 5036 1039 5083 est
1077 5028 1144 5084 ad
1182 5027 1563 5096 directionem,
1611 5038 1666 5084 et
1707 5029 1959 5087 Christus

384 5121 655 5190 Spiritum
701 5122 912 5188 divisit,
963 5121 1102 5176 sicut
1135 5119 1277 5176 infra
1308 5130 1557 5188 canetur,
1586 5122 1788 5192 populo
1826 5136 1961 5192 gen-

389 5213 475 5270 tili
510 5213 603 5284 qui
633 5223 753 5269 crat
783 5213 902 5285 ipse
925 5212 1064 5269 dura
1092 5215 1328 5277 cervice,
1358 5214 1502 5269 sicut
1528 5213 1825 5270 ostendunt
1865 5213 1959 5285 qui

382 5321 452 5363 ex
490 5305 625 5375 ipsis
649 5308 879 5361 aderant
929 5304 1093 5371 festo,
1130 5314 1185 5361 et
1223 5304 1540 5361 ebrietatem
1593 5305 1801 5361 sanctis
1824 5320 1961 5375 apo-

384 5397 550 5455 stolis
586 5396 1055 5465 exprobraverunt
1081 5415 1097 5467 ;
1130 5412 1257 5452 mox
1291 5397 1584 5453 dicendum
1609 5406 1788 5452 autem
1815 5400 1961 5466 quod

382 5490 641 5562 spiritum
671 5490 1049 5549 vehementem
1088 5502 1142 5547 et
1174 5491 1228 5546 in
1265 5491 1387 5561 ipso
1414 5490 1593 5560 ignem
1618 5530 1633 5555 ,
1667 5490 1840 5546 nubes
1868 5491 1960 5545 illa

382 5581 694 5653 signiﬁcat;
745 5582 972 5638 nebulas
1023 5585 1169 5640 enim
1236 5585 1545 5655 potvadunt
1599 5582 1735 5638 tales
1797 5583 1960 5639 aeria:

383 5677 670 5745 passiones
706 5677 868 5734 modo
914 5694 979 5733 ex
1015 5694 1169 5741 casu,
1219 5679 1381 5732 modo
1426 5694 1492 5733 ex
1534 5678 1627 5735 Dei
1669 5679 1859 5749 jussu;
1901 5686 1956 5732 et

387 5769 497 5824 tale
540 5769 672 5840 quid
722 5770 823 5826 fuit
874 5772 1023 5825 circa
1071 5769 1440 5838 cognitionem
1480 5754 1717 5841 Spiritus
1756 5771 1955 5827 sancti.

382 5856 572 5917 Posset
599 5871 777 5921 autem
801 5861 959 5916 aliter
979 5875 1074 5932 per
1104 5859 1648 5918 circumlocutionem
1670 5860 1811 5918 idem
1832 5861 1957 5933 Spi-

2072 4754 2333 4824 μαθητῶν
2383 4753 2626 4823 ἐμύησεν
2677 4751 2842 4806 αὐτὸν
2895 4748 3150 4817 γλώσσας
3208 4748 3525 4815 πυρπνόους
3577 4746 3640 4812 ἐξ

2064 4845 2450 4916 ἀγραμμάτων
2479 4843 2880 4905 διδασκαλικῶς
2906 4843 3205 4911 γενομένας
3222 4859 3234 4872 ’
3261 4840 3358 4912 τὴν
3383 4841 3439 4894 δὲ
3460 4840 3609 4893 διοινὲ

2068 4953 2236 5007 μησιν
2280 4936 2387 4990 τῶν
2417 4935 2678 5006 γλωσσῶν
2727 4935 2822 4989 καὶ
2867 4934 2994 4998 τοὺς
3038 4931 3340 5002 τηνικαῦτα
3393 4949 3612 5001 παρατυ

2064 5031 2257 5100 χόντας
2284 5027 2446 5091 λαοὺς
2490 5027 2518 5080 ό
2550 5026 2855 5096 θεόγραφος
2883 5025 3046 5095 νόμος
3080 5023 3494 5096 παρεδήλωσεν
3536 5022 3641 5076 αὖ·

2064 5123 2152 5184 τός
2182 5138 2239 5175 τε
2279 5121 2388 5190 γὰρ
2416 5118 2640 5190 σκληρῷ
2662 5118 2778 5188 λαῷ
2811 5117 2889 5185 τῷ
2920 5116 3302 5188 Ἰσραηλιτικῷ
3341 5113 3639 5186 διενεμήθη

2063 5216 2200 5286 τρδς
2243 5213 2532 5284 διόρθωσιν
2550 5230 2566 5246 ο
2592 5213 2686 5267 καὶ
2727 5215 2754 5267 ό
2781 5212 3016 5281 Χριστὸς
3046 5211 3265 5281 ἔνειμεν
3294 5212 3354 5265 τὸ
3383 5210 3631 5281 Πνεῦμα,

2065 5309 2141 5371 ὡς
2173 5310 2231 5361 ὲν
2259 5308 2373 5371 τοῖς
2419 5305 2548 5377 ἑξῆς
2586 5304 3056 5376 μελῳδηθήσεται,
3087 5304 3231 5376 ὑπὲρ
3272 5304 3369 5358 τοῦ
3421 5301 3639 5357 ἐθνικοῦ

2064 5397 2196 5452 λαοῦ
2227 5396 2325 5451 τοῦ
2372 5397 2470 5451 καὶ
2500 5396 2666 5450 αὐτοῦ
2697 5395 3203 5466 σκληροτραχήλου,
3236 5395 3311 5458 ὡς
3342 5395 3639 5465 ἐμφαίνου-

2067 5506 2154 5542 σιν
2193 5489 2242 5542 ol
2271 5486 2331 5553 ἐξ
2361 5487 2542 5542 αὐτῶν
2577 5486 2842 5555 παρόντες
2882 5489 2948 5558 τῇ
2980 5487 3163 5558 ἑορτῇ,
3200 5485 3296 5539 καὶ
3335 5485 3509 5555 μέθην
3531 5483 3642 5536 τῶν

2065 5585 2239 5653 ἁγίων
2268 5584 2592 5637 ἀποστόλων
2629 5585 3025 5652 καταλέγοντες
3047 5598 3060 5612 ⁸
3090 5583 3191 5651 τὴν
3218 5581 3274 5634 δέ
3305 5598 3368 5648 γε
3398 5581 3638 5653 ῥηθησο-

2073 5677 2243 5748 μένην
2278 5676 2461 5745 βιαίαν
2500 5676 2673 5748 πνοὴν
2726 5679 2820 5730 καὶ
2872 5675 2934 5729 τὸ
2961 5675 3081 5728 κατ’
3112 5674 3283 5743 αὐτὴν
3315 5673 3583 5745 πυρῶδες.
3614 5686 3643 5724 ο

2065 5771 2262 5841 γνόφος
2308 5773 2516 5834 ἐκεῖνος
2562 5770 2873 5839 συνεδήλου.
2918 5766 3142 5836 Γνόφων
3174 5768 3283 5837 γὰρ
3318 5766 3388 5819 τὰ
3414 5761 3643 5818 τοιαῦτα

2064 5867 2422 5937 ἐκτρέχουσιν
2471 5864 2631 5933 ἀέρια
2661 5862 2791 5919 ὄντα
2850 5861 3186 5932 παθήματασ
3236 5858 3367 5913 ποτε
3429 5856 3528 5927 μὲν
3574 5858 3642 5909 ἐκ
