4050 6408
335 402 437 466 537
1125 415 1212 475 IN
1252 417 1582 477 ΠΥΜΝΕΜ
1623 419 2277 489 PENTECOSTALEM
2324 433 2779 494 DAMASCENL
3479 437 3588 501 5‘38

336 516 710 588 συμϐάματος,
767 526 898 580 ποτὲ
928 527 985 582 δὲ
1022 529 1085 583 ἐκ
1137 529 1285 582 θείου
1339 529 1752 598 κελεύσματος·
1807 535 1935 610 καὶ.

2008 538 2144 592 ritus
2181 540 2286 594 dici
2346 553 2400 597 et
2451 545 2689 613 cognitio
2731 547 2968 616 Spiritus
3005 547 3058 601 in
3087 555 3270 602 mente
3314 547 3579 609 hominis.

337 609 567 663 τοιοῦτον
597 614 695 681 μὲν
740 618 900 673 τοῦτο
946 623 1079 692 περὶ
1127 623 1222 676 τοῦ
1287 626 1503 690 μυεῖται
1571 625 1898 694 Πνεῦματος

2011 633 2271 700 quoniam
2321 637 2372 688 iu
2427 638 2582 690 nobis
2619 655 2727 708 quo
2765 640 2829 692 ad
2861 639 3192 694 exteriorem
3231 641 3580 709 sapientiam,

335 701 548 798 γνώσιν.
583 706 736 762 Ἐστι
800 709 856 763 δὲ
920 714 1016 766 καὶ
1067 714 1244 779 ἄλλως
1303 713 1699 786 περιφράσεως
1755 715 1901 786 λόγῳ

2014 735 2170 776 mens
2214 736 2321 776 non
2376 735 2550 793 potest
2594 728 2899 781 doctrinam
2952 729 3193 798 perfecte
3216 743 3434 798 capere,
3482 728 3585 782 nisi

335 793 523 846 ταύτὸν
557 799 780 866 Πνεῦμα
827 805 1002 857 εἰπεῖν
1035 807 1129 859 καὶ
1185 807 1390 874 γνῶσιν
1441 807 1766 876 Πνεῦματος
1805 813 1906 877 τὴν

1255 807 1390 860 ὦσιν
1441 807 1766 876 Πνεῦματος
1805 813 1906 877 τὴν
2010 812 2199 882 aliquo
2232 815 2394 870 modo
2427 820 2762 873 assimiletur
2785 820 2854 874 ei.

332 891 470 941 κατὰ
505 894 630 945 νοῦν
662 897 984 965 ἀνθρώπου·
1019 901 1153 968 εἴγε
1187 905 1281 957 καὶ
1309 903 1440 972 παρ’
1471 906 1602 974 ἡμῖν
1633 905 1778 958 κατὰ
1806 907 1906 975 τὴν
1945 905 2052 973 ἔξω
2088 911 2303 979 σοφίαν,
2351 915 2379 967 ό
2423 913 2548 978 νοῦς
2595 916 2693 968 οὐκ
2767 915 2879 986 ἔχει
2945 916 3268 988 δράττεσθαι
3315 912 3411 967 τοῦ
3448 930 3588 984 γνω-

331 986 457 1040 στοῦ
487 989 748 1055 ἀκριϐῶς,
786 993 834 1045 εἰ
868 995 941 1064 μή
972 1013 1085 1060 πως
1115 997 1418 1070 ἐξομοιωθῇ
1455 1001 1591 1070 πρὸς
1616 1002 1772 1060 αὑτό,

400 1082 488 1153 ιη’.
532 1086 729 1140 ’ἰστέον
782 1089 838 1142 δὲ
895 1093 975 1144 ὅτι
1025 1098 1118 1146 καὶ
1169 1095 1346 1158 ἄλλως
1404 1096 1554 1149 ἔστιν
1600 1099 1774 1151 εἰπεῖν
1826 1099 1905 1162 ὡς

2087 1099 2176 1154 18.
2214 1098 2510 1154 Sciendum
2543 1109 2722 1153 autem
2750 1100 2893 1168 quod
2932 1099 3035 1153 dici
3079 1101 3256 1166 possit
3306 1100 3581 1154 initiatum

329 1173 542 1244 ἐμυήθη
592 1179 620 1229 ὁ
651 1179 891 1247 Μωῦσῆς
927 1183 1026 1254 τὴν
1073 1185 1276 1251 γνῶσιν
1325 1186 1421 1240 τοῦ
1461 1187 1782 1257 ῐῐνεύματος
1813 1191 1901 1243 διὰ

2014 1190 2187 1246 fuisse
2227 1191 2443 1263 Moysen
2479 1193 2774 1261 cognitioni
2803 1193 3041 1261 Spiritus
3065 1211 3162 1262 per
3193 1193 3386 1263 legem,
3421 1208 3581 1260 quam

329 1266 420 1317 τοῦ
452 1267 638 1336 νόμου,
673 1271 732 1324 ὂν
781 1273 991 1328 ἐκεῖθεν
1024 1275 1330 1331 δεδίδακται
1379 1280 1685 1348 θεὸγραφον
1719 1277 1859 1335 εἶναι
1884 1295 1899 1312 ⁸

2013 1283 2142 1339 inde
2175 1283 2368 1338 didicit
2421 1300 2541 1338 esse
2598 1286 2878 1349 divinam;
2925 1287 3182 1339 similiter
3224 1287 3474 1340 initiatus
3503 1293 3587 1338 est

329 1355 589 1420 ὡσαύτως
627 1362 906 1431 μεμύηται
959 1367 1053 1419 καὶ
1104 1368 1190 1422 διὰ
1246 1369 1346 1437 τῆς
1397 1371 1644 1438 ὁράσεως
1675 1371 1800 1425 καθ’
1833 1373 1900 1442 ἦν

2011 1389 2110 1446 per
2138 1376 2404 1431 visionem
2437 1391 2541 1444 qua
2576 1377 2915 1432 illnminams
2944 1388 3025 1431 est
3053 1378 3434 1443 spiritualiter,
3477 1376 3585 1430 ful-

327 1444 435 1500 εἶδε
476 1449 566 1504 τὸν
597 1452 726 1506 ὄντα
755 1456 849 1510 τοῦ
885 1457 1042 1524 ἁγίου
1077 1460 1504 1530 μεσολαϐοῦντος
1546 1466 1899 1535 Πνεύματοςο

2010 1477 2170 1537 gente
2223 1467 2349 1522 hinc
2393 1467 2441 1521 ei
2492 1469 2974 1532 comprehensibili
3031 1469 3217 1523 divina
3271 1477 3475 1530 mente,
3527 1475 3584 1521 ut

326 1541 412 1593 ἐτι
435 1540 495 1595 δὲ
525 1545 621 1596 καὶ
653 1545 741 1598 διὰ
771 1549 866 1602 τοῦ
889 1553 1115 1620 γνόφου,
1145 1546 1190 1620 ᾧ
1221 1555 1608 1625 περιελάμφθη
1639 1557 1906 1628 θεωρητιο

2008 1560 2152 1614 sicut
2186 1561 2364 1615 nubes
2400 1561 2579 1617 lucida
2608 1559 2956 1615 obumbravit
2989 1572 3177 1629 postea
3207 1577 3307 1614 cos
3343 1562 3432 1628 qui
3459 1576 3580 1613 cum

328 1635 484 1698 κῶς,
532 1637 955 1710 ἐναστραψάσης
1014 1646 1224 1699 ἐκεῖθεν
1282 1647 1430 1718 αὐτῷ
1487 1649 1908 1722 καταληπτικῆς

2014 1647 2303 1703 Salvatore
2351 1657 2530 1713 erant,
2574 1648 2651 1702 sic
2695 1665 2891 1703 rursus
2930 1649 3140 1704 nchulm
3174 1651 3363 1702 unnhra
3411 1657 3587 1702 trans-

332 1727 485 1790 θείας
514 1731 776 1798 νοήσεως,
809 1734 894 1788 ἵνα
923 1734 1114 1808 ὥσπερ
1149 1739 1346 1810 νεφέλη
1383 1741 1620 1809 φωτεινὴ
1649 1743 1907 1796 ἐπεσκία-

2013 1741 2254 1795 mitteret
2285 1741 2686 1797 divinissimam
2712 1740 2955 1811 Spiritus
2989 1740 3474 1802 illuminationem;
3502 1739 3587 1794 cui

335 1833 428 1869 σεν
460 1817 685 1889 ὕστερον
715 1823 840 1887 τοὺς
886 1825 1025 1895 μετὰ
1057 1827 1151 1880 τοῦ
1179 1829 1453 1897 Σωτῆρος,
1491 1830 1664 1894 οὕτως
1693 1832 1904 1887 ἀγάπα.

2011 1833 2225 1898 exinde,
2272 1841 2334 1887 ut
2383 1833 2616 1899 videtur,
2668 1827 2917 1887 initiatus
2963 1832 3251 1886 obscurius
3301 1831 3588 1900 propheta,

331 1908 416 2005 liv
455 1911 657 2005 γνόςου
709 1915 839 1969 σκιὰ
887 1921 1234 1992 φωσφορήσῃ
1297 1921 1582 1992 θειοτάτην
1633 1923 1905 1994 ἐλλαμψιν

2013 1932 2195 1993 postea
2236 1924 2579 1980 manifestius
2627 1925 2764 1979 vidit
2816 1925 2870 1978 in
2927 1923 3184 1988 Thabor;
3233 1925 3285 1977 in
3320 1924 3440 1978 luce
3486 1925 3589 1977 hac

335 2002 656 2071 Πνεῦματος
676 2022 690 2035 ο
722 2007 788 2078 ἢν
816 2007 878 2062 ἐκ
903 2027 1046 2073 τοτε.
1087 2011 1165 2073 ὡς
1194 2013 1362 2078 εἰκὸς,
1405 2015 1636 2084 μυηθεὶς
1661 2033 1906 2086 κρυφιωο

2011 2017 2324 2085 speculatus
2377 2017 2564 2080 igneas
2611 2017 2830 2086 linguas
2879 2016 3191 2072 evidentius
3240 2025 3294 2070 et
3345 2016 3426 2070 sic
3483 2014 3576 2068 0οεί

331 2093 584 2165 δέστερον
627 2101 655 2150 ό
691 2101 998 2171 προφήτης,
1034 2104 1341 2175 ἐθεώρησεν
1377 2106 1606 2176 ὕστερον
1643 2113 1906 2176 ἐκφαντοο

2011 2109 2203 2163 laudes
2229 2108 2482 2165 cautibus
2528 2119 2892 2176 prosecutus;
2943 2109 3193 2163 ostendet
3242 2117 3422 2161 autem
3465 2105 3587 2160 finis

334 2181 504 2245 ρικῶς
533 2184 590 2235 ἐν
615 2184 812 2254 Θαϐώρ
831 2204 845 2219 ·
879 2191 1019 2256 φωτὶ
1049 2192 1241 2262 ἐκείνῳ
1273 2195 1364 2246 καὶ
1397 2195 1494 2257 τὰς
1521 2195 1754 2265 πυρίνας
1785 2197 1902 2264 ἅμα

2021 2201 2308 2268 sequentis
2378 2200 2776 2270 antistroplim,
2836 2202 2888 2253 in
2941 2201 3026 2253 his
3074 2216 3088 2252 :
3135 2199 3268 2252 dans
3329 2197 3587 2264 Spiritum

329 2272 586 2337 γλώσσας
630 2276 1096 2348 ἐνοπτρισὰμενος
1141 2284 1594 2356 θεοπτικώτερον,
1629 2290 1724 2340 καὶ
1760 2287 1905 2344 οὕτω

2013 2291 2259 2346 Christus
2278 2310 2297 2357 ;
2315 2307 2433 2345 nam
2458 2292 2599 2348 idem
2627 2300 2708 2346 est
2731 2291 3093 2361 cognitionem
3123 2289 3364 2359 Spiritus
3387 2288 3586 2352 dicere,

333 2361 542 2430 μέλψας
575 2366 894 2436 ᾁσματικῶς
929 2371 1004 2440 τῷ
1047 2374 1165 2442 Θεῷ
1188 2390 1203 2404 ο
1235 2375 1466 2444 δηλώσει
1498 2377 1555 2430 δὲ
1587 2379 1680 2430 καὶ
1707 2378 1768 2430 τὸ
1811 2379 1902 2432 τέ-

822 2369 894 2432 ῶς
929 2371 1004 2440 τῷ
1047 2374 1165 2442 Θεῷ
1188 2390 1203 2404 ο
1235 2375 1466 2444 δηλώσει
1498 2377 1555 2430 δὲ
1587 2379 1680 2430 καὶ
1707 2378 1768 2430 τὸ
1811 2379 1902 2432 τέο
2011 2393 2064 2435 rt
2092 2383 2264 2451 legem
2303 2382 2417 2437 Dei.

326 2457 420 2521 λος
444 2459 538 2512 τοῦ
571 2461 772 2534 ἐφεξῆς
815 2464 1118 2536 τροπαρίου
1147 2465 1207 2518 ἐν
1237 2465 1337 2535 τῷ,
1368 2470 1579 2536 νείμας
1616 2470 1681 2522 τὸ
1735 2469 1979 2538 Πνεῦμα
2019 2470 2300 2540 Χριστὸς,
2335 2471 2410 2535 ὡς
2450 2472 2646 2526 ταύτόν
2677 2472 2794 2524 ἐστι
2819 2471 3022 2538 γνῶσιν
3074 2468 3388 2538 Πνεῦματος
3418 2468 3592 2521 εἰπεῖν

331 2552 430 2608 καὶ
454 2553 620 2622 νόμον
641 2555 805 2610 Θεοῦ.

405 2646 487 2700 ιθ’.
528 2648 634 2701 Τοῦ
669 2649 725 2702 δὲ
752 2651 948 2716 γεραί’]
963 2667 1068 2719 ων,
1094 2653 1230 2722 ὅπερ
1275 2655 1394 2707 ἐστὶ
1421 2655 1600 2724 γέρως
1632 2659 1728 2710 καὶ
1749 2657 1914 2726 τιμῆς

2097 2655 2369 2710 19.νρι·1›ἰ
2410 2670 2575 2725 porro
2618 2652 2917 2723 γεραίρων,
2959 2651 3008 2705 id
3041 2658 3148 2717 est,
3184 2652 3391 2706 honore
3415 2660 3469 2706 et
3497 2665 3589 2704 ve-

329 2741 520 2806 ὰξιῶν,
555 2742 902 2812 πρωτόθετόν
929 2745 1046 2799 ἐστι
1077 2746 1137 2798 τὸ
1167 2746 1336 2817 γέρας
1359 2762 1374 2778 ·
1406 2748 1550 2801 οὕτω
1594 2749 1650 2802 δὲ
1693 2751 1785 2802 καὶ
1812 2750 1908 2803 τοῦ

2019 2747 2302 2800 neratione
2333 2745 2557 2813 dignum
2607 2752 2896 2813 reputans.
2936 2741 3089 2796 radix
3133 2749 3215 2795 est
3264 2741 3470 2810 γέραςς
3511 2745 3590 2796 sic

330 2832 639 2902 κεραίρειν,
695 2833 723 2886 ὃ
761 2837 1008 2905 κεραίειν
1041 2837 1205 2901 ,ἄλλοι
1263 2838 1570 2907 γράφουσι,
1623 2841 1683 2892 τὸ
1744 2841 1910 2912 κέρας

2019 2847 2079 2891 ut
2109 2838 2416 2909 κεραίρειν,
2453 2835 2600 2907 quod
2644 2837 2737 2890 alii
2778 2834 3021 2905 κεραίειν
3061 2834 3332 2895 scribunt,
3385 2849 3413 2886 a
3463 2849 3591 2888 voce

331 2924 748 2992 προϋπόκειται,
783 2928 862 2988 είς
909 2925 936 2979 ὅ
981 2927 1263 2996 ἐγχέοντες
1296 2929 1356 2982 τὸ
1406 2932 1570 2984 ποτὸν
1602 2933 1651 2984 oi
1682 2931 1910 2984 παλαιοὶ

2015 2931 2186 3000 κέρας
2225 2931 2526 2998 derivatur,
2559 2930 2613 2984 in
2640 2944 2748 2998 quo
2767 2939 2952 2997 potum
2985 2926 3330 2982 eﬂ'undeutes
3359 2926 3589 2993 antiqui,

327 3017 590 3082 ἐξωσίουν
625 3019 694 3072 τὰ
743 3019 872 3088 φίλα
907 3023 1188 3089 συμπόσια
1213 3039 1228 3054 ο
1262 3022 1420 3076 ἔνθεα
1449 3023 1506 3076 δέ
1556 3023 1779 3095 ᾅσματα
1811 3041 1908 3078 κυ-

2016 3037 2114 3077 sua
2154 3023 2514 3078 celebrabant
2574 3021 2852 3077 convivia.
2912 3019 3105 3074 Divina
3165 3029 3344 3071 autem
3383 3019 3591 3071 cantica

331 3113 467 3181 ρίως
491 3112 639 3181 ἅπερ
669 3112 868 3184 ᾄδομεν
907 3112 1057 3177 ἐντὸς
1092 3115 1250 3184 ἡμῶν
1279 3115 1339 3167 τὸ
1367 3115 1512 3181 θεῖον
1543 3115 1783 3186 ἔχοντες,
1811 3118 1906 3171 καὶ

2012 3129 2077 3168 ea
2103 3121 2230 3169 sunt
2255 3113 2476 3184 proprie
2502 3129 2623 3183 qum
2642 3113 2892 3167 canimus
2927 3111 3090 3164 Deum
3121 3111 3174 3164 in
3203 3111 3359 3164 nobis
3389 3110 3590 3162 hahen-

327 3204 799 3275 διασαφηθήσεται
851 3207 884 3274 ἡ
943 3205 1087 3272 λέξις
1144 3208 1363 3262 κάλλιον
1413 3210 1472 3262 ἐν
1517 3212 1634 3271 τοῖς
1681 3211 1902 3279 ἐφεξῆς.

2016 3216 2134 3271 tes;
2177 3213 2231 3262 et
2261 3206 2456 3260 melius
2488 3205 2854 3274 explicabitur
2885 3201 3113 3257 verbum
3144 3204 3247 3256 hoc
3275 3203 3328 3256 iu
3362 3216 3591 3269 sequen-

347 3297 546 3351 ’Ῑστέον
604 3298 660 3352 δὲ
700 3300 797 3352 καὶ
846 3300 929 3353 ὅτι
978 3302 1035 3353 ἐν
1087 3300 1165 3370 τῷ
1191 3301 1488 3370 rapa/pane
1518 3302 1748 3369 ἐνθέοις
1778 3303 1904 3370 τοῖς

2009 3301 2175 3355 tibus.
2210 3297 2506 3353 Sciendum
2556 3305 2735 3352 autem
2775 3297 2917 3366 quod
2971 3297 3024 3350 iu
3057 3295 3336 3363 γεραίρων
3381 3294 3589 3356 ἐνθέοις

327 3389 626 3458 ᾄσμασιν,
653 3393 715 3443 ἐκ
749 3391 1012 3462 περισσοῦ
1065 3398 1244 3445 κεῖται
1275 3393 1336 3445 τὸ
1367 3393 1570 3464 ἄρθρον
1607 3394 1745 3462 πρὸς
1773 3395 1907 3448 ἀνα-

2011 3395 2124 3454 τοίς
2177 3392 2411 3464 ᾅσμασι,
2454 3407 2520 3446 ex
2547 3390 2844 3446 abundanti
2901 3391 3124 3459 ponitur
3173 3389 3470 3450 articulus,
3520 3386 3587 3441 ad

331 3482 621 3550 πλήρωσιν
655 3484 853 3552 μέτρου
890 3483 1197 3551 ἀναγκαίαν
1225 3484 1302 3552 τῷ
1356 3485 1509 3553 μέλει
1535 3500 1548 3516 ⁶
1593 3485 1768 3549 ἄλλως
1799 3487 1907 3554 γὰρ

2010 3485 2464 3555 complementum
2498 3500 2769 3538 mensurae
2799 3482 2979 3538 versui
3037 3480 3383 3536 necessarius
3411 3497 3427 3544 ;
3463 3495 3583 3534 nam

327 3571 490 3625 οὐδέν
515 3589 566 3624 τι
596 3572 1074 3642 παρασημειοῦται
1101 3572 1359 3643 ἡἝλλην
1385 3573 1607 3644 φράσις,
1642 3576 1697 3627 εί
1722 3593 1806 3638 τις
1829 3575 1908 3628 εἴ.

2011 3577 2086 3630 nil
2121 3576 2356 3643 amplius
2389 3577 2664 3646 signiﬁcat
2709 3589 2882 3642 στείνεα
2919 3574 3155 3642 phrasis.
3184 3573 3227 3628 si
3251 3571 3374 3640 quis
3398 3571 3541 3624 dicat
3570 3587 3585 3628 :

328 3681 425 3716 ποι
448 3667 739 3733 γεραίρων
777 3666 1010 3731 ἐνθέοις
1037 3664 1312 3734 ᾄσμασιν
1332 3682 1346 3696 ·
1373 3665 1518 3719 οὕτω
1542 3665 1599 3719 δὲ
1629 3667 1728 3720 καὶ
1753 3667 1814 3720 τὸ
1839 3667 1908 3722 ἐν
2010 3669 2286 3738 γεραίρων
2330 3669 2535 3732 ἐνθέοις
2570 3669 2802 3740 ᾅσμασι.
2849 3666 2939 3721 Sic
2965 3678 3020 3722 et
3074 3666 3206 3720 illud
3239 3684 3252 3720 :
3285 3666 3344 3717 ἐν
3371 3665 3586 3731 πυρίνῳ

331 3754 566 3820 πυρίνφ
591 3753 670 3819 τῷ
698 3754 843 3808 εῖδει
900 3756 1055 3826 παρὰ
1105 3759 1220 3818 τοῖς
1277 3756 1626 3826 ἱεροψάλταις
1675 3759 1736 3810 οὐ
1774 3757 1909 3828 πρὸς

2007 3761 2085 3830 τῷ
2113 3760 2246 3814 είδει
2269 3760 2323 3814 in
2346 3761 2516 3816 sacris
2541 3759 2922 3828 scriptoribus,
2945 3771 3053 3811 non
3088 3755 3251 3811 habet
3273 3755 3587 3810 necessario

329 3844 585 3913 ἀνάγκην
613 3846 725 3913 ἔχει
751 3847 811 3898 τὸ
839 3845 1008 3916 ἄθρον
1037 3845 1140 3916 τῆς
1164 3847 1386 3916 δοτικῆς
1413 3863 1428 3878 ·
1459 3848 1675 3912 ἐντελὲς
1705 3848 1814 3919 γὰρ
1839 3844 1908 3918 ἦν

2009 3851 2296 3906 articulum
2329 3853 2512 3906 dativo
2543 3851 2888 3922 praemissum
2915 3867 2930 3917 ;
2954 3848 3230 3905 sulliciens
3253 3848 3398 3904 enim
3426 3857 3583 3902 erat:

329 3939 429 3992 καὶ
454 3937 514 3991 τὸ
531 3939 602 3992 ἐν
629 3939 864 4007 πυρίνῳ
886 3939 1057 3994 εἴδει.
2009 3944 2069 3997 ἐν
2087 3944 2294 4016 πυρίνῳ
2318 3945 2473 3998 εῖδει.

944 4031 1292 4102 Τροπάριον,

2622 4036 3001 4104 Antistrophe.”

405 4125 474 4180 ll.
518 4125 660 4194 Ἔφη
693 4123 752 4177 τὸ
796 4123 994 4176 σεπτὸν
1034 4127 1125 4179 καὶ
1163 4124 1459 4195 σεϐάσμιον
1495 4129 1696 4196 στόμαο

1650 4145 1696 4182 ιο
2225 4127 2368 4184 Dixit
2398 4143 2646 4184 severum
2688 4137 2742 4182 et
2771 4127 3133 4182 venerandum
3165 4141 3249 4191 os,

511 4216 828 4285 Νοσςρισμὸς
862 4217 992 4283 ὑμῖν
1015 4217 1076 4268 οὑ
1101 4218 1392 4286 γενήσεται
1429 4218 1625 4287 φίλοις⁶

1536 4235 1625 4281 >ιςο
2157 4218 2361 4274 Divisio
2390 4219 2544 4272 vobis
2584 4231 2693 4271 non
2727 4219 2836 4280 liet,
2867 4232 2899 4269 ο
2926 4217 3084 4271 amici
3120 4232 3135 4270 :

521 4307 666 4374 Ἐγὼ
701 4311 808 4376 γὰρ
843 4309 922 4370 εἰς
953 4308 1209 4378 πατρῷον
1255 4307 1478 4377 ὕψιστον
1513 4311 1700 4380 θρόνον

2155 4311 2270 4381 Ego
2298 4309 2442 4363 enim
2474 4309 2538 4362 ad
2574 4317 2856 4376 paternum
2890 4308 3163 4364 excelsum
3197 4308 3453 4364 thronum

509 4398 906 4470 Συνεδριάζων,
951 4401 1126 4470 ἐκχεῶ
1154 4399 1246 4453 τοῦ
1281 4401 1601 4471 Πνεῦματος

1443 4419 1601 4464 iam;
2159 4402 2466 4459 Considens
2491 4400 2767 4456 cﬂundam
2803 4400 3042 4466 Spiritus

509 4488 739 4559 Λάμψαι
773 4488 1002 4542 ποθοῦσι
1031 4489 1128 4560 τὴν
1160 4493 1324 4560 χάριν
1354 4491 1451 4559 τὴν
1477 4491 1727 4560 ἄφθονον.

2155 4493 2450 4562 Splendere
2482 4491 2912 4545 desiderantibus
2943 4492 3168 4561 gratiam
3201 4490 3490 4548 inﬁnitam.

405 4582 498 4638 20.
526 4582 683 4636 Μετὰ
715 4581 806 4635 τὸν
849 4581 1060 4652 εἱρμὸν,
1115 4583 1249 4651 πρὸς
1276 4580 1334 4634 ὃν
1365 4581 1637 4650 εἰώθαμεν
1663 4583 1811 4654 ᾅδειν
1844 4581 1912 4636 τὰ

2083 4586 2174 4642 20.
2217 4585 2349 4642 Post
2399 4583 2664 4653 stroplien
2708 4580 2946 4652 (εἱρμὸν)
2973 4621 2988 4645 ,
3031 4591 3158 4650 post
3205 4599 3369 4651 quam
3441 4584 3583 4639 soliti

333 4676 456 4745 μετ’
494 4675 700 4726 ἐκεῖνον
729 4675 1026 4743 τροπὰρια,
1079 4674 1372 4743 γενόμενος
1402 4673 1511 4725 τῶν
1559 4674 1756 4740 ἐφεξῆς
1786 4675 1908 4743 ἐχό-

2015 4693 2206 4733 sumus
2241 4691 2442 4730 canere
2489 4675 2860 4742 antistrophas
2907 4684 3221 4744 sequentes,
3271 4675 3589 4745 aggrediens

331 4781 471 4834 μενα
501 4767 602 4833 τῆς
647 4765 840 4834 ἑορτῆς
870 4766 899 4818 ὀ
944 4765 1202 4833 μελῳδὸς,
1255 4763 1607 4835 παραφράζει
1654 4769 1910 4818 Δεσποτι-

2016 4770 2199 4824 statiin
2226 4778 2386 4838 poeta
2419 4783 2483 4822 ea
2513 4781 2636 4836 quae
2677 4765 2746 4819 ad
2795 4765 2995 4819 icstum
3041 4773 3308 4833 spectant,
3349 4766 3587 4835 explicat

325 4858 432 4926 κὴν
467 4857 763 4926 ὑπόσχεσιν
789 4856 1212 4926 ἐπηγγελμένην
1245 4861 1358 4920 τοῖς
1391 4859 1717 4926 ἁγιωτάτοις
1739 4858 1906 4912 αὐτοῦ

2018 4859 2442 4929 promissionem
2476 4873 2504 4910 ε
2538 4857 2648 4911 Deo
2679 4855 2877 4911 factam
2909 4857 3277 4912 sanctissimis
3305 4859 3587 4929 discipulis

329 4947 606 5018 μαθηταῖς
640 4949 700 5000 οὐ
728 4949 891 5017 μόνον
915 4951 970 5000 ὲν
994 4948 1096 5017 τῷ,
1129 4949 1253 5001 Οὐκ
1283 4947 1504 5015 ἀφήσω
1540 4947 1696 5018 ὑμᾶς
1725 4951 1910 5020 ὀρφα-

2016 4951 2156 5010 suis,
2203 4966 2310 5004 non
2350 4950 2526 5004 solum
2569 4951 2658 5004 his
2709 4949 2894 5004 verbis
2931 4967 2945 5004 :
2986 4947 3110 5003 Non
3164 4950 3456 5020 relinquam
3497 4967 3589 5006 vos

326 5039 496 5106 ⁴γοὺς,
531 5042 624 5092 καὶ
650 5041 708 5093 ἐν
735 5041 916 5103 ἄλλοις
940 5039 998 5093 δὲ
1027 5039 1242 5102 πολλοῖς
1285 5041 1472 5104 τόποις
1501 5027 1914 5110 ίεὺαγγελικοίς,

2018 5040 2308 5109 orphanos,
2339 5049 2392 5092 et
2421 5041 2474 5092 in
2511 5039 2638 5095 aliis
2679 5040 2868 5094 multis
2909 5039 3044 5095 locis
3093 5041 3457 5108 evangelicis;
3491 5041 3586 5097 sed

327 5129 466 5184 ἀλλὰ
482 5131 576 5184 καὶ
594 5131 650 5183 ἐν
664 5130 762 5200 τῷ,
783 5131 1072 5184 Κοτίσατε
1097 5148 1166 5186 εν
1182 5131 1582 5202 Ἰερουσαλὴμ
1599 5133 1711 5198 ἕως
1731 5129 1802 5190 οὗ
1819 5134 1918 5187 ἐν·

2019 5140 2072 5186 et
2095 5131 2148 5186 in
2182 5131 2286 5185 hoc
2311 5147 2326 5185 :
2348 5129 2534 5186 Sedete
2561 5132 2615 5184 in
2636 5129 2960 5195 Jerusalem,
2980 5132 3142 5185 donec
3166 5129 3462 5185 induamini
3483 5132 3591 5187 vir-

329 5222 604 5290 δύσησθε
627 5223 884 5293 δύναμιν
909 5223 975 5287 ἐξ
1005 5223 1204 5292 ὕψους
1222 5239 1236 5252 ο
1275 5225 1368 5276 καὶ
1393 5225 1453 5278 ἐν
1473 5226 1710 5295 πρώτοις
1739 5226 1915 5296 τιμῶν

2022 5232 2131 5277 tuta
2163 5237 2228 5277 ea:
2274 5222 2424 5289 alto;
2453 5235 2504 5276 et
2541 5238 2807 5278 venerans
2841 5223 3016 5291 primo
3041 5222 3456 5278 sanctissimum
3493 5238 3589 5293 ga-

328 5314 391 5366 τὸ
419 5315 721 5383 ἁγιώτατον
748 5314 1174 5384 γαζοφυλάκιον,
1202 5312 1262 5378 ἐξ
1299 5309 1359 5369 οῦ
1390 5317 1640 5387 προήχθη
1671 5319 1699 5370 ὁ
1753 5316 1912 5384 ἅγιος

2019 5313 2398 5383 zophylacium
2435 5315 2579 5369 unde
2611 5313 2815 5382 prodiit
2846 5321 3072 5369 sanctus
3112 5313 3404 5370 thesaurus
3433 5315 3590 5370 dicta

332 5404 628 5476 θησαυρὸς,
659 5409 692 5476 ὴ
738 5407 1004 5476 εἰρημένη
1039 5407 1366 5474 ἐπαγγελία,
1401 5406 1460 5458 τὸ
1505 5407 1681 5474 στόμα
1710 5407 1910 5478 δηλαδὴ

2015 5405 2438 5472 promissionis,
2496 5420 2561 5461 os
2605 5405 2818 5460 scilicet
2875 5403 3180 5460 Salvatoris
3233 5407 3406 5462 nostri
3458 5405 3586 5462 Jesu

330 5496 426 5550 τοῦ
461 5497 714 5567 Σωτῆρος
747 5499 907 5567 ἡμῶν
953 5496 1130 5567 Ἰησοῦ
1180 5495 1418 5564 Χριστοῦ
1453 5515 1464 5526 ·
1525 5497 1723 5549 σεπτὸν
1773 5498 1906 5550 αὐτὸ

2013 5492 2235 5557 Christi,
2277 5510 2514 5549 severum
2557 5495 2688 5550 illud
2731 5504 2786 5549 et
2829 5494 3188 5550 venerandum
3218 5495 3374 5560 dicit,
3421 5495 3586 5552 simul

331 5591 424 5644 καὶ
455 5591 754 5659 σεϐάσμιον
799 5590 969 5658 λέγει,
1030 5590 1360 5658 παραλλήλῳ
1410 5589 1522 5651 θεὶς
1557 5589 1635 5658 τῷ
1677 5588 1904 5656 ὀνόματι

2012 5584 2217 5638 addens
2249 5587 2454 5640 nomini
2487 5587 2614 5640 huic
2634 5588 2742 5639 duo
2775 5588 2828 5640 in
2864 5602 3036 5641 unum
3065 5586 3361 5640 rei-identia
3393 5587 3579 5652 verba,

331 5681 507 5751 τούτῳ
538 5682 677 5736 κατὰ
720 5683 851 5750 μιᾶς
891 5681 1366 5750 ἀμφωσημαςία;,
1412 5679 1501 5731 διὰ
1546 5679 1604 5731 τὸ
1654 5677 1728 5747 μὴ
1755 5678 1903 5747 ἔχειν

2011 5691 2076 5729 eo
2123 5675 2265 5744 quod
2317 5676 2466 5731 aliud
2515 5678 2808 5732 dicendum
2859 5694 2965 5732 non
3017 5677 3268 5734 habuerit
3314 5679 3499 5748 aptius
3527 5685 3582 5732 et

334 5772 460 5824 ἄλλο
488 5791 540 5825 τι
593 5775 800 5842 φράσαι
829 5774 1174 5842 προσφυέστε
1188 5788 1280 5841 ρον
1312 5774 1404 5823 καὶ
1453 5771 1796 5839 σεμνότερον.
1830 5771 1903 5823 Τὸ

2013 5766 2302 5834 augustius
2332 5783 2346 5820 :
2377 5769 2602 5823 verbum
2651 5770 2797 5822 enim
2856 5767 3039 5822 σέϐειν
3094 5778 3437 5822 reservatum
3491 5774 3578 5821 est

336 5863 446 5935 γὰρ
479 5864 657 5919 σέϐειν
707 5865 786 5937 τῷ
819 5864 938 5937 Θεῷ
986 5864 1129 5936 μόνῳ
1161 5862 1467 5931 ἀφώρισται
1497 5864 1574 5928 εἰς
1629 5861 1904 5917 οἱκεέωσιν

2006 5859 2112 5915 Deo
2132 5859 2234 5916 soli
2267 5860 2336 5916 ob
2367 5861 2809 5933 congruentiam,
2837 5860 2980 5932 apud
3011 5860 3268 5931 antiquos
3289 5901 3305 5926 ,
3337 5873 3366 5915 a
3393 5857 3574 5912 σέϐειν
