4050 6410
492 385 595 439 ιδ’)

1196 390 1554 450 EUSTATH
1567 391 1620 450 ΙΙ
1663 392 1709 450 Τ
1724 391 1964 451 ΙΙΕΞΞΑ
1978 393 2068 451 L0

2178 395 2430 456 ZENSIS
2488 397 2643 456 MET
2657 395 3058 458 ROPOLI'IUE

3621 395 3721 459 540

487 507 666 551 autem
691 498 866 553 oritur
892 501 1086 554 σ·πτδν
1125 512 1178 555 et
1219 506 1515 572 σεϐάσμον,
1562 509 1704 562 sicut
1741 516 1796 562 et
1831 509 2050 579 σεμνόν.

2178 512 2312 580 ταρά
2342 529 2405 578 γε
2441 514 2554 574 τοῖς
2587 513 2967 575 παλαιτάτοιςο
2999 509 3061 566 οὗ
3091 511 3154 581 δὴ
3204 510 3386 564 σέϐειν
3414 511 3728 581 ἐξώρμηται

485 590 613 645 ideo
639 591 688 644 ei
743 594 833 660 qui
907 595 1046 664 apud
1089 596 1364 651 Romanos
1407 600 1704 654 vocabatur
1735 601 1875 654 Dens
1925 617 2052 655 suc-

486 683 686 737 cedens
712 683 902 752 Filius,
931 687 1136 742 veritus
1159 704 1224 742 ne
1243 693 1533 746 orbaretur
1560 693 1660 748 hoc
1687 694 1846 749 titulo
1874 694 1927 748 in
1950 696 2058 750 eis-

483 776 604 829 dem
639 778 888 833 terminis
917 779 1180 844 adhibito,
1206 783 1362 837 aliter
1383 784 1534 838 illum
1569 785 2054 851 adulansiuduxit,

488 881 779 938 augusmm
837 873 1077 939 seipsnm
1127 877 1545 944 cognominans,
1581 886 1640 930 ut
1691 893 1797 932 una
1829 893 2060 933 venera-

486 961 612 1016 bilis
638 963 758 1016 idea
799 963 1162 1031 divinissima,
1215 968 1373 1035 quasi
1425 969 1811 1024 vestimentum
1856 970 2055 1036 duplex

485 1063 695 1121 optata,
747 1055 842 1110 Dei
885 1058 1098 1112 scilicet
1142 1059 1403 1128 cogitatio
1443 1068 1499 1114 et
1527 1061 1777 1129 augusti,
1824 1070 1875 1116 et
1907 1060 2056 1116 Patri

485 1150 802 1203 conveniret
835 1149 1058 1212 viventi,
1079 1158 1133 1204 et
1161 1168 1282 1204 cum
1302 1151 1440 1206 Filio
1463 1155 1755 1210 exsisteret
1809 1170 1903 1224 per
1942 1169 2061 1208 om-

485 1258 609 1296 nem
640 1245 830 1308 vitam,
856 1245 924 1297 ob
957 1244 1094 1299 idea;
1125 1246 1482 1314 dignitatem;
1515 1249 1609 1316 qui
1639 1248 1784 1303 enim
1817 1248 1872 1302 in
1910 1249 2056 1304 veri-

488 1344 598 1388 tate
677 1346 941 1404 angustus
992 1347 1097 1399 est,
1158 1339 1300 1394 Deus
1345 1348 1449 1403 est,
1511 1341 1773 1409 quoniam
1817 1339 1959 1395 Deus
2003 1341 2056 1394 in

484 1426 719 1481 veritate
775 1438 1066 1498 angustus.
1102 1429 1203 1484 Per
1237 1430 1387 1487 hunc
1417 1431 1603 1501 itaque
1633 1431 1853 1486 titulum
1892 1447 2058 1485 orna-

488 1519 690 1572 mentis
718 1522 962 1587 gaudens
989 1521 1326 1592 dignissimis
1349 1525 1440 1592 qui
1466 1526 1608 1578 inter
1627 1526 2056 1596 sanctos'reges,

489 1611 756 1680 apostolis
789 1628 917 1680 par,
952 1622 1035 1666 est
1074 1629 1199 1668 vere
1263 1615 1452 1670 ﬁrmus
1483 1616 1904 1681 Constantinus,
1939 1618 2060 1672 lon-

488 1720 616 1774 gum
649 1704 753 1758 sibi
802 1706 1028 1760 honoris
1071 1707 1290 1760 titulum
1325 1709 1628 1764 attribuere
1680 1711 1882 1774 noluit,
1918 1712 2060 1766 sicut

2160 603 2255 655 καὶ
2284 602 2345 655 τὸ
2376 604 2574 656 σεπτὸν
2602 605 2696 656 καὶ
2719 603 2780 656 τὺ
2830 604 3150 670 σεϐάσμιον,
3185 604 3328 657 καοὶ
3378 605 3472 656 καὶ
3506 603 3565 654 τὸ
3596 619 3730 670 σεμ-

2159 694 2270 746 νόν·
2299 693 2380 747 διδ
2433 693 2529 747 καὶ
2563 693 2656 747 τὸν
2680 696 2738 748 ἐν
2791 695 3086 763 Ῥωμαίοις
3136 693 3500 765 ἐπικληθέντα
3526 693 3657 746 Θεὸν
3701 693 3730 744 ό

2158 785 2544 856 διαδεξάμενος
2565 787 2692 847 Υίδς
2729 788 2969 850 ὀκνήσας
3015 787 3393 857 ἀποστερῆσαι
3449 786 3544 839 τοῦ
3593 787 3732 840 κατὰ

2158 879 2258 949 τὴν
2293 882 2549 953 τοιαύτην
2579 881 2726 947 λέξιν
2770 881 3048 943 ἐπιθέτου,
3076 881 3253 944 άλλως
3274 880 3437 933 αὐτον
3469 879 3731 932 κολακεύ-

2161 987 2263 1032 σας
2291 971 2631 1039 ὑπηγάγετο,
2660 971 2923 1025 σεϐαστδν
2977 971 3171 1025 ἐαυτὸν
3223 971 3594 1037 ἐπονομάσας,
3642 969 3732 1022 ἵνα

2163 1064 2260 1134 μία
2289 1063 2460 1130 σεμνὴ
2493 1062 2669 1116 ἔννοια
2699 1061 2956 1130 θειοτάτη
2984 1061 3243 1129 ἑκατέρα,
3287 1061 3362 1122 ὡς
3391 1053 3479 1111 οἷα
3539 1058 3632 1110 καὶ
3657 1057 3732 1110 δι-

2161 1159 2301 1225 πλόη
2348 1156 2508 1225 στολὴ
2543 1159 2963 1225 ἐφαρμόττουσα
2997 1158 3030 1225 ἡ
3062 1154 3156 1208 τοῦ
3212 1157 3382 1221 Θεός,
3418 1154 3513 1206 καὶ
3546 1154 3580 1220 ὴ
3634 1151 3728 1204 τοῦ

2159 1252 2482 1316 σεϐαστός.
2531 1249 2803 1317 συνδιάγοι
2836 1251 2930 1303 καὶ
2956 1251 3032 1319 τῷ
3061 1250 3240 1314 Ilath
3288 1249 3471 1313 ζῶντι,
3511 1248 3606 1301 καὶ
3653 1244 3731 1314 τῷ

2161 1343 2278 1410 Υίῷ
2320 1342 2375 1395 δὲ
2413 1342 2762 1410 συμϐιοτεύοι
2798 1341 2930 1413 παρ’
2969 1344 3096 1412 ὃλην
3122 1342 3265 1409 ζωὴν
3289 1341 3379 1393 διὰ
3407 1342 3469 1394 τὸ
3515 1344 3614 1408 τῆς
3650 1342 3734 1391 ὲν-

2161 1435 2310 1495 νοίας
2339 1432 2574 1497 ἀξίωμα.
2606 1434 2668 1486 Ei
2711 1434 2818 1504 γάρ
2854 1451 2937 1497 τις
2963 1434 3098 1502 πρὶς
3137 1434 3400 1501 ἀλήθειαν
3449 1431 3732 1494 σεϐαστὶς,

2163 1525 2259 1578 καὶ
2285 1524 2417 1587 Θεός
2445 1525 2614 1590 ἐστιν,
2641 1525 2763 1578 ἐπεὶ
2815 1526 2913 1580 καὶ
2957 1526 2986 1578 ὁ
3025 1526 3158 1588 Θεὸς
3190 1525 3452 1587 σεϐαστδς
3495 1523 3572 1589 τῷ
3602 1523 3734 1577 ὅντι⁶

2161 1616 2360 1686 ἐκείνῳ
2388 1616 2446 1670 δέ
2493 1615 2573 1686 τῷ
2607 1616 2794 1685 σεπτῷ
2839 1617 3176 1686 σεμνώματα
3225 1616 3414 1686 χαρεὶς
3462 1615 3737 1680 ἀξιώτατα

2161 1710 2259 1764 καὶ
2285 1711 2311 1762 ό
2334 1711 2390 1762 ἐν
2415 1709 2728 1779 βασιλεῦσιν
2760 1711 2935 1778 ἁγίοις
2965 1710 3317 1774 ίσαπόστολος
3347 1713 3375 1763 ό
3401 1709 3740 1780 φερωνὺμως

488 1805 545 1848 et
597 1805 889 1866 sequentes
947 1799 1256 1869 principes;
1311 1800 1406 1855 Sed
1464 1801 1571 1855 boc
1605 1802 1777 1857 solum
1828 1803 2060 1874 Augusti

2178 1801 2438 1872 εὐσταθὴς
2473 1803 2902 1866 Κωνσταντῖνος,
2962 1803 3296 1872 σχοινοτενὲς
3347 1804 3446 1869 μέν
3492 1820 3575 1854 τοι
3607 1819 3740 1869 σεμ-

489 1903 790 1957 cognomcu
836 1905 1116 1946 assumere
1163 1892 1386 1962 dignum
1422 1903 1707 1964 reputans,
1743 1898 1824 1949 sic
1865 1896 2062 1950 inscri-

493 1983 652 2038 bebat
705 1985 986 2051 epistolam
1041 1999 1195 2039 suam
1263 2003 1276 2038 :
1331 1985 1724 2040 Constantinus
1765 1988 2062 2054 Augustus,

493 2075 746 2130 salutent.
773 2075 826 2130 Si
854 2085 1034 2130 autem
1062 2077 1478 2148 multiplicatum
1503 2087 1588 2131 est
1617 2093 1758 2132 nunc
1778 2079 2064 2147 pulchrum

495 2169 596 2223 boc
624 2185 844 2234 nomen,
887 2171 1018 2225 deos
1066 2187 1213 2234 esse,
1275 2185 1480 2240 eosque
1514 2171 1727 2240 plures,
1777 2170 1906 2240 quid
1951 2186 2068 2224 ma-

498 2263 608 2317 lum
633 2279 754 2319 esse
787 2265 925 2318 tilios
944 2262 1155 2316 Excelsi
1181 2280 1394 2328 omnes,
1421 2279 1486 2318 ac
1514 2263 1744 2332 proinde
1763 2264 2072 2333 augustos?

2168 1894 2448 1963 νολόγημα
2480 1894 2659 1963 ἐαυτῷ
2693 1894 3021 1963 ἐπιγράφειν
3053 1893 3268 1959 ὤκνησε
3297 1894 3440 1947 κατὰ
3470 1897 3597 1954 τοὺς
3629 1890 3745 1955 μετ’

2170 1989 2334 2042 αὑτὸν
2365 1987 2676 2058 περιττούς.
2698 1987 2969 2041 Σεϐαστὸν
2991 1987 3047 2040 δὲ
3069 1987 3231 2040 τοῦτο
3260 1987 3352 2038 καὶ
3387 1988 3547 2051 μόνον
3587 1985 3746 2052 ἠξίου

2172 2079 2606 2152 προσονομάζειν
2636 2082 2850 2143 ἐαυτὸν,
2881 2079 3222 2150 προγράφων
3253 2079 3360 2132 τῶν
3383 2077 3600 2132 οἰκείων
3627 2078 3748 2128 ἐπι-

2175 2175 2379 2230 στολῶν
2407 2176 2584 2228 ἐκεϊνο
2612 2174 2677 2243 δὴ
2705 2176 2801 2226 καὶ
2852 2173 3012 2242 μόνον
3033 2205 3100 2214 -
3135 2173 3544 2234 Κωνσταντῖνος
3587 2171 3750 2222 σεϐα-

2175 2267 2299 2328 στδς
2328 2267 2405 2336 τῷ
2429 2267 2564 2320 δεῖνι
2589 2267 2823 2336 χαίρειν.
2853 2296 2924 2307 -ι
2955 2266 3013 2317 El
3048 2265 3106 2318 δὲ
3140 2264 3236 2318 νῦν
3283 2263 3665 2332 πεπλήθυνται
3693 2261 3749 2314 τὸ

495 2357 660 2415 καλὸν
683 2359 853 2423 ὄνομα
883 2355 1061 2422 τοῦτο,
1094 2356 1180 2418 τίς
1233 2357 1428 2424 φθόνος
1471 2357 1628 2420 θεοὺς
1675 2357 1820 2416 εἶναι
1888 2361 1983 2414 καὶ
2027 2361 2108 2414 ἐτι
2159 2360 2450 2430 πλείονας,
2485 2363 2579 2416 καὶ
2627 2361 2780 2426 υἱοὺς
2822 2360 3078 2430 Ὑψίστου
3124 2359 3352 2421 πάντας,
3403 2358 3499 2410 καὶ
3551 2356 3753 2410 αὐτίκα

495 2451 792 2515 σεϐαστούς
817 2469 830 2517 ;

565 2552 656 2607 21.
686 2553 829 2607 Dixit
853 2569 1006 2623 ergo,
1040 2555 1232 2625 inquit,
1252 2559 1622 2612 venerandum
1647 2571 1710 2611 os
1744 2553 1958 2608 Domini
2007 2567 2070 2606 ac

505 2643 543 2694 ι’
585 2645 663 2700 rbi
692 2646 761 2700 inc
781 2647 1214 2717 arnati,quando
1237 2650 1381 2704 inter
1405 2665 1503 2706 nos
1524 2650 2071 2714 vers'tretur;dicens

497 2741 643 2792 cn'm
675 2740 932 2807 propheta
957 2755 1020 2796 os
1044 2739 1251 2796 Domini
1283 2743 1397 2797 haec
1423 2744 1662 2796 locutum
1689 2758 1830 2805 esse,
1855 2757 2072 2811 semper

499 2828 678 2882 inmtit
713 2844 772 2884 os
815 2827 928 2883 Dei.
961 2830 1050 2884 Ait
1080 2845 1244 2900 ergo:
1280 2830 1324 2886 0
1351 2831 1531 2887 dilecti
1559 2832 1835 2899 discipuli,
1871 2831 2071 2886 divisio

500 2922 666 2975 vestri
705 2936 812 2977 non
873 2923 981 2985 iiet,
1043 2924 1094 2978 id
1146 2933 1230 2980 est
1287 2942 1394 2980 non
1449 2926 1752 2996 relinquam
1803 2941 1922 2986 vos,
1962 2941 2070 2979 non

498 3016 786 3084 elongabo,
837 3032 944 3070 non
992 3018 1182 3086 procul
1219 3031 1275 3073 et
1321 3027 1608 3087 separatus
1651 3034 1680 3072 a
1735 3018 1891 3072 vobis
1934 3033 2069 3080 ero;

499 3107 773 3170 quomodo
802 3116 982 3161 autem
1012 3108 1124 3163 haec
1149 3109 1456 3178 perﬁciam,
1488 3109 1580 3179 qui
1617 3125 1742 3166 mox
1798 3110 2074 3165 tollendus

501 3215 624 3250 sum
671 3214 700 3252 a
738 3198 936 3254 vobis?
968 3199 1281 3255 Secundum
1321 3201 1562 3271 speciem
1621 3202 1843 3271 quidem
1878 3216 2073 3269 corpo-

502 3304 651 3342 ream
708 3305 812 3342 non
849 3292 1082 3359 amplius
1147 3293 1523 3348 eonversabor
1560 3293 1842 3348 vobiscum
1872 3311 1888 3359 ;
1923 3293 2074 3348 brevi

502 3380 556 3434 in
583 3381 750 3435 altum
801 3383 1195 3448 conscendens,
1250 3394 1305 3439 et
1355 3393 1562 3439 aeterno
1598 3383 1746 3439 Patri
1797 3387 2071 3452 assidens,

505 3489 612 3526 Hm
644 3473 873 3529 cessabo
901 3489 1022 3531 esse
1066 3477 1270 3546 ubique
1318 3478 1604 3532 vobiscum
1635 3495 1650 3542 ;
1705 3479 1798 3532 sed
1831 3476 2072 3548 Spiritus

507 3567 611 3620 tnei
630 3567 860 3634 gratiam
881 3568 1037 3623 vobis
1058 3569 1570 3626 immarcescibilem
1595 3569 1892 3634 eﬂ‘undam,
1911 3584 2074 3637 quam
2104 3575 2110 3580 ’

504 3660 706 3729 cupitis
735 3675 926 3716 omnes
955 3662 1134 3717 lucere
1161 3661 1354 3729 vobis;
1390 3679 1500 3718 non
1541 3663 1684 3732 quod
1715 3678 1818 3733 ego
1847 3663 1940 3731 qui
1986 3663 2074 3715 lux

503 3754 626 3805 v--ni
664 3751 718 3805 in
752 3755 1017 3807 mundum
1051 3753 1484 3824 exstinguendus
1505 3754 1634 3818 situ,
1665 3754 1886 3824 quando
1917 3753 2078 3808 tollar

503 3860 531 3896 a
559 3843 853 3908 vobis,nec
883 3847 1119 3915 amplius
1149 3846 1358 3900 luceam
1386 3848 1546 3902 vobis
1570 3863 1585 3912 ;
1617 3848 1712 3902 sed
1736 3862 1858 3902 cum
1887 3857 2078 3902 sancto

506 3935 712 4001 Spiritu
749 3946 804 3991 et
849 3951 949 4006 ego
997 3937 1318 3992 illuminabo
1371 3955 1640 4007 generans
1693 3955 1812 4005 vos,
1848 3940 1990 3994 sicut
2024 3949 2079 3993 et

483 4025 704 4094 Pater;
759 4034 813 4082 et
875 4028 1145 4096 promissa
1204 4029 1406 4098 fulgida
1463 4029 1792 4085 illuminatio
1850 4045 1958 4085 non
2020 4031 2074 4084 in

506 4129 689 4174 mente
717 4119 914 4184 solum,
939 4127 994 4175 et
1020 4120 1322 4175 secundum
1359 4122 1732 4191 operationem
1762 4131 2075 4178 secuturam

506 4226 570 4266 ex
623 4211 775 4266 vobis
812 4211 866 4264 in
905 4211 1110 4267 ultimis
1147 4214 1484 4278 temporibus
1537 4213 1878 4282 concipietur
1902 4253 1918 4276 ,
1981 4213 2077 4269 sed

507 4305 692 4358 statim
732 4314 1043 4374 opportuno
1073 4314 1336 4374 tempore,
1373 4306 1542 4369 clare,
1579 4306 1886 4373 evidenter,
1926 4320 2078 4360 com-

508 4401 766 4466 muniter,
799 4409 854 4455 et
882 4407 941 4453 ut
968 4400 1040 4453 ita
1067 4399 1246 4454 dicam
1282 4399 1664 4454 universaliter
1689 4409 2079 4470 cognoscetur,

507 4509 616 4548 non
658 4507 842 4547 coram
877 4491 1095 4546 duobus
1126 4492 1360 4546 testibus
1390 4491 1476 4546 vel
1513 4491 1712 4556 tribus,
1742 4491 1824 4546 vel
1850 4491 2081 4561 quibus-

505 4589 629 4640 dam
662 4586 788 4641 aliis
838 4600 976 4654 quos
1019 4585 1174 4639 facile
1212 4585 1522 4638 numerabit
1549 4584 1695 4650 quis,
1734 4583 1830 4638 sed
1885 4597 2078 4639 coram

507 4679 858 4734 multitudine
885 4691 1077 4748 magna
1109 4676 1282 4730 oculis
1315 4686 1618 4744 spectante,
1657 4686 1712 4729 et
1775 4677 1855 4730 sic
1900 4674 2082 4727 admi-

2249 2551 2340 2604 91.
2377 2549 2520 2614 Ἔφη
2558 2547 2755 2607 τοίνυν,
2805 2546 2962 2614 φησὶ.
3014 2545 3072 2597 τδ
3126 2545 3435 2598 πάνσεπτον
3487 2543 3753 2610 κυριακὸν

2183 2644 2359 2711 στόμα
2409 2639 2502 2691 τοῦ
2528 2636 2880 2704 θεανθρώπσ,υ
2913 2637 3110 2701 Λάγου,
3163 2638 3292 2688 ὅταν
3325 2636 3451 2704 περὶ
3476 2636 3624 2702 ἡμᾶς
3675 2635 3753 2688 ἔτι

2181 2736 2509 2805 ἐστρέφετω
2550 2735 2576 2784 ὁ
2621 2732 2732 2802 γὰρ
2764 2731 2936 2783 εἰπὼν
2993 2731 3304 2800 προφήτης,
3351 2730 3432 2780 ὅτι
3467 2729 3540 2780 Τὸ
3574 2729 3752 2794 στόμα

2181 2826 2388 2895 Κυρίου
2423 2825 2650 2894 ἐλάλησε
2675 2814 2876 2886 ταῦτα,
2913 2821 3273 2892 μυστηριάζει
3293 2821 3469 2883 ἄλλως
3489 2821 3548 2872 τδ
3577 2821 3756 2887 στόμα

2180 2921 2273 2974 τοῦ
2303 2920 2464 2973 Θεοῦ.
2494 2919 2638 2988 Ἔφη
2673 2911 2766 2970 οὖν
2795 2916 2900 2982 ἔτι,
2929 2909 3001 2966 Ὦ
3021 2914 3163 2983 φίλοι
3191 2911 3450 2981 μαθηταὶ,
3482 2910 3758 2980 νόσφισμα

2178 3015 2310 3083 ὑμῖν
2338 3013 2400 3065 οὐ
2431 3013 2754 3082 γενήσεται·
2782 3009 3049 3068 τοῦτέστι,
3072 3007 3187 3060 υύκ
3220 3008 3416 3074 ἀφήσω
3451 3005 3621 3071 ὑμᾶς,
3657 3005 3755 3058 οὐκ

2177 3107 2587 3174 ἀποστήσομαι,
2617 3104 2679 3156 οὗ
2706 3103 2862 3170 νόσφι
2903 3101 2997 3154 καὶ
3026 3102 3198 3169 χωρὶς
3227 3101 3377 3169 ἡμᾶς
3428 3099 3754 3167 γενήσομαι·

2179 3202 2296 3262 πῶς
2328 3201 2384 3254 δὲ
2413 3200 2571 3252 τοῦτο
2600 3195 2847 3262 ἐξανύσω
2872 3197 2898 3248 ὁ
2930 3195 3126 3265 μικρὸν
3153 3195 3278 3248 ὅσον
3305 3191 3759 3262 ἀναληφθησόμε-

2182 3309 2273 3354 νος
2310 3293 2406 3361 ἀφ’
2437 3291 2593 3359 ὑμῶν
2621 3307 2635 3356 ;
2662 3289 2801 3342 κατὰ
2821 3289 2945 3358 ὄψιν
2980 3288 3078 3355 μέν
3107 3287 3206 3355 τὴν
3227 3288 3296 3339 ,ἐν
3329 3287 3544 3354 σώματι
3574 3283 3759 3336 οὐκέτι

2184 3382 2784 3451 συναναστραφήσομαι
2817 3380 2969 3448 ὑμίνο
3004 3379 3199 3448 μικρὸν
3223 3377 3280 3429 δὲ
3309 3377 3436 3429 ὅσον
3467 3375 3606 3444 ὑψοῦ
3633 3377 3760 3428 άνα-

2179 3474 2300 3536 ϐάς,
2338 3475 2429 3526 καὶ
2455 3473 2532 3540 τιὸ
2570 3475 2891 3541 συνανάρχῳ
2919 3472 3094 3540 Πατρὶ
3125 3469 3502 3540 συνεδριάσας,
3531 3469 3591 3520 οὐ
3623 3469 3764 3521 παύ-

2187 3583 2351 3636 σομαι
2380 3566 2456 3618 ὣν
2490 3565 2723 3618 πάντοτε
2755 3563 2872 3633 μεθ’
2897 3561 3073 3632 ὑμῶν·
3104 3562 3241 3614 ἀλλά
3265 3560 3362 3614 καὶ
3386 3559 3478 3612 τοῦ
3510 3559 3765 3628 Πνεύμα-

2181 3659 2272 3720 τός
2309 3676 2411 3727 μου
2436 3658 2612 3728 ἐκχεῶ
2642 3659 2773 3726 ὑμῖν
2801 3658 2964 3727 χάριν
2991 3656 3244 3723 ἄφθονον,
3274 3656 3342 3726 ἣν
3367 3653 3585 3707 ποθεῖτε
3625 3655 3762 3706 πάν-

2180 3768 2289 3813 τως
2311 3751 2619 3820 ἐπιλάμψαι
2645 3752 2798 3820 ὑμῖν·
2835 3751 2932 3818 οὐχ
2971 3749 3054 3803 ὅτι
3083 3750 3193 3817 ἐγὼ
3222 3747 3338 3816 φῶς
3373 3744 3650 3813 ἐληλυθὼς
3685 3747 3764 3806 εἰς

2180 3842 2275 3894 τδν
2300 3841 2508 3911 κόσμον
2533 3840 2866 3910 άπεσϐηκὼς
2911 3841 3132 3910 ἔσομαι,
3187 3840 3278 3892 ὅτε
3318 3837 3640 3907 ἀναληφθῶ,
3671 3837 3766 3889 καὶ

2181 3934 2368 3986 οὐκέτι
2397 3933 2743 4003 καταλάμψω
2798 3934 2965 4000 ὑμᾶς,
3021 3933 3136 3986 ἀλλ’
3198 3932 3280 3986 ὅτι
3340 3931 3436 3984 σὺν
3488 3929 3567 3998 τῷ
3621 3930 3766 3998 ἁγίῳ

2183 4025 2466 4093 Πνεύματι
2519 4026 2615 4079 κα)⁸
2673 4024 2785 4093 ἐγὼ
2832 4024 3207 4096 καταστράψω
3258 4021 3546 4089 ζωογονῶν
3593 4022 3764 4089 ὑμᾶς,

2183 4118 2328 4172 καθὰ
2356 4121 2455 4173 καὶ
2481 4120 2508 4170 ὁ
2537 4118 2750 4186 Πατήρ·
2813 4117 2909 4170 καὶ
2951 4118 2985 4187 ἡ
3043 4115 3399 4186 ὑπεσχημένη
3449 4113 3768 4182 ἀστραπαία

2183 4210 2392 4280 λάμψις
2419 4209 2562 4279 αὕτη
2585 4210 2646 4264 οὐ
2681 4209 2822 4264 κατὰ
2852 4207 2979 4262 νοῦν
3013 4211 3194 4278 μόνον,
3227 4207 3324 4260 καὶ
3355 4205 3456 4275 τὴν
3487 4205 3771 4274 ἑπομένην

2186 4303 2246 4368 ἐξ
2286 4303 2441 4372 ὑμῶν
2469 4302 2529 4355 ἐν
2559 4301 2808 4371 ὑστέροις
2857 4300 3072 4371 χρόνοις
3099 4299 3386 4368 ἐνέργειαν
3417 4297 3772 4366 καταληφθή-

2190 4413 2367 4460 σεται,
2398 4394 2534 4448 ά).λά
2561 4393 2656 4447 καὶ
2689 4393 2891 4446 αὐτίκα
2918 4391 3068 4462 ὧρας
3123 4390 3393 4460 ἐναργῶς.
3441 4389 3539 4442 καὶ
3592 4388 3771 4456 ἐμφα-

2183 4487 2312 4550 νῶς,
2342 4485 2436 4540 καὶ
2476 4485 2696 4548 κοινῶς,
2721 4485 2814 4537 καὶ
2840 4483 2916 4546 ὡς
2941 4485 3140 4546 εἰπεῖν,
3187 4482 3482 4552 πανδημεὶ,
3515 4480 3770 4549 γνωσθή-

2186 4597 2358 4633 σεται⁹
2388 4578 2489 4631 οὐκ
2514 4578 2607 4630 ἐπὶ
2640 4575 2938 4647 μαρτύρων
2954 4574 3048 4626 δύο
3069 4575 3102 4644 ἢ
3130 4573 3298 4643 τριῶν
3315 4574 3350 4643 ἦ
3376 4591 3542 4626 τινων
3565 4573 3767 4631 ἄλλων,

2186 4671 2280 4734 οὓς
2318 4673 2449 4742 ῥᾷον
2485 4670 2750 4739 μετρήσει
2802 4683 2909 4732 τις,
2951 4667 3090 4721 ἀλλὰ
3115 4667 3272 4738 ὄχλου
3331 4665 3529 4734 μυρίου
3567 4663 3772 4730 ὀφθαλ-

509 4780 685 4836 rante,
716 4781 770 4826 et
795 4785 890 4825 ore
931 4769 1271 4824 acclamante
1315 4783 1438 4838 qum
1487 4767 1668 4820 divina
1701 4765 1861 4821 docet
1897 4765 2072 4834 Scrip-

2195 4767 2318 4833 μοῖς
2352 4781 2412 4816 τε
2445 4762 2759 4832 βλέποντος,
2795 4761 2891 4814 καὶ
2911 4759 3057 4812 οὕτω
3091 4759 3488 4830 θαυμάζοντος,
3518 4757 3616 4810 καὶ
3649 4755 3772 4810 στό-

2435 4859 2446 4870 .
2623 4856 2678 4870 ,..
2894 4855 2914 4870 ρ
3097 4856 3111 4870 .
3183 4853 3209 4870 ι.
3253 4853 3264 4868 .
3353 4852 3377 4870 ι.
3405 4852 3456 4870 ι..
3486 4869 3495 4870 ,
3530 4869 3533 4870 ,
3650 4869 3657 4870 ,

508 4878 651 4922 tura.

575 5045 670 5099 22.
712 5042 1020 5098 Notandum
1062 5039 1262 5096 deinde
1311 5040 1455 5109 quod
1507 5039 1562 5092 in
1595 5040 1725 5095 bis:
1758 5039 1947 5094 divisio
1983 5057 2084 5093 non

471 5158 481 5166 ο
511 5141 601 5209 [iet
625 5139 769 5192 vobis
802 5137 1010 5200 amicis,
1044 5135 1254 5189 amicos
1279 5143 1469 5203 postea
1510 5133 1657 5188 solos
1685 5133 1819 5187 dicit
1847 5134 2088 5188 sanctis-

509 5231 678 5285 simos
718 5227 1033 5297 apostolos;
1074 5235 1331 5281 caeterum
1378 5240 1568 5281 eorum
1612 5241 1802 5297 opera,
1849 5227 2089 5282 salutare

512 5319 770 5376 nuntium
814 5318 869 5371 in
917 5333 1012 5372 eos
1065 5320 1235 5382 venit,
1291 5333 1390 5373 nec
1444 5319 1630 5373 venire
1685 5319 1944 5380 cessabit,
1993 5319 2085 5388 qni

511 5411 771 5466 nimirum
829 5409 1126 5478 apostolico
1175 5409 1388 5474 vident,
1453 5419 1514 5465 ut
1571 5410 1715 5466 idem
1771 5413 1975 5472 dicam.
2029 5421 2084 5466 et

511 5503 663 5573 digni
719 5501 850 5556 Deo.
894 5500 1005 5556 lloc
1044 5511 1226 5556 autem
1278 5503 1502 5558 verbum
1549 5505 1854 5575 νοσφισμδς
1891 5503 2084 5559 stricte

511 5597 602 5650 hic.
635 5604 938 5662 sumptum,
982 5593 1037 5648 id
1085 5601 1170 5650 est
1213 5595 1538 5663 simpliciter
1579 5603 1633 5650 et
1689 5597 1908 5661 leniter,
1959 5596 2087 5651 licet

510 5687 673 5742 aliter
700 5691 895 5740 contra
928 5683 1238 5740 communis
1267 5685 1564 5741 locutionis
1595 5687 2086 5744 consuetudinem:

512 5777 669 5833 multi
699 5777 844 5832 enim
872 5790 1022 5832 nunc
1053 5777 1197 5831 inter
1239 5792 1338 5834 nos
1378 5777 1733 5846 νοσφίζεσθαι
1775 5779 2087 5848 intelligunt

515 5883 807 5943 usurpare,
831 5877 887 5926 et
903 5869 1122 5941 propria
1143 5867 1247 5926 sibi
1280 5869 1459 5929 facere
1479 5869 1682 5937 aliena;
1701 5881 1756 5928 et
1787 5870 2087 5937 νοσφισμὸν

2195 4877 2361 4929 μασιν
2425 4856 2832 4925 ὰνακράζοντος
2892 4855 3036 4924 άπερ
3088 4856 3122 4924 ἠ
3182 4853 3303 4907 θεία
3349 4852 3589 4906 διδάσκει
3637 4869 3773 4922 συγ-

2188 4951 2398 5022 γραφή-
3780 5009 3789 5018 .

2258 5049 2364 5116 κβ’.
2391 5047 2732 5117 Σημειωτὲον
2757 5046 2812 5100 δὲ
2841 5048 2924 5100 ὅτι
2947 5048 3006 5100 ἐν
3049 5045 3148 5115 τῷ,
3182 5047 3498 5110 νόσφισμα
3529 5039 3676 5107 ὑμῖν
3699 5037 3771 5090 οὐ

2191 5137 2514 5209 γενήσεται
2543 5140 2768 5208 φίλοις.
2798 5139 2988 5206 φίλους
3019 5137 3303 5208 προσεχῶς
3345 5135 3443 5205 μὲν
3475 5136 3533 5186 ἐν
3560 5133 3636 5200 τῷ
3668 5148 3774 5183 πα-

2195 5229 2454 5301 ρασχεδὸν
2481 5231 2675 5296 μόνους
2713 5230 2818 5301 ἔφη
2849 5236 2976 5294 τοὺς
3025 5229 3368 5298 ἁγιωτάτους
3399 5224 3732 5283 ἀποστόλους
3753 5234 3768 5250 ⁸

2191 5320 2370 5381 ἄλλως
2401 5319 2461 5373 δὲ
2496 5320 2581 5372 διὰ
2616 5320 2798 5390 μέσων
2843 5321 3068 5374 ἐκείνων
3099 5320 3134 5388 ἡ
3169 5318 3439 5387 σωτήριος
3467 5310 3771 5380 ἐπαγγελία

2193 5413 2291 5465 καὶ
2320 5413 2400 5475 είς
2421 5413 2548 5474 τοὺς
2585 5413 2707 5482 μετ’
2735 5412 2905 5466 αὐτοῦ
2935 5412 3224 5472 διαϐαίνει,
3265 5412 3361 5462 καὶ
3393 5408 3512 5461 οὐδὲ
3563 5405 3770 5458 παύσε-

2192 5521 2280 5557 ται
2311 5503 2737 5568 καταϐαίνουσα,
2776 5503 2986 5566 ζῶντας
3019 5501 3220 5570 δηλαδὴ
3259 5496 3656 5555 άποστολικῶς,
3691 5493 3770 5546 εί-

2196 5599 2319 5650 πεῖν
2347 5597 2403 5649 δὲ
2431 5596 2648 5658 ταύτὸν,
2685 5597 2779 5649 καὶ
2804 5593 3145 5664 θεοπρεπῶς.
3168 5593 3312 5660 Ὅρα
3355 5591 3411 5642 δὲ
3443 5589 3524 5647 τὸ,
3551 5601 3772 5650 νοσφισ-

2199 5688 2323 5756 μὶς,
2370 5687 2610 5756 δριμέως
2660 5685 2894 5741 ἐνταῦθα
2951 5685 3158 5755 δεχθὲν,
3193 5684 3220 5736 ὅ
3253 5684 3402 5735 ἐστιν
3429 5677 3640 5746 ἀφελῶς
3675 5673 3772 5726 καὶ

2192 5779 2468 5847 γλυκέως,
2497 5779 2546 5830 εἰ
2595 5778 2693 5832 καὶ
2739 5777 2899 5832 ἄλλον
2953 5777 3156 5845 τρόπον
3190 5771 3473 5841 ἀσυνήθως
3510 5771 3577 5838 τῇ
3612 5765 3770 5830 κοινῇ

2196 5870 2405 5934 ὁμιλίαο
2439 5871 2486 5923 οἱ
2516 5868 2624 5935 γάρ
2653 5869 2837 5922 πολλοῖ
2874 5870 2930 5922 ἐν
2967 5870 3071 5932 τοῖς
3105 5867 3201 5921 νῦν
3239 5863 3362 5919 καθ’
3399 5862 3544 5929 ἡμᾶς
3585 5856 3770 5923 vosei-
