4050 6408
265 402 356 462 ῐιι
425 462 428 465 ,
1036 409 1120 468 ΙΝ
1161 412 1498 474 ΗΥΜΝΗΝΙ
1547 420 1837 480 PEN‘TEC

1941 401 2704 494 TALEM‘DahASCENL

3407 432 3510 494 542

264 522 440 585 ζεσἿσί
469 540 524 574 τε
549 525 683 591 φασὶ
713 525 771 577 τδι
803 529 1228 597 σφετερίζεσθαι
1293 537 1384 586 καί
1447 537 1823 593 ἰδιοποεεῖσθαι

1941 547 2093 601 talem
2138 549 2302 603 alieni
2351 552 2768 616 usmpatiouem
2823 549 3003 617 boui;
3059 550 3137 604 sic
3185 551 3331 604 enim
3385 553 3509 622 quis

261 616 323 666 τι
348 617 620 684 ἀλ-λότριαο
655 621 748 670 καὶ
794 623 1090 688 νοσφισμδν
1143 623 1240 692 τὴν
1267 627 1524 698 τοιαύτην
1559 631 1826 701 ἱδιοποεη-

266 708 526 762 σιν-οὕτω
568 710 676 780 γὰρ
705 712 801 764 καὶ
860 713 1209 780 νοσφίζεσθαί
1243 734 1327 780 τις
1379 719 1448 772 τὰ
1499 723 1606 772 τῶν
1661 725 1828 786 πέλας

263 800 493 865 λέγεται,
522 803 616 854 καὶ
651 806 955 872 νοσφισμὸν
980 807 1256 862 ποιεῖσθαι
1298 810 1408 862 τῶν
1440 814 1568 882 παρ’
1625 816 1829 886 ἑτέροις

265 892 444 945 όντων·
476 895 568 946 καὶ
603 893 722 948 ἔστι
747 897 993 952 τοιοῦτον
1027 901 1405 968 νοσφίζεσθαι,
1447 907 1507 957 τδ
1552 907 1708 975 νόσφι
1735 911 1828 962 καὶ

265 981 422 1050 χωρὶς
450 982 542 1035 τοῦ
569 983 788 1053 ἔχοντος
815 988 1055 1058 πρᾶγμά
1087 1008 1139 1043 τι
1173 995 1352 1048 ποιεῖν
1383 994 1468 1048 διὰ
1489 998 1829 1067 ἐπικτήσεως

267 1072 361 1123 οὐκ
416 1071 730 1146 ὲπαινετῆς.

268 1178 370 1228 ρον.

811 1078 967 1133 Ἀλλὰ
1025 1080 1186 1136 τοῦτο
1248 1086 1346 1154 μὲν
1398 1089 1456 1141 ἐν
1507 1092 1618 1154 τοῖς
1673 1090 1803 1146 ὖστε

331 1253 435 1320 κγ’.
477 1257 536 1310 Ὀ
557 1257 616 1312 δὲ
643 1259 750 1311 τῶν
786 1262 918 1330 παρ’
947 1264 1114 1334 Ἕλλη
1126 1285 1176 1320 σι
1228 1271 1468 1340 ποιητῶν
1497 1271 1824 1342 πρώτιστος,

264 1345 319 1397 τὸ
343 1350 692 1415 νοσφίζεσθαι
719 1353 936 1424 τίθησιν
967 1359 1060 1410 ἐπὶ
1089 1359 1296 1414 ἔννοιαν
1326 1365 1521 1418 ὁποίαν
1543 1381 1557 1395 ·
1591 1362 1699 1420 οἶδε
1733 1369 1828 1422 καλ⁵

267 1436 292 1486 6
325 1435 461 1506 ίερὺς
517 1433 673 1504 οὗτος
727 1444 985 1516 μελῳδός.
1037 1449 1411 1520 Νοσφίζεσθαι
1467 1457 1601 1528 γὰρ,
1661 1461 1828 1529 φησὶν

267 1529 487 1625 ἐκεῖνος,
517 1534 712 1606 ἀνδρὸς
742 1541 978 1603 γυναῖκα
1022 1543 1118 1594 καὶ
1149 1541 1446 1618 θυγατέρα,
1485 1551 1513 1603 ὃ
1547 1551 1695 1604 ἐστιν
1723 1553 1829 1625 ιδίᾳ

265 1623 630 1696 καθεσθῆναι³
668 1631 764 1684 καὶ
832 1636 1068 1698 γυναῖκα
1131 1641 1476 1706 φονεύσασαν
1531 1643 1703 1713 ἄνδρα
1735 1623 1828 1700 τὸν

266 1713 458 1784 ἑαυτῆς
485 1721 845 1787 νοσφίσασθαι
876 1725 1087 1781 ἐκείνου
1117 1730 1370 1799 κειμένου
1398 1732 1494 1786 καὶ
1519 1733 1600 1788 ἔτι
1625 1735 1828 1789 ἀσπαί-

265 1823 463 1898 ροντοςο
489 1812 726 1875 ἐκείναις
750 1814 804 1866 δὲ
843 1819 962 1880 ταῖς
990 1819 1252 1888 χρήσεσιν
1277 1823 1648 1897 ἀκολουθήσας
1669 1829 1826 1898 ἀκρι-

265 1897 368 1960 ϐῶς
397 1899 424 1951 6
465 1901 690 1972 ίερῳδδς
717 1899 894 1972 οὗτος,
933 1886 1235 1979 νοσφισμὸν
1271 1911 1374 1982 ἔφη
1415 1914 1512 1985 τὴν
1529 1886 1831 1987 ’ἀναχώρη-
1864 1886 1905 1939 Β

266 2006 364 2057 σιν,
397 1993 424 2047 ὃ
455 1997 578 2048 ἐστι
603 1997 695 2049 τὸν
733 2002 1034 2072 χωρισμὸν,
1066 2005 1128 2056 τὸ
1154 2005 1313 2075 νόσφι
1341 2008 1545 2079 δηλαδὴ
1575 2012 1832 2080 γενέσθαι

262 2085 362 2137 τῶν
390 2088 688 2159 όμιλητῶντ
720 2093 778 2145 τὸ
808 2094 862 2146 δέ
892 2096 1036 2165 ὑμῖν
1086 2099 1341 2167 ἀσφαλῶς
1366 2101 1478 2172 ἔχοι
1532 2105 1599 2158 ἂν
1625 2107 1716 2159 καὶ
1745 2108 1832 2160 διὰ

261 2177 402 2248 τοῦη
457 2185 830 2253 γραφόμενον,
889 2188 978 2242 ἵνα
1042 2194 1384 2261 συνεισάγων
1441 2196 1535 2248 καὶ
1588 2197 1834 2252 ἐαυτδνὸ

261 2271 464 2344 Σωτὴρ,
497 2275 635 2348 λέγῃ
664 2278 739 2338 ὡς
785 2278 925 2334 Οὔτε
961 2281 1070 2348 ἐγὼ
1119 2283 1274 2353 ὑμῶν
1303 2286 1542 2354 ἐμαυτὸν
1590 2288 1832 2358 χωρίσω,

258 2359 372 2414 οὔτε
406 2364 574 2434 ὑμεῖς
610 2368 746 2435 ἐμοῦ
808 2371 1139 2440 χωρίσεσθε.
1198 2374 1260 2426 Et
1308 2375 1415 2446 γὰρ
1449 2377 1593 2431 κατὰ
1642 2378 1734 2430 τὸν
1758 2379 1833 2430 εί-

257 2454 420 2509 πόντα
449 2456 522 2510 τὸ
555 2457 880 2528 διαζευγνὺν
919 2463 1014 2516 τοῦ
1069 2465 1458 2534 διεζευγμένου
1504 2469 1833 2537 διέζευκται,

256 2546 350 2599 οὒκ
381 2547 444 2602 ἂν
473 2551 636 2613 είκὸς
665 2553 750 2621 είη
784 2554 905 2607 οὐδὲ
936 2556 1186 2620 δυνατὸν,
1226 2559 1359 2628 ἐμοῦ
1410 2559 1528 2629 μεθ’
1565 2561 1720 2631 ὑμῶν
1743 2563 1836 2614 ὄνοι

259 2655 364 2704 τος,
399 2642 471 2712 μὴ
523 2645 619 2697 καὶ
651 2645 798 2713 ὑμᾶς
844 2649 962 2717 μετ’
1006 2649 1139 2719 ἐμοῦ
1190 2647 1354 2716 εῖναι,
1388 2654 1481 2705 καὶ
1530 2654 1591 2707 τὸ
1623 2655 1834 2708 ἀνάπα-

257 2731 350 2788 λιν.
401 2737 598 2791 Δῖ-τιον
621 2738 676 2790 δὲ
708 2739 798 2792 τοῦ
831 2740 1078 2795 τοιούτου
1115 2743 1190 2812 μὴ
1219 2745 1529 2815 νοσφισμοῦ
1566 2747 1601 2817 ἡ
1632 2747 1786 2815 φιλία
1814 2764 1830 2780 ο

258 2825 370 2879 ἐπεὶ
423 2829 546 2899 γὰρ
597 2831 665 2884 δι’
689 2832 858 2902 αὐτὴν
891 2833 1046 2904 ὑμῶν
1076 2852 1136 2888 τε
1187 2836 1421 2900 ἕκαστος
1479 2837 1637 2901 ἄλλος
1692 2840 1840 2892 ἐστιν

1934 644 2135 695 dicitur
2173 644 2524 712 νοσφίζεσθαι
2565 645 2893 699 subtrahere
2927 645 3230 699 vicinorum
3265 647 3424 705 bona.
3460 656 3512 697 ct

1937 733 2139 786 furtum
2198 735 2379 788 facere
2411 751 2602 788 eorum
2633 751 2754 802 quasI
2787 745 3108 790 cieterorum
3151 745 3315 800 sunt;
3356 745 3406 788 ct
3435 737 3512 790 sic

1937 823 2286 894 νοσφίζεσθαι
2311 827 2580 895 signiﬁcat
2615 827 2818 895 aliquid
2862 842 3143 895 separare,
3177 837 3231 879 et
3262 829 3450 896 procul
3480 843 3507 878 a

1936 935 2254 986 possessore
2290 937 2570 972 removere
2606 937 2701 989 per
2732 921 3153 988 acquisitiouem
3190 937 3293 974 nou
3333 921 3511 973 lauda-

1935 1014 2118 1068 hilt-m.
2151 1013 2254 1067 Sed
2291 1014 2392 1066 huc
2445 1014 2496 1066 iu
2529 1015 2909 1083 sequentibus.

2003 1283 2094 1336 23.
2137 1279 2397 1347 Princeps
2429 1279 2744 1334 Graecorum
2790 1290 3069 1348 poetarum
3106 1280 3246 1333 idem
3286 1279 3510 1332 verbum

1935 1374 2040 1428 hac
2096 1382 2277 1427 mente
2327 1373 2552 1441 accipit,
2613 1374 2757 1424 sicut
2825 1374 2976 1425 novit
3040 1379 3266 1424 sanctus
3325 1379 3512 1424 uoster

1933 1472 2165 1528 auctor;
2226 1463 2605 1530 νοσφίζεσθαι,
2647 1464 2725 1517 ait
2762 1463 2875 1530 ille,
2940 1479 2967 1517 a
3021 1464 3138 1517 viro
3184 1477 3413 1516 uxorem
3461 1471 3512 1515 et

1933 1556 2121 1615 filiam.
2183 1555 2233 1609 id
2287 1562 2372 1608 est
2427 1542 2674 1609 seorsum
2721 1569 2926 1624 ponere
2960 1573 2974 1609 :
3009 1564 3062 1608 et
3088 1553 3369 1607 mulierem
3400 1568 3516 1622 quae

1930 1649 2106 1701 virum
2163 1663 2320 1703 suum
2369 1647 2719 1702 interfecerat
2760 1645 3126 1714 κοσφίζεσθαι,
3174 1643 3366 1715 procul
3427 1660 3516 1698 re-

1931 1755 2150 1794 movere
2175 1741 2244 1792 ab
2303 1739 2397 1791 illo
2427 1739 2645 1808 jacente
2701 1747 2755 1793 et
2809 1739 2989 1792 adhuc
3026 1739 3292 1807 spirante.
3337 1735 3517 1803 Quem

1934 1846 2154 1886 sensum
2196 1839 2324 1898 apte
2354 1845 2590 1899 sequens
2624 1839 2819 1883 auctor
2845 1840 3058 1892 noster,
3101 1829 3402 1897 νοσφισμὶν
3445 1819 3518 1880 ai'

1940 1936 2238 1984 secessum,
2284 1921 2336 1974 id
2369 1929 2450 1975 est
2472 1919 2897 1988 separationem,
2929 1919 3119 1986 procul
3154 1934 3183 1972 a
3218 1917 3517 1973 contuber-

1940 2013 2157 2067 nalibus
2182 2012 2396 2066 abesse.
2432 2011 2668 2066 Verbum
2694 2020 2872 2064 autem
2901 2010 3032 2078 ὑμῖν
3065 2019 3216 2064 recte
3245 2010 3522 2062 diceretur

1942 2120 2039 2176 per
2066 2104 2301 2158 litteram
2342 2101 2544 2172 (ἡμῖν).
2572 2112 2630 2156 ιιι
2670 2103 2948 2158 inducens
2998 2104 3237 2170 seipsum
3269 2101 3522 2156 Salvator

1943 2197 2131 2252 dicat:
2167 2194 2286 2249 Non
2345 2194 2615 2260 meipsum
2646 2210 2676 2248 a
2723 2194 2880 2249 vobis
2936 2209 3188 2257 secerno,
3226 2209 3322 2248 nec
3364 2208 3460 2245 vos
3490 2207 3520 2245 a

1939 2304 2027 2345 me
2053 2288 2468 2358 separabimiui.
2498 2285 2553 2340 Si
2591 2287 2758 2352 enim,
2791 2295 2850 2340 ut
2883 2287 3102 2354 quidam
3151 2285 3248 2349 ait,
3272 2284 3521 2339 dividens

1939 2395 1970 2436 a
2004 2380 2178 2434 diviso
2240 2379 2522 2446 dividitur,
2564 2393 2674 2432 non
2711 2378 3010 2433 verisimile
3061 2385 3210 2433 esset
3249 2392 3353 2431 nec
3395 2391 3521 2443 pos-

1940 2471 2118 2534 sibile,
2154 2485 2239 2526 me
2266 2479 2523 2524 manente
2553 2470 2861 2536 vobiscum,
2895 2485 2992 2526 vos
3022 2484 3235 2524 mecum
3260 2483 3370 2523 non
3401 2481 3523 2522 esse

1945 2573 1999 2618 et
2030 2564 2150 2619 vice
2178 2579 2359 2620 versa.
2397 2563 2576 2618 Causa
2599 2572 2781 2618 autem
2819 2562 2986 2634 hujus
3014 2561 3356 2618 indivisionis
3385 2561 3522 2613 ami-

1941 2657 2103 2722 citia;
2143 2657 2402 2725 quoniam
2451 2657 2596 2709 enim
2647 2671 2744 2726 per
2799 2671 2918 2710 eam
2973 2653 3353 2724 unusquisque
3397 2666 3524 2706 ves-

1948 2757 2116 2812 trum,
2171 2756 2226 2802 et
2280 2761 2439 2801 nemo
2497 2761 2525 2800 a
2588 2747 2771 2816 seipso
2825 2745 3089 2800 dividitur
3130 2747 3344 2808 vivens,
3411 2757 3519 2797 non

1948 2837 2180 2908 proinde
2223 2837 2498 2905 separatio
2530 2836 2686 2892 vobis
2720 2839 2826 2892 erit
2861 2839 2912 2890 iu
2945 2846 3234 2892 aeternum.

259 2915 379 2985 ἐγὼ,
409 2923 516 2978 καὶ
546 2922 657 2991 ἐγὼ
697 2924 754 2978 δὲ
807 2925 944 2995 ὅπερ
979 2927 1137 2992 ἄλλος
1187 2929 1216 2982 6
1245 2930 1368 2984 καθ’
1408 2929 1503 2983 ἕνα
1535 2929 1712 3001 ὑμῶν’
1742 2930 1916 2984 οἰδεὶε
1951 2930 2005 2982 δέ
2039 2929 2235 2983 ἑαυτοῦ
2275 2927 2590 2999 νοσφίζεται
2625 2927 2755 2992 ζῶν·
2823 2929 2935 2983 οὐδ’
2997 2929 3104 2998 ἄρα
3171 2929 3299 2998 ὑμῖν
3369 2926 3522 2981 ἔσται

258 3016 556 3085 νοσφισμδς
593 3016 662 3069 δι’
693 3021 910 3082 αίῶνος.

321 3107 414 3162 κδ’.
459 3109 536 3160 '0
563 3109 621 3161 δὲ
671 3109 894 3180 ὕψιστος
954 3113 1144 3184 θρόνος
1177 3115 1382 3186 πολλὴν
1407 3116 1505 3187 μὲν
1537 3117 1652 3186 ἐχει
1701 3133 1839 3188 γρα-

258 3201 414 3267 φικὴν
449 3203 852 3274 συγκρότησιν,
885 3207 959 3270 ὡς
996 3204 1087 3262 οἷα
1120 3209 1216 3262 καί
1238 3227 1361 3263 τινα
1389 3210 1655 3281 λαμπρὰν
1683 3213 1841 3283 ἀρχιο

2023 3116 2115 3171 24.
2161 3114 2421 3170 Excelsa:
2451 3128 2578 3168 vero
2609 3112 2830 3167 thronus
2873 3129 3129 3183 magnum
3164 3113 3325 3167 habet
3355 3127 3524 3182 appa-

1941 3214 2120 3262 ratum
2176 3205 2604 3275 descriptionis,
2662 3205 2819 3274 quasi
2863 3206 2934 3260 sit
2973 3205 3217 3261 formosa
3273 3204 3523 3275 quaedam

257 3297 580 3368 τεκτόνηειιν
601 3312 617 3328 ·
657 3299 884 3369 ἀρκέσει
913 3300 970 3354 δὲ
1015 3303 1180 3372 μόνον
1207 3303 1538 3372 παραδεῖξαι
1565 3305 1628 3357 τὸ
1669 3304 1836 3359 αὑτοῦ

1941 3298 2230 3354 aediﬁcatio
2258 3315 2274 3366 ;
2307 3297 2542 3353 suﬂiciet
2567 3305 2754 3352 autem
2789 3297 2908 3367 ejus
2948 3297 3290 3351 altitudinem
3341 3306 3526 3351 osten-

259 3385 382 3456 ὒψος
409 3390 472 3443 ἐκ
511 3388 630 3454 τοῦ,
666 3391 695 3443 6
725 3394 784 3444 ἐν
818 3391 1050 3464 ὑψηλοῖς
1089 3394 1361 3450 κατοικῶν
1391 3398 1484 3449 καὶ
1507 3397 1576 3451 τὰ
1601 3398 1834 3452 ταπεινὰ

258 3478 486 3550 ἐφορῶν.
547 3480 640 3552 Τῷ
695 3482 803 3553 γὰρ
851 3481 996 3538 οὕτω
1047 3487 1429 3558 παντεπόπτῃ,
1482 3487 1580 3541 καὶ
1615 3487 1837 3558 ὕψιστος

257 3572 466 3636 πάντως
506 3572 534 3625 6
565 3574 866 3635 ἐποπτικὸς
903 3576 1095 3645 θρόνος
1139 3577 1351 3651 θρόνος⁹
1376 3579 1498 3632 είδέ
1523 3579 1620 3632 καὶ
1649 3579 1712 3632 τὸ
1741 3580 1840 3633 αὺ-

255 3661 344 3714 τοῦ
364 3659 518 3718 εῖναι
553 3663 620 3717 τὰ
669 3663 853 3734 ὑψηλὰ
907 3667 1020 3720 τῶν
1071 3666 1244 3738 ὀρέων
1281 3668 1484 3737 σεμνόν
1507 3670 1670 3735 ζέστι,
1719 3670 1838 3724 ἀλλ’

258 3753 580 3825 ὑπέρσεμνα
613 3755 681 3809 τὰ
705 3759 850 3813 κατὰ
895 3758 988 3814 τὸν
1021 3759 1274 3830 οὐρανὸν,
1313 3755 1376 3818 οὗ
1412 3763 1467 3816 ai
1496 3761 1665 3816 πύλαι
1695 3765 1840 3818 κατὰ

259 3847 346 3900 τὶν
375 3847 657 3917 θάλλοντα
678 3848 930 3918 αἴρονται
959 3850 1487 3924 ἀναλαμϐανομένου
1526 3853 1623 3906 τοῦ
1655 3855 1843 3923 Σωτῆ-

267 3952 352 4006 ρος
379 3938 645 4007 Χριστοῦ.
663 3940 806 4009 Ὅρα
829 3939 887 3992 δέ
911 3940 1150 3997 ἐνταῦθα
1163 3943 1245 4007 τὺ,
1264 3944 1514 4014 πατρῷον
1544 3945 1752 4016 θρόνοψ
1775 3946 1837 3999 οὐ

267 4027 373 4098 γὰρ
406 4025 565 4082 εἶπεν
601 4029 681 4092 εἰς
714 4031 914 4085 οίκεῖον
942 4029 1170 4100 ὕψιστον
1210 4032 1422 4102 θρόνον,
1456 4035 1707 4088 τοῠτέστι
1748 4036 1840 4089 τὸν

267 4119 414 4189 ἐμὸν,
447 4121 536 4176 ῖνα
569 4122 644 4190 μή
676 4139 762 4186 τις
785 4123 1052 4194 διαίρεσις
1085 4125 1358 4196 ἐμφανείη
1388 4126 1556 4180 αὑτοῦ
1581 4129 1721 4197 πρὸς
1750 4127 1842 4182 τὸν

268 4207 478 4282 Πατέρα
535 4211 973 4266 ὑποσκιασθείσα
1031 4213 1112 4283 τῷ
1169 4214 1266 4267 τοῦ
1336 4215 1530 4287 θρόνου
1591 4217 1840 4287 δυασμῷ.

275 4299 566 4375 Ἐπέκρινε
596 4303 654 4356 δὲ
679 4303 934 4374 πατρῷον
958 4304 1150 4372 θρόνον
1175 4308 1375 4372 είπεῖν,
1405 4308 1491 4361 ’ίνα
1519 4308 1709 4379 ὥσπερ
1742 4311 1843 4380 μία

266 4394 638 4463 προσκύνησις
666 4393 767 4462 τῆς
795 4394 959 4462 ἁγίας
983 4397 1212 4465 Τριάδος
1243 4403 1842 4472 συμπροσκυνουμένης

268 4483 323 4536 ἐν
351 4487 449 4556 μιᾷ
475 4489 872 4556 προσκυνήσει,
919 4485 1063 4541 οὕτω
1112 4491 1209 4543 καὶ
1236 4489 1409 4554 θῶκος
1431 4487 1512 4554 εἷς
1542 4493 1638 4545 καὶ
1690 4510 1844 4546 συνε-

267 4576 556 4649 δριασμός·
586 4573 664 4633 ὧν
693 4581 721 4634 ὁ
748 4580 850 4652 μὲν
883 4578 1072 4650 θρόνος
1111 4582 1173 4634 τὺ
1203 4584 1261 4634 ἐν
1299 4583 1598 4653 ἁγαθότητι
1631 4585 1842 4655 βασιλιο

1939 3391 2070 3445 dere
2102 3406 2168 3445 ex
2204 3391 2305 3446 hoc
2333 3397 2524 3445 textu:
2561 3387 2664 3454 Qui
2697 3390 2753 3442 in
2784 3388 2911 3442 altis
2945 3388 3177 3451 habitat,
3227 3399 3276 3442 et
3301 3388 3525 3440 humilia

1941 3482 2178 3552 respicit.
2213 3481 2346 3550 Ejus
2370 3481 2464 3552 qui
2495 3482 2574 3536 sic
2606 3481 2792 3536 omnia
2823 3479 2995 3545 videt,
3021 3480 3272 3535 excelsus
3301 3478 3526 3533 omnino

1941 3573 2177 3629 visibilis
2205 3573 2460 3628 thronus.
2503 3569 2560 3626 Si
2607 3579 2791 3626 autem
2833 3588 2956 3641 qua:
3000 3573 3090 3626 hic
3128 3577 3260 3627 sunt.
3303 3569 3522 3626 excelsa

1943 3665 2210 3720 montium
2258 3672 2552 3734 augustum
2591 3664 2723 3734 quid
2785 3673 2935 3728 sunt,
2997 3664 3169 3717 multo
3208 3661 3524 3732 augustiora

1941 3773 2062 3828 qua?
2089 3766 2220 3814 sunt
2250 3757 2306 3833 in
2351 3757 2517 3823 caelo,
2551 3757 2710 3827 cujus
2753 3766 2945 3826 portae,
2969 3755 3124 3824 juxta
3153 3755 3523 3818 Psalmistam,

1941 3851 2228 3905 elevantur
2251 3853 2584 3905 ascendente
2610 3849 2895 3906 Salvatore
2919 3849 3166 3904 Christo.
3210 3847 3346 3902 Vide
3371 3859 3523 3900 nunc

1941 3951 2223 4012 paternum
2256 3942 2538 4008 thronum;
2581 3957 2690 3997 non
2721 3943 2868 3996 enim
2916 3941 3054 3995 dixit
3089 3957 3103 3993 :
3140 3940 3193 3993 in
3241 3937 3519 4008 propriqu

1943 4032 2221 4087 excelsum
2263 4033 2546 4093 thronum,
2580 4030 2632 4086 id
2657 4039 2743 4086 est
2774 4045 2982 4096 meum,
3014 4045 3084 4084 ne
3115 4029 3298 4098 aliqua
3324 4026 3525 4080 divisio

1943 4134 2233 4195 appareret
2286 4124 2433 4179 inter
2474 4123 2628 4177 illum
2670 4133 2728 4178 et
2784 4121 3026 4188 Patrem,
3079 4120 3283 4190 duplici
3333 4119 3526 4172 adum-

1944 4217 2102 4270 brata
2156 4216 2380 4270 throno.
2443 4213 2634 4270 Maluit
2707 4215 2850 4268 enim
2919 4221 3208 4283 paternum
3264 4214 3522 4264 thronum

1944 4305 2149 4367 dicere,
2174 4316 2234 4360 ut
2268 4306 2411 4360 sicut
2441 4320 2548 4358 una
2573 4315 2659 4360 est
2685 4304 2936 4358 adoratio
2984 4311 3186 4358 sanctae
3235 4299 3526 4354 Trinitatis

1945 4406 2218 4452 venerata:
2251 4395 2416 4452 simul
2467 4397 2520 4449 in
2572 4410 2680 4450 una
2715 4395 3056 4458 adoratioue,
3089 4394 3167 4448 sic
3197 4401 3250 4448 et
3283 4408 3425 4445 unus
3453 4392 3526 4445 sit

1946 4489 2202 4553 thronus,
2230 4503 2336 4542 Utta
2381 4487 2542 4542 sedes
2569 4504 2584 4550 ;
2617 4487 2904 4541 manifeste
2947 4495 3129 4540 autem
3162 4487 3396 4540 thronus
3441 4491 3527 4538 est

1947 4579 2104 4634 sedes
2144 4588 2346 4634 sanctae
2381 4577 2674 4632 Trinitatis
2703 4577 2757 4631 in
2791 4577 3080 4633 bonitate:
3117 4575 3404 4631 consessio
3431 4590 3528 4628 au—

267 4672 375 4736 κῶς
401 4674 620 4744 ἑδραῖον
649 4674 750 4744 τῆς
806 4673 972 4742 ἁγίας
1023 4674 1254 4745 Τριάδος
1310 4676 1495 4746 δηλοῖ·
1528 4680 1555 4731 ὁ
1605 4677 1660 4731 δὲ
1691 4696 1837 4732 συνε-

1947 4681 2052 4725 tem
2083 4671 2386 4741 symbolqu
2407 4679 2493 4725 est
2525 4671 2872 4725 indivisionis
2899 4670 3042 4739 ejus.
3076 4668 3317 4724 Verbum
3341 4678 3522 4722 autem

259 4759 523 4834 δριασμδς
553 4762 648 4817 τοῦ
671 4762 792 4817 κατ’
821 4763 992 4834 αὐτὴν
1025 4765 1331 4835 ἀχωρίστου
1384 4767 1656 4836 σύμϐολόν
1699 4771 1836 4822 ἐστι’

261 4854 322 4905 τὸ
373 4854 430 4906 δὲ
488 4853 854 4924 συνεδριάζων
906 4857 969 4908 ἐκ
1017 4855 1113 4908 τοῦ
1169 4855 1496 4924 κοινὼτερον
1542 4858 1838 4929 λεγομένου

265 4945 544 5014 συνεδρίου
584 4945 1007 5015 παρείλκυσται.
1068 4943 1134 4999 Ἦ
1193 4948 1302 5016 γὰρ
1359 4947 1494 5016 ἐδρα
1529 4949 1665 5018 ὅπερ
1722 4950 1842 5003 ἐστὶ

246 5018 508 5106 ⁹καθέδρα
537 5035 898 5106 τρισύλλαὸον
929 5037 1084 5108 ῥῆμα
1110 5037 1348 5108 παράγει
1386 5039 1448 5092 τὸ
1478 5040 1745 5110 sagacem,
1777 5041 1838 5093 οὐ

269 5129 374 5195 μὴν
409 5130 710 5200 ἐδριάζεινο
759 5129 1052 5200 δικαστικὴ
1085 5130 1141 5184 δὲ
1175 5130 1326 5196 λέξις
1353 5132 1414 5185 τδ
1463 5133 1841 5205 συνεδριάζειν

265 5221 556 5287 πρέπουσα
579 5221 695 5291 Υίῷ
725 5222 804 5290 τῷ
835 5221 931 5276 καὶ
961 5223 1207 5293 κρίνοντι
1228 5223 1324 5276 καὶ
1363 5226 1708 5294 συγκρίνοντι
1728 5228 1842 5290 τοῖς

268 5309 406 5375 ίσοις
433 5313 515 5381 τῷ
546 5313 722 5383 Πατρὶ
754 5314 849 5367 καὶ
888 5313 966 5384 τῷ
1015 5313 1320 5386 Πνεύματι,
1353 5315 1449 5368 καὶ
1495 5316 1842 5387 ἐλευσομένῳ

266 5405 451 5472 κρῖναι
485 5403 695 5470 ζῶντας
724 5405 821 5459 καὶ
855 5404 1105 5476 νεκρούς.

334 5491 432 5548 κε’.
466 5495 541 5548 Τὸ
564 5496 617 5549 δὲ
644 5495 856 5566 ἐκχεῶ,
882 5496 1196 5569 προφητικὴ
1216 5496 1360 5565 λέξις
1389 5498 1526 5564 ἐστὶ,
1558 5497 1651 5552 τοῦ
1687 5498 1844 5568 Ἰωὴλ

263 5581 533 5651 δηλονότι,
558 5590 650 5640 καὶ
677 5588 866 5658 ἔχεται
903 5589 1214 5658 ίερωτάτων
1236 5589 1480 5651 ἐννοιῶν,
1512 5583 1587 5643 ὧν
1621 5591 1719 5660 μία
1750 5591 1845 5645 καὶ

264 5675 299 5744 ἠ
334 5677 483 5730 κατὰ
522 5680 580 5731 τὸ
606 5679 762 5748 ἅγιον
797 5679 1101 5751 βάπτισμα,
1143 5683 1223 5743 είς
1267 5680 1295 5733 ὃ
1325 5681 1673 5747 καταδύντες,
1701 5681 1845 5736 οὕτω

268 5765 360 5817 καὶ
378 5771 813 5832 συναναστάντες
839 5771 1110 5840 σωτηρίου
1130 5771 1146 5824 ί
1155 5771 1348 5841 μάτιον
1367 5771 1742 5843 ὴμφιέσμεθα,
1763 5791 1844 5843 χι·

267 5855 413 5913 τῶνα
447 5857 632 5917 τοῦτον
667 5861 929 5934 φωτεινὸν
951 5863 1378 5935 περικέχυμενον
1396 5866 1427 5936 ἡ
1437 5866 1562 5935 μᾶς,
1587 5866 1678 5920 καί
1697 5865 1773 5919 διε
1783 5884 1850 5936 μ-

1951 4761 2316 4832 συνεδριάζων
2337 4778 2401 4817 ex
2431 4777 2564 4816 voce
2586 4763 2952 4817 communiter
2975 4763 3252 4834 συνέδριον
3271 4761 3524 4827 trahitur;

1948 4859 2080 4929 ἕδρα
2133 4854 2300 4919 enim,
2341 4856 2392 4908 id
2452 4863 2536 4910 est
2589 4855 2870 4921 cathedra,
2909 4854 3134 4909 verbum
3183 4854 3523 4924 trisyllabum

1951 4948 2203 5017 producit
2233 4943 2484 5015 ἐδράζειν
2524 4953 2578 4998 ιιι
2612 4953 2665 4998 et
2699 4943 2972 5012 ἐδριάζειν
3001 4961 3016 5009 ;
3047 4944 3309 5014 judiciale
3340 4952 3524 4996 autem

1949 5042 2182 5094 verbum
2212 5035 2588 5106 συνεδριάςειν
2623 5035 2882 5088 convenit
2921 5033 3060 5089 Filio
3093 5034 3186 5104 qui
3219 5042 3273 5088 et
3294 5032 3524 5101 iudicat,

1950 5140 2007 5185 et
2043 5128 2358 5199 conjudicat
2415 5143 2542 5182 cum
2593 5127 2897 5197 aequalibus
2949 5127 3198 5196 personis
3247 5127 3411 5179 Patre
3472 5133 3529 5179 et

1951 5220 2158 5290 Spiritu
2193 5225 2409 5288 sancto,
2435 5218 2530 5290 qui
2559 5226 2828 5273 venturus
2866 5226 2952 5273 est
2980 5217 3233 5288 judicare
3273 5215 3427 5272 vivos
3471 5223 3528 5271 et

1951 5323 2224 5369 mortuos.

2018 5499 2110 5554 ‘25.
2144 5496 2377 5552 Verbum
2405 5494 2602 5552 deinde
2619 5497 2885 5565 eﬂ‘undam
2913 5495 3292 5566 propheticum
3323 5505 3427 5559 est,
3459 5508 3529 5550 ex

1945 5589 2061 5645 Joel
2087 5589 2340 5643 videlicet
2396 5597 2696 5658 sumptum,
2755 5596 2810 5642 et
2865 5589 3107 5644 abundat
3164 5588 3532 5644 sanctissimis

1945 5679 2366 5750 cogitationibus
2399 5695 2416 5746 ;
2445 5693 2672 5748 quarum
2709 5695 2813 5733 una
2855 5679 2920 5732 ad
2951 5687 3200 5734 sanctum
3253 5680 3528 5732 lavacrum

1948 5772 2204 5836 refertur,
2242 5772 2296 5826 in
2328 5771 2473 5841 quod
2495 5770 2896 5826 descendentes
2925 5777 2979 5825 et
3005 5785 3129 5825 mox
3153 5779 3525 5838 assurgentes,

1950 5864 2142 5922 salutis
2172 5873 2373 5923 vestem
2398 5863 2572 5921 induti
2591 5878 2804 5932 sumus,
2833 5863 3170 5932 splendidam
3201 5864 3338 5918 hanc
3388 5865 3528 5915 tnui-
