4050 6408
245 425 365 487 S45
1042 434 1125 495 ΙΝ
1154 435 1501 497 HYM‘NUM
1537 436 2194 500 PENTECOSTALEM
2217 438 2699 506 .DAMASCENI.
3404 442 3511 507 546

236 544 342 610 τὴν
374 540 540 612 χάριν
565 544 660 598 τοῦ
690 544 1006 616 Πνεύματος
1049 549 1184 617 τοῖς,
1218 549 1295 614 ὡς
1327 550 1565 621 εἴρηται,
1609 551 1821 606 ποθοῦσι

1934 566 2051 620 eos,
2071 561 2130 607 ut
2157 553 2363 609 dictum
2381 560 2486 619 est,
2504 554 2594 623 qui
2622 553 2851 621 cupiunt
2877 553 2995 623 ejus
3013 553 3469 608 iiluminatinncm
3499 563 3515 612 ;

234 633 343 701 τὴν
378 633 544 688 αὐτοῦ
576 635 824 707 λάμψιν⁹
865 640 899 710 ἡ
927 638 984 693 δὲ
1015 639 1110 694 τοῦ
1152 643 1474 712 Πνεύματος
1504 645 1689 717 χάρις,
1724 646 1821 700 οὐκ

1934 642 2177 714 Spiritus
2209 652 2395 700 autem
2421 646 2593 714 gratia
2634 660 2744 701 non
2779 644 3082 710 individua,
3136 645 3232 699 sed
3288 644 3516 699 omnino

232 723 308 776 ἂν
352 725 632 788 ίδιάζουσα
679 729 790 800 εἴη,
833 731 972 785 ἀλλὰ
1022 733 1240 796 πάντως
1282 735 1572 807 Τριαδική.
1625 736 1692 790 Ἥ
1718 739 1821 808 γὰρ

1934 736 2174 805 triplex;
2215 735 2427 803 inﬁnita
2472 744 2677 800 autem,
2723 735 2870 789 illam
2901 734 3139 789 ostendit
3172 734 3513 804 magniﬁcam

234 815 476 883 ἄφθονος
530 819 682 887 δηλοί
735 822 833 889 μὲν
892 826 987 877 καὶ
1029 827 1131 897 τὴν
1179 827 1373 896 δαψιλῆ
1425 830 1521 881 καὶ
1584 827 1821 899 πολλήν·

1926 835 1984 882 et
2015 828 2240 882 multam
2282 844 2296 894 ;
2331 829 2473 884 sicut
2505 841 2557 883 et
2584 828 2765 883 multae
2793 828 3176 883 miserationes
3232 828 3348 894 Dei,
3396 843 3514 880 ma-

236 906 434 960 καθότι
466 912 559 962 καὶ
594 911 783 964 πολλοὶ
812 914 1153 985 οἱοὶκτιρμοὶ
1183 919 1278 970 τοῦ
1309 917 1464 981 Θεοῦ,
1492 919 1588 972 καὶ
1612 920 1745 973 πολὺ
1766 919 1821 972 τι

1930 934 2090 991 gnam
2120 919 2524 974 multitudinem
2555 920 2814 973 bonitatis
2841 919 2977 986 ejus,
3006 934 3110 974 non
3144 919 3334 990 procul
3357 919 3515 975 abest

236 995 449 1064 πλῆθος
470 998 574 1067 τῆς
598 1000 766 1053 αὑτοῦ
792 1006 1164 1074 χρηστότητος
1181 1021 1196 1037 σ
1221 1006 1282 1059 οὐ
1308 1009 1493 1060 πίπτει
1517 1009 1573 1060 δὲ
1609 1008 1828 1080 μακρὰν

240 1085 524 1154 σημασίας
548 1089 805 1160 τοιαύτης
830 1093 951 1145 οὐδὲ
976 1095 1009 1164 η
1042 1094 1369 1164 ἀφθόνητος.

393 1223 722 1290 Τροπάριον
759 1226 1051 1296 δεύτερον
1088 1229 1198 1299 τῆς
1226 1229 1464 1300 πρώτης
1494 1231 1680 1303 ᾠδῆς.

310 1326 407 1383 ll].
452 1330 618 1399 Ὄρος
663 1332 914 1403 βεϐηκὼς
961 1337 1360 1406 άτρεκέστατος
1392 1341 1549 1410 λόγος

459 1419 500 1472 Γ
502 1422 884 1496 αληνόμορφον
909 1430 1120 1482 ὲκτελεῑ
1147 1433 1249 1502 τὴν
1271 1433 1521 1501 καρδίαν,

463 1513 667 1583 Ἔργον
703 1519 812 1585 γὰρ
845 1520 1178 1591 ὲκπεράνας,
1209 1523 1480 1593 εὔφρανεν
1513 1524 1724 1593 φίλου-ιν

462 1603 603 1675 Πνοῇ
629 1607 782 1678 βιαία
810 1613 904 1664 καὶ
930 1615 1101 1683 πυρὸς
1118 1616 1493 1688 γλωττήμασι.

466 1715 681 1788 Νείμας
711 1721 771 1772 τὸ
806 1722 1050 1794 Πνεῦμα,
1084 1726 1320 1796 Χριστὸς
1354 1728 1433 1792 ὡς
1466 1729 1757 1802 ὑπέσχετο.

322 1804 424 1860 κθ’.
470 1809 656 1863 "illam:
707 1815 972 1884 γνωμικῷ
1017 1832 1126 1871 τινι
1174 1817 1320 1891 λόγῳ
1362 1822 1396 1891 ἠ
1432 1825 1683 1894 καταρχὴ
1732 1823 1825 1877 τοῦ

240 1900 519 1969 παρόντος
544 1905 866 1975 τροπαρξου,
896 1905 986 1959 ἵνα
1011 1907 1062 1959 oi
1090 1908 1190 1978 μὲν
1219 1910 1427 1979 πρῶτοι
1457 1913 1703 1983 κείμενοι
1732 1916 1825 1969 δύο

243 1990 424 2060 στίχοι
449 1990 683 2060 λέγωσιν
715 1996 773 2048 ὲν
797 1996 875 2066 τῷ
912 1996 1162 2062 καθόλου,
1189 2001 1272 2052 ὅτι
1304 2003 1332 2055 6
1360 2001 1484 2070 ὅρος
1514 2004 1543 2055 6
1569 2002 1822 2074 βεϐηκὼς

240 2081 417 2152 ἧγοιν
449 2085 476 2135 6
523 2086 754 2155 στερρὸς
780 2089 875 2141 καὶ
911 2089 1282 2160 ἀληθέστατος
1330 2093 1509 2164 λόγος,
1558 2096 1823 2168 γαληνιᾷν

243 2173 396 2224 ποιεί
427 2174 526 2237 τὰς
551 2176 780 2246 καρδίας
804 2193 817 2208 ’
858 2178 973 2250 ἔχει
1007 2182 1062 2234 δὲ
1094 2182 1215 2253 οὐχ)⁸
1246 2183 1420 2248 οὕτως
1446 2187 1653 2253 ἁπλῶς,
1686 2189 1824 2242 ἀλλὰ

240 2265 356 2334 χρὴ
388 2265 450 2317 τὸ
494 2267 733 2337 Χριστὸς
769 2267 945 2339 ονομα.
984 2273 1236 2344 κείμενον
1284 2276 1420 2345 πρὸς
1450 2277 1526 2348 τῷ
1550 2280 1694 2332 τέλει
1726 2280 1822 2333 τοῦ

245 2357 506 2422 πέμπτου
570 2358 823 2429 ἰαμϐείου
881 2367 1266 2436 προσαρμόσαι
1325 2370 1439 2431 τοῖς
1487 2371 1820 2442 κατάρκταις

234 2447 370 2500 δυσὶ
391 2450 619 2519 στίχοις,
642 2453 738 2506 καὶ
754 2453 1092 2520 εἰπείνμοῦτω
1114 2457 1461 2529 θεολογικῶς·
1480 2459 1540 2515 '0
1563 2462 1819 2533 Χριστὸς,

238 2539 272 2589 6
326 2536 575 2609 βεϐηκὼς
624 2544 749 2611 ὅρος
802 2543 833 2597 6
885 2546 1286 2617 ἀτρεκέστατος
1339 2550 1532 2618 Λόγος,
1582 2551 1824 2622 γαλήνης

240 2630 418 2695 αἴτιός
442 2632 560 2687 ἐστι
585 2636 650 2705 τῇ
678 2634 786 2690 τῶν
814 2635 984 2691 αὐτοῦ
1013 2639 1184 2707 φίλων
1205 2639 1425 2712 καρδίᾳ.
1465 2639 1637 2694 Πόθεν
1662 2642 1823 2696 τοῦτο

235 2720 441 2792 δῆλονς
499 2724 596 2779 ἐὰν
641 2727 741 2797 τὴν
792 2727 1077 2798 παροῦσαν
1131 2729 1362 2802 γνώμην
1414 2734 1823 2802 καταγαγόντες

241 2816 555 2885 ῥητορικῶς
587 2818 666 2881 είς
693 2835 747 2874 τι
792 2823 1031 2891 μερικὸν
1061 2823 1470 2895 πιστωσώμεθα
1510 2826 1729 2896 ἐκείνην
1753 2826 1823 2880 δι’

234 2905 452 2961 αὑτοῦ⁶
508 2908 619 2963 ίδοϋ
669 2913 777 2982 γὰρ
813 2912 888 2977 ὡς
936 2913 1184 2986 βεϐηκώς
1232 2932 1367 2986 φησι
1417 2918 1512 2971 καὶ
1560 2919 1824 2990 στάσιμος

240 2999 392 3070 ὅρος,
427 3001 520 3054 καὶ
553 3002 628 3066 ὡς
669 3007 840 3075 Λόγος
875 3007 969 3059 τοῦ
1004 3007 1141 3061 Θεοῦ
1182 3012 1277 3062 καὶ
1328 3011 1540 3081 Πατρός
1568 3011 1821 3082 ἀψευδὲς,

241 3093 619 3164 ὑποσχόμενος
651 3097 755 3168 ἥδη
804 3101 916 3163 τοῖς
964 3098 1143 3168 φίλοις
1194 3101 1465 3172 μαθηταῖς
1499 3103 1822 3174 ἀκύμαντον

239 3186 553 3259 καρδιακὴν
598 3190 867 3260 γαλήνην,
908 3193 1005 3246 καὶ
1056 3195 1139 3257 είς
1171 3194 1332 3264 ἔργον
1359 3195 1692 3267 προαγαγὼν
1721 3200 1824 3269 τὴν

1932 1010 2000 1065 ab
2017 1010 2121 1065 hoc
2140 1027 2304 1066 sensu
2340 1011 2556 1067 invidiae
2575 1014 2841 1067 carentia.

2229 1232 2543 1304 Troparium
2564 1234 2851 1290 secundum
2872 1237 3030 1304 primi
3048 1237 3251 1307 hymni.

2156 1346 2451 1404 Terminus
2484 1349 2755 1419 perfectus
2780 1350 3128 1405 verissimum
3155 1352 3380 1407 verbum

2047 1439 2405 1509 Tranquillet
2435 1440 2626 1497 l‘ormze
2662 1442 2849 1511 implet
2882 1458 3015 1496 cor:

2073 1531 2250 1603 Opere
2282 1534 2427 1589 enim
2458 1535 2674 1604 expleto
2704 1535 2995 1589 lmtilicavit
3026 1535 3256 1601 amicos,

2081 1625 2238 1680 Flatu
2264 1625 2523 1690 violento,
2556 1634 2611 1681 et
2645 1626 2791 1697 ignis
2822 1628 3166 1697 glossematis

2087 1715 2225 1771 Dato
2252 1716 2478 1787 Spiritu,
2506 1718 2759 1776 Christus
2793 1729 2852 1775 ut
2891 1721 3162 1790 pollicitus
3191 1730 3297 1777 est.

1999 1828 2090 1885 29.
2127 1830 2378 1886 Sermoni
2408 1832 2743 1888 sententioso
2793 1833 2975 1889 simile
3032 1834 3247 1889 videtur
3298 1835 3511 1891 initium

1858 1943 1899 2001 δ
1932 1924 2216 1990 praesentis
2250 1923 2508 1993 stropha},
2542 1924 2617 1978 ita
2650 1933 2710 1979 ut
2738 1924 2848 1980 duo
2882 1927 3038 1995 primi
3064 1943 3255 1982 versus
3285 1931 3512 1982 omnino

1924 2013 2212 2068 enuntient
2269 2015 2568 2070 terminum
2630 2017 2958 2086 perfectum,
3034 2020 3231 2075 stabile
3295 2022 3510 2077 scilicet

1923 2114 1977 2160 e‘t
2025 2106 2374 2162 verissimum
2410 2109 2661 2174 verbum,
2696 2112 2880 2181 quieta
2927 2111 3108 2168 facere
3165 2116 3350 2170 corda.
3382 2114 3503 2170 Non

1923 2197 2003 2251 sic
2034 2205 2213 2253 autezn
2250 2200 2573 2270 simpliciter
2605 2217 2667 2257 se
2693 2202 2880 2266 habet,
2933 2205 3031 2260 sed
3057 2216 3274 2274 oportet
3306 2224 3505 2264 nomen

1921 2287 2123 2344 Christi
2159 2291 2211 2346 in
2261 2293 2368 2348 line
2426 2294 2601 2363 quinti
2652 2310 2847 2351 versus
2902 2297 3147 2367 adaptari
3197 2299 3506 2357 iuitialibus

1926 2380 2010 2435 his
2024 2381 2235 2438 duobus
2253 2385 2520 2451 versibus,
2545 2396 2599 2440 et
2624 2387 2727 2441 dici
2761 2388 2841 2442 sic
2869 2387 3170 2458 theologica
3197 2406 3211 2444 :
3249 2390 3507 2447 Christus

1923 2473 2191 2530 terminus
2226 2477 2526 2546 perfectus,
2560 2477 2904 2533 verissimum
2938 2479 3197 2546 Verbum,
3233 2485 3506 2553 tranquil-

1926 2566 2096 2621 litatis
2117 2582 2284 2623 causa
2305 2579 2387 2625 est
2404 2584 2626 2626 suorum
2646 2572 2811 2625 corde
2839 2571 3161 2627 dilectorum
3188 2589 3204 2639 ;
3242 2574 3386 2629 unde
3406 2576 3509 2631 hoc

1926 2659 2115 2728 patet?
2144 2658 2200 2715 Si
2230 2671 2554 2731 praesentem
2587 2665 2913 2719 sententiam
2950 2665 3274 2723 reducentes
3321 2667 3506 2722 rheto-

1928 2749 2040 2805 rice
2065 2751 2360 2822 adaliquid
2382 2754 2733 2822 particulare,
2769 2755 2895 2810 hinc
2926 2755 3070 2811 illam
3102 2756 3371 2815 faciamus
3403 2759 3509 2815 lide

1923 2840 2166 2911 dignam.
2215 2843 2358 2898 Dicit
2409 2845 2648 2900 etenim:
2677 2846 2960 2902 Perfectus
2989 2855 3043 2902 et
3070 2848 3287 2903 stabilis
3315 2854 3508 2906 termi-

1924 2946 2052 2997 nus,
2083 2942 2137 2988 et
2173 2933 2410 2995 Verbum
2455 2934 2551 2988 Dei
2611 2944 2665 2991 et
2712 2934 2889 2992 Patris
2927 2951 3034 2991 non
3095 2937 3376 3001 mentitur,
3411 2939 3506 2993 Sed

1923 3027 2190 3093 promissa
2266 3025 2380 3097 jam
2444 3026 2663 3082 dilectis
2734 3027 3018 3096 discipulis
3075 3028 3260 3097 quieta
3318 3028 3504 3084 σοι-ὼε

1924 3116 2340 3185 tranquillitate,
2370 3119 2636 3187 promissa
2695 3118 2984 3189 perﬂeiens
3046 3120 3337 3175 laetificavit
3387 3137 3507 3177 eos.

1925 3206 2067 3275 Quid
2100 3218 2279 3264 autem
2307 3219 2428 3266 erat
2456 3213 2598 3281 quod
2635 3214 2944 3267 nuntiatum
3000 3215 3340 3284 complevit?
3366 3213 3505 3268 Par-

239 3273 557 3345 ὑπόσχεσιν,
587 3277 853 3349 εὔφρανεν
883 3282 1102 3345 αὐτούς.
1137 3284 1201 3336 Τί
1225 3284 1284 3337 δὲ
1310 3284 1377 3357 ἦν
1406 3286 1466 3338 τὸ
1492 3285 1652 3356 ἔργον
1679 3288 1817 3360 ὅπερ

1921 3302 2008 3354 tiri
2034 3300 2115 3356 eis
2138 3300 2400 3371 Spiritum
2433 3315 2706 3370 sanctum,
2735 3320 2839 3358 non
2884 3306 3086 3360 sensim
3137 3316 3190 3360 et
3245 3307 3503 3377 paulatim

239 3366 716 3438 ἐπαγγειλάμενος
748 3371 1137 3444 ὲξεπλήρωσες
1190 3376 1252 3428 τὸ
1284 3376 1604 3448 διαμερίσαι
1634 3379 1820 3445 αὐτοῖς

235 3459 304 3512 τὸ
335 3459 490 3531 ἅγιον
530 3464 757 3539 Πνεῦμα
780 3467 881 3520 οὐκ
909 3470 1097 3541 ἡρέμα
1127 3470 1219 3524 καὶ
1251 3471 1426 3543 ἡσυχῇ
1461 3476 1602 3527 κατά
1626 3489 1679 3527 τι
1716 3491 1821 3527 πα-

240 3549 518 3621 ράϐυστον
557 3556 651 3607 καὶ
693 3555 841 3610 οὕτω
884 3564 1000 3622 τοῖς
1048 3561 1107 3612 ιν
1152 3562 1344 3631 κόσμῳ
1389 3565 1819 3631 ἀνεπίγνωστον,

237 3641 380 3694 αλλὰ.
409 3644 542 3714 προς
574 3644 865 3716 ἐνάργειαν
900 3650 959 3702 εν
997 3653 1133 3720 πνοῇ
1158 3652 1363 3720 ἀνέμου
1392 3651 1595 3721 βιαίου,
1624 3653 1693 3722 ἢν
1721 3654 1823 3704 οὐκ

235 3726 309 3803 ἦν
339 3730 538 3800 λαθεῖν,
579 3737 675 3789 καὶ
711 3739 980 3806 γλώτταις
1015 3743 1211 3810 πυρὸς,
1245 3737 1336 3794 οἷα
1362 3744 1625 3811 γλωσσῶν
1659 3759 1826 3814 πυρι-

244 3827 497 3899 μόρφων,
548 3829 625 3892 ὡς
662 3825 774 3883 οἷον
826 3832 885 3898 ἐξ
935 3833 1129 3904 οὐρίας
1178 3837 1351 3907 πνοῆς
1397 3852 1568 3902 τινος,
1615 3836 1824 3892 ἄνωθεν

236 3914 500 3987 ἐμφανῶς
548 3921 863 3992 ἐρχομένων
905 3924 1001 3978 επὶ
1043 3925 1170 3988 τοὺς
1203 3928 1478 3998 μαθητὰς,
1518 3931 1615 3983 καὶ
1642 3930 1826 4001 ἐμπυ-

240 4013 522 4084 ρευουσών
548 4013 784 4079 ἐκείνοις
830 4017 1078 4083 ἀοράτως
1120 4019 1404 4088 ἁγιώτατα
1430 4022 1700 4091 νοήματα,
1729 4022 1828 4076 καὶ

234 4100 435 4166 λαλιὰς
461 4102 653 4172 ὁμοίας
674 4120 690 4134 ο
717 4104 793 4170 ὡς
817 4104 884 4159 ἂν
906 4109 999 4161 καὶ
1018 4107 1294 4176 γλώσσαις
1314 4111 1567 4181 ἀγγέλων
1592 4114 1827 4179 λαλῶσι,

237 4194 341 4248 καὶ
380 4197 461 4260 είς
491 4197 843 4270 λειτουργικὰ
884 4200 1172 4274 φλογοειδῆ
1219 4206 1612 4276 ὲγγράφωνται
1661 4207 1828 4261 πνεύ-

122 4335 146 4350 ,
241 4302 415 4357 ματα.

311 4375 379 4429 λέ.
419 4377 528 4432 Καὶ
559 4377 772 4434 τοιοῦτο
808 4379 911 4451 μὲν
946 4382 975 4435 6
1001 4380 1096 4436 τοῦ
1140 4383 1444 4453 τροπαρίου
1479 4382 1626 4448 νοῦς,
1657 4383 1734 4449 ὡς
1766 4387 1829 4441 ὲν

238 4470 555 4539 συναιρέσει
615 4471 874 4526 ἐκθέσθαι
933 4474 1073 4527 κατὰ
1145 4474 1372 4546 πρώτην
1445 4474 1829 4546 meum?“

1923 3393 2078 3464 quasi
2110 3393 2387 3450 intrusum
2418 3396 2623 3466 aliquid
2648 3404 2702 3453 et
2756 3398 2839 3453 sic
2891 3399 2976 3453 his
3034 3399 3125 3468 qui
3183 3398 3236 3453 in
3298 3400 3505 3453 mundo

1923 3493 2083 3537 erant
2150 3483 2514 3556 incognitum,
2549 3487 2644 3542 sed
2673 3505 2795 3542 cum
2822 3488 3093 3542 evidentia
3121 3491 3174 3543 in
3204 3490 3336 3544 ﬂatu
3360 3492 3507 3545 venti

1927 3578 2263 3635 vehementis
2312 3580 2404 3650 qui
2427 3582 2593 3636 latere
2622 3598 2729 3637 non
2764 3593 2998 3653 p0tcrat,
3029 3585 3504 3655 etlinguisigneis.

1926 3676 1987 3721 ut
2007 3669 2207 3738 linguis
2230 3670 2342 3737 igni
2378 3671 2669 3739 similibus,
2704 3673 2853 3728 velut
2876 3674 3119 3728 secundo
3149 3675 3332 3746 aliquo
3368 3674 3494 3730 ﬂatu

1926 3773 1994 3814 ex
2023 3762 2133 3817 alto
2169 3766 2458 3820 manifeste
2497 3765 2735 3835 delapsis
2767 3767 2821 3821 in
2875 3767 3190 3838 discipulos,
3220 3778 3274 3824 et
3297 3769 3509 3824 inﬂam-

1928 3854 2203 3908 mautibus
2233 3855 2286 3909 in
2330 3856 2410 3910 eis
2466 3857 2814 3913 invisibiliter
2860 3858 3243 3915 sanctissimas
3293 3859 3504 3931 cogita-

1930 3945 2105 4001 tiones
2123 3956 2177 4001 et
2201 3946 2505 4005 locutiones
2533 3964 2548 4003 :
2574 3951 2732 4020 quasi
2754 3950 2953 4020 linguis
2973 3955 3289 4020 angelorum
3316 3951 3505 4022 loque-

1930 4047 2137 4103 rentur,
2167 4049 2223 4093 et
2281 4041 2423 4097 inter
2488 4042 2867 4098 ministrantes
2910 4043 3138 4115 spiritus
3186 4045 3508 4115 igniformes

1929 4129 2363 4189 ascriberentur.

1999 4391 2089 4447 50.
2117 4391 2179 4447 Et
2205 4392 2319 4448 haec
2345 4394 2563 4464 quidem
2594 4397 2835 4467 stropha:
2880 4413 3050 4466 mens,
3106 4400 3187 4455 sic
3245 4415 3504 4470 compen-

1930 4486 2082 4541 diose
2107 4489 2376 4555 exposita,
2408 4503 2472 4541 ex
2500 4487 2675 4558 prima
2708 4500 2762 4543 et
2800 4492 3123 4561 simpliciori
3157 4493 3503 4564 conjectura.

235 4560 524 4631 ἐπιϐολήν.
561 4563 717 4615 Ἐστι
769 4564 826 4618 δὲ
880 4567 974 4619 καὶ
1024 4566 1200 4629 ἄλλως
1248 4567 1423 4635 αὐτὴν
1466 4567 1820 4638 διαθήσεσθαι

1932 4575 2123 4634 Potest
2179 4589 2357 4634 autem
2409 4583 2605 4651 exponi
2648 4560 2998 4654 elegantius:
3028 4560 3282 4644 Christus
3326 4587 3508 4645 dictus

239 4656 616 4726 χαριέστερον·
636 4656 695 4711 Ὀ
722 4658 910 4727 ῥηθεὶς
938 4658 1062 4730 ὅρος
1097 4663 1192 4713 κα)⁸
1209 4660 1379 4727 Λόγος
1410 4660 1642 4729 Χριστὸς
1662 4660 1819 4723 εἰδὼς

235 4749 689 4817 τεταραγμένους
736 4746 878 4803 εἶναι
926 4752 1055 4814 τοὺς
1105 4752 1297 4820 ἁγίους
1344 4751 1511 4805 αὑτοῦ
1570 4751 1818 4822 μαθητὰς

240 4838 353 4890 ὑπὸ
390 4838 797 4904 δυσελπιστίας,
829 4840 903 4903 ὡς
934 4842 1102 4905 εἰκὸς,
1139 4845 1236 4897 καὶ
1268 4844 1515 4906 συννοίας
1547 4846 1686 4913 μετὰ
1717 4843 1821 4914 τὴν

238 4929 454 4982 ἐκείνου
482 4932 769 5000 ἀνάληψιν,
802 4934 1007 4987 ἔπαυσε
1049 4935 1141 4986 τὸν
1172 4935 1412 4987 τοιοῦτον
1441 4936 1678 5006 τάραχον
1716 4937 1819 4988 αὖ-

235 5025 359 5085 τοῖς
391 5025 466 5087 ὡς
503 5025 789 5094 γαληνιᾷν.
842 5025 965 5090 Πῶς
999 5027 1056 5081 δὲ
1088 5032 1387 5098 κατέστησε
1418 5028 1509 5084 τὸν
1541 5031 1812 5107 τάραχογς

241 5116 438 5170 Βιαίαν
470 5117 692 5187 πέμψας
726 5120 916 5189 πνοὴν,
948 5137 983 5193 ῃ
1006 5123 1102 5176 καὶ
1127 5122 1373 5189 γλῶσσαι
1409 5123 1579 5191 πυρὸς
1608 5124 1820 5191 ἀναμε-

242 5212 533 5281 μιγμέναι,
558 5210 744 5282 θαῦμα
768 5207 917 5281 εἶχον
940 5228 954 5242 ⁸
980 5215 1077 5267 καὶ
1103 5213 1262 5266 τοῦτο
1289 5214 1545 5283 ποιήσας,
1578 5213 1815 5285 εὔφρανα

233 5304 366 5361 τοὺς
393 5300 580 5367 ἁγίους
614 5301 954 5365 ἀποστόλους
994 5304 1137 5365 κατὰ
1166 5306 1267 5374 τὴν
1310 5304 1477 5357 αὑτοῦ
1506 5306 1645 5374 πρὸς
1673 5306 1819 5358 ἐκεί·-

237 5407 367 5454 νους
397 5393 691 5464 ὑπόσχεσιν
716 5409 732 5424 ·
763 5398 860 5451 καὶ
881 5395 999 5450 ἐστι
1030 5398 1369 5470 γλυκύτερον
1397 5399 1542 5454 οὕτω
1569 5399 1821 5454 διατεθὲν

235 5483 337 5535 καὶ
358 5485 576 5538 ἀστεῖον
604 5486 666 5540 τὸ
714 5488 913 5559 νόημα,
957 5490 1007 5542 εί
1040 5490 1130 5549 διὰ
1158 5491 1326 5562 πνοῆς
1356 5490 1541 5562 βιαίας
1571 5493 1815 5563 γαλήνην

232 5576 574 5645 εὐφρόσυνον
602 5578 941 5649 μεθώδευσεν
968 5585 997 5634 6
1024 5582 1161 5647 Θεὸς
1187 5586 1298 5646 τοῖς
1326 5584 1493 5638 αὐτοῦ
1517 5586 1813 5656 μαθηταῖς.

235 5668 399 5721 Οὖτω
447 5670 505 5724 δὲ
540 5674 768 5745 καὶτῆς
801 5674 1061 5747 δευτέρας
1107 5679 1323 5740 ἑννοίας
1369 5678 1466 5732 τοῦ
1518 5680 1812 5750 τροπαρίου

234 5767 295 5818 ἒν
325 5766 572 5840 δπιτομῳ
597 5769 1035 5841 καθεσταμένης,
1062 5771 1255 5840 πρῶτα
1282 5771 1385 5839 μὲν
1406 5774 1570 5840 ὲπιση
1580 5772 1809 5836 μαντεῖον

233 5858 309 5923 ὡς
330 5862 381 5914 εί
404 5863 501 5914 καὶ
521 5861 904 5930 ἀνεπισφαλῶς
925 5862 1014 5918 τον
1040 5861 1167 5930 ὅρον
1192 5862 1340 5915 ἐστιν
1367 5864 1545 5916 είπείν
1565 5862 1773 5928 ἀτρεκῆ
1794 5876 1818 5902 ’-

1927 4672 2195 4727 terminus
2222 4682 2275 4726 et
2307 4671 2563 4737 Verbum,
2594 4675 2778 4731 sciens
2826 4677 3073 4732 turbatos
3118 4693 3238 4734 esse
3286 4690 3507 4737 sanctos

1922 4764 2222 4833 discipulos
2248 4778 2356 4834 pra:
2370 4765 2772 4834 desperatione,
2798 4778 2853 4822 et
2873 4770 3096 4823 tristitia
3134 4779 3259 4840 post
3295 4772 3505 4828 disces-

1920 4871 2042 4912 sum
2084 4871 2266 4920 suum,
2302 4856 2393 4910 tali
2463 4857 2623 4911 linem
2656 4861 2911 4927 imposuit
2939 4875 3131 4914 eorum
3170 4862 3504 4930 turbation;;

1920 4947 1994 5001 ita
2023 4948 2276 5018 utquicti
2322 4948 2533 5002 tierent.
2569 4949 2857 5015 Quomodo
2909 4961 3088 5006 autem
3142 4954 3504 5008 turbatione-nt

1917 5038 2240 5107 compressit
2261 5036 2284 5090 ?
2305 5034 2530 5091 Violenti
2547 5037 2773 5091 omnino
2800 5036 3048 5103 ﬂatu,cui
3069 5048 3121 5094 et
3143 5039 3341 5109 lingua:
3364 5040 3505 5110 ignis

1919 5129 2163 5185 admistae
2193 5140 2349 5185 erant
2375 5132 2572 5183 mirum
2597 5131 2651 5182 in
2673 5129 2890 5183 modum
2919 5145 2932 5189 ;
2963 5144 3071 5199 quo
3095 5129 3236 5185 facto
3262 5131 3504 5186 laniﬁca-

1917 5225 1995 5276 vit
2015 5229 2234 5276 sanctos
2260 5220 2558 5289 discipulos
2573 5220 2869 5275 secundum
2899 5222 3034 5291 ipsis
3059 5221 3239 5276 datam
3270 5226 3504 5292 promis-

1919 5314 2152 5371 sionem.
2171 5315 2237 5367 Ει
2253 5322 2335 5367 est
2350 5312 2643 5382 jucundior
2667 5312 2747 5367 sic
2768 5314 2997 5382 positus,
3025 5322 3075 5368 et
3097 5316 3354 5384 proprius
3373 5331 3471 5372 seu
3498 5350 3502 5357 -

1919 5418 2036 5470 sus,
2062 5404 2110 5457 si
2149 5417 2248 5473 per
2279 5411 2500 5457 ventum
2532 5404 2906 5458 vehementem
2938 5402 3381 5473 tranquillitatem
3414 5407 3504 5460 la:-

1915 5505 2028 5551 tam
2051 5494 2349 5548 insinuavit
2369 5493 2510 5548 Deus
2528 5494 2790 5565 apostolis
2810 5496 2947 5550 suis.
2968 5492 3059 5549 Sic
3077 5494 3332 5550 secundat
3354 5505 3501 5551 stro-

1917 5588 2050 5658 phes
2079 5586 2357 5641 sententia
2383 5586 2769 5655 compendiose
2796 5586 3068 5658 exposita,
3095 5588 3498 5643 ostendendum

1919 5680 2096 5750 primo
2154 5677 2429 5746 quomodo
2487 5678 2795 5733 Certissime
2852 5680 3122 5735 terminus
3170 5679 3277 5733 dici
3323 5682 3501 5749 possit

1916 5786 2105 5834 verus.
2163 5780 2217 5825 et
2254 5768 2489 5825 Verbum
2523 5771 2734 5823 firmum
2769 5770 2974 5835 ;simul
3000 5778 3056 5825 et
3079 5784 3178 5841 pro
3236 5779 3495 5826 accurata

1917 5864 2220 5931 diligentia,
2257 5862 2472 5918 termini
2522 5863 2876 5918 denuntiatur
2926 5862 3179 5930 (trinitas,
3228 5873 3284 5916 et
3342 5861 3500 5917 Verbi
