4050 6462
493 450 595 514 5U

1203 439 1623 503 EUSTATHlI
1661 429 2413 497 THESSALONICENSIS
2450 422 3016 488 METROPOLITA!

3643 413 3758 478 E48

485 565 760 621 VCfiif‘ilas
797 560 1034 631 ;deinde
1089 557 1448 614 discutiendae
1487 555 1715 611 veniunt
1776 565 1874 622 pro
1931 549 2068 604 luci-

2209 546 2264 598 αὶ
2290 544 2381 596 τδν
2410 541 2565 609 λόγον
2603 541 2874 610 βεδηκὸτα
2899 553 2912 565 ·
2957 539 3106 606 ὅμως
3136 536 3270 606 πρὶς
3301 533 3592 604 ἀκρίϐειαν
3623 535 3762 604 ὅρου

485 659 655 712 ditatc
671 657 900 725 singula:
924 651 1159 723 stropbze
1181 660 1386 721 partes.

561 926 647 979 ει.
677 923 948 992 anlicem
974 920 1172 991 praebet
1201 932 1423 974 sensum
1450 914 1674 970 verbum
1705 913 1822 981 ὃρσ,
1849 929 1862 976 ;
1898 924 2066 963 enun-

493 1015 656 1068 tiatur
689 1013 830 1066 enim
857 1012 982 1079 690;
1017 1010 1322 1063 masculino
1353 1023 1571 1076 genere,
1609 1004 1770 1073 vulgo
1800 1011 1852 1056 et
1887 1010 2056 1054 usita-

489 1105 750 1158 tisissimc
782 1116 994 1156 terrena
1055 1099 1520 1167 circumscriptio,
1577 1098 1629 1150 iu
1667 1105 1749 1148 est
1793 1090 2060 1163 (ὁρισμός)

488 1195 632 1264 ipiod
670 1197 738 1248 ab
767 1195 898 1266 ὀρᾷν
930 1193 1216 1246 deducitur
1252 1207 1265 1256 ;
1300 1190 1423 1244 talis
1457 1190 1598 1242 elll;ll
1634 1186 1903 1240 terminus
1937 1181 2070 1236 risi-

491 1285 596 1338 bile
625 1293 677 1337 et
706 1283 880 1336 oculis
935 1279 1234 1350 spectabile
1285 1279 1415 1332 facit
1450 1275 1879 1343 uniuscujusque
1935 1287 2074 1340 pric-

491 1380 660 1442 dium,
688 1376 767 1429 vel
788 1374 1066 1435 vitem,vel
1093 1372 1334 1434 hortum,
1358 1370 1438 1424 vel
1458 1380 1840 1438 quemcunque
1863 1366 2068 1429 locum;

493 1468 663 1521 locale
690 1467 835 1520 enim
869 1466 1094 1519 verbum
1124 1470 1209 1516 est
1238 1463 1326 1517 hic
1347 1463 1492 1530 ὄρος,
1521 1472 1575 1514 et
1605 1468 1728 1528 apte
1751 1459 1955 1511 dicitur
1988 1455 2078 1507 lir-

499 1575 679 1625 nium;
712 1559 852 1610 unde
885 1555 1245 1625 proverbialis
1277 1551 1572 1615 sententia,
1602 1557 1854 1619 oportere
1885 1557 1938 1598 ut
1967 1560 2080 1598 ma-

499 1661 624 1703 neat
643 1651 875 1717 quisque
894 1649 1033 1700 intra
1061 1645 1355 1699 terminum
1383 1657 1567 1701 suum.
1599 1639 1752 1696 idest
1771 1654 1878 1694 non
1907 1647 2082 1691 trans-

495 1742 774 1810 greiliatur
814 1737 957 1807 quod
985 1739 1194 1804 justum
1239 1744 1293 1788 ct
1319 1742 1567 1787 sanctum
1623 1741 1704 1786 cst
1737 1747 1754 1797 ;
1787 1730 1928 1784 idem
1985 1745 2082 1778 au-

498 1836 602 1884 tem
636 1830 835 1882 dicitur
869 1829 1017 1899 ὃριον
1047 1837 1239 1879 neutro
1270 1838 1467 1894 genere
1501 1838 1518 1888 ;
1552 1823 1694 1875 unde
1738 1821 2084 1891 proverbium

2171 638 2269 708 μὲν
2293 636 2686 704 κατηγορεῖται
2715 631 2773 683 τὸ
2801 629 3056 700 βεϐηκὸς,
3099 628 3260 696 λόγου
3290 629 3348 680 δὲ
3383 628 3440 680 τὸ
3473 628 3710 696 ἀτρεκές
3743 643 3757 656 ο

2164 726 2284 782 εῐτα
2310 727 2365 780 δὲ
2400 722 2723 792 διαληπτέον
2757 723 2850 775 ἐπὶ
2877 719 3148 790 σαφηνείᾳ
3177 719 3271 774 καὶ
3310 719 3376 773 τά
3415 719 3560 772 κατά
3592 719 3768 789 μέρος

2163 819 2260 871 τοῦ
2295 820 2619 887 τροπαρίον.

2237 916 2344 962 κα’.
2387 908 2718 978 Ὀμῶνυμος
2759 906 2903 971 λέξις
2940 908 2968 960 6
3004 907 3128 976 69o;
3157 923 3169 936 ·
3232 906 3358 972 ὅρος
3393 905 3502 973 γὰρ
3533 903 3764 970 λέγεται

2167 999 2496 1071 ἀρρενικῶς,
2528 999 2721 1058 κοινῶς
2755 998 2856 1068 μὲν
2890 998 2985 1051 καὶ
3015 997 3395 1066 συνηθέστατα
3419 998 3452 1066 ἡ
3482 997 3624 1049 κατὰ
3654 995 3768 1062 γῆν

2178 1092 2522 1164 περιγραφὴ,
2573 1094 2709 1160 ὅπερ
2756 1091 2908 1143 ἐστὶν
2943 1089 3200 1158 ὁρισμὸς,
3235 1088 3388 1156 παρὰ
3419 1089 3552 1158 ὁρᾷν
3600 1081 3768 1148 αὐτοὶ

2173 1185 2462 1252 γενόμενος
2489 1198 2505 1213 σ
2526 1182 2785 1250 εὐόρατον
2813 1184 2922 1252 γὰρ
2952 1183 2979 1233 ὁ
3010 1181 3252 1242 τοιοῦτος
3284 1179 3409 1249 ὅρος
3443 1181 3535 1231 καὶ
3561 1179 3770 1231 εὐσύνο

2181 1293 2347 1329 οπτον
2416 1277 2562 1328 ποιεῖ
2607 1275 2665 1326 τὸ
2706 1275 2963 1340 ἑκάστου,
2994 1273 3026 1344 ἢ
3059 1274 3360 1342 χωράφιον,
3394 1272 3425 1341 ἢ
3469 1272 3769 1339 ἀμπέλων,

2175 1368 2491 1437 ἢγήπεδον,
2542 1366 2573 1436 ἢ
2609 1368 2763 1430 ,ὃὶως
2794 1367 2970 1418 εἰπεῖν
3011 1367 3234 1417 τόπιον·
3274 1366 3475 1432 τοπικὴ
3522 1364 3632 1432 γάρ
3683 1380 3772 1425 τις

2175 1457 2316 1523 λέξις
2340 1460 2367 1510 6
2387 1457 2625 1519 τοιοῦτος
2649 1459 2797 1527 690;,
2822 1458 2916 1510 καὶ
2938 1457 3141 1526 κυρίω³
3167 1455 3460 1522 λεγόμενος
3485 1453 3735 1525 βεϐηκώς
3753 1470 3769 1487 ο

2180 1549 2238 1615 ἐξ
2287 1543 2348 1602 οὐ
2395 1549 2776 1619 παροιμιώδης
2829 1547 3175 1618 παραγγελία
3223 1547 3285 1597 τὸ
3330 1545 3530 1616 χρῆναι
3578 1547 3774 1614 μένειν

2181 1640 2411 1692 ἕκαστον
2457 1642 2608 1703 ἐντὸς
2649 1640 2743 1692 τοῦ
2780 1640 2983 1691 οἰκείου
3035 1638 3188 1708 ὅρου,
3232 1637 3402 1706 ἤγουν
3439 1635 3516 1707 μὴ
3553 1653 3771 1707 παρεκ-

2186 1733 2389 1786 ϐαίνειν
2413 1736 2472 1785 τὸ
2513 1733 2546 1802 ἦ
2583 1733 2731 1784 ὅσιον
2761 1732 2792 1802 ἢ
2820 1733 3051 1785 δίκαιον.
3085 1729 3142 1783 ’0
3173 1729 3218 1782 δ’
3268 1730 3430 1793 αὐτὸς
3477 1731 3572 1783 καὶ
3620 1732 3774 1802 δριον

2186 1823 2404 1891 λέγεται
2452 1823 2719 1894 οὐδετέρῳ
2749 1825 2894 1891 γένει
2917 1839 2930 1850 “
2960 1821 3054 1892 ἀφ’
3088 1820 3148 1874 οὗ
3183 1822 3662 1892 πεπαροιμίασται
3690 1822 3778 1890 τὸ,

496 1923 647 1988 exiit,
673 1923 747 1974 Ne
769 1921 927 1974 tollas
952 1918 1210 1972 terminos
1228 1928 1484 1970 aeternos.
1515 1913 1591 1966 Ex
1625 1913 1707 1966 his
1730 1921 1910 1965 autem
1936 1912 2085 1964 erui-

2203 1919 2279 1988 ιιὴ
2333 1918 2558 1986 μέταιρε
2612 1918 2737 1985 ὅρια
2771 1916 2969 1968 αἰώνια
2995 1931 3009 1946 ο
3043 1916 3109 1967 ὲκ
3147 1913 3204 1966 δὲ
3245 1913 3356 1966 τῶν
3396 1913 3656 1967 τοιούτων
3681 1914 3781 1967 καὶ

498 2024 587 2067 tur
619 2013 806 2084 ὁρίζω,
835 2011 1225 2066 σίτοιιιιιερτὼυ
1285 2020 1613 2060 mensurans
1638 2015 1861 2069 terram,
1884 2000 2078 2055 etindc

497 2105 718 2159 verbum
737 2103 1000 2172 ἁφορίζω,
1020 2101 1176 2169 cujus
1193 2100 1390 2169 duplex
1409 2097 1757 2168 significatio,
1775 2107 1928 2146 sacra
1949 2107 2078 2157 una,

501 2195 800 2266 utquando
839 2195 1074 2247 dicimus
1105 2193 1345 2261 pluviam
1381 2188 1754 2241 voluntariam
1793 2196 2082 2253 segregare

506 2285 670 2340 Deum
704 2285 878 2338 sertis
907 2285 1063 2347 suis;
1098 2289 1152 2335 et
1177 2278 1452 2348 segregari
1506 2277 1740 2343 aliquem
1789 2288 1857 2326 ex
1911 2272 2083 2324 servis

506 2378 620 2444 Dei,‘
644 2384 698 2431 et
726 2375 1012 2443 Separavit
1038 2374 1176 2427 Dens
1206 2375 1440 2441 aliquem
1471 2369 1537 2422 ad
1562 2366 1906 2421 serviendum
1935 2364 2036 2418 sibi
2067 2380 2083 2422 ;

505 2468 589 2522 vel
625 2466 845 2535 qua'ndo
897 2465 1180 2534 Si-paravit
1208 2478 1301 2533 per
1327 2462 1650 2517 electionem
1684 2475 1698 2524 ;
1737 2458 1879 2511 idem
1906 2467 2084 2508 autem

506 2537 810 2616 estdicere
845 2557 1030 2628 ὥρισε,
1064 2559 1149 2610 hic
1197 2558 1339 2609 enim
1403 2555 1608 2608 inutilis
1662 2562 1745 2606 est
1781 2550 2088 2620 praepesitio

511 2654 639 2719 ἀπὸ,
664 2655 805 2707 sicut
823 2660 876 2705 et
906 2651 960 2703 in
991 2648 1478 2719 ἀπεμνημόνευσεν
1523 2660 1621 2715 pro
1648 2643 1916 2714 ἐμνήσθη.
1966 2641 2087 2694 Alia

511 2753 694 2800 autem
734 2742 1060 2813 significatio
1087 2742 1233 2794 verbi
1269 2738 1550 2807 ἀφορίζειν
1583 2737 1959 2790 exclusioncm
1991 2749 2085 2789 os-

515 2835 684 2890 tendit
713 2842 766 2888 et
791 2833 1113 2903 ejectionem
1145 2833 1329 2900 pruCul
1348 2847 1376 2882 a
1399 2830 1682 2884 consuetis
1703 2828 2092 2896 liuibus,juxta

512 2941 674 2996 quam
706 2936 939 2978 mentem
966 2936 1018 2977 et
1057 2926 1123 2977 ab
1155 2921 1394 2977 Ecclesia
1422 2922 1730 2976 excluditur
1788 2922 1913 2991 quis
1973 2929 2025 2974 et
2064 2935 2094 2972 a

513 3018 711 3088 patria,
743 3015 933 3086 procul
960 3016 1168 3070 scilicet
1216 3029 1248 3068 a
1306 3014 1504 3069 limbus
1555 3015 1677 3082 ejus
1739 3013 1994 3079 mittitur,
2042 3020 2096 3066 et

514 3109 756 3164 ostendit
819 3107 908 3160 llic
972 3106 1283 3177 praepositio
1328 3108 1684 3161 sctnotioncm
1743 3106 2092 3173 privativam,

515 3199 658 3255 sicut
689 3199 741 3251 in
775 3197 940 3252 verbo
979 3199 1318 3269 ἀπεμὴνισεν
1343 3237 1359 3266 ,
1418 3197 1469 3252 id
1528 3205 1634 3265 est,
1672 3197 1808 3255 iram
1844 3194 2099 3266 deposuit

515 3306 647 3362 pace
665 3292 818 3345 inita.

589 3387 677 3441 52.
716 3384 924 3439 Dicitur
949 3385 1110 3439 etiam
1152 3383 1491 3455 philosophis
1546 3384 1694 3455 ὅρος,
1751 3383 1893 3437 ratio
1919 3383 2097 3438 exsis-

519 3480 696 3537 teutiae
729 3477 1023 3546 cujuslibet
1066 3491 1314 3548 personze
1365 3487 1420 3532 ct
1473 3487 1630 3532 actus
1666 3493 1682 3544 ;
1715 3493 1822 3530 non
1875 3476 2104 3546 proinde

523 3573 891 3624 latioriscnsu
949 3572 1054 3624 hoc
1111 3570 1568 3635 suniiturgsicut
1637 3570 1729 3637 qui
1778 3570 1852 3621 ait
1905 3567 2102 3621 animal

521 3675 642 3714 esse
669 3674 763 3713 cus
793 3661 1086 3713 animatum
1107 3660 1386 3725 sensibile,
1415 3662 1704 3714 terminum
1728 3667 1821 3711 aut
1839 3671 2102 3713 rationem

523 3753 928 3806 terminativam
1005 3751 1080 3804 ait
1140 3753 1414 3816 animalis,
1473 3759 1528 3805 et
1599 3751 2100 3806 manifestationem

530 3844 782 3897 essentia:
814 3842 933 3912 ejus
963 3861 979 3910 ;
1024 3844 1182 3913 plane
1210 3847 1356 3898 enim
1389 3855 1443 3897 ct
1465 3844 1611 3897 clare
1641 3854 1695 3897 et
1725 3845 2014 3913 perspicue
2045 3853 2101 3898 et

529 3952 656 3991 vere
685 3936 888 3989 iudicat
916 3937 1044 4004 quid
1069 3937 1139 3990 sit
1162 3937 1386 3991 animal.
1412 3935 1504 3991 Sic
1536 3938 1630 4007 qui
1650 3937 1784 3991 dicit
1829 3937 2099 3992 hominem

528 4042 649 4083 esse
666 4029 878 4098 animal
908 4027 1192 4090 rationale,
1221 4028 1466 4093 mortale,
1496 4032 1692 4083 tuentis
1717 4040 1770 4081 et
1802 4027 2104 4096 intelligen-

532 4119 618 4174 tite
633 4122 1130 4188 capax,esseutiam
1143 4119 1381 4174 hominis
1405 4118 1537 4173 dicit
1557 4135 1678 4174 esse
1705 4123 1755 4172 in
1779 4121 1880 4172 hoc
1899 4122 2100 4183 verbo;

533 4212 637 4265 hoc
666 4221 750 4265 est
771 4211 917 4264 enim
933 4211 1095 4264 homo
1127 4211 1272 4280 quod
1304 4212 1380 4264 ait
1400 4213 1544 4266 dicta
1567 4209 1815 4265 definitio
1842 4226 1858 4278 ς
1886 4223 1939 4265 et
1961 4212 2100 4265 idem

534 4303 784 4356 similiter
853 4304 920 4356 de
973 4303 1186 4356 caeteris
1230 4303 1466 4368 cunctis,
1535 4306 1603 4358 de
1634 4306 1835 4374 quibus
1892 4315 2101 4357 sermo.

537 4394 746 4448 Dicitur
801 4393 982 4447 adhuc
1036 4393 1411 4463 philoSOphice
1464 4395 1610 4466 ὄρος,
1641 4409 1798 4462 ,ρπβ
1857 4395 2106 4464 preposi-

539 4487 725 4549 tionis,
755 4486 836 4538 vel
866 4485 1022 4553 quasi
1045 4485 1278 4553 simplex
1299 4497 1401 4536 vox
1430 4499 1446 4549 ;
1479 4492 1529 4538 et
1567 4485 1880 4552 utapertius
1901 4485 2099 4548 dicam,

2181 2009 2367 2079 ὁρίζω,
2399 2008 2728 2078 περιγράφω
2777 2005 3106 2077 ἀναμετρῶν
3139 2004 3277 2074 γῆν·
3315 2006 3408 2059 καὶ
3445 2005 3542 2059 ἀπ’
3589 2005 3777 2058 αὐτῶν

2185 2101 2437 2153 σύνθετον
2477 2101 2539 2151 τὸ
2595 2099 2862 2168 άφορίζω.
2934 2097 3104 2167 Διπλῆ
3161 2096 3220 2150 δὲ
3270 2096 3435 2150 αὐτοῦ
3486 2096 3776 2166 σημασία·

2187 2191 2363 2261 ίεράὴ
2395 2190 2514 2259 μία,
2548 2189 2622 2252 ῶς
2669 2190 2756 2242 ὅτε
2790 2189 3020 2258 λέγομεν
3058 2189 3260 2260 βροχὴν
3290 2186 3540 2241 ἑκούσιον
3569 2187 3771 2256 ἀφορία

2187 2284 2299 2347 ζειν
2349 2284 2438 2336 τὸν
2470 2282 2606 2335 Θεὸν
2647 2284 2757 2345 τοῖς
2790 2281 2992 2334 αὐτοῦ·
3049 2283 3148 2334 καὶ
3183 2279 3492 2350 ἀφωρίσθιι
3537 2279 3665 2332 τινὰ
3715 2281 3781 2331 ἐκ

2187 2374 2390 2426 παίδων
2418 2374 2494 2444 τῷ
2554 2374 2674 2443 Θεῷ
2699 2391 2713 2405 ο
2771 2374 2890 2441 καὶ,
2926 2372 3230 2442 ’Λφώρισεν
3259 2375 3288 2426 6
3319 2371 3450 2432 Θεὸς
3496 2370 3589 2424 τὸν
3635 2371 3784 2424 δεῖνα

2190 2465 2481 2534 ὑπηρετεῖν
2527 2466 2678 2536 αὐτῷ
2702 2483 2734 2497 ο·
2771 2466 2803 2536 ἢ
2837 2468 2913 2530 ῶς
2962 2468 3263 2537 περιώρισε
3316 2465 3440 2520 κατ’
3475 2465 3742 2535 ἑπιλογήν
3767 2479 3783 2495 ⁶

2188 2557 2384 2609 ταύτὸν
2427 2557 2472 2609 δ’
2515 2561 2691 2610 εἰπεῖν
2726 2557 2918 2628 ὥρισε,
2956 2557 3390 2630 περιττευούσης
3420 2556 3659 2611 ἐνταῦθα
3687 2558 3788 2625 τῆς

2191 2647 2312 2700 ἀπό
2347 2646 2672 2716 προθέσεως,
2706 2650 2781 2711 ὼς
2820 2649 2915 2701 καὶ
2949 2650 3008 2700 ἐν
3043 2649 3118 2718 τῷ
3146 2649 3634 2720 ἀπεμνημόνευσεν
3668 2645 3793 2701 ἀντὶ

2193 2740 2288 2793 τοῦ
2333 2739 2577 2809 ἐμνήσθη
2603 2756 2616 2770 ⁸
2673 2741 2706 2810 ἡ
2739 2741 2795 2794 δὲ
2823 2743 2987 2812 ἑτέρα
3037 2742 3306 2812 ἑρμηνεία
3336 2743 3431 2794 τοῦ
3475 2741 3789 2812 ἀφορίζειν,

2196 2832 2487 2901 ἐξορισμὸν
2537 2831 2686 2902 δηλοί
2740 2834 2838 2884 καὶ
2896 2833 3189 2900 άποδίωξιν
3253 2838 3316 2886 ἐκ
3366 2835 3475 2888 τῶν
3538 2834 3791 2905 συνήθων

2196 2925 2361 2992 ὁρίων
2387 2940 2400 2955 ⁸
2434 2926 2556 2978 καθ’
2589 2928 2654 2992 ἣν
2683 2925 2896 2980 ἔννοιαν
2944 2927 3038 2980 καὶ
3088 2927 3190 2997 τῆς
3233 2927 3560 2998 Ἐκκλησίας
3587 2927 3787 2999 ἀφορί-

2199 3014 2352 3078 ζεται
2382 3033 2462 3078 τις
2497 3019 2591 3071 καὶ
2632 3018 2732 3086 τῆς
2777 3019 3038 3088 πατρίδος
3065 3062 3080 3086 ,
3121 3019 3290 3088 ἧγουν
3333 3019 3442 3072 άπὸ
3483 3020 3592 3072 τῶν
3624 3020 3794 3089 ὁρίων

2199 3107 2443 3174 γίνεται·
2497 3109 2593 3160 καὶ
2647 3109 2800 3178 δηλοῖ
2830 3109 3068 3163 ἐνταῦθα
3113 3113 3146 3180 ἡ
3204 3111 3467 3182 πρόθεσις
3518 3111 3792 3163 άπέλασίν

2203 3213 2326 3248 τινα
2359 3200 2688 3267 στερητικὴν
2711 3215 2724 3229 ·
2775 3199 2851 3262 ὡς
2892 3201 2986 3250 καὶ
3017 3202 3076 3252 ἐν
3115 3199 3196 3270 τῷ
3228 3201 3590 3270 άπεμήνισεν,
3623 3200 3795 3270 ἤγουν

2213 3287 2446 3343 ἀπέθετο
2476 3291 2571 3360 τὴν
2602 3291 2758 3360 μῆνιν
2798 3293 3190 3362 σπεισάμενος.

2283 3380 2382 3450 λβν.
2433 3379 2552 3433 “Est
2604 3383 2726 3451 ὅρος
2773 3383 2990 3452 λέγεται
3037 3387 3130 3438 καὶ
3171 3388 3199 3440 6
3252 3385 3411 3455 λόγος
3453 3385 3553 3455 τῆς
3606 3385 3799 3448 οὐσίας

2212 3457 2446 3526 ἐκάσεου
2499 3475 2795 3543 προσώπου
2850 3477 2945 3529 καὶ
2979 3479 3308 3548 πράγματος
3344 3477 3688 3547 φιλοσόφωςο
3737 3476 3799 3530 οὐ

2214 3568 2313 3635 μέν
2347 3583 2428 3618 τοι
2460 3567 2765 3635 κοινότερον
2793 3571 2887 3622 καὶ
2919 3570 3110 3636 αὐτὸς,
3140 3565 3254 3623 οἷον
3289 3572 3318 3623 6
3349 3571 3520 3623 εἰπὼν
3552 3571 3634 3623 ὅτι
3660 3569 3801 3634 ζῶον

2209 3658 2357 3711 ἐστὶν
2409 3657 2565 3710 οὐσία
2604 3658 2845 3729 ἔμψυχος
2884 3660 3201 3732 αἰσθητικὴ,
3245 3663 3370 3730 ὅρον
3423 3663 3592 3732 ἤγουν
3633 3661 3797 3728 λόγον

2209 3750 2488 3819 ὁριστικὸν
2540 3748 2660 3803 εἷπε
2696 3752 2790 3805 τοῦ
2841 3753 3003 3820 (dion,
3048 3754 3142 3806 καὶ
3193 3754 3428 3824 δήλωσιν
3461 3756 3558 3823 τῆς
3611 3756 3804 3816 οὐσίας

2210 3839 2416 3893 αὐτοῦ·
2476 3840 2716 3910 ἐδήλωσε
2778 3845 2888 3911 γάρ
2942 3843 3154 3910 σαφῶς,
3213 3845 3310 3896 καὶ
3375 3843 3640 3914 ἀκριϐῶς,
3710 3861 3806 3917 καὶ

2212 3931 2465 4001 βεϐαίως,
2509 3935 2602 3984 καὶ
2635 3931 2710 3996 ῶς
2751 3936 2925 3987 εἰπεῖν
2957 3934 3290 4004 εὐδιοράτως
3327 3935 3468 4006 πρὸς
3513 3937 3799 4005 ἀλήθειαν,

2209 4022 2262 4075 τί
2291 4023 2408 4076 ὲστι
2435 4022 2495 4075 τὸ
2525 4022 2662 4086 ζῶον
2688 4037 2704 4053 ·
2740 4022 2888 4076 οὕτω
2921 4022 2978 4076 δὲ
3008 4024 3106 4078 καὶ
3138 4030 3166 4077 6
3201 4025 3370 4078 εἰπὼν
3403 4026 3487 4078 ὅτι
3516 4025 3803 4096 ἄνθρωπός

2210 4117 2327 4168 ἐστι
2357 4114 2495 4179 ζῶον
2527 4115 2768 4184 λογικὸν,
2805 4115 3020 4186 θνητὸν,
3075 4115 3169 4170 νοῦ
3200 4120 3296 4169 καὶ
3326 4119 3641 4187 ἐπιστήμης
3677 4120 3804 4172 δεκ·

2211 4209 2383 4273 τικὸν,
2412 4208 2607 4262 οὐσίαν
2631 4209 2735 4279 ἔφη
2757 4208 2852 4262 τοῦ
2876 4210 3168 4282 ἀνθρώπου
3196 4213 3254 4265 ὲν
3271 4212 3349 4282 τῷ
3371 4213 3602 4283 τοιούτῳ
3621 4214 3766 4283 λόγῳ
3784 4247 3802 4264 .

2209 4298 2368 4352 τοῦτο
2415 4298 2522 4369 γάρ
2558 4300 2710 4353 ἔστιν
2759 4299 3074 4372 ἄνθρωπος,
3127 4303 3266 4373 ὅπερ
3312 4299 3470 4357 εἶπεν
3523 4307 3552 4357 6
3606 4307 3800 4375 ῥηθεὶς

2210 4392 2436 4461 ὁρισμός
2463 4406 2475 4420 ·
2509 4392 2570 4444 τὸ
2597 4391 2653 4443 δὲ
2676 4392 2805 4444 αὐτὸ
2830 4393 3032 4460 ὁμοίως
3069 4395 3162 4446 καὶ
3188 4395 3280 4445 ἐπι
3305 4395 3414 4449 τῶν
3433 4395 3609 4449 ἄλλων
3630 4399 3804 4451 ἁπάν-

2213 4499 2346 4548 των,
2385 4477 2462 4536 ὧν
2498 4483 2566 4536 ἂν
2599 4482 2747 4536 εῐποι
2779 4499 2862 4547 τις
2887 4499 2900 4512 ·
2954 4485 3036 4537 ἔτι
3081 4487 3208 4554 ὄρος
3241 4487 3461 4553 λέγεται
3499 4489 3806 4558 φιλοσόφῳ,

540 4579 763 4632 verbum
797 4592 962 4630 unum
1002 4577 1268 4631 definiens
1297 4583 1351 4629 et
1406 4575 1867 4629 circumscribens
1907 4583 1962 4628 et
2024 4574 2096 4628 sic

2216 4577 2310 4626 καὶ
2347 4575 2512 4644 μέρος
2569 4576 2910 4643 προτάσεως,
2958 4576 2992 4645 ἢ
3030 4577 3106 4638 ὡς
3145 4578 3290 4646 άπλῆ
3325 4594 3410 4640 τις
3459 4581 3612 4648 φωνή
3641 4595 3654 4609 ·
3718 4578 3809 4630 καὶ

541 4671 686 4722 clare
722 4683 784 4720 ac
829 4666 1066 4736 perfecte
1101 4664 1460 4720 manifestans
1490 4668 1784 4736 cogitatum
1817 4667 2114 4736 quoddam,

546 4759 599 4811 id
621 4769 700 4810 est
728 4773 888 4811 unam
922 4754 1226 4823 simplicem
1257 4756 1637 4825 coéitationein
1667 4773 1686 4824 ς
1718 4756 1797 4811 sic
1823 4757 2118 4826 propositio

543 4861 624 4906 cst
651 4851 878 4918 simplex
931 4851 1180 4918 apprime
1214 4857 1268 4902 et
1312 4847 1542 4918 integra,
1600 4863 1709 4901 non
1763 4850 2038 4917 exquisita
2066 4859 2119 4905 et

548 4949 712 5009 captu
789 4939 963 4993 facilis
991 4953 1008 5005 ς
1070 4935 1325 4992 Socrates
1357 4956 1370 5004 ι
1402 4937 1811 5007 philosophatur
1847 4953 1863 5003 ;
1902 4938 2120 4993 termini

549 5045 728 5085 autem
759 5045 826 5085 ex
858 5030 1056 5098 quibus
1087 5037 1303 5083 constat
1339 5037 1466 5083 sunt
1493 5026 1737 5082 Socrates
1789 5036 1844 5082 et
1892 5027 2121 5096 philoso-

549 5125 761 5191 phatur,
824 5136 1053 5190 quorum
1126 5121 1502 5191 unusquisque
1542 5123 1707 5190 φάσις
1740 5120 1943 5175 dicitur
1978 5121 2122 5190 apud

544 5218 746 5268 doctos
786 5215 1060 5281 ;cxpouit
1097 5214 1242 5266 enim
1291 5213 1708 5283 c03itationem,
1763 5227 1872 5282 qua
1938 5214 2125 5267 terrui-

559 5316 720 5358 llaltll'
748 5301 989 5372 perfecta
1006 5312 1060 5357 ct
1116 5313 1340 5370 veritas,
1373 5305 1697 5373 simplicem,
1730 5303 1792 5356 τὸ
1849 5303 2122 5369 Socrates,

556 5405 609 5449 et
665 5396 726 5445 τὸ
784 5393 1238 5463 philosophatur;
1298 5395 1426 5448 hinc
1497 5393 1723 5464 quidem
1810 5394 2121 5448 essentiam

563 5486 828 5552 hominis,
870 5485 996 5539 inde
1018 5495 1202 5540 autem
1245 5487 1542 5541 actionem.

625 5574 716 5628 55.
751 5573 970 5627 Talibus
1004 5586 1180 5629 autem
1211 5576 1456 5630 terminis
1478 5577 1732 5647 superior
1755 5584 1840 5634 est
1885 5577 2130 5646 apprime

557 5666 852 5738 syllogismi
883 5669 1093 5722 medius
1129 5669 1418 5734 terminus,
1474 5670 1570 5740 qui
1637 5670 1779 5726 inter
1838 5670 1974 5725 duos
2035 5685 2129 5724 ex-

558 5773 765 5816 tremos
799 5762 1008 5816 medius
1031 5763 1304 5817 exsistens
1333 5778 1458 5816 cum
1499 5762 1646 5818 cadit
1675 5764 1732 5818 in
1795 5763 1974 5818 medio
2036 5777 2131 5817 eo-

556 5873 702 5924 rum,
725 5857 866 5910 sicut
892 5855 1112 5909 tradunt
1159 5856 1490 5926 philosophi,
1547 5855 1712 5914 facile
1739 5855 1955 5927 colligat
1988 5870 2084 5912 eos
2110 5869 2131 5926 ς

2227 4666 2560 4734 σαφέστερον
2591 4667 2790 4734 είπείν,
2828 4666 2971 4731 λέξις
3006 4668 3105 4737 μία
3136 4670 3395 4738 ὁρίζουσα
3419 4671 3516 4723 καὶ
3541 4670 3809 4740 περιγρά-

2227 4775 2401 4827 φουσα
2423 4759 2514 4810 καὶ
2541 4757 2683 4812 οὕτω
2706 4759 2891 4826 σαφῶς
2916 4760 3010 4812 κα)⁵
3033 4759 3342 4828 βεδηκότως
3364 4759 3604 4828 δηλοῦσα
3631 4758 3810 4830 νόημά

2224 4869 2278 4904 τι
2317 4851 2396 4918 ἓν,
2429 4850 2547 4920 ἦτοι
2579 4851 2708 4919 μίαν
2746 4851 2925 4919 ἁπλῆν
2952 4867 3076 4904 τινα
3111 4851 3322 4905 ἔννοιαν
3346 4868 3358 4881 ·
3395 4846 3511 4903 οἷον
3547 4855 3809 4920 πρότασις

2230 4943 2330 5011 μέν
2376 4944 2493 4994 ἐστι
2527 4941 2880 5011 ἁπλουστάτη
2917 4945 3013 4994 καὶ
3047 4943 3274 5011 ἀφελὴς,
3313 4943 3408 4994 καὶ
3453 4943 3804 5012 ἀπερίεργος,

2229 5033 2326 5086 καὶ
2349 5031 2639 5102 εὔληπτος,
2669 5033 2730 5086 τὸ
2754 5033 3051 5103 Σωκράτης
3077 5035 3360 5103 φιλοσοφεῖ
3380 5050 3393 5064 ο
3424 5035 3541 5105 ὅροι
3565 5034 3622 5086 δὲ
3644 5033 3810 5102 αὐτῆς

2231 5124 2290 5188 ις
2320 5119 2394 5178 ὧν
2429 5123 2737 5191 σύγκειται,
2789 5125 2852 5175 τὸ
2893 5125 3214 5194 Σωκράτης,
3255 5127 3352 5179 καὶ
3386 5126 3448 5176 τὸ
3495 5125 3808 5192 φιλοσοφείο

2230 5209 2304 5270 ῶν
2354 5215 2593 5285 ἑκατέρα
2635 5217 2730 5267 καὶ
2765 5214 2930 5282 φάσις
2973 5215 3191 5281 λέγεται
3230 5215 3382 5284 παρὰ
3428 5217 3542 5277 τοῖς
3592 5217 3810 5283 σοφοῖς·

2234 5309 2436 5377 φάσκει
2462 5307 2571 5377 γάρ
2620 5321 2675 5358 τι
2727 5307 2909 5376 νόημα
2961 5306 3372 5376 προϐεϐηκυῖαν
3404 5307 3661 5376 ἀλήθειαν
3692 5308 3813 5374 dipt-

2237 5403 2435 5470 σμένον
2463 5401 2556 5452 καὶ
2585 5398 2792 5454 ἁπλοῦν
2821 5400 2880 5451 τὸ
2911 5399 3233 5469 Σωκράτης,
3272 5401 3367 5451 καί
3392 5416 3452 5450 τι
3494 5400 3770 5466 φιλοσοφεῖ
3798 5410 3811 5424 ⁶

2234 5494 2297 5546 τὸ
2323 5493 2422 5562 μὲν
2450 5491 2641 5544 οὐσίαν
2669 5490 2989 5562 ἀνθρώπου,
3018 5491 3079 5542 τὸ
3107 5491 3163 5542 δὲ
3193 5491 3500 5561 ἐνέργειαν.

2310 5581 2414 5650 λγ’.
2465 5582 2586 5636 Τῶν
2615 5581 2672 5634 δὲ
2718 5582 2980 5636 τοιούτων
3007 5583 3150 5652 ὅρων
3193 5583 3486 5652 ὑπερτεριί
3525 5581 3761 5651 μάλιστα
3789 5578 3816 5629 6

2243 5673 2648 5742 συλλογιστικὸς
2693 5676 2858 5744 μέσος
2912 5675 3060 5745 ὅρος,
3115 5673 3175 5737 6;
3238 5675 3494 5744 μεσάζων
3553 5678 3678 5736 τοὺς
3730 5673 3816 5722 δύο

2238 5763 2464 5833 ἄκρους,
2498 5769 2554 5817 ὲν
2577 5765 2656 5834 τῷ
2679 5766 2901 5820 πίπτειν
2927 5767 3089 5836 μέσος
3125 5766 3324 5834 αὐτῶν,
3356 5766 3500 5818 καθὰ
3536 5767 3586 5818 οἱ
3611 5765 3817 5833 φιλοσο-

2241 5852 2468 5926 φοῦντες
2523 5855 2901 5927 παραδιδόασι,
2954 5856 3179 5928 συνάγει
3224 5859 3424 5922 αὐτοὺς
3474 5857 3812 5928 εὐμεθὸδωςε
