  <div class='ocr_page' id='page_1' title='image "/cluster/home/n/w/nwhite01/storage/ocr_20150623/136/coo.31924054870419/280.png"; bbox 0 0 4050 6436; ppageno 0'>
   <div class='ocr_carea' id='block_1_1' title="bbox 282 445 478 522">
    <p class='ocr_par' dir='ltr' id='par_1_1' title="bbox 282 445 478 522">
     <span class='ocr_line' id='line_1_1' title="bbox 282 445 478 522; baseline 0.015 -4"><span class='ocrx_word' id='word_1_1' title='bbox 282 445 396 522; x_wconf 70' lang='lat'><strong>5’9.</strong></span> <span class='ocrx_word' id='word_1_2' title='bbox 459 478 478 494; x_wconf 72' lang='grc' dir='ltr'><strong>ο</strong></span> 
     </span>
    </p>
   </div>
   <div class='ocr_carea' id='block_1_2' title="bbox 1056 450 2736 518">
    <p class='ocr_par' dir='ltr' id='par_1_2' title="bbox 1056 450 2736 518">
     <span class='ocr_line' id='line_1_2' title="bbox 1056 450 2736 518; baseline -0.004 -2"><span class='ocrx_word' id='word_1_3' title='bbox 1056 457 1132 516; x_wconf 75' lang='lat' dir='ltr'><strong>1N</strong></span> <span class='ocrx_word' id='word_1_4' title='bbox 1183 457 1526 518; x_wconf 77' lang='lat' dir='ltr'><strong>IIYMNUM</strong></span> <span class='ocrx_word' id='word_1_5' title='bbox 1567 452 2222 516; x_wconf 71' lang='lat' dir='ltr'><strong>PENTECJS&#39;I‘ALEM</strong></span> <span class='ocrx_word' id='word_1_6' title='bbox 2265 450 2736 512; x_wconf 71' lang='lat' dir='ltr'><strong>DAMASCENI.</strong></span> 
     </span>
    </p>
   </div>
   <div class='ocr_carea' id='block_1_3' title="bbox 3428 439 3538 504">
    <p class='ocr_par' dir='ltr' id='par_1_3' title="bbox 3428 439 3538 504">
     <span class='ocr_line' id='line_1_3' title="bbox 3428 439 3538 504; baseline 0 0"><span class='ocrx_word' id='word_1_7' title='bbox 3428 439 3538 504; x_wconf 78' lang='lat'><strong>550</strong></span> 
     </span>
    </p>
   </div>
   <div class='ocr_carea' id='block_1_4' title="bbox 282 557 1886 642">
    <p class='ocr_par' dir='ltr' id='par_1_4' title="bbox 282 564 1886 640">
     <span class='ocr_line' id='line_1_4' title="bbox 282 564 1886 640; baseline -0.004 -17"><span class='ocrx_word' id='word_1_8' title='bbox 282 572 352 632; x_wconf 80' lang='grc' dir='ltr'>ὡς</span> <span class='ocrx_word' id='word_1_9' title='bbox 377 568 433 634; x_wconf 68' lang='grc' dir='ltr'>ἐξ</span> <span class='ocrx_word' id='word_1_10' title='bbox 459 564 684 620; x_wconf 78' lang='grc' dir='ltr'><strong>ἐκείνων</strong></span> <span class='ocrx_word' id='word_1_11' title='bbox 713 569 807 620; x_wconf 74' lang='grc' dir='ltr'><strong>καὶ</strong></span> <span class='ocrx_word' id='word_1_12' title='bbox 835 566 940 620; x_wconf 85' lang='grc' dir='ltr'><strong>τῶν</strong></span> <span class='ocrx_word' id='word_1_13' title='bbox 981 567 1100 620; x_wconf 88' lang='grc' dir='ltr'>κατ’</span> <span class='ocrx_word' id='word_1_14' title='bbox 1132 568 1332 630; x_wconf 73' lang='grc' dir='ltr'>αὐτοὺς</span> <span class='ocrx_word' id='word_1_15' title='bbox 1354 568 1448 620; x_wconf 83' lang='grc' dir='ltr'><strong>δύο</strong></span> <span class='ocrx_word' id='word_1_16' title='bbox 1481 566 1537 619; x_wconf 83' lang='grc' dir='ltr'>τὸ</span> <span class='ocrx_word' id='word_1_17' title='bbox 1567 565 1850 634; x_wconf 77' lang='grc' dir='ltr'>ἐλάχιστον</span> <span class='ocrx_word' id='word_1_18' title='bbox 1877 627 1886 640; x_wconf 40' lang='grc' dir='ltr'>ι</span> 
     </span>
    </p>
   </div>
   <div class='ocr_carea' id='block_1_5' title="bbox 1977 557 3541 642">
    <p class='ocr_par' dir='ltr' id='par_1_5' title="bbox 1977 557 3541 633">
     <span class='ocr_line' id='line_1_5' title="bbox 1977 557 3541 633; baseline 0.001 -20"><span class='ocrx_word' id='word_1_19' title='bbox 1977 574 2029 618; x_wconf 83' lang='lat' dir='ltr'><strong>ta</strong></span> <span class='ocrx_word' id='word_1_20' title='bbox 2064 574 2120 618; x_wconf 92' lang='lat' dir='ltr'><strong>ut</strong></span> <span class='ocrx_word' id='word_1_21' title='bbox 2148 581 2211 618; x_wconf 65' lang='lat' dir='ltr'><strong>ex</strong></span> <span class='ocrx_word' id='word_1_22' title='bbox 2242 564 2323 618; x_wconf 95' lang='lat' dir='ltr'><strong>his</strong></span> <span class='ocrx_word' id='word_1_23' title='bbox 2354 561 2826 633; x_wconf 79' lang='lat' dir='ltr'><strong>propositionibus</strong></span> <span class='ocrx_word' id='word_1_24' title='bbox 2852 575 2972 630; x_wconf 62' lang='lat' dir='ltr'><strong>quae</strong></span> <span class='ocrx_word' id='word_1_25' title='bbox 2999 560 3140 615; x_wconf 87' lang='lat' dir='ltr'><strong>inter</strong></span> <span class='ocrx_word' id='word_1_26' title='bbox 3170 572 3228 614; x_wconf 80' lang='lat' dir='ltr'><strong>3e</strong></span> <span class='ocrx_word' id='word_1_27' title='bbox 3258 557 3326 612; x_wconf 91' lang='lat' dir='ltr'><strong>ad</strong></span> <span class='ocrx_word' id='word_1_28' title='bbox 3355 559 3541 614; x_wconf 85' lang='lat' dir='ltr'><strong>minus</strong></span> 
     </span>
    </p>
   </div>
   <div class='ocr_carea' id='block_1_6' title="bbox 283 655 1848 730">
    <p class='ocr_par' dir='ltr' id='par_1_6' title="bbox 283 655 1848 730">
     <span class='ocr_line' id='line_1_6' title="bbox 283 655 1848 730; baseline -0.004 -17"><span class='ocrx_word' id='word_1_29' title='bbox 283 663 616 730; x_wconf 72' lang='grc' dir='ltr'><strong>προτάσεων,</strong></span> <span class='ocrx_word' id='word_1_30' title='bbox 675 658 742 722; x_wconf 80' lang='grc' dir='ltr'>ἃς</span> <span class='ocrx_word' id='word_1_31' title='bbox 803 659 832 711; x_wconf 85' lang='grc' dir='ltr'><strong>ὁ</strong></span> <span class='ocrx_word' id='word_1_32' title='bbox 887 658 1055 725; x_wconf 83' lang='grc' dir='ltr'>μέσος</span> <span class='ocrx_word' id='word_1_33' title='bbox 1110 657 1403 726; x_wconf 73' lang='grc' dir='ltr'><strong>ἀπαρτίζει</strong></span> <span class='ocrx_word' id='word_1_34' title='bbox 1463 655 1848 724; x_wconf 71' lang='grc' dir='ltr'>διπλούμενος,</span> 
     </span>
    </p>
   </div>
   <div class='ocr_carea' id='block_1_7' title="bbox 283 744 1858 822">
    <p class='ocr_par' dir='ltr' id='par_1_7' title="bbox 283 744 1858 822">
     <span class='ocr_line' id='line_1_7' title="bbox 283 744 1858 822; baseline -0.006 -16"><span class='ocrx_word' id='word_1_35' title='bbox 283 752 653 806; x_wconf 78' lang='grc' dir='ltr'><strong>ἀποτελεῖσθαι</strong></span> <span class='ocrx_word' id='word_1_36' title='bbox 678 751 1056 822; x_wconf 79' lang='grc' dir='ltr'><strong>συμπέρασμα</strong></span> <span class='ocrx_word' id='word_1_37' title='bbox 1081 749 1313 822; x_wconf 80' lang='grc' dir='ltr'>βεϐηκὸς</span> <span class='ocrx_word' id='word_1_38' title='bbox 1335 744 1446 802; x_wconf 79' lang='grc' dir='ltr'>οἷον</span> <span class='ocrx_word' id='word_1_39' title='bbox 1471 749 1564 800; x_wconf 76' lang='grc' dir='ltr'><strong>καὶ</strong></span> <span class='ocrx_word' id='word_1_40' title='bbox 1589 747 1858 815; x_wconf 85' lang='grc' dir='ltr'>στάσιμον</span> 
     </span>
    </p>
   </div>
   <div class='ocr_carea' id='block_1_8' title="bbox 281 836 1858 914">
    <p class='ocr_par' dir='ltr' id='par_1_8' title="bbox 281 836 1858 914">
     <span class='ocr_line' id='line_1_8' title="bbox 281 836 1858 914; baseline -0.006 -17"><span class='ocrx_word' id='word_1_41' title='bbox 281 847 366 898; x_wconf 78' lang='grc' dir='ltr'><strong>διὰ</strong></span> <span class='ocrx_word' id='word_1_42' title='bbox 405 845 464 896; x_wconf 87' lang='grc' dir='ltr'><strong>τὸ</strong></span> <span class='ocrx_word' id='word_1_43' title='bbox 518 842 826 914; x_wconf 78' lang='grc' dir='ltr'>ἀληθεύειν,</span> <span class='ocrx_word' id='word_1_44' title='bbox 861 843 953 896; x_wconf 75' lang='grc' dir='ltr'>καὶ</span> <span class='ocrx_word' id='word_1_45' title='bbox 987 840 1162 902; x_wconf 77' lang='grc' dir='ltr'>οὕτως</span> <span class='ocrx_word' id='word_1_46' title='bbox 1191 842 1252 894; x_wconf 83' lang='grc' dir='ltr'><strong>οὐ</strong></span> <span class='ocrx_word' id='word_1_47' title='bbox 1295 840 1404 910; x_wconf 80' lang='grc' dir='ltr'>μὴν</span> <span class='ocrx_word' id='word_1_48' title='bbox 1453 838 1628 901; x_wconf 75' lang='grc' dir='ltr'>ἄλλως</span> <span class='ocrx_word' id='word_1_49' title='bbox 1662 836 1858 908; x_wconf 78' lang='grc' dir='ltr'>περαί-</span> 
     </span>
    </p>
   </div>
   <div class='ocr_carea' id='block_1_9' title="bbox 282 927 1856 1002">
    <p class='ocr_par' dir='ltr' id='par_1_9' title="bbox 282 927 1856 1002">
     <span class='ocr_line' id='line_1_9' title="bbox 282 927 1856 1002; baseline -0.006 -16"><span class='ocrx_word' id='word_1_50' title='bbox 282 935 466 988; x_wconf 88' lang='grc' dir='ltr'>νεσθαι</span> <span class='ocrx_word' id='word_1_51' title='bbox 487 934 549 987; x_wconf 76' lang='grc' dir='ltr'>τὸ</span> <span class='ocrx_word' id='word_1_52' title='bbox 578 933 664 986; x_wconf 77' lang='grc' dir='ltr'><strong>διὰ</strong></span> <span class='ocrx_word' id='word_1_53' title='bbox 691 932 929 1002; x_wconf 78' lang='grc' dir='ltr'><strong>σπουδῆς</strong></span> <span class='ocrx_word' id='word_1_54' title='bbox 951 931 1031 1001; x_wconf 83' lang='grc' dir='ltr'>τῷ</span> <span class='ocrx_word' id='word_1_55' title='bbox 1063 931 1318 984; x_wconf 79' lang='grc' dir='ltr'>πλέκοντι</span> <span class='ocrx_word' id='word_1_56' title='bbox 1345 931 1437 982; x_wconf 78' lang='grc' dir='ltr'><strong>τὸν</strong></span> <span class='ocrx_word' id='word_1_57' title='bbox 1459 927 1818 996; x_wconf 72' lang='grc' dir='ltr'>συλλογισμόν</span> <span class='ocrx_word' id='word_1_58' title='bbox 1843 941 1856 958; x_wconf 89' lang='grc'><strong>·</strong></span> 
     </span>
    </p>
   </div>
   <div class='ocr_carea' id='block_1_10' title="bbox 281 1017 1861 1095">
    <p class='ocr_par' dir='ltr' id='par_1_10' title="bbox 281 1017 1861 1095">
     <span class='ocr_line' id='line_1_10' title="bbox 281 1017 1861 1095; baseline -0.005 -17"><span class='ocrx_word' id='word_1_59' title='bbox 281 1030 370 1078; x_wconf 73' lang='grc' dir='ltr'><strong>καὶ</strong></span> <span class='ocrx_word' id='word_1_60' title='bbox 398 1026 544 1078; x_wconf 71' lang='grc' dir='ltr'>ἔστιν</span> <span class='ocrx_word' id='word_1_61' title='bbox 573 1029 597 1078; x_wconf 78' lang='grc' dir='ltr'>ὁ</span> <span class='ocrx_word' id='word_1_62' title='bbox 626 1026 868 1087; x_wconf 83' lang='grc' dir='ltr'>τοιοῦτος</span> <span class='ocrx_word' id='word_1_63' title='bbox 899 1025 1024 1095; x_wconf 84' lang='grc' dir='ltr'>ὅρος</span> <span class='ocrx_word' id='word_1_64' title='bbox 1047 1024 1496 1094; x_wconf 82' lang='grc' dir='ltr'>προσφυέστατος</span> <span class='ocrx_word' id='word_1_65' title='bbox 1521 1021 1590 1074; x_wconf 85' lang='grc' dir='ltr'><strong>τά</strong></span> <span class='ocrx_word' id='word_1_66' title='bbox 1619 1036 1683 1088; x_wconf 92' lang='grc' dir='ltr'><strong>γε</strong></span> <span class='ocrx_word' id='word_1_67' title='bbox 1719 1017 1861 1072; x_wconf 73' lang='grc' dir='ltr'>κατὰ</span> 
     </span>
    </p>
   </div>
   <div class='ocr_carea' id='block_1_11' title="bbox 281 1113 1860 1186">
    <p class='ocr_par' dir='ltr' id='par_1_11' title="bbox 281 1113 1860 1186">
     <span class='ocr_line' id='line_1_11' title="bbox 281 1113 1860 1186; baseline -0.006 -15"><span class='ocrx_word' id='word_1_68' title='bbox 281 1121 336 1171; x_wconf 64' lang='grc' dir='ltr'>τ)</span> <span class='ocrx_word' id='word_1_69' title='bbox 368 1119 538 1181; x_wconf 73' lang='grc' dir='ltr'>εἰκὸς,</span> <span class='ocrx_word' id='word_1_70' title='bbox 587 1117 666 1186; x_wconf 83' lang='grc' dir='ltr'>τῷ</span> <span class='ocrx_word' id='word_1_71' title='bbox 720 1116 1113 1186; x_wconf 75' lang='grc' dir='ltr'>μελῳδουμένῳ</span> <span class='ocrx_word' id='word_1_72' title='bbox 1157 1114 1392 1168; x_wconf 79' lang='grc' dir='ltr'>ἐνταῦθα</span> <span class='ocrx_word' id='word_1_73' title='bbox 1446 1113 1701 1184; x_wconf 75' lang='grc' dir='ltr'>βεϐηκότι</span> <span class='ocrx_word' id='word_1_74' title='bbox 1727 1115 1860 1183; x_wconf 85' lang='grc' dir='ltr'>ὅρῳ,</span> 
     </span>
    </p>
   </div>
   <div class='ocr_carea' id='block_1_12' title="bbox 280 1205 1863 1280">
    <p class='ocr_par' dir='ltr' id='par_1_12' title="bbox 280 1205 1863 1280">
     <span class='ocr_line' id='line_1_12' title="bbox 280 1205 1863 1280; baseline -0.003 -18"><span class='ocrx_word' id='word_1_75' title='bbox 280 1211 354 1279; x_wconf 73' lang='grc' dir='ltr'><strong>τῷ</strong></span> <span class='ocrx_word' id='word_1_76' title='bbox 376 1210 591 1280; x_wconf 76' lang='grc' dir='ltr'>Μεσσίςι</span> <span class='ocrx_word' id='word_1_77' title='bbox 606 1208 786 1277; x_wconf 83' lang='grc' dir='ltr'>Ἰησοῦ</span> <span class='ocrx_word' id='word_1_78' title='bbox 814 1208 1056 1278; x_wconf 82' lang='grc' dir='ltr'><strong>Χριστῷ,</strong></span> <span class='ocrx_word' id='word_1_79' title='bbox 1087 1209 1163 1278; x_wconf 82' lang='grc' dir='ltr'>τῷ</span> <span class='ocrx_word' id='word_1_80' title='bbox 1192 1206 1578 1277; x_wconf 85' lang='grc' dir='ltr'>ἀκρογωνιαίῳ</span> <span class='ocrx_word' id='word_1_81' title='bbox 1606 1205 1863 1274; x_wconf 70' lang='grc' dir='ltr'>παντίμῳ</span> 
     </span>
    </p>
   </div>
   <div class='ocr_carea' id='block_1_13' title="bbox 281 1296 1863 1372">
    <p class='ocr_par' dir='ltr' id='par_1_13' title="bbox 281 1296 1863 1372">
     <span class='ocr_line' id='line_1_13' title="bbox 281 1296 1863 1372; baseline -0.003 -20"><span class='ocrx_word' id='word_1_82' title='bbox 281 1300 429 1372; x_wconf 81' lang='grc' dir='ltr'>λίθῳ,</span> <span class='ocrx_word' id='word_1_83' title='bbox 467 1304 545 1368; x_wconf 83' lang='grc' dir='ltr'>τῷ</span> <span class='ocrx_word' id='word_1_84' title='bbox 575 1301 681 1355; x_wconf 84' lang='grc' dir='ltr'><strong>τῶν</strong></span> <span class='ocrx_word' id='word_1_85' title='bbox 704 1299 1008 1353; x_wconf 84' lang='grc' dir='ltr'><strong>διεστώτων</strong></span> <span class='ocrx_word' id='word_1_86' title='bbox 1038 1299 1139 1352; x_wconf 82' lang='grc' dir='ltr'><strong>οὐκ</strong></span> <span class='ocrx_word' id='word_1_87' title='bbox 1175 1299 1504 1367; x_wconf 71' lang='grc' dir='ltr'>εὐλογίστως</span> <span class='ocrx_word' id='word_1_88' title='bbox 1536 1296 1774 1365; x_wconf 85' lang='grc' dir='ltr'>λογικῶν</span> <span class='ocrx_word' id='word_1_89' title='bbox 1799 1297 1863 1348; x_wconf 79' lang='grc' dir='ltr'>ὲκ</span> 
     </span>
    </p>
   </div>
   <div class='ocr_carea' id='block_1_14' title="bbox 280 1389 1860 1462">
    <p class='ocr_par' dir='ltr' id='par_1_14' title="bbox 280 1389 1860 1462">
     <span class='ocr_line' id='line_1_14' title="bbox 280 1389 1860 1462; baseline -0.003 -17"><span class='ocrx_word' id='word_1_90' title='bbox 280 1391 370 1446; x_wconf 79' lang='grc' dir='ltr'>τοῦ</span> <span class='ocrx_word' id='word_1_91' title='bbox 399 1393 537 1446; x_wconf 78' lang='grc' dir='ltr'>θεοῦ</span> <span class='ocrx_word' id='word_1_92' title='bbox 569 1392 892 1462; x_wconf 80' lang='grc' dir='ltr'>συνδετικῷ.</span> <span class='ocrx_word' id='word_1_93' title='bbox 931 1393 1154 1445; x_wconf 81' lang='grc' dir='ltr'>Πίπτων</span> <span class='ocrx_word' id='word_1_94' title='bbox 1179 1393 1289 1460; x_wconf 77' lang='grc' dir='ltr'>γὰρ</span> <span class='ocrx_word' id='word_1_95' title='bbox 1314 1389 1478 1453; x_wconf 78' lang='grc' dir='ltr'>αὐτὸς</span> <span class='ocrx_word' id='word_1_96' title='bbox 1511 1391 1677 1458; x_wconf 83' lang='grc' dir='ltr'>μέσος</span> <span class='ocrx_word' id='word_1_97' title='bbox 1701 1389 1860 1458; x_wconf 79' lang='grc' dir='ltr'>ἡμῶν</span> 
     </span>
    </p>
   </div>
   <div class='ocr_carea' id='block_1_15' title="bbox 279 1479 1862 1555">
    <p class='ocr_par' dir='ltr' id='par_1_15' title="bbox 279 1479 1862 1555">
     <span class='ocr_line' id='line_1_15' title="bbox 279 1479 1862 1555; baseline -0.004 -18"><span class='ocrx_word' id='word_1_98' title='bbox 279 1502 336 1538; x_wconf 92' lang='grc' dir='ltr'><strong>τε</strong></span> <span class='ocrx_word' id='word_1_99' title='bbox 368 1486 476 1538; x_wconf 85' lang='grc' dir='ltr'><strong>τῶν</strong></span> <span class='ocrx_word' id='word_1_100' title='bbox 498 1486 835 1555; x_wconf 64' lang='grc' dir='ltr'>ἐφαμάρτων</span> <span class='ocrx_word' id='word_1_101' title='bbox 864 1483 1074 1537; x_wconf 78' lang='grc' dir='ltr'>καὶτοῦ</span> <span class='ocrx_word' id='word_1_102' title='bbox 1103 1483 1406 1554; x_wconf 80' lang='grc' dir='ltr'>ὑπεραγίου</span> <span class='ocrx_word' id='word_1_103' title='bbox 1436 1482 1647 1551; x_wconf 77' lang='grc' dir='ltr'>ΙΙατρὸς</span> <span class='ocrx_word' id='word_1_104' title='bbox 1673 1479 1862 1547; x_wconf 79' lang='grc' dir='ltr'>αὑτοῦ,</span> 
     </span>
    </p>
   </div>
   <div class='ocr_carea' id='block_1_16' title="bbox 283 1573 1870 1648">
    <p class='ocr_par' dir='ltr' id='par_1_16' title="bbox 283 1573 1870 1648">
     <span class='ocr_line' id='line_1_16' title="bbox 283 1573 1870 1648; baseline -0.003 -17"><span class='ocrx_word' id='word_1_105' title='bbox 283 1579 639 1632; x_wconf 84' lang='grc' dir='ltr'>συναποτελεῖ</span> <span class='ocrx_word' id='word_1_106' title='bbox 681 1579 818 1648; x_wconf 86' lang='grc' dir='ltr'>ὅπερ</span> <span class='ocrx_word' id='word_1_107' title='bbox 871 1580 1024 1630; x_wconf 74' lang='grc' dir='ltr'>ἐστὶν</span> <span class='ocrx_word' id='word_1_108' title='bbox 1076 1577 1226 1646; x_wconf 80' lang='grc' dir='ltr'>αὐτῷ</span> <span class='ocrx_word' id='word_1_109' title='bbox 1255 1575 1344 1629; x_wconf 67' lang='grc' dir='ltr'>διὰ</span> <span class='ocrx_word' id='word_1_110' title='bbox 1399 1573 1598 1628; x_wconf 80' lang='grc' dir='ltr'>πολλοῦ</span> <span class='ocrx_word' id='word_1_111' title='bbox 1634 1573 1870 1627; x_wconf 80' lang='grc' dir='ltr'>σπουδά-</span> 
     </span>
    </p>
   </div>
   <div class='ocr_carea' id='block_1_17' title="bbox 283 1665 1867 1742">
    <p class='ocr_par' dir='ltr' id='par_1_17' title="bbox 283 1665 1867 1742">
     <span class='ocr_line' id='line_1_17' title="bbox 283 1665 1867 1742; baseline -0.005 -18"><span class='ocrx_word' id='word_1_112' title='bbox 283 1689 510 1742; x_wconf 83' lang='grc' dir='ltr'>σμαιος,</span> <span class='ocrx_word' id='word_1_113' title='bbox 560 1672 622 1723; x_wconf 84' lang='grc' dir='ltr'><strong>τὸ</strong></span> <span class='ocrx_word' id='word_1_114' title='bbox 668 1672 937 1724; x_wconf 84' lang='grc' dir='ltr'>ὲνοποιείν</span> <span class='ocrx_word' id='word_1_115' title='bbox 988 1669 1160 1740; x_wconf 78' lang='grc' dir='ltr'>ἡμᾶς,</span> <span class='ocrx_word' id='word_1_116' title='bbox 1215 1668 1310 1722; x_wconf 77' lang='grc' dir='ltr'>καὶ</span> <span class='ocrx_word' id='word_1_117' title='bbox 1360 1667 1634 1736; x_wconf 83' lang='grc' dir='ltr'>κολλήσας</span> <span class='ocrx_word' id='word_1_118' title='bbox 1687 1665 1867 1733; x_wconf 85' lang='grc' dir='ltr'>ὁπίσῳ</span> 
     </span>
    </p>
   </div>
   <div class='ocr_carea' id='block_1_18' title="bbox 280 1755 1869 1828">
    <p class='ocr_par' dir='ltr' id='par_1_18' title="bbox 280 1755 1869 1828">
     <span class='ocr_line' id='line_1_18' title="bbox 280 1755 1869 1828; baseline -0.003 -15"><span class='ocrx_word' id='word_1_119' title='bbox 280 1761 488 1813; x_wconf 72' lang='grc' dir='ltr'>ἐκείνου</span> <span class='ocrx_word' id='word_1_120' title='bbox 521 1760 661 1814; x_wconf 83' lang='grc' dir='ltr'><strong>κατά</strong></span> <span class='ocrx_word' id='word_1_121' title='bbox 709 1761 800 1813; x_wconf 86' lang='grc' dir='ltr'><strong>τὸν</strong></span> <span class='ocrx_word' id='word_1_122' title='bbox 852 1759 1010 1828; x_wconf 81' lang='grc' dir='ltr'>ἀγιον</span> <span class='ocrx_word' id='word_1_123' title='bbox 1039 1759 1207 1812; x_wconf 72' lang='grc' dir='ltr'>Δαϐἱδ</span> <span class='ocrx_word' id='word_1_124' title='bbox 1263 1757 1732 1828; x_wconf 82' lang='grc' dir='ltr'>ἀκολουθητικῶς,</span> <span class='ocrx_word' id='word_1_125' title='bbox 1771 1755 1869 1808; x_wconf 76' lang='grc' dir='ltr'><strong>καὶ</strong></span> 
     </span>
    </p>
   </div>
   <div class='ocr_carea' id='block_1_19' title="bbox 280 1849 1864 1923">
    <p class='ocr_par' dir='ltr' id='par_1_19' title="bbox 280 1849 1864 1923">
     <span class='ocr_line' id='line_1_19' title="bbox 280 1849 1864 1923; baseline -0.002 -19"><span class='ocrx_word' id='word_1_126' title='bbox 280 1854 640 1923; x_wconf 76' lang='grc' dir='ltr'>παριστάνειν</span> <span class='ocrx_word' id='word_1_127' title='bbox 673 1852 755 1910; x_wconf 75' lang='grc' dir='ltr'>εἰς</span> <span class='ocrx_word' id='word_1_128' title='bbox 805 1853 1098 1921; x_wconf 86' lang='grc' dir='ltr'>πρόσωπον</span> <span class='ocrx_word' id='word_1_129' title='bbox 1142 1849 1310 1906; x_wconf 79' lang='grc' dir='ltr'>αὑτοῦ</span> <span class='ocrx_word' id='word_1_130' title='bbox 1361 1849 1438 1914; x_wconf 83' lang='grc' dir='ltr'>ὡς</span> <span class='ocrx_word' id='word_1_131' title='bbox 1487 1849 1819 1903; x_wconf 84' lang='grc' dir='ltr'>ὀπτάνεσθαι</span> <span class='ocrx_word' id='word_1_132' title='bbox 1850 1865 1864 1879; x_wconf 87' lang='grc'><strong>·</strong></span> 
     </span>
    </p>
   </div>
   <div class='ocr_carea' id='block_1_20' title="bbox 1961 651 3544 725">
    <p class='ocr_par' dir='ltr' id='par_1_20' title="bbox 1961 651 3544 725">
     <span class='ocr_line' id='line_1_20' title="bbox 1961 651 3544 725; baseline -0.003 -15"><span class='ocrx_word' id='word_1_133' title='bbox 1961 657 2069 711; x_wconf 89' lang='lat' dir='ltr'><strong>duo</strong></span> <span class='ocrx_word' id='word_1_134' title='bbox 2101 667 2249 722; x_wconf 84' lang='lat' dir='ltr'><strong>sunt,</strong></span> <span class='ocrx_word' id='word_1_135' title='bbox 2279 671 2419 725; x_wconf 90' lang='lat' dir='ltr'><strong>quas</strong></span> <span class='ocrx_word' id='word_1_136' title='bbox 2476 655 2688 710; x_wconf 91' lang='lat' dir='ltr'><strong>medius</strong></span> <span class='ocrx_word' id='word_1_137' title='bbox 2739 655 3026 723; x_wconf 87' lang='lat' dir='ltr'><strong>duplicans</strong></span> <span class='ocrx_word' id='word_1_138' title='bbox 3081 653 3324 723; x_wconf 90' lang='lat' dir='ltr'><strong>adaptat,</strong></span> <span class='ocrx_word' id='word_1_139' title='bbox 3382 651 3544 722; x_wconf 78' lang='lat' dir='ltr'><strong>perli-</strong></span> 
     </span>
    </p>
   </div>
   <div class='ocr_carea' id='block_1_21' title="bbox 1961 746 3542 814">
    <p class='ocr_par' dir='ltr' id='par_1_21' title="bbox 1961 746 3542 814">
     <span class='ocr_line' id='line_1_21' title="bbox 1961 746 3542 814; baseline -0.004 -11"><span class='ocrx_word' id='word_1_140' title='bbox 1961 749 2138 803; x_wconf 86' lang='lat' dir='ltr'><strong>ciatur</strong></span> <span class='ocrx_word' id='word_1_141' title='bbox 2167 749 2448 804; x_wconf 90' lang='lat' dir='ltr'><strong>conclusio</strong></span> <span class='ocrx_word' id='word_1_142' title='bbox 2481 748 2635 802; x_wconf 68' lang='lat' dir='ltr'><strong>[li-nia</strong></span> <span class='ocrx_word' id='word_1_143' title='bbox 2660 757 2714 802; x_wconf 92' lang='lat' dir='ltr'><strong>et</strong></span> <span class='ocrx_word' id='word_1_144' title='bbox 2770 747 2982 802; x_wconf 87' lang='lat' dir='ltr'><strong>stabilis</strong></span> <span class='ocrx_word' id='word_1_145' title='bbox 3014 746 3142 814; x_wconf 86' lang='lat' dir='ltr'><strong>quia</strong></span> <span class='ocrx_word' id='word_1_146' title='bbox 3173 760 3298 798; x_wconf 87' lang='lat' dir='ltr'><strong>vera</strong></span> <span class='ocrx_word' id='word_1_147' title='bbox 3329 755 3434 809; x_wconf 87' lang='lat' dir='ltr'><strong>est,</strong></span> <span class='ocrx_word' id='word_1_148' title='bbox 3485 753 3542 798; x_wconf 88' lang='lat' dir='ltr'><strong>et</strong></span> 
     </span>
    </p>
   </div>
   <div class='ocr_carea' id='block_1_22' title="bbox 1961 842 3538 914">
    <p class='ocr_par' dir='ltr' id='par_1_22' title="bbox 1961 842 3538 914">
     <span class='ocr_line' id='line_1_22' title="bbox 1961 842 3538 914; baseline -0.005 -15"><span class='ocrx_word' id='word_1_149' title='bbox 1961 843 2041 899; x_wconf 87' lang='lat' dir='ltr'><strong>sic</strong></span> <span class='ocrx_word' id='word_1_150' title='bbox 2077 844 2236 898; x_wconf 84' lang='lat' dir='ltr'><strong>ﬁnem</strong></span> <span class='ocrx_word' id='word_1_151' title='bbox 2275 845 2507 914; x_wconf 90' lang='lat' dir='ltr'><strong>accipiat</strong></span> <span class='ocrx_word' id='word_1_152' title='bbox 2531 844 2815 914; x_wconf 82' lang='lat' dir='ltr'><strong>diligentia</strong></span> <span class='ocrx_word' id='word_1_153' title='bbox 2849 844 3086 898; x_wconf 77' lang='lat' dir='ltr'><strong>texentis</strong></span> <span class='ocrx_word' id='word_1_154' title='bbox 3120 842 3538 912; x_wconf 81' lang='lat' dir='ltr'><strong>syllogismum;</strong></span> 
     </span>
    </p>
   </div>
   <div class='ocr_carea' id='block_1_23' title="bbox 1961 935 3543 1006">
    <p class='ocr_par' dir='ltr' id='par_1_23' title="bbox 1961 935 3543 1006">
     <span class='ocr_line' id='line_1_23' title="bbox 1961 935 3543 1006; baseline -0.005 -13"><span class='ocrx_word' id='word_1_155' title='bbox 1961 947 2014 993; x_wconf 90' lang='lat' dir='ltr'><strong>et</strong></span> <span class='ocrx_word' id='word_1_156' title='bbox 2049 947 2132 992; x_wconf 88' lang='lat' dir='ltr'><strong>est</strong></span> <span class='ocrx_word' id='word_1_157' title='bbox 2158 939 2283 994; x_wconf 88' lang='lat' dir='ltr'><strong>talis</strong></span> <span class='ocrx_word' id='word_1_158' title='bbox 2320 939 2585 993; x_wconf 83' lang='lat' dir='ltr'><strong>terminus</strong></span> <span class='ocrx_word' id='word_1_159' title='bbox 2611 939 2846 992; x_wconf 76' lang='lat' dir='ltr'><strong>maxime</strong></span> <span class='ocrx_word' id='word_1_160' title='bbox 2874 953 3173 1006; x_wconf 88' lang='lat' dir='ltr'><strong>congruos,</strong></span> <span class='ocrx_word' id='word_1_161' title='bbox 3225 945 3282 989; x_wconf 92' lang='lat' dir='ltr'><strong>ut</strong></span> <span class='ocrx_word' id='word_1_162' title='bbox 3332 935 3543 988; x_wconf 86' lang='lat' dir='ltr'><strong>videtur</strong></span> 
     </span>
    </p>
   </div>
   <div class='ocr_carea' id='block_1_24' title="bbox 1961 1025 3544 1098">
    <p class='ocr_par' dir='ltr' id='par_1_24' title="bbox 1961 1025 3544 1098">
     <span class='ocr_line' id='line_1_24' title="bbox 1961 1025 3544 1098; baseline -0.002 -17"><span class='ocrx_word' id='word_1_163' title='bbox 1961 1030 2182 1098; x_wconf 85' lang='lat' dir='ltr'><strong>quidem</strong></span> <span class='ocrx_word' id='word_1_164' title='bbox 2230 1029 2278 1083; x_wconf 90' lang='lat' dir='ltr'><strong>ei</strong></span> <span class='ocrx_word' id='word_1_165' title='bbox 2302 1031 2393 1098; x_wconf 87' lang='lat' dir='ltr'><strong>qui</strong></span> <span class='ocrx_word' id='word_1_166' title='bbox 2419 1031 2636 1083; x_wconf 88' lang='lat' dir='ltr'><strong>canitur</strong></span> <span class='ocrx_word' id='word_1_167' title='bbox 2665 1031 2750 1084; x_wconf 92' lang='lat' dir='ltr'><strong>hic</strong></span> <span class='ocrx_word' id='word_1_168' title='bbox 2779 1029 3016 1083; x_wconf 83' lang='lat' dir='ltr'><strong>termino</strong></span> <span class='ocrx_word' id='word_1_169' title='bbox 3042 1028 3302 1098; x_wconf 83' lang='lat' dir='ltr'><strong>perfecto,</strong></span> <span class='ocrx_word' id='word_1_170' title='bbox 3333 1025 3544 1080; x_wconf 67' lang='lat' dir='ltr'><strong>Messian</strong></span> 
     </span>
    </p>
   </div>
   <div class='ocr_carea' id='block_1_25' title="bbox 1967 1116 3545 1191">
    <p class='ocr_par' dir='ltr' id='par_1_25' title="bbox 1967 1116 3545 1191">
     <span class='ocr_line' id='line_1_25' title="bbox 1967 1116 3545 1191; baseline -0.004 -16"><span class='ocrx_word' id='word_1_171' title='bbox 1967 1121 2097 1176; x_wconf 84' lang='lat' dir='ltr'><strong>Jesu</strong></span> <span class='ocrx_word' id='word_1_172' title='bbox 2125 1121 2367 1186; x_wconf 82' lang='lat' dir='ltr'><strong>Christo,</strong></span> <span class='ocrx_word' id='word_1_173' title='bbox 2416 1122 2666 1191; x_wconf 82' lang='lat' dir='ltr'><strong>angulari</strong></span> <span class='ocrx_word' id='word_1_174' title='bbox 2688 1121 2998 1176; x_wconf 84' lang='lat' dir='ltr'><strong>venerando</strong></span> <span class='ocrx_word' id='word_1_175' title='bbox 3031 1121 3192 1189; x_wconf 88' lang='lat' dir='ltr'><strong>lapidi</strong></span> <span class='ocrx_word' id='word_1_176' title='bbox 3231 1118 3324 1188; x_wconf 92' lang='lat' dir='ltr'><strong>qui</strong></span> <span class='ocrx_word' id='word_1_177' title='bbox 3357 1116 3545 1170; x_wconf 87' lang='lat' dir='ltr'><strong>conci-</strong></span> 
     </span>
    </p>
   </div>
   <div class='ocr_carea' id='block_1_26' title="bbox 1965 1207 3539 1271">
    <p class='ocr_par' dir='ltr' id='par_1_26' title="bbox 1965 1207 3539 1271">
     <span class='ocr_line' id='line_1_26' title="bbox 1965 1207 3539 1271; baseline -0.003 -7"><span class='ocrx_word' id='word_1_178' title='bbox 1965 1213 2117 1264; x_wconf 81' lang='lat' dir='ltr'><strong>liavit</strong></span> <span class='ocrx_word' id='word_1_179' title='bbox 2145 1211 2498 1266; x_wconf 85' lang='lat' dir='ltr'><strong>rationabiles</strong></span> <span class='ocrx_word' id='word_1_180' title='bbox 2530 1211 2783 1264; x_wconf 86' lang='lat' dir='ltr'><strong>homines</strong></span> <span class='ocrx_word' id='word_1_181' title='bbox 2831 1225 2862 1263; x_wconf 93' lang='lat' dir='ltr'><strong>a</strong></span> <span class='ocrx_word' id='word_1_182' title='bbox 2926 1209 3036 1263; x_wconf 88' lang='lat' dir='ltr'><strong>Deo</strong></span> <span class='ocrx_word' id='word_1_183' title='bbox 3093 1209 3230 1262; x_wconf 89' lang='lat' dir='ltr'><strong>male</strong></span> <span class='ocrx_word' id='word_1_184' title='bbox 3282 1207 3539 1271; x_wconf 88' lang='lat' dir='ltr'><strong>divisos;</strong></span> 
     </span>
    </p>
   </div>
   <div class='ocr_carea' id='block_1_27' title="bbox 1966 1300 3542 1369">
    <p class='ocr_par' dir='ltr' id='par_1_27' title="bbox 1966 1300 3542 1369">
     <span class='ocr_line' id='line_1_27' title="bbox 1966 1300 3542 1369; baseline -0.006 -10"><span class='ocrx_word' id='word_1_185' title='bbox 1966 1305 2168 1359; x_wconf 82' lang='lat' dir='ltr'><strong>cadens</strong></span> <span class='ocrx_word' id='word_1_186' title='bbox 2197 1303 2346 1357; x_wconf 89' lang='lat' dir='ltr'><strong>enim</strong></span> <span class='ocrx_word' id='word_1_187' title='bbox 2385 1301 2594 1356; x_wconf 86' lang='lat' dir='ltr'><strong>medius</strong></span> <span class='ocrx_word' id='word_1_188' title='bbox 2625 1300 2768 1356; x_wconf 88' lang='lat' dir='ltr'><strong>inter</strong></span> <span class='ocrx_word' id='word_1_189' title='bbox 2792 1317 2891 1356; x_wconf 92' lang='lat' dir='ltr'><strong>nos</strong></span> <span class='ocrx_word' id='word_1_190' title='bbox 2945 1309 3258 1369; x_wconf 82' lang='lat' dir='ltr'><strong>peccatores</strong></span> <span class='ocrx_word' id='word_1_191' title='bbox 3312 1307 3368 1352; x_wconf 93' lang='lat' dir='ltr'><strong>et</strong></span> <span class='ocrx_word' id='word_1_192' title='bbox 3410 1315 3542 1354; x_wconf 86' lang='lat' dir='ltr'><strong>san-</strong></span> 
     </span>
    </p>
   </div>
   <div class='ocr_carea' id='block_1_28' title="bbox 1967 1391 3545 1461">
    <p class='ocr_par' dir='ltr' id='par_1_28' title="bbox 1967 1391 3545 1461">
     <span class='ocr_line' id='line_1_28' title="bbox 1967 1391 3545 1461; baseline -0.008 -9"><span class='ocrx_word' id='word_1_193' title='bbox 1967 1397 2271 1452; x_wconf 80' lang='lat' dir='ltr'><strong>Ctissimum</strong></span> <span class='ocrx_word' id='word_1_194' title='bbox 2331 1392 2548 1448; x_wconf 85' lang='lat' dir='ltr'><strong>Patrem</strong></span> <span class='ocrx_word' id='word_1_195' title='bbox 2597 1408 2779 1456; x_wconf 90' lang='lat' dir='ltr'><strong>suum,</strong></span> <span class='ocrx_word' id='word_1_196' title='bbox 2819 1393 3032 1461; x_wconf 81' lang='lat' dir='ltr'><strong>perficit</strong></span> <span class='ocrx_word' id='word_1_197' title='bbox 3061 1391 3202 1460; x_wconf 85' lang='lat' dir='ltr'><strong>quod</strong></span> <span class='ocrx_word' id='word_1_198' title='bbox 3263 1391 3364 1459; x_wconf 89' lang='lat' dir='ltr'><strong>ipsi</strong></span> <span class='ocrx_word' id='word_1_199' title='bbox 3429 1405 3545 1442; x_wconf 84' lang='lat' dir='ltr'><strong>ma-</strong></span> 
     </span>
    </p>
   </div>
   <div class='ocr_carea' id='block_1_29' title="bbox 1968 1480 3545 1550">
    <p class='ocr_par' dir='ltr' id='par_1_29' title="bbox 1968 1480 3545 1550">
     <span class='ocr_line' id='line_1_29' title="bbox 1968 1480 3545 1550; baseline -0.006 -9"><span class='ocrx_word' id='word_1_200' title='bbox 1968 1488 2127 1543; x_wconf 75' lang='lat' dir='ltr'><strong>xima:</strong></span> <span class='ocrx_word' id='word_1_201' title='bbox 2157 1499 2301 1540; x_wconf 74' lang='lat' dir='ltr'><strong>cura:</strong></span> <span class='ocrx_word' id='word_1_202' title='bbox 2329 1491 2434 1548; x_wconf 83' lang='lat' dir='ltr'><strong>est,</strong></span> <span class='ocrx_word' id='word_1_203' title='bbox 2465 1484 2716 1550; x_wconf 85' lang='lat' dir='ltr'><strong>redigens</strong></span> <span class='ocrx_word' id='word_1_204' title='bbox 2751 1498 2850 1536; x_wconf 91' lang='lat' dir='ltr'><strong>nos</strong></span> <span class='ocrx_word' id='word_1_205' title='bbox 2875 1482 2928 1535; x_wconf 93' lang='lat' dir='ltr'><strong>in</strong></span> <span class='ocrx_word' id='word_1_206' title='bbox 2949 1497 3139 1545; x_wconf 90' lang='lat' dir='ltr'><strong>unum,</strong></span> <span class='ocrx_word' id='word_1_207' title='bbox 3173 1490 3226 1534; x_wconf 91' lang='lat' dir='ltr'><strong>et</strong></span> <span class='ocrx_word' id='word_1_208' title='bbox 3256 1480 3545 1547; x_wconf 78' lang='lat' dir='ltr'><strong>adjuncws</strong></span> 
     </span>
    </p>
   </div>
   <div class='ocr_carea' id='block_1_30' title="bbox 1968 1570 3545 1647">
    <p class='ocr_par' dir='ltr' id='par_1_30' title="bbox 1968 1570 3545 1647">
     <span class='ocr_line' id='line_1_30' title="bbox 1968 1570 3545 1647; baseline -0.009 -15"><span class='ocrx_word' id='word_1_209' title='bbox 1968 1585 2093 1647; x_wconf 84' lang='lat' dir='ltr'><strong>post</strong></span> <span class='ocrx_word' id='word_1_210' title='bbox 2121 1592 2201 1640; x_wconf 88' lang='lat' dir='ltr'><strong>se,</strong></span> <span class='ocrx_word' id='word_1_211' title='bbox 2229 1575 2384 1641; x_wconf 79' lang='lat' dir='ltr'><strong>juxta</strong></span> <span class='ocrx_word' id='word_1_212' title='bbox 2409 1583 2656 1627; x_wconf 89' lang='lat' dir='ltr'><strong>sanctum</strong></span> <span class='ocrx_word' id='word_1_213' title='bbox 2697 1573 2887 1634; x_wconf 83' lang='lat' dir='ltr'><strong>David,</strong></span> <span class='ocrx_word' id='word_1_214' title='bbox 2915 1572 3260 1624; x_wconf 88' lang='lat' dir='ltr'><strong>constituens</strong></span> <span class='ocrx_word' id='word_1_215' title='bbox 3293 1570 3346 1621; x_wconf 91' lang='lat' dir='ltr'><strong>in</strong></span> <span class='ocrx_word' id='word_1_216' title='bbox 3409 1583 3545 1620; x_wconf 78' lang='lat' dir='ltr'><strong>con-</strong></span> 
     </span>
    </p>
   </div>
   <div class='ocr_carea' id='block_1_31' title="bbox 1971 1663 3548 1736">
    <p class='ocr_par' dir='ltr' id='par_1_31' title="bbox 1971 1663 3548 1736">
     <span class='ocr_line' id='line_1_31' title="bbox 1971 1663 3548 1736; baseline -0.008 -13"><span class='ocrx_word' id='word_1_217' title='bbox 1971 1679 2158 1736; x_wconf 85' lang='lat' dir='ltr'><strong>specto</strong></span> <span class='ocrx_word' id='word_1_218' title='bbox 2189 1667 2338 1735; x_wconf 79' lang='lat' dir='ltr'><strong>ejus</strong></span> <span class='ocrx_word' id='word_1_219' title='bbox 2367 1674 2424 1720; x_wconf 93' lang='lat' dir='ltr'><strong>ut</strong></span> <span class='ocrx_word' id='word_1_220' title='bbox 2452 1666 2775 1727; x_wconf 84' lang='lat' dir='ltr'><strong>videamur;</strong></span> <span class='ocrx_word' id='word_1_221' title='bbox 2811 1673 2867 1718; x_wconf 93' lang='lat' dir='ltr'><strong>et</strong></span> <span class='ocrx_word' id='word_1_222' title='bbox 2910 1666 2991 1716; x_wconf 89' lang='lat' dir='ltr'><strong>sic</strong></span> <span class='ocrx_word' id='word_1_223' title='bbox 3061 1663 3415 1717; x_wconf 84' lang='lat' dir='ltr'><strong>salvationem</strong></span> <span class='ocrx_word' id='word_1_224' title='bbox 3451 1674 3548 1711; x_wconf 81' lang='lat' dir='ltr'><strong>Ilo-</strong></span> 
     </span>
    </p>
   </div>
   <div class='ocr_carea' id='block_1_32' title="bbox 1973 1749 3550 1826">
    <p class='ocr_par' dir='ltr' id='par_1_32' title="bbox 1973 1749 3550 1826">
     <span class='ocr_line' id='line_1_32' title="bbox 1973 1749 3550 1826; baseline -0.008 -12"><span class='ocrx_word' id='word_1_225' title='bbox 1973 1769 2143 1814; x_wconf 90' lang='lat' dir='ltr'><strong>stram</strong></span> <span class='ocrx_word' id='word_1_226' title='bbox 2186 1773 2294 1812; x_wconf 91' lang='lat' dir='ltr'><strong>non</strong></span> <span class='ocrx_word' id='word_1_227' title='bbox 2327 1757 2654 1826; x_wconf 85' lang='lat' dir='ltr'><strong>simpliciter</strong></span> <span class='ocrx_word' id='word_1_228' title='bbox 2685 1756 2972 1824; x_wconf 89' lang='lat' dir='ltr'><strong>perliciens</strong></span> <span class='ocrx_word' id='word_1_229' title='bbox 2999 1770 3120 1808; x_wconf 89' lang='lat' dir='ltr'><strong>cum</strong></span> <span class='ocrx_word' id='word_1_230' title='bbox 3149 1753 3313 1806; x_wconf 82' lang='lat' dir='ltr'><strong>Patre</strong></span> <span class='ocrx_word' id='word_1_231' title='bbox 3341 1762 3395 1805; x_wconf 88' lang='lat' dir='ltr'><strong>et</strong></span> <span class='ocrx_word' id='word_1_232' title='bbox 3425 1749 3550 1820; x_wconf 85' lang='lat' dir='ltr'><strong>Spi-</strong></span> 
     </span>
    </p>
   </div>
   <div class='ocr_carea' id='block_1_33' title="bbox 1973 1846 3543 1918">
    <p class='ocr_par' dir='ltr' id='par_1_33' title="bbox 1973 1846 3543 1918">
     <span class='ocr_line' id='line_1_33' title="bbox 1973 1846 3543 1918; baseline -0.007 -11"><span class='ocrx_word' id='word_1_233' title='bbox 1973 1854 2105 1916; x_wconf 90' lang='lat' dir='ltr'><strong>ritu,</strong></span> <span class='ocrx_word' id='word_1_234' title='bbox 2133 1853 2242 1907; x_wconf 89' lang='lat' dir='ltr'><strong>imo</strong></span> <span class='ocrx_word' id='word_1_235' title='bbox 2272 1852 2585 1906; x_wconf 87' lang='lat' dir='ltr'><strong>necessario</strong></span> <span class='ocrx_word' id='word_1_236' title='bbox 2617 1851 2902 1904; x_wconf 90' lang='lat' dir='ltr'><strong>nobiscum</strong></span> <span class='ocrx_word' id='word_1_237' title='bbox 2969 1847 3318 1918; x_wconf 88' lang='lat' dir='ltr'><strong>procedens;</strong></span> <span class='ocrx_word' id='word_1_238' title='bbox 3356 1846 3543 1898; x_wconf 80' lang='lat' dir='ltr'><strong>volen-</strong></span> 
     </span>
    </p>
   </div>
   <div class='ocr_carea' id='block_1_34' title="bbox 280 1926 1886 2016">
    <p class='ocr_par' dir='ltr' id='par_1_34' title="bbox 280 1942 1864 2016">
     <span class='ocr_line' id='line_1_34' title="bbox 280 1942 1864 2016; baseline -0.001 -19"><span class='ocrx_word' id='word_1_239' title='bbox 280 1949 370 1997; x_wconf 80' lang='grc' dir='ltr'><strong>καὶ</strong></span> <span class='ocrx_word' id='word_1_240' title='bbox 397 1943 545 1997; x_wconf 74' lang='grc' dir='ltr'>οὕτω</span> <span class='ocrx_word' id='word_1_241' title='bbox 568 1943 671 2016; x_wconf 74' lang='grc' dir='ltr'>τὴν</span> <span class='ocrx_word' id='word_1_242' title='bbox 708 1945 988 2014; x_wconf 75' lang='grc' dir='ltr'>σωτηρίαν</span> <span class='ocrx_word' id='word_1_243' title='bbox 1016 1943 1176 2014; x_wconf 81' lang='grc' dir='ltr'>ἡμῶν</span> <span class='ocrx_word' id='word_1_244' title='bbox 1207 1943 1328 2012; x_wconf 69' lang='grc' dir='ltr'>οὐχὶ</span> <span class='ocrx_word' id='word_1_245' title='bbox 1358 1943 1546 2006; x_wconf 85' lang='grc' dir='ltr'>ἁπλῶς</span> <span class='ocrx_word' id='word_1_246' title='bbox 1585 1942 1864 2012; x_wconf 78' lang='grc' dir='ltr'>περαίνειν</span> 
     </span>
    </p>
   </div>
   <div class='ocr_carea' id='block_1_35' title="bbox 1977 1926 3546 2016">
    <p class='ocr_par' dir='ltr' id='par_1_35' title="bbox 1977 1936 3546 2010">
     <span class='ocr_line' id='line_1_35' title="bbox 1977 1936 3546 2010; baseline -0.006 -13"><span class='ocrx_word' id='word_1_247' title='bbox 1977 1945 2124 1999; x_wconf 85' lang='lat' dir='ltr'><strong>tibus</strong></span> <span class='ocrx_word' id='word_1_248' title='bbox 2183 1944 2328 1998; x_wconf 90' lang='lat' dir='ltr'><strong>enim</strong></span> <span class='ocrx_word' id='word_1_249' title='bbox 2385 1941 2545 1997; x_wconf 88' lang='lat' dir='ltr'><strong>nobis</strong></span> <span class='ocrx_word' id='word_1_250' title='bbox 2602 1948 2824 2010; x_wconf 83' lang='lat' dir='ltr'><strong>Optatos</strong></span> <span class='ocrx_word' id='word_1_251' title='bbox 2888 1939 2976 1993; x_wconf 89' lang='lat' dir='ltr'><strong>hic</strong></span> <span class='ocrx_word' id='word_1_252' title='bbox 3022 1939 3255 1992; x_wconf 75' lang='lat' dir='ltr'><strong>habetur</strong></span> <span class='ocrx_word' id='word_1_253' title='bbox 3313 1936 3546 1997; x_wconf 80' lang='lat' dir='ltr'><strong>exitus;</strong></span> 
     </span>
    </p>
   </div>
   <div class='ocr_carea' id='block_1_36' title="bbox 279 2035 1859 2109">
    <p class='ocr_par' dir='ltr' id='par_1_36' title="bbox 279 2035 1859 2109">
     <span class='ocr_line' id='line_1_36' title="bbox 279 2035 1859 2109; baseline -0.002 -19"><span class='ocrx_word' id='word_1_254' title='bbox 279 2037 392 2107; x_wconf 73' lang='grc' dir='ltr'><strong>ἅμα</strong></span> <span class='ocrx_word' id='word_1_255' title='bbox 418 2037 503 2108; x_wconf 80' lang='grc' dir='ltr'><strong>τῷ</strong></span> <span class='ocrx_word' id='word_1_256' title='bbox 558 2039 734 2109; x_wconf 79' lang='grc' dir='ltr'>Πατρὶ</span> <span class='ocrx_word' id='word_1_257' title='bbox 779 2038 875 2092; x_wconf 74' lang='grc' dir='ltr'>καὶ</span> <span class='ocrx_word' id='word_1_258' title='bbox 921 2037 998 2108; x_wconf 85' lang='grc' dir='ltr'>τῷ</span> <span class='ocrx_word' id='word_1_259' title='bbox 1034 2036 1334 2106; x_wconf 81' lang='grc' dir='ltr'>ιΙνεύματι,</span> <span class='ocrx_word' id='word_1_260' title='bbox 1392 2035 1508 2090; x_wconf 86' lang='grc' dir='ltr'>ἀλλ’</span> <span class='ocrx_word' id='word_1_261' title='bbox 1542 2035 1859 2104; x_wconf 82' lang='grc' dir='ltr'>ἀναγκαίως</span> 
     </span>
    </p>
   </div>
   <div class='ocr_carea' id='block_1_37' title="bbox 281 2125 1863 2197">
    <p class='ocr_par' dir='ltr' id='par_1_37' title="bbox 281 2125 1863 2197">
     <span class='ocr_line' id='line_1_37' title="bbox 281 2125 1863 2197; baseline -0.003 -17"><span class='ocrx_word' id='word_1_262' title='bbox 281 2129 678 2197; x_wconf 72' lang='grc' dir='ltr'>συμπεραίνειν</span> <span class='ocrx_word' id='word_1_263' title='bbox 707 2143 721 2158; x_wconf 88' lang='grc'><strong>·</strong></span> <span class='ocrx_word' id='word_1_264' title='bbox 752 2127 1119 2181; x_wconf 80' lang='grc' dir='ltr'>συνθελόντων</span> <span class='ocrx_word' id='word_1_265' title='bbox 1143 2128 1252 2197; x_wconf 85' lang='grc' dir='ltr'>γὰρ</span> <span class='ocrx_word' id='word_1_266' title='bbox 1283 2126 1379 2179; x_wconf 71' lang='grc' dir='ltr'><strong>καὶ</strong></span> <span class='ocrx_word' id='word_1_267' title='bbox 1411 2125 1592 2197; x_wconf 75' lang='grc' dir='ltr'>ἡμῶν,</span> <span class='ocrx_word' id='word_1_268' title='bbox 1634 2125 1863 2195; x_wconf 87' lang='grc' dir='ltr'>περατοί</span> 
     </span>
    </p>
   </div>
   <div class='ocr_carea' id='block_1_38' title="bbox 284 2215 1866 2288">
    <p class='ocr_par' dir='ltr' id='par_1_38' title="bbox 284 2215 1866 2288">
     <span class='ocr_line' id='line_1_38' title="bbox 284 2215 1866 2288; baseline -0.002 -17"><span class='ocrx_word' id='word_1_269' title='bbox 284 2221 536 2288; x_wconf 79' lang='grc' dir='ltr'>συνάγων</span> <span class='ocrx_word' id='word_1_270' title='bbox 581 2218 824 2272; x_wconf 78' lang='grc' dir='ltr'>τοιοῦτον</span> <span class='ocrx_word' id='word_1_271' title='bbox 871 2220 1061 2283; x_wconf 74' lang='grc' dir='ltr'>τέλοςο</span> <span class='ocrx_word' id='word_1_272' title='bbox 1114 2218 1307 2281; x_wconf 69' lang='grc' dir='ltr'>ἀλλους</span> <span class='ocrx_word' id='word_1_273' title='bbox 1350 2217 1408 2270; x_wconf 67' lang='grc' dir='ltr'>δὲ</span> <span class='ocrx_word' id='word_1_274' title='bbox 1461 2217 1632 2282; x_wconf 82' lang='grc' dir='ltr'>ὀκνεῖ,</span> <span class='ocrx_word' id='word_1_275' title='bbox 1684 2216 1760 2279; x_wconf 83' lang='grc' dir='ltr'>ὡς</span> <span class='ocrx_word' id='word_1_276' title='bbox 1795 2215 1866 2269; x_wconf 76' lang='grc' dir='ltr'>τὰ</span> 
     </span>
    </p>
   </div>
   <div class='ocr_carea' id='block_1_39' title="bbox 281 2307 1864 2379">
    <p class='ocr_par' dir='ltr' id='par_1_39' title="bbox 281 2307 1864 2379">
     <span class='ocr_line' id='line_1_39' title="bbox 281 2307 1864 2379; baseline -0.001 -17"><span class='ocrx_word' id='word_1_277' title='bbox 281 2312 452 2365; x_wconf 77' lang='grc' dir='ltr'>’πολλὰ</span> <span class='ocrx_word' id='word_1_278' title='bbox 493 2310 686 2374; x_wconf 71' lang='grc' dir='ltr'>σώζειν</span> <span class='ocrx_word' id='word_1_279' title='bbox 722 2310 979 2373; x_wconf 73' lang='grc' dir='ltr'>ἄκοντας,</span> <span class='ocrx_word' id='word_1_280' title='bbox 1011 2311 1106 2362; x_wconf 69' lang='grc' dir='ltr'><strong>καὶ</strong></span> <span class='ocrx_word' id='word_1_281' title='bbox 1136 2311 1191 2362; x_wconf 85' lang='grc' dir='ltr'>ὲν</span> <span class='ocrx_word' id='word_1_282' title='bbox 1219 2307 1384 2379; x_wconf 83' lang='grc' dir='ltr'>κημῴ</span> <span class='ocrx_word' id='word_1_283' title='bbox 1413 2311 1507 2362; x_wconf 74' lang='grc' dir='ltr'>καὶ</span> <span class='ocrx_word' id='word_1_284' title='bbox 1532 2309 1734 2378; x_wconf 82' lang='grc' dir='ltr'>χαλινῴ</span> <span class='ocrx_word' id='word_1_285' title='bbox 1766 2307 1864 2371; x_wconf 70' lang='grc' dir='ltr'>τὰς</span> 
     </span>
    </p>
   </div>
   <div class='ocr_carea' id='block_1_40' title="bbox 285 2399 1856 2471">
    <p class='ocr_par' dir='ltr' id='par_1_40' title="bbox 285 2399 1856 2471">
     <span class='ocr_line' id='line_1_40' title="bbox 285 2399 1856 2471; baseline 0.001 -19"><span class='ocrx_word' id='word_1_286' title='bbox 285 2405 545 2470; x_wconf 79' lang='grc' dir='ltr'>σιαγόνας</span> <span class='ocrx_word' id='word_1_287' title='bbox 572 2403 765 2471; x_wconf 77' lang='grc' dir='ltr'>ἄγχειν</span> <span class='ocrx_word' id='word_1_288' title='bbox 797 2401 908 2454; x_wconf 84' lang='grc' dir='ltr'><strong>τῶν</strong></span> <span class='ocrx_word' id='word_1_289' title='bbox 948 2402 1025 2470; x_wconf 84' lang='grc' dir='ltr'>μὴ</span> <span class='ocrx_word' id='word_1_290' title='bbox 1060 2400 1351 2454; x_wconf 79' lang='grc' dir='ltr'>ἐθελόντων</span> <span class='ocrx_word' id='word_1_291' title='bbox 1406 2400 1648 2467; x_wconf 71' lang='grc' dir='ltr'>ἐγγίζειν</span> <span class='ocrx_word' id='word_1_292' title='bbox 1687 2399 1856 2468; x_wconf 73' lang='grc' dir='ltr'>αὐτῷ.</span> 
     </span>
    </p>
   </div>
   <div class='ocr_carea' id='block_1_41' title="bbox 283 2492 1858 2565">
    <p class='ocr_par' dir='ltr' id='par_1_41' title="bbox 283 2492 1858 2565">
     <span class='ocr_line' id='line_1_41' title="bbox 283 2492 1858 2565; baseline -0.003 -19"><span class='ocrx_word' id='word_1_293' title='bbox 283 2494 356 2546; x_wconf 69' lang='lat' dir='ltr'><strong>Ui:</strong></span> <span class='ocrx_word' id='word_1_294' title='bbox 383 2496 501 2565; x_wconf 78' lang='grc' dir='ltr'><strong>γάρ</strong></span> <span class='ocrx_word' id='word_1_295' title='bbox 531 2493 674 2547; x_wconf 73' lang='grc' dir='ltr'>οὕτω</span> <span class='ocrx_word' id='word_1_296' title='bbox 705 2493 898 2563; x_wconf 79' lang='grc' dir='ltr'>βιαστή</span> <span class='ocrx_word' id='word_1_297' title='bbox 925 2498 1072 2546; x_wconf 82' lang='grc' dir='ltr'>ἐστιν</span> <span class='ocrx_word' id='word_1_298' title='bbox 1104 2495 1137 2561; x_wconf 81' lang='grc' dir='ltr'>ἡ</span> <span class='ocrx_word' id='word_1_299' title='bbox 1171 2493 1421 2562; x_wconf 79' lang='grc' dir='ltr'>βασιλεία</span> <span class='ocrx_word' id='word_1_300' title='bbox 1451 2493 1559 2544; x_wconf 81' lang='grc' dir='ltr'>τῶν</span> <span class='ocrx_word' id='word_1_301' title='bbox 1593 2492 1858 2563; x_wconf 71' lang='grc' dir='ltr'>οὐρανῶν,</span> 
     </span>
    </p>
   </div>
   <div class='ocr_carea' id='block_1_42' title="bbox 280 2583 1861 2654">
    <p class='ocr_par' dir='ltr' id='par_1_42' title="bbox 280 2583 1861 2654">
     <span class='ocr_line' id='line_1_42' title="bbox 280 2583 1861 2654; baseline -0.001 -18"><span class='ocrx_word' id='word_1_302' title='bbox 280 2585 350 2648; x_wconf 79' lang='grc' dir='ltr'><strong>ὡς</strong></span> <span class='ocrx_word' id='word_1_303' title='bbox 397 2586 734 2654; x_wconf 75' lang='grc' dir='ltr'>ἑλκομένους</span> <span class='ocrx_word' id='word_1_304' title='bbox 778 2585 875 2637; x_wconf 75' lang='grc' dir='ltr'>καὶ</span> <span class='ocrx_word' id='word_1_305' title='bbox 908 2584 1378 2653; x_wconf 79' lang='grc' dir='ltr'>τυραννουμένους</span> <span class='ocrx_word' id='word_1_306' title='bbox 1422 2583 1558 2650; x_wconf 84' lang='grc' dir='ltr'>πρὸς</span> <span class='ocrx_word' id='word_1_307' title='bbox 1611 2583 1732 2650; x_wconf 70' lang='grc' dir='ltr'>βίαν</span> <span class='ocrx_word' id='word_1_308' title='bbox 1766 2586 1861 2649; x_wconf 74' lang='grc' dir='ltr'>τὴν</span> 
     </span>
    </p>
   </div>
   <div class='ocr_carea' id='block_1_43' title="bbox 282 2671 1862 2746">
    <p class='ocr_par' dir='ltr' id='par_1_43' title="bbox 282 2671 1862 2746">
     <span class='ocr_line' id='line_1_43' title="bbox 282 2671 1862 2746; baseline -0.004 -15"><span class='ocrx_word' id='word_1_309' title='bbox 282 2677 510 2731; x_wconf 73' lang='grc' dir='ltr'>ἄλλοθεν</span> <span class='ocrx_word' id='word_1_310' title='bbox 534 2677 802 2739; x_wconf 72' lang='grc' dir='ltr'>σώζεσθαι</span> <span class='ocrx_word' id='word_1_311' title='bbox 829 2677 979 2746; x_wconf 81' lang='grc' dir='ltr'>ἡμᾶς</span> <span class='ocrx_word' id='word_1_312' title='bbox 1003 2691 1020 2708; x_wconf 78' lang='grc' dir='ltr'><strong>ο</strong></span> <span class='ocrx_word' id='word_1_313' title='bbox 1053 2671 1089 2742; x_wconf 86' lang='grc' dir='ltr'><strong>ἦ</strong></span> <span class='ocrx_word' id='word_1_314' title='bbox 1121 2679 1230 2744; x_wconf 70' lang='grc' dir='ltr'><strong>γάρ</strong></span> <span class='ocrx_word' id='word_1_315' title='bbox 1259 2674 1325 2728; x_wconf 86' lang='grc' dir='ltr'>ἂν</span> <span class='ocrx_word' id='word_1_316' title='bbox 1357 2676 1463 2745; x_wconf 81' lang='grc' dir='ltr'><strong>πρὸ</strong></span> <span class='ocrx_word' id='word_1_317' title='bbox 1486 2674 1644 2744; x_wconf 60' lang='grc' dir='ltr'>ἡμῶν</span> <span class='ocrx_word' id='word_1_318' title='bbox 1669 2677 1718 2727; x_wconf 87' lang='grc' dir='ltr'><strong>οί</strong></span> <span class='ocrx_word' id='word_1_319' title='bbox 1751 2674 1862 2726; x_wconf 89' lang='grc' dir='ltr'>δαί-</span> 
     </span>
    </p>
   </div>
   <div class='ocr_carea' id='block_1_44' title="bbox 284 2767 1862 2838">
    <p class='ocr_par' dir='ltr' id='par_1_44' title="bbox 284 2767 1862 2838">
     <span class='ocr_line' id='line_1_44' title="bbox 284 2767 1862 2838; baseline -0.003 -16"><span class='ocrx_word' id='word_1_320' title='bbox 284 2786 437 2838; x_wconf 85' lang='grc' dir='ltr'>μονες</span> <span class='ocrx_word' id='word_1_321' title='bbox 465 2769 638 2822; x_wconf 74' lang='grc' dir='ltr'>τοῦτο</span> <span class='ocrx_word' id='word_1_322' title='bbox 673 2767 877 2822; x_wconf 80' lang='grc' dir='ltr'>ἔπαθον</span> <span class='ocrx_word' id='word_1_323' title='bbox 906 2769 970 2820; x_wconf 82' lang='grc' dir='ltr'>ἄν</span> <span class='ocrx_word' id='word_1_324' title='bbox 995 2781 1012 2799; x_wconf 79' lang='grc' dir='ltr'><strong><em>ο</em></strong></span> <span class='ocrx_word' id='word_1_325' title='bbox 1045 2768 1242 2820; x_wconf 80' lang='grc' dir='ltr'>οὐκοῦν</span> <span class='ocrx_word' id='word_1_326' title='bbox 1271 2767 1497 2828; x_wconf 81' lang='grc' dir='ltr'>δικαίως</span> <span class='ocrx_word' id='word_1_327' title='bbox 1528 2767 1588 2831; x_wconf 81' lang='grc' dir='ltr'>ἐξ</span> <span class='ocrx_word' id='word_1_328' title='bbox 1617 2767 1862 2836; x_wconf 77' lang='grc' dir='ltr'>ἀνάγκης</span> 
     </span>
    </p>
   </div>
   <div class='ocr_carea' id='block_1_45' title="bbox 283 2844 1864 2931">
    <p class='ocr_par' dir='ltr' id='par_1_45' title="bbox 283 2859 1864 2931">
     <span class='ocr_line' id='line_1_45' title="bbox 283 2859 1864 2931; baseline 0.001 -20"><span class='ocrx_word' id='word_1_329' title='bbox 283 2861 426 2926; x_wconf 79' lang='grc' dir='ltr'>τοὺς,</span> <span class='ocrx_word' id='word_1_330' title='bbox 458 2861 542 2924; x_wconf 79' lang='grc' dir='ltr'>ὡς</span> <span class='ocrx_word' id='word_1_331' title='bbox 580 2859 751 2926; x_wconf 79' lang='grc' dir='ltr'>οὕτως</span> <span class='ocrx_word' id='word_1_332' title='bbox 788 2862 988 2926; x_wconf 83' lang='grc' dir='ltr'>είπείν,</span> <span class='ocrx_word' id='word_1_333' title='bbox 1017 2861 1425 2931; x_wconf 82' lang='grc' dir='ltr'>ἐτερογνάθους,</span> <span class='ocrx_word' id='word_1_334' title='bbox 1459 2864 1551 2913; x_wconf 83' lang='grc' dir='ltr'><strong>καὶ</strong></span> <span class='ocrx_word' id='word_1_335' title='bbox 1589 2861 1864 2930; x_wconf 77' lang='grc' dir='ltr'>ἀστόμους</span> 
     </span>
    </p>
   </div>
   <div class='ocr_carea' id='block_1_46' title="bbox 1967 2027 3552 2103">
    <p class='ocr_par' dir='ltr' id='par_1_46' title="bbox 1967 2027 3552 2103">
     <span class='ocr_line' id='line_1_46' title="bbox 1967 2027 3552 2103; baseline -0.004 -15"><span class='ocrx_word' id='word_1_336' title='bbox 1967 2035 2106 2088; x_wconf 82' lang='lat' dir='ltr'><strong>alios</strong></span> <span class='ocrx_word' id='word_1_337' title='bbox 2143 2043 2329 2088; x_wconf 88' lang='lat' dir='ltr'><strong>autem</strong></span> <span class='ocrx_word' id='word_1_338' title='bbox 2362 2033 2686 2103; x_wconf 86' lang='lat' dir='ltr'><strong>plerumque</strong></span> <span class='ocrx_word' id='word_1_339' title='bbox 2714 2030 2892 2085; x_wconf 86' lang='lat' dir='ltr'><strong>tardat</strong></span> <span class='ocrx_word' id='word_1_340' title='bbox 2935 2031 3148 2085; x_wconf 81' lang='lat' dir='ltr'><strong>salvare</strong></span> <span class='ocrx_word' id='word_1_341' title='bbox 3219 2027 3442 2088; x_wconf 84' lang='lat' dir='ltr'><strong>invitos,</strong></span> <span class='ocrx_word' id='word_1_342' title='bbox 3495 2039 3552 2082; x_wconf 88' lang='lat' dir='ltr'><strong>et</strong></span> 
     </span>
    </p>
   </div>
   <div class='ocr_carea' id='block_1_47' title="bbox 1975 2121 3548 2190">
    <p class='ocr_par' dir='ltr' id='par_1_47' title="bbox 1975 2121 3548 2190">
     <span class='ocr_line' id='line_1_47' title="bbox 1975 2121 3548 2190; baseline -0.004 -9"><span class='ocrx_word' id='word_1_343' title='bbox 1975 2141 2134 2181; x_wconf 90' lang='lat' dir='ltr'><strong>camo</strong></span> <span class='ocrx_word' id='word_1_344' title='bbox 2202 2135 2257 2181; x_wconf 91' lang='lat' dir='ltr'><strong>et</strong></span> <span class='ocrx_word' id='word_1_345' title='bbox 2347 2128 2504 2180; x_wconf 87' lang='lat' dir='ltr'><strong>lreno</strong></span> <span class='ocrx_word' id='word_1_346' title='bbox 2571 2139 2761 2179; x_wconf 88' lang='lat' dir='ltr'><strong>eorum</strong></span> <span class='ocrx_word' id='word_1_347' title='bbox 2831 2121 3084 2176; x_wconf 77' lang='lat' dir='ltr'><strong>maxillas</strong></span> <span class='ocrx_word' id='word_1_348' title='bbox 3143 2121 3548 2190; x_wconf 74' lang='lat' dir='ltr'><strong>COIISll‘illgel&#39;c,</strong></span> 
     </span>
    </p>
   </div>
   <div class='ocr_carea' id='block_1_48' title="bbox 1969 2212 3542 2274">
    <p class='ocr_par' dir='ltr' id='par_1_48' title="bbox 1969 2212 3542 2274">
     <span class='ocr_line' id='line_1_48' title="bbox 1969 2212 3542 2274; baseline -0.005 0"><span class='ocrx_word' id='word_1_349' title='bbox 1969 2220 2270 2274; x_wconf 85' lang='lat' dir='ltr'><strong>nolentium</strong></span> <span class='ocrx_word' id='word_1_350' title='bbox 2305 2218 2567 2273; x_wconf 83' lang='lat' dir='ltr'><strong>accedere</strong></span> <span class='ocrx_word' id='word_1_351' title='bbox 2589 2215 2656 2270; x_wconf 91' lang='lat' dir='ltr'><strong>ad</strong></span> <span class='ocrx_word' id='word_1_352' title='bbox 2691 2229 2842 2270; x_wconf 88' lang='lat' dir='ltr'><strong>eum.</strong></span> <span class='ocrx_word' id='word_1_353' title='bbox 2872 2212 2990 2268; x_wconf 86' lang='lat' dir='ltr'><strong>Non</strong></span> <span class='ocrx_word' id='word_1_354' title='bbox 3037 2213 3184 2269; x_wconf 88' lang='lat' dir='ltr'><strong>enim</strong></span> <span class='ocrx_word' id='word_1_355' title='bbox 3213 2215 3286 2266; x_wconf 88' lang='lat' dir='ltr'><strong>ita</strong></span> <span class='ocrx_word' id='word_1_356' title='bbox 3331 2213 3542 2266; x_wconf 87' lang='lat' dir='ltr'><strong>violen-</strong></span> 
     </span>
    </p>
   </div>
   <div class='ocr_carea' id='block_1_49' title="bbox 1970 2309 3542 2380">
    <p class='ocr_par' dir='ltr' id='par_1_49' title="bbox 1970 2309 3542 2380">
     <span class='ocr_line' id='line_1_49' title="bbox 1970 2309 3542 2380; baseline -0.004 -14"><span class='ocrx_word' id='word_1_357' title='bbox 1970 2321 2080 2366; x_wconf 88' lang='lat' dir='ltr'><strong>tum</strong></span> <span class='ocrx_word' id='word_1_358' title='bbox 2111 2323 2195 2366; x_wconf 87' lang='lat' dir='ltr'><strong>est</strong></span> <span class='ocrx_word' id='word_1_359' title='bbox 2226 2325 2454 2380; x_wconf 79' lang='lat' dir='ltr'><strong>regnum</strong></span> <span class='ocrx_word' id='word_1_360' title='bbox 2501 2309 2792 2374; x_wconf 73' lang='lat' dir='ltr'><strong>eteloruin,</strong></span> <span class='ocrx_word' id='word_1_361' title='bbox 2827 2317 2885 2362; x_wconf 91' lang='lat' dir='ltr'><strong>ut</strong></span> <span class='ocrx_word' id='word_1_362' title='bbox 2921 2316 3128 2364; x_wconf 85' lang='lat' dir='ltr'><strong>tractos</strong></span> <span class='ocrx_word' id='word_1_363' title='bbox 3186 2317 3240 2362; x_wconf 90' lang='lat' dir='ltr'><strong>et</strong></span> <span class='ocrx_word' id='word_1_364' title='bbox 3287 2323 3383 2378; x_wconf 89' lang='lat' dir='ltr'><strong>per</strong></span> <span class='ocrx_word' id='word_1_365' title='bbox 3434 2310 3542 2361; x_wconf 73' lang='lat' dir='ltr'><strong>vim</strong></span> 
     </span>
    </p>
   </div>
   <div class='ocr_carea' id='block_1_50' title="bbox 1970 2401 3552 2472">
    <p class='ocr_par' dir='ltr' id='par_1_50' title="bbox 1970 2401 3552 2472">
     <span class='ocr_line' id='line_1_50' title="bbox 1970 2401 3552 2472; baseline -0.003 -12"><span class='ocrx_word' id='word_1_366' title='bbox 1970 2405 2191 2462; x_wconf 79' lang='lat' dir='ltr'><strong>aliunde</strong></span> <span class='ocrx_word' id='word_1_367' title='bbox 2229 2413 2450 2459; x_wconf 83' lang='lat' dir='ltr'><strong>coactos</strong></span> <span class='ocrx_word' id='word_1_368' title='bbox 2479 2404 2652 2460; x_wconf 84' lang='lat' dir='ltr'><strong>salvet</strong></span> <span class='ocrx_word' id='word_1_369' title='bbox 2681 2419 2818 2470; x_wconf 84' lang='lat' dir='ltr'><strong>nos;</strong></span> <span class='ocrx_word' id='word_1_370' title='bbox 2855 2420 2953 2457; x_wconf 90' lang='lat' dir='ltr'><strong>nec</strong></span> <span class='ocrx_word' id='word_1_371' title='bbox 2997 2401 3144 2458; x_wconf 89' lang='lat' dir='ltr'><strong>enim</strong></span> <span class='ocrx_word' id='word_1_372' title='bbox 3179 2418 3276 2472; x_wconf 90' lang='lat' dir='ltr'><strong>pro</strong></span> <span class='ocrx_word' id='word_1_373' title='bbox 3305 2404 3464 2456; x_wconf 85' lang='lat' dir='ltr'><strong>nobis</strong></span> <span class='ocrx_word' id='word_1_374' title='bbox 3498 2403 3552 2456; x_wconf 93' lang='lat' dir='ltr'><strong>id</strong></span> 
     </span>
    </p>
   </div>
   <div class='ocr_carea' id='block_1_51' title="bbox 1971 2497 3552 2567">
    <p class='ocr_par' dir='ltr' id='par_1_51' title="bbox 1971 2497 3552 2567">
     <span class='ocr_line' id='line_1_51' title="bbox 1971 2497 3552 2567; baseline -0.001 -15"><span class='ocrx_word' id='word_1_375' title='bbox 1971 2504 2245 2554; x_wconf 66' lang='lat' dir='ltr'><strong>daemones</strong></span> <span class='ocrx_word' id='word_1_376' title='bbox 2275 2508 2590 2567; x_wconf 86' lang='lat' dir='ltr'><strong>paterentur</strong></span> <span class='ocrx_word' id='word_1_377' title='bbox 2626 2513 2640 2563; x_wconf 91' lang='lat'><strong>;</strong></span> <span class='ocrx_word' id='word_1_378' title='bbox 2670 2497 2818 2566; x_wconf 85' lang='lat' dir='ltr'><strong>juste</strong></span> <span class='ocrx_word' id='word_1_379' title='bbox 2871 2497 3035 2566; x_wconf 83' lang='lat' dir='ltr'><strong>igitur</strong></span> <span class='ocrx_word' id='word_1_380' title='bbox 3099 2512 3166 2550; x_wconf 71' lang='lat' dir='ltr'><strong>ex</strong></span> <span class='ocrx_word' id='word_1_381' title='bbox 3217 2497 3552 2550; x_wconf 85' lang='lat' dir='ltr'><strong>necessitate</strong></span> 
     </span>
    </p>
   </div>
   <div class='ocr_carea' id='block_1_52' title="bbox 1969 2589 3553 2662">
    <p class='ocr_par' dir='ltr' id='par_1_52' title="bbox 1969 2589 3553 2662">
     <span class='ocr_line' id='line_1_52' title="bbox 1969 2589 3553 2662; baseline -0.003 -16"><span class='ocrx_word' id='word_1_382' title='bbox 1969 2608 2064 2646; x_wconf 90' lang='lat' dir='ltr'><strong>eos</strong></span> <span class='ocrx_word' id='word_1_383' title='bbox 2098 2593 2212 2662; x_wconf 88' lang='lat' dir='ltr'><strong>qui,</strong></span> <span class='ocrx_word' id='word_1_384' title='bbox 2247 2602 2303 2646; x_wconf 94' lang='lat' dir='ltr'><strong>ut</strong></span> <span class='ocrx_word' id='word_1_385' title='bbox 2333 2591 2406 2644; x_wconf 82' lang='lat' dir='ltr'><strong>ita</strong></span> <span class='ocrx_word' id='word_1_386' title='bbox 2447 2592 2650 2656; x_wconf 86' lang='lat' dir='ltr'><strong>dicam,</strong></span> <span class='ocrx_word' id='word_1_387' title='bbox 2680 2591 2948 2646; x_wconf 82' lang='lat' dir='ltr'><strong>indociles</strong></span> <span class='ocrx_word' id='word_1_388' title='bbox 3000 2601 3130 2645; x_wconf 90' lang='lat' dir='ltr'><strong>sunt</strong></span> <span class='ocrx_word' id='word_1_389' title='bbox 3155 2601 3208 2644; x_wconf 88' lang='lat' dir='ltr'><strong>et</strong></span> <span class='ocrx_word' id='word_1_390' title='bbox 3240 2589 3379 2642; x_wconf 88' lang='lat' dir='ltr'><strong>dura</strong></span> <span class='ocrx_word' id='word_1_391' title='bbox 3429 2604 3553 2642; x_wconf 89' lang='lat' dir='ltr'><strong>cer-</strong></span> 
     </span>
    </p>
   </div>
   <div class='ocr_carea' id='block_1_53' title="bbox 1971 2680 3556 2755">
    <p class='ocr_par' dir='ltr' id='par_1_53' title="bbox 1971 2680 3556 2755">
     <span class='ocr_line' id='line_1_53' title="bbox 1971 2680 3556 2755; baseline -0.001 -21"><span class='ocrx_word' id='word_1_392' title='bbox 1971 2685 2108 2746; x_wconf 71' lang='lat' dir='ltr'><strong>vice,</strong></span> <span class='ocrx_word' id='word_1_393' title='bbox 2169 2693 2223 2736; x_wconf 89' lang='lat' dir='ltr'><strong>et</strong></span> <span class='ocrx_word' id='word_1_394' title='bbox 2254 2681 2393 2755; x_wconf 66' lang='lat' dir='ltr'><strong>Lreni</strong></span> <span class='ocrx_word' id='word_1_395' title='bbox 2421 2683 2766 2752; x_wconf 83' lang='lat' dir='ltr'><strong>impatientes</strong></span> <span class='ocrx_word' id='word_1_396' title='bbox 2795 2688 2894 2747; x_wconf 82' lang='lat' dir='ltr'><strong>ita,</strong></span> <span class='ocrx_word' id='word_1_397' title='bbox 2932 2691 2992 2734; x_wconf 90' lang='lat' dir='ltr'><strong>ut</strong></span> <span class='ocrx_word' id='word_1_398' title='bbox 3022 2680 3246 2734; x_wconf 75' lang='lat' dir='ltr'><strong>omnino</strong></span> <span class='ocrx_word' id='word_1_399' title='bbox 3313 2680 3556 2750; x_wconf 75' lang='lat' dir='ltr'><strong>dirigens</strong></span> 
     </span>
    </p>
   </div>
   <div class='ocr_carea' id='block_1_54' title="bbox 1969 2773 3556 2846">
    <p class='ocr_par' dir='ltr' id='par_1_54' title="bbox 1969 2773 3556 2846">
     <span class='ocr_line' id='line_1_54' title="bbox 1969 2773 3556 2846; baseline -0.003 -18"><span class='ocrx_word' id='word_1_400' title='bbox 1969 2791 2066 2829; x_wconf 87' lang='lat' dir='ltr'><strong>eos</strong></span> <span class='ocrx_word' id='word_1_401' title='bbox 2089 2775 2299 2829; x_wconf 67' lang='lat' dir='ltr'><strong>licitum</strong></span> <span class='ocrx_word' id='word_1_402' title='bbox 2333 2777 2551 2846; x_wconf 87' lang='lat' dir='ltr'><strong>penitus</strong></span> <span class='ocrx_word' id='word_1_403' title='bbox 2573 2776 2857 2844; x_wconf 84' lang='lat' dir='ltr'><strong>abjiciant,</strong></span> <span class='ocrx_word' id='word_1_404' title='bbox 2882 2775 2936 2827; x_wconf 89' lang='lat' dir='ltr'><strong>iu</strong></span> <span class='ocrx_word' id='word_1_405' title='bbox 2959 2774 3215 2844; x_wconf 77' lang='lat' dir='ltr'><strong>abysSum</strong></span> <span class='ocrx_word' id='word_1_406' title='bbox 3245 2773 3556 2842; x_wconf 74' lang='lat' dir='ltr'><strong>praecipites</strong></span> 
     </span>
    </p>
   </div>
   <div class='ocr_carea' id='block_1_55' title="bbox 1973 2868 2269 2922">
    <p class='ocr_par' dir='ltr' id='par_1_55' title="bbox 1973 2868 2269 2922">
     <span class='ocr_line' id='line_1_55' title="bbox 1973 2868 2269 2922; baseline -0.007 0"><span class='ocrx_word' id='word_1_407' title='bbox 1973 2868 2090 2922; x_wconf 87' lang='lat' dir='ltr'><strong>dari</strong></span> <span class='ocrx_word' id='word_1_408' title='bbox 2113 2869 2269 2921; x_wconf 90' lang='lat' dir='ltr'><strong>sinit.</strong></span> 
     </span>
    </p>
   </div>
   <div class='ocr_carea' id='block_1_56' title="bbox 283 2953 3553 3036">
    <p class='ocr_par' dir='ltr' id='par_1_56' title="bbox 283 2953 3553 3036">
     <span class='ocr_line' id='line_1_56' title="bbox 283 2953 3553 3036; baseline 0.002 -32"><span class='ocrx_word' id='word_1_409' title='bbox 283 2957 374 3006; x_wconf 71' lang='lat' dir='ltr'><strong>xui</strong></span> <span class='ocrx_word' id='word_1_410' title='bbox 408 2956 706 3023; x_wconf 77' lang='grc' dir='ltr'>δυσηνίους</span> <span class='ocrx_word' id='word_1_411' title='bbox 742 2960 800 3036; x_wconf 69' lang='grc' dir='ltr'><strong>εν</strong></span> <span class='ocrx_word' id='word_1_412' title='bbox 823 2954 900 3023; x_wconf 74' lang='grc' dir='ltr'>τῴ</span> <span class='ocrx_word' id='word_1_413' title='bbox 933 2955 1113 3022; x_wconf 84' lang='grc' dir='ltr'>πάντη</span> <span class='ocrx_word' id='word_1_414' title='bbox 1159 2953 1376 3016; x_wconf 85' lang='grc' dir='ltr'>πάντως</span> <span class='ocrx_word' id='word_1_415' title='bbox 1422 2953 1725 3010; x_wconf 85' lang='grc' dir='ltr'>ἀποπτύειν</span> <span class='ocrx_word' id='word_1_416' title='bbox 1775 2955 1868 3011; x_wconf 84' lang='grc' dir='ltr'>τὸν</span> <span class='ocrx_word' id='word_1_417' title='bbox 1904 2957 2284 3013; x_wconf 83' lang='grc' dir='ltr'>ἀπευθύνοντα</span> <span class='ocrx_word' id='word_1_418' title='bbox 2313 2960 2553 3030; x_wconf 67' lang='grc' dir='ltr'>χαλινὸν,</span> <span class='ocrx_word' id='word_1_419' title='bbox 2603 2958 2798 3030; x_wconf 74' lang='grc' dir='ltr'>ἀφίησι</span> <span class='ocrx_word' id='word_1_420' title='bbox 2863 2958 3007 3012; x_wconf 83' lang='grc' dir='ltr'><strong>κατά</strong></span> <span class='ocrx_word' id='word_1_421' title='bbox 3070 2959 3316 3028; x_wconf 78' lang='grc' dir='ltr'>κρημνοῦ</span> <span class='ocrx_word' id='word_1_422' title='bbox 3385 2959 3553 3030; x_wconf 78' lang='grc' dir='ltr'>φέρε-</span> 
     </span>
    </p>
   </div>
   <div class='ocr_carea' id='block_1_57' title="bbox 280 3053 419 3104">
    <p class='ocr_par' dir='ltr' id='par_1_57' title="bbox 280 3053 419 3104">
     <span class='ocr_line' id='line_1_57' title="bbox 280 3053 419 3104; baseline 0 -2"><span class='ocrx_word' id='word_1_423' title='bbox 280 3053 419 3104; x_wconf 82' lang='grc' dir='ltr'>σθαι.</span> 
     </span>
    </p>
   </div>
   <div class='ocr_carea' id='block_1_58' title="bbox 344 3141 1870 3215">
    <p class='ocr_par' dir='ltr' id='par_1_58' title="bbox 344 3141 1870 3215">
     <span class='ocr_line' id='line_1_58' title="bbox 344 3141 1870 3215; baseline 0.001 -18"><span class='ocrx_word' id='word_1_424' title='bbox 344 3147 438 3201; x_wconf 82' lang='grc' dir='ltr'>λδ’.</span> <span class='ocrx_word' id='word_1_425' title='bbox 475 3145 610 3197; x_wconf 85' lang='grc' dir='ltr'>’Ἔτι</span> <span class='ocrx_word' id='word_1_426' title='bbox 655 3145 781 3214; x_wconf 85' lang='grc' dir='ltr'>ὄρος</span> <span class='ocrx_word' id='word_1_427' title='bbox 815 3143 1033 3212; x_wconf 82' lang='grc' dir='ltr'>λέγεται</span> <span class='ocrx_word' id='word_1_428' title='bbox 1067 3141 1200 3213; x_wconf 83' lang='grc' dir='ltr'>θείῳ</span> <span class='ocrx_word' id='word_1_429' title='bbox 1240 3144 1429 3215; x_wconf 83' lang='grc' dir='ltr'>τρόπῳ</span> <span class='ocrx_word' id='word_1_430' title='bbox 1465 3144 1562 3196; x_wconf 74' lang='grc' dir='ltr'><strong>καὶ</strong></span> <span class='ocrx_word' id='word_1_431' title='bbox 1595 3144 1738 3214; x_wconf 83' lang='grc' dir='ltr'>λόγῳ</span> <span class='ocrx_word' id='word_1_432' title='bbox 1773 3147 1870 3201; x_wconf 66' lang='grc' dir='ltr'>καὶ</span> 
     </span>
    </p>
   </div>
   <div class='ocr_carea' id='block_1_59' title="bbox 277 3237 1862 3310">
    <p class='ocr_par' dir='ltr' id='par_1_59' title="bbox 277 3237 1862 3310">
     <span class='ocr_line' id='line_1_59' title="bbox 277 3237 1862 3310; baseline 0.001 -19"><span class='ocrx_word' id='word_1_433' title='bbox 277 3240 367 3294; x_wconf 70' lang='grc' dir='ltr'><strong>ἐπὶ</strong></span> <span class='ocrx_word' id='word_1_434' title='bbox 420 3242 598 3310; x_wconf 80' lang='grc' dir='ltr'>ἱερῶν</span> <span class='ocrx_word' id='word_1_435' title='bbox 663 3238 1047 3305; x_wconf 84' lang='grc' dir='ltr'>ἀποφάνσεων,</span> <span class='ocrx_word' id='word_1_436' title='bbox 1095 3238 1187 3289; x_wconf 74' lang='grc' dir='ltr'><strong>καὶ</strong></span> <span class='ocrx_word' id='word_1_437' title='bbox 1236 3237 1396 3289; x_wconf 84' lang='grc' dir='ltr'>θείων</span> <span class='ocrx_word' id='word_1_438' title='bbox 1454 3237 1862 3307; x_wconf 78' lang='grc' dir='ltr'>κελευσμάτων.</span> 
     </span>
    </p>
   </div>
   <div class='ocr_carea' id='block_1_60' title="bbox 2047 3141 3552 3218">
    <p class='ocr_par' dir='ltr' id='par_1_60' title="bbox 2047 3141 3552 3218">
     <span class='ocr_line' id='line_1_60' title="bbox 2047 3141 3552 3218; baseline -0.006 -13"><span class='ocrx_word' id='word_1_439' title='bbox 2047 3151 2135 3205; x_wconf 73' lang='grc'><strong>54.</strong></span> <span class='ocrx_word' id='word_1_440' title='bbox 2170 3148 2381 3203; x_wconf 84' lang='lat' dir='ltr'><strong>Dicitur</strong></span> <span class='ocrx_word' id='word_1_441' title='bbox 2412 3161 2630 3218; x_wconf 90' lang='lat' dir='ltr'><strong>quoque</strong></span> <span class='ocrx_word' id='word_1_442' title='bbox 2661 3147 2785 3218; x_wconf 84' lang='grc' dir='ltr'>ὅρος</span> <span class='ocrx_word' id='word_1_443' title='bbox 2825 3143 2988 3198; x_wconf 90' lang='lat' dir='ltr'><strong>modo</strong></span> <span class='ocrx_word' id='word_1_444' title='bbox 3026 3143 3213 3198; x_wconf 78' lang='lat' dir='ltr'><strong>divino</strong></span> <span class='ocrx_word' id='word_1_445' title='bbox 3266 3151 3323 3196; x_wconf 91' lang='lat' dir='ltr'><strong>et</strong></span> <span class='ocrx_word' id='word_1_446' title='bbox 3359 3141 3552 3196; x_wconf 68' lang='lat' dir='ltr'><strong>verbo.</strong></span> 
     </span>
    </p>
   </div>
   <div class='ocr_carea' id='block_1_61' title="bbox 1976 3236 3552 3298">
    <p class='ocr_par' dir='ltr' id='par_1_61' title="bbox 1976 3236 3552 3298">
     <span class='ocr_line' id='line_1_61' title="bbox 1976 3236 3552 3298; baseline -0.005 0"><span class='ocrx_word' id='word_1_447' title='bbox 1976 3245 2045 3298; x_wconf 85' lang='lat' dir='ltr'><strong>de</strong></span> <span class='ocrx_word' id='word_1_448' title='bbox 2093 3243 2266 3297; x_wconf 88' lang='lat' dir='ltr'><strong>sacris</strong></span> <span class='ocrx_word' id='word_1_449' title='bbox 2318 3241 2497 3296; x_wconf 76' lang='lat' dir='ltr'><strong>elTatis</strong></span> <span class='ocrx_word' id='word_1_450' title='bbox 2529 3251 2585 3294; x_wconf 86' lang='lat' dir='ltr'><strong>et</strong></span> <span class='ocrx_word' id='word_1_451' title='bbox 2629 3238 2834 3292; x_wconf 81' lang='lat' dir='ltr'><strong>divinis</strong></span> <span class='ocrx_word' id='word_1_452' title='bbox 2918 3237 3239 3290; x_wconf 85' lang='lat' dir='ltr'><strong>unionibus.</strong></span> <span class='ocrx_word' id='word_1_453' title='bbox 3307 3236 3552 3290; x_wconf 81' lang='lat' dir='ltr'><strong>Dicimus</strong></span> 
     </span>
    </p>
   </div>
   <div class='ocr_carea' id='block_1_62' title="bbox 284 3321 1886 3404">
    <p class='ocr_par' dir='ltr' id='par_1_62' title="bbox 284 3329 1872 3403">
     <span class='ocr_line' id='line_1_62' title="bbox 284 3329 1872 3403; baseline 0 -19"><span class='ocrx_word' id='word_1_454' title='bbox 284 3331 449 3403; x_wconf 83' lang='grc' dir='ltr'>Ὅρον</span> <span class='ocrx_word' id='word_1_455' title='bbox 478 3331 622 3402; x_wconf 74' lang='grc' dir='ltr'>γοῦν</span> <span class='ocrx_word' id='word_1_456' title='bbox 644 3331 738 3400; x_wconf 84' lang='grc' dir='ltr'><strong>τῆς</strong></span> <span class='ocrx_word' id='word_1_457' title='bbox 776 3329 938 3397; x_wconf 84' lang='grc' dir='ltr'>ἁγίας</span> <span class='ocrx_word' id='word_1_458' title='bbox 973 3330 1193 3381; x_wconf 76' lang='grc' dir='ltr'>συνόδου</span> <span class='ocrx_word' id='word_1_459' title='bbox 1217 3330 1397 3398; x_wconf 81' lang='grc' dir='ltr'>φαμέν</span> <span class='ocrx_word' id='word_1_460' title='bbox 1425 3345 1568 3394; x_wconf 88' lang='grc' dir='ltr'>τινα,</span> <span class='ocrx_word' id='word_1_461' title='bbox 1607 3335 1696 3382; x_wconf 77' lang='grc' dir='ltr'><strong>καὶ</strong></span> <span class='ocrx_word' id='word_1_462' title='bbox 1715 3331 1872 3402; x_wconf 82' lang='grc' dir='ltr'><strong>βασι⁹</strong></span> 
     </span>
    </p>
   </div>
   <div class='ocr_carea' id='block_1_63' title="bbox 1977 3321 3555 3404">
    <p class='ocr_par' dir='ltr' id='par_1_63' title="bbox 1978 3329 3555 3404">
     <span class='ocr_line' id='line_1_63' title="bbox 1978 3329 3555 3404; baseline -0.006 -15"><span class='ocrx_word' id='word_1_463' title='bbox 1978 3338 2107 3394; x_wconf 85' lang='lat' dir='ltr'><strong>item</strong></span> <span class='ocrx_word' id='word_1_464' title='bbox 2145 3337 2269 3404; x_wconf 83' lang='grc' dir='ltr'>ὅρον</span> <span class='ocrx_word' id='word_1_465' title='bbox 2306 3348 2476 3388; x_wconf 67' lang='lat' dir='ltr'><strong>sacrae</strong></span> <span class='ocrx_word' id='word_1_466' title='bbox 2544 3332 2758 3402; x_wconf 84' lang='lat' dir='ltr'><strong>synodi,</strong></span> <span class='ocrx_word' id='word_1_467' title='bbox 2808 3341 2861 3385; x_wconf 87' lang='lat' dir='ltr'><strong>et</strong></span> <span class='ocrx_word' id='word_1_468' title='bbox 2917 3329 3232 3399; x_wconf 81' lang='grc' dir='ltr'>βασιλικοὺς</span> <span class='ocrx_word' id='word_1_469' title='bbox 3289 3330 3555 3398; x_wconf 73' lang='grc' dir='ltr'>ὁρισμοὺς</span> 
     </span>
    </p>
   </div>
   <div class='ocr_carea' id='block_1_64' title="bbox 286 3418 1870 3493">
    <p class='ocr_par' dir='ltr' id='par_1_64' title="bbox 286 3418 1870 3493">
     <span class='ocr_line' id='line_1_64' title="bbox 286 3418 1870 3493; baseline 0.003 -21"><span class='ocrx_word' id='word_1_470' title='bbox 286 3422 468 3487; x_wconf 76' lang='grc' dir='ltr'>λικους</span> <span class='ocrx_word' id='word_1_471' title='bbox 498 3421 767 3493; x_wconf 74' lang='grc' dir='ltr'>ὁρισμούς</span> <span class='ocrx_word' id='word_1_472' title='bbox 786 3435 799 3448; x_wconf 85' lang='lat'><strong><em>°</em></strong></span> <span class='ocrx_word' id='word_1_473' title='bbox 828 3419 856 3471; x_wconf 85' lang='grc' dir='ltr'><strong>ὃ</strong></span> <span class='ocrx_word' id='word_1_474' title='bbox 887 3418 980 3472; x_wconf 71' lang='grc' dir='ltr'>καὶ</span> <span class='ocrx_word' id='word_1_475' title='bbox 1010 3421 1163 3484; x_wconf 79' lang='grc' dir='ltr'>αὐτὸ,</span> <span class='ocrx_word' id='word_1_476' title='bbox 1187 3422 1424 3489; x_wconf 79' lang='grc' dir='ltr'>ἄγχιστα</span> <span class='ocrx_word' id='word_1_477' title='bbox 1450 3423 1629 3472; x_wconf 83' lang='grc' dir='ltr'>κεῖται</span> <span class='ocrx_word' id='word_1_478' title='bbox 1653 3423 1744 3474; x_wconf 80' lang='grc' dir='ltr'>τοῦ</span> <span class='ocrx_word' id='word_1_479' title='bbox 1775 3427 1870 3477; x_wconf 76' lang='grc' dir='ltr'><strong>καὶ</strong></span> 
     </span>
    </p>
   </div>
   <div class='ocr_carea' id='block_1_65' title="bbox 284 3511 1870 3585">
    <p class='ocr_par' dir='ltr' id='par_1_65' title="bbox 284 3511 1870 3585">
     <span class='ocr_line' id='line_1_65' title="bbox 284 3511 1870 3585; baseline 0.001 -20"><span class='ocrx_word' id='word_1_480' title='bbox 284 3516 437 3585; x_wconf 84' lang='grc' dir='ltr'>ὅρους</span> <span class='ocrx_word' id='word_1_481' title='bbox 469 3517 687 3568; x_wconf 78' lang='grc' dir='ltr'>εἰπεῖν’</span> <span class='ocrx_word' id='word_1_482' title='bbox 723 3511 1016 3566; x_wconf 87' lang='grc' dir='ltr'>κάντεῦθεν</span> <span class='ocrx_word' id='word_1_483' title='bbox 1039 3511 1228 3580; x_wconf 85' lang='grc' dir='ltr'>ὥρισε,</span> <span class='ocrx_word' id='word_1_484' title='bbox 1266 3517 1469 3582; x_wconf 77' lang='grc' dir='ltr'>φαμὲν,</span> <span class='ocrx_word' id='word_1_485' title='bbox 1506 3515 1538 3582; x_wconf 79' lang='grc' dir='ltr'>ἡ</span> <span class='ocrx_word' id='word_1_486' title='bbox 1571 3515 1705 3581; x_wconf 87' lang='grc' dir='ltr'>ἀγία</span> <span class='ocrx_word' id='word_1_487' title='bbox 1741 3515 1870 3568; x_wconf 73' lang='grc' dir='ltr'>συν-</span> 
     </span>
    </p>
   </div>
   <div class='ocr_carea' id='block_1_66' title="bbox 287 3605 1874 3675">
    <p class='ocr_par' dir='ltr' id='par_1_66' title="bbox 287 3605 1874 3675">
     <span class='ocr_line' id='line_1_66' title="bbox 287 3605 1874 3675; baseline -0.001 -15"><span class='ocrx_word' id='word_1_488' title='bbox 287 3610 419 3674; x_wconf 76' lang='grc' dir='ltr'>οὸος,</span> <span class='ocrx_word' id='word_1_489' title='bbox 477 3608 578 3660; x_wconf 76' lang='grc' dir='ltr'><strong>καὶ</strong></span> <span class='ocrx_word' id='word_1_490' title='bbox 643 3606 845 3675; x_wconf 84' lang='grc' dir='ltr'>ὥρισεν</span> <span class='ocrx_word' id='word_1_491' title='bbox 888 3607 917 3658; x_wconf 84' lang='grc' dir='ltr'>ὁ</span> <span class='ocrx_word' id='word_1_492' title='bbox 981 3605 1359 3674; x_wconf 74' lang='grc' dir='ltr'>αὐτοκράτωρ.</span> <span class='ocrx_word' id='word_1_493' title='bbox 1411 3605 1766 3674; x_wconf 76' lang='grc' dir='ltr'>Λαμϐἀνουσι</span> <span class='ocrx_word' id='word_1_494' title='bbox 1815 3608 1874 3658; x_wconf 82' lang='grc' dir='ltr'>δὲ</span> 
     </span>
    </p>
   </div>
   <div class='ocr_carea' id='block_1_67' title="bbox 289 3694 1873 3770">
    <p class='ocr_par' dir='ltr' id='par_1_67' title="bbox 289 3694 1873 3770">
     <span class='ocr_line' id='line_1_67' title="bbox 289 3694 1873 3770; baseline -0.003 -18"><span class='ocrx_word' id='word_1_495' title='bbox 289 3699 547 3770; x_wconf 72' lang='grc' dir='ltr'>ἀφορμὴν</span> <span class='ocrx_word' id='word_1_496' title='bbox 584 3699 724 3752; x_wconf 76' lang='grc' dir='ltr'>αὐτὰ</span> <span class='ocrx_word' id='word_1_497' title='bbox 757 3697 838 3760; x_wconf 84' lang='grc' dir='ltr'><strong>είς</strong></span> <span class='ocrx_word' id='word_1_498' title='bbox 873 3698 938 3749; x_wconf 78' lang='grc' dir='ltr'>τὸ</span> <span class='ocrx_word' id='word_1_499' title='bbox 984 3694 1158 3758; x_wconf 82' lang='grc' dir='ltr'>οὓτως</span> <span class='ocrx_word' id='word_1_500' title='bbox 1207 3694 1527 3764; x_wconf 81' lang='grc' dir='ltr'>ὠνομάσθαι</span> <span class='ocrx_word' id='word_1_501' title='bbox 1561 3695 1594 3764; x_wconf 84' lang='grc' dir='ltr'>ἢ</span> <span class='ocrx_word' id='word_1_502' title='bbox 1626 3697 1735 3749; x_wconf 82' lang='grc' dir='ltr'><strong>ἀπὸ</strong></span> <span class='ocrx_word' id='word_1_503' title='bbox 1779 3696 1873 3748; x_wconf 85' lang='grc' dir='ltr'><strong>τοῦ</strong></span> 
     </span>
    </p>
   </div>
   <div class='ocr_carea' id='block_1_68' title="bbox 288 3786 1876 3858">
    <p class='ocr_par' dir='ltr' id='par_1_68' title="bbox 288 3786 1876 3858">
     <span class='ocr_line' id='line_1_68' title="bbox 288 3786 1876 3858; baseline -0.003 -14"><span class='ocrx_word' id='word_1_504' title='bbox 288 3796 426 3846; x_wconf 74' lang='grc' dir='ltr'>κατὰ</span> <span class='ocrx_word' id='word_1_505' title='bbox 453 3795 560 3855; x_wconf 77' lang='grc' dir='ltr'><strong>τὰς</strong></span> <span class='ocrx_word' id='word_1_506' title='bbox 614 3791 774 3856; x_wconf 84' lang='grc' dir='ltr'>γαίας</span> <span class='ocrx_word' id='word_1_507' title='bbox 829 3789 1124 3858; x_wconf 79' lang='grc' dir='ltr'>εἰρημένου</span> <span class='ocrx_word' id='word_1_508' title='bbox 1159 3789 1310 3856; x_wconf 79' lang='grc' dir='ltr'>ὅρου.</span> <span class='ocrx_word' id='word_1_509' title='bbox 1369 3786 1457 3849; x_wconf 80' lang='grc' dir='ltr'>Ὠς</span> <span class='ocrx_word' id='word_1_510' title='bbox 1511 3792 1622 3857; x_wconf 74' lang='grc' dir='ltr'>γὰρ</span> <span class='ocrx_word' id='word_1_511' title='bbox 1669 3791 1876 3850; x_wconf 82' lang='grc' dir='ltr'>ἐκεῖνος</span> 
     </span>
    </p>
   </div>
   <div class='ocr_carea' id='block_1_69' title="bbox 287 3877 1874 3954">
    <p class='ocr_par' dir='ltr' id='par_1_69' title="bbox 287 3877 1874 3954">
     <span class='ocr_line' id='line_1_69' title="bbox 287 3877 1874 3954; baseline -0.004 -18"><span class='ocrx_word' id='word_1_512' title='bbox 287 3887 631 3954; x_wconf 59' lang='grc' dir='ltr'>περιγράρει</span> <span class='ocrx_word' id='word_1_513' title='bbox 657 3884 718 3934; x_wconf 81' lang='grc' dir='ltr'><strong>το</strong></span> <span class='ocrx_word' id='word_1_514' title='bbox 754 3881 863 3934; x_wconf 72' lang='grc' dir='ltr'><strong>ἐδω</strong></span> <span class='ocrx_word' id='word_1_515' title='bbox 890 3878 1059 3933; x_wconf 79' lang='grc' dir='ltr'>αὑτοῦ</span> <span class='ocrx_word' id='word_1_516' title='bbox 1090 3881 1170 3941; x_wconf 83' lang='grc' dir='ltr'><strong>είς</strong></span> <span class='ocrx_word' id='word_1_517' title='bbox 1205 3879 1574 3947; x_wconf 73' lang='grc' dir='ltr'>ἁμετάϐατον,</span> <span class='ocrx_word' id='word_1_518' title='bbox 1602 3877 1745 3930; x_wconf 82' lang='grc' dir='ltr'>οὕτω</span> <span class='ocrx_word' id='word_1_519' title='bbox 1779 3880 1874 3930; x_wconf 77' lang='grc' dir='ltr'><strong>καὶ</strong></span> 
     </span>
    </p>
   </div>
   <div class='ocr_carea' id='block_1_70' title="bbox 289 3970 1871 4046">
    <p class='ocr_par' dir='ltr' id='par_1_70' title="bbox 289 3970 1871 4046">
     <span class='ocr_line' id='line_1_70' title="bbox 289 3970 1871 4046; baseline -0.004 -18"><span class='ocrx_word' id='word_1_520' title='bbox 289 3978 337 4028; x_wconf 79' lang='grc' dir='ltr'>οἱ</span> <span class='ocrx_word' id='word_1_521' title='bbox 361 3978 632 4046; x_wconf 77' lang='grc' dir='ltr'>ῥηθέντες</span> <span class='ocrx_word' id='word_1_522' title='bbox 662 3975 952 4043; x_wconf 75' lang='grc' dir='ltr'>σεϐάσμιοι</span> <span class='ocrx_word' id='word_1_523' title='bbox 978 3973 1096 4041; x_wconf 82' lang='grc' dir='ltr'>ὅροι</span> <span class='ocrx_word' id='word_1_524' title='bbox 1117 3971 1178 4023; x_wconf 84' lang='grc' dir='ltr'><strong>τὸ</strong></span> <span class='ocrx_word' id='word_1_525' title='bbox 1213 3970 1303 4021; x_wconf 82' lang='grc' dir='ltr'><strong>ὑπ’</strong></span> <span class='ocrx_word' id='word_1_526' title='bbox 1335 3971 1518 4022; x_wconf 75' lang='grc' dir='ltr'>αὐτῶν</span> <span class='ocrx_word' id='word_1_527' title='bbox 1554 3970 1871 4036; x_wconf 76' lang='grc' dir='ltr'>κελευσθὲν,</span> 
     </span>
    </p>
   </div>
   <div class='ocr_carea' id='block_1_71' title="bbox 288 4060 1877 4132">
    <p class='ocr_par' dir='ltr' id='par_1_71' title="bbox 288 4060 1877 4132">
     <span class='ocr_line' id='line_1_71' title="bbox 288 4060 1877 4132; baseline -0.004 -13"><span class='ocrx_word' id='word_1_528' title='bbox 288 4071 384 4121; x_wconf 79' lang='grc' dir='ltr'>καὶ</span> <span class='ocrx_word' id='word_1_529' title='bbox 419 4064 674 4118; x_wconf 85' lang='grc' dir='ltr'>ποιοῦσιν</span> <span class='ocrx_word' id='word_1_530' title='bbox 728 4065 903 4115; x_wconf 76' lang='grc' dir='ltr'>ἐκεῖνο</span> <span class='ocrx_word' id='word_1_531' title='bbox 938 4061 1172 4132; x_wconf 79' lang='grc' dir='ltr'>βεϐηκὸς</span> <span class='ocrx_word' id='word_1_532' title='bbox 1223 4060 1316 4116; x_wconf 77' lang='grc' dir='ltr'>καὶ</span> <span class='ocrx_word' id='word_1_533' title='bbox 1364 4062 1739 4130; x_wconf 85' lang='grc' dir='ltr'>ἀπαράϐατον,</span> <span class='ocrx_word' id='word_1_534' title='bbox 1783 4064 1877 4112; x_wconf 66' lang='grc' dir='ltr'><strong>καὶ¹</strong></span> 
     </span>
    </p>
   </div>
   <div class='ocr_carea' id='block_1_72' title="bbox 289 4150 1874 4226">
    <p class='ocr_par' dir='ltr' id='par_1_72' title="bbox 289 4150 1874 4226">
     <span class='ocr_line' id='line_1_72' title="bbox 289 4150 1874 4226; baseline -0.004 -19"><span class='ocrx_word' id='word_1_535' title='bbox 289 4155 713 4226; x_wconf 68' lang='grc' dir='ltr'>ἀναντίρρητον,</span> <span class='ocrx_word' id='word_1_536' title='bbox 739 4157 830 4204; x_wconf 82' lang='grc' dir='ltr'>καὶ</span> <span class='ocrx_word' id='word_1_537' title='bbox 853 4153 1066 4219; x_wconf 78' lang='grc' dir='ltr'>ἄμαχον</span> <span class='ocrx_word' id='word_1_538' title='bbox 1081 4152 1177 4203; x_wconf 84' lang='grc' dir='ltr'>τοῦ</span> <span class='ocrx_word' id='word_1_539' title='bbox 1200 4150 1413 4215; x_wconf 86' lang='grc' dir='ltr'>λοιποῦ,</span> <span class='ocrx_word' id='word_1_540' title='bbox 1440 4153 1554 4214; x_wconf 80' lang='grc' dir='ltr'>καὶ,</span> <span class='ocrx_word' id='word_1_541' title='bbox 1577 4151 1652 4213; x_wconf 85' lang='grc' dir='ltr'><strong>ὡς</strong></span> <span class='ocrx_word' id='word_1_542' title='bbox 1679 4157 1874 4216; x_wconf 84' lang='grc' dir='ltr'>είπεῐν,</span> 
     </span>
    </p>
   </div>
   <div class='ocr_carea' id='block_1_73' title="bbox 287 4243 1878 4317">
    <p class='ocr_par' dir='ltr' id='par_1_73' title="bbox 287 4243 1878 4317">
     <span class='ocr_line' id='line_1_73' title="bbox 287 4243 1878 4317; baseline -0.001 -17"><span class='ocrx_word' id='word_1_543' title='bbox 287 4245 547 4316; x_wconf 79' lang='grc' dir='ltr'>ἀδήριτον</span> <span class='ocrx_word' id='word_1_544' title='bbox 575 4258 589 4273; x_wconf 72' lang='grc'>⁸</span> <span class='ocrx_word' id='word_1_545' title='bbox 626 4244 655 4296; x_wconf 85' lang='grc' dir='ltr'>ὃ</span> <span class='ocrx_word' id='word_1_546' title='bbox 686 4243 752 4314; x_wconf 81' lang='grc' dir='ltr'>δὴ</span> <span class='ocrx_word' id='word_1_547' title='bbox 802 4247 896 4296; x_wconf 80' lang='grc' dir='ltr'><strong>καὶ</strong></span> <span class='ocrx_word' id='word_1_548' title='bbox 927 4243 1022 4296; x_wconf 83' lang='grc' dir='ltr'>τοῦ</span> <span class='ocrx_word' id='word_1_549' title='bbox 1064 4248 1206 4296; x_wconf 76' lang='grc' dir='ltr'>κατὰ</span> <span class='ocrx_word' id='word_1_550' title='bbox 1251 4245 1352 4315; x_wconf 81' lang='grc' dir='ltr'>τὴν</span> <span class='ocrx_word' id='word_1_551' title='bbox 1382 4246 1486 4311; x_wconf 81' lang='grc' dir='ltr'>γὴν</span> <span class='ocrx_word' id='word_1_552' title='bbox 1534 4247 1660 4312; x_wconf 79' lang='grc' dir='ltr'>ὅρου</span> <span class='ocrx_word' id='word_1_553' title='bbox 1704 4249 1878 4317; x_wconf 79' lang='grc' dir='ltr'>ἀρετὴ</span> 
     </span>
    </p>
   </div>
   <div class='ocr_carea' id='block_1_74' title="bbox 293 4331 1876 4408">
    <p class='ocr_par' dir='ltr' id='par_1_74' title="bbox 293 4331 1876 4408">
     <span class='ocr_line' id='line_1_74' title="bbox 293 4331 1876 4408; baseline 0.001 -20"><span class='ocrx_word' id='word_1_554' title='bbox 293 4339 549 4408; x_wconf 79' lang='grc' dir='ltr'>φαίνεται</span> <span class='ocrx_word' id='word_1_555' title='bbox 580 4331 747 4390; x_wconf 75' lang='grc' dir='ltr'>εἶναι.</span> <span class='ocrx_word' id='word_1_556' title='bbox 792 4335 850 4387; x_wconf 87' lang='grc' dir='ltr'>ὐ</span> <span class='ocrx_word' id='word_1_557' title='bbox 877 4337 985 4404; x_wconf 82' lang='grc' dir='ltr'><strong>γὰρ</strong></span> <span class='ocrx_word' id='word_1_558' title='bbox 1010 4335 1254 4403; x_wconf 84' lang='grc' dir='ltr'>ἀκριϐῶς</span> <span class='ocrx_word' id='word_1_559' title='bbox 1286 4339 1721 4404; x_wconf 76' lang='grc' dir='ltr'>περιωρισμένος</span> <span class='ocrx_word' id='word_1_560' title='bbox 1753 4337 1876 4389; x_wconf 86' lang='grc' dir='ltr'>καθ’</span> 
     </span>
    </p>
   </div>
   <div class='ocr_carea' id='block_1_75' title="bbox 291 4426 1876 4501">
    <p class='ocr_par' dir='ltr' id='par_1_75' title="bbox 291 4426 1876 4501">
     <span class='ocr_line' id='line_1_75' title="bbox 291 4426 1876 4501; baseline -0.003 -17"><span class='ocrx_word' id='word_1_561' title='bbox 291 4433 592 4501; x_wconf 74' lang='grc' dir='ltr'>ὁμολογίαν</span> <span class='ocrx_word' id='word_1_562' title='bbox 651 4430 815 4491; x_wconf 86' lang='grc' dir='ltr'>τόπος</span> <span class='ocrx_word' id='word_1_563' title='bbox 897 4429 1078 4480; x_wconf 73' lang='grc' dir='ltr'>οὐκέτ’</span> <span class='ocrx_word' id='word_1_564' title='bbox 1133 4429 1536 4497; x_wconf 71' lang='grc' dir='ltr'>ἀμφιϐάλλεται</span> <span class='ocrx_word' id='word_1_565' title='bbox 1593 4426 1686 4497; x_wconf 63' lang='grc' dir='ltr'>ὑρ¹</span> <span class='ocrx_word' id='word_1_566' title='bbox 1751 4432 1876 4482; x_wconf 83' lang='grc' dir='ltr'>ὅτου</span> 
     </span>
    </p>
   </div>
   <div class='ocr_carea' id='block_1_76' title="bbox 288 4519 1874 4589">
    <p class='ocr_par' dir='ltr' id='par_1_76' title="bbox 288 4519 1874 4589">
     <span class='ocr_line' id='line_1_76' title="bbox 288 4519 1874 4589; baseline -0.003 -15"><span class='ocrx_word' id='word_1_567' title='bbox 288 4522 622 4585; x_wconf 73' lang='grc' dir='ltr'>δεσπὸςεται</span> <span class='ocrx_word' id='word_1_568' title='bbox 645 4538 660 4551; x_wconf 86' lang='grc'><strong>·</strong></span> <span class='ocrx_word' id='word_1_569' title='bbox 700 4520 780 4571; x_wconf 75' lang='grc' dir='ltr'><strong>διὸ</strong></span> <span class='ocrx_word' id='word_1_570' title='bbox 810 4519 932 4572; x_wconf 69' lang='grc' dir='ltr'>οὐδε</span> <span class='ocrx_word' id='word_1_571' title='bbox 967 4521 1299 4586; x_wconf 77' lang='grc' dir='ltr'>φιλονεικίαν</span> <span class='ocrx_word' id='word_1_572' title='bbox 1331 4521 1581 4571; x_wconf 80' lang='grc' dir='ltr'>ὑποκινεῖ</span> <span class='ocrx_word' id='word_1_573' title='bbox 1611 4522 1874 4589; x_wconf 79' lang='grc' dir='ltr'>μάχιμον,</span> 
     </span>
    </p>
   </div>
   <div class='ocr_carea' id='block_1_77' title="bbox 287 4615 1877 4688">
    <p class='ocr_par' dir='ltr' id='par_1_77' title="bbox 287 4615 1877 4688">
     <span class='ocr_line' id='line_1_77' title="bbox 287 4615 1877 4688; baseline 0.002 -23"><span class='ocrx_word' id='word_1_574' title='bbox 287 4615 484 4667; x_wconf 82' lang='grc' dir='ltr'>ὁποίαν</span> <span class='ocrx_word' id='word_1_575' title='bbox 513 4615 822 4681; x_wconf 77' lang='grc' dir='ltr'>πάσχουσιν</span> <span class='ocrx_word' id='word_1_576' title='bbox 853 4615 924 4678; x_wconf 84' lang='grc' dir='ltr'>οἱ,</span> <span class='ocrx_word' id='word_1_577' title='bbox 961 4630 1101 4666; x_wconf 72' lang='grc' dir='ltr'>κατα</span> <span class='ocrx_word' id='word_1_578' title='bbox 1133 4618 1236 4683; x_wconf 75' lang='grc' dir='ltr'><strong>τὴν</strong></span> <span class='ocrx_word' id='word_1_579' title='bbox 1258 4619 1498 4684; x_wconf 81' lang='grc' dir='ltr'>ποίησιν,</span> <span class='ocrx_word' id='word_1_580' title='bbox 1525 4615 1663 4686; x_wconf 78' lang='grc' dir='ltr'>ἀμφ’</span> <span class='ocrx_word' id='word_1_581' title='bbox 1692 4616 1877 4688; x_wconf 78' lang='grc' dir='ltr'>οῠρεσι</span> 
     </span>
    </p>
   </div>
   <div class='ocr_carea' id='block_1_78' title="bbox 1981 3424 3558 3494">
    <p class='ocr_par' dir='ltr' id='par_1_78' title="bbox 1981 3424 3558 3494">
     <span class='ocr_line' id='line_1_78' title="bbox 1981 3424 3558 3494; baseline -0.005 -12"><span class='ocrx_word' id='word_1_582' title='bbox 1981 3427 2125 3482; x_wconf 74' lang='lat' dir='ltr'><strong>istud</strong></span> <span class='ocrx_word' id='word_1_583' title='bbox 2153 3427 2297 3480; x_wconf 88' lang='lat' dir='ltr'><strong>enim</strong></span> <span class='ocrx_word' id='word_1_584' title='bbox 2331 3426 2470 3480; x_wconf 90' lang='lat' dir='ltr'><strong>idem</strong></span> <span class='ocrx_word' id='word_1_585' title='bbox 2499 3439 2668 3494; x_wconf 89' lang='lat' dir='ltr'><strong>prope</strong></span> <span class='ocrx_word' id='word_1_586' title='bbox 2715 3434 2800 3478; x_wconf 86' lang='lat' dir='ltr'><strong>est</strong></span> <span class='ocrx_word' id='word_1_587' title='bbox 2852 3437 2917 3476; x_wconf 80' lang='lat' dir='ltr'><strong>ac</strong></span> <span class='ocrx_word' id='word_1_588' title='bbox 2971 3424 3154 3476; x_wconf 83' lang='lat' dir='ltr'><strong>dicere</strong></span> <span class='ocrx_word' id='word_1_589' title='bbox 3189 3424 3390 3490; x_wconf 73' lang='grc' dir='ltr'>ὅρουςς</span> <span class='ocrx_word' id='word_1_590' title='bbox 3434 3424 3558 3474; x_wconf 81' lang='lat' dir='ltr'><strong>inde</strong></span> 
     </span>
    </p>
   </div>
   <div class='ocr_carea' id='block_1_79' title="bbox 1980 3516 3558 3585">
    <p class='ocr_par' dir='ltr' id='par_1_79' title="bbox 1980 3516 3558 3585">
     <span class='ocr_line' id='line_1_79' title="bbox 1980 3516 3558 3585; baseline -0.004 -12"><span class='ocrx_word' id='word_1_591' title='bbox 1980 3519 2290 3573; x_wconf 86' lang='lat' dir='ltr'><strong>delinivisse</strong></span> <span class='ocrx_word' id='word_1_592' title='bbox 2317 3519 2554 3573; x_wconf 86' lang='lat' dir='ltr'><strong>dicimus</strong></span> <span class='ocrx_word' id='word_1_593' title='bbox 2591 3531 2806 3571; x_wconf 84' lang='lat' dir='ltr'><strong>sacram</strong></span> <span class='ocrx_word' id='word_1_594' title='bbox 2839 3516 3129 3585; x_wconf 76' lang='lat' dir='ltr'><strong>synodum,</strong></span> <span class='ocrx_word' id='word_1_595' title='bbox 3165 3525 3221 3568; x_wconf 91' lang='lat' dir='ltr'><strong>et</strong></span> <span class='ocrx_word' id='word_1_596' title='bbox 3251 3516 3558 3568; x_wconf 72' lang='lat' dir='ltr'><strong>decrevisse</strong></span> 
     </span>
    </p>
   </div>
   <div class='ocr_carea' id='block_1_80' title="bbox 1983 3607 3557 3680">
    <p class='ocr_par' dir='ltr' id='par_1_80' title="bbox 1983 3607 3557 3680">
     <span class='ocr_line' id='line_1_80' title="bbox 1983 3607 3557 3680; baseline -0.004 -17"><span class='ocrx_word' id='word_1_597' title='bbox 1983 3610 2372 3680; x_wconf 84' lang='lat' dir='ltr'><strong>imperatorem</strong></span> <span class='ocrx_word' id='word_1_598' title='bbox 2423 3625 2437 3661; x_wconf 89' lang='lat'><strong>:</strong></span> <span class='ocrx_word' id='word_1_599' title='bbox 2492 3618 2672 3661; x_wconf 91' lang='lat' dir='ltr'><strong>ortum</strong></span> <span class='ocrx_word' id='word_1_600' title='bbox 2712 3617 2894 3661; x_wconf 86' lang='lat' dir='ltr'><strong>autem</strong></span> <span class='ocrx_word' id='word_1_601' title='bbox 2953 3607 3163 3660; x_wconf 91' lang='lat' dir='ltr'><strong>ducunt</strong></span> <span class='ocrx_word' id='word_1_602' title='bbox 3206 3607 3340 3668; x_wconf 75' lang='lat' dir='ltr'><strong>haec,</strong></span> <span class='ocrx_word' id='word_1_603' title='bbox 3401 3610 3482 3657; x_wconf 77' lang='lat' dir='ltr'><strong>Vel</strong></span> <span class='ocrx_word' id='word_1_604' title='bbox 3526 3619 3557 3656; x_wconf 89' lang='lat' dir='ltr'><strong>a</strong></span> 
     </span>
    </p>
   </div>
   <div class='ocr_carea' id='block_1_81' title="bbox 1984 3698 3562 3770">
    <p class='ocr_par' dir='ltr' id='par_1_81' title="bbox 1984 3698 3562 3770">
     <span class='ocr_line' id='line_1_81' title="bbox 1984 3698 3562 3770; baseline -0.004 -15"><span class='ocrx_word' id='word_1_605' title='bbox 1984 3705 2220 3755; x_wconf 86' lang='lat' dir='ltr'><strong>termino</strong></span> <span class='ocrx_word' id='word_1_606' title='bbox 2271 3703 2326 3755; x_wconf 92' lang='lat' dir='ltr'><strong>in</strong></span> <span class='ocrx_word' id='word_1_607' title='bbox 2359 3715 2501 3754; x_wconf 86' lang='lat' dir='ltr'><strong>terra</strong></span> <span class='ocrx_word' id='word_1_608' title='bbox 2531 3708 2860 3770; x_wconf 65' lang='lat' dir='ltr'><strong>praenotato.</strong></span> <span class='ocrx_word' id='word_1_609' title='bbox 2893 3698 3046 3752; x_wconf 87' lang='lat' dir='ltr'><strong>Sicut</strong></span> <span class='ocrx_word' id='word_1_610' title='bbox 3099 3699 3243 3752; x_wconf 91' lang='lat' dir='ltr'><strong>enim</strong></span> <span class='ocrx_word' id='word_1_611' title='bbox 3311 3698 3399 3751; x_wconf 90' lang='lat' dir='ltr'><strong>hic</strong></span> <span class='ocrx_word' id='word_1_612' title='bbox 3450 3712 3562 3749; x_wconf 85' lang='lat' dir='ltr'><strong>eir-</strong></span> 
     </span>
    </p>
   </div>
   <div class='ocr_carea' id='block_1_82' title="bbox 1983 3788 3555 3859">
    <p class='ocr_par' dir='ltr' id='par_1_82' title="bbox 1983 3788 3555 3859">
     <span class='ocr_line' id='line_1_82' title="bbox 1983 3788 3555 3859; baseline -0.004 -13"><span class='ocrx_word' id='word_1_613' title='bbox 1983 3794 2308 3846; x_wconf 75' lang='lat' dir='ltr'><strong>cumsci-ibit</strong></span> <span class='ocrx_word' id='word_1_614' title='bbox 2345 3809 2464 3859; x_wconf 74' lang='lat' dir='ltr'><strong>qua:</strong></span> <span class='ocrx_word' id='word_1_615' title='bbox 2499 3793 2640 3843; x_wconf 79' lang='lat' dir='ltr'><strong>intra</strong></span> <span class='ocrx_word' id='word_1_616' title='bbox 2667 3809 2726 3844; x_wconf 86' lang='lat' dir='ltr'><strong>se</strong></span> <span class='ocrx_word' id='word_1_617' title='bbox 2752 3800 2882 3843; x_wconf 81' lang='lat' dir='ltr'><strong>sunt</strong></span> <span class='ocrx_word' id='word_1_618' title='bbox 2916 3791 2989 3842; x_wconf 86' lang='lat' dir='ltr'><strong>ita</strong></span> <span class='ocrx_word' id='word_1_619' title='bbox 3013 3799 3072 3841; x_wconf 93' lang='lat' dir='ltr'><strong>ut</strong></span> <span class='ocrx_word' id='word_1_620' title='bbox 3107 3788 3413 3858; x_wconf 80' lang='lat' dir='ltr'><strong>transgredi</strong></span> <span class='ocrx_word' id='word_1_621' title='bbox 3447 3803 3555 3841; x_wconf 90' lang='lat' dir='ltr'><strong>non</strong></span> 
     </span>
    </p>
   </div>
   <div class='ocr_carea' id='block_1_83' title="bbox 1983 3881 3560 3952">
    <p class='ocr_par' dir='ltr' id='par_1_83' title="bbox 1983 3881 3560 3952">
     <span class='ocr_line' id='line_1_83' title="bbox 1983 3881 3560 3952; baseline -0.003 -15"><span class='ocrx_word' id='word_1_622' title='bbox 1983 3885 2220 3952; x_wconf 77' lang='lat' dir='ltr'><strong>possint,</strong></span> <span class='ocrx_word' id='word_1_623' title='bbox 2270 3886 2349 3937; x_wconf 77' lang='lat' dir='ltr'><strong>sic</strong></span> <span class='ocrx_word' id='word_1_624' title='bbox 2382 3893 2435 3937; x_wconf 87' lang='lat' dir='ltr'><strong>et</strong></span> <span class='ocrx_word' id='word_1_625' title='bbox 2463 3883 2726 3952; x_wconf 71' lang='lat' dir='ltr'><strong>piazdttta</strong></span> <span class='ocrx_word' id='word_1_626' title='bbox 2759 3885 3070 3936; x_wconf 71' lang='lat' dir='ltr'><strong>veneranda</strong></span> <span class='ocrx_word' id='word_1_627' title='bbox 3131 3885 3348 3934; x_wconf 86' lang='lat' dir='ltr'><strong>decreta</strong></span> <span class='ocrx_word' id='word_1_628' title='bbox 3411 3881 3560 3948; x_wconf 82' lang='lat' dir='ltr'><strong>quod</strong></span> 
     </span>
    </p>
   </div>
   <div class='ocr_carea' id='block_1_84' title="bbox 1985 3974 3560 4046">
    <p class='ocr_par' dir='ltr' id='par_1_84' title="bbox 1985 3974 3560 4046">
     <span class='ocr_line' id='line_1_84' title="bbox 1985 3974 3560 4046; baseline -0.004 -15"><span class='ocrx_word' id='word_1_629' title='bbox 1985 3981 2053 4031; x_wconf 88' lang='lat' dir='ltr'><strong>ab</strong></span> <span class='ocrx_word' id='word_1_630' title='bbox 2086 3980 2218 4046; x_wconf 61' lang='lat' dir='ltr'><strong>ipsis</strong></span> <span class='ocrx_word' id='word_1_631' title='bbox 2256 3981 2581 4044; x_wconf 79' lang='lat' dir='ltr'><strong>imperatur,</strong></span> <span class='ocrx_word' id='word_1_632' title='bbox 2609 3984 2664 4029; x_wconf 90' lang='lat' dir='ltr'><strong>et</strong></span> <span class='ocrx_word' id='word_1_633' title='bbox 2689 3974 2901 4028; x_wconf 79' lang='lat' dir='ltr'><strong>faciunt</strong></span> <span class='ocrx_word' id='word_1_634' title='bbox 2943 3983 3004 4027; x_wconf 92' lang='lat' dir='ltr'><strong>ut</strong></span> <span class='ocrx_word' id='word_1_635' title='bbox 3047 3975 3177 4026; x_wconf 91' lang='lat' dir='ltr'><strong>illud</strong></span> <span class='ocrx_word' id='word_1_636' title='bbox 3218 3975 3434 4025; x_wconf 88' lang='lat' dir='ltr'><strong>lirmum</strong></span> <span class='ocrx_word' id='word_1_637' title='bbox 3465 3974 3560 4032; x_wconf 80' lang='lat' dir='ltr'><strong>sit,</strong></span> 
     </span>
    </p>
   </div>
   <div class='ocr_carea' id='block_1_85' title="bbox 1983 4065 3557 4137">
    <p class='ocr_par' dir='ltr' id='par_1_85' title="bbox 1983 4065 3557 4137">
     <span class='ocr_line' id='line_1_85' title="bbox 1983 4065 3557 4137; baseline -0.004 -13"><span class='ocrx_word' id='word_1_638' title='bbox 1983 4086 2084 4124; x_wconf 86' lang='lat' dir='ltr'><strong>nec</strong></span> <span class='ocrx_word' id='word_1_639' title='bbox 2115 4076 2289 4137; x_wconf 61' lang='lat' dir='ltr'><strong>possm</strong></span> <span class='ocrx_word' id='word_1_640' title='bbox 2324 4070 2514 4122; x_wconf 74' lang='lat' dir='ltr'><strong>violari</strong></span> <span class='ocrx_word' id='word_1_641' title='bbox 2568 4079 2663 4122; x_wconf 85' lang='lat' dir='ltr'><strong>aut</strong></span> <span class='ocrx_word' id='word_1_642' title='bbox 2710 4067 3017 4122; x_wconf 76' lang='lat' dir='ltr'><strong>contradici</strong></span> <span class='ocrx_word' id='word_1_643' title='bbox 3072 4075 3167 4119; x_wconf 88' lang='lat' dir='ltr'><strong>aut</strong></span> <span class='ocrx_word' id='word_1_644' title='bbox 3223 4065 3557 4136; x_wconf 81' lang='lat' dir='ltr'><strong>impugnari,</strong></span> 
     </span>
    </p>
   </div>
   <div class='ocr_carea' id='block_1_86' title="bbox 1989 4162 3563 4231">
    <p class='ocr_par' dir='ltr' id='par_1_86' title="bbox 1989 4162 3563 4231">
     <span class='ocr_line' id='line_1_86' title="bbox 1989 4162 3563 4231; baseline -0.001 -13"><span class='ocrx_word' id='word_1_645' title='bbox 1989 4174 2082 4218; x_wconf 88' lang='lat' dir='ltr'><strong>aut</strong></span> <span class='ocrx_word' id='word_1_646' title='bbox 2135 4163 2272 4218; x_wconf 83' lang='lat' dir='ltr'><strong>citra</strong></span> <span class='ocrx_word' id='word_1_647' title='bbox 2329 4165 2756 4219; x_wconf 79' lang='lat' dir='ltr'><strong>controversiam</strong></span> <span class='ocrx_word' id='word_1_648' title='bbox 2805 4163 2931 4228; x_wconf 78' lang='lat' dir='ltr'><strong>liat;</strong></span> <span class='ocrx_word' id='word_1_649' title='bbox 2967 4163 3114 4231; x_wconf 87' lang='lat' dir='ltr'><strong>quod</strong></span> <span class='ocrx_word' id='word_1_650' title='bbox 3172 4162 3390 4216; x_wconf 86' lang='lat' dir='ltr'><strong>videtur</strong></span> <span class='ocrx_word' id='word_1_651' title='bbox 3440 4175 3563 4216; x_wconf 80' lang='lat' dir='ltr'><strong>esse</strong></span> 
     </span>
    </p>
   </div>
   <div class='ocr_carea' id='block_1_87' title="bbox 1989 4254 3564 4325">
    <p class='ocr_par' dir='ltr' id='par_1_87' title="bbox 1989 4254 3564 4325">
     <span class='ocr_line' id='line_1_87' title="bbox 1989 4254 3564 4325; baseline -0.003 -15"><span class='ocrx_word' id='word_1_652' title='bbox 1989 4260 2164 4312; x_wconf 79' lang='lat' dir='ltr'><strong>virtus</strong></span> <span class='ocrx_word' id='word_1_653' title='bbox 2200 4258 2404 4312; x_wconf 86' lang='lat' dir='ltr'><strong>decreti</strong></span> <span class='ocrx_word' id='word_1_654' title='bbox 2446 4259 2694 4312; x_wconf 83' lang='lat' dir='ltr'><strong>interra.</strong></span> <span class='ocrx_word' id='word_1_655' title='bbox 2721 4255 2825 4322; x_wconf 87' lang='lat' dir='ltr'><strong>Qui</strong></span> <span class='ocrx_word' id='word_1_656' title='bbox 2860 4257 3006 4311; x_wconf 88' lang='lat' dir='ltr'><strong>enim</strong></span> <span class='ocrx_word' id='word_1_657' title='bbox 3052 4256 3296 4325; x_wconf 79' lang='lat' dir='ltr'><strong>perfecte</strong></span> <span class='ocrx_word' id='word_1_658' title='bbox 3347 4254 3564 4308; x_wconf 67' lang='lat' dir='ltr'><strong>delimio</strong></span> 
     </span>
    </p>
   </div>
   <div class='ocr_carea' id='block_1_88' title="bbox 1989 4348 3564 4419">
    <p class='ocr_par' dir='ltr' id='par_1_88' title="bbox 1989 4348 3564 4419">
     <span class='ocr_line' id='line_1_88' title="bbox 1989 4348 3564 4419; baseline -0.003 -16"><span class='ocrx_word' id='word_1_659' title='bbox 1989 4359 2135 4403; x_wconf 88' lang='lat' dir='ltr'><strong>tatur</strong></span> <span class='ocrx_word' id='word_1_660' title='bbox 2165 4365 2261 4419; x_wconf 85' lang='lat' dir='ltr'><strong>per</strong></span> <span class='ocrx_word' id='word_1_661' title='bbox 2313 4351 2732 4404; x_wconf 77' lang='lat' dir='ltr'><strong>conventionem</strong></span> <span class='ocrx_word' id='word_1_662' title='bbox 2788 4352 2963 4413; x_wconf 91' lang='lat' dir='ltr'><strong>locus,</strong></span> <span class='ocrx_word' id='word_1_663' title='bbox 3020 4349 3178 4418; x_wconf 87' lang='lat' dir='ltr'><strong>cujus</strong></span> <span class='ocrx_word' id='word_1_664' title='bbox 3227 4348 3432 4402; x_wconf 87' lang='lat' dir='ltr'><strong>domini</strong></span> <span class='ocrx_word' id='word_1_665' title='bbox 3487 4348 3564 4400; x_wconf 87' lang='lat' dir='ltr'><strong>sit</strong></span> 
     </span>
    </p>
   </div>
   <div class='ocr_carea' id='block_1_89' title="bbox 1986 4443 3561 4511">
    <p class='ocr_par' dir='ltr' id='par_1_89' title="bbox 1986 4443 3561 4511">
     <span class='ocr_line' id='line_1_89' title="bbox 1986 4443 3561 4511; baseline -0.001 -15"><span class='ocrx_word' id='word_1_666' title='bbox 1986 4458 2097 4497; x_wconf 88' lang='lat' dir='ltr'><strong>non</strong></span> <span class='ocrx_word' id='word_1_667' title='bbox 2133 4444 2430 4511; x_wconf 83' lang='lat' dir='ltr'><strong>ambigitur</strong></span> <span class='ocrx_word' id='word_1_668' title='bbox 2458 4461 2471 4497; x_wconf 88' lang='lat'>:</span> <span class='ocrx_word' id='word_1_669' title='bbox 2505 4443 2650 4498; x_wconf 88' lang='lat' dir='ltr'><strong>unde</strong></span> <span class='ocrx_word' id='word_1_670' title='bbox 2677 4444 2881 4497; x_wconf 88' lang='lat' dir='ltr'><strong>nullam</strong></span> <span class='ocrx_word' id='word_1_671' title='bbox 2935 4445 3345 4496; x_wconf 88' lang='lat' dir='ltr'><strong>contentionetu</strong></span> <span class='ocrx_word' id='word_1_672' title='bbox 3383 4443 3561 4495; x_wconf 81' lang='lat' dir='ltr'><strong>susci-</strong></span> 
     </span>
    </p>
   </div>
   <div class='ocr_carea' id='block_1_90' title="bbox 1987 4535 3556 4612">
    <p class='ocr_par' dir='ltr' id='par_1_90' title="bbox 1987 4535 3556 4612">
     <span class='ocr_line' id='line_1_90' title="bbox 1987 4535 3556 4612; baseline -0.003 -23"><span class='ocrx_word' id='word_1_673' title='bbox 1987 4545 2066 4589; x_wconf 79' lang='lat' dir='ltr'><strong>lat</strong></span> <span class='ocrx_word' id='word_1_674' title='bbox 2097 4536 2408 4601; x_wconf 81' lang='lat' dir='ltr'><strong>adversam,</strong></span> <span class='ocrx_word' id='word_1_675' title='bbox 2436 4537 2654 4612; x_wconf 75' lang='lat' dir='ltr'><strong>qualem</strong></span> <span class='ocrx_word' id='word_1_676' title='bbox 2685 4538 2970 4604; x_wconf 84' lang='lat' dir='ltr'><strong>patiuntur</strong></span> <span class='ocrx_word' id='word_1_677' title='bbox 2993 4535 3108 4602; x_wconf 86' lang='lat' dir='ltr'><strong>qui,</strong></span> <span class='ocrx_word' id='word_1_678' title='bbox 3131 4536 3288 4601; x_wconf 84' lang='lat' dir='ltr'><strong>juxta</strong></span> <span class='ocrx_word' id='word_1_679' title='bbox 3310 4544 3556 4604; x_wconf 80' lang='lat' dir='ltr'><strong>poetam,</strong></span> 
     </span>
    </p>
   </div>
   <div class='ocr_carea' id='block_1_91' title="bbox 1987 4624 3559 4690">
    <p class='ocr_par' dir='ltr' id='par_1_91' title="bbox 1987 4624 3559 4690">
     <span class='ocr_line' id='line_1_91' title="bbox 1987 4624 3559 4690; baseline -0.004 -7"><span class='ocrx_word' id='word_1_680' title='bbox 1987 4628 2131 4683; x_wconf 78' lang='lat' dir='ltr'><strong>circa</strong></span> <span class='ocrx_word' id='word_1_681' title='bbox 2171 4629 2372 4683; x_wconf 91' lang='lat' dir='ltr'><strong>limites</strong></span> <span class='ocrx_word' id='word_1_682' title='bbox 2406 4635 2752 4690; x_wconf 86' lang='lat' dir='ltr'><strong>concertant,</strong></span> <span class='ocrx_word' id='word_1_683' title='bbox 2786 4625 2840 4679; x_wconf 90' lang='lat' dir='ltr'><strong>id</strong></span> <span class='ocrx_word' id='word_1_684' title='bbox 2871 4637 2955 4681; x_wconf 89' lang='lat' dir='ltr'><strong>est</strong></span> <span class='ocrx_word' id='word_1_685' title='bbox 3020 4628 3088 4679; x_wconf 91' lang='lat' dir='ltr'><strong>de</strong></span> <span class='ocrx_word' id='word_1_686' title='bbox 3148 4636 3306 4678; x_wconf 71' lang='lat' dir='ltr'><strong>terra:</strong></span> <span class='ocrx_word' id='word_1_687' title='bbox 3365 4624 3559 4677; x_wconf 81' lang='lat' dir='ltr'><strong>limiti-</strong></span> 
     </span>
    </p>
   </div>
   <div class='ocr_carea' id='block_1_92' title="bbox 285 4703 1886 4792">
    <p class='ocr_par' dir='ltr' id='par_1_92' title="bbox 285 4706 1878 4780">
     <span class='ocr_line' id='line_1_92' title="bbox 285 4706 1878 4780; baseline 0.003 -22"><span class='ocrx_word' id='word_1_688' title='bbox 285 4706 645 4776; x_wconf 69' lang='grc' dir='ltr'>δηριόωντεη</span> <span class='ocrx_word' id='word_1_689' title='bbox 699 4707 868 4775; x_wconf 70' lang='grc' dir='ltr'>ἤγουν</span> <span class='ocrx_word' id='word_1_690' title='bbox 929 4707 1227 4775; x_wconf 77' lang='grc' dir='ltr'>μαχόμενοι</span> <span class='ocrx_word' id='word_1_691' title='bbox 1287 4713 1412 4777; x_wconf 75' lang='grc' dir='ltr'>περὶ</span> <span class='ocrx_word' id='word_1_692' title='bbox 1461 4711 1562 4777; x_wconf 70' lang='grc' dir='ltr'>γῆς</span> <span class='ocrx_word' id='word_1_693' title='bbox 1614 4713 1756 4777; x_wconf 81' lang='grc' dir='ltr'>ὅρων</span> <span class='ocrx_word' id='word_1_694' title='bbox 1780 4709 1878 4780; x_wconf 62' lang='grc' dir='ltr'><strong>’,ἦ</strong></span> 
     </span>
    </p>
   </div>
   <div class='ocr_carea' id='block_1_93' title="bbox 1977 4703 3559 4792">
    <p class='ocr_par' dir='ltr' id='par_1_93' title="bbox 1987 4718 3559 4792">
     <span class='ocr_line' id='line_1_93' title="bbox 1987 4718 3559 4792; baseline -0.003 -18"><span class='ocrx_word' id='word_1_695' title='bbox 1987 4721 2090 4774; x_wconf 84' lang='lat' dir='ltr'><strong>bus</strong></span> <span class='ocrx_word' id='word_1_696' title='bbox 2123 4728 2391 4792; x_wconf 83' lang='lat' dir='ltr'><strong>pugnant,</strong></span> <span class='ocrx_word' id='word_1_697' title='bbox 2424 4720 2509 4772; x_wconf 80' lang='lat' dir='ltr'><strong>rel</strong></span> <span class='ocrx_word' id='word_1_698' title='bbox 2543 4719 2776 4772; x_wconf 91' lang='lat' dir='ltr'><strong>limitem</strong></span> <span class='ocrx_word' id='word_1_699' title='bbox 2817 4719 3018 4787; x_wconf 62' lang='lat' dir='ltr'><strong>praedia</strong></span> <span class='ocrx_word' id='word_1_700' title='bbox 3049 4719 3380 4772; x_wconf 78' lang='lat' dir='ltr'><strong>dividentem</strong></span> <span class='ocrx_word' id='word_1_701' title='bbox 3404 4718 3559 4770; x_wconf 82' lang='lat' dir='ltr'><strong>inva-</strong></span> 
     </span>
    </p>
   </div>
   <div class='ocr_carea' id='block_1_94' title="bbox 288 4799 1878 4870">
    <p class='ocr_par' dir='ltr' id='par_1_94' title="bbox 288 4799 1878 4870">
     <span class='ocr_line' id='line_1_94' title="bbox 288 4799 1878 4870; baseline 0.002 -21"><span class='ocrx_word' id='word_1_702' title='bbox 288 4815 470 4850; x_wconf 91' lang='grc' dir='ltr'>τοινυν</span> <span class='ocrx_word' id='word_1_703' title='bbox 496 4803 563 4852; x_wconf 78' lang='grc' dir='ltr'><strong>εκ</strong></span> <span class='ocrx_word' id='word_1_704' title='bbox 593 4799 686 4850; x_wconf 85' lang='grc' dir='ltr'>τοὺ</span> <span class='ocrx_word' id='word_1_705' title='bbox 712 4801 777 4850; x_wconf 86' lang='grc' dir='ltr'><strong>τά</strong></span> <span class='ocrx_word' id='word_1_706' title='bbox 800 4799 960 4868; x_wconf 74' lang='grc' dir='ltr'>γήδια</span> <span class='ocrx_word' id='word_1_707' title='bbox 989 4802 1422 4869; x_wconf 61' lang='grc' dir='ltr'>περιγράφοντος</span> <span class='ocrx_word' id='word_1_708' title='bbox 1444 4803 1572 4870; x_wconf 82' lang='grc' dir='ltr'>ὅρου</span> <span class='ocrx_word' id='word_1_709' title='bbox 1601 4801 1878 4865; x_wconf 71' lang='grc' dir='ltr'>λαϐόντες·</span> 
     </span>
    </p>
   </div>
   <div class='ocr_carea' id='block_1_95' title="bbox 281 4881 1886 4963">
    <p class='ocr_par' dir='ltr' id='par_1_95' title="bbox 281 4881 1886 4963">
     <span class='ocr_line' id='line_1_95' title="bbox 281 4881 1886 4963; baseline 0.003 -23"><span class='ocrx_word' id='word_1_710' title='bbox 281 4890 451 4963; x_wconf 43' lang='grc' dir='ltr'>,ὅρους</span> <span class='ocrx_word' id='word_1_711' title='bbox 481 4892 723 4959; x_wconf 80' lang='grc' dir='ltr'>λέγομεν</span> <span class='ocrx_word' id='word_1_712' title='bbox 754 4907 904 4956; x_wconf 73' lang='grc' dir='ltr'>τους,</span> <span class='ocrx_word' id='word_1_713' title='bbox 948 4892 1023 4952; x_wconf 82' lang='grc' dir='ltr'>ὼς</span> <span class='ocrx_word' id='word_1_714' title='bbox 1055 4894 1282 4962; x_wconf 75' lang='grc' dir='ltr'>ερρεοη,</span> <span class='ocrx_word' id='word_1_715' title='bbox 1327 4894 1514 4958; x_wconf 83' lang='grc' dir='ltr'>ἁγίους</span> <span class='ocrx_word' id='word_1_716' title='bbox 1557 4895 1650 4946; x_wconf 73' lang='grc' dir='ltr'><strong>καὶ</strong></span> <span class='ocrx_word' id='word_1_717' title='bbox 1680 4881 1886 4960; x_wconf 75' lang='grc' dir='ltr'>θείους,</span> 
     </span>
    </p>
   </div>
   <div class='ocr_carea' id='block_1_96' title="bbox 293 4983 1881 5054">
    <p class='ocr_par' dir='ltr' id='par_1_96' title="bbox 293 4983 1881 5054">
     <span class='ocr_line' id='line_1_96' title="bbox 293 4983 1881 5054; baseline -0.001 -16"><span class='ocrx_word' id='word_1_718' title='bbox 293 4989 327 5054; x_wconf 77' lang='grc' dir='ltr'><strong>ἢ</strong></span> <span class='ocrx_word' id='word_1_719' title='bbox 358 4987 472 5039; x_wconf 83' lang='grc' dir='ltr'><strong>ἀπὸ</strong></span> <span class='ocrx_word' id='word_1_720' title='bbox 508 4983 606 5037; x_wconf 84' lang='grc' dir='ltr'><strong>τοῦ</strong></span> <span class='ocrx_word' id='word_1_721' title='bbox 663 4984 971 5051; x_wconf 62' lang='grc' dir='ltr'>φιλοσόφως</span> <span class='ocrx_word' id='word_1_722' title='bbox 997 4983 1392 5052; x_wconf 71' lang='grc' dir='ltr'>διασαφοῦντος</span> <span class='ocrx_word' id='word_1_723' title='bbox 1427 4985 1524 5054; x_wconf 75' lang='grc' dir='ltr'>τὴν</span> <span class='ocrx_word' id='word_1_724' title='bbox 1559 4985 1746 5038; x_wconf 77' lang='grc' dir='ltr'>οὐσίαν</span> <span class='ocrx_word' id='word_1_725' title='bbox 1785 4985 1881 5036; x_wconf 73' lang='grc' dir='ltr'><strong>τοῦ</strong></span> 
     </span>
    </p>
   </div>
   <div class='ocr_carea' id='block_1_97' title="bbox 297 5076 1882 5147">
    <p class='ocr_par' dir='ltr' id='par_1_97' title="bbox 297 5076 1882 5147">
     <span class='ocr_line' id='line_1_97' title="bbox 297 5076 1882 5147; baseline -0.001 -17"><span class='ocrx_word' id='word_1_726' title='bbox 297 5076 695 5147; x_wconf 81' lang='grc' dir='ltr'>ὑποκειμένου,</span> <span class='ocrx_word' id='word_1_727' title='bbox 743 5078 838 5127; x_wconf 77' lang='grc' dir='ltr'><strong>καὶ</strong></span> <span class='ocrx_word' id='word_1_728' title='bbox 881 5077 1230 5138; x_wconf 70' lang='grc' dir='ltr'>διδάσκοντος</span> <span class='ocrx_word' id='word_1_729' title='bbox 1276 5079 1448 5147; x_wconf 65' lang='grc' dir='ltr'>αὐτην</span> <span class='ocrx_word' id='word_1_730' title='bbox 1481 5078 1882 5147; x_wconf 76' lang='grc' dir='ltr'>ἐναργέστατα.</span> 
     </span>
    </p>
   </div>
   <div class='ocr_carea' id='block_1_98' title="bbox 303 5170 1887 5240">
    <p class='ocr_par' dir='ltr' id='par_1_98' title="bbox 303 5170 1887 5240">
     <span class='ocr_line' id='line_1_98' title="bbox 303 5170 1887 5240; baseline 0.004 -23"><span class='ocrx_word' id='word_1_731' title='bbox 303 5171 390 5234; x_wconf 76' lang='grc' dir='ltr'>Ὠς</span> <span class='ocrx_word' id='word_1_732' title='bbox 422 5176 535 5240; x_wconf 72' lang='grc' dir='ltr'><strong>γὰρ</strong></span> <span class='ocrx_word' id='word_1_733' title='bbox 567 5175 597 5222; x_wconf 85' lang='grc' dir='ltr'>ὁ</span> <span class='ocrx_word' id='word_1_734' title='bbox 632 5170 758 5240; x_wconf 81' lang='grc' dir='ltr'>ὅρος</span> <span class='ocrx_word' id='word_1_735' title='bbox 789 5171 995 5230; x_wconf 81' lang='grc' dir='ltr'>ἐκεῖνος</span> <span class='ocrx_word' id='word_1_736' title='bbox 1029 5171 1262 5240; x_wconf 70' lang='grc' dir='ltr'>καθιοτᾷ</span> <span class='ocrx_word' id='word_1_737' title='bbox 1297 5172 1387 5222; x_wconf 79' lang='grc' dir='ltr'><strong>τὸν</strong></span> <span class='ocrx_word' id='word_1_738' title='bbox 1414 5171 1537 5222; x_wconf 75' lang='grc' dir='ltr'>νοῦν</span> <span class='ocrx_word' id='word_1_739' title='bbox 1575 5171 1887 5240; x_wconf 65' lang='grc' dir='ltr'>βεϐηκόςως</span> 
     </span>
    </p>
   </div>
   <div class='ocr_carea' id='block_1_99' title="bbox 291 5263 1887 5335">
    <p class='ocr_par' dir='ltr' id='par_1_99' title="bbox 291 5263 1887 5335">
     <span class='ocr_line' id='line_1_99' title="bbox 291 5263 1887 5335; baseline -0.001 -19"><span class='ocrx_word' id='word_1_740' title='bbox 291 5266 462 5335; x_wconf 72' lang='grc' dir='ltr'>ἠγουν</span> <span class='ocrx_word' id='word_1_741' title='bbox 500 5265 746 5334; x_wconf 66' lang='grc' dir='ltr'>βεϐαίως</span> <span class='ocrx_word' id='word_1_742' title='bbox 775 5265 854 5326; x_wconf 86' lang='grc' dir='ltr'>εἰς</span> <span class='ocrx_word' id='word_1_743' title='bbox 887 5263 947 5314; x_wconf 84' lang='grc' dir='ltr'><strong>τὸ</strong></span> <span class='ocrx_word' id='word_1_744' title='bbox 982 5264 1388 5314; x_wconf 83' lang='grc' dir='ltr'>καταλαϐεσθαι</span> <span class='ocrx_word' id='word_1_745' title='bbox 1425 5265 1452 5316; x_wconf 86' lang='grc' dir='ltr'>ὃ</span> <span class='ocrx_word' id='word_1_746' title='bbox 1490 5267 1534 5316; x_wconf 84' lang='grc' dir='ltr'><strong>τί</strong></span> <span class='ocrx_word' id='word_1_747' title='bbox 1563 5265 1692 5316; x_wconf 79' lang='grc' dir='ltr'>ποτέ</span> <span class='ocrx_word' id='word_1_748' title='bbox 1737 5268 1887 5315; x_wconf 78' lang='grc' dir='ltr'>εστιν</span> 
     </span>
    </p>
   </div>
   <div class='ocr_carea' id='block_1_100' title="bbox 295 5350 1888 5428">
    <p class='ocr_par' dir='ltr' id='par_1_100' title="bbox 295 5350 1888 5428">
     <span class='ocr_line' id='line_1_100' title="bbox 295 5350 1888 5428; baseline -0.001 -17"><span class='ocrx_word' id='word_1_749' title='bbox 295 5361 495 5425; x_wconf 71' lang='grc' dir='ltr'>ἐκεῖνο,</span> <span class='ocrx_word' id='word_1_750' title='bbox 532 5350 599 5409; x_wconf 74' lang='grc' dir='ltr'>οὗ</span> <span class='ocrx_word' id='word_1_751' title='bbox 641 5361 739 5427; x_wconf 81' lang='grc' dir='ltr'>τὴν</span> <span class='ocrx_word' id='word_1_752' title='bbox 781 5359 971 5409; x_wconf 80' lang='grc' dir='ltr'>οὐσίαν</span> <span class='ocrx_word' id='word_1_753' title='bbox 1003 5358 1298 5428; x_wconf 74' lang='grc' dir='ltr'>ζητοῦμεν,</span> <span class='ocrx_word' id='word_1_754' title='bbox 1337 5355 1479 5410; x_wconf 73' lang='grc' dir='ltr'>οὕτω</span> <span class='ocrx_word' id='word_1_755' title='bbox 1509 5362 1604 5409; x_wconf 79' lang='grc' dir='ltr'>καὶ</span> <span class='ocrx_word' id='word_1_756' title='bbox 1637 5359 1686 5409; x_wconf 87' lang='lat' dir='ltr'><strong>o&#39;t</strong></span> <span class='ocrx_word' id='word_1_757' title='bbox 1721 5359 1888 5409; x_wconf 76' lang='grc' dir='ltr'>σεϐα-</span> 
     </span>
    </p>
   </div>
   <div class='ocr_carea' id='block_1_101' title="bbox 296 5449 1887 5519">
    <p class='ocr_par' dir='ltr' id='par_1_101' title="bbox 296 5449 1887 5519">
     <span class='ocr_line' id='line_1_101' title="bbox 296 5449 1887 5519; baseline 0.001 -19"><span class='ocrx_word' id='word_1_758' title='bbox 296 5467 446 5518; x_wconf 83' lang='grc' dir='ltr'>σμιοι</span> <span class='ocrx_word' id='word_1_759' title='bbox 479 5465 601 5519; x_wconf 80' lang='grc' dir='ltr'>οροι</span> <span class='ocrx_word' id='word_1_760' title='bbox 632 5449 895 5500; x_wconf 77' lang='grc' dir='ltr'>τυποῦσιν</span> <span class='ocrx_word' id='word_1_761' title='bbox 925 5450 1316 5516; x_wconf 63' lang='grc' dir='ltr'>ἀποφαντικώς</span> <span class='ocrx_word' id='word_1_762' title='bbox 1345 5467 1420 5512; x_wconf 87' lang='grc' dir='ltr'><strong>εις</strong></span> <span class='ocrx_word' id='word_1_763' title='bbox 1453 5449 1761 5517; x_wconf 80' lang='grc' dir='ltr'>εὔγνωστον</span> <span class='ocrx_word' id='word_1_764' title='bbox 1790 5453 1887 5502; x_wconf 76' lang='grc' dir='ltr'>καὶ</span> 
     </span>
    </p>
   </div>
   <div class='ocr_carea' id='block_1_102' title="bbox 294 5543 1880 5613">
    <p class='ocr_par' dir='ltr' id='par_1_102' title="bbox 294 5543 1880 5613">
     <span class='ocr_line' id='line_1_102' title="bbox 294 5543 1880 5613; baseline -0.011 -5"><span class='ocrx_word' id='word_1_765' title='bbox 294 5551 434 5612; x_wconf 74' lang='grc' dir='ltr'>πρὸς</span> <span class='ocrx_word' id='word_1_766' title='bbox 500 5545 796 5612; x_wconf 68' lang='grc' dir='ltr'>βειῦαίωσιν</span> <span class='ocrx_word' id='word_1_767' title='bbox 867 5543 1184 5612; x_wconf 79' lang='grc' dir='ltr'>ἔμπρακτον</span> <span class='ocrx_word' id='word_1_768' title='bbox 1254 5545 1680 5610; x_wconf 63' lang='grc' dir='ltr'>ἀναμφίλεκτον,</span> <span class='ocrx_word' id='word_1_769' title='bbox 1744 5547 1880 5613; x_wconf 62' lang='grc' dir='ltr'>οπερ</span> 
     </span>
    </p>
   </div>
   <div class='ocr_carea' id='block_1_103' title="bbox 292 5636 566 5705">
    <p class='ocr_par' dir='ltr' id='par_1_103' title="bbox 292 5636 566 5705">
     <span class='ocr_line' id='line_1_103' title="bbox 292 5636 566 5705; baseline 0.015 -21"><span class='ocrx_word' id='word_1_770' title='bbox 292 5636 566 5705; x_wconf 53' lang='grc' dir='ltr'>ὁριδουσι.</span> 
     </span>
    </p>
   </div>
   <div class='ocr_carea' id='block_1_104' title="bbox 364 5726 1883 5801">
    <p class='ocr_par' dir='ltr' id='par_1_104' title="bbox 364 5726 1883 5801">
     <span class='ocr_line' id='line_1_104' title="bbox 364 5726 1883 5801; baseline -0.001 -20"><span class='ocrx_word' id='word_1_771' title='bbox 364 5730 461 5783; x_wconf 78' lang='grc' dir='ltr'>λε’.</span> <span class='ocrx_word' id='word_1_772' title='bbox 497 5731 797 5800; x_wconf 76' lang='grc' dir='ltr'>Τετραχώς</span> <span class='ocrx_word' id='word_1_773' title='bbox 830 5726 922 5783; x_wconf 74' lang='grc' dir='ltr'>οὖν</span> <span class='ocrx_word' id='word_1_774' title='bbox 951 5732 1082 5801; x_wconf 80' lang='grc' dir='ltr'>ημῖν</span> <span class='ocrx_word' id='word_1_775' title='bbox 1126 5731 1381 5795; x_wconf 69' lang='grc' dir='ltr'>ἐνταῦθα,</span> <span class='ocrx_word' id='word_1_776' title='bbox 1409 5730 1552 5784; x_wconf 73' lang='grc' dir='ltr'>κατὰ</span> <span class='ocrx_word' id='word_1_777' title='bbox 1595 5731 1654 5782; x_wconf 80' lang='grc' dir='ltr'><strong>τὸ</strong></span> <span class='ocrx_word' id='word_1_778' title='bbox 1688 5732 1744 5781; x_wconf 83' lang='grc' dir='ltr'>ὲν</span> <span class='ocrx_word' id='word_1_779' title='bbox 1771 5731 1883 5790; x_wconf 81' lang='grc' dir='ltr'>τοῖς</span> 
     </span>
    </p>
   </div>
   <div class='ocr_carea' id='block_1_105' title="bbox 299 5819 1882 5894">
    <p class='ocr_par' dir='ltr' id='par_1_105' title="bbox 299 5819 1882 5894">
     <span class='ocr_line' id='line_1_105' title="bbox 299 5819 1882 5894; baseline -0.001 -22"><span class='ocrx_word' id='word_1_780' title='bbox 299 5823 538 5889; x_wconf 59' lang='grc' dir='ltr'>παροῦοι</span> <span class='ocrx_word' id='word_1_781' title='bbox 601 5839 891 5894; x_wconf 62' lang='grc' dir='ltr'>χρησιμων,</span> <span class='ocrx_word' id='word_1_782' title='bbox 940 5826 1380 5894; x_wconf 71' lang='grc' dir='ltr'>τεθεωρουμένου</span> <span class='ocrx_word' id='word_1_783' title='bbox 1437 5824 1532 5874; x_wconf 72' lang='grc' dir='ltr'>τοῦ</span> <span class='ocrx_word' id='word_1_784' title='bbox 1587 5825 1714 5891; x_wconf 80' lang='grc' dir='ltr'>ὅρου</span> <span class='ocrx_word' id='word_1_785' title='bbox 1760 5819 1882 5872; x_wconf 73' lang='grc' dir='ltr'>κατ’</span> 
     </span>
    </p>
   </div>
   <div class='ocr_carea' id='block_1_106' title="bbox 299 5913 1868 5990">
    <p class='ocr_par' dir='ltr' id='par_1_106' title="bbox 299 5913 1868 5990">
     <span class='ocr_line' id='line_1_106' title="bbox 299 5913 1868 5990; baseline -0.003 -17"><span class='ocrx_word' id='word_1_786' title='bbox 299 5915 716 5984; x_wconf 58' lang='grc' dir='ltr'>επιιερολιήνξτο</span> <span class='ocrx_word' id='word_1_787' title='bbox 772 5918 894 5987; x_wconf 79' lang='grc' dir='ltr'>ὄρος</span> <span class='ocrx_word' id='word_1_788' title='bbox 949 5927 1056 5990; x_wconf 66' lang='grc' dir='ltr'><strong>γὰρ</strong></span> <span class='ocrx_word' id='word_1_789' title='bbox 1111 5920 1377 5990; x_wconf 60' lang='grc' dir='ltr'>οὐδετέρῳ</span> <span class='ocrx_word' id='word_1_790' title='bbox 1429 5917 1574 5986; x_wconf 71' lang='grc' dir='ltr'>γέι;ι</span> <span class='ocrx_word' id='word_1_791' title='bbox 1632 5913 1868 5971; x_wconf 71' lang='grc' dir='ltr'>ἐνταῦθα</span> 
     </span>
    </p>
   </div>
   <div class='ocr_carea' id='block_1_107' title="bbox 1987 4807 3566 4872">
    <p class='ocr_par' dir='ltr' id='par_1_107' title="bbox 1987 4807 3566 4872">
     <span class='ocr_line' id='line_1_107' title="bbox 1987 4807 3566 4872; baseline -0.003 -8"><span class='ocrx_word' id='word_1_792' title='bbox 1987 4813 2140 4864; x_wconf 86' lang='lat' dir='ltr'><strong>dunt.</strong></span> <span class='ocrx_word' id='word_1_793' title='bbox 2184 4811 2541 4865; x_wconf 81' lang='lat' dir='ltr'><strong>Delinitiones</strong></span> <span class='ocrx_word' id='word_1_794' title='bbox 2579 4822 2864 4872; x_wconf 80' lang='lat' dir='ltr'><strong>vacamus,</strong></span> <span class='ocrx_word' id='word_1_795' title='bbox 2927 4818 2986 4861; x_wconf 90' lang='lat' dir='ltr'><strong>ut</strong></span> <span class='ocrx_word' id='word_1_796' title='bbox 3024 4807 3235 4862; x_wconf 88' lang='lat' dir='ltr'><strong>dictum</strong></span> <span class='ocrx_word' id='word_1_797' title='bbox 3298 4815 3405 4872; x_wconf 90' lang='lat' dir='ltr'><strong>est,</strong></span> <span class='ocrx_word' id='word_1_798' title='bbox 3433 4823 3566 4861; x_wconf 84' lang='lat' dir='ltr'><strong>san-</strong></span> 
     </span>
    </p>
   </div>
   <div class='ocr_carea' id='block_1_108' title="bbox 1989 4899 3560 4970">
    <p class='ocr_par' dir='ltr' id='par_1_108' title="bbox 1989 4899 3560 4970">
     <span class='ocr_line' id='line_1_108' title="bbox 1989 4899 3560 4970; baseline -0.004 -14"><span class='ocrx_word' id='word_1_799' title='bbox 1989 4913 2106 4957; x_wconf 88' lang='lat' dir='ltr'><strong>ctas</strong></span> <span class='ocrx_word' id='word_1_800' title='bbox 2134 4911 2188 4956; x_wconf 92' lang='lat' dir='ltr'><strong>et</strong></span> <span class='ocrx_word' id='word_1_801' title='bbox 2236 4902 2474 4964; x_wconf 85' lang='lat' dir='ltr'><strong>divinas,</strong></span> <span class='ocrx_word' id='word_1_802' title='bbox 2524 4908 2609 4954; x_wconf 84' lang='lat' dir='ltr'><strong>vel</strong></span> <span class='ocrx_word' id='word_1_803' title='bbox 2647 4902 2716 4953; x_wconf 84' lang='lat' dir='ltr'><strong>ab</strong></span> <span class='ocrx_word' id='word_1_804' title='bbox 2763 4915 2830 4954; x_wconf 89' lang='lat' dir='ltr'><strong>eo</strong></span> <span class='ocrx_word' id='word_1_805' title='bbox 2855 4899 2960 4970; x_wconf 87' lang='lat' dir='ltr'><strong>.qui</strong></span> <span class='ocrx_word' id='word_1_806' title='bbox 2997 4899 3377 4968; x_wconf 77' lang='lat' dir='ltr'><strong>philosophica</strong></span> <span class='ocrx_word' id='word_1_807' title='bbox 3425 4913 3560 4952; x_wconf 83' lang='lat' dir='ltr'><strong>eon-</strong></span> 
     </span>
    </p>
   </div>
   <div class='ocr_carea' id='block_1_109' title="bbox 1987 4992 3564 5054">
    <p class='ocr_par' dir='ltr' id='par_1_109' title="bbox 1987 4992 3564 5054">
     <span class='ocr_line' id='line_1_109' title="bbox 1987 4992 3564 5054; baseline -0.004 -5"><span class='ocrx_word' id='word_1_808' title='bbox 1987 5005 2294 5049; x_wconf 77' lang='lat' dir='ltr'><strong>structione</strong></span> <span class='ocrx_word' id='word_1_809' title='bbox 2327 5003 2512 5048; x_wconf 88' lang='lat' dir='ltr'><strong>notam</strong></span> <span class='ocrx_word' id='word_1_810' title='bbox 2575 4993 2705 5047; x_wconf 76' lang='lat' dir='ltr'><strong>fecit</strong></span> <span class='ocrx_word' id='word_1_811' title='bbox 2765 4992 3090 5046; x_wconf 78' lang='lat' dir='ltr'><strong>substantiae</strong></span> <span class='ocrx_word' id='word_1_812' title='bbox 3137 4993 3460 5054; x_wconf 82' lang='lat' dir='ltr'><strong>essentiam,</strong></span> <span class='ocrx_word' id='word_1_813' title='bbox 3507 4997 3564 5044; x_wconf 88' lang='lat' dir='ltr'><strong>et</strong></span> 
     </span>
    </p>
   </div>
   <div class='ocr_carea' id='block_1_110' title="bbox 1989 5084 3564 5157">
    <p class='ocr_par' dir='ltr' id='par_1_110' title="bbox 1989 5084 3564 5157">
     <span class='ocr_line' id='line_1_110' title="bbox 1989 5084 3564 5157; baseline -0.004 -15"><span class='ocrx_word' id='word_1_814' title='bbox 1989 5091 2137 5143; x_wconf 90' lang='lat' dir='ltr'><strong>illam</strong></span> <span class='ocrx_word' id='word_1_815' title='bbox 2167 5088 2373 5157; x_wconf 87' lang='lat' dir='ltr'><strong>optime</strong></span> <span class='ocrx_word' id='word_1_816' title='bbox 2401 5087 2612 5141; x_wconf 90' lang='lat' dir='ltr'><strong>didicit.</strong></span> <span class='ocrx_word' id='word_1_817' title='bbox 2636 5086 2790 5140; x_wconf 86' lang='lat' dir='ltr'><strong>Sicut</strong></span> <span class='ocrx_word' id='word_1_818' title='bbox 2820 5086 2964 5139; x_wconf 90' lang='lat' dir='ltr'><strong>enim</strong></span> <span class='ocrx_word' id='word_1_819' title='bbox 2989 5084 3236 5138; x_wconf 83' lang='lat' dir='ltr'><strong>delinitio</strong></span> <span class='ocrx_word' id='word_1_820' title='bbox 3257 5085 3375 5138; x_wconf 79' lang='lat' dir='ltr'><strong>hth</strong></span> <span class='ocrx_word' id='word_1_821' title='bbox 3403 5099 3564 5138; x_wconf 89' lang='lat' dir='ltr'><strong>men-</strong></span> 
     </span>
    </p>
   </div>
   <div class='ocr_carea' id='block_1_111' title="bbox 1991 5177 3563 5246">
    <p class='ocr_par' dir='ltr' id='par_1_111' title="bbox 1991 5177 3563 5246">
     <span class='ocr_line' id='line_1_111' title="bbox 1991 5177 3563 5246; baseline -0.004 -11"><span class='ocrx_word' id='word_1_822' title='bbox 1991 5191 2096 5235; x_wconf 86' lang='lat' dir='ltr'><strong>tein</strong></span> <span class='ocrx_word' id='word_1_823' title='bbox 2151 5183 2377 5234; x_wconf 88' lang='lat' dir='ltr'><strong>lirmiter</strong></span> <span class='ocrx_word' id='word_1_824' title='bbox 2417 5179 2659 5234; x_wconf 79' lang='lat' dir='ltr'><strong>inStituit</strong></span> <span class='ocrx_word' id='word_1_825' title='bbox 2693 5180 2747 5232; x_wconf 90' lang='lat' dir='ltr'><strong>in</strong></span> <span class='ocrx_word' id='word_1_826' title='bbox 2785 5177 3143 5246; x_wconf 85' lang='lat' dir='ltr'><strong>intelligendo</strong></span> <span class='ocrx_word' id='word_1_827' title='bbox 3182 5177 3314 5246; x_wconf 87' lang='lat' dir='ltr'><strong>quid</strong></span> <span class='ocrx_word' id='word_1_828' title='bbox 3342 5179 3414 5231; x_wconf 87' lang='lat' dir='ltr'><strong>sit</strong></span> <span class='ocrx_word' id='word_1_829' title='bbox 3459 5178 3563 5230; x_wconf 85' lang='lat' dir='ltr'><strong>hoc</strong></span> 
     </span>
    </p>
   </div>
   <div class='ocr_carea' id='block_1_112' title="bbox 1987 5269 3562 5336">
    <p class='ocr_par' dir='ltr' id='par_1_112' title="bbox 1987 5269 3562 5336">
     <span class='ocr_line' id='line_1_112' title="bbox 1987 5269 3562 5336; baseline -0.001 -13"><span class='ocrx_word' id='word_1_830' title='bbox 1987 5271 2145 5336; x_wconf 88' lang='lat' dir='ltr'><strong>cujus</strong></span> <span class='ocrx_word' id='word_1_831' title='bbox 2177 5271 2476 5324; x_wconf 83' lang='lat' dir='ltr'><strong>essentiam</strong></span> <span class='ocrx_word' id='word_1_832' title='bbox 2511 5271 2848 5335; x_wconf 70' lang='lat' dir='ltr'><strong>quaerimus;</strong></span> <span class='ocrx_word' id='word_1_833' title='bbox 2881 5271 2962 5322; x_wconf 88' lang='lat' dir='ltr'><strong>sic</strong></span> <span class='ocrx_word' id='word_1_834' title='bbox 2995 5270 3304 5322; x_wconf 77' lang='lat' dir='ltr'><strong>veneranda</strong></span> <span class='ocrx_word' id='word_1_835' title='bbox 3337 5269 3562 5323; x_wconf 85' lang='lat' dir='ltr'><strong>decreta</strong></span> 
     </span>
    </p>
   </div>
   <div class='ocr_carea' id='block_1_113' title="bbox 1988 5361 3565 5436">
    <p class='ocr_par' dir='ltr' id='par_1_113' title="bbox 1988 5361 3565 5436">
     <span class='ocr_line' id='line_1_113' title="bbox 1988 5361 3565 5436; baseline 0 -20"><span class='ocrx_word' id='word_1_836' title='bbox 1988 5375 2176 5430; x_wconf 85' lang='lat' dir='ltr'><strong>aperte</strong></span> <span class='ocrx_word' id='word_1_837' title='bbox 2213 5364 2571 5415; x_wconf 72' lang='lat' dir='ltr'><strong>manil&#39;estant</strong></span> <span class='ocrx_word' id='word_1_838' title='bbox 2632 5361 2778 5430; x_wconf 87' lang='lat' dir='ltr'><strong>quod</strong></span> <span class='ocrx_word' id='word_1_839' title='bbox 2816 5361 3204 5436; x_wconf 72' lang='lat' dir='ltr'><strong>illlel‘lllillalll,</strong></span> <span class='ocrx_word' id='word_1_840' title='bbox 3267 5361 3341 5414; x_wconf 90' lang='lat' dir='ltr'><strong>ita</strong></span> <span class='ocrx_word' id='word_1_841' title='bbox 3379 5369 3438 5414; x_wconf 80' lang='lat' dir='ltr'><strong>ut</strong></span> <span class='ocrx_word' id='word_1_842' title='bbox 3470 5363 3565 5416; x_wconf 83' lang='lat' dir='ltr'><strong>be-</strong></span> 
     </span>
    </p>
   </div>
   <div class='ocr_carea' id='block_1_114' title="bbox 1990 5453 3568 5523">
    <p class='ocr_par' dir='ltr' id='par_1_114' title="bbox 1990 5453 3568 5523">
     <span class='ocr_line' id='line_1_114' title="bbox 1990 5453 3568 5523; baseline 0 -16"><span class='ocrx_word' id='word_1_843' title='bbox 1990 5471 2056 5508; x_wconf 88' lang='lat' dir='ltr'><strong>ne</strong></span> <span class='ocrx_word' id='word_1_844' title='bbox 2087 5458 2364 5523; x_wconf 86' lang='lat' dir='ltr'><strong>cognituin</strong></span> <span class='ocrx_word' id='word_1_845' title='bbox 2403 5465 2495 5518; x_wconf 82' lang='lat' dir='ltr'><strong>Sll,</strong></span> <span class='ocrx_word' id='word_1_846' title='bbox 2525 5464 2577 5507; x_wconf 87' lang='lat' dir='ltr'><strong>et</strong></span> <span class='ocrx_word' id='word_1_847' title='bbox 2607 5469 2733 5507; x_wconf 88' lang='lat' dir='ltr'><strong>cum</strong></span> <span class='ocrx_word' id='word_1_848' title='bbox 2760 5453 3049 5521; x_wconf 73' lang='lat' dir='ltr'><strong>etplorata</strong></span> <span class='ocrx_word' id='word_1_849' title='bbox 3070 5454 3175 5507; x_wconf 89' lang='lat' dir='ltr'><strong>lide</strong></span> <span class='ocrx_word' id='word_1_850' title='bbox 3205 5454 3431 5508; x_wconf 86' lang='lat' dir='ltr'><strong>minime</strong></span> <span class='ocrx_word' id='word_1_851' title='bbox 3462 5461 3568 5508; x_wconf 83' lang='lat' dir='ltr'><strong>du-</strong></span> 
     </span>
    </p>
   </div>
   <div class='ocr_carea' id='block_1_115' title="bbox 1991 5545 2160 5598">
    <p class='ocr_par' dir='ltr' id='par_1_115' title="bbox 1991 5545 2160 5598">
     <span class='ocr_line' id='line_1_115' title="bbox 1991 5545 2160 5598; baseline 0.012 -2"><span class='ocrx_word' id='word_1_852' title='bbox 1991 5545 2160 5598; x_wconf 82' lang='lat' dir='ltr'><strong>bium.</strong></span> 
     </span>
    </p>
   </div>
   <div class='ocr_carea' id='block_1_116' title="bbox 2063 5723 3564 5796">
    <p class='ocr_par' dir='ltr' id='par_1_116' title="bbox 2063 5723 3564 5796">
     <span class='ocr_line' id='line_1_116' title="bbox 2063 5723 3564 5796; baseline 0.003 -20"><span class='ocrx_word' id='word_1_853' title='bbox 2063 5723 2154 5778; x_wconf 77' lang='lat'><strong>35.</strong></span> <span class='ocrx_word' id='word_1_854' title='bbox 2184 5723 2629 5792; x_wconf 81' lang='lat' dir='ltr'><strong>Quadrupliciter</strong></span> <span class='ocrx_word' id='word_1_855' title='bbox 2650 5726 2818 5796; x_wconf 85' lang='lat' dir='ltr'><strong>igitur</strong></span> <span class='ocrx_word' id='word_1_856' title='bbox 2856 5727 3015 5782; x_wconf 88' lang='lat' dir='ltr'><strong>nobis</strong></span> <span class='ocrx_word' id='word_1_857' title='bbox 3065 5727 3389 5783; x_wconf 88' lang='lat' dir='ltr'><strong>secundum</strong></span> <span class='ocrx_word' id='word_1_858' title='bbox 3419 5740 3564 5795; x_wconf 71' lang='lat' dir='ltr'><strong>prte-</strong></span> 
     </span>
    </p>
   </div>
   <div class='ocr_carea' id='block_1_117' title="bbox 1991 5819 3571 5889">
    <p class='ocr_par' dir='ltr' id='par_1_117' title="bbox 1991 5819 3571 5889">
     <span class='ocr_line' id='line_1_117' title="bbox 1991 5819 3571 5889; baseline -0.001 -17"><span class='ocrx_word' id='word_1_859' title='bbox 1991 5832 2200 5872; x_wconf 85' lang='lat' dir='ltr'><strong>sentem</strong></span> <span class='ocrx_word' id='word_1_860' title='bbox 2224 5834 2380 5871; x_wconf 81' lang='lat' dir='ltr'><strong>usum</strong></span> <span class='ocrx_word' id='word_1_861' title='bbox 2421 5819 2771 5872; x_wconf 73' lang='lat' dir='ltr'><strong>considerato</strong></span> <span class='ocrx_word' id='word_1_862' title='bbox 2802 5820 3064 5884; x_wconf 85' lang='lat' dir='ltr'><strong>termino,</strong></span> <span class='ocrx_word' id='word_1_863' title='bbox 3086 5821 3209 5889; x_wconf 78' lang='grc' dir='ltr'>ὄρος</span> <span class='ocrx_word' id='word_1_864' title='bbox 3265 5820 3408 5874; x_wconf 86' lang='lat' dir='ltr'><strong>enim</strong></span> <span class='ocrx_word' id='word_1_865' title='bbox 3433 5833 3571 5870; x_wconf 88' lang='lat' dir='ltr'><strong>neu-</strong></span> 
     </span>
    </p>
   </div>
   <div class='ocr_carea' id='block_1_118' title="bbox 1994 5911 3567 5982">
    <p class='ocr_par' dir='ltr' id='par_1_118' title="bbox 1994 5911 3567 5982">
     <span class='ocr_line' id='line_1_118' title="bbox 1994 5911 3567 5982; baseline 0 -18"><span class='ocrx_word' id='word_1_866' title='bbox 1994 5920 2078 5964; x_wconf 87' lang='lat' dir='ltr'><strong>tro</strong></span> <span class='ocrx_word' id='word_1_867' title='bbox 2107 5925 2302 5979; x_wconf 77' lang='lat' dir='ltr'><strong>genere</strong></span> <span class='ocrx_word' id='word_1_868' title='bbox 2340 5914 2427 5965; x_wconf 68' lang='lat' dir='ltr'><strong>hic</strong></span> <span class='ocrx_word' id='word_1_869' title='bbox 2461 5913 2734 5976; x_wconf 67' lang='lat' dir='ltr'><strong>introsum</strong></span> <span class='ocrx_word' id='word_1_870' title='bbox 2782 5911 2955 5966; x_wconf 83' lang='lat' dir='ltr'><strong>fuisse</strong></span> <span class='ocrx_word' id='word_1_871' title='bbox 2991 5927 3151 5970; x_wconf 87' lang='lat' dir='ltr'><strong>nemo</strong></span> <span class='ocrx_word' id='word_1_872' title='bbox 3186 5912 3468 5982; x_wconf 71' lang='lat' dir='ltr'><strong>cegitabit,</strong></span> <span class='ocrx_word' id='word_1_873' title='bbox 3506 5921 3567 5964; x_wconf 82' lang='lat' dir='ltr'><strong>ut</strong></span> 
     </span>
    </p>
   </div>
  </div>
