4050 6466
423 444 526 512 551

1133 436 1549 499 EUSTATIIII
1578 431 2339 497 THESSALONICENSIS
2372 427 2939 493 METROPOLITE

3478 459 3486 468 -
3586 421 3722 486 552

427 558 734 624 arbitror;
799 553 1091 611 videndum
1167 566 1294 615 est,
1346 560 1526 606 utrum
1586 561 1708 620 apte
1769 558 1823 603 ct
1875 563 2007 601 cnn-

2139 541 2536 614 παραϐυσοῆναι
2571 540 2689 593 οὐδὲ
2720 532 3162 608 ἐνθυμηοήσεταί
3196 544 3303 597 τι.·,
3334 527 3512 602 οἶμαι,
3557 531 3721 584 θεω-

426 666 559 720 grue
583 649 848 704 Salvatori
877 657 1062 700 nostro
1092 642 1220 698 Jesu
1254 642 1475 698 Chris:o
1517 639 1999 695 accommodentur

428 743 480 795 lii
514 752 753 811 quatuor
776 753 994 793 sensus.
1046 737 1110 790 Et
1149 734 1373 804 quidem
1432 732 1669 804 primum
1723 731 2003 786 examine-

426 847 550 888 unus
577 842 631 885 et
662 831 910 884 dicamus
942 828 1262 890 terminum,
1300 825 1443 879 sicut
1486 831 1542 878 et
1565 821 1810 876 Verbum
1845 821 1999 888 iuge-

429 925 527 978 niti
553 923 731 977 Patris
797 920 994 974 Filium
1020 919 1126 973 dici
1177 916 1500 987 theologice,
1535 923 1593 969 ιιι
1623 913 2002 967 terminantem

427 1031 573 1079 eum,
601 1023 655 1068 et
687 1015 1098 1074 ostendeutcm,
1137 1019 1192 1065 et
1233 1017 1422 1063 notum
1473 1023 1569 1076 per
1601 1022 1659 1062 se
1691 1005 2000 1059 facientem.

430 1111 584 1163 Sicut
619 1109 761 1161 enim
792 1114 1054 1160 constans
1095 1103 1147 1157 iu
1201 1112 1345 1157 terra
1397 1101 1687 1161 terminus,
1722 1099 1767 1151 si
1814 1112 2002 1150 vocem

429 1201 674 1263 haberet,
693 1200 904 1253 diceret
927 1197 1150 1264 quidem
1173 1197 1236 1250 ad
1263 1196 1571 1250 auditorem
1595 1208 1731 1261 quae:
1750 1192 2004 1245 itantem:

430 1292 532 1358 Qui
553 1309 638 1346 me
671 1293 814 1346 videt
844 1292 946 1344 scit
975 1291 1105 1360 quid
1138 1304 1165 1342 a
1197 1304 1286 1344 tne
1318 1289 1580 1341 limitetur
1606 1303 1620 1352 ;
1642 1287 1719 1338 sic
1748 1295 1801 1338 et
1837 1282 2010 1338 Filius

432 1384 548 1438 ait:
579 1381 684 1449 Qui
707 1383 856 1436 videt
885 1397 992 1442 me,
1018 1379 1169 1434 videt
1191 1389 1247 1456 et
1266 1377 1481 1432 Patrem
1517 1393 1534 1443 ;
1571 1385 1644 1441 et,
1670 1375 1782 1446 Ego
1821 1375 1874 1428 in
1906 1374 2011 1428 Pa-

433 1483 537 1537 tre,
561 1484 615 1528 et
648 1473 806 1528 Pater
833 1473 994 1526 inme
1023 1480 1127 1526 est.
1163 1468 1254 1524 Sic
1283 1469 1451 1540 igitur
1482 1469 1746 1522 terminus
1771 1465 2011 1521 existens

437 1565 710 1619 maximus
739 1574 794 1617 et
824 1561 998 1618 Filius
1044 1570 1098 1617 et
1142 1562 1310 1624 Deus,
1369 1559 1535 1614 habet
1597 1559 1910 1612 necessario
1944 1572 2012 1612 ex

437 1655 865 1724 transpositione
893 1669 1076 1709 rerum
1131 1654 1272 1708 bene
1328 1649 1680 1705 fundatarum
1714 1648 1798 1702 vel
1832 1648 2015 1702 ﬁrma-

438 1763 560 1802 rum
594 1746 809 1800 [irinum
842 1761 986 1808 esse,
1021 1744 1074 1800 id
1105 1753 1189 1800 est
1217 1744 1490 1807 stabilem,
1533 1739 1895 1804 immobilem,
1930 1740 2013 1793 in-

439 1851 793 1901 concussum,
863 1835 1326 1899 inaccessibilem,
1403 1833 1497 1887 uni
1560 1832 1667 1887 soli
1739 1831 2011 1902 pervium,

2111 637 2302 706 ρητέον
2335 636 2392 687 ὲν
2425 631 2730 694 ἐπελεύσει,
2766 631 2842 694 ὡς
2877 623 2990 682 οἷόν
3015 644 3098 694 τε,
3126 625 3174 680 ει
3218 624 3402 688 καλῶς
3448 623 3547 678 καὶ
3593 622 3725 675 οὐκ

2111 724 2444 797 ἀπροσφνῶς
2507 723 2811 791 ἁρμὸσουσι
2866 718 2943 789 τῷ
3007 717 3168 787 ήμῶν
3225 715 3441 786 Σωτῆρι
3516 711 3723 783 ’1ησοῦ

2112 815 2334 886 Χριστῷ
2387 815 2480 867 καὶ
2535 815 2584 867 οἱ
2633 813 2922 880 τέσσαρες.
2982 810 3092 863 Καὶ
3124 805 3344 878 πρῶτον
3376 801 3724 868 ὲπιϐλητέον

2114 908 2190 978 τῷ
2221 907 2455 979 πρώτῳ·
2490 909 2583 960 καὶ
2619 904 2812 975 ῥητέον
2843 903 2928 956 ὃτι
2960 901 3084 971 ὄρος
3113 898 3259 953 καθὰ
3295 897 3386 950 καὶ
3403 896 3575 962 Λόγος
3603 891 3722 944 τοῦ

2113 1003 2414 1072 ἀγεννήτου
2443 999 2656 1069 Πατρὸς
2686 1001 2714 1052 6
2751 997 2876 1060 Υἱὸς
2927 995 3148 1063 λέγεται
3199 987 3559 1056 θεολογικῶς,
3611 979 3724 1036 οἷα.

2113 1093 2311 1164 ὁρίζων
2336 1095 2544 1146 ἐκεῖνον
2581 1094 2678 1145 καὶ
2711 1090 2948 1155 δεικνὺς,
3009 1089 3108 1141 καὶ
3161 1083 3450 1154 γνωρίζων
3481 1079 3546 1132 δι’
3577 1079 3728 1130 ἐαυ-

2115 1184 2232 1238 τοῦ.
2271 1185 2368 1247 Ὠς
2395 1184 2505 1255 γὰρ
2533 1184 2560 1235 6
2593 1181 2722 1252 περὶ
2748 1182 2850 1250 γῆν
2890 1177 3140 1249 βεϐηκὼς
3165 1177 3290 1246 ὄρος
3319 1172 3480 1240 εἴπερ
3509 1167 3724 1221 ἀνελά-

2118 1277 2244 1330 ϐετο
2265 1277 2469 1347 φωνὴν,
2497 1271 2649 1327 εἶπεν
2671 1274 2735 1328 ἄν
2765 1289 2897 1326 ποτε
2930 1271 3064 1340 πρὸς
3085 1266 3360 1338 ἀκροατὴν
3385 1259 3722 1331 ζητητικδν,

2118 1368 2196 1420 ὅτι
2214 1365 2271 1420 ὐ
2292 1367 2388 1434 ἐμὲ
2407 1365 2618 1436 βλέπων
2645 1360 2754 1418 οἶδε
2784 1365 2878 1416 καὶ
2903 1362 2964 1415 το
2994 1358 3432 1430 περιώρισμένον
3458 1353 3523 1407 δι’
3546 1350 3724 1420 ἐμοῦ,

2118 1457 2262 1512 οὕτω
2291 1459 2384 1510 καὶ
2413 1460 2440 1510 6
2481 1457 2605 1519 Υἱὸς
2635 1456 2782 1524 λέγει
2822 1455 2894 1517 ώς
2937 1453 2995 1506 Ὀ
3039 1449 3299 1522 ἑωρακὼς
3335 1448 3456 1518 ἐμὲ,
3493 1445 3729 1515 ἑώρακα

2119 1551 2210 1604 τὸν
2241 1551 2487 1618 Πατέραο
2523 1551 2638 1614 καὶ,
2673 1549 2817 1617 Ἐγὼ
2844 1551 2900 1601 ὲν
2938 1547 3016 1617 τῷ
3045 1548 3218 1615 Πατρὶ
3245 1544 3341 1597 καὶ
3365 1544 3393 1595 6
3424 1539 3617 1607 Πατὴρ
3655 1540 3727 1588 ὲν

2121 1643 2266 1714 ἐμοί.
2321 1643 2545 1696 Τοιοῦτο
2573 1642 2630 1696 δὲ
2669 1641 2746 1695 ὢν
2785 1643 2912 1714 ὅρος
2938 1643 2966 1694 6
2996 1641 3298 1708 πάμμεγας
3329 1635 3424 1688 καὶ
3457 1633 3586 1693 Υἱὸς
3613 1628 3727 1682 καὶ

2071 1795 2084 1802 .
2123 1739 2278 1800 Θεὸς,
2317 1738 2431 1808 ἔχει
2460 1737 2778 1806 ἀναγκαίως
2807 1736 2879 1799 ὡς
2917 1737 2980 1787 ὲκ
3007 1731 3326 1803 μεταφορᾶς
3356 1727 3466 1780 τῶν
3495 1723 3556 1778 εὖ
3588 1723 3725 1776 διοιο

2125 1829 2458 1899 ϐεϐηκότων,
2513 1830 2546 1898 ἢ
2605 1827 2941 1898 βεϐηκότων,
2996 1825 3090 1879 καὶ
3149 1822 3210 1875 τὸ
3271 1819 3490 1890 βέϐαιος
3543 1810 3724 1877 εἶναι,

439 1939 806 1991 constantem,
838 1928 1097 1992 solidum,
1131 1926 1557 1980 immutabilem.
1588 1923 1646 1977 Si
1702 1925 1849 1978 enim
1903 1931 2013 1976 ter-

2139 1917 2289 1986 ιγγουν
2311 1916 2593 1986 σταθερὸς,
2624 1915 3049 1984 ἁμετακίνητος,
3080 1908 3555 1979 ἀπαρασάλευτος,
3590 1905 3730 1958 ἀνε-

441 2023 623 2075 ιιιὶιιιιε
674 2021 824 2074 utilis
855 2023 928 2075 sit
1000 2034 1165 2089 quem
1195 2033 1354 2072 nemo
1379 2017 1856 2089 praatcrgredietur
1878 2012 2024 2068 evel-

441 2114 558 2166 lens
595 2123 644 2168 et
680 2113 1004 2175 immutans,
1041 2113 1232 2180 quales
1295 2113 1556 2165 novimus
1608 2124 1704 2164 eos
1748 2109 1841 2179 qui
1883 2105 2022 2160 auti~

440 2219 580 2275 quas
620 2215 795 2260 metas
851 2205 1188 2267 transiliunt,
1230 2206 1505 2274 quomodo
1535 2219 1640 2257 non
1673 2213 1816 2257 esset
1843 2201 2024 2255 termi-

441 2311 548 2348 nus
577 2300 849 2364 perlectus
878 2296 970 2364 qui
1001 2297 1307 2351 sccundum
1363 2294 1578 2348 Patrem
1639 2291 2020 2358 immutabilis,

442 2394 498 2440 et
529 2386 829 2439 secundum
868 2399 1118 2440 naturam
1150 2385 1496 2437 firmissimus
1517 2397 1726 2438 summe
1755 2389 1810 2436 et
1838 2381 2030 2435 immo-

445 2476 574 2532 bilis
602 2476 806 2530 est‘iEt
841 2478 955 2531 haec
982 2479 1154 2545 prima
1187 2475 1406 2529 termini
1439 2473 1829 2528 commentatio
1884 2471 2028 2542 rapi-

448 2567 538 2632 da,
563 2582 625 2620 ex
656 2575 802 2621 terra
827 2566 1056 2633 sumpti,
1084 2571 1139 2619 et
1179 2564 1477 2625 notissimi,
1520 2571 1573 2618 et
1606 2561 1957 2634 apertissimi.

521 2835 614 2893 66.
646 2833 1003 2905 Adjuugeuda
1033 2831 1185 2888 venit
1219 2830 1492 2887 Salvatori
1523 2841 1712 2887 nostro
1746 2845 1906 2888 mens
1939 2833 2034 2887 de-

455 2927 862 2996 ﬁnitiva,juxta
903 2924 1340 2994 philosophicum
1382 2925 1703 2987 terminum,
1731 2924 1898 2994 idque
1917 2923 2032 2993 pari

454 3019 734 3074 celeritate
764 3024 819 3070 et
846 3015 1199 3070 rectitudine.
1230 3012 1287 3070 Si
1317 3013 1465 3068 enim
1501 3013 1773 3069 terminus
1802 3020 1885 3069 est
1913 3028 2034 3067 ver-

453 3113 584 3168 bum
615 3119 797 3166 notam
829 3109 1054 3173 faciens,
1111 3115 1206 3162 aut
1236 3107 1535 3162 ostendens
1591 3106 1888 3162 essentiam
1945 3105 2032 3160 vel

454 3219 723 3274 personas,
761 3205 844 3258 vel
873 3202 1201 3273 qualemvis.
1229 3209 1376 3256 esset
1398 3208 1452 3253 et
1475 3197 1672 3265 Filius,
1697 3197 1882 3254 Patris
1899 3197 2036 3253 Ver-

455 3298 608 3364 bum,
647 3298 915 3351 terminus
945 3297 1063 3366 ejus
1089 3302 1362 3363 quatenus
1395 3290 1764 3346 manifestavit
1798 3291 1883 3345 his
1939 3291 2030 3360 qui

454 3397 612 3442 erant
641 3386 697 3440 in
721 3385 928 3440 mundo
957 3395 1011 3440 et
1035 3387 1202 3438 etiam
1258 3396 1405 3436 nunc
1461 3381 1781 3436 manifestat
1835 3396 2032 3434 nomen

456 3479 597 3548 ejus,
640 3478 1084 3532 substantialiter
1141 3475 1426 3537 nimirum,
1469 3485 1739 3542 quatenus
1778 3472 2034 3528 divinita-

457 3577 567 3624 tem
603 3569 767 3622 habet
795 3567 979 3621 Pater.
1013 3565 1250 3620 Omnino
1283 3564 1428 3619 enim
1481 3563 1625 3618 inter
1677 3564 2037 3633 philosophos

459 3660 735 3730 perfectus
760 3661 1052 3723 terminus,
1091 3659 1243 3710 firma
1273 3665 1328 3712 et
1379 3657 1616 3720 stabilis,
1646 3665 1700 3709 et
1727 3656 2037 3710 essentiali-

461 3757 545 3802 ter
569 3765 693 3803 vera
728 3747 996 3812 definitio,
1031 3755 1118 3802 est
1153 3747 1394 3801 nominis
1421 3745 1766 3815 subjacentis
1799 3745 1864 3800 ad
1899 3745 2040 3800 noti-

461 3843 592 3894 tiam
631 3841 976 3910 praabendam
1004 3839 1384 3894 substantialis
1407 3838 1684 3908 cognitio;
1721 3848 1942 3893 etcerto
1961 3841 2041 3893 vi-

461 3934 620 3988 detur
657 3942 850 3987 auctor
878 3933 1004 3987 huic
1033 3933 1324 3986 sententia:
1354 3932 1832 3988 maximehzesisse
1855 3948 1872 4000 ;
1899 3933 2044 3988 unde

461 4027 617 4095 quasi
673 4025 801 4078 hinc
851 4024 1304 4090 comminiscens,
1358 4024 1570 4078 inducit
1635 4025 2046 4096 interpretative

465 4117 554 4170 vel
590 4117 984 4171 commutative
1019 4117 1344 4170 verissimum
1381 4115 1625 4184 Verbum,
1659 4118 1712 4171 in
1740 4134 1908 4173 unum
1963 4135 2048 4174 re-

465 4214 660 4282 digeus
682 4214 858 4266 Patris
891 4221 946 4266 et
966 4211 1204 4266 Verbum
1235 4221 1288 4266 et
1317 4213 1608 4267 terminum
1639 4229 1654 4279 ;
1682 4228 1920 4283 quorum
1945 4215 2047 4268 uni

465 4304 684 4374 quidem
735 4305 1055 4375 adjungitur
1085 4305 1371 4373 perfectus,
1401 4305 1554 4361 alteri
1610 4318 1792 4362 autem
1841 4308 2052 4362 verissi-

467 4413 632 4451 mum.
655 4397 1018 4452 Existimatur
1047 4409 1197 4452 certe
1223 4401 1514 4464 terminus,
1532 4399 1624 4452 Dei
1655 4398 1838 4455 Patris
1859 4399 2050 4468 Filius,

466 4488 767 4543 secundum
803 4488 1018 4542 tertiam
1066 4489 1287 4542 termini
1325 4489 1789 4559 signiﬁcationem
1823 4490 1876 4543 in
1924 4506 2053 4560 pro-

2126 2009 2468 2079 πιχείρητος,
2497 2008 2582 2078 ἐφ’
2611 2009 2738 2072 ἐνὸς.
2756 2007 3013 2079 βάσιμος,
3041 2003 3238 2067 ἑστὼς,
3267 2000 3540 2070 ἀσφαλὴς,
3578 1997 3730 2063 ἀμε-

2127 2101 2372 2164 τάθετος.
2431 2099 2492 2153 El
2550 2100 2654 2168 γὰρ
2717 2101 2866 2170 ὃριον
2927 2095 3225 2166 εὔχρηστον
3283 2094 3402 2145 ἐστι
3457 2089 3485 2142 6
3535 2085 3728 2149 οὐδεὶς

2130 2191 2530 2261 παρελεύσεται
2571 2189 2904 2259 παρασπῶν,
2954 2189 3053 2242 καὶ
3100 2183 3444 2256 ὁρογλυφῶν,
3492 2177 3729 2238 ὁποίους

2129 2285 2358 2354 οἴδαμεν
2385 2284 2514 2347 τοὺς
2541 2284 2745 2354 ἀρχαῖα
2769 2283 2897 2352 ὅρια.
2935 2277 3362 2352 ὑπερηδῶντας
3405 2273 3502 2326 καὶ
3547 2271 3730 2338 ὑπερ-

2130 2375 2436 2440 ϐαίνοντας,
2471 2375 2586 2440 πῶς
2637 2375 2739 2427 οὐκ
2781 2374 2846 2428 ἂν
2892 2374 2981 2442 εἴη
3013 2372 3138 2443 ὅρος
3185 2365 3460 2439 βεϐηκὼς,
3511 2363 3540 2415 6
3569 2359 3729 2414 κατὰ

2130 2467 2222 2519 τὸν
2255 2467 2480 2536 Πατέρα
2533 2462 2918 2526 ἀναλλοῖωτος,
2961 2461 3056 2515 καὶ
3100 2461 3199 2530 τὴν
3230 2455 3420 2511 οὐσίαν
3459 2449 3733 2505 εὐσταθέ-

2133 2575 2328 2620 στατος
2358 2560 2414 2620 ἐς
2444 2557 2614 2626 ἄκρον
2670 2556 2766 2608 καὶ
2804 2551 3245 2624 ἀμεταποίητοςς
3297 2548 3395 2601 καὶ
3426 2543 3568 2614 αὕτη
3617 2541 3731 2610 μὲν

2133 2648 2363 2718 ἐπιϐολὴ
2402 2647 2594 2721 πρώτη
2627 2646 2755 2718 ὅρου
2787 2646 3101 2716 ὲπίτροχος,
3134 2642 3230 2696 τοῦ
3266 2639 3434 2710 γῆθεν
3473 2636 3732 2707 δηλονότι

2135 2741 2227 2794 καὶ
2255 2739 2689 2809 γνωριμωτάτου
2726 2737 2922 2799 κοινῶς
2949 2735 3044 2789 καὶ
3076 2733 3441 2801 σαφεστάτου.

2204 2829 2320 2893 λς’.
2356 2831 2515 2884 Ἔστι
2549 2831 2606 2884 δὲ
2640 2828 3012 2902 προσϐιϐάσαι
3048 2827 3128 2897 τῷ
3157 2824 3314 2895 ἡμῶν
3349 2822 3564 2892 Σωτῆρι
3595 2819 3733 2873 νοῦν

2137 2923 2326 2992 ὁρικὸν
2361 2925 2458 2978 καὶ
2484 2925 2625 2976 κατᾶ
2657 2920 3121 2991 φιλοσοφούμενον
3143 2916 3369 2988 ὁρισμὸν
3405 2914 3567 2986 ὁμοῖα
3592 2930 3736 2984 γορ-

2135 3017 2325 3086 γότητι
2355 3017 2451 3068 καὶ
2481 3015 2757 3085 ὀρθότητι.
2780 3014 2844 3066 Εἰ
2866 3015 2978 3084 γὰρ
3006 3013 3129 3082 ὅρος
3155 3011 3322 3079 ἤγουν
3350 3007 3576 3078 ὁρισμός
3607 3007 3733 3060 ἐστι

2134 3109 2291 3176 λόγος
2335 3107 2638 3178 γνωρίζων,
2673 3106 2793 3177 ἦτοι
2828 3104 3007 3174 δηλῶν
3063 3103 3251 3155 οὐσίαν
3287 3101 3320 3172 ἢ
3360 3097 3657 3170 προσώπου
3695 3097 3731 3166 ἢ

2136 3201 2320 3265 ἁπλῶς
2349 3201 2580 3266 οἱανοῦν,
2601 3201 2684 3268 εἴη
2709 3199 2773 3252 ἂν
2792 3199 2883 3251 καὶ
2902 3200 2930 3251 6
2953 3196 3050 3252 Υἱὸ
3067 3217 3104 3263 ·,
3125 3199 3150 3250 6
3176 3195 3270 3248 τοῦ
3301 3193 3732 3264 ΠατρὲςΔόγος,

2138 3295 2260 3364 ὅρος
2296 3293 2528 3355 ἐκείνου,
2560 3292 2750 3344 καθότι
2773 3291 2870 3344 καὶ
2895 3292 3160 3359 ἐγνώρισε
3183 3289 3296 3351 τοῖς
3326 3288 3383 3340 ἐν
3409 3289 3600 3356 κόσμῳ
3632 3284 3734 3338 καὶ

2140 3387 2309 3439 εἰσέτι
2340 3386 2395 3438 δὲ
2426 3384 2682 3455 γνωρξζει
2716 3383 2777 3436 τὸ
2809 3381 3021 3434 ἐκείνου
3047 3381 3240 3450 ὄνομα·
3287 3379 3568 3442 οὐσιωδῶς
3622 3377 3728 3447 δη-

2140 3481 2275 3550 λαδὴ
2303 3478 2395 3531 καὶ
2424 3479 2498 3540 ώς
2523 3479 2635 3547 ἔχει
2664 3475 2919 3545 Θεὸτητος
2944 3476 2972 3527 6
3001 3474 3210 3544 Πατήρ.
3241 3473 3466 3536 Πάντως
3491 3470 3600 3540 γὰρ
3633 3469 3737 3524 καὶ

2143 3573 2170 3624 6
2200 3570 2354 3640 παρὰ
2376 3571 2490 3632 τοῖς
2526 3568 2842 3637 φιλοσόφοις
2872 3565 3121 3637 βεϐηκὼς
3147 3567 3295 3634 ὅρος,
3350 3564 3605 3634 ἀσφαλὴς
3635 3563 3737 3615 καὶ

2148 3661 2366 3730 βέϐαιος
2395 3657 2624 3730 ὁρισμὸς
2657 3660 2750 3711 καὶ
2797 3658 2966 3722 ὅντως
3011 3657 3240 3728 ἀληθὴς,
3284 3655 3548 3726 ὀνόματός
3578 3657 3738 3706 ἐστιν

2146 3754 2513 3819 ὑποκειμένου
2544 3754 2623 3814 εἰς
2653 3751 3031 3816 διδασκαλίαν,
3079 3752 3347 3822 οὺσιώδης
3389 3749 3734 3819 γνωρισμόςο

2145 3844 2242 3897 καὶ
2267 3845 2410 3910 δόξοι
2439 3843 2506 3896 ἂν
2537 3844 2564 3894 6
2595 3844 2834 3914 μελῳδὸς
2878 3844 3382 3896 ὲπαναπαὺσασοαι
3431 3843 3633 3912 μᾶλλον
3667 3845 3736 3912 τῇ

2146 3937 2372 4008 τοιαύτῃ
2390 3936 2592 4006 ὲννιίᾳ.
2611 3937 2701 3988 A.6
2725 3938 2817 3988 :ui
2836 3935 2910 4000 ώς
2936 3933 3047 3990 οἷον
3072 3937 3434 4006 πορισάμενος
3457 3933 3738 4000 ἐντεῦθεν,

2149 4026 2343 4092 ἐπάγει
2379 4027 2852 4096 παραφραστικῶς
2903 4026 2936 4096 ἢ
2991 4025 3437 4096 μεταποιητικῶς
3471 4026 3530 4078 τὸ
3566 4024 3740 4092 ἀτρε-

2152 4118 2446 4184 κέστατος
2475 4121 2687 4186 Λόγος·
2715 4119 2865 4184 ἄγων
2897 4114 3006 4173 οἷον
3035 4119 3116 4182 εἰς
3145 4118 3203 4170 ἓν
3246 4120 3338 4173 τὸν
3377 4117 3473 4172 τοῦ
3522 4119 3741 4188 Πατρὸς

2151 4213 2278 4280 ὅρον
2309 4230 2367 4264 τε
2397 4215 2490 4265 καὶ
2516 4213 2711 4280 Λόγοψ
2739 4205 2812 4266 ὧν
2830 4213 2906 4283 τῷ
2928 4214 3026 4282 μὲν
3052 4212 3384 4266 ἐπιτέθειται
3405 4215 3431 4266 6
3461 4211 3739 4282 βεϐηκὼς.

2152 4303 2232 4372 τῷ
2260 4303 2315 4355 δὲ
2347 4306 2373 4355 ὁ
2405 4305 2666 4376 ἀτρεκήςο
2707 4307 2884 4357 νοοῖτο
2913 4303 2970 4356 δὲ
2999 4303 3066 4358 ἂν
3105 4303 3396 4372 ἀσφάλτως
3433 4305 3558 4373 ὄρος
3587 4305 3614 4354 ὁ
3639 4302 3740 4356 τοῦ

2155 4397 2292 4449 Θεοῦ
2329 4397 2538 4466 Πατρὶς
2566 4397 2718 4462 Υἱὸς,
2742 4399 2835 4450 καὶ
2862 4397 3006 4450 κατὰ
3030 4397 3090 4449 τὸ
3115 4397 3301 4464 τρίτον
3333 4396 3741 4468 σημαινόμενον

2155 4488 2247 4539 τοῦ
2282 4489 2424 4541 κατὰ
2459 4491 2727 4558 πρότασιν
2773 4489 2924 4558 ὅρου,
2960 4490 3013 4543 ετ
3043 4507 3125 4552 τις
3158 4489 3300 4542 οὕτω
3349 4488 3601 4559 μετέλθοι
3645 4488 3741 4540 τὸν

468 4581 763 4650 positione,
798 4581 843 4635 si
869 4581 992 4649 quis
1019 4582 1101 4636 sic
1126 4581 1318 4635 sedulo
1354 4591 1594 4634 mentem
1617 4582 1741 4658 ejus
1766 4583 2018 4650 exquirat

2160 4580 2285 4633 νοῦν
2316 4581 2528 4633 ἐκείνου
2584 4581 2800 4650 ἰσχνῶς.
2871 4581 3036 4649 Ἐγὼ,
3075 4580 3264 4650 φησὶν,
3321 4583 3380 4636 ὲν
3411 4578 3489 4649 τῷ
3539 4579 3739 4648 Πατρὶ,

469 4670 604 4739 Ego,
640 4672 735 4738 ait,
764 4672 818 4723 in
854 4671 1015 4726 Patre
1071 4680 1126 4726 et
1175 4669 1340 4725 Pater
1391 4672 1444 4724 in
1488 4687 1573 4724 me
1621 4684 1704 4726 est
1739 4687 1753 4737 ;
1788 4674 2054 4726 terminus

469 4762 635 4832 igitur
655 4763 824 4817 oblati
890 4763 1050 4833 quasi
1113 4763 1371 4817 dualismi
1406 4761 1572 4832 hujus
1611 4763 1950 4818 sanctissimi
2003 4771 2058 4817 et

471 4869 686 4923 semper
722 4855 1100 4910 commansuri
1127 4857 1181 4907 in
1214 4855 1444 4919 unitate,
1475 4865 1559 4908 est
1589 4853 1758 4909 Filius
1789 4856 2056 4925 simplici-

471 4954 555 4998 ter
586 4945 860 5000 exsistt-ns
895 4957 948 5000 et
982 4947 1278 5016 cogitatus.
1313 4954 1551 5000 mentem
1585 4946 1792 5000 habens
1828 4946 2060 5016 comple-

473 5045 581 5090 tam
615 5044 670 5090 et
696 5035 750 5088 in
783 5037 969 5105 seipso
1009 5035 1347 5106 perfectam;
1397 5035 1494 5090 sed
1564 5036 1667 5089 etsi
1716 5037 2060 5106 excogitetur

472 5141 596 5180 cum
625 5127 785 5181 Patre
811 5129 1179 5192 coexsistens,
1210 5142 1334 5182 cum
1355 5140 1422 5181 eo
1447 5127 1654 5190 unitus,
1674 5128 1836 5182 simul
1861 5143 2052 5198 agens,

474 5226 530 5272 et
559 5219 866 5274 certissime
885 5220 1008 5274 etin
1034 5220 1283 5275 absoluta
1307 5218 1536 5272 veritate
1561 5220 1735 5289 ;quod
1775 5221 1933 5276 aliter
1962 5220 2060 5275 de-

476 5310 824 5378 tertninatur,
857 5310 907 5365 ei
962 5312 1058 5380 qui
1111 5311 1214 5365 scit
1277 5311 1559 5381 inquirere
1614 5328 1712 5381 per
1764 5313 1867 5367 hoc
1914 5315 2060 5382 quod

476 5401 745 5456 mediator
768 5404 840 5456 sit
863 5410 924 5456 ut
949 5403 1003 5455 in
1031 5403 1239 5456 unitate
1259 5404 1470 5470 redigat
1497 5401 1565 5456 de
1592 5417 1698 5472 qua
1729 5403 1888 5472 paulo
1909 5414 2060 5470 ante,

480 5502 539 5547 ut
571 5492 724 5548 licuit
752 5494 1142 5550 disseruimus.
1191 5492 1285 5548 Sic
1334 5502 1389 5550 et
1440 5496 1544 5549 hoc
1571 5496 1805 5550 breviter
1825 5505 1878 5551 et
1901 5498 2061 5567 quasi

481 5596 707 5638 summa:
735 5585 812 5639 rei
835 5593 890 5638 et
916 5586 1198 5640 sententia:
1228 5585 1443 5655 signum
1474 5584 1771 5657 attigerim.

553 5875 646 5932 37.
680 5874 795 5932 Non
829 5875 1062 5932 multum
1098 5885 1278 5934 autem
1319 5877 1588 5934 laborabit
1620 5873 1766 5944 quis,
1796 5882 1855 5930 ut
1882 5889 2050 5944 quar-

2159 4674 2253 4725 καὶ
2281 4675 2307 4726 6
2343 4674 2532 4743 Πατὴρ
2568 4674 2625 4726 ἐν
2655 4672 2800 4741 ἐμοί.
2835 4672 3003 4744 Ὅρος
3033 4669 3146 4736 οὖν,
3178 4668 3292 4724 οἷον
3333 4671 3742 4743 προτεταμένου

2157 4764 2402 4835 δυασμοῦ
2437 4765 2632 4818 τούτου
2679 4765 2772 4818 τοῦ
2809 4766 3116 4833 ἁγιωτάτου
3147 4765 3240 4819 καὶ
3269 4765 3356 4818 ἀεὶ
3409 4762 3744 4833 ξυμϐιϐαζο-

2163 4858 2327 4925 μένου
2358 4857 2436 4919 εἰς
2472 4858 2723 4926 ἑνότητα,
2764 4858 2792 4910 6
2828 4856 2956 4919 Υἱὸς
2996 4855 3186 4918 ἁπλῶς
3219 4856 3312 4908 καὶ
3357 4855 3433 4907 ὣν
3468 4856 3562 4908 καὶ
3589 4853 3743 4907 νοού-

2163 4965 2348 5018 μενος,
2381 4948 2508 5002 νοῦν
2553 4949 2692 5019 ἔχων
2727 4949 2950 5017 ὁλοτελῆ
2981 4949 3075 5001 καὶ
3103 4947 3423 5000 παντέλειον
3459 4945 3582 4998 καθ’
3618 4945 3745 4998 ἑαυ-

2159 5033 2273 5085 τόν·
2299 5033 2433 5086 ἀλλὰ
2464 5036 2561 5087 καὶ
2584 5036 2978 5105 συννοούμενος
3007 5035 3084 5105 τῷ
3119 5035 3295 5104 Πατρὶ
3324 5036 3418 5088 καὶ
3442 5033 3616 5088 συνὼν
3647 5033 3745 5087 καὶ

2165 5127 2742 5198 συμπροϐαλλόμενος,
2803 5130 2898 5182 καὶ
2958 5130 3372 5199 συμπροτείνων
3422 5128 3490 5182 τὰ
3515 5129 3743 5198 ἐνεργή-

2166 5236 2332 5288 ματα,
2376 5219 2688 5290 βεϐηκότως
2715 5221 2811 5275 καὶ
2842 5221 2978 5291 πρὸς
3008 5222 3266 5292 ἀλήθειαν
3293 5220 3537 5290 ἀσφαλῆ,
3565 5220 3744 5282 ἄλλως

2161 5328 2221 5363 τε
2261 5315 2704 5384 περατουμένην,
2765 5314 2838 5377 ώς
2865 5316 3075 5376 ἐκεῖνος
3117 5310 3227 5367 οἶδε
3285 5313 3618 5384 μεθοδεύειν,
3649 5310 3742 5365 καὶ

2164 5403 2251 5457 διὰ
2299 5402 2394 5457 τοῦ
2461 5405 2771 5475 μεσιτεύειν
2813 5405 2871 5460 δὲ
2922 5406 2997 5469 ώς
3051 5406 3157 5458 ὑπὸ
3203 5407 3432 5476 ἑνότητα
3487 5405 3742 5472 συνάγειν

2165 5499 2336 5568 ἡμᾶς,
2375 5498 2568 5553 ὁποίαν
2606 5501 2809 5570 ὁρικῶς
2857 5500 2966 5570 πρὸ
3000 5499 3269 5570 βραχέων,
3301 5497 3378 5562 ὼς
3421 5497 3549 5567 ἐξῆν
3594 5497 3746 5568 δεδη-

2166 5587 2422 5658 λώκαμεν
2446 5606 2459 5620 ο
2487 5591 2583 5644 καὶ
2627 5591 2772 5643 οὕτω
2807 5592 2908 5657 μὲν
2936 5591 3030 5644 καὶ
3084 5591 3245 5643 τοῦτο
3301 5588 3742 5660 βραχυλογικῶς,

2168 5680 2263 5731 καὶ
2290 5678 2365 5742 ὡς
2396 5674 2507 5732 οἷον
2554 5679 2872 5748 ἐφάψασθαι
2905 5682 3052 5733 κατά
3104 5697 3158 5732 τι
3191 5683 3420 5750 σημεῖον
3485 5679 3744 5749 μεγίστου

2169 5769 2500 5839 πράγματος
2527 5772 2621 5822 καὶ
2652 5772 2947 5837 νοήματος.

2246 5860 2346 5924 λζ.
2381 5860 2484 5916 Τὸν
2508 5860 2562 5915 δὲ
2593 5863 2851 5932 τέταρτον
2874 5863 2998 5933 ὅρον
3020 5861 3096 5934 τῷ
3129 5862 3476 5932 Παμϐασιλεῖ
3504 5874 3744 5932 προσαρ-
