4050 6420
373 446 478 509 553

1145 439 1227 499 ΙΝ
1264 436 1610 499 HYMNUM
1642 435 2297 498 PENTECOSTALEM
2337 437 2800 502 DAMASCENI.

3523 447 3630 510 δδι

373 563 536 631 μόσαι
557 555 695 626 Υἱῷ,
728 553 788 608 οὐ
823 552 1040 626 μακρὰν
1059 550 1359 624 πονήσεταί
1386 567 1495 615 τις,
1538 549 1632 604 τὸν
1658 550 1757 604 καὶ
1789 548 1946 619 ἱερώ-

2058 557 2164 604 tum
2196 552 2485 606 terminum
2522 553 2670 624 regio
2730 553 2952 624 adoptet
2988 553 3130 609 Filio
3185 553 3628 611 sacratissimum

367 669 529 706 τατον
561 650 657 704 ml.
688 648 967 702 θειότατον
991 645 1087 700 καὶ
1111 644 1370 716 βασιλείῳ
1396 642 1774 710 ἐπιπρέποντα
1804 641 1954 711 ἱερα-

367 745 625 814 τεύματι·
648 741 775 812 ὅρος
801 739 909 808 γάρ
931 734 1156 790 ὲστιτοῦ
1189 736 1403 804 Πατρὸς
1431 735 1457 786 ὀ
1481 732 1630 795 Υἱὸς,
1663 730 1759 782 καὶ
1784 728 1862 792 ὡς
1890 728 1952 780 τὸ

371 836 479 906 πρὸ
525 832 740 888 αἰώνων
793 830 1224 903 βεϐουλευμένον
1275 828 1372 882 ml.
1424 825 1808 893 τετυπωμένον
1859 825 1953 876 καὶ

367 927 698 998 ὡρισμένον,
735 920 1352 993 αὑτοκρατορικὼτατον
1384 919 1478 972 καὶ
1509 914 1816 984 ἁγιώτατον
1859 915 1953 968 θέο

368 1019 433 1086 λη
443 1035 519 1088 μα
541 1016 703 1078 αὐτὸς
729 1015 1046 1086 πληρώσας·
1072 1014 1169 1066 καὶ
1189 1011 1644 1083 πρωταπόστολος
1671 1010 1768 1078 τῆς
1789 1007 1952 1079 ἡμῶν

369 1110 646 1180 σωτηρίας
696 1109 1007 1177 γινόμενος,
1067 1108 1162 1160 καὶ
1211 1105 1466 1176 δακτύλῳ
1519 1105 1768 1174 Πατρός,
1823 1105 1950 1173 ὅρου

367 1203 524 1273 δίκην
551 1203 645 1254 καὶ
679 1201 869 1268 λόγου,
924 1201 1076 1271 τόμῳ
1134 1199 1436 1268 ἐγγραφεὶς
1475 1197 1647 1265 ἁγιως
1697 1195 1955 1266 καθαρω-

369 1296 516 1364 τάτῳ
542 1293 882 1363 παρθενικῷ,
915 1293 1012 1346 καὶ
1037 1291 1210 1354 οὕτως
1247 1293 1330 1353 εὶς
1351 1289 1476 1360 ὅρον
1511 1289 1655 1342 θεῖον
1689 1289 1952 1341 ἀποτελε-

344 1385 538 1462 ξσθεὶς,
595 1387 690 1437 καὶ
735 1387 849 1445 τοῖς
896 1383 1213 1452 ἀνθρώποις
1241 1380 1551 1443 ἀποδοθεὶς,
1605 1379 1699 1431 ἐπὶ
1761 1376 1953 1447 ἀγαθῷ

347 1463 618 1548 ’μεγίστῳ
645 1478 738 1530 καὶ
772 1475 1053 1545 βεϐηκότι,
1087 1475 1183 1528 καὶ
1206 1473 1594 1544 ἁτρεκεστάτῳ
1622 1472 1759 1542 προς
1782 1470 1952 1541 αὐτὴν

369 1571 680 1639 ἀκρίσειαν·
713 1570 805 1620 καὶ
832 1566 976 1620 οὕτω
1015 1567 1115 1637 μὲν
1153 1566 1288 1636 ἡμῖν
1338 1566 1366 1618 6
1399 1561 1651 1635 βεϐηκὼς
1694 1565 1839 1632 ὅρος,
1874 1561 1953 1625 ὡς

370 1664 524 1732 ἐξῆν,
570 1662 975 1723 ἐπελευστικῶς
1021 1659 1394 1729 τεθεώρηταιο
1455 1657 1954 1726 συνεπιδραμοῦσιν

371 1755 489 1823 ἅμα
527 1754 623 1806 καὶ
672 1754 765 1806 τὸν
806 1752 1109 1822 μελῳδικδν
1152 1751 1554 1822 ἀτρεκέστατον
1583 1749 1742 1816 λόγον
1770 1764 1784 1777 '
1824 1747 1954 1816 περὶ

372 1841 432 1899 οὖ
467 1847 804 1916 σαφέστερον
837 1846 982 1898 ἐστιν
1012 1845 1208 1908 εἰπεῖν,
1241 1844 1337 1896 καὶ
1369 1843 1452 1896 ὅτι
1481 1841 1760 1912 σημασίας
1787 1837 1953 1910 οὔσης

370 1940 571 2011 καὶτῷ
621 1941 766 2010 λόγῳ
795 1939 895 2009 οὐχ
945 1939 1146 2008 ἁπλῆς,
1179 1939 1318 1992 ἀλλὰ
1381 1940 1484 1991 ὑπὸ
1544 1938 1763 2000 δεκάδα,
1805 1936 1947 1990 καθά
1987 1921 2028 1980 Β

371 2034 674 2088 ἐκτίθενται
725 2036 774 2087 οἱ
823 2033 1063 2098 παλαιοὶ,
1115 2032 1176 2085 τὸ
1229 2031 1453 2101 ὕψιστον
1493 2031 1552 2082 ἐν
1596 2032 1662 2100 τῇ
1729 2027 1954 2098 τοιαύτῃ

369 2124 514 2191 λέξει
565 2127 965 2197 σημαινόμενον
993 2128 1021 2178 ὁ
1055 2125 1148 2179 τοῦ
1181 2123 1316 2178 Θεοῦ
1349 2123 1524 2191 Λόγος
1569 2123 1714 2175 ἐστὶν
1741 2123 1770 2175 6
1813 2122 1983 2174 évou'o.

372 2235 505 2282 σιος,
552 2218 582 2271 6
633 2219 740 2288 πρὸ
789 2219 971 2288 πάσης
1012 2217 1213 2282 οὐσίαςι
1248 2219 1496 2287 κτίστης,
1563 2219 1593 2270 6
1643 2218 1812 2280 αῐτιος
1843 2215 1959 2270 -καὶ

371 2309 538 2365 αὐτοῦ
577 2310 672 2363 τοῦ
712 2311 857 2363 κατά
907 2309 1201 2380 ἄνθρωπον
1252 2309 1418 2377 λόγου
1467 2309 1590 2364 καθ’
1650 2309 1707 2361 ὃν
1755 2311 1960 2373 ἐκεῖνος

371 2402 588 2470 λογικὸς
613 2402 980 2471 ὀνομάζεται·
1060 2404 1121 2454 οὐ
1188 2401 1350 2471 μόνον
1408 2399 1611 2472 δηλαδὴ
1662 2399 1756 2453 τοῦ
1822 2417 1960 2470 προ-

375 2495 605 2565 φορικοῦ
631 2497 728 2565 τῆς
758 2496 1058 2566 ἰδιαιτάτης
1106 2493 1202 2546 τοῦ
1244 2494 1536 2565 ἀνθρώπου
1572 2494 1780 2564 φωνῆς,
1826 2495 1960 2548 ἀλλά

371 2589 465 2641 καὶ
506 2587 602 2641 τοῦ
629 2589 960 2654 ἐνδιαθέτου,
1009 2588 1104 2641 τοῦ
1155 2587 1550 2651 εἱδοποιοῦντος
1599 2590 1691 2640 τὸν
1742 2587 1802 2639 ἐν
1846 2587 1960 2641 τοῖς

369 2679 664 2750 καθ’ἡμᾶς
713 2679 1001 2750 ἄνθρωπον
1032 2697 1046 2710 ·
1080 2673 1140 2734 οὗ
1178 2678 1243 2750 δὴ
1290 2678 1450 2748 λόγου
1506 2678 1638 2732 ποτὲ
1697 2679 1797 2750 μὲν
1826 2677 1961 2748 ψεῦ-

369 2774 459 2836 δος
486 2773 922 2842 ὑπαγορεύοντος
955 2773 988 2843 ἢ
1045 2773 1384 2843 ἐφαμάρτως
1416 2772 1450 2842 ἢ
1480 2773 1620 2826 κατὰ
1660 2789 1712 2824 τι
1771 2771 1946 2832 ἄλλως

373 2865 710 2935 παρατυχὺν,
751 2866 882 2918 ποτὲ
929 2865 988 2918 δὲ
1033 2866 1172 2934 πρὸς
1221 2867 1287 2935 τῇ
1333 2863 1567 2935 ἀληθείᾳ
1628 2862 1803 2926 ὄντος,
1856 2861 1961 2915 διέ-

373 2956 598 3011 σταλται
651 2959 679 3010 6
710 2960 766 3012 ὲν
822 2959 963 3028 ἀρχῇ
1020 2957 1194 3025 Λόγος
1225 2956 1314 3009 διὰ
1343 2954 1435 3009 τοῦ
1474 2955 1547 3026 μὴ
1578 2954 1765 3017 ἁπλῶς
1801 2957 1963 3026 ἀτρε-

370 3049 472 3118 κὴς
502 3043 668 3113 εἶναι,
697 3049 834 3103 ἀλλὰ
867 3050 1069 3120 ἀτρεκέ
1082 3065 1298 3112 στατος,
1327 3049 1355 3102 ὅ
1387 3049 1539 3102 ἐστιν
1569 3046 1959 3117 ἀληθέστατος,

369 3137 508 3206 ὅπερ
535 3140 586 3189 oi.
623 3139 721 3208 μὲν
756 3138 906 3208 παρὰ
930 3139 992 3192 τὺ
1016 3139 1343 3211 στερητικὸν
1366 3155 1401 3192 α
1423 3139 1521 3190 καὶ
1551 3137 1612 3190 τὸ
1639 3137 1838 3204 τορὸν,
1867 3136 1963 3189 καὶ

2052 651 2108 697 et
2137 643 2564 712 divinissimum,
2594 655 2649 700 et
2679 647 2826 715 regio
2857 656 3248 718 congruentem
3291 649 3629 704 sacerdotio.

2052 734 2346 792 Terminus
2382 747 2465 793 est
2494 740 2640 792 enim
2673 738 2851 796 Patris
2883 739 3072 802 Filius,
3105 749 3160 795 et
3209 756 3482 810 quatenus
3505 751 3634 796 ante

2053 826 2248 881 smcula
2275 831 2498 883 volitant
2523 841 2569 884 et
2605 847 2918 898 expressam
2953 839 3009 886 et
3031 833 3477 898 determinatam,
3509 849 3631 887 0m-

2055 917 2388 987 nipoteutem
2425 931 2480 976 et
2512 922 2922 977 sanctissimam
2954 923 3188 992 perfecit
3217 924 3336 993 ejus
3366 925 3632 979 volunta-

2054 1015 2200 1075 tem;
2233 1023 2281 1064 et
2318 1015 2528 1082 primus
2589 1029 2766 1083 praeco
2805 1025 3004 1070 nosme
3068 1017 3262 1071 salutis
3325 1017 3524 1083 lactus,
3577 1025 3633 1072 et

2053 1102 2226 1172 digito
2257 1101 2459 1168 Patris,
2520 1107 2748 1159 termini
2780 1107 2956 1161 instar
3021 1117 3075 1163 et
3127 1108 3305 1171 verbi,
3368 1109 3632 1165 volumini

2055 1199 2358 1268 inscriptus
2387 1202 2683 1268 purissimo
2717 1200 2978 1271 Virginis,
3021 1211 3075 1257 et
3102 1203 3185 1258 sic
3235 1205 3286 1257 iu
3337 1205 3631 1258 terminum

2055 1290 2300 1344 divinum
2335 1300 2779 1356 consummatus,
2815 1301 2868 1347 et
2931 1295 3250 1350 hominibus
3311 1297 3474 1350 datus
3532 1312 3634 1366 pro

2054 1382 2200 1435 bono
2251 1384 2494 1437 maximo
2558 1391 2613 1438 et
2673 1385 2914 1454 perfecto
2952 1395 3006 1441 et
3058 1387 3381 1454 verissimo;
3438 1397 3494 1442 et
3554 1391 3636 1442 sic

2055 1473 2332 1544 perlectus
2363 1477 2627 1532 terminus
2672 1480 3026 1540 transeundo,
3084 1487 3140 1533 ut
3191 1480 3438 1546 decebat,
3484 1483 3634 1536 visus

2053 1576 2136 1622 est
2161 1568 2321 1623 nobis
2348 1569 2440 1638 qui
2477 1571 2640 1624 simul
2680 1575 2992 1626 conversati
3051 1588 3251 1626 smnus
3283 1588 3405 1627 cum
3455 1589 3639 1627 sacra-

2057 1660 2272 1716 tissimo
2297 1662 2589 1717 verissimo
2620 1662 2836 1730 Verbo;
2868 1665 2934 1718 de
2975 1681 3084 1734 quo
3133 1666 3378 1734 apertius
3443 1667 3634 1719 tliccn-

2053 1753 2185 1805 dum
2210 1761 2294 1806 est
2316 1755 2462 1822 quod
2486 1754 2886 1824 signiﬁcatione
2915 1757 3011 1808 τοῦ
3036 1757 3189 1810 verbo
3225 1773 3334 1812 non
3398 1758 3636 1826 simplici

2055 1844 2371 1910 exsisteute,
2427 1846 2521 1901 sed
2579 1846 2876 1916 dccuplici,
2933 1852 3078 1903 sicut
3142 1850 3338 1904 docent
3399 1851 3634 1920 antiqui,

2060 1937 2325 1994 altissima
2359 1939 2522 2008 hujus
2548 1940 2876 2010 signiﬁcatio
2890 1951 2977 1996 est
3004 1943 3097 1996 Dei
3121 1941 3353 1997 Verbum
3380 1944 3636 1999 substan-

2060 2029 2209 2094 tiale,
2275 2039 2404 2086 ante
2451 2047 2670 2086 omnem
2727 2033 3096 2087 substantiam
3145 2044 3380 2094 creator.
3443 2044 3639 2090 auctor

2059 2122 2226 2193 hujus
2255 2124 2348 2192 qui
2383 2124 2435 2178 in
2474 2124 2697 2180 homine
2744 2134 2829 2180 est
2859 2126 3008 2180 verbi
3042 2125 3340 2181 sccundmu
3401 2129 3547 2196 quod
3583 2136 3640 2182 et

2059 2215 2406 2271 rationabilis
2434 2227 2707 2282 vocatur;
2747 2233 2853 2270 non
2893 2218 3072 2272 solum
3135 2219 3463 2288 prolationis
3515 2235 3642 2289 pro-

2060 2310 2192 2379 prire
2223 2309 2434 2363 homini
2463 2311 2637 2376 νοτὶς,
2666 2310 2762 2364 sed
2820 2310 2999 2364 intimi
3040 2325 3260 2376 sensus,
3294 2313 3438 2368 unde
3493 2314 3547 2368 in
3581 2329 3641 2368 se

2059 2401 2417 2456 constituitur
2450 2401 2643 2468 homo;
2695 2417 2807 2456 non
2839 2402 2990 2457 verbi
3031 2403 3176 2472 quod
3221 2419 3462 2459 errorem
3509 2421 3641 2476 pro-

2060 2489 2170 2546 fert.
2201 2492 2284 2546 vel
2316 2491 2685 2560 culpabiliter,
2719 2493 2800 2547 vel
2849 2493 2920 2547 ob
2979 2495 3217 2564 aliquam
3269 2497 3640 2554 circumstan-

2061 2585 2216 2649 tiam,
2252 2585 2550 2655 aliquando
2577 2594 2758 2641 autem
2797 2595 2994 2656 praeter
3019 2589 3305 2658 veritatem
3352 2602 3475 2658 est;
3532 2608 3640 2646 non

2062 2679 2128 2732 ad
2157 2677 2261 2732 hoc
2291 2677 2630 2747 assignatum
2685 2680 2852 2734 estin
2913 2680 3186 2750 principio
3250 2681 3513 2745 Verbum.
3577 2701 3642 2739 co

2061 2767 2206 2836 quod
2236 2766 2308 2820 sit
2336 2781 2442 2820 non
2477 2767 2802 2837 simpliciter
2834 2783 3048 2834 verum,
3079 2771 3173 2826 sed
3216 2771 3640 2839 ἀτρέκεστατον,

2062 2856 2207 2926 quod
2248 2857 2341 2910 alii
2369 2858 2490 2911 aba
2520 2859 2811 2926 privativo,
2837 2866 2891 2914 et
2911 2860 3091 2930 τορὸν,
3122 2869 3178 2914 et
3202 2862 3334 2923 ἑκὰς
3367 2863 3640 2923 derivant.

2063 2949 2138 3002 ita
2169 2957 2228 3003 ut
2274 2952 2344 3004 sit
2372 2951 2602 3017 ἀτρεκὲς
2634 2949 2697 3002 τὺ
2734 2950 2810 3021 μὴ
2852 2950 2946 3005 τοῦ
3002 2952 3166 3022 τοροῦ
3232 2954 3388 3020 ἐκάς,
3439 2957 3493 3010 id
3533 2968 3642 3018 est.

2065 3057 2170 3094 non
2206 3040 2396 3110 procul
2431 3057 2461 3094 a
2493 3052 2646 3096 recto
2680 3052 2735 3094 et
2759 3057 2958 3098 securo
2984 3057 3082 3113 per
3099 3045 3416 3112 veritatem;
3452 3047 3541 3101 alii
3574 3049 3643 3101 ab

2063 3128 2387 3197 «privativa
2445 3131 2735 3201 particula,
2788 3141 2842 3188 et
2865 3133 3047 3203 τρέω;
3079 3136 3173 3205 qni
3219 3137 3363 3190 enim
3415 3139 3643 3193 veritate

368 3230 427 3282 τὸ
461 3229 605 3295 ἑκὰς
629 3226 780 3284 εἷπον
804 3227 967 3284 εἶναι’
995 3230 1080 3284 ἵνα
1105 3229 1192 3301 εῐη
1221 3230 1451 3299 ἀτρεκὲς
1477 3228 1540 3281 τὸ
1571 3228 1647 3298 μὴ
1677 3226 1769 3280 τοῦ
1798 3223 1959 3296 τοροῦ

2063 3219 2282 3289 gaudet,
2319 3236 2428 3275 non
2454 3223 2631 3278 solum
2666 3238 2773 3277 non
2814 3225 3093 3280 erubescit
3129 3227 3400 3296 loquendo
3451 3245 3636 3285 coram

369 3322 522 3387 ἐκᾶις,
555 3324 723 3392 ἤγουν
760 3324 820 3376 τὸ
877 3323 954 3393 μὴ
1000 3323 1192 3394 πόρρω
1235 3321 1331 3375 τοῦ
1393 3321 1600 3390 σαφοῦς
1631 3319 1728 3373 καὶ
1761 3317 1958 3389 τεθαρ-

2063 3312 2422 3382 quibuslibet,
2448 3313 2542 3370 sed
2581 3330 2681 3370 nec
2715 3317 2930 3371 metuit.

372 3416 437 3484 ῥη
449 3414 613 3480 μένου
643 3415 730 3468 διὰ
757 3415 855 3486 τὴν
884 3415 1164 3484 ἀλήθειανο
1190 3414 1240 3468 οἱ
1271 3415 1328 3466 δὲ
1355 3414 1507 3483 παρὰ
1535 3413 1597 3466 τὸ
1624 3429 1660 3465 α
1687 3409 2011 3482 στερητικὸν
2040 3407 2228 3477 μόριον
2262 3405 2355 3460 καὶ
2412 3407 2472 3458 τὸ
2527 3406 2672 3476 τρέω
2734 3407 2795 3460 τὸ
2856 3407 3153 3478 φοϐοῦμαι.
3191 3410 3251 3464 '0
3273 3412 3381 3482 γὰρ
3410 3416 3478 3485 τῇ
3513 3411 3643 3486 ἀλη-

371 3508 490 3578 θεία
517 3509 727 3578 χαίρων
790 3509 852 3560 οὐ
893 3509 1052 3577 μόνον
1097 3508 1197 3562 οὐκ
1230 3506 1553 3577 αἰσχύνεται
1603 3505 1780 3558 λαλῶν
1809 3502 2058 3559 ἐναντιον
2080 3494 2155 3557 ὧν
2185 3502 2252 3556 ἂν
2289 3501 2461 3568 λέγοι,
2493 3503 2612 3557 ἀλλ’
2641 3503 2763 3557 οὐδὲ
2799 3505 3072 3575 φοϐεῖται.

443 3600 542 3672 λη’.
594 3602 966 3672 Ἐνθυμητέον
995 3599 1040 3652 δ’
1068 3599 1309 3653 ἐνταῦθα
1338 3601 1420 3652 ὅτι
1451 3601 1596 3652 καθὰ
1639 3599 1780 3668 ὑπὲρ
1814 3599 1957 3652 ᾶπα-

370 3710 472 3748 σαν
500 3694 692 3747 οὐσίαν
717 3695 750 3764 ἡ
786 3694 943 3746 οὐσία
974 3693 1090 3746 ἐστὶ
1139 3691 1232 3745 τοῦ
1268 3691 1429 3757 Θεοῦ,
1462 3691 1558 3745 καὶ
1596 3694 1777 3748 πάντα
1801 3691 1857 3744 δὲ
1888 3690 1958 3745 τά

368 3787 491 3842 κατ’
525 3786 686 3839 αὑτὸν
731 3786 872 3857 ὑπὲρ
906 3786 1125 3840 ἅπαντα
1165 3785 1234 3838 τά
1275 3783 1574 3856 ἐγκόσμια,
1605 3783 1750 3838 οὕτω
1796 3784 1891 3838 καὶ
1922 3783 1957 3854 ή

367 3876 534 3933 αὐτοῦ
567 3876 798 3948 ἀλήθεια
826 3878 968 3946 ὑπὲρ
999 3876 1222 3930 ἅπασαν
1257 3876 1546 3948 ἀλήθειαν.
1601 3876 1662 3929 '0
1712 3879 1812 3946 μὲν
1851 3877 1956 3949 γὰρ

368 3974 426 4026 ἐν
457 3973 588 4042 ἡμῖν
618 3971 775 4040 λόγος
804 3971 1068 4042 ἑκάτερος
1101 3972 1191 4025 ὅτε
1229 3970 1326 4024 καὶ
1375 3970 1695 4040 ἀληθεύσει,
1724 3973 1826 4024 οὐκ
1860 3971 1956 4024 αὑ-

366 4065 459 4129 τὸς
481 4064 741 4134 ἐποίησεν
772 4064 805 4136 ἦ
832 4069 979 4117 ποιεῖ
1006 4065 1068 4118 τὸ
1094 4066 1335 4137 πρᾶγμα
1362 4065 1545 4119 ἐκεῖνο
1574 4064 1707 4136 περὶ
1735 4063 1795 4117 οῦ
1823 4063 1955 4137 ἀλη-

369 4156 540 4222 θεύει,
571 4157 708 4211 ἀλλά
737 4157 1185 4226 καταλαϐόμενος
1220 4157 1473 4227 ἐκφαίνει
1504 4157 1604 4228 τὴν
1631 4157 1719 4208 ἐπ’
1762 4156 1955 4228 ἐκείνῳ

365 4249 648 4321 ἀλήθειανο
673 4252 702 4304 6
734 4251 792 4304 δὲ
821 4250 1088 4320 πανάγιος
1115 4252 1289 4322 Λόγος
1319 4251 1557 4322 καὶὸρος
1587 4249 1682 4303 τοῦ
1715 4249 1950 4322 Πατρδς,

364 4342 400 4413 ἡ
431 4341 815 4410 αὐτοαλήθεια,
847 4344 943 4396 καὶ
978 4344 1090 4406 τοῖς
1118 4343 1302 4412 ἔργοις
1333 4341 1687 4412 ἐπαληθεύει,
1722 4359 1802 4397 ων
1829 4343 1948 4396 ἐστι

366 4433 597 4505 ποιητὴς
633 4437 730 4490 καὶ
778 4433 1103 4505 προϐολεύς*
1134 4434 1197 4488 οὑ
1245 4434 1596 4505 ψευσάμενος
1627 4433 1728 4505 τὴν
1771 4433 1953 4488 αὐτῶν

2084 3602 2087 3606 ·
2133 3595 2224 3651 58.
2255 3595 2311 3649 ln
2367 3605 2550 3652 mente
2585 3612 2753 3667 porro
2822 3602 3236 3658 recondendum
3304 3608 3450 3676 quod
3496 3607 3643 3665 sicut

2062 3702 2227 3757 super
2250 3702 2466 3744 omnem
2490 3692 2788 3746 essentiam
2818 3701 2902 3748 est
2926 3696 3168 3750 essentia
3215 3697 3335 3760 Dei,
3362 3707 3416 3754 et
3440 3710 3640 3758 cuncta

2059 3794 2182 3849 qua:
2214 3779 2281 3834 ad
2313 3795 2438 3836 eum
2466 3782 2743 3851 pertinent
2773 3799 2940 3855 super
2969 3791 3160 3841 omnia
3190 3793 3501 3856 mundana,
3560 3796 3644 3849 sic

2061 3879 2115 3926 et
2146 3872 2348 3929 veritas
2375 3873 2495 3944 ejus
2530 3889 2696 3944 super
2717 3891 2936 3932 omnem
2975 3882 3286 3936 veritatem.
3312 3881 3468 3948 Quod
3496 3887 3640 3940 enim

2064 3971 2148 4019 est
2180 3964 2235 4018 in
2260 3967 2419 4022 nobis
2453 3968 2705 4036 verbum,
2743 3972 2964 4042 quando
2988 3989 3154 4028 verax
3186 3985 3288 4042 est,
3323 3992 3430 4030 nou
3464 3978 3640 4047 ipsum

2064 4051 2194 4111 fecit
2243 4055 2328 4112 vel
2377 4057 2509 4114 lacit
2552 4075 2667 4115 rem
2704 4061 2851 4116 illam
2879 4063 2942 4118 de
2957 4079 3062 4134 qua
3083 4081 3208 4120 vera
3229 4067 3383 4132 dicit,
3413 4069 3508 4124 sed
3552 4085 3644 4125 ac-

2063 4158 2277 4220 ceptam
2309 4151 2623 4208 manifestat
2655 4153 2723 4210 de
2769 4170 2831 4210 ea
2872 4171 2929 4211 re
2988 4157 3272 4214 veritatem
3304 4176 3318 4214 :
3350 4165 3645 4220 sanctissi-

2011 4251 2021 4257 ‘
2064 4255 2213 4296 mum
2242 4250 2425 4297 autem
2461 4241 2702 4298 Verbum
2725 4253 2781 4301 et
2813 4249 3080 4302 terminus
3112 4249 3312 4318 Patris,
3343 4252 3458 4320 ipsa
3497 4254 3640 4307 veri-

2058 4343 2162 4400 tas,
2194 4335 2357 4390 etiam
2395 4336 2450 4390 in
2486 4337 2743 4406 operibus
2771 4354 2935 4394 verax
2963 4350 3298 4413 estquorum
3328 4353 3413 4399 est
3440 4356 3637 4401 auctor

2055 4436 2113 4482 et
2141 4429 2488 4499 productor;
2547 4445 2658 4486 non
2714 4435 2980 4489 mentitur
3031 4452 3219 4492 eorum
3277 4444 3636 4494 creationem.

365 4525 708 4594 παραγωγὴν
739 4525 816 4586 ὡς
845 4519 935 4578 οἷα
964 4523 1294 4594 παραποιῶν
1323 4524 1594 4593 ἀτέχνως,
1627 4521 1744 4577 ἀλλ’
1777 4523 1838 4578 ὲν
1867 4539 1956 4575 σο-

2058 4523 2213 4592 quasi
2243 4525 2496 4595 imperite
2524 4525 2894 4593 assimulans,
2922 4532 3015 4584 sed
3046 4530 3102 4585 in
3136 4532 3404 4602 sapientia
3454 4533 3642 4603 dispo-

366 4615 467 4686 φὶᾳ
498 4616 921 4678 κατασκευάσας
945 4616 1195 4686 ἀρρήτῳ.
1226 4616 1316 4668 Διὸ
1341 4617 1433 4668 καὶ
1469 4615 1650 4678 καλῶς
1677 4615 1956 4686 ψάλλομεν

2058 4629 2196 4669 nens
2259 4615 2560 4685 iuell‘abili;
2609 4618 2753 4674 unde
2812 4632 2959 4676 recte
3027 4621 3310 4692 psallimus
3365 4637 3495 4678 vera
3518 4639 3643 4682 esse

365 4706 602 4776 ἀληθινὰ
634 4703 778 4760 εἶναι
811 4708 990 4760 πάντα
1018 4709 1084 4760 τὰ
1127 4708 1268 4777 ἔργα
1324 4706 1516 4772 αὐτοῦ,
1550 4710 1644 4762 ml.
1679 4709 1859 4760 mith
1894 4708 1952 4760 ἐν

2061 4704 2244 4759 omnia
2267 4719 2432 4775 opera
2464 4707 2606 4777 ejus,
2633 4717 2689 4765 et
2714 4726 2839 4765 eum
2876 4724 3076 4768 cuncta
3115 4713 3169 4768 in
3205 4715 3435 4770 veritate
3475 4713 3641 4770 fecis-

365 4799 601 4870 ἀληθείᾳ.
641 4801 866 4869 ποιῆσαι
898 4801 1093 4854 αὐτόν·
1136 4794 1198 4854 οὗ
1235 4800 1355 4852 κατ’
1385 4799 1553 4870 ἄλλην
1593 4799 1778 4868 ἔφοδον
1810 4799 1904 4852 καὶ
1929 4800 1958 4851 ό

362 4891 540 4956 Λόγος
589 4891 817 4962 ἀλήθειά
842 4894 994 4944 ἐστιν
1016 4933 1030 4948 .
1075 4892 1490 4962 ’Λσεραλέστατα
1516 4891 1646 4960 γοῦν
1674 4892 1768 4944 καὶ
1812 4889 1954 4960 ὑψη-

361 4984 573 5038 λότατα
604 4986 695 5038 τὸν
723 4983 818 5038 τοῦ
857 4985 1070 5056 Πατρδς
1101 4985 1278 5052 Λόγον
1306 4982 1707 5053 ἀτρεκέστατον
1736 4982 1765 5036 6
1794 4981 1959 5051 σοφὸς

374 5077 634 5148 Ἰωάννης
671 5077 1037 5148 ἐμελῴδησεν.

441 5169 542 5222 λθ’.
593 5170 859 5223 Ἐνταῦθα
889 5169 946 5222 δέ
968 5169 1130 5238 λόγου
1158 5167 1333 5222 ἐλθὼν
1356 5172 1452 5223 καὶ
1480 5170 1734 5239 διαγνοὺς
1754 5171 1814 5224 οὐ
1845 5182 1967 5226 κατ’

366 5259 620 5330 ἔνθυμον,
639 5260 758 5312 ἀλλ’
793 5259 854 5326 ἐξ
875 5259 1042 5314 αὑτοῦ
1079 5259 1267 5332 ἔργου,
1286 5261 1368 5314 ὅτι
1398 5259 1507 5314 τῶν
1524 5278 1668 5323 τινες
1697 5262 1731 5334 ἢ
1766 5263 1964 5316 ἁπλου-

371 5349 581 5416 στέρων
617 5350 714 5402 καὶ
738 5349 916 5414 οὕτως
949 5349 1340 5420 ἀὸαθεστέρων
1367 5349 1400 5421 ἢ
1428 5352 1522 5404 καὶ
1556 5351 1736 5414 ἄλλως
1767 5370 1962 5424 πειρα-

369 5439 539 5492 τικῶν
561 5441 774 5512 ἀνδρῶν
799 5441 1125 5510 ἐπιφύονται
1159 5442 1238 5513 τῷ
1273 5444 1404 5512 περὶ
1437 5443 1540 5513 γῆν
1591 5443 1724 5515 ὅρῳ,
1757 5446 1852 5498 καὶ
1883 5446 1960 5509 ὡς

363 5525 454 5582 οἷα
487 5533 592 5602 γῆς
623 5535 945 5605 ἀναδασμὸν
994 5535 1409 5606 ἀκριϐούμενοι,
1436 5537 1710 5604 ἀπάγουσι
1739 5537 1801 5589 τὸ
1834 5538 1955 5591 κατ’

365 5622 538 5691 αὐτὴν
564 5626 736 5694 ὃριον,
759 5629 851 5680 τοῦ
878 5629 1174 5698 βεϐηκότος
1197 5630 1350 5699 ὅρου,
1371 5629 1467 5684 καὶ
1488 5629 1646 5698 λόγου
1670 5628 1764 5682 τοῦ
1789 5630 1956 5704 ὑπερ-

363 5714 550 5764 ουσίου
586 5714 742 5780 Θεοῦ,
775 5719 851 5783 ὡς
883 5720 959 5790 μὴ
978 5720 1201 5784 ἐπάξιον
1223 5719 1282 5775 ὃν
1319 5721 1396 5791 τῷ
1426 5721 1736 5793 ὑπερουσίῳ
1764 5725 1953 5791 γήῖνόν

364 5820 417 5854 τι
443 5806 591 5873 παχὺ
625 5813 1066 5876 προσαρμόττειν
1093 5812 1288 5882 δνομα’
1328 5811 1592 5880 σφαδάζω
1618 5815 1716 5882 μὲν
1759 5814 1951 5866 ἐνθου-

368 5897 500 5952 σιῶν
521 5898 691 5958 πολὶά
719 5899 950 5969 λαὶῆσαι
974 5903 1176 5968 αὐτοῖς,
1203 5903 1495 5972 γινώσκων
1527 5905 1584 5959 δὲ
1616 5907 1680 5960 τὸ
1713 5907 1949 5978 πρᾶγμα

686 5995 959 6057 ΡΑτῐιοι..
1010 5997 1129 6058 Gn.
1183 5999 1529 6063 CXXXVI.

2063 4811 2152 4850 ssc
2177 4811 2194 4865 ;
2221 4798 2368 4852 unde
2399 4808 2452 4853 et
2479 4815 2575 4868 per
2613 4800 2777 4855 aliam
2807 4804 3226 4873 expositionem,
3269 4804 3506 4860 Verbum
3557 4815 3644 4860 est

2065 4891 2644 4947 veritaszcertissime
2675 4893 2909 4961 proinde
2966 4904 3021 4950 et
3074 4895 3346 4952 altissime
3404 4897 3640 4954 Verbum

2062 4978 2243 5036 Patris
2267 4983 2615 5038 verissimum
2645 4983 2851 5040 cecinit
2894 4984 3160 5043 Joannes.

2135 5157 2418 5230 59.Atque
2443 5159 2498 5216 in
2536 5160 2640 5218 boc
2675 5161 2796 5218 loco
2816 5164 3188 5221 conﬁtendum
3216 5168 3372 5222 nobis
3403 5179 3488 5223 est
3534 5186 3642 5225 nou

2064 5267 2162 5320 per
2189 5261 2510 5323 cogitatum,
2535 5257 2630 5310 sed
2664 5273 2729 5312 ex
2756 5257 2888 5326 ipsis
2915 5262 3194 5329 operibus,
3243 5263 3511 5332 quosdam
3559 5266 3644 5317 vel

2060 5347 2425 5414 simpliciores
2439 5350 2591 5404 ctsic
2617 5350 2889 5412 rudiores.
2939 5367 3003 5406 ac
3017 5353 3371 5422 praedatorios
3397 5354 3644 5409 homines

2057 5439 2327 5493 exsistere
2356 5441 2407 5493 in
2433 5441 2632 5496 finibus
2669 5451 2847 5509 terrae,
2863 5451 2916 5498 et
2939 5445 3083 5499 velut
3110 5447 3453 5514 partitionem
3489 5460 3646 5503 terra:

2064 5531 2238 5601 probe
2273 5534 2546 5603 cognitam
2614 5535 2900 5602 habentes,
2925 5537 3018 5606 qui
3060 5540 3349 5592 terminum
3371 5541 3490 5608 ejus
3521 5555 3646 5608 pro-

2066 5626 2153 5679 cul
2179 5635 2347 5696 agunt
2369 5645 2398 5681 a
2424 5627 2666 5696 perfecto
2688 5629 2923 5683 termino
2945 5640 2998 5684 et
3018 5627 3196 5684 Verbo
3221 5635 3646 5701 super-substan-

2069 5718 2219 5774 tialis
2273 5721 2390 5786 Dei,
2429 5722 2587 5790 quasi
2652 5722 2936 5793 indignum
3008 5723 3082 5779 sit
3133 5721 3644 5793 supersubstantjali

2064 5819 2327 5869 terrestre
2359 5813 2635 5884 quoddam
2696 5823 2750 5868 et
2811 5830 3061 5870 crassum
3088 5815 3383 5885 atljuugere
3422 5827 3642 5866 nomen.

2060 5905 2328 5976 Tripudio
2363 5906 2590 5978 quidem
2615 5905 2818 5961 ardore
2848 5905 3086 5976 ﬂagrans
3113 5908 3284 5960 multa
3306 5909 3386 5958 eis
3421 5905 3645 5969 loquen-

3213 5997 3282 6058 18
