4050 6432
406 403 513 466 555

1124 404 1508 465 EUSTATIII
1522 403 1546 462 I
1589 401 1880 462 TIIESSA
1892 400 2355 462 LONIFENSIS
2382 400 2947 462 METROPOLITXE

3567 397 3686 460 536

403 517 497 581 di;
536 509 716 572 sciens
747 527 926 572 autem
961 530 1067 572 non
1117 524 1476 584 opportunam
1538 530 1650 568 rem
1688 528 1830 576 esse.
1865 528 1987 569 ver-

2106 514 2189 567 ιύκ
2219 511 2496 583 εὐκαιρον,
2531 516 2790 584 μετρήσω
2807 516 2904 584 τὴν
2935 513 3125 568 λαλιὰν
3157 514 3235 576 είς
3271 513 3396 566 ὅσον
3418 513 3493 582 μὴ
3539 511 3692 563 πάνυ

405 607 474 662 ba
505 609 578 661 ita
614 608 926 678 ponderabo
963 615 1025 662 ut
1085 622 1264 676 neque
1318 610 1402 661 his
1468 605 1976 673 reprehendendum

408 715 497 753 me
528 701 822 768 praebeam,
856 716 1033 771 neque
1056 699 1178 754 aliis
1209 714 1376 770 penes
1407 715 1546 768 quos
1572 707 1655 752 est
1688 698 1980 769 judicium.

409 792 476 848 Et
507 801 634 848 ante
662 794 867 858 omnia,
895 792 962 846 ad
1001 792 1095 847 ira:
1147 801 1351 846 nostra;
1414 795 1682 854 levamen,
1737 805 1982 846 mensam

407 884 546 953 ipsis
570 884 920 948 instructam,
946 884 1161 954 qualem
1194 883 1504 952 hospitibus
1563 883 1829 952 praebent,
1858 897 1985 952 pru-

411 990 758 1047 ponam,per
807 990 972 1046 quam
1033 975 1319 1038 oblectati,
1381 984 1439 1029 ut
1506 976 1766 1040 arbitror,
1827 975 1987 1028 mites

407 1068 1072 1140 eﬂicientur;apponetur
1112 1079 1294 1124 autem
1320 1069 1407 1123 his
1455 1067 1674 1138 quidem
1729 1068 1868 1134 ovis,
1903 1068 1986 1122 his

411 1167 616 1225 autem,
660 1160 945 1230 probabile
975 1162 1120 1215 enim
1157 1169 1242 1216 est
1277 1162 1543 1229 quosdam
1577 1157 1687 1211 Deo
1741 1167 1987 1214 sacratos

413 1257 612 1320 praesto
629 1249 1057 1320 futnros,piscis
1074 1249 1304 1320 λάϐραξ;
1340 1259 1394 1305 et
1424 1250 1469 1304 si
1505 1259 1725 1318 quidem
1747 1248 1798 1301 iu
1837 1264 1986 1303 men-

415 1360 533 1399 sam
583 1344 698 1397 ha'c
727 1345 907 1399 aﬂ‘erri
952 1345 1182 1412 eligant,
1216 1344 1288 1398 ita
1310 1351 1374 1399 ut
1400 1359 1554 1398 ovem
1595 1345 1724 1398 dum
1782 1343 1991 1396 viveret

416 1435 680 1491 devorent
701 1450 825 1488 cum
848 1435 1073 1499 vellere,
1095 1450 1218 1490 cum
1242 1435 1398 1504 peile,
1424 1434 1684 1489 carnibus
1698 1443 1750 1489 et
1771 1433 1989 1504 ungulis

411 1535 464 1579 et
502 1526 829 1590 visceribus,
865 1535 920 1580 et
972 1527 1177 1596 piscem
1231 1541 1354 1582 cum
1417 1527 1664 1597 squamis
1692 1533 1746 1581 et
1779 1527 1991 1595 reliquo

413 1619 664 1688 corporis
698 1617 886 1672 habitu
943 1635 957 1672 :
1013 1619 1220 1674 cavebo
1253 1618 1438 1674 statim
1494 1635 1563 1674 ne
1633 1618 1989 1690 respondeam

411 1712 512 1774 eis,
550 1727 656 1766 non
681 1720 865 1766 mente
897 1710 1212 1777 considens,
1257 1711 1357 1768 sed
1420 1711 1752 1778 admiratus,
1789 1727 1876 1767 me
1911 1711 1992 1765 vi-

2088 605 2243 675 ψόγῳ
2263 607 2503 675 ἐμαυτὸν
2529 609 2788 676 ὑποσχεῖν
2817 609 2956 677 μήτε
2980 607 3116 677 παρ’
3131 607 3368 669 ἐκείνοις
3389 606 3525 675 μήτε
3548 599 3694 672 παρ’

2089 690 2291 758 ἄλλοις,
2309 685 2390 754 οἷς
2415 693 2532 746 ἐστι
2557 692 2850 764 διάκρισις*
2883 695 2979 748 καὶ
3007 696 3114 765 πρό
3132 713 3195 763 γε
3223 695 3336 748 τῶν
3368 694 3541 748 ἄλλων
3566 695 3695 762 μεί-

2087 783 2262 854 λιγμα
2297 785 2453 854 χόλου
2483 784 2575 838 τοῦ
2607 787 2727 840 καθ’
2757 785 2918 856 ἡμῶν
2944 788 3225 859 τράπεζαν
3248 788 3436 850 αὐτοῖς
3459 788 3558 840 ὅσα
3592 786 3696 838 καὶ

2089 874 2472 946 παραϐαλοῦσι
2509 876 2681 942 ξένοις
2722 878 2813 945 ἐξα
2829 879 3042 949 ρτίσας,
3081 879 3453 949 ὑποθήσομαι,
3480 877 3547 932 δι’
3594 872 3695 949 ἦς,

2089 961 2266 1037 οἶμαι,
2302 969 2628 1039 θελξάμενοι
2659 973 3108 1042 πραῦνθὴσονται
3135 989 3151 1005 ο
3174 973 3328 1026 ἔσται
3358 973 3416 1026 δὲ
3457 974 3519 1025 τὸ
3548 973 3696 1042 πρόο

2090 1057 2253 1128 θεμα,
2287 1062 2402 1124 τοῖς
2434 1061 2535 1131 μέν
2569 1063 2866 1134 πρόϐατον,
2915 1065 3126 1133 ἑτέροις
3153 1066 3233 1133 δέ,
3264 1066 3412 1128 εἰκὸς
3445 1066 3558 1134 γὰρ
3591 1073 3696 1122 καὶ

2090 1150 2468 1222 Ναζιραῖκούς
2489 1171 2645 1218 τινας
2677 1159 3040 1226 παρατυχεῖν,
3077 1156 3232 1223 ἰχθῦς
3255 1155 3467 1226 λάϐραξ
3496 1157 3694 1224 άδράς⁶
3718 1206 3734 1221 ,

2091 1243 2185 1295 καὶ
2217 1245 2264 1295 εί
2298 1245 2399 1314 μὲν
2423 1245 2622 1298 ἐκεῖνοι
2647 1246 2880 1299 ἕλωνται
2914 1247 3393 1318 προσενέγκασθαι
3425 1249 3507 1311 εἰς
3547 1265 3694 1316 τρχ-
3760 1310 3766 1317 ,

2091 1334 2328 1404 πέζωμα
2360 1336 2429 1390 τὰ
2479 1336 2730 1403 τοιαῦτα,
2770 1339 2847 1400 ὼς
2879 1338 2942 1391 τὸ
2987 1338 3088 1409 μὲν
3141 1339 3397 1409 βόσκημα
3423 1339 3660 1391 καταθοι
3725 1345 3735 1376 τ

2092 1427 2360 1498 νήσασθαι
2394 1427 2571 1494 οὕτως
2602 1429 2678 1494 ὡς
2724 1431 2836 1502 ἔχει
2873 1431 3041 1500 ζωῆς,
3074 1431 3226 1500 αὐτῷ
3280 1432 3496 1500 μαλλῷ,
3532 1430 3694 1500 αὐτῴ

2092 1517 2350 1590 δέρματι,
2382 1522 2614 1594 κέρασιν
2637 1523 2822 1588 αὐτοῖς
2851 1525 2945 1577 καὶ
2967 1523 3138 1591 ὄνυξι,
3162 1527 3256 1578 καὶ
3276 1526 3344 1593 τῇ
3373 1524 3484 1577 τῶν
3514 1525 3693 1593 ἐγκά-

2091 1627 2202 1664 των
2235 1611 2498 1682 διαθέσει,
2525 1614 2587 1668 τὸ
2611 1614 2666 1668 δὲ
2699 1615 2929 1688 ὀψάριον
2988 1616 3182 1680 αὐταῖς
3227 1615 3410 1670 λεπίσι
3467 1617 3565 1670 καὶ
3618 1619 3689 1687 τῇ

2093 1701 2255 1774 λοιπῇ
2290 1705 2432 1758 κατὰ
2469 1705 2629 1776 σῶμα
2658 1707 2894 1779 διαρτίᾳ,
2943 1708 3218 1778 στήσομαι
3243 1708 3386 1777 τάχα
3419 1707 3515 1761 τοῦ
3554 1708 3691 1761 ἀντ-

412 1802 566 1857 disse
639 1802 888 1856 homines
945 1817 1210 1858 voraces.
1272 1801 1329 1856 Si
1402 1813 1582 1857 autem
1644 1803 1993 1858 confecerint

2106 1797 2271 1848 ειπεῖν
2321 1797 2524 1865 αὐτοῖς,
2567 1799 2668 1853 οὐκ
2707 1799 3075 1872 ἐξαπορηθεὶς
3125 1801 3370 1865 πάντως,
3419 1800 3558 1857 ἀλλὰ
3590 1819 3689 1855 τε-

413 1895 518 1948 rite
541 1901 728 1948 etnon
764 1892 1004 1948 ferarum
1043 1907 1218 1958 more,
1266 1902 1321 1949 et
1380 1893 1645 1964 eligentes
1707 1893 1987 1964 exquisita

2106 1885 2448 1958 ᾶαμϐημένος
2487 1861 2577 1955 οἷς
2640 1861 2964 1963 ἀνθρώπους
2987 1861 3128 1946 εἶδον
3175 1861 3466 1965 ὠμηστάς.
3523 1894 3587 1947 Ei
3630 1894 3689 1948 δὲ

413 1994 466 2038 et
490 1983 808 2039 communia
871 1983 1236 2048 comederint,
1283 1985 1428 2037 sicut
1477 1994 1720 2052 oportet,
1778 1984 1989 2053 reliqua

413 2083 595 2131 autem
622 2075 765 2130 sicut
787 2081 841 2129 et
891 2083 1087 2130 caztera
1137 2075 1375 2140 inutilia,
1422 2076 1654 2144 etquasi
1712 2072 1990 2146 superﬂua

413 2167 740 2238 ahjecerint,
770 2173 902 2222 tunc
927 2165 1238 2233 confidens,
1274 2166 1648 2222 conversabor
1704 2181 1831 2222 cum
1886 2168 1990 2234 eis,

413 2268 469 2314 et
500 2267 789 2330 postquam
835 2258 986 2327 ipsos
1046 2257 1444 2327 superaverint,
1499 2257 1773 2328 gloriabor
1802 2259 1993 2317 dicens

419 2367 503 2407 me
530 2352 814 2409 victoriam
846 2351 1126 2407 retulisse.

485 2533 575 2589 40.
616 2529 684 2586 Ει
708 2529 1046 2599 exprobrans
1071 2527 1243 2598 primo
1278 2528 1695 2588 defraudatores
1725 2546 1846 2589 esse
1897 2546 1996 2589 su-

420 2643 519 2700 pra
550 2641 715 2698 quam
751 2631 967 2692 oportet
993 2639 1124 2695 erga
1164 2623 1364 2691 Deum,
1396 2626 1650 2682 homines
1692 2626 1760 2683 de
1797 2627 1996 2698 quibus

421 2733 661 2790 praesens
680 2716 814 2770 mihi
830 2729 1034 2781 sermo,
1059 2714 1379 2785 suppliciter
1400 2714 1706 2787 eiﬂagitabo
1721 2725 1780 2772 ut
1799 2718 1998 2774 dentur

421 2812 552 2866 mihi
589 2809 683 2880 qui
740 2808 1002 2878 colligant
1061 2808 1284 2864 nomina
1346 2825 1444 2881 per
1501 2824 1622 2880 qua:
1681 2811 1998 2881 designatur

421 2905 582 2972 Deus,
606 2904 675 2960 ob
695 2904 932 2973 aliquam
954 2902 1073 2972 ejus
1091 2901 1386 2969 actionem,
1411 2901 1480 2958 ad
1500 2904 1751 2958 aemulam
1767 2905 2000 2976 diligen-

419 2999 569 3063 tiam,
603 3005 658 3054 et
684 2998 958 3069 propriam
981 2997 1084 3066 ipsi
1114 2996 1440 3067 veritatem:
1470 3001 1581 3052 etsi
1611 2997 1748 3053 bene
1769 2997 1999 3054 cesserit

417 3089 595 3143 oratio
627 3103 771 3156 mea,
833 3087 1040 3158 gratias
1086 3096 1242 3158 agam
1276 3085 1356 3143 eis
1391 3088 1617 3152 multas,
1648 3102 1748 3143 nec
1773 3103 1873 3158 ego
1907 3102 1999 3143 so-

2095 1982 2533 2052 κατεργάσονται
2575 1986 2882 2056 φρονίμως,
2913 1988 2975 2042 οὐ
3008 1989 3116 2058 μὴν
3175 1987 3462 2060 θηριωδῶς
3511 1986 3683 2042 αὐτά’

2093 2074 2189 2128 καὶ
2220 2075 2617 2149 άπολεξάμενοι
2647 2079 2717 2134 τὰ
2759 2080 2859 2150 μὲν
2892 2079 3151 2135 πολιτικά
3179 2081 3274 2134 καὶ
3311 2077 3469 2134 κοινὰ
3497 2093 3679 2150 προσι

2093 2165 2352 2232 οίσονται,
2406 2169 2549 2225 καθὰ
2584 2171 2712 2242 χρὴ,
2763 2173 2832 2226 τὰ
2853 2171 2912 2225 δὲ
2941 2171 3106 2227 λοιπὰ
3135 2171 3211 2235 ὡς
3237 2172 3330 2227 καὶ
3375 2171 3554 2235 ἄλλως
3580 2187 3686 2224 πε-

2099 2259 2252 2327 ριττὰ
2283 2259 2378 2314 καὶ
2401 2261 2478 2325 ὼς
2504 2263 2901 2334 περιττώματα
2945 2265 3002 2320 δέ
3055 2265 3641 2336 άποπροσποιήσονται
3666 2279 3684 2297 ο

2095 2349 2218 2403 τότε
2249 2350 2316 2405 ἂν
2343 2353 2698 2427 τεθαρρηκὼς
2741 2357 3082 2428 ἐμπλέεομαι
3122 2357 3326 2425 αὐτοῖς,
3370 2357 3466 2412 καὶ¹
3514 2372 3686 2411 κατε-

2096 2444 2308 2512 νεγκὼν
2340 2447 2564 2518 αὐχησω
2589 2450 2766 2504 είπεῖν
2785 2451 2860 2515 ὡς
2883 2451 3164 2522 νενίκηκα.

2171 2547 2247 2612 μ’.
2271 2543 2382 2596 Καὶ
2410 2541 2606 2612 πρῶτα
2650 2543 2790 2606 τέως
2829 2544 3308 2614 άποστερητικούς
3347 2542 3683 2610 ἐξονειδίσας

2098 2627 2237 2687 εἶναι
2273 2635 2425 2704 παρὰ
2465 2635 2526 2686 τὸ
2552 2635 2673 2688 δέον
2722 2637 2816 2689 ἐπὶ
2867 2636 2944 2706 τῷ
2992 2633 3114 2706 Θεῷ
3173 2635 3300 2700 τοὺς
3332 2634 3687 2707 ἀνθρώπους.

2100 2725 2229 2794 περὶ
2253 2716 2328 2777 ὧν
2353 2727 2381 2778 6
2413 2725 2606 2795 παρὼν
2634 2727 2759 2795 ἐμοὶ
2788 2725 2972 2794 λόγος,
3020 2725 3328 2796 ποτνιῶμαι
3367 2742 3688 2798 προσκυνη-

2099 2816 2269 2880 τικῶς
2292 2817 2634 2888 παραδοῦναί
2663 2835 2752 2890 μοι
2780 2819 3185 2884 άπανθίσοντας
3225 2819 3468 2890 ὀνόματα
3500 2819 3575 2874 δι’
3611 2815 3688 2874 ὧν

2101 2911 2570 2982 χαρακτηρίζεται
2607 2913 2636 2965 ό
2658 2911 2791 2975 Θεὸς
2814 2911 2900 2982 ἐφ’
2946 2911 3240 2969 ὁποιανοῦν
3270 2912 3558 2984 ἐνέργειαν
3590 2912 3688 2966 αύ-

2101 3000 2196 3054 τοῦ
2227 3001 2366 3071 πρὸς
2393 3002 2612 3074 ἐμφερῆ
2649 3003 2962 3075 ἀκρίϐειαν,
3017 3005 3112 3060 καὶ
3151 3004 3492 3074 οἰκειοτάτην
3532 3003 3692 3073 αὐτῷ

2104 3092 2391 3163 ἀλήθειαν,
2421 3095 2521 3148 καὶ
2550 3094 2770 3159 πάντως
2824 3095 2985 3166 εἴπερ
3035 3096 3354 3168 εὐστοχήσω
3391 3096 3493 3167 τῆς
3529 3097 3692 3164 αἰτή-

419 3182 526 3249 Ius,
569 3179 663 3237 sed
694 3189 749 3236 et
774 3193 967 3235 omnes
1001 3179 1320 3250 quicunque
1342 3181 1598 3235 tractatui
1631 3179 1706 3233 illi
1734 3180 1998 3236 interfueo

2107 3200 2270 3246 σεως.
2306 3184 2536 3254 ὀφλήσω
2580 3187 2744 3257 χάριν
2802 3187 2987 3250 αὐτοῖς
3019 3187 3243 3258 πολλὴν,
3281 3187 3377 3241 καὶ
3411 3187 3513 3241 οὐκ
3576 3184 3692 3255 ἐγὼ

419 3273 550 3329 rint.
575 3270 706 3338 Sed,
739 3280 1029 3342 antequam
1059 3271 1338 3327 emiserim
1365 3285 1461 3327 eos
1493 3280 1554 3327 ut
1585 3270 1846 3343 colligant
1887 3287 2010 3341 quae

415 3379 521 3436 ego
550 3365 766 3420 discere
793 3365 996 3435 cupio,
1027 3364 1115 3419 aio
1165 3363 1274 3419 dici
1332 3362 1532 3418 Filium
1569 3363 1663 3419 Dei
1712 3364 2007 3418 terminum

420 3457 745 3526 perfectum,
791 3469 856 3510 ex
888 3455 1140 3510 terrestri
1189 3453 1388 3518 limite,
1461 3468 1566 3508 non
1627 3453 1776 3521 quod
1811 3454 2014 3508 circui-

423 3559 536 3602 tum
592 3545 850 3615 patiatur,
892 3553 947 3601 et
976 3544 1383 3615 circumagatur
1422 3545 1517 3614 qui
1554 3545 1787 3600 includit
1816 3560 2008 3615 gyrum

423 3650 598 3702 terra,
626 3639 719 3706 qui
770 3637 1117 3708 omnipotens
1161 3645 1266 3704 est,
1307 3647 1363 3693 et
1415 3639 2008 3710 incomprehensibilis,

423 3741 478 3786 et
512 3731 789 3795 iuiinitus;
835 3745 934 3785 nec
965 3728 1111 3800 quod
1145 3729 1404 3786 manibus
1432 3738 1687 3800 tangatur
1717 3732 1809 3802 qui
1846 3731 2014 3787 intra-

425 3829 610 3877 ctatus
641 3826 757 3884 est;
786 3835 885 3874 nec
912 3819 1056 3888 quod
1086 3818 1302 3874 Patrem
1332 3820 1751 3878 circumscribat
1782 3832 1836 3878 et
1859 3837 2014 3879 coar-

425 3922 536 3969 ctct
573 3915 730 3983 quasi
783 3915 836 3968 in
865 3912 1122 3979 circuitu,
1164 3927 1268 3968 nec
1306 3913 1452 3968 aliud
1484 3915 1612 3982 quid
1652 3911 1818 3970 faciat
1855 3916 2013 3986 quasi

424 4006 480 4062 in
507 4007 802 4078 patientem
837 4004 1054 4060 Patrem
1081 4022 1097 4072 ;
1124 4008 1217 4060 sed
1253 4006 1394 4061 inter
1423 4005 1560 4062 tales
1585 4021 1778 4066 omnes
1835 4011 2014 4068 actio-

427 4112 526 4158 nes
558 4107 612 4151 et
645 4111 804 4152 voces
857 4096 1032 4150 electo
1094 4097 1344 4152 terrestri
1404 4097 1687 4164 termino,
1741 4101 2014 4158 terminus

429 4189 704 4263 perfectus
733 4189 976 4244 omnium
1015 4186 1192 4244 Patris
1225 4187 1462 4245 Verbum
1495 4188 1616 4258 ejus
1652 4197 1759 4258 est,
1808 4207 2012 4250 secun-

430 4285 561 4338 dum
610 4283 924 4354 praedictam
970 4295 1267 4351 congruam
1305 4283 1619 4352 rationem;
1667 4290 1724 4340 et
1776 4285 1881 4342 hoc
1912 4300 2012 4356 pro

432 4375 591 4430 nobis
623 4383 678 4430 et
708 4389 804 4444 per
842 4387 941 4430 nos
973 4372 1066 4443 qui
1098 4373 1306 4430 discere
1351 4388 1494 4444 Opus
1556 4377 1847 4441 habemus,
1909 4392 2012 4432 nec

431 4465 591 4520 aliter
625 4463 835 4519 discere
883 4477 1200 4531 possumus,
1232 4477 1395 4534 quam
1432 4479 1528 4533 per
1563 4464 1715 4521 solas
1745 4465 1890 4522 vires
1920 4465 2007 4520 in-

2118 3278 2303 3347 μόνος,
2337 3278 2475 3331 ἀλλὰ
2497 3282 2591 3334 καὶ
2614 3279 2816 3342 πάντες
2844 3281 3032 3334 ὀπόσοι
3077 3283 3144 3351 τῇ
3177 3279 3400 3352 τοιαύτῃ
3444 3280 3690 3348 παραδόο

2117 3383 2199 3420 σει
2225 3368 2345 3438 μεθ’
2376 3371 2524 3439 ἡμᾶς
2575 3370 2894 3442 ἐπιτύχωσι.
2950 3371 3062 3425 Καὶ
3105 3372 3285 3426 τοίνυν
3331 3373 3462 3440 πρὶν
3501 3371 3534 3441 ἢ
3573 3373 3694 3422 ἐπι-

2115 3456 2302 3510 ϐαλεῖν
2334 3458 2533 3522 αὐτοὺς
2569 3459 2974 3524 ἁπανθίζεσθαι
3013 3460 3158 3533 ἅπερ
3186 3461 3297 3530 ἐγὼ
3340 3460 3532 3532 μαθεῖν
3569 3462 3694 3513 ἐπι-

2115 3549 2287 3616 ποθῶ,
2334 3551 2478 3618 λέγω
2540 3552 2771 3622 ῥηθῆναι
2803 3552 2898 3607 τὸν
2946 3554 3076 3606 Υίὸν
3107 3552 3203 3608 τοῦ
3234 3553 3373 3607 Θεοῦ
3415 3552 3694 3624 βεϐηκότα

2115 3642 2241 3711 ὅρον
2263 3640 2338 3705 ὡς
2370 3643 2434 3695 ἐκ
2466 3641 2560 3696 τοῦ
2593 3645 2735 3696 κατὰ
2769 3643 2874 3714 γῆν
2907 3645 3056 3716 ὅρου,
3089 3645 3190 3716 οὐχ
3220 3645 3304 3699 ὅτι
3343 3643 3695 3716 περιέλευσιν

2115 3736 2312 3806 πάσχει
2338 3733 2436 3787 καὶ
2468 3734 2934 3806 περιλαμϐάνεται
2963 3738 2991 3789 6
3015 3736 3261 3806 κατέχων
3291 3735 3384 3790 τὸν
3407 3735 3574 3806 γύρον
3597 3734 3698 3802 τῆς

2117 3827 2219 3897 γῆς
2265 3825 2362 3879 καὶ
2403 3825 2842 3898 ἀπειροδύναμος
2877 3828 2972 3883 καὶ
2988 3829 3359 3898 ἀπερίληπτος
3383 3828 3477 3880 καὶ
3497 3826 3697 3896 άπερίο

2115 3935 2380 3990 γροισιιετος⁹
2397 3919 2504 3973 οὐδ’
2517 3920 2598 3973 ὅτι
2617 3920 2776 3990 χερσὶ⁵
2793 3918 3025 3990 ψαύεται
3055 3921 3082 3973 ό
3105 3919 3340 3991 ἀναφὴς,
3361 3918 3469 3973 οὐδ’
3491 3919 3570 3971 ὅτι
3600 3934 3696 3970 πε-

2116 4011 2343 4081 ριορίζει
2363 4011 2454 4064 τὸν
2475 4011 2692 4080 Πατέρα
2712 4011 2804 4066 καὶ
2832 4013 3157 4082 στενοχωρεῖ
3170 4011 3244 4075 ὡς
3271 4014 3329 4065 ἐν
3351 4011 3694 4081 περιγραφῇ,

2114 4101 2224 4156 οὐδ’
2253 4102 2380 4156 ἄλλο
2411 4119 2464 4156 τι
2505 4105 2650 4156 ποιεῖ
2671 4104 2746 4166 ὡς
2798 4103 2889 4156 ἐπὶ
2920 4104 3181 4174 πάσχοντι
3209 4103 3290 4174 τῷ
3340 4103 3536 4170 Πατρῖ,
3560 4101 3698 4155 ἀλλὰ.

2114 4190 2223 4246 τῶν
2251 4190 2512 4244 τοιούτων
2557 4192 2777 4247 πάντων
2807 4192 3199 4262 ἐνεργημάτων
3241 4192 3336 4245 καὶ
3385 4190 3697 4259 ἰδιωμάτων

2112 4281 2208 4336 τοῦ
2241 4283 2427 4352 γηῒνου
2476 4284 2603 4353 ὅρου
2643 4281 3132 4354 ὑπεξαιρουμένου,
3160 4283 3286 4353 ὅρος
3310 4280 3560 4353 βεϐηκὼς
3601 4280 3696 4334 τοῦ

2115 4374 2330 4428 πάντων
2351 4374 2562 4444 Πατρὸς
2583 4375 2611 4427 6
2640 4374 2774 4444 πρὸς
2793 4375 2997 4427 ἐκεῖνον
3023 4375 3181 4443 λόγος
3211 4373 3352 4439 ἐστὶ,
3377 4375 3520 4427 κατά
3539 4374 3698 4442 μόνον

2112 4467 2172 4520 τὺ
2203 4465 2278 4529 ὡς
2305 4465 2506 4538 ἐρῤέθη
2528 4467 2738 4537 πρέπον
2758 4466 3070 4538 γνώρισμαο
3089 4468 3182 4520 καὶ
3203 4466 3335 4522 αὐτὸ
3361 4465 3498 4536 πρὸς
3529 4465 3696 4534 ἡμᾶς,

433 4555 786 4618 tlitasnobis,
828 4555 884 4609 in
916 4554 1118 4624 quibus
1151 4551 1296 4610 Deus
1348 4553 1658 4611 inhabitare
1705 4556 2002 4625 diceretur,

2115 4559 2210 4610 καὶ
2227 4557 2296 4612 δι’
2329 4559 2481 4628 ἡμᾶς
2513 4559 2642 4621 τοὺς
2670 4557 2962 4628 δεομένους
2994 4555 3310 4626 μανθάνειν,
3339 4556 3442 4608 οὐκ
3473 4554 3697 4624 ἔχοντας

432 4663 536 4704 nec
563 4663 660 4718 per
694 4647 798 4702 hoc
862 4647 1042 4703 solum
1091 4646 1241 4716 quod
1294 4646 1390 4701 Dei
1440 4647 1733 4716 qualitates
1757 4649 1813 4704 in
1853 4649 2013 4706 nobis

432 4750 484 4795 et
516 4742 572 4794 in
600 4739 1096 4795 circumstantibus
1127 4739 1294 4793 rebus
1330 4740 1448 4793 sitae
1497 4747 1624 4792 sunt
1659 4746 1714 4794 et
1774 4754 1872 4809 per
1899 4755 2015 4796 me-

434 4833 583 4888 dium
632 4847 821 4887 earum
883 4831 955 4886 sit
997 4831 1054 4885 iu
1105 4831 1269 4886 nobis
1312 4829 1473 4888 Deus.
1535 4829 1592 4885 Si
1640 4840 1827 4887 autem
1864 4842 2015 4890 recte

437 4927 739 4996 sapiamus,
773 4939 868 4993 per
896 4925 1012 4979 haec
1049 4939 1242 4980 sumus
1292 4933 1347 4979 et
1373 4938 1474 4979 nos
1503 4925 1557 4979 in
1587 4939 1675 4990 eo,
1718 4925 1822 4996 ipsi
1850 4925 2016 4980 attri-

437 5019 580 5084 buti;
612 5026 666 5072 et
719 5015 868 5070 velut
895 5016 1099 5072 sinceri
1160 5015 1538 5085 unguentarii,
1590 5015 1866 5072 odorifera
1901 5017 2017 5072 haec

439 5118 682 5163 aromata
738 5116 1038 5178 praeparata
1069 5107 1219 5163 velut
1249 5122 1315 5162 ex
1347 5107 1615 5164 odorante
1646 5109 1877 5164 materia
1927 5123 2022 5165 ve-

440 5198 809 5257 nerandorum
859 5214 889 5252 a
927 5197 1085 5252 nobis
1117 5198 1402 5252 nominum
1463 5198 1750 5256 offerimus
1775 5239 1791 5267 ,
1826 5199 1901 5254 ita
1955 5209 2017 5256 ut

441 5293 701 5346 odoretur
748 5289 1012 5344 Dominus
1071 5289 1297 5344 odorem
1345 5291 1672 5358 suavitatis,
1728 5302 1783 5347 et
1839 5293 2018 5363 ipsum

443 5379 829 5450 aeceptahilcm
851 5419 868 5446 ,
904 5379 1021 5434 sive
1054 5394 1084 5433 e
1128 5388 1276 5434 terra
1311 5384 1595 5450 ascendat,
1640 5384 1756 5439 sive
1793 5384 2017 5440 aliunde

442 5474 672 5528 oriatur.

515 5737 608 5792 41.
631 5736 687 5793 Si
707 5745 886 5793 autem
905 5746 1326 5794 commentatam
1344 5741 1664 5806 terminum,
1685 5757 1717 5798 ο
1736 5744 2020 5815 negotiose

447 5839 500 5886 et
525 5829 804 5887 industriae
829 5829 1204 5898 tenacissime,
1225 5831 1454 5906 abjicias
1481 5849 1552 5893 eo
1582 5838 1727 5907 quod
1786 5838 2014 5895 verbum

2114 4647 2174 4700 δὲ
2201 4646 2376 4711 ἄλλως
2406 4647 2599 4715 μαθεῖν
2625 4648 2706 4701 ὅτι
2733 4648 2810 4719 μὴ
2839 4649 2929 4702 διὰ
2961 4649 3140 4717 μόνων
3166 4647 3277 4701 τῶν
3301 4645 3424 4700 καθ’
3457 4647 3605 4715 ἡμᾶς
3621 4640 3698 4704 οἷς

2117 4740 2350 4794 ἐνοικεῖν
2380 4741 2408 4792 6
2435 4739 2572 4803 Θεὸς
2596 4740 2811 4809 λέγοιτο
2837 4740 2916 4793 ἂν
2947 4740 3041 4792 καὶ
3073 4737 3196 4792 κατ’
3226 4737 3361 4790 αὐτὸ
3407 4735 3594 4803 τοῦτο,
3620 4735 3699 4788 ὅτι

2117 4830 2324 4905 δηλαδὴ
2351 4832 2421 4886 τὰ
2441 4832 2538 4886 τοῦ
2576 4830 2714 4885 Θεοῦ
2767 4831 3249 4903 χαρακτηριστικὰ
3291 4831 3426 4902 ἡμῖν
3456 4830 3552 4882 καὶ
3590 4829 3701 4886 τοῖς

2120 4925 2251 4994 περὶ
2275 4924 2423 4994 ἡμᾶς
2466 4922 2738 4993 ἔγκειται,
2787 4923 2881 4976 καὶ
2914 4923 3003 4976 διὰ
3036 4922 3222 4992 μέσων
3261 4920 3442 4976 αὐτῶν
3469 4919 3618 4972 ἐστιν
3647 4920 3703 4969 ἐν

2121 5015 2260 5085 ἡμῖν
2284 5015 2313 5067 6
2337 5013 2494 5077 Θεός.
2533 5015 2596 5068 Ei
2623 5014 2682 5067 δέ
2717 5015 3028 5085 φρονοῦμεν
3059 5013 3217 5082 ὀρθὰ,
3253 5011 3425 5082 ἐσμὲν
3463 5010 3551 5063 διὰ
3595 5006 3700 5061 τῶν

2123 5106 2385 5161 τοιούτων
2419 5108 2514 5158 καὶ
2559 5107 2726 5176 ἡμεῖς
2774 5106 2834 5157 ἐν
2862 5104 3032 5175 αὐτῷ,
3095 5102 3438 5174 λογιζόμενοι
3489 5100 3696 5168 ἐκείνῳ,

2126 5199 2223 5257 καὶ
2248 5197 2325 5262 ὡς
2347 5197 2430 5260 είς
2458 5195 2789 5267 καθαρείους
2824 5198 3105 5269 μυρεψοὺς
3153 5195 3331 5266 εὐώδη
3381 5194 3704 5264 θυμιάματα

2125 5289 2300 5342 ταῦτα
2331 5287 2608 5341 σκευαστὰ
2629 5288 2705 5350 ὡς
2735 5287 2795 5353 ἐξ
2835 5288 3068 5358 εὐόδμου
3110 5286 3248 5358 ὕλης
3297 5287 3408 5340 τῶν
3456 5283 3531 5338 ἐν’
3573 5284 3700 5352 ἡμῖν

2124 5381 2325 5452 τιμίων
2373 5381 2658 5450 ὀνομάτων
2702 5381 3168 5452 ἀναπέμποντας-ο
3203 5381 3280 5444 ὡς
3314 5374 3698 5449 ὀσφραίνεσθαι

2126 5473 2221 5527 τὸν
2236 5471 2442 5541 Κύριον
2463 5471 2637 5543 ὀσμὴν
2658 5472 2911 5537 εὐωδίας,
2941 5472 3035 5526 καὶ
3049 5471 3254 5542 ταύτην
3283 5469 3698 5541 εὐπρόσδεκτον,

2127 5567 2239 5618 είτε
2272 5564 2444 5635 γῆθεν
2504 5565 2902 5638 ἀναδιδομένην
2959 5565 3274 5637 εὐκόσμως,
3325 5565 3437 5619 εῐτε
3481 5557 3702 5616 ἄλλοθεν

2128 5656 2369 5712 ὁθενοῦν.

2193 5747 2307 5820 μα’.
2333 5750 2396 5804 Ei
2421 5750 2479 5806 δὲ
2513 5751 2604 5806 τὸν
2641 5751 3030 5822 διειλημμένον
3069 5752 3217 5823 ὅρον,
3290 5744 3338 5802 ὦ
3381 5740 3700 5814 πολυττρᾶγ⁸

2130 5843 2246 5912 μον
2277 5845 2370 5896 καὶ
2419 5843 2781 5914 γλισχρότατε
2835 5844 2936 5913 τὴν
2988 5841 3302 5916 ἀκρίϐειαν,
3357 5833 3694 5910 ἀποστρέφῃ»
