4050 6408
405 453 510 516 ιιι
578 528 583 534 ,

1194 446 1278 506 ΙΝ
1309 442 1647 505 HYMNUM
1697 432 2350 500 PENTECOSTALEM
2396 427 2858 491 DAMASCENI.

3571 413 3672 480 55-8

401 571 488 623 διὰ
519 569 580 622 τὸ
624 567 721 638 τῆς
761 563 960 633 λέξεως
1013 562 1294 632 χθαμαλὸν
1339 560 1433 614 καὶ
1486 559 1636 627 παχὺ
1686 554 1780 608 καὶ
1814 553 1980 623 βαρὺ,
2015 598 2019 607 .

2099 568 2162 621 sit
2189 565 2312 628 vile,
2345 577 2614 628 crassum,
2638 561 2861 632 pingue,
2883 566 2937 613 ct
2966 569 3192 611 sensum
3224 552 3344 620 ejus
3375 550 3676 606 contendas
3701 618 3713 638 ι

401 663 495 714 καὶ
522 660 582 714 τὸ
614 659 734 713 κατ’
765 657 937 728 αὐτὴν
968 657 1151 725 νόημα
1180 649 1539 721 δογματίζεις
1576 649 1652 719 μὴ
1700 645 1768 701 ἂν
1816 644 1979 698 δύνα-

404 754 530 808 σθαι
559 752 695 822 ὑψοῦ
733 751 1130 822 ὲλαφρισθῆναι
1177 748 1252 810 ὡς
1303 745 1602 816 ἁρμόττειν
1649 739 1729 810 τῷ
1775 737 1983 806 ἀπαχεῖ

403 848 502 900 καὶ
532 844 736 916 ἀϐαρεῖ
778 845 876 898 καὶ
931 842 1318 913 ὑπερουρανίῳ
1367 837 1489 907 Θεῷ
1511 876 1528 902 ,
1561 828 1740 901 ἔξεστί
1777 845 1859 883 σοι
1887 825 1982 880 τοῦ

405 937 596 991 λοιποῦ
628 937 959 1006 ἀποστερεῖν
989 933 1062 1004 μὴ
1094 935 1256 1004 μόνον
1286 932 1378 985 τὸν
1406 930 1534 982 ἴίὸν
1563 927 1659 980 καὶ
1690 923 1868 992 Λόγον
1889 919 1985 972 τοῦ

406 1030 545 1086 Θεοῦ
571 1031 774 1095 λέξεως
813 1026 1033 1097 ἀπάσης
1075 1025 1394 1095 ὲγκοσμίου,
1439 1021 1578 1078 ἀλλά
1605 1020 1700 1074 καὶ
1731 1017 1823 1072 τὸν
1853 1033 1988 1086 προ-

409 1124 632 1179 αιώνιον
670 1124 908 1192 Πατέρα,
953 1121 1048 1176 καὶ
1081 1119 1142 1173 τὸ
1200 1119 1537 1188 συνάναρχον
1563 1113 1825 1183 Πνεῦμα’
1857 1111 1989 1164 οὐκ·

407 1216 501 1269 οῦν
531 1213 882 1285 ἀπορῤάπιζε
921 1213 991 1265 τὰ
1043 1214 1100 1265 έν
1148 1213 1259 1275 τοῖς
1307 1208 1433 1265 καθ’
1470 1207 1616 1278 ἡμᾶς
1646 1205 1828 1258 πάντα
1865 1202 1986 1254 ὀνό-

413 1325 578 1377 ματα,
610 1307 687 1370 ὼς
736 1305 874 1376 μηδὲ
921 1304 980 1358 ἓν
1029 1303 1211 1358 αὐτῶν
1241 1299 1483 1356 οἰκειοῦν
1514 1297 1592 1369 τῷ
1637 1294 1988 1364 ἀκατονομάο

412 1417 522 1471 στῳ
567 1398 730 1469 Θεῷ,
779 1399 874 1452 καὶ
912 1397 1116 1468 μᾶλλον
1170 1396 1240 1450 τὰ
1299 1397 1358 1449 ὲν
1403 1395 1536 1465 ἡμῖν
1588 1391 1988 1454 ταπεινότατα,

408 1487 520 1549 οἷον
550 1494 642 1547 τὸν
675 1492 1011 1564 δημιουργὸν
1051 1489 1112 1544 ὃν
1162 1489 1522 1561 χειροτέχνην
1560 1485 1784 1556 οἴδαμεν
1815 1483 1991 1556 ἑρμη-

410 1588 686 1648 νεύεσθαι,
721 1587 852 1656 περὶ
883 1579 946 1639 οῦ
975 1585 1072 1638 καὶ
1119 1585 1178 1636 ἐν
1227 1581 1520 1651 τοῖςμετά
1547 1578 1722 1633 ταῦτα
1774 1575 1992 1646 εἰρήσε-

410 1697 521 1732 ται·
550 1678 642 1732 τὸν
675 1677 926 1747 τεχνίτην
953 1675 1012 1739 ὃς
1046 1675 1159 1728 οὐδ’
1191 1674 1356 1737 αὐτὸς
1389 1669 1669 1741 ὑπεροχὴν
1704 1669 1820 1738 ἔχει
1860 1665 1992 1719 πολο

411 1775 531 1845 λήν·
563 1773 656 1827 τὸν
707 1771 1077 1843 παντουργὸν,
1117 1769 1177 1823 δν
1207 1769 1333 1824 οὐδὲ
1379 1770 1436 1822 ὲν
1471 1763 1708 1838 εὖφήμῲ
1740 1763 1992 1834 σημασίᾳ

2087 671 2194 711 non
2224 669 2385 725 posse
2408 654 2462 708 in
2491 649 2867 716 altumlevari,
2901 649 2973 703 ita
2998 655 3057 702 ut
3074 645 3184 700 Deo
3210 657 3318 698 non
3338 653 3550 704 crasso,
3575 651 3678 691 nec

2087 749 2237 817 gravi
2260 759 2316 802 et
2365 743 2746 815 supercoelesti
2799 750 3034 809 aptetur,
3063 738 3190 792 licet
3217 734 3315 790 tibi
3340 733 3678 800 cacteroquin

2091 861 2198 900 non
2227 847 2402 902 solum
2429 840 2624 899 Filium
2653 849 2708 895 et
2741 839 2974 895 Verbum
3005 835 3094 890 Dei
3146 832 3315 888 verbo
3344 828 3489 884 omni
3513 842 3680 882 mune

2089 943 2231 994 dano
2286 937 2564 1000 dirimere,
2593 931 2689 988 sed
2737 939 2793 985 et
2839 937 3105 984 aeternum
3139 922 3358 978 Patrem
3408 927 3462 973 et
3488 930 3677 972 correo

2089 1040 2344 1103 gnantem
2395 1026 2682 1094 Spiritum.
2739 1019 2896 1075 Tolle
2959 1015 3126 1088 igitur
3183 1011 3364 1067 omnia
3397 1009 3540 1064 inter
3575 1019 3678 1060 nos

2091 1100 2296 1179 usitata
2339 1117 2586 1181 nomina,
2611 1113 2770 1185 quasi
2808 1123 2985 1180 neque
3011 1120 3182 1162 unum
3235 1118 3301 1158 ex
3366 1100 3489 1154 istis
3545 1110 3679 1167 pro-

2091 1213 2270 1280 prium
2303 1209 2375 1266 sit
2411 1202 2708 1262 ineffabilis
2752 1201 2871 1266 Dei,
2910 1197 3006 1254 sed
3047 1195 3232 1266 potius
3265 1188 3453 1246 omnia
3482 1195 3672 1241 nostra

2092 1277 2340 1366 bumilia,
2375 1297 2521 1354 sicut
2541 1301 2598 1351 et
2623 1290 2814 1348 mundi
2838 1293 3146 1343 creatorem
3183 1295 3348 1352 quem
3381 1277 3679 1333 fabricato-

2091 1410 2206 1450 rem
2241 1392 2496 1448 novimus
2527 1384 2747 1457 exponi,
2771 1381 2837 1437 de
2868 1394 2979 1451 quo
3019 1377 3076 1432 in
3107 1371 3472 1445 sequentibus
3496 1381 3680 1424 sermo

2091 1487 2224 1552 erit;
2252 1483 2658 1546 fabricatorem,
2691 1475 2840 1547 quod
2861 1486 3042 1543 neque
3073 1469 3194 1539 ipse
3224 1478 3479 1536 magnam
3499 1462 3683 1517 excel-

2091 1577 2324 1634 lentiam
2370 1574 2605 1638 habeat;
2663 1568 2910 1625 omnium
2941 1565 3233 1626 factorem,
3286 1571 3449 1628 quem
3502 1569 3680 1623 neque

2093 1683 2337 1741 congrua
2387 1664 2789 1738 signiﬁcatione
2840 1659 3138 1728 designant
3187 1651 3284 1724 qui
3344 1647 3680 1720 principium

2094 1735 2274 1833 ipsu'm
2307 1735 2547 1822 vocant;
2578 1755 2758 1811 adhuc
2780 1760 2834 1808 et
2863 1759 3171 1808 creatorem
3197 1741 3344 1816 quod
3375 1748 3462 1797 est
3488 1735 3680 1794 mundi

410 1830 702 1922 τάττουσιν
736 1865 786 1918 οἰ
817 1830 1129 1934 τὴνάρχην
1164 1860 1329 1915 αὐτὸν
1373 1830 1750 1929 ὀνομάσαντες
1774 1830 1907 1908 οηέτι
1934 1830 1993 1908 δὲ

2099 1865 2309 1911 creator
2334 1869 2350 1920 ;
2375 1859 2430 1906 et
2458 1850 2908 1922 gubernatorem,
2937 1839 3328 1898 mercatorium
3352 1849 3415 1890 ac
3450 1830 3684 1904 proinde

412 1961 506 2013 καὶ
534 1958 624 2014 τὸν
647 1957 879 2024 ποιητὴν
907 1955 998 2010 τὸν
1030 1956 1110 2018 εἰς
1141 1955 1336 2008 ταυτὸν
1367 1952 1576 2023 ἥκοντα
1607 1949 1689 2019 τῷ
1727 1948 1993 2019 δημιουρ-

413 2047 518 2124 γῷ,
558 2050 654 2105 καί⁵
682 2050 775 2103 τὸν
810 2047 1178 2120 κυϐερνήτην,
1205 2044 1508 2117 ἐμπορικὸν
1542 2060 1608 2111 γε
1647 2041 1816 2096 αὐτὸν
1859 2039 1990 2093 ὖντα

412 2143 508 2196 καὶ
552 2142 697 2195 οὕτω
750 2138 1047 2209 κερδαλέον
1072 2177 1088 2204 ,
1121 2137 1198 2202 ὡς
1231 2136 1300 2190 τὰ
1338 2135 1515 2190 πολλά
1566 2135 1662 2188 καὶ
1697 2134 1785 2204 ἐφ’
1817 2125 1902 2196 οἷς
1927 2129 1990 2184 οὐ

413 2235 540 2304 χρήο
565 2233 656 2286 τδν
687 2230 1084 2301 ἀκρογωνιαῖον
1118 2227 1266 2282 λίθον
1291 2227 1386 2281 τὸν
1418 2226 1560 2296 τάχα
1587 2224 1706 2278 οὐδὲ
1739 2222 1994 2295 μναῖαῖον

413 2322 473 2379 τὸ
499 2325 740 2396 τίμημα.
772 2323 838 2376 Τί
867 2320 926 2376 δέ
966 2339 1056 2390 μοι
1081 2319 1194 2374 τῶν
1216 2318 1478 2373 τοιούτων
1503 2317 1702 2382 λέξεων
1737 2317 1834 2370 καὶ
1867 2314 1992 2368 ὅσαι

412 2416 470 2470 δὲ
522 2415 681 2471 ἄλλαι
721 2413 846 2469 κατ’
875 2413 1048 2478 αὐτὰς
1089 2411 1498 2482 ἀπαξιούμεναι
1543 2408 1889 2465 οἰκειοῦσθαι
1915 2404 1996 2476 τῷ

415 2504 555 2578 Θεῷ,
587 2505 1105 2578 κατεπιχειροῦνται
1164 2504 1268 2558 ὑπὸ
1323 2504 1426 2572 τῆς
1484 2504 1542 2555 ὲν
1598 2502 1683 2554 σοὶ
1728 2497 1993 2568 λεκτικῆς

414 2600 741 2667 δυνάμεως;
783 2600 1014 2653 Δέδοικα
1045 2600 1120 2670 μὴ
1151 2598 1256 2669 ὀδῷ
1279 2597 1488 2669 προῖὼν
1522 2595 1624 2648 οὐκ
1665 2593 1855 2663 εὐόδῳ,
1897 2609 1996 2663 με-

416 2694 652 2765 λετήσῃς
681 2692 978 2762 ἀφελέσθαι
1011 2693 1113 2763 τῆς
1141 2689 1303 2760 ἁγίας
1333 2688 1588 2760 Τριάδος,
1615 2686 1711 2742 καλ⁵
1737 2685 1876 2739 αὑτά
1927 2685 1996 2739 τά

421 2783 690 2838 ἰδιαίτατα
737 2781 1238 2854 χαρακτηριστικὰ.
1289 2780 1430 2836 Οῦτε
1464 2780 1574 2849 γὰρ
1629 2779 1826 2848 Πατὴρ
1861 2776 1996 2848 κλη-

420 2874 648 2944 θήσεται
684 2876 824 2930 κατά
853 2891 916 2943 γε
967 2874 1159 2945 κριτὴν
1201 2874 1294 2928 τὸν
1347 2873 1490 2926 κατά
1542 2871 1627 2926 σέ.
1659 2868 1853 2941 Πατὴρ
1895 2870 1998 2940 μὲν

418 2968 528 3039 γάρ
577 2968 722 3032 ἄπας
758 2973 817 3022 ὲν
862 2971 975 3032 τοῖς
1015 2965 1142 3022 καθ’
1174 2967 1326 3037 ἡμᾶς
1373 2963 1659 3036 ἐμπαθὴς,
1694 2964 1808 3018 εἴτε
1841 2963 1997 3034 παρά

417 3061 478 3114 τὸ
515 3060 760 3130 σπεὶρειν
808 3060 946 3114 κατὰ
979 3059 1162 3130 σάρκα
1209 3056 1353 3111 οὕτω
1387 3055 1661 3120 καλεῖται,
1691 3053 1804 3108 εἴτε
1834 3052 1996 3108 ἄλλο·

421 3155 513 3209 θεν
542 3153 764 3208 ὁθενοῦν
792 3170 806 3185 ·
850 3153 947 3207 καὶ
977 3153 1092 3214 υἰὸς
1124 3151 1183 3205 δὲ
1241 3151 1306 3204 ὲκ
1353 3149 1449 3203 τοῦ
1479 3146 1628 3203 κατὰ
1655 3146 1899 3218 φυσικὴν
1930 3147 1996 3200 οὐ

2096 1953 2496 2017 quaestuosum,
2524 1951 2588 1998 ut
2632 1941 2958 2012 plerumque
3004 1935 3152 1989 circa
3207 1944 3296 1986 res
3348 1928 3685 1997 incongruas

2096 2015 2371 2104 versetur;
2413 2035 2653 2106 lapidem
2706 2030 3047 2101 angularem,
3097 2037 3222 2095 qum
3248 2015 3542 2076 aestimatio
3573 2030 3709 2093 non.

2096 2128 2557 2202 satiszponderosa
2580 2135 2662 2181 est
2687 2142 2702 2192 ;
2728 2119 2927 2192 etquid
2947 2117 3075 2175 talia
3107 2125 3532 2171 commemorem
3562 2123 3690 2181 qua:

2095 2224 2279 2280 omnia
2317 2237 2426 2277 non
2444 2215 2763 2291 iudicantur
2793 2213 2904 2269 Deo
2935 2223 3256 2280 congruere,
3281 2213 3336 2259 et
3359 2213 3448 2259 tua
3469 2201 3691 2258 convel-

2101 2314 2290 2370 luntur
2316 2310 2597 2382 eloquenti
2643 2303 2924 2380 potentia?
2949 2299 3182 2365 Vereor,
3207 2312 3276 2352 ne
3304 2295 3392 2350 via
3426 2293 3690 2350 incedens

2101 2409 2270 2478 invia,
2302 2408 2428 2464 illas
2462 2422 2493 2462 a
2518 2411 2712 2462 sancta
2735 2399 3011 2457 Trinitate
3054 2394 3278 2452 auferre
3316 2390 3527 2462 cogites
3570 2402 3694 2458 qua:

2097 2503 2203 2575 ipsi
2227 2502 2464 2574 propriae
2488 2506 2618 2556 sunt
2642 2503 2830 2562 notas;
2859 2507 2964 2548 non
2995 2490 3141 2547 enim
3185 2487 3348 2542 Pater
3382 2483 3692 2544 vocabitur.

2091 2592 2506 2666 juxtajudicem
2545 2589 2625 2645 tui
2657 2587 2924 2650 similem;
2959 2581 3122 2637 Pater
3163 2584 3309 2634 enim
3335 2578 3518 2633 omnis
3542 2590 3693 2630 com-

2098 2686 2347 2743 munium
2378 2682 2668 2739 affectuum
2707 2677 3004 2748 particeps,
3027 2674 3184 2728 sivea
3203 2667 3471 2741 pariendo
3492 2681 3696 2722 secun-

2099 2780 2232 2836 dum
2278 2790 2505 2833 carnem
2533 2773 2613 2829 sic
2657 2779 2914 2833 vocatur,
2938 2753 3058 2821 sive
3075 2762 3332 2829 aliunde;
3355 2759 3468 2824 υἰδς
3494 2764 3698 2818 autem,

2099 2887 2168 2928 ex
2197 2869 2363 2924 verbo
2395 2867 2448 2923 in
2481 2880 2541 2921 se
2565 2878 2674 2918 non
2701 2857 3109 2931 supernaturali
3133 2853 3426 2911 deducitur
3465 2847 3702 2921 φύεσθαι

2103 2958 2316 3035 (gigni),
2349 2959 2476 3014 vela
2490 2955 2657 3011 verbo
2674 2948 3031 3020 iisaﬂmjuxta
3047 2946 3261 3012 doctos;
3277 2940 3495 3012 πνεῦμα
3515 2947 3702 2994 autem

2101 3031 2170 3111 ex
2194 3031 2370 3109 verbo
2407 3045 2691 3102 ἐπιπνέειν
2728 3037 3086 3114 (exsufflare),
3122 3047 3177 3092 et
3219 3033 3520 3107 ὲμπνέειν;
3567 3031 3704 3087 flare

2103 3153 2283 3200 autem
2309 3138 2604 3212 quamdam
2655 3133 2818 3190 habet
2853 3127 3300 3187 inconstantiam.
3347 3124 3440 3181 Sic
3469 3135 3520 3178 et
3540 3137 3706 3177 omne

425 3245 534 3318 μὴν
589 3245 852 3316 ὑπερφυῆ
915 3243 1187 3300 ἀκόλουθα
1239 3241 1496 3313 φύεσθαι,
1564 3239 1742 3294 εῐτουν
1779 3237 1997 3305 ὕεσθαι,

2108 3237 2338 3294 verbum
2365 3228 2778 3287 multiformiter
2813 3238 2916 3280 nec
2940 3222 3043 3279 sub
3077 3234 3185 3275 uno
3215 3227 3425 3272 tantum
3447 3221 3702 3285 respectu

420 3340 566 3424 κατά
593 3339 721 3402 τοὺς
755 3337 978 3406 σοφούςο
1017 3339 1111 3392 καὶ
1145 3333 1370 3404 πνεῦμα
1400 3334 1457 3387 δὲ
1487 3334 1552 3387 ἐκ
1578 3330 1675 3386 τοῦ
1711 3331 1994 3386 ὲπιπνέειν

2119 3336 2392 3389 movetur,
2409 3323 2493 3378 vel
2527 3335 2595 3376 ex
2625 3317 2856 3374 adversa
2881 3323 3036 3386 parte
3066 3318 3397 3367 removetur.

434 3412 529 3491 καὶ
575 3403 842 3503 ἐμπνέειν
888 3432 1056 3502 ἡμῖν’
1111 3429 1175 3483 τὸ
1226 3403 1304 3481 δὲῗ
1346 3427 1555 3491 πνέειν,
1585 3425 1850 3480 ἀστασίαν
1873 3425 1996 3478 τινὰ
2032 3422 2168 3495 ἔχει.
2206 3417 2393 3481 Οὕτως
2443 3413 2502 3469 δὲ
2537 3413 2632 3467 καὶ
2675 3411 2876 3475 ἄλλως,
2939 3409 3036 3462 καὶ
3073 3404 3133 3459 τὺ
3170 3403 3278 3458 πᾶν
3336 3403 3549 3469 εἰπεῖν,
3607 3419 3706 3457 πο-

423 3531 649 3594 λυειδῶς
678 3530 775 3583 καὶ
802 3527 863 3581 οὐ
897 3525 1042 3580 κατά
1073 3541 1197 3579 τινα
1229 3523 1612 3593 μονομέρειαν,
1649 3519 1970 3590 κινούμενον
2006 3519 2041 3590 ἢ
2076 3518 2171 3574 καὶ
2216 3510 2687 3581 ἀντικινούμενον.

497 3623 607 3695 μβ’.
640 3621 705 3675 Εἰ
727 3621 783 3674 δὲ
807 3619 953 3673 οὕτω
990 3619 1372 3688 ἐπιχειρήσεις
1401 3616 1540 3687 πρὸς
1575 3613 1820 3676 διάλεξιν
1847 3630 2003 3683 σοφι-

428 3715 638 3786 στικὴν,
675 3711 944 3776 ὲψίλωσας
982 3708 1074 3763 τὸν
1115 3708 1252 3762 Θεὸν
1285 3707 1526 3772 ἅπαντος
1557 3706 1655 3761 τοῦ
1702 3706 1764 3772 ἐξ
1791 3705 2007 3778 ἀνθρώ-

423 3824 542 3862 πων
579 3803 938 3876 σεμνώματος
963 3839 979 3865 ,
1035 3799 1132 3854 καὶ
1166 3798 1386 3869 ἀφῆκας
1418 3797 1520 3868 μὲν
1550 3798 1762 3851 ἐκεῖνον
1797 3793 2008 3850 ἀνώνυ-

429 3916 550 3971 μον,
577 3897 884 3968 ἐστέρησας
911 3892 970 3946 δὲ
1001 3891 1102 3947 κα)⁸
1141 3890 1294 3961 ἡμᾶς
1325 3889 1427 3960 τῆς
1457 3889 1597 3957 πρὸς
1627 3888 1839 3942 ἐκεῖνον
1888 3901 2008 3940 κοι-

422 3991 623 4053 νωνίας
654 3988 750 4043 καὶ
779 3986 1106 4056 ὲγγύτητος,
1131 3983 1225 4036 καὶ
1254 3979 1375 4034 οὐδὲ
1398 3979 1480 4047 τὸ,
1513 3981 1712 4048 Κύριε,
1749 3977 2003 4049 ἐλέησον,

2184 3606 2272 3662 42.
2332 3604 2393 3660 Si
2433 3613 2616 3659 autem
2647 3596 2994 3656 dialecticam
3029 3589 3403 3662 sophistarum
3453 3587 3510 3642 in
3553 3587 3705 3641 auxi-

2115 3702 2247 3757 lium
2276 3713 2463 3766 vocas,
2490 3697 2662 3752 Deum
2713 3691 2864 3750 omni
2897 3705 3004 3763 qua
3040 3689 3184 3761 apud
3216 3688 3470 3745 homines
3495 3686 3702 3744 fruitur

2115 3794 2444 3849 auctoritate
2487 3789 2710 3860 privas;
2740 3801 2901 3857 quem
2937 3784 3028 3840 ubi
3065 3783 3288 3839 nomine
3319 3781 3705 3853 spoliasti,nos

2115 3887 2328 3958 ipsosa
2389 3881 2791 3940 communitate
2843 3893 2908 3933 ac
2979 3876 3380 3943 familiaritate,
3433 3891 3555 3946 quae
3605 3889 3709 3930 nos

2113 3979 2258 4035 inter
2292 3985 2348 4034 et
2377 3977 2545 4032 Deum
2577 3971 2888 4041 intercedit,
2914 3968 3092 4037 ejicis.
3121 3967 3262 4037 Quia
3295 3968 3441 4024 enim
3471 3983 3545 4024 ne
3571 3966 3706 4023 illud

424 4080 834 4144 καταλελοιπὼς
867 4079 998 4148 ἡμῖν
1029 4078 1109 4138 εἰς
1150 4073 1596 4153 ἀνεπιχείρητον,
1630 4069 1724 4124 διὰ
1769 4069 1833 4121 τὸ
1863 4068 2011 4122 κατὰ

2113 4069 2356 4142 quidem,
2391 4067 2670 4135 Miserere,
2709 4065 2873 4133 Deus,
2910 4064 3069 4121 nobis
3092 4063 3386 4134 reliquisti,
3421 4077 3529 4119 non
3600 4061 3707 4117 nisi

423 4176 513 4230 τὸν
535 4177 686 4230 έλεον
709 4169 1034 4244 περιπαθὲς,
1054 4168 1148 4223 καὶ
1171 4165 1345 4230 οὕτως
1369 4163 1642 4235 ἐμπαθὲς,
1676 4162 1845 4234 μόνην
1879 4161 2013 4231 ἡμῖν

2119 4176 2384 4220 manuum
2447 4169 2503 4217 et
2561 4159 2850 4217 oculorum
2917 4157 2988 4213 ad
3057 4165 3274 4214 montes
3348 4157 3708 4214 elevationem

426 4269 646 4341 ἀφῆκας
676 4266 776 4337 τὴν
816 4266 894 4328 εἰς
928 4261 1196 4334 οὐρανοὺς
1220 4259 1486 4314 ἀνάτασιν
1531 4255 1642 4310 τῶν
1669 4254 1896 4327 χειρῶν,
1920 4256 2016 4309 καὶ

2119 4255 2424 4328 permittis,
2459 4252 2607 4310 unde
2630 4252 2792 4308 nobis
2839 4249 3106 4312 auxilium
3150 4249 3376 4314 veniet;
3418 4247 3532 4318 jam
3581 4263 3710 4303 vero

424 4339 523 4432 την
554 4362 661 4414 τῶν
685 4355 981 4430 ὀφθαλμῶν
1014 4355 1175 4426 ἄρσιν
1200 4355 1280 4415 εἰς
1306 4353 1374 4407 τά
1398 4351 1524 4423 ὅρη,
1553 4349 1678 4404 ὅθεν
1715 4349 1849 4420 ἡμῖν
1894 4347 2017 4416 ἥξει

2122 4348 2290 4406 etiam
2367 4347 2590 4402 leonum
2641 4356 2818 4410 more,
2876 4341 2977 4413 qui
3034 4340 3443 4396 circumeuntes
3488 4339 3712 4409 rugiunt

425 4454 461 4525 ή
481 4430 748 4523 *βοήθειω
778 4451 880 4520 ἤδη
910 4447 968 4502 δέ
990 4463 1093 4501 που
1119 4448 1215 4500 καὶ
1247 4445 1375 4539 τοὺς
1404 4441 1747 4514 στεναγμοὺς
1777 4441 1874 4495 καίΙ
1901 4435 2014 4494 οἷον

2122 4448 2179 4499 et
2207 4442 2465 4497 alimenta
2487 4454 2518 4510 a
2546 4437 2658 4495 Deo
2689 4436 3006 4508 efﬂagitant,
3026 4447 3244 4505 gemere
3274 4430 3434 4488 nobis
3471 4444 3538 4487 ac
3561 4431 3710 4500 rugi-

425 4543 717 4615 ὠρυθμοὺς
744 4541 882 4612 πρὸς
923 4538 1186 4609 ὁμοίωσιν
1238 4526 1498 4605 σκύμνων
1538 4535 1647 4588 τῶν
1677 4532 2015 4604 ὠρυομένων

2124 4548 2185 4590 re
2223 4532 2434 4590 licebit.
2493 4531 2652 4588 Sicut
2706 4542 2888 4588 autem
2917 4539 2997 4599 tu,
3037 4529 3222 4597 homo,
3257 4526 3467 4583 nullum
3506 4526 3713 4579 animal

429 4607 522 4689 κάὶ
573 4607 883 4703 ζητούντων
947 4607 1102 4700 ποιρά
1133 4627 1212 4699 τῷ
1243 4625 1364 4696 Θεῷ
1395 4625 1601 4697 βρῶσιν
1639 4626 1856 4687 ἑαυτοῖς
1876 4640 1890 4655 ·
1920 4623 2018 4677 καὶ

2127 4633 2409 4692 terrestre,
2437 4633 2534 4679 aut
2561 4624 2794 4692 aerium,
2839 4631 2936 4678 aut
2983 4622 3279 4688 marinum,
3313 4618 3433 4674 ovis
3465 4623 3561 4670 aut
3589 4607 3709 4685 lupi

430 4732 559 4802 μὴν,
580 4730 858 4798 ἄνθρωπε,
891 4724 1035 4780 καθά
1066 4723 1132 4801 σὺ
1164 4721 1324 4784 αὐτὸς
1351 4721 1504 4774 οὐδὲν
1549 4717 1701 4786 βοτὸν
1738 4718 2012 4789 χερσαῖον,

2127 4717 2327 4773 marini
2389 4718 2601 4784 instar,
2639 4717 2828 4784 offers,
2873 4717 3018 4794 inter
3075 4715 3129 4771 id
3195 4710 3342 4784 quod
3370 4707 3712 4767 offerendum

425 4789 556 4877 ἐς»ὲέ
614 4789 802 4892 ἀέριον
842 4789 983 4882 ζῶον
1017 4858 1032 4885 ,
1070 4799 1197 4870 οὐδὲ
1261 4813 1555 4869 θαλάττιον
1600 4811 1791 4876 ἀπλῶς
1865 4808 2011 4863 οὕτω

2117 4820 2224 4875 εει,
2251 4821 2306 4864 et
2342 4809 2396 4864 id
2430 4809 2576 4879 quod
2610 4824 2718 4864 non
2750 4789 3268 4876 est,distinguendo
3287 4811 3344 4859 et
3374 4800 3712 4874 rejiciendo;

427 4915 722 4986 προσφέρῃ
745 4914 802 4976 ές
831 4909 1106 4980 ἀποδοχὴν
1131 4908 1277 4964 καθά
1308 4906 1400 4961 διὰ
1433 4905 1530 4960 τοῦ
1574 4903 1876 4976 προϐάτου,
1916 4903 2014 4955 καὶ

2121 4901 2202 4956 sic
2228 4908 2284 4955 et
2304 4916 2423 4968 nos,
2452 4899 2758 4956 secundum
2781 4899 3007 4954 Patrum
3031 4905 3350 4953 sanctorum
3373 4894 3708 4966 exemplum,

427 4961 524 5061 cori?
570 4961 1412 5075 >Ϊάὲῥέιξιᾎξ’Ᾰιέῥὸὲὲὲηνιξάμεθα,
1451 5000 1527 5067 μη
1569 4961 2011 5064 ἀφορίζωνμὲν,

2121 4992 2551 5063 unumquodque
2599 4992 2908 5058 nominum,
2940 5005 3064 5060 quae
3102 5005 3201 5060 pro
3232 4961 3551 5044 humilitate
3615 4961 3745 5041 ηοξ

430 5102 554 5155 ὅσον
593 5097 760 5151 αὐτοῦ
817 5093 981 5148 καλὸν
1033 5093 1116 5156 εἰς
1172 5087 1520 5162 προσφορὰν,
1567 5083 2016 5155 ἀπεκλεγόμενος

2125 5095 2240 5140 stra
2275 5085 2388 5141 Deo
2445 5084 2740 5141 offerimus
2790 5093 2894 5140 aut
2951 5083 3136 5154 potius
3171 5079 3602 5146 sanctiﬁcamus,
3657 5089 3715 5133 et

430 5193 488 5245 δὲ
542 5191 603 5244 τὸ
645 5189 721 5260 μὴ
771 5187 1123 5258 πρόσφορον·
1175 5182 1321 5236 οὕτω
1371 5181 1515 5236 κατά
1562 5177 1662 5248 τὴν
1699 5177 1808 5230 τῶν
1839 5175 2015 5245 ἁγίων

2121 5177 2344 5249 rejectis
2395 5176 2465 5232 iis
2503 5191 2627 5247 quae
2652 5178 2759 5232 Deo
2782 5175 3007 5245 indigna
3051 5182 3202 5242 sunt,
3225 5173 3277 5228 ci
3311 5171 3713 5228 sacrificamus.

433 5285 696 5354 Πατέρων
730 5282 980 5335 τύπωσιν
1029 5279 1125 5332 καὶ
1155 5278 1317 5350 ἡμεῖς
1354 5276 1440 5344 ἐφ’
1475 5274 1716 5327 ἑκάστου
1750 5269 1862 5323 τῶν
1896 5269 2203 5340 ὀνομάτων,
2239 5270 2386 5342 άπερ
2451 5270 2512 5339 ἐξ
2583 5271 2747 5341 ήμῶν
2799 5268 3057 5332 λαϐόντες
3122 5265 3234 5320 τῶν
3303 5263 3712 5318 ταπεινοτάτων

433 5380 799 5448 ἀνατιθέαμεν
824 5376 903 5445 τῷ
931 5375 1075 5445 Θεῷ,
1128 5373 1334 5444 μᾶλλον
1379 5370 1437 5424 δὲ
1467 5368 1728 5436 όσιοῦμεν
1753 5363 1904 5434 αὐτῷ
1935 5365 2009 5416 τά
2047 5365 2282 5428 ἐκείνου,
2323 5363 2788 5437 ὲξαφαιρούμενοι
2822 5365 2921 5418 καὶ
2987 5361 3124 5433 μηδὲ
3173 5360 3256 5424 εἰς
3303 5357 3432 5413 νοῦν
3499 5358 3716 5427 λαμϐά-

433 5492 616 5538 νοντες
655 5475 716 5526 τὸ
752 5473 1024 5526 ἀνοίκειον
1059 5469 1137 5540 τῷ
1176 5467 1318 5537 Θεῷ,
1365 5462 1544 5533 ὀρθῶς
1585 5460 1737 5530 αὐτῷ
1807 5459 2216 5531 προσφέρομεν·
2269 5459 2460 5530 ὅμοιον
2529 5459 2607 5524 ὡς
2657 5460 2708 5514 εἰ
2757 5458 2856 5513 καὶ
2922 5458 3124 5528 ἰερεῖον
3185 5453 3572 5525 ἀποδείραντες
3619 5451 3717 5504 καὶ

432 5579 513 5639 εἰς
541 5575 837 5644 καθάρειον
866 5567 1300 5631 ἀποπλύναντες,
1332 5563 1537 5631 θύομεν
1576 5559 1719 5614 κατὰ
1749 5558 1812 5611 τὸ
1843 5560 2016 5615 ὅσιον.

514 5667 626 5736 ριγῖ
660 5633 1009 5738 Ᾰημιουργὸν
1047 5662 1183 5733 γοῦν
1214 5664 1423 5715 ἐκεῖνον
1458 5657 1736 5726 καλοῦμεν
1766 5655 1864 5709 καὶ
1893 5671 2018 5724 τεχ-

2195 5650 2286 5706 45.
2327 5647 2591 5720 Opificem
2626 5647 2795 5719 igitur
2835 5661 2961 5703 eum
2994 5652 3050 5700 et
3081 5641 3346 5699 artiﬁcem
3403 5646 3457 5691 et
3500 5633 3712 5689 fabrum

433 5727 589 5827 vita};
639 5727 1116 5826 xaftmv'toupyov
1152 5753 1248 5807 καὶ
1283 5749 1518 5820 ποιητὴν
1550 5747 1674 5801 κατ’
1703 5747 1856 5800 οὐδὲν
1887 5745 2018 5799 ἄλλο

2128 5755 2182 5801 et
2212 5744 2562 5799 conditorem
2597 5742 2944 5812 appellamus
2967 5739 3038 5792 ob
3066 5737 3118 5791 id
3149 5743 3358 5790 tantum
3395 5727 3716 5799 quod,sicut

435 5851 468 5919 ἦ
526 5850 683 5919 μόνον
731 5850 816 5901 ὅτι
864 5847 1104 5916 παράγει
1148 5846 1342 5914 ὥσπερ
1377 5844 1578 5896 ἐκεῖνοι
1629 5839 1907 5909 ἐπιμελῶς
1951 5839 2018 5890 τά

2131 5838 2230 5903 illi,
2273 5851 2440 5906 opera
2477 5851 2575 5890 sua
2611 5836 2717 5889 rite
2745 5829 3084 5900 exsequitur.
3140 5826 3218 5882 Re
3263 5837 3387 5876 vera
3420 5819 3564 5875 enim
3603 5831 3712 5870 non

453 5943 594 5996 κατά
646 5943 787 6012 σφᾶς
827 5941 1022 6004 αὐτοὺς
1076 5940 1234 6011 ἔργα,
1270 5935 1413 5990 οὕτω
1461 5937 1555 5990 καὶ
1607 5934 1791 6001 αὐτὸς,
1839 5932 1899 5984 οὺ
1930 5931 2019 6000 δη-

2131 5932 2312 5991 solum
2342 5938 2492 5990 creat
2528 5937 2580 5988 et
2615 5942 2830 5985 summa
2882 5933 3000 5980 arte
3039 5921 3223 5978 omnia
3265 5915 3412 5983 facit,
3462 5910 3562 5970 sed
3593 5925 3714 5981 qua:
