4050 6428
389 383 493 444 Ξι59
1063 385 1486 446 EUSTATHII
1527 381 2293 444 THESSALONICENSIS
2333 384 2896 446 METROPOLITE

3531 389 3649 454 560

378 500 511 554 facit
539 499 796 570 cognovit
812 508 866 554 et
893 499 946 552 in
968 499 1174 553 honore
1201 498 1386 564 habet,
1407 497 1516 552 imo
1537 496 1737 568 diligit,
1770 511 1950 552 amore

2065 501 2340 570 μιουργῶν
2384 503 2547 569 μόνον
2597 504 2691 554 καὶ
2728 499 3019 574 σοφωτάτῃ
3066 501 3228 574 τέχνῃ
3272 505 3450 560 πάντα
3477 507 3658 577 ἐργασ-

373 591 758 661 complectitur
780 599 834 644 ct
869 591 938 645 iis
967 589 1232 660 providet.
1295 589 1735 644 Gubernatorem
1766 596 1952 643 autem

377 685 546 738 Deum
573 680 1160 750 nominamus,navigii
1189 694 1383 752 nempe
1415 679 1704 746 mundani,
1733 681 1826 735 sed
1854 679 1949 750 qui

375 786 618 829 nostram
658 789 878 844 quoque
907 773 1210 828 naviculam
1243 787 1342 843 pro
1373 772 1607 828 scientia
1648 787 1711 826 ac
1749 772 1947 826 volun-

375 872 487 919 tate
525 878 622 920 sua
660 878 756 933 per
798 863 970 917 undas
1008 862 1222 932 dirigit,
1275 877 1591 932 quanquam
1640 862 1806 931 aliqui
1858 876 1960 915 no-

379 967 578 1023 strum,
607 963 792 1025 spreta
827 954 975 1010 illius
996 963 1116 1009 arte
1155 954 1561 1025 gubernatoria,
1616 953 1740 1008 vita:
1795 954 1960 1008 undis

372 1047 691 1103 decumanis
726 1045 924 1116 agitari
960 1045 1190 1111 malunt,
1216 1051 1271 1100 et
1296 1059 1421 1099 cum
1450 1043 1692 1113 scopulis
1720 1057 1783 1097 ac
1807 1042 1958 1097 saxis

374 1140 643 1192 luctantes
687 1137 846 1205 aquis
913 1136 1245 1190 obruuntur.
1293 1135 1432 1189 Dum
1488 1135 1633 1188 cutim
1694 1150 1722 1186 a
1782 1133 1960 1201 lapide

374 1227 624 1299 angulari
652 1227 917 1299 quidquid
967 1225 1304 1297 superﬂuum
1339 1235 1446 1293 est,
1490 1226 1878 1290 rescindimus,
1907 1226 1959 1279 id

375 1329 586 1376 tantum
619 1335 1017 1377 conservamus
1048 1321 1194 1388 quod
1229 1322 1468 1374 animum
1499 1335 1690 1375 versus
1715 1320 1958 1373 caelestia

374 1430 440 1469 ac
473 1414 656 1468 divina
689 1415 848 1470 tollit.
882 1412 1138 1469 Christus
1166 1415 1310 1467 enim
1335 1413 1605 1477 Salvator,
1635 1423 1956 1466 naturarum

376 1506 698 1560 distantium
741 1505 898 1572 quasi
936 1504 1198 1558 mtenium
1219 1503 1486 1558 mediator
1521 1505 1718 1567 factus,
1746 1504 1865 1556 illas
1902 1502 1958 1555 in

381 1613 551 1652 unum
595 1597 754 1665 quasi
808 1611 1008 1664 corpus
1035 1596 1276 1662 adunat;
1311 1611 1432 1666 qua
1481 1612 1622 1661 cum,
1656 1595 1956 1650 secundum

374 1687 617 1759 gentium
651 1702 715 1742 ac
749 1688 1078 1757 populorum
1119 1687 1339 1757 ingenia
1389 1688 1622 1742 diversae
1656 1694 1951 1756 apparent,

373 1797 480 1835 non
543 1779 737 1835 eodem
807 1779 1178 1850 diriguntur;
1246 1796 1342 1852 per
1408 1779 1709 1836 Salvatoris
1771 1791 1954 1835 autem

2064 591 2289 660 ζόμενος
2321 591 2416 645 καὶ
2455 593 2647 656 ποιῶν,
2678 591 2815 644 ἀλλὰ
2866 591 2963 646 καὶ
3013 592 3104 645 διὰ
3136 593 3304 663 τιμῆς
3352 595 3501 661 ἄγων
3548 598 3654 648 καὶ

2063 683 2332 736 συνιστῶν
2353 683 2423 736 τὰ
2452 684 2816 754 εἰργασμένα,
2845 686 2942 738 καὶ
2977 683 3170 754 φιλῶν,
3199 687 3295 738 καὶ
3321 688 3655 755 περιποιού-

2065 790 2249 843 μενος,
2297 775 2393 828 καὶ⁸
2443 775 2705 846 προνοίας
2752 776 3014 840 παντοίας
3057 774 3239 842 ἀξιῶν.
3279 778 3656 848 κυϐερνήτην

2059 863 2118 916 δέ
2169 882 2352 933 φαμεν
2389 865 2482 919 τὸν
2532 866 2698 920 αὑτὸν
2731 867 2904 932 Θεὸν,
2961 869 3036 932 ὡς
3089 867 3184 922 τοῦ
3224 869 3372 923 κατὰ
3428 870 3650 940 κόσμον

2064 956 2310 1024 σκάφους
2343 974 2431 1024 γε,
2477 959 2574 1012 καὶ
2610 958 2720 1012 τῶν
2753 959 2879 1013 καθ’
2921 961 3070 1030 ἡμᾶς
3103 960 3170 1014 δι’
3196 961 3435 1015 ἁλιάδων
3491 961 3655 1015 ίθυν-

2059 1048 2202 1116 τῆρα
2248 1047 2392 1101 κατὰ
2432 1047 2534 1119 τὴν
2573 1047 2740 1103 αὺτοῦ
2771 1051 2868 1104 καὶ
2912 1050 3228 1121 ἐπιστήμην
3256 1051 3354 1102 καὶ
3382 1049 3609 1119 θέλησιν
3630 1066 3650 1085 ο

2062 1138 2111 1190 εί
2141 1138 2236 1190 καί
2273 1155 2420 1202 τινες
2456 1140 2613 1209 ἡμῶν
2659 1139 3108 1211 παρανομοῦντες
3134 1139 3235 1213 τὴν
3269 1141 3481 1194 ἐκεῖθεν
3520 1142 3648 1194 οἰα-

2059 1229 2340 1300 κιστικὴν,
2362 1233 2458 1285 καὶ
2478 1231 2595 1300 βίου
2614 1234 2824 1303 κύμασι
2862 1233 3289 1306 προαιρούμενοι
3317 1232 3650 1297 πλάζεσθαι,

2061 1324 2281 1393 χοιράσι
2331 1325 2427 1377 καὶ
2484 1326 2702 1394 ῥαχίαις
2761 1327 2911 1395 ἡμᾶς
2956 1326 3157 1390 αὐτοὺς
3183 1327 3658 1397 προσαράσσομεν

2061 1415 2146 1476 είς
2178 1415 2470 1468 ἀπώλειαν
2493 1431 2506 1446 ·
2539 1419 2636 1468 καὶ
2666 1416 2818 1470 λίθου
2865 1416 2921 1469 δὲ
2947 1417 3152 1488 ὁμοίως
3194 1417 3515 1488 ἀκρογὼνου
3548 1419 3656 1489 τὴν

2058 1508 2162 1560 οὐκ
2214 1506 2517 1578 εὔχρηστον
2554 1509 2758 1580 σκῦρον
2805 1511 2986 1564 είτουν
3019 1510 3271 1581 λατύπην
3324 1510 3659 1574 ἀποξέοντες

2060 1599 2280 1653 ἅπασαν
2327 1599 2664 1666 λιθοξοῖκῶς,
2719 1603 2899 1656 ἐκεῖνο
2953 1603 3049 1656 καὶ
3098 1602 3262 1672 μόνον
3295 1602 3463 1654 αὐτοῦ
3507 1604 3656 1656 ἀπο·

2057 1688 2418 1760 λαμϐάνομεν
2469 1691 2551 1752 είς
2611 1689 2796 1744 ἐνθεον
2856 1689 3184 1758 άναφοράνο
3235 1689 3317 1741 ὅτι
3358 1687 3656 1756 μεσίτηςό

2059 1781 2253 1851 Σωτὴρ
2286 1781 2525 1852 Χριστὸς
2551 1782 2660 1834 τῶν
2690 1780 2996 1834 διεστώτων
3037 1780 3255 1848 φύσεων
3283 1781 3388 1833 ὅσα
3432 1779 3530 1830 καί
3557 1795 3653 1830 τι-

375 1873 792 1936 mediationem,
829 1882 1145 1928 contactum
1208 1889 1273 1930 ac
1321 1874 1714 1928 adunationem
1781 1886 1948 1926 unum

2060 1891 2168 1926 νων
2195 1874 2394 1942 τοίχων
2429 1874 2747 1943 γενόμενος,
2788 1872 2998 1926 συνδέει
3037 1872 3229 1935 αὐτάς,
3260 1872 3358 1924 καὶ
3389 1872 3472 1933 είς
3513 1869 3651 1937 μίαν

375 1964 509 2031 quid
569 1964 750 2028 factae,
825 1966 1234 2021 communionis
1295 1965 1601 2036 spiritualis
1673 1972 1959 2034 compotes

378 2055 534 2121 ﬁunt,
575 2056 648 2111 ita
701 2065 760 2112 ut
789 2073 910 2128 quae
939 2060 1102 2115 modo
1148 2058 1404 2114 errabant
1443 2068 1499 2115 et
1547 2058 1957 2121 discordabant,

377 2163 545 2203 unum
586 2150 739 2205 ﬁant.

2066 1965 2292 2034 συνάγει
2331 1967 2617 2036 συνέχειαν
2641 1981 2656 1996 ·
2707 1965 3134 2036 γεγωνιωμένας
3169 1965 3269 2034 μὲν
3301 1962 3480 2025 ἄλλως
3518 1963 3654 2014 ίδιο-

2066 2060 2267 2128 τροπίᾳ
2321 2057 2616 2128 οἰκοδομῆς
2669 2058 2770 2127 τῆς
2818 2058 2963 2112 κατὰ
3019 2056 3145 2127 ἔθνη
3178 2057 3268 2109 καὶ
3325 2055 3490 2117 λαοὺς
3549 2053 3651 2106 καὶ

2062 2149 2206 2203 οὕτω
2258 2149 2333 2220 μὴ
2393 2151 2628 2220 ἐχούσας
2686 2152 2748 2204 τδ
2803 2148 3088 2213 ίθυτενές’
3126 2148 3213 2202 διὰ
3262 2147 3318 2200 δὲ
3349 2147 3446 2217 τῆς
3477 2143 3656 2198 αὑτοῦ

376 2238 804 2309 μεσολαϐήσεως
831 2242 1052 2312 καὶτῆς
1079 2243 1360 2312 ἑκατέρων
1387 2241 1573 2311 ἆψεως
1637 2241 1735 2295 καὶ
1791 2239 2115 2308 συναγωγῆς
2163 2242 2612 2312 ἐνοποιουμένας,
2669 2242 2745 2306 ὡς
2799 2241 3110 2302 εὐθυϐόλως
3174 2241 3311 2307 πρὸς
3374 2238 3654 2308 ὀρθότητα

371 2332 728 2386 συνίστασθαι
769 2333 1048 2398 ξυνοικίας
1089 2337 1474 2405 πνευματικῆς
1501 2373 1519 2401 ,
1574 2334 1641 2386 τὰ
1678 2335 1818 2397 τέως
1861 2335 1960 2404 μὲν
1999 2335 2397 2404 πλαγιάζοντα,
2439 2335 2636 2408 μικρὸν
2665 2335 2722 2390 δέ
2756 2336 2880 2390 ὅσον
2913 2336 3008 2389 καὶ
3075 2332 3485 2405 διαστησάμενα
3570 2335 3654 2395 είς

369 2428 718 2498 ἀσύμϐατον.

440 2526 531 2582 44.
591 2525 795 2580 Eadem
830 2524 1046 2580 ratione
1086 2527 1252 2579 etiam
1283 2523 1447 2580 Pater
1501 2525 1599 2595 qui
1650 2527 1956 2583 communis

367 2622 611 2674 omnium
661 2617 846 2684 Pater,
885 2633 991 2672 non
1021 2631 1119 2687 per
1164 2617 1490 2672 instinctum
1552 2618 1683 2688 agit,
1714 2619 1807 2672 sed
1863 2621 1955 2687 qui

364 2721 490 2784 post
517 2713 782 2766 mundum
820 2722 1069 2767 creatum
1130 2721 1380 2767 nostrum
1447 2713 1694 2768 omnium
1764 2727 1953 2767 curam

365 2806 479 2873 agit
545 2812 600 2859 et
629 2805 833 2874 gaudet
889 2805 934 2859 si
1016 2805 1448 2876 multiplicamur
1513 2814 1567 2861 et
1628 2806 1953 2869 crescimus,

364 2897 506 2952 sicut
537 2898 654 2967 ipse
687 2899 826 2953 vult.
860 2897 967 2953 Eos
1001 2899 1146 2953 enim
1223 2899 1317 2970 qui
1367 2899 1542 2968 ipsius
1599 2913 1750 2953 more
1800 2899 1952 2966 digni

363 2999 518 3056 sunt,
559 2991 658 3044 alit
699 2998 756 3045 et
784 2992 948 3057 ditat,
973 3000 1027 3047 et
1080 2990 1218 3048 alios
1257 3000 1444 3061 patres
1495 2991 1624 3044 facit
1649 2991 1952 3045 secundum

363 3096 606 3144 carnem.
641 3082 777 3138 alios
805 3084 1106 3138 secundum
1142 3083 1422 3154 spiritum,
1449 3090 1505 3138 et
1552 3083 1949 3149 haereditatcm,

361 3175 475 3228 imo
502 3189 731 3245 regnum
773 3175 1065 3242 ccelorum,
1097 3183 1156 3230 ut
1179 3183 1335 3245 pater
1383 3176 1701 3243 benevolus,
1735 3175 1952 3239 tribuit,

363 3277 528 3335 atque
559 3267 632 3319 ita
653 3263 890 3335 'quidetn
923 3267 1067 3321 Deus
1094 3281 1254 3322 verus
1284 3264 1452 3323 Pater
1485 3276 1568 3338 est
1597 3283 1615 3336 ;
1655 3269 1768 3323 vult
1794 3267 1945 3323 enim

2144 2525 2250 2595 μδ’.
2301 2526 2406 2579 Τὸν
2440 2526 2602 2580 αὐτὸν
2660 2527 2718 2579 δὲ
2772 2525 2931 2592 λόγον
2979 2523 3078 2578 καὶ
3133 2523 3324 2595 Πατὴρ
3371 2524 3398 2576 ὁ
3447 2523 3651 2586 κοινῶς

2064 2620 2286 2674 πάντων
2333 2619 2568 2690 Πατὴρ,
2621 2620 2721 2672 οὐκ
2777 2617 3068 2688 ἐμπαθῶς,
3107 2617 3224 2672 ἀλλ’
3277 2619 3360 2671 ὅτι
3420 2619 3650 2688 κήδεται

2065 2709 2287 2764 πάντων
2323 2710 2486 2781 ἡμῶν
2521 2709 2660 2780 μετὰ
2699 2711 2799 2780 τὴν
2832 2713 2890 2764 ἐν
2920 2711 3118 2780 κόσμῳ
3150 2709 3363 2779 γένεσιν
3397 2711 3492 2764 καὶ
3521 2710 3652 2778 γένη

2065 2819 2243 2870 νησιν,
2276 2805 2374 2854 καὶ
2408 2802 2764 2872 εὐφραίνεται
2799 2803 2965 2872 εἴπερ
2991 2801 3341 2872 αὐξανόμεθα
3372 2801 3470 2853 καὶ
3497 2801 3647 2871 πλη-

2063 2893 2342 2961 θυνόμεθα
2381 2893 2456 2956 ὡς
2489 2893 2653 2956 αὐτὸς
2687 2891 2883 2958 ἐθέλει,
2935 2893 3031 2946 καὶ
3061 2893 3250 2964 τρέφει
3277 2894 3374 2946 καὶ
3419 2890 3647 2944 πλουτὶο

2059 2985 2142 3050 ζει
2169 2988 2298 3050 τοὺς
2330 2987 2535 3050 ἀξίους,
2567 2987 2665 3039 καὶ
2697 2986 2942 3057 πατέρας
2991 2989 3141 3040 ποιεῖ
3181 2988 3310 3050 τοὺς
3367 2987 3468 3058 μὲν
3498 2987 3648 3040 κατὰ

2059 3078 2258 3146 σάρκα,
2305 3082 2433 3143 τοὺς
2495 3079 2553 3132 δέ
2609 3080 3054 3151 πνευματικούς⁹
3116 3081 3209 3134 καὶ
3265 3080 3644 3151 κληρονομίαν

2057 3169 2348 3239 πατρικῶς
2376 3212 2393 3238 ,
2431 3172 2519 3225 ναὶ
2568 3171 2633 3242 δὴ
2686 3172 2782 3224 καὶ
2840 3171 3120 3243 βασιλείαν
3151 3173 3249 3243 τὴν
3298 3175 3356 3226 ἐν
3389 3174 3646 3242 οὐρανοῖς

2055 3259 2407 3314 ἀποτίθεταιο
2440 3261 2537 3315 καὶ
2590 3262 2734 3318 οὕτω
2772 3264 2875 3334 μέν
2906 3265 3097 3336 Πατὴρ
3148 3267 3176 3318 ὁ
3212 3266 3347 3329 Θεός
3371 3279 3386 3296 ⁸
3435 3264 3646 3318 ἐθέλων

363 3368 575 3429 patrem
611 3374 829 3429 quoque
883 3362 1160 3415 carnalem
1207 3359 1467 3415 honorari
1515 3361 1947 3430 qui,secuudun

2057 3351 2156 3422 μὲν
2185 3354 2452 3423 τιμᾶσθαι
2483 3357 2580 3408 καλ⁷
2617 3357 2709 3410 τὸν
2741 3357 3006 3427 σαρκικὸν
3036 3357 3251 3427 πατέρα
3284 3359 3376 3410 τὸν
3405 3359 3462 3409 ἐν
3493 3357 3643 3425 ἄλλῳ

361 3452 618 3522 antiquos
645 3466 743 3521 per
772 3451 938 3505 alium
968 3459 1217 3522 generat,
1247 3451 1508 3523 illumque
1559 3455 1737 3509 nostri
1793 3453 1951 3510 simi-

362 3541 471 3596 lem
509 3555 684 3612 ncque
713 3540 1030 3597 inferiorem
1066 3540 1181 3596 ﬁeri
1219 3542 1478 3598 sustinet.

430 3719 520 3774 45.
555 3717 707 3774 Talis
745 3727 926 3774 autem
954 3719 1132 3774 Patris
1173 3728 1491 3775 coaeternus
1575 3719 1755 3776 Filius
1792 3736 1856 3775 ex
1884 3735 1951 3779 eo

363 3811 602 3880 genitus,
659 3825 726 3864 ex
763 3809 881 3879 ipso
937 3825 1045 3864 non
1093 3810 1337 3864 humano
1388 3826 1558 3877 more,
1623 3813 1716 3866 sed
1764 3811 1952 3868 divino

367 3902 654 3972 processit.
689 3901 850 3956 Pater
896 3910 1076 3956 autem
1126 3904 1271 3955 hunc
1313 3909 1373 3956 ut
1431 3903 1534 3958 sibi
1585 3904 1954 3960 consubstan-

365 3993 550 4047 tialem
610 4001 758 4046 amat
812 4003 865 4047 et
899 3992 1105 4062 duplici
1150 3993 1546 4063 gloriﬁcatione
1576 3995 1952 4063 honorat,una

364 4085 583 4155 quidem
617 4095 746 4140 ante
772 4084 958 4140 mundi
994 4087 1366 4153 creationem,
1401 4087 1575 4141 altera
1606 4096 1732 4158 post
1762 4087 1950 4142 incar-

363 4176 643 4230 nationem
694 4189 818 4244 ηοω
877 4176 1086 4230 mundo
1147 4177 1313 4232 saluti
1361 4177 1464 4231 fuit
1503 4185 1558 4232 et
1610 4177 1946 4246 adventum;

361 4279 414 4325 et
441 4269 780 4326 colueredem
815 4268 978 4325 habet
1005 4271 1250 4326 omnium
1320 4287 1443 4342 quae
1496 4273 1662 4327 vitam
1687 4283 1947 4328 αξιοι-ηοω

361 4371 415 4417 et
438 4377 667 4430 regnum
699 4363 927 4418 cmleste
977 4364 1328 4434 participant,
1356 4363 1549 4419 addita
1603 4363 1728 4420 Filii
1778 4366 1948 4420 hatre-

359 4454 551 4521 ditate,
589 4468 712 4524 qua:
767 4469 877 4508 non
914 4469 1040 4509 cum
1091 4463 1270 4511 morte
1307 4457 1613 4523 exstincta,
1647 4457 1742 4513 sed
1799 4473 1950 4512 conv-

361 4547 638 4601 muuionis
686 4544 960 4602 beneﬂcio
1011 4547 1342 4603 immortalis
1405 4549 1531 4616 erit,
1574 4549 1648 4602 ita
1705 4556 1768 4604 ut
1819 4563 1945 4619 qua:

2054 3447 2330 3514 γεννῶντα
2359 3449 2506 3501 κατὰ
2534 3450 2658 3512 τοὺς
2689 3449 2957 3512 παλαιοὺς
2983 3489 2999 3516 ,
3027 3449 3120 3502 καὶ
3153 3449 3460 3502 θεοείκελον
3492 3451 3642 3502 ἐκεῖ·

2053 3556 2143 3592 νον
2181 3541 2314 3610 ἡμῖν
2353 3541 2696 3611 λογίζεσθαι,
2719 3545 2819 3597 οὐκ
2845 3543 3172 3614 ἀνεχόμενος
3215 3542 3272 3596 δὲ
3303 3544 3353 3596 εἰ
3393 3543 3454 3596 τὸ
3484 3533 3642 3597 ἔλατ-

2050 3647 2146 3686 τον
2176 3633 2389 3686 ἐκείνου
2442 3636 2576 3704 παρ’
2611 3636 2746 3706 ἡμῖν
2781 3637 3034 3707 φέρεται.

2126 3731 2232 3795 με’.
2265 3726 2393 3790 Υἱὸς
2447 3726 2506 3780 δὲ
2558 3727 2769 3799 Πατρὸς
2812 3728 3064 3782 τοιούτου
3117 3728 3564 3800 συμπροαιώνιος
3611 3731 3642 3785 ὁ

2051 3819 2266 3874 ἐκείνου
2311 3821 2508 3889 ἐκφὺς,
2547 3821 2738 3875 καθότι
2783 3821 2844 3889 ἐξ
2887 3822 3100 3876 ἐκείνου
3139 3822 3466 3894 ἐξελήλυθεν
3496 3826 3643 3879 ἀπα-

2053 3909 2160 3973 θῶς
2187 3911 2270 3965 ὃτι
2303 3912 2397 3965 καὶ
2433 3912 2654 3977 θεῖκῶς·
2692 3916 2786 3968 καὶ
2811 3915 2959 3983 φιλεῖ
2986 3917 3195 3980 ἐκεῖνος
3226 3916 3415 3970 τοῦτον
3450 3934 3643 3971 συνου-

2053 4000 2325 4071 σιωμένον
2359 4003 2530 4073 αὐτῷ,
2559 4005 2659 4058 καὶ
2682 4003 2898 4071 δοξάζει
2920 4005 3050 4078 δόξῃ
3075 4006 3264 4077 διπλῇ’
3298 4007 3399 4077 μιᾷ
3432 4006 3532 4077 μὲν
3570 4007 3638 4077 τῇ

2051 4091 2158 4162 πρὸ
2206 4091 2303 4146 τοῦ
2341 4089 2486 4148 εἶναι
2535 4095 2628 4150 τὸν
2673 4095 2904 4165 κόσμον,
2941 4099 3108 4170 ἑτέρᾳ
3154 4097 3211 4149 δὲ
3259 4099 3328 4168 τῇ
3371 4099 3510 4167 μετὰ
3537 4099 3640 4170 τὴν

2047 4189 2499 4259 κοσμοσωτήριον
2545 4190 2831 4262 σάρκωσιν
2873 4193 2980 4246 καὶ
3025 4194 3351 4264 ἐμφάνειανο
3385 4195 3479 4248 καὶ
3504 4195 3640 4266 κληο

2053 4278 2283 4348 ρονόμον
2322 4279 2381 4334 δὲ
2413 4281 2637 4336 πάντων
2678 4281 2794 4352 ἔχει
2827 4283 2940 4337 τῶν
2969 4285 3136 4338 αὐτοῦ
3186 4288 3254 4356 τῇ
3291 4286 3498 4357 αιωνίῳ
3532 4288 3638 4342 αὑ-

2047 4369 2142 4423 τοῦ
2175 4369 2290 4444 ζωῇ
2326 4373 2424 4427 καὶ
2468 4372 2741 4446 βασιλείᾳ,
2795 4377 2888 4430 καὶ
2935 4377 3036 4448 τὴν
3080 4377 3175 4431 τοῦ
3214 4379 3345 4432 Υίοῦ
3377 4380 3638 4452 κληρονο-

2052 4463 2183 4533 μίαν
2225 4467 2752 4538 συμπαραμετρῶν·
2797 4469 2858 4522 οὐ
2895 4469 3114 4542 θανάτῳ
3156 4472 3630 4544 ἁπελευσομένην,

2048 4555 2188 4608 ἀλλὰ
2222 4557 2480 4626 κοινωνίᾳ
2527 4574 2590 4611 συ
2601 4560 3216 4633 μπαρεκταθησομένην
3246 4566 3314 4633 τῇ
3346 4566 3402 4628 ἐς
3431 4565 3635 4619 ἀθάνα-

358 4637 522 4693 Pater
575 4653 745 4709 penes
792 4652 894 4692 nos
962 4639 1145 4702 habet,
1190 4638 1256 4693 ad
1310 4639 1510 4694 Filium
1562 4655 1780 4710 quoque
1825 4657 1947 4711 spe-

2055 4665 2165 4702 τον·
2203 4649 2291 4702 ἵνα
2328 4649 2490 4702 τοῦτο
2513 4650 2578 4720 δὴ
2610 4651 2670 4703 τὸ
2699 4652 2756 4705 ἐν
2785 4654 2920 4724 ἡμῖν
2957 4656 3033 4725 μὴ
3063 4655 3303 4728 κρατοῦν
3328 4657 3510 4712 πάντα
3540 4660 3633 4713 καὶ

354 4736 530 4794 ctent,
549 4738 602 4783 et
621 4738 681 4782 ut
703 4744 828 4799 quas
855 4726 978 4783 Filii
1013 4738 1163 4794 sunt,
1195 4729 1376 4784 Patris
1404 4745 1620 4800 quoque
1653 4731 1859 4796 sint,et
1891 4743 1948 4788 ut

2055 4741 2284 4794 πάντοτε
2312 4742 2415 4796 ὅσα
2439 4741 2553 4812 ἔχει
2585 4744 2612 4796 ὁ
2645 4743 2856 4816 Πατὴρ,
2878 4745 2978 4818 ιχῃ
3000 4726 3266 4816 διηνεκῶς
3295 4749 3322 4802 ὁ
3356 4748 3508 4819 Υἱὸς,
3539 4753 3634 4804 καὶ

359 4824 520 4875 ambo
554 4822 894 4876 immortales
926 4837 991 4875 ac
1027 4823 1295 4878 coaetanei
1356 4824 1646 4878 exsistant.
1668 4823 1766 4879 Hic
1798 4826 1947 4881 enim

353 4912 526 4968 Filius
559 4915 706 4970 illius
740 4913 960 4981 Patris;
998 4916 1144 4972 sicut
1172 4915 1336 4971 Pater
1383 4931 1482 4972 nos
1543 4917 1692 4972 tilios
1751 4918 1947 4988 genui-

357 5019 455 5058 nos
492 5004 794 5074 ad0ptavit,
823 5005 904 5060 sic
959 5005 1072 5072 ille,
1103 5022 1370 5063 concesso
1418 5008 1579 5064 nobis
1629 5009 1734 5063 hoc
1772 5009 1944 5079 privi-

357 5099 522 5168 legio,
568 5099 765 5154 fratres
794 5115 927 5154 suos
953 5098 1102 5154 fecit.
1136 5099 1276 5165 Quia
1301 5101 1446 5156 enim
1484 5115 1724 5156 amorem
1750 5111 1939 5171 pater-

358 5206 487 5244 num
523 5192 576 5245 in
627 5191 770 5247 ﬁlios
808 5200 864 5246 et
923 5189 1230 5247 fraternum
1293 5194 1347 5247 in
1415 5193 1616 5248 fratres
1677 5195 1932 5262 contulit,

360 5281 554 5335 Filium
585 5282 738 5336 illum
769 5283 1042 5353 principio
1077 5295 1360 5340 carentem
1403 5283 1602 5354 Patris,
1664 5285 1760 5356 qui
1819 5285 1940 5342 sine

357 5375 624 5443 principio
660 5384 762 5437 est,
797 5375 1058 5444 appellari
1120 5391 1348 5446 prorsus
1374 5378 1552 5433 decet.

2045 4834 2223 4888 πάντα
2253 4833 2322 4887 τὰ
2372 4835 2468 4888 τοῦ
2525 4837 2662 4890 Υίοῦ
2716 4836 2815 4908 ἔχῃ
2877 4840 2970 4891 καὶ
3025 4841 3054 4891 ὁ
3115 4840 3329 4911 Πατὴρ,
3381 4843 3632 4896 κοινωνοὶ

2045 4924 2192 4978 οῦτοι
2225 4925 2486 4980 ἀθάνατοι
2511 4930 2608 4982 καὶ
2640 4929 2937 5001 ἀδιάδοχοι’
2975 4929 3055 4984 ἔτι
3085 4931 3213 4996 Υἱὸς
3242 4926 3398 4997 οὗτος
3420 4935 3634 5005 Πατρδς

2043 5016 2261 5070 ἐκείνου
2310 5019 2391 5072 ὅτι
2438 5019 2586 5074 καθά
2631 5023 2659 5074 ό
2695 5021 2885 5092 Πατὴρ
2913 5022 2995 5086 είς
3025 5025 3178 5088 υἱοὺς
3214 5027 3362 5096 ἡμᾶς
3416 5025 3632 5090 ἐξιδιώ-

2047 5124 2179 5162 σατο
2215 5113 2569 5181 γνησιότητος
2605 5113 2752 5183 λόγῳ
2805 5115 3186 5186 θεοπρεποῦς,
3242 5117 3417 5181 οὕτως
3467 5119 3632 5178 αὐτὸς

2045 5202 2372 5272 ἐκχωρήσας
2419 5205 2615 5275 ἐκείνῳ
2657 5207 2757 5276 τῆς
2793 5207 3185 5280 προληπτικῆς
3233 5210 3498 5276 τοιαύτης
3535 5226 3632 5278 με-

2048 5293 2214 5362 ρίδος,
2259 5296 2340 5358 εἷς
2387 5297 2654 5365 ἀδελφοὺς
2695 5299 2847 5368 ἡμᾶς
2905 5299 3264 5370 ᾠκειώσατο·
3311 5303 3396 5366 εἰς
3435 5300 3630 5355 ταύτὸν

2047 5387 2377 5455 συναγαγὼν
2405 5389 2630 5460 ἀγάπης
2682 5391 2965 5462 πατρικὴν
2999 5394 3218 5462 ἐκείνην
3258 5395 3450 5464 σχέσιν
3490 5393 3627 5461 πρὸς

355 5471 525 5533 υἱοὺς,
557 5471 653 5524 καὶ
686 5470 980 5539 ἀδελφικὴν
1025 5473 1233 5542 ταύτην
1291 5474 1430 5543 πρὸς
1489 5475 1776 5545 ἀδελφοὺς,
1831 5479 1927 5532 καὶ
1966 5479 2112 5536 οὕτω
2169 5484 2272 5554 μὲν
2305 5485 2583 5555 ἐπιτόμως
2616 5489 2794 5541 εἰπεῖν
2825 5491 2923 5543 καὶ
2993 5490 3124 5554 Υἱῆς
3168 5492 3385 5562 Πατρὸς
3429 5508 3629 5562 προαν-

353 5570 522 5638 άρχου
561 5571 916 5641 συνάναρχος.

420 5667 508 5722 46.
543 5664 794 5736 Spiritus
813 5681 975 5734 porro
1002 5673 1227 5721 sanctus
1261 5666 1331 5722 ob
1357 5667 1558 5721 nullam
1593 5671 1928 5725 matcrialem

2116 5665 2232 5737 μς’.
2266 5668 2339 5720 Τὸ
2376 5667 2432 5721 δὲ
2467 5667 2622 5737 ἆγιον
2666 5669 2910 5740 Πνεῦμα,
2954 5671 3099 5725 κατὰ
3141 5673 3403 5743 οὐδεμίαν
3438 5672 3625 5726 ύλαίαν

351 5774 570 5814 causam
629 5759 704 5814 ita
765 5759 1068 5828 appellatus
1113 5759 1256 5826 apud
1314 5769 1537 5815 sanctos
1587 5762 1929 5817 Christianos

2055 5765 2220 5818 ιίτίαν
2245 5762 2417 5826 οὕτως
2453 5764 2752 5834 ἐπικληθὲν
2801 5768 2958 5837 παρὰ
2990 5771 3104 5831 τοῖς
3136 5768 3317 5836 ἁγίοις
3364 5767 3623 5834 Χριστια-

353 5850 455 5906 hoc
488 5851 709 5907 nomine
745 5851 946 5921 dignus
989 5858 1074 5905 est
1112 5847 1352 5915 habitus,
1394 5847 1525 5917 quia
1567 5850 1751 5907 omnis
1802 5851 1923 5906 vitae

2038 5860 2166 5923 vuig,
2195 5856 2506 5923 δεδόξασται
2543 5856 2910 5923 ὀνομάζεσθαι
2941 5859 3116 5920 οὕτως
3141 5859 3230 5914 διὰ
3262 5859 3322 5914 τὸ
3356 5875 3615 5912 συστατι-
