4050 6412
419 381 522 445 561

1213 382 1298 442 ΙΝ
1342 384 1687 445 HYMNUM
1723 384 2372 451 PENTECOSTALEM
2417 392 2881 455 DAMASCENI.

3586 399 3696 462 562

415 497 512 550 κον
540 493 642 563 τῆς
674 493 798 549 καθ’
828 494 978 564 ἡμᾶς
1025 491 1176 551 είναι.
1215 496 1384 568 ζωῆς,
1439 499 1534 553 καὶ
1575 502 1745 572 πνοῆς
1786 499 2056 570 ἀπάσηςι

2146 513 2166 558 t
2215 506 2537 576 spirationis
2590 508 2894 566 secundum
2934 509 3154 566 modum
3208 512 3512 568 humanum
3542 515 3700 586 origo

414 590 609 650 αἴτιον,
660 587 756 641 καὶ
809 587 946 641 Θεὸν
978 587 1089 642 τῶν
1121 591 1454 660 πνευμάτων
1495 591 1846 663 ἀναψύχοντα
1873 590 2002 656 τοὺς

2146 605 2212 661 st,
2259 598 2480 668 etquod
2508 596 2648 654 Deus
2675 607 2762 654 est
2788 598 3104 669 spirituum,
3141 601 3237 672 qui
3269 616 3366 658 eos
3398 605 3491 673 qui
3524 605 3695 660 animi

417 683 476 735 ἐν
507 680 642 749 ἡμῖν
673 679 1029 746 ἐκλείποντας
1061 679 1167 736 ὑπὸ
1193 683 1519 756 κακότητος,
1563 686 1917 754 ἐπανάγοντα
1943 685 2004 750 ἐξ

2146 690 2471 746 crversitate
2527 690 2581 746 in
2630 700 2854 762 peccata
2907 691 3048 762 lapsi
3089 693 3582 765 suntredintegrat
3648 709 3707 751 et

415 771 800 842 ὀλιγοψυχὶας,
832 775 927 827 καὶ
955 775 1015 828 τὸ
1050 776 1160 829 πᾶν
1193 775 1395 840 εἰπεῖν,
1432 776 1700 846 ζωογόνον
1738 779 1834 832 καὶ
1866 781 2003 846 ζωο-

418 866 581 918 πσιὸν
636 862 736 918 καὶ
791 866 1059 937 ζωοδότην
1105 866 1512 937 ἀληθέστατον·
1577 870 1638 924 οὐ
1681 873 1845 942 μόνον
1893 876 2004 947 γὰρ

419 956 568 1024 φυτὰ
615 959 850 1011 παντοῖα
899 958 1144 1028 προάγον
1192 961 1456 1029 συντηρεῖ
1483 960 1558 1024 ὡς
1594 960 1676 1030 τῷ
1708 963 1881 1034 Πατρὶ
1911 967 2006 1018 καὶ

419 1048 498 1119 τῷ
528 1048 647 1118 Υἱῷ
703 1048 1142 1119 συνδημιουργὸν
1196 1052 1286 1103 καὶ
1352 1051 1872 1123 συμπρονοούμενον
1911 1056 2007 1110 καὶ

425 1143 808 1210 συμπεριέπον
831 1143 925 1196 καὶ
959 1142 1256 1208 συνιστῶν,
1292 1143 1430 1198 ἀλλά
1451 1145 1546 1198 καὶ
1575 1144 1714 1211 ζῶον
1747 1146 1894 1202 ἅπαν
1927 1147 2008 1218 τῷ

425 1231 610 1287 θεόθεν
647 1233 1066 1288 συνουσιωθέντι
1100 1235 1244 1289 κατά
1280 1234 1442 1302 φύσιν
1484 1239 1759 1308 πνεύματι
1787 1238 2005 1307 θάλπει,

425 1324 519 1378 καὶ
549 1326 630 1386 εἰς
672 1324 846 1397 αῦξην
876 1325 1134 1396 προάγει,
1179 1329 1275 1381 καὶ
1324 1330 1404 1391 είς
1437 1329 1498 1382 τὸ
1526 1328 1627 1400 ζῇν
1659 1334 1965 1404 συγκρατεῖ
1991 1349 2006 1366 ⁸

426 1417 550 1470 ὅθεν
596 1417 691 1468 καὶ
721 1419 754 1486 ἡ
787 1417 953 1488 φύσις
987 1434 1066 1472 πα
1081 1419 1456 1490 ρωνόμασται,
1495 1421 1639 1476 κατά
1667 1439 1791 1476 τινα
1837 1424 2004 1492 σοφὸν

426 1508 682 1576 παλαιὸν,
711 1508 788 1573 ὡς
836 1505 951 1563 οἷον
1000 1510 1240 1581 φύσησις
1293 1512 1438 1566 κατὰ
1487 1513 1549 1566 τὺ
1582 1514 1878 1584 ἀρχέγονον
1910 1515 2014 1584 τῆς

432 1603 781 1672 παραγωγῆς
808 1616 824 1632 ⁶
880 1604 1032 1675 φυσᾷ
1085 1603 1194 1674 γὰρ
1232 1601 1422 1676 ῶσπερ
1454 1604 1597 1678 αὐτὴ
1629 1607 1724 1660 καὶ
1759 1606 1904 1661 οὕτω
1937 1608 2017 1661 δι-

431 1696 578 1766 ιστᾷ,
626 1701 724 1749 καὶ
765 1695 986 1765 ἐξογκεῖ
1033 1696 1224 1766 τρόπῳ
1271 1697 1538 1768 οίδήσεως
1563 1735 1581 1763 ,
1633 1699 1729 1751 καὶ
1771 1695 1928 1763 αὔξει
1955 1697 2017 1752 τὸ

430 1785 632 1851 ζωῖκὸν
663 1786 846 1858 σῶμα,
885 1787 1024 1842 ὡσεὶ
1056 1788 1226 1844 ἀσκόν
1256 1805 1378 1843 τινα
1406 1787 1810 1860 ἐμφυσώμενον
1837 1806 1851 1822 ·
1883 1790 2017 1844 κάν-

431 1879 625 1933 τεῦθεν
673 1880 773 1944 τὰς
828 1881 1174 1952 προσφύσεις
1225 1883 1547 1948 διαστάσεις
1585 1884 1699 1956 ἔχει
1726 1885 1796 1939 τὰ
1828 1886 1892 1939 ἐκ
1919 1885 2023 1955 γῆς

429 1973 754 2044 γεννώμενα
800 1973 897 2030 καὶ
932 1975 1274 2046 τρεφόμενα,
1306 1976 1403 2031 καὶ
1431 1975 1710 2044 αὐξόμενα
1733 1993 1748 2008 ·
1796 1986 2022 2032 συνεπιο

435 2069 861 2139 λαμϐανομένου
891 2070 1008 2132 τοῖς
1045 2070 1104 2122 ἐν
1142 2071 1339 2138 κόσμῳ
1370 2068 1462 2123 τοῦ
1503 2068 1662 2138 ἁγίου
1695 2069 2020 2140 Πνεύματος

437 2161 643 2226 παντὸς
671 2161 905 2232 ἀγαθοῦ,
945 2163 1040 2218 καὶ
1064 2162 1124 2218 οὐ
1171 2161 1335 2232 μόνον
1365 2162 1460 2217 τοῦ
1487 2162 1630 2218 κατὰ
1660 2162 1844 2234 φύσιν,
1880 2162 2018 2218 ἀλλά

437 2259 530 2310 καὶ
556 2254 652 2308 τοῦ
684 2255 988 2327 ὑπερφυῶς
1010 2273 1026 2288 ν
1061 2258 1157 2311 καὶ
1189 2257 1398 2328 ζωγρεῖ
1421 2256 1479 2311 δὲ
1516 2257 1698 2328 ψυχὴν
1741 2257 2016 2312 ἀπιοῦσαν

437 2349 499 2402 τὸ
530 2347 688 2417 ἅγιον
743 2347 993 2418 Πνεῦμα,
1048 2351 1110 2403 οὐ
1153 2350 1297 2404 κατά
1325 2349 1386 2403 τὸ
1435 2348 1664 2421 ἀέριον,
1711 2349 1828 2403 ἀλλ’
1875 2348 2019 2423 ὑπὲρ

441 2445 603 2512 λόγον
624 2463 639 2478 ’
672 2447 769 2500 καὶ
813 2443 991 2510 οὕτως
1021 2443 1293 2515 ἀναψύχει
1325 2445 1548 2515 ἐκείνην
1578 2446 1661 2508 είς
1696 2445 2015 2515 σωτηρίανξ,

2113 782 2206 854 qui
2237 781 2625 852 pusillanimos
2665 785 3022 854 consolatur;
3052 794 3110 840 ut
3149 801 3260 841 uno
3298 787 3467 842 verbo
3501 787 3702 852 dicam,

2110 875 2202 945 qui
2249 877 2432 945 reipsa
2459 877 2582 931 vitae
2611 877 2849 948 genitor,
2881 879 3132 934 conditor
3161 879 3430 948 datorque
3453 879 3699 934 exsistit.

2113 967 2234 1024 Non
2266 968 2442 1024 solum
2467 969 2611 1025 enim
2636 969 2850 1040 plantas
2871 972 3056 1026 varias
3087 970 3400 1042 producens
3443 986 3569 1026 cum
3599 972 3710 1025 Pa-

2111 1070 2197 1116 tre
2236 1075 2300 1115 ac
2331 1059 2471 1116 Filio
2493 1061 3184 1132 conservat,amplectitur,
3207 1071 3402 1127 curat;
3431 1061 3525 1118 scd
3551 1075 3714 1116 omne

2112 1151 2372 1208 animans
2421 1151 2591 1207 halitu
2644 1151 2740 1222 qui
2795 1150 3063 1207 divinitus
3104 1151 3288 1217 datur,
3323 1149 3491 1217 fovet,
3523 1158 3709 1222 auget,

2114 1244 2400 1311 viviticat;
2433 1243 2581 1299 unde
2639 1245 2804 1299 etiam
2846 1252 3050 1300 natura
3100 1247 3242 1315 apud
3274 1245 3560 1315 antiquum
3605 1243 3711 1299 alio

2117 1349 2279 1404 quem
2333 1333 2722 1404 philosophum
2755 1333 2994 1390 sulllatio
3025 1336 3178 1391 audit
3209 1336 3510 1392 secundum
3544 1335 3712 1406 origi-

2115 1441 2241 1481 nem
2296 1426 2696 1496 productionis.
2733 1424 2924 1482 Sumat
2959 1427 3102 1484 enim
3135 1441 3199 1483 ac
3237 1435 3455 1496 separat
3508 1434 3565 1483 et
3599 1424 3715 1482 sui-

2116 1517 2300 1573 ilando
2355 1517 2622 1574 distendit
2663 1525 2719 1574 et
2753 1529 2953 1590 corpus
2978 1518 3221 1574 vividum
3245 1518 3389 1575 sicut
3419 1526 3596 1573 utrem
3632 1518 3718 1572 in-

2119 1607 2398 1664 sulllatum
2440 1609 2762 1679 ampliﬁcat,
2815 1615 2872 1664 et
2919 1607 3067 1677 inde,
3101 1624 3226 1678 quae
3283 1623 3315 1664 a
3361 1617 3504 1664 terra
3535 1608 3715 1680 genita

2120 1703 2348 1757 aluntur
2379 1711 2438 1757 et
2487 1709 2781 1770 augentur,
2818 1701 3190 1757 cohaesionum
3218 1715 3283 1757 ac
3308 1699 3716 1756 connexionum

2122 1791 2249 1848 loco
2281 1792 2466 1858 habet,
2495 1808 2561 1848 ea
2587 1794 2702 1864 lege
2735 1798 2795 1847 ut
2831 1791 3070 1862 Spiritus
3095 1799 3319 1846 sanctus
3351 1789 3516 1845 rebus
3546 1803 3715 1842 mun-

2130 1885 2294 1942 danis
2316 1885 2610 1956 adjiciatur
2664 1899 2778 1940 non
2825 1891 3040 1938 tantum
3093 1883 3400 1939 secundum
3439 1889 3715 1945 naturam,

2129 1979 2226 2035 sed
2275 1975 2792 2048 supranaturaliter,
2830 1984 2886 2031 et
2925 1973 3167 2046 Spiritus
3198 1973 3419 2045 quidem
3470 1982 3714 2029 sanctus

2127 2072 2365 2129 animam
2394 2069 2684 2126 abeuntem
2708 2067 2980 2138 captivam
3016 2065 3149 2123 facit
3181 2064 3720 2137 suprarationaliter,

2124 2172 2181 2221 et
2220 2163 2300 2220 sic
2326 2162 2476 2217 illam
2506 2160 2574 2216 ad
2624 2158 2858 2216 salutem
2912 2158 3141 2222 animat,
3197 2166 3252 2212 et
3302 2156 3411 2226 igni
3447 2153 3726 2224 spirituali

2123 2257 2174 2315 ei
2203 2255 2300 2328 qui
2325 2255 2508 2312 debita
2541 2259 2767 2324 praestat
2793 2249 2990 2317 otiicia,
3023 2249 3270 2321 angelico
3293 2263 3446 2305 more
3483 2245 3730 2304 incendit

2128 2354 2185 2406 et
2241 2346 2310 2403 iis
2363 2344 2458 2416 qui
2503 2358 2629 2400 cum
2669 2341 2881 2414 Spiritu
2941 2340 3226 2414 navigant,
3317 2337 3728 2410 navigationem

2128 2437 2428 2495 secundam
2472 2436 2726 2507 largitur.

441 2537 540 2590 καὶ
569 2537 706 2607 πυρὶ
739 2537 797 2590 δέ
829 2536 1051 2610 ψυχικῷ
1101 2529 1348 2590 συντελεῖ
1379 2537 1701 2607 ἐνεργοῦντι
1733 2537 1803 2590 τὰ
1831 2535 2150 2607 καθήκοντα
2196 2529 2507 2598 ἐξανάπτον
2540 2528 2676 2585 αὐτὸ
2738 2529 2821 2593 είς
2888 2525 3172 2599 φλόγωσιν
3227 2522 3528 2596 ἀγγελικὴν
3551 2561 3568 2591 ,
3633 2524 3733 2580 καὶ

446 2637 560 2699 τοῖς
593 2636 988 2706 πνευματικῶς
1018 2636 1248 2691 πλέουσι
1292 2637 1384 2690 τὸν
1430 2635 1651 2708 πρῶτον
1682 2633 2029 2706 πλησιστίοις
2067 2630 2360 2706 χαρίζεται
2388 2628 2582 2685 πλοῦν.

522 2728 632 2799 με’.
670 2728 883 2784 Οὐκοῦν
932 2727 1160 2800 οὐδεμία
1207 2728 1318 2783 τῶν
1360 2728 1515 2782 κάτω
1567 2728 1662 2783 καὶ
1705 2728 1836 2798 περὶ
1885 2728 2035 2798 ἡμᾶς

445 2822 646 2887 λέξεων
683 2823 821 2898 ὑψοῦ
853 2822 990 2892 πρὸς
1025 2821 1160 2876 Θεὸν
1196 2823 1313 2892 ἔχει
1345 2820 1624 2893 αἴρεσθαι,
1669 2821 1744 2892 μὴ
1774 2819 2037 2882 ἐπιεικῶς

447 2918 598 2989 αὐτῷ
649 2917 1097 2988 προσδεχθεῖσα,
1152 2918 1212 2970 ἐν
1267 2919 1347 2986 τῷ
1401 2915 1901 2984 συγκαταδατικῶς
1937 2915 2034 2968 καὶ

450 3011 774 3080 ἀναγκαίως
803 3013 881 3075 είς
910 3011 1037 3066 ὅσον
1064 3009 1184 3075 ἐξὸν
1223 3010 1462 3080 προσιτὴ
1494 3010 1856 3080 διακριτικῶς
1886 3007 2032 3062 ἐκεί-

453 3124 528 3176 νῳ
558 3105 818 3174 γενέσθαι
847 3105 944 3160 καὶ
981 3105 1451 3176 συγγνωμονικῶς
1503 3102 1658 3173 παρά
1691 3103 1752 3156 τὸ
1789 3102 1862 3173 μὴ
1890 3101 2038 3173 ἔχειν

454 3199 631 3264 ἄλλως
663 3200 795 3253 αὐτο
833 3197 1114 3268 γενέσθαν
1149 3199 1244 3252 καὶ
1276 3196 1561 3263 ὁμοιοῦται
1600 3194 1720 3248 τόδε
1741 3193 1814 3270 ,τὸ
1851 3196 2036 3260 πρᾶγ-

461 3308 535 3362 μα
565 3293 640 3357 ὼς
672 3293 721 3345 εί
761 3295 867 3348 ,καί⁵
917 3293 1175 3364 βασιλεὺς
1212 3289 1506 3360 ὐπερτίμῳ
1540 3287 1759 3358 πλούτῳ
1792 3285 2037 3354 πλήθων,

459 3387 555 3442 καὶ
586 3387 981 3456 πολυταλάντῳ
1021 3384 1408 3453 καλλωπισμῶ
1437 3382 1880 3453 ἐλλαμπόμενος,
1915 3380 2043 3432 ἀνέ-

459 3481 616 3553 χεταί
665 3497 799 3534 ποτε
853 3481 1062 3550 ἅμφιον
1117 3477 1466 3549 περικεῖσθαι
1496 3475 1607 3530 τῶν
1638 3474 2046 3544 εὐτελεστέρων

459 3575 605 3630 κατά
653 3591 782 3630 τινα
821 3573 1021 3645 χρείαν
1050 3616 1064 3637 ,
1119 3572 1245 3626 οὐτε
1302 3568 1914 3640 ἀποπροσποιούμενος,
1951 3566 2048 3620 καὶ

461 3666 780 3735 ἐπικοσμῶν
809 3666 867 3718 δὲ
896 3664 958 3717 τὸ
987 3663 1048 3716 οὐ
1069 3663 1370 3724 πολυτελὲς
1397 3661 1742 3732 περίϐλημα,
1763 3655 1848 3722 οἷς
1876 3660 2050 3711 ἐπιει-

463 3759 804 3828 κευσάμενος
838 3757 970 3811 αὐτὸ
1012 3757 1324 3826 περιέθετο.
1355 3754 1421 3806 Τί
1455 3753 1511 3807 δὲ
1538 3753 1599 3805 οὐ
1630 3753 1848 3823 ταχύνω
1870 3751 2050 3818 λέγειν

465 3853 542 3916 ὡς
578 3855 762 3922 χαίρει
791 3855 886 3904 καὶ
918 3849 1130 3921 ποιμὴν
1165 3849 1465 3919 λεγόμενος
1500 3847 1528 3900 δ
1554 3846 1688 3910 Θεός
1719 3863 1735 3914 ;
1766 3845 1861 3900 καὶ
1888 3845 2054 3907 αὐτὸς

469 3948 590 4018 οὐχὶ
621 3944 797 3998 ὀκνῶν
834 3943 981 3996 πάνυ
1039 3939 1409 4012 σμικρολόγος
1444 3933 1608 4004 εῖναι,
1635 3939 1820 4000 ὁποῖος
1851 3939 1878 3990 ὁ
1906 3935 2054 3990 κατὰ

466 4041 527 4093 τὸ
582 4041 739 4109 ἅγιον
797 4037 1136 4106 Εὐαγγέλιον
1174 4033 1242 4087 τὰ
1289 4033 1649 4102 ἐννενήκοντα
1701 4030 1859 4084 ἐννέα
1912 4029 2054 4099 πρό-

471 4136 611 4189 ὄατα
661 4131 956 4203 βόσκεσθαι
1009 4130 1169 4198 ἀφείς
1226 4127 1303 4190 ὡς
1357 4127 1406 4178 εί
1460 4124 1556 4178 καί
1613 4141 1700 4186 τις
1735 4122 1881 4194 ψυχῇ
1917 4121 2058 4176 αὐτά

470 4225 714 4296 ἐνέμετο,
743 4223 839 4276 καὶ
872 4219 1128 4289 πονηθεὶς
1159 4217 1291 4286 περὶ
1320 4216 1420 4286 τὴν
1449 4214 1548 4268 τοῦ
1578 4215 1697 4277 ἐνὸς
1724 4213 1834 4268 τῶν
1859 4211 2058 4266 ἑκατὸν

470 4314 955 4386 ἀποπλανηθέντος
1005 4310 1432 4380 ἁναψηλάφησιν
1456 4324 1470 4340 °
1500 4307 1584 4359 έτι
1623 4306 1678 4359 δὲ
1713 4306 1809 4358 καὶ
1855 4304 2063 4358 οἰκοδό-

475 4429 596 4480 μος,
621 4410 766 4465 κατά
798 4409 858 4463 τὸ
881 4449 897 4474 ,
940 4407 1068 4460 Ἐὰν
1111 4405 1186 4477 μὴ
1215 4403 1421 4472 Κύριος
1443 4400 1777 4474 οἰκοδομήσῃ
1815 4395 1964 4453 οἷκον
1988 4415 2003 4431 ο
2034 4398 2062 4450 ὁ

471 4506 566 4558 καὶ
617 4502 919 4564 παιδεύσας
972 4498 1067 4551 ἐπὶ
1121 4493 1404 4565 ἀσφαλοῦς
1448 4493 1546 4546 καὶ
1583 4492 1658 4563 μὴ
1707 4493 1802 4545 ἐπὶ
1829 4490 2063 4560 ψάμμου

2221 2721 2317 2778 47.
2356 2721 2526 2796 lgitur
2556 2719 2706 2776 nulla
2733 2733 2928 2776 vocum
2954 2718 3291 2790 pedestrium
3351 2727 3515 2790 atque
3539 2717 3736 2772 huma-

2147 2827 2342 2871 narum
2394 2814 2463 2870 ad
2487 2811 2659 2869 Deum
2719 2809 2835 2869 tolli
2859 2812 3084 2883 poterit,
3115 2812 3244 2878 nisi,
3292 2820 3558 2881 quantum
3614 2805 3734 2862 tieri

2143 2913 2343 2978 potest,
2395 2905 2542 2961 inter
2590 2919 2720 2960 eum
2777 2913 2833 2961 et
2875 2918 2976 2960 nos
3008 2909 3384 2975 congruenter
3413 2907 3729 2956 astruatur.

2143 2995 2272 3054 Haec
2316 3013 2446 3053 vero
2494 3011 2584 3054 res
2613 3004 2967 3067 comparatur
2990 2996 3105 3067 regi
3147 2995 3266 3064 qui,
3313 2993 3522 3049 divitiis
3557 2992 3737 3047 abun-

2145 3090 2282 3148 dans
2319 3098 2373 3144 et
2398 3090 2530 3144 luxu
2579 3088 2965 3158 resplendens,
3009 3094 3216 3142 vestem
3245 3085 3424 3141 induit
3470 3083 3729 3153 exiguam

2145 3183 2210 3238 ad
2245 3190 2457 3237 certum
2489 3179 2675 3236 tinem.
2709 3179 2818 3236 Sed
2850 3194 2951 3234 cur
3003 3192 3115 3233 non
3139 3177 3319 3233 dicam
3352 3176 3523 3232 Deum
3571 3174 3737 3229 etiam

2147 3277 2420 3347 pastorem
2478 3272 2627 3329 dici?
2693 3282 2748 3329 et
2814 3271 2960 3343 quod
3011 3271 3194 3341 parvis
3258 3269 3424 3325 rebus
3493 3269 3738 3323 animum

2149 3366 2502 3437 applicuerit,
2553 3367 2696 3422 sicut
2743 3364 2788 3421 is
2824 3365 2918 3434 qui
2977 3363 3031 3419 in
3081 3362 3404 3432 Evangelia,
3443 3361 3743 3430 nonaginta

2149 3471 2344 3516 novem
2415 3458 2613 3516 ovibus
2681 3457 2888 3514 relictis
2924 3495 2940 3522 ,
2997 3454 3156 3525 quasi
3226 3452 3589 3524 spiritualiter
3647 3465 3745 3505 eas

2150 3559 2423 3624 pasceret,
2484 3551 2551 3608 ad
2607 3565 2728 3606 eam
2782 3549 3156 3619 reperiendam
3186 3561 3309 3618 quae
3353 3545 3555 3600 amissa
3602 3550 3742 3607 erat,

2151 3659 2211 3701 se
2239 3644 2624 3712 accinxit3aut
2661 3644 2804 3699 sicut
2836 3642 3200 3708 architectus,
3227 3637 3532 3696 secundum
3577 3634 3742 3690 illud:

2157 3736 2269 3792 Nisi
2339 3737 2602 3792 Dominus
2655 3734 3008 3790 aediﬁcaverit
3071 3733 3339 3799 domum;
3394 3739 3455 3784 ut
3526 3727 3750 3783 doceret

2156 3829 2213 3884 in
2265 3830 2384 3884 solo
2423 3829 2601 3894 lirmo,
2643 3843 2821 3898 neque
2844 3841 2974 3883 vero
3015 3827 3075 3883 in
3132 3841 3326 3893 arena,
3362 3823 3748 3880 aedificandum

2155 3937 2302 3990 esse;
2336 3930 2431 3977 aut
2470 3929 2660 3977 custos
2710 3921 2862 3976 urbis
2902 3936 3025 3990 quae
3079 3921 3199 3976 sine
3243 3920 3363 3990 ipso
3388 3919 3528 3974 male
3562 3925 3754 3971 custo-

2157 4016 2393 4082 diretur;
2440 4022 2535 4069 aut
2579 4013 2787 4068 vinitor
2828 4020 2887 4066 ut
2929 4013 2984 4066 in
3018 4009 3296 4082 Scriptura
3321 4023 3477 4065 sacra
3497 4008 3751 4079 legimus;

2161 4117 2256 4164 aut
2324 4109 2468 4164 sicut
2529 4105 2964 4178 paterfamilias,
3037 4114 3096 4171 ut
3167 4103 3393 4158 ibidem.
3453 4100 3511 4156 Si
3568 4109 3754 4155 autem

2167 4216 2277 4258 non
2309 4214 2508 4271 reapse
2553 4201 2817 4271 piscator,
2867 4197 2964 4253 sed
3007 4195 3102 4267 qui
3134 4196 3315 4267 pisces
3365 4192 3632 4264 capiendo
3661 4189 3756 4245 de-

2161 4296 2398 4352 lectatur
2423 4302 2649 4363 propter
2675 4291 2972 4361 discipulos
3013 4289 3107 4359 qui
3137 4289 3298 4343 istam
3328 4296 3498 4342 artem
3534 4294 3759 4341 strenue

2165 4392 2575 4451 exercuerunt;
2611 4397 2713 4438 nec
2746 4382 2944 4436 mirum
2981 4381 3025 4436 si
3051 4381 3190 4435 alios
3216 4395 3414 4435 munus
3437 4378 3554 4448 ejus
3584 4377 3761 4430 hono-

2167 4494 2294 4536 rare
2326 4479 2538 4543 docuit,
2577 4477 2696 4532 sive
2729 4476 2838 4540 leo,
2867 4475 2984 4531 sive
3009 4474 3193 4544 aquila
3229 4473 3552 4543 appelletur,
3579 4485 3609 4522 e
3639 4468 3761 4538 qni-

471 4594 778 4661 οίκοδομείν
805 4608 819 4623 ·
861 4589 954 4644 καὶ
983 4587 1160 4659 φύλαξ
1194 4587 1250 4639 δέ
1283 4585 1515 4650 πόλεως,
1548 4582 1616 4653 ἢν
1646 4581 1812 4636 αὐτοῦ
1852 4583 1928 4650 μὴ
1960 4598 2056 4649 φυ-

2172 4572 2275 4628 bus
2310 4571 2402 4625 ille
2442 4569 2662 4640 quidem
2712 4567 2918 4622 animal
2967 4575 3228 4622 terrestre
3259 4563 3489 4618 rationis
3539 4575 3757 4628 expers,

473 4685 768 4747 λάσσοντος
792 4725 808 4750 ,
841 4683 921 4744 εἰς
956 4681 1136 4753 μάτην
1170 4677 1548 4748 ἀγρυπνοῦσιν
1602 4678 1652 4730 oi
1687 4674 1861 4744 αὐτῆς
1890 4673 2066 4743 φύλα-

478 4795 594 4843 κεςο
629 4779 727 4832 καὶ
757 4775 1143 4846 ἀμπελουργὸς
1182 4773 1261 4838 δέ,
1295 4772 1439 4825 κατὰ
1475 4770 1576 4840 τὴν
1609 4767 1696 4822 ἐπ’
1722 4767 1875 4837 αὐτῷ
1904 4767 2068 4835 ἁγίαν

482 4873 736 4942 θεωρίαν·
768 4866 1144 4937 εὐαγγελικῶς
1169 4865 1225 4917 δέ
1254 4865 1350 4918 καὶ
1372 4863 1782 4931 οἰκοδεσπότης.
1812 4863 1873 4916 Εί
1899 4863 1954 4915 δὲ
1991 4863 2067 4932 μὴ

477 4966 574 5018 καὶ
611 4963 797 5026 ἁλιεὺς
833 4962 1182 5031 αὐτόχρημα,
1212 4955 1331 5011 ἀλλ’
1352 4950 1448 5009 οὖν
1481 4953 1796 5023 φιλοαλιεὺς
1827 4953 1915 5006 διὰ
1939 4953 2068 5015 τοὺς

483 5057 735 5128 μαθητὰς
759 5056 810 5109 οἳ
841 5053 936 5124 τὴν
966 5053 1224 5121 τοιαύτην
1245 5049 1442 5119 τέχνην
1473 5044 1534 5102 εὖ
1562 5047 1707 5118 μάλα
1728 5045 2068 5117 ἡσκήσαντο·

488 5150 680 5204 καινὸν
702 5148 760 5201 δὲ
795 5147 950 5200 οὐδὲν
976 5142 1345 5215 φιλιώσασθαι
1367 5141 1529 5195 αὐτὸν
1561 5141 1674 5202 τοῖς
1702 5137 1825 5192 κατ’
1860 5137 1958 5192 ἀνθ
1969 5154 2074 5206 ρω-

483 5256 587 5292 πον
619 5239 681 5292 τὸ
715 5236 1063 5305 φιλοτίμημα
1111 5232 1222 5286 τῶν
1257 5231 1424 5284 αὐτοῦ
1452 5228 1678 5301 χειρῶν,
1723 5230 1771 5281 εί
1802 5228 1898 5281 καὶ
1931 5227 2071 5280 λέων

485 5331 582 5384 καὶ
623 5329 780 5392 ἀετὸς
808 5326 1039 5395 ἐκλήθη,
1072 5324 1135 5377 τὸ
1172 5321 1272 5392 μὲν
1305 5324 1369 5375 ἐκ
1427 5320 1538 5373 τῶν
1567 5319 1710 5374 κατά
1742 5319 1849 5388 γῆν
1882 5318 1943 5371 οὐ
1981 5317 2074 5371 λο-

485 5423 684 5490 γικῶν,
719 5421 782 5472 τὸ
829 5419 886 5471 δὲ
943 5420 1008 5470 ἐκ
1043 5415 1154 5469 τῶν
1209 5414 1411 5484 ἀερίων
1443 5411 1871 5481 δεξιωσάμενος.
1918 5410 1983 5463 Τί
2014 5409 2073 5462 δέ

491 5529 581 5582 μοι
611 5515 709 5567 καὶ
736 5510 932 5576 ταῦτα,
967 5509 1017 5561 εί
1049 5510 1146 5561 καὶ
1187 5504 1405 5572 σκώληξ
1437 5504 1587 5574 αὐτῴ
1627 5504 1708 5566 είς
1747 5501 1944 5572 κλῆσιν
1976 5501 2077 5553 οὐκ

489 5602 798 5674 ἀπηξίωται
825 5617 841 5670 ;
878 5599 1138 5670 γινώσκει
1181 5598 1236 5650 δέ
1269 5598 1297 5649 ὁ
1328 5597 1514 5661 αὐτὸς,
1549 5597 1647 5650 καί⁸
1674 5593 1836 5665 νηδὺν
1871 5591 2080 5663 Παρθέ-

2180 4669 2296 4721 haec
2349 4661 2722 4718 evolatillbus
2781 4672 2998 4729 sumpta
3041 4667 3181 4714 erat.
3231 4657 3371 4724 Quid
3432 4665 3638 4719 autem,
3715 4651 3763 4706 si

2172 4771 2252 4809 ver
2271 4768 2414 4807 mem
2451 4749 2754 4818 elegisset?
2787 4747 2903 4803 [ioc
2933 4759 3115 4804 autem
3171 4749 3291 4816 ipse
3369 4744 3522 4798 novit
3550 4759 3566 4809 ;
3637 4756 3762 4795 cum

2178 4849 2328 4902 enim
2369 4846 2423 4899 in
2493 4843 2685 4898 Matris
2735 4840 2978 4913 Virginis
3037 4849 3254 4894 uterum
3324 4838 3596 4902 intraret,
3639 4847 3765 4888 cunt

2173 4948 2330 5008 partu
2359 4937 2484 4991 inde
2503 4936 2755 4990 ederetur
2779 4941 2833 4988 et
2865 4933 2919 4987 in
2954 4931 3182 5002 praesepi
3215 4936 3602 4999 reponeretur,
3649 4925 3767 4979 haec

2173 5031 2359 5087 omnia
2383 5029 2682 5086 secundum
2707 5040 2926 5081 carnem
2971 5022 3217 5094 quidem,
3244 5021 3339 5077 sed
3375 5035 3534 5074 more
3578 5018 3767 5074 divino

2174 5132 2228 5178 et
2270 5123 2401 5177 fecit
2431 5129 2485 5176 et
2513 5120 2659 5175 tulit.
2697 5120 2765 5173 Et
2818 5117 2964 5171 sicut
3010 5125 3265 5170 naturam
3321 5113 3617 5166 humanam
3669 5126 3768 5179 pro

2175 5220 2388 5275 viribus
2415 5230 2479 5270 ac
2507 5213 2774 5285 dignitate
2807 5211 3044 5274 ornavit,
3100 5223 3168 5263 eo
3260 5221 3458 5274 nempe
3505 5205 3771 5273 temporis

2177 5315 2456 5366 momento
2512 5321 2620 5376 quo
2676 5303 3001 5359 incarnatus
3047 5309 3154 5363 est,
3207 5299 3288 5354 sic
3318 5296 3582 5350 humanis
3637 5310 3776 5362 quo-

2178 5417 2286 5474 que
2321 5398 2641 5455 nominibus
2677 5409 2742 5450 ac
2794 5394 3024 5449 vocibus
3059 5391 3366 5462 appellatus
3452 5396 3557 5443 est.
3622 5387 3774 5438 Adeo

2188 5497 2338 5549 enim
2393 5507 2492 5562 pro
2545 5489 2702 5546 nobis
2761 5485 3085 5542 humiliatus
3129 5493 3212 5542 est
3270 5484 3336 5538 ad
3393 5481 3624 5537 salutem
3672 5492 3774 5530 no-

2194 5602 2394 5657 stram,
2424 5598 2487 5643 ut
2518 5595 2646 5658 post
2689 5583 3125 5640 incarnationem
3189 5587 3475 5647 peccatum
3507 5583 3561 5628 et
3611 5572 3778 5624 male-

489 5710 582 5747 νου
613 5695 837 5765 Μητρὸς
887 5691 1115 5757 ὑποδὺς,
1165 5691 1262 5742 καὶ
1297 5688 1496 5760 βρέφος
1527 5686 1737 5740 ἐκεῖθεν
1768 5685 1954 5750 ἐκδὺς,
1985 5702 2056 5737 κα

2197 5681 2366 5737 dictio
2397 5677 2634 5733 audiret.

490 5789 550 5840 ἐν
597 5760 776 5857 φάτνη
808 5785 1133 5853 ἀνατεθεὶς,
1163 5783 1258 5838 καί⁸
1303 5781 1576 5837 ἀκόλουθα
1624 5783 1689 5852 τῇ
1721 5780 1865 5834 κατὰ
1901 5781 2083 5850 σάρκα
2122 5775 2305 5846 φύσει,
2355 5774 2424 5827 τὰ
2478 5772 2579 5843 μὲν
2611 5771 2844 5842 ποιήσας
2876 5765 3248 5857 θεοπρεπῶς,
3297 5763 3366 5817 τὰ
3395 5761 3465 5857 δὲ
3516 5760 3610 5857 καὶ
3672 5772 3780 5857 πα-

491 5849 625 5951 θὼν,
656 5849 872 5937 καὶ-’διά
902 5849 1129 5935 πάντων.
1150 5878 1250 5950 τὴν
1281 5876 1632 5950 ἀνθρωπείαν
1664 5849 1839 5946 ’φύσιν
1869 5876 2158 5946 κοσμήσας
2187 5909 2207 5939 ,
2238 5869 2429 5939 ὥσπερ
2477 5867 2538 5920 ἐν
2589 5863 2666 5936 τῷ
2739 5861 3067 5934 προσλαὸεῖν
3135 5856 3298 5912 αὐτὸν
3359 5854 3454 5908 τὸν
3523 5849 3779 5922 ἀναμάρ-
