4050 6436
378 372 486 435 563

1035 379 1466 440 EUSTATHII
1507 379 2281 445 THESSALONICENSIS
2322 385 2888 448 METROPOLlT/E

3536 386 3648 450 56$

386 501 548 556 τητον
605 485 895 557 ἄνθρσιιπον
921 527 936 552 ,
974 487 1118 542 οὕτω
1151 489 1246 544 xui.
1309 491 1366 543 ἐν
1423 490 1502 560 τῷ
1557 492 1955 558 καταδέξασθαι
1995 493 2171 560 λέξεις
2206 495 2402 552 ὁπόσαι
2436 497 2557 551 κατ’
2601 497 2927 570 ἄνθρωπον·
2964 499 3059 553 xui
3092 500 3150 564 ἐς
3221 500 3478 555 τοσοῦτον
3545 502 3645 554 ἐπὶ

374 584 621 652 σωτηρίᾳ
646 583 804 652 ἡμῶν
827 585 1318 654 τεταπεινωμένος,
1341 585 1410 639 δι’
1443 588 1508 657 ἢν
1541 589 1638 642 xui.
1662 588 1978 661 ἐσαρκώθη,
2013 589 2087 653 ώς
2123 593 2218 644 xui
2245 592 2522 662 ἁμαρτίαν
2559 595 2653 646 καὶ
2684 593 2934 664 κατάραν
2973 594 3336 665 ἐπικληθῆναι
3369 595 3565 666 ὄνομα.

442 675 533 728 48.
565 675 666 741 Qui
700 690 862 745 porro
893 693 958 732 ex
990 677 1110 734 istis
1138 681 1306 736 rebus
1348 695 1567 734 nomina
1596 681 1824 752 adeptus
1845 689 1950 752 est,

2129 682 2244 754 μη’.
2283 685 2359 738 Οὐ
2388 685 2572 739 τοίνυν
2603 687 2632 739 ὁ
2662 687 2927 746 τοιούτοις
2960 687 3237 756 ἐπικύψας
3268 688 3348 751 είς
3378 688 3646 757 ἀναδοχὴν

372 775 426 820 et
457 767 548 835 qui
585 774 862 834 postremo
895 769 1190 824 humanam
1231 781 1487 826 naturam
1545 777 1808 842 suscepit,
1843 782 1949 828 ter-

373 857 581 912 minum
625 867 939 916 terrestrem
965 877 1247 931 nunquam
1310 865 1573 930 abolebit,
1628 875 1816 921 utnec
1859 880 1950 920 co-

371 947 574 1016 gitandi
606 949 938 1016 facultatem,
971 961 1066 1008 aut
1117 955 1450 1011 activitatem
1503 971 1624 1026 quae
1650 955 1796 1012 felici
1850 956 1951 1011 ali-

369 1056 474 1109 qua
528 1044 838 1100 inventione
888 1045 1012 1100 vita:
1073 1048 1267 1101 tradita
1297 1056 1412 1115 est;
1453 1063 1574 1119 quas
1627 1049 1954 1120 aequalitatis

371 1133 738 1190 distributiva:
779 1136 827 1190 vi
863 1137 1127 1192 mortales
1153 1137 1440 1206 justiticat,
1489 1149 1543 1196 et
1602 1156 1723 1207 quae
1780 1141 1954 1197 cuivis

375 1222 580 1276 homini
641 1223 879 1296 benigno
951 1224 1292 1297 pacificoque
1343 1238 1591 1284 amanter
1637 1229 1957 1300 opitulatur.

377 1313 565 1368 Valeat
600 1324 779 1370 autem
813 1316 916 1373 iste
947 1319 1237 1382 terminus,
1286 1335 1398 1384 quo
1452 1319 1690 1391 Spiritus
1736 1331 1960 1377 sanctus

378 1419 485 1457 non
515 1419 613 1475 per
635 1407 1062 1464 ostentationem
1114 1425 1313 1470 nomen
1347 1427 1507 1467 suum
1551 1414 1712 1484 gerit,
1745 1413 1840 1469 sed
1868 1428 1960 1466 va-

379 1496 529 1567 poris
563 1510 616 1552 et
642 1497 775 1554 fumi
809 1502 1056 1574 symbolo
1107 1503 1427 1574 prophetico
1480 1514 1863 1576 nuncupatur;
1899 1514 1959 1561 ut

382 1587 532 1642 brevi
563 1588 765 1659 dicam,
792 1591 867 1646 mi
898 1590 1090 1658 frater,
1139 1593 1499 1664 cogitationes
1546 1605 1762 1651 nostras
1821 1597 1960 1653 irre-

377 1681 776 1750 prebensibiles
825 1684 916 1755 pio
967 1685 1151 1744 animo
1189 1687 1258 1741 ad
1295 1687 1461 1744 Deum
1503 1689 1825 1755 referamus,
1861 1689 1953 1760 qui

377 1773 491 1829 haec
543 1776 730 1831 omnia
778 1777 937 1834 nobis
964 1778 1223 1848 donavit,
1255 1789 1310 1835 et
1358 1781 1445 1839 cui
1485 1782 1589 1840 hoc
1636 1783 1798 1840 modo
1831 1799 1953 1839 mu-

377 1879 479 1919 nus
502 1865 687 1922 datum
737 1866 1044 1926 reddimus.

2056 776 2288 845 ὀνόμασι
2338 779 2435 830 καὶ
2481 778 2919 848 καταδεξάμενος
2959 779 3020 846 ἐξ
3055 779 3286 832 ἐκείνων
3326 779 3644 842 καλεῖσθαι,

2059 867 2216 932 τέλος
2270 868 2328 923 δέ
2367 871 2463 923 καὶ
2497 870 2660 922 αὐτὸν
2714 869 3126 940 άναλαὸὁμενος
3179 873 3270 926 τὸν
3327 871 3644 941 ἄνθρωπον,

2058 960 2407 1028 ἐξουθενώσει
2452 962 2543 1014 τὸν
2577 963 2766 1032 γήϊνον
2824 963 2950 1032 ὅρον
2977 979 2991 996 ·
3025 964 3224 1017 ταυτὸν
3256 963 3301 1017 δ’
3337 964 3514 1016 εἰπεῖν
3544 963 3648 1033 τὴν

2059 1053 2184 1107 κατ’
2217 1053 2383 1109 αὑτὸν
2424 1054 2637 1108 ἔννοιαν
2666 1056 2768 1126 ἥδη
2803 1055 2860 1109 δέ
2902 1073 3018 1119 πως
3050 1056 3146 1109 καὶ
3197 1056 3506 1126 ἐνέργειαν,
3541 1055 3649 1123 τὴν

2061 1145 2156 1198 καὶ
2186 1144 2254 1198 δι’
2287 1147 2560 1216 εὑρέσεως
2593 1147 2809 1216 ἀγαθῆς
2850 1147 3254 1218 παραδοθεῖσαν
3281 1147 3356 1217 τῷ
3385 1146 3506 1218 βίῳ,
3544 1147 3642 1198 καὶ

2063 1236 2461 1310 διανεμητικὴν
2497 1241 2767 1310 ἰσότητος,
2799 1241 2893 1293 xui
2927 1239 3247 1294 δικαιοῦσαν
3297 1239 3426 1302 τοὺς
3458 1239 3646 1309 βιωτι-

2063 1328 2213 1393 κοῦς,
2243 1329 2339 1382 καὶ
2393 1330 2469 1398 τῷ
2513 1329 2795 1400 δημοτικῷ
2828 1330 3199 1401 φιλανθρώπῳ
3233 1331 3328 1384 καὶ
3354 1331 3646 1400 είρηναίῳ,

2064 1419 2157 1473 xui.
2190 1421 2546 1491 ἀστασιάστῳ
2581 1423 3072 1492 συμπράττουσαν.
3108 1423 3304 1492 Χαίροι
3337 1423 3392 1476 δέ
3422 1423 3487 1475 ἂν
3519 1424 3651 1492 ὅρος

2062 1509 2303 1575 τοιοῦτος
2338 1512 2820 1582 ἐπονομαζόμενος
2865 1513 2926 1566 ού
2960 1513 3098 1583 πρὸς
3139 1512 3651 1583 μεγαλοπρέπειαν,

2063 1603 2208 1658 καθὰ
2245 1606 2344 1659 xui.
2391 1606 2452 1659 τὸ
2487 1607 2712 1677 Πνεῦμα
2752 1605 2814 1659 τὸ
2852 1607 3007 1674 ἅγιον
3029 1647 3045 1673 ,
3077 1605 3653 1678 συμϐολογραφούμε-

2059 1712 2150 1759 νος
2195 1697 2257 1749 οὐ
2301 1696 2442 1750 πάνυ
2479 1698 2788 1768 μεγαλείως
2839 1699 3024 1768 άτμίδι
3072 1699 3170 1752 xui.
3208 1699 3401 1768 καπνῷ
3430 1715 3651 1770 προφη-

2061 1787 2262 1854 τικῶς,
2301 1789 2790 1858 κεφαλαιώσασθαι
2819 1789 2876 1843 δέ
2909 1808 3000 1860 μοι
3029 1791 3121 1845 τὸν
3153 1791 3312 1860 λόγον
3342 1792 3439 1846 καὶ
3467 1793 3652 1863 ἀπαρ-

2056 1878 2210 1933 τίσαι
2253 1882 2394 1952 ταχὺ
2421 1920 2436 1946 ,
2475 1882 2525 1934 εί
2573 1882 2650 1951 μὴ
2694 1882 2831 1951 πᾶν,
2864 1877 2910 1938 ὧ
2955 1883 3154 1953 άδελφέ
3180 1924 3195 1949 ,
3225 1887 3406 1956 νόημα
3444 1887 3551 1939 τῶν
3588 1887 3650 1940 ἐν

373 1968 511 2035 ἡμῖν
545 1965 647 2018 οὐκ
693 1964 760 2020 ἄν
787 1966 956 2023 ποθεν
1002 1968 1236 2039 ἐχόντων
1267 1970 1502 2042 μέμψιν,
1540 1973 2023 2044 αἰχμαλωτίξομεν
2056 1975 2304 2041 εὐσεϐῶς
2360 1979 2442 2042 είς
2493 1978 2583 2034 τὸν
2626 1978 2780 2046 Θεὸν,
2833 1974 2896 2034 οῦ
3001 1979 3169 2052 δῶρον
3235 1984 3294 2034 ἐν
3355 1985 3488 2054 ἡμῖν
3552 1982 3653 2038 καὶ

377 2063 532 2128 αὐτὸ,
561 2064 660 2116 xui.
710 2066 887 2132 οὕτως
935 2067 1084 2133 ἄξιον
1124 2069 1277 2140 αὐτῷ
1309 2069 1698 2126 άντιδίδοσθαι.

444 2153 536 2209 49.
574 2156 693 2222 Quo
723 2158 832 2213 alio
879 2159 1046 2230 igitur
1108 2161 1262 2216 illum
1325 2163 1548 2218 nomine
1603 2163 1958 2233 appellemus,

2137 2159 2248 2232 μθ’.
2283 2161 2408 2225 Πῶς
2428 2159 2496 2215 ἂν
2516 2161 2724 2214 ἐκεῖνον
2750 2161 2850 2215 καὶ
2875 2159 3040 2214 πόθεν
3066 2159 3287 2216 ἄλλοθεν
3319 2160 3655 2230 ῆόνομάσω-

376 2256 472 2300 aut
501 2250 842 2318 excipiamus
891 2267 1383 2323 cognoscamusve,
1444 2263 1540 2309 aut
1572 2270 1680 2325 qua
1739 2259 1952 2312 ratione

375 2338 496 2394 aliis
546 2338 796 2398 docendo
827 2342 1105 2398 tradamus
1134 2343 1158 2397 ?
1187 2342 1329 2398 Num
1395 2331 1694 2400 secundum
1723 2359 1786 2400 ea
1835 2360 1958 2414 qua

378 2436 578 2493 Paulus
635 2439 688 2492 in
734 2438 936 2494 emtum
969 2437 1220 2495 sublatus
1248 2439 1508 2510 mysteria
1549 2438 1794 2494 didicit?
1845 2438 1959 2494 Hu-

378 2542 544 2584 mano
593 2531 784 2600 utique
838 2544 992 2584 more
1037 2545 1161 2600 quae
1219 2531 1436 2586 discere
1493 2529 1695 2585 licebat
1747 2529 1958 2586 didicit.

377 2621 554 2676 llomo
583 2633 764 2677 autem
796 2622 1098 2677 humanum
1133 2632 1344 2678 tantum
1394 2636 1706 2680 sermonem
1743 2621 1960 2690 capiet;

377 2714 545 2783 igitur
574 2729 662 2770 res
710 2721 998 2770 terrestres
1018 2713 1340 2769 coelestibus
1374 2713 1519 2768 haud
1555 2713 1785 2783 indignae
1813 2712 1966 2768 vide-

2065 2253 2234 2324 μεν,ἦ
2259 2252 2662 2324 δεξιωσώμεθα,
2693 2253 2726 2323 ἢ
2771 2253 3117 2324 γνωσόμεθα,
3150 2253 3182 2326 ἢ
3219 2253 3399 2317 ἄλλοις
3428 2256 3486 2316 ἐς
3506 2253 3658 2307 διδα-

2062 2344 2292 2397 σκαλίαν
2352 2344 2832 2414 παραδωσόμεθα;
2887 2341 2998 2415 ἆρά
3055 2363 3118 2414 γε
3171 2347 3263 2414 ἀφ’
3285 2340 3406 2401 ὧνὸ
3441 2344 3656 2407 Παῦλος

2065 2437 2248 2510 ἀρθεὶς
2271 2438 2383 2492 ἄνω
2410 2437 2505 2490 xui
2525 2437 2751 2506 μυηθεὶς
2779 2437 2948 2506 ἔμαθε
2975 2455 2991 2505 ;
3022 2440 3115 2492 καὶ
3136 2439 3240 2509 μὴν
3260 2440 3434 2491 έκεῖνο
3465 2437 3657 2507 μαθὼν

2065 2529 2141 2592 ώς
2175 2529 2293 2594 ἐξὸν
2327 2524 2396 2601 ἦν
2443 2529 2714 2600 ἀνθρώπῳ
2781 2528 2974 2597 μαθεῖν
3023 2529 3406 2601 ἐμεμαθήκει;
3440 2530 3567 2599 ἐξῆν
3595 2529 3656 2582 δέ

2067 2623 2285 2685 πάντως
2337 2619 2456 2676 κατ’
2505 2619 2793 2692 ἄνθρωπον
2815 2639 2828 2652 ·
2867 2621 3152 2692 ἅνθρωπος
3178 2623 3235 2676 δέ
3262 2623 3362 2677 οὐκ
3396 2623 3462 2676 ἂν
3493 2623 3658 2692 μάθοι

2073 2716 2148 2789 μὴ
2204 2716 2325 2788 οὐχὶ
2371 2717 2496 2770 κατ’
2518 2716 2869 2786 ἀνθρωπίνην
2898 2716 3194 2770 διάλεκτονο
3222 2716 3330 2786 ἄρα
3349 2716 3526 2769 τοίνυν
3555 2716 3662 2769 οὐκ

376 2807 604 2860 buntur.
640 2805 869 2874 Insuper
915 2806 1218 2861 secundum
1273 2819 1340 2860 ea
1370 2819 1492 2874 qua:
1548 2804 1718 2860 Paulo
1749 2804 1962 2861 coalitus

2070 2809 2381 2878 ἀπηξίωται
2437 2809 2562 2862 ούδέ
2616 2811 2732 2873 τοῖς
2789 2809 3067 2879 οὐρανίοις
3099 2811 3169 2861 τὰ
3203 2809 3368 2879 γήϊνα
3401 2808 3497 2861 καὶ
3531 2806 3662 2860 καθ’

379 2891 614 2944 revelata
670 2901 820 2956 sunt,
851 2887 1121 2947 Joannem.
1145 2889 1362 2958 psalten
1404 2887 1732 2957 inspiratam
1766 2887 1962 2943 Filium

2072 2904 2221 2972 ἡμᾶς
2265 2905 2506 2972 ῥήματαο
2555 2903 2692 2971 πρὸς
2726 2902 2940 2966 τούτοις
2983 2901 3060 2968 δέ,
3098 2905 3147 2956 εί
3182 2903 3286 2957 καὶ.
3314 2905 3379 2954 ἐκ
3403 2902 3510 2955 τῶν
3538 2901 3656 2954 ἄνω

378 2980 502 3047 Dei,
535 2996 641 3036 non
668 2982 962 3036 terminum
999 2991 1092 3036 aut
1121 2979 1361 3036 Verbum
1405 2982 1677 3050 appellare
1704 2982 1962 3052 oportuit,

2079 2993 2685 3061 μεμυσταγωγημένων
2718 2991 2795 3062 τῷ
2825 2992 3050 3062 Παύλῳ,
3087 2993 3255 3063 ἐχρῆν
3283 2991 3664 3062 ὲμπνευσθέν-

376 3072 475 3128 sed
543 3075 741 3129 melius
781 3073 986 3145 aliquid
1009 3091 1029 3140 ;_
1068 3072 1208 3129 forte
1247 3074 1392 3129 enim
1428 3073 1654 3136 verbum
1684 3089 1794 3129 non
1831 3088 1962 3129 con-

2076 3099 2146 3136 τα
2183 3082 2276 3136 τὸν
2330 3083 2560 3154 ίερῳδὸν
2619 3084 2875 3151 Ἰωάννην
2928 3084 3198 3154 ὀνομάσαι
3255 3084 3347 3136 τὸν
3397 3082 3530 3135 Υἱὸν
3563 3081 3662 3134 τοῦ

376 3159 588 3222 feretur
626 3165 846 3221 Christo
887 3164 1501 3235 supersubstantialiab
1545 3166 1613 3221 iis
1663 3165 1756 3234 qui
1787 3165 1962 3223 omnia

2075 3174 2214 3229 Θεοῦ
2257 3179 2333 3246 μὴ
2366 3178 2497 3245 ὅρον
2525 3177 2557 3247 ἢ
2589 3177 2769 3246 λόγον,
2805 3177 2944 3233 ἀλλά
2975 3195 3030 3232 τι
3056 3179 3304 3246 κρεῖττον
3332 3176 3482 3230 ἄλλο·
3517 3174 3665 3242 τάχα

389 3259 507 3312 ausi
549 3265 716 3327 sunt;
761 3273 865 3314 vox
907 3259 1054 3314 enim
1099 3257 1282 3314 subito
1329 3259 1384 3312 in
1420 3256 1836 3325 nihilumahit;
1878 3255 1962 3313 sed

2077 3265 2189 3338 γὰρ
2220 3267 2317 3320 καὶ
2364 3269 2392 3318 ὁ
2421 3266 2583 3335 λόγος
2633 3267 2692 3319 οὐ
2724 3265 3206 3337 παραδεχθήσεται
3238 3260 3549 3334 ᾠκειῶσθαι
3580 3258 3664 3339 τῷ

376 3364 478 3404 nec
503 3349 636 3419 ipse,
663 3365 762 3406 nec
792 3366 894 3407 nos
922 3350 989 3406 de
1019 3349 1369 3406 sermonibus
1420 3349 1744 3405 coelestibus
1767 3350 1962 3418 aliquid

2081 3358 2392 3430 ὑπερουσίῳ
2424 3358 2648 3430 Χριστῷ
2673 3364 2824 3428 παρὰ
2852 3359 2963 3412 τῶν
3001 3359 3071 3412 τὰ
3102 3357 3284 3411 πάντα
3311 3351 3662 3423 τολμώντων,

377 3442 698 3499 didicimus.
723 3442 843 3498 Non
869 3444 1015 3499 enim
1062 3443 1235 3498 Paulo
1264 3441 1620 3499 sanctissimo
1664 3441 1766 3496 ista
1797 3443 1962 3498 dicere

2081 3447 2171 3504 διὰ
2194 3448 2259 3502 τὸ
2281 3448 2376 3502 τοῦ
2415 3449 2753 3520 προφορικοῦ
2788 3448 3015 3520 ρευστὸν
3044 3449 3140 3502 xui.
3166 3445 3338 3510 οὕτως
3366 3443 3618 3499 άνούσιον
3645 3456 3660 3470 ·

383 3535 542 3593 licuit
567 3551 586 3602 ;
615 3550 786 3606 quare
813 3551 921 3595 non
959 3535 1277 3604 prolocutus
1303 3544 1406 3590 est.

2084 3541 2202 3594 ἀλλ’
2233 3542 2357 3594 οὔτε
2403 3543 2563 3605 αὐτὸς
2592 3541 2708 3595 οὗθ’
2740 3544 2902 3611 ἡμεῖς
2929 3542 3081 3596 οὐδὲν
3111 3540 3336 3596 ἐκείνων
3374 3535 3482 3592 τῶν
3516 3537 3664 3590 ἀνω-

377 3633 524 3692 τάτω
555 3631 817 3703 ῥημάτων
843 3630 1161 3700 ἐμάθομενο
1190 3628 1317 3690 οῦτε
1360 3629 1470 3699 γὰρ
1502 3625 1571 3702 ἦν
1621 3629 1779 3701 θέμις
1830 3631 1909 3700 τῷ
1951 3632 2242 3708 ἁγιωτάτῳ
2294 3637 2491 3708 Παύλῳ
2533 3640 2709 3692 εἰπεῖν
2751 3639 2956 3710 ἐκεῖνα,
3010 3636 3106 3691 xui.
3167 3633 3477 3695 ἀκολούθως
3538 3632 3664 3688 οὐδὲ

379 3722 553 3781 εἷπεν.

452 3821 547 3875 50.
570 3819 708 3890 Age.
731 3820 915 3883 sodes,
941 3829 997 3874 et
1026 3836 1127 3882 nos
1149 3833 1369 3890 quoque
1389 3819 1531 3876 sicut
1553 3834 1744 3875 omnes
1769 3831 1962 3876 caetera

2153 3828 2218 3877 v'.
2262 3823 2433 3890 Ἀφες
2475 3820 2589 3883 οῦν,
2627 3817 2671 3874 ὦ
2700 3813 2878 3886 οὗτος,
2927 3822 3026 3875 xui.
3056 3823 3205 3891 ἡμᾶς
3239 3821 3384 3874 καθὰ
3417 3824 3514 3876 καὶ
3548 3822 3665 3876 πᾶν

383 3920 575 3982 gentes
622 3912 808 3983 lingua
843 3915 1080 3967 humana
1131 3913 1446 3982 loquamur,
1485 3910 1962 3981 posteaspirituali

2079 3913 2209 3968 ἄλλο
2233 3912 2386 3975 ἔθνος
2414 3913 2595 3965 λαλεῖν
2619 3914 2679 3964 ἐκ
2713 3912 2824 3964 τῶν
2857 3913 2989 3982 παρ’
3019 3915 3154 3983 ἡμῖν
3183 3911 3500 3983 ἀνθρωπίνῃ
3523 3911 3662 3982 ὀρθῇ

384 4010 644 4064 idiomate
675 4023 762 4062 res
793 4008 1008 4062 divinas
1037 4007 1239 4062 dicturi
1270 4026 1283 4072 ;
1317 4008 1568 4062 virtutem
1594 4007 1738 4062 enim
1791 4015 1846 4060 et
1874 4008 1962 4060 bo-

2079 4005 2317 4077 γλώττῃ,
2350 4004 2558 4058 αὐτίκα
2591 4005 2648 4058 δὲ
2677 4006 2773 4059 xui.
2806 3989 3155 4078 πνευματικῇ
3189 4008 3257 4059 τὰ
3285 4006 3380 4060 τοῦ
3416 4005 3554 4060 Θεοῦ
3583 4006 3664 4071 ὡς

389 4116 520 4154 num
584 4099 870 4171 spirituale
925 4115 1078 4155 more
1133 4100 1321 4154 divino
1393 4099 1774 4154 enuntiamus.
1838 4101 1970 4168 Age,

390 4191 580 4259 Deum,
609 4201 667 4245 ut
683 4191 1343 4261 ipsicomprehendimus,
1364 4189 1799 4255 manifestemus,
1823 4205 1973 4246 nem-

389 4299 458 4354 pe
494 4299 560 4339 ex
581 4282 741 4339 nobis
776 4285 1135 4352 superiorem,
1171 4300 1236 4338 ex
1270 4283 1855 4354 comprehensibilibus
1887 4285 1975 4339 in-

392 4376 875 4445 comprehensum,
910 4390 939 4430 e
973 4377 1336 4432 terrestribus
1367 4377 1682 4442 cmlestem;
1714 4377 1807 4447 qui
1833 4377 1976 4432 inter

391 4483 482 4529 res
516 4468 807 4527 sensibiles
859 4469 1335 4535 immaterialisac
1396 4468 1978 4538 incomprehensibilis

394 4569 520 4624 est;
557 4561 650 4630 qui
708 4560 762 4614 in
816 4576 997 4614 rerum
1089 4559 1640 4627 cirum‘tscriptarum
1748 4576 1978 4617 numero

397 4650 600 4716 ubique
658 4647 838 4714 adest,
868 4650 1054 4703 omnia
1089 4649 1261 4719 replet
1291 4664 1306 4714 ;
1345 4647 1441 4717 qui
1483 4648 1624 4702 inter
1659 4664 1748 4705 res
1793 4651 1976 4704 visibi-

397 4741 476 4796 les
524 4750 577 4804 et
610 4741 869 4795 limitatas
921 4740 1214 4796 invisibilis
1267 4747 1320 4793 et
1361 4738 1676 4794 indelinitus
1697 4747 1800 4795 est.
1825 4741 1978 4808 Quod

2078 4097 2412 4167 ἐξισχύομεν
2443 4111 2459 4127 ·
2493 4096 2921 4166 ἐπιλεγομένους
2956 4098 3052 4168 τὴν
3103 4100 3162 4150 ἐν
3201 4098 3414 4163 λέξεσιν
3457 4098 3664 4168 ἀρετὴν

2079 4191 2175 4243 καὶ
2203 4189 2265 4243 τὸ
2304 4187 2428 4242 κατ’
2459 4187 2631 4251 αὐτὰς
2666 4188 2871 4257 ἀγαθὸν
2907 4189 3173 4258 ψυχικὸν,
3221 4190 3312 4241 καὶ
3361 4205 3668 4257 πνευματι-

2079 4283 2196 4349 κὸν,
2228 4282 2322 4334 καὶ
2355 4279 2501 4335 οὕτω
2560 4279 2864 4350 θεοπρεπὲς
2894 4297 2908 4313 ⁸
2957 4282 3092 4350 ἄφες
3143 4281 3524 4349 διασαφεῖσθαι
3569 4280 3666 4332 τὸν

2079 4376 2215 4429 Θεὸν
2248 4375 2338 4443 ὑφ’
2375 4373 2534 4445 ήμῶν
2570 4373 2644 4437 ὡς
2682 4373 3092 4444 παρελάᾶομεν,
3126 4374 3214 4427 τὸν
3245 4374 3387 4441 ὑπὲρ
3423 4375 3569 4442 ἡμᾶς
3599 4374 3664 4424 ἐκ

2080 4468 2191 4520 τῶν
2228 4467 2287 4520 ἐν
2319 4468 2454 4536 ἡμῖν
2491 4465 2616 4520 καθ’
2642 4468 2673 4535 ἡ
2685 4467 2818 4534 μᾶς,
2846 4467 2910 4518 ἐκ
2942 4466 3050 4518 τῶν
3080 4465 3368 4535 εύλήπτων
3400 4466 3491 4518 τὸν
3529 4467 3668 4517 ὰκαο

2083 4559 2384 4628 τάληπτον,
2424 4561 2485 4611 ἐκ
2512 4559 2621 4612 τῶν
2651 4560 2780 4629 περὶ
2819 4559 2926 4626 γῆν
2953 4558 3046 4612 τὸν
3071 4559 3418 4629 ἐπουράνιον,
3453 4559 3516 4611 ἐκ
3557 4556 3668 4610 τῶν

2084 4652 2363 4721 αἰσθητῶν
2409 4651 2507 4705 xui.
2558 4651 2783 4721 παχέων
2841 4651 2934 4704 τὸν
2975 4651 3116 4722 ὑπὲρ
3172 4653 3354 4704 πᾶσαν
3407 4651 3668 4720 αἴσθησιν

2085 4743 2183 4795 xui.
2212 4743 2399 4811 ἄῦλον,
2435 4743 2498 4794 ἐκ
2552 4741 2661 4794 τῶν
2699 4741 3095 4810 περιγραπτῶν
3125 4742 3276 4811 τόπῳ
3324 4742 3417 4794 τὸν
3462 4758 3670 4794 παντα-

399 4833 443 4886 si
498 4831 656 4886 nobis
697 4833 812 4886 haec
866 4832 1082 4896 tribuis,
1121 4832 1268 4886 illico
1313 4841 1472 4887 terrm
1543 4833 1810 4888 terminus
1865 4833 1962 4902 ips:

2087 4833 2184 4903 χοῦ
2221 4833 2470 4900 παρόντα
2511 4832 2608 4884 xui.
2660 4833 2724 4886 τὰ
2774 4835 2954 4886 πάντα
3007 4833 3321 4902 πληροῦντα
3350 4833 3447 4884 xui.
3477 4833 3672 4903 ἀπερί-

400 4924 467 4976 nd
505 4935 824 4995 praesentem
872 4928 1180 4981 ἀοι-ιτὶιιθιη
1219 4945 1323 4981 non
1376 4927 1587 4982 inutilis
1633 4929 1757 4993 erit,
1817 4943 1962 4983 sensi

2088 4943 2336 4994 γραπτον
2358 4964 2373 4989 ,
2406 4926 2503 4978 καὶ
2556 4927 2622 4977 ἐκ
2676 4924 2786 4977 τῶν
2843 4926 3058 4993 ὁρατῶν
3095 4926 3186 4976 καὶ
3221 4923 3552 4995 ὡρισμένων
3578 4924 3670 4975 τὸν

402 5020 646 5087 νεοίη-ιο,
701 5029 760 5074 ιιι
788 5020 1049 5084 diximus,
1102 5022 1401 5075 adhibitus.
1431 5021 1486 5074 Si
1548 5032 1731 5076 autem
1788 5023 1953 5076 secu’n

2088 5017 2319 5082 ἀόρατον
2357 5016 2454 5069 xui.
2505 5015 2933 5085 ἀπεριὸριστονο
2972 5015 3069 5066 καὶ
3104 5015 3262 5082 εἴπερ
3294 5012 3436 5066 οὕτω
3473 5011 3667 5073 δώσεις

401 5114 527 5161 dum
559 5109 961 5180 homouymiam
992 5110 1167 5165 tribus
1191 5111 1311 5165 aliis
1343 5112 1594 5168 terminis
1629 5111 1822 5181 logicis
1875 5113 1962 5166 ciri

2091 5108 2186 5160 καὶ
2214 5109 2449 5178 ἁρήσεις
2481 5110 2611 5176 ἡμῖν
2637 5149 2651 5172 ,
2687 5109 2883 5161 αὐτίκα
2933 5109 3028 5161 xui.
3073 5108 3102 5160 ὁ
3143 5108 3244 5176 τῆς
3278 5107 3378 5176 γῆς
3411 5107 3536 5176 ὄρος
3568 5107 3667 5158 ούκ

401 5199 753 5266 rumscribis,
777 5201 906 5256 hinc
931 5201 1020 5256 (iet
1045 5211 1104 5256 ut
1129 5201 1261 5271 ipsis
1280 5217 1495 5272 quoque
1516 5211 1687 5257 tutum
1711 5203 1912 5272 aliquid
1931 5221 1960 5259 e

2093 5198 2244 5252 ἔσται
2274 5202 2407 5268 ἡμῖν
2448 5200 2556 5254 οὐδ’
2592 5201 2754 5262 αὐτὸς
2807 5202 2863 5264 ἐς
2904 5201 3004 5269 τὴν
3037 5199 3406 5271 προκειμένην
3437 5197 3671 5267 θεωρίαν

405 5291 572 5345 fixum
618 5293 773 5355 inist,
807 5308 912 5347 non
956 5294 1259 5351 secundum
1289 5309 1530 5358 crassam
1565 5305 1620 5350 et
1647 5296 1962 5351 materialen

2093 5291 2414 5358 ἀσυντελὴς,
2442 5291 2968 5361 κυριολεκτούμενος
3005 5293 3102 5357 μὲν
3147 5292 3310 5352 αὐτὸς
3341 5291 3669 5358 κοινότερον,

404 5389 682 5441 naturam.
745 5382 1034 5438 Terminus
1063 5385 1204 5439 enim
1248 5401 1414 5455 super
1461 5396 1604 5440 terra
1652 5385 1793 5440 ﬁxus
1823 5386 1962 5438 alitel

2091 5380 2166 5442 ὡς
2195 5381 2538 5452 προερῤέθη,
2571 5380 3034 5450 ἐπιμεριζόμενος
3067 5378 3121 5432 δὲ
3169 5378 3549 5446 λογικωτέρως
3575 5375 3673 5428 καὶ

401 5473 505 5526 ειιιι
531 5482 674 5526 terra
707 5483 934 5542 apparet
983 5485 1036 5530 et
1061 5475 1311 5539 collibus,
1350 5477 1662 5542 arboribus,
1691 5475 1960 5532 fruticetis

2090 5474 2204 5535 τοῖς
2241 5472 2365 5526 καθ’
2409 5475 2734 5543 ὁμωνυμίαν
2765 5475 2946 5544 τρισὶν
2982 5474 3163 5535 ἄλλοις
3212 5473 3358 5540 ὅροις
3391 5471 3465 5530 ὡς
3497 5470 3672 5536 ἐγχω-

408 5564 605 5632 Spiuis,
647 5574 703 5620 et
744 5566 1020 5619 interdum
1057 5567 1426 5623 multiformis
1483 5569 1659 5638 surgit
1695 5576 1962 5638 et-oppor

2093 5566 2179 5635 ρεῖ
2228 5564 2316 5618 διὰ
2359 5565 2420 5618 τὸ
2452 5567 2546 5619 καὶ
2586 5569 2644 5618 ἐν
2684 5566 2868 5629 αὐτοῖς
2895 5564 3135 5634 ἀσφαλὲς
3168 5565 3265 5617 καὶ
3320 5560 3541 5632 στερεὸν
3576 5558 3673 5611 xui.

403 5667 537 5710 tuno
561 5657 683 5711 loco
706 5657 1060 5712 constitutus.
1082 5657 1235 5712 Multi
1263 5661 1407 5712 enim
1439 5659 1656 5714 termini
1689 5669 1744 5711 ut
1777 5658 1956 5728 lapide

2093 5657 2382 5726 σταθερόν·
2415 5658 2475 5710 οὐ
2509 5657 2616 5728 μὴν
2649 5658 2791 5711 κατὰ
2818 5659 2878 5709 τὸ
2907 5656 3166 5727 παχυλῶς
3191 5655 3286 5709 καὶ
3324 5650 3671 5724 σωματωδῶς

404 5748 670 5803 milliares
727 5749 998 5804 columnis
1052 5750 1236 5820 politis
1265 5762 1318 5804 et
1363 5751 1547 5806 abacis
1571 5751 1898 5806 marmoreis
1935 5769 1962 5805 c

2096 5751 2327 5820 ἑστηκὸς
2365 5750 2461 5802 xui.
2513 5748 2655 5802 οὕτω
2707 5749 2980 5818 βεϐηκὸςο
3039 5753 3067 5802 ὁ
3125 5748 3235 5817 γάρ
3290 5764 3371 5800 τοι
3412 5743 3541 5812 περ)⁴
3569 5742 3672 5811 γῆν

409 5837 776 5902 diversimode
819 5843 1098 5914 inscriptis
1149 5842 1454 5901 insistunt.
1509 5842 1612 5899 Sed
1641 5883 1656 5907 ,
1703 5844 1774 5897 mi
1819 5844 1954 5899 ft'alc

2099 5843 2348 5917 βεϐηκὼς
2396 5841 2520 5913 ὅρος
2579 5841 2754 5906 ἄλλως
2794 5843 2850 5898 ἐν
2887 5841 3162 5914 ὀρύγματι
3207 5839 3493 5907 θεωρεῖται
3526 5875 3547 5904 ι
3573 5834 3667 5889 καὶ
