4050 6450
400 354 502 417 565

1191 363 1274 424 lN
1323 315 1661 426 uruNUM
1691 361 2353 448 PENTECOSTALEM
2389 365 2856 428 DAMASCENI.

3572 361 3675 429 566

397 473 828 546 ὲπαναστήμασι
870 474 1160 546 γηλόφων,
1193 479 1290 534 καὶ
1315 479 1579 550 δένδροις,
1611 479 1924 552 ἢθάμνοις.
1957 480 1990 554 ἢ
2025 512 2036 555 Α

2121 489 2433 553 mportune,
2458 487 2807 553 requiescere
2863 493 2951 538 me
2990 479 3134 546 sine,
3184 493 3258 536 ne
3279 478 3460 535 denuo
3501 484 3552 533 te
3581 491 3678 532 ex-

396 565 692 631 ἀκάνθαις,
728 570 824 621 καὶ
861 569 1066 641 ἑτέρως
1094 570 1150 624 δὲ
1186 571 1490 636 πολυειδῶς
1533 573 1855 639 ἀνέσταται,
1891 575 1990 629 καὶ

2115 573 2281 640 :item,
2308 573 2402 644 qui
2436 573 2732 629 terminum
2763 572 2988 628 Christo
3044 569 3317 627 Salvatori
3391 569 3681 639 iniungere

395 655 573 723 οὕτως
626 660 952 731 ἐπιτηδείως
1011 662 1238 734 βέϐηκε.
1299 664 1499 720 Πολλοὶ
1549 665 1659 735 γὰρ
1691 665 1810 736 ὅροι
1843 665 1988 720 καθά

397 749 494 802 καὶ
550 750 834 821 μιλιασμοὶ
879 752 976 807 καὶ
1007 754 1179 817 λίθοις
1210 757 1727 828 παρασημειοῦνται
1753 757 1988 820 εἰκαίοις

396 842 752 912 ἀνεστηκόσι,
798 845 895 898 καὶ
929 846 1108 902 κίοσιν
1141 848 1201 903 εῦ
1250 849 1650 920 ἀπεξεσμένοις
1694 851 1789 904 καὶ
1825 850 1988 921 βεϐη-

399 933 555 987 κόσιν
607 935 696 990 ἐπ’
737 937 1052 1008 ἀσφαλοῦς,
1108 941 1203 998 καὶ¹
1261 941 1566 1013 πλατύτητι
1617 942 1866 997 ἀϐακίων
1919 944 1985 996 ὲκ

2098 679 2206 720 non
2237 666 2321 720 vis
2380 675 2436 720 et
2481 679 2792 721 sermonem
2838 664 3128 721 sublimem
3158 672 3214 719 et
3267 675 3521 719 severum
3556 671 3681 730 pro-

2097 757 2395 824 nuntiare;
2431 771 2462 814 e
2516 759 2718 828 quibus
2771 773 2916 814 unus
2953 767 3040 814 est
3079 757 3307 814 verbum
3338 753 3486 825 quod
3560 751 3680 822 ipse

2097 865 2256 906 suum
2285 849 2436 916 fecit,
2471 849 2607 907 alter
2637 849 2834 906 Filius.
2862 850 2993 918 Quae
3020 850 3244 906 nomina
3276 850 3341 903 ab
3367 846 3679 904 hominibus

2095 943 2149 998 in
2189 941 2282 998 Dei
2336 941 2535 998 Filium
2589 943 2785 998 collata
2812 944 2856 998 si
2901 953 2955 998 tu
2989 942 3316 1014 exprobras,
3359 954 3466 996 non
3497 939 3676 994 solum

403 1027 740 1098 μαρμάρων,
771 1023 854 1094 οἷς
899 1032 993 1085 καὶ
1024 1033 1336 1105 γράμματα
1380 1034 1782 1091 ὲντετύπωται.
1809 1034 1974 1102 Ἀλλ’,

399 1115 445 1174 ὦ
483 1121 687 1191 ἀδελφέ
741 1122 944 1194 ὀχληρὲ
971 1165 986 1190 ,
1035 1126 1173 1196 άφες
1216 1145 1284 1198 με
1334 1129 1612 1200 ήσυχάσαι
1644 1128 1738 1184 τοῦ
1771 1129 1987 1196 λοιποῦ,

405 1209 481 1285 μὴ
515 1215 612 1268 καὶ
636 1216 976 1287 ἀνακάμψας
1005 1221 1086 1282 εἰς
1117 1220 1281 1274 πλέον
1313 1222 1560 1292 ἐπιτρέψω
1602 1239 1684 1290 σε,
1722 1221 1986 1293 φαινόμε-

2115 1229 2290 1275 :outra
2320 1230 2371 1276 te
2401 1220 2723 1294 insurgent;
2758 1230 2812 1278 et
2836 1222 2916 1280 sic
2969 1221 3249 1278 terminus
3304 1218 3445 1275 ﬁxus
3499 1216 3681 1272 Patris

403 1323 496 1359 νον
534 1307 808 1372 ἀπαξιοῦν
847 1309 924 1380 μὴ
977 1310 1060 1365 ὅτι
1109 1328 1174 1380 γε
1206 1314 1301 1366 τὸν
1339 1314 1618 1385 βεϐηκότα
1662 1315 1788 1387 ὅρον
1819 1331 1990 1385 προσο

2115 1312 2276 1369 Filius
2316 1328 2345 1368 a
2417 1313 2661 1370 termino
2722 1323 2882 1371 terrae
2939 1314 3110 1370 inﬁxo
3152 1313 3420 1369 dicendus
3481 1308 3683 1365 erit.E

404 1400 704 1468 αρμόττειν
739 1399 818 1470 τῷ
854 1403 1071 1473 Σωτῆρι
1120 1405 1370 1477 Χριστῷ,
1402 1407 1540 1461 άλλά
1590 1407 1667 1478 μὴ
1699 1407 1796 1461 καὶ
1825 1405 1992 1477 ἄλλην

2115 1416 2250 1462 terra
2279 1407 2424 1463 enim
2453 1422 2543 1464 res
2573 1417 2628 1462 et
2653 1407 2874 1463 nomina
2911 1406 3148 1480 plurima
3207 1404 3540 1461 oﬂ‘eruntur.

406 1494 466 1559 ἐξ
515 1495 814 1568 ἀνθρώπου
869 1499 1019 1568 λέξιν
1049 1499 1186 1573 ὕψος
1234 1503 1472 1575 ἔχουσαν
1519 1505 1614 1559 καὶ
1652 1505 1996 1576 σεμνότηταο
2037 1498 2114 1559 ὧν
2164 1505 2261 1577 μία
2318 1507 2417 1577 μὲν
2469 1508 2498 1560 6
2550 1506 2747 1578 λόγος,
2778 1509 2837 1564 ὃν
2879 1509 3016 1581 ὑπὲρ
3081 1509 3206 1574 τοὺς
3261 1503 3455 1566 ἄλλους
3523 1499 3685 1559 αὐτὸς

406 1593 744 1664 ᾠκειώσατο,
774 1597 938 1668 ἑτέρα
969 1600 998 1652 ό
1027 1598 1178 1663 Υἱός·
1221 1599 1259 1655 ἃ
1299 1601 1365 1671 δὴ
1407 1601 1649 1672 ὀνόματα
1678 1603 1738 1668 ἐξ
1766 1602 2072 1672 ἀνθρώπων
2098 1605 2192 1657 ἐπὶ
2237 1603 2329 1658 τὸν
2353 1604 2482 1659 Υίδν
2509 1605 2603 1660 τοῦ
2671 1606 2809 1660 Θεοῦ
2877 1607 3192 1679 ὡρμημένα
3262 1607 3423 1677 εἴπερ
3480 1602 3686 1664 ἐθέλεις

411 1685 761 1756 μέμψασθαι,
797 1691 858 1744 ob
912 1692 1076 1763 μόνον
1116 1695 1355 1762 έξώλεσέ
1408 1713 1492 1749 σοι
1540 1699 1748 1767 φρένας
1779 1697 1940 1762 αὐτὸς
2000 1700 2030 1752 6
2068 1697 2225 1763 Θεὸς,
2299 1699 2438 1755 ἀλλά
2498 1683 2966 1774 καταγενήσονταί
3019 1723 3114 1759 σου
3173 1704 3271 1758 καὶ
3326 1703 3378 1757 οἱ
3435 1700 3688 1770 δαίμονες

407 1781 672 1843 τοιούτοις
704 1782 934 1854 ὀνόμασι
985 1786 1342 1856 σεμνύνοντες
1369 1787 1633 1847 δουλικῶς
1659 1787 1753 1842 τὸν
1790 1789 1944 1844 Θεόν’
1987 1791 2080 1844 καὶ
2105 1790 2251 1845 οῦτω
2291 1794 2392 1862 μὲν
2426 1793 2552 1865 ὅρος
2583 1793 2837 1865 βεϐηκὼς
2865 1796 2960 1850 τοῦ
2990 1797 3201 1867 11ατρδς
3222 1799 3250 1853 6
3283 1797 3413 1862 Υἱὸς
3460 1796 3521 1864 ἐξ
3558 1799 3686 1867 ὅρου

409 1871 506 1925 τοῦ
539 1893 604 1928 πε
617 1875 670 1946 pl
700 1876 805 1947 γῆν
840 1876 1141 1948 βεϐηκότος
1197 1879 1414 1949 λέγοιτο
1450 1881 1549 1936 άνο
1582 1881 1642 1949 ἐξ
1667 1873 1736 1954 ἧς
1763 1883 1866 1953 γῆς
1897 1882 1994 1937 καὶ
2027 1882 2164 1938 ἀλλα
2197 1885 2296 1939 οὐκ
2327 1884 2486 1955 ὀλίγα
2553 1886 2632 1958 τῷ
2715 1886 2834 1960 Θεῷ
2876 1887 3224 1944 ἀνατίθενται
3272 1889 3462 1961 ῶσπερ
3508 1891 3686 1960 πράγ-

2095 1034 2239 1090 Deus
2282 1041 2335 1091 te
2361 1035 2713 1113 dementavit,
2749 1037 2842 1092 sed
2889 1035 3163 1092 daemones
3186 1031 3540 1106 quoque,qui
3579 1030 3681 1086 sub

2098 1125 2206 1184 illis
2237 1127 2775 1184 denominationibus
2807 1126 2919 1183 Deo
2947 1127 3221 1185 serviliter
3251 1125 3486 1196 subjecti
3514 1131 3664 1189 sunt,

415 1985 582 2040 ματα,
604 1969 748 2023 οὕτω
781 1972 875 2024 καὶ
910 1970 1178 2042 ὀνόματα.

485 2073 590 2122 val.
635 2068 702 2120 'H
744 2067 803 2122 δὲ
853 2068 1280 2141 γαληνόμορφος
1339 2071 1559 2143 καρδία,
1621 2073 1690 2143 ἣν
1736 2073 1764 2126 6
1811 2071 2036 2143 Σωτὴρ]

2185 2073 2276 2132 51.
2308 2071 2418 2130 Cor
2442 2089 2702 2131 serenum
2739 2075 2886 2146 quod
2917 2076 3168 2132 Salvator
3199 2082 3377 2133 tentat
3406 2085 3463 2132 et
3491 2090 3693 2131 aerum-

413 2159 700 2230 εὐφραίνει
729 2163 1078 2232 τεταγμένην
1107 2163 1220 2216 εῐτε
1251 2165 1569 2234 πεφυκυῖαν
1588 2164 1766 2229 ἄλλως
1796 2167 1856 2221 έν
1887 2166 2003 2230 τοῖς

413 2254 610 2318 δεινοῖς
638 2254 1035 2326 ταράσσεσθαι,
1083 2255 1392 2310 κάντεῦθεν
1445 2256 1521 2329 μὴ
1571 2258 1846 2328 γαληνῶν,
1903 2259 2005 2314 οὐκ

415 2345 573 2400 ἐστιν
604 2345 769 2402 άλλου
820 2346 966 2412 τινὸς
1007 2348 1042 2419 ἢ
1076 2348 1173 2402 τοῦ
1229 2349 1520 2420 θεοφιλοῦς
1574 2349 1892 2422 ἀνθρώπων
1945 2350 2006 2417 ὅς

415 2439 848 2511 εὐφραινόμενος
872 2439 974 2511 τὴν
1008 2440 1269 2513 καρδίαν,
1299 2441 1476 2510 γλυκὺ
1507 2441 1671 2506 θάλος
1701 2443 2003 2513 προσώπου

416 2536 560 2590 κατὰ
591 2537 685 2590 τὸν
738 2537 1156 2608 παροιμιαστήν
1208 2538 1619 2609 προϐέϐληται·
1676 2541 1898 2604 πάντως
1949 2541 2008 2596 δὲ

415 2628 629 2700 γαλήνη
662 2628 900 2700 καρδίας
947 2630 1245 2701 ἀπαλλαγὴ
1301 2631 1500 2686 πασῶν
1550 2632 1852 2702 φροντίδων
1910 2633 2008 2687 καὶ

420 2721 711 2792 μεριμνῶν
746 2722 983 2776 ἀλλοίων
1015 2739 1076 2776 τε
1118 2724 1215 2778 καὶ
1245 2725 1453 2790 ὁπόσας
1479 2725 1539 2790 ἐξ
1581 2723 1863 2797 ὲπηρειῶν
1899 2725 2010 2780 τῶν

417 2814 748 2884 ὁθενδήποτε
808 2813 1098 2884 πάσχομεν
1147 2815 1450 2886 ἀνθρωποιο
1503 2814 1560 2883 ἐξ
1609 2811 1685 2871 ὧν
1731 2814 2009 2886 κορυφοῦ-

423 2923 565 2977 μενα
597 2905 825 2977 κύματα
857 2906 916 2960 ὲν
949 2907 1084 2977 ἡμῖν
1115 2907 1212 2962 καὶ
1259 2909 1609 2977 ταράσσοντα
1639 2907 1785 2961 κατὰ
1823 2907 1910 2970 τὸ,
1947 2907 2014 2959 Τί

419 2999 827 3070 τεταραγμένοι
883 2999 1009 3052 ἐστὲ
1051 2997 1427 3071 διαλογισμῶν
1461 2999 1749 3067 ἀναϐάσει,
1785 2999 1886 3053 ὅσα
1917 2999 2013 3052 καὶ

421 3091 684 3161 κυμάτων
732 3089 1040 3156 ἀνατάσει,
1093 3093 1598 3163 καταστορέννυται
1641 3092 1724 3154 είς
1777 3093 2014 3162 πραεῖαν

422 3181 693 3251 γαλήνην,
723 3175 863 3236 Θεοῦ
908 3182 1228 3246 κελεύοντος
1280 3183 1377 3236 καὶ
1421 3182 1594 3248 οῦτως
1626 3183 2014 3254 εὐφραίνοντος

422 3274 482 3327 ὲν
507 3272 585 3343 τῷ
614 3273 756 3344 ὑπὲρ
783 3272 942 3344 ήμῶν
978 3274 1276 3344 μεριμνᾷν.
1315 3272 1492 3344 Δῆλον
1517 3273 1576 3327 δὲ
1608 3272 1686 3338 ὡς
1717 3274 1778 3328 ob
1819 3273 2016 3344 ψευδο-

423 3365 667 3437 γαλήνην
709 3365 946 3420 ἐνταῦθα
992 3366 1146 3436 δηλοῖ
1174 3369 1209 3439 ή
1245 3367 1696 3438 γαληνόμορφος,
1747 3369 1885 3424 καθὸ
1921 3369 2016 3439 δη·-

424 3423 566 3530 λαδή
603 3423 968 3530 μορφάζουσα
1004 3423 1391 3531 ἠρεμίάνρὺκ.
1419 3423 1550 3514 ιᾶτί
1583 3423 1865 3531 γαλήνιος,
1899 3423 2010 3518 ἀλλ’
2040 3423 2091 3484 c

427 3550 502 3613 ὡς
535 3549 682 3605 οὕτω
730 3551 902 3622 φάναι
955 3551 1357 3623 γαληνοειδὴς·
1393 3551 1514 3606 ἀλλ’
1546 3553 1735 3623 ἐπειδὴ
1779 3552 2017 3621 μάλιστα

426 3643 537 3696 τῶν
576 3643 756 3698 ἀλλων
797 3644 982 3716 μερῶν
1033 3644 1131 3698 τοῦ
1165 3643 1420 3715 σώματος
1450 3646 1484 3716 ή
1520 3644 1644 3698 κατ’
1669 3643 1793 3715 ὄψιν
1830 3644 2018 3716 μορφὴ

430 3735 704 3792 θάλλουσα
749 3739 1103 3810 καταμηνύει
1154 3738 1368 3810 χαίρειν
1419 3737 1512 3791 τὸν
1566 3737 1879 3807 ἄνθρωπον,
1920 3738 2018 3790 καὶ

430 3830 611 3901 ψυχῆς
640 3830 944 3904 χαιρούσης
979 3830 1246 3902 ἔνοπτρω
1272 3829 1334 3883 τὸ
1361 3829 1639 3900 γαληνιῶν
1679 3831 1979 3902 πρόσωπον
1999 3870 2014 3894 ,

429 3920 519 3974 διὰ
564 3920 724 3979 τοῦτο
775 3920 1203 3992 γαληνόμορφον
1265 3919 1369 3992 ἔφη
1420 3920 1523 3990 τὴν
1581 3920 1837 3990 καρδίαν,
1874 3914 1943 3992 ἧς
1985 3921 2018 3990 ὴ

434 4012 581 4085 χαρά
633 4013 730 4068 τοῦ
787 4013 1090 4086 προσώπου
1138 4013 1417 4084 ὲξανίσχει
1472 4013 1812 4083 λάμπουσα,
1845 4013 2022 4082 χυμὸν

434 4107 892 4179 προϐαλλομένης
927 4107 1106 4177 φίλιον
1160 4107 1257 4161 καὶ
1311 4106 1772 4178 παραφαινούσης
1823 4104 2024 4177 ἑαυτὴν

437 4203 514 4265 ὼς
551 4203 633 4265 εἰς
661 4200 859 4265 κάλλος
888 4200 1126 4271 πρωῖνδν
1164 4198 1558 4270 ῥοδοδάκτυλον
1580 4215 1595 4231 ·
1632 4199 1728 4252 καὶ
1764 4197 1941 4260 ἄλλως
1967 4197 2026 4251 δὲ

431 4295 533 4365 τῆς
587 4295 805 4367 μορφῆς
876 4297 959 4359 εἰς
1019 4295 1188 4364 φύσιν
1263 4291 1836 4363 μεταλαμϐανομένης
1907 4291 2021 4352 τοῖς

433 4387 763 4456 ἁγιωτάτοις
817 4386 1122 4457 Πατράσινο
1190 4388 1366 4439 εἰπεῖν
1420 4384 1477 4438 δὲ
1529 4383 1654 4437 κατ’
1703 4384 1901 4446 αὐτοὺς
1945 4383 2024 4446 είς

433 4483 534 4552 τὴν
561 4481 829 4552 ἀλήθειαν
862 4481 950 4552 εἴη
1001 4482 1068 4536 ἂν
1101 4481 1302 4551 καρδία
1333 4479 1761 4551 γαληνόμορφος
1793 4480 1825 4549 ή
1863 4478 2026 4549 φύσει

435 4575 530 4628 καὶ
578 4574 800 4645 ἀληθῶς
835 4575 1161 4644 γαληνιῶσα
1200 4573 1294 4628 διὰ
1342 4573 1402 4625 τὸ
1436 4575 1516 4636 είς
1564 4573 1729 4627 αὐτὸν
1777 4572 1869 4625 τὸν
1894 4572 2026 4626 Θεὸν

435 4666 790 4737 εὖφροσύνως
827 4666 1279 4738 ἐλλιμενίσασθαι
1302 4681 1317 4698 ο
1351 4660 1412 4719 οῦ
1449 4666 1481 4735 ἡ
1521 4665 1645 4718 κατ’
1681 4664 2028 4736 εὐφροσύνην

2107 2168 2192 2224 nis
2255 2167 2448 2239 objicit
2499 2168 2573 2223 ita
2627 2175 2689 2225 ut
2723 2169 2777 2224 in
2815 2169 3240 2239 trepidationem
3294 2168 3476 2235 abeat,
3518 2183 3692 2239 penes

2106 2261 2258 2332 pium
2289 2269 2504 2317 tantum
2535 2261 2860 2331 invenitur;
2895 2262 2984 2318 hic
3031 2265 3179 2318 enim
3233 2262 3517 2319 letiﬁcans
3573 2261 3695 2316 ani-

2107 2367 2282 2420 mum,
2342 2353 2647 2410 secundum
2717 2354 3114 2424 Ecclesiasten,
3161 2353 3373 2410 vultum
3439 2367 3692 2410 serenum

2109 2453 2402 2504 monstrat.
2441 2445 2604 2506 Certe
2638 2447 2914 2506 serenitas
2969 2447 3154 2504 cordis
3206 2460 3468 2502 curarum
3503 2451 3555 2501 et
3587 2443 3698 2500 solo

2108 2532 2460 2590 licitudinum
2494 2535 2801 2592 absentiam
2856 2535 3063 2606 quibus
3115 2537 3378 2593 mortales
3425 2544 3698 2594 vetantur

2111 2635 2402 2684 monstrat.
2435 2625 2608 2683 Undae
2634 2627 2779 2685 enim
2808 2643 2932 2700 quae
2956 2627 3121 2685 corda
3154 2638 3338 2686 vestra
3371 2627 3700 2699 perturbant

2112 2730 2164 2776 et
2193 2728 2428 2777 mentem
2469 2721 2739 2792 trepidam
2773 2720 3006 2787 faciunt,
3043 2728 3168 2793 post
3218 2729 3599 2792 tempestatem
3632 2721 3696 2774 ad

2113 2813 2563 2883 tranquillitatem
2594 2813 2866 2883 redeunt;
2910 2812 3053 2870 Deus
3096 2814 3240 2870 enim
3266 2814 3423 2883 jubet
3452 2823 3507 2869 et
3537 2827 3700 2869 curas

2114 2915 2330 2962 vestras
2369 2919 2435 2962 ex
2481 2904 2684 2961 animis
2735 2905 2936 2962 vestris
2967 2904 3151 2976 eripit.
3215 2903 3562 2959 Manifestum
3620 2911 3704 2956 est

2116 3003 2299 3054 autem
2331 2997 2478 3067 quod
2517 2995 2892 3066 tranquillitas
2928 3011 3037 3052 non
3077 2995 3498 3068 tranquillitatis
3527 2995 3699 3050 simn-

2115 3089 2326 3146 lacrum
2359 3089 2585 3146 exhibet
2613 3107 2630 3158 ;
2671 3089 2854 3145 dill‘ert
2884 3089 3028 3145 enim
3056 3089 3200 3144 inter
3229 3089 3470 3159 speciem
3501 3093 3556 3143 et
3581 3100 3703 3141 rea-

2118 3183 2349 3238 litatem.
2369 3181 2844 3250 Quemadmodum
2865 3181 3009 3236 enim
3038 3181 3185 3236 inter
3229 3188 3425 3236 caztera
3449 3176 3702 3248 corporis

2119 3276 2362 3332 membra
2390 3274 2574 3329 vultus
2609 3289 2838 3332 serenus
2882 3275 3123 3330 hominis
3151 3273 3394 3330 laetitiam
3433 3270 3696 3332 ostendit,

2119 3375 2175 3422 et
2199 3364 2656 3437 quemadmodum
2689 3363 2862 3420 facies
2901 3365 3215 3422 serenitatis
3250 3363 3541 3434 speculum
3593 3371 3701 3423 est,

2119 3459 2199 3514 sic
2229 3473 2326 3513 cor
2359 3458 2496 3513 dixit
2525 3473 2780 3513 serenum
2813 3457 2966 3528 cujus
3019 3456 3276 3527 gaudium
3311 3455 3364 3510 in
3399 3455 3551 3510 vultu
3617 3470 3706 3509 re-

2120 3553 2405 3623 splendet;
2443 3567 2636 3608 roseus
2679 3551 2828 3608 enim
2871 3553 2918 3606 ei
2946 3551 3096 3606 color
3139 3550 3379 3616 insidet;
3414 3564 3536 3618 qua:
3582 3547 3708 3617 qui-

2124 3649 2249 3700 dem
2286 3653 2604 3701 sanctorum
2650 3659 2870 3714 quoque
2916 3643 3136 3697 Patrum
3198 3641 3385 3713 opinio
3425 3641 3546 3705 fuit,
3576 3657 3710 3709 quu-

2123 3751 2247 3790 rum
2285 3734 2567 3790 veracitati
2604 3749 2712 3788 non
2737 3735 2956 3790 resistet
2982 3735 3076 3803 qui
3106 3748 3202 3790 cor
3234 3748 3490 3789 serenum
3520 3730 3709 3792 habet,

2124 3838 2182 3884 et
2213 3828 2358 3898 quod
2414 3829 2468 3884 in
2518 3828 2628 3883 Deo
2687 3837 2744 3882 ut
2779 3835 2899 3882 tuto
2939 3835 3100 3897 portu
3160 3826 3429 3896 refugium
3492 3825 3713 3894 quaerit.

2120 3924 2195 3978 Ea
2230 3924 2375 3980 enim
2401 3939 2528 3980 vera
2557 3924 2829 3980 serenitas
2864 3937 2974 3977 non
3025 3922 3329 3992 interrupta
3362 3928 3561 3975 eterna
3587 3920 3712 3974 erit.

2121 4017 2233 4072 Cor
2262 4017 2408 4071 enim
2436 4015 2616 4071 laetum
2649 4030 2758 4070 non
2791 4030 2930 4087 opus
2979 4015 3142 4071 habet
3188 4024 3247 4070 ut
3278 4014 3459 4069 laetum
3485 4013 3716 4074 sistatur

2123 4122 2179 4166 et
2210 4108 2602 4165 inﬂammetur.
2642 4107 2788 4165 Vera
2817 4110 2962 4165 enim
3021 4107 3396 4179 tranquillitas
3421 4122 3451 4162 e
3480 4106 3717 4160 termino

2124 4203 2344 4259 Christo
2379 4211 2434 4258 et
2473 4202 2714 4274 genuino
2750 4201 2929 4260 Verbo
2968 4201 3146 4273 prodit
3175 4201 3321 4270 quod
3385 4200 3467 4255 vel
3511 4210 3719 4268 tempe-

2137 4296 2266 4354 stati
2324 4297 2563 4366 imperat
2606 4306 2660 4352 et
2689 4296 2864 4352 undas
2919 4296 3142 4366 subigit.
3204 4293 3498 4350 Terminus
3554 4293 3721 4364 igitur

2135 4390 2300 4457 ﬁxus,
2336 4389 2562 4446 verbum
2595 4397 2773 4444 tutum
2799 4387 2954 4444 cordi
2989 4385 3440 4465 tranquillitatem
3463 4383 3717 4453 largitur.

2135 4479 2270 4536 Illud
2305 4481 2454 4537 enim
2504 4479 2859 4536 serenitatem
2897 4479 3124 4546 stabilit,
3154 4487 3208 4535 et
3233 4479 3312 4534 sic
3335 4492 3529 4533 omnes
3560 4476 3722 4532 undae

2139 4573 2456 4628 immobiles
2513 4572 2862 4639 redduntur;
2902 4571 3051 4628 venti
3108 4570 3254 4627 enim
3316 4583 3382 4624 ae
3445 4583 3596 4624 mare
3627 4568 3723 4622 Dei

2135 4665 2385 4735 iubentis
2418 4665 2566 4719 dicto
2617 4663 2902 4719 obediunt.
3206 4660 3216 4670 ”

436 4759 745 4831 γαληνότης
805 4761 1224 4824 ἀκατάκλυστος
1282 4759 1381 4814 καὶ
1455 4759 1678 4830 ἀδιεχής
1750 4760 1826 4821 ὡς
1888 4759 2031 4828 ὑπὲρ
2071 4762 2256 4814 πᾶσαν
2303 4757 2596 4828 συνέχειαν
2628 4756 2719 4810 διά
2761 4773 2822 4809 τε
2857 4759 2954 4812 καὶ
2986 4755 3206 4810 αἰώνιον
3265 4754 3434 4821 αὐτῆς
3469 4754 3562 4807 καὶ
3630 4751 3728 4805 οῦ-

435 4875 545 4921 τως
575 4857 1050 4911 ἀκατάπαυστον·
1091 4853 1168 4918 ὡς
1214 4850 1359 4909 εἶναι
1411 4853 1836 4924 γαληνόμορφον
1884 4854 2116 4925 καρδίαν
2147 4854 2208 4908 ob
2231 4852 2332 4923 τὴν
2366 4850 2800 4923 μορφαξομένην
2871 4849 2947 4912 ὡς
3004 4849 3087 4912 είς
3151 4849 3414 4919 γαλήνην,
3490 4846 3635 4901 κατὰ
3667 4836 3729 4896 τί)

438 4950 500 5003 ὲν
527 4951 639 5013 τοῖς
693 4949 826 5019 ἑξῆς
856 4946 1312 5021 πυρσομορφοῦν,
1348 4945 1488 5001 ἀλλά
1541 4945 1644 5016 τὴν
1679 4945 1898 5016 ἀληθῶς
1938 4947 2244 5017 εὐγάληνον
2309 4945 2400 4999 διὰ
2449 4944 2512 4998 τὸ
2581 4945 2706 4998 κατ’
2742 4943 2915 5015 αὐτὴν
2959 4941 3206 5013 βέϐαιον,
3273 4942 3410 5011 ὅπερ
3451 4939 3576 5010 ἔσχε
3639 4937 3732 4991 διὰ

436 5042 534 5097 τοῦ
569 5043 866 5115 βεϐηκότος
898 5042 1029 5113 ὅρου
1061 5039 1306 5112 Χριστοῦ
1353 5037 1449 5093 τοῦ
1485 5038 1582 5092 καὶ
1615 5039 2026 5108 ἀτρεκεστάτου
2066 5039 2252 5107 λόγου,
2288 5037 2386 5092 τοῦ
2439 5036 2537 5091 καὶ
2579 5035 2969 5099 ἐπιτάσσοντος
3031 5036 3096 5105 τῇ
3175 5033 3456 5100 καταιγίδι
3537 5031 3733 5100 στῆναι

439 5138 520 5200 είς
551 5133 749 5206 αὖραν,
784 5138 882 5190 καὶ
905 5133 1300 5198 ταπεινοῦντος
1324 5134 1392 5188 τὰ
1420 5132 1649 5202 κύματα
1673 5150 1687 5166 ο
1713 5131 1858 5186 ὥστε
1902 5132 2102 5203 συνοχὴ
2138 5134 2234 5202 τῆς
2303 5130 2460 5186 κατά-
2513 5129 2941 5202 γαληνόμορφον
2978 5126 3210 5198 καρδίαν
3260 5125 3492 5190 ἑννοίας,
3565 5128 3594 5178 6
3660 5129 3736 5177 εἰ·

445 5234 681 5306 ρημένος
707 5232 961 5305 βεϐηκὼς
990 5234 1138 5303 ὅρος,
1165 5233 1193 5286 6
1225 5231 1468 5302 ἀτρεκὴς
1501 5233 1682 5302 λόγος,
1717 5233 1746 5285 6
1780 5231 1878 5286 καὶ
1909 5231 2178 5297 ἐπιτάξας
2207 5230 2349 5303 πρὸς
2374 5229 2636 5301 ἀλήθειαν
2695 5227 2794 5283 καὶ
2848 5226 3054 5282 αὐτίκα
3124 5225 3357 5295 ποιήσας
3433 5222 3737 5294 βεϐηκυῖαν

443 5323 688 5396 γαλήνην
719 5323 901 5379 είτουν
932 5323 1230 5395 σταθερὰν,
1266 5323 1335 5379 δι’
1375 5318 1439 5380 οῦ
1469 5322 1864 5397 ἀτρεμίζονται
1896 5325 2130 5378 παντοῖα
2184 5323 2445 5391 κύματα,
2487 5322 2564 5386 ώς
2609 5321 2847 5377 καὶτῶν
2915 5320 3136 5390 ἀνέμων
3202 5318 3300 5372 καὶ
3363 5316 3468 5388 τῆς
3540 5315 3740 5371 θαλάσ-

447 5436 550 5487 σης
580 5421 802 5483 ὁποίους
851 5421 920 5474 ἂν
975 5421 1072 5474 καὶ
1123 5420 1324 5483 αὐτοὺς
1371 5421 1468 5474 καὶ
1499 5420 1719 5491 ἐκείνην
1749 5418 2038 5473 ὲκλάϐοιτό
2061 5410 2597 5489 τις,”ὑπακουόντων
2625 5419 2833 5475 αὐτῶν.

517 5513 618 5582 νβ’.
654 5513 729 5567 Τδ
778 5513 836 5567 δὲ
874 5515 1089 5567 ἐκτελεῖ
1137 5515 1238 5585 οὐχ
1286 5513 1475 5577 ἁπλῶς
1532 5517 1711 5570 κεῖται
1771 5515 1894 5568 ἀντὶ⁵
1945 5513 2036 5568 τοῦ

2115 5533 2122 5567 ι
2220 5515 2310 5571 52.
2346 5512 2483 5571 Illud
2514 5515 2726 5571 ὲκτελεῖ
2756 5529 2922 5586 porro
2957 5530 3057 5586 pro
3092 5516 3242 5569 ποιεῖ
3275 5513 3530 5584 legitur;
3553 5518 3740 5580 poeta-

449 5608 616 5672 ποιεί,
651 5607 774 5662 ὅθεν
803 5606 988 5661 λαϐών
1018 5625 1104 5671 τις
1162 5606 1602 5678 ποιητικώτερον
1659 5603 1815 5660 εἶπεν
1863 5607 1930 5660 ἂν
1978 5606 2036 5660 ab

2153 5624 2276 5667 rum
2327 5608 2472 5664 enim
2518 5623 2669 5664 more
2717 5623 2880 5664 sensa
2933 5609 3248 5679 exprimere
3297 5608 3487 5662 volens
3541 5603 3740 5657 melius

454 5701 622 5764 ποιεῖ,
650 5699 684 5770 ἢ
721 5701 818 5753 καὶ
864 5699 1044 5762 ἄλλως
1073 5700 1247 5754 obsto!
1272 5699 1306 5770 ἢ
1334 5699 1496 5771 ἀρτοϊ
1520 5715 1534 5730 ·
1569 5700 1709 5754 ἀλλὰ
1758 5699 1922 5769 δῆλον
1957 5701 2036 5755 ὅτι

2152 5704 2332 5759 eborei
2368 5714 2464 5758 aut
2495 5705 2654 5775 ἀρτοῐ
2691 5703 2950 5762 dixisset.
2984 5701 3090 5758 Sed
3120 5703 3241 5758 sine
3293 5701 3462 5757 dubio
3497 5710 3594 5752 cor
3653 5703 3740 5748 εοτ

453 5791 602 5845 ποιεῖ
657 5790 762 5861 μὲν
808 5790 1042 5860 καρδίαν
1071 5790 1514 5861 γαληνόμορφον,
1552 5791 1693 5860 πλὴν
1731 5791 1832 5844 οὐκ
1863 5791 2036 5856 ἄλλως

2153 5811 2345 5852 renum
2379 5796 2576 5861 reddit,
2613 5799 2706 5852 sed
2765 5811 2892 5852 cum
2951 5794 3238 5852 sanctione
3295 5807 3419 5862 qua:
3489 5785 3744 5842 homines

458 5883 596 5942 ἀλλά
627 5885 1034 5957 τελεταρχικῶς
1079 5886 1175 5940 καὶ
1236 5886 1380 5941 κατά
1431 5903 1555 5941 τινα
1609 5888 1831 5959 τελετὴν
1880 5887 2036 5958 ἁγίαν

2153 5887 2512 5960 perfectiores
2573 5887 2772 5944 reddit.
2841 5886 2945 5944 Ubi
2999 5887 3145 5945 enim
3209 5884 3334 5954 quis
3389 5879 3740 5941 serenitatem
