4050 6468
394 338 497 406 567

1106 345 1527 408 EUSTATHII
1562 346 2320 408 THESSALONICENSIS
2358 344 2918 408 METROPOLITIB

3583 347 3698 409 568

396 462 700 516 secundum
735 459 931 527 Deum,
963 471 1152 531 postea
1182 462 1486 520 secundum
1518 462 1824 525 hominem.
1854 463 1972 518 tieri

2085 461 2146 515 δι’
2192 457 2259 534 ἦς
2299 462 2585 530 ἄνθρωποι
2631 458 3040 529 τελειούμεθα*
3094 458 3201 514 ποῦ
3255 459 3366 533 γὰρ
3416 460 3491 515 ἂν
3538 461 3700 513 εἴποι

395 555 562 619 dicet,
594 563 651 606 ut
686 552 817 609 hinc
854 552 1152 625 perfectum
1181 555 1316 610 dicit
1358 570 1485 612 eum
1515 556 1607 624 qui
1643 568 1833 611 sancte
1887 556 1981 611 Iae-

398 645 606 700 tatur?
652 644 709 700 Si
762 654 944 701 autem
995 660 1092 702 cor
1142 661 1254 700 non
1321 646 1608 703 indefinite
1670 648 1824 713 dicit,
1881 648 1976 704 sed

398 753 523 790 cum
578 737 813 793 articulo
872 746 927 794 et
983 738 1301 795 deﬁnitione
1338 740 1607 808 generali,
1663 740 1816 796 brevi
1881 755 1981 795 cor

400 827 492 882 Dei
544 842 737 885 amans
794 830 1147 888 revelabitur.
1186 831 1412 890 Talibus
1462 834 1610 889 enim
1666 833 1980 889 hominibus

397 918 588 973 cordis
621 922 978 979 serenitatem
1019 926 1355 994 impertitur,
1398 926 1637 983 ediciens
1682 940 1805 985 alia:
1855 940 1981 994 pro.

401 1010 574 1067 misit.
626 1013 732 1068 Sed
769 1032 875 1070 non
916 1032 1016 1085 pro
1063 1019 1229 1074 corde
1271 1018 1390 1087 ipso
1440 1018 1819 1093 misericordia
1876 1018 1981 1074 hoc

398 1103 614 1171 quidem
684 1107 806 1162 loco
875 1110 1191 1180 accipienda
1251 1123 1369 1170 est.
1441 1112 1538 1168 sed
1613 1113 1681 1166 ad
1741 1111 1978 1167 animam

399 1195 570 1263 ipsam
611 1202 1007 1257 recurrentium
1052 1211 1158 1268 est,
1214 1205 1362 1274 quod
1435 1204 1602 1259 etiam
1639 1203 1820 1260 facere
1862 1204 1980 1259 vult

396 1288 441 1341 is
473 1290 564 1357 qui
605 1291 735 1347 dicit
776 1293 919 1363 quod
955 1308 1054 1350 cor
1105 1306 1161 1350 et
1195 1311 1325 1351 caro
1387 1296 1559 1365 ipsius
1616 1298 1671 1351 iu
1723 1295 1835 1351 Deo
1889 1311 1982 1352 ex—

395 1379 630 1449 sultant;
691 1399 799 1439 non
827 1386 973 1442 enim
1003 1401 1099 1442 cor
1132 1387 1199 1442 ad
1238 1386 1443 1457 aliquid
1472 1388 1618 1459 quod
1639 1387 1824 1445 carnis
1857 1402 1983 1457 paro

396 1470 571 1545 ticeps
644 1491 753 1531 non
797 1486 885 1534 est
939 1480 1168 1551 relegat.
1218 1476 1375 1535 Patet
1421 1489 1603 1536 autem
1667 1481 1814 1551 quod
1880 1494 1980 1551 per

398 1579 496 1620 cor
520 1567 848 1624 variationis
892 1584 1023 1640 ergo
1055 1571 1284 1640 spiritus
1317 1571 1548 1641 intelligi
1578 1571 1763 1628 debet.
1793 1570 1978 1638 Quare

399 1656 565 1710 etiam
630 1660 799 1714 David
834 1672 1125 1732 postquam
1157 1664 1296 1721 dixit
1341 1664 1598 1735 spiritum
1653 1665 1974 1733 contritum,

400 1760 498 1800 cor
523 1749 824 1804 contritum
872 1751 1046 1807 addit.
1100 1752 1205 1808 Per
1254 1754 1393 1809 hanc
1457 1754 1603 1809 enim
1645 1754 1975 1825 praecipuam

400 1845 634 1906 partem,
664 1854 786 1909 qua;
810 1841 1061 1912 principii
1098 1841 1220 1898 loco
1249 1843 1304 1899 in
1332 1844 1491 1900 nobis
1510 1854 1616 1909 est.
1639 1844 1750 1899 vita
1786 1844 1980 1899 huma-

401 1945 467 1983 na
508 1939 562 1985 et
603 1932 783 1987 omnis
818 1932 993 1989 virtus
1039 1934 1309 2004 spiritalis
1368 1943 1425 1992 et
1457 1936 1817 2007 cogitationes
1868 1935 1978 2005 spi-

396 2022 580 2079 ritales
612 2025 986 2096 indigitantur.

2080 571 2167 616 τις
2199 555 2298 624 τὴν
2327 554 2471 609 κατὰ
2518 555 2652 608 Θεὸν
2686 554 3029 623 εὐφρόσυνον
3075 552 3325 623 γαλήνην
3376 552 3531 608 κατὰ
3588 552 3703 623 τὴν

2080 645 2436 716 ἀνθρωπίνην
2466 646 2772 709 ποιεῖσθαι,
2805 645 2883 710 ὥς
2917 646 3172 700 ἐντεῦθεν
3217 646 3314 700 καὶ
3344 646 3705 709 τετελεσμέ-

2081 755 2171 794 νον
2197 739 2370 806 άγίως
2395 738 2649 806 λέγεσθαι
2691 738 2784 792 τὸν
2839 736 2963 792 κατ’
2993 737 3169 807 αὐτὴν
3203 738 3654 808 εὐφραινόμενον
3680 753 3699 807 ;

2084 829 2201 901 Τὴν
2249 830 2482 902 καρδίαν
2527 829 2585 883 δὲ
2643 828 2819 883 εἰπὼν
2868 828 2993 900 οὐχὶ
3048 829 3347 896 ἀορίστως,
3389 829 3514 883 ἀλλ’
3575 825 3701 882 οἷον

2085 920 2228 990 μετὰ
2256 919 2701 993 προσδιορισμοῦ
2735 919 3037 975 καθολικοῦ
3067 919 3158 974 διὰ
3182 920 3244 974 τὸ
3272 920 3508 992 ἄρθρον,
3537 921 3699 990 τάχα

2080 1012 2149 1067 ἂν
2185 1014 2355 1068 πᾶσιν
2390 1014 2621 1084 καρδίαν
2652 1013 2841 1083 δηλοῖ·
2893 1014 3123 1083 θεοφιλῆ
3156 1013 3215 1067 δὲ
3251 1014 3479 1076 πάντως
3535 1012 3697 1066 ἐκεί-

2081 1121 2222 1177 νην⁶
2249 1107 2348 1170 τὰς
2392 1106 2655 1169 τοιαύτας
2700 1106 2811 1176 γὰρ
2854 1109 2883 1160 ὁ
2942 1108 3180 1177 Χριστὸς
3208 1105 3696 1177 γαληνομόρφους

2082 1199 2266 1263 ποιεῖ,
2307 1198 2676 1270 ἐργαζόμενος
2713 1199 2859 1268 άπερ
2890 1199 3186 1269 ὑπέσχετο.
3239 1198 3315 1251 Οὐ
3358 1196 3421 1251 τὸ
3456 1197 3698 1262 σπλάγ-

2082 1308 2209 1361 χνον
2245 1291 2303 1346 δὲ
2345 1292 2480 1346 αὐτὸ
2525 1291 2759 1363 καρδίαν
2796 1290 3025 1362 νοητέον
3070 1289 3309 1344 ἐνταῦθα
3333 1331 3350 1356 ,
3383 1289 3510 1343 ἀλλ’
3553 1290 3699 1342 ἀνα-

2082 1382 2279 1437 δατέον
2318 1383 2378 1450 ἐξ
2408 1384 2580 1454 αὐτῆς
2617 1382 2870 1455 συνήθως
2901 1383 2984 1447 είς
3008 1384 3108 1454 τὴν
3137 1382 3323 1453 ψυχήν
3349 1395 3363 1412 ⁶
3400 1381 3429 1435 δ
3453 1381 3524 1451 δὴ
3563 1380 3699 1451 βού-

2081 1475 2236 1530 λεται
2265 1480 2442 1533 ποιεῖν
2476 1482 2572 1531 καὶ
2597 1478 2627 1531 ό
2653 1476 2753 1548 τὴν
2776 1476 3009 1548 καρδίαν
3031 1474 3199 1530 αὐτοῦ
3231 1473 3330 1529 καὶ
3357 1473 3459 1535 τὴν
3491 1473 3696 1544 σάρκα

2080 1567 2285 1634 ἐνθέως
2337 1569 2704 1636 ἁγαλλιᾶσθαι
2758 1570 3041 1640 φάμενος·
3078 1568 3143 1623 οὐ
3196 1568 3375 1638 δήπου
3435 1566 3556 1636 γάρ
3585 1566 3698 1636 τὴν

2081 1660 2316 1732 καρδίαν
2356 1660 2438 1726 είς
2489 1679 2542 1716 τι
2590 1661 2840 1732 άσαρκον
2876 1662 3060 1714 ἐκεῖνο
3114 1656 3398 1724 άπέταξευ
3431 1656 3611 1728 δῆλον
3643 1656 3696 1711 δ’

2083 1753 2164 1807 ὅτι
2189 1753 2285 1807 καὶ
2322 1752 2526 1808 ταυτόν
2555 1753 2674 1808 ἐστι
2720 1752 2957 1824 καρδίαν
2993 1751 3217 1822 πνεῦμα
3245 1752 3427 1806 είπεῖν
3454 1750 3689 1805 πολυω-

2086 1842 2289 1914 νυμίας
2311 1843 2481 1916 λόγῳσ
2512 1844 2599 1899 διὸ
2624 1844 2720 1899 καὶ
2748 1844 2778 1897 ὁ
2809 1841 2976 1901 Δαὸὶδ
3006 1841 3182 1897 εἰπὼν
3212 1840 3440 1910 πνεῦμα
3484 1854 3693 1893 συντε-

2084 1935 2415 2006 τριμμένον,
2467 1935 2834 1990 ἐπισυνάπτει
2882 1934 3115 2003 καρδίαν
3157 1930 3688 2002 συντετριμμένην·

2088 2026 2171 2081 δι’
2194 2022 2265 2102 ἦς
2321 2030 2695 2100 καιριωτάτου
2733 2027 2924 2101 μορίου
2975 2027 3033 2082 ιν
3067 2028 3202 2099 ἡμῖν
3236 2025 3407 2097 οΰσης
3442 2025 3548 2078 καὶ
3577 2024 3691 2092 ἀρ·-

397 2117 575 2187 χικοῦ,
613 2120 709 2174 καὶ
763 2123 796 2191 ἡ
851 2121 1170 2195 ἀνθρωπίνη
1225 2121 1481 2195 δηλοῦται
1531 2120 1646 2192 ζωή
1693 2137 1844 2186 ποτε,
1880 2118 1978 2173 καὶ
2051 2123 2207 2177 πᾶσα
2272 2123 2506 2195 δύναμις
2558 2122 2793 2197 ψυχικὴ,
2848 2122 2947 2177 καὶ
2990 2122 3059 2176 τὰ
3103 2120 3312 2193 ψυχικὰ
3364 2117 3421 2172 δὲ
3474 2116 3691 2187 φρονή-

402 2226 568 2279 ματα.

474 2307 567 2362 55.
607 2305 757 2379 Opus
787 2305 913 2365 dein
942 2308 1286 2379 perfecmrus
1317 2317 1376 2367 et
1410 2326 1512 2366 nos
1553 2309 1855 2367 exhortans
1905 2323 1981 2364 ne

402 2415 720 2457 sermonum
752 2411 1054 2460 sectatores
1083 2403 1261 2460 simus
1284 2444 1300 2472 ,
1334 2407 1480 2474 quod
1514 2404 1736 2474 quidem
1767 2401 1981 2458 homini

404 2491 665 2563 prudenti
709 2495 898 2551 minus
942 2495 1198 2566 expedit,
1239 2503 1301 2550 ut
1329 2495 1445 2567 jam
1481 2504 1727 2551 veterum
1777 2493 1981 2564 aliquis

406 2585 616 2651 docuit,
651 2585 704 2644 id
734 2588 980 2659 praecipit
1010 2597 1069 2644 ut
1110 2587 1367 2659 perfectae
1403 2588 1665 2644 amicitia:
1702 2586 1985 2641 adhaerea-

401 2693 561 2743 mus;
615 2694 686 2736 ne
737 2681 1084 2737 sermonibus
1142 2690 1199 2737 et
1248 2697 1404 2737 vams
1458 2681 1659 2751 spebus
1702 2677 1868 2735 illecti
1923 2686 1986 2733 ut

399 2771 771 2829 somniatores
798 2782 850 2828 et
884 2775 1176 2829 mendaces
1208 2774 1483 2829 vivamus.
1514 2771 1596 2828 Tu
1643 2772 1813 2843 igitur
1837 2769 1986 2841 quod

403 2862 671 2932 scriptum
708 2873 891 2920 exstat
953 2875 1103 2934 nota,
1154 2867 1383 2937 etquod
1435 2866 1503 2921 ad
1548 2865 1979 2936 omnipotentem

402 2952 571 3007 Deum
630 2965 839 3024 spectat
888 2956 960 3013 ob
1012 2960 1202 3014 oculos
1248 2974 1409 3028 pone.
1462 2956 1751 3029 Εὐφρανεν
1793 2964 1979 3013 autem

399 3047 566 3099 Attici
599 3046 810 3115 dicunt,
842 3062 1196 3119 augmentum
1228 3052 1481 3108 naturale
1516 3052 1781 3106 adbibere
1827 3059 1980 3106 sata-

399 3148 613 3207 geutes,
649 3139 797 3196 sicut
825 3142 876 3194 in
922 3142 1209 3215 εὐλόγησε,
1246 3142 1604 3216 εὐδοκίμησε,
1646 3143 1977 3215 εὐμοίρησε,

2153 2291 2256 2378 νγ”.
2297 2306 2373 2362 Τδ
2404 2306 2463 2360 δέ
2493 2302 2659 2377 ἔργον
2712 2307 2824 2379 γὰρ
2855 2306 3191 2379 ἐκπεράνας,
3240 2304 3338 2360 καὶ
3387 2304 3522 2376 ἑξῆς
3555 2320 3691 2360 παι-

2081 2400 2259 2456 δεύειν
2295 2396 2569 2471 ἆριδήλως
2617 2401 2767 2471 qua;
2822 2399 3083 2471 βούλεται
3128 2399 3204 2471 μὴ
3244 2400 3441 2467 λόγους
3471 2399 3690 2468 φιλεῖν,

2082 2496 2221 2566 ὅπερ
2245 2493 2306 2548 οὐ
2344 2494 2568 2565 στέργει
2620 2493 2913 2565 ἄνθρωπος
2955 2491 3192 2562 φρονῶν,
3228 2491 3375 2545 καθά
3420 2507 3510 2553 τις
3543 2488 3690 2560 φθά-

2086 2601 2187 2645 σας
2214 2585 2660 2655 ἐγνωμάτευσεν,
2719 2584 2857 2640 ἀλλὰ
2914 2583 3171 2638 σπεύδειν
3207 2584 3555 2655 ἐργάζεσθαι
3610 2587 3685 2637 τὰ

2087 2677 2227 2750 πρδς
2280 2679 2469 2750 ἐντελῆ
2527 2679 2713 2749 φιλίαν
2739 2694 2754 2711 ⁸
2816 2680 2903 2733 ἵνα
2957 2678 3032 2748 μὴ
3089 2678 3267 2746 λόγων
3344 2679 3527 2748 μόνων
3584 2677 3689 2733 καὶ

2085 2770 2197 2825 τῶν
2248 2769 2500 2825 ἐντεῦθεν
2549 2770 2788 2825 ἐλπίδων
2841 2771 3317 2840 ἀπαιωρούμενοι,
3345 2769 3422 2833 ὡς
3450 2770 3513 2823 ἐν
3540 2768 3692 2822 όνεί-

2091 2878 2205 2934 ροις
2233 2861 2440 2932 ζῶμεν,
2459 2862 2706 2928 γλυκέως
2736 2861 3259 2932 ἐλπιδοκοπούμενοι
3279 2863 3375 2923 καὶ
3400 2860 3464 2913 τὸ
3485 2860 3689 2930 δαιμο-
3773 2886 3783 2899 ι

2088 2953 2241 3009 νικδν
2270 2953 2474 3023 ψεῦδος
2518 2953 2663 3008 οὕτω
2716 2954 3199 3026 παρρησιάζοντες
3220 2969 3237 2988 ·
3273 2953 3593 3024 σημείωσαι
3626 2951 3688 3005 δὲ

2086 3047 2151 3101 τὸ
2193 3047 2431 3103 ἐνταῦθα
2464 3047 2680 3119 γραφὲν
2734 3047 2921 3120 ἔργον,
2958 3046 3056 3101 καὶ⁵
3101 3046 3174 3101 τὰ
3219 3046 3346 3101 κατ’
3393 3044 3531 3100 αὐτδ
3562 3044 3688 3099 θεῖα

2087 3134 2165 3194 ὧν
2208 3138 2397 3193 ἕνεκεν
2440 3140 2784 3211 παντουργδς
2805 3142 2833 3193 ό
2867 3140 3000 3203 Θεὸς
3025 3176 3042 3202 ,
3071 3139 3149 3204 ὡς
3178 3141 3237 3193 ἐν
3268 3140 3384 3202 τοῖς
3415 3135 3545 3205 ἑξῆς
3579 3152 3689 3205 φα-

400 3228 689 3300 εύμάρισε,
720 3226 867 3303 εὗρε,
891 3214 1183 3304 εὐτύχησε,
1212 3214 1531 3307 εὐκρίνησε,
1569 3245 1626 3291 et
1654 3234 1710 3290 in
1739 3233 1887 3289 aliis.
1920 3231 1981 3290 Si
2007 3214 2052 3274 (ἶ
2094 3234 2290 3288 νεῖται.
2321 3232 2395 3286 Τὸ
2425 3233 2482 3288 δέ
2513 3231 2788 3305 εὔφρανεν
2824 3232 3064 3287 Ἀττικοὶ
3088 3232 3363 3298 λέγουσιν,
3392 3229 3683 3299 ἀρκούμε·

400 3323 524 3393 quis
558 3332 739 3380 autcm
779 3344 813 3397 η
844 3324 929 3382 his
949 3329 1174 3383 vocibus
1195 3328 1526 3401 praesignare
1551 3327 1808 3394 voluerit,
1835 3343 1989 3384 com-

402 3414 552 3470 uumi
601 3416 833 3472 dialecto
885 3433 944 3473 se
992 3417 1346 3475 coniormans
1398 3419 1582 3475 iaciat.
1617 3416 1758 3474 Nota
1800 3428 1984 3473 autem

399 3509 546 3573 quod
583 3509 753 3565 dictio
784 3512 1039 3581 superius
1075 3511 1285 3583 prolata
1310 3553 1325 3578 ,
1381 3512 1546 3583 ἔργον
1584 3511 1695 3583 γὰρ
1739 3511 1985 3582 περάνας

400 3598 633 3671 εὐφρανε
688 3602 899 3672 φίλους,
959 3604 1175 3660 duobus
1217 3604 1270 3660 in
1309 3604 1446 3661 locis
1494 3603 1633 3660 falsa
1664 3613 1780 3669 est;
1814 3604 1987 3674 parti-

400 3691 600 3757 cipium
625 3692 769 3747 enim
801 3702 959 3764 aeque
990 3710 1053 3750 ac
1077 3695 1305 3750 verbum
1333 3694 1511 3765 ipsum
1536 3696 1676 3752 male
1704 3710 1764 3751 se
1795 3694 1980 3750 habet.

404 3779 634 3845 Quando
659 3782 808 3835 enim
839 3794 1070 3852 quartus
1102 3800 1197 3854 pes
1223 3786 1503 3854 spondeus
1536 3793 1620 3840 est
1649 3801 1773 3841 cum
1811 3784 1981 3851 ﬁnali,

398 3883 452 3927 et
497 3872 813 3942 ἐκπεράνας
854 3887 912 3929 ut
952 3874 1132 3946 τύψας
1170 3886 1266 3932 aut
1298 3877 1485 3944 λέξας,
1525 3887 1656 3944 etc.,
1683 3876 1981 3947 profertur,

399 3962 653 4032 quintum
694 3979 916 4036 quoque
969 3967 1162 4036 pedem
1222 3968 1753 4041 bracbycatalectum
1819 3968 1983 4024 habet

399 4066 594 4109 contra
623 4071 897 4123 normam,
930 4059 1088 4129 quasi
1153 4060 1370 4118 iambus
1391 4073 1484 4116 aut
1518 4063 1791 4118 trochaeus
1813 4070 1979 4120 esset.

399 4147 587 4219 itaque
613 4166 722 4205 non
758 4149 916 4207 facile
941 4161 1025 4207 est
1049 4168 1267 4209 versum
1299 4155 1601 4211 secundum
1629 4169 1979 4212 communem

401 4249 651 4295 nostrum
671 4240 964 4297 iambeium
984 4243 1248 4300 scandere
1269 4259 1334 4299 ac
1358 4245 1557 4301 metiri.
1586 4246 1640 4302 Si
1660 4247 1784 4318 quis
1800 4256 1981 4306 autem

401 4340 517 4386 ante
544 4332 732 4388 critica
757 4347 892 4388 usus
915 4343 968 4387 et
993 4350 1143 4390 more
1174 4336 1353 4391 ionico
1377 4338 1667 4408 scripserit
1692 4338 1855 4409 ἔργον
1870 4342 1980 4413 γὰρ

400 4422 731 4495 ἑκπέρανεν,
751 4437 844 4481 aut
878 4429 958 4490 εἰς
988 4428 1161 4500 πέρας
1182 4429 1390 4500 ἢγαγεν
1416 4432 1745 4503 εὐφραίνων,
1775 4442 1870 4488 aut
1892 4435 1982 4488 εὐ-

2089 3340 2172 3379 vat
2200 3325 2269 3395 τῇ
2300 3325 2444 3378 κατὰ
2488 3322 2656 3394 φύσιν
2685 3322 2915 3394 αὐξήσει
2941 3325 3009 3393 τῇ
3043 3321 3140 3376 τοῦ
3174 3321 3492 3388 ἐνεστῶτος,
3533 3318 3687 3374 καθὰ

2088 3416 2186 3470 καὶ
2235 3416 2298 3471 τὸ
2351 3417 2638 3490 εὐλόγησε,
2686 3418 2784 3471 καί⁵
2834 3415 3201 3484 εὐδοκίμησε,
3232 3414 3326 3467 καὶ
3350 3412 3681 3482 εὐμοίρησε,

2086 3509 2181 3561 καὶ
2208 3508 2499 3578 εὐμάρισε,
2531 3510 2626 3561 καὶ
2657 3501 2811 3577 εὗρε,
2841 3507 2955 3572 ίκαὶ
2988 3506 3279 3575 εὐτύχησε,
3327 3504 3427 3558 καὶ
3475 3503 3677 3573 εὐκρίσ

2087 3619 2240 3672 νησε,
2283 3602 2379 3656 καὶ
2406 3603 2506 3656 ὅσα
2538 3599 2786 3655 τοιαῦτα.
2818 3601 2881 3653 ΕΞ
2928 3599 2984 3653 δέ
3035 3616 3123 3662 τις
3159 3597 3218 3652 τὸ
3268 3615 3302 3668 η
3347 3595 3683 3666 προκαθίξει

2085 3693 2197 3747 τῶν
2225 3693 2489 3748 τοιούτων
2538 3691 2764 3758 λέξεων,
2800 3689 3183 3761 χειροτονείτω
3212 3689 3393 3741 ἐκεῖνο
3445 3688 3518 3750 ὡς
3554 3683 3682 3755 βού-

2086 3784 2246 3841 λεται
2275 3785 2642 3858 χαριζόμενος
2694 3787 2763 3855 τῇ
2817 3783 3094 3851 κοινότητι
3118 3797 3133 3812 ο
3166 3780 3474 3849 σημείωσαι
3505 3780 3566 3834 δὲ
3593 3777 3679 3832 ὅτι

2085 3879 2146 3932 τὸ
2182 3878 2467 3950 προσεχῶς
2493 3876 2834 3948 ὲξηγημὲνον
2862 3875 3016 3940 ἔπος,
3051 3874 3134 3940 τὸ,
3168 3872 3329 3943 ἔργον
3364 3870 3475 3942 γὰρ
3504 3872 3678 3924 ἐκπε-

2088 3972 2258 4042 ρὰνας
2306 3970 2551 4043 εὔφρανε
2598 3972 2815 4038 φίλους,
2847 3969 2907 4021 ἐν
2955 3968 3080 4021 δυσὶ
3138 3968 3326 4029 τόποις
3382 3963 3674 4032 ἔσφαλται,

2083 4062 2397 4118 δυσπαθοῦν
2433 4062 2577 4117 κατὰ
2620 4063 2721 4133 τὴν
2767 4059 3002 4132 μετοχὴν
3042 4059 3142 4114 καὶ
3186 4057 3248 4111 τὺ
3284 4056 3462 4128 ῥῆμα.
3500 4053 3677 4108 Ὅταν

2083 4156 2192 4228 γὰρ
2225 4157 2254 4210 ὁ
2287 4154 2546 4227 τέταρτος
2596 4154 2734 4219 πούς
2770 4154 3049 4216 σπονδεῖος
3089 4153 3239 4205 ἐστιν
3274 4148 3532 4204 ἐκτείνων
3570 4147 3677 4215 τὴν

2082 4246 2360 4319 λήγουσαν
2393 4246 2490 4301 τοῦ
2526 4247 2840 4317 ἐκπεράνας
2867 4244 3010 4299 κατὰ
3041 4243 3105 4298 τὸ
3131 4242 3331 4310 τύψας,
3369 4242 3465 4294 καὶ
3487 4239 3673 4304 λέξας,

2084 4346 2178 4396 καὶ
2216 4341 2287 4395 τά
2314 4341 2500 4409 ὅμοια,
2527 4339 2621 4392 καὶ
2645 4340 2738 4392 τδν
2773 4339 3028 4406 πέμπτον
3062 4336 3118 4389 δὲ
3151 4335 3290 4388 πόδα
3320 4330 3673 4404 βραχυκατά-

2083 4436 2284 4505 ληκτον
2323 4432 2612 4501 ἀσυνήθως
2663 4430 2776 4499 ἔχει
2817 4430 2895 4491 ὡς
2943 4429 3101 4497 εἴπερ
3134 4420 3204 4497 ἦν
3234 4424 3430 4493 ἴαμϐος
3477 4422 3671 4493 ἦτρο-

402 4513 615 4583 φράνας
636 4515 849 4585 φίλους,
868 4533 964 4588 pes
990 4531 1220 4590 quartus
1252 4537 1429 4592 neque
1458 4523 1623 4578 nimis
1651 4524 1865 4594 longus,
1884 4540 1979 4580 ne-

2085 4525 2260 4596 χαῖος,
2282 4522 2381 4575 καὶ
2408 4521 2525 4575 ἐστι
2548 4521 2640 4574 διὰ
2666 4518 2828 4572 τοῦτο
2854 4515 3224 4570 ὐποδύσκολον
3257 4511 3671 4583 ὲκθεραπεῡσαι

400 4623 507 4674 quc
533 4609 758 4676 quintus
786 4610 956 4666 nimis
987 4613 1166 4667 brevis
1186 4614 1312 4681 erit,
1332 4624 1389 4670 et
1412 4615 1493 4671 sic
1517 4621 1633 4673 voci
1652 4617 1785 4687 justi
1812 4618 1978 4673 iambi

400 4697 634 4751 turmam
663 4698 836 4754 dabit.
868 4698 927 4754 Si
955 4709 1136 4755 autem
1159 4701 1238 4757 sic
1268 4702 1618 4758 scribendum
1643 4720 1766 4761 esse
1815 4707 1980 4762 alicui

398 4789 780 4858 probabimus,
837 4792 951 4861 jam
1014 4806 1123 4846 nou
1173 4794 1507 4851 errabimus.
1577 4795 1734 4861 Quod
1791 4807 1976 4852 autem

396 4881 681 4953 περαίνειν
707 4898 853 4956 saepe
884 4900 1011 4939 cum
1040 4885 1320 4956 περατοῦν
1351 4887 1621 4959 congruit,
1645 4889 1707 4942 τὸ
1739 4890 1980 4944 τελειοῦν

397 4988 618 5045 quoque
643 4975 875 5031 indicat.
919 4975 1075 5042 Quod
1114 4986 1299 5032 autem
1334 4977 1643 5050 πειραίνειν
1665 4978 1816 5035 aliud
1847 4981 1978 5052 quid

398 5064 564 5129 valet,
604 5065 656 5119 id
705 5066 927 5121 aliunde
954 5067 1215 5137 cognosci
1244 5078 1444 5138 potest.

2085 4617 2177 4668 τὸν
2210 4615 2395 4685 στίχον
2427 4613 2503 4676 ὡς
2544 4609 2891 4683 μετρηθῆναι
2938 4608 3085 4662 κατὰ
3114 4606 3174 4659 τὸ
3209 4604 3343 4674 παρ’
3379 4605 3513 4672 ἡμῖν
3542 4602 3671 4672 ἄρτι

2085 4708 2265 4762 κοινδν
2326 4706 2592 4777 ιαμϐεῖον.
2641 4703 2704 4757 Ei
2761 4701 2819 4754 δέ
2870 4715 2957 4763 τις
3004 4694 3240 4769 κριτικῷ
3290 4694 3439 4762 λόγῳ
3501 4707 3671 4759 μετα-

2086 4800 2292 4871 γράψει
2340 4799 2474 4853 αὐτὴ
2501 4796 2698 4858 οὕτως,
2730 4794 2893 4866 ἔργον
2920 4793 3030 4861 γὰρ
3056 4789 3385 4858 ἐκπέρανενν
3416 4782 3669 4844 ἰωνικῶςο

2085 4898 2252 4966 ἤγουν
2307 4892 2389 4955 είς
2420 4890 2595 4960 πέρας
2642 4887 2852 4959 ἤγαγεν
2873 4926 2888 4953 ,
2942 4883 3292 4953 εὐφραίνων,
3325 4878 3360 4948 ἢ
3392 4876 3671 4947 εὐφράνας

2086 4986 2301 5056 φίλους,
2339 4981 2401 5036 τό
2423 4997 2482 5034 τε
2514 4977 2834 5052 προκοίλιον
2884 4975 2983 5029 τοῦ
3015 4973 3282 5043 τετάρτου
3315 4967 3475 5030 ποδὸς
3508 4966 3671 5037 029a.-

2090 5074 2309 5135 πεύσει.
2338 5071 2434 5126 καὶ
2463 5070 2526 5125 τδ
2555 5068 2650 5123 τοῦ
2679 5068 2935 5138 πέμπτου
2962 5063 3222 5136 λαγαρόνο
3263 5062 3356 5116 καὶ
3383 5057 3557 5123 οὕτως
3589 5056 3668 5116 είς

398 5160 550 5226 ὑγιὲς
584 5161 832 5230 ἰαμϐεῖον
864 5161 995 5225 ἔπος
1021 5162 1156 5216 αὐτὸ
1191 5164 1502 5235 μεταγάγῃ.
1537 5163 1599 5217 Εί
1622 5160 1679 5217 δέ
1704 5181 1810 5219 τινι
1845 5165 2127 5241 ἀπᾴδομεν
2163 5167 2312 5223 οὕτω
2344 5167 2546 5240 χρῆναι
2610 5166 2846 5235 γράφειν
2914 5161 3184 5230 λέγοντες,
3225 5157 3339 5212 ἀλλ’
3388 5157 3469 5209 δτι
3527 5169 3669 5223 παρ’

397 5257 861 5327 εσημειωσάμεδα
907 5258 973 5311 τδ
1018 5259 1078 5311 οὗ
1115 5260 1298 5330 πάντη
1335 5259 1591 5332 σύνηθες,
1624 5261 1983 5335 ἁρμοσάμεθα
2022 5269 2107 5330 είς
2135 5266 2452 5338 ἄμεμπτον·
2484 5266 2570 5317 ὅτι
2598 5260 2656 5315 δὲ
2678 5260 2741 5315 τὸ
2770 5260 3054 5330 περαίνειν
3090 5255 3212 5328 μὲν,
3241 5256 3316 5320 ῶς
3376 5252 3471 5306 ἐπὶ
3530 5248 3664 5304 πολύ

397 5354 458 5410 τὸ
498 5355 774 5423 περατοῦν
827 5354 982 5424 δηλοῖ
1027 5357 1124 5409 καὶ
1158 5357 1437 5411 τελειοῦν·
1486 5356 1548 5411 τὸ
1581 5358 1639 5412 δὲ
1671 5360 1979 5432 πειραίνειν
2016 5363 2232 5419 ἀλλοῖόν
2263 5379 2317 5416 τι
2349 5361 2632 5431 σημαίνει,
2666 5356 2936 5428 ἑτέρωθεν
2966 5353 3085 5407 ἔστι
3129 5350 3357 5420 γνῶναι.

471 5448 562 5504 54.
602 5450 826 5505 Amicos
858 5450 1064 5505 Christi
1096 5462 1324 5507 sanctos
1355 5451 1637 5523 apostolos
1673 5455 1978 5510 secundum

401 5552 655 5597 sanctum
700 5540 1057 5613 Evangelium
1102 5544 1340 5612 appellat
1399 5557 1582 5615 poeta.
1618 5546 1773 5612 Quod
1815 5561 1981 5617 porro

403 5635 495 5689 Dei
546 5636 855 5705 praesentiae
902 5646 955 5691 et
1012 5636 1392 5706 operationum
1448 5637 1605 5708 signa
1664 5647 1722 5693 et
1776 5639 1980 5696 iudicia

399 5736 532 5783 sunt
566 5736 916 5797 tempestates
945 5736 1001 5784 et
1031 5737 1320 5785 ventorum
1369 5730 1626 5801 impetus,
1659 5730 1828 5786 maris
1862 5741 1978 5787 tur-

403 5817 561 5878 bines
588 5829 644 5877 ct
666 5819 871 5893 fervor,
897 5836 992 5879 aer
1012 5825 1304 5895 obscurus,
1328 5824 1500 5882 aether
1524 5825 1816 5895 violentus,
1840 5825 1970 5883 cali

2159 5456 2254 5512 νδ’.
2286 5455 2479 5517 Φίλους
2522 5452 2581 5506 δὲ
2622 5448 2702 5522 τῷ
2747 5445 2970 5520 Χριστῷ
3017 5446 3147 5508 τούς
3187 5443 3380 5512 ἁγίους
3426 5438 3663 5496 smm-

2086 5548 2211 5612 λους
2264 5544 2577 5608 ἀκολούθως
2625 5542 2704 5615 τῷ
2735 5541 2878 5612 ἁγίῳ
2908 5535 3228 5608 Εὐαγγελίῳ
3249 5531 3405 5589 εἶπεν
3431 5534 3459 5585 ό
3492 5530 3666 5602 μελῳ-

2084 5640 2171 5704 δός
2199 5656 2214 5670 ο
2251 5637 2327 5702 ῶς
2375 5638 2434 5692 δὲ
2478 5636 2642 5691 θείων
2695 5633 3011 5706 παρουσιῶν
3066 5628 3166 5684 καὶ
3211 5623 3508 5698 ἐνεργειῶν
3532 5619 3663 5679 ἀλλὰ

2085 5733 2223 5801 δῆτα
2244 5730 2312 5783 τὰ
2334 5730 2428 5783 καὶ
2453 5726 2753 5799 ἐνεργειῶν
2780 5724 2950 5794 ἐπίση
2961 5722 3036 5791 μά
3063 5721 3174 5773 είσι
3209 5717 3303 5771 καὶ
3330 5714 3658 5801 παράσημα,

2085 5799 2294 5892 αίνγίδες
2331 5819 2429 5876 καὶ
2459 5817 2772 5889 καταφοραί
2799 5814 3043 5886 ἀνίμων,
3084 5803 3160 5866 ὧν
3189 5805 3539 5877 ἀποτέλεσμα
3567 5799 3663 5858 καὶ
