4050 6410
283 351 390 419 559
1076 350 1157 412 IN
1203 349 1549 411 HYMNUM
1587 348 2246 412 PENTECOS’I‘ALEM
2284 331 2768 416 DAMASCENI.
3460 346 3568 410 570

285 469 553 543 ἀγριότης
582 466 886 537 θαλάσσης,
918 466 1018 520 καὶ
1048 465 1159 537 ἀὴρ
1191 464 1463 530 σκοτόεις,
1486 464 1584 517 καὶ
1620 464 1871 534 σκυθρω-

2006 482 2106 531 ra,
2171 476 2333 522 terra:
2403 476 2628 532 motus,
2664 481 2829 523 nemo
2873 466 3107 538 ignorat.
3180 463 3376 520 Notum
3440 477 3568 516 vero

289 562 463 632 πότης
507 558 755 626 αἰθέρος,
798 556 894 610 καὶ
944 555 1077 628 ἄχος
1120 552 1355 624 οὐρανοῦ
1379 594 1395 619 ,
1440 555 1540 611 καὶ
1590 555 1700 609 τῶν
1744 554 1873 625 περὶ

2006 566 2067 616 ιει
2104 561 2246 629 quod
2313 562 2431 631 ipsa
2470 560 2678 617 creatio
2743 560 3047 615 secundum
3094 573 3195 613 nos
3237 557 3347 612 Deo
3373 555 3570 610 adver-

288 654 400 724 γῆν
423 651 778 722 ἀνακίνησις,
806 649 984 712 οὐδεὶς
1014 650 1219 716 ἀγνοεῖ.
1255 647 1567 716 Ἐγνωσται
1594 646 1650 701 δὲ
1670 647 1873 717 ὁμοίως

2006 656 2161 714 ηοιιιτ,
2222 652 2440 721 quando
2485 652 2665 722 ipsum
2741 651 2808 705 ad
2844 652 2984 705 iram
3030 648 3384 704 lacessimus.
3446 646 3567 699 Hoc

286 750 385 803 xui
418 744 592 816 αὐτὴν
621 743 724 815 τὴν
771 742 955 797 κτίσιν
1004 740 1442 812 συνεκπολεμεϊν
1485 741 1564 812 τῷ
1603 739 1724 809 θεῷ
1750 737 1875 793 καθ’

2006 749 2166 796 intem
2194 741 2317 798 loco
2353 743 2574 799 Christo
2611 740 2878 798 Salvatori
2909 740 3137 812 spiritus
3159 738 3452 801 violentus,
3500 735 3576 804 de

286 841 463 911 ἡμᾶς,
510 840 602 892 ὅτε
661 837 830 891 αὐτὸν
873 838 957 896 είς
998 834 1378 903 ἀγανάκτησιν
1412 834 1760 907 ἑρεθίσομεν·
1792 834 1878 886 ὲν·

2006 848 2095 905 |uo
2121 845 2275 905 poeta
2294 835 2559 906 loquitur,
2583 836 2896 890 nullatenus
2921 831 3169 893 inservit,
3216 831 3311 885 sed
3344 827 3569 898 Spiritui

284 932 467 987 ταῦθα
522 931 707 1002 μέντοι
760 933 842 993 είς
887 928 1137 983 τοιοῦτον
1181 927 1336 983 οὐδὲν
1398 926 1738 997 ὑπουργοῦσι
1798 923 1878 995 τῷ

2006 936 2199 993 sancto,
2231 934 2293 982 ut
2324 927 2434 998 regi
2469 926 2712 982 maximo
2749 940 2979 996 corpora
3023 924 3241 980 servilia
3275 918 3570 991 imperanti

288 1023 512 1095 Σωτῆρι
541 1021 763 1094 Χριστῷ
812 1024 849 1095 ἡ
901 1021 1259 1092 μελῳδημένη
1296 1021 1449 1090 βιαία
1506 1020 1646 1090 πνοὴ
1688 1017 1879 1073 καὶτὰ

287 1114 416 1170 κατ’
470 1114 668 1185 αὑτήν
724 1113 866 1169 ἀλλὰ
928 1112 1477 1185 συμπαρομαρτοῦσι
1529 1116 1597 1184 τῇ
1649 1112 1881 1185 διανομῇ

286 1206 391 1261 τοῦ
413 1207 578 1274 ἁγίου
603 1206 926 1275 Πνεῦματος
956 1207 1061 1260 ὅσα
1087 1207 1185 1263 καὶ
1209 1205 1424 1277 βασιλεῖ
1453 1207 1699 1277 μεγίστῳ
1718 1205 1884 1259 δοῦλοι

291 1299 552 1368 σώματα,
581 1299 701 1370 ἦτοι
736 1299 1095 1367 κελευόμενα,
1135 1299 1212 1359 ὡς
1240 1299 1342 1352 οὐκ
1397 1298 1663 1366 ἐξέφηνεν
1698 1299 1885 1368 ἐμφα-

289 1391 404 1454 νῶς
429 1387 533 1445 ὦδε
564 1392 597 1463 ἠ
624 1391 757 1461 ἁγία
793 1393 1007 1463 Γραφή·
1051 1394 1084 1463 ἢ
1132 1394 1223 1446 καὶ
1259 1392 1437 1455 ἄλλως
1467 1392 1776 1446 άκὲλευστα
1805 1391 1883 1454 ὡς

288 1482 461 1537 δοῦλα
493 1483 905 1556 ὐποκινούμενα
936 1485 1299 1554 ὀφειλετικῶς
1332 1485 1556 1557 εὐδοκία
1589 1484 1750 1549 Θεοῦ,
1783 1484 1883 1538 καὶ

292 1575 437 1628 αὐτὸ
466 1577 561 1630 ἐπὶ
596 1577 833 1649 αίσχύνῃ
862 1579 975 1633 τῶν
1019 1579 1261 1648 λογικῶν
1303 1578 1465 1650 ἡμῶν
1513 1576 1886 1650 ἀχρηστοδού-

289 1666 429 1729 λων,
454 1668 506 1721 οἵ
550 1669 630 1741 τῷ
676 1670 845 1741 κοινῷ
900 1671 1150 1743 Δεσπότῃ
1182 1670 1321 1742 πρὸς
1364 1670 1521 1724 οὐδὲν
1548 1666 1886 1741 εὐχρηστούο

293 1758 465 1829 μεθα·
498 1763 596 1816 καὶ
626 1761 743 1817 ἐστι
770 1763 941 1834 μυρία
958 1764 1062 1818 ὅσα
1093 1764 1332 1818 ἐνταῦθα
1364 1762 1620 1834 Γραφικὰ
1649 1777 1886 1829 συναγα-

1990 1021 2406 1090 obtemperant,
2444 1028 2505 1074 ut
2537 1018 2817 1089 Scriptura
2861 1034 3016 1075 sacra
3049 1021 3152 1072 hoc
3183 1015 3402 1086 quidem
3449 1014 3573 1067 loco

1989 1112 2176 1167 minus
2202 1110 2349 1167 clare
2378 1110 2607 1175 indicat,
2659 1120 2753 1165 aut
2803 1110 2908 1163 alio
2942 1107 3126 1173 modo,
3169 1107 3312 1162 sicut
3339 1116 3575 1173 corpora

1993 1219 2150 1261 serva
2188 1203 2282 1259 Dei
2331 1202 2521 1274 gloriae
2580 1216 2735 1257 more
2788 1201 2971 1256 debito
3011 1199 3337 1259 inserviunt,
3409 1197 3574 1264 idque

1990 1298 2061 1353 ad
2090 1296 2507 1353 confundendos
2533 1285 2638 1353 nos
2667 1310 2857 1351 servos
2887 1294 3131 1358 inutiles,
3162 1291 3255 1359 qui
3292 1287 3575 1345 communi

1994 1388 2228 1446 Domino
2256 1389 2405 1445 nulla
2442 1388 2497 1443 in
2551 1403 2612 1443 re
2643 1400 2975 1457 prosumus;
3025 1384 3091 1438 ad
3138 1382 3281 1454 quod
3332 1379 3575 1450 proban-

1991 1487 2121 1537 dum
2173 1487 2462 1537 sexcentos
2509 1479 2807 1550 Scriptura:
2850 1492 3020 1535 sacrae
3069 1468 3219 1530 loco's
3277 1484 3576 1540 congerere

1992 1574 2184 1630 liceret
2232 1574 2434 1645 quibus
2467 1573 2812 1644 probaretur,
2854 1579 2991 1625 nutu
3042 1567 3230 1623 divino
3279 1562 3581 1626 visionibus

1995 1667 2251 1723 terriﬁcis
2284 1666 2441 1722 nobis
2488 1666 2861 1733 interminari,
2892 1671 2953 1721 ut
2990 1677 3086 1717 eas
3121 1673 3247 1715 vere
3276 1673 3308 1712 a
3341 1654 3579 1711 Numine

1993 1758 2115 1830 ipso
2147 1758 2215 1815 ad
2245 1773 2346 1816 nos
2375 1759 2725 1830 castigandus
2759 1761 2956 1813 missas
2989 1753 3307 1811 credamus.

289 1856 496 1928 γόσθαι
528 1856 742 1927 χρηστά
766 1856 905 1928 πρὸς
931 1857 1094 1927 λόγου
1121 1857 1412 1926 πίστωσιν,
1443 1857 1544 1911 καὶ
1577 1854 1717 1925 πρὸς
1750 1851 2033 1919 ἀπόδειξιν
2066 1851 2160 1906 τοῦ
2200 1852 2275 1923 μὴ
2312 1851 2379 1905 ἂν
2427 1852 2516 1906 ἀεὶ
2547 1849 2850 1921 ὲκφωνεῖσθ
2864 1868 2941 1916 αι,
2978 1849 3054 1913 ὡς
3079 1851 3161 1904 ὅτι
3189 1848 3434 1902 κελεύσει
3459 1845 3582 1917 θείᾳ

290 1952 371 2007 τὰ
417 1951 565 2007 κατὰ
637 1954 847 2026 κόσμον
900 1953 1111 2023 φοϐερὰ
1177 1953 1313 2023 ἡμῖν
1382 1951 1796 2023 ιμόριμῶνται,
1840 1946 1875 2021 ἢ
1927 1949 2291 2014 ἐπιτίθενται,
2327 1947 2404 2012 ὡς
2460 1947 2639 2001 δοκεῖν
2690 1947 2789 2001 καὶ
2826 1946 2970 2000 αὑτά
3000 1945 3125 1999 καθ’
3163 1944 3307 2000 αὐτὰ
3351 1937 3464 1998 οἷον
3498 1941 3581 1995 οἵ-

291 2048 464 2104 κοθεν
488 2044 756 2115 ζηλοῦντα
786 2045 1070 2116 βλάπτειν,
1103 2043 1289 2100 θεόθεν
1324 2041 1829 2116 παραχωρούμενα.

372 2158 431 2195 νε
453 2181 466 2195 .
508 2142 741 2213 Ἐὗρεξε
785 2142 886 2211 μιν
917 2138 1012 2194 οῦν
1050 2137 1166 2209 πῦρ
1201 2140 1228 2192 ὁ
1251 2136 1481 2209 Κύριος,
1511 2139 1607 2191 καὶ
1632 2136 1887 2189 ἀπέστει-

2064 2130 2160 2187 55.
2205 2130 2378 2201 Igitur
2428 2129 2696 2186 Dominus
2753 2129 2932 2201 ignem
2989 2128 3210 2186 caelitus
3254 2128 3475 2185 demisit
3526 2136 3582 2183 et

292 2234 359 2289 λε
397 2234 694 2303 καταιγίόα
717 2251 732 2266 ο
784 2232 1036 2301 ἐγένοντο
1085 2231 1145 2286 δὲ
1203 2229 1382 2284 ταῦτα
1436 2230 1533 2284 καὶ
1577 2228 1758 2291 ἄλλως
1806 2227 1888 2288 εις

2006 2234 2390 2295 tempestates;
2441 2238 2563 2294 quae
2604 2222 2785 2278 omnia
2834 2224 2998 2278 tacite
3056 2231 3112 2278 et
3162 2221 3294 2292 quin
3351 2222 3579 2278 historia

293 2325 554 2379 κάκωσιν
600 2323 728 2394 δίχα
782 2321 1070 2392 ἱστορικῆς
1119 2320 1553 2391 ὲπισημάνσεως
1581 2357 1598 2382 ,
1641 2314 1893 2370 εὐδοκοῦ-

268 2394 449 2488 1μενα
490 2413 807 2486 σιωπηλῶς·
837 2413 985 2469 οὕτω
1035 2411 1132 2468 καὶ
1181 2412 1499 2466 ἐπιϐλέπων
1530 2410 1624 2464 ἐπὶ
1654 2407 1752 2478 τὴν
1787 2406 1894 2474 γῆν

297 2509 451 2562 ποιεῖ
493 2507 725 2578 τρέμειν
757 2506 965 2578 αὐτὴν,
1021 2506 1100 2568 ὡς
1153 2505 1364 2567 ἐκεῖνος
1417 2496 1527 2556 οἶδε
1591 2502 1685 2556 καὶ
1736 2499 1895 2552 τοῦτο

298 2602 503 2652 ποιεῖν.
543 2597 758 2652 Οὐκοῦν
802 2597 902 2652 καὶ
932 2592 1182 2650 ινταῦθα
1210 2598 1279 2666 τῇ
1310 2592 1409 2648 τοῦ
1441 2592 1590 2646 θείου
1624 2589 1893 2660 Πνεύμα-

298 2710 398 2757 τος
447 2691 547 2746 τοῦ
579 2690 792 2747 ἄνωθεν
821 2690 1190 2762 παρακλήτου
1221 2686 1500 2757 ἀποστολῇ
1537 2685 1637 2741 καὶ¹
1675 2684 1901 2754 ὲναργεί

302 2787 657 2857 ἐπιφοιτήσει
691 2785 789 2839 καὶ
848 2781 1128 2855 ἐνεργείᾳ,
1159 2776 1677 2851 παρακολουθοῦσιν
1731 2775 1901 2842 ἀναγο

301 2879 482 2944 καίως
522 2879 620 2934 καὶ
643 2875 851 2950 φρικτά
878 2891 1001 2931 τινα
1029 2872 1150 2943 Θεῷ
1184 2871 1543 2942 ἑπιτρέποντι
1563 2884 1577 2899 ο
1612 2865 1757 2935 πνοή
1811 2880 1897 2930 τε,

304 2974 473 3043 φησὶ,
503 2971 658 3044 βιαία
704 2971 800 3025 καὶ
850 2968 1023 3040 πυρὸς
1055 2966 1432 3038 γλοιττὴματα
1482 2966 1579 3015 και
1627 2957 1902 3027 πνεύματι

304 3062 508 3134 ἁγαθῷ
534 3064 630 3117 καὶ
658 3061 957 3133 πραῦτάτῳ
970 3059 1153 3131 ψυχὰς
1182 3052 1560 3123 άνακτωμὲνῳ
1588 3049 1691 3105 καὶ
1717 3047 1897 3112 οὕτως

308 3158 583 3229 εὐκταίῳ,
624 3155 983 3228 παρομαρτεῖ
1026 3150 1252 3220 πνεῦμα
1288 3147 1494 3219 βίαιον,
1520 3145 1597 3209 ὡς
1632 3137 1721 3198 οἷα
1758 3141 1904 3212 φιλο.

305 3253 651 3326 τιμούμενον
688 3246 1025 3304 καταπνέειν
1056 3245 1152 3300 καὶ
1175 3240 1462 3315 ὴχητικῶς
1504 3235 1904 3326 ὑποσαλπίζειν

309 3324 414 3404 καὶ
445 3342 902 3418 παρασημαίνειν
928 3336 1195 3409 δνδημίαν
1221 3331 1433 3403 ταύτην
1467 3326 1783 3401 βασιλικὴν,
1808 3324 1905 3418 καλ

310 3438 455 3510 πυρὶ
512 3435 795 3507 θειοτάτῳ
831 3432 1091 3487 θάλποντι
1147 3429 1247 3500 μὲν
1307 3425 1404 3480 καὶ
1461 3422 1755 3492 φωτίζοντι
1808 3417 1904 3510 καλ

1994 2324 2234 2378 enarret,
2263 2314 2318 2368 in
2357 2314 2658 2385 perniciem
2705 2312 3060 2367 induxerunt.
3096 2312 3155 2366 In
3195 2321 3402 2368 terram
3433 2316 3579 2368 enim

1995 2407 2319 2477 respiciens,
2354 2423 2474 2461 eam
2513 2405 2842 2461 tremefacit.
2876 2403 3049 2475 igitur
3078 2403 3168 2460 hic
3196 2420 3416 2475 quoque
3444 2404 3576 2475 Spi-

1998 2499 2135 2553 ritus
2173 2499 2343 2552 divini
2383 2498 2642 2554 missione
2681 2512 2745 2551 ac
2773 2494 3101 2551 visitatione
3146 2510 3373 2552 necesse
3406 2504 3494 2550 est
3522 2502 3584 2550 ut

1996 2590 2485 2652 terriculamenta,
2546 2588 2656 2644 Deo
2700 2589 3073 2657 permittente,
3142 2588 3585 2654 subsequantur.

2005 2681 2210 2740 Ventus
2239 2684 2385 2739 enim
2415 2682 2691 2738 violentus
2739 2697 2805 2737 ac
2843 2682 3044 2752 linguae
3085 2681 3270 2751 ignitae
3322 2679 3583 2749 Spiritum

1998 2776 2269 2846 Optimum
2300 2784 2357 2829 et
2389 2774 2771 2829 dulcissimum
2802 2774 2898 2843 qui
2936 2773 3152 2828 animas
3183 2771 3424 2843 captivat
3461 2779 3587 2840 post

1998 2867 2222 2923 ﬂamina
2252 2866 2491 2921 violenta
2521 2865 2764 2930 adducit,
2792 2864 2888 2934 qui
2931 2863 3098 2936 Regis
3124 2864 3418 2919 adventum
3458 2862 3586 2918 tuba

2001 2960 2207 3014 indicat
2237 2967 2291 3014 et
2325 2957 2450 3027 igne
2477 2956 2662 3011 divino
2698 2956 2972 3011 illuminat
2996 2965 3053 3010 et
3096 2953 3335 3010 viviﬁcat
3368 2961 3421 3009 et
3460 2968 3584 3024 quae

2006 3052 2321 3108 necessaria
2370 3059 2504 3108 sunt
2552 3051 2796 3105 illustrat
2836 3058 2891 3105 et
2930 3049 3125 3119 spiritu
3178 3047 3474 3105 calefactus
3518 3047 3587 3101 ad

2003 3146 2111 3202 cibi
2155 3145 2322 3200 divini
2368 3142 2844 3214 participationem
2882 3150 2937 3196 et
2972 3140 3085 3196 Deo
3121 3150 3335 3211 gratam
3367 3153 3587 3194 cccnam

2005 3236 2234 3303 invitat;
2280 3234 2377 3305 qui
2419 3234 2637 3304 quidem
2687 3233 2923 3302 spiritus
2970 3239 3169 3287 caetera
3219 3230 3499 3287 consumit
3533 3238 3591 3285 et

2004 3327 2256 3384 dissolvit
2278 3334 2337 3383 et
2363 3326 2420 3381 in
2444 3325 2581 3380 nihil
2613 3324 2829 3379 reducit
2856 3337 3199 3394 quaecunque
3229 3322 3325 3378 illo
3351 3324 3588 3376 adventu

2008 3420 2230 3490 indigna
2270 3425 2425 3474 sunt.
2464 3415 2570 3472 Sed
2602 3416 2744 3486 ignis
2774 3430 2996 3486 quoque
3024 3428 3220 3470 aereus
3253 3425 3312 3470 et
3339 3412 3587 3467 ﬂammas

310 3503 711 3599 ζωογονοῦντι,
753 3503 902 3581 and:
951 3524 1017 3593 δὴ
1063 3523 1160 3576 καὶ
1209 3520 1286 3583 ὡς
1334 3513 1449 3572 οἷον
1492 3510 1804 3583 ἐργατικῶς
1838 3509 1899 3563 τὰ

2008 3512 2162 3568 ciens
2205 3509 2372 3565 simul
2398 3509 2701 3565 'descendit
2755 3518 2818 3562 ut
2864 3522 2991 3563 cum
3030 3515 3241 3562 terrore
3286 3503 3591 3559 consolatio

308 3623 508 3677 δέοντα
528 3616 911 3687 ἑκφλογοῦντι,
953 3612 1049 3666 καὶ
1075 3609 1405 3680 παράγοντι,
1433 3604 1522 3660 ναὶ
1547 3603 1613 3674 δὴ
1641 3601 1737 3655 καὶ
1771 3599 1905 3667 ἀφέ-

309 3712 633 3786 ψοντιτοὺς
674 3709 757 3779 τῷ
810 3706 1088 3777 πνεύματι
1142 3703 1368 3769 ζέοντας
1419 3698 1517 3753 καλ⁸
1563 3698 1634 3767 τῇ
1685 3692 1902 3747 ἐκείνου

308 3806 569 3880 τραπέζῃ
610 3803 996 3873 προσήκοντας
1049 3798 1152 3850 ὅσα
1216 3794 1312 3849 καὶ
1374 3791 1574 3864 βρῶμα
1619 3786 1765 3842 θεῖον
1812 3786 1908 3839 καὶ

2008 3618 2233 3676 quoque
2261 3609 2546 3673 appareat,
2574 3609 2629 3655 et
2660 3602 2787 3670 igne
2831 3599 3096 3655 invisibili
3136 3598 3311 3654 sancti
3354 3595 3593 3667 Spiritus

2012 3705 2350 3766 spectatores
2400 3710 2466 3750 ex
2518 3693 2721 3748 visibili
2775 3691 2982 3762 aliquid
3025 3697 3315 3746 assumant
3369 3686 3596 3744 et.loco

2015 3784 2281 3854 simplicis
2310 3784 2441 3840 boni
2472 3783 2672 3854 duplex
2704 3783 2908 3839 bonum
2934 3782 3225 3850 recipiant.

313 3875 515 3962 θῦσίαν
539 3875 701 3972 φίλην
742 3899 820 3970 τῷ
853 3895 994 3968 Θεῷο
1019 3895 1197 3958 ἄλλως
1220 3893 1279 3948 δὲ
1311 3891 1410 3946 καὶ
1441 3885 1908 3943 καταναλίσκοντι
1946 3882 2043 3937 καὶ
2072 3880 2412 3951 ἀφανίζοντι,
2445 3880 2545 3934 καί⁹
2591 3878 2880 3933 άναλῦοντι
2921 3879 2981 3942 ἐς
3038 3878 3100 3930 τὺ
3133 3876 3298 3948 μηδὲν
3338 3875 3410 3930 τὰ
3480 3889 3598 3929 τοι-

313 4002 494 4069 αύτης
523 3965 1110 4060 ἐπεξελεύσεωςτάξιαο
1146 3986 1432 4055 συντρέχει
1456 3981 1555 4036 καὶ
1582 3979 1694 4050 πῦρ
1712 3977 1903 4047 ἀέριον
1982 3973 2412 4045 φλογεροπνόον,
2436 3968 2545 4025 ’ἵνα
2614 3968 2753 4040 πρὸς
2786 3970 2866 4042 τῷ
2905 3968 3162 4039 ικφοὸεῖν
3191 3969 3286 4021 καὶ
3319 3965 3598 4038 σεμνύνοι-

314 4113 381 4150 το
411 4059 563 4161 άθλῳ
600 4088 738 4159 πυρὶ
769 4086 962 4155 ἐκείνῳ
994 4084 1094 4136 καὶ
1116 4080 1391 4151 ζωηφόρῳ
1419 4073 1901 4143 συνεξαστράπτον
1939 4069 2076 4124 αὐτὸ
2105 4067 2392 4131 δουλικῶς-ο
2437 4068 2529 4121 καὶ
2585 4066 2729 4136 φωτὶ
2771 4066 2993 4135 ἀόρατῳ
3022 4059 3101 4134 τῷ
3165 4063 3230 4115 ὲκ
3268 4060 3362 4115 τοῦ
3428 4062 3600 4129 ἅγιον·

314 4188 484 4241 τάτου
514 4150 858 4250 [ivstitia-cog,
895 4150 1013 4247 φιῦς
1044 4190 1098 4228 τι
1149 4172 1250 4227 καὶ
1292 4150 1360 4225 ὲκ
1414 4169 1510 4224 τοῦ
1560 4163 1824 4237 αἰσθητοῦ
1889 4162 1940 4216 oi
2018 4161 2289 4232 θεώμενοι
2345 4159 2886 4233 προσλαμϐάνοιντο,
2941 4157 3037 4211 καί
3090 4171 3209 4218 πως
3253 4154 3375 4209 ἀντὶ
3421 4150 3599 4208 ἁπλοῦ

314 4278 544 4333 διπλοῦν
576 4274 886 4344 πορίζοιντο
915 4267 1143 4338 ἀγαθόν.

391 4374 503 4434 νίζ’.
543 4368 605 4418 Ei
659 4366 717 4417 δὲ
774 4363 873 4415 καὶ
924 4360 1004 4424 είς
1051 4356 1305 4426 γλώσσας
1344 4351 1580 4424 πυρίνας
1630 4350 1691 4405 τὸ
1724 4349 1910 4418 ἀέριον

319 4468 499 4519 ἐκεῖνο
524 4459 638 4525 πῦρ
670 4455 1065 4527 ἑσχημάτιστο,
1093 4448 1295 4518 ἀναμὶξ
1324 4450 1389 4517 τῇ
1426 4446 1576 4517 βιαίᾳ
1597 4446 1735 4514 πνοῇ
1768 4460 1832 4496 συ
1844 4460 1911 4511 μ-

283 4618 294 4630 ,
319 4558 632 4627 φερόμενον
655 4590 671 4615 ,
704 4550 833 4603 ἄλλο
869 4547 965 4601 καὶ
1012 4542 1176 4598 τοῦτο
1233 4540 1444 4617 θάμβος
1488 4540 1604 4600 τοῖς
1654 4536 1873 4597 θεαταῖς
1895 4550 1912 4567 ο

319 4650 384 4703 τὸ
423 4647 523 4717 μὲν
572 4640 656 4707 οἷς
703 4639 1007 4709 ἐξέπληττε
1035 4632 1593 4703 γλωσσοποιούμενον
1623 4630 1685 4681 τὸ
1714 4628 1789 4698 μὴ
1818 4644 1916 4679 πε-

324 4741 501 4810 φυκὸς
535 4735 683 4789 οὕτω
718 4728 1221 4801 μεταπλάττεσθαι’
1251 4723 1313 4777 τὸ
1339 4725 1384 4778 δ’
1420 4725 1507 4775 ὅτι
1545 4719 1911 4790 ἐπληροφόρει

323 4833 427 4886 οὐκ
459 4829 542 4883 ἔτι
571 4827 699 4889 τοὺς
719 4822 857 4876 Θεοῦ
884 4820 1073 4888 φίλους
1105 4814 1441 4876 ἀποστόλους
1468 4810 1747 4880 γλώσσαις
1776 4810 1914 4880 χρή-ι

325 4923 519 4977 σεσθαι
561 4920 681 4981 ταῖς
728 4916 862 4986 περὶ
892 4913 1015 4981 γῆν,
1049 4910 1117 4973 ἃς
1174 4908 1270 4962 καὶ
1304 4904 1655 4975 γλωττοπέδη
1705 4903 1912 4971 φυσικὴ

327 5016 625 5084 καταργεῖ,
662 5011 757 5065 καὶ
790 5008 908 5078 σίδη
921 5023 1012 5077 ρος
1062 5002 1294 5071 ἀπάγει,
1323 4998 1423 5052 καὶ
1452 4995 1619 5066 φόϐος
1650 4992 1914 5062 ἐγκλείει,

2086 4341 2175 4397 56.
2205 4340 2259 4395 Si
2291 4347 2472 4393 autem
2502 4336 2644 4407 ignis
2674 4335 2764 4388 ille
2793 4335 3067 4388 aethereus
3088 4331 3139 4384 in
3167 4329 3379 4398 linguas
3406 4326 3598 4394 igneas

2016 4433 2235 4488 ίιςιιιιίιιο
2264 4431 2504 4486 violento
2525 4428 2734 4483 divisus
2768 4439 2872 4491 est,
2905 4439 3106 4481 novum
3147 4421 3201 4477 id
3226 4419 3602 4490 spectantibus

2017 4524 2528 4581 terriculamentum
2568 4519 2798 4573 exstitit.
2849 4516 3187 4587 Linguarum
3241 4513 3386 4567 enim
3417 4511 3602 4580 ignea-

2018 4631 2141 4670 rum
2178 4613 2393 4683 species
2425 4621 2615 4668 contra
2666 4618 2920 4665 naturam
2973 4605 3389 4666 transformavit
3418 4612 3474 4659 et
3506 4603 3601 4657 Dei

2019 4706 2216 4762 amicis
2281 4704 2546 4774 apostolis
2611 4701 2924 4758 facultatem
2986 4699 3291 4771 impertivit
3345 4697 3604 4752 omnibus

2019 4814 2116 4868 per
2156 4796 2343 4851 orbem
2384 4795 2587 4865 linguis
2643 4793 2925 4865 loquendi,
2949 4808 3089 4864 quas
3152 4792 3289 4848 ordo
3338 4789 3606 4845 naturalis

2020 4889 2354 4961 constringit
2379 4897 2437 4944 et
2466 4888 2675 4942 ferrum
2708 4886 2898 4957 abigit,
2918 4894 2972 4940 et
3005 4895 3184 4943 metus
3221 4883 3521 4949 concludit,
3551 4890 3606 4937 et

2020 4984 2246 5040 dubium
2273 4983 2438 5039 silere
2477 4981 2627 5040 facit.
2658 4980 2783 5037 Istat
2813 4980 2961 5036 enim
2987 4979 3186 5049 lingua
3214 4990 3294 5034 eat
3326 4987 3455 5033 sunt
3484 4991 3607 5046 qua:

328 5069 427 5161 καλ.
453 5069 666 5175 ἀπορία
704 5069 1100 5167 κατασιγάζει,
1131 5069 1274 5150 ἀλλὰ
1302 5089 1588 5162 οὐρανίαις
1618 5087 1715 5141 καὶ
1739 5085 1899 5147 οὕτως

2021 5090 2239 5132 omnem
2270 5075 2608 5146 impietatem
2649 5073 2797 5130 sicut
2838 5071 3048 5143 paleam
3082 5069 3441 5133 comburunt,
3472 5076 3528 5123 et
3556 5069 3607 5122 vi

330 5198 535 5261 ἐνθέοις
563 5194 659 5250 καί
700 5209 764 5263 γε
811 5190 1101 5245 ἀπαθέσινο
1137 5185 1277 5238 ἀλλὰ
1315 5182 1411 5236 καὶ
1439 5182 1596 5242 οἵαις
1625 5177 1918 5248 ὲμπιπρᾷν

332 5291 520 5344 πᾶσαν

336 5378 638 5448 φρύγανον,
667 5355 765 5430 καὶ
790 5371 1084 5443 φωειναῖς
1122 5366 1184 5421 δὲ
1227 5365 1325 5419 καὶ
1361 5362 1647 5433 λαμπραῖς
1679 5357 1771 5411 διὰ
1821 5355 1924 5418 τὴν

340 5468 659 5539 θεολογικὴν
685 5466 973 5535 ἓκφανσινο
1005 5461 1143 5515 sua
1169 5457 1267 5512 καὶ
1294 5454 1596 5523 πανσόφοις
1622 5451 1697 5511 ὼ,
1744 5448 1920 5517 πυρὸς

2022 5168 2333 5239 theologica
2359 5168 2542 5224 lucem
2575 5176 2632 5223 et
2679 5165 2996 5222 claritatem
3045 5160 3374 5222 extendunt.
3409 5160 3522 5216 imo
3553 5170 3611 5215 et

574 5253 722 5356 611w-
742 5283 938 5346 ἀθεῖας
967 5280 1071 5334 ὅσα
1102 5279 1199 5332 καὶ
1239 5272 1542 5338 εὐέξαπτον
1573 5270 1778 5339 ἄχυρον
1810 5267 1899 5356 εῑτι

2021 5259 2422 5317 omniscientiae
2455 5260 2638 5331 ignem
2688 5257 2876 5313 emant
2921 5266 2976 5313 et
3005 5253 3274 5310 doctrinae
3306 5253 3490 5308 fontes
3521 5267 3610 5307 re—

2023 5353 2272 5418 cludunt,
2305 5352 2595 5422 ipsumque
2624 5350 2918 5407 Dominum
2954 5348 3195 5403 maxime
3232 5343 3609 5401 venerandum

2025 5447 2123 5517 qui
2149 5447 2300 5500 venit
2326 5444 2485 5500 talem
2516 5443 2698 5514 ignem
2728 5456 2894 5511 super
2920 5439 3188 5495 mundum
3235 5440 3609 5508 proiecturus.

342 5531 517 5631 μένος-
547 5531 778 5623 πνέειν,
794 5554 995 5623 οὔκουν
1041 5550 1139 5607 τοῦ
1173 5548 1316 5603 κατὰ
1346 5543 1638 5618 ῥητορείαν
1660 5541 1696 5610 ἢ
1728 5539 1899 5609 λοιπὴε

2030 5537 2153 5610 Ipse
2185 5541 2281 5595 lux
2321 5538 2578 5608 apparuit
2606 5544 2662 5592 et
2710 5532 3068 5607 philosophos
3104 5531 3438 5605 mundanas,
3470 5540 3607 5598 quo—

345 5651 701 5723 σοφιστιίαν,
745 5648 843 5703 τοῦ
895 5646 955 5700 δὲ
1003 5643 1161 5707 κατὰ
1182 5642 1277 5695 τὸν
1313 5638 1660 5709 ὑπέρσεμνον
1692 5631 1921 5703 Κύριον,

342 5749 400 5813 ὃς
426 5750 528 5805 καὶ
554 5746 799 5802 τοιοῦτον
851 5742 965 5814 πῦρ
1008 5738 1142 5814 ἦλθε
1191 5738 1374 5809 βαλεῖν
1421 5735 1504 5799 είς
1555 5732 1648 5786 τὸν
1690 5730 1922 5800 κόσμον·

2032 5647 2156 5689 rum
2186 5632 2371 5702 lingua
2396 5629 2669 5692 resanuit,
2705 5628 2762 5681 in
2791 5635 2994 5682 terram
3028 5624 3266 5691 vocavit;
3301 5621 3612 5676 initiatores

2034 5733 2220 5780 autem
2248 5722 2505 5779 caelestes
2547 5730 2603 5777 et
2628 5718 2850 5775 divinos
2896 5717 3096 5773 ibidem
3144 5712 3473 5781 recondidit,
3502 5724 3610 5765 nu-

347 5801 677 5912 cibsvabsb;
728 5840 808 5904 είς
859 5801 1071 5892 “sivo-tr
1128 5801 1304 5894 ἄλλως
1336 5824 1634 5898 δληλυθὼς,
1668 5822 1768 5878 καὶ
1799 5820 1895 5875 τοῦ

2035 5817 2159 5873 bent
2186 5814 2476 5886 igniferam
2508 5813 2888 5881 monstrando,
2939 5820 2994 5867 et
3045 5809 3260 5880 linguas
3291 5801 3610 5878 spirituum
