4050 6426
490 349 589 413 5.71

1197 350 1623 411 EUSTATHII
1668 347 2426 411 THESSALONICENSIS
2468 349 3035 412 ΜΕΤΠΟΡΟΙᾸΤίΕ

3658 348 3762 418 572

483 462 683 528 ignitas
734 461 788 516 in
819 461 1098 533 angelicas
1154 464 1600 521 transformando
1652 481 1774 535 qua:
1807 466 2062 521 humanis

2182 469 2271 520 ιέν
2319 468 2582 537 σοφιστὰς
2614 467 2726 522 τῶν
2757 470 2960 537 γηΐνων
2992 509 3005 533 ,
3056 464 3134 523 ὧν
3181 469 3214 540 ἠ
3277 467 3499 538 γλῶσσα
3548 471 3763 539 διῆλθε,

482 553 687 621 linguis
736 554 1047 622 superiores
1104 564 1331 620 essent,
1396 556 1597 626 quippe
1647 572 1767 626 qua:
1827 556 2065 627 Spiritus

485 645 695 716 dactylo
715 653 870 699 tacta:
891 654 1099 710 essent,
1125 657 1179 699 et
1203 662 1325 716 qua:
1350 650 1556 702 mundo
1586 649 1851 703 salutaria
1879 656 2068 703 essent

487 736 768 802 psallendo
825 748 1168 796 resonarent.
1230 749 1288 791 ιιι
1335 739 1500 792 etiam
1544 740 1578 792 ii
1643 742 1800 808 quia
1857 739 2066 793 sanctis

483 828 769 898 discipulis
801 830 998 883 initiati
1028 840 1216 884 essent
1247 831 1403 884 novis
1456 831 1663 900 linguis
1712 833 2066 902 loquerentur

486 921 684 974 mirum
727 922 781 975 in
832 921 1056 975 modum
1108 922 1413 976 secundum
1468 923 1657 989 David,
1709 925 1908 993 linguis
1943 926 2066 979 dico

480 1025 617 1078 quas
670 1025 950 1079 nunquam
1007 1013 1339 1068 didicerunt.
1393 1012 1488 1068 His
1513 1015 1657 1068 enim
1696 1014 1898 1083 linguis
1927 1029 2064 1085 opus

480 1111 598 1156 crat
661 1103 808 1173 loqui
856 1115 1046 1159 contra
1113 1119 1284 1160 vanos
1317 1145 1333 1170 ,
1392 1114 1447 1160 et
1509 1106 1589 1161 sic
1645 1105 1741 1161 Dei
1793 1106 2060 1174 Spiritum

481 1196 666 1249 testari
711 1205 765 1250 et
813 1196 1056 1251 caelestia
1104 1197 1466 1252 annnntiare.
1515 1198 1572 1252 Si
1623 1201 1771 1253 enim
1820 1199 1999 1254 atheis
2031 1213 2059 1254 a

480 1286 680 1356 linguis
720 1289 874 1342 labor
916 1297 970 1342 et
994 1288 1283 1344 difﬁcultas
1341 1292 1616 1356 nascitur,
1677 1292 1779 1361 piis
1817 1300 2061 1348 econtra

481 1378 715 1432 dulcedo
747 1388 804 1432 ut
833 1379 936 1432 mel
967 1379 1198 1444 accedit,
1231 1389 1290 1432 ut
1333 1379 1533 1450 linguae
1581 1380 1932 1450 antiquorum
1970 1393 2063 1449 po-

477 1471 758 1537 pulorum,
799 1469 998 1540 quibus
1035 1469 1124 1523 lux
1159 1471 1426 1525 immensa
1471 1485 1702 1528 accensa
1735 1482 1819 1526 est
1846 1481 1901 1526 et
1943 1486 2064 1540 quae

480 1562 534 1612 in
564 1575 748 1614 aerem
784 1562 1055 1625 ascendit,
1085 1561 1307 1631 pessimi
1349 1562 1493 1632 regis
1525 1563 1576 1617 in
1609 1563 1898 1627 auxilium,
1933 1565 2066 1619 sunt

484 1652 786 1708 bumiliatae
839 1655 893 1707 in
946 1654 1197 1711 miserias
1256 1655 1381 1710 vitae
1432 1655 1708 1712 humanm.
1773 1655 2064 1713 Praesentis

2173 561 2471 629 προσφυῶς
2517 562 2715 625 εἰπεῖν,
2753 561 2843 614 ἐπὶ
2889 560 2995 629 τῆς
3049 560 3152 630 γῆς
3203 561 3484 631 ἀπήγαγε·
3513 562 3651 626 τοὺς
3676 564 3765 616 ού-

2173 651 2520 721 ρανομύστας
2549 653 2608 706 δὲ
2634 653 2728 706 καὶ
2753 651 3124 722 θεορῤήτορας
3151 653 3567 722 ἀντεισαγαγὼν
3590 656 3766 726 ἐπαρο

2173 743 2410 811 ρησίασε
2446 743 2833 813 γλωσσόκομον
2869 783 2882 805 .
2940 739 3056 800 οἷον
3104 745 3290 808 αὐτοῖς
3335 747 3672 816 παραφήνας
3704 747 3766 798 τὸ

2171 832 2517 904 πυρίμορφον
2575 833 2784 886 ἐκεῖνον
2857 833 3063 902 νέφος,
3125 837 3222 886 καὶ
3278 835 3763 904 πνευματοφόροις

2169 925 2445 992 γλώσσαις
2497 927 2573 990 ὡς
2617 921 2730 980 οἷον
2776 925 2837 981 ἐν
2886 927 3022 998 πυρὶ⁹
3059 928 3158 989 τάς
3189 927 3418 980 ἐκείνων
3466 928 3762 996 στομώσας

2173 1016 2268 1070 καὶ
2326 1017 2684 1087 ἐμπυρεύσας
2726 1019 2908 1087 ἀγνῶς
2966 1019 3048 1083 είς
3097 1017 3418 1086 ἀγγελικάς,
3461 1019 3536 1082 ὡς
3588 1019 3764 1083 ὑπερ-

2176 1107 2380 1172 ϐάντας
2411 1109 2664 1178 γλῶσσαν
2697 1111 2920 1164 ἃπασαν
2953 1111 3054 1181 τὴν
3086 1111 3208 1164 κατ’
3244 1109 3556 1180 ἄνθρωπον,
3591 1110 3764 1176 ἀγγέφ

2173 1199 2279 1253 λων
2310 1198 2585 1268 γλώσσαις
2613 1202 2818 1267 λαλεῖν,
2847 1200 3285 1272 ψηλαφωμέναις
3310 1200 3562 1269 δακτύλῳ
3587 1201 3766 1253 Ilvati-

2176 1312 2368 1365 ματος,
2388 1295 2482 1348 καὶ
2514 1293 2849 1363 ψαλλούσαις
2879 1295 2972 1348 καὶ
2988 1295 3335 1366 ἀπηχούσαις
3361 1295 3431 1346 τὰ
3461 1294 3540 1364 τῷ
3568 1294 3763 1363 κόσμῳ

2172 1387 2442 1456 σωτήρια·
2477 1384 2566 1440 ἵνα
2588 1385 2682 1440 καὶ
2714 1387 2762 1439 oi
2792 1385 2880 1439 διὰ
2909 1386 3018 1439 τῶν
3047 1384 3220 1453 ἁγίων
3252 1383 3511 1455 μαθητῶν
3549 1401 3762 1453 μυστα-

2171 1477 2514 1546 γωγούμενοι
2563 1477 2871 1532 λαλούντων
2937 1477 3216 1548 γλώσσαις
3254 1479 3495 1542 καιναῖς,
3542 1477 3763 1544 λέγοιεν

2173 1569 2312 1640 μετὰ
2343 1569 2624 1639 θαύματος
2658 1572 2723 1624 ἐκ
2753 1570 2863 1624 τῶν
2891 1569 2988 1624 τοῦ
3031 1570 3196 1624 Δαϐὶδ
3231 1569 3482 1637 γλώσσας
3525 1567 3761 1624 ἀκοῦσαι

2169 1659 2237 1724 ἃς
2269 1660 2442 1728 ἔγνων
2467 1661 2722 1714 οὐδέποτε
2749 1678 2763 1693 ⁸
2790 1662 2890 1716 καὶ
2927 1662 3005 1724 ώς
3036 1662 3205 1732 ἐχρῆν
3254 1660 3396 1714 κατά
3430 1659 3542 1713 τῶν
3572 1660 3760 1728 λήρων

480 1757 663 1800 autem
697 1746 821 1803 festi
860 1747 1054 1817 linguae
1097 1758 1150 1803 et
1197 1749 1289 1820 qui
1340 1749 1409 1804 iis
1455 1749 1744 1805 illuminati
1779 1760 1909 1805 sunt
1951 1750 2063 1806 Deo

2182 1752 2564 1821 γλωσσαλγιῶν
2613 1751 2868 1821 γλώσσας
2911 1752 3116 1813 ταύτας
3162 1751 3379 1814 ἐνθέους
3435 1750 3763 1821 πεμφθῆναι

481 1852 670 1906 regum
703 1836 836 1907 Regi
869 1854 928 1894 se
955 1803 1308 1894 addixerunt.
1358 1839 1647 1896 Trinitatis
1681 1843 1826 1898 enim
1880 1844 2062 1914 ignem

2182 1803 2228 1898 3o
2246 1803 2276 1805 ﬁ
2296 1803 2726 1913 duon.pavoﬁoac
2742 1803 2755 1805 ν
3394 1803 3765 1910 ραπέυιμένως

479 1931 785 1995 continent,
847 1931 938 2000 qui
1009 1947 1096 1987 res
1156 1941 1374 1988 exteras
1429 1947 1536 1987 non
1589 1933 1884 1989 comburit.
1921 1934 2061 2000 Quia

2182 1937 2445 2006 λαχούσας
2500 1935 2721 1990 λαλεῖν
2769 1936 2864 1988 καὶ⁹
2908 1935 2984 1998 ὡς
3023 1937 3134 1998 τοῖς
3177 1935 3276 2004 μὲν
3341 1932 3526 1995 ἀθέοις
3579 1933 3751 1993 κόπος

480 2023 626 2076 enim
656 2037 778 2077 cum
811 2033 971 2080 vento
1023 2025 1260 2080 violento
1286 2025 1522 2096 desuper
1567 2026 1736 2092 venit,
1781 2041 1888 2082 non
1926 2027 2069 2082 sicut

2182 2032 2270 2084 καὶ
2303 2030 2467 2090 πόνος
2498 2028 2603 2080 ὑπὸ
2629 2029 2748 2090 ταῖς
2773 2027 3070 2096 γλώσσαις,
3097 2027 3210 2088 τοῖς
3236 2025 3292 2077 δέ
3316 2023 3519 2086 ἐνθέοις
3541 2023 3766 2092 ἥδυσμα

481 2115 686 2171 tonitru
719 2127 775 2172 et
807 2126 1000 2172 contra
1031 2117 1202 2188 legem
1233 2119 1537 2174 naturalem
1575 2119 1627 2172 in
1662 2119 1879 2190 linguas
1904 2118 2060 2172 flani-

2182 2121 2313 2191 ὅπερ
2349 2120 2516 2190 μέλι,
2574 2122 2669 2173 καὶ
2719 2119 2796 2182 ὡς
2849 2119 2906 2172 ai
2952 2119 3052 2188 μὲν
3115 2115 3392 2186 σύμφυλοι
3449 2117 3566 2178 τοῖς
3595 2113 3766 2167 πάλαι

480 2224 634 2266 meas
672 2209 901 2278 incidit;
936 2210 1030 2265 sed
1081 2209 1356 2264 illuminat
1400 2219 1453 2266 et
1501 2211 1716 2281 perficit
1767 2211 1966 2265 mirum
2010 2214 2066 2266 in

2182 2215 2346 2276 λαοῖς,
2405 2213 2500 2266 καὶ
2539 2213 2661 2275 ταῖς
2700 2210 2820 2264 τότε
2874 2209 3072 2279 φυλαῖς
3126 2207 3417 2276 γλῶσσαι,
3458 2207 3550 2258 ὅτε
3606 2205 3766 2274 καλή

480 2303 706 2356 modum
753 2318 850 2358 eos
901 2301 996 2372 qui
1034 2302 1114 2358 sic
1163 2302 1255 2356 illa
1308 2303 1430 2357 luce
1472 2303 1684 2374 praediti
1732 2303 1976 2370 fuerunt,
2011 2316 2068 2360 et

2182 2305 2373 2377 μικροῦ
2424 2305 2622 2358 δέουσα
2678 2303 3208 2373 πεντηκοντάπηχυς
3256 2300 3534 2368 ἐξανῆπτο
3593 2298 3765 2366 φλὸξ,

483 2405 744 2464 tanquam
778 2403 944 2450 vento
967 2395 1210 2450 violento
1245 2394 1338 2464 qui
1378 2393 1621 2464 Spiritus
1656 2397 1831 2451 sancti
1874 2396 2065 2452 virtutl

2182 2400 2266 2452 ιιαὶ
2303 2399 2386 2462 είς
2449 2397 2646 2468 αἰθέρα
2699 2395 3032 2466 ἐφιλονείκει
3083 2394 3376 2463 ἀναϐῆναι,
3409 2393 3678 2462 βασιλέως
3709 2408 3766 2444 τε

482 2486 646 2549 inest,
685 2488 750 2542 ad
776 2488 995 2543 Patrem
1032 2486 1301 2541 luminum
1337 2488 1610 2557 perducit.

2182 2487 2311 2561 ῆσαν
2339 2488 2632 2556 κακίστου,
2668 2490 2767 2542 καὶ
2812 2488 2968 2543 κάτω
3016 2487 3317 2558 συρόμεναι
3351 2486 3444 2538 καὶ
3478 2484 3765 2565 ταπειναὶ⁹

484 2582 582 2635 καὶ
613 2581 744 2653 χοῦν
770 2579 1042 2650 συρφετοῦ
1076 2579 1332 2649 βιωτικοῦ
1376 2579 1729 2651 κατέχουσαν
1763 2581 1861 2652 τῆς
1885 2581 1942 2636 δέ
1969 2581 2065 2636 νῦν
2099 2582 2294 2652 ἑορτῆς
2325 2583 2380 2635 αἱ
2409 2581 2655 2649 γλῶσσαι
2687 2583 2780 2634 καὶ
2810 2581 2926 2634 ὅσοι
2955 2579 3014 2632 δὲ
3085 2578 3400 2647 σοφίζονται
3442 2578 3512 2632 δι’
3585 2578 3765 2631 αὐτῶν

484 2673 580 2727 τοῦ
633 2675 777 2730 πάνυ
829 2679 1035 2747 ἀγαθοῦ
1087 2681 1486 2752 παμϐασιλέως
1520 2679 1659 2735 Θεοῦ
1694 2683 2003 2750 πεφύκασιν
2033 2697 2048 2714 '
2089 2681 2139 2735 οἳ
2213 2683 2309 2736 καὶ
2358 2680 2488 2752 περὶ
2534 2680 2646 2749 πῦρ
2713 2678 2896 2749 έχουσι
2925 2676 3086 2731 τοῦτο
3131 2675 3496 2747 στρεφόμενοι
3532 2675 3762 2747 Τριαδι-

485 2769 603 2834 κὸν,
639 2769 762 2825 οὔτε
793 2775 922 2837 τοὺς
957 2776 1106 2840 ἐντός
1145 2777 1314 2831 αὑτοῦ
1363 2778 1564 2846 φλέγον
1593 2778 1720 2831 οὔτε
1759 2778 2062 2844 πλαγιάζον
2101 2780 2197 2832 καὶ
2247 2778 2509 2849 ἐκτρέχον
2541 2779 2620 2840 είς
2651 2775 2986 2847 ἐμπρησμὸν
3012 2772 3121 2828 τῶν
3152 2772 3333 2840 πέριξ,
3377 2765 3440 2825 οῦ
3502 2771 3567 2824 τὸ
3639 2789 3762 2824 και-

487 2865 712 2918 νότατον
765 2867 858 2920 καὶ
909 2867 990 2921 ὅτι
1041 2869 1250 2923 ἀνωθεν
1289 2869 1680 2940 κατασκῆπτόν
1715 2870 1853 2939 μετά
1890 2869 2071 2940 βιαίας
2111 2869 2308 2940 πνοῆς,
2347 2870 2756 2938 ού.κεραύνιον
2786 2867 3048 2936 ἐμπίπτει
3119 2864 3436 2920 ἀποπάλλον
3505 2861 3762 2935 μερισμῷ

493 2958 784 3029 παραδόξῳ
817 2957 1069 3038 γλώσσας
1100 2962 1359 3032 φλογέας,
1387 2961 1526 3014 ἀλλὰ
1553 2960 1782 3030 φωτίζει
1811 2962 1907 3015 καὶ
1935 2962 2192 3015 ἀποτελεῖ
2232 2961 2544 3028 θαυμάσιον
2591 2961 2652 3013 τὸ
2703 2961 2830 3021 τοὺς
2899 2957 3045 3011 οὕτω
3106 2957 3480 3026 φωτισθέντας
3548 2958 3622 3009 δι’
3666 2955 3756 3008 αὐ-

484 3050 580 3104 τοῦ
631 3051 1072 3122 ἀναρπάζεσθαι,
1107 3053 1182 3118 ώς
1234 3052 1325 3108 διὰ
1375 3053 1691 3125 πνεύματος
1743 3053 1920 3123 βιαίου
1975 3055 2074 3125 τῆς
2113 3054 2255 3110 κατὰ
2286 3054 2348 3108 τὸ
2382 3052 2541 3123 ἅγιον
2597 3049 2825 3122 Πνεῦμα
2853 3050 3160 3120 δυνάμεως,
3195 3050 3274 3112 εἰς
3305 3049 3474 3105 αὑτὸν
3541 3049 3615 3121 δὴ
3672 3049 3763 3102 τὸν

490 3146 715 3220 Πατέρα
750 3148 864 3202 τῶν
891 3151 1112 3217 φώτων.

565 3236 648 3296 57.
690 3238 882 3296 Restat
915 3240 1024 3297 illis
1058 3241 1330 3312 nobisque
1360 3243 1544 3299 dicere
1581 3243 1861 3314 quomodo
1900 3240 2066 3296 dictio

2242 3237 2340 3305 νζ,
2376 3239 2532 3292 Ἐστι
2579 3237 2638 3291 δέ
2689 3237 2786 3291 καὶ
2835 3235 3067 3300 ἐκείνοις
3120 3235 3216 3291 καὶ
3253 3235 3387 3307 ἡμῖν
3422 3234 3633 3305 λέγειν,
3664 3236 3759 3288 καὶ

486 3329 811 3401 symbolica,
847 3329 1013 3385 Deum
1047 3345 1169 3386 esse
1206 3334 1384 3401 ignem
1410 3372 1423 3397 ,
1453 3349 1560 3385 non
1598 3347 1626 3385 a
1653 3332 1794 3387 mala
1825 3332 2074 3402 phoenice

486 3421 864 3490 desumptum,
901 3437 1006 3478 non
1034 3437 1100 3478 eo
1141 3438 1316 3494 usque
1382 3423 1675 3478 Dominum
1742 3423 2072 3478 omniscium

487 3515 836 3584 perduxisse,
892 3525 952 3570 ut
987 3516 1178 3572 missis
1213 3516 1418 3586 linguis
1470 3517 1650 3586 igneis
1702 3532 1867 3586 super
1915 3516 2074 3570 disci-

493 3607 654 3675 pulos
679 3621 810 3661 suos
844 3605 1118 3661 vivificam
1147 3603 1386 3674 Spiritus
1418 3607 1592 3661 sancti
1623 3605 1880 3660 virtutem
1914 3618 2078 3674 opere

488 3697 698 3753 visibili
737 3707 790 3752 et
833 3697 978 3766 quod
1025 3705 1263 3752 mentem
1317 3697 1796 3767 supernaturalem
1829 3697 2075 3764 denotet,

489 3791 778 3845 indicaret.
826 3787 984 3846 Unde
1050 3789 1442 3859 cognoscimus
1493 3803 1805 3845 sermonem
1859 3805 2078 3859 quoque

492 3881 850 3950 apostolicum
887 3881 1108 3950 igneum
1148 3881 1413 3944 evasisse,
1448 3889 1504 3933 et
1551 3881 1699 3949 quod
1740 3880 1955 3951 fulgura
1994 3897 2078 3935 ra-

492 3976 646 4028 tione
695 3972 966 4043 spirituali
1029 3972 1296 4039 apostolis
1345 3972 1565 4027 ccelitus
1615 3973 1864 4030 immissa
1929 3983 2076 4042 sunt,

493 4079 618 4134 quae
668 4064 834 4133 impie
886 4063 1171 4119 audientes
1219 4078 1326 4118 non
1363 4064 1429 4118 ad
1465 4073 1686 4119 cantum
1732 4067 2068 4121 excitarunt.

493 4153 600 4209 Per
631 4153 851 4224 fulgura
895 4160 1076 4207 autem
1125 4167 1236 4208 non
1292 4151 1620 4223 simpliciter
1656 4154 1890 4208 tonitru.
1917 4169 2082 4210 voces

496 4247 890 4302 subaudienda:
928 4255 1128 4312 erunt,
1173 4245 1365 4315 quales
1406 4244 1635 4300 aliunde
1675 4245 2037 4314 cognovimus
2063 4284 2078 4309 ,

496 4339 590 4395 sed
648 4337 854 4393 tonitru
909 4338 1027 4392 filii.
1067 4338 1301 4392 Tonitru
1340 4338 1486 4392 enim
1532 4337 1846 4408 impellente
1889 4348 1942 4392 et
1977 4337 2082 4408 ipsi

495 4439 552 4486 ct
595 4440 719 4502 post
763 4431 912 4500 ipsos
964 4430 1212 4501 magistri
1253 4431 1423 4485 locuti
1473 4440 1643 4497 sunt;
1698 4447 1808 4501 quo
1858 4432 2078 4500 quidem

494 4540 658 4582 sensu
684 4532 739 4580 et
769 4521 1009 4578 Joannes
1041 4523 1248 4576 tonitru
1285 4523 1454 4586 filius,
1503 4523 1649 4577 sicut
1676 4532 1731 4576 et
1780 4522 1964 4592 fulgur
1999 4523 2081 4577 di-

2179 3330 2256 3395 ὼς
2292 3331 2355 3384 τὸ
2389 3328 2739 3400 συμϐολικῶς
2774 3327 2873 3398 μὲν
2921 3327 3310 3398 γεγραμμένον
3357 3325 3471 3397 πῦρ
3501 3322 3648 3380 εἶναι
3675 3327 3763 3380 τὸν

2178 3422 2332 3487 Θεὸν,
2361 3422 2424 3476 ού
2457 3421 2642 3485 καλῶς
2672 3421 2728 3474 δὲ
2759 3419 3034 3490 ἐκληφθὲν
3080 3421 3157 3488 τῷ
3199 3418 3491 3488 κακοσόφῳ
3535 3419 3760 3488 φοίνικι,

2178 3518 2240 3580 ἐς
2260 3513 2522 3570 τοσοῦτον
2545 3515 2645 3568 οὐκ
2674 3513 2934 3584 ἐνέτρεψε
2978 3516 3070 3567 τὶν
3117 3512 3398 3581 πάνσοφον
3435 3511 3664 3581 Κύριον,
3691 3512 3761 3572 ὼς

2181 3609 2290 3662 ίδοὺ
2341 3609 2433 3661 καὶ
2467 3607 2739 3676 γλώσσαις
2793 3607 3050 3677 πυρίναις
3095 3607 3325 3668 ταύταις
3377 3604 3764 3674 ἐπιπεμπομὲ-

2179 3718 2303 3764 ναις
2335 3703 2447 3761 τοῖς
2483 3698 2651 3752 αὑτοῦ
2691 3699 2983 3768 μαθηταῖς,
3015 3699 3114 3766 τὴν
3147 3696 3409 3762 ζωοποιδν
3458 3695 3553 3750 τοῦ
3609 3696 3762 3764 ἁγίου

2183 3794 2501 3862 Πνεύματος
2547 3789 2896 3862 παραδηλοῦν
2942 3788 3178 3859 δύναμιν
3230 3788 3324 3842 καὶ
3365 3787 3652 3859 ἐνέργειαν
3683 3788 3764 3840 αἰ-

2183 3885 2368 3954 σθητῷ
2402 3883 2589 3954 σεμνῷ
2621 3883 2910 3954 πράγματι
2943 3879 3353 3952 παραδηλοῦντι
3383 3880 3763 3950 νόημαύπερ-

2182 3975 2316 4044 φυές
2338 3990 2351 4004 ·
2389 3975 2456 4028 δι’
2492 3971 2554 4029 οῦ
2593 3973 3121 4042 καταλαμϐάνομεν,
3154 3975 3250 4028 καὶ
3277 3973 3355 4036 ὡς
3387 3968 3480 4028 οἶα
3530 3972 3764 4042 πυρίνην

2182 4068 2374 4121 λαλιὰν
2405 4066 2867 4136 γενήσεσθαιτὴν
2897 4065 3292 4136 ἀποστολικήνο
3327 4065 3422 4118 καὶ
3457 4066 3533 4128 ὡς
3558 4064 3765 4134 ἀστρα-

2185 4161 2284 4212 παὶ
2315 4158 2522 4230 νοητῶς
2569 4157 3046 4229 πληθυνθήσονται
3079 4157 3264 4212 θεόθεν
3288 4157 3402 4220 τοῖς
3438 4156 3606 4227 ἱεροῖς
3636 4157 3766 4210 ἀπο-

2185 4251 2433 4316 στόλοις,
2472 4250 2852 4320 ταράσσουσαι
2903 4245 3200 4316 ψαλμικῶς
3253 4247 3382 4311 τοὺς
3447 4246 3523 4316 μὴ
3567 4244 3765 4304 ἐνθέως

2183 4340 2574 4410 ἀκρωομένους
2597 4355 2611 4370 °
2642 4339 2700 4394 αἱ
2729 4339 2794 4404 δὴ
2826 4339 3111 4410 ἀστραπαὶ
3130 4338 3376 4406 λέγοιντο
3406 4336 3472 4390 ἀν
3501 4337 3564 4390 οὐ
3594 4333 3766 4404 φωναὶ

2185 4431 2374 4494 ἁπλῶς
2407 4431 2662 4501 βροντῆς,
2695 4430 2893 4484 ὁποίαν
2927 4431 3111 4484 ἄλλοθι
3153 4429 3421 4498 ἔγνωμεν,
3450 4426 3589 4481 ἀλλά
3614 4427 3769 4496 βρον-

2185 4522 2285 4590 τῆς
2324 4523 2569 4590 ἔκγονοι·
2607 4520 2958 4590 βροντολάλοι
2986 4523 3093 4590 γὰρ
3128 4521 3223 4573 καὶ
3259 4520 3416 4572 αὐτοὶ
3443 4519 3540 4573 καὶ
3569 4520 3617 4570 οἱ
3651 4512 3764 4587 μετ’

492 4617 683 4671 vinum
724 4617 890 4671 istius
933 4616 1139 4670 tonitru
1193 4615 1418 4672 effectus
1465 4623 1572 4681 est,
1613 4617 1738 4685 quia
1772 4632 1880 4671 non
1918 4618 2074 4671 modo

2186 4614 2391 4677 αὐτοὺς
2424 4607 2774 4668 διδάσκαλοι⁹
2813 4616 2984 4684 ὁποίῳ
3040 4612 3184 4683 λόγῳ
3231 4616 3325 4665 καὶ
3371 4613 3400 4664 ό
3454 4607 3770 4678 θεολογικῶ-

495 4709 604 4763 vita
635 4707 743 4763 Deo
775 4708 936 4779 digna
969 4722 1066 4778 per
1099 4707 1472 4775 virginitatem
1510 4705 1735 4773 eil‘ulsit,
1785 4706 1880 4761 sed
1909 4707 2076 4761 etiam

497 4800 805 4870 theologica
868 4814 1060 4854 sensu.
1129 4798 1187 4853 Si
1263 4806 1447 4852 autem
1507 4796 1711 4865 linguae
1771 4798 2077 4852 secundum

497 4902 687 4964 gentes
748 4893 950 4964 linguis
1001 4900 1406 4962 opponuntur,
1469 4891 1789 4959 apostolica:
1860 4904 2083 4960 quoque

496 5001 628 5052 non,
679 4985 824 5040 sicut
865 4985 1072 5039 dictum
1122 4993 1230 5049 est,
1289 4981 1569 5037 ebrietatis
1619 4980 1851 5036 euectus
1904 4983 2078 5046 fuere,

496 5079 699 5146 quippe
723 5091 834 5145 quo
863 5075 1222 5145 spiritualiter
1251 5083 1305 5130 et
1333 5073 1657 5129 harmontcc
1693 5073 1839 5129 inter
1866 5089 1924 5130 se
1954 5089 2087 5129 con-

496 5171 731 5237 spirant.
781 5167 962 5234 Quare
1004 5181 1128 5236 quae
1166 5165 1407 5234 desuper
1459 5176 1591 5221 sunt
1645 5166 1866 5236 linguai,
1919 5169 2089 5236 igneae

498 5259 765 5313 habendae
788 5269 940 5314 sunt.

2189 4722 2354 4770 τατος
2401 4704 2656 4774 Ἰωάννης
2707 4703 2936 4775 βροντῆς
2990 4704 3139 4770 υίὸς,
3196 4703 3388 4756 καθότι
3445 4705 3541 4756 καὶ
3595 4702 3768 4761 ἔνθεος

2195 4799 2454 4867 ἀστραπὴ
2484 4796 2741 4864 τοιαύτης
2777 4794 3006 4866 βροντῆς
3033 4795 3280 4865 ἔκγονος,
3310 4795 3398 4848 διὰ
3423 4797 3482 4848 τὸ
3509 4792 3768 4862 ἐξαστρά-

2188 4889 2289 4958 ψαι
2325 4888 2385 4941 οὑ
2436 4890 2597 4958 μόνον
2651 4889 2947 4958 θεοπρεπεῖ
2995 4889 3260 4958 φανότητι
3299 4886 3414 4956 βίου
3457 4886 3544 4940 διὰ
3579 4884 3773 4956 παρθε-

2193 4983 2335 5047 νίας,
2387 4981 2524 5036 ἀλλὰ
2584 4982 2681 5036 καὶ
2736 4980 3060 5048 θεολογικῶς
3088 4996 3101 5010 ο
3138 4982 3185 5033 εί
3232 4981 3289 5033 δὲ
3324 4979 3571 5049 γλῶσσαι
3603 4977 3772 5047 γλώσ-

2193 5090 2317 5137 σαις
2349 5075 2402 5127 αἱ
2438 5073 2581 5126 κατά
2603 5073 2731 5143 έθνη
2762 5074 3118 5136 ἀντίκεινται,
3151 5072 3285 5125 ἀλλὰ
3313 5072 3368 5124 αἱ
3401 5067 3768 5131 ἀποστολικαὶ,

2195 5168 2245 5220 εἰ
2294 5166 2390 5219 καὶ
2424 5166 2568 5218 κατὰ
2602 5165 2695 5218 τὸν
2727 5164 2905 5231 οὕτως
2946 5165 3172 5218 εἰπόντα
3208 5165 3336 5235 δίχα
3384 5163 3673 5234 φρονέουσι
3701 5157 3771 5226 τῷ

2195 5256 2342 5312 κατά
2393 5257 2618 5327 δόκησιν
2675 5257 2848 5328 μέθης
2908 5257 3361 5327 παρακούσματι,
3415 5254 3597 5318 ἄλλως
3648 5248 3772 5320 γοῦν

503 5351 898 5421 συμφωνοῦσιν
943 5352 1148 5406 ἐκεῖναι
1198 5353 1614 5424 πνευματικῶς,
1649 5353 1746 5408 καὶ
1778 5354 1856 5416 είς
1901 5353 1958 5406 ἓν
2025 5353 2298 5424 ἁρμονίας
2351 5353 2648 5425 ἕρχονται’
2700 5355 2790 5407 ὅτε
2838 5353 2936 5406 καὶ
2980 5349 3049 5424 ἦν
3097 5369 3251 5416 τινας
3320 5351 3526 5422 λέγειν,
3594 5348 3668 5411 ὡς
3720 5345 3771 5399 αἱ

507 5445 609 5515 μὲν
642 5443 853 5497 ἀνωθεν
896 5443 1164 5510 γλῶσσαι,
1193 5443 1440 5512 γλῶσσαι
1471 5445 1665 5514 πυρός.

576 5531 668 5587 58.
709 5532 869 5599 Quod
914 5545 1046 5586 vero
1097 5532 1230 5601 ipsae
1257 5544 1584 5602 operantur,
1636 5547 1744 5586 non
1778 5532 1944 5602 ignis,
1978 5546 2089 5586 non

507 5624 744 5695 fulgoris
778 5630 875 5678 aut
905 5637 1092 5678 rerum
1120 5624 1174 5678 in
1206 5625 1416 5680 mundo
1448 5625 1732 5696 ignearum
1767 5639 1905 5693 Opus
1936 5632 2090 5689 sunt,

512 5717 608 5772 sed
644 5717 784 5774 lucis
817 5716 1084 5786 spiritalis
1131 5731 1286 5772 more
1322 5719 1550 5788 angelos
1577 5717 1879 5786 symbolice
1913 5726 2092 5770 trans-

514 5808 716 5874 ﬁgurat
742 5827 757 5878 ;
785 5823 952 5877 quam
975 5808 1069 5877 qui
1099 5807 1283 5877 habet,
1311 5823 1420 5865 non
1463 5809 1648 5870 lumen
1680 5815 1765 5864 est
1795 5805 2086 5876 singulari-

2272 5537 2375 5601 νη’.
2414 5533 2479 5583 Ὃ
2514 5529 2569 5583 δὲ
2615 5530 2777 5586 αὐταὶ¹
2816 5531 3099 5596 ποιοῦσιν,
3122 5532 3182 5584 ού
3229 5531 3405 5600 πυρὸς
3449 5530 3632 5599 ἔργον,
3662 5521 3775 5579 οὐδὲ

2206 5623 2520 5693 ἀστραπῆς,
2555 5624 2666 5677 οὐδ’
2705 5625 2880 5680 ἄλλων
2951 5624 3126 5678 ὁπόσα
3194 5624 3349 5694 πυρά
3399 5624 3539 5677 εἰσιν
3591 5623 3647 5674 ἐν
3700 5615 3774 5685 τῷ

2205 5714 2420 5782 κόσμῳ,
2459 5713 2654 5781 φλογὸς
2687 5714 2742 5766 δὲ
2773 5715 2988 5783 νοερᾶς,
3035 5715 3195 5768 ὁποία
3227 5714 3321 5766 καὶ
3353 5713 3480 5775 τοὺς
3521 5708 3776 5779 ἀγγέλους

2203 5805 2398 5858 οὔκουν
2454 5805 2729 5872 εἰδοποιεῖ,
2767 5805 2902 5861 ἀλλά
2948 5805 3395 5874 συμϐολογραφεῖ
3420 5841 3435 5870 ,
3464 5802 3530 5869 ἣν
3586 5804 3612 5854 ό
3644 5798 3775 5862 ἔχων
