4050 6406
307 357 412 419 ιτςι

1098 361 1182 422 IN
1214 361 1564 422 HYMNUM
1609 363 2262 426 PENTECOSTALEM
2309 367 2769 428 DAMASCENI.

3458 367 3563 435 574

299 472 423 525 οὔτε
465 473 581 540 φῶς
610 475 724 529 ἐστι
759 477 1100 547 καταμόνας,
1129 479 1255 535 οὔτε
1287 479 1412 545 νοῦς
1439 482 1468 536 6
1509 481 1711 553 τυχὼν,
1745 482 1913 541 ἀλλὰ.

2001 493 2094 551 ter,
2135 501 2313 556 neque
2363 487 2698 551 intellectus,
2746 485 2839 542 sed
2883 500 3039 540 mens
3076 484 3298 540 lucifera
3336 501 3366 540 e
3403 486 3563 541 Patre

299 567 593 635 φωσφόρος
622 567 747 632 νοῦς
793 569 888 623 τοῦ
926 571 1036 624 τῶν
1085 570 1282 641 φώτων
1323 574 1538 643 Πατρὸς
1571 576 1882 630 ἀποπαλλό-

302 675 489 726 μενος,
517 660 613 712 καὶ
670 663 735 733 τῇ
779 661 900 717 κατ’
939 662 1229 735 ἄνθρωπον
1272 669 1622 738 φωτοφανείᾳ
1655 668 1882 738 ἑνούμε-

299 769 411 813 νος,
443 752 540 806 καὶ
569 755 970 824 προσεπαύξων
996 756 1097 828 τὴν
1124 757 1244 811 κατ’
1272 760 1434 814 αὐτὸν
1458 761 1760 832 ἐνέργειαν,
1789 765 1885 815 καὶ

297 843 360 908 ἐξ
391 844 748 918 ἀνθρωπίνης
785 849 1102 916 μεταποιῶν
1157 853 1237 915 εἰς
1283 851 1438 907 θείαν
1468 854 1562 908 καὶ
1596 855 1884 908 ἀποστολι-

298 936 426 1005 κὴν,
473 936 569 1026 καὶ
617 937 738 990 οἵαν
785 939 860 1010 μὴ
919 940 1306 1015 φαντάζειν,ῆ
1350 946 1478 1009 τοὺς
1517 946 1704 1015 ἁγίους
1753 949 1888 1002 ἁπο-

303 1027 550 1091 στὸλους,
587 1029 620 1090 ἢ
651 1029 779 1092 τοὺς
815 1030 1215 1097 ἀποστολικοὺς
1243 1035 1324 1099 είς
1370 1035 1570 1106 ὲρμᾶς,
1618 1036 1753 1093 ἀλλὰ
1791 1039 1888 1092 καὶ

299 1120 383 1182 εἰς
411 1120 576 1189 φύσιν
603 1122 741 1176 Θεοῦ
770 1123 1126 1198 θερμότερον,
1161 1127 1252 1183 ἵνα
1280 1129 1415 1194 Θεὸς
1440 1131 1578 1185 θεῶν
1603 1130 1746 1186 οὕτω
1777 1132 1886 1186 τῶν

302 1212 626 1266 ἀποστόλων
676 1216 703 1267 6
732 1215 936 1286 Κύριος
985 1218 1221 1288 λέγοιτο,
1259 1222 1288 1275 6
1335 1222 1434 1275 σὺν
1481 1222 1560 1291 τῷ
1593 1223 1887 1292 πληθύνειν

301 1304 525 1372 ὁράσεις
580 1306 709 1360 ποτὲ
773 1309 985 1378 σεμνῶς
1037 1313 1386 1380 πυροέσσας,
1438 1315 1748 1385 ἐμφανίσας
1791 1316 1887 1372 νῦν

303 1397 399 1446 καὶ
457 1395 715 1463 γλώσσας
747 1401 980 1468 πυρίνας
1036 1405 1116 1465 είς
1177 1406 1482 1475 μυστήριον
1509 1447 1525 1473 ,
1557 1407 1888 1478 ἐκπλήττειν

304 1487 428 1554 ἃμα
460 1488 556 1540 καὶ
609 1491 854 1558 σοφίζειν
904 1496 1033 1558 τοὺς
1070 1494 1400 1566 ζητητικοὺς
1451 1498 1750 1565 δυνάμενος
1775 1517 1788 1532 ·
1825 1494 1887 1555 οῦ

306 1580 370 1632 τὸ
418 1581 754 1650 ἀξιάγαστον
789 1585 1040 1640 ἐπελθεῖν
1092 1587 1532 1659 βραχυλογικῶς,
1578 1591 1720 1646 οῦτω
1753 1611 1889 1663 συμ-

306 1673 766 1743 σολογραφεῖται,
798 1678 942 1732 καθά
981 1677 1173 1748 ψάλλει
1215 1683 1242 1734 6
1269 1681 1527 1752 μελῳδός·
1566 1684 1886 1754 Πνεῦματος

1993 577 2264 633 luminum
2317 580 2676 650 progrediens
2719 588 2774 633 et
2828 579 3216 655 illutninatimii
3259 579 3560 634 secundum

1998 669 2281 724 hominem
2339 672 2521 726 addita
2566 681 2619 725 et
2666 671 2954 726 facultates
3003 673 3300 742 adaugens,
3337 685 3474 739 quas
3495 685 3559 723 ex

1995 762 2250 816 humanis
2285 763 2336 816 in
2374 763 2587 817 divinas
2623 773 2678 818 et
2705 763 3056 832 apostolicos,
3081 765 3190 816 imo
3221 764 3274 816 in
3305 772 3554 815 naturam

2003 853 2099 909 Dei
2130 855 2454 910 calidiorem
2499 856 2878 920 transformat,
2929 865 2987 910 ut
3032 855 3170 910 Deus
3218 854 3446 909 deorum
3479 853 3560 907 sic

1990 948 2368 1018 apostolorum
2429 947 2691 1002 Dominus
2755 956 3074 1012 vocaretur,
3154 947 3245 1017 qui
3320 946 3558 999 visiones

1989 1041 2176 1109 igneas
2216 1039 2601 1108 Multiplicare,
2627 1047 2682 1093 et
2712 1055 2854 1094 nunc
2880 1040 3093 1108 linguas
3130 1040 3327 1108 ignitas
3353 1039 3407 1090 in
3440 1052 3558 1104 my-

1988 1131 2174 1187 steriis
2208 1130 2586 1195 manifestare,
2606 1145 2700 1186 eos
2723 1141 2903 1185 autem
2929 1131 3024 1200 qui
3056 1131 3202 1185 circa
3230 1128 3561 1198 quaestiones

1989 1230 2280 1278 versantur
2311 1236 2629 1290 permovere
2660 1230 2714 1277 et
2737 1222 2803 1276 ad
2842 1229 3082 1274 mentem
3109 1220 3366 1274 reducere
3391 1218 3559 1279 valet;

1991 1313 2149 1384 cujus
2202 1313 2490 1389 miracula,
2525 1321 2585 1366 ut
2616 1311 2853 1368 breviter
2886 1312 3089 1374 dicam,
3138 1310 3434 1381 symbolice
3479 1324 3563 1363 re-

1989 1413 2414 1476 praesentantur,
2450 1413 2508 1458 ut
2538 1412 2694 1473 poeta
2711 1412 2892 1458 cantat
2914 1421 2926 1457 :
2952 1399 3188 1471 Spiritus
3220 1401 3391 1454 sancti
3420 1413 3566 1467 sym-

1990 1499 2174 1553 bolum
2203 1506 2430 1560 ventus;
2460 1496 2619 1563 cujus
2656 1508 2822 1563 porro
2858 1493 2966 1547 vim
3004 1493 3146 1547 sicut
3170 1491 3264 1546 Dei
3295 1492 3558 1544 virtutum

1989 1588 2266 1658 exprimit,
2289 1589 2466 1657 ignem
2489 1596 2674 1642 autem
2703 1585 3081 1639 fulminantem
3115 1592 3170 1637 et
3198 1582 3560 1637 illustrantem

1991 1680 2295 1737 divinitatis
2333 1694 2472 1748 opus
2517 1678 2758 1744 exhibet,
2806 1676 2967 1746 cujus
3016 1680 3303 1745 praesentia
3374 1673 3439 1726 ad
3479 1687 3567 1727 res

305 1764 412 1834 μὲν
443 1764 539 1818 τοῦ
591 1767 899 1834 ἁγιωτάτου
939 1769 1212 1839 σύμϐολον
1260 1775 1292 1842 η
1343 1775 1481 1844 πνοή
1512 1790 1527 1806 ο
1557 1775 1618 1828 τὸ
1654 1776 1712 1828 δὲ
1764 1777 1887 1831 κατ’

2001 1781 2292 1844 prmsentes
2319 1780 2560 1841 spectat,
2590 1779 2643 1824 et
2665 1784 2773 1840 qua
2808 1769 2864 1822 in
2917 1783 2975 1820 re
3005 1767 3204 1836 lingua:
3236 1764 3560 1833 sapientiam

2001 1869 2006 1877 .
2073 1866 2104 1877 ..
2221 1873 2230 1877 -
2413 1862 2425 1875 .
2559 1862 2593 1877 ..
2747 1860 2788 1877 ,.
2970 1873 3066 1877 ηη
3094 1858 3106 1877 ,
3144 1857 3305 1877 n_____
3342 1855 3560 1877 ..____,_A

301 1857 478 1927 αὐτὴν
524 1858 723 1928 βίαιον,
761 1861 862 1932 τὴν
914 1863 1125 1917 ἐκείνου
1174 1864 1400 1934 δύναμιν
1454 1867 1762 1937 ὑπογράφει
1809 1869 1885 1931 ὡς

299 1948 443 2002 Θεοῦ
493 1951 604 2003 τῶν
660 1951 983 2022 δυνάμεων·
1018 1953 1077 2005 τὸ
1129 1954 1186 2008 δὲ
1219 1954 1337 2026 πῦρ
1382 1955 1442 2010 τὸ
1492 1957 1584 2010 καὶ
1623 1957 1886 2028 φλογερὸν

302 2040 425 2110 ἅμα
467 2041 562 2093 καὶ
592 2043 922 2112 φωτιστικδν
952 2045 1050 2113 τῆς
1085 2044 1339 2115 θεότητος
1363 2061 1379 2078 ⁶
1423 2039 1499 2102 ὧν
1526 2048 1562 2119 ἡ
1607 2050 1882 2120 προχείρι-

304 2147 394 2192 at;
441 2131 579 2202 πρὸς
633 2132 704 2187 τὰ
755 2132 1138 2203 ὑποκείμενα,
1180 2137 1236 2188 αἱ
1287 2135 1342 2188 δὲ
1393 2137 1637 2205 γλῶσσαι
1692 2139 1885 2207 σοφίας

1996 1866 2280 1931 indicant;
2337 1862 2495 1932 cuius
2523 1862 2686 1916 etiam
2740 1860 2922 1931 abyssi
2965 1858 3107 1926 apud
3144 1857 3310 1911 Deum
3342 1855 3564 1908 ﬂumina

1993 1959 2064 2013 iis
2113 1955 2284 2010 ﬂuunt
2346 1955 2439 2024 qui
2465 1953 2591 2007 inde
2641 1953 2826 2007 bibere
2867 1959 2920 2004 et
2982 1952 3086 2004 ista
3118 1950 3182 2003 ad
3214 1959 3558 2002 communem

1995 2047 2283 2102 utilitatem
2333 2043 2618 2102 exantlare
2675 2043 2824 2115 digni
2885 2050 3033 2098 sunt.
3090 2039 3199 2095 Sed
3261 2039 3377 2093 haec
3433 2037 3568 2092 bac-

1995 2148 2176 2194 tenus.

299 2223 552 2288 ἕ-ιδειξις·
588 2219 656 2295 ἧς
693 2225 935 2285 ἀϐύσσου
970 2229 1122 2297 παρὰ
1148 2228 1227 2298 τῷ
1257 2229 1378 2299 Θεῷ
1411 2231 1867 2302 ὑπερκεχυμένης
1909 2233 2149 2303 ποταμοὶ⁷
2203 2228 2582 2298 ὶξερεύγονται
2635 2229 2749 2291 τοῖς
2796 2229 2894 2282 καὶ
2961 2226 3138 2280 ⁴ιτίνειν
3199 2225 3406 2292 ἀξίοις,
3468 2230 3565 2284 καὶ

300 2315 480 2380 ἄλλως
519 2317 575 2368 δὲ
604 2314 878 2382 ἐξαντλεῖν
907 2318 987 2380 είς
1020 2321 1205 2388 κοινὴν
1242 2319 1536 2390 ὠφέλειαν.
1575 2323 1738 2376 Ἀλλὰ
1767 2324 1941 2378 ταῦτα
1973 2325 2070 2395 μὲν
2099 2323 2179 2386 είς
2218 2323 2471 2376 τοσοῦτον
2527 2321 2621 2374 καὶ
2666 2322 2758 2391 ὑφ’
2782 2319 2942 2390 ἡμῶν
2993 2318 3420 2389 περιειργάσθω.

379 2413 478 2469 νϐ’.
519 2414 584 2467 Ἥ
622 2414 680 2467 δὲ
716 2413 864 2483 βιαία
894 2415 1035 2485 πνοὴ
1071 2413 1209 2484 πρὸς
1266 2414 1558 2483 διαστολὴν
1597 2415 1697 2484 μὲν
1735 2417 1888 2486 είρη-

301 2525 400 2559 ται
436 2507 512 2578 μὴ
540 2507 801 2576 τοιαύτης
835 2507 1028 2575 πνοῆς,
1056 2505 1220 2559 ὁποία
1250 2523 1336 2569 τις
1369 2505 1466 2558 καὶ
1497 2507 1531 2576 ἡ
1564 2507 1888 2578 καθωμιλη-

306 2601 449 2668 μένη
481 2596 625 2668 αὖρα
656 2601 882 2669 πραεῖα,
933 2599 1030 2651 καὶ⁸
1081 2598 1142 2652 τὸ
1173 2598 1489 2668 διασυρίζον
1531 2599 1756 2670 πνεῦμα
1788 2601 1888 2666 τῆς

303 2693 524 2761 δρόσου.
551 2691 708 2744 Ἐστι
740 2691 796 2744 δὲ
823 2691 920 2759 οὐχ
948 2690 1094 2744 οὕτω
1133 2690 1308 2761 βιαία,
1341 2691 1418 2753 ὡς
1447 2692 1482 2758 ἡ
1539 2691 1634 2746 τοῦ
1663 2692 1820 2746 νότου
1851 2694 1884 2764 ή

304 2785 407 2855 τὴν
446 2784 718 2854 Ἐρυθρὰν
745 2784 1022 2839 θάλασσαν
1052 2785 1442 2855 κατατεμοῦσα
1461 2786 1542 2850 είς
1565 2787 1887 2858 διαιρέσεις,

305 2877 405 2929 καὶ
435 2877 469 2944 ἡ
524 2877 636 2936 τοῖς
665 2876 876 2940 τέκνοις
922 2875 1017 2929 τοῦ
1076 2879 1519 2946 μακαριωτάτου
1579 2878 1706 2932 Ἰὼϐ
1739 2875 1890 2931 οἶκον

306 2969 782 3023 ἑπικατασείσασα
816 2969 897 3030 είς
948 2967 1252 3022 ἀπώλειαν.
1300 2968 1394 3020 Διὸ
1429 2969 1550 3022 οὐδὲ
1586 2987 1895 3040 καταφορι-

307 3060 424 3122 κῶς
446 3058 540 3113 νῦν
568 3058 630 3113 τὸ
654 3059 792 3130 πνοὴ
821 3058 973 3129 βιαία
1015 3059 1257 3130 εἴρηται,
1295 3060 1410 3113 ἀλλ’
1468 3061 1563 3114 ἐπὶ
1597 3061 1892 3132 σεμνότητι

311 3152 547 3220 μᾶλλον
581 3151 731 3222 βιαία
759 3152 866 3223 γὰρ
894 3153 928 3222 ἡ
965 3152 1167 3223 ἰσχυρὰ
1195 3153 1292 3206 καὶ
1315 3152 1639 3228 ἐνδύναμος,
1675 3155 1773 3208 καὶ
1799 3155 1891 3210 λέ-

307 3263 470 3315 γεται
493 3244 634 3298 οὕτω
663 3246 816 3313 παρὰ
844 3243 944 3314 τὴν
969 3243 1113 3314 βίαν,
1143 3245 1266 3314 ἣτις
1301 3240 1369 3316 ἦν
1401 3245 1632 3315 δύναμις
1681 3247 1740 3300 ὲν
1779 3249 1891 3310 τοῖς

2063 2415 2153 2470 59.
2197 2415 2478 2471 Violentus
2557 2429 2718 2484 porro
2755 2420 2949 2468 ventus
2992 2411 3061 2465 ab
3103 2426 3169 2465 eo
3213 2409 3569 2480 diStinguitnr

1991 2510 2083 2580 qui
2117 2507 2263 2564 dulci
2295 2523 2426 2563 aura
2461 2508 2614 2562 adest
2663 2515 2717 2562 et
2763 2505 2854 2574 qui
2891 2519 3080 2559 vocem
3122 2503 3308 2574 agitat.
3341 2502 3456 2557 Non
3483 2511 3569 2557 est

1993 2616 2175 2661 tamen
2206 2603 2467 2660 violentia
2497 2601 2644 2655 venti
2691 2599 2785 2668 qui
2825 2613 2978 2652 mare
3022 2595 3266 2651 Rubrum
3301 2595 3352 2649 in
3386 2603 3570 2664 partes

1992 2697 2196 2759 divisit,
2260 2704 2317 2751 et
2378 2696 2472 2764 qui
2541 2691 2842 2748 beatissimi
2894 2688 2994 2745 Job
3034 2690 3174 2745 ﬁlios
3204 2689 3420 2743 mditicii
3463 2689 3569 2744 sub

1993 2787 2153 2842 ruina
2187 2784 2564 2854 eonsepelivit.
2604 2783 2786 2849 Quare
2814 2781 2978 2834 etiam
3013 2795 3160 2834 nunc
3206 2780 3420 2847 quidem
3462 2795 3568 2832 non

1993 2881 2064 2935 ob
2123 2877 2463 2939 violentiam,
2518 2874 2613 2930 sed
2651 2882 2871 2942 propter
2916 2872 3315 2926 solemnitatem
3375 2880 3572 2924 ventus

1996 2970 2355 3040 praedicatur.
2393 2967 2665 3022 Violentia
2696 2964 2842 3020 enim
2884 2962 3041 3018 fortis
3071 2973 3154 3019 est
3177 2971 3234 3018 et
3279 2977 3308 3016 a
3343 2963 3392 3015 vi
3431 2963 3557 3016 deri-

1996 3071 2184 3127 vatur,
2234 3074 2356 3131 qnae
2407 3058 2552 3128 apud
2595 3056 2854 3126 antiquos
2884 3054 3061 3109 virtus
3102 3061 3263 3108 sonat
3291 3061 3345 3106 et
3370 3053 3437 3107 de
3462 3069 3574 3123 quo

1999 3154 2200 3208 multus
2223 3166 2406 3208 sermo
2436 3159 2540 3206 est.
2565 3147 2704 3204 Hinc
2743 3147 2888 3204 enim
2917 3147 3025 3202 vita
3058 3161 3275 3217 quoque
3306 3145 3572 3215 originem

2001 3245 2172 3300 ducit.
2212 3243 2315 3310 Qui
2361 3243 2505 3298 enim
2546 3243 2778 3297 multum
2824 3239 2948 3295 vitae
3006 3239 3259 3293 humanae
3311 3239 3492 3303 habet,
3530 3238 3578 3294 is

311 3338 504 3403 πάλαι,
531 3339 624 3390 καὶ¹
649 3335 868 3389 ἔπαινον
898 3331 1009 3407 εἶχε
1031 3335 1202 3390 πολύν
1225 3350 1241 3365 ⁸
1270 3335 1350 3390 διὸ
1377 3336 1470 3390 καὶ
1492 3337 1582 3390 τὸν
1607 3337 1721 3408 βίον
1750 3339 1888 3411 αὑτὴ

2001 3353 2211 3410 quoque
2263 3337 2467 3392 virtute
2524 3349 2720 3404 magna
2756 3334 2946 3406 pollet.
3006 3333 3139 3400 Quae
3215 3342 3397 3386 autem
3435 3331 3578 3400 apud

308 3429 576 3499 παράγει.
609 3428 672 3482 '0
703 3427 813 3494 γὰρ
850 3426 974 3490 ἆλις
1007 3427 1149 3498 ἔχων
1195 3426 1289 3481 τοῦ
1323 3429 1470 3483 κατὰ
1501 3429 1710 3500 κόσμον
1742 3430 1883 3501 βίου,

313 3521 520 3581 ἐκεῖνος
551 3518 645 3573 καὶ
669 3517 902 3587 δύναμιν
946 3517 1169 3572 πλουτεῖ
1205 3517 1458 3587 πολυειδῆ
1487 3533 1500 3548 ·
1539 3519 1638 3588 τὴν
1694 3520 1894 3587 μέντοι

313 3609 471 3681 παρὰ
507 3611 616 3672 τοῖς
675 3609 800 3679 ἄρτι
838 3609 1144 3679 λεγομένην
1201 3609 1326 3679 βίαν
1364 3608 1464 3679 τὴν
1513 3609 1891 3682 ἀπάνθρωπον

315 3704 414 3756 καὶ
439 3701 794 3773 τυραννικὴν,
823 3701 921 3755 καὶ
952 3701 1020 3755 δι’
1053 3701 1223 3772 αὐτὴν
1253 3700 1631 3772 κολαζομένην
1658 3705 1784 3756 κατ’
1809 3694 1900 3757 ἔκ-

311 3797 554 3862 δίκησιν,
583 3791 849 3864 ὑπέρϐιον
877 3792 1038 3864 ῦόριν
1069 3793 1121 3846 οἱ
1169 3795 1324 3863 σοφοὶ
1350 3792 1541 3862 ελεγον
1568 3808 1583 3822 ’
1621 3795 1796 3848 οἴδασι
1839 3794 1896 3847 δὲ

316 3886 416 3938 καὶ
439 3885 487 3938 οἱ
511 3884 794 3952 πεζολόγοι
823 3884 1054 3954 ῥήτορες
1091 3885 1185 3938 ἐπὶ
1235 3885 1496 3956 ἐναρέτου
1529 3886 1814 3955 σημασίας
1839 3887 1901 3940 τὸ
1931 3871 1934 3874 ’

319 3977 498 4047 βίαιον
523 3973 866 4046 ἐπιχείρησιν
891 3991 1014 4028 τινα
1040 3977 1294 4044 γενναίαν
1314 3975 1544 4047 λυτικὴν
1569 3976 1901 4042 ἀντιθέσεως

317 4068 400 4138 τῷ
432 4068 527 4122 τοῦ
561 4068 737 4138 βιαίου
770 4067 1066 4128 καλοῦντες
1098 4069 1323 4138 ὀνόματι
1347 4084 1360 4098 °
1404 4067 1503 4138 τὴν
1541 4069 1599 4122 δὲ
1631 4069 1776 4134 λέξιν
1807 4067 1900 4123 τοῦ

317 4159 717 4231 γλωττήματος
747 4161 873 4215 ὅθεν
907 4161 1132 4229 εἴληφεν
1183 4162 1210 4214 6
1249 4160 1488 4230 μελῳδὸς
1519 4161 1619 4214 οὐκ
1645 4155 1781 4214 οἶδα.
1814 4161 1903 4214 Ei-

320 4252 416 4315 κὸς
437 4253 494 4305 δὲ
537 4253 596 4306 ὲν
625 4251 703 4324 τῷ
735 4257 914 4326 μυρίῳ
964 4256 1060 4308 καὶ
1087 4254 1495 4324 ἀπεριελεύστῳ
1529 4253 1768 4324 λεκτικῷ
1805 4254 1900 4324 χύ-

323 4361 478 4416 ματι,
510 4346 674 4414 ψιάδα
713 4347 1164 4418 παρεγκεχύσθαι
1201 4363 1305 4399 που
1335 4348 1466 4416 ημῖν
1500 4347 1814 4417 ἀθεώρητον
1844 4347 1905 4400 τὸ

318 4438 548 4506 γλωττῶ
570 4439 904 4509 γλωττησωο
945 4441 1004 4504 ἐξ
1037 4433 1097 4493 οὗ
1145 4439 1241 4492 καὶ
1289 4441 1325 4510 ἡ
1353 4440 1726 4510 γραμματικὴ
1759 4439 1904 4506 λέξις

319 4531 382 4583 τὸ
407 4531 884 4601 γλωσσηματικόν.
928 4530 1411 4599 Καταγλώττισμα
1457 4531 1645 4600 μέντοι
1675 4532 1902 4602 οἴδαμεν

321 4626 390 4678 ἐκ
412 4624 508 4678 τοῦ
536 4622 960 4695 καταγλωττίζω
997 4624 1264 4693 ῥήματος,
1290 4622 1387 4673 καὶ
1415 4621 1549 4675 ἄλλα
1584 4621 1641 4674 δὲ
1674 4622 1906 4676 τοιαῦτά

1981 3435 2270 3485 “nostrates
2298 3427 2378 3483 vis
2405 3427 2689 3499 tyrannica
2723 3436 2774 3480 et
2815 3425 3116 3478 inhumana
3144 3424 3317 3486 audit,
3347 3436 3576 3491 quaeque

2000 3534 2030 3574 a
2085 3517 2490 3591 legislatoribus
2547 3531 2767 3587 ptenam
2819 3515 2934 3581 dat,
2976 3530 3096 3570 eam
3132 3514 3438 3584 philosophi
3495 3512 3580 3566 ni-

1999 3611 2165 3666 miam
2199 3610 2547 3666 insolentiam
2607 3609 2939 3664 vocitarunt.
2994 3606 3099 3662 Sed
3139 3605 3421 3676 pedestres
3447 3621 3582 3675 quo-

2001 3719 2108 3771 que
2163 3705 2457 3772 scriptorcs
2494 3717 2619 3756 cum
2685 3715 2815 3756 voce
2876 3699 3052 3770 βίαιον
3107 3697 3400 3752 antithesin
3451 3712 3584 3752 con-

1997 3795 2235 3866 jungunt
2307 3804 2361 3848 et
2434 3794 2536 3847 hoc
2600 3807 2766 3848 sensu
2846 3791 3128 3846 adhibent.
3217 3788 3372 3844 Unde
3450 3805 3580 3843 vero

2007 3886 2408 3964 γλωττήματος
2427 3900 2615 3940 vocem
2658 3895 2812 3953 poeta
2847 3883 3144 3954 sumpserit
3173 3883 3383 3953 ignoro.
3416 3879 3580 3934 Forte

2003 3987 2188 4034 autem
2224 3978 2276 4032 in
2309 3976 2702 4032 vocabulorum
2757 3977 2912 4031 turba
2958 3977 3168 4046 guttula
3221 3991 3318 4044 per
3357 3974 3582 4043 γλωττῶ

2003 4074 2299 4146 γλωττησω
2337 4074 2643 4138 distillavit,
2700 4073 2847 4127 unde
2895 4074 3060 4128 etiam
3112 4071 3254 4142 apud
3306 4085 3589 4142 gramma-

2007 4167 2144 4222 ticos
2206 4165 2690 4236 γλωσσηματικόν.
2755 4164 3235 4233 Καταγλὼττισμα
3275 4162 3492 4232 quidem
3557 4177 3586 4213 τι

2007 4259 2173 4314 verbo
2195 4257 2636 4328 ίκαταγλωττίζω
2659 4255 2966 4311 derivatum
2995 4253 3277 4320 novimus,
3317 4262 3375 4307 ut
3406 4251 3586 4306 etalia

2008 4350 2250 4416 similia,
2311 4359 2373 4404 ut
2439 4347 3009 4418 κατεγλωττισμένος.
3074 4346 3230 4413 Quod
3293 4346 3338 4398 si
3387 4345 3586 4398 alicubi

2010 4457 2149 4508 aqua
2180 4441 2407 4510 loquens
2441 4440 2661 4510 legitur,
2713 4448 2935 4493 ventum
2985 4451 3207 4508 quoque
3278 4436 3588 4504 loquentem

2011 4533 2276 4588 divinitus
2309 4540 2365 4588 et
2411 4532 2648 4587 mediate
2698 4529 2920 4594 dixerit,
2973 4530 3042 4585 ob
3077 4527 3592 4599 καταγλωττήματα

2016 4637 2200 4676 vocem
2230 4637 2353 4675 cum
2384 4631 2546 4674 vento
2574 4619 2768 4674 diviso.

319 4733 462 4785 τινα,
496 4718 556 4770 ἐν
586 4711 666 4779 οἷς
705 4717 800 4769 καὶ
849 4717 877 4768 6
920 4712 1478 4783 κατεγλωττισμένος.
1534 4713 1597 4766 Εἰ
1631 4714 1687 4767 δὲ
1713 4712 1875 4766 λάλον
1921 4714 2069 4784 ὕδωρ
2096 4713 2297 4784 ιτ)ρέοη
2342 4731 2444 4766 που
2475 4713 2684 4779 δεξιῶς,
2721 4711 2955 4767 εἴποιᾶν
2979 4727 3062 4776 τις
3091 4712 3187 4764 καὶ
3242 4709 3403 4764 λάλον
3463 4709 3596 4773 ταῦ⁹

322 4829 425 4881 την
445 4810 544 4880 τὴν
576 4809 744 4879 πνοὴν
775 4807 980 4872 ὲνθέως
1020 4825 1080 4861 τε
1111 4809 1204 4860 καὶ
1243 4806 1364 4859 οὐδὲ
1415 4807 1772 4876 ἁπροσφυῶς,
1811 4807 1900 4860 διὰ
1941 4808 2008 4858 τὰ
2037 4807 2308 4877 εἰρημένα
2341 4806 2855 4874 καταγλωττήματα
2930 4807 3068 4876 μετᾶ
3108 4807 3204 4874 τῆς
3269 4802 3594 4873 διειλημμέ-

322 4919 422 4968 νης
454 4918 644 4968 πνοης.

396 4919 422 4962 ς
454 4918 591 4968 πνοη
630 4940 644 4953 .

355 4919 460 5060 ηε.
491 4994 564 5047 T6
594 4917 671 5060 δὲ,
708 4994 904 5062 νείμας
934 4992 996 5045 τὸ
1031 4991 1282 5062 Πνεῦμα,
1306 4994 1502 5047 ταύτόν
1525 4995 1642 5048 ἐστι
1669 4992 1748 5064 τῷ
1781 4993 1898 5046 δια-

2083 4987 2170 5042 60.
2195 4985 2350 5053 Quod
2381 4981 3066 5052 deindevetpac'Spiritum
3090 4982 3310 5048 dicitur,
3342 4982 3482 5037 idem
3511 4991 3596 5037 est

328 5087 558 5156 μερίσας
582 5102 594 5117 ⁸
631 5087 913 5156 μερίζεται
939 5085 996 5138 δὲ
1031 5085 1160 5138 αὐτὸ
1192 5086 1295 5139 οὐκ
1343 5085 1522 5150 ἄλλως
1546 5086 1664 5140 ἀλλ’
1703 5087 1736 5156 ἣ
1766 5087 1908 5140 κατὰ

2015 5096 2081 5136 ac
2139 5076 2486 5149 διαμερίσας.
2536 5074 2889 5129 Distribuitur
2946 5081 3126 5128 autem
3186 5089 3295 5128 non
3348 5072 3503 5126 aliter
3533 5089 3596 5126 ac

323 5179 424 5249 τὴν
456 5179 674 5249 ἑκάστῳ
707 5179 801 5232 καὶ
847 5178 972 5248 τόντε
1011 5177 1304 5247 δεδομένην
1359 5179 1455 5230 καὶ
1509 5180 1671 5248 μέχρι
1696 5178 1792 5231 νῦν
1826 5178 1906 5230 δι-

325 5271 558 5340 δομένην
603 5271 761 5340 χάριν
807 5270 873 5321 ὲκ
897 5267 990 5321 τοῦ
1021 5268 1182 5332 Θεοῦ,
1220 5267 1278 5330 ὃς
1303 5269 1486 5330 ἄλλοις
1521 5268 1657 5322 ἄλλα
1691 5268 1910 5322 δίδωσιν

327 5365 404 5426 ὡς
447 5365 652 5426 ἐκεῖνος
684 5362 978 5431 ὲπικρίνει,
1021 5361 1111 5413 καὶ
1155 5359 1267 5413 οὐδ’
1295 5359 1363 5412 ἂν
1397 5359 1676 5430 παύσηται
1737 5360 1912 5414 ποιῶν

327 5445 486 5506 τοῦτο
523 5454 840 5517 διαπαντός.
869 5454 930 5506 Εἰ
972 5454 1029 5508 δέ
1077 5471 1161 5518 τις
1196 5453 1354 5505 ἄλλον
1383 5455 1505 5506 τινὰ
1537 5454 1750 5522 βλέπων
1784 5453 1914 5506 πλε-

329 5545 659 5599 ονεκτοῦντα
689 5545 996 5616 χαρίσμασι
1029 5543 1278 5616 βιάζεται
1319 5545 1380 5596 τὸ
1409 5547 1472 5596 ἐκ
1497 5546 1784 5615 περισσοῦ,
1815 5548 1916 5600 οὐκ

328 5633 396 5688 ἃ)
425 5633 634 5704 ὀκνήσῃ
660 5634 689 5686 6
738 5632 1090 5704 χαριτοδότης
1119 5631 1252 5692 Θεὸς
1281 5631 1456 5682 εἰπεῖν
1479 5633 1571 5684 καὶ
1608 5632 1745 5698 πρὸς
1767 5635 1908 5686 ἐκεῖ·

331 5743 441 5792 νον,
465 5725 539 5788 ὡς
566 5725 756 5796 ’Λρκεῐ
775 5742 858 5778 σοι
887 5726 921 5795 ή
946 5724 1106 5794 χάρις
1134 5738 1233 5792 μου
1254 5737 1268 5750 ο
1294 5721 1631 5791 προθέμενος
1662 5722 1790 5785 ῐσως
1815 5725 1912 5776 καὶ

336 5817 420 5882 τὺ,
465 5817 528 5872 Ἦ
559 5817 789 5883 δύναμίς
831 5834 934 5881 μου
971 5817 1028 5870 ὲν
1063 5813 1318 5881 ἀσθενείᾳ
1351 5813 1674 5868 τελειοῦται.
1703 5815 1765 5868 El
1807 5815 1915 5880 γὰρ

2017 5171 2314 5227 secundum
2334 5166 2562 5239 gratiam
2605 5181 2725 5236 quae
2756 5165 2954 5235 cuique
2987 5166 3110 5219 data
3145 5174 3230 5220 est
3262 5180 3292 5218 a
3327 5165 3456 5229 Deo,
3500 5163 3595 5233 qui

2021 5264 2143 5319 aliis
2198 5265 2299 5316 alia
2331 5259 2632 5325 distribuit,
2690 5257 2831 5313 sicut
2891 5255 2980 5310 ille
3015 5255 3486 5325 quidemjndicat,
3542 5263 3598 5309 et

2021 5356 2162 5427 quod
2193 5353 2370 5407 facere
2397 5364 2677 5420 nunquam
2694 5348 2951 5403 cessabit.
2990 5346 3045 5402 Si
3074 5348 3197 5416 quis
3223 5356 3402 5401 autem
3428 5347 3595 5400 alium

2023 5443 2198 5515 gratia
2255 5439 2790 5511 superabundantem
2825 5436 3019 5492 videns
3053 5438 3161 5491 vim
3211 5438 3337 5492 inde
3371 5437 3597 5507 patitur,

2027 5539 2168 5592 Deus
2214 5535 2611 5589 charismatum
2654 5533 2821 5587 dator
2867 5531 3053 5586 dicere
3108 5531 3310 5596 poterit
3337 5530 3404 5585 ad
3435 5544 3596 5584 eum:

2024 5645 2043 5678 ι
2086 5624 2294 5680 Sullicit
2317 5623 2413 5678 tibi
2432 5624 2602 5694 gratia
2664 5639 2819 5688 mea;
2849 5641 2868 5675 ι
2910 5622 3116 5677 addens
3145 5622 3274 5677 illud
3339 5635 3591 5692 quoque:

2027 5741 2044 5772 ι
2078 5719 2261 5772 Virtus
2286 5732 2403 5770 mea
2429 5717 2481 5770 in
2500 5716 2775 5772 debilitate
2817 5716 3248 5786 perticitur.»-r
3284 5713 3340 5767 Si
3365 5722 3420 5766 tu
3449 5711 3594 5766 enim

2027 5813 2220 5869 ι1‹·ι)ἱ1ἱε
2251 5828 2332 5878 es,
2369 5810 2514 5866 nulla
2543 5825 2610 5865 ex
2641 5825 2726 5866 me
2758 5817 2976 5876 sumpta
3003 5808 3197 5875 gratia,
3227 5821 3348 5870 ego,
3392 5803 3588 5866 inquit.
