4050 6428
495 367 601 430 5'75
1237 369 1660 430 EUSTATHII
1702 368 2467 433 THESSALONICENSIS
2505 368 3074 434 METROPOLITB
3677 373 3797 438 576

495 484 551 537 in
599 487 802 541 virtute
856 501 974 541 mea
1039 487 1378 543 debilitatem
1447 488 1702 556 implebo.
1738 505 1757 540 ι
1790 485 2081 542 Sciendum

2196 485 2382 542 καὶσὺ
2414 486 2669 541 ἀσθενεῖν
2698 488 2828 557 φὴς,
2882 486 2958 557 μὴ
2992 484 3178 540 λαϐὼν
3239 485 3299 552 ιε
3354 484 3497 556 ἆμοῢ
3551 486 3799 555 χάριτος

498 588 677 631 autem
733 578 879 644 quod
922 579 1054 633 illud
1095 580 1311 649 νείμας.
1364 580 1508 649 quod
1547 580 1825 635 derivatur
1858 582 2079 648 ανέμω,

2196 580 2470 652 ιπιϐολὴν,
2508 580 2622 633 ἀλλ’
2647 579 2779 650 ἐγὼ,
2810 581 2966 651 φησὶ,
2998 582 3065 651 τῇ
3099 580 3158 633 ὲν
3187 578 3311 650 ἐμοὶ
3360 578 3595 647 δυνάμει
3642 580 3796 632 ἀνα-

497 669 641 721 unde
658 681 712 723 et
729 671 916 739 νόμος,
938 671 1162 739 indicat,
1184 672 1328 738 quod
1353 672 1609 727 hodierna
1633 673 1872 741 Spiritus
1895 673 2081 727 distri-

2196 673 2466 746 πληρώσω
2498 674 2599 746 τὴν
2624 674 2770 728 κατὰ
2793 674 3102 729 ἀσθένειαν.
3145 673 3348 727 ’ἰστέον
3376 672 3435 726 δὲ
3469 673 3564 726 καὶ
3606 672 3706 725 ὅτι
3731 671 3798 723 τὸ

497 761 652 815 butio
674 765 1006 831 apostoliset
1026 764 1304 833 discipulis
1319 765 1523 821 Christi
1552 766 1604 820 in
1638 767 1809 834 legem
1853 765 2077 829 abierit,

2196 766 2408 835 νείμας,
2459 758 2523 820 οὗ
2553 766 2929 837 προκατάρχει
2975 763 3039 819 τὸ
3088 766 3260 834 νέμω,
3312 765 3376 830 ἐξ
3424 758 3488 819 οὗ
3518 767 3546 819 ό
3584 765 3791 833 νόμος,

497 861 575 911 nt,
637 855 1018 912 distributione
1070 859 1176 913 rite
1246 858 1428 923 facta,
1500 859 1803 913 secundum
1871 874 2075 929 prisce-

2196 859 2453 928 ίμφαίνει
2483 858 2580 912 καὶ
2622 860 2704 922 είς
2739 859 2906 927 νόμον
2957 858 3216 927 γενέσθαι
3250 861 3366 922 τοῖς
3421 857 3601 925 ἁγίοις
3642 859 3795 909 ἁπο-

492 958 643 1015 ptum
679 958 951 1018 nostrum,
1012 952 1172 1007 nobis
1226 952 1495 1008 lsraclitis
1554 953 1893 1021 legislatores
1953 951 2077 1008 facti

2196 950 2398 1014 στόλοις
2432 951 2525 1004 καὶ
2555 951 2837 1023 μαθηταῖς
2858 948 2954 1005 τοῦ
2984 951 3226 1018 Χριστοῦ
3251 951 3355 1020 τὴν
3378 951 3627 1018 σήμερον
3664 947 3797 1002 δια-

493 1048 647 1103 sunt,
704 1040 798 1110 qui
856 1057 954 1112 per
986 1041 1133 1114 ipsos
1189 1052 1404 1099 mentes
1437 1043 1609 1099 Deum
1672 1043 1916 1099 videntes
1949 1041 2080 1098 facti

2196 1042 2365 1112 νομὴν
2414 1042 2553 1113 πρὸς
2584 1043 2784 1106 αὐτοὺς
2815 1042 2912 1096 τοῦ
2945 1042 3254 1111 ἀγιωτόιτου
3306 1040 3656 1111 Πνεύματος,
3711 1039 3796 1102 ὡς

495 1143 708 1185 sumus.
2189 1134 2286 1187 καὶ
2311 1134 2369 1186 ἐν
2394 1136 2506 1195 τοίς
2548 1133 2676 1203 ἑξῆς
2714 1134 3019 1204 φανήσεται
3042 1149 3057 1164 ·
3089 1132 3234 1188 ὥστε
3262 1132 3471 1199 ταύτην
3498 1127 3559 1185 εὖ
3590 1129 3797 1184 διαθέ-

495 1238 650 1290 μενοι
683 1225 828 1281 καθὰ
857 1226 1000 1297 ὑπὲρ
1021 1227 1179 1298 ἡμῶν
1214 1227 1608 1299 ὲνετάλθησαν,
1642 1228 1740 1283 καὶ
1768 1227 2063 1297 νομοθέται
2101 1228 2393 1296 γεγόνασιν
2435 1226 2569 1297 ἡμῖν
2614 1227 2726 1289 τοῖς
2767 1227 2978 1297 κυρίως
3015 1222 3409 1299 Ἰσραηλίταις,
3468 1224 3519 1277 οἱ
3585 1223 3787 1295 δηλον-

491 1321 577 1375 ότι
616 1322 705 1377 διὰ
757 1325 940 1394 μέσων
987 1326 1169 1380 αὐτῶν
1200 1330 1294 1381 καὶ
1327 1328 1396 1380 δι’
1428 1326 1629 1388 αὐτοὺς
1659 1325 1779 1390 νόες
1804 1325 1897 1380 τὸν
1936 1324 2071 1378 Θεὸν
2108 1324 2347 1393 ὁρῶντες
2378 1326 2709 1393 γεγόναμεν.

568 1412 660 1466 61.
708 1414 1013 1485 ’Υπέσχετο
1041 1415 1257 1480 deinde,
1278 1417 1418 1485 quod
1454 1418 1605 1481 dicit,
1633 1428 1926 1488 syntaxeos
1953 1428 2081 1470 nor-

2262 1417 2363 1481 ξα’.
2393 1418 2467 1471 Τὸ
2492 1417 2550 1471 δὲ
2585 1416 2857 1487 ὑπέσχετο
2875 1414 3113 1487 ἀναχοὲν
3137 1413 3283 1468 κατὰ
3303 1412 3613 1485 ὑπέρϐασιν
3651 1431 3788 1469 συν-

496 1517 641 1557 mam
657 1508 1079 1574 transgreditur.
1097 1508 1227 1562 Illud
1241 1509 1630 1578 quoquet‘pyov
1643 1509 1753 1578 γὰρ
1769 1508 2081 1578 ἐκπεράνας

2196 1507 2414 1573 τάξεωςο
2434 1511 2515 1572 εἰς
2543 1508 2605 1562 τὸ
2631 1508 2794 1579 ἔργον
2826 1508 2937 1579 γὰρ
2967 1508 3305 1579 ικπεράνας,
3334 1506 3610 1560 διαϐαίνει
3639 1507 3785 1559 ἐκεῖ·

496 1608 692 1649 omnes
714 1597 896 1666 operis
922 1597 1089 1651 divini
1122 1608 1304 1666 partes
1356 1608 1598 1669 superat.
1628 1598 1921 1654 Salutanda
1953 1610 2081 1652 vcro

2196 1600 2283 1655 θεν
2310 1601 2406 1655 καὶ
2432 1604 2514 1665 είς
2538 1601 2636 1656 ὅλα
2666 1600 2808 1655 κατὰ
2841 1600 3026 1655 κοινοῦ
3065 1599 3137 1654 τὰ
3168 1598 3262 1653 τοῦ
3300 1598 3447 1652 θείου
3478 1597 3648 1667 ἔργου
3685 1613 3797 1667 με-

498 1699 606 1740 vox
635 1685 908 1757 ὑπέσχετο
938 1688 1007 1742 ab
1024 1688 1265 1759 ὑπέσχεν
1294 1689 1559 1754 derivata,
1584 1704 1693 1760 qua
1722 1688 1948 1748 utimur.
1978 1686 2082 1741 ltu-

2196 1693 2342 1762 ρικά.
2374 1690 2679 1763 Δεξιωτικὴ
2707 1693 2763 1745 δὲ
2794 1692 2943 1759 λέξις
2972 1691 3032 1745 τὸ
3074 1691 3367 1761 ὑπέσχετο,
3400 1690 3792 1760 ἑξωρμημένη

500 1777 750 1834 militatis
795 1780 899 1834 sub
929 1780 1133 1850 specie,
1173 1782 1224 1836 in
1258 1780 1496 1852 ὑπέσχεν
1525 1782 1750 1852 αὐχένα,
1768 1779 1868 1851 τὴν
1895 1781 2080 1850 χεῖρα,

2196 1783 2284 1837 τοῦ
2317 1785 2577 1853 ὑπέσχεν,
2605 1783 2665 1839 οὗ
2694 1785 2894 1855 χρῆσις
2930 1786 2989 1838 ὲν
3017 1781 3097 1853 τῷ
3138 1782 3380 1852 ὑπέσχεν
3426 1781 3639 1851 αὐχένα
3689 1797 3797 1834 τα-

503 1870 555 1924 ἰιί
586 1879 691 1933 est,
721 1871 989 1928 salutandi
1024 1873 1257 1929 formula
1290 1874 1526 1945 subjecit
1576 1889 1638 1931 se
1672 1874 1859 1928 manui
1893 1873 2085 1928 distri—

2196 1877 2508 1939 πεινώσεως
2563 1877 2745 1946 λόγῳ·
2796 1874 2890 1929 καὶ
2941 1877 3002 1929 ὲν
3059 1873 3136 1945 τῷ
3185 1873 3391 1943 ὑπέσχε
3443 1873 3546 1945 τὴν
3592 1875 3787 1943 χεῖρα,

499 1961 713 2019 liuenti.
743 1963 837 2020 Sic
857 1966 999 2021 enim
1021 1966 1423 2036 quodammodo
1438 1966 1604 2043 etiam
1629 1965 1879 2021 Christus
1904 1962 2091 2017 Salva-

2196 1968 2365 2040 ἤγουν
2412 1968 2646 2022 ὑπέθετο
2696 1970 2789 2022 καὶ
2818 1969 3079 2023 ὑποκάτω
3105 1967 3231 2037 ἔσχε
3290 1966 3389 2036 τῆς
3424 1966 3792 2036 δωρουμένης

500 2065 587 2109 tor
647 2057 930 2127 discipulis
961 2060 1077 2115 suis
1103 2058 1380 2131 promisit,
1409 2042 1505 2127 per
1526 2054 2086 2114 condescendcntiam

2196 2060 2377 2131 χειρὸς
2413 2060 2559 2131 λόγῳ
2598 2059 2925 2125 δεξιώσεως.
2960 2059 3119 2114 Οὕτω
3142 2042 3503 2130 γὰρ’τρόπον
3529 2058 3655 2111 τινὰ
3690 2059 3793 2111 καὶ

499 2159 624 2200 sese
656 2148 1142 2218 communicando,
1172 2160 1227 2205 et
1249 2150 1575 2206 beneﬁcium
1616 2148 1925 2219 pollicendo
1952 2146 2091 2200 ami-

2196 2152 2217 2203 ὑ
2275 2150 2469 2222 Σωτὴρ
2530 2152 2773 2222 Χριστὸς
2830 2151 3104 2222 ὑπέσχετο
3157 2152 3272 2214 τοῖς
3326 2149 3626 2221 μαθηταῖς,
3692 2144 3792 2203 οἷα

499 2235 605 2302 cis,
665 2235 761 2305 qui
790 2237 892 2308 ipsi
925 2240 992 2294 ad
1030 2242 1232 2296 bonum
1288 2240 1527 2296 oblatum
1567 2254 1628 2295 se
1675 2239 2091 2295 accommodare

2196 2244 2665 2311 συγκαταϐάσεως
2715 2244 3107 2299 ταπεινοποιοῦ
3167 2244 3333 2316 χάριν
3397 2244 3594 2298 ἑαυτὸν
3651 2242 3797 2296 ὑπο-

503 2337 562 2382 et
604 2330 816 2398 gratias
850 2329 1057 2387 referre
1094 2331 1387 2387 debebant.
1433 2330 1591 2397 Quod
1648 2330 1697 2386 si
1762 2331 1923 2384 aliter
1985 2330 2092 2384 ista

2196 2334 2342 2406 σχὼν
2361 2351 2376 2369 ο
2413 2338 2508 2390 καὶ⁴
2550 2337 3030 2407 ἐπαγγειλάμενος
3059 2336 3385 2408 εὐεργεσίαν
3416 2336 3596 2404 φίλοις
3626 2333 3793 2404 ὀφεί-

499 2420 663 2473 verba
690 2420 1089 2491 interpreteris,
1116 2422 1522 2493 cttnjunctivum
1554 2422 1822 2492 ὑπέσχετο
1863 2435 2086 2476 sensum

2196 2427 2380 2482 λουσιν
2413 2429 2644 2493 ἑαυτοὺς
2695 2428 3064 2500 ἀνθυποσχεῖν
3126 2432 3210 2493 εῐς
3255 2445 3316 2481 τε
3365 2426 3639 2496 ὑποδοχὴν
3687 2423 3792 2479 τοῦ

499 2508 688 2566 habet.
728 2513 883 2569 Patet
929 2516 1075 2569 enim
1136 2518 1283 2586 quod
1340 2516 1386 2570 is
1408 2516 1500 2587 qui
1526 2515 1734 2585 aliquid
1790 2512 2084 2583 promittit,

2196 2520 2472 2589 διδομένου
2508 2522 2717 2588 ἀγαθοῦ
2739 2563 2754 2586 ,
2791 2524 2886 2576 καὶ
2934 2524 3016 2587 είς
3066 2522 3324 2576 ἀπόδοσιν
3384 2519 3747 2590 ἀντιχαριτος
3773 2534 3788 2548 ·

502 2607 778 2671 praecipue
845 2617 1028 2660 autem
1080 2608 1225 2663 veris
1269 2607 1482 2673 amicis,
1538 2607 1730 2660 abhis
1785 2613 1999 2660 tenetur
2031 2613 2087 2658 et

2196 2615 2285 2665 καὶ
2312 2613 2487 2675 ἄλλως
2516 2614 2574 2667 δὲ
2596 2617 2662 2685 τῇ
2687 2614 2830 2679 λέξει
2864 2614 3169 2680 ἐπιϐαλεῖν,
3208 2613 3529 2681 συνδετικὴν
3563 2611 3791 2664 ἔννοιαν

499 2690 664 2759 quasi
723 2695 906 2752 debito
939 2698 1232 2768 obligatur.
1283 2699 1419 2753 Cum
1475 2700 1560 2753 his
1603 2709 1788 2753 autem
1851 2697 2076 2751 vocibus

2196 2704 2306 2775 ἔχει
2340 2708 2401 2758 τὸ
2433 2707 2725 2777 ὑπέσχετο.
2783 2708 2954 2777 Δῆλον
2995 2708 3104 2777 γὰρ
3131 2707 3207 2769 ὡς
3236 2708 3263 2758 ὁ
3297 2705 3682 2774 ὑποσχόμενός
3711 2719 3790 2766 τι,

507 2782 899 2855 ὑπισχνεῖσθαι
947 2806 1167 2862 (ιυοῆυο
1202 2793 1448 2862 “iumen?
1479 2805 1690 2847 Ιὶθιυΐω
1723 2799 1828 2850 εεῑς
1862 2790 2009 2845 Sim“
2030 2796 2085 2843 οι
2192 2799 2285 2851 καὶ
2316 2798 2554 2867 μάλιστα
2587 2799 2766 2866 φίλοις
2800 2799 3071 2871 γνησίοις,
3111 2801 3324 2870 ἴσχεται
3361 2798 3453 2850 ὑπ’
3482 2796 3720 2850 ἐκείνων
3752 2795 3785 2865 ἢ

502 2875 798 2950 ὑπέσχετο,
838 2891 892 2938 et
922 2882 1026 2937 alia
1050 2884 1274 2940 similia.

2196 2888 2377 2958 ἔχεται
2422 2890 2674 2956 ἐκείνων,
2701 2892 2735 2956 ἦ
2780 2891 3029 2960 ἐνέχεται
3063 2890 3254 2958 ὥσπερ
3283 2890 3460 2960 χρέει.
3494 2889 3792 2958 Συστοιχεϊ

500 2972 560 3027 δὲ
583 2976 697 3039 τοῖς
724 2976 993 3042 τοιούτοις
1020 2979 1231 3049 ῥήμασι
1281 2977 1463 3033 καὶτὸ
1491 2978 1921 3052 ὑπισχνεῖσθαιο
1989 2977 2307 3045 ἀκολούθως
2372 2981 2432 3035 δὲ
2490 2983 2585 3037 καὶ
2635 2984 2698 3037 τὸ
2755 2982 3048 3052 ὑπέσχετο,
3139 2984 3237 3036 καὶ
3303 2982 3478 3037 ὁπόσα
3525 2979 3587 3034 δὲ
3646 2980 3792 3036 ἄλλα

499 3084 618 3124 τοισ
628 3067 752 3125 ὓτα.

1004 3191 1228 3249 Hii-ntus
1259 3195 1429 3251 tertia:
1448 3192 1582 3249 σάω.

798 3304 1022 3378 EtIregit
1049 3309 1257 3365 ventris
1292 3308 1496 3367 sterilis
1526 3309 1769 3373 vincula,

724 3395 1096 3468 iniuriamque
1125 3398 1532 3453 intolerabilem
1560 3398 1809 3454 fecunda!

727 3488 854 3546 Sola
890 3494 1068 3546 oratio
1095 3492 1452 3562 prophetissa:
1480 3492 1610 3546 olim

725 3588 921 3651 Annae,
954 3584 1181 3641 ferentis
1222 3585 1474 3655 spiritum
1507 3582 1807 3639 contritum

720 3680 801 3735 Ad
843 3687 1122 3749 potentem
1154 3686 1211 3733 et
1241 3677 1411 3731 Deum
1448 3675 1825 3732 scientiarum.

578 3818 671 3877 62.
707 3814 883 3887 Hujus
912 3815 1056 3871 tertii
1090 3812 1354 3869 carminis
1404 3826 1580 3865 nexus
1606 3809 1762 3877 juxta
1799 3810 2091 3879 quamdam

512 3911 896 3970 tenuissimam
932 3914 1176 3963 mentem
1202 3920 1232 3959 a
1259 3904 1453 3958 festivo
1478 3902 1728 3970 subjecto
1752 3900 2087 3971 dependens,

511 4009 569 4061 in
599 4013 795 4060 cetera
822 4000 1000 4073 ipsius
1039 4007 1259 4055 textura
1290 3999 1454 4053 rebus
1487 4008 1691 4056 sancta:
1734 4001 1907 4056 Anna:
1956 4015 2090 4073 pro-

512 4096 766 4167 phetissae
829 4095 1216 4164 componitur:
1272 4093 1375 4147 hoc
1421 4092 1482 4147 ﬁt
1529 4107 1596 4148 ex
1648 4094 1765 4164 lege
1825 4095 2092 4165 psallendi

514 4205 613 4260 per
666 4201 865 4242 nexum
890 4200 1054 4257 quem
1093 4184 1241 4241 illius
1269 4185 1446 4240 oratio
1479 4194 1635 4254 parat
1658 4187 1817 4242 tertia
1844 4187 2091 4243 carmina

514 4281 893 4352 dirigentibus.
974 4278 1115 4335 Dicit
1161 4293 1294 4349 ergo
1342 4292 1504 4335 sacer
1556 4278 1645 4334 ille
1683 4289 1881 4350 poeta,
1926 4279 2091 4335 simul

515 4374 802 4445 pulchrum
836 4371 1153 4427 christiana:
1182 4371 1590 4441 consequentiae
1622 4384 1957 4441 precumque
2005 4386 2096 4443 sy-

2111 3173 2158 3233 (Ξ

2655 3188 2831 3263 ᾯδῆς
2859 3191 3064 3259 τρίτης
3105 3191 3328 3261 ειρμόςο

2265 3306 2354 3363 IV.
2404 3307 2646 3379 Ἐρῤηξε
2670 3307 2910 3375 γαστρὸς
2933 3304 3322 3376 ὴτεκνωμένης
3353 3302 3542 3368 πέδας,

2408 3404 2610 3475 ’Ὕϐριν
2630 3419 2692 3456 τε
2720 3401 3092 3456 δυσκάθεκτον
3123 3399 3563 3468 εὐτεκνουμένης

2402 3490 2558 3563 Μόνη
2588 3493 2868 3565 προσευχὴ
2894 3494 2996 3563 τῆς
3022 3491 3359 3564 προφήτιδος
3391 3491 3565 3545 πάλαι

2411 3590 2634 3658 ’Λννης,
2664 3588 2941 3659 φερούσης
2975 3587 3197 3656 πνεῦμα
3231 3584 3711 3658 συντετριμμένον

2409 3682 2554 3753 Πρδς
2574 3682 2666 3735 τὸν
2701 3679 2972 3751 δυνάστην
3001 3682 3096 3735 καὶ
3124 3680 3258 3734 Θεὸν
3280 3678 3390 3732 τῶν
3423 3677 3708 3747 γνώσεων.

2268 3816 2370 3881 ξδ’.
2408 3817 2466 3871 '0
2527 3816 2720 3887 είρμδς
2776 3814 2875 3885 τῆς
2934 3813 3173 3871 ἐνταῦθα
3226 3814 3421 3886 τρίτης
3455 3815 3602 3887 ᾠδῆς
3638 3816 3784 3869 κατὰ

2195 3909 2339 3965 πάνυ
2376 3909 2588 3979 βραχύν
2621 3925 2748 3962 τινα
2793 3907 2920 3960 νοῦν
2974 3905 3405 3978 παραπτόμενος
3454 3908 3554 3976 τῆς
3585 3906 3783 3977 ἑορτα-

2196 4001 2392 4070 στικῆς
2419 4000 2731 4063 ὑποθέσεως
2768 3999 2846 4070 τῷ
2886 3999 3063 4069 λοιπῷ
3100 3996 3271 4054 αὑτοῦ
3326 3998 3457 4069 ὕφει
3493 4001 3607 4056 τῶν
3634 4002 3779 4056 κατὰ

2194 4094 2294 4164 τὴν
2324 4091 2599 4161 προφῆτιν
2635 4091 2801 4160 ἁγίαν
2830 4092 3033 4162 Ἀννην
3078 4091 3285 4163 ἔχεται,
3336 4092 3489 4164 νόμῳ
3519 4094 3784 4164 είρμολο-

2196 4187 2321 4256 γίας
2357 4185 2740 4255 ψαλμῳδικῆς,
2795 4186 2862 4256 ἢν
2896 4187 2990 4239 καὶ
3021 4186 3055 4255 ἡ
3108 4184 3388 4257 προσευχὴ
3435 4185 3655 4256 ἐκείνης
3684 4188 3783 4255 ἀρ-

2197 4280 2317 4335 τύει
2345 4282 2460 4341 τοῖς
2487 4279 3028 4349 μεταχειριζομένοις
3058 4277 3157 4343 τὰς
3188 4278 3378 4346 τρίτας
3403 4278 3572 4348 ᾠδάς.
3615 4280 3784 4349 Λέγει

2197 4368 2293 4427 οὗν
2328 4374 2356 4425 ό
2393 4372 2538 4439 ἱερὸς
2560 4364 2718 4435 οὗτος
2747 4370 3001 4442 ποιητὴς,
3028 4371 3423 4439 ἀποσεμνύνων
3448 4369 3565 4440 ἅμα
3600 4370 3697 4423 καὶ
3722 4369 3783 4422 τὸ

514 4477 713 4530 stema,
738 4478 950 4520 necnon
978 4473 1223 4520 sanctam
1250 4466 1462 4517 Annam
1486 4477 1786 4529 exornans,
1812 4477 1926 4518 rem
1956 4464 2092 4517 adeo

2199 4463 2363 4516 καλὸν
2397 4462 2589 4533 χρῆμα
2621 4460 2721 4528 τῆς
2765 4459 3159 4532 Χριστιανικῆς
3188 4459 3508 4519 ἀκολουθίας
3541 4459 3640 4513 καὶ
3690 4460 3782 4512 εὑ·-

515 4574 642 4616 esse
693 4559 977 4630 pulchram
1044 4570 1226 4623 orare,
1248 4565 1304 4613 et
1325 4570 1353 4608 a
1388 4557 1500 4611 Deo
1530 4557 1756 4612 meliora
1780 4555 2017 4624 precari,
2037 4563 2092 4609 ut

2202 4555 2325 4625 χῆς,
2356 4554 2450 4607 καὶ
2494 4553 2597 4623 τὴν
2654 4552 2816 4620 ἁγίαν
2871 4551 2929 4605 δὲ
2970 4552 3191 4617 Ἀνναν,
3252 4553 3337 4605 ὅτι
3382 4550 3643 4604 τοσοῦτον
3687 4551 3781 4604 καὶ

515 4652 840 4708 insolubiles
883 4654 1174 4720 compedes
1218 4659 1274 4704 et
1317 4648 1537 4703 vincula
1572 4663 1679 4702 non
1718 4647 1982 4716 parientis
2019 4647 2090 4701 ob

517 4743 859 4801 sterilitatem
893 4741 1106 4799 ventris
1145 4740 1320 4796 Anna:
1343 4779 1359 4805 ,
1396 4755 1562 4811 quam
1599 4740 1884 4808 Scriptura
1918 4738 2100 4794 decla-

513 4844 599 4891 rat
650 4835 1058 4907 prophetissam
1120 4846 1231 4889 non
1288 4830 1849 4902 quoddamdonum,
1912 4829 2099 4899 qualia

513 4943 710 4998 magna
759 4928 896 4983 ﬁunt
936 4925 1078 4996 apud
1126 4923 1406 4989 homines,
1455 4921 1551 4978 sed
1583 4920 1699 4976 solo
1754 4920 1864 4975 Deo
1906 4922 2097 4986 chara,

511 5017 763 5090 precatio
806 5015 1052 5072 mulieris
1103 5013 1470 5070 calamitatem
1521 5008 1799 5080 patientis,
1840 5007 2098 5076 disrupe-

512 5112 605 5180 rit,
642 5110 906 5181 illamque
965 5106 1184 5163 tandem
1229 5106 1458 5160 liberam
1491 5101 1547 5157 iu
1601 5117 1739 5173 pace
1773 5115 1870 5171 per
1926 5100 2092 5154 vitam

509 5208 581 5260 ob
620 5202 1015 5259 fecunditatem
1048 5197 1332 5254 ambulare
1369 5194 1704 5265 permiserit.
1737 5193 1935 5248 Statim
1987 5204 2091 5245 au-

514 5304 622 5350 tem
669 5294 861 5349 eadem
905 5290 1081 5347 oratio
1113 5289 1281 5347 simul
1335 5287 1558 5344 sustulit
1611 5295 1667 5341 et
1699 5284 1939 5356 injurias
1998 5290 2094 5338 aut

514 5385 972 5458 exprobrationes
1021 5397 1160 5455 quas
1216 5396 1283 5437 ex
1331 5380 1539 5436 invidis
1573 5380 1886 5450 patiebatur
1908 5378 2090 5443 Anna,

515 5493 580 5533 ac
615 5475 922 5547 praesertim
953 5488 1020 5531 ex
1052 5472 1282 5529 fecunda
1315 5473 1588 5542 beataque
1612 5471 1685 5526 ob
1715 5472 1923 5541 prolem
1951 5468 2092 5524 Phe—

517 5582 720 5625 nenna.
779 5567 885 5636 Qui
916 5566 1052 5621 nihil
1080 5565 1225 5621 aliud
1254 5564 1496 5619 valentes
1539 5562 1869 5618 maledicere
1900 5568 2093 5615 contra

515 5669 726 5719 castam
763 5668 819 5716 et
874 5659 1043 5715 Deum
1096 5658 1378 5713 timentem
1416 5655 1816 5727 prophetissam
1850 5656 2091 5721 Annam,

515 5770 580 5811 ex
620 5754 802 5824 inepta
861 5751 1166 5807 sterilitatis
1219 5749 1451 5815 ratione,
1505 5748 1665 5817 quasi
1714 5749 1854 5828 ratio
1907 5746 2095 5801 crimi-

519 5845 686 5910 nandi
716 5846 844 5905 inde
884 5844 1165 5917 penderet,
1196 5842 1676 5899 calumniabantur
1725 5856 1847 5897 eam
1876 5849 1934 5898 ut
1966 5855 2085 5898 ma-

2194 4644 2439 4699 τοιοῦτόν
2459 4644 2576 4697 ἐστι
2608 4643 2781 4699 καλὸν
2808 4645 2867 4697 τὸ
2896 4642 3307 4714 προσεύχεσθαι
3336 4683 3351 4707 ,
3376 4645 3476 4697 καὶ
3506 4643 3778 4697 αἰτεῖσθαι

2198 4737 2351 4807 παρᾶ
2379 4735 2516 4789 Θεοῦ
2557 4736 2625 4789 τὰ
2679 4736 2990 4808 κρείττονα,
3024 4736 3165 4790 ὥστε
3199 4738 3299 4799 τὰς
3350 4735 3581 4798 ἀλύτους
3612 4735 3780 4797 πέδας

2194 4828 2381 4881 καὶτὰ
2412 4828 2589 4897 δεσμὰ
2615 4830 2712 4896 τῆς
2737 4826 2828 4881 διὰ
2855 4829 3145 4897 στείρωσιν
3175 4827 3515 4898 ἀτεκνούσης
3545 4827 3781 4898 γαστρὸς

2194 4919 2294 4988 τῆς
2318 4918 2460 4971 κατά
2488 4919 2587 4987 τὴν
2616 4919 2815 4971 Ἄνναν
2849 4918 2973 4988 τὴν,
3005 4918 3083 4980 ὡς
3117 4919 3150 4986 ἡ
3174 4916 3370 4988 Γραφὴ
3403 4916 3779 4978 ἀποδείκνυσι,

2197 5009 2497 5079 προφῆτιν,
2526 5007 2590 5061 οὐ
2619 5008 2796 5078 δωρεά
2820 5024 2928 5074 τις,
2955 5008 3154 5061 ὁπόσαι
3178 5007 3313 5078 παρ’
3342 5004 3656 5077 ἀνθρώποις
3682 5022 3780 5073 με·

2198 5101 2387 5169 γάλαι,
2415 5099 2554 5153 ἀλλὰ
2588 5098 2730 5170 μόνη
2764 5099 2894 5170 φίλη
2928 5098 3048 5171 Θεῷ
3079 5097 3361 5170 προσευχὴ
3399 5096 3503 5168 τῆς
3540 5095 3781 5167 πασχού-

2201 5207 2304 5261 σης
2329 5190 2391 5245 τὸ
2419 5191 2590 5245 κακὸν
2608 5190 2872 5261 γυναικὸς
2899 5189 3174 5262 διέρρηξε,
3201 5190 3296 5244 καὶ⁵
3324 5188 3569 5242 ἀπέλυσε
3591 5186 3779 5240 λοιπὸν

2198 5280 2418 5350 ἐκείνην
2454 5280 2752 5352 ἐλευθέραν
2784 5279 2842 5333 ὲν
2883 5279 3078 5353 είρήνῃ
3108 5280 3253 5333 κατὰ
3286 5277 3402 5348 βίον
3449 5276 3781 5348 πορεύεσθαι

2197 5375 2287 5429 διὰ
2312 5374 2406 5428 τοῦ
2427 5372 2945 5442 τεκνοποιήσασθαι.
2978 5373 3194 5427 Αὐτίκα
3214 5372 3274 5427 δὲ
3298 5373 3781 5442 συναπεφόρτισεν

2199 5470 2232 5538 ἡ
2266 5468 2404 5537 αὐτὴ
2434 5465 2713 5538 προσευχὴ
2748 5466 2842 5520 καὶ
2868 5464 2967 5528 τὰς
2988 5464 3180 5536 ὕϐρεις
3204 5466 3386 5520 είτουν
3413 5464 3781 5535 ὀνειδισμοὺς,

2197 5563 2348 5634 οὒςή
2379 5564 2549 5617 Ἀννα
2578 5563 2642 5615 ὲκ
2668 5563 2776 5615 τῶν
2800 5559 3162 5628 ὲριθευόντων
3191 5558 3513 5631 κακοζήλως
3549 5559 3784 5630 ἔπασχε,

2200 5656 2297 5712 καὶ¹
2330 5654 2568 5727 μάλιστα
2600 5657 2665 5708 ὲκ
2691 5653 2791 5723 τῆς
2823 5652 3081 5706 εὐτέκνου
3111 5652 3408 5724 Φενάννης,
3425 5651 3525 5722 τῆς
3558 5651 3657 5704 καὶ
3688 5668 3785 5705 πο-

2198 5750 2495 5805 λυτέκνου’
2546 5748 2597 5803 οἳ
2654 5747 2784 5803 ἄλλο
2849 5748 3135 5800 κατειπεῖν
3183 5746 3356 5817 μηδὲν
3411 5743 3627 5815 ἔχοντες
3692 5742 3786 5813 τῆς

2198 5841 2448 5914 καθαρᾶς
2500 5840 2594 5895 καὶ
2642 5838 2779 5894 Θεὸν
2820 5838 3219 5910 διοπτευούσης
3265 5839 3490 5910 ’Δννης,
3554 5837 3647 5891 καὶ
3698 5835 3788 5892 διὰ.

3304 6046 3329 6077 Ι
