4050 6424
506 404 616 469 579
1221 408 1642 468 EUS’I‘ATIIII
1687 405 2451 468 THESSALONICENSIS
2493 405 3061 467 METROPOLITE
3669 411 3776 471 580

505 519 645 573 valet
668 519 732 574 ad
767 535 952 576 eorum
979 535 1098 590 quae
1129 521 1232 575 sibi
1277 522 1494 590 propria
1518 531 1645 577 sunt
1678 519 1996 577 eﬂicaciam.
2036 520 2092 574 Si

2198 521 2452 575 ἀτεκνοῦν
2484 523 2584 589 τὴν
2635 523 2904 592 προφῆτιν
2929 541 2942 554 ο
2977 523 3196 587 πάντως
3225 524 3336 594 γὰρ
3362 524 3504 579 καθά
3533 526 3596 579 τδ
3648 529 3773 580 ἀτε-

505 613 628 681 qnis
662 620 843 666 autem
871 628 1112 682 quaerere
1139 614 1250 665 vult
1280 614 1410 684 quid
1436 616 1834 684 prophetissam
1860 614 2080 669 orbaret

2185 612 2346 667 κνοῦν
2385 615 2606 668 ἀτεκνοί
2650 632 2772 668 τινα
2799 653 2814 676 ,
2847 617 2921 678 ὡς
2957 615 3202 685 οίδαμεν,
3239 617 3302 671 ἐκ
3332 617 3440 672 τῶν
3469 619 3773 671 ἀτεκνούν-

505 705 694 774 prole;
737 705 1047 758 Sicutenim
1082 710 1309 760 omnino
1340 706 1605 760 sterilitas
1629 704 1888 759 feminam
1916 705 2077 760 steri—

2183 723 2294 760 των
2325 706 2560 770 ὑδάτων,
2595 705 2738 760 οὑτω
2776 709 2872 761 καὶ
2924 708 2986 760 τὸ
3020 709 3420 778 ἀτεκνούμενον
3452 710 3557 765 ὑπό
3619 729 3773 776 τινος

506 795 608 849 lem
642 796 835 860 reddit,
874 806 932 850 ut
967 797 1192 862 scimus,
1227 813 1296 852 ex
1358 797 1680 852 humoribus
1738 798 2080 853 sterilitatem

2184 798 2539 862 ἀτεκνοῦντος
2590 799 2962 854 ἀτεκνοῦται·
3026 800 3338 872 μαθήσεται
3396 802 3474 866 ὡς
3508 805 3772 874 πήρωσις

504 887 917 962 generantibus,
954 890 1036 944 sic
1073 890 1237 943 etiam
1273 891 1417 959 quod
1453 899 1536 944 est
1565 890 1752 945 sterile
1786 905 1813 943 a
1843 889 2080 960 quodam

2189 892 2288 960 μὲν
2321 889 2534 960 φύσεως
2571 891 2884 962 ὴτέκνωσεν
2942 892 3181 963 ἐκείνην,
3227 895 3425 958 ὀποίας
3463 896 3680 960 πολλάς
3714 900 3768 952 αἱ

503 979 809 1033 sterilitatis
832 989 1056 1035 auctore
1073 983 1256 1035 sterile
1283 981 1488 1036 factum
1514 990 1636 1047 est;
1666 981 1844 1036 discet
1872 991 2083 1035 natura:

2189 985 2393 1052 μῆτραι
2422 985 2724 1055 πάσχουσιν
2744 1000 2756 1015 °
2789 987 2817 1039 6
2843 984 2900 1038 δὲ
2935 985 3068 1050 Θεὸς
3094 986 3335 1056 ὑγιώσας
3365 988 3446 1053 είς
3472 989 3766 1044 εὐτεκνίαν

503 1068 719 1135 quidem
764 1071 1027 1140 paralysi,
1082 1087 1189 1141 qua
1237 1073 1421 1130 multa:
1451 1073 1770 1126 afficiuntur
1805 1073 2081 1133 matrices,
2187 1075 2526 1146 ἐπέρρωσεν.

502 1170 619 1210 eam
653 1156 824 1212 fuisse
858 1161 1100 1214 sterilem
1145 1160 1368 1227 factam,
1403 1161 1494 1216 sed
1526 1177 1554 1215 a
1593 1163 1699 1215 Deo
1751 1172 1940 1215 sanata
1991 1174 2087 1229 per

502 1248 746 1303 sobolem
784 1251 1081 1306 convaluit.

573 1342 662 1396 65.
697 1343 1095 1397 lnlolerandam
1129 1352 1312 1398 autem
1342 1344 1620 1414 iniuriam,
1665 1344 1958 1408 violentas,
2027 1351 2088 1397 ut

2261 1349 2354 1413 Es'.
2378 1350 2576 1418 ’Ὕϐριν
2623 1351 2678 1403 δὲ
2707 1350 3078 1405 δυσκάθεκτον
3124 1353 3252 1416 τοὺς
3282 1354 3377 1406 ἐπὶ
3409 1356 3472 1425 τῇ
3509 1354 3769 1422 ἀτεκνίᾳ,

503 1436 706 1489 dictum
732 1444 854 1505 est.
881 1435 948 1488 de
972 1436 1214 1489 carentia
1244 1436 1414 1506 prolis
1468 1437 1945 1507 exprobrationes,
2008 1436 2089 1488 in-

2189 1441 2264 1503 ὡς
2324 1443 2549 1513 ἐρρέθη,
2612 1444 3024 1512 καταφορικοὺς
3091 1444 3438 1513 ὀνειδισμοὺς
3506 1447 3772 1515 νοητέον·

504 1527 854 1595 telligendum
877 1535 961 1582 est
984 1545 996 1581 :
1017 1528 1230 1597 injuriae
1263 1528 1528 1598 siquidem
1558 1529 1658 1584 illae
1688 1538 1818 1584 sunt
1847 1528 2084 1597 species,

2191 1531 2403 1602 ὕϐρεως
2426 1531 2536 1601 γάρ
2562 1549 2614 1584 τι
2646 1533 2743 1586 καὶ
2792 1533 2948 1586 αὐτοὶ
2995 1529 3158 1599 εἶδος,
3185 1537 3280 1588 καὶ
3315 1535 3532 1604 μάλισθ’
3556 1537 3694 1590 ὅταν
3717 1539 3773 1590 ὲν

505 1621 740 1673 maxime
770 1634 893 1673 cum
930 1621 982 1673 in
1010 1627 1134 1674 cute
1156 1622 1404 1675 mordent
1441 1622 1750 1687 audientes,
1776 1621 1829 1675 in
1862 1619 2088 1690 profun-

2190 1623 2306 1693 χρῷ
2331 1624 2588 1678 δάκνουσι
2622 1623 2749 1686 τοὺς
2804 1624 3128 1688 ἀκούοντας,
3157 1625 3216 1687 ές
3247 1624 3448 1694 βάθους
3479 1627 3769 1697 παραδυό-

505 1710 633 1763 dum
671 1709 864 1763 animm
892 1719 1213 1779 penetrant;
1243 1721 1296 1768 et
1321 1721 1450 1768 tunc
1503 1713 1882 1769 intolerabiles
1917 1721 2085 1780 sunt;

2193 1732 2347 1785 μενοι
2389 1715 2604 1784 ψυχῆς·
2640 1715 2734 1768 ὅτε
2785 1715 2880 1768 καὶ
2911 1715 3205 1768 ἀκάθεκτοί
3243 1719 3417 1770 εἰσινο
3454 1717 3532 1780 ὡς
3575 1719 3775 1788 δυσχεο

3818 1497 3835 1542 ι

509 1815 632 1854 nam
667 1801 881 1856 diﬂicile
905 1811 987 1856 est
1023 1813 1078 1857 et
1107 1804 1591 1875 exprobrationem
1621 1821 1808 1876 passo,
1838 1805 2084 1861 dolorem

2197 1808 2285 1878 ρὲς
2311 1806 2372 1860 ὃν
2401 1806 2480 1876 τῷ
2521 1805 2900 1876 ὀνειδιζομένῳ
2937 1807 3267 1876 κατασχόντι
3307 1805 3406 1876 τὴν
3431 1807 3640 1876 λύπην,
3683 1809 3777 1862 καὶ

507 1892 808 1946 continenti
833 1893 1104 1963 quasique
1134 1894 1458 1964 decoquenti
1514 1911 1624 1952 non
1679 1897 1860 1968 aliquo
1923 1897 2087 1952 modo

2187 1899 2265 1961 ὡς
2311 1893 2422 1952 οἷον
2479 1896 2880 1966 καταπέψαντι,
2937 1897 3012 1968 μὴ
3055 1897 3430 1968 ἀντιλυπῆσαι
3486 1899 3767 1954 ὁπωσοῦν.

507 1987 749 2042 vicissim
774 1991 1114 2045 contristari.
1166 1992 1518 2046 Aliasautem
1556 1991 1680 2046 talis
1729 1991 1925 2060 injuria
1973 1991 2083 2046 dici

2194 1991 2349 2043 Ἔστι
2369 1991 2424 2044 δὲ
2450 1990 2544 2044 καὶ⁵
2563 1990 2741 2052 άλλως
2776 1989 3150 2044 δυσκάθεκτον
3190 1988 3352 2062 ὕϐριν
3381 1992 3479 2061 τὴν
3511 1992 3774 2061 τοιαύτην

505 2088 686 2148 potest
726 2081 1016 2146 infrenata,
1056 2098 1161 2137 non
1213 2085 1477 2149 audienti,
1509 2084 1600 2138 sed
1636 2084 1919 2154 loquenti:
1953 2084 2081 2152 quia

2188 2083 2385 2148 εἰπεῖν,
2417 2083 2478 2134 ού
2524 2080 2604 2151 τῷ
2651 2081 2932 2144 ἀκούοντι,
2959 2081 3098 2134 ἀλλὰ
3123 2081 3201 2151 τῷ
3232 2081 3482 2136 λαλοῦντι
3507 2097 3522 2113 ⁸
3567 2083 3651 2137 διὸ
3682 2082 3776 2135 καὶ

503 2172 687 2227 cuncti
710 2173 924 2242 quidem
955 2189 1236 2229 sermones
1258 2174 1388 2228 alati
1422 2183 1575 2239 sunt,
1621 2183 1675 2228 et
1703 2175 1794 2229 citi
1841 2175 2088 2230 veloces-

2191 2176 2400 2239 πάντας
2451 2173 2550 2244 μὲν
2580 2173 2772 2242 λόγους
2807 2172 3138 2244 πτερόεντας
3167 2168 3330 2238 εῖναι,
3365 2173 3461 2227 καὶ
3494 2172 3642 2238 ὀξεῖς
3683 2175 3777 2226 καὶ

503 2280 613 2334 que
674 2279 740 2318 ex
771 2263 1056 2319 hominum
1087 2279 1182 2320 ore
1210 2265 1429 2332 volant,
1452 2275 1505 2319 et
1536 2265 1625 2319 hic
1644 2265 1807 2319 etiam
1861 2280 2084 2319 manum

2189 2267 2371 2335 ταχεῖς
2394 2264 2720 2318 ὲκπέτεσθαι
2758 2263 2853 2318 τοῦ
2901 2265 3024 2318 κατ’
3053 2264 3348 2334 ἄνθρωπον
3369 2265 3485 2318 τῶν
3533 2265 3774 2320 ὀδόντων

504 2357 757 2411 admovet
784 2365 839 2412 et
864 2357 1121 2411 convolat
1150 2357 1422 2422 diabolus,
1449 2357 1710 2428 gaudenti
1728 2359 2082 2428 congaudens

2189 2357 2422 2428 ἓρκουςο
2461 2356 2987 2427 ἐπιλαμϐανομένου
3035 2373 3088 2410 τι
3120 2356 3404 2411 κάνταῦθα
3431 2357 3525 2412 καὶ
3551 2375 3771 2428 συμπει-

503 2449 922 2504 contumelioso.
957 2448 1110 2503 Sicut
1135 2451 1279 2502 enim
1331 2449 1379 2501 ei
1421 2462 1510 2516 qut
1549 2450 1806 2504 irascitur
1856 2459 1911 2505 et
1969 2465 2089 2505 ver-

2188 2449 2418 2520 τομένου
2471 2450 2567 2504 τοῦ
2619 2449 2904 2520 δαίμονος,
2959 2451 3054 2504 καὶ
3098 2451 3350 2521 χαίροντι
3396 2451 3475 2520 τῷ
3536 2452 3771 2522 ὑϐριστῇ

504 2539 636 2594 hera
667 2539 939 2609 impingit,
969 2541 1049 2594 ira
1075 2540 1234 2594 melle
1263 2541 1474 2595 dulcior
1497 2541 1722 2596 distillat
1752 2543 1804 2596 in
1842 2553 2083 2612 pectore,

2191 2539 2584 2610 συγχαίροντος
2604 2555 2620 2572 ο
2654 2540 2765 2607 ἵνα,
2782 2541 2973 2610 ὥσπερ
2999 2540 3080 2611 τῷ
3106 2541 3447 2612 ὀργιζομένῳ
3475 2541 3571 2595 καλ⁸
3606 2541 3775 2610 πλήτ-

506 2632 580 2685 ita
609 2633 772 2686 etiam
815 2633 863 2687 ei
893 2634 984 2702 qui
1018 2647 1140 2686 cum
1173 2633 1251 2686 ira
1285 2633 1645 2700 insultat;ita
1677 2643 1733 2688 ut
1755 2649 1874 2689 cum
1911 2635 2082 2690 Hero-

2188 2646 2332 2683 τοντι
2353 2629 2594 2698 γλυκίων
2632 2631 2848 2700 μέλιτος
2875 2633 2903 2686 ὀ
2935 2633 3104 2702 θυμὸς
3154 2635 3214 2686 ἐν
3251 2632 3474 2702 στήθεσι
3509 2632 3775 2686 καταλεί-

504 2730 632 2784 doto
658 2728 838 2782 dicere
865 2728 1140 2796 possimus
1166 2726 1332 2795 quod,
1361 2727 1507 2782 sicut
1538 2727 1627 2782 ubi
1671 2727 1859 2781 vinum
1885 2729 2091 2783 bibitur

2191 2724 2366 2789 ϐεται,
2396 2723 2538 2778 οὕτω
2570 2725 2664 2778 καὶ
2713 2725 2794 2795 τῷ
2831 2726 2969 2796 μετὰ
2999 2725 3172 2796 θυμοῦ
3206 2725 3523 2796 ὑϐρίζοντι·
3556 2727 3660 2780 καὶ
3684 2727 3775 2794 γέ-

505 2823 666 2878 verba
693 2821 1066 2890 proferuntur,
1095 2821 1194 2884 ita,
1218 2821 1442 2889 quando
1474 2819 1551 2874 ira
1584 2820 1746 2875 melle
1774 2820 1990 2876 dulcior
2022 2822 2077 2875 in

2189 2831 2347 2882 νηται
2375 2813 2582 2882 λέγειν,
2607 2813 2801 2881 ῶσπερ
2835 2815 2960 2869 καθ’
3006 2815 3315 2885 Ἡρόδοτον,
3363 2814 3510 2869 οἴνου
3553 2817 3773 2870 κατιόν-

505 2914 628 2982 eius
656 2914 820 2967 corde
867 2913 1096 2981 liquetit,
1127 2911 1511 2967 insultationes
1542 2923 1922 2982 prorumpunt.
1955 2913 2090 2969 Vota

2189 2923 2283 2969 τος
2311 2906 2625 2962 ἀναπλώειν
2655 2907 2815 2971 ἔπεα,
2845 2908 2987 2962 οὕτω
3039 2909 3136 2962 καὶ
3189 2907 3286 2961 ἐπὶ
3321 2907 3415 2961 τοῦ
3449 2909 3771 2970 ἐνδιαθέτως

504 3012 685 3058 autem
711 3002 856 3072 quod
889 3011 1046 3071 poeta
1074 3000 1406 3056 calumniam
1439 2999 1768 3056 infrenatam
1828 3003 2087 3072 rhythmo

2192 2998 2526 3068 ὑϐρίζοντος,
2559 2999 2646 3054 ὅτι
2687 2999 2914 3068 γλύκιον
2943 3001 3089 3071 ἥπερ
3139 3000 3265 3070 μέλι
3291 3000 3764 3072 καταλειϐομένου

503 3093 745 3164 subiicit,
781 3093 927 3162 quod
949 3091 1170 3162 quidem
1203 3106 1233 3146 e
1264 3092 1508 3146 secundo
1545 3106 1705 3147 versu
1741 3101 1915 3161 patet,
1939 3092 2092 3148 l’ost—

2192 3091 2341 3160 αύτῷ
2371 3091 2548 3161 θυμοῦ
2579 3092 2636 3145 ἐν
2663 3091 2883 3164 καρδίᾳ,
2913 3091 3105 3162 ῦϐρεις
3134 3093 3488 3148 ἀναπλέουσι.
3518 3095 3765 3166 Σημείω-

504 3201 665 3256 quam
691 3186 836 3240 euim
863 3185 916 3238 iu
945 3184 1122 3253 primo
1149 3184 1403 3251 dixisset,
1435 3186 1640 3240 ventris
1663 3184 1943 3241 vinculum
1983 3201 2084 3240 ru-

2193 3198 2287 3235 σαι
2327 3180 2384 3235 δὲ
2419 3182 2502 3236 ὅτι
2548 3182 2740 3254 δεσμῷ
2791 3201 2900 3236 τινι
2940 3187 2968 3238 ὀ
3026 3184 3264 3255 μελῳδὸς
3297 3184 3499 3254 ὑπάγει
3547 3187 3648 3239 καὶ
3676 3186 3769 3255 τὴν

502 3277 602 3347 pit,
642 3287 750 3331 tum
786 3277 1137 3347 opprobrium
1176 3277 1521 3333 intolerabile
1541 3277 1788 3349 subiicit.
1829 3289 1885 3334 et
1910 3279 2086 3334 insul-

2190 3273 2494 3328 ἀκάθεκτον
2521 3273 2681 3345 ὕϐριν
2705 3290 2720 3306 ·
2755 3275 2850 3329 καὶ
2877 3274 3040 3345 δῆλον
3071 3275 3206 3331 αὐτὸ
3239 3276 3305 3330 ἐκ
3333 3277 3436 3346 τῆς
3463 3277 3771 3341 συντάξεως

505 3369 696 3423 tationi
760 3383 950 3424 vocem
1007 3371 1146 3438 rupit
1181 3369 1352 3437 addit,
1387 3378 1442 3425 et
1473 3384 1570 3425 nos
1628 3369 1925 3426 subaudire
1973 3371 2088 3426 vult

2194 3365 2289 3418 τοῦ
2319 3365 2572 3436 δευτέρου
2606 3367 2812 3437 στίχου.
2841 3367 3025 3422 Εἰπὼν
3049 3368 3156 3438 γάρ
3183 3369 3239 3422 ὲν
3275 3367 3354 3438 τῷ
3381 3368 3613 3439 πρώτῳ,
3644 3369 3769 3439 Ἔρ-

504 3460 646 3529 quod
678 3460 993 3530 sicutquod
1028 3462 1182 3531 prius
1203 3470 1428 3532 ruptum
1455 3473 1558 3524 est,
1583 3470 1773 3517 catena
1836 3461 1962 3527 fuit,
2009 3463 2082 3518 ita

2196 3456 2328 3528 ρηξε
2357 3458 2596 3528 γαστρὸς
2617 3458 2807 3523 πέδας,
2836 3452 2958 3512 εἷτα
2981 3458 3283 3528 ἐπαγαγὼν
3313 3457 3472 3531 ὕϐριν
3493 3477 3550 3512 τε
3573 3459 3770 3513 δυσκά-

506 3553 835 3620 etiamquod
869 3561 1054 3620 postea
1100 3563 1318 3621 ruptum
1384 3553 1506 3614 fuit,
1562 3553 1810 3608 eumdem
1864 3567 2088 3610 sensum

2199 3548 2412 3617 θεκτον,
2452 3549 2550 3604 καὶ
2585 3551 2984 3622 προσαρμόσας
3033 3551 3220 3604 κοινοῦ
3259 3554 3355 3605 καὶ
3418 3553 3484 3620 τῇ
3537 3549 3768 3619 τοιαύτῃ

510 3645 690 3704 habet,
714 3653 766 3697 et
802 3643 948 3713 quod
979 3643 1097 3699 sine
1129 3645 1296 3700 dubio
1347 3659 1555 3700 mceror
1614 3659 1759 3713 saepe
1805 3643 2087 3700 hominem

2199 3640 2359 3712 ὕϐρει
2387 3642 2450 3695 τὸ
2480 3641 2733 3714 ἔρρηξεν,
2764 3643 2980 3712 ἀφῆκεν
3024 3643 3178 3714 ἡμᾶς
3211 3645 3351 3696 νοεῖν
3374 3643 3457 3696 ὅτι
3499 3642 3693 3712 ὥσπερ
3717 3642 3771 3692 τὸ

510 3736 718 3806 pnngit,
753 3735 912 3806 idque
939 3751 1081 3806 saepe
1104 3738 1277 3806 magis
1303 3752 1467 3806 quam
1503 3735 1731 3791 ferrum.

2199 3736 2365 3806 ραγὲν
2412 3734 2674 3806 ἀνωτέρω
2704 3735 2901 3804 δεσμὸς
2941 3731 3010 3806 ἦν
3033 3775 3048 3800 ,
3079 3733 3222 3788 οῦτω
3251 3734 3346 3787 καὶ
3388 3735 3450 3788 τὸ
3479 3733 3772 3801 κατωτέρω

511 3830 855 3899 ὲρῤηγμένον
884 3828 1070 3899 ὅμοιον
1115 3829 1230 3899 ἔχει
1269 3830 1428 3897 λόγον
1453 3846 1467 3861 ο
1509 3829 1603 3884 καὶ
1639 3830 1739 3884 ούκ
1772 3830 1923 3887 ἐστιν
1947 3831 2239 3888 ἀντειπεῖν
2267 3827 2343 3894 ὡς
2367 3828 2428 3882 ού
2461 3827 2633 3883 θλίϐει
2663 3829 2925 3894 πολλάκις
2987 3829 3057 3884 τά
3119 3827 3344 3900 λυπηρά
3406 3827 3499 3881 τὸν
3564 3827 3773 3897 ἄνθρω-

512 3936 632 3981 πον,
663 3920 756 3972 καὶ
783 3919 966 3989 χεῖρον
995 3917 1221 3987 δεσμοῦ.

581 4013 670 4067 66.
695 4010 812 4066 Vox
837 4020 1017 4064 autem
1049 4010 1194 4080 prole
1232 4013 1400 4082 felicis
1464 4014 1857 4071 convenienter
1904 4015 2088 4086 specie

2268 4011 2376 4077 ξςν.
2403 4011 2478 4064 Τὸ
2499 4010 2557 4065 δὲ
2581 4008 3061 4079 εὐτεκνουμένης
3092 4006 3316 4062 ίδικεύει
3340 4001 3438 4077 τὴν
3469 4006 3631 4078 ὓϐριν
3659 4005 3773 4060 ἐπί-

512 4105 795 4174 distinguit
827 4103 1104 4170 iniuriam,
1139 4114 1325 4159 utnon
1393 4117 1648 4176 putemus
1707 4109 1922 4163 Annam
1955 4109 2088 4163 sim-

2195 4103 2394 4173 τηδες,
2436 4101 2526 4156 ἵνα
2561 4101 2636 4171 μὴ
2670 4101 2861 4164 ἁπλῶς
2903 4099 3226 4170 ὑϐρίζεσθαι
3261 4099 3475 4170 νοῶμεν
3505 4100 3607 4169 τὴν
3651 4101 3773 4152 Ἀν-

517 4197 735 4264 pliciter
766 4196 1016 4251 alicunde
1045 4197 1432 4253 contumeliam
1490 4203 1622 4270 pati,
1662 4202 1754 4256 sed
1782 4201 2087 4272 praesertim

2198 4213 2298 4251 ναν
2336 4196 2445 4250 ἀπὸ
2474 4194 2584 4246 τῶν
2609 4192 2903 4263 τυχόντων,
2928 4193 3067 4246 ἀλλά
3109 4192 3203 4246 καὶ
3243 4191 3480 4261 μάλιστα
3529 4191 3639 4244 ὑπὸ
3665 4188 3770 4242 τῶν

515 4305 546 4344 a
580 4289 899 4344 mulieribus
934 4289 1082 4359 prole
1119 4289 1392 4348 felicibus.
1423 4293 1678 4348 Attamen
1708 4293 1843 4363 ipsis
1914 4292 2094 4348 fuerat

2201 4285 2645 4354 εύτεκνουμένων
2700 4283 3021 4352 γυναικῶνο
3073 4285 3169 4338 καὶ
3204 4285 3313 4355 μὴν
3355 4285 3525 4356 ἐχρῆν
3552 4284 3772 4344 ἐκείνας

515 4381 867 4450 cogitandum
894 4382 1190 4437 secundam
1221 4382 1503 4440 fortunam
1542 4400 1650 4439 non
1685 4400 1806 4440 esse
1837 4400 2093 4441 necessan

2201 4379 2550 4450 ἐνθυμεῖσθαι
2599 4377 2675 4442 ὡς
2703 4377 2803 4431 οὐκ
2857 4376 2917 4441 ἐξ
2960 4377 3208 4447 ἀνάγκης
3252 4378 3309 4430 αἱ
3341 4375 3641 4443 εὐπραγίαι
3669 4373 3771 4426 τῶν

516 4471 599 4526 rio
631 4473 893 4526 bonorum
921 4480 1133 4526 tantum
1173 4473 1482 4540 hominum,
1538 4473 1633 4528 sed
1690 4473 1992 4543 aliquando
2042 4479 2098 4528 et

2203 4471 2474 4540 ὲναρέτων
2499 4469 2662 4539 μόνον
2694 4469 3005 4540 προσώπων
3032 4468 3192 4532 εἰσιν,
3218 4467 3357 4521 ἀλλά
3383 4484 3515 4520 ποτε
3547 4467 3645 4520 καὶ
3674 4463 3771 4516 τῶν

517 4557 912 4630 improborum,
949 4570 1009 4616 ut
1037 4563 1276 4617 ostendit
1300 4563 1432 4618 illud
1463 4580 1477 4617 :
1511 4581 1531 4614 ι
1558 4563 1856 4633 Accepisti,
1915 4562 2094 4629 dives,

2209 4562 2283 4633 μὴ
2298 4561 2578 4629 τοιούτων,
2601 4559 2676 4623 ὡς
2695 4560 2844 4631 δηλοῖ
2862 4560 2956 4614 καὶ
2978 4559 3059 4626 τὸ,
3086 4577 3104 4610 ι
3117 4557 3437 4621 Ἀπέλαϐες,
3473 4551 3516 4611 ὦ
3535 4556 3770 4616 πλούσιε,

520 4654 658 4708 bona
696 4663 785 4708 tua
819 4653 950 4708 dum
983 4653 1220 4718 viveres,
1251 4662 1306 4708 et
1330 4655 1568 4712 Lazarus
1589 4655 1845 4711 similiter
1879 4655 2040 4710 mala.
2069 4672 2088 4707 ι

2203 4651 2272 4704 τὰ
2298 4649 2480 4718 ἀγαθά
2504 4667 2598 4703 σου
2631 4652 2690 4703 ὲν
2740 4652 2806 4720 τῇ
2837 4650 2949 4721 ζωῇ
2983 4665 3100 4718 σου,
3157 4650 3251 4701 καὶ
3301 4648 3552 4717 Λάζαρος
3582 4647 3771 4715 ὁμοίως

519 4743 628 4799 Vos
661 4745 847 4815 igitur,
878 4746 1107 4801 muliere
1134 4756 1290 4817 partu
1323 4744 1531 4812 felices,
1595 4760 1804 4816 vosque
1829 4785 1844 4811 ,
1910 4755 2096 4816 patres

2206 4739 2374 4796 κακά.
2404 4757 2423 4792 ι
2460 4734 2537 4791 Ὦ
2567 4737 2700 4807 γοῦν
2731 4740 2990 4807 γυναῖκες
3013 4736 3456 4806 εύτεκνούμεναι,
3482 4735 3577 4790 καὶ
3606 4731 3652 4789 ῶ
3683 4749 3775 4786 πα-

519 4835 669 4904 prole
707 4835 1028 4904 gaudentes,
1055 4851 1121 4890 ne
1146 4835 1227 4891 sic
1252 4835 1470 4891 incaute
1519 4835 1850 4890 invehamini
1876 4889 1878 4891 ,
1907 4845 2098 4890 contra

2173 4828 2175 4847 '
2202 4833 2358 4902 τέρες
2386 4805 2656 4894 εὔτεκνοι,
2688 4805 2763 4901 μή
2796 4829 3201 4901 κατεπαίρεσθε
3229 4805 3607 4898 ἀπραγμόνως
3640 4825 3772 4880 οὕτω

518 4941 614 4980 eos
637 4928 727 4995 qui
761 4927 981 4994 quidem
1007 4927 1134 4981 boni
1177 4936 1329 4991 sunt,
1367 4927 1465 4982 sed
1487 4927 1725 4984 orbitate
1753 4927 2096 4998 afﬂiguntur,

2200 4925 2308 4977 τῶν
2360 4924 2615 4994 φανερῶς
2664 4924 2763 4992 μὲν
2812 4921 3055 4991 ἀγαθῶν,
3090 4921 3552 4990 δυσπραγούντων
3580 4920 3638 4973 δὲ
3663 4919 3775 4971 ἀτε-

521 5032 610 5082 ne,
648 5027 937 5086 postquam
981 5018 1244 5086 Spiritum
1313 5027 1563 5074 sanctum
1618 5017 2099 5083 contristaveritis,

2201 5016 2378 5081 κνίαν,
2399 5016 2486 5068 ῐνα
2505 5015 2600 5086 μὴ,
2621 5015 2682 5068 τὸ
2712 5015 2936 5084 Πνεῦμα
2963 5015 3024 5068 τὸ
3051 5014 3206 5083 ἅγιον
3234 5015 3380 5084 λυπή
3392 5030 3603 5078 σαντες,
3623 5024 3775 5081 μετα-

519 5109 873 5162 mutationem
906 5108 960 5161 in
999 5108 1082 5163 his
1109 5123 1231 5178 quae
1264 5117 1392 5164 sunt
1419 5110 1486 5162 ad
1516 5123 1613 5164 vos
1631 5109 1908 5174 sentiatis,
1940 5117 2103 5177 prout

2205 5105 2472 5176 στρέψητε
2502 5107 2570 5159 τὰ
2613 5105 2736 5159 καθ’
2771 5106 2936 5175 ὑμᾶς,
2972 5104 3049 5169 ὡς
3083 5107 3111 5158 6
3132 5103 3262 5168 Θεὸς
3311 5103 3606 5173 διακρινεῖ,
3635 5103 3662 5153 6
3685 5094 3771 5150 καὶ

517 5197 784 5266 iudicabit
815 5197 986 5262 Deus,
1031 5200 1123 5268 qui
1160 5199 1363 5268 prolem
1390 5199 1483 5254 dat
1513 5206 1566 5253 et
1597 5198 1794 5254 aufert.
1833 5198 2103 5256 Memento

2205 5197 2383 5260 διδοὺς
2424 5198 2623 5261 παῖδας
2654 5197 2749 5252 καὶ
2781 5197 3209 5268 ἀφαιρούμενος.
3272 5197 3469 5249 ’ἰστέον
3497 5193 3553 5246 δὲ
3583 5193 3675 5246 καὶ
3703 5187 3769 5246 ὡς

520 5299 700 5342 autem
759 5289 906 5358 quod
961 5304 1068 5344 non
1131 5289 1356 5344 omnino
1416 5291 1581 5345 unius
1638 5290 1798 5345 bonae
1858 5289 2107 5345 mulieris

2207 5290 2309 5341 οὑκ
2349 5287 2648 5354 ὲξάπαντος
2679 5291 2812 5359 μιᾶς
2855 5289 3069 5357 ἀγαθῆς
3113 5287 3374 5357 γυναικὸς
3408 5286 3566 5354 ῦερις
3593 5281 3771 5336 ἐλύπει

520 5380 720 5446 injuria
754 5380 1115 5434 contristabat
1141 5383 1353 5435 Annam
1388 5398 1403 5440 :
1435 5382 1636 5437 etenim
1681 5381 1832 5436 illinc
1881 5382 2108 5436 demon-

2204 5381 2306 5449 τὴν
2338 5381 2560 5447 Ἀνναν,
2587 5381 2721 5434 ἀλλά
2749 5381 2780 5452 ἢ
2817 5383 2880 5434 ὲκ
2908 5382 3110 5451 μέρους
3136 5381 3352 5452 ἐκείνης
3396 5379 3493 5434 καὶ
3523 5377 3658 5432 ἄλλα
3687 5374 3772 5437 δη-

521 5480 763 5525 strantur
789 5472 930 5535 οὶὶιιε,
965 5485 1065 5525 nec
1090 5487 1185 5540 per
1206 5471 1366 5526 istam
1389 5474 1562 5528 solum
1589 5473 1873 5528 molestari
1901 5474 2106 5529 dicitur

2205 5471 2426 5526 λοῦνται
2455 5473 2744 5542 πρόσωπα,
2783 5473 2815 5540 ἢ
2842 5452 2912 5526 δι’
2957 5473 3171 5542 ἐκείνην
3197 5473 3297 5543 τὴν
3332 5471 3464 5542 μίαν
3495 5469 3711 5538 λέγεται
3739 5462 3768 5528 ὴ

523 5561 906 5631 prophetissa,
965 5562 1234 5631 siquidem
1284 5565 1468 5619 multa:
1538 5565 1589 5620 ei
1649 5565 2100 5635 exprobrabant,

2207 5565 2479 5633 προφῆτις
2510 5564 2840 5634 βαρύνεσθαι
2863 5603 2877 5629 ,
2902 5564 2978 5627 ὼς
3011 5564 3224 5620 πολλῶν
3257 5564 3648 5634 προφερόντων
3696 5555 3769 5613 εἰς

524 5649 832 5704 Pbenennae
869 5649 1278 5720 fecunditatem,
1306 5653 1553 5711 dicentes
1584 5662 1817 5708 matrem
1845 5663 1900 5710 et
1925 5657 2099 5727 ipsam

2206 5654 2509 5724 ὀνειδισμὸν
2540 5656 2677 5726 αὐτῇ
2727 5656 2788 5709 τὸ
2826 5660 2925 5727 τῆς
2951 5657 3223 5727 Φενάννης
3269 5655 3549 5720 εὔτεκνον,
3581 5652 3673 5707 καὶ
3695 5648 3773 5699 λε·-

524 5741 763 5798 futuram
787 5741 977 5812 fuisse,
1008 5745 1054 5801 si
1078 5742 1172 5800 Dei
1201 5754 1455 5812 serva,ut
1483 5746 1609 5814 ista,
1637 5745 1851 5805 fuisset.

2207 5745 2417 5813 γόντων
2451 5747 2666 5816 μητέρα
2699 5749 2798 5801 καὶ
2849 5749 3020 5818 αὐτὴν
3065 5748 3325 5818 γενέσθαι
3386 5747 3452 5802 ἂν
3478 5785 3494 5814 ,
3529 5744 3684 5815 εἴπερ
3710 5734 3771 5809 ἦν

2211 5836 2520 5907 θεράπαινα
2541 5837 2676 5895 Θεοῦ
2711 5839 2830 5892 κατ’
2857 5839 3088 5910 εκείνην.
