4050 6432
337 411 438 506 εει

1138 410 1218 470 lN
1255 407 1596 470 IIY‘MNUM
1640 401 2295 465 PENTECOSTALEM
2329 402 2795 466 DAMASCENI.

3516 393 3624 458 58?.

399 525 496 589 ξζθ.
525 522 597 577 Τὸ
617 524 672 578 δὲ
705 528 842 595 μόνη
870 523 1160 596 προσευχὴ
1184 524 1285 593 τῆς
1327 523 1657 593 προφήτιδος
1695 519 1919 584 ύπεξαί-
1947 552 1957 580 ε

2100 518 2192 575 6⁸7.
2228 517 2340 573 Hoc
2370 528 2552 574 autem
2588 518 2704 574 sola
2775 516 3137 588 prophetissae
3201 515 3467 586 precatio,
3539 531 3626 569 se—

326 635 413 688 ρει
437 617 546 671 τῶν
587 617 764 672 ἄλλων
797 617 958 671 θείων
983 617 1316 688 προσφορῶν
1339 616 1440 688 τὴν
1469 617 1716 686 καθαράν
1749 631 1923 686 προσ-

323 707 510 776 ευχὴν,
533 707 608 777 ἦν
643 709 737 762 καὶ
769 706 903 761 αὐτὸ
933 713 1189 778 σεμνύνει
1241 708 1304 759 τὸ
1343 707 1464 760 κατ’
1491 705 1663 776 αὐτὴν
1709 705 1882 774 ὄνομα
1903 717 1920 734 °

325 801 461 871 εὐχὴ
493 800 603 871 γὰρ
625 800 943 871 ὠνόμασται
975 802 1129 870 παρά
1161 802 1220 854 τὺ
1251 799 1342 854 τοῦ
1369 795 1462 865 εὖ,
1482 800 1653 871 ἡγουν
1680 797 1774 852 τοῦ
1801 797 1922 867 ἀρί-

331 909 478 958 στου,
502 893 772 960 ἔχεσθαι.
829 887 901 946 Εὖ
940 891 997 946 δὲ
1026 892 1120 945 καὶ
1153 891 1376 962 ἄριστον
1407 891 1505 944 καὶ
1534 890 1596 944 τὸ
1619 886 1922 942 τελικώτα-

328 1003 421 1039 τον
443 986 504 1038 ἐν
529 988 647 1048 ταῖς
675 986 920 1054 ἀρεταῖς,
949 984 1185 1054 μάλιστα
1205 985 1259 1038 δὲ
1281 985 1310 1038 ὁ
1336 984 1465 1046 Θεός
1489 998 1503 1014 ⁸
1524 983 1658 1055 πρὸς
1690 975 1734 1050 ᾧ
1760 981 1917 1050 γενό-

334 1095 494 1148 μενος
524 1080 552 1132 ὁ
580 1077 833 1149 θεοφιλὴς
863 1077 1155 1148 ἄνθρωπος
1201 1076 1298 1132 τοῦ
1331 1079 1675 1149 κυριωτάτου
1709 1071 1768 1130 εὖ
1803 1074 1925 1146 ἕχε-

329 1188 443 1235 ται,
507 1170 630 1242 ἦτοι
701 1169 797 1223 τοῦ
849 1168 988 1225 Θεοῦ
1041 1172 1412 1241 προσιεμένου
1487 1169 1587 1240 τὴν
1655 1167 1921 1237 τοιαύτην

330 1263 670 1334 προσευχήν.
715 1263 918 1317 ’ἰστέον
975 1263 1034 1318 δὲ
1087 1264 1173 1317 ὅτι
1205 1264 1267 1317 ού
1321 1264 1556 1318 πάντοτε
1599 1263 1680 1324 είς
1720 1260 1920 1314 ταυτὸν

332 1354 613 1424 σημασίας
643 1354 874 1426 ἥκουσιν
901 1355 1037 1427 εὐχὴ
1066 1357 1155 1409 καὶ
1191 1356 1502 1427 προσευχὴ*
1537 1353 1673 1408 ἀλλὰ
1697 1353 1786 1407 ὅτε
1824 1353 1926 1423 μὲν

329 1447 508 1501 δέεται
535 1465 620 1512 τις
649 1447 744 1501 τοῦ
775 1447 940 1514 Θεοῦ,
975 1448 1277 1504 ἀνατείνων
1309 1449 1409 1518 τὴν
1455 1446 1635 1519 ψυχὴν
1664 1449 1746 1510 εἰς
1776 1447 1924 1500 ἐκεῖ·

331 1524 422 1594 νον
453 1541 548 1595 καὶ
575 1541 779 1613 τρόπον
836 1542 966 1598 τινὰ
1013 1545 1472 1614 παριστάμενος,
1521 1542 1695 1614 ἤγουν
1755 1541 1927 1610 ἐγγυς

335 1634 650 1705 ἱστάμενος,
705 1636 988 1707 προσευχή
1027 1636 1144 1690 ἐστι
1191 1635 1255 1690 τδ
1278 1635 1553 1702 τοιοῦτον,
1612 1635 1817 1690 αὐτίκα
1870 1633 1928 1686 δὲ

333 1728 430 1782 καὶ
474 1728 607 1799 εὐχή
634 1744 652 1762 ο
708 1728 798 1784 ὅτε
841 1728 899 1783 δὲ
932 1729 1287 1800 ἀναπολήσας
1335 1728 1519 1798 ἁγαθά
1557 1729 1626 1783 τά
1679 1731 1745 1782 ἐκ
1789 1726 1924 1782 Θεοῦ

335 1822 680 1891 ὑπισχνεῖται
707 1822 853 1894 άπερ
883 1822 1160 1895 ἐναρέτως
1191 1823 1367 1878 ἐθέλει
1404 1823 1486 1886 ῶς
1515 1824 1595 1887 εἰς
1627 1822 1922 1888 ἀντίδοσιν,

2030 617 2219 680 gregat
2259 610 2328 663 ab
2358 609 2483 664 aliis
2508 607 2715 662 divinis
2744 606 3123 662 oblationibus
3181 620 3375 674 puram
3434 619 3624 674 preca-

2031 698 2260 764 tionem,
2293 713 2456 766 quam
2511 698 2690 768 ipsum
2744 698 2864 768 eius
2920 712 3116 752 nomen
3175 706 3426 751 exornat.
3480 696 3628 764 Εὖχὴ

2031 801 2272 857 namque
2339 796 2422 844 est
2475 795 2669 842 vocata
2731 787 2799 842 ab
2855 785 2914 838 εὖ
2966 785 3210 855 ἔχεσθαι.
3257 783 3370 838 Hoc
3439 791 3626 836 autem

2029 889 2115 936 est
2177 881 2316 934 bene
2377 890 2430 934 et
2485 880 2753 949 optimum
2812 879 2868 934 in
2924 879 3246 940 virtutibus.
3283 885 3338 932 et
3385 877 3625 931 maxime

2030 973 2175 1028 Deus
2216 989 2230 1027 :
2261 972 2406 1042 apud
2434 988 2596 1042 quem
2615 971 2795 1028 lactus
2829 972 2995 1026 homo
3027 971 3174 1041 pius,
3210 971 3350 1025 bene
3387 965 3630 1023 adhieret

2028 1066 2513 1135 praestantissimo,
2541 1067 2658 1121 sive
2681 1063 2817 1131 Deo,
2851 1065 2942 1134 qui
3010 1064 3172 1119 talem
3229 1063 3470 1118 admittit
3507 1077 3629 1132 pre-

2029 1156 2326 1211 cationem.
2360 1154 2657 1212 Sciendum
2695 1167 2781 1210 est
2809 1164 2993 1210 autem
3040 1171 3151 1210 non
3217 1170 3443 1222 prorsus
3481 1153 3626 1208 idem

2030 1247 2340 1318 significare
2396 1248 2531 1319 εὐχὴ
2574 1260 2627 1304 et
2687 1247 3156 1320 προσευχή.(]υηι
3209 1248 3410 1316 aliquis
3462 1245 3632 1299 Deum

2029 1340 2349 1411 suppliciter
2376 1351 2552 1412 rogat,
2580 1341 2820 1398 animam
2853 1343 2918 1395 ad
2942 1340 3100 1394 illum
3138 1339 3334 1394 tollens
3360 1347 3414 1393 et
3445 1337 3633 1407 aliquo

2031 1436 2193 1489 modo
2221 1443 2348 1490 ante
2382 1433 2579 1490 faciem
2627 1434 2802 1504 ipsius
2838 1443 3014 1500 stans,
3049 1435 3154 1488 hoc
3201 1443 3285 1487 est
3329 1432 3634 1501 προσευχὴ,

2031 1522 2126 1578 sed
2161 1522 2325 1578 simul
2355 1524 2524 1578 etiam
2553 1525 2718 1596 εύχή.
2747 1525 2888 1580 Cum
2923 1533 3108 1579 autem
3159 1523 3346 1578 divina
3412 1522 3628 1592 recogi-

2032 1627 2156 1674 tans
2190 1617 2331 1673 bona
2368 1619 2660 1688 pollicetur
2692 1633 2754 1673 ea
2782 1633 2908 1688 quae
2954 1617 3062 1673 sibi
3095 1615 3351 1687 proponit
3379 1615 3434 1670 in
3465 1615 3632 1668 retri-

2030 1708 2334 1776 butionem,
2368 1719 2498 1766 tunc
2526 1720 2711 1765 votum
2739 1709 2950 1782 (εὐχὴν)
2983 1709 3150 1777 facit;
3176 1711 3530 1781 jamquenon
3550 1714 3636 1762 est

2031 1800 2264 1871 simplex
2295 1801 2604 1872 προσευχὴ,
2636 1803 2732 1858 sed
2767 1803 2858 1858 illa
2892 1818 3014 1874 qua:
3067 1804 3436 1858 communiter
3497 1799 3636 1855 dici.

335 1913 459 1967 τότε
490 1913 712 1984 εὔχεται
749 1892 849 1983 μὲν
879 1892 1178 1987 καὶ-εὐχὴν
1212 1917 1471 1980 ποιεῖται,
1504 1915 1565 1967 ού
1595 1914 1703 1986 μὴν
1736 1913 1923 1978 ἁπλῶς
1961 1892 2002 1948 Β
2032 1902 2120 1949 ίυτ
2147 1897 2469 1966 Ρτοωίδείον
2514 1911 2638 1952 sese
2674 1897 3083 1967 (ιιιοειωιιιιιοάο
3144 1897 3387 1968 iungens
3441 1910 3634 1967 Ρτεοτι·

340 2005 674 2076 προσευχὴν,
723 2004 862 2060 ἀλλά
891 2007 991 2080 τὴν
1024 2005 1168 2060 οὕτω
1200 2005 1400 2069 κοινῶς
1450 2005 1764 2076 λεγομένην
1794 2004 1926 2058 ὁπό-

338 2112 544 2167 σχεσιν,
580 2097 907 2168 ἐγγίζουσάν
946 2117 1064 2164 πως
1127 2101 1222 2152 καὶ
1272 2098 1448 2169 αὐτὴν
1501 2101 1568 2169 τῇ
1609 2100 1920 2170 προσευχῇ,

339 2191 432 2244 καὶ
470 2190 560 2246 διά
587 2191 746 2247 τοῦτο
793 2192 1100 2264 λεγομένην
1151 2193 1336 2264 εὐχήν.
1379 2192 1489 2247 Καὶ
1524 2193 1704 2256 ἄλλως
1737 2193 1796 2246 δὲ
1849 2193 1927 2245 εί-

341 2285 501 2347 πεῖν,
558 2285 592 2354 ὴ
643 2285 928 2357 προσευχὴ
981 2285 1333 2339 πλεονεκτεῖν
1383 2285 1535 2340 δοκεῖ
1583 2285 1683 2357 τὴν
1735 2286 1927 2355 εὐχήν.

344 2373 497 2443 Ἔχει
534 2373 634 2444 μὲν
663 2375 773 2446 γάρ
811 2375 904 2429 καὶ
936 2375 997 2428 τὸ
1051 2375 1267 2444 ἐκείνης
1317 2375 1378 2428 τὸ
1440 2376 1584 2429 ἆπαν
1607 2391 1621 2403 °
1665 2375 1932 2428 ἐπέκεινα

339 2464 396 2517 δὲ
418 2465 678 2536 εύκληρεῖ
707 2466 805 2520 καὶ
830 2465 888 2519 τὸ
921 2465 1120 2537 δηλοῦν
1147 2467 1432 2536 ἐγγύτητα
1459 2465 1549 2520 διά
1585 2465 1930 2536 προθέσεως,

339 2556 408 2610 δι’
433 2552 502 2629 ἧς
531 2557 792 2628 ἐμφαίνει
821 2556 897 2622 ὡς
940 2556 1079 2628 πρὸς
1106 2556 1185 2628 τῷ
1225 2557 1346 2628 Θεῷ
1381 2557 1680 2628 ἱστάμενος
1715 2559 1743 2611 ὁ
1772 2558 1929 2628 εὐχό-

345 2661 510 2716 μενος
553 2647 648 2698 καὶ
680 2645 922 2717 θαρρῶν,
954 2645 1030 2710 ὡς
1057 2639 1147 2700 οἶα
1177 2647 1274 2700 καὶ
1333 2648 1427 2701 ἐπὶ
1471 2647 1634 2717 φίλῳ,
1666 2649 1932 2717 ἀναφέρει

343 2737 541 2809 ἐκείνῳ
569 2737 638 2792 τά
668 2736 906 2808 βουλητά
929 2754 945 2770 ⁸
985 2739 1044 2792 ἐν
1073 2731 1155 2801 οἷς
1185 2738 1450 2803 πολλάκις
1487 2741 1582 2793 καὶ
1621 2739 1932 2810 δωρεατική

2033 1987 2194 2054 tioni,
2218 1998 2272 2042 et
2299 1987 2420 2044 ideo
2446 1988 2589 2045 dicta
2622 1990 2781 2062 εὐχή.
2806 1990 2946 2047 Aliis
2975 1999 3160 2046 autem
3205 1989 3410 2056 verbis,
3448 2005 3635 2059 preca-

2033 2080 2109 2136 tio
2143 2081 2358 2138 videtur
2392 2091 2654 2152 praestare
2707 2095 2879 2139 voto:
2942 2084 3107 2138 habet
3159 2082 3304 2138 enim
3357 2082 3630 2151 quidquid

2033 2169 2102 2224 ad
2145 2171 2249 2226 hoc
2284 2172 2561 2241 pertinet;
2625 2173 2723 2228 sed
2777 2174 3002 2243 insuper
3047 2173 3278 2243 gloriam
3347 2172 3630 2227 indicandi

2034 2263 2504 2333 propinquitatem
2547 2279 2644 2334 per
2706 2265 3157 2334 praepositionem
3212 2279 3320 2334 qua
3384 2265 3633 2319 declarat

2033 2356 2176 2423 apud
2211 2355 2382 2412 Deum
2408 2357 2629 2412 adstare
2684 2356 2840 2412 iilum
2874 2357 2967 2427 qui
3018 2365 3302 2426 precatur,
3331 2365 3388 2412 et
3453 2357 3630 2412 conli-

2035 2451 2254 2506 dentcm
2289 2459 2551 2521 tanquam
2577 2451 2782 2516 amico,
2832 2451 2936 2520 ipsi
2971 2449 3255 2506 desideria
3321 2449 3632 2504 communi-

2035 2558 2183 2600 care.
2207 2545 2267 2600 In
2305 2545 2390 2599 his
2421 2543 2587 2599 etiam
2625 2559 2774 2615 saepe
2809 2543 3060 2614 quaedam
3088 2551 3173 2599 est
3206 2543 3626 2598 munerabunda

2034 2637 2329 2704 voluntas;
2366 2637 2600 2709 ideoque
2625 2639 2747 2694 talis
2779 2638 2999 2709 gloriari
3031 2648 3216 2708 posset
3272 2638 3420 2710 quod
3471 2652 3633 2692 suum

2037 2736 2224 2782 votum
2257 2743 2443 2784 coram
2471 2725 2583 2784 Deo
2609 2731 2781 2796 venit,
2819 2745 2919 2785 sua
2954 2729 3269 2800 deprecatio
3292 2731 3347 2785 in
3403 2745 3640 2798 conspeo

2038 2831 2184 2876 ctum
2218 2821 2341 2891 ejus
2372 2823 2722 2892 prOpinquat.
2760 2821 2961 2877 Vocem
3000 2832 3182 2878 autem
3234 2821 3351 2877 sola
3398 2837 3508 2877 non
3553 2823 3640 2878 hic

344 2921 406 2974 τδ
450 2921 668 2992 ἀξίωμα
717 2919 884 2976 αὑτοῦ
922 2921 1158 2978 ἐνώπιον
1204 2921 1301 2976 τοῦ
1356 2920 1517 2988 Θεοῦ,
1579 2924 1676 2977 κα)⁵
1717 2922 1936 2992 ἐγγίσαι

2040 2914 2364 2984 simpliciter
2390 2915 2674 2969 communi
2715 2915 3003 2986 tenuique,
3059 2915 3158 2970 sed
3220 2915 3636 2985 sapientissima

348 3013 448 3084 τὴν
479 3013 645 3067 αὐτοῦ
679 3014 867 3079 δέησιν
917 3014 1152 3068 ἐνώπιον
1186 3015 1426 3068 ἐκείνου.
1454 3014 1530 3068 Τὸ
1558 3014 1617 3068 δὲ
1658 3014 1795 3086 μόνη
1837 3015 1936 3087 οὐχ

2040 3007 2255 3063 ratione
2287 3007 2488 3062 artifex
2529 3008 2716 3078 posuit
2751 3025 2765 3062 :
2809 3009 2882 3062 ob
2910 3008 3251 3064 intellectum
3318 3008 3466 3064 enim
3536 3009 3642 3064 hoc

348 3108 535 3172 ἁπλῶς
560 3105 798 3163 ἐνταῦθα
825 3108 1073 3164 τέθεικεν
1101 3112 1130 3164 ὁ
1168 3109 1407 3182 μελῳδὸς
1452 3108 1598 3182 λόγῳ
1640 3111 1808 3182 κοινῷ
1843 3112 1939 3167 καὶ

2040 3099 2180 3156 dixit
2205 3115 2396 3156 eorum
2421 3115 2564 3170 quae,
2587 3103 2730 3157 sicut
2753 3102 2910 3157 aiunt
2942 3100 3274 3172 philosophi,
3296 3099 3643 3171 subjungun-

345 3200 558 3271 ἀφελεῖ,
588 3201 724 3256 ἀλλὰ
774 3201 1219 3273 φιλοσοφωτάτῳ.
1266 3202 1410 3271 Πρὸς
1447 3202 1633 3273 νόησιν
1668 3202 1777 3275 γὰρ
1806 3203 1940 3256 αύτδ

2049 3203 2135 3249 tur
2154 3194 2478 3263 precationi.
2509 3193 2935 3265 Subjunguntur
2959 3203 3142 3250 autem
3181 3195 3285 3267 ipsi
3311 3195 3546 3262 sullitus,
3581 3197 3644 3250 li-

348 3290 454 3361 ἔφη
482 3291 611 3358 τῶν,
651 3291 728 3356 ὼς
759 3293 925 3361 φασιν
958 3293 1007 3346 οἱ
1041 3295 1217 3363 σοφοὶ,
1252 3292 1632 3362 συζυγούντων
1663 3296 1731 3364 τῇ
1767 3309 1940 3363 προσ-

2055 3287 2300 3352 bamina,
2319 3287 2578 3350 victimae,
2604 3287 2832 3342 donaria
2861 3288 3096 3345 diversa.
3125 3287 3262 3344 Dicit
3297 3288 3460 3360 igitur
3494 3287 3644 3359 quod

350 3385 522 3454 ευχῇ·
563 3383 860 3452 συζυγοῦσι
901 3383 959 3437 δὲ
993 3384 1128 3456 αὐτῇ
1196 3386 1546 3457 θυμιάματα,
1573 3386 1822 3451 σπονδαὶ,
1852 3385 1947 3439 θυι

2053 3396 2150 3451 per
2174 3380 2346 3434 Deum
2373 3381 2618 3449 prodigia
2657 3379 2786 3435 fecit
2816 3380 3181 3449 prophetissa:
3219 3381 3486 3449 precatio,
3532 3397 3642 3436 non

350 3473 488 3538 σὶαι,
519 3475 846 3545 ἀναθήματα
874 3477 1155 3548 πολυειδῆ.
1185 3477 1350 3548 Λέγει
1370 3474 1464 3532 οὖν
1493 3478 1576 3532 ὅτι
1606 3478 1942 3550 ἐτερατούρο

2049 3490 2172 3529 eum
2209 3473 2393 3545 aliquo
2416 3475 2712 3544 subjuncto
2741 3474 2824 3530 vel
2865 3475 3031 3543 amni,
3085 3477 3181 3532 sed
3213 3475 3329 3547 ipsa
3380 3476 3499 3530 sola
3551 3489 3647 3544 per

351 3584 490 3638 τησε
531 3566 621 3621 διά
647 3566 744 3620 τοῦ
774 3567 912 3621 Θεοῦ
949 3569 984 3640 ἡ
1016 3569 1116 3639 τῆς
1161 3569 1496 3640 προφήτιδος
1529 3570 1836 3641 προσευχὴ,
1875 3569 1938 3622 ού

2046 3571 2219 3635 ipsam
2243 3581 2382 3636 ;qua
2399 3568 2560 3637 digne
2577 3581 2802 3638 prorsus
2833 3568 3038 3633 oblata,
3059 3569 3301 3624 salvatur
3322 3569 3508 3634 homo,
3527 3568 3622 3623 nul
3643 3597 3651 3604 -

356 3658 499 3729 μετά
527 3675 674 3722 τινος
710 3655 951 3726 συζύγου
979 3659 1074 3711 καὶ
1111 3659 1398 3729 συστοίχου
1431 3659 1594 3730 αὐτῇ,
1629 3657 1764 3713 ἀλλά
1797 3657 1932 3730 μόνη

2047 3645 2158 3715 lain
2193 3659 2400 3712 habens
2432 3657 2486 3712 in
2511 3659 2715 3714 mundo
2757 3659 3111 3714 eminentiam
3136 3661 3643 3730 autprzestantiam.

351 3755 492 3827 αὐτὴ
518 3753 642 3810 κατ’
664 3755 856 3827 αὐτὴν,
891 3754 960 3811 δι’
985 3750 1052 3830 ἦς
1085 3755 1309 3818 δικαίως
1344 3757 1563 3820 πάντως
1627 3757 2066 3828 ἀναφερομένης,
2143 3755 2380 3821 σώζεται
2431 3757 2741 3827 ἄνθρωπος,
2794 3757 3065 3829 μηδεμίαν
3119 3757 3260 3828 έχων
3326 3759 3384 3810 ἐν
3452 3758 3644 3828 κόσμῳ

352 3852 667 3925 περιϐολὴν,
699 3850 876 3906 είτουν
908 3852 1274 3925 περιττότητα
1306 3853 1598 3924 βιωτικήν.

425 3949 616 4020 ξη⁹οτδ
642 3949 700 4003 δὲ
748 3947 862 4018 τῆς
923 3949 1295 4018 προφήτιδος
1326 3947 1556 4018 Ἀννης
1599 3951 1700 4020 τὴν
1757 3951 1821 4003 ἐκ
1849 3949 1945 4003 τοῦ

2127 3949 2216 4005 68τ
2238 3949 2353 4004 Vox
2407 3947 2744 4018 prophetissa:
2773 3948 2955 4012 Anum,
2990 3946 3135 4002 illam
3163 3945 3518 4001 scientiarum
3552 3946 3644 4002 Dei

353 4041 491 4096 Θεοῦ
523 4040 632 4095 τῶν
684 4038 961 4110 γνὼσεων,
999 4041 1058 4096 ἐν
1096 4043 1161 4113 τῇ
1213 4041 1360 4112 ψυχῇ
1392 4044 1492 4112 τῆς
1545 4041 1704 4110 ἁγίας
1740 4041 1945 4110 γνῶσιν

2054 4043 2344 4098 scientiam
2369 4043 2484 4096 sive
2511 4039 2914 4109 praeseientiatn
2941 4049 2996 4094 et
3019 4039 3224 4095 exinde
3260 4040 3458 4094 bonam
3487 4055 3640 4109 spem

355 4136 478 4204 ἦτοι
505 4133 814 4206 πρόγνωσιν
855 4134 1026 4205 δηλοῖ,
1054 4135 1150 4189 καὶ
1175 4135 1236 4188 τὸ
1257 4135 1464 4188 ἐκεῖθεν
1499 4133 1712 4189 εὔελπι.
1741 4135 1813 4188 Εὖ
1835 4137 1944 4204 γὰρ

2056 4133 2330 4188 inanima
2369 4141 2572 4187 sancta:
2631 4131 2913 4186 ostendit:
2975 4131 3113 4186 bene
3168 4147 3407 4202 namque
3461 4133 3643 4187 sciens

360 4226 532 4280 εἰδυῖα
556 4227 639 4281 ὅτι
669 4227 773 4282 κᾶν
801 4220 1136 4282 ἀλυτοιῶσιν
1166 4227 1344 4291 άλλως
1369 4229 1420 4282 οἱ
1445 4227 1636 4299 δεσμοὶ
1667 4229 1766 4298 τῆς
1796 4245 1942 4280 στει-

2049 4223 2358 4278 sterilitatis
2382 4222 2620 4289 vincula,
2648 4220 3129 4289 licetinsolubilia,
3165 4231 3346 4276 tamen
3386 4221 3504 4277 fore
3533 4221 3645 4277 sol--

365 4322 606 4388 ρώσεως,
657 4319 808 4388 ὅμως
840 4317 1160 4374 λελύσονται
1199 4319 1366 4390 αὐτῇ,
1411 4319 1564 4374 οὐδὲν
1600 4315 1764 4391 ἦττον
1793 4319 1941 4391 ἥπερ

2053 4317 2224 4370 venda
2255 4315 2382 4377 sibi,
2419 4329 2524 4368 non
2555 4315 2740 4368 minus
2766 4327 2932 4383 quam
2967 4312 3140 4368 beatre
3170 4313 3340 4378 Sarae,
3405 4316 3450 4370 si
3509 4328 3636 4369 eum

356 4413 423 4480 τῇ
458 4410 704 4480 μακαρίᾳ
736 4411 949 4481 Σάρῥᾳ,
983 4410 1033 4463 εί
1067 4410 1207 4482 μετά
1256 4412 1731 4482 συντετριμμένον
1775 4411 1942 4465 πνεύ-

2054 4408 2250 4478 spiritu
2281 4406 2520 4461 contrito
2574 4414 2891 4474 precaretur
2952 4404 3122 4462 Deum
3156 4443 3172 4470 ,
3238 4407 3311 4459 ita
3393 4405 3543 4471 fecit,
3588 4416 3646 4462 et

361 4519 529 4570 ματος
557 4501 773 4566 εὔξεται
803 4503 883 4572 τῷ
903 4502 1043 4571 Θεῷ,
1070 4504 1370 4573 πεποίηκεν
1396 4503 1540 4558 οὕτω
1563 4520 1578 4535 ⁸
1611 4507 1708 4560 καὶ
1729 4499 1858 4575 εὗρε
1884 4505 1946 4557 τὸ

2057 4504 2202 4573 quod
2237 4501 2584 4556 desiderabat
2604 4503 2740 4555 citra
2793 4515 2943 4570 spem
2988 4509 3211 4570 experta
3265 4509 3370 4557 est.
3445 4500 3578 4554 Illud
3624 4518 3638 4554 :

361 4594 551 4662 ἐφετὸν
576 4593 876 4664 ἐκϐεϐηκὸς
911 4594 1051 4665 αὐτῇ
1077 4595 1200 4649 κατ’
1232 4595 1447 4650 ἐλπίδα.
1474 4596 1548 4648 Τὸ
1582 4596 1637 4648 δὲ
1666 4596 1946 4666 φερούσης

2056 4596 2279 4653 ferentis
2301 4593 2371 4649 ad
2410 4592 2576 4648 Deum
2609 4593 2875 4662 spiritum
2907 4595 3231 4659 contritum,
3271 4594 3454 4648 ionico
3485 4608 3638 4650 more

343 2847 428 2895 τις
474 2828 765 2901 βούλησις·
799 2831 892 2884 Διὸ
934 2830 1167 2902 αύχήσοι
1219 2832 1286 2886 ἀν
1338 2830 1631 2896 ὁτοιοῦτος
1665 2831 1934 2886 εἰσελθεῖν

364 4686 583 4753 πνεῦμα
621 4685 1084 4756 συντετριμμένον
1114 4687 1253 4756 πρὸς
1281 4687 1373 4742 τὸν
1395 4687 1550 4755 Θεὸν,
1575 4687 1822 4743 διάλυσιν
1847 4691 1946 4742 πέ-

361 4779 564 4832 πονθεν
599 4779 698 4849 τῆς
751 4779 1074 4849 προσφορᾶς
1129 4779 1530 4851 ἰωνικωτὲρως.
1592 4780 1691 4843 ,Ὧς
1728 4780 1836 4851 γὰρ
1887 4779 1950 4834 τὸ

358 4868 473 4932 ζῶα
512 4869 763 4938 γράφειν
790 4870 1186 4941 διαλελυμένως
1212 4870 1400 4941 ῥηθὲν,
1437 4871 1638 4926 -ταυτόν
1669 4874 1788 4925 ἐστι
1821 4888 1951 4924 συν-

361 4963 502 5031 θέτῳ
525 4962 602 5034 τῷ
637 4961 999 5034 ζωγραφεῖν,
1029 4963 1174 5018 οὕτω
1215 4965 1312 5019 καὶ
1350 4963 1412 5018 τὸ
1445 4963 1637 5034 φέρειν
1687 4963 1827 5035 πρὸς
1859 4963 1952 5016 τὸν

359 5056 531 5120 δεῖνα,
589 5058 671 5120 είς
724 5057 839 5110 ῖσον
885 5055 1106 5127 ἔρχεται
1150 5055 1228 5126 τῷ
1286 5056 1625 5128 προσφέρειν
1659 5055 1738 5124 τῷ
1789 5057 1948 5112 δεῖνι.

363 5146 592 5215 Πνεῦμα
616 5149 674 5201 δὲ
700 5149 1172 5222 συντετριμμένον
1197 5143 1354 5202 εῖπεν
1377 5148 1436 5201 ού
1470 5148 1614 5202 κατά
1646 5149 1708 5202 τὸ
1744 5164 1950 5218 σημαι-

363 5237 598 5306 νόμενον
631 5237 725 5290 τοῦ
758 5241 1231 5309 συντετριμμένον
1287 5237 1580 5309 γραφικῶς
1615 5238 1888 5308 καλάμου,
1919 5238 1952 5310 ἢ

363 5329 474 5384 τῶν
499 5329 752 5400 ψυχικῶν
777 5330 976 5395 ὀστῶν,
1015 5330 1052 5384 ἀ
1104 5330 1468 5400 συντριϐῆναι
1494 5329 1790 5400 ψάλλονται
1846 5332 1955 5386 ὑπὸ

370 5421 570 5493 βάρους
615 5421 854 5492 ἡδονῶν,
908 5421 1044 5476 ἀλλά
1101 5421 1202 5493 τὴν
1231 5423 1717 5494 τεταπεινωμένην
1777 5423 1956 5496 ψυχὴν

369 5515 514 5570 κατά
538 5514 741 5586 ἀρετάς
761 5530 776 5547 ο
804 5516 895 5570 ὅτε
916 5514 1119 5586 δηλαδὴ
1149 5513 1334 5581 ἀγαθά
1357 5516 1616 5586 πράττων
1642 5515 1953 5584 ἄνθρωπος,

367 5607 431 5658 τὸ
459 5605 628 5676 μηδὲν
649 5603 845 5658 ἑαυτὸν
874 5602 1015 5659 εῖναι
1045 5604 1323 5674 λογίζεται
1345 5623 1360 5638 ο
1390 5605 1628 5674 ὁπηνίκα
1661 5603 1759 5660 καὶ
1807 5606 1959 5660 κάτω

367 5697 549 5752 νεύειν
585 5697 679 5751 καὶ
706 5696 1207 5766 κατακάμπτεσθαι
1263 5697 1450 5750 κλοιοῦ
1481 5697 1642 5770 δίκην
1675 5698 1956 5768 λέγεταιὴ

367 5792 541 5863 ψυχὴ,
563 5794 658 5847 καὶ
686 5791 1117 5863 συγκεκυφέναι,
1149 5792 1226 5856 ῶς
1260 5795 1357 5848 καὶ
1387 5793 1582 5858 ἄλλους
1629 5793 1960 5865 ἐξανορθοῦν

360 5885 761 5972 σοωτηριωὸῶς,
821 5885 885 5941 οὐ
954 5884 1064 5958 μὴν
1125 5885 1353 5959 πάσχειν
1409 5885 1531 5942 κατ’
1596 5888 1812 5958 ἐκείνην
1856 5887 1957 5960 τὴν

2052 4686 2454 4758 seiunCtionem
2477 4685 2778 4742 oblationis
2814 4686 3008 4742 subiit.
3043 4686 3197 4742 Sicut
3233 4689 3402 4750 enim.
3436 4687 3645 4743 dictum

2053 4778 2374 4850 sejunctim,
2437 4777 2553 4841 ζῶα
2580 4777 2820 4848 γράφειν
2880 4778 3024 4833 idem
3066 4788 3153 4834 est
3185 4794 3248 4834 ae
3277 4779 3642 4850 compositum

2052 4869 2388 4942 ζωγραφεῖν,
2410 4868 2490 4924 sic
2505 4870 2672 4924 etiam
2692 4867 2836 4926 ferre
2883 4871 2948 4925 ad
2963 4871 3202 4941 aliquem
3233 4872 3377 4927 idem
3419 4881 3584 4927 estac
3600 4873 3650 4928 ei

2058 4963 2279 5022 oﬂ‘erre.
2317 4961 2591 5034 Spiritum
2619 4970 2805 5017 autem
2841 4963 3147 5018 contritum
3179 4965 3319 5020 dixit
3351 4981 3458 5021 non
3493 4965 3650 5035 juxta

2053 5071 2276 5112 sensum
2306 5054 2502 5112 calami
2538 5054 2839 5125 Scriptura:
2868 5054 3154 5123 confracti,
3186 5058 3651 5129 velspiritualium

2055 5151 2286 5213 ossium,
2316 5164 2439 5219 quae
2467 5148 2682 5203 conteri
2715 5147 3060 5217 voluptatum
3095 5151 3339 5220 pondere
3391 5152 3647 5221 psallun-

2057 5247 2170 5304 tur,
2197 5238 2292 5294 sed
2323 5236 2678 5293 humiliatam
2705 5239 3012 5294 secundum
3074 5241 3333 5296 virtutem
3403 5244 3647 5298 animam

2057 5328 2427 5401 signiﬁcavit;
2464 5333 2611 5400 quod
2637 5331 2718 5398 lit,
2748 5347 2874 5388 cum
2912 5335 3049 5389 bene
3081 5349 3252 5405 agens
3291 5333 3482 5401 homo,
3513 5337 3653 5391 nihil

2057 5424 2410 5494 semetipsum
2433 5437 2558 5480 esse
2577 5433 2754 5496 putat,
2795 5441 3008 5484 necnon
3036 5429 3479 5499 quotiescunque
3498 5431 3655 5485 deor-

2057 5531 2180 5574 sum
2213 5517 2487 5572 incurvari
2522 5527 2785 5589 tanquam
2818 5519 3022 5576 collare
3088 5530 3146 5576 et
3177 5521 3431 5577 inclinari
3465 5524 3646 5578 anima

2057 5607 2277 5671 dicitur,
2303 5617 2366 5663 ut
2397 5608 2534 5665 alios
2564 5611 2886 5668 salutariter
2935 5613 3129 5684 erigat,
3184 5629 3295 5669 nou
3359 5623 3542 5671 tamen
3590 5624 3655 5670 ut

2059 5700 2324 5758 alliciatur
2359 5701 2502 5758 sicut
2535 5703 2626 5758 illa
2648 5706 3000 5774 quemisere
3031 5707 3272 5774 corruitl;
3331 5716 3498 5777 atque
3549 5706 3654 5762 hu-

2054 5793 2146 5865 jus
2196 5795 2270 5850 rei
2299 5793 2674 5853 manifestatio
2716 5809 2849 5854 sunt
2899 5800 3294 5870 prostrationes
3318 5807 3375 5854 et
3403 5798 3647 5868 genuﬂe-

2061 5886 2274 5958 xiones,
2309 5887 2638 5950 humiliante
2669 5904 2731 5951 se
2760 5905 2888 5952 cum
2915 5890 3100 5948 anima
3134 5905 3388 5959 corpore.
3449 5889 3658 5949 Trans-
