4050 6426
453 419 561 479 583

1129 405 1550 468 EUSTATI—III
1589 401 2347 465 THKSSALONICENSIS
2393 407 2964 469 METROI'OLITXE

3622 415 3744 479 584

454 534 574 587 Ialm
608 539 735 584 sunt
767 535 945 582 autem
997 526 1112 595 ipsa
1167 520 1429 577 contritio
1475 533 1541 573 ac
1597 515 1907 571 humiliatio
1969 515 2037 570 ab

2148 518 2334 588 οίκτρὰ
2369 521 2823 588 συγκύπτουσανο
2854 523 2950 577 καὶ
2979 522 3174 576 τούτου
3206 525 3526 595 παράδειξις
3548 531 3642 582 καὶ
3675 532 3739 584 αἱ

454 623 743 678 arboribus
775 659 790 683 ,
817 633 1049 689 quarum
1081 615 1266 669 multa:
1297 611 1516 683 quidem
1572 609 1889 668 ﬂectuntur.
1923 625 2032 662 non

454 730 638 784 paucae
666 725 792 766 vero
820 707 1174 764 crematiouis
1204 720 1370 758 causa
1403 702 1879 766 comminuuutur,
1935 715 2032 756 seu

457 817 709 860 teruntur
726 803 965 868 siccata;
1000 800 1144 870 quod
1181 799 1344 852 etiam
1377 797 1659 866 patiuntur
1683 809 1874 850 eorum
1905 809 2033 850 ossa

457 899 546 967 qui
583 896 836 950 Davidico
871 908 1020 946 more
1042 906 1140 962 per
1178 889 1343 942 Deum
1391 886 1663 941 humiliati
1696 885 2034 954 sunt;quasi

453 999 699 1059 oporteat
733 988 786 1040 in
825 987 1047 1054 hisqure
1074 984 1225 1051 juxta
1265 982 1370 1034 vim
1405 980 1650 1034 errantia
1687 988 1840 1042 sunt,
1874 976 2036 1032 fortia

451 1096 572 1136 esse
623 1076 974 1139 conterenda,
1032 1073 1293 1144 quoniam
1347 1068 1506 1124 facile
1564 1069 1926 1122 humiliantur
1979 1076 2035 1123 et

453 1171 654 1226 mollia.
686 1167 923 1224 Rursum
982 1167 1145 1235 igitur
1201 1163 1538 1233 spiritualem
1593 1163 1880 1214 sanitatem
1953 1157 2039 1212 af-

455 1261 782 1316 fectantibus
814 1259 1075 1312 interiora
1110 1270 1332 1311 necesse
1387 1263 1469 1308 cst
1519 1253 1725 1308 conteri
1783 1268 1881 1320 per
1939 1252 2040 1305 hu-

457 1354 813 1410 miliationent
843 1351 990 1405 etab
1041 1349 1252 1404 intensa
1303 1329 1566 1417 labilique
1613 1345 1900 1400 altitudine
1941 1347 2040 1400 de-

457 1447 619 1507 mitti,
651 1453 730 1506 ut,
760 1443 1116 1496 interioribus
1169 1441 1400 1501 sanatis,
1433 1455 1498 1494 ac
1558 1441 1825 1493 restitutis
1852 1438 1904 1490 in
1943 1452 2031 1491 re—

454 1547 602 1593 ctum
635 1538 907 1589 imminent
945 1535 1284 1600 interiorem,
1352 1532 1543 1587 ﬁrmus
1599 1532 1762 1585 etiam
1825 1537 2040 1584 constet

457 1631 716 1689 exterior,
742 1629 979 1682 carnalis
1005 1638 1054 1680 et
1088 1625 1410 1679 materialis.
1439 1625 1530 1678 Sic
1555 1623 1700 1676 enim
1723 1639 1845 1676 cum
1867 1623 2037 1678 arbor

458 1738 622 1776 curva
661 1725 884 1773 dextere
909 1719 1158 1787 erigitur,
1195 1717 1310 1786 ipse
1339 1728 1526 1770 Cortex
1558 1716 1612 1768 in
1672 1714 1909 1768 simulem
1936 1715 2036 1767 ha-

459 1813 602 1867 bitus
630 1810 1007 1865 rertitmlinent
1031 1809 1364 1862 extenditur.
1393 1809 1498 1861 Cor
1525 1807 1692 1876 igitur
1717 1807 2038 1868 contritum,

2138 613 2542 683 προσκυνήσεις
2571 615 2664 666 καὶ
2693 616 2749 667 αἱ
2774 615 3175 685 γονυπετήσεις
3214 625 3742 689 συνταπεινωμένου

2136 707 2203 775 τῇ
2234 703 2380 776 ψυχῇ
2413 705 2628 759 καὶτοῦ
2671 707 2968 776 σώματος’
3006 709 3104 762 καὶ
3141 711 3408 780 μετῆκται
3439 713 3471 781 ἡ
3515 731 3746 785 συντρι-

2141 798 2211 866 6η
2242 797 2380 865 αὕτη
2415 800 2511 852 καὶ
2564 802 2596 866 ἡ
2653 800 3034 871 κατάκαμψις,
3073 804 3182 856 ἀπὸ
3230 804 3416 870 φυτῶν
3449 799 3526 860 ὧν
3559 810 3744 866 πολλὰ

2142 890 2242 958 μὲν
2271 890 2634 958 κάμπτονται,
2661 891 2759 943 οὐκ
2777 891 2930 958 ὀλίγα
2961 891 3020 944 δὲ
3048 895 3143 945 καὶ
3171 893 3566 966 ἀποφρυγῆναι
3594 904 3745 969 φρά-

2141 997 2310 1035 σαντα
2339 982 2741 1051 συντρίϐονται,
2779 983 2950 1053 ἧγουν
2977 985 3116 1056 ὁμοῦ
3151 985 3434 1055 τρίϐονται
3469 992 3741 1060 τειρόμε-

2140 1091 2229 1136 να,
2258 1074 2287 1126 δ
2319 1074 2588 1144 πάσχουσι
2610 1079 2704 1130 καὶ
2730 1079 2798 1131 τὰ
2825 1078 2959 1132 ὀστᾶ
2989 1079 3099 1131 τῶν
3137 1081 3440 1146 Δαυῖτικῶς
3471 1101 3746 1140 τεταπειο

2139 1169 2397 1237 νωμένων
2425 1170 2515 1224 διὰ
2557 1172 2650 1224 τὸν
2692 1172 2860 1226 Θεόνο
2903 1174 2978 1237 ὡς
3031 1176 3151 1229 δέον
3205 1176 3267 1230 ὃν
3325 1180 3394 1234 τὰ
3432 1183 3576 1234 κατὰ
3612 1183 3746 1250 βίαν

2142 1257 2496 1328 ἁμαρτητικᾶ
2527 1265 2826 1331 στερέμνια
2858 1263 3203 1332 θρύπτεσθαι
3228 1281 3243 1298 '
3279 1265 3360 1331 οἷς
3387 1271 3519 1340 ῥᾷον
3544 1289 3749 1325 συντα-

2142 1351 2458 1406 πεινοῦνται
2492 1355 2582 1406 καὶ
2622 1355 2688 1406 τὰ
2721 1356 3000 1424 μαλθακά.
3038 1357 3251 1412 Οὐκοῦν
3290 1361 3570 1415 ἀνάπαλιν
3622 1370 3745 1428 τοῖς

2142 1443 2607 1512 ἑκθεραπεύουσιν
2658 1449 2889 1512 ἑαυτοὺς
2921 1451 3000 1512 είς
3054 1450 3268 1518 ὑγιείαν
3328 1459 3742 1526 πνευματικὴν,

2142 1536 2210 1587 τά
2240 1535 2386 1598 evre;
2420 1536 2524 1606 χρὴ
2562 1539 2868 1605 συντρίϐειν
2894 1539 2982 1592 διὰ
3015 1539 3430 1605 ταπεινώσεως,
3467 1545 3560 1597 καὶ
3594 1547 3744 1598 ὑπο-

2145 1627 2534 1692 καταϐιϐάζειν
2592 1629 2686 1683 τοῦ
2728 1633 2956 1695 ἀτενοῦς
3007 1633 3102 1686 καὶ
3153 1635 3492 1704 ὲφαμάρτως
3523 1637 3742 1706 ὀρθίου,

2145 1716 2230 1768 ἵνα
2262 1719 2372 1771 τῶν
2401 1719 2554 1783 ἐντὸς
2585 1720 2958 1788 ὕγιασθέντων
2989 1724 3086 1775 καὶ
3119 1723 3631 1778 ἀποκαταστάντων
3659 1727 3743 1789 είς

2144 1809 2236 1861 τὸν
2259 1809 2434 1879 ὀρθῶς
2461 1811 2754 1882 ἄνθρωπον
2777 1815 2870 1888 τὸν
2895 1814 3068 1879 ἐντὸς,
3099 1815 3300 1885 ἀτενὴς
3322 1815 3613 1888 ἑστήξεται
3643 1819 3747 1872 καὶ

460 1904 511 1957 id
540 1911 645 1968 est,
682 1912 740 1955 ut
773 1902 1165 1970 interpretatur
1195 1900 1386 1963 David,
1426 1899 1680 1968 spiritum
1733 1898 2034 1951 contritum

2148 1903 2171 1956 ὀ
2203 1903 2383 1968 ἐκτὸς,
2414 1904 2443 1955 ὀ
2473 1881 2737 1973 σαρκικὺς
2783 1885 2878 1958 καὶ
2909 1881 3265 1976 δερμάτινοςξ
3290 1881 3452 1960 Οὕτω
3485 1907 3597 1978 γὰρ
3647 1910 3746 1962 καὶ

458 2011 521 2050 ac
545 1997 886 2049 humiliatum
931 1996 1024 2066 qui
1056 1997 1215 2065 gerit,
1245 1993 1328 2047 his
1353 2008 1472 2062 qua:
1495 2000 1627 2046 sunt
1663 2007 1692 2046 a
1750 1991 1880 2057 Deo,
1927 2006 2038 2046 non

459 2085 832 2144 frustrabitur.

455 2186 847 2252 τετριμμένην,
880 2183 1076 2235 ταυτὸν
1107 2182 1152 2235 δ’
1184 2183 1380 2247 εἰπεῖν,
1408 2181 1483 2244 ὡς
1515 2181 1809 2251 ἑρμηνεύει
1872 2181 2064 2247 Δαδὶδ,

459 2273 688 2342 σάμενός
717 2290 802 2334 τις
828 2273 928 2326 οὐκ
952 2271 1441 2342 ἐξουδενωθήσεται
1465 2273 1533 2325 τὰ
1567 2273 1718 2342 παρά
1745 2273 1838 2327 τοῦ
1870 2272 2031 2327 Θεοῦ.

529 2375 617 2430 69.
661 2374 760 2427 llic
796 2383 975 2426 autem
1013 2374 1176 2426 etiam
1205 2373 1309 2425 alia
1373 2372 1721 2440 recogitanda
1749 2381 1878 2427 sunt
1909 2387 2034 2426 ossa

462 2465 738 2531 Davidica,
767 2481 998 2537 quorum
1054 2481 1155 2518 nec
1189 2480 1356 2518 unum
1407 2474 1738 2521 conteretur.
1773 2463 2036 2528 Quanam

459 2575 590 2614 vero
617 2560 789 2614 sunt?
828 2563 900 2613 Ea
939 2560 1142 2628 quibus
1161 2575 1326 2629 prOpe
1356 2569 1440 2614 est
1465 2558 1629 2622 Deus,
1659 2574 1724 2614 eo
1764 2561 1906 2628 quo‘l
1939 2559 2042 2613 hu-

459 2653 608 2707 milia
630 2665 755 2706 sunt
780 2653 995 2722 spiritu,
1029 2654 1220 2722 sicque
1260 2653 1420 2722 digna
1454 2651 1649 2707 salute.
1675 2651 1777 2717 Qui
1803 2667 2040 2720 namque

458 2748 610 2815 quasi
661 2747 849 2800 leones
886 2757 1036 2810 sunt,
1088 2753 1143 2798 et
1194 2746 1333 2798 adeo
1384 2744 1762 2814 spiritualibus
1809 2744 2030 2799 ossibus

458 2838 670 2892 fortiter
725 2837 1110 2906 compaginati,
1149 2844 1206 2888 ut
1262 2844 1517 2901 tanquam
1560 2835 1902 2903 ignivomqu
1952 2835 2043 2889 in-

467 2940 834 2986 strumentum
859 2929 970 2983 sint
1003 2928 1230 2981 istorum
1260 2927 1587 2982 contritione
1631 2937 1822 2982 contra
1856 2941 2045 2996 perseo

460 3033 688 3092 quentes
724 3021 892 3090 ipsos,
927 3033 1036 3073 non
1070 3025 1267 3088 egeant
1291 3017 1624 3073 contritione
1656 3018 2044 3087 ossiumjuxta

460 3130 555 3170 eos
585 3116 677 3183 qui
711 3115 788 3169 sic
818 3113 928 3184 pati
961 3123 1090 3168 sunt
1119 3112 1293 3182 digni.
1319 3111 1376 3165 Si
1402 3111 1525 3180 quis
1561 3120 1744 3165 autem
1781 3119 2045 3179 reputans

461 3208 643 3262 animo
697 3206 936 3260 contrito
967 3213 1021 3259 et
1066 3204 1359 3258 humiliato
1409 3203 1611 3272 opponi
1645 3201 1788 3272 quod
1830 3214 2041 3256 reetutn

459 3310 566 3365 est,
599 3310 652 3355 et
679 3301 732 3353 in
759 3308 992 3354 mentem
1032 3313 1294 3352 revocans
1348 3297 1598 3367 spiritum
1634 3306 1861 3362 rectum,
1901 3309 2043 3364 pra:-

423 3385 426 3388 ’
463 3394 602 3450 ferre
632 3408 688 3449 se
716 3394 898 3462 potius
953 3391 1102 3446 dicat
1122 3392 1323 3447 habere
1351 3401 1560 3444 rectum
1598 3389 1850 3458 spiritum
1875 3403 2040 3458 quam

460 3486 710 3555 spiritum
730 3483 1024 3538 contritum
1065 3492 1119 3536 et
1168 3481 1546 3547 humiliatum,
1584 3481 1770 3536 audiet
1793 3480 1895 3549 ipsi
1958 3480 2042 3533 di-

463 3576 748 3630 midiatum
778 3587 900 3627 esse
954 3571 1062 3627 tale
1109 3571 1310 3624 bonum
1352 3568 1721 3624 desiderium:
1791 3574 2044 3635 Oportere

460 3668 606 3720 enim
631 3669 809 3734 ipsum
830 3663 1012 3718 dicere
1033 3677 1091 3715 se
1106 3675 1212 3715 non
1235 3659 1411 3728 magis
1431 3674 1594 3729 quam
1612 3658 1864 3728 spiritum
1907 3671 2043 3712 con-

465 3758 650 3810 tritum
692 3769 877 3809 amare
894 3762 1124 3817 rectum,
1146 3752 1239 3806 sed
1258 3752 1541 3820 aequaliter
1563 3759 1882 3819 utrumque.
1930 3747 2045 3801 Illa-

463 3849 609 3903 xime
644 3848 809 3916 igitur
837 3845 1258 3916 praestatipsum
1315 3845 1458 3899 scire
1490 3843 1633 3912 quod
1693 3841 1869 3912 primo
1913 3856 2045 3896 con-

461 3941 748 3998 terendum
805 3948 890 3996 est
922 3953 1018 3992 cor
1043 3937 1188 3992 sicut
1217 3944 1424 4006 petram
1453 3945 1756 3990 montosam
1796 3943 1852 3990 et
1884 3949 2043 4004 aspe-

462 4050 602 4099 ram,
634 4035 686 4087 in
719 4031 982 4103 praecipiti
1006 4031 1325 4095 minantem,
1384 4037 1839 4098 respuentemque
1892 4026 2042 4096 quod

461 4133 546 4179 est
571 4133 874 4193 campestre
899 4123 1237 4192 proindeque
1294 4119 1500 4174 humile
1541 4133 1608 4174 ac
1664 4119 1886 4188 planum
1957 4117 2046 4175 vel

459 4232 713 4286 :rquum;
749 4216 941 4270 deinde
999 4215 1239 4270 studium
1297 4215 1365 4269 de
1431 4221 1582 4268 recto
1649 4211 2040 4268 instruendum

460 4308 1150 4380 procedendumquejuxta
1177 4308 1322 4362 viam
1363 4306 1471 4362 illis
1523 4306 1749 4360 charam
1798 4306 1894 4376 qui
1953 4321 2044 4362 se-

458 4401 699 4458 cundum
740 4401 906 4456 Deum
937 4401 1222 4456 ambulant
1258 4400 1312 4454 in
1344 4398 1477 4455 rita.
1501 4399 1651 4454 Alias
1675 4397 1824 4454 enim
1855 4397 2043 4452 anima

465 4510 572 4549 non
603 4493 834 4548 contrita
871 4507 980 4547 non
1029 4499 1174 4546 recte
1228 4489 1490 4560 dirigetur
1544 4487 1614 4542 ad
1646 4489 1872 4553 bonum,
1899 4487 2045 4542 sicut

469 4601 566 4642 nec
595 4599 725 4640 saxa
751 4583 1018 4649 scandali,
1051 4598 1174 4653 quae
1200 4597 1308 4636 non
1337 4589 1548 4636 remota
1577 4579 1648 4635 ad
1681 4579 1787 4634 iter
1820 4593 2043 4648 aequan-

461 4677 615 4742 dum,
651 4677 795 4730 viam
841 4672 1000 4746 sequi
1059 4681 1263 4728 rectam
1310 4671 1510 4728 sinent.

531 4947 622 5003 70.
661 4945 733 5002 Ut
767 4958 945 5002 autem
972 4954 1028 5003 et
1057 4945 1216 5001 aliter
1233 4958 1380 5001 nunc
1400 4957 1715 5001 sermonem
1739 4957 2040 5010 resumam,

461 5051 701 5106 contere,
731 5040 952 5106 dilecte,
985 5038 1189 5094 dictam
1223 5039 1363 5092 hanc
1389 5036 1640 5103 arduam,
1669 5035 1825 5091 collis
1843 5035 2043 5104 instar,

458 5143 664 5200 petram
694 5141 748 5185 et
779 5132 831 5185 in
861 5132 1071 5186 minuta
1095 5130 1423 5186 dissecatam
1465 5137 1692 5196 experta
1726 5127 2040 5199 diligenter,

460 5237 512 5279 et
529 5227 815 5279 observata
845 5226 1164 5295 operatione
1186 5236 1520 5296 opportuna,
1543 5223 1949 5294 recogitataque
1985 5223 2042 5278 in

465 5318 750 5384 temetipso
811 5317 1176 5371 aediﬁcatione
1230 5325 1444 5379 sancta,
1513 5314 1656 5370 sicut
1699 5314 2042 5369 divinissima

470 5406 755 5476 Scriptura
810 5409 1074 5477 praecipit,
1105 5417 1160 5462 et
1203 5408 1430 5461 materia
1491 5406 1836 5462 convenienti
1877 5421 2039 5477 agge-

464 5509 606 5561 rata,
651 5510 980 5552 structuram
1036 5499 1266 5553 Domino
1309 5497 1531 5568 auSpice
1589 5498 1822 5568 incipias
1849 5499 1905 5553 in
1945 5514 2048 5554 no-

469 5593 618 5645 mine
653 5590 771 5650 Dei.
802 5591 1059 5660 illamque
1085 5591 1138 5643 in
1169 5592 1550 5646 rectitudinem
1581 5593 1777 5662 partim
1819 5607 2052 5661 perpen-

464 5685 678 5747 diculo,
733 5684 932 5752 partim
989 5686 1198 5737 amussi
1262 5684 1565 5755 spiritualis
1624 5685 2047 5753 artisdirigens,

474 5776 825 5828 accommoda
852 5774 1073 5827 domum
1107 5773 1160 5826 in
1188 5775 1444 5844 templum
1466 5773 1575 5829 Deo
1605 5774 1860 5842 dignum,
1885 5787 1942 5828 ut
1969 5777 2053 5828 in-

474 5865 684 5924 habitet
711 5865 788 5924 ibi
808 5864 1037 5937 spiritus
1074 5872 1259 5926 rectus
1291 5886 1304 5926 :
1339 5867 1419 5926 sic
1447 5866 1590 5924 enim
1648 5875 1705 5923 et
1746 5881 1855 5924 non
1897 5867 2054 5924 aliter

2152 1994 2398 2064 στρεϐλῷ
2427 1996 2581 2065 φυτῷ
2611 1996 2972 2067 ὲξορθωθέντι
3029 1998 3242 2065 δεξιῶς,
3278 2003 3374 2052 καὶ
3405 2003 3432 2054 ὁ
3457 2000 3643 2068 φλοιὸς
3664 2000 3750 2060 είς

2149 2088 2335 2155 ὅμοιον
2363 2088 2594 2157 εὐφυΐαν
2639 2089 3124 2160 παρεκταθήσεται
3153 2109 3170 2124 ο
3203 2091 3436 2160 καρδίαν
3478 2087 3574 2145 οὖν
3611 2109 3750 2145 σιιν-

2141 2183 2369 2256 πνεῦμα
2423 2189 2892 2257 συντετριμμένον
2945 2192 3044 2242 καὶ
3086 2191 3564 2258 τεταπεινωμένον
3607 2210 3750 2262 κτη-

2221 2373 2318 2441 ξθ’.
2363 2375 2731 2446 Ἐνθυμητέον
2755 2377 2802 2430 δ’
2825 2376 3062 2432 ἐνταῦθα
3084 2379 3178 2432 καὶ
3203 2379 3365 2449 ἕτερα
3387 2381 3554 2435 ὀστέα
3575 2385 3750 2438 Δαυῖ-

2148 2465 2300 2530 τικά,
2331 2462 2404 2518 ὧν
2431 2465 2553 2520 οὐδὲ
2589 2466 2648 2519 ἓν
2707 2467 3157 2538 συντριϐήσεται.
3219 2471 3351 2523 Ποῖα
3411 2473 3466 2524 δὲ
3507 2477 3742 2542 ἐκεῖνα;

2148 2553 2242 2620 Οἷς
2265 2559 2434 2627 ἐγγύς
2466 2563 2614 2613 ἐστιν
2635 2561 2664 2613 ὁ
2691 2559 2822 2623 Θεὸς
2849 2563 3123 2623 ταπεινοῖς
3156 2557 3273 2615 οὖσι
3312 2563 3390 2634 τῷ
3422 2565 3706 2634 πνεύματι
3727 2609 3744 2634 ,

2146 2653 2242 2705 καὶ
2269 2650 2414 2705 οὕτω
2442 2655 2716 2721 σωτηρίας
2763 2653 2960 2717 ἀξίοις.
3014 2657 3077 2708 Οἱ
3109 2657 3216 2725 γὰρ
3249 2658 3488 2710 τοιοῦτοι
3523 2660 3746 2726 λέοντες

2149 2741 2264 2796 οἷον
2297 2743 2471 2806 ὄντες,
2503 2744 2600 2796 καὶ
2626 2746 2707 2808 είς
2736 2745 2994 2798 τοσοῦτον
3017 2748 3459 2816 ὲστεγανωμένοι
3488 2756 3746 2824 στερρῶς

2149 2839 2218 2890 τὰ
2249 2837 2393 2891 κατὰ
2441 2836 2623 2907 ψυχὴν
2652 2837 2809 2901 ὀστᾶ,
2859 2837 2934 2901 ὼς
2990 2841 3085 2892 καὶ
3117 2842 3466 2912 πυρεκὸολὴν
3517 2846 3582 2914 τῇ
3618 2847 3746 2898 κατ’

2149 2930 2295 2984 αὐτὰ
2334 2930 2616 3001 συντρίψει
2679 2935 2820 2986 κατά
2850 2933 2959 2984 τῶν
3004 2932 3187 2995 αὐτοῖς
3217 2935 3583 3003 ἐγκειμένων,
3635 2939 3744 2994 οὐκ

2151 3021 2219 3073 ἂν
2247 3019 2450 3075 δέοιντο
2477 3022 2774 3095 συντριόῆς
2798 3023 3002 3077 ὀστέων
3028 3025 3170 3079 κατά
3187 3027 3314 3090 τοὺς
3338 3025 3482 3080 οὕτω
3505 3029 3748 3099 πάσχειν

2150 3109 2358 3174 ἀξίους.
2388 3110 2450 3162 Εἰ
2478 3111 2534 3164 δέ
2556 3129 2637 3174 τις
2670 3111 3113 3182 ὲντεθυμημένος
3139 3115 3482 3171 ἀντικεῖσθαι
3509 3119 3587 3188 τῷ
3615 3137 3748 3174 συν-

2149 3203 2502 3273 τετριμμένῳ
2533 3205 2626 3256 καὶ
2649 3206 3136 3276 κατακεκαμμένῳ
3157 3207 3256 3276 τὴν
3279 3207 3461 3281 ψυχὴν
3485 3211 3547 3264 τὸ
3578 3213 3740 3277 εὐθὺ,

2151 3293 2246 3347 καὶ
2279 3295 2667 3366 προσειληφὼς
2695 3299 2774 3359 εὶς
2821 3297 2947 3351 νοῦν
2975 3298 3037 3351 τὺ
3095 3299 3254 3362 eset;
3281 3301 3522 3372 πνεῦμα,
3564 3307 3748 3376 αἱρεῖ-

2151 3386 2274 3440 σθαι
2303 3386 2509 3456 μᾶλλον
2540 3388 2685 3442 εἴποι
2721 3389 2942 3460 πνεῦμα
2977 3391 3138 3454 εὐθὲς
3187 3391 3332 3462 ἔχειν
3367 3395 3514 3465 ἤπερ
3544 3415 3742 3453 συντε-

2147 3479 2453 3550 τριμμένον
2484 3483 2578 3535 καὶ
2633 3483 3158 3552 κατακεκαμμένον,
3209 3486 3436 3538 ἀκούσοι
3485 3488 3552 3540 ἂν
3607 3491 3748 3560 ἡμι-

2150 3571 2406 3624 σεύεσθαι
2479 3572 2630 3641 αὐτῷ
2683 3575 2784 3641 τὴν
2845 3576 3109 3646 τοιαύτην
3175 3577 3388 3642 ἀγαθὴν
3431 3580 3745 3650 ἐπιθυμίαν

2147 3661 2419 3718 ἐνταῦθα’
2457 3664 2656 3734 χρῆναι
2685 3667 2793 3734 γὰρ
2843 3666 3008 3720 αὐτὸν
3066 3668 3245 3720 εἰπεῖν
3286 3669 3360 3739 μὴ
3399 3673 3605 3738 μᾶλλον
3640 3673 3742 3727 τοῦ

2149 3757 2618 3826 συντετριμμένον
2675 3755 2983 3826 πνεύματος
3035 3759 3259 3829 ἀγαπᾷν
3314 3759 3374 3810 τὸ
3422 3760 3575 3826 εὐθὺ,
3622 3762 3746 3816 ἀλλ’

2147 3845 2345 3915 ὲπίσης
2384 3845 2479 3898 καὶ
2532 3846 2841 3917 ἀμφότερα,
2898 3845 3088 3916 ἐπειδὴ
3128 3849 3221 3900 καὶ
3271 3850 3350 3911 εἰς
3383 3850 3498 3902 ἴσον
3547 3850 3741 3913 τέλους

2147 3935 2358 4006 ἀγαθοῦ
2399 3937 2841 3992 ἁποτελευτῶσιν
2894 3938 3158 4009 ἑκάτερα.
3216 3940 3475 3994 Μάλιστα
3509 3941 3611 4009 μὲν
3644 3938 3744 3996 οὖν

2149 4030 2369 4084 κάλλιόν
2399 4031 2548 4084 ἐστιν
2581 4030 2782 4084 εἰδέναι
2804 4031 2968 4084 αὑτὸν
3002 4031 3084 4084 ὅτι
3119 4031 3342 4099 πρῶτον
3372 4036 3671 4101 συντριπτὶ
3681 4049 3741 4086 ον

2147 4121 2248 4193 τὴν
2303 4121 2557 4192 καρδίαν,
2589 4121 2724 4174 ὡσεὶ
2761 4122 2856 4176 καὶ
2893 4123 3098 4192 πέτραν
3153 4122 3372 4192 ὀρεινὴν
3419 4122 3738 4190 ἀπόκροτον

2145 4213 2328 4284 ὄχθοις
2361 4213 2838 4284 ἐκτραχυνομένην
2863 4214 2958 4267 καὶ
2981 4217 3229 4281 ἀπαρνου
3239 4215 3406 4282 μένην
3430 4213 3491 4266 τὸ
3522 4212 3743 4265 πεδινὸν

2148 4305 2247 4358 καὶ
2278 4303 2424 4358 οὕτω
2449 4303 2706 4356 ταπεινὸν
2739 4304 2837 4356 καὶ
2873 4302 3079 4374 ὀμαλδν
3113 4301 3145 4371 ἢ
3202 4301 3558 4372 ἀγχώμαλον.
3605 4302 3743 4357 Εἶτα

2149 4392 2607 4464 πραγματευτέον
2641 4392 2702 4444 τὸ
2747 4392 2878 4445 εὐθὺ
2912 4392 3008 4446 καὶ
3035 4390 3481 4461 ἀνεπιπρόθητον
3514 4391 3592 4453 είς
3622 4393 3741 4444 ὀδδν

2149 4485 2312 4556 φίλην
2367 4487 2482 4549 τοῖς
2514 4485 2782 4554 θεοφιλῶς
2825 4484 3205 4554 ὁδοιποροῦσιν
3262 4486 3321 4536 ὲν
3355 4483 3476 4555 βίῳ.
3522 4484 3738 4547 Ἄλλως

2149 4577 2260 4648 γὰρ
2289 4577 2660 4649 ἀσύντριπτος
2689 4577 2836 4648 ψυχὴ
2867 4578 2928 4630 οὐ
2960 4576 3464 4646 κατευθυνθήσεται
3497 4579 3574 4639 εἰς
3602 4577 3741 4643 ἀγα-

2076 4661 2123 4719 D
2152 4669 2378 4742 θότητα,
2408 4669 2484 4733 ὡς
2509 4669 2630 4723 οὐδὲ
2661 4670 2858 4740 πέτραι
2887 4669 3308 4722 σκανδαλοποιοὶ
3336 4668 3412 4738 μὴ
3435 4667 3739 4736 ἐξαιρεθεῖ-

2154 4775 2245 4814 σαι
2285 4759 2424 4830 πρὸς
2451 4759 2730 4829 λεωφόρον
2759 4757 3188 4813 κατευθύνεσθαι
3212 4757 3311 4827 τὴν
3339 4757 3566 4828 πορείαν
3591 4757 3739 4827 ἁφή.

2153 4869 2362 4906 σουσιν.

2224 4953 2289 5001 o’.
2327 4945 2526 5000 Ἰναδὲ
2550 4946 2646 5000 καὶ
2677 4945 2855 5008 ἄλλως
2885 4945 3190 5014 κορυφὼσω
3219 4946 3310 4998 τὸν
3341 4945 3500 5012 λόγον
3523 4943 3735 5010 τοῦτον,

2153 5037 2472 5109 σύντριψον,
2505 5031 2552 5091 ὧ
2603 5037 2850 5107 φιλότης,
2900 5037 3002 5107 τὴν
3025 5039 3326 5107 εἰρημένην
3377 5037 3589 5107 ὀχθώδη
3617 5034 3737 5090 κατ’

2153 5132 2389 5202 ἔπαρσιν
2422 5133 2652 5199 πέτραν,
2704 5131 2800 5185 καὶ
2831 5127 3137 5198 διατμήξας
3173 5129 3253 5190 είς
3289 5129 3465 5180 λεπτὰ
3493 5128 3740 5197 παρακό-

2158 5242 2318 5297 μισον
2347 5222 2652 5292 ἐπιμελῶς,
2676 5223 2770 5276 καὶ
2802 5221 3184 5291 φυλαξάμενος
3213 5219 3509 5289 ἐργατείαν
3552 5219 3740 5272 εὔκαι-

2157 5332 2273 5386 ρον,
2307 5314 2403 5368 καὶ
2426 5314 2792 5382 λογισάμενος
2827 5311 2950 5365 καθ’
2980 5311 3173 5365 ἑαυτὸν
3206 5311 3499 5381 οἰκοδομὴν
3552 5312 3736 5378 ἁγίαν,

2159 5405 2236 5469 ὡς
2275 5409 2308 5477 ἡ
2345 5405 2596 5474 θειοτάτη
2621 5405 2815 5474 Γραφὴ
2845 5404 3218 5471 ἐγκελεύεται,
3251 5405 3346 5456 καὶ
3374 5402 3508 5472 ῦλην
3536 5406 3742 5456 ἐπισω-

2161 5497 2360 5568 ρεύσας
2429 5495 2640 5567 ἱκανὴν,
2706 5496 2867 5564 ἄρξαι
2929 5495 3302 5561 θεοφυλάκτου
3353 5495 3647 5564 οἰκοδομῆς
3683 5495 3740 5546 ὲν

2157 5585 2383 5653 ὀνόματι
2433 5584 2594 5648 Θεοῦ,
2654 5589 2749 5637 καὶ
2781 5587 3104 5637 ἀπευθύνων
3151 5585 3322 5654 αὐτὴν
3355 5586 3434 5647 εἰς
3467 5585 3739 5657 ὀρθότητα

2158 5680 2235 5750 πῆ
2263 5678 2364 5749 μὲν
2398 5679 2614 5746 καθέτῳ
2640 5679 2838 5749 τέχνης
2873 5680 3272 5747 πνευματικῆς,
3311 5679 3386 5748 πῆ
3432 5679 3491 5731 δὲ
3523 5681 3736 5748 στάθμῃ

2158 5774 2462 5840 ἀπάρτισον
2508 5771 2602 5825 τὸν
2659 5767 2808 5825 οἶκον
2843 5773 2919 5834 εἰς
2950 5773 3087 5824 Θεοῦ
3131 5773 3258 5825 ναὸν
3310 5774 3640 5842 ἐπιτήδειον,
3667 5772 3741 5835 ὡς

2157 5865 2436 5938 ἐνοικῆσαι
2466 5864 2617 5937 αὐτῷ
2662 5865 2897 5938 πνεῦμα
2931 5865 3086 5932 εὑθές
3109 5881 3124 5897 ·
3179 5864 3324 5921 οὕτω
3353 5867 3464 5938 γὰρ
3499 5869 3597 5923 καὶ
3639 5869 3736 5923 οὐκ
