4050 6412
341 314 454 379 585

1147 321 1225 381 ΙΝ
1267 321 1606 383 ΗΥΜΝΠΜ
1647 321 2311 389 PENTECOSTALEM
2351 330 2812 392 DAMASCENI.

3500 328 3619 410 sse,

340 432 517 495 ἄλλως
552 434 615 486 τδ
667 432 934 504 πανάγιον
986 437 1212 508 Πνεῦμα
1246 438 1325 503 είς
1377 438 1470 493 τὸν
1512 438 1604 493 σὺν
1635 434 1785 492 οἷκον
1814 440 1913 508 τὴν
1946 450 1958 495 Α

2049 444 2396 501 anctissimus
2431 445 2670 516 Spiritus
2732 447 2787 500 in
2821 444 3045 501 domum
3082 453 3256 513 tuam,
3296 444 3348 500 id
3373 454 3458 501 est
3487 461 3605 511 eor,

343 525 572 595 καρδίαν
600 526 986 584 εἰσελεύσεται.
1004 527 1175 582 Τοῦτό
1204 546 1287 583 σοι
1314 531 1682 600 κερδήσαντες
1708 530 1766 596 ἐξ
1800 536 1921 582 επι-

343 617 722 688 στημονάρχου
752 617 846 672 τοῦ
883 620 1124 688 μεγάλου
1153 621 1319 673 Δαυῒδ
1369 621 1479 674 ἰδοὺ
1533 621 1922 691 παραδεδώκα-

344 724 447 777 μεν
476 709 556 771 είς
587 708 883 776 ὠφέλειαν,
911 710 971 775 ὃς
993 711 1186 777 εἰπὼν,
1217 711 1483 779 Καρδίαν
1502 713 1770 779 καθαρὰν
1795 712 1918 766 xtl-

342 816 461 852 σον
483 800 555 852 ἐν
582 799 737 868 ἐμοὶ,
770 803 804 856 ὁ
844 803 1011 870 Θεὸς,
1055 803 1131 867 ὡς
1177 804 1235 868 ἐξ
1266 804 1519 873 ὑπαρχῆς
1578 804 1694 873 βίου
1723 803 1924 876 δηλαδὴ

340 893 561 960 ἐπάγει,
618 894 734 959 καὶ,
786 896 1029 966 Πνεῦμα
1054 898 1232 964 εὺθές
1292 898 1646 965 ἐγκαίνισόν
1676 899 1746 952 ἐν
1799 898 1926 962 τοῖς

339 983 618 1052 ﬁrmitate
646 1003 788 1056 μου.
817 988 936 1042 ἰνα
960 989 1014 1041 τί
1047 989 1219 1054 ποιῶ;
1248 988 1366 1042 Ἵνα
1397 988 1570 1051 οὕτως
1595 989 1926 1060 ἐστηριγμέ-

343 1090 438 1126 νου
472 1092 562 1144 μοι
589 1076 682 1130 τοῦ
712 1075 861 1148 ίιροῦ
890 1078 1042 1131 οῐκου
1071 1080 1167 1132 καὶ
1211 1079 1482 1143 ἀϐλαϐοῦς
1516 1079 1767 1149 μένοντος
1793 1079 1923 1133 ἀνέ-

349 1182 469 1236 μων
500 1183 560 1220 τε
591 1171 931 1234 καταπνοαῖς
966 1170 1065 1225 καὶ
1093 1172 1356 1240 ποταμῶν
1379 1174 1664 1242 ἐπιρροαῖς
1690 1173 1785 1224 καὶ
1816 1188 1926 1223 σει-

348 1257 506 1326 σμῶν
534 1262 840 1330 τιναγμοϊς,
874 1262 1194 1331 ήγεμονεύω
1241 1265 1383 1317 κατὰ
1431 1263 1642 1326 παθῶν,
1691 1263 1786 1318 καὶ
1850 1263 1925 1333 μὴ

346 1347 609 1414 δουλικῶς
652 1350 743 1405 ὑπ’
773 1353 955 1416 αὐτοῖς
983 1354 1245 1424 γίνωμαι,
1301 1354 1617 1426 ἡγεμονικῷ
1650 1356 1927 1423 πνεύματι

350 1440 742 1510 στηριζόμενος
774 1444 861 1498 διὰ
893 1444 1012 1499 σοῦ.
1049 1446 1556 1514 Κεφαλαιώσασθαι
1579 1444 1676 1502 οὖν
1708 1448 1770 1502 τὸ
1821 1450 1931 1502 πᾶν

349 1534 409 1585 ἓν
437 1532 652 1604 βραχεῖ,
676 1536 974 1607 συντριόἠς
994 1538 1105 1608 πρὸ
1135 1538 1352 1593 πάντων
1379 1540 1560 1609 χρεία,
1580 1540 1653 1604 ὡς
1679 1541 1896 1611 εἴρηται
1913 1555 1929 1572 ’

350 1619 473 1679 εἶτα
522 1627 831 1700 οἰκοδομῆς,
891 1629 1011 1699 μεθ’
1052 1631 1119 1701 ἢν
1181 1630 1399 1700 πνεῦμα
1442 1631 1602 1694 eoos;
1634 1632 1746 1694 τοῖς
1776 1629 1933 1700 ἡμῶν

353 1720 606 1786 suam;
634 1722 1136 1796 έγκαινισθήσεται.
1156 1726 1379 1793 Alpeth
1400 1724 1493 1778 οὖν
1523 1726 1720 1793 ἐπίσης
1743 1726 1933 1795 ὥσπερ

354 1812 418 1865 τὸ
448 1816 907 1884 συντετριμμένον
944 1814 1188 1885 πνεῦμα,
1233 1817 1376 1870 οὕτω
1408 1817 1505 1871 καὶ
1533 1817 1595 1872 τὸ
1625 1817 1799 1881 εὐθές.

426 1912 527 1960 οα’.
571 1907 879 1979 Συντριόὴν
926 1902 985 1961 δὲ
1039 1910 1134 1963 καὶ
1159 1908 1323 1963 πάλιν
1369 1910 1512 1981 φημὶ
1545 1911 1647 1982 τὴν
1678 1911 1932 1980 ἐνάρετον

354 1997 481 2052 καθ’
508 1997 783 2063 ἑκούσιον,
838 2000 1033 2055 ὁποίαν
1091 2001 1379 2072 μακαρίως
1435 2002 1711 2073 πάσχουσι
1748 2002 1843 2056 καὶ
1879 2004 1929 2056 oi

355 2085 613 2156 λέγοντες
663 2088 872 2157 πρῶτοι
935 2089 1036 2153 τὰς
1088 2092 1365 2160 ἁμαρτίας
1418 2090 1599 2146 αὐτῶν
1656 2092 1752 2146 καὶ
1790 2092 1933 2161 σφᾶς

357 2178 553 2242 αὐτοὺς
588 2181 1027 2252 κατακρίνοντες.
1067 2183 1135 2237 Οἱ
1168 2186 1277 2253 γὰρ
1302 2183 1476 2247 ἄλλως
1495 2183 1765 2252 ἑτέρωθεν
1794 2199 1923 2237 συν-

358 2270 671 2341 τριϐόμενοι
726 2275 823 2329 καὶ
881 2275 1428 2345 κατακαμπτόμενοι,
1504 2275 1567 2329 οὐ
1639 2277 1930 2346 μακαρίως

356 2361 564 2432 ἔχουσι.
594 2364 660 2418 Τί
687 2365 797 2434 γὰρ
825 2366 990 2421 καλὸν
1036 2367 1192 2421 ἔσται
1237 2366 1462 2439 πονηρῷ
1513 2367 1787 2440 ἀνθρώπῳ
1838 2368 1934 2423 καὶ

357 2453 672 2527 ἁμαρτωλῷ
718 2458 1058 2524 συντριϐέντι
1112 2460 1206 2514 τὸν
1254 2459 1517 2531 βραχίονα
1555 2460 1932 2532 ψαλμικῶςνῆ

356 2542 438 2614 τῷ
461 2544 741 2615 ὲναχθέντι
780 2548 839 2611 ἐς
864 2549 1088 2618 παγίδα,
1111 2553 1208 2607 καὶ
1235 2553 1686 2624 κατακαμφθέντι
1708 2553 1806 2626 τὴν
1829 2554 1936 2624 ψυ-

358 2638 497 2708 χήνς
540 2637 866 2710 Ἐπιστῆσαι
898 2642 957 2697 δὲ
1002 2644 1108 2715 χρὴ
1148 2644 1226 2708 ὡς
1285 2647 1381 2698 καὶ
1412 2646 1698 2718 ἡτοιαύτη
1736 2648 1936 2717 εὐαγεσ⁸

362 2732 531 2803 στάτη
570 2732 835 2804 συντρισὴ
856 2733 948 2788 διὰ
985 2736 1079 2790 τοῦ
1114 2736 1250 2791 Θεοῦ
1279 2738 1493 2807 γίνεται
1524 2738 1617 2792 τοῦ
1641 2739 1939 2810 προσιεμέ-

361 2840 477 2889 νου,
502 2824 598 2879 καὶ
631 2824 708 2896 μὴ
737 2826 1145 2892 ἐξουθενοῦντος
1190 2829 1252 2883 τὸ
1279 2831 1746 2901 συντετριμμένον
1777 2832 1930 2887 πνεῦ-

363 2933 466 2986 μα,
495 2918 571 2984 ὡς
598 2919 748 2985 ἄξιον
775 2921 1113 2977 οἰκειοῦσθαι
1144 2923 1313 2994 αὐτῷ.
1346 2926 1454 2979 Καὶ
1470 2924 1555 2994 εἴη
1578 2924 1645 2978 ἂν
1676 2925 1939 2994 συντριϐὴ

361 3007 503 3078 αὕτη
536 3010 804 3082 λεγομένη
840 3010 929 3066 διὰ
975 2997 1039 3066 ei.
1089 3014 1187 3067 σὺν
1218 3013 1392 3084 ἑτέρῳ
1419 3013 1518 3086 τὴν
1560 3016 1739 3087 ψυχὴν
1769 3034 1941 3070 κατα-

361 3097 570 3168 τρίϐειν
609 3100 810 3170 ἑαυτὴν
840 3101 935 3154 καὶ
967 3101 1221 3173 συνθλᾷν,
1254 3103 1352 3155 καὶ
1386 3104 1679 3173 ὲπισχνοῦν
1726 3106 1786 3157 τὸ
1819 3106 1941 3158 κατ’
1968 3119 2014 3182 C

361 3190 535 3261 αὐτὴν
575 3191 811 3262 σκληρὸν
831 3195 928 3252 καὶ
948 3192 1345 3248 ἀπολεπτύνειν
1368 3195 1450 3258 είς
1478 3194 1702 3265 πνεῦμα
1727 3197 1943 3266 σώματι

365 3280 753 3337 ἀσυνδύαστον.
794 3284 953 3348 Ποτος
988 3284 1047 3337 δὲ
1079 3285 1288 3348 ἐκεῖνος
1336 3286 1565 3356 ἓτερος;
1614 3287 1673 3340 '0
1704 3288 1857 3353 Θεὸς,
1881 3286 1942 3340 οὖ

369 3372 977 3445 συνεπιλαμϐανομένου
1028 3375 1107 3447 τῷ
1156 3376 1272 3447 ἰδίῳ
1324 3376 1629 3447 πλάσματι,
1664 3378 1738 3439 ὡς
1765 3378 1946 3450 ψυχὴν

371 3466 542 3533 μόνην
566 3464 634 3519 δι’
661 3466 826 3520 αὐτοῦ
857 3466 1238 3523 ἀποτελεῖσθαι
1261 3469 1353 3523 τὸν
1377 3469 1631 3526 σύνθετον
1652 3471 1946 3541 ἄνθρωπον

369 3555 427 3617 ὃς
456 3556 626 3611 ἐθέλει
658 3558 1044 3629 συντρίϐεσθαι
1084 3562 1164 3623 εἰς
1187 3560 1369 3631 εὐαφῆ
1404 3561 1735 3615 ταπείνωσιν
1761 3564 1861 3633 τὴν
1888 3564 1945 3616 ὲν

369 3646 509 3717 Θεῷ,
530 3648 812 3714 ὲξανύεται
833 3650 962 3719 ῥᾷον
984 3649 1042 3704 τὸ
1067 3650 1167 3720 τῆς
1201 3666 1328 3703 συντ
1338 3650 1494 3720 ριϐῆς
1517 3649 1742 3719 ἀγαθόν.
1785 3651 1947 3704 Ἀλλὰ

368 3734 541 3790 ταῦτα
586 3737 687 3806 μὲν
727 3738 1054 3808 πεπόρισται
1086 3739 1470 3809 μεταφορικῶς
1501 3740 1610 3792 ἀπὸ
1654 3739 1949 3811 συντριϐἧς

370 3826 487 3898 ἅμα
542 3829 635 3882 καὶ
684 3830 1093 3900 κατακάμψεως
1131 3832 1365 3901 φυτικῆς
1392 3847 1406 3861 ⁸
1465 3832 1660 3894 ἄλλως,
1687 3833 1745 3886 δὲ
1792 3834 1947 3904 καὶή

373 3914 688 3986 καταμόνας
713 3916 948 3988 τροπικὴ
991 3918 1274 3990 συντριϐὴ,
1323 3920 1464 3984 ὅπερ
1492 3922 1609 3974 ἐστὶ
1642 3921 1945 3995 σύντριψις,

372 4008 621 4078 χρησίμη
663 4008 914 4077 φαίνεται
955 4006 1097 4065 εἶναι
1146 4013 1226 4074 εις
1257 4012 1318 4065 τὸ
1351 4012 1452 4084 τὴν
1477 4017 1951 4089 συντετριμμένην

373 4096 514 4152 κατὰ
542 4097 678 4152 Θεὸν
706 4098 908 4170 ψυχὴν,
936 4101 1029 4154 καὶ
1054 4099 1228 4165 οὕτως
1251 4103 1591 4174 ἁτράχυντον
1616 4107 1711 4159 καὶ
1742 4104 1953 4174 ἀσκλήο

375 4204 591 4256 ρυντον,
648 4191 745 4244 καὶ
791 4191 912 4244 οὐδὲ
972 4192 1313 4265 ἐπηρμένην,
1372 4196 1758 4250 κατανοεῖσθαι
1791 4198 1951 4267 φίλην

373 4273 513 4332 εἶναι
567 4277 647 4346 τῷ
697 4279 839 4352 Θεῷ.
870 4281 1207 4338 Βούλεταιδὲ
1231 4285 1325 4340 καὶ
1368 4285 1542 4349 ἄλλως
1584 4289 1616 4356 ἡ
1662 4288 1805 4343 κατά
1850 4290 1952 4359 τὴν

377 4368 671 4439 συντριϐὴν
693 4371 892 4442 τροπὴ,
931 4372 960 4425 ὅ
984 4373 1103 4426 ἐστι
1135 4375 1443 4447 μεταφορὰ,
1489 4374 1687 4447 δηλοῦν
1714 4378 1952 4431 ἐνταῦθα

2026 535 2276 592 intrabit.
2326 535 2439 592 iiuc
2473 537 2570 592 tibi
2607 538 2802 592 lucrati
2830 552 2895 592 ex
2946 537 3213 606 magistro
3249 534 3606 591 scientiarum

2025 641 2225 696 magno
2243 626 2436 690 David,
2455 629 2779 683 tradidimus
2803 628 2868 681 ad
2899 627 3184 682 utilitatem
3208 643 3225 693 ;
3255 625 3346 697 qui
3376 625 3604 680 dicens:

2024 715 2131 771 Cor
2163 719 2412 771 mundum
2447 733 2567 773 area
2596 719 2651 773 in
2678 734 2782 786 me,
2815 717 2973 782 Deus,
2998 725 3257 785 tanquam
3274 730 3342 771 ex
3362 712 3612 770 vimini-

2026 805 2105 859 tio
2133 807 2362 875 repetit;
2393 817 2466 873 et,
2494 806 2752 873 Spiritum
2785 817 2983 863 rectum
3029 809 3222 862 innooa
3243 807 3299 860 in
3325 805 3608 860 visceribus

2027 894 2195 947 meis:
2232 905 2290 948 ut
2351 897 2480 965 quid
2541 896 2772 951 iaciam?
2797 895 2863 950 Ut
2887 897 2967 949 sic
3003 895 3136 949 mihi
3173 894 3413 949 stabilita
3444 905 3604 947 sacra

2028 984 2209 1049 domo,
2231 986 2571 1056 immunique
2593 998 2846 1042 manente
2878 1003 2907 1041 a
2941 996 3227 1041 ventorum
3247 986 3469 1040 flatibus
3495 994 3551 1039 et
3576 1000 3607 1037 a

2028 1077 2573 1143 ﬂutninuntﬂueutis,
2613 1089 2665 1135 et
2694 1094 2724 1134 a
2762 1089 2921 1133 terra:
2952 1088 3195 1133 motuum
3220 1076 3494 1147 procellis,
3508 1088 3610 1144 ego

2028 1170 2137 1224 dux
2155 1170 2258 1225 sim
2276 1171 2535 1226 adversus
2556 1171 2860 1240 passiones,
2877 1179 3052 1225 etnon
3071 1168 3180 1224 illis
3195 1168 3464 1223 serviliter
3482 1165 3616 1222 sub-

2027 1260 2210 1331 jiciar,
2245 1262 2437 1331 spiritu
2471 1262 2754 1332 principali
2799 1276 2891 1331 per
2918 1269 2970 1316 te
2996 1261 3308 1316 roboratus.
3346 1258 3415 1314 Ut
3444 1258 3612 1327 igitur

2032 1354 2269 1409 breviter
2297 1363 2469 1409 totum
2501 1355 2816 1409 summatim
2847 1360 3108 1423 repetam,
3136 1350 3467 1406 contritione
3486 1355 3613 1403 ante

2034 1448 2221 1501 omnia
2270 1460 2408 1520 opus
2442 1456 2550 1513 est,
2592 1454 2651 1501 ut
2702 1445 2982 1512 diximus;
3048 1444 3242 1500 deinde
3291 1452 3418 1514 apta
3482 1455 3614 1497 con-

2036 1543 2361 1605 structione,
2393 1547 2704 1609 postquam
2761 1537 2988 1608 spiritus
3058 1545 3244 1590 rectus
3282 1534 3336 1589 in
3386 1532 3614 1588 visceri-

2038 1631 2142 1686 bus
2195 1632 2398 1686 nostris
2456 1630 2799 1685 inhabitabit.
2851 1627 2950 1681 Est
2999 1627 3163 1697 igitur
3223 1622 3609 1683 desiderabilis

2039 1722 2183 1778 sicut
2211 1722 2434 1793 spiritus
2459 1721 2749 1789 contritus,
2781 1719 2863 1776 sic
2889 1728 2942 1774 et
2984 1726 3189 1775 rectus.

2110 1897 2199 1952 71.
2230 1897 2630 1954 Contritionem
2663 1913 2884 1954 rursum
2918 1897 3042 1953 dico
3073 1895 3401 1952 laudabilem
3425 1909 3492 1951 ac
3518 1909 3618 1951 vo-

2036 1990 2356 2055 luntariam,
2392 2005 2556 2060 quam
2632 1988 2865 2046 feliciter
2900 1989 3256 2059 experiuntur
3303 1988 3397 2059 qui
3453 1987 3615 2058 primi

2037 2098 2167 2140 suas
2198 2083 2388 2153 culpas
2425 2084 2684 2140 dicuntet
2717 2081 3039 2152 semetipsos
3057 2079 3447 2152 jndieant.Qni
3467 2082 3614 2135 enim

2037 2179 2174 2234 altas
2220 2188 2274 2235 et
2327 2178 2548 2235 aliunde
2590 2186 2950 2235 conteruntur
2995 2185 3050 2231 ει
3097 2176 3478 2239 humiliantur,
3505 2189 3617 2228 non

2037 2270 2269 2326 feliciter
2321 2270 2645 2327 adiciuntur.
2709 2269 2849 2337 Quid
2891 2269 3037 2324 enim
3061 2268 3166 2325 erit
3230 2266 3356 2322 boni
3404 2264 3615 2321 homini

2037 2377 2272 2433 nequam
2301 2372 2358 2418 et
2416 2362 2868 2433 peccatorijuxta
2901 2361 3141 2432 psalmos
3204 2358 3431 2414 brachio
3481 2370 3618 2413 con-

2039 2456 2163 2521 teri,
2184 2457 2270 2511 vel
2301 2456 2376 2511 illi
2405 2455 2497 2526 qui
2550 2454 2803 2510 inductus
2834 2464 2918 2508 est
2943 2453 2998 2507 in
3048 2453 3327 2522 laqueum.
3352 2458 3406 2505 et
3436 2448 3618 2503 anima

2039 2548 2359 2604 humiliatus
2376 2558 2462 2603 est
2483 2546 2507 2601 ’ί
2532 2544 2842 2602 Meminisse
2875 2559 3008 2599 vero
3058 2551 3272 2614 oportet
3306 2541 3451 2596 illam
3490 2555 3618 2596 san-

2040 2640 2342 2697 ctissimam
2372 2637 2757 2694 contritionem
2787 2650 2884 2705 per
2913 2632 3085 2689 Deum
3139 2632 3253 2688 fieri
3285 2631 3378 2701 qui
3426 2630 3620 2701 prohat

2040 2744 2218 2800 neque
2268 2728 2446 2801 rejicit
2499 2727 2749 2797 spiritum
2785 2725 3103 2790 contritum,
3154 2731 3215 2778 ut
3242 2722 3464 2790 dignum
3524 2720 3620 2790 qui

2042 2820 2146 2877 sibi
2193 2821 2594 2891 coniungatur;
2624 2825 2679 2875 et
2708 2819 2813 2873 ista
2844 2817 3102 2872 contritio
3156 2817 3238 2872 sic
3262 2815 3461 2870 dicitur
3494 2815 3622 2884 quia

2044 2926 2170 2967 cum
2197 2911 2372 2966 altero
2425 2910 2608 2964 anima
2657 2909 3007 2978 semetipsam
3059 2907 3241 2963 atterit
3304 2915 3362 2961 et
3395 2905 3617 2976 frangit,

2044 3011 2101 3056 ct
2138 3002 2284 3070 quod
2337 3000 2390 3055 iu
2442 3015 2502 3056 se
2539 3003 2736 3055 durum
2776 3010 2882 3064 est,
2934 3006 3204 3062 attenuat,
3243 3008 3298 3051 et
3348 2995 3544 3050 minuit
3567 2996 3621 3049 in

2046 3093 2298 3164 spiritum
2354 3092 2572 3157 corpori
2630 3091 3009 3147 dissociatum.
3040 3088 3275 3156 Quinam
3303 3096 3480 3143 autem
3537 3100 3625 3144 est

2047 3186 2137 3241 ille
2175 3185 2353 3240 alter?
2395 3185 2560 3248 Deus,
2611 3198 2722 3255 quo
2757 3183 3035 3253 prOpriam
3106 3192 3417 3239 creaturam
3467 3182 3626 3249 adju-

2045 3283 2226 3344 vante’,
2249 3276 2321 3332 ita
2351 3286 2412 3333 ut
2442 3277 2621 3331 anima
2653 3276 2768 3331 sola
2801 3291 2894 3346 per
2923 3274 3102 3344 ipsum
3127 3274 3444 3345 perﬁciatur
3468 3287 3623 3328 com-

2050 3370 2262 3440 positus
2296 3370 2461 3423 ltOtno
2483 3368 2575 3439 qui
2609 3369 2721 3422 Vult
2772 3367 2825 3421 in
2881 3367 3114 3422 docilem
3161 3365 3620 3431 humiliationem,

2046 3463 2198 3517 illam
2229 3462 2419 3531 quueiu
2449 3461 2559 3514 Deo
2598 3470 2703 3524 cst,
2724 3460 2957 3525 conteri,
2977 3459 3278 3527 completur
3298 3457 3457 3512 facile
3489 3472 3626 3512 con-

2049 3554 2290 3609 tritionis
2344 3555 2566 3608 bonum.
2610 3551 2733 3605 Haec
2757 3560 2940 3605 autem
2993 3550 3364 3620 metaphorice
3402 3549 3626 3619 quidem

2051 3645 2282 3702 deducta
2316 3655 2441 3701 sunt
2475 3661 2504 3699 a
2536 3644 2865 3700 contritione
2885 3651 2939 3697 et
2985 3641 3363 3697 incurratione
3412 3640 3630 3711 planta-

2052 3751 2220 3790 rum:
2259 3734 2353 3789 sed
2397 3734 2557 3789 aliter
2612 3735 2838 3789 seorsim
2876 3733 3080 3801 tropica
3135 3729 3424 3802 συντριϐἡ,
3481 3731 3628 3800 quod

2053 3836 2135 3881 est
2160 3824 2442 3896 σύντριψις
2463 3825 2810 3880 contribuere
2841 3825 3074 3891 videtur,
3111 3834 3171 3878 ut
3215 3824 3397 3878 anima
3426 3838 3627 3877 secun-

2054 3915 2182 3968 dmn
2227 3914 2392 3968 Deum
2427 3916 2760 3977 contrita,et
2822 3913 2893 3967 ita
2948 3925 3047 3966 nec
3080 3926 3271 3981 aspera
3318 3926 3418 3965 nec
3464 3911 3627 3977 dura,

2053 4023 2156 4062 nec
2179 4009 2431 4075 superba,
2463 4016 2752 4062 censeatur
2778 4022 2900 4062 esse
2920 4004 3027 4060 Deo
3044 4005 3228 4060 chara.
3261 4004 3433 4059 Aliter
3449 4012 3628 4058 autem

2056 4100 2646 4169 contritionisﬁtropus,
2680 4098 2730 4152 id
2754 4107 2837 4152 est
2866 4098 3207 4166 metaphora,
3237 4097 3323 4149 hic
3345 4094 3633 4150 ostendere

2053 4191 2332 4263 vultquod
2374 4192 2430 4246 in
2465 4200 2635 4246 totum
2661 4199 2746 4246 est
2768 4191 2997 4256 tritum;
3044 4190 3114 4244 ita
3146 4197 3205 4242 ut
3242 4188 3469 4257 spiritus
3495 4200 3628 4240 con-

2055 4285 2347 4340 tribulatus
2373 4285 2537 4339 etiam
2602 4290 2934 4347 conteratur,
2967 4281 3122 4353 quasi
3164 4297 3259 4350 per
3295 4279 3630 4334 humiliatio-

2054 4393 2180 4434 nem
2219 4379 2380 4449 plane
2402 4376 2644 4444 fractus;
2692 4374 2821 4433 aliis
2866 4387 3047 4430 autem
3076 4373 3277 4438 verbis,
3326 4372 3631 4426 conteritur

374 4460 437 4513 τὸ
458 4461 579 4515 καθ’
607 4462 838 4534 ὀλότητα
869 4464 1275 4535 συλληπτικῶς,
1302 4468 1379 4531 ὼς
1405 4471 1607 4536 εἰπεῖν,
1634 4470 1841 4542 τριϐέν⁶
1865 4472 1953 4527 ἵνα

2063 4471 2207 4541 quod
2231 4469 2417 4526 multis
2457 4469 2659 4535 modis,
2689 4467 2778 4524 vel
2812 4482 2922 4524 uno
2951 4467 3134 4537 aliquo
3160 4464 3351 4536 majori
3384 4464 3454 4518 ab
3481 4462 3629 4517 omni

374 4551 437 4602 τὸ
467 4551 747 4611 σννθλιόὲν
769 4555 988 4627 πνεῦμα
1008 4559 1184 4613 έκεῖνο
1212 4560 1306 4614 καὶ
1328 4561 1706 4632 συντρίϐηται,
1735 4563 1811 4627 ὡς
1835 4556 1949 4617 οἷον

2054 4571 2211 4635 parte
2268 4563 2481 4620 teritur.

377 4640 648 4712 θραυσθὲν
679 4645 769 4701 διὰ
803 4649 1190 4714 ταπεινώσεως
1220 4652 1298 4711 εἰς
1326 4654 1590 4717 παντελές
1615 4670 1630 4687 ·
1662 4652 1756 4707 καὶ
1778 4653 1953 4722 ἄλλως
1989 4656 2045 4710 δὲ
2081 4655 2315 4727 φράσαι,
2358 4653 2707 4727 συντρίϐεται
2773 4653 2834 4707 τδ
2869 4644 3108 4716 συνόλως
3171 4649 3359 4722 τριϐὲν
3408 4652 3634 4720 τρόποις

374 4739 591 4808 πολλοῖς
621 4743 652 4815 ἢ
684 4744 776 4801 καί
806 4762 914 4801 τινι
941 4747 1211 4820 ἀξιολόγῳ
1239 4749 1344 4804 ἑνί.

447 4841 546 4910 οβ’.
575 4839 859 4912 Δυνάστην
896 4840 954 4894 δὲ
998 4840 1288 4912 γραφικῶς
1317 4842 1466 4913 λέγει
1499 4844 1590 4899 τὸν
1620 4847 1955 4902 παντοδὺνα-

378 4947 482 5003 μον
503 4929 640 4985 Θεὸν
660 4931 689 4989 ὁ
716 4929 975 5001 μελῳδὸς,
995 4929 1031 4999 ἢ
1057 4930 1131 4993 ὡς
1151 4930 1337 4994 ἁπλῶς
1362 4932 1622 5002 ἄρχοντα,
1656 4932 1688 5002 ἢ
1716 4934 1838 4988 ἀντὶ
1859 4933 1956 4986 τοῦ

379 5022 679 5093 ὲνδύναιιον
717 5022 814 5079 καὶ
842 5023 1082 5093 ἰσχυρὸν,
1120 5014 1210 5076 οἷα
1236 5022 1336 5093 τῆς
1365 5023 1565 5089 λέξεως
1599 5021 1696 5076 τοῦ
1724 5022 1957 5077 δυνατοῦ

381 5108 523 5181 μήτε
572 5108 714 5164 κατὰ
737 5109 986 5180 ψέτρον,
1041 5114 1182 5182 μήτε
1238 5114 1381 5166 κατὰ
1425 5111 1606 5182 μέλος,
1654 5113 1959 5185 εὐχρήστου

378 5199 614 5256 ἐνταῦθα
640 5200 719 5270 τῷ
749 5204 948 5273 ποιητῇ
970 5202 1142 5266 ὄντος.
1164 5203 1280 5257 Οὐκ
1303 5203 1391 5258 ἀεὶ
1410 5202 1468 5256 δὲ
1500 5204 1533 5273 ἠ
1559 5204 1783 5274 τοιαύτη
1815 5204 1959 5271 λέξις

381 5289 604 5346 ἔπαινον
642 5290 756 5363 ἔχει
781 5294 935 5364 παρᾶ
970 5295 1083 5358 τοῖς
1117 5293 1521 5368 παλαιοτέροις,
1546 5295 1659 5348 ἀλλ’
1683 5296 1789 5349 εἰσί
1817 5312 1962 5359 τινες

381 5381 432 5439 οῑ
467 5380 641 5452 βίαιόν
670 5400 791 5439 τινα
818 5384 909 5438 τὸν
938 5384 1213 5455 δυνάστην
1243 5387 1432 5455 φασιν,
1464 5387 1525 5441 οὐ
1547 5387 1963 5458 κυριολεκτοῦν-

381 5490 474 5538 τες
508 5474 684 5542 αὐτοὶ,
742 5475 880 5532 ἀλλὰ
932 5477 1107 5547 μέσην
1158 5476 1327 5546 λέξιν,
1383 5480 1478 5533 καὶ
1519 5478 1613 5533 τὸν
1665 5480 1959 5551 δυνάστην,

383 5565 530 5620 καθὰ
567 5567 663 5623 καὶ
697 5566 789 5621 τὸν
816 5569 1065 5635 δυνατὸν,
1096 5570 1399 5640 τιθέμενοι.
1437 5572 1685 5643 Εὕρηται
1712 5572 1819 5642 γὰρ
1868 5574 1964 5628 καὶ

382 5656 411 5708 ὁ
437 5655 659 5722 δυνατὸς
689 5661 748 5713 έν
778 5662 845 5731 τῇ
887 5661 1141 5735 θειοτάτῃ
1170 5664 1362 5734 Γραφῇ
1402 5664 1462 5717 οὐ
1489 5664 1651 5735 μόνον
1708 5663 1965 5719 ἐπαινού-

390 5764 548 5819 μενος
584 5750 727 5807 κατὰ
761 5752 844 5819 τὸ,
881 5756 1094 5825 Κύριος
1140 5757 1422 5824 κραταιὸς
1455 5756 1555 5812 καὶ
1609 5756 1870 5825 δυνατὸς
1897 5756 1967 5813 ἐν

667 5847 942 5912 Ρλτευι.
992 5851 1112 5915 Ga.
1152 5845 1486 5917 CXXXVI.

2135 4843 2225 4899 72.
2256 4841 2553 4913 Dynastam
2575 4849 2756 4897 autem
2788 4840 3044 4912 graphice
3094 4839 3264 4896 Deum
3294 4839 3640 4912 omnipoten-

2064 4949 2176 4995 tem
2203 4934 2603 5003 dicitscriptor,
2632 4932 2713 4988 vel
2731 4941 2785 4988 ut
2815 4933 3135 5003 simpliciter
3147 4935 3539 5001 dominantem,
3559 4934 3642 4990 vel

2066 5029 2344 5099 patentem
2373 5039 2438 5079 ac
2481 5023 2703 5088 fortem,
2729 5032 2999 5094 quatenus
3012 5040 3114 5079 vox
3137 5032 3342 5095 potens,
3368 5042 3468 5080 nec
3487 5027 3644 5095 juxta

2068 5131 2328 5185 metrum,
2348 5132 2449 5174 nec
2473 5114 2774 5173 secundum
2789 5115 3080 5171 melodiam
3109 5117 3196 5172 hic
3216 5119 3432 5186 expedit
3450 5128 3643 5189 ρυειεε.

2069 5210 2185 5266 Non
2219 5219 2400 5266 autem
2427 5222 2641 5278 semper
2659 5205 3171 5277 bujusmodi,dictio
3198 5207 3410 5262 Iaudem
3440 5209 3650 5263 invenit

2070 5303 2212 5372 apud
2230 5302 2512 5371 antiquos,
2529 5299 2625 5357 sed
2645 5298 2812 5366 aliqui
2855 5305 2983 5353 sunt
3005 5298 3100 5367 qui
3142 5300 3320 5353 virum
3349 5300 3648 5355 violentum

2072 5395 2359 5466 dynastam
2398 5401 2618 5458 vocant,
2661 5406 2766 5447 non
2792 5405 2955 5446 sensu
2979 5391 3200 5463 proprio
3226 5391 3649 5462 loquentes,sed

2072 5487 2306 5541 mediam
2344 5485 2640 5540 dictionem
2680 5491 2734 5539 et
2762 5482 3043 5554 dynastam
3097 5492 3373 5553 potentem
3432 5499 3652 5554 ponen-

2072 5580 2173 5629 tes.
2196 5573 2473 5628 invenitur
2492 5573 2637 5628 enim
2658 5580 2713 5628 et
2728 5582 2921 5643 potens
2942 5573 2996 5627 in
3023 5573 3203 5628 divina
3230 5574 3511 5643 Scriptura
3539 5588 3650 5628 non

2071 5673 2281 5720 tantum
2310 5679 2431 5720 cum
2453 5662 2615 5720 laude
2634 5663 2831 5733 dictus,
2848 5672 2938 5719 ut:
2961 5663 3218 5720 Dominus
3238 5665 3398 5735 fartis
3410 5674 3458 5719 et
3474 5673 3654 5733 potens

2075 5757 2131 5812 in
2151 5755 2380 5827 pmh'o;
2413 5764 2488 5827 et,
2521 5756 2803 5828 Accingere
2838 5755 3076 5828 gladium
3111 5765 3259 5812 tuum
3296 5774 3451 5827 super
3481 5757 3699 5828 [em

3250 5850 3324 5911 19
