4050 6424
448 301 549 362 587

1212 300 1634 363 EUSTATHII
1675 295 2433 362 THESSALONICENSIS
2458 292 3023 358 ΜΕΤἨΟΡΟΠΤίΕ

3597 290 3719 355 583

445 421 616 477 munt,
659 428 691 465 ο
726 408 959 478 Potens;
998 409 1094 467 sed
1126 418 1179 465 ct
1205 426 1332 467 cum
1357 412 1754 482 vituperatione
1784 429 1800 480 ;
1833 420 2021 483 quate-

2139 409 2365 482 πολέμῳ
2383 425 2399 440 ⁸
2436 410 2551 479 καὶ,
2592 407 2915 479 Περιζὶυσαι
2945 408 3062 477 τὴν
3088 406 3397 478 ῥομφαίαν·
3446 420 3565 463 σου
3612 404 3719 459 ἐπὶ

449 520 551 558 nus
568 504 662 575 qui
688 503 739 557 in
762 504 967 557 malitia
988 503 1269 572 gloriatur,
1288 504 1366 559 sic
1384 504 1809 574 etiamdynasta,
1843 517 2035 575 utpas—

454 601 557 650 sim
592 596 864 651 videmus.
896 594 994 649 llic
1013 594 1386 665 crgodynasta
1413 595 1554 651 Deus
1579 604 1682 655 est,
1707 598 2036 668 cujnsrbra-

449 689 629 741 Chium
658 697 739 741 est
770 688 1009 757 potentia
1043 692 1308 741 munitum
1343 708 1356 743 :
1390 705 1551 757 quem
1599 701 1779 744 autem
1840 687 2035 742 evertit

448 780 759 834 Altissimus
791 779 1259 849 disperiitjaccns.
1301 797 1319 830 ι
1353 781 1443 835 Sic
1470 782 1635 835 etiam
1685 782 1807 849 equi
1842 790 2032 849 poten-

450 872 543 936 tia,
586 871 729 941 quod
763 880 844 925 est
900 874 1070 941 vigor,
1107 872 1320 925 laudem
1359 873 1520 926 habet
1564 888 1741 927 suam.
1780 872 1858 926 lta
1898 885 2034 940 quo-

448 981 555 1035 que
617 967 672 1020 in
730 965 947 1020 homine
1001 965 1278 1033 octoginta
1352 980 1621 1019 annorum
1679 964 1891 1018 vivendi
1958 963 2033 1015 ia-

448 1058 697 1112 cultates.
729 1054 848 1110 Non
872 1066 1052 1110 tamen
1110 1055 1423 1126 hnjusmodi
1451 1066 1535 1109 est
1567 1055 1804 1122 potentia
1840 1066 2028 1125 lyrnn-
2048 1055 2071 1072 ‘

449 1147 593 1203 nica.
622 1146 986 1213 Quaerendum
1020 1153 1106 1200 cst
1132 1159 1292 1215 porro
1332 1154 1538 1205 utrum.
1578 1155 1635 1199 ut
1696 1159 1727 1198 a
1786 1143 2033 1212 πειράςω

449 1238 774 1310 πειραστὴς,
823 1253 852 1292 a
901 1237 1183 1307 δοκιμάζω
1228 1237 1585 1308 δοκιμαστὴς,
1630 1240 1710 1292 sic
1762 1237 1927 1291 etiam
1963 1251 2030 1289 ex

448 1331 661 1396 δυνάζω
681 1331 948 1401 δυνάστης
982 1330 1279 1385 secundum
1310 1332 1523 1401 aliquos
1563 1330 1773 1385 derivet
1806 1343 1911 1400 qna
1964 1343 2030 1382 ex

449 1436 615 1479 causa
666 1438 775 1478 non
816 1423 936 1492 ipso
964 1431 1191 1477 accentu
1255 1430 1491 1477 notetur.
1554 1421 1802 1476 Forsitan
1846 1429 2030 1475 autem

450 1511 699 1567 confudit
732 1522 913 1583 poeta,
955 1512 1099 1568 sicut
1138 1513 1483 1583 πυραύστης,
1514 1525 1739 1582 parvum
1792 1509 2029 1575 animal;

451 1604 518 1659 de
589 1619 699 1673 quo
756 1604 1105 1674 proverbium
1174 1614 1258 1659 est
1308 1622 1320 1657 :
1375 1603 1505 1658 Sors
1589 1610 1894 1672 pyraustm,
1964 1602 2032 1656 de

452 1695 533 1749 eis
560 1693 652 1764 qui
683 1694 829 1750 brevi
857 1706 1087 1765 pereunt
1151 1712 1213 1750 ex
1251 1696 1471 1765 propria
1507 1693 1739 1748 incuria.

528 1875 615 1929 75.
656 1874 821 1929 Deum
866 1888 1026 1943 porro
1077 1872 1430 1927 scientiarum
1455 1886 1518 1926 ac
1540 1871 1822 1942 sapientiae
1852 1870 2035 1925 dicere

455 1968 596 2023 idem
616 1976 716 2021 est.
737 1966 985 2030 Qualium
1011 1965 1224 2019 tandem
1247 1964 1603 2019 scientiarum
1625 1963 1825 2018 ?Certe
1858 1963 2035 2032 primo

455 2072 642 2113 earnm
674 2070 794 2126 qua:
822 2056 874 2108 in
902 2056 1017 2122 ipso
1051 2055 1158 2108 Deo
1183 2064 1333 2118 sunt,
1354 2054 1786 2124 incogitabilium
1818 2064 1872 2109 et
1900 2052 2035 2107 inef-

455 2142 697 2197 fabilium
727 2143 893 2196 etiam
922 2141 1302 2210 angelisjuxta
1328 2156 1465 2209 quas
1497 2143 1612 2210 ipse
1673 2142 2030 2210 semetipsum

453 2235 729 2304 cognoscit
751 2249 769 2301 ;
801 2233 994 2288 deinde
1011 2247 1232 2302 quoque
1254 2248 1443 2288 earum
1468 2247 1588 2303 qua:
1612 2232 1755 2302 apud
1787 2235 2037 2290 homines

454 2335 603 2393 sunt,
636 2342 865 2396 quaeque
898 2333 952 2380 et
981 2326 1109 2394 ipsae
1141 2326 1209 2380 ad
1242 2326 1406 2381 Deum
1436 2327 1731 2396 pertinent,
1764 2334 2037 2397 quatenus

454 2420 653 2477 exinde
688 2419 754 2474 ad
789 2419 913 2474 illos
968 2423 1326 2473 devenerunt.
1360 2416 1681 2473 Sermonem
1706 2433 1836 2474 vero
1872 2420 2035 2473 nobis

455 2514 622 2567 etiam
644 2510 933 2566 continuat
961 2524 1193 2577 magnus
1221 2508 1420 2565 Petrus
1448 2524 1574 2565 cum
1600 2510 1771 2566 dixit:
1796 2510 2033 2576 Domine,

455 2615 512 2659 tu
544 2603 723 2658 omnia
760 2603 919 2668 nosti,
953 2610 1011 2653 tu
1038 2600 1139 2654 scis
1179 2600 1305 2671 quia
1339 2609 1556 2654 amate.
1609 2598 1667 2654 Si
1718 2615 1848 2656 vero
1910 2602 2034 2670 quis

455 2696 599 2752 inter
627 2707 822 2751 omnes
853 2692 1087 2763 iactator
1109 2692 1374 2765 gloriatur
1401 2692 1545 2763 quod
1584 2697 1701 2761 ipse
1728 2695 2023 2764 quamdam

454 2798 626 2846 artem
680 2796 776 2842 aut
825 2786 1136 2840 methodum
1190 2785 1480 2851 invenerit,
1538 2784 1799 2856 frequens
1848 2795 2033 2840 autem

455 2878 784 2950 sapientium
842 2878 1129 2933 hominum
1179 2877 1336 2932 turba
1395 2878 1596 2933 tradita
1648 2881 1738 2943 sit,
1791 2864 2035 2934 attamen

457 2987 566 3026 non
590 2980 676 3025 est
705 2969 811 3025 iste
836 2968 975 3024 Deus
1002 2970 1163 3038 hujus
1220 2967 1502 3038 scientiae;
1530 2968 1626 3024 sed
1676 2975 1888 3023 tantum
1936 2984 2034 3039 per

458 3063 828 3118 inventionem
861 3060 996 3115 artis
1037 3071 1355 3130 procreator
1380 3075 1447 3114 ex
1482 3060 1840 3116 scientiarum
1897 3060 2028 3128 Deo,
2057 3063 2101 3122 c

455 3156 613 3224 cujus
643 3164 700 3210 et
726 3155 898 3211 solius
921 3162 1005 3209 est
1035 3153 1315 3223 pr0prium
1342 3154 1519 3222 ipsum
1585 3168 1706 3208 esse
1760 3152 1929 3209 Deum
1978 3162 2033 3208 et

457 3250 737 3306 dominum
764 3247 1144 3306 scientiarum.
1185 3260 1309 3299 cum
1372 3245 1627 3307 aliarum,
1672 3252 1787 3298 tum
1842 3260 2032 3300 earum

457 3357 580 3415 qua:
602 3341 878 3412 pertinent
919 3340 984 3393 ad
1040 3339 1256 3392 diversa
1283 3337 1591 3406 specialiter
1639 3337 1781 3391 dicta
1828 3337 2029 3402 studia,

463 3436 669 3506 quique
695 3432 874 3489 studia
912 3439 1085 3501 parat,
1112 3430 1185 3485 ilti
1215 3443 1348 3482 sane
1386 3428 1598 3496 solique
1632 3428 2030 3481 convenientia.

462 3529 584 3585 Non
607 3527 750 3582 enim
782 3526 905 3580 aliis
937 3524 1041 3580 ista
1077 3538 1274 3594 parare
1308 3522 1530 3585 dicitur,
1567 3521 1662 3576 sed
1703 3520 2033 3589 sibimetipsi

455 3624 608 3695 juxta
631 3621 952 3676 concinnam
978 3627 1180 3674 sancta:
1207 3617 1378 3669 Anna:
1400 3613 1688 3669 theoriam.
1723 3611 1822 3667 llic
1853 3625 2032 3666 autem

460 3714 743 3770 sciendum
766 3722 849 3768 est
876 3714 1018 3780 quod
1049 3711 1095 3765 si
1142 3711 1442 3765 secundum
1494 3705 1901 3760 sanctissimum
1934 3702 2035 3759 Pe-

460 3818 607 3862 trum
628 3805 896 3860 dicentem
920 3819 934 3856 :
955 3800 1035 3856 Tu
1056 3802 1241 3855 omnia
1261 3799 1430 3865 nosti,
1455 3808 1511 3853 tu
1536 3798 1647 3853 scis
1662 3798 1787 3866 quia
1805 3812 1933 3852 amo
1958 3806 2031 3862 te,

460 3895 707 3967 ejusdem
738 3907 934 3949 sensus
963 3900 1046 3947 est
1074 3892 1216 3947 scire
1235 3899 1290 3945 et
1324 3903 1679 3959 cognoscere,
1710 3889 1904 3959 aliquis
1956 3896 2034 3942 ta-

464 4003 587 4043 men
636 3985 781 4042 forte
828 3984 1066 4040 timuerit
1120 3982 1303 4037 dicere
1354 3978 1525 4034 Deum
1576 3981 1847 4045 idearum,
1890 3979 2035 4035 sicut

461 4079 836 4141 scientiarum,
875 4076 1080 4130 veritus
1131 4088 1199 4130 ne
1250 4074 1527 4129 videretur
1587 4072 1823 4127 delirare
1882 4072 2037 4142 juxta

462 4172 774 4228 Platonicas
810 4169 1054 4225 idcarum
1090 4166 1331 4236 species;
1370 4177 1424 4222 et
1465 4172 1647 4220 tamen
1682 4165 1774 4220 ille
1824 4164 2037 4221 veritus

464 4265 609 4336 quod
645 4264 690 4319 si
716 4262 874 4332 juxta
905 4270 1108 4317 rectam
1146 4260 1473 4313 sententiam
1528 4271 1593 4312 ac
1635 4258 1951 4326 opinionem
1980 4258 2037 4311 in

468 4360 614 4413 idem
647 4356 930 4411 reduceret
982 4351 1238 4407 scientias
1265 4360 1320 4405 et
1351 4349 1710 4420 cognitiones,
1773 4362 1881 4403 non
1940 4349 2036 4403 ab-

461 4463 658 4505 sonum
685 4445 889 4517 aliquid
914 4444 1141 4511 diceret,
1176 4452 1234 4497 ut
1262 4442 1317 4497 in
1343 4441 1701 4512 sequentibus
1715 4455 1784 4496 ex
1813 4449 2038 4496 auctore
2068 4436 2114 4494 D

459 4552 649 4600 nostro
702 4540 923 4613 patebit.

534 4730 623 4785 74.
655 4727 812 4794 Quod
838 4735 1020 4781 autem
1056 4722 1180 4778 aliis
1211 4720 1459 4778 scientiis
1491 4719 1580 4773 illa
1639 4717 1734 4772 Dei
1788 4716 2035 4786 cognitio

463 4825 608 4880 clare
635 4821 987 4892 praponitur,
1023 4830 1146 4886 quae
1210 4813 1423 4884 proprie
1450 4827 1575 4866 vera
1627 4818 1712 4865 est
1761 4820 1815 4865 et
1847 4808 2042 4864 certis-

468 4918 630 4982 sima,
655 4928 720 4966 ex
745 4927 812 4967 eo
835 4924 1052 4981 quoque
1076 4906 1430 4963 manifestum
1457 4914 1544 4961 est
1576 4903 1723 4974 quod
1757 4917 1919 4957 nemo
1947 4916 2040 4972 po-

468 5014 575 5060 test
597 5015 826 5059 mentem
861 5000 1075 5055 Domini
1107 4997 1347 5061 novisse,
1376 4994 1601 5050 secundi
1651 5008 1777 5047 cum
1806 4992 1918 5047 sint
1971 4992 2042 5046 ab

465 5096 669 5166 illoqui
702 5104 847 5148 recte
893 5091 963 5146 de
1013 5087 1125 5143 Deo
1180 5086 1601 5150 ratiocinantur,
1652 5084 1843 5154 quales
1885 5092 2044 5138 erant

467 5190 560 5260 qui
592 5196 721 5242 tunc
748 5183 987 5240 Judaaam
1017 5179 1358 5241 habitabant,
1394 5176 1551 5248 juxta
1576 5174 1706 5229 illud
1738 5191 1755 5229 :
1782 5173 1953 5228 Notus
1981 5173 2037 5227 in

467 5277 655 5333 Judaea
684 5276 861 5340 Deus;
905 5270 997 5326 ubi
1024 5284 1250 5339 prorsus
1283 5278 1506 5323 sanctus
1539 5265 1702 5321 Israel
1732 5275 1888 5321 erant
1921 5279 2042 5334 quae

469 5370 640 5424 Deum
663 5368 917 5421 videbant
944 5374 1175 5418 mentes.
1196 5359 1321 5416 Ideo
1358 5359 1571 5431 egregie
1604 5356 1774 5412 David
1804 5357 2043 5428 adjecit:

470 5462 528 5517 In
554 5459 722 5515 Israel
758 5470 1012 5527 magnum
1070 5468 1267 5508 nomen
1300 5454 1440 5521 ejus,
1483 5452 1575 5505 ubi
1617 5464 1839 5520 quoque
1904 5450 2049 5517 psal-

472 5555 591 5608 lens
644 5548 1172 5618 ita,Mugniﬁcamus
1227 5544 1604 5600 “exultamus
1672 5558 1857 5596 nomen
1922 5541 2044 5595 Do-

478 5646 626 5707 mini,
664 5652 809 5699 reete
835 5641 1065 5696 dicebat.
1090 5638 1187 5696 Hic
1214 5640 1358 5692 enim
1389 5638 1626 5691 maxime
1662 5635 2046 5705 magniﬁcaba-

418 5743 589 5809 em.
623 5735 748 5792 Haec
769 5742 946 5789 autem
1011 5730 1323 5804 liujusmodi
1379 5728 1622 5800 cognitio
1672 5729 1758 5784 vel
1816 5727 2044 5784 scientia

2135 504 2244 558 τὸν
2279 504 2478 575 μηρόν
2505 516 2645 567 σου,
2699 500 2967 557 Δυνατέ·
3000 500 3138 554 ἀλλὰ
3174 502 3268 554 καὶ
3303 499 3593 570 μωμητός
3639 498 3718 561 ὥς

2136 595 2231 647 καὶ
2263 596 2291 647 6
2322 596 2380 648 ὲν
2410 592 2577 663 κακίᾳ
2602 593 3046 664 ὲγκαυχώμενος,
3086 592 3232 646 οὕτω
3277 590 3334 644 δὲ
3366 591 3460 644 καὶ
3498 592 3525 643 6
3548 589 3719 644 δυνά-

2137 704 2292 758 στης,
2348 689 2423 752 ὡς
2455 687 2784 759 πολλαχόθεν
2812 687 3091 757 δηλοῦται.
3129 686 3190 741 ’0
3218 687 3319 756 μὲν
3350 685 3444 739 οὖν
3473 682 3720 737 ἐνταῦθα

2134 779 2402 849 δυνάστης
2430 785 2458 833 ό
2477 780 2606 843 Θεός
2628 782 2799 845 ἐστιν,
2830 771 2892 833 οὗ
2924 781 3019 833 καὶ
3050 782 3078 834 6
3107 777 3348 849 βραχίων
3374 779 3512 848 μετὰ
3549 777 3716 829 δυνα·

2138 871 2321 933 στεὶας
2340 887 2353 900 ·
2393 870 2451 924 ὃν
2481 871 2537 924 δὲ
2586 870 2843 940 καθαιρεῖ
2872 870 2901 922 6
2933 868 3222 937 ’Υψιστος,
3257 864 3492 930 ἐξόλοιτο
3521 862 3719 932 κείμε-

2134 977 2256 1023 νος·
2297 959 2437 1014 οὕτω
2482 962 2575 1013 καὶ
2614 960 2903 1014 δυναστεία
2935 962 3034 1026 μὲν
3058 957 3253 1020 ἵππου,
3301 956 3331 1009 ὅ
3369 956 3490 1008 ἔστι
3526 950 3718 1024 ῥώμη,

2134 1050 2354 1104 ἔπαινον
2405 1049 2520 1120 ἔχει
2544 1065 2556 1079 ·
2597 1052 2673 1114 ὡς
2724 1050 2820 1105 καὶ
2865 1052 2921 1103 αἰ
2961 1049 3100 1103 κατὰ
3127 1042 3588 1116 ὀγδοηκοντούτην
3617 1042 3717 1097 ἄν·

2135 1142 2352 1213 θρωπον
2380 1144 2690 1197 δυναστεῖαι
2719 1143 2813 1196 τοῦ
2849 1143 2969 1212 ζῇν.
3004 1143 3081 1196 Οὐ
3127 1142 3234 1212 μὴν
3262 1140 3490 1207 τοιαύτη
3544 1140 3643 1190 καὶ
3677 1140 3714 1204 ή

2132 1238 2451 1308 τυραννική.
2488 1238 2758 1307 Ζητητέον
2806 1237 2887 1300 δὲ,
2918 1238 3081 1307 εἰπερ
3111 1236 3187 1300 ὠς
3222 1233 3474 1302 πειράζω
3515 1248 3715 1303 πειρα-

2135 1330 2286 1400 στὴς,
2338 1330 2621 1401 δοκιμάζω
2673 1330 3030 1402 δοκιμαστὴς,
3080 1328 3226 1382 οὕτω
3275 1328 3375 1380 καὶ
3438 1325 3718 1395 δυνάστης

2133 1424 2198 1476 ἐκ
2221 1421 2314 1477 τοῦ
2344 1423 2556 1488 δυνάξω
2578 1423 2720 1477 κατά
2741 1438 2891 1483 τινας
2919 1420 3155 1490 γίνεται,
3182 1417 3299 1481 πῶς
3322 1416 3425 1471 οὐκ
3461 1415 3723 1482 ὀξύνεται

2132 1516 2335 1583 αὐτός;
2379 1515 2538 1579 Ἴσως
2570 1515 2627 1569 δὲ
2667 1513 3068 1585 ἐξηκολούθησε
3121 1510 3199 1582 τῷ
3232 1512 3457 1579 ποιητῇ,
3492 1509 3592 1563 καὶ
3639 1505 3724 1576 τῷ

2132 1608 2471 1680 πυραύστης,
2516 1608 2756 1678 ζωΰφιον
2788 1608 2845 1661 δὲ
2881 1606 3056 1672 οὗτος,
3086 1606 3215 1677 περὶ
3234 1598 3296 1660 οὗ
3326 1601 3599 1674 παροιμία
3631 1602 3721 1669 τὸ,

2133 1700 2458 1771 Πυραύστου
2500 1701 2686 1769 μόρος,
2746 1699 2840 1754 ἐπὶ
2892 1699 3002 1754 τῶν
3038 1699 3173 1771 ταχὺ
3217 1697 3610 1768 ἀπολλυμένων
3664 1698 3724 1764 ἐξ

2057 1769 2105 1829 Β
2133 1769 2338 1853 οἰκείας
2365 1792 2648 1855 ἀῦουλίας.

2205 1890 2305 1951 ογ’.
2337 1885 2471 1936 Θεὸν
2522 1883 2581 1936 δὲ
2625 1882 2880 1951 γνώσεων
2911 1883 3005 1936 καὶ
3040 1880 3232 1952 σοφίας
3279 1884 3478 1947 εἰπεῖν,
3522 1884 3617 1954 εἰη
3654 1882 3723 1937 ἂν

2136 1975 2352 2028 ταυτόν.
2391 1974 2565 2028 Ποίων
2611 1975 2667 2027 δὲ
2702 1976 2958 2043 γνώσεων
2980 1971 3089 2039 fil
3115 1976 3329 2039 πάντως
3372 1976 3592 2047 πρῶτον
3621 1978 3725 2047 μὲν

2136 2066 2242 2118 τῶν
2269 2065 2400 2137 παρ’
2429 2065 2579 2135 αὐτῷ
2610 2065 2689 2135 τῷ
2721 2066 2864 2136 Θεῷ,
2913 2067 3024 2120 τῶν
3056 2070 3150 2121 καὶ
3178 2067 3570 2138 ἁκατανοήτων
3627 2068 3723 2121 καὶ

2137 2159 2395 2229 ἀρρήτων
2425 2159 2518 2211 καὶ
2563 2158 2820 2226 ἀγγέλοις
2872 2159 3077 2221 αὐτοῖς,
3115 2159 3242 2212 καθ’
3282 2159 3350 2222 ἃς
3380 2160 3477 2214 καὶ
3518 2160 3722 2213 ἑαυτὸν

2136 2254 2345 2317 ἐκεῖνος
2393 2254 2651 2322 γινώσκει
2672 2271 2687 2286 ο
2722 2251 2840 2308 εἶτα
2868 2254 2962 2308 καὶ
2991 2254 3101 2308 τῶν
3129 2255 3263 2326 παρ’
3286 2254 3622 2326 ἀνθρώποις,
3656 2256 3718 2310 αἱ

2137 2348 2235 2402 καὶ
2265 2348 2429 2400 αὐταὶ
2454 2346 2549 2400 τοῦ
2573 2347 2711 2401 Θεοῦ
2749 2348 2888 2402 εἰσιν
2907 2388 2923 2414 ,
2956 2348 3030 2411 ὡς
3054 2346 3266 2401 ἐκεῖθεν
3300 2348 3516 2413 πάντως
3542 2349 3725 2419 καθή-

2137 2457 2334 2494 κουσαι
2364 2441 2444 2503 εἰς
2473 2440 2694 2505 αὐτούς.
2732 2441 3030 2497 Πιστοῦται
3057 2442 3115 2496 δὲ
3152 2443 3244 2497 τὸν
3263 2443 3419 2513 λόγον
3455 2446 3592 2513 ἡμῖν
3626 2445 3724 2497 καὶ

2135 2534 2164 2585 6
2203 2532 2375 2601 μέγας
2407 2532 2617 2602 Πέτρος
2639 2535 2697 2586 έν
2735 2528 2816 2596 οἷς
2845 2533 2994 2602 λέγει
3014 2550 3029 2567 ο
3064 2536 3260 2602 Κύριε,
3293 2534 3375 2589 σὺ
3408 2535 3612 2592 πάντα
3641 2533 3726 2593 οἵ·

2136 2623 2266 2690 δας,
2293 2623 2375 2679 σὺ
2408 2624 2724 2695 γινώσκεις
2758 2626 2847 2680 ὅτι
2877 2626 3034 2695 φιλῶ
3077 2643 3174 2683 σε.
3211 2629 3275 2682 Εἰ
3317 2628 3374 2683 δὲ
3401 2630 3564 2700 τυχὸν
3592 2631 3724 2683 ἀλα-

2137 2716 2489 2785 ζονευόμενός
2514 2734 2596 2779 τις
2641 2717 2752 2772 τῶν
2779 2718 3060 2785 ἁπάντων,
3091 2719 3257 2785 αὐτὸς
3286 2720 3529 2791 ἐξευρεῖν
3555 2723 3723 2792 αὐχεῖ

2135 2812 2331 2879 τέχνην
2363 2808 2639 2880 οίανοῦνῆ
2675 2810 2918 2878 μέθοδον,
2961 2811 3155 2882 συχνὸς
3190 2811 3249 2864 δὲ
3293 2812 3476 2882 σοφῶν
3501 2814 3720 2883 ἀνδρῶν

2135 2902 2376 2965 τοιοῦτος
2439 2901 2626 2972 ὅμιλος
2681 2903 3063 2974 παραδέδοται,
3119 2903 3239 2959 ἀλλ’
3288 2905 3391 2959 οὐκ
3433 2904 3550 2959 ἔστι
3579 2906 3718 2969 Θεὸς

2136 2994 2345 3057 ἐκεῖνος
2377 2994 2476 3064 τῆς
2508 2994 2771 3064 τοιαύτης
2805 2996 3098 3064 γνώσεως·
3143 2997 3443 3068 προϐολεὺς
3471 2998 3529 3052 δὲ
3552 2999 3720 3068 μόνον

2134 3085 2277 3140 κατὰ
2318 3083 2538 3157 εὖρεσιν
2571 3085 2767 3156 τέχνης
2802 3086 2863 3141 ὲκ
2905 3085 3000 3139 τοῦ
3027 3086 3164 3141 Θεοῦ
3195 3086 3470 3157 γνώσεως,
3520 3082 3586 3143 οὗ
3624 3092 3722 3146 καὶ

2135 3178 2300 3247 μόνου
2341 3176 2471 3231 ἴδιον
2504 3176 2565 3229 τὸ
2616 3172 2758 3232 εἶναι
2798 3178 2962 3232 αὑτὸν
3008 3177 3142 3233 Θεὸν
3186 3182 3282 3236 καὶ
3312 3181 3522 3251 Κύριον
3571 3182 3721 3251 γνώ-

2136 3286 2275 3324 σεων
2304 3269 2411 3323 τῶν
2440 3286 2500 3322 τε
2526 3269 2722 3335 ἄλλων,
2755 3270 2851 3323 καί
2879 3270 2988 3324 τῶν
3017 3270 3162 3324 κατὰ
3198 3272 3268 3327 τὰ
3289 3272 3435 3339 ἰδίως
3463 3273 3610 3327 οὕτω
3634 3275 3721 3328 λε-

2133 3359 2342 3429 γόμενα
2363 3362 2595 3414 παντοῖα
2628 3360 3062 3429 ἐπιτηδεύματα,
3079 3358 3139 3424 δς
3159 3362 3251 3414 καὶ
3285 3364 3567 3434 έτοιμάζει
3591 3368 3715 3420 ἐπι-

2134 3450 2470 3521 τηδεύματα,
2507 3451 2702 3522 ἐκείνῳ
2753 3451 2957 3521 δηλαδὴ
2988 3454 3082 3507 καὶ
3127 3456 3276 3526 μόνῳ
3303 3457 3609 3526 πρέποντα.
3640 3460 3715 3512 Οὐ

2135 3542 2244 3612 γὰρ
2274 3542 2455 3605 ἄλλοις
2505 3542 2644 3596 αὐτὰ
2706 3542 3018 3614 ἑτοιμάζειν
3084 3546 3323 3617 εἴρηται,
3369 3548 3503 3602 ἀλλὰ
3534 3549 3719 3620 ἑαυτῷ

2135 3633 2277 3687 κατὰ
2307 3633 2407 3704 τὴν
2451 3633 2552 3704 τῆς
2584 3634 2744 3702 ἁγίας
2781 3636 2983 3707 ’Δννης
3034 3637 3249 3709 ἐμμελῆ
3287 3639 3546 3712 θεωρίαν.
3597 3643 3720 3697 Ἐν-

2135 3723 2311 3778 ταῦθα
2338 3724 2395 3777 δὲ
2431 3726 2605 3779 ἰστέον
2645 3725 2721 3789 ώς
2746 3726 2794 3779 εἰ
2830 3729 2923 3782 καί
2949 3730 3090 3783 κατὰ
3131 3731 3221 3782 τὸν
3258 3730 3563 3799 ἁγιώτατον
3618 3736 3720 3789 Πέ-

2135 3832 2264 3886 τρον
2298 3817 2544 3883 εἰπόντα,
2579 3818 2663 3871 Σὺ
2714 3817 2912 3873 πάντα
2941 3815 3129 3886 οἶδας,
3162 3820 3245 3875 σὺ
3281 3823 3603 3890 γινώσκεις
3631 3827 3722 3881 ὅτι

2136 3906 2295 3978 φιλῶ
2317 3924 2410 3975 σε,
2443 3908 2542 3979 τῆς
2573 3908 2743 3981 αὐτῆς
2786 3909 2996 3973 ἑννοίας
3037 3912 3154 3964 ἐστὶ
3198 3915 3260 3966 τὸ
3303 3914 3504 3969 εἰδέναι
3537 3918 3635 3971 καὶ
3663 3921 3723 3970 τὸ

2137 3999 2449 4068 γινώσκειν,
2502 4002 2653 4071 ὅμως
2703 4001 3144 4071 εὐλαϐηθήσεταί
3177 4018 3263 4066 τις
3313 4006 3446 4070 ίσως
3475 4006 3612 4062 Θεὸν
3646 4012 3722 4062 εἰ-

2139 4092 2260 4143 πεῖν
2283 4090 2562 4160 εἰδήσεων,
2602 4089 2794 4161 ὥσπερ
2833 4091 2927 4144 καὶ
2961 4090 3240 4160 γνώσεων,
3272 4093 3461 4160 δεδιὼς
3505 4096 3583 4168 μὴ
3629 4098 3725 4152 καὶ

2142 4180 2526 4251 σκωφθήσεται
2566 4181 2904 4253 παραλαλεῖν
2935 4182 2997 4235 τὸ
3052 4182 3393 4239 Πλατωνικὸν
3445 4187 3716 4256 εἰδητικὸν

2139 4272 2345 4326 αίτιον·
2381 4273 2477 4327 καὶ
2501 4271 2609 4341 μὴν
2639 4273 2844 4336 ἐκεῖνος
2868 4275 2896 4326 6
2928 4273 3109 4337 οὕτως
3135 4272 3459 4344 εὐλαϐηθεὶς
3498 4276 3549 4328 εἰ
3579 4277 3717 4346 πρὸς

2139 4363 2351 4418 ἔννοιαν
2371 4363 2465 4418 καὶ
2492 4363 2649 4430 δόξαν
2676 4362 2842 4435 ὀρθὴν
2876 4366 2955 4428 εἰς
2984 4363 3178 4418 ταυτὸν
3199 4363 3324 4433 ἄγει
3350 4364 3451 4429 τὰς
3478 4364 3716 4434 γνώσεις

2142 4454 2238 4509 καὶ
2268 4454 2366 4518 τὰς
2393 4453 2650 4525 εἰδήσεις,
2713 4453 2812 4507 οὐκ
2845 4454 2913 4509 ἂν
2963 4454 3170 4526 ἀπᾷδόν
3199 4471 3250 4510 τι
3285 4455 3592 4527 λαλήσειεν,
3641 4457 3719 4521 ὡς

2142 4543 2236 4598 καὶ
2288 4544 2344 4596 ὲν
2397 4544 2509 4606 τοῖς
2543 4542 2669 4613 ἑξῆς
2698 4543 3002 4614 φανήσεται
3037 4544 3135 4599 ἀπ’
3182 4545 3349 4600 αὐτοῦ
3397 4545 3493 4600 τοῦ
3531 4546 3713 4619 μελῳ-

2140 4634 2254 4690 δοῦ.

2213 4725 2306 4783 οδ’.
2349 4723 2473 4782 Ὀτι
2498 4726 2554 4779 δὲ
2590 4727 2698 4780 τῶν
2732 4726 2908 4781 ἄλλων
2931 4727 3187 4797 γνώσεων
3224 4732 3259 4802 ἡ
3293 4729 3388 4785 τοῦ
3420 4731 3558 4785 Θεοῦ
3596 4729 3720 4786 κατ’

2141 4817 2418 4890 ἐξαίρετον
2456 4819 2774 4889 ὑπέρκειται
2798 4819 3027 4889 γνῶσις,
3065 4822 3100 4893 ἠ
3151 4821 3358 4894 κυρίως
3387 4823 3594 4893 ἀληθὴς
3624 4826 3718 4877 καὶ

2143 4910 2559 4982 ἑπιστημονικὴ,
2610 4910 2770 4980 δῆλον
2804 4912 2898 4966 καὶ
2956 4914 3023 4968 ὲκ
3065 4913 3163 4968 τοῦ
3202 4914 3410 4985 μηδένα
3461 4915 3722 4970 δύνασθαι

2143 5000 2270 5055 νοῢν
2303 5001 2504 5069 γνῶναι
2537 5003 2745 5070 Κυρίου
2770 5043 2784 5063 ,
2811 5001 3213 5074 δευτερούντων
3243 5004 3410 5059 αὑτοῦ
3445 5006 3556 5059 τῶν
3586 5005 3723 5073 πρὸς

2143 5087 2410 5159 ὀρθότητα
2439 5089 2854 5159 θεολογούντων,
2897 5095 3073 5147 ὁποῖοι
3108 5097 3202 5148 καὶ
3231 5095 3281 5149 οἱ
3315 5094 3416 5166 τῆς
3459 5095 3720 5156 Ἰουδαίας

2142 5173 2282 5249 ἦσαν
2317 5179 2440 5235 τότε
2465 5182 2771 5252 οἰκήτορες,
2826 5184 2971 5238 κατὰ
3017 5184 3101 5253 τὸ,
3131 5186 3380 5251 Γνωστὸς
3407 5188 3467 5239 έν
3496 5189 3563 5256 τῇ
3590 5186 3719 5240 Ἰουο

2144 5270 2271 5342 δαίς.
2301 5273 2328 5325 6
2373 5271 2526 5339 Θεὸς,
2568 5273 2696 5327 ἔνθα
2744 5275 2962 5339 πάντως
2988 5275 3017 5328 6
3052 5276 3211 5347 ἅγιος
3255 5277 3473 5348 Ἰσραὴλ
3499 5275 3643 5348 ἦσαν
3672 5277 3723 5330 oi

2146 5364 2280 5418 Θεὸν
2314 5365 2550 5436 ὁρῶντες
2576 5366 2715 5428 νόες.
2753 5368 2845 5420 Διὸ
2880 5367 3059 5430 καλῶς
3085 5369 3368 5439 ἐπήγαγεν
3392 5369 3421 5421 6
3448 5368 3629 5432 Δαὸἰδ,
3647 5366 3722 5430 ὡς

2148 5456 2206 5506 ὲν
2247 5456 2325 5526 τῷ
2383 5456 2603 5526 Ἰσραὴλ
2643 5459 2785 5526 μέγα
2820 5459 2878 5511 τὸ
2908 5457 3085 5528 ὄνομα
3140 5458 3343 5513 αὐτοῦ’
3400 5459 3536 5513 ὅπου
3572 5458 3664 5512 καὶ
3694 5457 3723 5510 6

2148 5546 2387 5617 ψάλλων,
2441 5547 2516 5611 ώς
2557 5549 2989 5618 Μεγαλύνομεν
3046 5549 3146 5603 καί
3195 5550 3477 5620 ὑψοῦμεν
3510 5548 3575 5603 τὸ
3619 5546 3725 5602 τοῦ

2153 5640 2374 5707 Κυρίου
2404 5638 2613 5709 ὄνομα,
2671 5639 2850 5703 καλῶς
2907 5639 3094 5709 ἔλεγεν
3117 5657 3130 5670 ·
3164 5642 3283 5694 ἐκεῖ
3329 5644 3439 5710 γὰρ
3468 5640 3726 5709 ὑπερλίαν

2152 5729 2537 5801 ἐμεγαλύνετο.
2578 5730 2643 5783 Ἠ
2675 5730 2731 5783 δὲ
2763 5730 2987 5800 τοιαύτη
3018 5731 3217 5799 γνῶσις
3248 5733 3361 5789 εἴτε
3391 5732 3595 5798 είδησις
3628 5728 3723 5782 καὶ
