4050 6404
399 332 504 394 589

1222 332 1305 393 IN
1332 332 1673 395 HYMNUM
1702 330 2357 394 PENTECOSTALEM
2394 328 2871 392 DAMASCENL

3556 326 3662 392 590

398 443 465 497 ὲκ
517 441 735 494 πάντων
759 442 1072 498 ἀπαιτεῖται
1107 445 1414 515 ἀνθρώπων
1437 460 1450 474 ·
1490 443 1681 508 Ἴδετε,
1715 444 1844 515 γὰρ,
1875 461 1979 513 φη-

2088 441 2153 497 ab
2188 442 2444 497 omnibus
2485 440 2785 509 requiritur
2839 438 3158 496 hominibus
3189 461 3202 497 :
3232 440 3439 498 Scitote
3488 444 3663 510 enim,

399 536 506 597 σὶν,
542 534 624 588 ὅτι
650 533 763 603 ἐγώ
792 536 908 605 είμι
930 535 1092 598 Θεόςο
1124 538 1262 606 ὅπερ
1293 537 1410 590 ἐστὶ
1437 578 1452 602 ,
1486 535 1688 600 Γνῶτε,
1726 537 1977 602 νοήσατε.

411 626 575 679 Ἀλλὰ
602 627 817 695 πρῶται
854 626 955 696 μὲν
984 619 1169 694 αὗται,
1203 628 1298 681 καὶ
1333 628 1588 696 δεύτεραι
1619 625 1854 693 γνώσεις
1875 641 1889 655 ο
1925 625 1980 678 αἱ

400 719 502 789 μὲν
528 718 694 772 αὐτοῦ
743 717 997 788 φανερῶς
1037 717 1195 772 οὖσαι
1227 717 1387 787 Θεοῦ,
1419 719 1476 771 αί
1506 718 1565 771 δὲ
1598 719 1729 789 ήμίν
1747 716 1806 782 ἐξ
1834 716 1980 769 ὲκεί-

397 827 492 864 νου
541 811 939 880 ὲλλάμπουσαι.
968 809 1094 863 Εἰσὶ
1123 809 1181 864 δὲ
1227 811 1324 863 καὶ
1374 809 1530 864 ἄλλαι
1573 810 1723 880 παρὰ
1775 805 1981 868 ταύτας

400 903 631 970 γνώσεις
665 902 823 967 Θεοῦ,
855 904 1040 958 αἰτῶν
1070 903 1309 975 καρδιῶν
1334 903 1492 972 ἡμῶν
1517 902 1610 955 καὶ
1639 901 1748 954 τῶν
1776 898 1980 969 τρίϐων

401 993 579 1062 iilia”:
604 994 686 1054 εἰς
704 991 770 1056 ἃς
790 993 887 1047 καὶ
903 993 1074 1057 αὐτὰς
1101 996 1133 1063 ἠ
1155 992 1431 1063 προφῆτις
1457 993 1820 1055 ἀπονεύονσα,
1849 991 1980 1043 ὑπο-

403 1085 740 1153 μιμνήσκειν
765 1084 913 1137 δοκεί
938 1085 1028 1138 τὸν
1054 1085 1209 1151 Θεὸν,
1238 1085 1313 1146 ὡς
1339 1085 1432 1139 καὶ
1460 1084 1690 1154 καρδίαν
1726 1082 1978 1151 καθαρὰν

399 1176 545 1246 ἔχειν
577 1175 747 1245 αὐτὴν
778 1172 909 1241 οἶδε,
944 1178 1037 1229 καὶ
1067 1177 1480 1247 εὐθυποροῦσαν
1516 1177 1787 1245 ὲναρέτως
1811 1173 1978 1242 γινώ-

401 1281 543 1319 σκει.
567 1267 659 1317 Διὸ
687 1265 785 1317 καὶ
809 1267 963 1336 ζητεί
989 1266 1046 1333 ἐξ
1079 1267 1288 1321 ἐκείνου
1319 1268 1626 1339 ἀντίχαριν,
1660 1267 1737 1330 ὡς
1757 1266 1981 1335 ἑτοιμά-

400 1372 527 1421 σαι,
588 1356 761 1426 ῆγουν
809 1356 1044 1426 ἑτοίμως
1103 1360 1195 1411 καὶ
1227 1359 1559 1413 άπεντεῦθεν
1596 1359 1761 1412 αὐτὸν
1791 1361 1979 1428 ὲπιτη-

398 1447 692 1501 δεύσασθαι
734 1449 915 1502 καὶτὸ
951 1448 1019 1500 δι’
1051 1448 1216 1519 εὐχῆς
1246 1450 1382 1522 αὐτῇ
1406 1465 1423 1481 ⁶
1455 1452 1550 1504 καὶ
1590 1450 1769 1503 τοίνυν
1798 1448 1979 1503 πείθει

400 1539 843 1611 προσευξαμένη,
880 1542 974 1596 καὶ.
1005 1543 1363 1614 ἐπιτυγχάνει
1392 1543 1487 1596 τοῦ
1520 1544 1714 1612 ἐφετοῦ
1738 1543 1979 1612 αἰτήμα-

398 1647 512 1687 τος.

2089 533 2452 602 inquit,quod
2498 547 2599 603 ego
2652 547 2772 587 sum
2821 530 2965 587 Deus
3009 548 3024 586 :
3085 531 3137 587 id
3172 539 3276 595 est,
3325 533 3665 602 cognoscite,

2090 624 2395 691 intelligite.
2433 622 2536 675 Sed
2565 625 2684 676 aliae
2715 624 2936 693 quidem
2969 624 3181 691 primm,
3240 624 3361 679 alia;
3406 639 3537 681 vero
3581 639 3666 680 se-

2087 714 2278 768 cundae
2295 722 2420 768 sunt
2437 713 2794 783 cognitiones,
2818 714 3088 783 siquidem
3109 714 3229 768 alia!
3252 716 3468 785 quidem
3484 715 3662 786 ipsius

2090 803 2180 858 Dei
2208 804 2494 859 manifeste
2525 815 2692 868 sunt;
2728 805 2848 860 alite
2875 820 3004 860 vero
3032 807 3193 862 nobis
3239 821 3307 862 ex
3336 807 3431 862 illo
3463 807 3664 864 illuxe-

2089 905 2236 950 runt.
2266 896 2399 950 Sunt
2424 906 2607 951 autem
2642 899 2805 952 etiam
2832 906 3028 968 praeter
3088 900 3209 955 illas
3263 901 3382 954 aliae
3409 900 3503 955 Dei
3569 916 3665 956 co-

2087 988 2382 1057 gnitiones,
2416 990 2666 1043 cordium
2695 990 2913 1058 inquam
2950 1001 3264 1047 nostrorum
3317 1007 3381 1047 ac
3426 993 3662 1052 viarum.

2090 1081 2157 1135 ad
2187 1095 2325 1150 quas
2379 1081 2528 1149 ipsas
2583 1082 2830 1138 alludens
2883 1085 3244 1154 prophetissa,
3311 1085 3367 1139 in
3426 1093 3664 1140 mentem

2089 1171 2184 1226 Dei
2220 1186 2481 1228 revocare
2510 1174 2742 1238 videtur,
2778 1176 2923 1245 quod
2950 1179 3120 1247 ipsam
3174 1192 3295 1233 esse
3323 1192 3460 1247 puro
3501 1179 3668 1233 corde

2088 1263 2256 1326 novit,
2279 1272 2333 1317 et
2364 1265 2668 1319 secundum
2700 1267 2954 1321 virtutem
3013 1268 3292 1322 ambulare
3334 1270 3613 1335 cOgnoscit
3647 1288 3663 1324 :

2088 1351 2315 1422 ideoque
2354 1356 2849 1409 remunerationem
2887 1355 2956 1409 ab
2988 1355 3081 1409 illo
3119 1357 3338 1425 quaerit,
3376 1355 3448 1410 ita
3477 1355 3668 1410 utdis-

2086 1451 2273 1512 ponat,
2313 1457 2409 1498 seu
2449 1455 2695 1514 prompte
2724 1455 2777 1499 et
2811 1444 3008 1499 exinde
3029 1446 3261 1499 adducat
3286 1445 3529 1512 illum,et
3559 1444 3668 1500 hoc

2085 1546 2185 1601 per
2213 1547 2454 1602 precem,
2488 1534 2555 1589 ad
2580 1550 2769 1590 curam
2800 1537 2864 1591 de
2888 1535 3005 1604 ipsa
3040 1536 3370 1593 habendam.
3407 1537 3472 1592 Et
3519 1546 3668 1593 certe

2085 1620 2391 1694 precando‘
2449 1628 2742 1696 persuadet
2821 1637 2876 1683 et
2931 1628 3294 1685 desideratam
3352 1644 3468 1685 rem
3528 1630 3671 1688 obti-

2088 1720 2200 1768 net.

470 1816 563 1864 os’.
612 1811 674 1864 Ei
725 1810 784 1864 δὲ
833 1812 926 1865 καὶ
985 1811 1225 1882 ὲτεροίαι
1267 1809 1499 1877 γνώσεις
1543 1810 1654 1862 είσὶ
1702 1809 1854 1878 παρὰ
1901 1808 1980 1878 τῷ

2158 1805 2247 1861 75.
2277 1806 2333 1862 Si
2359 1821 2487 1863 vero
2521 1823 2742 1880 quoque
2796 1821 2926 1867 sunt
2950 1812 3068 1868 aliae
3117 1813 3461 1883 cognitiones
3524 1816 3667 1886 apud

410 1902 654 1974 Ὑψίστῳ
689 1902 765 1972 μὴ
798 1902 866 1956 ἂν
890 1903 1372 1974 συνηριθμημέναι
1399 1904 1516 1965 ταῖς
1558 1902 1751 1972 ἐκείνῳ
1771 1900 1976 1969 φίλαις,

401 1997 498 2048 καὶ
518 1997 742 2048 ἐκείνων
766 1996 985 2057 πάντως
1010 1996 1169 2057 αὐτὸς
1200 1995 1390 2064 κύριος
1422 1995 1848 2063 μετασκευάζων
1877 1993 1979 2046 αὑ-

399 2088 499 2149 τὰς
521 2087 668 2149 ὅπως
695 2086 761 2139 ἂν
784 2086 978 2151 ἐθέλοι,
1007 2086 1101 2139 καὶ
1129 2085 1554 2157 κατακυριεύειν
1571 2086 1672 2138 οὐκ
1700 2084 1855 2153 ἀφεὶς
1886 2082 1982 2137 καὶ

402 2179 762 2247 λυμαίνεσθαι
813 2181 926 2243 τοῖς
977 2179 1141 2232 αὑτὸν
1204 2178 1644 2247 θεραπεύουσινο
1707 2177 1841 2232 ἀλλά
1888 2175 1983 2230 καὶ

403 2269 619 2333 ὲκείνας
649 2270 877 2337 ἀπάγων
912 2269 944 2339 ἢ
978 2268 1226 2333 ἀλλοιῶν,
1262 2269 1359 2323 καὶ
1391 2268 1489 2332 τὰς
1520 2268 1726 2330 οἰκείας
1753 2283 1984 2336 παρεισ-

404 2356 553 2422 άγων
585 2357 956 2427 ἀκαταλήπτῳ
988 2357 1191 2427 χάριτι,
1219 2357 1287 2426 ἢν
1318 2359 1346 2410 6
1397 2357 1536 2428 ἔχων
1569 2357 1816 2425 θεολογεῖ
1839 2353 1983 2409 κατὰ

402 2448 532 2513 τοὺς
562 2450 847 2519 προφήτας
894 2452 990 2502 καὶ
1032 2448 1156 2509 τοὺς
1190 2448 1438 2520 μαθητὰς
1491 2448 1587 2502 τοῦ
1631 2448 1892 2520 Χριστοῦ,
1920 2450 1982 2502 οὐ

404 2540 847 2609 καταπνεόμενος
879 2542 1134 2610 πονηροῖς
1153 2540 1425 2612 πνεύμασι
1451 2540 1845 2613 παρενοχλοῦσι
1870 2545 1983 2605 τοῖς

404 2630 781 2701 θεωρητικοῖς,
827 2631 965 2686 ἀλλὰ
1019 2633 1448 2702 σκεπαζόμενος,
1508 2633 1584 2696 ὡς
1638 2633 1749 2687 ἔσω
1802 2634 1984 2705 μένων

404 2724 616 2796 σκηνῆς
639 2724 790 2786 θείας
815 2723 847 2794 ἢ
874 2723 1210 2791 ἁγίουκναοῦ,
1239 2723 1348 2778 τῶν
1372 2725 1701 2795 κρειττόνων
1738 2725 1833 2778 τοῦ
1856 2724 1985 2781 Μω-

406 2816 598 2871 σαῖκοῦ
628 2818 852 2887 γνόφου,
896 2817 990 2869 καὶ
1023 2816 1122 2883 ὡς,
1159 2816 1335 2882 οὕτως
1365 2818 1563 2883 εἰπεῖν,
1592 2817 1750 2871 θείων
1781 2819 1981 2889 ἡσυχα-

406 2910 646 2983 στηρίων
666 2927 683 2946 ο
712 2911 982 2963 Σκεπάσω
1017 2911 1146 2980 γὰρ,
1201 2911 1388 2980 φησὶν,
1441 2910 1608 2964 αὑτὸν
1636 2911 1718 2966 ὅτι
1751 2911 1892 2979 ἔγνω
1922 2911 1983 2965 τὸ

402 3002 577 3072 δνομὰ
602 3019 724 3072 μου.
750 3001 983 3073 Τοιαύτη
1028 3002 1084 3055 δὲ
1107 3004 1140 3073 ή
1173 3003 1444 3073 προφῆτις
1467 3004 1659 3067 ΙἍννα,
1685 3003 1984 3073 γινώσκου-

407 3113 478 3147 σα
507 3095 598 3148 τὸν
635 3095 767 3149 Θεὸν
791 3095 849 3147 ὲν
877 3094 957 3164 τῷ
990 3093 1365 3160 σκεπάζεσθαι
1420 3093 1512 3147 ὑπ’
1547 3095 1736 3162 αὑτοῦ,
1767 3096 1863 3149 καὶ
1891 3094 1982 3149 οὕ-

2083 1899 2451 1968 Altissimum,
2508 1917 2631 1972 quae
2684 1905 3071 1960 connumerari
3118 1921 3225 1961 non
3257 1915 3482 1977 possent
3540 1924 3666 1965 cum

2082 1990 2194 2046 illis
2222 1991 2323 2060 ipsi
2359 1991 2565 2058 charis,
2597 1994 2825 2049 istarum
2859 1996 3021 2050 etiam
3053 1997 3168 2068 ipse
3216 2013 3449 2068 prorsus
3481 1998 3667 2055 Domi-

2084 2097 2189 2138 nus
2209 2094 2314 2150 εει,
2343 2084 2641 2154 disponens
2662 2084 2781 2140 illas
2812 2085 2956 2142 sicut
2979 2089 3115 2155 vult,
3145 2104 3247 2145 nec
3272 2090 3461 2147 sinens
3486 2091 3668 2148 domi—

2083 2173 2202 2228 nari
2230 2184 2324 2229 aut
2358 2190 2555 2231 nocere
2580 2176 2829 2233 ﬁdelibus
2862 2181 3037 2235 servis
3062 2217 3079 2244 ,
3114 2181 3208 2236 sed
3235 2192 3291 2236 et
3344 2181 3467 2239 illas
3496 2185 3668 2239 abdu-

2083 2280 2213 2321 cens
2245 2267 2331 2323 vel
2362 2268 2682 2336 immutans,
2710 2279 2766 2326 et
2798 2272 3047 2341 proprias
3080 2274 3440 2333 introducens
3470 2277 3667 2332 inetia-

2084 2358 2176 2413 bili
2208 2360 2406 2429 gratia,
2436 2376 2542 2431 qua
2572 2363 2834 2432 praeditus
2864 2364 3050 2429 homo,
3083 2366 3384 2423 secundum
3426 2370 3666 2441 praphe-

2086 2457 2168 2504 tas
2199 2459 2254 2503 et
2278 2449 2577 2522 discipulos
2606 2451 2842 2521 Christi,
2870 2453 2937 2509 de
2966 2454 3080 2511 Deo
3142 2458 3405 2528 loquitur,
3468 2478 3575 2517 non
3638 2479 3666 2517 a

2084 2542 2339 2611 malignis
2372 2544 2657 2613 spiritibus
2685 2546 2779 2616 qui
2831 2548 3179 2617 speculantes
3208 2553 3536 2609 conturbant
3587 2555 3670 2608 in~

2083 2630 2345 2699 spiratus,
2375 2634 2467 2688 sed
2498 2633 2552 2688 in
2591 2644 2706 2691 tuto
2756 2640 2987 2705 positus,
3038 2641 3198 2707 quasi
3247 2656 3476 2700 rnanens
3525 2645 3668 2699 inua

2087 2720 2333 2776 divinum
2371 2724 2786 2780 tabernaculum
2820 2743 2918 2782 seu
2946 2740 3197 2785 sanctum
3230 2733 3518 2803 templum,
3547 2752 3670 2805 qua:

2082 2809 2320 2866 Mosaica
2353 2813 2496 2868 nube
2527 2813 2754 2869 meliora
2781 2824 2930 2884 sunt,
2957 2828 3034 2883 et,
3075 2829 3133 2874 ut
3162 2819 3237 2874 ita
3259 2820 3460 2889 dicam,
3494 2826 3668 2880 divini

2086 2917 2376 2958 recessus:
2410 2904 2694 2976 Protegam
2747 2908 2918 2971 enim,
2970 2910 3151 2977 inquit
3195 2926 3345 2979 eum,
3409 2917 3669 2984 quoniam

2083 2995 2341 3066 cognovit
2368 3011 2568 3050 nomen
2601 3012 2804 3053 meum.
2843 2998 2992 3054 Talis
3023 3008 3207 3056 autem
3263 3012 3385 3057 erat
3433 2976 3673 3076 prophe-

2086 3085 2216 3140 tissa
2242 3084 2422 3152 Anna,
2455 3102 2577 3156 qua:
2611 3092 2978 3159 cognoscebat
3016 3091 3210 3158 Deum,
3235 3095 3377 3160 quod
3427 3096 3498 3152 ab
3552 3099 3672 3168 ipso

402 3204 510 3251 τως
534 3188 592 3239 ὲν
621 3186 824 3258 ήσυχίᾳ
859 3185 1171 3258 καρδιακῶς
1222 3186 1374 3257 αὐτῷ
1419 3187 1848 3257 ἐντυγχάνουσα,
1884 3192 1977 3242 καὶ

2088 3186 2474 3248 protegeretur,
2524 3187 2581 3234 et
2617 3181 2695 3234 sic
2747 3180 2802 3234 in
2859 3182 3154 3238 securitate
3205 3185 3308 3254 ipsi
3368 3201 3438 3241 ex
3486 3190 3674 3245 animo

402 3280 609 3351 κραγὸν
645 3280 745 3350 μὲν
783 3281 844 3333 οὐ
870 3282 1149 3349 κράζουσα
1177 3282 1274 3335 καὶ
1306 3282 1504 3353 τρανὲς
1556 3283 1651 3336 καὶ
1678 3284 1862 3352 τορὸν,
1889 3285 1980 3339 άλ-

400 3374 511 3438 λως
553 3374 630 3436 δὲ,
683 3370 827 3426 καθά
857 3374 884 3425 ὁ
915 3370 1071 3441 ἅγιος
1112 3373 1297 3436 Ἰωνᾶς
1324 3374 1390 3426 ὲκ
1424 3373 1520 3426 τοῦ
1555 3377 1774 3446 κήτους,
1802 3375 1983 3446 βοῶσα

403 3467 470 3519 ὲκ
490 3464 725 3535 συνοχῆς
747 3463 972 3533 καρδίας
1000 3464 1315 3536 ἐνδόμυχος.
1366 3466 1460 3518 Διὸ
1503 3469 1798 3536 πανσόφως
1826 3471 1923 3522 καὶ
1954 3471 1983 3522 6

404 3556 570 3611 Δασὶδ
601 3556 743 3625 μετὰ
770 3554 832 3609 τὸ
887 3556 1183 3625 σκέπασμα
1235 3555 1299 3608 τὸ
1350 3555 1441 3609 διὰ
1490 3558 1590 3626 τὴν
1636 3556 1840 3626 γνῶσιν
1889 3559 1982 3612 τοῦ

402 3645 558 3714 Θεοῦ,
591 3645 842 3718 ἐπήγαγε
870 3644 950 3714 τὸ,
980 3643 1342 3713 Κεκράξεται
1391 3646 1544 3714 πρός
1577 3663 1677 3715 με,
1712 3649 1810 3702 καὶ
1838 3648 1983 3702 ἐπα-

401 3742 700 3810 κούσομαι
729 3739 917 3795 αὐτοῦ
942 3756 956 3771 ·
993 3741 1051 3804 ὃς
1075 3756 1139 3810 γε
1168 3742 1263 3794 καὶ
1302 3740 1385 3794 ἔτι
1408 3741 1699 3807 λαλοῦντος
1726 3745 1821 3798 τοῦ
1849 3750 1984 3815 ἁγα-

404 3835 501 3888 θοῦ
536 3832 849 3905 ἀνθρώπου,
900 3834 996 3887 καὶ
1041 3834 1210 3907 πρινὴ
1249 3833 1309 3888 δὲ
1345 3833 1549 3903 λαλεῖν,
1591 3837 1765 3893 κλίνει
1792 3842 1855 3893 τὸ
1888 3838 1983 3905 οὖς

402 3928 500 3979 καὶ
527 3923 790 3980 ὑπακούει
824 3925 1012 3980 αὐτοῦ.

473 4024 580 4084 ος·¹.
608 4016 825 4071 Τούτων
847 4018 902 4072 δὲ
933 4017 1107 4081 οὕτως
1148 4016 1401 4088 ἐχόντων,
1440 4022 1620 4085 καλῶς
1662 4022 1729 4077 ἂν
1770 4024 1887 4094 ἔχοι
1910 4026 1985 4078 εί-

402 4112 528 4165 πείν
560 4110 711 4181 ἡμᾶς
756 4111 849 4164 καὶ
884 4111 968 4164 ὅτι
1010 4109 1266 4180 φθάσασα
1311 4113 1345 4184 ἡ
1394 4113 1675 4185 θαυμασία
1713 4119 1983 4188 προφῆτις

402 4204 463 4256 ὲν
491 4204 558 4273 τῇ
608 4201 728 4256 κατ’
754 4200 925 4273 αὐτὴν
957 4200 1069 4272 ᾠδῇ
1101 4203 1459 4260 άποκωλύσαι
1511 4207 1638 4267 τοὺς
1691 4208 1985 4280 ὑπἀὐτῆς

402 4296 819 4366 διδασκομένους
870 4294 966 4349 τοῦ
998 4295 1178 4365 ὑψηλὰ
1206 4298 1288 4358 εἰς
1321 4296 1594 4369 ὑπεροχὴν
1626 4298 1831 4362 λαλεῖν.
1889 4302 1984 4353 καὶ

403 4392 505 4454 τῆς
554 4390 1119 4462 μεγαλορρημοσύνης
1180 4390 1247 4462 ἢν
1274 4392 1339 4461 τῇ
1379 4393 1645 4464 καυχήσει
1689 4393 1889 4447 ὀπαδὸν
1909 4395 1987 4448 οῖ-

403 4482 597 4550 δαμεν,
652 4483 730 4547 ὡς
765 4484 1009 4553 ἀνοήτων
1036 4481 1205 4537 ὄντων
1252 4483 1362 4536 τῶν
1405 4483 1633 4537 τοιαῦτα
1683 4484 1984 4539 ποιούντων

403 4575 502 4630 καὶ
524 4573 648 4629 νοῦν
682 4573 759 4645 μὴ
786 4575 1018 4645 ἐχόντων
1053 4576 1146 4628 καὶ
1169 4575 1393 4644 γνῶσιν,
1426 4575 1520 4628 καὶ¹
1547 4577 1638 4629 διὰ
1665 4575 1825 4630 τοῦτο
1850 4579 1986 4631 ἁπε-

404 4669 779 4739 στραμμένων
801 4664 879 4737 τῷ
903 4666 1023 4736 Θεῷ
1042 4682 1056 4697 ·
1090 4666 1289 4720 αὐτίκα
1323 4667 1606 4736 φιλοσοφεῖ
1627 4667 1703 4729 ὼς
1721 4667 1990 4738 αὐτόχρη-

407 4777 486 4831 μα
513 4759 715 4829 γνῶσίς
740 4761 892 4815 ἐστιν
925 4760 954 4812 6
985 4759 1137 4824 Θεὸς,
1183 4760 1279 4813 καὶ
1307 4758 1441 4823 Θεὸς
1467 4758 1745 4828 γνὼσεων,
1774 4759 1871 4813 καὶ
1901 4778 1990 4830 φι·

401 4852 513 4907 λῶν
534 4852 663 4917 τοὺς
695 4852 865 4916 ὅντως
895 4852 1046 4923 αὐτῷ
1075 4852 1377 4921 γνωστούς.
1402 4852 1494 4905 Διὸ
1515 4854 1742 4923 τοιαύτῃ
1777 4853 1989 4921 φιλοσό-

404 4963 491 5018 φῳ
515 4946 909 5018 προσεσχηκὼς
938 4946 966 4997 6
997 4947 1131 5011 Θεὸς
1175 4947 1271 5001 καὶ
1301 4947 1376 5010 ὡς
1422 4948 1503 5010 είς
1549 4947 1813 5018 κήρυγμα
1840 4946 1988 5015 λογι-

404 5042 642 5110 σάμενος
667 5040 761 5092 καὶ
797 5039 968 5110 αὐτὴν
1002 5040 1101 5093 καὶ
1130 5038 1479 5105 διδάσκαλον,
1522 5039 1854 5092 ἀποδίδωσιν
1884 5038 1986 5092 αὖ·

401 5133 470 5199 τῇ
527 5133 589 5184 τὸ
645 5131 711 5184 δι’
759 5130 947 5200 εὐχῆς,
987 5130 1078 5183 τὸν
1133 5132 1415 5201 ἀγαπητὸν
1442 5131 1645 5202 δηλαδὴ
1696 5133 1877 5192 τόκον,
1928 5129 1988 5182 ὃν

400 5219 665 5289 ⁴ᾐτήσατο.
702 5219 828 5273 Ἐπὶ
859 5221 1070 5283 τούτοις
1102 5220 1217 5272 ἔστι
1249 5220 1466 5292 γυργῶς
1500 5223 1707 5292 φράσαι
1743 5221 1817 5283 ὡς
1855 5222 1988 5276 Θεὸν

400 5312 657 5379 γνώσεων
690 5313 723 5383 ἡ
751 5314 1149 5383 μακαριωτάτη
1179 5314 1349 5366 Ἀννα
1382 5314 1613 5366 εἰποῦσα
1633 5317 1727 5366 τὸν
1756 5312 1985 5385 Κύριον,

401 5402 714 5472 φιλοσόφως
749 5403 1065 5455 ἀντιπίπτει
1092 5407 1205 5467 τοῖς
1247 5403 1586 5476 βλασφήμως
1629 5407 1898 5475 φαμένοις
1938 5406 1987 5457 εί

400 5492 519 5545 ἐστι
548 5493 749 5560 γνῶσις
800 5493 856 5545 ὲν
888 5492 965 5561 τῷ
1000 5492 1243 5565 Ὑψίστῳ
1264 5511 1280 5525 ·
1314 5498 1603 5567 μονονουχὶ
1630 5497 1862 5563 λέγουσα
1913 5497 1987 5560 ὡς

402 5585 562 5653 ἡμεῖς
594 5586 642 5637 oi
668 5584 947 5655 ἄνθρωποι
979 5585 1077 5638 οὐκ
1103 5587 1467 5657 ἐπιστάμεθα,
1510 5591 1602 5640 καὶ
1637 5587 1704 5639 δι’
1738 5589 1869 5641 αὐτὸ
1900 5586 1988 5640 οἷα

402 5673 605 5741 γνῶσιν
637 5674 713 5745 μὴ
747 5675 961 5744 ἔχοντες
1011 5675 1301 5747 ὀφείλομεν
1345 5678 1440 5731 καὶ
1485 5680 1644 5731 αὐτοὶ
1693 5679 1874 5746 λέγειν
1903 5680 1984 5745 τὸ,

406 5765 505 5833 Τίς
527 5765 680 5836 ἔγνω
702 5768 853 5825 γοῦν
880 5769 1103 5838 Κυρίου
1136 5769 1204 5835 ὃς
1227 5770 1424 5827 πάντα
1456 5768 1581 5827 οἶδε
1605 5772 1701 5828 καὶ
1736 5773 1850 5842 πρὸ
1884 5791 1984 5843 γε·-

2087 3270 2406 3336 inhaarebat,
2469 3286 2579 3326 non
2610 3272 2832 3343 quidem
2883 3285 3049 3330 acuto
3111 3277 3515 3351 manifestoque
3562 3284 3676 3338 cla-

2084 3376 2239 3416 more
2267 3362 2534 3428 clamans,
2570 3364 2708 3417 alias
2741 3375 2948 3433 autem,
2983 3367 3127 3422 sicut
3157 3380 3384 3426 sanctus
3411 3371 3580 3429 Jonas
3606 3390 3674 3428 ex

2086 3464 2274 3509 ventre
2300 3459 2427 3521 ceti,
2462 3470 2525 3510 ex
2568 3455 2844 3511 anxietate
2870 3458 3077 3514 cordis
3106 3461 3439 3519 intrinsecus
3474 3465 3675 3518 clami-

2085 3555 2228 3602 tans.
2265 3547 2390 3601 ideo
2414 3547 2823 3618 sapientissime
2852 3549 3043 3617 David,
3070 3565 3186 3621 post
3224 3571 3243 3605 σ
3275 3556 3670 3623 protectionem

2083 3640 2137 3695 in
2173 3638 2484 3711 c0guitione
2517 3639 2610 3695 Dei
2657 3658 2676 3692 ι
2724 3640 2970 3711 adjecit:
3024 3642 3289 3701 Clamabit
3345 3648 3417 3702 ad
3482 3665 3585 3715 me,
3626 3663 3675 3704 et

2082 3733 2369 3787 exaudiam
2395 3748 2536 3788 eum.
2564 3732 2667 3788 Hic
2704 3735 2853 3789 enim
2888 3736 3070 3793 adhuc
3092 3738 3350 3809 loquente
3384 3742 3530 3797 bono
3573 3745 3678 3797 ho-

2085 3825 2254 3890 mine,
2292 3824 2388 3880 sed
2418 3826 2826 3896 etpriusquam
2870 3827 3148 3899 loquatur,
3203 3847 3392 3887 aurem
3449 3833 3679 3889 inclinat

2083 3926 2139 3971 et
2169 3917 2400 3973 exaudit
2424 3932 2574 3972 eum.

2156 4012 2248 4066 76.
2292 4013 2418 4069 Haec
2445 4025 2630 4069 autem
2690 4030 2815 4071 cum
2852 4018 2923 4072 ita
2985 4016 3116 4084 sint,
3169 4033 3471 4073 consonum
3519 4023 3678 4077 nobis

2085 4116 2229 4162 esset
2260 4106 2552 4163 dicendum
2575 4108 2744 4179 quod,
2800 4118 3090 4179 p0stquam
3157 4110 3271 4164 hate
3332 4113 3679 4169 admirabilis

2084 4201 2437 4271 prophetissa
2460 4202 2817 4270 praevenisset
2846 4201 2900 4255 in
2929 4216 3032 4255 suo
3092 4203 3336 4256 carmine
3383 4205 3681 4271 prohibere

2086 4296 2279 4351 doctos
2300 4297 2369 4351 ab
2395 4296 2515 4367 ipsa
2549 4310 2617 4350 ne
2643 4297 2902 4351 sublimia
2932 4299 3167 4367 superbe
3219 4297 3581 4367 loquerentur
3626 4314 3680 4356 et

2084 4400 2344 4445 caverent
2368 4404 2398 4443 a
2420 4389 2685 4461 jactantia
2716 4405 2879 4460 quam
2900 4389 3248 4461 gloriationis
3278 4392 3533 4445 comitem
3555 4408 3681 4449 esse

2087 4481 2315 4546 scimus,
2344 4492 2612 4553 quantum
2644 4483 2736 4554 qui
2768 4483 2894 4537 talia
2924 4491 3092 4553 agunt
3152 4482 3347 4536 insulsi
3402 4493 3534 4537 sunt
3580 4500 3682 4541 nec

2092 4582 2328 4628 mentem
2369 4590 2471 4630 nec
2496 4576 2870 4646 cognitionem
2926 4576 3145 4642 habent,
3196 4584 3249 4630 et
3298 4575 3419 4630 ideo
3482 4592 3511 4630 a
3570 4578 3680 4631 Dm

2092 4674 2437 4733 avertuntur,
2469 4670 2654 4723 statim
2698 4668 3075 4739 philosophice
3108 4667 3272 4723 docet
3299 4672 3444 4740 quod
3502 4673 3680 4739 reipsa

2089 4760 2320 4815 scientia
2360 4758 2507 4816 Deus
2530 4770 2617 4817 est
2640 4769 2694 4816 et
2722 4761 2868 4817 Deus
2905 4762 3259 4816 scientiarum
3287 4770 3341 4815 et
3367 4762 3546 4832 diligit
3581 4779 3678 4817 eos

2089 4850 2183 4920 qui
2217 4851 2319 4920 ipsi
2351 4866 2478 4906 vere
2502 4852 2616 4906 noti
2654 4858 2806 4907 sunt.
2829 4851 3036 4906 Idcirco
3072 4852 3235 4906 talem
3312 4853 3679 4923 philosOphiae

2099 4943 2421 5011 magistram
2454 4943 2747 4999 advertens
2787 4945 2927 4999 Deus
2958 4954 3013 4999 et
3036 4953 3295 5013 tanquam
3364 4959 3672 5013 praeconem

2089 5046 2155 5086 ac
2178 5035 2508 5104 discipulam
2536 5045 2820 5105 reputans,
2849 5037 2950 5106 ipsi
2984 5036 3207 5092 tradidit
3238 5037 3384 5106 quod
3455 5046 3573 5093 erat
3626 5039 3681 5091 in

2091 5134 2239 5193 voto,
2270 5126 2530 5180 dilectum
2562 5142 2759 5197 nempe
2830 5129 3051 5195 Filium,
3108 5146 3270 5199 quem
3333 5144 3680 5201 poposcerat.

2094 5219 2266 5273 Acute
2303 5227 2563 5289 praeterea
2590 5220 2884 5277 dicendum
2914 5232 2997 5277 est
3026 5222 3170 5291 quod
3213 5223 3383 5276 Deum
3407 5222 3678 5278 scientia—

2092 5327 2214 5365 rum
2246 5313 2598 5367 sanctissima
2626 5314 2786 5368 Anna
2827 5315 3176 5383 proclamans
3207 5316 3527 5378 Dominum,
3564 5318 3687 5386 phi-

2091 5408 2370 5479 losophice
2389 5410 2657 5464 obnititur
2680 5411 2746 5466 iis
2767 5410 2861 5479 qui
2884 5410 3313 5480 blasphemando
3333 5412 3687 5477 pronuntiant

2090 5512 2158 5551 an
2198 5500 2518 5553 sitscieutia
2548 5503 2601 5553 in
2637 5501 2905 5555 Excelsa:
2945 5503 3101 5571 quasi
3137 5502 3343 5556 diceret
3377 5518 3478 5557 nos
3509 5503 3688 5556 homi-

2092 5607 2188 5646 nes
2214 5607 2322 5646 non
2349 5607 2467 5646 esse
2499 5593 2727 5648 scientia
2762 5595 3035 5664 praeditus,
3093 5604 3145 5647 et
3199 5594 3320 5647 ideo
3379 5596 3540 5648 veluti
3596 5609 3688 5647 ('0-

2092 5686 2392 5754 gnitionem
2420 5701 2526 5740 non
2559 5686 2823 5742 habentes
2846 5686 3046 5741 debere
3074 5696 3128 5741 et
3158 5686 3307 5756 ipsos
3341 5685 3445 5741 hoc
3479 5686 3686 5749 dicere,

2093 5776 2230 5843 Quis
2261 5778 2414 5834 novit
2439 5792 2661 5834 sensum
2691 5778 2929 5846 Domini,
2978 5778 3069 5847 qui
3125 5786 3326 5835 cuncta
3384 5776 3489 5833 scit
3522 5777 3687 5831 etiam
