4050 6462
357 340 459 410 591

1071 331 1491 398 EUSTATIIII
1519 328 2278 395 THESSALONICENSIS
2316 329 2876 393 ΜΕΤΒΟΡΟΠΤᾸΞ

3511 325 3623 392 599.

356 458 651 519 antequam
686 445 1140 515 eveniant‘llpse
1192 455 1429 513 namque
1472 441 1653 512 reipsa
1714 440 1960 512 sapieno‘

2066 441 2304 510 ’ἐσεωςς
2337 444 2508 509 Αὐτὸς
2542 445 2652 517 γὰρ
2688 447 2850 514 μόνος
2875 444 2956 515 τῷ
3003 444 3123 499 ὄντι
3149 442 3486 515 σοφώτατος,
3518 446 3625 501 καὶ

358 542 602 597 tissimus
622 549 727 605 est,
755 547 811 595 et
836 551 1050 594 summe
1098 536 1339 605 sapiens,
1390 542 1587 586 cuncta
1644 533 1846 597 sciens,
1878 540 1935 585 et

2066 532 2180 586 εαοά
2201 535 2499 604 πάνσοφος,
2534 535 2676 588 οὕτω
2702 537 2797 590 καὶ
2833 537 3201 605 παγγνώστης
3218 578 3236 605 ,
3268 537 3366 590 καὶ
3393 537 3453 589 οὐ
3478 535 3626 602 γνώ-

360 649 471 688 non
499 632 743 687 scientiae
772 630 854 685 vel
880 629 1256 690 scientiarum,
1290 626 1386 682 sed
1420 625 1777 680 scientiarum
1806 638 1932 678 om-

360 729 513 780 nium
542 722 826 779 Dominus.
864 721 1015 776 Unde
1043 719 1318 788 colligitur
1355 717 1505 787 quod
1564 716 1770 771 nullius
1828 712 1934 768 ini-

362 817 587 887 quitatis
614 817 703 871 ille
726 820 924 869 noxius
950 821 1082 867 cst:
1147 819 1431 880 peccatum
1479 810 1626 864 enim
1687 824 1794 863 non
1850 818 1937 862 est

364 911 624 979 cognitio,
656 907 751 962 sed
784 922 1009 977 prorsus
1034 905 1365 976 ignorantia.
1386 902 1558 958 Porro
1576 903 1620 957 si
1646 910 1933 972 peccatum

363 1001 791 1068 estignorantia,
813 1013 921 1053 non
952 1012 1080 1067 ergo
1110 996 1436 1066 sapientiam
1462 995 1629 1050 habet
1682 1003 1940 1064 peccator

364 1092 417 1146 in
444 1100 706 1161 quantum
733 1098 938 1159 peccat.
964 1086 1420 1157 Sapientissimus
1446 1087 1613 1157 igitur
1634 1095 1689 1141 et
1709 1085 1945 1140 sanctis-

364 1183 535 1238 simus
559 1192 642 1237 est
671 1182 1022 1238 scientiarum
1071 1178 1357 1235 Dominus.
1391 1178 1446 1234 Si
1481 1193 1609 1233 vero
1628 1177 1696 1233 de
1714 1190 1947 1232 numero

366 1274 738 1344 cognitionum
768 1280 853 1327 est
874 1286 937 1326 ea
964 1285 1087 1340 quae
1111 1273 1179 1323 ad
1217 1268 1495 1324 laudabile
1552 1267 1743 1323 Adami
1774 1265 1945 1335 respi-

368 1366 443 1419 cit
475 1363 885 1419 matrimonium
917 1376 1025 1432 quo
1050 1360 1306 1431 cognovit
1336 1360 1509 1416 Adam
1536 1374 1763 1414 uxorem
1788 1372 1946 1413 suam

365 1471 489 1527 qua
514 1463 569 1510 et
595 1455 713 1525 ipsa
765 1453 1017 1524 cognovit
1079 1452 1254 1519 illum,
1297 1464 1350 1507 et
1404 1451 1567 1521 hujus
1619 1450 1950 1522 cognitionis

373 1548 525 1604 Deus
556 1555 643 1604 est
677 1548 843 1602 Deus.
883 1545 1071 1601 Faciet
1123 1560 1253 1617 ergo
1296 1559 1515 1615 quoque
1568 1558 1732 1614 super
1787 1543 1949 1599 istam

370 1640 758 1709 dignissimum
792 1638 1047 1694 effectum
1077 1645 1132 1692 et
1183 1635 1525 1699 institutum,
1561 1634 1872 1691 asseutiens
1893 1632 1950 1688 in

374 1731 823 1802 atlimpletionem
855 1730 976 1801 ejus
1004 1728 1151 1801 quod
1189 1730 1306 1799 ipsa
1339 1727 1732 1797 postulaverat.

439 1824 528 1878 77.
554 1822 652 1879 Hic
669 1832 850 1878 autem
875 1821 999 1877 addi
1034 1829 1209 1891 potest
1234 1821 1378 1890 quod
1407 1831 1662 1875 accurate
1722 1819 1789 1873 de
1828 1816 1939 1872 Deo

368 1914 586 1972 disserit
618 1916 987 1987 prophetissa,
1004 1929 1129 1970 cum
1152 1913 1399 1969 omnium
1424 1912 1695 1967 honorum
1722 1925 1947 1966 causam

368 2024 491 2065 esse
518 2008 777 2079 praedicat
805 2007 997 2062 Deum.
1026 2006 1121 2061 Est
1141 2006 1315 2070 enim,
1346 2005 1546 2076 inquit,
1599 2005 1744 2059 Deus
1774 2005 1954 2059 scien-

370 2101 592 2165 tiarum,
629 2101 776 2155 nulla
814 2114 945 2154 vero
1008 2098 1308 2153 artiﬁciosa
1342 2096 1586 2167 cognitio
1635 2097 1815 2150 otiosa
1864 2101 1951 2151 est

371 2193 512 2266 apud
539 2193 739 2261 ipsum,
771 2191 865 2246 sed
899 2204 1092 2244 omnes
1120 2191 1174 2243 in
1200 2189 1406 2244 bonum
1435 2203 1577 2258 opus
1625 2189 1851 2254 abeunt,
1901 2194 1957 2241 et

373 2288 477 2343 hoc
504 2284 730 2361 omnino
757 2282 1016 2353 competit
1045 2281 1173 2334 huic
1196 2280 1410 2349 optimo
1430 2279 1651 2334 artiﬁci.
1703 2276 1818 2334 Non
1851 2291 1956 2332 au-

373 2389 479 2434 tem
514 2375 815 2431 absurdum
846 2380 994 2428 esset
1024 2372 1208 2426 dicere
1235 2369 1383 2440 quod
1407 2370 1744 2439 copulantur
1799 2370 1955 2423 bona:

373 2469 672 2542 cegnitiOni
704 2480 829 2537 quae
861 2464 1164 2521 secundum
1201 2462 1369 2517 Deum
1401 2471 1486 2517 est
1505 2460 1795 2519 laudabilis
1825 2473 1960 2531 pra-

374 2560 638 2629 cognitio,
662 2557 1063 2627 dignosccntia,
1087 2553 1416 2625 recognitio,
1443 2555 1510 2609 de
1535 2554 1773 2624 peccatis
1802 2562 1960 2608 antea

376 2652 689 2706 commissis
722 2647 1105 2704 condemnatio
1172 2646 1370 2701 nobilis
1436 2645 1800 2715 ignescentia,
1849 2645 1961 2700 cir-

376 2741 816 2811 cumspicientia,
845 2756 969 2795 cum
1020 2739 1375 2809 spirituatiter
1417 2737 1563 2791 inter
1606 2752 1664 2791 se
1728 2738 1963 2791 circum-

377 2832 669 2903 spicientes
697 2833 992 2886 disserunt.
1020 2830 1170 2885 Talia
1202 2845 1435 2899 namque
1449 2829 1796 2899 cognitiones
1815 2846 1961 2901 qua:-

377 2925 504 2979 dam
532 2933 660 2979 sunt
698 2922 804 2978 Deo
835 2923 1098 2993 probatae.
1134 2921 1190 2975 In
1231 2923 1315 2977 his
1339 2930 1521 2977 autent
1554 2930 1639 2976 est
1662 2923 1960 2977 notandum

378 3017 522 3085 quod
554 3017 643 3067 hic
672 3013 810 3069 scite
837 3023 891 3067 et
923 3020 1204 3083 sapienter
1236 3014 1545 3089 modulator
1567 3015 1825 3084 apposuit
1858 3014 1958 3085 dy-

2039 637 2177 684 σεως
2200 621 2232 691 ἢ
2265 625 2542 691 γνώσεων,
2575 625 2711 678 ἀλλὰ
2740 625 2848 678 τῶν
2872 623 3126 694 γνώτεων
3151 626 3343 681 πασῶν
3373 627 3574 696 Κύριος
3600 643 3620 660 ο

2040 716 2101 781 ἐξ
2133 712 2208 770 ὧν
2235 718 2526 786 συνάγεται
2561 718 2655 770 καὶ
2702 720 2779 781 ὡς
2824 718 3024 779 κακίας
3051 720 3146 773 καὶ
3178 720 3440 788 οὐδεμιᾶς
3480 721 3627 775 ἐκεῖ·

2040 825 2129 871 νος
2161 810 2354 874 αῐιιος.
2408 812 2471 864 Ἡ
2514 812 2621 880 γὰρ
2658 810 2902 881 ἁμαρτία
2942 811 3006 864 ού
3055 811 3281 881 γνῶσις,
3320 812 3439 866 ἀλλ’
3464 813 3627 868 αὐτό-

2042 913 2231 968 χρημα
2254 901 2467 969 ἄγνοια.
2504 902 2629 954 Ἐὰν
2660 901 2716 955 δὶ
2739 901 2878 972 αὑτὴ
2905 900 3119 970 ἄγνοια,
3143 902 3265 955 οὐδὲ
3294 903 3490 968 σοφίαν
3512 906 3629 974 ἀρα

2041 990 2070 1042 ὁ
2104 990 2432 1063 ἁμαρτάνων
2473 991 2585 1062 ἔχει
2635 993 2770 1046 καθὸ
2802 992 3148 1064 ἁμαρτάνει·
3186 994 3463 1063 πάνσοφος
3513 995 3631 1065 ἀρα

2045 1085 2138 1135 καὶ
2187 1083 2494 1149 ἀγιώτατος
2545 1089 2573 1139 ὁ
2611 1085 2720 1139 τῶν
2767 1086 3025 1154 γνώσεων
3079 1087 3305 1157 Κύριος.
3343 1088 3405 1141 Ei
3434 1088 3491 1142 δὲ
3527 1089 3632 1157 μία

2044 1174 2155 1226 τῶν
2182 1175 2437 1243 γνώσεων
2462 1180 2555 1232 καὶ
2585 1180 2617 1249 ἡ
2642 1181 2783 1232 κατὰ
2828 1180 2928 1250 τὴν
2971 1180 3295 1248 Ἀδαμιοίαν
3327 1180 3633 1251 εὐλογητὴν

2050 1265 2334 1334 συζυγίαν,
2361 1268 2482 1321 καθ’
2513 1269 2582 1339 ἢν
2628 1271 2769 1338 ἔγνω
2808 1272 2978 1341 Ἀδὰμ
3024 1271 3123 1341 τὴν
3171 1275 3405 1340 γυνα⁷κα
3436 1272 3635 1334 αὑτοῦ.

2048 1358 2426 1427 γινώσκουσαν
2467 1364 2640 1430 δήπου
2676 1365 2770 1417 καὶ
2805 1364 2979 1434 αὐτὴν
3006 1366 3239 1427 ἐκεῖνον,
3274 1365 3371 1418 καὶ
3415 1362 3629 1431 ταύτης

2048 1449 2158 1518 ἀρα
2180 1450 2432 1520 γνώσεως
2460 1453 2592 1519 Θεὸς
2627 1457 2655 1508 ὁ
2675 1457 2827 1519 Θεὸς.
2864 1456 2996 1526 Ποιή
3008 1472 3087 1508 σει
3105 1456 3216 1524 ἀρα
3244 1456 3338 1508 καὶ
3375 1453 3464 1507 ἔπ’
3487 1453 3636 1525 αὐτῇ

2050 1542 2478 1613 ἀξιολογώτατον
2506 1549 2902 1619 συμπέρασμα,
2927 1552 3021 1603 καὶ
3043 1547 3383 1618 ἐπιτήδευμα
3412 1545 3636 1601 ἐπινεύ-

2055 1652 2152 1700 σας
2181 1638 2258 1702 εἰς
2294 1639 2692 1711 συμπλήρωσιν
2717 1634 2778 1695 οὗ
2813 1642 2951 1712 αὐτὴ
2973 1641 3203 1712 ηὔξατο.

2124 1820 2224 1887 οξ.
2253 1821 2369 1876 Οὐκ
2399 1819 2713 1875 ἀνένδεκτον
2741 1819 2800 1874 δὲ
2828 1820 3006 1874 εἰπεῖν
3026 1819 3261 1874 ἐνταῦθα
3290 1822 3385 1875 καὶ
3408 1819 3484 1884 ὡς
3517 1822 3638 1876 Otto-

2055 1916 2207 1984 λογεῐ
2236 1913 2700 1983 συνεπτυγμένως
2721 1914 2754 1984 ἡ
2779 1912 3073 1984 προφῆτις,
3105 1914 3326 1968 πάντων
3356 1914 3467 1967 τῶν
3497 1915 3629 1984 ἀγαο

2058 2008 2166 2061 θῶν
2188 2006 2364 2060 αίτιον
2395 2002 2534 2060 εἶναι
2561 2004 2859 2070 δοξάζουσα
2888 2004 2979 2057 τὸν
3010 2004 3165 2060 Θεόν.
3205 2005 3338 2067 Θεὸς
3368 2005 3479 2075 γάρ
3499 2023 3641 2077 φησι

2055 2100 2331 2167 γνὼσεων,
2369 2098 2597 2169 οὐδεμία
2627 2097 2685 2151 δὲ
2717 2097 2916 2166 γνῶσις
2970 2098 3335 2170 δημιουργικὴ
3392 2100 3642 2169 ἀργοῦσσ

2061 2194 2196 2263 παρ’
2228 2193 2426 2263 ἐκείνῳ
2456 2192 2767 2258 ἀπόκειται,
2802 2191 2942 2247 ἀλλά
2972 2193 3146 2246 πᾶσαι
3184 2193 3266 2256 είς
3313 2192 3477 2263 ἔργον
3506 2193 3629 2246 ἀπο-

2059 2284 2347 2340 τελοῦνται
2400 2285 2626 2354 ἀγαθὸν,
2684 2285 2779 2338 καὶ
2827 2283 2959 2337 αὐτὸ
3011 2285 3231 2347 πάντως
3283 2285 3380 2337 καὶ
3424 2286 3643 2355 πρέπον

2060 2380 2290 2448 τοιούτῳ
2329 2378 2631 2449 παναγάθῳ
2658 2375 2998 2448 δημιουργῷ.
3036 2376 3151 2429 Ούκ
3188 2376 3251 2430 ἂν
3281 2377 3338 2430 δὲ
3371 2378 3458 2448 εἴη
3499 2378 3641 2448 πάρ-

2063 2488 2224 2541 εργον
2248 2473 2424 2526 είπετν
2466 2473 2561 2526 καὶ¹
2600 2472 2681 2525 ὅτι
2723 2472 3293 2543 συμπαρεκτείνονται
3337 2474 3404 2541 τῇ
3437 2471 3644 2539 γνὼςει

2063 2569 2132 2635 τῇ
2161 2565 2339 2635 ἀγαθῇ
2368 2567 2433 2636 τῇ
2469 2564 2615 2618 κατά
2642 2564 2800 2629 Θεὸν,
2827 2565 2923 2619 καὶ
2953 2564 2986 2634 ἡ
3010 2565 3271 2633 ἐπαινετὴ
3305 2562 3647 2633 πρόγνωσις,

2065 2662 2158 2711 καὶ
2209 2660 2242 2728 ἡ
2294 2659 2606 2727 διάγνωσις,
2635 2659 2730 2711 καὶ
2768 2659 2802 2727 ὴ
2835 2656 3152 2725 ἐπίγνωσις,
3192 2656 3287 2709 καὶ
3316 2657 3350 2727 ἡ
3382 2657 3472 2709 ἐπὶ
3505 2657 3643 2722 φθά-

2066 2768 2193 2806 σασι
2226 2750 2533 2819 πταίσμασι
2561 2749 2746 2804 δικαία
2778 2750 3149 2815 κατάγνωσις,
3178 2750 3273 2802 καὶ⁵
3298 2750 3330 2819 ἡ
3358 2748 3649 2818 ἐλλόγιμος

2069 2843 2329 2912 ξύγγνοια
2362 2844 2533 2915 ἤγουν
2569 2843 2894 2911 συγγνώμη,
2930 2842 3028 2894 καὶ
3068 2843 3101 2910 ή
3135 2840 3511 2910 πολυωνύμως
3546 2858 3648 2895 κα-

2069 2937 2309 3006 λουμένη
2346 2935 2668 3004 μετάγνοια,
2693 2935 2789 2987 καὶ
2825 2934 3106 3003 μετάνοια,
3139 2934 3235 2986 καὶ
3264 2934 3611 3004 μετάγνωσις
3632 2950 3650 2968 ο

2070 3031 2172 3101 ἤδη
2202 3029 2261 3083 δί
2300 3043 2426 3080 ποτε
2463 3026 2557 3081 καὶ
2603 3029 2636 3094 ὴ
2667 3026 2991 3095 ἀμφίγνοια,
3025 3026 3115 3078 ὅτε
3146 3024 3447 3096 συζητοῦσι
3482 3043 3651 3080 πνευο

380 3116 549 3162 ιιοειω
593 3105 759 3160 Deum
788 3106 1185 3175 cognitionum,
1234 3108 1532 3162 ostendens
1590 3107 1762 3177 quod,
1813 3108 1960 3163 sicut

2071 3121 2319 3192 ματικῶς
2347 3121 2395 3173 oi
2422 3118 2877 3190 ἀμφιγνοοῦντες.
2901 3118 3136 3180 Γνὼσεις
3160 3119 3269 3188 γάρ
3286 3134 3430 3181 τινες
3456 3119 3550 3173 καὶ
3579 3118 3651 3172 τά

380 3196 658 3250 hominem
707 3194 1010 3265 perfectum
1068 3198 1273 3249 scimus
1297 3209 1421 3249 esse
1477 3195 1642 3250 verbo
1690 3204 1745 3249 et
1796 3211 1965 3266 opere

379 3288 764 3355 conspicuum,
787 3284 866 3338 sic
896 3294 949 3337 et
980 3282 1151 3337 Deum
1187 3297 1349 3337 nosse
1383 3284 1635 3338 convenit
1668 3285 1958 3355 dynastam

380 3386 434 3433 ct
463 3378 838 3449 cognitorem;
872 3378 1107 3428 maxime
1141 3390 1269 3429 vero
1325 3390 1488 3443 super
1520 3389 1713 3430 omnes
1770 3377 1965 3445 hujus-

384 3470 554 3536 modi,
595 3470 687 3540 qui
718 3470 842 3523 talis
897 3484 1020 3521 eum
1052 3468 1125 3523 sit
1169 3476 1225 3521 et
1283 3482 1625 3536 cognoscens
1684 3476 1737 3523 et
1777 3478 1969 3539 potens

381 3562 528 3632 quod
558 3563 612 3617 in
634 3565 785 3615 Anna
809 3561 1120 3615 iaciendum
1143 3570 1259 3615 crat
1285 3560 1409 3624 hoc,
1441 3559 1593 3614 nullo
1616 3570 1971 3630 cooperatore

384 3655 533 3711 fecit.

2070 3211 2301 3267 τοιαῦτα
2330 3210 2607 3281 θεοφιλεῖς
2629 3226 2645 3243 ο
2670 3212 2727 3262 ὲν
2751 3208 2964 3272 τούτοις
2988 3208 3046 3262 δὲ
3074 3206 3413 3278 σημειωτέον
3446 3209 3542 3261 καὶ
3565 3206 3653 3262 ὅτι

2070 3301 2262 3367 δεξιῶς
2293 3302 2389 3355 καὶ
2431 3301 2613 3369 σοφῶς
2642 3303 2672 3354 ὁ
2717 3300 2955 3371 μελῳδὸς
3001 3300 3237 3354 ἐνταῦθα
3265 3298 3538 3364 παρέθετο
3573 3296 3654 3368 τῷ

2070 3397 2307 3466 δυνάστῃ
2347 3395 2439 3447 τὸν
2487 3393 2622 3447 Θεὸν
2671 3394 2779 3446 τῶν
2804 3393 3062 3461 γνὼσεων
3105 3393 3321 3454 δεικνὺς
3350 3394 3449 3454 ὡς,
3505 3389 3654 3444 καθά

2073 3492 2166 3543 τὸν
2212 3488 2420 3542 τέλειον
2473 3486 2802 3558 ἄνθρωπον,
2851 3485 3076 3555 δόκιμον
3124 3485 3349 3555 οἴδαμεν
3384 3479 3527 3537 εῖναι
3557 3484 3654 3536 καὶ

2075 3581 2219 3650 λόγῳ
2255 3580 2348 3635 καὶ
2397 3580 2567 3651 ἔργῳ,
2610 3580 2755 3633 οὕτω
2802 3581 2893 3631 καὶ
2926 3579 3019 3631 τὸν
3050 3577 3186 3631 Θεὸν
3222 3578 3421 3631 εἰδέναι
3448 3577 3654 3648 πρέπει

2079 3675 2176 3728 καὶ
2206 3676 2477 3740 δυνάστην
2508 3673 2605 3726 καὶ
2645 3672 2893 3740 γνώστην
2914 3686 2930 3702 ·
2961 3670 3197 3742 μάλιστα
3222 3669 3278 3723 δὶ
3312 3669 3657 3741 ὕπεροχικῶς

387 3772 527 3842 ὑπὲρ
561 3771 835 3832 τοιούτους
865 3769 1136 3835 ἅπαντας,
1180 3767 1238 3832 ὃς
1269 3766 1512 3831 τοιοῦτος
1558 3767 1636 3821 ὢν
1667 3767 1761 3821 καὶ⁸
1796 3767 2083 3837 γινώσκων
2113 3771 2173 3824 τὸ
2207 3767 2303 3824 ἐπὶ
2323 3770 2389 3837 τῇ
2426 3766 2594 3836 Ἀννῃ
2630 3766 2902 3836 ποιητέον,
2972 3764 3091 3834 ἅμα
3158 3765 3214 3818 δὲ
3282 3766 3379 3819 καὶ
3431 3765 3658 3828 δυνατὸς

385 3864 482 3930 ὢν,
534 3863 788 3932 εποίησεν
847 3860 980 3913 αὐτὸ
1029 3861 1242 3924 οὐδενὸς
1296 3860 1459 3916 ἄλλου
1508 3859 1966 3931 συμπράττοντος
2004 3862 2388 3937 προσδεηθείς.

692 3954 1007 4023 Troparinm
1046 3954 1275 4022 primum
1312 3953 1477 4008 tertia:
1518 3953 1656 4008 adre.

526 4043 1095 4115 lncompreltcttsibllts
1127 4053 1209 4098 est
1231 4043 1604 4099 divinissimus
1620 4044 1973 4116 principatus.

458 4139 726 4193 Rhetores
754 4135 897 4190 enim
934 4135 1329 4189 demonstravit
1357 4135 1689 4199 illitteratos,

460 4229 606 4284 Satis
638 4228 913 4296 sephistas
956 4226 1154 4281 mutire
1189 4226 1438 4283 faciendo
1469 4243 1751 4296 sermone,

459 4321 525 4376 Et
562 4338 589 4375 a
620 4318 887 4390 profunda
921 4327 1081 4373 nocte
1104 4320 1437 4376 extrahendo

460 4416 695 4485 Populos
725 4414 967 4469 inﬁnitos
1002 4412 1178 4484 fulgur
1217 4412 1476 4484 Spiritus.

2261 3957 2595 4026 Τροπάριον
2629 3954 2865 4022 πρῶτον
2907 3953 3017 4021 τῆς
3049 3952 3254 4021 τρίτης
3295 3953 3476 4022 ᾠδῆς.

2193 4052 2256 4106 γ.
2293 4050 2570 4120 ’Ἃληπτός
2602 4051 2751 4102 ἐστιν
2781 4050 2815 4119 ἡ
2852 4047 3289 4119 θεαρχικωτάτη,

2301 4143 2538 4211 Ῥἧτρας
2568 4142 2675 4209 γὰρ
2712 4140 2941 4208 ἐξέφηνε
2970 4141 3096 4206 τοὺς
3127 4141 3549 4211 ἀγραμμάτους,

2294 4232 2450 4297 ’Ἅλις
2476 4232 2734 4300 σοφιστὰς
2775 4230 3203 4300 συστομίζοντας
3238 4234 3384 4304 λόγῳ
3407 4251 3421 4265 ·
3485 4234 3491 4238 ’

2293 4326 2403 4378 Καὶ
2433 4325 2532 4393 τῆς
2569 4324 2793 4393 βαθείας
2826 4326 3023 4386 νυκτὸς
3051 4324 3478 4395 ὲξαιρουμὲνους

2284 4418 2463 4477 Λαοὺς
2481 4418 2743 4485 ἀπείρους
2773 4415 3031 4485 ἀστραπῇ
3066 4413 3160 4466 τοῦ
3191 4412 3530 4482 Πνεύματος.

471 4510 556 4564 78.
591 4508 757 4563 Ansit
790 4509 987 4578 aliquis
1024 4509 1259 4562 fortasse
1311 4509 1397 4564 hic
1443 4510 1655 4579 pulchri
1687 4513 1869 4582 aperis
1914 4513 1960 4567 in

2152 4506 2256 4579 oq'.
2297 4509 2515 4571 Ἔστιν,
2545 4503 2716 4577 οἶμαι,
2755 4507 3026 4577 τολμῆσαί
3060 4524 3182 4560 τινα
3217 4508 3395 4559 είπεῖν
3422 4505 3661 4560 ἐνταῦθα

394 4602 678 4671 proposito
711 4601 970 4669 tropario,
1005 4616 1109 4652 non
1148 4600 1305 4668 longe
1350 4598 1565 4670 fulgens
1605 4602 1788 4659 dicere
1822 4617 1980 4659 exor-

390 4696 559 4759 dium,
582 4694 726 4764 quod
762 4692 987 4762 requirit
1015 4703 1173 4762 poeta
1221 4692 1513 4749 Thebanus
1538 4695 1975 4765 antiquissimus.

393 4786 449 4840 Si
476 4788 620 4841 enim
670 4788 722 4839 in
779 4785 972 4854 quinto
1022 4800 1181 4839 versu
1242 4784 1477 4854 positum
1529 4803 1542 4839 :
1583 4787 1841 4859 ἀστραπῇ
1884 4789 1979 4842 τοῦ

395 4877 713 4946 Πνεύματος
739 4892 843 4929 non
872 4884 958 4930 est
985 4874 1037 4928 in
1066 4875 1267 4940 dativo,
1298 4874 1393 4929 sed
1419 4875 1757 4931 nominativo
1783 4879 1982 4932 desinit

390 4971 646 5038 ἀστραπή
674 4969 1001 5038 ordinatque
1042 4968 1123 5023 sic
1174 4968 1375 5038 aliquis
1408 4972 1726 5040 syntaxim:
1769 4972 1981 5027 Incom-

392 5062 780 5132 prehensihilis
811 5071 894 5117 est
927 5061 1167 5130 Spiritus
1192 5060 1393 5130 fulgor,
1428 5077 1537 5117 non
1565 5061 1718 5117 valde
1771 5063 1978 5119 laudari

396 5164 586 5226 posset
613 5157 681 5211 ob
708 5167 1010 5212 extremam
1044 5158 1435 5221 inversionem,
1463 5165 1518 5212 et
1548 5158 1694 5213 hanc
1729 5158 1809 5213 uti
1846 5160 1973 5227 quis

396 5249 659 5303 audacius
684 5250 1019 5318 loqueretur,
1081 5258 1194 5302 toto
1244 5247 1385 5303 ccelo
1428 5249 1618 5317 procul
1661 5249 1979 5305 distantiam

397 5339 693 5410 sivejuxta
749 5339 1090 5393 altitudinem
1117 5339 1239 5394 coeli
1274 5355 1437 5410 supra
1485 5349 1708 5406 terram,
1743 5351 1838 5396 aut
1872 5344 1980 5396 sal-

399 5441 504 5483 tem
524 5441 790 5498 quantum
817 5430 884 5484 de
914 5444 1079 5498 supra
1109 5431 1261 5488 cerni
1304 5440 1526 5499 possunt
1556 5447 1677 5500 quae
1702 5434 1804 5486 suh
1837 5444 1979 5486 terra

398 5532 551 5586 sunt,
587 5531 682 5574 ant
713 5524 767 5573 in
804 5521 1126 5590 profundum
1157 5524 1401 5592 dentergi
1459 5535 1638 5593 potest
1668 5542 1682 5578 :
1746 5540 1982 5594 namque

398 5612 675 5667 transiens
695 5613 857 5667 homo
882 5612 1114 5682 simplex
1142 5622 1195 5668 et
1224 5615 1392 5679 iners,
1414 5615 1599 5670 audito
1630 5633 1641 5667 :
1666 5613 1981 5687 lncnmpre-

395 5701 680 5757 hensihilis
712 5712 794 5756 cst
823 5704 1185 5770 divinissima,
1217 5708 1398 5759 statim
1434 5707 1745 5777 perspicere
1809 5723 1978 5762 cona-

396 5800 487 5847 tur
537 5808 785 5864 quaznam
852 5798 923 5851 sit
961 5800 1084 5863 ista,
1123 5806 1177 5852 et
1210 5809 1335 5852 eum
1393 5798 1549 5854 lzedet
1607 5814 1703 5869 per
1753 5800 1975 5871 longum

2084 4601 2247 4671 ἔργου
2272 4600 2441 4654 κοιλοῦ
2474 4599 2568 4654 τοῦ
2591 4601 2733 4653 κατά
2758 4599 2818 4651 τὸ
2842 4599 3066 4652 ἐκτεθὲν
3090 4599 3388 4670 τροπάριον
3415 4599 3491 4671 μὴ
3518 4600 3662 4652 πάνυ

2083 4694 2357 4765 τηλαυγὲς
2387 4696 2700 4764 πρόσωπον,
2729 4694 2757 4747 ὃ
2790 4693 2852 4762 δὴ
2878 4695 3103 4747 ἀπαιτεῖ
3129 4694 3156 4747 ὁ
3187 4691 3440 4763 Θήϐηθεν
3470 4692 3665 4745 παλαί-

2082 4805 2242 4851 τατος
2278 4788 2541 4858 λυρῳδός.
2590 4787 2653 4840 Εἰ
2688 4787 2788 4857 μὲν
2827 4787 2936 4857 γὰρ
2969 4788 3026 4841 ὲν
3075 4786 3152 4857 τῷ
3208 4787 3456 4855 πέμπτῳ
3495 4784 3667 4853 στίχῳ

2085 4879 2340 4950 κείμενον
2370 4879 2431 4932 τὸ
2454 4881 2708 4950 ἀστραπῇ
2734 4876 2829 4933 τοῦ
2855 4878 3176 4948 Πνεύματος
3197 4879 3298 4931 οὐκ
3320 4878 3433 4931 ἔστι
3453 4876 3669 4945 δοτικὴ,

2085 4971 2223 5024 ἀλλά
2253 4971 2373 5024 κατ’
2400 4970 2532 5023 εὐθὺ
2566 4970 2856 5024 πέπτωκεν
2889 4972 2920 5040 ἠ
2961 4970 3244 5040 ἀστραπὴ,
3279 4969 3373 5023 καὶ
3413 4966 3670 5032 συντάξει

2083 5082 2166 5127 τις
2195 5065 2277 5118 ὅτι
2306 5064 2550 5135 ἄληπτός
2580 5065 2730 5115 ἐστιν
2762 5063 2795 5131 ἡ
2831 5062 3247 5134 θεαρχικωτάτη
3281 5063 3539 5132 ἀστραπὴ
3572 5061 3668 5115 τοῦ

2085 5157 2425 5225 Πνεύματος,
2461 5158 2563 5211 οὐκ
2587 5159 2652 5210 ἃν
2688 5157 2833 5227 μάλα
2861 5155 3140 5210 ἐπαινοῖτό
3176 5173 3259 5220 τις
3291 5157 3469 5225 ἄκρας
3498 5154 3670 5222 ὑπερ-

2084 5249 2318 5317 6ἀσεως,
2353 5252 2448 5303 καὶ
2478 5250 2578 5318 τῆς
2605 5250 2680 5313 ὡς
2710 5250 2775 5302 ἄν
2804 5266 2885 5311 τις
2911 5247 3315 5318 τολμηρότερον
3341 5243 3667 5314 ὑπερϐάλοι,

2082 5341 2208 5395 ὅσον
2237 5341 2467 5411 οὐρανός
2502 5340 2616 5394 ἐστ’
2667 5343 2774 5395 ἀπὸ
2822 5341 3007 5405 γαίας,
3054 5338 3411 5403 διαστάσεως,
3446 5339 3480 5408 ἢ
3525 5337 3668 5391 κατά

2085 5434 2220 5506 ὕψος
2254 5434 2490 5504 ούρανοῦ
2544 5434 2651 5486 ἀπὸ
2704 5433 2828 5502 γῆς,
2879 5432 2913 5503 ἢ
2963 5430 3093 5497 γοῦν
3144 5431 3281 5484 ἀλλά
3327 5433 3384 5492 ὲς
3432 5430 3559 5481 ὅσον
3608 5426 3669 5491 ἐξ

2087 5526 2339 5598 ὑπερῴου
2373 5527 2433 5579 τὸ
2473 5527 2577 5579 ὑπὸ
2623 5526 2728 5594 γῆν
2767 5527 2917 5587 ἰδεῖν,
2954 5525 2987 5596 ἦ
3037 5522 3527 5593 κατακολυμϐῆσαι
3574 5521 3670 5588 βύ-

2091 5621 2226 5672 θιον.
2274 5618 2333 5671 Ὁ
2366 5618 2475 5688 γὰρ
2511 5619 2611 5687 τῆς
2662 5619 2896 5688 παρόδου
2945 5617 3234 5685 ἄνθρωπος
3284 5617 3313 5667 ὁ
3353 5615 3670 5683 ἀπράγμων

2090 5712 2186 5763 καὶ
2218 5710 2721 5780 ἁφελὴς,,ἁκούσας
2750 5708 2824 5768 ὡς
2848 5709 3090 5778 ἄληπτός
3119 5709 3327 5779 ἐστινὴ
3362 5706 3672 5777 θεαρχικω-

2094 5802 2234 5871 τάτη
2266 5802 2466 5855 αὐτίκα
2509 5802 2639 5857 ἰδεῖν
2672 5801 3007 5870 ὲντρανίζει,
3042 5801 3137 5855 καὶ
3172 5801 3253 5864 τίς
3285 5800 3468 5867 ἐκείνη
3501 5795 3660 5861 ani;
