4050 6436
419 409 523 477 593

1252 411 1338 474 ΙΝ
1366 410 1702 475 HYMNUM
1739 413 2397 479 PENTECOSTALEM
2435 418 2898 481 DAMASCENI.

3580 415 3686 479 594

421 518 517 573 καὶ
564 515 718 572 ὀκνεῖ
740 518 1033 590 ἀναμένειν
1076 522 1176 579 ἐπὶ
1221 524 1436 596 μακρὸν
1459 525 1557 597 τὴν
1582 526 1839 580 ἀπόδοσιν
1858 567 1874 594 ,
1909 529 2005 583 καὶ
2033 579 2034 585 η

2119 535 2519 604 explicationem
2549 543 2870 605 exspectare
2888 534 2990 606 (1).
3012 531 3070 588 Si
3099 545 3226 589 vero
3248 530 3375 601 quis
3392 530 3536 587 aliud
3556 530 3688 603 quid

421 610 567 666 οὕτω
609 612 713 682 μὲν
742 613 844 668 οὐκ
875 615 1151 671 ἀναπαύει
1198 617 1370 688 ἀκοὴν
1403 619 1466 671 τὸ
1495 619 1712 691 μακρὸν
1758 620 2000 691 ὑπερϐα-

421 704 532 757 τόν.
594 706 656 759 El
683 706 741 761 δέ
789 722 844 760 τι
901 708 1033 763 ἄλλο
1071 710 1257 780 νοήσει
1310 728 1397 775 τις
1434 712 1545 766 ἀπὸ
1584 713 1771 766 κοινοῦ
1818 712 2002 767 λαϐὼν

422 799 595 865 ὄνομα
626 802 769 855 κατὰ
810 801 1105 871 συνήθειαν
1138 804 1400 869 παλαιὰν,
1433 806 1573 861 ἀλλὰ
1602 806 1765 860 τοῦτο
1801 806 2001 872 ξενίσει

424 890 517 943 τὸν
543 892 618 960 μὴ
651 892 914 961 ἑντριϐῶς
930 893 1282 966 ἀκροώμενον
1299 913 1317 931 ⁸
1341 898 1485 967 τάχα
1512 898 1620 968 γὰρ
1649 897 1802 951 ἔσται
1827 899 2006 953 εἰπεῖν

423 983 508 1036 ὅτι
534 982 789 1054 καθάπερ
824 986 888 1038 ὲκ
914 986 1010 1039 τοῦ
1047 987 1358 1057 βασιλεύειν
1410 991 1659 1061 ῥήματος
1699 990 1852 1053 ὄντος
1907 991 2002 1044 εὖ·

429 1073 590 1142 ρηταί
635 1090 738 1126 που
769 1073 1064 1143 ἑλκόμενον
1096 1077 1240 1131 κατά
1270 1078 1455 1133 κοινοῦ
1484 1080 1652 1150 ὄνομα
1683 1079 1746 1134 τδ
1783 1083 1810 1134 ὁ
1848 1080 2005 1150 βασι-

425 1164 577 1243 λεὺς,
629 1164 664 1236 ἢ
717 1167 746 1218 ὁ
786 1165 1089 1235 βασιλεύων
1139 1170 1196 1221 ὲν
1225 1170 1323 1239 τῷ,
1360 1172 1422 1224 οὐ
1462 1171 1562 1237 μὲν
1601 1172 1710 1244 γάρ
1752 1191 1806 1227 τι
1835 1178 2004 1229 κακον

431 1257 802 1329 βασιλευέμεν
832 1255 971 1330 αἶψά
998 1262 1059 1315 τέ
1097 1263 1168 1325 oi,
1195 1261 1366 1333 ἤγουν
1396 1264 1457 1316 ὲν
1497 1262 1575 1333 τῷ
1600 1263 1816 1333 βασιλεί
1867 1264 2008 1332 δῶμ’

428 1352 651 1420 ἀφνειὸν
695 1354 957 1408 πέλεται’
993 1354 1258 1419 ὡσαύτως
1303 1355 1360 1409 δὲ
1410 1356 1507 1409 καὶ
1553 1356 1613 1409 ὲν
1660 1356 1738 1425 τῷ
1775 1357 2004 1412 δικάσω.

440 1443 607 1498 Ἰθετα
653 1445 711 1499 δὲ
740 1445 897 1500 ἔσται
944 1449 976 1518 ἡ
1033 1450 1097 1502 ἐκ
1142 1447 1239 1502 τοῦ
1270 1448 1479 1503 δικάσω
1530 1449 1732 1519 δηλαδὴ
1764 1450 2008 1505 ὑπακου-

433 1536 624 1590 σθεῖσα
653 1536 802 1608 δίκη,
843 1536 987 1593 οὕτω
1013 1540 1293 1595 κάνταῦθα
1332 1542 1395 1594 ὲκ
1425 1541 1521 1597 τοῦ
1560 1541 1793 1612 ἐξέφηνε
1818 1543 2004 1613 ῥήμαο

2102 627 2806 698 cogitet,communijuxta
2855 641 3066 682 morem
3117 625 3401 696 antiquam
3461 607 3681 691 sumpto

2103 721 2345 787 nomine,
2372 730 2426 775 at
2450 721 2595 777 istud
2632 721 2935 776 auditorem
2968 734 3079 774 non
3104 726 3352 775 asuetum
3373 714 3687 774 confundit.

2106 811 2269 867 Forte
2291 827 2524 882 namque
2550 812 2656 867 dici
2686 813 2887 882 poterit
2916 812 3083 883 quod,
3118 809 3583 880 quemadmodum
3607 824 3675 863 ex

2104 916 2353 970 regnare,
2384 901 2527 971 quod
2563 910 2649 957 est
2676 902 2924 966 verbum,
2947 901 3226 956 inventum
3253 910 3337 957 est
3373 900 3682 956 derivatum

2103 1006 2397 1047 commune
2425 1006 2624 1045 nomen
2643 1006 2759 1056 rex,
2781 990 2864 1046 vel
2889 990 2978 1060 qui
3002 999 3213 1060 regnat.
3245 990 3297 1043 in
3329 991 3431 1045 hoc
3463 1006 3477 1043 :
3511 1007 3529 1041 ι
3561 986 3679 1042 Νοιι

2103 1083 2248 1137 enim
2283 1083 2486 1150 aliquid
2507 1083 2708 1137 malum
2732 1093 2812 1140 est
2845 1098 3094 1152 regnare,
3151 1090 3205 1137 et
3262 1082 3377 1137 sive
3427 1083 3483 1137 in
3523 1081 3627 1136 hoc
3660 1098 3676 1136 :

2105 1174 2237 1243 Regi
2267 1174 2447 1229 nobile
2466 1174 2725 1244 palatium
2754 1183 2869 1240 est;
2903 1174 2977 1228 ita
3019 1174 3181 1231 etiam
3214 1174 3267 1227 in
3297 1174 3463 1227 verbo
3497 1190 3511 1228 :
3537 1170 3691 1227 Jndi-

2105 1268 2263 1324 cabo.
2282 1266 2509 1321 Rectum
2529 1281 2659 1321 vero
2677 1265 2862 1321 eritex
2879 1266 3158 1339 judicabo,
3183 1264 3535 1320 subauditttm
3561 1280 3695 1320 sane

2109 1359 2400 1431 judicium,
2429 1360 2509 1415 sic
2540 1367 2594 1414 et
2641 1357 2717 1413 ibi
2772 1374 2838 1413 ex
2901 1357 3070 1413 verbo
3130 1356 3391 1426 ἐξέφηνε
3451 1357 3695 1413 occurrit

2113 1448 2303 1513 menti,
2345 1448 2487 1518 quod
2521 1447 3094 1519 incomprehensibilis
3135 1458 3218 1503 est
3263 1446 3526 1516 ἐκφανσις
3571 1461 3695 1517 quae

2109 1539 2418 1597 illitteratos
2446 1539 2680 1596 reddidit
2701 1549 2965 1595 oratores.

426 1641 520 1687 τος
579 1627 967 1695 παρεισδύεται
1017 1634 1084 1702 τῇ
1143 1632 1338 1704 ἐννοίᾳ,
1388 1634 1470 1688 ὅτι
1536 1633 1777 1705 ἄληπτός
1851 1636 1969 1690 ἐστι
2025 1634 2290 1704 ἔκφανσις
2343 1635 2377 1703 ἡ
2435 1634 2675 1705 ῥήτορας
2733 1632 2861 1694 τοὺς
2915 1629 3318 1700 ἀγραμμάτους
3380 1629 3689 1700 ἐκφήνασα.

505 1718 616 1812 ον.
637 1719 794 1775 Εἴποι
817 1721 863 1775 δ’
895 1724 961 1778 ἀν
997 1741 1078 1788 τις
1106 1727 1308 1796 ὁμοίως
1342 1728 1673 1800 βιασάμενος
1712 1734 1807 1786 καὶ
1838 1734 1916 1797 ὡς
1944 1733 2008 1787 ὲκ

2196 1734 2284 1789 79.
2315 1732 2579 1789 Similiter
2605 1741 2782 1786 autem
2814 1729 3017 1799 aliquis
3046 1728 3229 1784 dicere
3280 1735 3481 1807 posset,
3548 1729 3693 1797 quod

429 1809 528 1865 τοῦ
585 1811 833 1883 ἄληπτος
884 1816 1256 1887 ὑπονοηθῆναι
1309 1821 1535 1875 δύναται
1584 1825 1846 1892 ἀσφαλῶς
1895 1827 2004 1881 ἀπδ

2119 1840 2178 1881 ex
2204 1820 2907 1897 voeeincomprehensib‘ilt's
2959 1828 3078 1894 tuto
3128 1818 3463 1897 subintelligi
3513 1826 3695 1889 potest

428 1900 617 1956 κοινοῦ
657 1905 690 1973 ἡ
724 1902 887 1974 λῆψις
914 1908 947 1974 ἠ
978 1906 1421 1980 θεαρχικωτάτη,
1460 1912 1527 1982 ἦν
1554 1913 1754 1984 δηλαδὴ
1793 1906 2007 1986 λαμϐά-

430 2006 598 2061 νομεν
632 1991 729 2046 καὶ
753 1992 830 2056 ὡς
857 1994 1056 2065 λῆμμα
1083 1997 1426 2061 ἐνδοξότατον
1459 2002 1509 2054 οἱ
1538 2003 1882 2074 Χριστιανοὶ,
1912 2006 2007 2060 καὶ

430 2083 729 2152 πάγκοινον
807 2085 986 2156 δόγμα
1056 2088 1291 2158 ἔχομεν’
1388 2092 1837 2165 θεαρχικωτάτην
1910 2097 2008 2151 καὶ

431 2175 838 2246 παρειληφότες
872 2180 967 2232 καὶ
1001 2179 1366 2249 φυλάσσοντες
1396 2184 1495 2255 τὴν
1521 2186 1810 2258 τριαδικὴν
1842 2189 1900 2242 ὲν
1925 2190 2009 2244 ἑνὶ

432 2265 555 2337 Θεῷ
587 2269 913 2339 ὑπερούσιον
942 2271 1204 2337 ’ἐξουσίαν
1237 2273 1335 2345 τὴν
1361 2276 1824 2345 τρισυπόστατον·
1883 2279 2010 2350 ἥτις

430 2360 596 2431 λῆψις
628 2362 806 2416 εῖτουν
832 2363 970 2432 λαϐὴ
1018 2365 1115 2419 καὶ
1144 2365 1454 2439 κατάληψις
1503 2370 1676 2441 ἑτέρῳ
1707 2371 1851 2442 λόγῳ
1879 2370 2013 2444 άλη-

432 2455 566 2518 πτός
595 2456 766 2522 ἐστιν,
799 2458 923 2511 ἐπεὶ
953 2460 1054 2514 καὶ
1082 2459 1241 2515 τοῦτο
1285 2462 1447 2532 μόνον
1492 2463 1666 2535 αὐτῆς
1709 2464 1940 2537 ληπτὸν,
1973 2467 2007 2539 ἡ

434 2547 789 2618 ἀκαταληψία
824 2552 967 2605 κατὰ
987 2552 1079 2607 τὸν
1111 2552 1256 2608 οὕτω
1284 2554 1749 2627 φιλοσοφήσαντα.
1777 2558 2012 2613 Δύναται

432 2640 492 2695 δὲ
532 2642 630 2696 καὶ
663 2645 730 2697 ὲκ
757 2643 854 2697 τοῦ
888 2645 1306 2720 θεαρχικωτάτη
1341 2650 1797 2722 παρελκυσθῆναι
1819 2653 1852 2722 ἡ
1878 2670 2014 2707 κατ-

435 2730 685 2802 ἀρχουσα
714 2734 811 2788 τοῦ
844 2737 1092 2792 τοιούτου
1136 2738 1404 2809 ὀνόματος
1438 2740 1690 2813 θεαρχία,
1732 2745 1827 2797 καὶ
1872 2743 2013 2797 ἀπο-

435 2826 654 2882 τελέσαι
702 2829 964 2897 ἀσφαλῶς
995 2831 1088 2885 καὶ
1131 2832 1311 2903 ὀρθῶς
1353 2832 1547 2902 ὁμοίαν
1582 2833 1853 2901 σύνταξιν.
1886 2835 2015 2890 Είτε

435 2921 619 2976 τοίνυν
652 2924 796 2979 κατά
846 2925 942 2979 τὸν
989 2925 1211 2996 πρῶτον
1255 2926 1418 2996 λόγον
1463 2926 1557 2981 τὸν
1607 2927 1747 2982 κατά
1802 2930 2017 3002 μακρὸν

441 3014 754 3083 ὑπερϐατὸν
788 3019 974 3088 σχῆμα
1003 3018 1104 3090 τὴν
1141 3020 1455 3090 φραστικὴν
1495 3020 1651 3087 τάξιν
1683 3020 1779 3074 τοῦ
1810 3039 2018 3092 τροπα-

2106 1914 2324 1970 nomine
2341 1892 2619 1969 communi
2647 1892 3013 1981 apprehensio
3085 1892 3509 1981 θεαργξικωτάτη
3528 1923 3692 1980 quam

2107 2015 2256 2061 certe
2285 2014 2548 2074 tanquam
2603 2002 2806 2058 lemma
2861 2002 3278 2058 celeberrimum
3339 2016 3440 2057 nos
3502 2015 3696 2072 appre-

2108 2092 2398 2153 hendimns
2427 2095 2750 2163 Christiani,
2791 2103 2846 2151 et
2865 2091 3377 2152 communissimum
3429 2092 3693 2148 habemus

2109 2192 2302 2262 dogma
2328 2189 2434 2262 (2);
2461 2204 2584 2261 quae
2611 2189 3000 2260 apprehensio,
3018 2187 3133 2243 sive
3146 2185 3415 2255 acceptio,
3439 2185 3547 2246 vel.
3570 2184 3693 2241 aliis

2107 2283 2295 2340 verbis
2322 2282 2766 2354 comprehensio,
2799 2278 3372 2349 incomprehensibilis
3391 2286 3496 2344 est,
3519 2276 3692 2347 siqui-

2110 2374 2258 2438 dem,
2292 2374 2593 2431 secundum
2647 2388 2773 2430 eum
2804 2373 2896 2442 qui
2944 2373 3025 2429 sic
3091 2372 3531 2443 philos0phatur,
3588 2372 3694 2425 hoc

2112 2466 2290 2522 solum
2327 2466 2486 2523 istius
2513 2474 2600 2521 est
2622 2464 3132 2536 comprehensibile,
3185 2465 3333 2533 quod
3378 2463 3693 2531 incompre-

2112 2556 2398 2613 hensibilis
2422 2567 2525 2613 est.
2548 2554 2737 2612 Potest
2781 2565 2959 2612 autem
2983 2558 3146 2611 etiam
3179 2571 3242 2610 ex
3267 2554 3690 2627 θεαρχικωτάτη

2112 2648 2351 2706 derivari
2405 2666 2514 2707 vox
2562 2666 2687 2721 quae
2732 2658 2929 2720 praeest
2987 2649 3114 2704 huic
3176 2649 3384 2704 nomini
3437 2646 3690 2718 θεαρχία,

2113 2741 2495 2812 complereqne
2523 2751 2639 2797 tuto
2667 2749 2925 2812 recteque
2962 2740 3194 2797 similem
3242 2739 3541 2811 syntaxim.
3571 2735 3698 2793 Sive

2116 2845 2247 2898 ergo
2263 2831 2419 2896 juxta
2445 2832 2679 2902 primum
2711 2832 2958 2896 modum,
2983 2831 3049 2886 de
3091 2832 3250 2904 longa
3278 2831 3488 2889 scilicet
3516 2831 3698 2886 inver-

2122 2923 2299 2987 sione,
2351 2922 2569 2977 ordinat
2615 2923 2742 2993 quis
2786 2923 3141 2979 elocutoriam
3205 2923 3481 2995 syntaxim
3524 2931 3702 2991 tropa-

2118 3015 2190 3069 rii
2216 3017 2331 3070 sive
2362 3015 2514 3083 iuxta
2558 3026 2669 3072 tres
2690 3016 2849 3079 alios,
2883 3015 3197 3070 derivantes
3249 3015 3303 3069 in
3358 3015 3699 3069 nominativo

440 3106 562 3175 ρίου
595 3108 911 3176 μεθοδεύσει
942 3126 1051 3176 τις,
1083 3112 1195 3165 εἴτε
1225 3128 1368 3167 κατα
1398 3112 1525 3175 τοὺς
1565 3114 1713 3183 τρεῖς
1739 3116 1868 3176 τοὺς
1897 3113 2006 3167 ἀπὸ

2123 3108 2444 3162 femininum
2471 3122 2874 3176 communeque
2900 3122 3123 3170 nomen,
3142 3122 3254 3175 quo
3306 3106 3700 3161 subintellecto

439 3196 625 3251 κοινοῦ
660 3199 1091 3270 ἑρανισαμένους
1117 3199 1352 3271 θηλυκὸν
1381 3199 1512 3254 εὐθὺ
1546 3201 1738 3271 ὄνομα,
1779 3192 1839 3253 οὖ
1876 3200 2008 3254 ύπο-

441 3287 726 3360 νοηθέντος
765 3289 951 3361 δοτικὴ
984 3292 1136 3362 μένει
1164 3291 1223 3345 τὸ
1257 3292 1513 3362 ἀστραπῇ
1546 3290 1640 3345 τοῦ
1670 3290 2009 3362 Πνεύματος.

357 3414 363 3421 ›
444 3379 700 3435 σύννοιαν
727 3382 788 3436 τὺ
830 3382 1126 3453 πρόσωπον
1171 3383 1266 3437 τοῦ
1312 3383 1682 3453 προκειμένου
1713 3382 2012 3454 μελῳδικοῦ

442 3474 608 3543 ἔργου
629 3476 851 3547 ἐμποιεῖ
877 3475 956 3544 τῷ
974 3477 1441 3546 περιτυγχάνοντι
1467 3514 1482 3539 ,
1537 3474 1634 3528 καὶ
1671 3475 1770 3544 τὴν
1801 3474 1926 3544 δψιν
1954 3477 2011 3540 ἐς

443 3566 578 3622 αὐτὸ
593 3567 974 3639 ὲπιῤῥίπτοντι
990 3584 1006 3600 ·
1039 3569 1405 3641 ὲπικρινέσθω
1425 3563 1519 3623 οὖν
1544 3568 1623 3638 τῷ
1654 3568 2007 3637 φιλοθεάμονι

444 3671 624 3722 ὁποῖον
656 3664 937 3733 βούλεται·
974 3656 1130 3732 οἶμαι
1175 3661 1234 3715 δὲ
1265 3660 1341 3725 ὡς
1376 3661 1405 3714 ό
1437 3659 1652 3730 πρῶτος
1688 3660 1909 3731 ἀρέσκοι
1941 3658 2007 3712 ἂν

444 3761 603 3829 λόγος
635 3757 725 3812 διὰ
757 3755 818 3809 sb
845 3754 1141 3826 προφανῶς
1170 3753 1455 3825 ἀόχλητον.

517 3860 592 3909 π’.
635 3854 758 3924 Ἐφ’
786 3850 847 3908 οὗ
875 3851 970 3906 καὶ
1001 3848 1308 3920 θεωρητέον
1340 3848 1442 3918 τὴν
1470 3848 1610 3904 κατά
1633 3848 1695 3902 τὸ
1723 3846 2024 3919 τροπάριον

449 3948 659 4001 ἔννοιαν
725 3943 1062 4015 βουλομένην
1115 3940 1297 4011 λέγειν
1360 3940 1445 3994 ὅτι
1498 3940 1532 4011 ἡ
1607 3939 2022 4010 θεαρχικωτάτη

449 4036 706 4111 ἀστραπὴ
739 4036 834 4091 τοῦ
868 4033 1185 4105 Πνεύματος
1225 4031 1464 4104 ἄληπτός
1493 4032 1662 4097 ἐστιν,
1704 4032 1844 4099 ὅπερ
1873 4029 2020 4082 ἐστὶν

449 4130 860 4201 ἀκατάληπτος,
891 4126 1286 4196 ἀκατανόητος,
1320 4126 1398 4195 μὴ
1443 4123 1779 4193 ὑποκειμένη
1807 4122 2023 4186 λαϐαῖς,

449 4226 479 4279 ὅ
511 4227 658 4278 ἐστιν
703 4224 892 4291 ἁφαῖς,
927 4219 1121 4290 ὥσπερ
1152 4219 1216 4271 οὐ
1260 4218 1384 4281 ταῖς
1433 4216 1579 4270 κατὰ
1627 4216 1810 4283 σῶμα,
1850 4213 2025 4275 οὕτως

450 4317 573 4371 οὐδὲ
623 4314 769 4372 κατά
831 4312 975 4369 νοῦν.
1035 4312 1100 4367 Et
1151 4310 1225 4381 μὴ
1280 4309 1392 4380 ἀρα
1437 4310 1646 4371 ἐκεῖνος
1696 4306 2025 4376 ἓλλάμποιτο

453 4412 614 4480 φλογὶ
644 4407 937 4478 ἀγγελικῇ,
965 4405 1041 4470 ὡς
1071 4404 1214 4476 ἔχειν
1240 4401 1387 4456 οὕτω
1412 4401 1674 4455 λαϐέσθαι
1703 4400 1898 4469 πυρὸς,
1930 4401 2027 4454 καὶ

454 4501 598 4573 φωτὶ
630 4500 748 4570 φῶς
777 4495 1218 4570 προλαμϐάνειν,
1247 4494 1343 4548 καί⁵
1386 4493 1463 4562 τῷ
1508 4493 1616 4547 τῶν
1656 4491 1852 4560 φώτων
1881 4490 2026 4544 οὕτω

454 4591 857 4664 προσπελάζειν
891 4587 1069 4659 Πατρὶ
1101 4586 1178 4657 τῷ
1214 4584 1438 4657 μεγάλῳ
1473 4574 1627 4655 Θὲῷο
1659 4583 1825 4637 πόθεν
1868 4582 2028 4635 τοῦτο

2117 3200 2333 3255 dativus
2361 3206 2545 3254 manet
2601 3199 2861 3271 ἀστραπῇ
2913 3197 3170 3268 Spiritus,
3235 3196 3390 3252 frons
3439 3199 3702 3269 propositi

2118 3292 2301 3362 operis
2334 3293 2583 3349 melodici
2612 3308 2834 3349 sensum
2856 3301 3073 3364 praestat
3095 3291 3403 3348 occurrenti
3434 3299 3490 3345 et
3511 3291 3703 3346 oculos

2121 3385 2173 3438 in
2199 3384 2376 3453 ipsum
2399 3385 2684 3455 injicieuti.
2700 3383 3000 3443 Discrimen
3028 3385 3191 3454 igitur
3214 3384 3287 3441 sit
3302 3383 3518 3439 curioso
3537 3383 3713 3452 quod-

2116 3475 2267 3531 libet.
2293 3477 2728 3546 Equident’puto
2768 3476 2914 3547 quod
2940 3476 3150 3546 primus
3182 3473 3459 3531 sufﬁceret
3484 3471 3705 3535 modus,

2127 3569 2255 3639 quia
2284 3569 2573 3626 manifeste
2602 3584 2709 3626 non
2742 3567 2897 3625 aﬂ'ert
2935 3567 3332 3623 difficultatem.

2191 3841 2283 3898 80.
2313 3841 2489 3913 Super
2523 3842 2629 3897 hoc
2668 3842 2832 3896 etiam
2874 3837 3332 3895 considerandum
3368 3846 3451 3892 est
3473 3837 3703 3902 troparii

2122 3935 2449 3991 sententiam
2501 3949 2625 4002 qua:
2650 3931 2831 3988 dicere
2857 3930 2975 3985 vult
3001 3929 3147 3997 quod
3203 3927 3550 3982 divinissima
3603 3927 3715 3981 ful-

2122 4027 2339 4099 guratio
2361 4025 2603 4095 Spiritus
2629 4020 3205 4092 incomprehensibilis
3226 4028 3327 4086 est,
3351 4033 3545 4088 nempe
3561 4018 3718 4086 inap-

2121 4119 2913 4194 prehensibilis.impercepta,
2943 4130 3054 4169 non
3106 4113 3349 4184 subjecta
3399 4112 3713 4179 conceptni,

2129 4216 2182 4271 id
2204 4223 2305 4281 est,
2338 4214 2507 4268 tactui
2556 4222 2614 4267 ut
2637 4209 2989 4279 incorporeis
3021 4209 3101 4263 sic
3124 4218 3298 4274 neque
3318 4205 3715 4275 spiritualihns.

2130 4306 2248 4365 Nisi
2284 4307 2451 4379 igitur
2484 4305 2712 4376 spiritus
2751 4304 2856 4359 iste
2913 4301 3133 4356 ﬂamma
3187 4299 3394 4353 luceret
3449 4296 3731 4366 angelica,

2129 4402 2205 4457 ita
2277 4409 2336 4456 ut
2407 4407 2592 4469 posset
2658 4397 2837 4467 ignem
2897 4386 3322 4465 apprchendere,
3403 4390 3718 4457 lumineque

2129 4497 2313 4551 lumen
2367 4506 2672 4554 assumere,
2722 4498 2778 4543 et
2850 4487 2931 4543 sic
3010 4484 3155 4541 Patri
3231 4484 3519 4547 luminum,
3603 4495 3722 4534 ma-

2131 4602 2238 4658 gno
2265 4587 2394 4651 Deo,
2445 4583 2834 4651 propinquare,
2869 4580 3013 4634 unde
3039 4579 3141 4632 hoc
3167 4576 3308 4631 foret
3336 4571 3726 4628 manifestum?

453 4640 797 4755 δξλοννζηῖέ
1015 4640 1082 4749 δὴ
1111 4640 1488 4748 τοῦισημερον
1522 4640 1799 4745 θάύματος
1821 4690 1835 4706 ο
1866 4676 2029 4744 ῥητο-

2133 4640 2350 4746 ἓχὶρεο
2381 4640 2685 4743 hujus-diei
2711 4640 2978 4739 prodigio.
3023 4668 3283 4723 Protinus
3334 4665 3480 4719 enim
3545 4670 3724 4717 orato—

458 4778 629 4849 ρικῶς
664 4780 775 4844 γὰρ
824 4773 1026 4829 αὐτίκα
1054 4772 1111 4825 δὲ
1163 4769 1260 4824 καὶ
1293 4768 1602 4840 φιλοσόφως
1633 4768 1758 4830 τοὺς
1809 4767 2032 4837 ἀγραμ-

459 4860 662 4940 μάτους
693 4867 976 4936 ὲστόμωσε
1021 4863 1293 4934 μαθητάς,
1327 4861 1422 4914 καὶ
1448 4860 1693 4930 ἀχρόνως
1729 4859 1825 4914 καὶ¹
1852 4857 1928 4922 ὡς
1972 4861 2031 4912 ὲν

455 4961 645 5031 ἀτόμῳ
678 4960 875 5028 σοφοὺς
903 4956 1166 5025 ἐξέφηνεν
1192 4954 1337 5019 ἅλις,
1371 4953 1510 5022 ὅπερ
1534 4953 1684 5005 ἐστὶν
1714 4952 2028 5020 αὐτάρκως,

456 5055 582 5116 τοὺς
616 5051 830 5113 ἰδιώτας
880 5046 1309 5116 συστομίζοντας
1343 5042 1423 5113 τῷ
1461 5042 1650 5112 οἰκείῳ
1679 5041 1842 5111 λόγῳ,
1874 5057 2031 5092 τουτ-

459 5147 612 5200 έστιν
640 5147 699 5200 ὲν
733 5142 810 5211 τῷ
855 5140 1196 5211 ἐμφράττειν
1242 5129 1319 5191 τά
1358 5135 1536 5206 χείλη,
1571 5132 2041 5203 ἐπιστομίζοντας

460 5232 521 5284 τὸ
546 5231 680 5302 παρ’
711 5228 940 5299 Ἕλλησι
977 5217 1288 5295 σοφιστικδν
1313 5225 1498 5292 φῦλον,
1533 5223 1629 5278 καὶ
1659 5222 1736 5294 τῷ
1762 5225 1857 5289 τῆς
1883 5221 2034 5285 θείας

460 5323 813 5384 διδασκαλίας
866 5321 1299 5391 ὲξαστράπτοντι
1356 5320 1536 5386 φωτὶ,
1596 5315 1896 5383 ἐξάγοντας
1939 5314 2035 5367 τοῦ

462 5415 605 5469 κατὰ
622 5414 733 5483 »τὴν
763 5411 1038 5481 ἀγνωσίαν
1064 5410 1232 5477 ζόφου
1260 5409 1552 5478 νυκτέρου*
1582 5409 1719 5477 ὅπερ
1754 5409 2038 5478 ἐνέργημα

465 5509 683 5570 πάντως
707 5505 1096 5576 ἀκατάληπτον
1123 5502 1483 5571 ὁμολογηθείη
1521 5498 1613 5555 ἀ).

537 5598 649 5655 πα’.
686 5596 1116 5666 Καθεσταμένης
1166 5593 1224 5647 δὲ
1268 5588 1367 5647 ὦδε
1397 5594 1494 5663 τῆς
1534 5592 1765 5659 ἑννοίας,
1806 5592 1875 5645 τά
1902 5593 2043 5647 κατά

537 5738 705 5807 (Ι)Ει·
725 5736 799 5791 ita
856 5750 961 5790 non
1007 5742 1252 5788 moratur
1284 5730 1587 5786 auditorem
1639 5730 1798 5803 longo
1851 5732 2048 5803 hyper-

562 5823 615 5861 0.

466 5807 618 5949 mia)
648 5872 1378 5933 Divinissimam‘traditione
1423 5881 1700 5944 acceptam
1730 5873 2042 5930 custodien~

2136 4784 2224 4824 res
2254 4777 2308 4823 et
2328 4764 2681 4833 philoSOphos
2705 4762 2940 4818 disertos
2974 4761 3103 4815 fecit
3128 4759 3446 4813 illitteratos
3486 4753 3728 4822 discipu-

2137 4862 2242 4927 lus,
2268 4870 2321 4914 et
2345 4857 2615 4925 extemplo
2643 4853 2913 4924 quasique
2948 4852 3002 4906 in
3045 4851 3274 4906 instanti
3304 4850 3583 4920 sapientes
3604 4845 3729 4900 red.

2138 4951 2272 5007 didit
2302 4949 2458 5015 satis,
2495 4949 2600 5003 hoc
2637 4944 3099 5006 estsuflieienter,
3150 4941 3254 4995 hos
3295 4940 3514 5003 idiotas,
3540 4939 3733 4992 obmu-

2141 5054 2347 5098 tcscere
2369 5038 2589 5110 proprio
2619 5050 2874 5093 sermone
2903 5031 3185 5097 facientes,
3231 5028 3284 5082 id
3313 5040 3417 5094 est,
3451 5028 3506 5081 in
3541 5025 3731 5079 occlu-

2142 5134 2319 5188 dendo
2342 5130 2509 5195 labia,
2562 5128 2727 5184 silere
2765 5133 3023 5195 c0gentcs
3088 5120 3449 5190 sophisticam
3513 5117 3734 5172 (ἱπποσυ-

2144 5243 2263 5281 rum
2297 5227 2538 5292 tribum;
2576 5224 2853 5290 istantque
2881 5219 3079 5273 divina:
3107 5215 3371 5271 doctrina:
3431 5207 3730 5279 fulguranti

2146 5318 2351 5374 lumine
2387 5318 2681 5371 educentes
2714 5329 2781 5368 ex
2831 5309 3156 5382 ignorantim
3185 5307 3472 5361 tenebrosa
3530 5310 3730 5357 nocte:

2146 5425 2270 5481 quae
2318 5408 2562 5464 efficacia
2591 5420 2818 5477 prorsus
2857 5397 3433 5472 incomprehensibilis
3455 5393 3731 5451 censenda

2148 5513 2253 5558 est.

2223 5593 2313 5648 81.
2351 5589 2575 5646 Statuta
2603 5602 2732 5644 vero
2764 5586 2944 5641 taliter
2976 5582 3270 5648 sententia,
3301 5595 3425 5651 qua:
3448 5577 3513 5631 ad
3544 5574 3737 5629 dictio-

2156 5740 2234 5786 tes
2266 5731 2463 5785 trinam
2523 5727 2577 5782 in
2619 5741 2729 5781 uno
2800 5725 2906 5778 Deo
2968 5712 3548 5789 supersnhstantialcm
3606 5705 3734 5760 sub-

2156 5804 2412 5858 stantiam
2449 5800 2625 5855 tribus
2651 5796 2900 5866 personis
2927 5800 3293 5848 constantem.
