4050 6476
306 382 412 447 595

1083 380 1501 445 EUSTATHII
1538 380 2298 448 THESSALONICENSIS
2331 390 2892 457 METBOPOLI'ME

3463 389 3569 453 ⁵ος

305 505 405 547 nes
429 489 653 560 tropar'ti
685 490 977 562 pertinent,
1009 491 1089 546 sic
1109 492 1450 561 explicantur
1475 513 1490 550 :
1514 489 1869 561 lmprensibi-

2004 495 2136 559 λέξιν
2188 499 2281 551 τοῦ
2341 505 2643 575 τροπαρίου
2674 506 2891 577 ἔχουσιν
2936 509 3144 571 οὔτως·
3190 507 3432 576 ἄληπτος
3466 505 3566 574 μὲν

301 578 400 645 iis,
430 586 491 633 ut
518 579 798 635 inventum
829 587 932 644 est,
978 579 1121 635 idem
1161 579 1431 650 signiﬁcat
1484 581 1630 653 quod
1672 582 1884 638 incom-

307 671 718 740 prehensibilis,
746 686 909 743 quam
934 686 1131 743 capere
1164 688 1273 729 non
1301 684 1386 729 est
1436 675 1717 745 possibile.
1775 672 1881 730 Os-

311 763 488 819 tendit
510 773 693 820 autem
728 765 829 820 ista
859 765 1050 832 dictio,
1080 780 1206 838 quas
1235 767 1568 838 homonyma
1595 776 1701 833 est,
1719 767 1882 824 etiam

314 858 852 930 irreprelteusibilem
887 863 1003 917 sive
1030 861 1332 928 hominem,
1370 862 1485 918 sive
1516 862 1739 926 victum,
1790 876 1886 916 cu-

308 950 402 1020 jus
440 960 495 1006 ct
518 953 714 1023 ipsius.
741 960 997 1024 tanquam
1017 954 1470 1011 commendabilis
1497 956 1722 1019 virtute,
1749 954 1889 1008 nihil

317 1043 518 1113 aliquis
575 1045 1038 1101 incriminandum
1107 1048 1353 1117 reperire
1407 1057 1607 1118 potest.
1659 1047 1889 1103 Videtur

309 1145 488 1191 autem
508 1136 677 1192 dictio
706 1140 1078 1209 melaphorice
1103 1140 1301 1195 deduci
1333 1155 1362 1194 a
1387 1139 1769 1207 luctatoribus,
1792 1139 1889 1210 qui

311 1227 435 1282 oleo
456 1229 707 1298 peruncti
743 1238 799 1289 et
826 1229 1049 1285 aliunde
1107 1231 1339 1287 solertes
1388 1231 1666 1296 inclinari,
1694 1238 1893 1285 curant

310 1332 379 1372 ne
411 1328 631 1386 captum
659 1321 993 1377 adversariis
1023 1322 1320 1392 prebeat".
1353 1321 1508 1378 Unde
1539 1324 1745 1394 optime
1785 1326 1892 1379 im-

309 1411 607 1478 premibilis
634 1412 910 1468 diceretur
936 1422 1123 1470 castus
1177 1413 1403 1486 Josepb,
1458 1417 1555 1485 qui
1608 1416 1890 1472 dominam

314 1501 629 1574 Egyptiam
653 1504 832 1560 nudus
856 1503 994 1575 fugit
1019 1506 1483 1576 utcomprehendi
1537 1522 1646 1562 non
1686 1516 1891 1576 posset.

316 1593 454 1649 Huic
479 1606 660 1649 autem
683 1595 1061 1664 imprensibili,
1108 1597 1269 1668 juxta
1298 1598 1517 1653 modum
1586 1596 1891 1662 luctatoris,

313 1689 609 1758 opponitur
637 1686 896 1758 εὐλαϐής,
929 1703 1091 1758 quem
1119 1688 1333 1745 scilicet
1383 1688 1547 1745 facile
1591 1688 1893 1761 prehende-

316 1793 425 1834 res.
457 1778 573 1834 Vox
624 1787 803 1835 autem
857 1780 1010 1833 ἐστὶν
1065 1794 1164 1850 per
1227 1780 1676 1851 consequentiam
1719 1795 1895 1836 nexus

318 1883 478 1939 acuto
506 1888 743 1929 accensu
765 1882 1005 1937 notatur,
1030 1882 1088 1929 ut
1115 1874 1221 1929 hoc
1246 1874 1488 1944 ἄληπτος
1544 1873 1685 1941 ἐστὶ,
1710 1871 1896 1929 conci-

319 1975 412 2020 nat
436 1965 514 2037 τῷ
547 1965 747 2037 έρῥηξε
784 1966 1042 2037 γαστρὸς,
1098 1964 1406 2022 secundum
1467 1965 1578 2019 vim
1632 1974 1894 2021 accentus

318 2060 490 2115 aruli.
517 2058 753 2114 Aliunde
777 2073 929 2124 vero,
955 2059 1099 2116 sicut
1125 2058 1231 2114 viri
1254 2057 1397 2115 docti
1416 2056 1623 2123 volunt,
1643 2056 1896 2114 enclitica

315 2169 440 2210 esse
467 2152 650 2209 debet.
676 2152 779 2220 Qui
809 2166 940 2207 vero
959 2151 1063 2206 hoc
1088 2151 1279 2207 audire
1308 2151 1538 2219 fastidit,
1556 2152 1715 2208 nobis
1743 2165 1898 2222 pror-

316 2258 409 2302 sus
447 2245 633 2301 illassis
673 2255 973 2315 praetereat.

388 2337 479 2392 82.
522 2339 654 2404 Quae
704 2355 832 2395 vero
900 2340 1314 2412 θεαρχικωτάτη
1378 2337 1600 2399 dicitur,
1679 2349 1896 2390 omnem

317 2430 630 2485 splendoris
660 2431 1020 2485 intentionem
1061 2431 1298 2486 excedit.
1346 2427 1612 2499 Superior
1633 2443 1780 2482 cntut
1815 2437 1899 2482 est

323 2538 426 2575 u-ua
458 2523 627 2575 altera
684 2521 1002 2591 fulguratio,
1058 2524 1232 2594 magis
1291 2538 1398 2577 una
1463 2522 1686 2586 divina;
1734 2528 1899 2589 atque

317 2615 489 2668 altera
523 2614 771 2684 quaedam
793 2615 1210 2685 principalis,et
1242 2614 1624 2684 principalior,
1652 2623 1707 2669 et
1745 2613 1897 2682 prin-

318 2707 695 2774 cipalissima:
728 2707 820 2763 sed
868 2706 1054 2762 divina
1101 2706 1677 2777 principalissimaque
1720 2705 1898 2775 fulgu-

317 2800 533 2856 ratioue
564 2799 821 2870 Spiritus,
857 2809 914 2855 et
954 2798 1131 2855 Patris
1152 2807 1208 2854 et
1232 2798 1378 2866 Filii,
1407 2814 1518 2855 non
1572 2810 1717 2855 recte
1747 2797 1901 2854 dice-

320 2907 502 2946 remus
537 2891 745 2962 aliquid
769 2907 894 2946 esse
920 2890 1298 2961 praestantius.
1339 2889 1467 2947 Haec
1534 2891 1682 2947 enim
1739 2906 1897 2946 sum-

321 3000 463 3038 mam
495 2984 764 3052 significat
790 2983 879 3037 Dei
910 2984 1185 3050 virtutem,
1221 2983 1557 3053 sapientiam
1631 2984 1897 3040 mundum

319 3075 686 3132 diversiutode
737 3077 1023 3132 docentem
1084 3085 1139 3132 et
1206 3077 1278 3132 ita
1345 3077 1643 3133 salvantem
1710 3096 1725 3133 :
1786 3093 1900 3149 quo

1991 585 2089 639 νῦν
2116 588 2190 651 tit;
2216 593 2418 665 εὑρέθη
2446 598 2479 667 ἡ
2509 600 2904 670 ἀκατάσχετος,
2928 595 2997 673 ἦς
3019 601 3118 655 οὐκ
3141 599 3258 654 ἐστι
3278 597 3542 652 λαϐέσθαι

1990 684 2143 755 δηλοί
2172 685 2230 740 δέ
2257 701 2389 740 ποτε
2420 690 2454 759 ή
2481 688 2626 753 λέξις
2658 690 2949 761 ὁμώνυμος
2980 690 3115 746 οὖσα
3143 692 3238 745 καὶ
3261 689 3353 745 τόν
3385 690 3571 757 ἀμεμ-

1987 792 2144 844 πτον,
2172 777 2205 848 ἢ
2232 778 2517 849 ἄνθρωπον
2538 781 2572 849 ἢ
2606 780 2744 850 βίον,
2777 775 2841 837 οὗ
2869 784 2965 836 καὶ
3002 780 3168 835 αὐτοῦ
3200 779 3276 843 ὡς
3309 778 3568 847 ἐναρέτου

1987 871 2289 939 δράξασθαί
2309 889 2394 937 τις
2421 873 2483 925 ού
2505 872 2726 928 δύναται
2740 875 2885 944 λόγῳ
2907 874 3218 936 αἰτιάσεως·
3235 872 3384 926 δοκεῖ
3399 872 3454 923 δὲ
3474 886 3571 939 με·

1988 962 2306 1030 τενεχθῆναι
2351 963 2385 1032 ἠ
2437 962 2580 1031 λέξις
2612 966 2677 1018 ἐκ
2722 964 3036 1019 παλαιστῶν
3067 964 3354 1034 τεχνικῶν,
3383 962 3432 1015 οἳ
3475 961 3570 1012 καὶ

1990 1049 2339 1118 ἀλειφόμενοι
2372 1051 2464 1105 ἔλα
2473 1070 2571 1118 ιον,
2604 1054 2698 1107 καὶ
2717 1053 2891 1119 ἄλλως
2910 1055 2966 1108 δὲ
2981 1053 3358 1113 ὑποκλίνοντες
3377 1050 3568 1115 δεξιῶς

1994 1142 2409 1211 ἐπιτηδεύονται
2459 1146 2536 1216 μὴ
2564 1146 2828 1200 ἐνδιδόναι
2860 1148 2973 1209 τοῖς
3012 1144 3330 1208 ἀντιπάλοις
3360 1143 3530 1204 λαϐάς
3551 1158 3566 1174 ·

1990 1236 2116 1289 ὅθεν
2154 1238 2296 1292 πάνυ
2329 1238 2574 1305 γλυκέως
2610 1240 2855 1310 ἄληπτος
2902 1239 3103 1307 λέγοιτ’
3135 1239 3203 1293 ἂν
3252 1240 3281 1292 6
3331 1237 3568 1306 σώφρων

2005 1328 2228 1399 Ἰωσὴφ,
2259 1333 2288 1384 6
2316 1330 2415 1398 τὴν
2451 1331 2759 1398 Αἰγυπτίαν
2786 1332 3082 1386 δέσποιναν
3115 1331 3325 1398 γυμνὸς
3357 1329 3569 1397 φυγὼν.

1992 1421 2068 1485 ὡς
2096 1422 2171 1492 μὴ
2202 1422 2477 1492 ληφθῆναι
2523 1423 2960 1495 καταδεξάμενος
2981 1438 2999 1456 ·
3034 1424 3112 1493 τῷ
3146 1423 3204 1477 δὲ
3235 1421 3407 1484 οὕτως
3437 1421 3572 1491 ἀλή-

1996 1530 2114 1583 πτιρ
2162 1515 2309 1568 κατά
2354 1516 2515 1583 λόγον
2548 1515 2751 1587 πάλης,
2789 1516 3095 1570 ἀντίκειται
3140 1516 3169 1569 6
3209 1512 3466 1583 εὐλαϐὴς.
3510 1502 3573 1564 οὗ

1995 1606 2197 1678 δηλαδὴ
2231 1608 2364 1680 ῥᾷον
2394 1608 2421 1660 ὀ
2447 1609 2768 1680 βουλόμενος
2798 1609 3039 1663 λάϐοιτο.
3075 1606 3148 1662 Τδ
3178 1607 3238 1661 δὲ
3287 1607 3436 1660 ἐστὶν
3484 1604 3576 1660 διὰ

1996 1696 2096 1771 τὴν
2125 1698 2450 1754 ἀκολουθίαν
2475 1699 2569 1753 τοῦ
2603 1700 2801 1771 είρμοῦ
2832 1700 3102 1768 ὀξύνεται,
3133 1700 3220 1753 ῐνα
3246 1698 3307 1753 τὸ
3334 1695 3575 1767 ἄληπτός

1927 1834 1969 1889 Β
2000 1794 2139 1860 ἐστὶ,
2172 1794 2389 1866 συνᾴδοι
2421 1794 2500 1863 τῷ
2546 1794 2745 1866 έρῥηξε
2771 1793 3031 1865 γαστρὸς,
3076 1792 3218 1847 κατά
3250 1791 3351 1862 τήν
3392 1789 3578 1889 ὀξυτό-

1998 1902 2188 1955 νησιν’
2221 1886 2398 1950 άλλως
2429 1886 2507 1951 δέ,
2553 1888 2631 1950 ὡς
2660 1887 2712 1940 ei
2760 1888 3004 1957 τεχνικοί
3040 1883 3344 1953 βούλονται,
3395 1880 3579 1949 ἐγκλί-

1998 1981 2183 2032 νεσθαι
2212 1979 2454 2049 ὀφείλει·
2491 1982 2520 2035 ό
2568 1981 2624 2034 δὲ
2676 1979 2851 2034 ὀκνῶν
2897 1977 3120 2033 ἀκούειν
3166 1976 3349 2041 τοῦτο,
3392 1990 3574 2045 παρα-

2002 2074 2210 2128 κουέτω
2240 2073 2437 2129 θλίϐων
2461 2074 2611 2145 ἡμᾶς
2640 2073 2817 2128 οὐδέν.

2071 2339 2181 2411 πβ’.
2230 2342 2294 2394 Ἤ
2342 2342 2399 2393 δὲ
2435 2342 2849 2411 θεαρχικωτάτη
2894 2341 3077 2396 πᾶσαν
3127 2341 3378 2395 ἐπίτασιν
3408 2339 3580 2409 61:29-

2001 2435 2176 2489 ϐαίνει
2234 2434 2534 2504 λάμψεωςε
2592 2435 2867 2505 ὑπερτέρα
2917 2434 3019 2503 μὲν
3069 2433 3181 2506 γάρ
3230 2432 3367 2501 άλλη
3410 2430 3579 2499 ἄλλης

1999 2526 2311 2595 ἀστραπῆς,
2354 2526 2448 2579 καὶ
2475 2525 2748 2596 θειοτέρα,
2778 2525 2872 2580 καὶ
2899 2525 3102 2597 ἀρχική
3144 2541 3228 2588 τις
3263 2525 3453 2589 ἑτέρα,
3480 2521 3579 2575 καὶ

2000 2619 2377 2688 ἀρχικωτέρα.
2414 2620 2509 2673 καὶ
2559 2619 2950 2691 ἀρχικωτάτη·
2989 2619 3091 2687 τῆς
3121 2618 3178 2672 δὲ
3208 2614 3578 2688 θεαρχικωτὶ-

2001 2728 2102 2783 της
2150 2711 2448 2779 ἀστραπῆς
2481 2710 2578 2765 τοῦ
2629 2710 2979 2779 Πνεύματος,
3024 2709 3223 2764 αὐτίκα
3254 2706 3312 2761 δὲ
3355 2704 3579 2761 καὶτοῦ

2003 2804 2243 2875 Πατρδς,
2276 2803 2373 2858 καὶ
2408 2802 2507 2858 τοῦ
2537 2801 2694 2868 Υίοῦ,
2719 2803 2820 2856 οὐκ
2852 2802 2918 2856 ἂν
2960 2801 3135 2871 ὀρθῶς
3166 2801 3414 2870 εἴποιμεν
3440 2795 3581 2854 εἷναί

1998 2915 2054 2951 τι
2092 2897 2418 2968 ὑπέρτερον.
2452 2896 2589 2952 Θεοῦ
2622 2895 2731 2968 γάρ
2774 2893 2911 2968 αὕτη
2962 2895 3243 2966 ἐνέργειαν
3285 2892 3584 2949 τελικωτά-

1999 3007 2100 3060 την
2127 2990 2384 3059 σημαίνει
2412 2989 2741 3058 σοφίζουσαν
2764 2988 2969 3059 κόσμον
2993 2987 3287 3048 πολυειδῶς
3318 2985 3414 3038 καὶ
3435 2983 3581 3039 οὕτω

2005 3082 2326 3149 σώζουσαν·
2364 3075 2426 3136 οὗ
2478 3082 2531 3136 τί
2583 3080 2650 3136 ἂν
2689 3080 2993 3149 ὑπερφέροι
3046 3081 3211 3151 ἔργον
3261 3077 3395 3133 Θεοῦ
3444 3077 3584 3148 μετά

323 3168 452 3236 quid
489 3169 839 3238 praestantius
890 3184 1029 3240 Opus
1085 3169 1175 3224 Dei
1228 3179 1377 3225 esset
1428 3171 1900 3240 praeterincarna-

2005 3175 2103 3247 τήν
2143 3174 2406 3244 ἐνσαρκον
2441 3173 2777 3239 οἰκονομίαν,
2814 3172 2942 3225 ἔνθα
2987 3173 3055 3226 τὰ
3088 3174 3266 3227 πάντα
3296 3176 3377 3235 είς
3404 3188 3583 3241 σωτη-

322 3260 489 3316 tionis
515 3263 902 3327 oeconomiam,
961 3261 1054 3316 ubi
1092 3270 1289 3317 cuneta
1344 3273 1474 3317 sunt
1531 3263 1601 3317 ad
1651 3273 1898 3320 nostram

322 3353 555 3408 salutem
579 3362 633 3408 et
661 3353 729 3407 ad
793 3352 1164 3423 impletionem
1206 3353 1508 3424 superioris
1564 3356 1749 3411 mundi
1782 3371 1903 3427 spe-

320 3446 511 3502 ctant?
532 3447 622 3503 Est
650 3456 832 3503 autem
869 3447 1182 3517 theologica
1211 3462 1313 3503 vox
1342 3448 1580 3519 θεαρχία
1633 3458 1689 3503 et
1746 3465 1902 3520 qus:-

322 3554 542 3609 cunque
574 3540 699 3595 inde
758 3540 1005 3594 veniunt.
1039 3538 1153 3595 Vox
1182 3551 1363 3595 autem
1395 3542 1602 3612 ρἧρας
1657 3557 1753 3609 per
1792 3542 1904 3595 cir-

323 3631 653 3688 cumilexum
679 3648 777 3704 pro
802 3636 1060 3706 ῥήτορας,
1093 3649 1200 3687 non
1231 3642 1313 3689 est
1337 3633 1493 3689 valde
1514 3634 1737 3703 usitata,
1762 3633 1907 3689 sicut

322 3736 501 3795 neque
534 3722 748 3795 πάτρας
802 3739 902 3794 pro
959 3723 1224 3794 πατέρας,
1284 3725 1521 3794 μήτρας,
1582 3738 1681 3794 pro
1740 3724 1906 3794 μητέ·

328 3835 449 3888 ρας,
477 3817 559 3872 vel
587 3816 730 3872 aliud
773 3817 901 3888 qttid
934 3817 1135 3873 simile.
1168 3816 1488 3887 Θυγατέρας
1513 3825 1694 3872 tamen
1750 3815 1904 3870 inve-

326 3910 476 3965 nitur
505 3924 627 3965 cum
656 3925 913 3981 syncope.
946 3908 1113 3981 Igitur
1169 3910 1353 3966 noscit
1384 3909 1586 3980 aliquis
1622 3908 1906 3964 undecun-

327 4019 435 4071 quc
461 4002 723 4058 dictionis
753 4002 917 4072 hujus
950 4018 1131 4067 usum,
1171 4002 1257 4057 vel
1313 4001 1706 4058 remittendum
1736 4009 1820 4058 est
1841 4002 1906 4057 ad

328 4095 602 4152 licentiam
629 4095 896 4165 poeticam
922 4094 1005 4148 vel
1032 4095 1192 4149 aliam
1213 4103 1439 4165 propter
1457 4103 1690 4150 metrum
1720 4109 1909 4149 neces-

217 4184 221 4191 ’
328 4191 569 4245 ι-ῐιοιειη.
605 4190 857 4243 Attamen
891 4188 1098 4260 ῥῆτρας
1135 4202 1260 4242 cum
1288 4194 1518 4243 accentu
1577 4202 1745 4257 super
1775 4202 1911 4257 pcn-

331 4283 578 4336 nltimam
625 4280 859 4335 dicimus
889 4294 1084 4350 genere
1115 4278 1404 4344 feminino,
1431 4294 1556 4334 cum
1577 4280 1906 4350 quibusdam

330 4373 735 4431 conditionibus
769 4373 1161 4428 conventiones
1188 4389 1203 4438 ;
1238 4386 1478 4443 quarum
1509 4372 1792 4443 singulare
1823 4380 1909 4426 est

345 4470 449 4521 hoc
483 4482 498 4519 :
535 4464 705 4535 Euge,
736 4467 947 4537 ῥήτρην
978 4464 1263 4533 facientes,
1317 4472 1371 4520 et
1439 4471 1519 4521 est
1572 4464 1715 4520 istud
1768 4464 1911 4519 sicut

332 4561 572 4632 φρήτρη.
603 4568 659 4615 ct
693 4559 915 4615 similia.
945 4558 1241 4629 Ἐξέφηνεν
1271 4568 1450 4615 autem
1478 4558 1771 4628 spcctatad
1798 4557 1906 4612 l'ul-

333 4664 716 4717 gurattonem,
796 4668 903 4722 qua
967 4652 1387 4705 mattii’cstantur
1443 4665 1563 4719 quae
1620 4649 1907 4719 hucusque

331 4745 385 4799 in
406 4744 739 4799 obscuritate
757 4754 934 4807 erant,
960 4739 1418 4811 quemadmodum
1438 4750 1490 4795 et
1512 4739 1784 4811 discipuli,
1812 4739 1905 4809 qui

332 4844 492 4890 erant
519 4834 764 4899 obscuri,
798 4835 1129 4890 manifestati
1158 4846 1312 4899 sunt,
1348 4850 1471 4887 eum
1501 4848 1528 4885 a
1557 4831 1765 4902 Spiritu
1786 4848 1911 4886 san-

334 4938 422 4983 cto
449 4927 738 4983 illuminati
768 4927 1014 4983 fuerunt.
1041 4928 1108 4980 Et
1132 4943 1239 4980 non
1283 4927 1460 4980 solum
1495 4925 1597 4994 ipsi
1634 4925 1912 4987 luxerunt,

333 5019 427 5075 sed
458 5027 509 5073 et
538 5018 661 5073 aliis
686 5020 882 5073 bonam
916 5020 1058 5074 hanc
1088 5017 1428 5073 alim-tionem
1466 5017 1757 5070 dederunt.
1778 5014 1912 5068 Illit-

335 5120 541 5166 teratos
574 5123 752 5166 autem
777 5112 932 5179 dicit,
959 5112 1045 5167 vel
1079 5111 1170 5180 qui
1197 5126 1421 5180 prorsus
1454 5111 1668 5164 litteras
1702 5110 1917 5163 nescie-

335 5204 487 5269 bant,
530 5220 779 5276 quosque
832 5205 1037 5260 dixeris
1089 5203 1503 5272 analpitabetos,
1542 5202 1620 5256 vel
1649 5202 1742 5273 qui
1782 5218 1915 5272 pau-

335 5312 430 5351 cas
457 5297 703 5352 st-icbant
738 5298 987 5353 litteras:
1049 5312 1154 5368 qua
1205 5294 1608 5367 signiﬁcatione
1656 5308 1786 5348 usus
1838 5301 1919 5345 Pri.

338 5388 502 5442 etiam
523 5387 615 5457 qui
646 5389 864 5457 scripsit
887 5387 1201 5458 episcopum
1222 5402 1343 5441 esse
1375 5401 1533 5456 posse
1551 5384 1916 5450 illitteratum,

340 5481 456 5535 sive
482 5481 576 5551 qui
607 5481 795 5551 paucis
847 5495 1129 5536 sacrarum
1179 5480 1484 5535 litterarum
1521 5478 1677 5534 libris
1697 5493 1916 5548 operam

344 5572 470 5627 dat:
499 5589 622 5630 nant
649 5573 796 5628 illum
817 5573 908 5641 qui
934 5573 1067 5627 nihil
1091 5573 1313 5627 omnino
1332 5572 1481 5627 novit
1508 5572 1737 5642 pigeret,
1763 5578 1915 5641 puto.

339 5678 554 5719 sacram
596 5665 870 5721 lucernam
900 5666 1218 5721 accendere.

415 5755 502 5810 83.
540 5754 652 5813 Vox
688 5756 949 5825 ᾶλιςιιιιαξ
979 5756 1246 5828 signiﬁcat
1288 5755 1641 5819 suilicienter,
1666 5767 1920 5822 tanquam

347 5846 681 5918 adverbium,
722 5847 872 5903 venit
901 5863 965 5905 cx
1000 5846 1169 5911 άλίξω
1203 5847 1393 5916 alios),
1424 5846 1476 5902 id
1515 5856 1598 5902 est
1641 5860 1795 5915 cogo,
1826 5860 1923 5916 po-

2007 3266 2131 3337 ρίαν
2157 3264 2337 3335 ήμῶν,
2376 3264 2470 3317 καὶ
2497 3262 2673 3326 οὕτως
2703 3262 3096 3334 ἀναπλήρωσιν
3120 3262 3215 3318 τοῦ
3238 3261 3353 3318 ἀνω
3371 3262 3582 3331 κόσμου

2007 3360 2233 3430 ἀφορᾷ;
2269 3357 2571 3428 Θεολογικὴ
2623 3357 2681 3413 δὲ
2713 3357 2860 3424 λέξις
2912 3359 3009 3413 καὶ
3041 3359 3075 3427 ἡ
3110 3356 3343 3427 θεαρχία
3393 3358 3489 3411 καὶ
3516 3357 3587 3412 τὰ

2006 3451 2262 3506 ἐντεῦθεν
2314 3451 2701 3522 παραγόμενα.
2735 3452 2809 3504 Τὸ
2855 3450 2913 3503 δὲ
2940 3451 3162 3522 τρῆτρας
3194 3450 3587 3521 προπερισπώ-

2010 3561 2196 3616 μενον,
2234 3544 2401 3599 ὅέστι
2438 3545 2701 3613 ῥήτορας,
2741 3543 2802 3597 ού
2848 3542 3141 3613 τέτριπται
3193 3544 3275 3607 εἰς
3323 3542 3586 3596 πλατεῖαν

2007 3637 2208 3708 χρῆσιν
2247 3676 2262 3700 ,
2292 3637 2371 3699 ὡς
2405 3635 2526 3689 οὐδὲ
2554 3636 2616 3689 τὸ
2647 3635 2892 3705 πατέρας
2924 3635 3162 3704 πάτρας,
3195 3634 3442 3705 μητέρας
3480 3633 3587 3702 μή-

2008 3747 2166 3801 τρας,
2197 3728 2229 3801 ἢ
2264 3728 2393 3784 ἀλλο
2418 3747 2471 3783 τι
2498 3727 2740 3783 τοιοῦτον
2759 3744 2774 3761 ·
2804 3727 3113 3800 θυγατέρας
3142 3726 3325 3797 μέντοι
3356 3725 3587 3795 εὕρηται

2011 3821 2463 3892 συγκεκομμένον
2495 3821 2559 3875 ἐκ
2585 3819 2681 3875 τοῦ
2717 3819 2893 3874 ἀπλοῦ
2913 3837 2928 3853 ⁸
2957 3820 3126 3892 ἤγουν
3147 3814 3256 3873 οἶδέ
3283 3836 3367 3882 τις
3390 3817 3587 3889 χρῆσιν

2008 3914 2109 3983 τῆς
2139 3913 2338 3979 λέξεως
2365 3910 2608 3979 ὁθενοῦν,
2636 3911 2668 3980 ἢ
2701 3912 2839 3968 ἀλλά
2866 3910 3258 3979 ἀναπεμπτέον
3291 3911 3375 3974 είς
3404 3909 3588 3964 ἄδειαν

2010 4006 2302 4077 ποιητικὴν
2350 4004 2448 4058 καὶ
2486 4004 2585 4074 τὴν
2642 4004 2732 4058 διά
2796 4004 2995 4073 μέτρον
3053 4002 3260 4074 ταύτην
3314 4001 3586 4068 ἀνάγκην.

2014 4098 2228 4160 ’Λλλως
2287 4096 2472 4167 μέντοι
2515 4097 2728 4167 ῥήτρας
2784 4095 2965 4164 φαμὲν
3019 4094 3403 4165 παροξυτόνως
3437 4094 3590 4159 γένει

2012 4189 2254 4261 θηλυκῷ,
2278 4189 2377 4252 τὰς
2401 4189 2494 4242 ἐπί
2519 4205 2629 4242 τισι
2656 4189 2840 4255 ῥητοῖς
2868 4187 3143 4259 συνθήκας
3163 4203 3176 4217 ·
3204 4178 3280 4241 ὧν
3308 4185 3489 4239 ἑνικὸν
3506 4183 3588 4249 τὺ,

2010 4284 2131 4339 ἀλλ’
2161 4284 2262 4352 άγε
2299 4283 2510 4354 ῥήτρην
2542 4284 2900 4353 ποιήσωμεν·
2933 4281 3030 4335 καὶ
3064 4280 3210 4334 ἔστιν
3245 4280 3420 4333 ἐκεῖνο
3446 4276 3592 4331 κατά

2012 4375 2072 4428 τὸ
2103 4374 2322 4444 φρήτρη
2364 4373 2458 4427 καὶ
2482 4373 2551 4427 τά
2597 4373 2841 4427 τοιαῦτα.
2893 4372 2967 4425 T6
3010 4371 3066 4424 δὲ
3101 4371 3361 4438 ἐξέφηνεν
3392 4370 3593 4423 οἰκεῖον

2018 4468 2155 4538 πρὸς
2187 4469 2287 4538 τὴν
2318 4466 2629 4537 ἀστραπὴν,
2670 4459 2739 4534 ἧς
2786 4463 3141 4534 ἐλλαμψὰσης
3172 4461 3494 4528 ὲκφαίνεται
3523 4457 3596 4512 τὰ

2016 4562 2155 4624 τέως
2185 4559 2315 4612 ὄντα
2353 4561 2408 4612 ἐν
2446 4558 2648 4626 σκότῳ,
2686 4558 2831 4611 καθά
2881 4558 2973 4610 καὶ
3004 4557 3055 4608 oi
3092 4555 3333 4623 μαθηταὶ
3368 4552 3595 4619 ἀφανεῖς

2016 4652 2203 4715 ὄντες,
2259 4649 2622 4719 ἐξεφάνησαν,
2655 4644 2736 4711 οἷς
2774 4648 2880 4701 ὑπὸ
2928 4646 3026 4722 ςτοῦ
3067 4645 3226 4713 ἁγίου
3277 4643 3598 4713 Πνεύματος

2016 4742 2440 4813 ὲνελάμφθησαν
2459 4758 2474 4773 ·
2508 4741 2602 4795 καὶ
2628 4740 2689 4795 ού
2718 4739 2879 4808 μόνον
2905 4739 3062 4792 αὐτοὶ
3095 4735 3426 4805 ἐξέλαμψαν,
3462 4733 3600 4787 ἀλλά

2016 4837 2110 4890 καὶ
2138 4834 2319 4898 ἄλλοις
2348 4834 2557 4888 ἔδωκαν
2582 4833 2643 4887 τὺ
2690 4831 2895 4898 ἀγαθὸν
2924 4829 3083 4884 τοῦτο
3116 4829 3308 4891 πάθος.
3350 4827 3598 4895 Ἀγραμο

2024 4930 2230 5000 μὰτους
2256 4926 2311 4980 δὲ
2346 4925 2377 4996 ἢ
2408 4926 2538 4988 τοὺς
2568 4923 2642 4995 μὴ
2678 4924 2885 4985 εἰδότας
2918 4921 3055 4984 ὅλως
3088 4920 3395 4991 γράμματα
3427 4918 3600 4983 λέγει,

2018 5020 2110 5083 οὓς
2144 5019 2559 5088 ἁναλφαὸήτους
2585 5017 2688 5087 ἔφη
2715 5035 2822 5081 τις,
2845 5015 2878 5086 ἦ
2908 5015 3035 5078 τοὺς
3062 5011 3598 5082 ὀλιγογραμμάτους·

2023 5114 2091 5168 δι’
2130 5108 2189 5165 οὗ
2228 5110 2642 5183 σημαινομένου
2671 5126 2804 5177 συνη
2822 5109 3060 5178 ίορεῖται
3100 5106 3194 5159 καὶ
3224 5106 3251 5157 6
3282 5101 3495 5171 γράψας
3530 5100 3604 5169 μὴ

2025 5203 2331 5257 κωλύεσθαι
2362 5199 2503 5254 εἷναι
2555 5202 2651 5255 καὶ
2685 5200 3049 5270 ἀγράμματον
3074 5197 3393 5259 ἐπίσκοπον,
3424 5193 3606 5261 εἷγουν

2024 5298 2227 5365 ὀλίγοις
2272 5296 2587 5365 ἐντριῦέντα
2640 5292 2868 5363 βιϐλίοις
2912 5291 3075 5361 ἱερῶν
3126 5290 3494 5359 γραμμάτων.
3544 5282 3607 5337 ’0

2027 5389 2136 5458 γάρ
2170 5389 2263 5442 καὶ
2310 5388 2475 5458 μηδὲν
2509 5386 2646 5449 ὅλως
2685 5384 2864 5451 εἰδὼς,
2912 5382 3137 5445 ὀκνήσοι
3167 5380 3254 5447 ἂν,
3283 5374 3459 5447 οἶμαι,
3489 5373 3587 5427 καὶ

2029 5483 2152 5554 ἱερά
2177 5480 2343 5551 λύχνα
2372 5479 2651 5533 ἀνάπτειν.

2103 5756 2219 5817 πγ⁹.
2255 5749 2328 5803 Τὸ
2355 5748 2409 5802 δὲ
2440 5748 2579 5816 ἃλις,
2617 5747 2644 5801 ὅ
2676 5708 2933 5815 σημαίνει
2970 5746 3066 5814 μὲν
3098 5743 3156 5796 τὸ
3189 5741 3500 5809 αὐτάρκως.
3538 5735 3611 5799 ὡς

2035 5847 2343 5917 ἐπίρῥημΨ
2366 5844 2572 5914 γίνεται
2590 5840 2645 5895 δὲ
2662 5842 2725 5894 ἐκ
2742 5839 2833 5893 τοῦ
2853 5836 3045 5905 άλίζω,
3068 5836 3257 5903 ἁλίσω,
3277 5834 3337 5887 τὸ
3355 5831 3417 5885 i0
3428 5831 3612 5903 ρθὲσω,
