4050 6410
344 412 453 476 597

1176 406 1261 468 IN
1292 408 1630 468 llYMNUM
1678 408 2330 470 PENTECOS’I‘ALEM
2368 411 2827 471 DAMASCENL

3508 404 3611 466 593

342 533 460 600 εχει
490 529 931 600 συμϐὄάζεσθαι
978 528 1251 592 Matium;
1281 531 1376 583 καὶ
1411 529 1547 597 προς
1601 528 1663 580 τὸ
1713 528 1921 596 ῥῆτρας
1953 534 1986 589 Α

2076 539 2134 583 rst
2167 531 2355 585 referri
2389 530 2453 584 ad
2483 544 2751 593 oratores,
2785 542 2837 584 et
2871 531 3203 592 illitteratus,
3265 534 3313 580 et
3344 539 3407 579 os
3453 523 3612 577 obtu-

345 626 440 676 καὶ
493 623 629 692 πρὸς
677 621 737 674 τὸ
777 620 1206 690 ἀγραμμάτους,
1243 621 1340 673 καὶ
1376 619 1515 686 πρλς
1565 619 1628 672 τὸ
1662 617 1923 685 συστομί-

346 716 561 779 ζοντας.
596 714 853 782 Σοφισταὶ
887 713 945 767 δὲ
985 713 1116 784 παρ’
1147 712 1380 780 Ἕλλησι
1413 711 1598 781 διχῶς,
1642 713 1738 765 καὶ
1770 711 1924 779 μάλι-

350 822 454 858 στα
508 805 607 874 μὲν
661 804 712 856 οι
760 801 1260 872 πλασματογρὰφοι
1314 802 1576 870 ῥήτορες·
1613 798 1928 866 σοφίζοντες

349 898 547 949 ἐκεῖνοι
585 898 641 947 ἐν
682 895 760 965 τῷ
804 895 1035 964 μελετᾷν
1064 892 1314 955 πλαστὰς
1345 891 1655 957 ὑποθέσεις,
1688 890 1814 952 τοὺς
1845 887 1931 941 ἐπ’

350 987 578 1057 ἀληθείᾳ
609 984 962 1054 δικηγόρους.
1011 984 1170 1038 Οὕτω
1203 983 1335 1052 γοῦν
1376 982 1641 1052 σοφιστὴς
1673 979 1931 1042 Λιϐἀνιός

351 1095 436 1139 τις
472 1079 565 1130 καὶ
607 1075 888 1144 ’Δφθόνιος
924 1077 1020 1128 καὶ
1050 1075 1252 1129 λοιποί.
1286 1070 1474 1129 Ἦσαν
1512 1073 1569 1127 δὲ
1606 1073 1697 1125 καὶ
1723 1071 1939 1137 φιλόσο-

353 1187 445 1238 φοι
479 1170 727 1234 σοφισταὶ
751 1169 1088 1221 διαλεκτικοὶ
1133 1169 1480 1235 σοσριζόμενοι
1512 1165 1777 1234 τεχνικῶς
1813 1164 1937 1220 τοὺς

355 1263 536 1324 αὐτοῖς
560 1260 977 1321 κοινωνοῦντας,
1007 1263 1101 1314 καὶ
1127 1259 1641 1327 παςαλογιζόμενοι,
1664 1259 1759 1310 καὶ
1781 1257 1838 1307 ὲν
1862 1251 1939 1322 τῷ

356 1354 502 1408 οὕτω
534 1356 711 1407 ποιεῖν
750 1354 1103 1422 ἐλεγχόμενοι
1136 1356 1229 1404 καὶ
1275 1352 1620 1421 ἐλέγχοντες·
1656 1350 1715 1402 οὐ
1750 1348 1898 1415 (nim
1922 1377 1936 1384 -

358 1450 441 1498 τοὶ
476 1447 574 1511 μὲν
594 1447 797 1499 ἐκεῖνοι
830 1447 904 1505 ti);
936 1448 1031 1498 καὶ
1065 1463 1228 1516 προκε
1249 1445 1503 1509 θςζεσθαι
1529 1440 1938 1504 διδασκαλείων,

356 1539 686 1608 πονούμενοι
716 1539 774 1593 δὲ
819 1540 973 1609 ὅμως
1007 1539 1135 1608 step}.
1186 1538 1386 1608 τέχνην
1427 1535 1633 1604 ταύτην
1681 1533 1941 1604 ὀχληρόιν.

367 1632 534 1687 Ὅθεν
567 1632 826 1696 λαϐόντες
868 1632 1053 1703 ἡμεῖς,
1093 1630 1356 1700 σοφιστὴν
1392 1628 1591 1690 κακίας
1636 1629 1814 1695 φαμὲν
1850 1626 1946 1677 καὶ

364 1728 547 1781 πάντα
600 1727 700 1795 μὲν
752 1726 948 1791 κακὸν,
984 1724 1219 1794 μάλιστα
1246 1722 1304 1776 δὲ
1332 1726 1424 1776 τὸν
1481 1720 1791 1790 ἀρχέκακον
1829 1719 1946 1771 δαῖ-

370 1837 509 1890 μονα
529 1837 546 1852 °
584 1817 1020 1888 συστομῑζοντας
1042 1815 1099 1870 δὲ
1122 1815 1243 1870 ἀντὶ
1271 1813 1364 1869 τοῦ
1400 1815 1459 1866 τὸ
1502 1814 1676 1881 στόμα
1706 1810 1948 1881 ἐμφράτ-

2032 631 2237 678 rantes.
2280 622 2660 691 Sephistarum
2694 638 2823 677 vero
2850 622 2993 692 apud
3021 619 3239 676 Graecos
3265 618 3375 674 duo
3407 629 3608 683 genera

2031 715 2420 771 habebantur:
2459 718 2763 786 praesertim
2798 712 3261 785 plasmatographi
3311 720 3561 764 oratores
3590 723 3606 761 :

2032 800 2087 854 bi
2126 804 2248 857 licta
2292 802 2540 872 subjecta
2589 805 2983 866 declamantes,
3038 818 3198 857 veros
3247 797 3614 854 efformahant

2034 889 2097 942 ad
2128 892 2450 960 sapientiam
2493 895 2808 949 advocatos.
2842 893 2990 948 Talis
3016 893 3117 947 fuit
3148 892 3424 962 sophistes
3454 888 3616 944 Liba:

2037 988 2182 1051 nius,
2210 996 2263 1040 et
2288 987 2656 1056 Aphthonius,
2682 996 2736 1042 et
2769 987 2976 1042 caeteri.
3013 988 3181 1040 Erant
3239 997 3407 1052 porro
3434 981 3613 1051 philo-

2038 1081 2194 1145 snphi
2232 1080 2492 1147 Sophistae
2521 1079 2814 1142 dialectici,
2851 1079 2942 1149 qui
2974 1093 3158 1134 secum
3212 1082 3610 1131 conversantes

2038 1173 2271 1239 argutiis
2298 1171 2554 1226 ludebant
2578 1180 2633 1226 et
2670 1173 2751 1227 sic
2788 1180 2946 1227 erant
2974 1171 3211 1227 convicti
3281 1179 3334 1225 et
3390 1166 3619 1222 convin-

2044 1274 2272 1330 centes;
2313 1279 2419 1317 non
2457 1265 2696 1320 zelantes
2722 1273 2782 1318 ut
2840 1264 3143 1332 disciplinis
3174 1270 3493 1330 praeessent,
3534 1259 3619 1312 la-

2044 1355 2303 1409 borantes
2338 1365 2516 1411 tamen
2548 1357 2693 1411 circa
2727 1356 2892 1409 istam
2922 1355 3210 1409 molestam
3240 1361 3438 1407 artem.
3461 1349 3621 1407 Unde

2046 1465 2253 1503 morem
2286 1452 2688 1517 assumpsimus
2722 1466 2846 1510 nos.
2886 1448 3188 1519 sophistam
3249 1442 3471 1500 malitiae
3528 1456 3624 1497 vo-

2048 1539 2210 1594 candi
2237 1554 2454 1594 omnem
2490 1541 2825 1610 improhum,
2861 1559 2877 1605 ι
2896 1540 3161 1594 ταπερηῑιη
3187 1536 3452 1589 malorum
3474 1535 3630 1603 prin-

2049 1632 2223 1702 cipem
2272 1632 2596 1689 dzemonem.
2655 1632 3092 1702 Συστομῑζοντας
3146 1639 3328 1684 autem
3397 1627 3632 1683 sumitur

2038 1739 2172 1794 pro,
2211 1725 2531 1779 obturantes
2562 1739 2658 1778 ora
2685 1743 2698 1789 ;
2724 1732 2797 1791 et,
2827 1733 2886 1779 ut
2906 1739 3075 1778 unum
3099 1738 3196 1791 pro
3221 1722 3397 1775 altero
3419 1719 3594 1774 dicam
3613 1757 3628 1779 ,

2056 1814 2530 1883 ὲπιστομῖζοντας.
2596 1813 2772 1869 Dictio
2816 1830 2942 1869 vero
2998 1815 3283 1883 desumpta
3338 1821 3481 1867 esta
3540 1824 3636 1863 va-

366 1931 580 1979 τοντας,
620 1913 717 1967 καλ⁴
749 1911 825 1973 ὡς
857 1911 916 1964 ἓν
949 1911 1068 1964 ἀνθ’
1107 1908 1227 1973 ὲνδς
1261 1910 1437 1961 εἰπεῖν
1466 1907 1940 1974 ἐπιστομίζοντας.
1978 1891 1986 1944 1

2077 1904 2197 1961 ibus
2234 1906 2412 1961 tenuis
2435 1906 2583 1972 colli,
2612 1921 2731 1976 quae
2751 1904 3010 1961 dicuntur
3060 1906 3129 1959 ab
3160 1903 3402 1972 antiquis
3448 1900 3639 1954 σύστο-

367 2006 643 2075 Εἵληπται
671 2005 730 2059 δὶ
760 2006 794 2074 ἡ
826 2003 969 2068 λέξις
996 2002 1105 2056 ἀπὸ
1135 2000 1374 2071 ἀγγείων
1404 1998 1824 2070 βραχυστόμων,
1851 1996 1948 2049 καὶ

368 2100 447 2160 ὡς
478 2099 530 2151 οἱ
571 2096 796 2151 παλαιοί
828 2112 965 2163 φασι
998 2093 1287 2163 συστόμων
1312 2108 1327 2125 ·
1357 2091 1583 2146 τοιαῦτα
1618 2091 1675 2142 δέ
1710 2089 1851 2141 εἰσιν
1873 2079 1947 2141 ὧν

368 2196 439 2250 τὰ
472 2194 719 2263 στόματα
753 2193 1021 2262 συνῆκται
1054 2191 1133 2254 εἰς
1162 2188 1356 2259 κομιδῇ
1393 2187 1598 2248 στενδν,
1648 2184 1721 2246 ὡς
1751 2182 1952 2250 πωμά-

372 2287 568 2350 ζεσθαι
593 2286 853 2355 ὀλιγίστῳ
883 2283 1186 2355 δερματίῳ,
1219 2283 1252 2351 ἦ
1279 2280 1587 2348 στυππείῳ,
1621 2278 1654 2347 ἢ
1686 2275 1948 2347 ξυληφεῳ·

373 2383 490 2435 ἔστι
527 2381 621 2434 οὖν
660 2379 1013 2447 συστομὶζειν
1036 2376 1095 2430 τδ
1119 2374 1298 2444 ἀχανῆ
1336 2374 1512 2426 ποιεῖν
1542 2372 1633 2424 τὸν
1662 2369 1957 2439 ἐλεγχόμε-

373 2490 486 2535 νον,
519 2473 606 2526 διὰ
637 2472 699 2525 τὸ
733 2469 807 2540 μὴ
854 2468 1116 2523 δύνασθαι
1160 2465 1427 2537 προάγειν
1472 2464 1611 2525 ὅλως
1652 2462 1811 2529 λόγον
1858 2460 1954 2513 τοῦ

377 2566 646 2633 στόματος
691 2579 706 2596 ο
736 2562 809 2624 ὡς
837 2563 885 2614 εἰ
916 2561 1007 2613 καὶ
1044 2561 1117 2630 μὴ
1149 2558 1326 2611 πλατὺ
1367 2556 1577 2626 καίνειν
1611 2549 1783 2625 εἶχεν,
1814 2552 1953 2606 ἀλλὰ

381 2657 618 2725 συνῆκτο
662 2655 731 2707 τὰ
777 2653 931 2723 χείλη
987 2649 1132 2704 κατά
1184 2647 1472 2718 βαλάντιον
1505 2646 1552 2714 ’ἦ
1586 2662 1711 2699 τινα
1767 2645 1957 2715 βῖκον*

379 2748 519 2812 ὅπερ
552 2745 862 2813 ἐμάνθανον
895 2746 944 2797 οἱ
980 2748 1093 2807 τοῖς
1125 2744 1454 2813 ἁγιωτάτοις
1485 2743 1581 2796 τοῦ
1615 2741 1750 2794 Θεοῦ
1789 2742 1963 2811 μαθη-

380 2848 502 2906 ταῖς
539 2838 1068 2909 ἀντικαθεστάμενοι
1120 2839 1379 2907 σοφισταὶ
1412 2880 1426 2903 ,
1467 2838 1529 2891 οὐ
1565 2837 1716 2906 φόϐῳ
1764 2837 1795 2907 ἢ
1850 2837 1961 2910 βίᾳ,

383 2939 526 3005 λόγῳ
550 2938 606 2991 δὲ
637 2934 1097 3007 συστομιζόμενοι
1130 2931 1478 3002 ἀποστολικῷ
1500 2933 1578 3003 τῷ
1612 2935 1675 2985 ἐκ
1697 2930 1791 2985 τοῦ
1824 2948 1966 2984 παν-

388 3031 554 3098 σόφου
587 3028 748 3082 Θεοῦ.

466 3117 569 3176 πδ’.
617 3117 883 3172 Ἐνταῦθα
912 3117 968 3171 δὲ
998 3116 1060 3170 οὐ
1094 3116 1274 3186 πάντη
1309 3115 1540 3184 ἄκαιρον
1571 3112 1664 3166 καὶ
1710 3112 1969 3179 ἀπερίερ-

389 3233 489 3284 γον
527 3213 816 3282 ῐστορῆσαι
867 3209 949 3263 ὃτι
998 3209 1162 3277 σοφός
1196 3226 1281 3271 τις
1327 3208 1423 3261 δύο
1473 3206 1758 3275 φοιτηταῖς
1792 3221 1971 3272 παρα-

394 3306 720 3373 σπιζόμενος
742 3302 885 3356 πάνυ
908 3299 1058 3369 αὐτῷ
1084 3299 1427 3371 μελομένοις,
1455 3293 1530 3352 ὧν
1554 3300 1580 3350 ὁ
1610 3295 1710 3364 μὲν
1732 3295 1969 3364 εὐχερῶς

393 3396 489 3451 καὶ
508 3394 708 3465 μικροῦ
732 3393 846 3447 δεῖν
863 3391 1109 3463 ἀχρόνως
1134 3389 1531 3458 ἀναλαμϐάνων
1545 3390 1614 3441 τὰ
1628 3386 1972 3445 διδασκάλια.

397 3482 518 3538 εἶτα
543 3481 931 3547 ὲξελανθάνετο
959 3483 1120 3551 ταχὺ,
1156 3481 1184 3532 ὁ
1212 3480 1268 3532 δὲ
1305 3479 1491 3548 μόχθῳ
1524 3478 1702 3547 πολλῷ
1736 3477 1975 3546 εἰσδεχό-

402 3593 563 3646 μενος
597 3574 659 3627 τδ
688 3574 1015 3644 ὲρμήνευμα
1051 3573 1460 3642 παρακατεῖχεν
1505 3573 1586 3633 εἰς
1619 3571 1840 3641 μνήμην
1864 3571 1980 3634 διη-

400 3669 535 3739 νεκῆ
590 3667 955 3737 στεγόμενον·
993 3667 1086 3720 τὸν
1125 3666 1224 3736 μὲν
1260 3664 1479 3736 πρῶτον
1514 3664 1725 3717 ἐκεῖνον
1759 3662 1981 3730 λαγύνῳ

402 3762 622 3826 εἴκαζεν
650 3760 998 3830 εὐρυστόμῳ,
1039 3760 1169 3830 ῥᾷον
1220 3758 1321 3828 μὲν
1347 3757 1726 3828 πληρουμένη,
1764 3756 1894 3825 ῥᾷον
1925 3752 1980 3805 δὲ

405 3855 820 3926 ἀποκενουμένῃ
840 3869 856 3885 °
906 3854 999 3905 τὸν
1033 3852 1089 3906 δὲ
1120 3851 1373 3922 δεύτερον
1412 3849 1673 3919 ἀγγειδίῳ
1700 3850 1980 3917 συστόμῳ,

410 3949 631 4019 βράδιον
664 3948 760 4001 καὶ
791 3945 1176 4015 εἰσδεχομὲνῳ,
1208 3945 1303 3998 καὶ
1331 3942 1672 3998 ἁποπτύοντι
1700 3942 1761 3995 τὸ
1794 3941 1982 4008 ὑγρδν,

410 4042 506 4094 καλ⁵
532 4038 779 4095 τοιοῦτον
809 4039 910 4109 μὲν
940 4037 1004 4090 τὸ
1027 4036 1318 4105 σύστομον.
1344 4035 1580 4088 Βαθεῖαν
1602 4034 1660 4088 δὲ
1687 4032 1788 4102 τὴν
1814 4033 1987 4085 νύκτα

411 4132 563 4199 λέγει
596 4132 696 4202 τὴν
735 4130 1079 4197 παλαιτάτην
1122 4129 1180 4182 ὲν
1211 4129 1325 4190 τοῖς
1358 4128 1590 4189 ὲθνικοῖς
1636 4126 1870 4196 πλάνην,
1920 4124 1987 4176 δι’

416 4225 483 4295 ἢν
522 4224 598 4286 ὡς
632 4225 691 4276 ἐν
728 4222 920 4290 σκοτίᾳ
956 4220 1388 4291 περιπατοῦντες
1411 4260 1426 4285 ,
1474 4220 1573 4272 οὐκ
1607 4214 1752 4288 εἶχον
1798 4220 1857 4270 τὸ
1891 4217 1988 4283 τῆς

417 4317 673 4389 ἀληθείας
702 4315 925 4387 βλέπειν
971 4316 1107 4380 φῶς,
1140 4313 1251 4366 οὐδ’
1300 4312 1458 4366 αὐτοὶ
1500 4312 1786 4382 Ἕλληνες,
1834 4307 1916 4374 οἷς
1955 4313 1988 4381 ὴ

419 4409 562 4463 κατὰ
611 4408 819 4478 κόσμον
878 4406 1044 4474 σοφία
1095 4405 1405 4473 ἐνέλαμπε’
1447 4405 1544 4458 καὶ
1592 4400 1662 4477 ἦν
1695 4404 1990 4473 ἐκείνοιςή

428 4502 514 4567 νὺξ
544 4500 685 4571 αὕτη
718 4500 1109 4569 καινότροπος·
1141 4499 1203 4552 οὐ
1238 4498 1349 4569 γὰρ
1398 4498 1573 4569 ἥλιος.
1608 4499 1713 4568 γῆν
1767 4498 1991 4564 ὑποδὺς.

2058 2017 2156 2069 μα.
2182 1999 2333 2054 Talia
2360 2009 2490 2054 sunt
2510 2016 2570 2055 ea
2601 2016 2835 2071 quorum
2892 2014 2955 2054 os
3008 1998 3060 2052 in
3114 2006 3326 2052 arctam
3390 1992 3640 2049 introdu-

2059 2089 2298 2144 ctionem
2328 2098 2600 2156 tenuatur,
2643 2098 2699 2144 ut
2720 2088 2937 2143 obtrudi
2970 2086 3142 2157 possit
3169 2084 3490 2142 tenuissima
3522 2080 3637 2152 pel-

2060 2184 2244 2249 licula,
2274 2184 2353 2237 vel
2387 2192 2604 2251 stuppa,
2659 2182 2739 2237 vel
2801 2182 2977 2253 lignea
3027 2179 3316 2249 particula.
3369 2176 3642 2242 Συστομι-

2061 2275 2175 2340 ζειν
2194 2286 2280 2330 est
2321 2277 2484 2345 igitur
2513 2284 2721 2329 mutum
2762 2274 2939 2330 facere
2961 2271 3300 2335 convictum,
3357 2282 3424 2323 eo
3489 2265 3640 2337 quod

2062 2370 2287 2425 omnino
2323 2369 2511 2438 nequit
2543 2385 2607 2424 ex
2648 2384 2744 2424 ore
2794 2367 3039 2437 proferre
3071 2379 3398 2429 sermonem,
3439 2369 3494 2417 et
3526 2370 3645 2416 tan-

2063 2478 2226 2531 quam
2263 2462 2327 2516 ad
2358 2462 2576 2515 modum
2608 2475 2885 2515 crumena!
2936 2459 3017 2513 vel
3055 2458 3257 2512 urceoli
3309 2471 3416 2509 non
3465 2462 3646 2523 potest

2064 2558 2172 2611 late
2205 2555 2375 2621 hiare,
2407 2555 2499 2609 sed
2533 2554 2930 2609 contrahuntur
2963 2554 3123 2607 labia.
3156 2550 3310 2618 Quod
3338 2549 3650 2603 didicerunt

2068 2645 2554 2704 sani-tissimisiDei
2589 2646 2877 2715 discipulis
2896 2645 3195 2699 adversarii
3227 2643 3506 2712 sophista»,
3538 2654 3645 2693 non

2073 2749 2217 2794 metu
2246 2747 2339 2793 aut
2367 2741 2642 2803 violentia,
2677 2739 2768 2793 sed
2808 2738 3112 2808 apostolico
3168 2751 3424 2792 sermone
3447 2750 3475 2787 a
3541 2732 3650 2787 lleo

2070 2832 2488 2897 sapientissimo
2514 2832 2888 2901 proveniente,
2924 2848 3016 2884 ora
3049 2830 3313 2883 ohturati.

2146 3104 2236 3161 84.
2278 3102 2375 3156 llic
2401 3112 2578 3154 autem
2631 3116 2739 3154 non
2793 3112 3023 3167 prorsus
3075 3093 3518 3163 intempestivum
3565 3097 3662 3144 aut

2077 3196 2407 3267 superﬂuum
2440 3201 2524 3248 est
2560 3204 2819 3247 enarrare
2869 3188 3017 3258 quod
3051 3186 3273 3255 quidam
3307 3182 3661 3252 philosophus

2079 3290 2296 3345 duobus
2350 3284 2714 3350 auditoribus,
2765 3297 2906 3351 quos
2956 3294 3152 3349 magna
3227 3274 3663 3345 prosequebatur

2080 3396 2231 3444 cura,
2259 3379 2496 3444 deditus,
2522 3391 2754 3447 quorum
2800 3389 2942 3429 unus
2979 3371 3138 3427 facile
3170 3384 3235 3424 ac
3273 3368 3458 3424 suhito
3484 3364 3666 3421 suscio

2081 3474 2261 3543 piebat
2285 3471 2639 3534 documenta,
2676 3466 2772 3524 sed
2803 3466 2952 3521 brevi
2990 3473 3176 3534 postea
3213 3459 3663 3519 obliviscebatur.

2081 3569 2220 3622 alter
2250 3578 2447 3633 magno
2508 3562 2698 3617 labore
2758 3567 3072 3627 susceptam
3129 3552 3551 3622 explicationem
3603 3550 3661 3604 in

2083 3657 2348 3714 memoria
2373 3662 2635 3726 perpetuo
2663 3650 3032 3714 custodiebat,
3070 3648 3307 3718 primum
3332 3642 3548 3712 quidem
3573 3652 3665 3693 as-

2085 3748 2359 3807 similahat
2414 3763 2508 3801 ore
2559 3746 2709 3813 largo
2741 3743 2949 3809 lagenaa
3005 3753 3124 3809 qua:
3176 3736 3336 3791 facile
3388 3732 3663 3801 impletur,

2087 3845 2177 3899 sed
2213 3843 2368 3898 facile
2394 3852 2449 3897 et
2480 3847 2789 3903 vacuatur;
2843 3834 3145 3891 secundum
3204 3840 3387 3885 autem
3451 3823 3667 3896 angusti

2086 3937 2200 3991 oris
2225 3950 2410 3998 urceo,
2447 3932 2656 3987 tardius
2688 3928 2970 4000 recipienti
3025 3935 3078 3979 et
3121 3920 3383 3991 rejii-ienti
3444 3932 3666 3983 aqua-ii.

2089 4028 2221 4082 Tale
2282 4026 2499 4089 quidem
2552 4033 2633 4077 est
2687 4020 2935 4084 verbum,
2991 4016 3280 4083 σύστομον.
3332 4007 3667 4066 Profundam

2090 4131 2268 4175 autem
2301 4131 2510 4171 noctem
2545 4115 2675 4169 dicit
2704 4110 3142 4181 antiquissimum
3209 4103 3553 4157 ethnicorum
3584 4111 3675 4150 er-

2094 4227 2295 4275 rorem,
2329 4226 2422 4279 per
2448 4223 2605 4275 quem
2639 4207 2784 4259 velut
2816 4207 2868 4258 in
2907 4201 3145 4257 tenebris
3174 4195 3540 4253 ambulantes,
3563 4204 3672 4243 non

2093 4307 2345 4360 valehant
2365 4302 2608 4356 veritatis
2633 4299 2877 4368 aspicere
2902 4297 3109 4356 lumen,
3151 4306 3250 4345 nec
3268 4287 3484 4357 ipsimet
3501 4280 3672 4339 Gra‘ci

2096 4399 2297 4468 quibus
2332 4393 2598 4462 sapientia
2615 4392 2917 4447 secundum
2943 4386 3208 4440 mundum
3240 4383 3515 4435 illuxerat.
3545 4375 3679 4430 Erat

2100 4466 2279 4544 autem
2344 4486 2446 4540 illis
2491 4485 2589 4538 ista
2654 4497 2760 4536 uox
2826 4478 2950 4536 novi
3033 4474 3267 4545 generis.
3349 4468 3467 4525 Non
3532 4466 3678 4521 enim

419 4559 733 4664 zﬁvtxsieev
767 4559 1117 4663 σκιᾷ-ἐλύπει
1145 4559 1479 4662 τὴν-κτίσιΙνο
1499 4559 1679 4645 ἀλλ’-ό
1714 4592 1815 4662 μὲν
1845 4559 1986 4662 ἥλιος

2102 4586 2180 4638 sol
2219 4582 2320 4639 sub
2354 4591 2551 4635 terram
2576 4576 2799 4632 subiens
2816 4580 3119 4629 creaturam
3167 4566 3362 4623 eximie
3395 4559 3686 4619 contrista-

422 4687 522 4754 τῆς
549 4684 812 4752 ἀληθείας
840 4685 867 4738 δ
905 4684 1300 4752 ὑπερουράνιος
1334 4682 1574 4753 ἐπλήρου
1613 4683 1704 4736 τὸν
1755 4680 1996 4750 κόσμον·

424 4781 625 4833 ἐκεῖνοι
651 4778 708 4831 δὲ
738 4776 1033 4849 βλέποντες
1062 4775 1163 4828 οὐκ
1196 4774 1427 4827 ἔϐλεπον
1448 4790 1461 4804 ⁸
1490 4773 1686 4840 ἔμελλε
1721 4773 1776 4826 δὲ
1801 4773 1911 4841 ἄρα
1942 4773 1999 4824 ἐν

422 4869 501 4939 τῷ
528 4868 760 4939 ὕστερον
787 4866 1058 4921 ἀνάπαλιν
1097 4865 1339 4934 θαύματι
1368 4865 1427 4918 τὸ
1458 4863 1697 4932 ἔμπαλιν
1724 4864 1817 4915 τοῦ
1848 4862 2000 4933 πρώ-

425 4975 520 5011 του
569 4958 777 5021 πάθους
829 4956 1148 5023 ἐγγενέσθαι
1194 4958 1309 5017 τοῖς
1369 4954 1601 5008 ἔθνεσιν.
1635 4955 1765 5007 Ὅτε
1820 4955 1928 5024 γὰρ
1973 4953 2002 5006 ὁ

428 5051 618 5114 ἄδυτος
650 5053 799 5122 ἥλιος
833 5048 1127 5116 οὐρανόθεν
1160 5046 1437 5101 κατελθὼν
1470 5048 1559 5114 ἐφ’
1590 5049 1735 5117 ἡμᾶς
1768 5047 1874 5101 ὑπὸ
1898 5048 2003 5115 γῆν

429 5144 665 5213 γένοιτο,
702 5140 1009 5207 τηνικαῦτα
1030 5141 1266 5203 ἐκείνοις
1295 5140 1328 5209 ὴ
1357 5140 1552 5211 πρώτη
1608 5142 1706 5209 μὲν
1749 5137 2004 5207 ἀπηλάθη

429 5236 547 5301 νὺξ,
577 5233 861 5304 ἐπέλαμψε
903 5233 961 5286 δὲ
994 5231 1110 5302 φῶς
1138 5232 1199 5284 τὸ
1225 5232 1552 5301 ἀνέσπερον,
1609 5232 1807 5284 Ἰσῖέον
1838 5232 1893 5283 δὲ
1928 5232 2004 5290 ὡς

431 5329 621 5398 βαθεῖα
653 5326 751 5391 νῦξ
780 5327 929 5395 δηλοῖ
955 5326 1053 5392 μὲν
1077 5326 1176 5395 τὴν
1202 5323 1392 5395 ἄκρως
1428 5325 1706 5393 μέλαιναν,
1742 5325 1835 5376 καὶ
1867 5324 2009 5378 καθά

431 5440 513 5485 τις
554 5421 660 5490 ἔφη
695 5420 1088 5488 σκοτομήνιον·
1124 5419 1225 5488 τὴν
1258 5418 1574 5487 μεταφορὰν
1607 5417 1664 5470 δὲ
1697 5417 1911 5486 εῖληχεν
1948 5420 2010 5469 ἐκ

434 5516 543 5569 τῶν
586 5513 821 5585 βαθέων,
851 5512 948 5565 καὶ
986 5509 1264 5580 φρεάτων,
1296 5510 1391 5564 καὶ
1435 5511 1761 5580 φαράγγων,
1795 5510 1888 5561 καὶ
1920 5509 2011 5578 βό-

434 5605 603 5675 θρων,
658 5603 755 5656 καὶ
807 5599 1096 5668 πελαγέων
1131 5598 1254 5651 καθ’
1302 5594 1377 5651 ὧν
1433 5600 1492 5651 ού
1546 5599 1833 5652 διικνεῖται
1894 5595 2012 5665 φῶς

437 5694 703 5767 καθαρὸν,
732 5694 871 5764 ὅπερ
899 5690 1013 5745 ἀνω
1044 5690 1383 5759 φορούμενον
1430 5690 1613 5758 φύσει.
1652 5688 1812 5758 ὀλίγα
1840 5688 2011 5757 πέφυο

437 5806 532 5843 κεν
565 5786 916 5857 ἀσχολεῖσθαι
957 5783 1087 5851 περὶ
1118 5782 1189 5835 τὰ
1220 5781 1253 5849 ἢ
1292 5779 1464 5852 βαθέα
1494 5780 1528 5850 ἢ
1575 5778 1755 5842 ἄλλως
1782 5778 2014 5848 γωνιού-

440 5897 580 5949 μενα
600 5877 698 5934 καὶ
721 5873 1052 5939 παράϐυστα
1071 5887 1086 5906 θ
1122 5871 1378 5930 ἐντεῦθεν
1411 5870 1468 5927 δὲ
1499 5869 1721 5943 νοητέον
1753 5869 1846 5926 καὶ
1876 5869 2012 5942 βαθὺ

2100 4679 2191 4733 bat
2221 4678 2411 4731 mnhra
2444 4691 2457 4732 :
2488 4687 2676 4729 verum
2701 4670 2791 4723 hic
2834 4668 3052 4737 quilem
3114 4660 3356 4717 cmlestis
3417 4652 3683 4711 mundum

2100 4768 2346 4837 replebat
2376 4765 2457 4820 sol
2485 4761 2761 4821 veritatis;
2807 4757 2908 4812 sed
2942 4756 3017 4809 illi
3046 4755 3374 4824 aspicientes
3398 4761 3503 4801 non
3529 4741 3684 4800 vide-

2105 4864 2253 4917 bant.
2284 4858 2520 4913 Dehebat
2551 4853 2777 4923 proinde
2807 4850 2920 4905 ﬁeri
2967 4845 3222 4917 gentibus
3256 4844 3307 4896 in
3332 4838 3525 4894 ultimo
3559 4850 3690 4904 pro.

2103 4953 2251 5026 digio
2283 4949 2583 5020 quidquam
2616 4947 2741 4999 huic
2770 4944 2957 5012 prima:
3010 4935 3281 4994 all'eclioui
3306 4927 3685 4990 contrarium;

2105 5046 2303 5100 etenim
2331 5058 2453 5095 cum
2485 5039 2573 5092 ille
2612 5038 2691 5091 sol
2726 5032 3075 5093 indeliciens.
3108 5027 3173 5082 ad
3208 5041 3307 5080 nos
3360 5039 3421 5077 ex
3473 5020 3581 5074 alto
3610 5016 3692 5071 di-

2107 5137 2332 5198 missus,
2363 5133 2465 5187 sub
2490 5145 2688 5185 terram
2723 5124 3059 5181 intravisset.
3109 5118 3293 5173 statim
3344 5115 3465 5169 haec
3519 5111 3691 5178 prima

2109 5243 2215 5280 uox
2246 5225 2486 5285 evanuit,
2527 5222 2718 5290 eisque
2749 5219 2929 5271 lumen
2964 5215 3169 5281 absque
3210 5222 3439 5276 ve5pere
3491 5201 3691 5256 illuxit.

2109 5317 2418 5371 Notandum
2460 5323 2544 5368 est
2581 5323 2759 5366 autem
2786 5307 2931 5378 quod
2956 5305 3123 5361 dictio
3180 5295 3445 5372 profunda
3478 5309 3583 5350 nox
3604 5307 3694 5347 os-

2112 5410 2278 5462 tendit
2308 5408 2453 5462 illam
2489 5404 2663 5459 fuisse
2707 5415 2919 5456 suntme
2976 5397 3208 5466 nigrant,
3252 5390 3477 5446 illunem
3524 5401 3589 5440 ac
3620 5393 3699 5436 te-

2111 5501 2476 5554 nebricosam.
2496 5496 2807 5566 Metaphora
2827 5508 2951 5547 vero
2974 5496 3186 5558 sumpta
3206 5494 3286 5540 est
3304 5482 3371 5537 de
3392 5476 3701 5549 profundis,

2113 5591 2315 5664 puteis,
2341 5589 2641 5654 barathris,
2674 5585 2862 5649 foveis,
2901 5581 3122 5653 pelagis,
3149 5579 3203 5632 in
3227 5590 3349 5646 quae
3377 5586 3487 5626 non
3527 5580 3696 5637 pcne-

2111 5661 2221 5742 trat
2248 5696 2440 5754 purum
2472 5681 2651 5734 lumen
2675 5695 2690 5747 ;
2714 5678 2859 5748 quod
2894 5685 3086 5729 natura
3116 5683 3332 5725 sursum
3407 5661 3697 5717 elevatum.

2117 5752 2262 5832 circa
2298 5770 2572 5844 profunda
2601 5770 2688 5825 vel
2717 5769 2853 5825 alias
2884 5765 3140 5837 angulata
3177 5775 3273 5816 seu
3338 5752 3538 5844 furtiva
3580 5759 3701 5844 ’ρα-

2119 5882 2241 5927 rum
2272 5838 2357 5925 est
2384 5863 2589 5923 versari
2623 5869 2836 5920 natum.
2870 5855 3079 5915 Exinde
3108 5864 3327 5924 quoque
3382 5838 3701 5908 concipien-
