4050 6480
342 382 448 444 ὅθί)

1024 382 1446 443 EUSTATHII
1487 381 1774 441 THESSA
1787 380 2243 446 LONICENSIS
2284 384 2846 448 METROPOLITJ!

3496 393 3606 454 600

339 494 470 550 dum
498 503 583 550 est
616 494 765 549 illam
792 494 858 549 ad
884 497 1061 551 solum
1088 509 1262 561 usque.
1286 492 1612 564 profundam
1651 493 1928 548 adoratio-

2045 502 2312 572 ιτροσκύνη
2324 520 2398 572 μα
2438 502 2500 554 τὸ
2525 503 2632 565 ἕως
2663 504 2915 572 ἐδάφους,
2948 505 3043 558 καὶ
3086 501 3310 575 βαθεῖαν
3340 508 3607 578 γαλήνην,

346 603 469 642 nem
525 593 579 642 et
614 587 938 657 profundam
998 588 1368 651 serenitatem,
1420 601 1586 655 quam
1655 587 1747 656 qui
1811 600 1920 641 non

354 680 539 745 habet,
573 695 637 734 ex
671 679 828 749 aquis
855 678 1143 749 profundis
1168 677 1312 748 eripi
1341 692 1402 733 se
1431 688 1712 747 precatur.

417 771 630 828 85.Vox
681 773 1106 843 ὲξαιρουμένους
1166 780 1249 827 est
1306 787 1406 842 pro
1454 772 1923 841 ἐκλαμϐάνοντος,

346 875 399 922 et
433 867 513 921 sic
561 868 875 921 educentes.
905 868 1016 921 Dici
1049 870 1190 922 εοιμι
1239 867 1305 923 de
1346 867 1411 923 iis
1442 882 1561 937 qute
1600 883 1665 921 ex
1695 865 1925 937 profun-

345 961 415 1015 do
450 970 742 1014 eruuntur.
787 959 1035 1013 Extrahit
1069 959 1231 1028 igitur
1263 959 1462 1028 aliquis
1515 974 1638 1013 eum
1677 958 1772 1029 qui
1833 958 1928 1013 de-

344 1053 636 1122 mergendo
689 1050 1009 1117 suffocatur,
1072 1059 1167 1105 aut
1222 1052 1273 1105 iu
1323 1049 1654 1121 profundum
1709 1064 1926 1105 caenum

345 1145 528 1212 lapsus
553 1155 638 1198 est
668 1160 682 1211 ;
719 1144 801 1197 vel
832 1146 1002 1213 magis
1041 1144 1270 1210 trepice,
1301 1143 1393 1210 qui
1432 1143 1627 1197 cecidit
1652 1141 1705 1195 in
1750 1142 1924 1207 capti-

343 1237 582 1290 vitatem.
613 1236 748 1290 Iluic
778 1246 957 1289 autem
1007 1235 1242 1304 ἐξαιρεῖν
1290 1233 1467 1289 afiiuia
1500 1243 1626 1289 sunt
1654 1231 1929 1297 ἐξελέσθαι

346 1336 401 1380 et
434 1326 663 1390 ἐξελεῖν.
710 1326 862 1381 Talia
925 1341 1055 1381 vero
1115 1341 1226 1380 non
1285 1335 1412 1380 sunt
1489 1324 1834 1394 ἀναιρεῖσθαι
1875 1336 1932 1379 et

346 1417 635 1471 ἀνελέσθαι
664 1435 676 1470 :
704 1434 810 1472 non
842 1418 985 1472 enim
1007 1434 1070 1470 ex
1105 1418 1375 1485 profundo
1408 1418 1794 1487 suscipientes,
1831 1415 1926 1471 Sed

345 1508 557 1579 lapsum
589 1510 879 1578 erigentes,
905 1510 1140 1578 aliquem
1169 1511 1447 1564 elevamus
1480 1526 1496 1578 ;
1524 1524 1576 1564 et
1599 1510 1677 1564 sic
1713 1509 1928 1564 indica-

350 1600 433 1656 bit
470 1601 613 1656 istud
663 1602 949 1655 ιάνείλετο
991 1604 1219 1658 ἐκεῖνον.
1254 1603 1408 1671 Quod
1459 1615 1637 1659 autem
1683 1604 1744 1657 τὸ
1787 1603 1932 1669 ἐξαι-

353 1691 567 1763 ρεῖσθαι
595 1705 649 1748 et
670 1696 695 1746 ὁ
727 1694 1136 1764 ἐξαιρούμενος,
1160 1712 1223 1749 ex
1248 1696 1446 1766 quibus
1466 1705 1593 1751 sunt
1625 1695 1934 1766 ὑπεξαιρεϊ-

355 1783 481 1837 σθαι
537 1794 590 1838 et
633 1785 662 1837 ὀ
720 1785 1207 1854 ὑπεξαιρούμενος,
1292 1790 1561 1855 passivam
1642 1785 1933 1855 aliquando

354 1876 813 1945 significationem
844 1877 1100 1943 habeant,
1147 1894 1251 1931 non
1277 1888 1357 1932 est
1386 1879 1693 1946 ambigendi
1757 1879 1931 1935 locus.

355 1970 590 2040 Pupulos
639 1982 814 2024 autem
892 1974 1189 2026 itumensos
1267 1971 1612 2027 solummodo
1661 1972 1793 2025 dicit
1839 1985 1934 2025 eos

352 2063 443 2132 qui
481 2063 691 2133 fulgore
737 2062 971 2133 Spiritus
1030 2063 1330 2118 illuminati-
1380 2073 1531 2119 sunt.
1596 2060 1751 2119 Licet
1785 2064 1932 2119 enim

354 2158 491 2213 aiias
523 2156 760 2211 maxime
797 2156 1084 2225 gentilium
1114 2153 1456 2211 immensitas
1489 2165 1690 2223 pateat.
1735 2156 1779 2209 si
1813 2155 1937 2225 quis

351 2263 446 2303 eos
470 2249 562 2318 qui
591 2250 754 2304 etiam
784 2263 930 2303 nunc
968 2247 1023 2301 iu
1059 2247 1301 2303 tenebris
1338 2262 1589 2301 errorum
1619 2247 1923 2313 ambulant,

357 2348 412 2395 et
443 2351 716 2396 nocturno
748 2350 993 2409 tempore
1022 2348 1214 2395 contra
1252 2356 1349 2392 nos
1377 2339 1729 2405 insidiantur,
1756 2342 1939 2395 consi-

353 2435 542 2502 deret;
573 2443 811 2486 attamen
859 2432 1113 2487 immensi
1161 2447 1383 2500 qunque
1450 2441 1577 2485 sunt
1629 2433 1936 2487 secundum

355 2525 525 2579 Deum
583 2523 872 2579 illuminati
902 2541 915 2576 :
942 2530 997 2577 et
1027 2522 1186 2577 nobis
1253 2532 1379 2576 ante
1414 2522 1607 2578 oculos
1663 2522 1940 2577 ducantur

352 2632 545 2672 otiines
577 2617 772 2681 sancti,
805 2631 1139 2687 prorsusque
1180 2615 1506 2671 mirabimur
1560 2630 1752 2670 eorum
1817 2614 1942 2670 infi-

354 2711 604 2778 nitatem,
676 2711 775 2765 etsi
823 2725 931 2769 non
992 2710 1211 2780 proprie
1287 2725 1573 2765 sumamus
1640 2710 1821 2765 istam.
1882 2709 1938 2765 Si

355 2803 503 2855 enim
537 2817 639 2857 nec
665 2816 856 2856 omnes
888 2802 1137 2856 homines
1168 2802 1258 2870 qui
1293 2803 1362 2859 ab
1384 2803 1553 2857 Adam
1582 2803 1647 2856 ad
1679 2817 1939 2857 consum-

362 2894 656 2949 mationem
715 2910 888 2964 usque
938 2895 1123 2951 saeculi
1152 2906 1300 2962 sunt,
1340 2910 1523 2952 coram
1564 2895 1678 2951 Deo
1722 2896 1942 2967 proprie

360 2983 615 3040 dicentur
671 2985 940 3038 innumeri
995 2984 1078 3038 vel
1126 2983 1346 3047 infiniti,
1398 2982 1677 3052 quomodo
1735 2984 1940 3039 sanctis

357 3076 483 3147 ejus
510 3084 565 3132 et
607 3076 822 3131 caeteris
854 3077 1018 3131 simul
1049 3075 1380 3131 Christianis
1415 3074 1656 3129 infinitas
1719 3088 1942 3143 compe-

2028 592 2096 664 ἢν
2127 596 2154 647 ὁ
2188 595 2261 664 μὴ
2289 595 2449 666 ἔχων,
2481 595 2697 662 εὔξεται
2726 596 2993 669 ῥωσθῆναι
3023 598 3089 651 ἐκ
3118 599 3228 653 τῶν
3255 599 3465 671 βαθέων
3485 601 3611 656 661a-

2027 701 2159 739 των.

2102 778 2206 835 πε’.
2263 781 2337 833 Τδ
2385 780 2441 834 δὲ
2493 781 2912 851 ἐξαιρουμένους
2945 781 3162 853 είρηται
3194 783 3293 852 μὲν
3334 785 3460 853 ἄρτι
3491 786 3613 838 ἀντὶ

2029 872 2124 923 τοῦ
2155 873 2606 939 ἐκλαμϐάνοντας
2642 875 2740 928 καὶ
2780 874 2953 936 οὕτως
2979 875 3279 944 ἐξάγοντας
3303 894 3319 911 ο
3357 877 3614 944 λέγεσθαι

2030 965 2085 1017 δὲ
2122 963 2312 1018 εἴωθεν
2342 966 2434 1019 ἐπὶ
2466 967 2576 1019 τῶν
2609 968 2673 1019 ὲκ
2716 967 2917 1038 βάθους
2944 968 3283 1022 ἀνελκόντων
3304 970 3613 1039 ὁτιδήποτε.

2043 1055 2376 1124 Ἐξαιρεῖται
2442 1059 2573 1127 γοῦν
2623 1076 2709 1121 τις
2772 1060 2866 1112 τὸν
2930 1060 2988 1112 ἐν
3049 1059 3126 1129 τῷ
3184 1061 3615 1130 κατακολυμὸᾷν

2032 1149 2290 1216 πνιγμδν,
2323 1151 2416 1201 καὶ
2446 1151 2537 1207 τὸν
2579 1151 2889 1217 ἐμπεσόντα
2940 1152 3045 1205 ίλύϊ
3080 1150 3272 1220 βαθείᾳ
3298 1168 3314 1185 ’
3364 1154 3615 1207 ἐντεῦθεν

2031 1239 2087 1292 δὲ
2116 1242 2525 1311 τροπικὼτερον
2555 1243 2655 1296 καὶ
2691 1243 2781 1295 τὸν
2812 1244 3170 1314 αἰχμαλωσίᾳ
3202 1246 3580 1313 περιπεσόντα
3599 1261 3615 1276 ⁴

2032 1331 2111 1399 τῷ
2141 1333 2198 1386 δὲ
2226 1335 2455 1401 τοιούτῳ
2490 1334 2728 1403 ἐξαιρεῖν
2762 1335 3045 1404 σύστοιχόν
3085 1336 3202 1388 ἐστι
3234 1335 3332 1388 καὶ
3356 1336 3417 1388 τὸ
3444 1336 3621 1401 ἑξελέ-

2036 1423 2161 1477 σθαι
2212 1425 2303 1478 καὶ
2332 1425 2534 1491 ἐξελεῖν
2557 1441 2570 1457 ·
2596 1427 2658 1479 ού
2682 1426 2911 1480 τοιαῦτα
2936 1428 2993 1481 δὲ
3026 1427 3116 1480 καὶ
3144 1428 3490 1498 ἀναιρεῖσθαι
3522 1430 3619 1481 καὶ

2035 1517 2343 1572 ἀνελέσθαι.
2381 1519 2453 1572 Οὐ
2482 1519 2589 1590 γὰρ
2624 1520 2686 1572 ἐκ
2724 1519 2921 1590 βάθους
2961 1520 3440 1589 ἀνα).αμ6ἀνοντές
3471 1539 3616 1587 τινα,

2035 1609 2269 1661 πεσόντι
2325 1610 2379 1662 δὲ
2429 1610 2718 1681 ὀρθοῦντες
2766 1610 3165 1678 ἀναιρούμεθα,
3225 1613 3320 1665 καὶ
3352 1612 3426 1675 ὡς
3456 1613 3621 1665 τοῦτο

2036 1700 2254 1767 ποιήσει
2290 1700 2533 1755 ἀνείλετο
2564 1703 2794 1756 ἐκεῖνον.
2820 1702 2947 1755 Ὅτι
2976 1703 3032 1756 δὲ
3077 1703 3138 1755 τὸ
3169 1703 3499 1772 ἐξαιρεῖσθαι
3523 1704 3620 1756 καὶ⁵

2037 1790 2065 1841 ό
2101 1791 2493 1859 ἐξαιρούμενος
2527 1793 2623 1845 καὶ
2653 1792 2967 1861 παθητικήν
2999 1811 3128 1847 ποτε
3156 1795 3433 1861 σημασίαν
3461 1793 3619 1865 ἔχου-

2039 1899 2145 1946 σιν,
2174 1882 2231 1948 ἐξ
2253 1874 2327 1936 ὧν
2364 1884 2459 1938 καὶ
2482 1883 2544 1938 τὸ
2577 1884 2991 1954 ὑπεξαιρεῖσθαι
3027 1888 3122 1940 καὶ
3152 1889 3182 1941 ὁ
3211 1887 3615 1957 ὑπεξαιρούμε-

2037 1991 2148 2040 νος,
2184 1976 2282 2027 οὐκ
2310 1976 2459 2029 ἔστιν
2498 1978 2849 2047 ἀμιςιὸολεῖν.
2888 1980 3065 2042 Λαοὺς
3097 1979 3155 2033 δὶ
3191 1981 3456 2049 ἀπείρους
3490 1981 3616 2040 τοὺς

2038 2069 2103 2134 τῇ
2143 2069 2398 2137 ἀστραπῇ
2432 2067 2921 2137 καταλαμφθέντας
2948 2069 3043 2122 τοῦ
3077 2069 3392 2137 Πνεύματος
3425 2069 3624 2138 μόνους

2039 2159 2227 2229 φησίν.
2276 2159 2337 2210 Εἰ
2389 2159 2497 2229 γὰρ
2528 2159 2702 2221 ἄλλως
2743 2159 2980 2228 μάλιστα
3032 2161 3142 2213 τῶν
3181 2161 3355 2214 ἐθνῶν
3385 2159 3619 2228 ἀπειρία

2040 2252 2437 2319 κατακέχυται,
2473 2249 2527 2303 εἴ
2563 2268 2645 2313 τις
2677 2252 2802 2313 τοὺς
2835 2251 2915 2304 ἔτι
2950 2253 3042 2304 καὶ
3070 2252 3434 2321 νυκτιπόρους
3463 2252 3520 2303 ἐν
3548 2252 3615 2320 τῇ

2040 2342 2242 2413 πλάνῃ,
2280 2343 2377 2396 καὶ
2404 2342 2760 2413 νυκτιλόχους
2805 2343 2861 2395 δὲ
2916 2344 3039 2397 καθ’
3081 2344 3239 2411 ἡμῶν
3286 2345 3616 2397 σκέπτοιτο·

2043 2434 2279 2488 ἀλλὀὖν
2324 2435 2545 2504 ἄπειροι
2581 2436 2676 2488 καὶ
2730 2438 2777 2489 oi
2824 2438 2962 2490 κατά
3012 2438 3143 2489 Θεὸν
3190 2439 3618 2504 πεφωτισμένοι,

2041 2529 2136 2582 καὶ
2170 2529 2609 2599 προαχθήτωσαν
2643 2529 2774 2597 ἡμῖν
2807 2531 2885 2591 είς
2915 2530 3123 2582 ἔννοιαν
3153 2531 3200 2582 oi
3227 2527 3370 2596 ἅγιοι
3397 2529 3622 2594 πάντες,

2043 2621 2138 2674 καὶ
2197 2620 2416 2684 πάντως
2470 2619 2873 2689 θαυμασόμεθα
2930 2619 2989 2672 τὸ
3029 2621 3087 2672 ἐν
3121 2620 3305 2681 αὐτοῖς
3360 2618 3615 2689 ἄπειρον,

2041 2715 2100 2766 οὐ
2134 2712 2667 2782 κυριολεκτούμενον
2698 2712 2818 2767 οὐδὲ
2848 2713 2998 2766 αὐτό.
3031 2713 3094 2765 El
3115 2713 3224 2782 γὰρ
3255 2712 3388 2781 μηδὲ
3420 2714 3624 2774 πάντες

2042 2804 2323 2875 ἄνθρωποι
2374 2803 2425 2856 οί
2476 2801 2537 2867 ἐξ
2573 2801 2746 2870 Ἀδὰμ
2793 2803 2888 2856 καὶ
2934 2804 3096 2873 μέχρι
3158 2802 3470 2866 συντελείας
3521 2801 3618 2856 τοῦ

2043 2897 2253 2966 κόσμου
2288 2896 2511 2965 ἄπειροι
2541 2894 2694 2964 παρὰ
2732 2893 2807 2964 τῷ
2843 2893 2963 2965 Θεῷ
2998 2893 3206 2963 κυρίως
3235 2892 3620 2963 λεχθήσονττι,

2045 2992 2161 3053 πῶς
2197 2990 2262 3043 ἂν
2288 2991 2399 3051 τοῖς
2432 2989 2611 3055 ἁγίοις
2639 2987 2875 3050 ἐκείνου,
2911 2987 3004 3040 καὶ
3034 2989 3146 3049 τοῖς
3179 2985 3361 3049 ἄλλοις
3389 2985 3445 3038 δὲ
3477 2983 3621 3054 ὁμοῦ

2043 3083 2401 3150 Χριστιανοίς
2430 3078 2661 3148 ἀπειρία
2699 3079 3129 3149 ὲπαληθεύοιτος
3164 3077 3316 3132 Είσὶν
3363 3072 3459 3131 οὖν
3499 3076 3624 3131 λαοὶ

361 3170 544 3225 teret?
576 3168 719 3223 Sunt
748 3184 878 3239 ergo
901 3168 1084 3240 populi
1111 3168 1334 3232 infiniti,
1368 3182 1602 3237 quorum
1627 3166 1941 3230 multitudo,

2054 3174 2295 3239 ἄπειροι,
2325 3165 2400 3224 ὧν
2428 3171 2491 3225 τὸ
2518 3170 2723 3237 πλῆθος
2755 3170 2804 3223 el
2832 3172 2927 3224 καὶ
2962 3174 3328 3240 πεπέρασται,
3355 3169 3472 3223 ἀλλ’
3491 3170 3626 3241 ἡμῖν

360 3263 489 3320 licet
519 3264 716 3319 haheat
748 3262 930 3330 linem,
964 3262 1125 3319 nobis
1159 3270 1343 3317 tamen
1385 3278 1492 3316 non
1526 3272 1611 3317 est
1642 3262 1813 3331 magis
1844 3273 1943 3313 no-

358 3369 438 3425 ta,
468 3373 630 3429 quam
666 3358 810 3425 quod
846 3366 930 3412 est
955 3356 1173 3426 proprie
1220 3355 1514 3410 inﬁnitum.
1554 3354 1611 3409 Si
1645 3370 1774 3409 vero
1803 3367 1944 3423 quo-

359 3467 467 3521 que
485 3456 631 3505 terra
657 3460 769 3504 tum
791 3463 908 3503 esse
929 3447 1130 3503 dicitur
1160 3445 1449 3512 immensa,
1479 3455 1593 3500 tum
1617 3444 1819 3500 habere
1838 3456 1945 3500 ter-

362 3543 565 3609 minos,
599 3539 1004 3596 observandum
1049 3547 1133 3592 est
1169 3539 1271 3592 huc
1313 3541 1475 3592 etiam
1502 3537 1631 3591 utile
1664 3536 1944 3606 praesenti-

362 3636 466 3692 bus
496 3634 764 3690 futurum.
796 3632 981 3688 Eidem
1033 3631 1195 3686 etiam
1231 3632 1354 3685 usui
1407 3631 1643 3684 inservit
1682 3629 1888 3686 dictum
1926 3647 1940 3684 :

367 3750 388 3785 ι
450 3730 672 3803 Populis
715 3726 948 3782 infinitis
1001 3724 1477 3780 consentientibus
1515 3744 1559 3786 ι,
1595 3724 1741 3792 quod
1796 3724 1942 3792 apud

364 3824 532 3880 alium
560 3831 776 3891 poetam
807 3818 1106 3873 invenitur.

436 3912 527 3970 86.
556 3911 876 3982 Fulguratio
904 3922 1031 3961 vero
1063 3906 1236 3959 saueii
1273 3903 1533 3972 Spiritus,
1559 3917 1612 3957 et
1644 3903 1944 3973 pratsertim

365 4007 457 4064 ilia
486 4021 608 4076 qua:
637 4009 850 4068 Spectat
877 3999 947 4055 ad
982 3997 1303 4052 hodiernam
1339 3996 1712 4060 festivitatem,
1749 3996 1803 4051 in
1835 4012 1942 4066 qua

367 4104 500 4154 sunt
553 4093 781 4164 spiritus
829 4091 1121 4145 vehemens
1160 4097 1215 4142 et
1256 4088 1421 4157 ignita
1476 4088 1684 4159 lingua,
1736 4088 1941 4159 aliquid

367 4190 657 4247 suavitatis
686 4186 931 4241 additum
985 4180 1254 4253 majestati
1290 4182 1452 4237 habet
1498 4196 1561 4235 ex
1584 4181 1816 4235 naturali
1852 4196 1945 4235 co-

367 4283 631 4356 gitatione
661 4294 757 4351 per
788 4292 953 4348 quam
986 4276 1053 4330 ad
1079 4273 1478 4330 div-inissimam
1513 4272 1944 4343 speculationem

368 4374 669 4447 anagogiee
699 4371 972 4427 ducimur.
1011 4368 1230 4424 Scimus
1263 4367 1409 4420 enim
1476 4363 1622 4435 quod
1665 4363 1946 4420 sensibilis

368 4469 663 4540 fulguratio
708 4466 1020 4525 sensibilem
1051 4464 1328 4536 spiritum,
1369 4473 1499 4518 ante
1545 4459 1823 4531 propriam
1856 4474 1946 4528 ge-

2051 3265 2151 3317 οὐκ
2182 3263 2452 3329 ἔγνωσται
2486 3260 2561 3325 ὡς
2588 3262 2711 3316 οὐδὲ
2741 3260 2804 3314 τὸ
2831 3261 3036 3331 κυρίως
3064 3260 3314 3331 ἄπειρον.
3350 3261 3412 3314 Εί
3445 3261 3502 3316 δὲ
3526 3259 3623 3314 καὶ

2042 3359 2115 3426 γῆ
2147 3355 2283 3410 ποτὲ
2310 3356 2409 3425 μὲν
2439 3355 2687 3426 ἀπείρων
2717 3349 2860 3407 εἶναι
2891 3353 3134 3421 λέγεται,
3168 3353 3296 3406 ποτὲ
3324 3353 3381 3407 δὲ
3409 3353 3626 3421 πέρατα

2043 3448 2210 3518 ἔχειν,
2236 3447 2596 3500 ἐπισκεπτέον
2622 3446 2717 3498 καὶ
2741 3446 2918 3498 ἐκεῖνο
2947 3445 3226 3514 χρήσιμον
3245 3445 3358 3506 τοῖς
3386 3441 3628 3495 ἐνταῦθα

2044 3539 2307 3605 ἐσόμενον
2326 3555 2341 3570 υ
2380 3526 2714 3607 ἐνθυμητέον
2742 3537 2797 3588 δὲ
2833 3537 2969 3606 πρὸς
3003 3535 3198 3604 ὁμοίαν
3225 3535 3420 3606 χρείαν
3446 3535 3542 3587 καὶ
3566 3533 3629 3587 τὸ

2043 3629 2195 3682 λαῶν
2248 3630 2495 3698 ἀπείρων
2532 3628 2998 3698 συμφωνούντων,
3050 3625 3080 3680 ὃ
3130 3626 3196 3698 δὴ
3256 3624 3410 3697 παρά
3455 3625 3629 3696 ἑτέρῳ

2046 3723 2229 3777 κεῖται
2262 3719 2509 3792 μελῳδῷ.

2125 3903 2247 3964 πςο.
2272 3896 2340 3949 Ἦ
2368 3894 2425 3949 δὲ
2448 3892 2703 3964 ἀστραπὴ
2729 3891 2825 3947 τοῦ
2848 3891 3006 3961 ἁγίου
3033 3892 3175 3946 Πνεύ
3186 3908 3379 3962 ματος,
3408 3890 3501 3944 καὶ
3526 3891 3626 3961 μά-

2044 3992 2207 4047 λιστα
2239 3987 2438 4059 ἡκατά
2465 3986 2566 4057 τὴν
2604 3986 2847 4056 σήμερον
2886 3985 3106 4055 ἑορτὴν,
3147 3985 3205 4037 ὲν
3303 3983 3443 4055 πνοὴ
3478 3982 3629 4046 βιαία

2047 4083 2145 4138 καὶ
2196 4081 2446 4150 γλῶσσαι
2496 4077 2692 4144 πυρὸς,
2741 4077 2855 4147 ἔχει
2904 4075 3247 4151 γλυκύτητός
3294 4092 3350 4128 τι
3380 4075 3515 4144 πρὸς
3550 4076 3639 4143 τῷ⁶

2050 4172 2237 4244 σεμνῷ
2288 4172 2386 4225 καὶ
2419 4171 2484 4223 ἐκ
2524 4169 2624 4237 τῆς
2677 4168 2823 4222 κατά
2871 4165 3036 4236 φύσιν
3089 4166 3321 4229 ἐννοίας,
3354 4165 3423 4219 δι’
3452 4160 3519 4237 ἦς
3548 4165 3633 4226 είς

2050 4264 2289 4335 θεωρίαν
2322 4262 2611 4331 θειοτάτην
2639 4257 2979 4331 ἀναγόμεθα.
3025 4256 3263 4328 Οἴδαμεν
3291 4257 3401 4328 γὰρ
3430 4256 3507 4318 ὼς
3537 4252 3633 4307 καὶ

2051 4358 2086 4426 ἡ
2119 4356 2244 4409 κατ’
2278 4354 2535 4423 αἴσθησιν
2591 4353 2846 4423 ἀστραπὴ
2902 4346 3125 4418 πνεῦμα
3161 4349 3417 4419 αἰσθητὸν
3468 4349 3635 4417 προῦ-

2053 4449 2272 4520 πάρξαν
2302 4448 2545 4502 αἰτιᾶται
2579 4446 2676 4517 τῆς
2712 4446 2924 4506 οἰκείας
2956 4444 3224 4511 γενέσεως
3246 4457 3260 4472 °
3314 4433 3376 4495 οὗ
3413 4439 3630 4508 ἐγκλει-

373 4529 716 4619 neratiouem
734 4563 844 4633 jam
865 4559 1244 4626 exsistentem,
1266 4557 1515 4626 hancque
1532 4553 1941 4623 producentem,

2059 4541 2276 4595 σθέντος
2306 4539 2414 4592 ἔσω
2466 4536 2697 4606 νεφέλης
2742 4533 2839 4589 καὶ
2867 4533 2933 4603 τῇ
2969 4534 3183 4602 κινήσει
3214 4529 3634 4598 ἐκπυρωθέντος

367 4656 543 4727 arguit
568 4672 585 4712 :
612 4670 722 4724 quo
746 4654 886 4709 intra
913 4651 1160 4707 nebulam
1184 4649 1423 4710 incluso,
1449 4659 1710 4718 motuque
1736 4645 1946 4702 inflam-

371 4759 543 4816 mato,
574 4756 738 4818 atque
772 4746 977 4801 exitum
1004 4753 1307 4812 quaerente,
1332 4741 1682 4795 tenebrarum
1706 4738 1948 4793 violenta

373 4842 619 4898 scissura
653 4837 956 4894 tonitruum
988 4834 1172 4898 efﬁcit,
1223 4831 1642 4901 fulgurationem
1675 4843 1806 4884 vero
1830 4840 1953 4896 qua:

375 4933 593 4991 diurnis
616 4929 897 4987 coloribus
924 4941 1053 4982 aera
1080 4924 1276 4995 pingit,
1301 4922 1527 4992 spiritus
1553 4926 1798 4990 generat.
1818 4919 1950 4983 Quae

377 5042 539 5099 porro
562 5022 787 5096 physica
811 5036 934 5076 cum
957 5021 1090 5085 sint,
1110 5017 1163 5073 in
1187 5016 1441 5088 praesenti
1462 5013 1752 5069 festivitate
1773 5009 1954 5064 sciunt

378 5135 504 5176 eum
532 5119 730 5174 docere
751 5115 843 5186 qui
871 5112 1021 5182 cupit
1043 5110 1286 5180 undique
1316 5108 1459 5177 quod
1483 5107 1632 5179 pium
1657 5112 1741 5160 est
1771 5103 1955 5158 lucro-

378 5225 441 5266 se
478 5222 746 5279 quaerere.
779 5200 933 5271 Quod
964 5211 1170 5267 autem,
1204 5202 1349 5256 sicut
1387 5208 1606 5253 noctem
1644 5195 1789 5266 ignis
1824 5194 1953 5249 illu-

381 5300 576 5361 minat,
607 5304 662 5351 et
688 5310 794 5351 non
823 5291 947 5350 dico
1008 5292 1188 5363 ignem
1226 5292 1373 5345 hunc
1415 5289 1699 5358 antiquum
1752 5283 1959 5340 Judaeis

385 5387 652 5445 auxilium
718 5390 1091 5455 prae~tantem,
1125 5381 1218 5436 sed
1261 5379 1560 5449 simplicem
1617 5380 1817 5448 ignem,
1881 5375 1959 5429 sic

387 5480 555 5535 etiam
587 5475 1199 5547 fulguratio;quodque
1241 5487 1385 5540 saepe
1437 5472 1666 5525 multum
1698 5469 1851 5536 juvat
1905 5476 1960 5524 et

386 5572 630 5626 viatores
646 5580 699 5624 et
718 5569 1079 5640 navigatores,
1099 5576 1155 5621 et
1172 5568 1307 5635 ipsis
1330 5573 1415 5620 est
1431 5564 1620 5629 saluti,
1644 5572 1845 5617 norunt
1865 5562 1958 5632 qui

389 5670 523 5718 sunt
564 5663 800 5730 experti,
835 5661 977 5729 apud
1011 5674 1149 5730 quos
1180 5660 1342 5713 etiam
1390 5658 1687 5727 gratiarum
1751 5654 1958 5716 debita,

387 5764 545 5826 puto,
566 5755 770 5810 talibus
789 5752 1035 5822 fuigetris
1061 5759 1434 5807 reservantur.
1458 5748 1626 5803 Multo
1642 5762 1770 5802 vero
1789 5745 1962 5816 magis

392 5852 449 5899 et
469 5845 619 5910 omni
642 5844 807 5902 modo
836 5841 1105 5899 maximas
1127 5840 1389 5897 debemus
1415 5838 1619 5911 gratias
1641 5837 1812 5893 sancti
1838 5834 1961 5905 Spi-

2058 4631 2154 4685 καὶ
2184 4627 2477 4699 ζητοῦντος
2509 4626 2864 4694 ὲκπόρευσιν,
2912 4625 2945 4692 ἡ
2987 4623 3085 4693 μὲν
3124 4618 3218 4673 τοῦ
3267 4618 3466 4686 γνόφου
3496 4617 3635 4687 πρὸς

2060 4723 2185 4795 βίαν
2217 4718 2627 4795 ῥῆξις-βροντὴν
2645 4716 2917 4781 ἀποτελεῖ,
2944 4713 3234 4785 ἀστραπὴν
3251 4711 3307 4764 δὲ
3325 4710 3387 4763 τὸ
3412 4708 3635 4779 Πνεῦμα

2055 4818 2223 4883 ποιεῖ,
2256 4815 2349 4869 τὸν
2371 4814 2509 4882 ἀέρα
2531 4809 2854 4883 χρώζουσαν
2873 4802 3210 4878 ήμεροφαῶς
3232 4818 3248 4834 ο
3280 4801 3315 4856 δι
3339 4800 3403 4871 δὴ
3429 4795 3636 4867 φυσικά

2056 4909 2188 4962 ὄντα
2239 4904 2614 4978 ἑορταστικῶς
2671 4897 2782 4955 οἶδε
2828 4900 2921 4952 νῦν
2968 4895 3213 4967 σοφίζειν
3249 4893 3340 4947 τδν
3384 4890 3638 4944 ἐθέλοντα

2057 4998 2366 5068 κερδαίνειν
2399 4995 2665 5049 πάντοθεν
2698 4991 2758 5045 τὸ
2786 4988 3071 5050 θεοσεϐὲς·
3109 4987 3192 5040 ὃτι
3245 4984 3301 5037 δὲ
3332 4981 3431 5036 καὶ
3461 4978 3636 5057 καθάο

2057 5106 2166 5160 περ
2198 5088 2370 5143 νύκτα
2402 5086 2464 5140 τὸ
2511 5085 2624 5156 πῦρ
2662 5082 2911 5153 φωτίζει,
2944 5080 3039 5133 καὶ
3085 5077 3147 5131 οὐ
3183 5076 3326 5142 λέγω
3369 5073 3430 5127 τὸ
3465 5069 3638 5124 πάλαι

2057 5183 2193 5236 ποτὲ
2225 5184 2339 5244 τοῖς
2378 5177 2656 5239 Ἰουδαίοις
2686 5170 3036 5242 ὲπικουροῦν,
3062 5168 3199 5223 ἀλλὰ
3219 5173 3315 5219 καὶ
3337 5164 3395 5218 τὸ
3424 5161 3636 5225 ἁπλῶς,

2057 5276 2202 5331 οὕτω
2228 5274 2323 5327 καὶ
2349 5272 2383 5343 ή
2412 5267 2692 5339 ἀστραπὴ,
2717 5267 2813 5319 καὶ
2837 5265 2921 5318 ὅτι
2946 5261 3152 5330 ὼερελεῖ
3177 5258 3442 5318 πολλάκις
3468 5254 3641 5324 μυρία

2059 5373 2157 5425 καὶ
2189 5367 2528 5435 ὁδοιπόρους,
2559 5362 2651 5415 καὶ
2675 5362 2793 5414 ὅσοι
2828 5358 2884 5412 δὲ
2919 5353 3315 5415 ναυτίλλονται,
3343 5348 3440 5402 καὶ
3465 5361 3642 5415 σωτη-

2064 5464 2152 5532 ρία
2200 5461 2383 5522 αὐτοῖς
2435 5456 2690 5525 γίνεται,
2731 5452 2911 5504 ἴσασιν
2954 5449 3002 5502 oi
3055 5441 3472 5515 πεπειραμένοι,
3506 5437 3640 5507 παρ’

2059 5531 2141 5618 οἷς
2165 5557 2259 5607 καὶ
2275 5549 2491 5621 ὀφειλαὶ
2511 5546 2774 5618 χαρίτων,
2798 5536 2977 5612 οἶμαι,
2998 5539 3121 5600 ταῖς
3138 5534 3417 5594 τοιαύταις
3435 5531 3645 5621 ἀστραξ-

2067 5649 2200 5709 παῖς
2225 5619 2617 5713 *ταμιεύονται⁶
2654 5636 2861 5708 μυρίως
2895 5632 2959 5702 δὴ
2992 5632 3233 5700 μάλιστα
3267 5625 3324 5678 δὲ
3354 5622 3433 5694 τῷ
3475 5619 3642 5713 παντὶ

2063 5711 2310 5806 δφλομεν
2350 5734 2616 5803 ἀπείρους
2667 5729 2896 5799 χάριτας
2932 5726 2997 5795 τῇ
3034 5722 3294 5791 ἀστραπῇ
3331 5715 3425 5768 τοῦ
3480 5711 3638 5806 ἀγίου

2069 5802 2407 5901 ἰιννεύματος,
2433 5802 2500 5879 διδ
2528 5817 2594 5896 ἦς
2630 5820 2825 5883 νυκτὸς
2868 5814 3170 5898 πολυειδῶς
3217 5810 3442 5884 βαθείας
3490 5802 3633 5869 ἐξαι-
