4050 6438
363 409 465 472 τοι
1182 403 1268 463 ΙΝ
1310 400 1658 465 HYMNUM
1690 398 2344 462 PENTECOSTALEM
2386 395 2852 460 DAMASCENI.
3523 389 3630 454 602

365 519 635 593 ρούμεθα.
666 517 743 572 Οὐ
780 515 940 587 μόνον
969 516 1079 586 γὰρ
1109 513 1208 582 τῆς
1244 508 1388 568 κατά
1442 512 1645 583 ψυχὴν,
1682 511 1818 565 ἀλλά
1851 508 1946 563 καὶ

2065 508 2190 562 ritus
2220 507 2594 577 fulgur-alieni,
2619 521 2718 575 per
2745 519 2906 574 quam
2939 519 2970 558 e
2993 512 3155 558 nocte
3186 500 3479 557 multifarie
3503 519 3627 573 pro~

363 613 466 681 τῆς
497 612 629 681 περὶ
689 609 823 679 βίον,
878 607 938 665 6:
994 607 1194 679 μικροῦ
1230 609 1327 662 καὶ
1377 603 1766 674 ἁκατάληπτός
1798 604 1946 656 ἐστιν

2065 600 2212 654 'unda
2245 600 2617 653 extrahimur:
2651 613 2756 652 non
2787 597 2966 651 solum
2992 611 3058 650 ex
3083 595 3282 648 anima!
3319 602 3502 661 nocte,
3534 596 3626 649 sed

369 703 471 757 ὅσα
499 703 597 756 καὶ
621 702 823 765 ὁποίοις
852 702 1134 769 νυκτέροις
1169 700 1393 765 πλάνοις
1427 702 1734 771 μετρεῖται.

550 967 879 1035 Τροπάριον
902 969 1186 1036 δεύτερον
1215 969 1324 1036 τῆς
1352 971 1556 1036 τρίτης
1581 967 1759 1039 ᾠδῆς.

441 1057 658 1115 VL'HV
696 1063 1028 1129 ἐκπορευτὺν
1060 1063 1115 1127 ἐξ
1154 1063 1453 1129 ἀγεννήτου
1493 1063 1666 1131 φάους

549 1155 623 1208 Τὸ
663 1155 1254 1224 πανσθενουργόφωτον
1285 1158 1508 1224 ἄφθιτον
1549 1157 1730 1221 σέλας,

547 1247 621 1301 Οῦ
648 1247 768 1319 τὴν,
799 1248 866 1301 δι’
902 1249 1034 1302 Υἱοῦ
1071 1251 1342 1318 πατρικῆς
1374 1249 1644 1315 ἐξουσίας,

549 1340 665 1395 Νῦν
693 1342 986 1412 ἐμφανίζει
1018 1343 1242 1410 συμφυῆ
1280 1344 1632 1412 φρυκτωρίαν

549 1434 816 1504 Πυρώδης
847 1431 978 1504 ἦχος
1010 1438 1066 1487 ὲν
1100 1435 1236 1487 Σιὼν
1264 1439 1375 1498 τοῖς
1404 1436 1640 1489 ἔθνεσιν.

443 1527 554 1592 υπς’.
585 1520 846 1594 Θεολογία
899 1528 1019 1582 ὅλον
1065 1529 1127 1582 τὸ
1176 1530 1352 1599 παρὸν
1403 1529 1709 1599 τροπάριον
1759 1529 1944 1594 κοινὴν

370 1621 510 1684 ὅλως
533 1620 744 1676 ἔννοιαν
768 1623 868 1674 οὐκ
897 1623 1290 1692 ἐπισυρόμενον
1312 1639 1326 1654 ο
1359 1623 1724 1693 ἑορταστικῶς
1757 1622 1812 1673 δὲ
1845 1622 1947 1689 ἄρα

371 1731 530 1786 χεται
573 1716 602 1767 6
653 1714 886 1783 μελῳδὸς
917 1715 1024 1766 ἀπὸ
1053 1715 1149 1783 τῆς
1178 1716 1272 1768 τοῦ
1306 1715 1458 1782 ἁγίου
1496 1716 1814 1782 Πνεύματος
1854 1717 1944 1766 ἐκ-

375 1805 693 1875 πορεύσεως
749 1808 813 1858 ὲκ
845 1807 939 1860 τοῦ
981 1806 1227 1875 Πατρόςο
1280 1809 1496 1878 γοργῶς
1541 1808 1680 1878 ᾅδων
1721 1808 1816 1861 καὶ
1858 1825 1946 1859 σεσ-

378 1897 527 1966 μνῶς
557 1897 630 1960 ώς
665 1896 912 1967 προσῆκε
942 1899 1020 1966 τῷ
1056 1898 1236 1969 μέτρῳ
1257 1915 1271 1930 ·
1305 1901 1338 1970 η
1368 1899 1426 1952 δὲ
1453 1899 1596 1970 ἀρχὴ
1629 1898 1777 1966 αὑτῷ
1807 1897 1947 1952 κατὰ

372 1989 474 2059 τὴν
505 1989 600 2042 τοῦ
641 1989 861 2058 πρώτου
907 1990 1176 2057 Θεολόγου
1227 1991 1616 2059 εὐαγγελιστοῦ
1649 1992 1948 2060 ἐσχημάτι-

377 2098 503 2135 σται
536 2082 810 2148 εἰπόντος,
855 2083 942 2135 Ἐν
974 2086 1118 2152 ἀρχῇ
1148 2078 1218 2153 ἦν
1255 2085 1282 2136 6
1309 2083 1483 2150 Λόγος
1505 2098 1517 2113 ⁸
1555 2083 1689 2151 φησὶ
1721 2085 1851 2152 γὰρ,
1881 2077 1950 2153 ἦν

374 2174 734 2244 ἐκπορευτδν,
783 2177 878 2229 καὶ
931 2177 1100 2246 ἑξῆςο
1156 2178 1390 2232 ἐνταῦθα
1441 2178 1497 2232 δὲ
1545 2177 1952 2246 ἐπισημαντέον

377 2267 694 2333 ἀναγκαίως
724 2267 828 2335 προ
857 2268 956 2338 τῆς
980 2269 1302 2338 ἑρμηνείας,
1334 2269 1414 2322 ὅτι
1451 2269 1590 2338 μετά
1614 2269 1741 2332 τοὺς
1771 2271 1828 2321 ἐν
1850 2269 1950 2337 ἀρ·

376 2361 448 2429 κῇ
498 2358 593 2412 δύο
644 2359 940 2429 διστίχους,
995 2362 1044 2413 οἱ
1080 2362 1472 2432 ἐπιφερόμενοι
1507 2361 1810 2432 γράφονται
1858 2360 1953 2413 καὶ

379 2452 593 2516 οὕτως*
631 2483 702 2495 -
740 2452 800 2506 οὖ
833 2454 933 2523 τῆν
968 2455 1036 2507 δι’
1080 2454 1210 2508 Υἱοῦ
1263 2455 1541 2525 πατρικὴν
1591 2453 1840 2520 ἐξουσίαν
1885 2484 1955 2494 -

378 2545 476 2598 νῦν
511 2545 804 2614 ἐμφανίζει
836 2549 1077 2616 συμφυεῖ
1102 2548 1428 2618 φρυκτωρία
1451 2579 1519 2590 -
1551 2549 1800 2617 πυρῶδες
1821 2545 1955 2621 ἦχος

379 2638 438 2690 ιν
471 2638 642 2691 Σιών·
677 2667 748 2678 -
783 2640 892 2693 Καὶ
937 2638 1067 2708 περι
1101 2639 1198 2708 μὲν
1241 2626 1344 2709 τῆξ
1377 2641 1596 2711 γραφῆς
1644 2639 1850 2708 ταύτης
1880 2639 1954 2702 ὡς

381 2732 479 2784 καὶ
517 2731 647 2799 περὶ
678 2733 785 2800 πρὸ
817 2732 1011 2800 αὐτῆς,
1043 2733 1327 2801 είρήσεται
1353 2732 1414 2785 τὸ
1441 2733 1558 2786 δέον
1582 2748 1597 2763 ·
1627 2733 1705 2801 τῷ
1735 2733 1870 2794 τέως
1900 2731 1956 2784 δέ

383 2821 706 2892 ὲπιὸλητέον
739 2824 806 2891 τῇ
841 2823 1020 2893 ἐννοίᾳ
1065 2823 1160 2876 τοῦ
1213 2824 1512 2894 τροπαρίου
1557 2824 1744 2896 τοιᾷδε
1779 2824 1914 2895 οὔσῃ
1937 2839 1955 2856 ο

383 2908 513 2977 Ἦν,
561 2914 636 2975 ὡς
690 2913 910 2984 ἐρῤέθη,
947 2913 1278 2984 ἐκπορευτδν
1304 2914 1369 2967 ἐκ
1399 2915 1576 2982 φωτὸς
1635 2916 1958 2985 ἀγεννήτου,

382 3006 555 3078 ἤγουν
583 3007 648 3060 ἐκ
685 3005 779 3060 τοῦ
817 3006 927 3058 τῶν
957 3006 1152 3074 φώτων
1192 3007 1422 3078 Πατρδς,
1457 3007 1519 3060 τὸ
1550 3007 1644 3061 καὶ
1674 3007 1956 3079 ἄφθαρτον

387 3099 568 3167 σέλας,
595 3099 765 3171 ῆγουν
798 3097 955 3166 ἅγιον
989 3098 1237 3164 Πνεῦμα,
1289 3098 1407 3166 φῶς
1442 3101 1506 3152 ἐκ
1537 3100 1718 3169 φωτὸς
1752 3102 1960 3172 προελ-

2048 692 2209 746 etiam
2244 706 2308 744 ex
2343 701 2498 745 nocte
2528 690 2722 752 victus,
2761 688 2852 757 qui
2881 688 2989 742 fere
3045 700 3269 756 quoque
3318 685 3631 754 incompre-

2051 782 2338 837 hensibilis
2365 797 2468 844 est,
2511 790 2642 851 quot
2669 791 2722 835 et
2744 781 2997 849 qualibus
3029 778 3314 833 nocturnis
3345 779 3630 834 erroribus

2050 888 2365 928 mensuram
2407 874 2602 927 haheat
2636 873 2916 925 refertam.

2338 966 2654 1034 Troparium
2680 964 2963 1019 secundum
2989 963 3154 1018 tertiae
3172 963 3308 1017 odw.

2195 1079 2322 1134 Erat
2352 1080 2643 1150 procedens
2676 1093 2739 1131 ex
2780 1077 3016 1146 ingenita
3051 1075 3169 1131 luce

2128 1171 2547 1242 Omnipmenter
2577 1170 2825 1224 lueificus
2861 1168 3317 1237 ineorruptusque
3345 1166 3622 1237 splendor,

2122 1267 2290 1335 Cujus
2323 1280 2417 1335 per
2446 1263 2568 1318 Filii
2605 1271 2884 1332 paternam
2923 1261 3285 1315 substantiam

2118 1357 2274 1411 Nune
2303 1354 2616 1410 manifestat
2637 1339 2935 1422 cognatam
2977 1351 3149 1407 facem

2120 1448 2288 1517 lgnila
2316 1463 2417 1500 vox
2454 1446 2506 1498 in
2543 1445 2670 1498 Sion
2699 1445 2978 1515 gentibus.

2117 1541 2204 1595 87.
2240 1539 2531 1608 Tlteologia
2572 1547 2747 1591 totum
2776 1546 2860 1592 est
2897 1550 3137 1604 praesens
3160 1537 3486 1602 troparium,
3519 1549 3626 1589 nou

2047 1631 2272 1684 munino
2326 1631 2598 1699 vulgarem
2637 1628 2876 1697 aliquam
2912 1637 3032 1695 post
3060 1641 3118 1681 se
3156 1624 3380 1681 trahens
3413 1637 3633 1681 senten-

2047 1723 2198 1776 tiam.
2219 1721 2412 1791 Incipit
2441 1735 2568 1775 vero
2593 1719 2910 1776 festivaliter
2935 1727 3091 1788 poeta
3127 1733 3154 1772 a
3185 1718 3359 1773 sancti
3395 1716 3630 1787 Spiritus

2049 1829 2114 1866 ex
2146 1812 2306 1866 Patre
2329 1809 2699 1880 processione,
2721 1810 2902 1864 vivide
2933 1809 3326 1878 magnificeque
3350 1823 3552 1864 canens
3576 1821 3634 1865 ut

2053 1912 2229 1959 metro
2261 1903 2535 1958 convenit.
2564 1902 2781 1956 Initium
2808 1911 2988 1956 autem
3017 1901 3159 1969 apud
3187 1901 3364 1970 ipsum
3391 1901 3636 1969 conﬁgu-

2053 1997 2320 2053 rationem
2337 1994 2501 2048 habet
2518 2009 2639 2049 cum
2656 1993 2812 2048 initio
2831 1992 2988 2062 primi
3011 1991 3272 2062 Theologi
3289 1991 3636 2061 evangelista:

2053 2089 2326 2144 dicentis:
2361 2086 2419 2141 ln
2463 2086 2732 2156 principio
2775 2093 2895 2140 erat
2947 2083 3206 2139 Verbum.
3254 2083 3395 2139 Dicit
3436 2087 3582 2138 enim
3616 2103 3632 2140 :

2055 2182 2184 2236 Erat
2225 2181 2547 2250 procedens,
2578 2188 2632 2234 et
2662 2179 2965 2248 sequentia.
3004 2178 3103 2234 Hic
3129 2188 3308 2232 autem
3365 2189 3491 2233 ante
3552 2177 3636 2230 in-

2057 2275 2502 2341 terpretationem
2555 2271 2868 2341 necessario
2945 2271 3246 2325 notandum
3329 2280 3410 2324 est
3467 2271 3634 2339 quod,

2056 2375 2176 2436 p0st
2206 2367 2312 2420 duo
2344 2365 2518 2434 prima
2566 2365 2820 2430 disticha,
2880 2363 3267 2431 subsequentia
3331 2363 3411 2418 sic
3469 2364 3635 2418 etiam

2055 2455 2376 2511 scribuntur
2413 2471 2427 2507 :
2489 2446 2550 2507 οὗ
2593 2453 2691 2523 τὴν
2741 2453 2809 2506 δι’
2853 2453 2984 2506 Υἱοῦ
3027 2452 3310 2523 Πατρικὴν
3361 2452 3635 2517 ἐξουσίαν,

2062 2549 2156 2602 νῦν
2191 2546 2480 2618 ἐμφανίζει
2543 2549 2790 2617 συμφυεῖ
2841 2547 3166 2619 φρυκτωρία
3221 2545 3469 2614 πυρῶδες
3505 2540 3639 2616 ἦχος

2062 2645 2119 2697 ἐν
2145 2640 2303 2697 Σιών.
2341 2643 2414 2697 De
2463 2642 2741 2711 Scriptura
2772 2643 2992 2710 quidem
3043 2643 3117 2695 ita
3147 2641 3293 2696 sicut
3327 2640 3392 2695 de
3425 2655 3485 2695 ea
3517 2655 3640 2708 qua:

2064 2737 2342 2806 praecedit,
2396 2736 2608 2790 dicetur
2687 2737 2830 2804 quod
2905 2735 3273 2789 necessarium
3326 2740 3430 2789 est.
3484 2733 3643 2790 Nunc

2061 2837 2242 2885 autem
2281 2827 2656 2881 inhaerendum
2690 2834 2774 2881 est
2821 2826 3043 2890 troparii
3077 2826 3380 2886 sententiae,
3415 2840 3537 2894 qua:
3563 2826 3642 2880 sic

2061 2934 2118 2975 se
2151 2919 2311 2974 habet
2350 2936 2363 2973 :
2428 2917 2573 2981 Erat,
2612 2927 2672 2970 ut
2711 2919 2916 2969 dictum
2966 2928 3070 2980 est,
3103 2920 3407 2984 procedens
3454 2932 3521 2972 ex
3554 2919 3639 2972 in-

2065 3009 2248 3075 genito
2279 3007 2508 3069 lumine,
2548 3007 2662 3061 sive
2696 3022 2759 3061 ex
2794 3005 2951 3059 Patre
2991 3006 3286 3072 luminum,
3347 3006 3636 3073 incorrup-

2066 3099 2213 3153 tibile
2250 3099 2456 3166 lumen,
2485 3101 2600 3155 sive
2646 3105 2874 3154 sanctus
2905 3095 3165 3168 Spiritus,
3202 3100 3381 3154 lumen
3411 3115 3442 3152 e
3470 3099 3637 3154 lumi-

388 3191 480 3245 θὸν
516 3191 610 3244 καὶ
665 3189 1076 3259 παντοδύναμον
1115 3192 1290 3254 ἄλλως
1337 3209 1396 3245 τε
1449 3192 1828 3261 πολυτρόπως,
1865 3193 1960 3248 καὶ

2067 3209 2133 3246 ne
2163 3191 2512 3262 proveniens,
2545 3191 2726 3245 omnia
2754 3190 3048 3245 multifarie
3080 3191 3260 3245 facere
3297 3191 3507 3258 valens,
3545 3193 3641 3247 sed

386 3284 446 3336 ἐν
473 3281 554 3352 τῷ
585 3281 763 3351 φωτὸς
799 3278 938 3334 εἶναι
969 3284 1309 3353 παρεκτικὸν
1357 3284 1454 3339 καὶ
1497 3284 1632 3338 αὑτό
1652 3299 1668 3316 ·
1705 3280 1766 3340 οὗ
1793 3287 1962 3356 ἧγουν

387 3373 482 3426 τοῦ
529 3374 824 3446 εἰρημένου
878 3373 1034 3440 ἁγίου
1092 3373 1412 3444 Πνεύματος
1458 3375 1559 3443 τὴν
1607 3378 1964 3446 φρυκτωρίαν

387 3465 567 3519 είτουν
618 3465 916 3536 φανότητα,
965 3465 1066 3536 τὴν
1124 3466 1276 3537 αὐτῷ
1326 3467 1551 3537 συμφυῆ
1608 3469 1686 3531 ὡς
1743 3471 1966 3540 μεγάλῳ

390 3555 554 3626 φωτὶ,
584 3557 685 3629 τὴν
731 3559 1036 3630 γενομένην
1086 3557 1173 3612 διὰ
1223 3560 1322 3629 τῆς
1370 3560 1648 3631 πατρόθεν
1692 3561 1788 3617 τοῦ
1837 3563 1966 3616 Υἱοῦ

390 3650 641 3717 ἐξουσίας
688 3653 787 3720 τῆς
819 3653 1008 3720 κοινῆς
1047 3655 1113 3722 τῇ
1148 3653 1282 3725 ἁγίᾳ
1311 3653 1528 3724 Τριὰδι,
1569 3658 1681 3719 τοῖς
1725 3673 1970 3727 παρατυ-

391 3741 581 3810 χοῦσιν
609 3739 822 3794 ἔθνεσιν
853 3741 1145 3810 ἐμφανίζει
1173 3741 1271 3796 νῦν
1305 3744 1547 3814 σήμερον
1575 3745 1850 3816 αἰσθητῶς
1878 3748 1970 3800 καὶ

392 3832 567 3895 οὕτως
600 3833 859 3902 ἐμφανῶς
891 3835 1033 3888 κατὰ
1058 3835 1158 3903 τὴν
1203 3833 1344 3889 Σιὼν
1371 3837 1430 3888 ἐν
1459 3839 1524 3906 τῇ
1561 3835 1662 3906 τῆς
1696 3839 1972 3908 Πεντηκο-

398 3925 533 3996 στῆς
566 3927 726 3996 ἑορτῇ
757 3925 820 3978 τδ
849 3927 1097 3996 πυρῶδες
1127 3927 1432 3997 ἀπήχημα·
1463 3928 1634 3998 ἧγουν
1661 3930 1695 4000 ἡ
1721 3930 1780 3984 ἐν
1810 3930 1972 4000 πυρί-

393 4037 534 4083 ναις,
569 4017 643 4080 ὡς
675 4017 986 4088 προερρέθη
1012 4017 1312 4086 γλώσσαις,
1344 4019 1495 4090 βιαία
1521 4019 1659 4090 πνοὴ
1694 4022 1969 4092 φερομένη

393 4110 603 4166 ἄνωθεν
647 4111 928 4179 ήχητικῶς
965 4112 1061 4164 καὶ
1111 4109 1326 4174 ζωοῦσα
1361 4113 1490 4175 τοὺς
1534 4113 1657 4165 τότε
1706 4114 1968 4176 πιστούς*

395 4203 466 4256 δι’
497 4203 680 4257 αὐτῶν
731 4204 787 4257 δὲ
838 4203 932 4256 καὶ
982 4204 1108 4265 τοὺς
1139 4204 1544 4272 ἀκουσομένους
1590 4203 1649 4269 ἐξ
1678 4206 1858 4258 αὐτῶν
1909 4205 1971 4259 τὸ

399 4298 663 4368 κύρυγμα
695 4296 788 4349 καὶ
812 4297 912 4363 τὴν
948 4294 1328 4366 ἀληθεστάτην
1361 4295 1601 4366 ἱστορίαν
1627 4294 1720 4349 τοῦ
1760 4295 1972 4367 θαύμα-

394 4408 512 4454 τος.

466 4485 582 4551 σπη’.
617 4479 931 4549 Σημείωσαι
966 4475 1023 4530 δὲ
1052 4478 1128 4541 ὡς
1180 4476 1240 4529 ἐν
1277 4475 1357 4545 τῷ
1390 4475 1594 4547 πρώτῳ
1627 4474 1749 4529 ἕπει
1782 4492 1973 4546 μυστι-

2065 3284 2366 3353 praesertim
2405 3283 2459 3338 in
2499 3299 2564 3339 eo
2595 3282 2740 3352 quod
2782 3282 2959 3352 ipsum
3021 3280 3243 3336 luminis
3288 3283 3642 3338 emissionem

2036 3376 2234 3452 ‘habet
2275 3376 2574 3446 propriam.
2611 3375 2780 3443 (injus
2823 3389 2954 3444 ergo
2987 3373 3116 3428 dicti
3174 3373 3411 3442 Spiritus
3467 3375 3641 3430 sancti

2067 3469 2297 3535 pharum
2327 3483 2421 3521 seu
2475 3467 2764 3537 fulgorem,
2800 3467 2899 3536 ipsi
2937 3473 3199 3535 tanquam
3236 3482 3436 3537 magno
3483 3467 3644 3522 lumi-

2069 3561 2120 3612 ni
2155 3556 2454 3627 proprium,
2495 3568 2715 3613 enatum
2768 3573 2869 3629 per
2912 3558 3032 3613 Filii
3061 3573 3091 3612 a
3129 3556 3287 3613 Patre
3318 3567 3641 3628 potestatem

2069 3665 2187 3719 qua:
2219 3659 2422 3704 sanctae
2457 3647 2712 3704 Trinitati
2738 3651 3047 3704 communis
3079 3656 3185 3716 est,
3217 3649 3645 3704 occurrentibus

2070 3742 2323 3810 gentibus
2345 3740 2657 3797 manifestat
2681 3741 2839 3798 hodie
2859 3742 3191 3796 sensibiliter
3217 3751 3270 3796 et
3292 3743 3364 3796 ita
3393 3750 3642 3811 patenter

2072 3834 2126 3888 in
2177 3833 2308 3890 Sion
2365 3836 2418 3890 in
2477 3835 2617 3892 festo
2684 3835 3035 3892 Pentecostes
3087 3836 3255 3905 ignita
3304 3835 3642 3899 resonantia,

2072 3927 2187 3981 sive
2233 3928 2325 3982 ille
2358 3927 2409 3982 in
2435 3928 2630 3997 igneis,
2663 3937 2723 3983 ut
2744 3927 2950 3983 dictum
3005 3939 3108 3992 est,
3161 3927 3360 3997 linguis
3413 3925 3646 3995 spiritus

2071 4019 2366 4072 vehemens
2422 4017 2658 4087 desuper
2683 4031 2808 4071 cum
2876 4018 3062 4073 sonitu
3129 4018 3378 4083 veniens,
3408 4025 3462 4071 et
3519 4025 3649 4069 tunc

2077 4109 2339 4179 temporis
2371 4109 2556 4166 fideles
2588 4110 2911 4178 vivificans;
2952 4110 3213 4180 peripsus
3239 4119 3417 4164 autem
3470 4109 3646 4163 vivifi-

2074 4217 2208 4257 cans
2259 4211 2312 4256 et
2341 4201 2464 4257 illos
2487 4202 2595 4273 'qui
2625 4217 2691 4258 ex
2717 4203 2850 4272 ipsis
2884 4203 3217 4272 praeconium
3250 4202 3648 4274 historiamque

2075 4293 2311 4365 prodigii
2347 4293 2693 4349 verissimam
2730 4293 2974 4349 audituri
3005 4302 3154 4348 sunt.

2150 4472 2240 4528 88.
2284 4470 2591 4529 Notandum
2623 4481 2705 4528 est
2758 4482 2939 4528 autem
2990 4470 3158 4543 quod,
3197 4485 3321 4527 cum
3369 4470 3424 4525 in
3471 4469 3650 4542 primo

395 4573 532 4640 κῶς,
568 4573 665 4626 καὶ
697 4571 766 4625 δι’
801 4570 933 4624 αὐτὸ
960 4570 1022 4624 οὐ
1053 4569 1197 4624 πάνυ
1242 4568 1451 4638 σαφῶς,
1477 4569 1771 4638 ἀγέννητον
1800 4568 1963 4637 φῶςτό

2075 4582 2232 4622 versu
2267 4567 2490 4637 mystice
2520 4567 2855 4637 prointleque
2879 4582 2985 4620 non
3017 4566 3239 4620 omnino
3256 4557 3404 4619 clare
3438 4564 3651 4634 ingeni-

396 4666 620 4734 ὑψίνους
660 4662 897 4733 μελῳδὸς
921 4661 1012 4714 τὸν
1049 4661 1272 4730 Πατέρα
1304 4662 1477 4713 εἰπὼν
1517 4661 1655 4730 πρὸς
1683 4660 1973 4730 διαστολὴν

396 4757 492 4811 τοῦ
545 4755 805 4825 γεννητοῦ
859 4753 1034 4822 φωτὸς
1087 4751 1180 4806 τοῦ
1236 4753 1367 4807 Υἱοῦ
1394 4767 1412 4784 ⁸
1467 4754 1529 4808 ἐν
1577 4753 1635 4806 δὲ
1686 4753 1765 4822 τῷ
1801 4755 1973 4824 τρίτῳ

398 4849 568 4920 στίχῳ
617 4849 719 4918 τὴν
771 4848 936 4915 ἁγίαν
981 4845 1192 4913 Τριάδα
1230 4845 1365 4908 θεὶς,
1421 4844 1482 4898 τὸ
1538 4844 1636 4915 μὲν
1681 4845 1778 4897 τοῦ
1813 4844 1971 4912 ἁγίου

397 4941 716 5009 Πνεύματος
773 4939 969 5006 ὄνομα,
1025 4936 1092 4990 δι’
1150 4935 1506 5006 ἀντωνυμίαν
1575 4936 1972 5005 μονοσυλλάοου

395 5034 700 5103 ἐδήλωσεν·
747 5033 840 5085 τὸν
870 5031 928 5084 δὲ
981 5030 1203 5101 Πατέρα
1249 5028 1345 5082 καὶ
1389 5029 1480 5082 τὸν
1523 5029 1653 5081 Υίὸν
1700 5027 1973 5098 ἀριδήλως

395 5125 740 5194 ἐξωνόμασεν
762 5139 774 5153 ’
813 5117 894 5185 οἷς
927 5122 1127 5176 αὐτίκα
1161 5123 1529 5174 συνεννοείται
1559 5119 1654 5172 καὶ
1685 5119 1748 5172 τὸ
1781 5135 1975 5188 μυστι-

395 5214 494 5267 κὸν
525 5213 710 5274 σέλας,
745 5213 806 5264 τὸ
832 5212 927 5263 καὶ
956 5211 1024 5264 δι’
1055 5211 1403 5277 ἀντωνυμίαν
1423 5209 1793 5281 δεδηλωμένον
1815 5207 1973 5277 ἅγιον

401 5304 647 5373 Πνεῦμα.
677 5301 1036 5371 Θαυμαστέον
1058 5300 1117 5353 δέ
1143 5301 1240 5354 τοῦ
1269 5300 1648 5373 θεωρουμένου
1672 5299 1972 5370 τροπαρίου

396 5395 492 5448 καὶ
546 5395 628 5446 ὅτι
677 5392 951 5460 όλόφωτον
998 5391 1132 5445 αὐτὸ
1172 5391 1434 5461 ἐξέφανεν
1485 5394 1514 5446 6
1562 5391 1838 5463 μελῳδός·
1877 5390 1972 5444 καὶ

397 5485 573 5548 οὕτως
608 5486 806 5548 εἰπεῖν,
845 5483 1069 5553 λυχνίαν
1109 5483 1243 5536 αὐτὸ
1273 5484 1448 5554 ἀνῆψε
1500 5484 1772 5553 μυστικὴν
1805 5483 1973 5537 ἐπτὰ-

398 5594 612 5646 φωτον·
644 5576 706 5629 τὸ
747 5577 848 5644 μὲν
876 5577 1173 5645 ἀγέννητον
1221 5578 1358 5644 φάος
1403 5576 1495 5628 τὸν
1531 5576 1755 5643 Πατέρα
1796 5578 1973 5643 ἐκφω-

399 5673 591 5738 νήσας,
653 5667 715 5720 τὸ
771 5667 828 5721 δὲ
891 5667 1154 5736 γεννητὸν
1212 5667 1306 5720 τὸν
1356 5668 1484 5720 Υίὺν
1538 5669 1974 5722 συνεπινοεῖσθαι

400 5759 595 5828 ἀφείςο
631 5751 692 5812 οὗ
739 5759 1066 5811 διαστέλλων
1097 5760 1318 5822 πάντως
1349 5760 1645 5829 ἀγέννητον
1693 5760 1811 5829 φῶς
1850 5757 1973 5813 εἷπε

401 5855 491 5908 τὸν
523 5850 746 5922 Πατέρα
768 5866 780 5880 ⁸
817 5849 896 5921 τῷ
927 5849 1166 5923 δευτέρῳ
1194 5851 1364 5926 στίχῳ
1394 5853 1510 5923 φῶς
1550 5853 1726 5916 ἐνθεὶς
1761 5853 1854 5907 καὶ
1884 5854 1972 5908 σέ-

2074 4668 2187 4712 tum
2235 4658 2415 4713 llmen
2465 4659 2678 4714 excelsa
2713 4659 2971 4729 praeditus
3006 4666 3186 4712 mente
3221 4666 3374 4725 poeta
3393 4656 3528 4710 dixit
3551 4655 3652 4709 Pa-

2076 4761 2234 4815 trem,
2261 4751 2327 4803 ad
2351 4749 2792 4819 distinguendum
2819 4765 2944 4805 eum
2971 4748 3175 4813 aFilio,
3203 4750 3393 4818 genito
3415 4748 3649 4814 lumine,

2077 4840 2129 4894 in
2199 4841 2360 4894 tertio
2411 4851 2593 4894 autem
2672 4855 2830 4895 versu
2881 4840 3284 4895 sanctissimam
3333 4838 3650 4894 Trinitatem

2081 4932 2302 5002 posuit;
2339 4933 2514 4988 sancti
2547 4932 2766 5002 quidem
2823 4931 3060 5002 Spiritus
3091 4948 3290 4988 nomen
3319 4949 3412 5003 per
3451 4948 3654 5002 prono-

2083 5042 2206 5080 nem
2253 5025 2682 5097 monosyllabum
2715 5025 2991 5092 ostendit;
3017 5025 3228 5080 Patrem
3265 5041 3393 5080 vero
3421 5023 3653 5080 Filium»

2074 5133 2181 5185 que
2211 5115 2498 5172 manifeste
2531 5116 2866 5182 nominavit;
2897 5117 3225 5184 quibuscum
3279 5117 3535 5186 prOIinus
3594 5126 3652 5171 et

2077 5211 2397 5281 Intelligitur
2424 5210 2690 5281 mysticus
2713 5209 2917 5278 fulgor;
2948 5211 3038 5279 qui
3073 5224 3294 5279 quoque
3323 5224 3419 5278 per
3449 5223 3653 5277 prono-

2074 5317 2198 5356 nem
2259 5302 2567 5357 declaratur
2622 5298 2860 5370 Spiritus
2903 5311 3148 5356 sanctus.
3220 5299 3522 5354 Mirandum
3553 5316 3654 5354 au-

2078 5403 2184 5446 tem
2237 5401 2322 5448 est
2354 5393 2486 5448 illud
2525 5395 2752 5465 spectati
2812 5393 3053 5462 troparii,
3096 5392 3238 5460 quod
3277 5391 3406 5445 illud
3468 5391 3652 5444 omni-

2078 5482 2289 5550 fulgens
2354 5487 2607 5553 exposuit
2657 5496 2852 5555 poeta,
2907 5493 2962 5539 et
3024 5492 3083 5538 ut
3134 5485 3205 5537 ita
3257 5483 3460 5548 dicam,
3522 5481 3651 5536 illud

2079 5577 2362 5645 mysticam
2405 5589 2609 5646 septem
2661 5579 2956 5632 luminibus
3009 5577 3288 5630 lucernam
3345 5574 3642 5628 accendit:

2075 5670 2516 5739 quandoquidem
2546 5671 2846 5742 ingenitum
2910 5670 3093 5723 lumen
3151 5665 3521 5736 pronuntiavit
3549 5663 3649 5716 Pa-

2078 5771 2212 5813 trem
2243 5776 2258 5826 ;
2293 5761 2535 5830 genitum
2573 5777 2699 5816 vero
2723 5762 2873 5816 dedit
2903 5761 3065 5814 simul
3101 5757 3327 5826 intelligi
3360 5756 3582 5811 Filium.
3615 5769 3645 5806 a

2075 5867 2183 5924 quo
2215 5868 2441 5922 prorsus
2481 5867 2796 5921 secernens,
2833 5851 3133 5925 ingenitum
3168 5849 3350 5904 lumen
3379 5845 3517 5902 dixit
3542 5840 3649 5897 Pa-
