4050 6456
386 395 495 459 (οἸ

1069 391 1491 451 ΕὕδΤΑΤΠΖΙ
1540 390 1639 448 ΤΠ
1658 390 1832 447 ΕΒΒΑ
1847 390 1969 448 ωδ

2078 386 2304 447 ENSlS
2342 387 2907 449 ΜΕΤΒΟΡΟΙᾸΤίΕ

3548 389 3655 452 6M

384 528 519 572 trem
546 530 563 581 ;
591 514 645 569 in
678 511 921 570 secundo
944 519 1123 566 autem
1153 524 1336 570 versu,
1372 508 1552 561 lumen
1590 523 1653 562 ac
1702 507 1968 578 fulgorem

2074 506 2171 571 λας
2193 523 2207 538 ·
2234 508 2309 575 τῷ
2334 508 2388 559 δὲ
2420 507 2587 576 τρίτῳ
2611 508 2705 561 καὶ
2737 505 2909 576 φανόν
2934 523 3055 558 τινα
3094 504 3461 574 παραυγάσας
3489 526 3655 561 πνευ-

381 605 603 676 posuit;
640 605 694 660 in
730 605 889 658 tertio
919 616 1047 657 vero
1072 601 1366 670 quamdam
1422 600 1674 669 exposuit
1706 598 1880 654 facem
1907 604 1963 652 et

381 699 624 767 ejusdem
652 695 861 750 ordinis
896 695 1128 763 pharum
1158 691 1406 747 accendit
1440 708 1454 758 ;
1500 692 1554 745 in
1604 692 1801 761 quinto
1830 704 1962 746 vero

384 799 437 844 et
478 788 673 843 ultimo
739 786 964 857 iguitam
998 785 1372 839 resonantiam
1407 783 1639 839 stridere
1669 782 1817 837 fecit.

454 880 543 933 89.
585 880 657 932 De
684 878 1036 948 processione
1064 892 1214 943 vero,
1243 877 1387 945 quod
1423 875 1529 946 ipsi
1557 885 1611 929 et
1638 875 1739 931 soli
1770 876 1965 930 decer-

382 980 545 1027 natur
575 970 800 1041 Spiritui
828 978 1020 1025 sancto
1047 980 1191 1025 Sicut
1234 968 1375 1022 Filio
1409 969 1688 1038 generatio
1725 970 1962 1037 passiva,

381 1064 664 1132 activaque
691 1061 837 1117 Patri
873 1063 1135 1133 (generat
1196 1076 1391 1131 nempe
1424 1060 1601 1122 Pater.
1665 1062 1837 1116 Filius
1871 1077 1967 1115 au-

382 1166 488 1210 tem
521 1154 648 1209 inde
680 1154 1083 1224 generationem
1111 1152 1293 1219 habet,
1322 1162 1377 1207 et
1401 1150 1645 1222 procedit
1674 1166 1741 1204 ex
1772 1151 1965 1205 eodem

384 1245 544 1300 Patre
596 1243 833 1315 Spiritus
873 1254 1092 1300 sanctus
1113 1243 1155 1313 ),
1190 1244 1293 1298 hoc
1345 1244 1564 1314 quidem
1624 1251 1707 1298 est
1764 1242 1968 1299 divinis

382 1339 685 1409 Scripturis
716 1347 1031 1395 constanter
1062 1339 1344 1405 usitatum,
1392 1338 1685 1409 probatum
1752 1350 1806 1393 et
1837 1353 1971 1406 pro-

384 1430 592 1486 fessum
620 1448 635 1497 ;
662 1440 715 1487 et
733 1430 870 1486 sicut
898 1430 989 1485 ille
1017 1430 1108 1499 qui
1152 1430 1208 1485 in
1236 1430 1398 1485 Creta
1435 1430 1501 1486 de
1524 1431 1718 1485 animae
1748 1431 1971 1484 immor-

387 1521 606 1575 talitate
661 1520 1114 1590 colloquebatur,
1169 1537 1401 1591 magnus
1476 1522 1694 1592 sapiens
1754 1521 1969 1591 egregie

382 1612 521 1667 dixit
586 1612 729 1682 quod
814 1612 1134 1666 immortalis
1219 1620 1303 1667 est
1394 1613 1597 1677 anima,
1676 1612 1754 1668 sic
1805 1613 1967 1666 etiam

382 1718 530 1759 nunc
559 1704 739 1758 dicere
780 1718 1074 1774 possumus
1100 1707 1242 1773 quod
1276 1705 1665 1774 dogmatizare,
1701 1705 1830 1776 quia
1856 1705 1968 1759 sola

383 1794 487 1849 tria
538 1794 651 1850 ha'c
684 1803 740 1850 et
790 1793 1002 1850 Patrem
1072 1810 1335 1865 generare
1392 1805 1446 1851 et
1526 1795 1784 1851 Filiuma
1815 1796 1972 1850 Patre

382 1886 654 1955 generari,
685 1893 737 1941 et
764 1901 794 1940 a
826 1884 983 1940 Patre
1033 1887 1329 1957 procedere
1355 1886 1636 1957 Spiritum,
1689 1887 1972 1942 characte-

381 1990 471 2030 res
504 1984 634 2030 sunt
663 1976 772 2031 illis
806 1978 1108 2045 speciales,
1138 1989 1339 2034 caetera
1378 1995 1509 2036 vero
1541 1989 1741 2035 cuncta
1772 1978 1972 2033 divini-

382 2069 509 2123 tatis
554 2070 755 2139 pariter
811 2070 1162 2142 applicantur
1222 2073 1396 2130 tribus
1436 2074 1554 2128 sive
1613 2074 1973 2129 sanctissimae

381 2160 659 2229 Trinitati,
721 2164 907 2219 verius
959 2173 1045 2220 est
1102 2178 1265 2234 quam
1317 2164 1463 2234 quod
1493 2164 1628 2218 hora
1669 2179 1833 2233 quum
1871 2165 1971 2219 ista

382 2265 515 2306 sane
544 2250 873 2321 proferimus
925 2251 981 2306 in
1022 2251 1386 2322 Scripturam,
1452 2253 1639 2308 aestiva
1672 2268 1974 2324 serenaque

382 2355 568 2400 nostra
594 2353 697 2400 est.
735 2343 830 2399 Est
860 2338 1024 2417 igitur
1053 2346 1186 2401 mihi
1228 2347 1558 2404 desiderium
1592 2347 1662 2402 ab
1720 2347 1822 2403 hac
1853 2348 1969 2403 dic-

387 2437 538 2490 tione
568 2434 794 2492 minime
832 2437 1121 2501 desistere,
1164 2437 1257 2493 sed
1294 2438 1465 2493 solam
1512 2439 1652 2493 hanc
1703 2438 1971 2493 sinceram

388 2539 604 2594 semper
644 2525 843 2580 habere
874 2540 1037 2593 super
1068 2526 1331 2596 linguam.
1389 2524 1507 2579 Non
1554 2527 1698 2595 quod
1764 2526 1970 2580 bonum

387 2631 495 2670 non
541 2624 624 2671 est
651 2618 814 2672 etiam
847 2620 1150 2688 productio,
1177 2620 1333 2691 juxta
1369 2635 1532 2689 quam
1589 2619 1797 2673 ratione
1835 2617 1974 2671 divi-

388 2721 473 2761 na:
494 2707 883 2777 polyonymim,
915 2710 1246 2764 sanctissimi
1287 2707 1477 2764 Patres
1507 2709 1768 2778 Spiritum
1810 2723 1972 2762 Sanc-

394 2808 509 2853 tum
540 2812 661 2854 esse
685 2799 1011 2868 productum
1042 2800 1232 2855 dicunt
1267 2814 1367 2854 nec
1399 2814 1505 2853 non
1533 2799 1625 2852 alii
1660 2813 1798 2869 quos
1826 2797 1969 2853 indi-

388 2899 517 2945 cant
543 2890 916 2953 characteres,
969 2891 1063 2946 sed
1095 2892 1244 2961 quod
1275 2907 1341 2947 ex
1396 2890 1693 2962 Evangelia
1732 2898 1969 2961 prototy-

392 2998 518 3051 pum
555 2992 640 3036 est
688 2983 851 3050 hujus
898 2983 1256 3052 specialitatis
1325 2984 1429 3038 hoc
1485 2998 1684 3039 nomen
1721 2993 1779 3040 et
1813 2986 1969 3054 quasi

389 3074 627 3129 radicem
655 3074 837 3145 gerit;
876 3081 933 3129 et
958 3091 1023 3129 ex
1081 3075 1223 3145 ipso,
1279 3085 1537 3146 tanquam
1572 3090 1638 3131 ex
1693 3075 1969 3143 principio

389 3167 622 3236 quodam
656 3167 960 3237 theologice
1022 3168 1357 3238 praestituto,
1406 3171 1589 3224 omnis
1639 3169 1805 3222 dictio
1841 3184 1965 3237 pro-

393 3259 638 3327 cedendi,
675 3258 830 3330 juxta
862 3274 1086 3314 sensum
1141 3259 1542 3331 evangelicum,
1564 3262 1825 3329 erumpit.

458 3440 549 3498 90.
574 3440 811 3497 Coactus
843 3439 1007 3511 igitur
1039 3439 1277 3510 Spiritus
1321 3441 1497 3496 sancti
1560 3438 1968 3508 processionem

388 3534 443 3589 iu
473 3534 677 3589 exitum
714 3533 983 3601 accipere,
1014 3532 1141 3588 licet
1170 3533 1285 3586 haec
1333 3532 1498 3585 ambo
1537 3531 1601 3585 ad
1657 3546 1827 3585 unum
1888 3547 1972 3584 re-

393 3628 664 3680 ducantur
693 3637 915 3678 sensum
968 3630 1187 3693 propter
1222 3620 1421 3676 Filium
1455 3622 1723 3675 dicentem
1761 3638 1776 3677 :
1815 3619 1970 3674 Exivi

389 3733 422 3773 α
463 3718 624 3772 Patre
650 3733 666 3783 ;
700 3716 814 3771 seio
836 3715 1052 3785 quidem
1092 3729 1122 3768 a
1156 3714 1264 3769 Deo
1298 3713 1564 3783 prolatam
1598 3715 1736 3767 hanc
1758 3727 1970 3775 vocem,

389 3819 446 3866 et
474 3810 541 3865 ad
574 3809 940 3864 rectissimam
1000 3807 1331 3861 sententiam
1360 3805 1627 3875 adaptatis
1678 3820 1802 3859 amo
1827 3821 1843 3873 ;
1875 3805 1970 3860 sed

392 3915 571 3959 tamen
637 3902 705 3957 ab
768 3902 884 3972 ipsa
943 3901 1289 3969 processione
1344 3914 1455 3955 non
1512 3899 1741 3954 desisto.
1802 3898 1869 3952 Et
1899 3900 1972 3954 ita

389 3997 611 4065 quidem
643 3992 857 4048 aPatre
906 3992 1203 4063 procedens
1266 4002 1351 4047 est
1412 3991 1648 4062 Spiritus
1726 3999 1970 4048 sanctus.

392 4089 596 4143 Lumen
653 4094 834 4140 autem
894 4085 961 4140 ad
992 4085 1124 4154 quid
1169 4086 1378 4139 Patrem
1437 4082 1803 4139 dicitiNento
1863 4094 1971 4139 tam

397 4180 595 4236 mentis
628 4178 836 4233 visione
881 4178 1115 4233 obtusus
1145 4186 1247 4243 est,
1277 4187 1337 4231 ut
1386 4177 1601 4248 ignoret
1653 4191 1713 4233 se
1746 4193 1854 4231 non
1886 4178 1974 4231 in-

391 4271 531 4327 tueri
564 4271 745 4325 lumen
777 4270 923 4327 illius
966 4280 1224 4340 tanquam
1267 4270 1469 4341 aliquid
1526 4256 1670 4341 quod
1706 4272 1974 4342 attingere

393 4377 706 4433 possumus,
758 4377 857 4417 nec
886 4361 1034 4418 illius
1063 4362 1366 4417 claritatem
1436 4363 1756 4433 intelligere.
1820 4363 1978 4432 lnge-

2070 600 2301 669 ματικδν
2336 601 2422 652 διὰ
2470 598 2564 651 τοῦ
2603 595 2919 666 ἐμφανίζει
2966 599 3234 665 ῥήματος.
3268 597 3363 649 καὶ
3397 614 3653 666 φρυκτω-

2069 693 2192 766 ρίαν
2227 692 2511 759 σύστοιχον
2564 690 2873 760 ὲξανὰψας·
2929 692 2987 741 ἐν
3033 690 3088 742 δὲ
3136 689 3214 759 τῷ
3258 691 3500 760 πέμπτῳ
3554 692 3648 745 καὶ

2068 784 2366 851 τελευταίῳ
2402 782 2660 853 ροιζήσας
2689 777 2823 852 ἦχον
2860 783 3154 849 πυρόεντα.

2141 878 2252 930 πθ’.
2292 877 2426 944 Περὶ
2449 878 2503 929 δὲ
2530 875 2628 929 τοῦ
2659 873 3056 942 ἐκπορεύεσθαι
3087 875 3170 927 ὅτι
3201 873 3349 941 αύτῷ
3370 874 3463 926 καὶ
3499 875 3649 945 μόνῳ

2073 969 2220 1031 ἰδίως
2256 968 2568 1036 ἀφώρισται
2614 969 2691 1035 τῷ
2724 968 2867 1035 ἁγίῳ
2909 966 3212 1034 Πνεύματι,
3259 966 3403 1019 καθὰ
3434 968 3530 1020 καὶ
3570 967 3650 1033 τῷ

2070 1060 2186 1128 Υίῷ
2215 1061 2276 1113 τὸ
2315 1060 2635 1126 γεννᾶσθαι,
2675 1061 2771 1114 καὶ
2799 1060 2876 1129 τῷ
2907 1061 3086 1127 Πατρὶ
3114 1059 3175 1112 τὸ
3202 1061 3447 1128 Ύεννᾷν·
3482 1062 3653 1132 γεννᾷ

2074 1151 2173 1220 μὲν
2206 1151 2316 1218 γὰρ
2342 1153 2369 1204 ὁ
2403 1152 2617 1221 Πατὴρ,
2654 1132 2915 1217 γεννᾶται
2946 1151 3004 1202 δὲ
3038 1151 3250 1203 ἐκεῖθεν
3299 1152 3328 1203 ὁ
3377 1149 3527 1211 Υἱὸς.
3560 1152 3654 1203 ὲκ-

2072 1244 2370 1313 πορεύεται
2402 1242 2457 1295 δὲ
2494 1243 2592 1296 τοῦ
2625 1242 2792 1296 αὐτοῦ
2828 1242 3043 1311 Πατρδς
3089 1242 3149 1294 τὺ
3199 1241 3353 1307 ἆγιον
3396 1241 3650 1309 Πνεῦμα,

2069 1334 2361 1403 τέτριπται
2390 1337 2468 1396 είς
2502 1333 2877 1398 ἁπλαγίαστον
2907 1335 3029 1396 ταῖς
3055 1333 3230 1395 θείαις
3259 1333 3530 1401 Γραφαῖς,
3556 1334 3653 1386 καὶ

2071 1426 2471 1486 ἀποδέδεικται,
2506 1428 2597 1479 καὶ
2632 1426 2807 1487 οὕτως
2855 1425 3232 1492 ὡμολόγηται,
3261 1426 3358 1477 καὶ
3395 1424 3587 1494 ὥσπερ
3621 1427 3651 1478 ὁ

2074 1520 2130 1571 ἐν
2159 1519 2348 1588 Κρήτῃ
2379 1518 2763 1584 διαλεγόμενος
2793 1519 2968 1587 μέγας
3002 1516 3167 1582 σοφὸς
3193 1517 3323 1584 περὶ
3353 1516 3655 1580 ἀθανασίας

2072 1607 2272 1678 ψυχῆς,
2312 1608 2417 1676 ἔφη
2449 1608 2696 1676 γλυκέως
2732 1608 2809 1671 ὡς
2836 1609 2898 1660 τὸ
2926 1608 3028 1678 τὴν
3071 1607 3249 1677 ψυχὴν
3280 1606 3549 1661 ἀθάνατον
3577 1604 3659 1660 εἷ-

2075 1717 2185 1765 ναι,
2219 1699 2390 1762 οὕτως
2413 1700 2531 1754 ἔστι
2568 1701 2733 1769 φάναι
2783 1701 2875 1755 καὶ
2923 1701 3020 1753 νῦν
3050 1702 3198 1770 ἡμᾶς
3228 1700 3313 1753 ὅτι
3358 1699 3419 1752 τὸ
3451 1701 3656 1770 δογμα-

2076 1787 2247 1854 τίζειν
2272 1788 2347 1850 ὡς
2386 1788 2525 1859 μόνα
2559 1788 2624 1859 δὴ
2654 1788 2827 1843 ταῦτα
2864 1790 2996 1858 τρία
3036 1788 3130 1842 καὶ
3160 1788 3251 1839 τὸν
3290 1786 3511 1855 Πατέρα
3532 1802 3655 1852 γεν-

2075 1882 2192 1952 νᾷν,
2226 1882 2286 1933 τδ
2311 1881 2402 1934 τὸν
2434 1880 2562 1933 Υἱδν
2603 1881 2899 1948 γεννᾶσθαι
2950 1882 3013 1933 ὲκ
3060 1879 3155 1932 τοῦ
3198 1879 3432 1948 Πατρὺς,
3468 1878 3564 1930 καὶ
3592 1876 3657 1929 τὸ

2074 1973 2345 2042 πατρόθεν
2376 1972 2778 2042 ἐκπορεύεσθαι
2807 1976 2871 2025 τδ
2903 1972 3150 2037 Πνεῦμα,
3175 1971 3476 2033 ίδιάζουσιν
3504 1969 3656 2021 ἐκεί-

2071 2084 2183 2128 νοις
2215 2066 2734 2136 χαρακτηριστικῶς
2754 2084 2769 2098 ο
2799 2068 2869 2121 τὰ
2920 2066 2969 2121 δ’
3008 2067 3147 2120 ἄλλα
3193 2068 3374 2121 πάντα
3408 2066 3506 2135 τῆς
3534 2065 3657 2118 θεό-

2070 2176 2235 2229 τητος
2292 2159 2493 2229 ἐπίσης
2548 2159 2929 2229 προσαρμόζει
2963 2161 3071 2222 τοῖς
3106 2159 3312 2225 τρισὶν,
3368 2160 3541 2229 ἦγουν
3586 2158 3656 2227 τῇ

2072 2250 2355 2319 ἁγιωτάτῃ
2395 2249 2615 2320 Τριάδι,
2642 2249 3007 2321 ἀληθέστερόν
3038 2252 3155 2301 ἐστι
3188 2249 3284 2302 τοῦ
3315 2252 3409 2302 νῦν
3439 2250 3532 2302 ὅτε
3562 2247 3662 2317 δη-

2071 2339 2206 2409 λαδὴ
2238 2340 2412 2393 ταῦτι
2442 2341 2793 2410 προφέρομεν
2823 2342 2903 2404 είς
2936 2342 3163 2411 Γραφὴν
3188 2341 3409 2410 θερινὴν
3438 2340 3659 2410 αίθριά-

2074 2430 2276 2495 ζουσαν
2304 2433 2584 2502 ἡμετέραν
2621 2428 2761 2485 εἶναι
2783 2436 2928 2488 ’-καὶ
2954 2434 3135 2487 τοίνυν
3160 2434 3286 2502 ἐμοὶ
3317 2432 3496 2502 ὄρεξις
3534 2430 3660 2501 μηδ’

2071 2524 2211 2587 ὅλως
2262 2525 2598 2592 ἀφίστασθαι
2649 2527 2874 2591 λέξεως.
2914 2525 3051 2579 ἀλλά
3094 2528 3267 2596 μόνην
3298 2526 3658 2595 ἀπαραποίη-

2070 2634 2162 2670 τον
2196 2618 2367 2690 αὐτὴν
2400 2620 2486 2672 ἀεὶ
2513 2620 2659 2689 ὀχεῖν
2699 2620 2792 2672 ἐπὶ
2823 2619 3073 2690 γλώττης
3094 2636 3109 2651 ’
3135 2620 3234 2689 οὐχ
3264 2620 3347 2675 δτι
3390 2619 3465 2689 μὴ
3491 2619 3657 2673 καλὸν

2074 2710 2172 2763 καὶ
2220 2711 2253 2781 ἡ
2309 2710 2549 2780 προϐολὴ
2606 2710 2730 2764 καθ’
2785 2711 2853 2781 ἢν
2901 2711 2999 2766 καὶ
3048 2712 3354 2782 προδλητδν
3400 2712 3461 2765 τὸ
3500 2713 3658 2779 ᾶγιον

2073 2801 2329 2872 Πνεῦμα,
2366 2805 2463 2855 καὶ
2493 2805 2594 2856 ὅσα
2626 2802 2683 2856 δὲ
2732 2802 2869 2856 ἄλλα
2919 2803 3402 2874 χαρακτηριστικὰ
3448 2805 3660 2858 πολυω-

2071 2893 2276 2961 νυμίας
2303 2890 2454 2954 θείας
2482 2892 2648 2962 λόγῳ,
2678 2894 2728 2945 ol
2768 2892 3069 2961 ἁγιώτατοι
3097 2894 3342 2964 Πατέρες
3372 2894 3504 2947 αὐτὸ
3534 2896 3659 2946 ἑπιο

2072 2980 2350 3051 λέγουσιν,
2388 2982 2507 3036 ἀλλ’
2535 2983 2618 3037 ὅτι
2665 2985 3039 3052 εὐαγγελικῶς
3071 2984 3419 3055 πρωτόθετον
3460 2985 3659 3053 ἰδιότη-

2070 3092 2161 3137 τος
2192 3074 2397 3145 ταύτης
2423 3076 2593 3145 ὅνομα
2619 3075 2800 3145 τοῦτο,
2838 3078 2935 3131 καὶ
2960 3076 3037 3139 ὡς
3077 3079 3258 3133 εἰπεῖν
3286 3075 3497 3146 ριζικόν
3515 3092 3530 3107 ·
3563 3077 3659 3131 καὶ

2073 3165 2130 3230 ἐξ
2161 3164 2325 3217 αὑτοῦ
2360 3166 2458 3217 ὅσα
2493 3166 2587 3218 καὶ
2629 3165 2690 3230 ἐξ
2723 3167 2898 3235 ἀρχῆς
2934 3183 3080 3228 τινος
3120 3165 3654 3237 προκαταὸεὸλημέ-

2075 3276 2171 3320 νας
2202 3258 2555 3326 θεολογικῶς,
2592 3262 2833 3330 ὁρμᾶται
2864 3259 3011 3326 λέξις
3052 3260 3243 3315 ἅπασα
3275 3260 3654 3333 ἑκπορευτικὴ

2073 3352 2214 3404 κατὰ
2245 3350 2607 3419 εὐαγγελικὴν
2640 3352 2871 3407 ἔννοιαν.

2145 3440 2215 3509 ιζ.
2253 3443 2325 3494 Συ
2338 3443 2688 3511 στελλόμενος
2718 3444 2850 3512 γοῦν
2881 3444 3215 3499 ὲκλαόέσθαι
3242 3444 3341 3516 την
3386 3464 3660 3517 .κπορευ-

2076 3552 2163 3587 σιν
2210 3535 2302 3586 ἐπὶ
2330 3533 2427 3587 τοῦ
2464 3534 2623 3599 ἁγίου
2662 3535 2981 3603 Πνεύματος
3029 3538 3109 3599 είς
3142 3537 3436 3603 ὲξέλευσιν,
3475 3543 3524 3593 εί
3560 3543 3657 3595 καὶ

2078 3626 2247 3695 ἄμφω
2293 3627 2466 3680 ταῦτα
2524 3628 2603 3690 εἰς
2641 3626 2767 3681 νοῦν
2816 3628 2911 3682 ἕνα
2942 3629 3299 3701 συνέρχονται
3346 3633 3432 3686 διὰ
3460 3634 3551 3686 τὸν
3579 3635 3659 3687 εί-

2076 3720 2248 3773 πόντα
2289 3719 2438 3787 Υἱὺν,
2466 3720 2723 3787 Ἐξῆλθον
2758 3723 2821 3774 ἐκ
2850 3722 2947 3775 τοῦ
2989 3723 3233 3793 Πατρός⁹
3267 3726 3362 3778 καὶ
3391 3722 3507 3779 οἶδα
3559 3727 3659 3796 μὲν

2074 3811 2407 3880 θεῦφθογγον
2443 3813 2621 3864 ἐκεῖνο
2668 3813 2933 3884 τὸ“ρἦα,
2990 3815 3087 3867 καὶ
3119 3815 3258 3884 φιλῶ
3289 3817 3425 3871 αὐτὸ
3455 3819 3661 3888 ἁρμότ-

2074 3920 2183 3955 των
2216 3904 2299 3966 είς
2331 3903 2634 3975 ὀρθοτάτην
2661 3903 2873 3958 ἔννοιαν
2900 3922 2914 3937 ο
2947 3909 3048 3961 οὐκ
3081 3907 3390 3978 ἀφίσταμαι
3419 3910 3476 3963 δὲ
3504 3912 3656 3980 ὅμως

2074 3997 2249 4063 αὐτῆς
2279 3996 2343 4067 δὴ
2380 3998 2479 4065 τῆς
2507 3998 2923 4067 ὲκπορεύσεως·
2960 3999 3057 4052 καὶ
3088 3999 3230 4053 οὕτω
3258 4001 3359 4070 μὲν
3393 4003 3660 4068 ἐκπορευ-

2074 4089 2168 4140 τὸν
2208 4089 2425 4157 Πατρὸς
2461 4088 2523 4140 τὸ
2559 4088 2717 4155 ἆγιον
2749 4090 3011 4159 Πνεῦμασ
3067 4092 3207 4159 φάος
3253 4092 3308 4144 δὲ
3337 4093 3424 4146 διὰ
3468 4094 3519 4146 τί
3568 4094 3659 4145 τὸν

2077 4181 2297 4248 Πατέρα
2332 4180 2482 4247 λέγει
2511 4198 2524 4247 ;
2553 4183 2741 4245 Οὐδεὶς
2787 4182 2927 4234 οὕτω
2959 4183 3347 4252 εὐδυσώπητος
3386 4183 3484 4254 τὴν
3517 4185 3659 4237 κατὰ

2076 4269 2203 4324 νοῦν
2233 4270 2380 4340 ὄψιν,
2411 4271 2486 4335 ὡς
2518 4275 2734 4341 ἀγνοεῖν
2773 4274 2849 4345 μὴ
2877 4274 3165 4349 ἐμϐλέπων
3193 4274 3273 4338 τῷ
3303 4275 3425 4328 κατ’
3449 4277 3663 4331 ἐκεῖνον

2077 4363 2220 4432 φωτὶ
2251 4364 2393 4417 καθὰ
2421 4366 2664 4432 ἐφικτὸν,
2699 4366 2794 4418 καὶ
2842 4368 3278 4437 κατανοούμενος
3306 4367 3407 4435 τὴν
3440 4386 3663 4437 φωσφο-

394 4458 568 4512 nitum
603 4464 784 4513 autem
818 4454 923 4511 hoc
986 4456 1167 4510 lumen
1214 4455 1289 4509 ait
1329 4462 1552 4525 propter
1606 4454 1825 4521 Filium,
1882 4456 1969 4521 qui

2081 4457 2203 4526 ρίαν
2236 4456 2402 4511 αὐτοῦ
2429 4472 2444 4487 ο
2474 4457 2771 4527 ἀγέννητον
2801 4459 2858 4511 δὲ
2888 4459 3001 4526 φῶς
3034 4460 3244 4513 ἐκεῖνόν
3275 4476 3415 4529 φησι
3447 4461 3537 4514 διὰ
3566 4460 3661 4514 τὸν

390 4551 567 4604 lumen
599 4549 716 4618 ipse
744 4549 964 4620 quidem
994 4556 1099 4615 est,
1124 4547 1216 4602 sed
1240 4549 1508 4617 genitum,
1541 4556 1601 4602 ut
1631 4548 1834 4603 dictum
1858 4562 1969 4616 est;

2083 4547 2248 4601 Υίόνο
2280 4549 2397 4617 φῶς
2429 4550 2529 4617 μὲν
2572 4551 2667 4603 καὶ
2715 4552 2921 4605 ἐκεῖνον
2965 4553 3116 4616 ὄντα,
3161 4540 3426 4624 γεννητὸν
3453 4554 3555 4619 se,
3582 4555 3662 4618 ὡς

388 4651 444 4694 at
473 4638 708 4709 quadam
755 4637 823 4692 ad
859 4639 999 4692 idem
1031 4636 1119 4690 hic
1154 4636 1509 4707 polyonymize
1542 4637 1751 4692 ratione
1820 4638 1967 4694 Patri

392 4734 575 4786 lumen
603 4739 688 4784 est
710 4730 1035 4784 attributum
1061 4746 1076 4783 :
1100 4730 1257 4784 aliter
1282 4730 1425 4783 enim
1447 4743 1556 4782 non
1587 4739 1708 4798 apte
1734 4729 1793 4781 τὸ
1813 4731 1972 4796 ἀγέν-

391 4840 553 4892 νητον
578 4822 796 4889 lumini,
832 4822 937 4876 nisi
974 4829 1236 4890 tanquam
1274 4819 1381 4875 Deo
1408 4820 1578 4884 Patri,
1613 4821 1965 4877 tribueretur.

397 4913 572 4969 Dictio
631 4928 760 4968 vero
813 4911 1401 4982 πανσθενουργὸφωτον
1457 4926 1487 4966 a
1537 4911 1748 4967 dicendi
1803 4912 1973 4966 tardi-

396 5013 506 5059 tate
575 5019 668 5072 per
734 5002 1068 5056 celeritatem
1130 5001 1408 5072 synthesis
1459 5010 1678 5072 poetam
1731 5001 1965 5056 liberat:

391 5107 628 5164 quatuor
664 5096 808 5150 enim
855 5110 1015 5150 voces
1048 5094 1175 5158 πᾶν,
1214 5093 1424 5159 σθένος,
1452 5094 1641 5164 ἔργον,
1676 5095 1811 5161 φῶς,
1848 5103 1968 5148 tau-

392 5204 556 5260 quam
591 5189 916 5258 glomeratas
956 5189 1007 5241 in
1060 5186 1299 5257 plurium
1351 5203 1458 5241 una
1515 5198 1967 5256 congregatorum

393 5280 639 5349 globum,
669 5276 928 5333 velociter
957 5277 1112 5343 dixit,
1150 5276 1280 5332 huic
1317 5278 1626 5331 necessario
1643 5277 1968 5347 applicatus,

398 5384 573 5426 metro
606 5378 850 5439 cogente.
875 5369 933 5422 Si
964 5384 1094 5424 vero
1127 5368 1353 5424 comicis
1392 5370 1572 5440 poetis
1605 5370 1720 5425 hzrc
1767 5383 1970 5423 conve-

396 5462 516 5517 nire
547 5469 758 5514 veteres
788 5467 1052 5525 statuunt,
1109 5456 1449 5513 rarissimam
1497 5459 1643 5529 apud
1711 5460 1969 5527 antiquos

396 5566 519 5606 esse
548 5550 709 5604 talem
756 5548 1052 5619 synthesim
1107 5547 1454 5615 adnotantes,
1519 5548 1689 5618 legem
1751 5548 1970 5601 sibimet

397 5642 533 5712 ipsis
563 5647 827 5701 statuant,
872 5638 1115 5693 sitientes
1168 5638 1386 5694 divinos
1459 5639 1609 5694 viros
1665 5638 1969 5709 spiritualia

399 5732 757 5804 spiritualiter
822 5730 995 5801 loqui,
1043 5729 1497 5801 qualitercunque
1544 5736 1830 5786 excedant.
1886 5730 1975 5785 Si-

400 5821 621 5895 gniﬁcat
644 5830 825 5877 autem
859 5834 961 5875 vox
990 5820 1248 5891 praedicta
1282 5822 1427 5890 quod
1452 5821 1779 5893 πανσθενὴς,
1808 5821 1860 5876 id
1892 5829 1977 5876 est

2075 4640 2314 4711 εἴρηται,
2350 4641 2495 4711 λόγῳ
2529 4642 2586 4694 δέ
2637 4659 2743 4695 τινι
2778 4644 3171 4713 πολυωνυμίας
3211 4648 3293 4709 είς
3328 4646 3525 4699 ταυτὸν
3572 4648 3663 4699 ὲν-

2077 4731 2253 4786 ταῦθα
2285 4727 2455 4802 ἦκται
2482 4732 2559 4802 τῷ
2592 4734 2767 4801 Ila-cpi.
2808 4734 2869 4786 τὸ
2897 4734 3054 4803 φάος.
3090 4735 3299 4800 ’Ἄλλως
3324 4738 3434 4807 γὰρ
3464 4737 3660 4791 οὐκ-ἂν

2076 4821 2322 4893 εὐξήλως
2348 4825 2411 4876 τὸ
2453 4824 2754 4893 ἀγέννητον
2790 4826 2930 4894 φωτὶ
2968 4828 3463 4898 προσαρμόττοιτο,
3500 4833 3547 4883 εί
3580 4831 3658 4900 μὴ

2077 4911 2151 4974 ὡς
2186 4912 2305 4982 Θεῷ
2356 4913 2565 4981 Πατρί’
2619 4913 2680 4965 τὸ
2731 4913 2788 4965 δὲ
2840 4915 3426 4984 πανσθενουργὸφωτον
3462 4915 3662 4986 βραδυ-

2076 5003 2356 5071 γλωσσίας
2407 5004 2745 5057 ἀπαλλάττει
2775 5004 2867 5058 τὸν
2905 5005 3216 5076 μελουργὸν
3263 5010 3330 5075 τῇ
3367 5010 3507 5060 κατὰ
3540 5007 3664 5059 σύν-

2081 5093 2232 5148 θεσιν
2262 5096 2580 5166 γοργότητι.
2628 5093 2817 5161 Λέξεις
2862 5097 2970 5165 γὰρ
2999 5097 3297 5166 τέσσαρας,
3329 5097 3391 5150 τὸ
3440 5099 3570 5164 πᾶν,
3597 5096 3660 5150 τὸ

2082 5187 2290 5253 σθένος,
2327 5187 2387 5241 τὸ
2420 5188 2605 5259 ἔργον,
2660 5190 2755 5242 καὶ
2806 5189 2866 5242 τὺ
2917 5189 3055 5258 φῶς,
3104 5190 3399 5258 γογγυλίας
3433 5186 3545 5243 οἷον
3576 5192 3658 5253 εἰς

2084 5280 2215 5352 μίαν
2246 5282 2612 5352 συνημμένων
2660 5283 2815 5352 ὑφὲν,
2845 5284 3061 5354 γοργῶς
3084 5285 3350 5355 ἔφρασεν,
3378 5285 3662 5355 ἐπιτηδευ-

2081 5374 2318 5441 σάμενος
2370 5373 2503 5425 αὐτὸ
2557 5373 2910 5441 ἀναγκαίως,
2957 5375 3159 5444 μέτρου
3210 5376 3657 5442 κατεπείγοντος.

2081 5461 2145 5515 El
2196 5463 2254 5516 δὲ
2303 5463 2353 5516 ol
2410 5465 2632 5518 παλαιοὶ
2663 5468 2934 5535 κωμικοῖς
2965 5470 3219 5535 ποιηταῖς
3266 5467 3563 5539 ἁρμόττειν
3592 5470 3661 5521 τὰ

2077 5554 2305 5608 τοιαῦτα
2333 5556 2640 5625 νομίζουσι,
2672 5558 3228 5627 παρασημειούμενοι
3260 5560 3545 5625 σπανίζειν
3580 5560 3662 5614 ὅτι

2088 5647 2234 5718 μάλα
2260 5648 2412 5717 παρὰ
2438 5650 2550 5710 τοῖς
2581 5648 2752 5701 πάλαι
2781 5649 2879 5718 τὴν
2909 5651 3172 5716 τοιαύτην
3200 5651 3472 5717 σύνθεσιν,
3505 5669 3666 5721 νομο-

2079 5738 2409 5792 θετείτωσαν
2457 5741 2710 5803 ἑαυτοῖς,
2772 5740 3025 5809 ἀφιέντες
3070 5743 3197 5806 τοὺς
3250 5744 3430 5806 θείους
3460 5743 3663 5813 ἄνδρας

2083 5827 2314 5899 φράζειν
2347 5827 2735 5898 πνευματικῶς
2779 5828 2850 5884 τὰ
2880 5831 3250 5902 πνευματικὰ,
3285 5832 3433 5897 ὅπως
3459 5831 3525 5888 ἂν
3563 5834 3661 5889 καὶ
