4050 6446
350 389 464 456 ϐ”δ

1172 396 1257 457 ΙΝ
1300 395 1644 459 HYMNUM
1686 396 2335 461 PENTECOSTALEM
2361 403 2769 467 DAMASCEN
2775 403 2824 466 Ι.

3501 403 3609 474 8m

344 512 702 584 ὲκχωροϊντο.
723 513 885 582 Δηλοϊ
908 513 966 567 δὲ
991 515 1025 581 ἠ
1056 513 1286 587 ρηθεῖσα
1305 518 1470 584 λέξις,
1493 521 1576 573 ὅτι
1602 521 1922 584 πανσθενὲς,

2028 524 2440 594 potentissimus
2463 534 2549 581 est
2601 525 2841 595 Spiritus
2868 533 3094 582 sanctus
3148 525 3218 582 ad
3267 528 3603 593 operandum

343 606 375 659 6
428 606 549 658 ἐστι
600 605 1010 676 παντοδύναμον
1044 606 1106 660 δν
1153 609 1213 663 τὸ
1242 610 1400 679 ἅγιον
1431 612 1660 681 Πνεῦμα
1689 614 1916 682 ἐργάζε-

348 700 476 754 σθαι
501 704 570 753 τά
606 699 909 770 θεοπρεπῆ,
955 700 1049 754 καὶ
1084 703 1264 771 φωτὸς
1293 699 1434 758 εἶναι
1468 704 1690 760 δύναται
1727 708 1923 760 ἀποτε-

343 789 599 842 λεστικὸν
628 787 857 856 ἀφθίτου
886 790 913 843 ὃ
940 793 1184 862 σήμερον
1214 792 1557 864 ἑορτάζομεν
1575 812 1591 828 ·
1621 797 1717 851 καὶ
1749 799 1924 861 ἄλλως

344 882 404 935 δὲ
439 882 600 946 σέλας
628 884 814 936 ὁποῖον
840 882 1057 953 εἴρηται
1088 886 1150 939 τὸ
1176 882 1334 955 ἅγιον
1368 888 1591 956 Πνεῦμα
1626 889 1729 958 ἔφη
1759 889 1787 942 6
1827 908 1923 959 με·

343 973 515 1040 λῳδὸς
564 975 707 1027 κατὰ
759 973 1036 1042 ἐξαίρετον
1090 977 1429 1047 παράδοξον
1486 980 1607 1034 οὐδὲ
1653 982 1763 1052 γὰρ
1794 983 1923 1037 ἄλλο

349 1066 511 1127 σέλας
546 1067 684 1134 πρὸς
740 1066 800 1118 τὸ
836 1068 1094 1136 φωτίζειν
1154 1073 1249 1125 καὶ
1304 1072 1604 1137 πανσθενές
1653 1074 1769 1128 ἐστι
1827 1076 1922 1129 καὶ

344 1173 550 1210 παντου
561 1159 711 1225 ργόν.

417 1254 528 1318 Aa’.
564 1251 638 1304 Τὸ
665 1252 720 1304 δὲ
750 1251 980 1317 ἄφθιτον
1008 1253 1150 1306 είποι
1187 1256 1285 1323 μὲν
1314 1257 1380 1309 ἄν
1410 1275 1495 1317 τις
1525 1259 1782 1327 ἀσφαλῶς
1807 1263 1922 1317 ἴσον

343 1342 609 1397 δύνασθαι
637 1344 715 1409 τῷ
744 1345 954 1407 ἄδυτον,
995 1346 1071 1408 ὡς
1124 1348 1216 1400 ἐπὶ
1252 1351 1428 1417 φωτὸς
1475 1354 1743 1421 ἡλιακοῦο
1801 1357 1924 1409 ἐπεὶ

343 1439 442 1491 καὶ
475 1439 506 1502 ή
550 1438 689 1490 κατὰ
739 1438 836 1508 τὴν
866 1438 1096 1506 ἡλιακὴν
1129 1440 1282 1495 δύσιν
1330 1444 1446 1514 ὥρα
1500 1447 1700 1515 φθινάς
1746 1453 1918 1506 ἐστιν.

357 1527 492 1580 Ἀπὸ
526 1527 619 1580 τοῦ
654 1527 797 1594 φθίω
826 1529 881 1581 δὲ
913 1530 946 1600 ἠ
979 1530 1124 1595 λέξις
1154 1533 1391 1600 γίνεται,
1422 1536 1546 1591 ὅθεν
1587 1539 1680 1591 καὶ
1722 1541 1750 1593 6
1802 1539 1923 1608 φθί-

345 1635 510 1687 μενος
545 1619 642 1672 καὶ
676 1622 704 1673 6
755 1620 979 1687 φθιτόςο
1038 1623 1242 1678 κωλύει
1289 1626 1347 1680 δὲ
1375 1628 1529 1681 οὐδὲν
1560 1631 1655 1683 καὶ
1687 1631 1796 1686 άπὸ
1825 1632 1923 1686 τοῦ

341 1711 519 1779 φθίνω
548 1710 854 1782 παρ-ἦχθαι.
891 1713 954 1767 Ei
1003 1714 1061 1768 δὲ
1112 1717 1211 1769 οὐκ
1244 1717 1487 1784 ἔγκειται
1530 1721 1592 1774 τὸ
1627 1721 1923 1791 θεματικὸν

2028 630 2091 671 ea
2127 630 2247 683 quae
2279 613 2389 670 Deo
2413 624 2751 686 competunt,
2783 622 2838 669 et
2885 614 3165 684 purissimi
3212 614 3436 671 luminis
3464 616 3605 686 quod

2024 709 2188 764 hodie
2229 708 2593 771 celebramus,
2623 707 2849 764 eﬂ‘ector
2877 716 2983 763 est.
3018 708 3253 764 Aliunde
3279 723 3407 763 vero
3436 706 3608 776 fulgo-

2028 815 2166 867 rem,
2207 799 2389 869 qualis
2417 799 2654 870 Spiritus
2686 810 2911 857 sanctus
2953 801 3133 857 dictus
3162 809 3268 868 est,
3292 801 3449 869 juxta
3483 814 3609 867 spe.

2025 895 2379 950 cialissimam
2416 894 2789 964 acceptionem
2826 893 3120 948 declaravit
3172 901 3329 963 poeta
3361 909 3376 945 :
3422 893 3604 947 nullus

2028 987 2178 1043 enim
2210 988 2351 1041 alius
2379 985 2554 1058 fulgor
2584 988 2650 1042 ad
2682 986 3103 1043 illuminaudum
3138 992 3223 1042 est
3245 985 3601 1056 omniparens

2023 1090 2079 1137 et
2110 1081 2478 1150 omnipotens.

2093 1263 2184 1320 9|.
2209 1260 2413 1317 Vocem
2440 1275 2569 1315 vero
2594 1260 2818 1328 ἄφθιτον
2849 1267 2963 1315 tuto
2995 1268 3176 1328 posset
3208 1257 3404 1327 aliquis
3429 1257 3570 1326 mqui
3587 1274 3601 1300 δ

2024 1371 2212 1423 parem
2236 1355 2418 1411 dicere
2446 1352 2561 1409 voci
2590 1354 2805 1415 ἄδυτον,
2829 1360 3085 1422 tanquam
3117 1352 3185 1405 de
3215 1350 3416 1405 lumine
3442 1349 3600 1421 solis;

2025 1447 2296 1512 siquidem
2328 1446 2463 1502 solis
2486 1445 2866 1501 occumbentis
2893 1444 3028 1499 hora
3059 1443 3315 1499 desinens
3347 1440 3589 1513 (φθινάς)

2021 1547 2129 1593 est.
2161 1538 2201 1592 A
2251 1538 2419 1593 verbo
2455 1546 2632 1592 autem
2670 1536 2812 1604 φθίω
2844 1535 3011 1601 venit,
3038 1534 3181 1591 unde
3223 1548 3443 1604 quoque
3470 1542 3602 1588 sunt

2025 1630 2283 1701 φθίμενος
2337 1638 2392 1684 et
2444 1630 2654 1696 φθιτός.
2700 1628 2846 1683 Nihil
2889 1638 3070 1684 autem
3113 1626 3339 1695 impedit
3370 1626 3500 1697 quin
3531 1641 3598 1682 ex

2027 1724 2200 1793 φθίνω
2247 1724 2543 1780 derivetur.
2581 1723 2637 1778 Si
2683 1738 2816 1776 vero
2856 1737 2963 1777 non
3014 1721 3225 1787 integra
3266 1720 3419 1776 radix
3473 1720 3605 1775 huic

341 1801 684 1870 ἀμετάϐολον
718 1805 784 1873 τῇ
818 1806 1043 1876 τοιαύτῃ
1078 1806 1224 1871 λέξει
1283 1809 1368 1862 ἵνα
1407 1808 1440 1882 ᾗ
1498 1812 1783 1881 ἄφθιντον,
1843 1815 1919 1879 ὡς

2025 1818 2141 1871 voci
2182 1818 2464 1880 inhaereat,
2508 1825 2566 1871 ut
2589 1817 2656 1871 sit
2703 1816 2983 1885 ἇφθιντον,
3034 1816 3177 1870 sicut
3226 1812 3605 1881 ἀνάκλιντρον,

339 1894 723 1966 ἀνάκλιντρον,
751 1897 939 1951 καινὸν
970 1897 1144 1964 οὐδὲν,
1176 1900 1301 1954 ἐπεί
1330 1918 1411 1955 τοι
1446 1903 1567 1957 οὐδὲ
1598 1907 1625 1958 6
1654 1906 1920 1974 κατάκρι-

341 2003 460 2049 τος,
501 1986 623 2041 οὐδὲ
652 1989 679 2041 6
707 1988 916 2058 κριτὸς,
953 1990 1028 2053 ὡς
1061 1992 1127 2044 ἐκ
1170 1991 1268 2046 τοῦ
1323 1995 1495 2063 κρίνω
1536 1997 1831 2066 ἐπάγονται
1862 2000 1923 2053 τὸ

338 2075 439 2131 τοῦ
467 2079 765 2145 ἐνεστῶτος
792 2082 981 2152 ὑγρόν.
1011 2083 1118 2138 Τοῦ
1167 2087 1349 2155 μέντοι
1402 2088 1543 2143 πίνω
1586 2090 1711 2144 οὗτε
1745 2093 1921 2146 τοιοῦ-

338 2169 435 2224 τόν
454 2188 510 2224 τι
546 2170 830 2239 ἐξεγένετο
844 2173 981 2227 οὔτε
1014 2175 1229 2231 ἀλλοῖον
1251 2194 1266 2209 ν
1297 2177 1414 2232 ἀλλ’
1444 2180 1622 2235 ἐκεῖνο
1655 2183 1755 2251 μὲν
1782 2183 1921 2236 ἀπό-

342 2282 523 2319 κειται
566 2264 822 2336 μονῆρες,
856 2268 884 2337 ἡ
923 2266 980 2320 δὲ
1016 2270 1300 2339 σύστοιχος
1332 2271 1481 2343 αὐτῷ
1502 2272 1645 2338 λέξις
1670 2276 1733 2328 τὺ
1758 2276 1921 2329 ποτὸν

342 2357 573 2411 ἂλλοθεν
603 2358 977 2422 ἀπολείϐεται,
1011 2359 1159 2415 οὕτω
1194 2361 1380 2418 δὲκαὶ
1417 2365 1479 2419 τὸ
1528 2368 1687 2431 πῖσος
1728 2368 1847 2439 ἤτοι
1895 2371 1922 2421 ὁ

342 2447 514 2517 ὑγρὸς
543 2448 727 2514 τόπος,
765 2449 825 2515 ἐξ
853 2443 913 2504 οὗ
950 2451 1153 2522 δηλαδὴ
1187 2452 1305 2507 ἐστι
1340 2455 1505 2519 πιεῖν,
1553 2456 1629 2520 ὡς
1662 2457 1727 2510 τὸ
1756 2457 1920 2512 πίσεα

342 2540 625 2613 ποιήεντα.
657 2541 767 2596 Τοῦ
825 2544 933 2597 πίω
981 2544 1092 2614 γὰρ
1140 2547 1235 2600 καὶ
1286 2548 1421 2601 αὐτὸ
1473 2548 1815 2621 ἐξώρμηται,
1856 2544 1922 2606 οὗ

343 2636 541 2705 χρῆσις
568 2635 853 2703 μέλλοντος
871 2637 1023 2703 παρὰ
1048 2637 1126 2708 τῷ
1141 2639 1370 2710 λυρικῷ,
1391 2642 1514 2696 ὅθεν
1540 2644 1633 2696 καὶ
1661 2645 1688 2713 ἡ
1725 2642 1923 2715 Ὀλυμ-

346 2726 516 2794 πιακὴ
559 2726 722 2794 Πίσα,
777 2728 852 2791 ὡς
882 2728 1053 2792 εἴτις
1107 2731 1226 2802 ἐρεῖ
1258 2733 1561 2803 ποτίστραδ
1610 2734 1822 2789 ἐκεῖθεν
1862 2736 1921 2791 δὲ

342 2821 439 2873 καὶ
472 2819 770 2892 φάρμακον
826 2821 1019 2875 πιστὸν
1055 2823 1118 2877 τὸ
1147 2825 1457 2895 πινόμενον,
1485 2825 1673 2899 ὥσπερ
1699 2828 1922 2899 χριστὸν

340 2912 403 2966 τὸ
452 2912 762 2984 χριόμενον.
832 2914 1035 2970 ’Ῑστέον
1084 2915 1143 2970 δέ
1181 2917 1264 2971 ὅτι
1323 2918 1920 2990 πανσθενουργόφωτον

346 3004 510 3069 σέλας
535 3007 598 3060 τὸ
632 3007 788 3075 ἅγιον
840 3009 1067 3079 Πνεῦμα
1101 3010 1359 3081 εἰρῆσθαι
1411 3012 1665 3082 φαίνεται
1708 3013 1786 3079 ὡς
1814 3014 1921 3068 ἀπὸ

345 3100 523 3170 ἡλίου,
557 3100 652 3154 τοῦ
710 3101 806 3156 καὶ
859 3101 1228 3166 πολυσθενοῦς
1277 3105 1375 3159 καὶΙ
1408 3106 1703 3175 φωσφόρου
1748 3107 1809 3167 ἐν
1839 3106 1918 3175 τῷ

2026 1926 2131 1964 non
2167 1920 2247 1965 est
2290 1910 2534 1976 mirum;
2583 1908 2853 1978 siquidem
2910 1922 3013 1962 nec
3062 1904 3448 1974 ὁκατάκριτος
3498 1915 3603 1958 nec

2022 2005 2049 2056 ὁ
2090 1999 2296 2071 κριτός,
2331 2008 2588 2068 tanquam
2651 2015 2715 2053 ex
2761 2000 2955 2068 κρίνω,
3004 1998 3292 2065 praesentis
3332 1997 3598 2068 liquidam

2023 2103 2333 2150 assumunt.
2385 2093 2461 2148 Ex
2510 2092 2676 2148 verbo
2701 2101 2882 2148 tamen
2918 2092 3059 2145 πίνω
3092 2106 3194 2147 nec
3249 2091 3456 2162 aliquid
3497 2092 3606 2149 tale

2023 2199 2122 2237 nec
2158 2185 2433 2240 diversum
2468 2185 2740 2253 provenit,
2771 2184 2866 2239 sed
2902 2183 3035 2239 illud
3070 2183 3291 2254 quidem
3321 2183 3606 2252 reponitur

2022 2276 2353 2332 solitarium.
2415 2273 2528 2331 Vox
2602 2283 2785 2331 autem
2855 2275 3101 2346 ejusdem
3173 2274 3383 2330 ordinis
3438 2274 3606 2330 ποτόν

2023 2369 2243 2424 aliunde
2292 2368 2617 2429 desumitur,
2680 2360 2891 2421 necnon
2947 2367 3108 2422 etiam
3145 2367 3207 2420 τὸ
3232 2368 3412 2429 πῖσος,
3474 2365 3592 2421 sive

2023 2461 2246 2517 humida
2311 2460 2452 2525 loca,
2504 2461 2649 2514 unde
2693 2474 2824 2515 sane
2844 2459 2992 2513 venit
3019 2461 3187 2522 πιεῖν,
3240 2459 3380 2514 sicut
3442 2458 3607 2515 πίσεα

2022 2555 2284 2622 ποιήεντα
2320 2553 2457 2616 (loca
2516 2550 2743 2607 humida
2790 2566 2854 2605 ac
2900 2549 3134 2621 ﬂorida)
3176 2567 3189 2605 :
3234 2550 3409 2620 ipsum
3458 2549 3603 2605 enim

2023 2648 2241 2703 eruitur
2269 2662 2332 2702 ex
2365 2647 2498 2710 πίω,
2546 2646 2704 2714 cujus
2736 2644 2979 2700 futurum
3015 2648 3068 2699 in
3102 2659 3203 2699 usu
3256 2644 3410 2698 venit
3455 2643 3602 2709 apud

2024 2739 2276 2807 lyricum,
2308 2737 2449 2791 unde
2492 2751 2713 2806 quoque
2741 2736 3020 2791 derivatur
3057 2733 3402 2805 Ὀλυμπιακὴ
3433 2734 3598 2795 Πίσα,

2022 2838 2282 2894 tanquam
2313 2826 2512 2894 aliquis
2548 2826 2751 2880 diceret
2779 2825 3064 2893 ποτίστρα.
3117 2824 3244 2879 inde
3272 2824 3478 2892 pariter
3507 2838 3604 2877 ve-

2023 2921 2107 2974 nit
2138 2917 2441 2974 remedium
2492 2917 2685 2970 πιστὸν
2716 2916 2860 2986 quod
2896 2924 3081 2985 potum
3139 2922 3244 2982 est,
3276 2912 3437 2969 sicuti
3468 2913 3606 2966 chri-

2022 3024 2187 3074 stum.
2223 3011 2309 3066 vel
2337 3018 2560 3065 unctum
2598 3007 2864 3079 (χριστὸν)
2893 3008 3039 3077 quod
3076 3017 3305 3062 unctum
3360 3012 3463 3060 est.
3491 3004 3605 3060 No-

2024 3107 2247 3161 tandum
2276 3112 2361 3158 est
2386 3113 2568 3158 autem
2595 3102 2738 3169 quod
2798 3098 3387 3170 πανσθενουργόφωτον
3417 3097 3601 3152 lumen

342 3193 534 3260 κόσμῳ
566 3192 832 3261 στοιχείου
857 3208 872 3225 ο
900 3193 980 3247 διὸ
1002 3196 1254 3263 χωρίζων
1284 3196 1461 3269 πάντη
1491 3199 1584 3252 τὸν
1615 3198 1757 3269 ὑπὲρ
1788 3199 1913 3254 νοῦν

2025 3199 2265 3270 Spiritus
2324 3204 2549 3252 sanctus
2586 3193 2693 3249 dici
2735 3191 2952 3249 videtur
3001 3207 3064 3247 ex
3097 3190 3215 3248 sole
3251 3190 3344 3260 qui
3375 3188 3601 3245 validis-

341 3283 496 3353 ἥλιον
530 3284 624 3339 τοῦ
658 3284 919 3356 αίσθητοῦ
963 3287 991 3340 6
1030 3285 1289 3357 μελῳδὸς,
1327 3287 1557 3357 ἄφθιτον
1586 3290 1796 3344 ἐκεῖνον
1828 3291 1919 3344 λέ-

342 3393 433 3444 γει
469 3379 497 3432 ὅ
522 3378 674 3432 ἐστιν
720 3378 934 3444 ἄδυτον,
973 3378 1049 3440 ὡς
1084 3378 1180 3433 τοῦ
1216 3379 1430 3450 φθίνειν
1461 3378 1555 3437 καὶ
1585 3383 1679 3436 ἐπὶ
1710 3381 1918 3447 δύσεως

343 3469 499 3541 ἡλίου
530 3469 852 3540 λεγομένου,
887 3472 1029 3527 καθὰ
1059 3473 1298 3543 εἴρηται.

417 3742 526 3814 [ιβ’.
565 3742 721 3798 Τδδέ
762 3745 923 3809 σέλας
951 3746 1068 3816 ἔχει
1105 3746 1208 3817 μὲν
1252 3746 1520 3819 διαφοράν
1559 3766 1683 3805 τινα
1716 3749 1920 3817 λεπτὴν

345 3838 484 3908 πρὸς
508 3836 570 3890 τὺ
595 3836 786 3902 ἁπλῶς
816 3839 933 3908 φῶς
963 3839 1115 3909 παρὰ
1143 3840 1256 3903 τοῖς
1282 3840 1558 3911 ἀρχαίοις,
1595 3841 1692 3896 νῦν
1730 3843 1787 3898 δὲ
1817 3860 1921 3896 πο-

345 3932 669 4003 λυωνυμίας
695 3932 840 4001 λόγῳ
869 3932 989 3986 ἀντὶ
1019 3931 1197 3999 φωτὸς
1220 3932 1496 4003 εἴληπται.
1529 3933 1593 3987 Ἠ
1623 3934 1679 3990 δὲ
1714 3935 1801 3989 διά
1819 3936 1921 4005 τῆς

349 4025 625 4096 πατρικῆς
671 4023 767 4078 τοῦ
804 4022 935 4077 Υίοῦ
984 4023 1237 4087 ἐξουσίας
1256 4024 1531 4096 συμφυὴς,
1565 4026 1642 4089 ὡς
1678 4025 1919 4097 εἴρηται,

348 4118 675 4187 φρυκτωρία
695 4115 792 4171 τοῦ
826 4117 986 4185 ἁγίου
1022 4116 1362 4187 Πνεύματος,
1389 4118 1449 4171 οὐ
1484 4118 1787 4190 περιορίζει
1820 4118 1923 4190 τὴν

347 4211 540 4283 θεῖκὴν
570 4210 818 4277 ἐξουσίαν
844 4211 924 4274 είς
955 4209 1117 4280 μόνον
1143 4209 1235 4263 τὸν
1266 4210 1488 4280 Πατέρα
1507 4207 1599 4265 οἷα
1629 4212 1708 4274 είς
1737 4212 1922 4283 πηγήν

347 4323 472 4360 τινα
519 4305 554 4377 ἢ
605 4303 928 4374 δεξαμενὴν,
962 4302 1037 4366 ὡς
1068 4301 1279 4357 ἐκεῖθεν
1312 4302 1414 4371 μὲν
1451 4302 1624 4373 αὐτὴν
1646 4303 1738 4356 τὸν
1765 4303 1917 4372 Υίδν,

350 4398 447 4452 ἀπ’
473 4396 642 4452 αὐτοῦ
673 4396 730 4451 δὲ
767 4393 1220 4466 μετοχετεύεσθαι
1263 4394 1359 4447 καὶ
1399 4394 1696 4449 διαϐαίνειν
1729 4395 1811 4459 είς
1863 4395 1922 4450 τὸ

346 4488 508 4555 ἆγιον
540 4486 766 4557 Πνεῦμα
792 4502 808 4517 ·
840 4485 1262 4556 τρισενέργητος
1289 4484 1370 4550 δὲ,
1409 4485 1488 4547 ὡς
1522 4483 1694 4550 οὕτως
1725 4486 1919 4549 εἰπεῖν,

348 4577 734 4650 ἐξουσιαστικὴ
756 4575 1040 4632 κάνταῦθα
1061 4577 1385 4649 φρυκτωρία
1406 4576 1665 4647 δηλοῦται
1683 4566 1918 4648 Πατρδς,

348 4670 481 4727 Υίοῦ
511 4673 606 4727 καὶ
639 4673 800 4737 ἁγίου
854 4671 1194 4742 Πνεύματος,
1219 4671 1357 4740 ὁμοῦ
1386 4670 1480 4724 καὶ
1496 4670 1760 4736 ὡσαύτως
1787 4688 1923 4742 προ-

347 4765 658 4835 ϐαλλομένη
681 4763 785 4818 ὑπὸ
801 4763 911 4817 τῶν
924 4762 1118 4833 τριῶν’
1143 4764 1238 4833 μία
1256 4763 1365 4834 γὰρ
1381 4762 1600 4828 ἐξουσία
1616 4766 1676 4818 ἐν
1700 4766 1764 4835 τῇ
1789 4764 1923 4835 ἁγίᾳ

345 4857 538 4928 τριάδι
571 4854 669 4911 καὶ
706 4853 985 4917 παντελῶς
1018 4854 1052 4924 ή
1081 4852 1219 4924 αὐτὴ
1247 4855 1349 4908 οὐκ
1379 4855 1831 4927 ἐπεισερχομὲνη,
1860 4856 1922 4910 οὗ

343 4950 769 5020 διαπεμπομένη
806 4948 943 5017 πρὸς
987 4946 1199 5010 ἐνδείας
1238 4947 1650 5019 ἀναπλήρωσιν,
1691 4949 1754 5002 ού
1782 4950 1924 5003 κατὰ

342 5043 508 5113 χάριν
524 5040 884 5109 διαδιδομένη,
913 5037 1030 5093 ἀλλ’
1052 5038 1336 5107 αὐτοφυῶς
1356 5039 1493 5111 αὐτῇ
1516 5039 1603 5093 ἀεὶ
1622 5039 1922 5109 προσοῦσα,

347 5136 443 5189 καὶ
459 5135 733 5206 παροῦσα,
762 5134 857 5186 καὶ
882 5132 1161 5202 ὀμοτίμως
1198 5131 1524 5201 ἐνεργοῦσα·
1545 5132 1596 5184 εί
1621 5132 1714 5185 καὶ
1739 5133 1770 5202 ὴ
1799 5130 1924 5185 καθ’

347 5227 507 5297 ἡμῶν
539 5227 762 5296 γλῶσσα
794 5226 889 5280 καὶ¹
920 5225 1122 5295 φράσις
1148 5224 1508 5290 ἀνθρωπίνως
1543 5224 1925 5296 ἑρμηνεύουςα

344 5319 416 5373 τὰ
469 5318 745 5384 θειότατα,
782 5317 878 5373 καὶ
926 5317 1078 5387 ὑγρῷ
1125 5316 1283 5388 πηλῷ
1315 5316 1394 5388 τῷ
1437 5317 1581 5370 κατὰ
1625 5317 1799 5382 στόμα
1832 5315 1926 5370 καὶ

344 5411 599 5479 γλῶσσαν
650 5409 962 5464 ἐντυποῦσα
1018 5408 1384 5479 χαρακτῆρας
1428 5408 1668 5475 θεῖκοῦς,
1704 5408 1927 5479 ἐξακρι-

347 5502 476 5557 ϐοῦν
523 5503 585 5556 ού
631 5502 854 5556 δύναται
901 5502 964 5555 τδ
1002 5502 1240 5571 ἀόρατον
1273 5500 1645 5571 ἐξεικόνισμα.
1689 5501 1757 5555 Ἠ
1792 5501 1927 5570 γοῦν

349 5597 601 5668 Πατρικὴ
649 5595 869 5662 ἐξουσία
903 5596 938 5666 ἡ
972 5594 1111 5664 αὐτὴ
1156 5594 1253 5646 καὶ
1291 5593 1386 5645 τοῦ
1435 5592 1566 5645 Υἱοῦ
1599 5594 1716 5646 ἐστι
1746 5594 1841 5646 καὶ
1870 5596 1928 5646 ὲν

349 5690 429 5758 τῷ
461 5689 576 5760 Υίῷ
612 5692 762 5743 ἐστι’
798 5688 957 5757 καὶὴ
1006 5684 1103 5740 τοῦ
1149 5684 1281 5739 Υίοῦ
1331 5686 1388 5738 δὲ
1430 5683 1693 5748 ὡσαύτως
1740 5684 1799 5738 ἐν
1851 5684 1929 5756 τῷ

355 5782 659 5853 Πνεύματι.
691 5781 1091 5852 Ἐμιρανίζεται
1121 5778 1177 5832 δὲ
1208 5778 1299 5831 διὰ
1327 5778 1428 5846 τῆς
1464 5776 1735 5846 πατρόθεν
1779 5775 1930 5843 ἐξου-

361 5875 483 5938 σίας
512 5871 607 5927 τοῦ
639 5872 770 5927 Υἱοῦ
815 5872 849 5939 ἡ
884 5870 1139 5939 συμφυὴς
1167 5868 1243 5939 τῷ
1275 5867 1555 5937 Πνεύματι
1582 5868 1925 5938 φρυκτωρία,

2020 3293 2220 3347 simum
2251 3297 2306 3345 et
2337 3286 2736 3345 lucidissituum
2765 3296 2848 3342 est
2901 3284 2954 3340 in
2991 3285 3197 3340 mundo
3227 3281 3551 3352 principium
3581 3296 3601 3336 :

2019 3384 2143 3440 idco
2170 3382 2336 3439 solem
2371 3379 2465 3451 qui
2506 3393 2672 3448 supra
2698 3384 2939 3433 mentem
2997 3385 3082 3432 est
3133 3391 3160 3429 a
3203 3374 3445 3430 sensibili
3481 3372 3599 3428 sole

2018 3478 2341 3534 discernens
2372 3480 2532 3545 poeta
2560 3470 2708 3528 illum
2741 3469 2877 3526 dicit
2914 3467 3408 3537 incorruptibilem,
3440 3466 3493 3520 id
3520 3472 3606 3519 est

2020 3569 2393 3631 inocciduum,
2448 3564 2574 3635 quia
2630 3562 2841 3633 φθίνειν
2902 3562 3066 3617 etiam
3109 3559 3179 3616 de
3216 3558 3346 3616 solis
3399 3572 3599 3614 occasu

2019 3664 2241 3728 dicitur,
2276 3667 2339 3715 ut.
2372 3665 2621 3714 notatum
2644 3666 2752 3714 est.

2092 3753 2181 3809 92.
2241 3750 2409 3813 Σέλας
2433 3762 2654 3819 parvam
2685 3746 2907 3819 quidem
2939 3743 3302 3801 dill'erentiam
3339 3755 3368 3796 a
3392 3738 3605 3808 simpli-

2021 3847 2071 3901 ci
2112 3845 2318 3901 lumine
2358 3843 2520 3916 (φῶς)
2577 3841 2722 3912 apud
2753 3839 3010 3909 antiquos
3072 3836 3256 3902 habet,
3319 3849 3466 3890 nunc
3501 3847 3602 3888 au-

2023 3946 2130 3992 tem
2198 3936 2411 3991 ratione
2457 3931 2819 4006 polyonymiae
2851 3945 2947 4000 pro
3001 3929 3207 3984 lumine
3248 3926 3471 3982 dicitur.
3504 3922 3601 3978 llle

2021 4045 2150 4085 vero
2179 4045 2278 4100 per
2306 4040 2593 4100 paternam
2639 4025 2765 4081 Filii
2820 4031 3144 4092 potestatem
3205 4025 3601 4090 congeneratus

2023 4121 2258 4193 Spiritus
2311 4121 2485 4176 sancti
2530 4117 2728 4190 fulgor,
2758 4132 2871 4172 non
2926 4113 3330 4171 circumscribit
3358 4110 3599 4165 divinam

2024 4222 2347 4284 potestatem
2380 4213 2448 4268 ad
2481 4212 2660 4268 solum
2715 4212 2935 4266 Patrem
2974 4218 3231 4278 tanquam
3266 4204 3333 4259 ad
3361 4204 3600 4272 aliquem

2026 4307 2231 4362 fontem
2267 4313 2364 4360 aut
2394 4302 2843 4374 ireceptaeulum,
2900 4310 2955 4357 et
2977 4298 3174 4354 eximie
3224 4295 3446 4367 quidem
3481 4306 3602 4348 eam

2024 4402 2274 4469 accipere
2295 4396 2495 4452 Filium
2524 4406 2579 4452 et
2603 4395 2671 4450 ab
2714 4395 2836 4464 ipso
2879 4391 3109 4449 derivari
3162 4388 3505 4457 transireque
3534 4383 3602 4438 ad

2025 4492 2282 4562 Spiritum
2334 4502 2583 4546 sanctum
2608 4504 2625 4556 ;
2665 4488 2936 4543 terelﬁcax
2968 4494 3173 4547 autem,
3199 4491 3259 4535 ut
3289 4480 3361 4535 ita
3391 4477 3594 4544 dicam,

2026 4582 2407 4652 imperatorias
2453 4579 2540 4635 hic
2572 4579 2749 4648 fulgor
2798 4577 3104 4634 ostenditur
3163 4574 3359 4639 Patris,
3394 4570 3515 4625 Filii
3545 4577 3602 4624 et

2026 4673 2264 4745 Spiritus
2302 4673 2497 4737 sancti,
2550 4672 2715 4728 simul
2748 4682 2802 4727 et
2841 4670 3002 4728 simili
3033 4668 3190 4725 modo
3218 4681 3247 4721 a
3274 4665 3450 4720 tribus
3473 4676 3602 4733 pro-

2024 4770 2240 4823 ductus.
2275 4766 2392 4822 Una
2420 4780 2613 4835 nempe
2633 4773 2874 4834 potestas
2895 4772 2976 4819 est
3007 4762 3061 4817 in
3099 4769 3286 4815 sancta
3311 4756 3601 4822 Triuitate,

2026 4861 2359 4929 omninoque
2380 4859 2591 4924 eadem,
2623 4874 2732 4912 non
2788 4855 3200 4927 superveniens,
3231 4867 3339 4906 non
3369 4850 3434 4906 ad
3481 4863 3604 4918 cge-

2027 4954 2188 5009 statis
2221 4952 2591 5021 itupletiouem
2633 4951 2977 5010 transmissa.
3016 4965 3123 5003 non
3162 4945 3461 5002 secundum
3483 4957 3605 5013 gra-

2030 5047 2160 5100 tiam
2212 5045 2430 5107 tradita,
2465 5043 2558 5099 sed
2585 5042 2957 5097 essentialiter
2988 5040 3089 5111 ipsi
3145 5053 3361 5107 semper
3414 5045 3599 5090 astans

2026 5145 2081 5191 et
2112 5137 2406 5207 inhaerens,
2453 5145 2506 5189 et
2580 5133 2863 5201 aequaliter
2909 5145 3179 5200 Opernns;
3233 5129 3359 5183 licet
3414 5137 3600 5181 nostra

2029 5229 2211 5299 lingua
2251 5227 2585 5296 locutioque,
2617 5224 2963 5280 divinissima
2988 5223 3305 5275 humanitus
3340 5220 3607 5288 interpre-

2031 5331 2171 5386 taus,
2200 5331 2251 5375 et
2280 5320 2504 5374 humido
2534 5320 2647 5374 oris
2671 5327 2728 5373 et
2772 5316 2971 5384 linguis
3011 5315 3127 5368 luto
3185 5312 3402 5367 divinos
3447 5318 3604 5382 typos

2029 5411 2361 5480 exprimens,
2390 5409 2719 5465 invisibilem
2779 5407 3008 5478 emgiem
3038 5404 3374 5461 adamussim
3409 5403 3604 5457 adum-

2031 5503 2193 5557 brare
2270 5510 2525 5572 nequeat.
2578 5500 2813 5556 Paterna
2870 5499 3080 5555 scilicet
3136 5506 3375 5569 potestas
3414 5495 3606 5552 eadem

2031 5592 2150 5648 Filii
2178 5605 2262 5647 est
2300 5604 2356 5648 et
2388 5593 2440 5646 in
2489 5591 2629 5647 Filio
2669 5602 2752 5647 est
2780 5608 2796 5659 ;
2822 5599 2877 5647 et
2904 5593 3018 5646 lucc
3064 5589 3184 5644 Filii
3227 5596 3466 5658 potestas
3512 5601 3606 5654 pa-

2032 5686 2167 5740 riter
2192 5693 2276 5740 est
2319 5685 2372 5738 in
2412 5683 2646 5753 Spiritu.
2704 5684 3084 5739 Mauifestatur
3140 5691 3323 5737 autem
3362 5693 3456 5749 per
3483 5675 3605 5731 Filii

2032 5793 2062 5833 a
2106 5779 2261 5834 Patre
2299 5786 2623 5848 potestatem
2688 5785 3087 5846 congeneratus
3146 5771 3373 5843 Spiritui
3402 5769 3600 5838 fulgor,

2035 5867 2162 5934 quia
2191 5867 2489 5926 secundum
2518 5866 2665 5924 illius
2692 5865 3135 5932 promissionem,
3170 5872 3228 5919 ut
3248 5861 3455 5918 dictum
3490 5864 3595 5924 est,
