4050 6452
433 388 538 448 6οἸ

1123 385 1549 447 EUSTATHII
1589 383 2354 449 THESSALONICENSIS
2383 380 2962 479 .METROPOLITIB

3588 378 3695 442 608

434 497 566 552 talis
607 497 974 552 manifestatio
1002 496 1140 552 facta
1177 507 1282 565 est,
1317 514 1423 553 non
1475 509 1583 553 uta
1608 499 1772 554 Patre
1807 503 2013 569 depen-

2130 496 2251 551 Βιύτι
2282 470 2424 551 κατά
2452 497 2555 566 τήν
2585 496 2793 549 ἐκείνου
2827 492 3152 561 ὑπόσχεσιν,
3174 490 3250 552 ὡς
3281 487 3633 558 προείρηται,
3661 469 3694 535 ἡ

434 587 641 649 dentis,
690 590 779 642 sed
834 590 1133 645 secundum
1197 591 1318 659 ejus
1378 594 1675 660 potentiam
1735 590 2015 660 operantis

435 679 913 745 illuminationcm,
941 697 1050 736 non
1095 683 1262 753 igitur
1303 685 1509 750 absque
1563 684 1846 738 consortio
1897 693 2011 737 tum

440 773 787 840 000perantis
821 772 1058 843 Spiritus
1092 785 1206 830 tum
1232 776 1431 836 Patris,
1465 776 1632 845 cujus
1663 778 1911 830 nuntium
1944 777 2012 831 ad

433 860 733 932 discipulos
764 865 1004 920 demisit.
1038 866 1275 923 Verbum
1318 878 1495 922 autem
1531 866 1824 937 ἐμφανίζει
1858 868 2011 924 festi-

435 954 616 1020 vitati,
693 956 834 1012 sicut
875 958 1083 1014 dictum
1134 970 1241 1024 cst,
1297 961 1573 1024 convenit,
1615 960 1670 1014 in
1712 977 1816 1030 qua
1867 962 2012 1016 clare

438 1049 834 1122 manifestaque
866 1067 1047 1108 coram
1077 1054 1370 1109 multorum
1417 1055 1589 1110 oculis
1612 1066 1684 1118 et,
1718 1068 1776 1110 ut
1804 1058 1900 1113 ait.
1936 1058 2008 1109 vi-

435 1142 593 1199 sibile
641 1147 819 1201 sancti
864 1147 1103 1217 Spiritus
1136 1149 1441 1218 prodigium
1479 1148 1679 1203 factum
1728 1160 1831 1203 est.
1865 1150 2008 1204 Con-

433 1235 674 1307 genitutn
714 1247 892 1292 autem
950 1238 1216 1311 fulgorem
1268 1241 1423 1308 juxta
1494 1243 1822 1297 sententiam
1866 1243 2012 1312 apud

433 1329 718 1399 antiquum
769 1330 1001 1401 lyricum
1051 1332 1325 1401 jacentem
1397 1333 1753 1398 simillimam,
1801 1336 2015 1406 ingeni-

438 1427 554 1471 tum
620 1420 783 1474 etiam
827 1420 936 1476 dici
990 1423 1299 1492 potuisset:
1350 1440 1575 1493 prorsus
1625 1436 1805 1481 autem
1868 1427 2012 1482 sacri

436 1516 610 1578 poetae
662 1510 891 1565 verbum
946 1512 1276 1582 pulchrius:
1333 1516 1478 1584 quod
1546 1516 1692 1570 enim
1750 1518 2013 1572 consortii

438 1600 659 1669 praefert
687 1602 1028 1671 pra-positio,
1060 1603 1261 1659 trinam
1303 1606 1584 1661 evidenter
1638 1607 1727 1662 hic
1780 1610 2013 1676 positam

438 1692 756 1749 manifestat
796 1694 1270 1751 illuminationem.
1306 1694 1459 1752 Talia
1493 1713 1657 1768 porro
1685 1708 1815 1755 sunt
1854 1700 2013 1770 juxta

438 1795 661 1837 sensum
708 1785 971 1853 expositae
1042 1787 1242 1856 prioris
1321 1790 1608 1859 scripturae
1676 1792 1923 1861 troparii,
1957 1794 2010 1848 in

438 1890 547 1945 qua
599 1878 949 1948 congenitum
984 1879 1250 1952 fulgorem
1291 1880 1349 1936 in
1405 1882 1670 1954 singulari
1700 1886 2016 1944 accusativo

437 1980 714 2024 norimus.

511 2142 600 2201 95.
626 2142 762 2201 Nam
791 2158 875 2205 est
905 2158 963 2206 et
1004 2152 1110 2207 alia
1153 2154 1420 2226 scriptura
1450 2160 1562 2226 1am
1602 2160 1881 2214 enuntiata
1898 2173 2019 2229 qua:

439 2235 574 2293 dicit
608 2241 753 2307 quod
792 2244 973 2313 igneus
1011 2259 1182 2303 sonus
1218 2247 1383 2304 hodie
1412 2249 1740 2305 miraculose
1775 2251 2020 2318 proditus

441 2328 760 2388 manifestat
799 2350 894 2404 per
933 2335 1127 2392 Filium
1162 2349 1446 2408 paternam
1478 2351 1798 2412 potestatem
1837 2344 2013 2399 sancti

443 2421 702 2493 Spiritus,
734 2425 983 2496 hancque
1010 2427 1209 2483 claram
1238 2428 1369 2485 facit
1399 2445 1493 2500 per
1535 2433 1881 2503 eongenitum
1917 2429 2018 2501 ipsi

442 2514 560 2568 sive
587 2512 773 2583 genito
805 2530 941 2571 sono
964 2517 1226 2585 fulgorem
1255 2537 1269 2585 ;
1293 2520 1378 2575 vel
1398 2529 1456 2575 ut
1478 2520 1620 2576 idem
1637 2524 1793 2578 aliter
1819 2525 2016 2589 dicam.

441 2603 704 2671 expandit
723 2620 823 2660 suo
842 2608 1130 2676 congcnito
1156 2608 1383 2680 fulgore,
1406 2611 1498 2680 qui
1518 2627 1625 2666 non
1641 2623 1725 2668 est
1740 2613 2021 2686 hucusque

446 2694 732 2764 explicata:
780 2695 884 2751 faci
914 2698 1128 2754 similis.
1158 2696 1385 2755 Videtur
1412 2702 1557 2756 enim
1600 2705 1779 2760 dicere
1801 2721 2019 2762 carmen

442 2787 587 2856 quod
630 2790 928 2844 hodiernus
957 2805 1125 2847 sonus
1146 2791 1374 2863 ignitus,
1411 2796 1767 2865 symbolicus,
1801 2799 1894 2868 qui
1928 2814 2024 2867 per

442 2888 693 2935 sanctum
720 2878 983 2950 Spiritum
1009 2885 1349 2953 producitur,
1396 2897 1776 2943 consecratum
1800 2888 1904 2944 sibi
1939 2900 2020 2945 ta-

449 2969 556 3025 lem
591 2970 757 3028 habet
781 2973 1069 3045 fulgorem.
1095 2973 1302 3046 lgnitus
1327 2978 1474 3033 enim
1508 2992 1635 3035 eum
1663 2981 1756 3045 sit,
1783 2980 2022 3053 fulgidus

441 3061 608 3118 etiam
661 3073 783 3121 est:
821 3066 971 3137 quod
1004 3077 1151 3122 certe
1193 3069 1393 3138 sa'pius
1427 3071 1542 3126 aeri
1587 3072 2020 3145 similiterjuxta

2117 587 2345 656 τοιαύτη
2376 586 2648 655 ἐμφάνεια
2675 584 2920 651 γέγονεν,
2952 582 3052 652 οὐχ
3081 579 3408 645 ὑπεξουσίου
3440 578 3596 640 ὄντος
3619 576 3698 648 τῷ

2119 678 2321 748 (lupi,
2358 678 2498 732 ἀλλά
2528 677 2672 731 κατά
2695 675 2793 746 τὴν
2817 674 3031 729 ἐκείνου
3070 672 3323 739 ἐξουσίαν
3357 671 3696 742 ἐνεργήσαν-

2115 786 2209 831 τος
2263 770 2325 823 τὺ
2376 768 2791 839 φρυκτώρημα’
2829 765 3027 820 οὔκουν
3082 764 3599 834 ἀνεπικοινωνήτως
3629 765 3694 829 τῇ

2118 862 2510 931 συνεργοῦντος
2556 862 2896 927 Πνεύματος,
2944 857 3066 913 οὐδὲ
3110 860 3179 928 τῇ
3223 857 3315 910 τοῦ
3357 857 3593 927 Πατρδς,
3636 848 3699 909 οῦ

2121 953 2221 1023 τήν
2262 952 2604 1021 ἐπαγγελίαν
2656 950 2949 1004 ἀπέστειλε
3003 948 3117 1011 τοῖς
3172 947 3465 1018 μαθηταῖς.
3519 945 3593 1000 Τδ
3643 946 3702 999 δὲ

2120 1043 2425 1112 ἐμφανίζει
2456 1046 2661 1115 πρέπει
2679 1044 2745 1113 τῇ
2767 1043 2954 1111 ἑορτῇ,
2979 1040 3054 1104 ὼς
3081 1040 3179 1093 καὶ
3207 1038 3556 1109 προείρηται,
3573 1037 3701 1092 καθ’

2114 1137 2181 1207 ῆν
2208 1137 2450 1207 ἐναργῶς
2473 1139 2568 1189 καὶ
2589 1132 2848 1203 ἐμφανῶς
2876 1133 2967 1184 καὶ
2995 1130 3236 1184 ἐνώπιον
3263 1131 3475 1184 πολλῶν
3495 1131 3699 1201 ὃψεων,

2115 1232 2229 1296 καὶ,
2248 1229 2322 1294 ὡς
2351 1226 2525 1293 εἶπεν,
2552 1227 2775 1297 ἐπόψιον
2792 1226 2851 1279 τὸ
2870 1225 2965 1278 τοῦ
2987 1223 3146 1291 ἁγίου
3175 1221 3492 1291 Πνεύματος
3513 1221 3700 1292 θαῦμα

2114 1322 2330 1390 γέγονε.
2359 1320 2472 1391 Τὴν
2498 1320 2555 1374 δέ
2588 1317 2815 1389 συμφυῆ
2845 1315 3072 1369 δυνατὸν
3119 1314 3219 1382 μέν
3251 1314 3347 1368 καὶ
3372 1314 3559 1384 ἐμφυῆ
3610 1314 3700 1367 λε-

2114 1409 2311 1481 χθῆναι
2353 1411 2494 1465 κατά
2520 1410 2617 1480 τὴν
2644 1407 2799 1478 παρά
2827 1406 2906 1476 τῷ
2938 1405 3148 1477 ἀρχαίῳ
3196 1404 3406 1476 λυρικῷ
3436 1404 3698 1475 κειμένην

2114 1502 2558 1572 ὀμοιοσήμαντον
2590 1500 2801 1555 ἔννοιαν
2820 1515 2835 1533 ·
2863 1498 2943 1567 τῷ
2979 1499 3144 1551 παντὶ
3176 1496 3234 1550 δέ
3261 1495 3481 1551 κάλλιον
3510 1496 3572 1550 τὸ
3598 1495 3696 1550 τοῦ

2118 1594 2265 1666 ίεροῦ
2315 1594 2591 1665 μελῳδοῦ·
2642 1594 2703 1645 τὸ
2737 1592 2847 1661 γὰρ
2900 1588 3207 1644 κοινοποιδν
3243 1591 3343 1659 τῆς
3384 1588 3699 1657 συμπροθέ-

2120 1705 2259 1752 σεως
2318 1686 2608 1758 τριαδικὴν
2644 1684 2940 1752 ἀποφαίνει
2975 1682 3293 1749 σαφέστατα
3325 1681 3423 1734 καὶ
3466 1681 3569 1750 τὴν
3612 1681 3702 1733 ἐν·

2116 1779 2294 1833 ταῦθα
2324 1780 2584 1850 κειμένην
2608 1776 2965 1849 φρυκτωρίαν
2981 1793 2994 1807 ο
3023 1774 3162 1829 ἀλλά
3184 1774 3407 1828 τοιαῦτα
3432 1774 3531 1844 μὲν
3554 1773 3700 1828 κατά

2125 1870 2224 1941 τὴν
2253 1870 2459 1925 ἔννοιαν
2484 1871 2581 1940 τῆς
2611 1866 2999 1937 ἐκτεθειμένης
3023 1868 3249 1938 πρώτης
3274 1864 3367 1919 τοῦ
3393 1866 3696 1937 τροπαρίου

2121 1963 2366 2033 γραφῆς,
2396 1963 2453 2015 ἐν
2565 1959 2788 2031 συμφυῆ
2819 1960 3175 2030 φρυκτωρίαν
3211 1957 3353 2012 κατά
3377 1957 3583 2028 ιένικήν
3612 1960 3697 2013 αί-

2119 2054 2378 2125 τιατικὴν
2407 2053 2677 2122 ἔγνωμεν.

2197 2143 2308 2214 id.
2354 2145 2508 2199 Ἐπεὶ
2540 2145 2598 2199 δέ
2630 2146 2663 2215 ή
2696 2145 2861 2215 ἑτέρα
2880 2142 3069 2214 γραφὴ
3112 2141 3571 2213 προδεδηλωμένη
3603 2139 3702 2195 καὶ

2127 2241 2266 2311 αὑτὴ
2296 2240 2446 2309 λέγει
2484 2240 2570 2293 ὅτι
2603 2239 2633 2292 6
2671 2237 2926 2307 πυρώδης
2970 2231 3102 2307 ἦχος
3138 2238 3167 2289 6
3201 2235 3444 2305 σήμερον
3487 2233 3703 2301 θαυμα-

2120 2337 2467 2408 τουργηθεὶς,
2520 2333 2811 2404 ἐμφανίζει
2856 2333 2955 2403 τὴν
2982 2331 3072 2385 διὰ
3118 2331 3215 2387 τοῦ
3245 2331 3376 2386 Υίοῦ
3415 2329 3703 2400 Πατρικὴν

2124 2430 2374 2496 ἐξουσίαν
2419 2427 2516 2482 τοῦ
2557 2416 2721 2495 ἁγίου
2765 2424 3099 2494 Πνεύματος
3129 2426 3226 2479 καὶ
3261 2424 3504 2495 φανερὰν
3552 2425 3699 2478 ποιεῖ

2122 2521 2210 2575 διὰ
2258 2520 2361 2589 τῆς
2406 2517 2695 2589 συμφυοῦς
2747 2517 2898 2586 αὐτῷ
2949 2518 3116 2586 ἤγουν
3171 2516 3252 2586 τῷ
3302 2516 3543 2584 πυρώδει
3582 2517 3701 2587 ῆχῳ

2126 2611 2506 2682 φρυκτωρίας,
2544 2610 2740 2663 ταυτὸν
2784 2609 2831 2662 δ’
2860 2610 3036 2662 εἰπεῖν
3069 2610 3319 2677 ἐκφαίνει
3346 2611 3413 2679 τῇ
3456 2612 3576 2663 κατ’
3606 2609 3706 2663 αὐ-

2124 2704 2218 2758 τὸν
2274 2703 2520 2771 συμφυεῖ
2574 2703 2901 2774 φρυκτωρία
2953 2701 3168 2772 ἐτεροίᾳ
3222 2700 3358 2774 ούσῃ
3410 2701 3565 2772 παρὰ
3601 2702 3706 2772 τὴν

2128 2795 2416 2867 προσεχῶς
2449 2795 2898 2866 ἐρμηνευομένην
2919 2811 2932 2825 ·
2983 2794 3131 2848 δοκεῖ
3165 2794 3274 2866 γὰρ
3306 2794 3487 2863 λέγειν
3537 2794 3572 2864 ἠ
3611 2811 3706 2863 με·

2125 2888 2315 2959 λῳδία,
2345 2888 2427 2941 ὅτι
2454 2890 2483 2942 6
2506 2888 2748 2958 σήμερον
2772 2886 3029 2958 πυρώδης
3057 2882 3213 2956 ἦχος,
3243 2889 3272 2940 6
3298 2886 3645 2956 oup6ahx64,
3675 2888 3706 2940 6

2123 2983 2216 3038 διὰ
2245 2982 2339 3037 τοῦ
2369 2980 2526 3050 ἁγίου
2559 2978 2900 3050 Πνεύματος,
2929 2976 3372 3047 συνουσιωμένην
3399 2975 3579 3044 ἐαυτῷ
3603 2974 3705 3047 τὴν

2124 3076 2386 3144 τοιαύτην
2417 3072 2531 3145 ἔχει
2574 3069 2968 3143 φρυκτωρίανσ
3016 3067 3275 3139 πυρώδης
3322 3067 3430 3136 γάρ
3468 3066 3545 3120 ὢν
3585 3065 3704 3135 ἅμα

444 3162 699 3210 naturam
731 3157 951 3222 accidit,
992 3172 1101 3213 non
1125 3165 1307 3215 tamen
1333 3160 1487 3230 juxta
1516 3162 1791 3233 quoddam
1820 3173 2016 3236 myste-

2130 3167 2225 3223 καὶ
2259 3167 2622 3239 φρυκτοειδής
2651 3167 2800 3219 ἐστιν
2820 3170 2837 3194 ⁸
2868 3163 2898 3218 ὃ
2925 3162 2992 3233 δὴ
3037 3162 3300 3224 πολλάκις
3338 3161 3434 3215 καὶ
3466 3158 3544 3228 τῷ
3580 3158 3705 3228 ἀέρι

446 3248 592 3304 rium
638 3249 1062 3323 prodigiumque
1095 3251 1204 3309 Deo
1245 3254 1600 3322 conveniens,
1664 3256 1829 3326 quale
1877 3272 2027 3311 nunc

449 3339 596 3395 istud
625 3342 985 3402 celebratum.
1017 3341 1331 3400 Notandum
1357 3354 1540 3401 autem
1570 3354 1655 3401 est
1684 3348 1849 3401 etiam
1881 3345 2027 3401 aliud

446 3431 579 3502 quid
621 3447 743 3488 esse
804 3444 999 3503 praater
1066 3437 1231 3507 jubar
1270 3437 1578 3494 increatum
1634 3447 1689 3494 et
1716 3439 2031 3495 omnimode

448 3523 675 3596 fulgens
707 3528 912 3595 lumen,
948 3526 1090 3584 hanc
1150 3528 1304 3599 igniti
1336 3532 1554 3586 sonitus
1599 3530 1804 3585 dictam
1830 3530 2030 3585 illumi-

453 3632 577 3671 nem
608 3636 621 3671 :
660 3618 751 3672 illa
790 3635 1024 3688 namque
1051 3622 1495 3690 supernaturalia
1546 3633 1676 3678 sunt
1705 3637 1775 3679 ac
1800 3638 1896 3693 per
1943 3638 2033 3679 or-

450 3709 576 3767 bem
604 3709 800 3767 diﬂ‘usa
824 3729 838 3765 :
868 3714 982 3767 haec
1011 3722 1192 3767 autem
1215 3713 1269 3767 in
1305 3714 1420 3770 sola
1475 3714 1605 3770 Sion
1625 3730 1770 3771 nunc
1798 3716 2035 3769 circum-

456 3803 719 3859 scribitur
739 3804 808 3859 ad
835 3804 1007 3859 instar
1036 3804 1324 3875 cujusdam
1362 3806 1632 3876 lampadis
1664 3808 2032 3876 permanentis

2130 3260 2523 3332 ἐπιωμὸαίνει
2565 3258 2707 3313 κατά
2747 3256 2913 3326 φύσιν
2946 3257 3048 3327 μέν
3076 3272 3159 3309 τοι
3190 3253 3341 3313 αὐτὸ.
3375 3253 3437 3306 οὐ
3469 3251 3577 3322 μὴν
3605 3267 3708 3304 κα-

2128 3355 2200 3408 τά
2226 3372 2276 3409 τι
2308 3352 2681 3424 μυστηριῶδες
2715 3350 2792 3421 τῷ
2818 3349 2938 3420 Θεῷ
2967 3349 3179 3419 πρέπον
3200 3345 3487 3417 τεράστιον
3519 3345 3708 3399 ὁποῖον

2129 3445 2191 3501 τὸ
2214 3443 2310 3500 νῦν
2331 3443 2725 3515 ἐορταζόμενον
2746 3457 2763 3474 ο
2788 3440 3098 3512 σημείωσαι
3126 3439 3184 3494 δέ
3214 3440 3310 3493 καὶ
3347 3437 3423 3499 ὡς
3457 3434 3700 3507 ἑτεροῖόν

2131 3556 2183 3593 τι
2210 3541 2366 3608 παρὰ
2392 3539 2454 3592 τὸ
2483 3537 2784 3607 ἀγέννητον
2809 3535 2946 3605 φάος
2970 3532 3147 3588 καὶτὸ
3180 3530 3709 3601 πανσθενουργόφω-

2130 3647 2223 3685 τον
2259 3630 2444 3694 σέλας,
2475 3628 2536 3683 τδ
2564 3627 2860 3701 εἰρημένον
2887 3623 3277 3696 φρυκτώρημα
3301 3622 3398 3676 τοῦ
3421 3620 3711 3690 πυρώδους

2132 3723 2268 3794 ήχου
2287 3738 2303 3754 ·
2352 3721 2540 3774 ἐκεῖνα
2572 3717 2673 3789 μέν
2703 3716 2816 3786 γάρ
2847 3716 2942 3770 καὶ
2977 3712 3328 3783 ὑπερκόσμια
3370 3711 3469 3764 καὶ
3498 3709 3714 3776 παγκο-

2136 3828 2308 3884 σμιαο
2367 3810 2523 3866 τοῦτο
2574 3810 2631 3863 δὲ
2662 3813 2726 3880 τῇ
2775 3809 2917 3861 Σιὼν
2965 3807 3102 3877 μόνῃ
3150 3802 3586 3874 ἐμπεριώρισται
3617 3799 3714 3854 νῦν

454 3903 508 3949 ει
529 3908 745 3965 semper
780 3895 1038 3953 lucentis.
1076 3897 1151 3952 De
1220 3897 1468 3966 lampade
1514 3913 1645 3953 vero
1700 3898 2025 3962 lucernaque

2136 3903 2381 3976 φρυκτοῦ
2411 3919 2558 3965 τινος
2587 3902 2746 3971 δίκην
2780 3899 3177 3970 παραμονίμου
3206 3913 3301 3948 και
3349 3891 3712 3963 ἀειλαμποῦς.

458 4000 671 4041 necnon
725 3988 997 4044 similibus
1035 3990 1087 4044 iu
1120 3990 1474 4058 sequentibus
1521 3990 1753 4055 dicetur,
1821 3989 1923 4045 ubi
1966 3992 2025 4047 de

2138 3997 2275 4066 Περὶ
2313 3995 2370 4049 δὲ
2423 3993 2670 4065 φρυκτοῦ
2706 3992 2799 4046 καὶ
2830 3987 3000 4057 φανοῦ
3048 3990 3145 4043 καὶ
3176 3989 3282 4042 τῶν
3320 3987 3443 4042 κατ’
3473 3985 3615 4038 αύτά
3654 3988 3715 4036 ἐν

458 4081 901 4151 πυρσομορφοῦν
982 4085 1085 4137 erit
1146 4097 1352 4138 sermo.
1432 4082 1572 4139 Nota
1655 4099 1787 4139 vero
1844 4099 2025 4140 vocem

2135 4091 2247 4154 τοῖς
2273 4088 2398 4157 ἑξῆς
2427 4087 2748 4157 ῥηθήσεται,
2771 4085 2907 4138 ὅπου
2939 4083 3099 4151 λόγος
3123 4081 3274 4133 ἔσται
3300 4079 3433 4150 περὶ
3451 4077 3545 4132 τοῦ
3576 4094 3714 4147 πυρ-

456 4173 707 4242 πυρῶδες
761 4173 1004 4230 indicare
1043 4191 1150 4230 non
1192 4176 1373 4247 ignem
1434 4190 1555 4231 esse
1583 4175 1764 4245 reipsa
1792 4175 2025 4245 linguas,

2139 4180 2481 4252 σομορφοῦν.
2520 4181 2593 4233 Τὸ
2639 4180 2695 4233 δέ
2730 4177 2978 4248 πυρῶδες
3019 4175 3353 4245 σημείωσαι,
3392 4172 3586 4243 δηλοῦν
3619 4172 3717 4226 καὶ

457 4280 598 4334 quas
634 4265 1021 4324 celeberrimas
1087 4278 1270 4338 gestat
1321 4267 1618 4332 festivitas,
1669 4266 1762 4322 sed
1797 4267 2025 4335 ignitas:

2138 4275 2275 4330 αὐτὸ
2304 4274 2366 4327 οὐ
2400 4272 2510 4341 πῦρ
2543 4273 2872 4342 αὐτόχρημα
2898 4271 2996 4333 τάς
3030 4269 3279 4338 γλώσσας
3301 4265 3442 4321 εἶναι
3462 4267 3529 4330 ἀς
3560 4283 3719 4336 περι-

456 4358 603 4411 aliud
617 4358 763 4413 enim
787 4374 1013 4429 prorsus
1031 4370 1115 4416 est
1138 4360 1303 4430 ignis,
1333 4368 1387 4414 et
1405 4358 1551 4439 aliud
1581 4360 1724 4429 quod
1739 4358 2025 4413 derivative

2139 4368 2406 4439 λαλήτους
2437 4369 2472 4435 ἡ
2502 4367 2665 4436 ἐορτὴ
2691 4367 2867 4434 φέρει,
2893 4363 3030 4417 ἀλλά
3060 4361 3367 4432 πυροειδεῖς
3392 4377 3406 4393 ο
3453 4357 3582 4413 ἀλλο
3608 4359 3720 4430 γὰρ

457 4449 661 4504 dicitur
693 4451 947 4520 ignitum.
989 4451 1081 4506 Sic
1134 4464 1316 4508 autem
1377 4436 1594 4507 diverse
1647 4451 1907 4506 dicuntur
1967 4449 2033 4503 li-

2139 4464 2359 4526 πάντως
2381 4461 2444 4515 τὸ
2480 4460 2619 4530 πῦρ,
2639 4461 2733 4513 καὶ
2762 4458 2889 4511 ἄλλο
2926 4453 3394 4526 μετουσιαστικῶς
3426 4454 3721 4522 λεγόμενον

458 4557 626 4610 gnum
659 4552 712 4597 et
747 4543 1008 4611 ligneum,
1036 4544 1219 4598 viuum
1259 4551 1313 4598 et
1342 4543 1584 4596 vineum.
1616 4542 1841 4609 Pinguis
1876 4542 2025 4611 igitur

2145 4555 2417 4625 πυρῶδες.
2446 4553 2607 4610 Οῦτω
2639 4552 2696 4605 δέ
2726 4550 3092 4619 ἐτεροιοῦνται
3124 4549 3221 4601 καὶ
3254 4546 3314 4600 τὸ
3344 4546 3502 4612 ξύλον
3536 4544 3633 4597 καὶ
3659 4544 3722 4596 τὺ

464 4634 630 4690 herba
648 4634 849 4692 siccata
867 4636 1141 4693 diceretur
1184 4636 1417 4707 lignosa,
1452 4651 1559 4690 non
1589 4644 1772 4690 autem
1807 4635 2037 4705 lignum,

462 4739 518 4782 ct
544 4729 889 4799 piraquidem
916 4731 1096 4795 vinea,
1127 4744 1232 4784 non
1261 4738 1442 4783 autem
1473 4728 1796 4797 simpliciter
1827 4728 2037 4782 vinum.

471 4821 668 4877 Taliter
695 4824 859 4877 etiam
890 4823 1077 4893 lingua
1101 4821 1469 4893 scorpionius,
1497 4830 1549 4875 et
1583 4820 1935 4891 fuliginosns,
1987 4827 2042 4875 et

464 4914 570 4968 alia
623 4929 731 4969 non
778 4931 976 4986 pauca.

536 5091 625 5148 94.
659 5091 970 5150 Notandum
1001 5104 1085 5151 est
1140 5103 1320 5149 autem
1345 5093 1491 5165 quod
1528 5094 1780 5165 πυρῶδες
1830 5094 2047 5166 egregie

475 5185 693 5255 quidem
746 5188 984 5242 sumitur
1007 5202 1103 5256 pro
1135 5189 1398 5243 adverbio
1425 5197 1685 5257 tanquam
1714 5187 2046 5254 auguivalens

466 5278 549 5349 τῷ
573 5279 861 5348 πυρωδῶς.
897 5279 1031 5334 Cum
1074 5296 1203 5334 vero
1224 5280 1540 5336 hominibus
1565 5290 1687 5334 ante
1718 5296 1820 5355 nos
1852 5296 2042 5335 ausum

469 5379 556 5425 est
606 5385 704 5440 pro
744 5383 940 5426 neutro
988 5373 1131 5427 sumi
1169 5368 1327 5444 ἦχος,
1369 5375 1440 5427 ita
1485 5384 1542 5427 ut
1576 5373 1747 5428 libere
1797 5374 2046 5428 melutlus

468 5458 617 5513 tlirat
672 5461 733 5511 τδ
765 5462 1011 5528 πυρῶδες
1045 5457 1199 5533 ἦχος,
1242 5477 1340 5532 pro
1405 5463 1465 5517 τὸ
1513 5462 1717 5533 βρέμον
1750 5465 1894 5517 κατά
1934 5463 2045 5536 πῦρ

470 5554 687 5624 ἧχημα,
716 5555 860 5623 quod
894 5564 1002 5619 est,
1061 5557 1203 5611 sicut
1236 5556 1335 5611 fuit
1357 5557 1589 5623 dictum,
1622 5560 1915 5615 violentqu
1948 5559 2045 5614 lla-

472 5660 619 5703 men.
647 5646 847 5700 bonum
880 5648 951 5702 sit
973 5659 1059 5703 est
1081 5649 1247 5713 istud,
1284 5651 1444 5705 sicuti
1467 5650 1793 5720 quibusdam
1827 5652 2047 5721 placuit,

473 5736 503 5789 6
523 5734 719 5805 θρῆνος
762 5739 1230 5809 myrrhigerorutn
1260 5742 1320 5793 1:6
1344 5740 1544 5812 θρῆνος
1573 5741 1679 5796 dici
1703 5759 1716 5795 :
1770 5757 2046 5811 Inuiquam

475 5836 605 5879 vero
676 5832 836 5896 poeta
891 5825 995 5883 hoc
1044 5829 1310 5897 admittet,
1359 5829 1497 5887 bene
1559 5829 1736 5885 sciens
1787 5831 1930 5900 quod
1956 5845 2048 5885 aer

2150 4646 2401 4713 ξυλῶδες,
2445 4646 2541 4699 καί
2569 4646 2598 4698 6
2629 4638 2772 4706 οἶνος
2818 4642 2913 4696 καὶ
2943 4640 3003 4693 τὸ
3035 4639 3257 4701 οίνῶδες
3284 4654 3298 4668 ·
3351 4637 3554 4706 βοτάνη
3592 4633 3724 4703 γοῦν

2147 4740 2371 4809 παχεῖα,
2406 4737 2738 4806 κατάξηρος,
2764 4733 3003 4803 ξυλώδης
3034 4730 3135 4801 μέν
3161 4729 3378 4800 λεχθείη
3413 4729 3500 4795 ἀν,
3526 4728 3587 4781 οὐ
3617 4727 3725 4796 μὴν

2149 4832 2249 4886 καὶ
2279 4829 2414 4884 αὐτὸ
2437 4829 2502 4900 δὴ
2531 4827 2695 4882 τοῦτο
2734 4825 2914 4892 ξύλον,
2940 4823 3035 4876 καὶ
3066 4823 3216 4877 ἀπιοι
3245 4820 3486 4883 οίνώδεις
3513 4819 3633 4889 μὲν,
3661 4816 3725 4869 οὒ

2151 4925 2260 4995 μὴν
2302 4919 2623 4992 ἀκραιφνῶς
2657 4916 2837 4980 οἶνος·
2890 4913 3134 4968 τοιοῦτον
3178 4914 3271 4967 καὶ
3317 4912 3347 4965 6
3380 4908 3725 4980 σκορπιώδης

2147 5013 2246 5083 τὴν
2283 5011 2558 5081 γλῶσσαν,
2601 5012 2694 5063 καὶ
2720 5009 2748 5061 6
2774 5005 3087 5075 καπνώδης,
3120 5006 3216 5058 καί
3249 5002 3386 5059 ἄλλα
3418 5003 3519 5055 οὐκ
3546 4999 3726 5067 ὀλίγα.

2219 5104 2322 5173 ἥδ’.
2362 5103 2562 5158 ’ἰστέον
2594 5102 2651 5154 δὲ
2699 5099 2777 5166 ὡς
2829 5099 2890 5153 τὸ
2942 5097 3190 5168 πυρῶδες
3233 5094 3400 5149 καλὸν
3457 5094 3556 5162 μὲν
3601 5091 3726 5145 ἀντὶ

2153 5195 2534 5267 ἐπιρῤήματος
2564 5190 2775 5255 λαϐεῖν,
2821 5183 2911 5243 οἷα
2976 5186 3233 5252 ἐξισάζον
3288 5183 3368 5253 τῷ
3420 5180 3722 5251 πυρωδῶς·

2148 5286 2270 5339 ἐπεὶ
2314 5284 2373 5338 δὲ
2419 5282 2693 5356 ἐτολμήθη
2733 5285 2847 5345 τοῖς
2880 5280 2986 5348 πρὸ
3033 5278 3192 5349 ήμῶν
3229 5276 3507 5347 ληφθῆναι
3534 5276 3562 5327 6
3593 5267 3726 5343 ἦχος

2149 5379 2271 5431 am
2306 5377 2615 5448 οὐδετέρου,
2664 5375 2751 5428 ἵνα
2790 5375 2929 5444 λέγῃ
2975 5371 3289 5439 αὐτονόμους
3327 5370 3354 5423 6
3388 5366 3625 5437 μελῳδὸς
3668 5363 3727 5417 τὸ

2151 5470 2402 5539 πυρῶδες
2430 5464 2591 5540 ἦχος,
2618 5468 2741 5522 ἀντὶ
2763 5465 2858 5520 τοῦ
2884 5467 2943 5518 τὸ
2974 5463 3179 5534 βρέμον
3206 5462 3347 5516 κατὰ
3375 5459 3486 5529 πῦρ
3517 5462 3728 5529 ῆχημα,

2152 5562 2208 5632 ἡ.
2244 5561 2320 5622 ὡς
2367 5562 2588 5632 ὲρρἐη,
2622 5559 2774 5629 βιαία
2822 5557 2994 5627 πνοήο
3049 5556 3189 5608 ἔστω
3231 5552 3394 5608 καλὸν
3430 5553 3527 5604 καὶ
3574 5547 3729 5613 αὐτὸ,

2152 5652 2301 5706 καθά
2326 5668 2467 5705 τισιν
2495 5652 2684 5722 ἤρεσε,
2714 5650 2810 5704 καὶ
2841 5650 2870 5702 6
2896 5647 3094 5721 θρῆνος
3127 5646 3238 5698 τῶν
3281 5643 3631 5713 μυροφόρων,
3672 5639 3731 5692 τὸ

2155 5741 2352 5809 θρῆνος
2378 5741 2633 5811 λέγεσθαι
2658 5755 2673 5770 ο
2713 5741 2923 5810 μήποτε
2954 5738 3010 5791 δὲ
3037 5738 3140 5791 οἰσκ
3169 5736 3236 5790 ἂν
3267 5737 3295 5788 6
3332 5732 3567 5804 μελῳδὸς
3599 5728 3731 5784 αὐτὸ

2161 5832 2532 5898 καταδέξοιτο,
2567 5831 2625 5886 εῦ
2655 5830 2811 5897 εἰδὼς
2843 5831 3021 5885 ἐκεῖνο
3063 5829 3145 5883 ὅτι
3176 5829 3284 5895 ἀὴρ
3327 5824 3430 5895 μὲν
3457 5822 3609 5893 ἠχῶν
3635 5822 3732 5875 καὶ
