4050 6464
354 354 468 418 609

1182 355 1265 417 IN
1298 355 1648 419 HYMNUM
1678 353 2324 418 PENTECOSTALEM
2359 353 2827 416 DAMASCENI.

3515 353 3629 420 610

351 465 575 533 πνεῦμα
603 463 779 534 βίαιον
803 466 1089 534 ὴχητικδν,
1116 466 1367 536 πυρῶδες
1396 470 1493 523 καὶ
1512 469 1628 521 ἔστι
1659 469 1790 523 ποτὲ
1815 487 1937 523 και-

2037 466 2258 535 quidem
2287 482 2549 523 resonans
2577 479 2632 523 et
2665 467 2859 523 llameu
2889 467 3190 522 violentum
3225 467 3478 530 reboans.
3525 470 3630 526 ali-

352 557 449 629 ροῦ
484 562 582 613 καὶ
605 556 825 625 λέγεται
846 575 859 589 ’
892 554 1024 628 ἦχος
1053 558 1110 611 δὲ
1142 559 1401 631 πυρώδης
1445 561 1546 615 οὐκ
1584 561 1815 616 εἴθισται
1847 561 1931 616 λέ-

348 650 568 719 γεσθαι.
617 651 693 703 Οὐ
729 651 839 720 γάρ
867 666 954 712 τις
979 650 1138 704 οὐσία
1166 652 1226 704 τὸ
1257 653 1535 723 ἀπήχημα
1566 653 1643 714 ὡς
1679 654 1930 720 ἐκπυρω-

349 744 536 812 θῆναι,
593 743 731 797 ἀλλὰ
782 742 1050 812 σύμϐαμα
1078 743 1267 807 οὐσίας
1314 745 1623 814 πεφυκυίας
1653 761 1712 803 τε
1762 746 1935 799 ἔκπυ-

357 836 588 906 ροῦσθαί
620 854 751 890 ποτε
785 837 878 890 καὶ
903 837 1220 907 πασχούσης
1258 836 1574 905 ἐκπύρωσιν
1596 851 1612 867 ⁸
1666 839 1841 891 εἰπεῖν
1873 836 1931 890 δὲ

350 929 703 996 σαφέστερον
723 926 818 980 καὶ
846 928 1194 998 γοργότερον,
1243 929 1374 984 ποιά
1405 945 1491 991 τις
1531 928 1685 1000 φωνὴ
1717 928 1932 996 πεπλησ

350 1015 512 1085 γότος
552 1017 738 1086 ἀέρος,
769 1016 959 1087 ὥσπερ
1014 1018 1042 1071 6
1091 1016 1314 1088 βόμϐος,
1346 1019 1441 1073 καὶ
1468 1019 1496 1073 6
1526 1017 1746 1083 δοῦπος,
1774 1017 1871 1072 καὶ
1901 1016 1931 1070 6

348 1105 585 1175 κτύπος,
614 1106 760 1161 οὕτω
801 1109 895 1161 καὶ
921 1110 950 1162 6
991 1102 1160 1180 ἦχοςο
1191 1109 1267 1174 ῶς
1297 1111 1363 1181 δὴ
1391 1108 1579 1165 ἐκεῖνα
1621 1112 1725 1164 οὐκ
1755 1112 1930 1165 ἐκπυ-

351 1197 599 1270 ροῦνται,
627 1197 801 1262 οὕτως
831 1199 955 1253 οὐδὲ
996 1201 1181 1266 αὑτός.
1216 1201 1452 1257 Κάλλιον
1492 1199 1588 1257 οὖν
1617 1203 1931 1274 ἑπιρῤημα-

348 1293 521 1356 τικῶς
552 1293 800 1360 πυρῶδες
825 1295 1004 1348 εἰπεῖν
1034 1295 1158 1349 ἀντὶ
1180 1297 1275 1349 τοῦ
1300 1296 1625 1368 πυροειδῶς,
1663 1295 1806 1351 καθά
1832 1297 1927 1349 καὶ

342 1383 404 1436 ὲν
429 1384 495 1454 τῇ
531 1383 657 1453 ἑξῆς
689 1385 928 1458 τετάρτῃ
956 1384 1068 1456 ᾠδῇ
1112 1388 1293 1441 κεῖται
1315 1386 1679 1458 ἀτρεκὲςκαὶ
1710 1402 1924 1456 νημερ-

340 1475 435 1539 τὶς
462 1477 586 1530 ἀντὶ
606 1476 700 1531 τοῦ
732 1477 971 1549 ἀληθῶς,
1003 1478 1079 1541 ὡς
1106 1479 1223 1534 ἐκεῖ
1242 1481 1520 1548 φανεῖται.
1551 1479 1712 1542 Ἴσως
1739 1478 1797 1532 δὲ
1825 1477 1927 1530 οὐκ

341 1569 573 1632 ἀπεικὸς
603 1569 818 1640 νοῆσαι,
855 1570 955 1625 καὶ
982 1571 1067 1624 ὄτι
1098 1571 1316 1639 γοργῶς
1341 1573 1401 1624 ὲν
1439 1569 1562 1624 δυσὶ
1588 1568 1926 1640 κομματίοις

346 1660 713 1731 παραφράσαι
741 1659 1026 1732 βουληθεὶς
1053 1664 1083 1716 6
1114 1664 1370 1732 ἀγχίνους
1399 1661 1640 1732 μελῳδὸς
1665 1661 1766 1732 τὴν
1789 1677 1925 1732 προ·

347 1752 764 1825 μεμελισμένην
788 1755 959 1824 πνοὴν
991 1754 1174 1825 βιαίαν
1201 1756 1296 1808 καὶ
1328 1755 1396 1809 τὰ
1427 1755 1522 1809 τοῦ
1552 1753 1722 1824 πυρὸς
1754 1754 1926 1823 γλωτ-

343 1847 585 1915 τήματα,
632 1849 728 1899 καὶ
776 1846 947 1901 θέλων
991 1850 1167 1901 είπεῖν
1221 1847 1298 1910 ῶς
1350 1847 1685 1918 ὲμφανισθὲν
1732 1847 1918 1915 ἀέριον

341 1937 591 2007 πυρῶδες
617 1937 756 1992 καὶὸ
777 1939 898 1993 κατ’
921 1939 1057 1992 αὐτὸ
1075 1924 1232 2011 ἦχος,
1250 1939 1549 2008 ἐκολούσθη
1568 1937 1645 2009 τῷ
1666 1938 1916 2009 σφιγκτῷ

337 2027 431 2079 τοῦ
461 2026 684 2096 μέτρου,
708 2028 808 2080 καὶ
831 2025 1003 2091 οὕτως
1035 2026 1141 2099 ἔφη
1170 2027 1478 2086 ἀσυνδέτως
1511 2028 1570 2080 ὲν
1597 2027 1914 2097 γοργότητι,

338 2119 461 2171 κατ’
490 2117 627 2170 ἰδίαν
664 2118 763 2188 μὲν
792 2117 854 2171 τὸ
884 2118 1134 2188 πυρῶδες
1166 2118 1424 2187 πρᾶγμα,
1453 2117 1560 2189 ἰδίᾳ
1588 2116 1647 2170 δὲ
1670 2117 1763 2170 τὸν
1791 2116 1918 2170 κατ’

337 2212 527 2264 ἐκεῖνα
556 2205 693 2281 ἦχον
720 2210 899 2265 είτουν
940 2211 1178 2282 βρόμον·
1224 2212 1356 2282 ἦχος
1388 2210 1447 2264 δὲ
1481 2208 1720 2264 ἐνταῦθα
1755 2209 1787 2278 ἡ
1822 2206 1919 2279 βοὴ

336 2303 634 2374 καθολικῆς
683 2302 967 2375 ἀοριστίας
999 2303 1165 2373 λόγῳ,
1200 2304 1261 2357 οὐ
1318 2303 1424 2374 μὴν
1470 2303 1595 2358 καθ’
1630 2302 1701 2373 ἢν
1744 2301 1920 2372 ἠχέτα

332 2393 516 2461 τέττιξ
545 2394 762 2465 εἴρηται
784 2407 801 2425 ο
845 2394 908 2447 τὸ
950 2394 1005 2448 δὲ
1027 2397 1135 2457 τοῖς
1168 2395 1379 2449 ἔθνεσιν
1408 2396 1489 2460 είς
1516 2395 1643 2459 τοὺς
1671 2394 1921 2466 προρῤη-

334 2482 527 2548 θέντας
570 2483 839 2540 ἀνακτέον
871 2485 1133 2556 ἀπείρους
1181 2486 1346 2550 λαοὺς
1395 2486 1524 2550 τοὺς
1567 2471 1627 2539 ἐν
1676 2485 1745 2556 τῇ
1781 2480 1923 2538 Σιὼν

335 2575 601 2647 σήμερον.

318 2675 324 2681 “
757 2669 932 2744 ᾮδῆς
958 2670 1246 2741 τετάρτης
1268 2673 1496 2740 εἱρμός.

405 2756 514 2812 VII.
546 2758 717 2824 Ἀναξ
738 2759 1011 2826 ἀνάκτων,
1044 2755 1155 2826 οἶος
1193 2761 1253 2827 ἐξ
1285 2764 1400 2816 οἴου
1437 2763 1625 2833 μόνος,

543 2852 717 2920 Λόγος
744 2853 1022 2922 προελθὼν
1051 2854 1266 2925 [ἰατρὸς
1305 2856 1365 2922 ἐξ
1395 2857 1668 2921 ἀναιτίου,

551 2935 857 3009 Ἶσοσθενές
885 2963 980 3000 σου
1016 2948 1240 3017 Πνεῦμα
1273 2950 1386 3012 τοῖς
1423 2948 1746 3015 ἀποστόλοις

541 3037 828 3109 Νημερτὲς
862 3039 1203 3110 ἐξέπεμψας,
1238 3042 1314 3106 ὡς
1345 3041 1662 3113 εὐεργέτης,

512 3204 515 3213 ι
547 3132 793 3201 ’ᾼδουσι,
825 3132 961 3198 Δόξα
990 3130 1069 3202 τῷ
1100 3132 1293 3204 κράτει
1327 3152 1445 3201 σου,
1480 3137 1676 3207 Κύριε.

402 3223 503 3292 i‘s'.
534 3224 790 3294 Θεολογεῖ
834 3226 864 3279 6
904 3225 1005 3294 τῆς
1034 3226 1127 3280 τοῦ
1169 3226 1330 3294 ἁγίου
1362 3228 1680 3300 Πνεύματος
1722 3232 1917 3303 ἑορτῆς

332 3315 589 3377 ἐποποιὸς
620 3314 717 3366 καὶ
748 3316 807 3367 ὲν
835 3316 903 3385 τῇ
957 3317 1212 3387 παρούσῃ
1238 3315 1375 3388 ᾠδῇ,
1422 3320 1517 3372 καὶ
1549 3320 1919 3394 ἀποτεινάμε-

331 3421 421 3466 νος
453 3404 545 3457 τὸν
578 3403 737 3472 λόγον
782 3403 920 3477 πρὸς
954 3405 1044 3459 τὸν
1081 3404 1210 3458 Υίὸν
1257 3404 1355 3460 τοῦ
1406 3406 1565 3483 Θεοῦ,
1595 3405 1715 3462 εἶτα
1750 3429 1919 3481 μετα-

334 3496 532 3550 ϐαίνων
561 3498 643 3561 είς
671 3497 799 3559 τοὺς
834 3497 1028 3564 ἁγίους
1057 3497 1393 3561 ἀποστόλους
1419 3501 1515 3555 καὶ
1549 3502 1630 3566 είς
1654 3506 1717 3557 τὸ
1742 3521 1917 3558 κατα-

337 3587 590 3660 πεμφθὲν
646 3588 830 3652 αὐτοῖς
880 3588 1040 3658 ἅγιον
1090 3589 1335 3659 Πνεῦμα,
1371 3590 1570 3646 τελειοί
1592 3593 1782 3662 δεξιῶς
1826 3598 1919 3650 τὸν

333 3683 526 3752 εἱρμὸν
570 3683 649 3745 εἰς
676 3680 887 3736 ἔννοιαν
940 3685 1445 3755 χαρακτηριστικὴν
1492 3686 1592 3756 τῆς
1644 3689 1918 3760 τετάρτης

332 3773 476 3846 ᾠδῆς
505 3774 598 3828 τοῦ
643 3774 804 3842 ἁγίου
838 3772 1161 3843 Ἀὂϐακούμ
1184 3791 1199 3805 ·
1250 3768 1317 3846 ἦς
1346 3778 1782 3850 προανάκρουμα
1831 3782 1915 3846 τὸ,

226 3892 240 3905 -
334 3866 491 3932 Δόξα
519 3866 594 3935 τῇ
640 3865 896 3936 δυνάμει
922 3882 1068 3932 σου,
1110 3868 1310 3934 Κύριε.
1358 3867 1447 3920 Ἐν
1474 3869 1528 3923 δὲ
1563 3875 1676 3935 τοῖς
1711 3873 1919 3945 κατάρ-

334 3976 491 4032 χουσι
517 3960 637 4014 δυσὶ
662 3961 879 4039 στίχοις
901 3965 1162 4029 στρυφνοῖ
1200 3963 1299 4032 τὴν
1326 3966 1552 4034 φράσιν,
1579 3965 1654 4029 ὡς
1696 3968 1791 4022 τοῦ
1820 3970 1919 4039 μέ-

334 4069 471 4123 τρου
507 4051 584 4122 μὴ
612 4052 868 4119 ἀφιέντος
896 4053 1061 4105 αὐτὸν
1091 4054 1526 4110 ὲκπλατύνεσθαι
1572 4062 1708 4128 πρὸς
1747 4062 1920 4133 σαφή.

334 4159 487 4197 νειαν
514 4159 530 4175 ο
561 4144 656 4196 καὶ
688 4143 938 4211 βούλεται
972 4146 1074 4216 μὲν
1108 4146 1285 4199 εἰπεῖν
1318 4148 1433 4212 ὅτι,
1464 4143 1537 4201 Ὠ
1568 4149 1918 4219 παμϐασιλεῦ

335 4235 481 4303 Λόγε
510 4234 605 4289 τοῦ
634 4235 772 4289 Θεοῦ
806 4237 904 4289 καὶ
940 4238 1175 4307 Πατρξς,
1209 4237 1269 4302 ὃς
1317 4241 1616 4310 μονογενὴς
1650 4241 1779 4305 Υίὺς
1808 4243 1918 4297 Πα-

334 4326 467 4395 τρὸς
497 4325 559 4392 ἐξ
608 4327 908 4397 ἀγεννήτου
939 4327 1170 4395 γέγονας
1221 4328 1344 4397 δίχα
1387 4329 1617 4400 μητρὸς,
1664 4331 1802 4400 ὅπερ
1829 4330 1922 4383 οὐ-

335 4417 448 4480 δεὶς
479 4417 636 4481 ἄλλος
670 4417 786 4480 υίὸς
839 4417 1019 4487 ἔσχεν,
1055 4418 1193 4471 ἁλλά
1229 4420 1293 4471 σὺ
1329 4421 1510 4489 μόνος,
1542 4424 1639 4473 καὶ
1667 4421 1736 4475 τὰ
1767 4421 1913 4491 ἑξῆς.

2033 562 2251 628 quando
2273 560 2500 630 ignitum
2526 570 2607 614 est
2634 568 2689 615 et
2708 561 2936 627 dicitur,
2991 559 3211 617 sonitus
3256 572 3435 615 autem
3481 561 3629 632 igni-

2036 657 2126 704 tus
2154 651 2261 704 diri
2313 667 2421 705 non
2449 654 2604 706 solet.
2636 650 2753 707 Non
2781 662 2863 707 est
2894 652 3039 707 enim
3077 667 3249 707 sonus
3281 653 3462 721 aliqua
3492 654 3627 708 sub-

2037 741 2238 795 stantia
2268 758 2390 811 quae
2405 743 2757 806 accendatur,
2790 744 2883 799 sed
2920 746 3177 798 accidens
3201 743 3521 798 substantim
3553 745 3620 799 ad

2045 832 2531 891 inﬂammationem
2563 845 2702 907 apta:
2748 845 2803 892 et
2844 838 3275 891 combustinnrm
3322 838 3619 905 patientis;
3688 902 3694 907 _

2031 926 2123 980 vel
2169 934 2223 980 ut
2269 927 2491 983 brevius
2544 940 2601 983 et
2663 929 3097 990 clarinstliram,
3142 938 3229 982 est
3271 929 3452 997 aliqua
3514 945 3619 986 vox

2031 1018 2175 1074 aeris
2206 1019 2474 1087 percussi,
2530 1021 2673 1075 sicut
2714 1021 2944 1075 bombns
2986 1029 3040 1074 et
3076 1035 3325 1073 murmur
3354 1030 3408 1074 et
3432 1023 3619 1090 crepi-

2033 1117 2139 1174 tus,
2175 1110 2248 1165 ita
2279 1118 2333 1165 et
2361 1111 2535 1164 eclto:
2570 1125 2731 1179 porro
2755 1109 2899 1166 sicut
2926 1110 3015 1165 illa
3051 1125 3158 1165 non
3212 1110 3614 1175 accenduntur,

2030 1202 2112 1258 sic
2152 1218 2253 1258 nec
2279 1202 2404 1256 ista.
2435 1200 2627 1257 Melius
2660 1211 2745 1257 est
2770 1217 2901 1272 ergo
2926 1202 3177 1269 πυρῶδες
3209 1201 3614 1266 adverbialiter,

2030 1292 2212 1349 dicere
2300 1309 2400 1363 pro
2493 1292 2818 1362 πυροειδῶς,
2893 1293 3036 1349 sicut
3108 1293 3162 1347 in
3237 1294 3612 1363 sequentibus,

2029 1384 2085 1439 in
2118 1385 2362 1440 carmine
2387 1396 2605 1455 quarto,
2670 1386 2893 1455 ponitur
2944 1385 3180 1455 ἀτρεκὲς
3234 1394 3289 1439 et
3339 1385 3617 1454 νημερτές

2028 1491 2129 1547 pro
2163 1476 2406 1547 ἀληθῶς,
2438 1487 2498 1532 ut
2533 1478 2606 1533 ibi
2628 1487 2990 1532 monstratur.
3022 1476 3185 1531 Forte
3212 1491 3341 1530 vero
3366 1492 3474 1530 non
3516 1477 3616 1530 ab-

2026 1569 2191 1625 surde
2217 1572 2487 1635 crederes,
2539 1572 2683 1641 quod
2731 1570 2784 1624 in
2830 1570 3045 1624 duabus
3115 1568 3396 1640 particulis
3426 1568 3614 1623 volens

2028 1661 2246 1718 subtilis
2306 1674 2463 1732 poeta
2528 1662 2696 1717 citius
2765 1660 3041 1731 explicare
3114 1660 3450 1729 praelibatum
3514 1658 3613 1714 lla-

2030 1769 2150 1809 men
2201 1754 2499 1810 violentum
2523 1765 2577 1809 et
2607 1755 2807 1825 ignitas
2855 1753 3093 1823 linguas,
3121 1761 3176 1806 et
3217 1752 3398 1807 dicere
3464 1751 3611 1821 quod

2023 1849 2275 1916 apparuit
2300 1847 2503 1917 ignitus
2535 1863 2630 1903 aer
2683 1858 2737 1902 et
2766 1845 2914 1902 illius
2949 1861 3139 1911 sonus,
3198 1845 3452 1915 angustia
3488 1859 3606 1897 me-

2021 1940 2086 1993 tri
2114 1938 2216 1993 fuit
2246 1939 2557 2009 impeditus,
2592 1945 2672 1997 et.
2696 1938 2776 1993 sic
2812 1937 3019 2005 absque
3055 1935 3450 2006 conjunctione
3499 1933 3613 1989 cito

2019 2029 2173 2096 dixit,
2245 2031 2530 2100 speciatim
2581 2028 2801 2098 quidem
2864 2044 2982 2085 rem
3044 2027 3295 2100 ignitam,
3325 2026 3610 2097 speciatim

2017 2137 2146 2177 vero
2171 2123 2316 2180 illius
2343 2125 2607 2180 sonituum.
2638 2122 2786 2177 Echo
2813 2132 2993 2177 autem
3044 2121 3133 2176 hic
3187 2119 3469 2174 indeﬁnite
3508 2131 3613 2188 pro

2019 2228 2153 2270 sono
2219 2215 2440 2279 dicitur,
2485 2230 2591 2270 non
2627 2230 2726 2285 pro
2784 2214 2878 2268 illo
2934 2214 3027 2282 qui
3070 2211 3245 2266 dictus
3305 2219 3388 2265 est
3435 2209 3609 2280 ἠχέτα

2016 2305 2214 2373 τέττιξ.
2268 2305 2458 2374 Quoad
2497 2321 2626 2362 vero
2688 2305 2816 2372 τοῖς
2869 2306 3138 2370 ἔθνεσιν,
3192 2303 3259 2358 ad
3320 2303 3608 2373 prtedictos

2020 2395 2339 2453 innumeros
2373 2398 2593 2469 populos
2631 2398 2689 2454 in
2724 2395 2853 2454 Sion
2905 2395 3058 2451 hodie
3112 2393 3463 2451 referendum
3495 2399 3601 2450 est.

2469 2664 2692 2720 Hirmus
2740 2673 2949 2735 quarm
3002 2665 3141 2720 ode.

2164 2751 2275 2809 Rex
2301 2769 2512 2824 regum,
2544 2755 2697 2811 solus
2720 2770 2785 2810 ex
2815 2755 2954 2818 solo.
2979 2755 3155 2811 solum

2095 2843 2331 2901 Verbum
2377 2847 2680 2916 procedens
2708 2863 2737 2900 a
2765 2845 2925 2902 Patre
2948 2861 3128 2903 causae
3151 2857 3397 2917 experte,

2100 2937 2542 3008 Equipotentem
2576 2946 2728 2993 tuum
2764 2936 3031 3007 Spiritum
3060 2939 3330 3008 apostolis

2098 3029 2241 3086 Vere
2274 3029 2600 3085 illustrando
2631 3029 2848 3095 misisti,
2887 3040 2947 3084 ut
2974 3029 3312 3098 benefactor,

2097 3122 2462 3178 Cantantibus
2496 3122 2753 3193 potentia:
2784 3132 2891 3178 tua;
2919 3122 3167 3192 gloriam,
3194 3138 3228 3178 ο
3261 3123 3507 3180 Domine.

2098 3213 2192 3271 95.
2215 3213 2549 3283 Theologice
2578 3214 2690 3284 agit
2714 3223 2768 3269 et
2793 3212 2848 3268 in
2879 3213 3131 3283 praesenti
3195 3215 3443 3271 carmine
3491 3216 3608 3288 epi-

2021 3322 2120 3363 cus
2186 3305 2501 3361 festivitatis
2559 3308 2734 3361 sancti
2777 3304 3016 3376 Spiritus
3052 3315 3225 3368 vates.
3256 3318 3312 3363 et
3344 3325 3605 3369 sermone

2019 3399 2085 3453 ad
2116 3397 2318 3453 Filium
2365 3399 2454 3452 Dei
2492 3397 2777 3467 producto,
2805 3397 3002 3453 deinde
3048 3399 3115 3453 ad
3142 3410 3363 3458 sanctos
3385 3415 3607 3472 aposton

2020 3491 2103 3547 los
2131 3503 2185 3546 ct
2226 3492 2292 3547 ad
2320 3491 2625 3546 immissum
2666 3489 2800 3560 ipsis
2831 3489 3100 3560 Spiritum
3133 3502 3382 3548 sanctum
3418 3494 3606 3549 tradu-

2017 3593 2127 3650 cto,
2148 3583 2287 3640 scite
2316 3598 2517 3637 nexum
2547 3581 2757 3649 perlicit
2778 3581 2845 3636 ad
2893 3582 3393 3641 characteristicam
3424 3585 3606 3655 quarti

2016 3677 2278 3734 carminis
2305 3677 2481 3730 sancti
2512 3675 2791 3732 Abhacnm
2852 3676 3202 3743 sententiam,
3251 3680 3407 3744 cujus
3444 3695 3606 3734 exor-

2018 3771 2167 3825 dium
2201 3779 2323 3824 est:
2349 3765 2535 3822 Gloria
2565 3767 2819 3837 potestati
2856 3777 2986 3833 tute,
3032 3768 3275 3823 Domine.
3302 3769 3360 3824 In
3386 3771 3603 3829 duobus

2017 3868 2198 3913 autem
2232 3859 2423 3928 primis
2484 3858 2737 3913 versibus
2777 3858 3108 3913 locutionem
3163 3861 3389 3915 arduam
3448 3860 3599 3928 facit.

2019 3949 2175 4021 quasi
2200 3959 2374 4007 metro
2394 3962 2503 4004 non
2533 3949 2631 4016 ipsi
2660 3951 3006 4018 permittente
3033 3950 3236 4006 clarius
3261 3968 3380 4007 eam
3404 3955 3591 4023 expla-

2019 4058 2176 4097 nare.
2232 4041 2361 4096 Vult
2411 4044 2560 4096 enim
2598 4041 2819 4097 dicere:
2874 4040 2920 4097 0
2944 4043 3386 4112 potentissimum
3421 4044 3515 4100 Dei
3549 4059 3606 4101 et

2023 4131 2198 4185 l‘atris
2233 4129 2487 4196 Verbum,
2538 4140 2592 4186 tu
2623 4131 2714 4201 qui
2747 4131 3060 4202 unigenitus
3093 4131 3262 4188 Filius
3302 4148 3362 4189 es
3396 4134 3599 4199 Patris,

2019 4234 2083 4274 ex
2108 4220 2349 4288 ingenito
2364 4220 2584 4289 genitus
2611 4220 2820 4290 absque
2855 4228 3051 4284 matre,
3092 4222 3250 4276 sicut
3289 4223 3474 4279 nullus
3497 4238 3605 4278 un-

2019 4327 2183 4382 quam
2210 4310 2311 4366 t‘uit
2342 4314 2481 4366 alter
2508 4311 2674 4376 titius,
2711 4312 2805 4365 sed
2833 4322 2891 4365 tu
2926 4312 3104 4379 solus,
3130 4324 3186 4368 et
3210 4314 3440 4385 reliqua.
3467 4316 3607 4372 (iam

2023 4411 2203 4457 autem
2276 4403 2433 4457 metri
2515 4401 2764 4457 delectus
2850 4417 2963 4457 non
3020 4417 3210 4460 casum
3294 4407 3604 4463 vocativum

347 4509 506 4562 Ἐπεὶ
562 4507 618 4562 δὲ
653 4509 685 4579 ἡ
719 4507 815 4561 τοῦ
858 4510 1060 4580 μέτρου
1101 4512 1301 4581 ἐκλογὴ
1348 4509 1473 4564 οὔτε
1522 4511 1621 4583 τὴν
1657 4511 1921 4584 κλητικὴν

2026 4494 2285 4561 admittit,
2346 4508 2533 4550 vocem
2567 4505 2751 4550 autem
2818 4492 2932 4561 οἷος
2980 4497 3420 4568 tequipullentetn
3483 4501 3606 4556 voci

335 4602 549 4657 πτῶσιν
573 4602 770 4667 εὐοδοῖ,
806 4603 903 4655 καὶ
931 4604 992 4656 τὸ
1016 4599 1126 4668 οἷος
1160 4604 1216 4657 δὲ
1236 4604 1603 4677 ,ἰσοδυναμοῦν
1629 4603 1706 4674 τῷ
1735 4605 1916 4675 μόνος,

336 4688 430 4749 οἷα
458 4695 831 4766 ταυτόσημον,
865 4697 1199 4767 ὲπικρίνασα
1230 4697 1584 4766 ἑδευτέρωσε,
1613 4700 1709 4750 καὶ
1736 4700 1921 4768 τρίτον

341 4786 738 4855 συγκατέλιξεν
769 4788 951 4852 αὐτοῖς
978 4790 1040 4842 τὸ
1069 4790 1232 4861 μόνον
1267 4791 1324 4842 ὲν
1391 4792 1562 4861 στίχῳ
1596 4792 1700 4857 ἑνὶ,
1733 4791 1917 4846 ὲντεῦο

339 4877 433 4932 θεν
463 4879 752 4951 ἐνεποίησε
780 4879 861 4950 τῷ
905 4880 1085 4951 είρμῷ
1113 4882 1317 4952 φράσιν
1348 4882 1735 4938 ὑποδύσκολον.

411 4975 529 5039 ιιςᾶ
562 4972 654 5039 Ἐξ
677 4972 854 5044 ἀρχῆς
888 4972 1019 5039 γοῦν
1039 4974 1210 5045 αὐτῆς
1234 4974 1293 5027 τὸ
1327 4973 1486 5039 ἅναξ
1513 4973 1796 5030 ἀνάκτων
1824 4976 1921 5028 καὶ

334 5066 405 5119 τὰ
425 5065 577 5137 ἑξῆς,
593 5066 654 5119 οὐ
670 5066 968 5136 κλητικῶς,
980 5067 1055 5129 ὡς
1076 5068 1269 5138 ἐχρῆν,
1284 5068 1423 5125 ἀλλά
1439 5071 1685 5140 γραφικῇ
1703 5069 1921 5143 ἀνάγκη

336 5158 459 5213 κατ’
503 5158 722 5214 εὐθεῖαν
758 5159 996 5231 φράσας,
1048 5161 1280 5230 προάγει
1312 5160 1527 5215 ἔννοιαν
1567 5160 1778 5214 τοιάνδε
1804 5177 1817 5192 °
1845 5161 1919 5214 Σὺ

335 5253 365 5306 6
395 5251 785 5323 Παμὸασιλεὺς
821 5252 1085 5321 (τοιοῦτος
1116 5255 1227 5324 γὰρ
1252 5254 1281 5308 6
1304 5255 1412 5307 1:th
1456 5254 1706 5308 ἀνάκτων
1736 5251 1917 5323 ἄναξ),

339 5343 405 5397 σὺ
434 5343 636 5412 τοίνυν,
665 5330 902 5407 ἀττικῶς
929 5328 1123 5410 εἰπεῖν,
1152 5339 1196 5398 ὦ
1219 5347 1317 5413 κα).
1344 5345 1627 5409 ιΙαντάναξ
1655 5347 1749 5400 καὶ
1778 5344 1918 5413 Λόγε

337 5435 434 5491 καὶ
463 5435 561 5491 ru
591 5435 687 5490 τοῦ
721 5437 959 5507 Πατρὸς,
993 5440 1021 5491 6
1058 5438 1113 5490 ὲν
1151 5441 1262 5500 τοῖς
1293 5439 1387 5491 ἀπ’
1410 5438 1612 5508 ,αἰῶνος
1640 5438 1920 5507 γεννητοῖς

340 5528 729 5599 μεμονωμένος
762 5527 840 5599 τῷ
872 5530 1147 5600 τεραστίῳ
1176 5530 1275 5599 τῆς
1304 5533 1630 5601 γεννήσεως,
1657 5529 1685 5580 6
1718 5527 1919 5596 προελ-

338 5618 447 5672 θὼν
488 5620 547 5687 ἐξ
579 5620 824 5674 ἀναιτίου
874 5622 994 5692 ἦτοι
1026 5622 1265 5691 ἀνάρχου
1312 5621 1407 5674 καὶ
1454 5622 1756 5695 ἀγεννήτου
1810 5621 1922 5674 [Ια-

336 5712 486 5783 τρδς,
520 5713 609 5766 ἵνα
645 5714 721 5786 μὴ
770 5714 1059 5785 γεννηθεὶς
1094 5714 1306 5784 Πατὴρ,
1352 5713 1490 5785 μηδὲ
1526 5714 1777 5785 ἀνάγκην
1807 5714 1922 5785 ἔχοι

340 5806 599 5878 γεννῆσαι
632 5808 928 5881 ἀκολουθίᾳ
973 5809 1186 5880 φύσεως
1213 5825 1227 5839 ·
1280 5807 1558 5879 προελθὼν
1590 5807 1648 5861 δὲ
1704 5808 1917 5861 ἐκεῖθεν

2025 4592 2239 4660 μόνος,
2295 4601 2349 4646 οι
2379 4590 2523 4646 idem
2580 4599 2872 4646 sonantem
2933 4592 3253 4662 duplicavit,
3295 4603 3349 4647 et
3388 4597 3604 4649 tertiam

2030 4684 2162 4752 ipsis
2190 4685 2491 4739 connexuit
2522 4699 2707 4739 vocem
2746 4685 2907 4754 μόνον
2960 4685 3014 4738 in
3046 4699 3155 4739 uno
3182 4698 3375 4741 versu:
3408 4686 3608 4743 exinde

2032 4777 2511 4831 nexuidictionem
2566 4778 2923 4847 subaspcram
2975 4776 3288 4848 adscripsit.

2100 4980 2189 5036 96.
2251 4980 2389 5035 Cum
2443 4979 2610 5050 igitur
2667 4995 2732 5034 ex
2778 4979 2898 5049 ipso
2952 4978 3223 5050 principio
3269 4980 3599 5041 dictionem:

2031 5069 2146 5126 Vox
2180 5085 2395 5140 regum,
2420 5080 2474 5125 et
2515 5072 2823 5139 sequentia,
2854 5086 2961 5125 non
2997 5073 3264 5136 vocative,
3296 5081 3356 5126 nt
3387 5084 3605 5143 oporte-

2029 5163 2143 5229 bat,
2177 5168 2271 5216 sed
2311 5177 2581 5218 mensurae
2608 5162 2934 5217 necessitate
2972 5164 3310 5219 nominative
3332 5164 3604 5231 adhibuit,

2030 5251 2243 5323 profert
2291 5254 2616 5308 sententiam
2653 5253 2834 5307 hanc:
2873 5251 2952 5305 Tu
3007 5270 3097 5307 rex
3153 5256 3602 5324 potentissimus;

2031 5345 2154 5399 talis
2170 5345 2318 5399 enim
2336 5354 2421 5399 cst
2451 5343 2560 5399 Rex
2582 5359 2765 5413 regum
2792 5359 2809 5411 ;
2847 5351 2903 5397 tu
2933 5358 3081 5414 ergo,
3115 5354 3173 5400 ut
3198 5348 3374 5403 Attice
3398 5347 3601 5412 dicam,

2030 5431 2075 5491 ὦ
2111 5437 2414 5503 παντάναξ,
2459 5450 2550 5491 rex
2577 5437 2926 5505 omnipotens
2952 5448 3006 5491 et
3033 5437 3270 5493 Verbum
3297 5449 3351 5494 et
3378 5437 3480 5496 Fili
3499 5437 3604 5496 Pa-

2032 5530 2151 5593 tris,
2204 5529 2299 5598 qui
2330 5528 2383 5581 in
2416 5528 2613 5598 genitis
2635 5543 2666 5581 a
2694 5526 2916 5591 sarculo.
2948 5529 3100 5585 solus
3127 5535 3183 5584 et
3210 5530 3478 5587 miraculo
3514 5546 3603 5602 ge-

2029 5621 2353 5681 nerationis.
2384 5620 2683 5691 procedens
2707 5636 2772 5674 ex
2820 5617 2985 5676 Patre
3014 5636 3234 5677 causam
3266 5636 3362 5678 seu
3406 5623 3607 5691 princi-

2030 5714 2179 5781 pium
2240 5711 2523 5766 nesciente
2565 5720 2621 5765 et
2681 5709 2942 5781 ingenito,
2974 5718 3033 5766 ut
3065 5727 3171 5768 non
3200 5713 3416 5783 genitus
3446 5711 3609 5767 Pater

2032 5820 2133 5860 nec
2198 5804 2578 5861 necessitatem
2628 5807 2926 5876 generandi
2974 5802 3364 5874 consequentia
3397 5812 3609 5860 natura:
