4050 6474
436 353 540 419 611
1144 345 1567 411 EUSTATHII
1607 335 2355 405 THESSALONICENSIS
2390 327 2958 395 METROPOLITA!
3578 318 3693 383 612

442 472 675 537 habeat;
715 466 1013 538 procedens
1061 474 1244 519 autem
1290 462 1771 517 exindesolussive
1823 458 2056 528 uuige-l

2165 470 2224 513 ος
2274 452 2395 522 ητοι
2429 452 2725 522 μονογενὴς
2769 451 2861 504 καὶ
2888 444 2967 514 εἷς
3020 447 3081 515 έξ
3104 449 3218 503 οἴου
3273 446 3435 515 μόνου
3472 441 3697 511 Πατρὸς

441 565 610 623 nitus,
639 571 691 612 et
712 572 853 611 unus
907 572 972 610 ex
990 569 1098 609 uno
1121 554 1237 608 solo
1283 551 1437 606 Patre
1464 551 1581 606 sine
1606 560 1811 615 matre;
1850 565 1883 604 ο
1915 564 2006 602 rex

2165 559 2235 612 χα
2271 544 2505 613 μητρός.
2538 538 2612 595 Ὦ
2638 541 2769 609 γοῦν
2797 539 3010 594 τοιοῦτε
3061 534 3441 603 Παμσασιλεῦ,
3469 534 3695 623 όμόνος

443 654 810 719 omnipotens,
845 658 899 702 tu
934 648 1105 709 solus,
1140 655 1214 706 et,
1251 654 1312 699 ut
1355 651 1427 699 tta
1458 643 1660 705 dicam,
1706 642 2011 696 solissimus

2165 638 2231 699 tl,
2264 636 2340 697 ὡς
2369 636 2541 698 οὕτως
2588 634 2785 697 εἰπεῖν,
2823 632 3135 701 μονώτατος
3180 625 3460 698 προελυὼν
3484 622 3594 688 οἷος
3634 622 3700 686 ἐξ

447 742 754 813 procedens
788 755 930 794 unus
992 754 1057 792 ex
1110 753 1238 803 uno,
1298 736 1441 792 sicut
1500 734 1762 799 diximus,
1812 732 2010 799 Patre;

2165 729 2250 796 ου,
2289 728 2365 793 ὡς
2415 729 2646 797 ἔφαμεν,
2693 726 2905 794 Πατρός
2931 739 2945 751 ·
2972 718 3287 789 ἐξέπεμψας
3326 717 3402 779 ὼς
3434 714 3697 784 ἀψευδὴς,

449 837 667 900 misisti,
741 834 955 887 mentiri
1020 830 1280 895 nescius,
1346 831 1422 883 ttti
1489 830 1840 899 promiseras,
1905 828 2016 885 tuis

2165 821 2259 875 ιθὰ
2287 820 2527 890 ὑπέσχου
2568 824 2682 882 τοῖς
2717 823 2832 881 σοῖς
2880 814 3223 878 ἀποστόλοις,
3270 809 3545 869 ἰσοσθενές
3597 823 3698 858 σου

449 926 733 996 apostolis,
780 925 1105 994 :equiparem
1179 923 1273 977 tibi
1310 934 1364 977 et
1431 938 1678 978 veracem
1712 920 2014 991 Spiritum:

451 1034 546 1087 per
585 1019 758 1086 ipsum
796 1017 941 1071 enim
996 1017 1140 1070 sicut
1164 1030 1261 1085 per
1295 1026 1345 1068 te
1387 1030 1450 1069 ac
1489 1014 1702 1067 Patrem
1741 1015 2017 1082 spiramus

450 1120 679 1179 utraque
706 1109 810 1164 vita
838 1110 1078 1163 viventes
1109 1125 1123 1173 ;
1165 1119 1434 1176 quatenus
1461 1109 1622 1161 etiam
1658 1106 2022 1160 communiter

2118 913 2343 982 Πνεῦμα
2383 913 2480 967 καὶ
2509 911 2742 983 ἀληθές*
2784 910 2852 965 δι’
2893 908 3058 962 αὐτοῦ
3094 906 3204 977 γὰρ
3245 904 3319 964 ὡς
3352 900 3449 956 καὶ
3475 899 3563 953 διὰ
3599 894 3704 951 σοῦ

2120 1008 2213 1060 καὶ
2248 1006 2461 1076 Πατρδς
2497 1005 2733 1075 πνέομεν
2764 1002 2964 1068 ζῶντες
2991 1002 3261 1068 ἑκατέραν
3284 997 3430 1066 ζωήν
3453 1007 3468 1023 ⁸
3503 991 3706 1047 καθότι

2122 1099 2217 1152 καὶ
2254 1100 2407 1168 κοινῇ
2439 1098 2781 1168 εὐεργετεῖτε
2801 1112 2816 1126 ·
2848 1092 3027 1157 ποίοις
3064 1092 3123 1146 δέ
3150 1107 3166 1156 ;
3194 1087 3548 1149 Ἀποστόλοις
3576 1100 3702 1147 σου,

452 1178 742 1255 henelaeit.
792 1198 1006 1264 Quibus
1038 1198 1255 1253 autem?
1285 1196 1417 1249 Tuis
1440 1194 1722 1263 apostolis,
1753 1193 1893 1247 istud
1932 1207 2025 1244 ca—

2165 1194 2235 1255 οἴς
2270 1191 2489 1263 ᾄδουσιν
2516 1193 2693 1244 έκεῖνο
2728 1186 3070 1259 προφητικὸν
3113 1183 3195 1245 τὺ,
3225 1183 3362 1249 Δόξα
3393 1181 3471 1249 τῷ
3502 1178 3707 1246 κράτει

451 1291 710 1346 neutibus
738 1289 1151 1359 propheticum:
1190 1287 1373 1343 Gloria
1424 1286 1676 1352 potestati
1735 1296 1862 1347 tuae,
1923 1282 2025 1335 Do-

2165 1301 2247 1347 ου,
2279 1283 2453 1354 Κύριε
2476 1299 2491 1314 ε
2533 1282 2675 1335 οὕτω
2702 1282 2811 1352 γὰρ
2846 1281 3073 1348 ἄμεινον
3100 1275 3334 1345 γράφειν
3368 1274 3515 1343 ἢπερ
3546 1267 3711 1333 δόξαν

452 1382 641 1449 mine;
682 1384 761 1437 sic
791 1381 936 1436 enim
964 1387 1181 1450 praestat
1213 1378 1475 1439 scribere,
1497 1377 1653 1440 δόξαν
1688 1390 1812 1431 cum
1849 1375 2027 1428 littera

2165 1376 2272 1429 ,ετὰ
2299 1375 2393 1428 τοῦ
2423 1393 2472 1430 ν.
2502 1373 2674 1439 Ἀναξ
2707 1373 2765 1428 δὲ
2809 1372 3060 1426 ἀνάκτων
3086 1369 3114 1422 ό
3147 1368 3360 1436 Σωτὴρ.
3391 1365 3528 1417 διότι
3560 1359 3706 1413 κατὰ

454 1491 505 1529 ν.
538 1474 652 1529 Rex
689 1488 877 1544 regum
925 1485 1055 1526 vero
1098 1469 1350 1525 Salvator
1401 1477 1504 1530 est,
1542 1483 1692 1538 aqua,
1738 1468 1889 1538 juxta
1941 1482 2031 1519 sa-

2166 1469 2223 1521 δν
2258 1468 2421 1536 σοφὸν
2449 1465 2860 1537 παροιμιαστὴν
2890 1463 2959 1518 δι’
2990 1460 3159 1515 αὐτοῦ
3194 1458 3435 1529 βασιλεῖς
3470 1456 3713 1513 ἅπαντες

457 1567 698 1636 pientem
747 1561 1178 1633 parmmiastam,
1240 1579 1259 1612 ι
1301 1575 1397 1630 per
1420 1561 1596 1629 ipsum
1649 1558 1833 1613 cuncti
1878 1572 2032 1627 reges

2165 1558 2506 1623 ασιλεύουσι,
2555 1555 2938 1625 ποιμαίνοντες
2975 1556 3103 1615 τοὺς
3130 1551 3258 1618 περὶ
3290 1547 3487 1607 αὐτοὺς
3521 1559 3710 1611 παρι-

461 1667 713 1729 regnant,
757 1675 779 1711 ι
820 1665 1104 1727 pascentes
1133 1669 1230 1711 eos
1265 1653 1358 1722 qui
1391 1653 1538 1708 circa
1573 1653 1720 1722 ipsos
1749 1661 2033 1706 suntcum

2165 1654 2330 1722 ιλήσει
2364 1651 2566 1722 ῥάϐδου
2601 1652 2695 1706 καὶ
2721 1647 3027 1720 βακτηρίας
3066 1646 3261 1699 ὁποίαν
3286 1641 3448 1695 δώσει
3474 1639 3710 1702 ἐκείνοις

461 1751 732 1821 adjutorio
766 1749 942 1805 baculi
971 1756 1025 1804 et
1052 1747 1252 1818 virgae;
1290 1761 1484 1814 «quam
1514 1744 1665 1800 dabit
1697 1745 1803 1801 illis
1833 1743 2027 1799 Deus.»

2165 1777 2166 1787 ι
2208 1745 2361 1806 Θεός.
2396 1744 2475 1798 Οὐ
2528 1744 2665 1814 πρὸς
2705 1740 2996 1812 ἀκρίϐειαν
3028 1737 3085 1792 δὲ
3136 1738 3454 1807 πέφρασται
3482 1733 3546 1786 τὸ
3575 1730 3714 1794 ἄναξ

460 1843 582 1899 Νοη
619 1856 750 1897 vero
783 1840 1084 1897 secundum
1132 1848 1441 1894 accuratam
1470 1836 1800 1892 locutionem
1834 1836 2036 1904 praedi-

2165 1839 2407 1901 ινάκτων,
2450 1830 2538 1889 οἷα
2574 1835 3011 1904 προσισταμένου
3053 1830 3146 1885 τοῦ
3185 1830 3386 1899 μέτρου
3409 1840 3425 1856 ο
3453 1825 3515 1877 οὐ
3549 1822 3661 1892 γὰρ
3686 1826 3714 1874 ό

462 1943 621 1990 catur
700 1945 794 1987 rex
852 1946 1065 1999 regum,
1149 1939 1407 1999 tanquam
1468 1928 1772 1983 obsistente
1824 1933 2032 1980 metro:

2165 1930 2327 1992 ιπλῶς
2354 1927 2603 1982 ἀνάκτων
2629 1926 2783 1992 ἄναξ,
2803 1925 3009 1987 ἐκεῖνος
3028 1925 3125 1977 καὶ
3148 1916 3528 1991 παμϐασιλεύς
3555 1917 3671 1968 ἐστι
3694 1927 3709 1941 ·

464 2040 580 2081 non
652 2023 798 2079 enim
878 2020 1200 2091 simpliciter
1283 2036 1379 2075 rex
1461 2034 1696 2088 regum,
1761 2018 1850 2073 ille
1917 2015 2038 2070 Rex

2165 2022 2328 2090 ιυρέοι
2361 2018 2495 2087 γοῦν
2525 2020 2582 2071 ἐν
2608 2017 2686 2088 τῷ
2715 2018 2908 2087 κόσμῳ
2932 2014 3183 2069 ἀνάκτων
3208 2012 3302 2065 καὶ
3331 2007 3592 2077 γεγόνασι
3618 2004 3716 2059 καὶ

464 2125 549 2171 est
600 2127 872 2170 summus.
930 2110 1073 2166 Mille
1126 2126 1362 2177 namque
1402 2125 1557 2180 reges
1607 2110 1662 2164 in
1722 2108 1924 2163 mundo
1950 2109 2041 2164 fu-

2165 2117 2281 2169 .ῑσἰν
2312 2115 2565 2176 ἄνακτες,
2593 2112 2690 2165 καὶ
2714 2113 2866 2181 ὅμως
2903 2110 2964 2162 οὐ
2992 2109 3242 2177 λέγονται
3281 2100 3649 2175 παμϐασιλετς
3679 2101 3714 2170 ἢ

464 2213 626 2263 erunt
681 2213 734 2260 et
791 2212 958 2267 sunt,
1019 2202 1111 2271 qui
1161 2211 1343 2256 tamen
1420 2216 1530 2255 non
1566 2198 1826 2255 dicuntur
1894 2214 2044 2253 sum-

2165 2209 2542 2267 ταντάνακτες.
2581 2203 2643 2260 Ὀ
2662 2203 2792 2273 γοῦν
2816 2201 3166 2271 πεζολογικδς
3193 2200 3234 2252 ιε
3245 2197 3517 2270 ροψάλτης
3542 2196 3724 2261 ἀσφα-

468 2296 543 2352 mi
571 2309 725 2366 reges
774 2302 868 2349 aut
920 2294 1123 2350 summi
1145 2294 1331 2348 duces.
1383 2291 1579 2347 Tutius
1607 2306 1737 2362 ergo
1770 2290 2040 2362 pedestris

2165 2302 2398 2369 téotepov
2429 2295 2583 2352 εἶπεν
2613 2298 2708 2350 ἐπὶ
2757 2295 2893 2353 Θεοῦ
2931 2294 3015 2361 τὸ,
3063 2292 3124 2346 Ὅ
3158 2292 3264 2346 τῶν
3293 2290 3546 2345 ἀνάκτων
3578 2284 3721 2348 ἄναξ

467 2398 625 2440 sacer
678 2381 969 2439 Psalmista
1011 2383 1077 2438 de
1105 2382 1214 2437 Deo
1244 2382 1424 2437 dixit:
1460 2402 1478 2436 ι
1511 2381 1615 2449 Qui
1681 2380 1798 2437 Rex
1851 2396 2042 2451 regum

467 2483 556 2534 est
597 2489 663 2531 ac
709 2476 874 2531 Deus.
908 2492 928 2526 ι

542 2566 633 2621 97.
666 2567 724 2622 ln
751 2566 853 2622 hoc
873 2576 1051 2621 autem
1099 2564 1213 2629 οἷος
1244 2575 1296 2621 et
1327 2567 1380 2621 in
1411 2568 1512 2620 hoc
1555 2568 1735 2637 μόνος,
1788 2565 2048 2621 dilferen-

471 2657 606 2712 tiam
664 2658 1018 2714 exsisteutem
1069 2661 1445 2714 examincmus
1497 2658 1641 2729 quod
1691 2659 1884 2728 μόνος
1931 2659 2050 2728 qui-

474 2749 620 2814 dem,
641 2764 788 2816 cum,
810 2758 868 2804 ut
884 2750 1039 2804 aiunt
1061 2750 1355 2818 sapientes.
1386 2751 1452 2805 ail
1475 2751 1677 2822 aliquid
1695 2751 2047 2818 coniunctum

475 2842 698 2905 dicitur,
729 2841 810 2897 sic
840 2839 908 2895 ad
938 2841 1039 2897 sibi
1089 2841 1415 2911 cbnjunctos
1473 2858 1663 2898 omnes
1721 2843 1860 2898 alios
1911 2844 2050 2899 lilios

474 2933 885 3006 pronuntiatur.
921 2930 1046 2996 υἷος
1096 2942 1277 2987 autem
1333 2934 1400 2988 ad
1442 2934 1644 3004 aliquid
1701 2951 1869 2991 unum
1904 2937 1956 2990 in
1992 2951 2052 2991 se

478 3025 699 3088 dicitur,
733 3023 882 3093 quod
912 3038 1018 3076 non
1058 3023 1221 3077 habet
1248 3022 1468 3077 fratrem
1520 3022 1673 3090 iuxta
1731 3025 2049 3081 similitudi-

2147 2399 2242 2452 καὶ
2276 2395 2428 2460 Θεός.

2221 2578 2327 2647 ιζ’.
2369 2578 2457 2631 Ἐν
2480 2576 2538 2631 δὲ
2562 2575 2642 2646 τῷ
2672 2570 2783 2638 οῐος
2828 2574 2922 2628 καὶ
2950 2572 3009 2625 ἐν
3037 2569 3115 2640 τῷ
3149 2570 3309 2638 μόνος
3341 2565 3449 2638 χρὴ
3486 2565 3717 2633 ἐπιστῆ-

2153 2674 2339 2745 σαιτῇ
2372 2670 2662 2726 κατάὐτὰ
2711 2669 2967 2740 διαφορᾷ,
3015 2669 3109 2721 καὶ
3158 2663 3351 2734 νοῆσαι
3384 2662 3467 2716 ὅτι
3516 2661 3576 2713 τὸ
3622 2662 3721 2731 μὲν

2156 2767 2316 2837 μόνος
2348 2765 2482 2834 πρός
2502 2779 2556 2816 τι
2581 2761 2872 2831 συζυγοῦν,
2901 2760 2976 2822 ῶς
3005 2774 3171 2827 φασιν
3198 2757 3249 2810 οἱ
3282 2757 3459 2823 σοφοὶ,
3484 2753 3721 2822 λεγόμε-

2152 2873 2262 2923 νον,
2291 2857 2365 2919 ὡς
2396 2857 2533 2926 πρὸς
2574 2853 2942 2922 συζυγοῦντας
2978 2851 3125 2921 αὐτῷ
3157 2849 3425 2921 φράζεται
3474 2848 3601 2910 τοὺς
3632 2846 3725 2899 άλ-

2154 2952 2281 3014 λους
2314 2948 2559 3010 ἅπαντας
2591 2947 2740 3010 υἱούς
2768 2961 2785 2977 ·
2818 2944 2880 2999 τὸ
2907 2945 2963 3000 δὲ
2987 2940 3099 3008 οἷος
3123 2942 3258 3015 πρός
3278 2959 3331 2996 τι
3360 2940 3421 2995 ὃν
3448 2941 3546 2995 καὶ
3570 2941 3723 3001 αὐτὸ,

2154 3048 2255 3100 οὐκ
2290 3045 2402 3115 ἔχει
2436 3042 2670 3109 σύζυγον
2716 3037 2946 3108 ἀδελφὸν
2978 3038 3120 3091 κατὰ
3163 3037 3224 3091 τὸ
3274 3036 3423 3100 εἰκός
3449 3049 3464 3066 ο
3510 3034 3654 3088 ὥστε
3678 3034 3727 3087 εξ

478 3131 605 3171 nem
661 3115 1006 3186 adiunctum.
1042 3115 1099 3169 Si
1135 3129 1266 3184 ergo
1307 3114 1644 3185 synonymia:
1700 3131 1865 3172 causa
1906 3117 2046 3172 idem

2165 3141 2251 3194 ttat
2283 3136 2481 3191 ταυτόν
2521 3138 2639 3188 ἐστι
2691 3132 3036 3202 συνωνυμίαις
3063 3129 3208 3200 λόγῳ
3255 3124 3368 3192 οἶος
3418 3129 3592 3182 εἰπεῖν
3630 3125 3726 3181 καὶ

477 3215 564 3263 est
591 3204 793 3270 dicere,
859 3201 971 3269 οῐος
999 3215 1056 3259 et
1093 3205 1273 3273 μόνος,
1312 3206 1458 3261 clara
1492 3215 1672 3262 tamen
1725 3208 2054 3279 interpreta-

482 3300 560 3355 tio
584 3299 966 3356 coniusionem
1026 3297 1152 3353 inde
1215 3308 1481 3354 amovet:
1519 3299 1655 3355 dicit
1704 3302 1848 3355 enim
1904 3317 2059 3358 sacer

480 3401 640 3462 poeta
668 3391 761 3446 Dei
801 3390 1038 3446 Verbum
1073 3389 1249 3445 solum
1285 3390 1461 3460 ipsum
1506 3405 1573 3446 ex
1620 3392 1880 3449 omnibus
1934 3393 2058 3451 ﬁliis

482 3482 730 3554 generari
762 3478 897 3545 οἷον,
927 3481 1044 3537 sive
1073 3496 1267 3545 unum,
1317 3497 1385 3536 ex
1412 3482 1510 3553 οῐῳ
1558 3482 1742 3549 Patre,
1779 3484 1896 3538 sive
1948 3501 2056 3539 non

484 3573 802 3645 coniuncto,
834 3572 1067 3643 ideoque
1100 3573 1239 3627 solo.
1262 3572 1468 3629 Similis
1496 3584 1581 3629 est
1623 3575 1881 3636 loquendi
1942 3592 2061 3629 mo-

486 3668 589 3725 dus
609 3682 674 3723 ac
701 3666 746 3724 si
776 3667 901 3738 quis
925 3666 1207 3735 speciatim
1242 3667 1532 3735 quemdam
1575 3667 1630 3723 in
1659 3667 1820 3723 laude
1877 3683 2061 3738 segre-

487 3776 646 3833 gans,
681 3774 746 3816 ac
771 3759 966 3815 nolens
996 3758 1163 3813 alium
1188 3769 1385 3830 praeter
1410 3762 1586 3830 ipsum
1622 3762 1882 3829 reputari,
1913 3762 2064 3816 dice-

489 3863 572 3910 ret
599 3853 746 3923 quod
769 3847 883 3915 οῖος
939 3852 1055 3907 sive
1095 3867 1238 3907 unus
1268 3852 1358 3908 ille
1391 3852 1631 3923 possidet
1683 3852 1829 3910 istud
1886 3853 2064 3909 laudis

489 3958 680 4014 genus,
707 3944 859 4001 solus
889 3952 944 3999 et
973 3959 1078 3999 non
1135 3959 1260 3999 eum
1299 3945 1408 4001 alio
1461 3960 1812 4017 quocunque.
1885 3947 2061 4002 Simili

491 4034 657 4091 modo
705 4035 956 4090 melodus
1010 4048 1175 4089 voces
1238 4029 1354 4098 οῐος
1400 4044 1456 4089 et
1506 4035 1665 4104 μόνος
1727 4036 1793 4092 ad
1862 4035 2064 4092 Filium

490 4126 590 4182 Dei
615 4126 986 4192 consociavit;
1048 4119 1164 4179 οἷον
1204 4125 1414 4193 dicens,
1463 4129 1585 4196 quia
1632 4128 1781 4183 solus
1837 4127 1939 4182 iste
1972 4127 2067 4182 Fi-

492 4218 621 4284 lius,
648 4232 750 4271 nec
780 4216 940 4284 alius,
972 4231 1114 4272 unus
1151 4213 1325 4271 Filius
1352 4227 1643 4285 generatus
1689 4228 1773 4273 est
1811 4219 1962 4272 solus
1985 4218 2068 4269 in-

493 4310 675 4379 genito
699 4319 909 4378 patrum
941 4307 1125 4373 Patri;
1158 4307 1475 4376 signiﬁcans
1543 4309 1627 4365 his
1672 4324 1792 4378 qua:
1813 4309 2070 4381 pra‘clare

493 4401 646 4467 dicit,
668 4403 810 4469 quod
838 4401 987 4456 mille
1015 4400 1236 4471 quidem
1267 4409 1396 4456 sunt
1439 4401 1585 4455 mille
1608 4401 1851 4467 patribus
1884 4402 2071 4471 unige—

494 4491 594 4549 niti
620 4487 766 4561 ;οῐος
814 4501 997 4548 autem
1025 4492 1109 4548 vel
1152 4508 1296 4558 unus
1345 4492 1695 4559 Filius,uuod
1755 4502 1840 4547 est
1887 4494 2061 4559 solus,

494 4596 613 4648 seu,
634 4581 778 4652 quod
804 4581 949 4637 idem
977 4592 1060 4637 est
1089 4581 1299 4647 dicere,
1338 4583 1779 4652 unigenitushex
1819 4582 1915 4653 οἴῳ
1947 4583 2063 4640 sive

499 4686 610 4727 uno
669 4670 786 4727 solo
845 4672 1024 4738 Patre,
1052 4672 1233 4728 nullus
1282 4682 1365 4728 est
1416 4673 1579 4738 alius,
1604 4672 1707 4726 nisi
1745 4681 1799 4727 tu
1841 4677 2065 4730 omnino

493 4764 665 4819 solus.

564 4875 655 4933 98.
693 4873 959 4930 Memento
987 4888 1150 4944 porro
1182 4871 1324 4942 quod
1356 4872 1399 4927 si
1423 4881 1502 4927 ter
1527 4886 1626 4925 vox
1648 4868 1757 4936 οῐος
1786 4873 1873 4927 vel
1905 4874 2064 4944 μόνος

488 4967 551 5023 in
584 4981 725 5021 nexu
759 4975 924 5030 esset,
959 4962 1451 5019 eademscnteutia
1474 4964 1559 5033 pie
1590 4965 1899 5020 conservari
1935 4982 2066 5034 pos-

496 5067 601 5114 set.
633 5056 796 5112 Solus
829 5058 973 5112 enim
1026 5054 1278 5110 Salvator
1333 5054 1433 5109 soli
1492 5053 1638 5109 Patri
1686 5057 1836 5111 solus
1894 5056 2064 5115 Filius

497 5159 788 5220 generatus
822 5158 924 5203 est.
960 5146 1051 5201 Sic
1082 5155 1262 5201 autem
1291 5148 1455 5200 etiam
1508 5141 1621 5210 οἶος
1660 5148 1754 5202 ille
1780 5163 1847 5203 ex
1901 5148 2063 5204 Patre

496 5243 593 5314 οἴῳ
647 5238 757 5305 οἷος
790 5242 976 5295 exivit.
1008 5238 1251 5294 Melodus
1307 5255 1433 5294 vero
1497 5241 1823 5296 locutionem
1878 5245 2064 5314 dispo-

498 5335 628 5398 suit,
660 5334 957 5395 alternans,
991 5343 1049 5386 ut
1079 5344 1314 5386 metrqu
1355 5332 1538 5387 dabat.
1573 5334 1865 5388 Sciendum
1897 5346 2060 5391 etiam

498 5420 644 5491 quod
686 5421 871 5474 istud:
907 5434 1074 5475 unum
1137 5434 1204 5474 ex
1239 5436 1350 5474 uno
1401 5419 1561 5475 Patre
1595 5422 1772 5476 solum
1827 5424 2060 5479 Verbum

498 5514 708 5579 exiens,
777 5528 884 5566 non
942 5514 1174 5569 absurde
1227 5515 1349 5582 quis
1404 5514 1603 5570 diceret
1661 5519 2061 5587 autistrophum

501 5616 598 5657 seu
630 5604 984 5674 mquipollens
1018 5605 1148 5659 ltuic
1180 5623 1193 5659 :
1239 5606 1397 5662 Solus
1439 5606 1748 5675 unigenitur
1801 5612 2066 5680 uuigcntti

501 5691 600 5749 ﬁlii
628 5692 810 5751 Pater.
844 5696 1001 5751 Circa
1043 5697 1230 5751 eadem
1268 5697 1411 5751 enim
1435 5713 1502 5752 ex
1531 5713 1687 5769 sequo
1740 5713 2070 5759 convertun-

2162 3231 2344 3301 μόνος,
2380 3227 2515 3280 ἀλλὰ
2542 3226 2576 3295 ή
2612 3224 2789 3293 σαφὴς
2814 3220 3081 3292 ἑρμηνεία
3126 3218 3499 3290 διευκρινήσει
3531 3218 3632 3288 τὴν
3666 3219 3725 3271 ὲν

2161 3322 2344 3383 αὐτοῖς
2380 3321 2642 3389 σύγχυσιν
2666 3334 2681 3349 ο
2722 3317 2871 3384 λέγει
2915 3314 3024 3384 γὰρ
3052 3316 3081 3368 ό
3113 3314 3257 3385 ἱερὸς
3289 3305 3445 3377 οὗτος
3495 3311 3729 3383 ποιητὴς

2159 3414 2252 3468 τὸν
2279 3411 2374 3467 τοῦ
2404 3410 2538 3464 θεοῦ
2568 3409 2739 3477 Λόγον
2780 3407 2942 3477 μόνον
2972 3406 3137 3461 αὐτὸν
3175 3408 3241 3459 ὲκ
3270 3405 3490 3460 πάντων
3532 3420 3729 3474 γεννη-

2163 3505 2323 3573 Θῆναι
2371 3501 2505 3554 υἱῶν
2541 3495 2677 3567 οἷον,
2728 3500 2899 3571 ἧγουν
2942 3496 3041 3551 ἕνα
3092 3496 3154 3563 ἐξ
3211 3498 3324 3550 οῐου
3358 3495 3564 3566 πατρὸς
3612 3497 3732 3566 ἤτοι

2163 3594 2530 3650 ἁσυνδυάστου
2564 3593 2658 3645 καὶ
2687 3590 2755 3644 δι’
2800 3590 2933 3643 αὐτὸ
2963 3589 3127 3661 μόνου
3155 3607 3169 3621 ·
3196 3590 3291 3643 καὶ
3322 3589 3471 3642 ἔστιν
3499 3589 3680 3658 ὅμοιος
3705 3590 3734 3641 ό

2161 3689 2344 3756 λόγος,
2370 3686 2444 3749 ὡς
2471 3687 2520 3739 εἰ
2541 3690 2636 3737 καί
2667 3700 2751 3747 τις
2792 3683 2900 3754 ἰδίᾳ
2934 3679 3193 3752 μονάζων
3225 3681 3351 3737 τινὰ
3377 3681 3502 3737 κατ’
3524 3681 3737 3750 ὲξαίρευ

2163 3797 2257 3833 τον
2282 3779 2379 3831 καὶ
2410 3777 2584 3832 ὀκνῶν
2614 3774 3069 3845 συνεπινοηθῆναι
3114 3772 3263 3845 αὐτῷ
3294 3776 3386 3828 καὶ
3416 3773 3623 3846 ἕτερον,
3657 3773 3738 3827 εἴ-

2166 3887 2257 3923 ποι
2289 3869 2371 3922 ὅτι
2422 3864 2531 3930 οἷος
2583 3866 2751 3936 ῆγουν
2781 3862 2862 3929 εἷς
2909 3862 3063 3927 οὗτος
3108 3865 3227 3918 τόδε
3276 3883 3330 3919 τι
3382 3865 3508 3936 ἔσχε
3544 3866 3739 3935 σεμνὸν

2170 3962 2330 4031 μόνος
2362 3960 2456 4011 καὶ
2485 3960 2545 4011 οὐ
2598 3957 2694 4010 σύν
2727 3975 2836 4012 τινι
2871 3958 3043 4029 ἑτέρῳ
3074 3974 3090 3990 σ
3121 3957 3263 4012 ὥστε
3315 3961 3412 4011 καὶ
3435 3961 3464 4012 ό
3499 3957 3740 4029 μελῳδὸς

2166 4052 2394 4122 τοιούτῳ
2422 4050 2566 4121 λόγῳ
2614 4050 2910 4104 συνεδύασε
2940 4051 3002 4105 τὸ
3055 4048 3167 4115 οἷος
3201 4052 3299 4105 καὶ
3343 4050 3407 4104 τὸ
3455 4050 3616 4120 μόνος
3647 4050 3742 4103 ἐπὶ

2166 4143 2263 4197 τοῦ
2296 4142 2425 4195 Υἱοῦ
2459 4141 2552 4195 τοῦ
2609 4141 2747 4195 Θεοῦ
2775 4158 2789 4172 ·
2826 4143 2900 4204 ὠς
2931 4138 3043 4194 οἷον
3070 4141 3241 4196 εἰπὼν
3270 4140 3353 4196 ὅτι
3400 4142 3561 4212 μόνος
3586 4133 3743 4203 οὗτος

2170 4236 2298 4299 Υἱὸς
2332 4236 2427 4288 καὶ
2472 4234 2645 4298 οὐδείς
2676 4249 2806 4287 ποτε
2860 4233 3099 4304 οὐδαμοῦ
3143 4233 3324 4301 ἄλλος,
3360 4228 3441 4297 εἷς
3495 4233 3622 4294 Υἱὸς
3652 4234 3748 4300 γέ-

2171 4343 2294 4395 γονε
2341 4326 2500 4396 μόνον
2544 4327 2827 4397 ἀγεννήτῳ
2866 4327 3119 4396 πατέρων
3158 4325 3335 4396 Πατρί
3358 4343 3373 4361 ο
3401 4326 3537 4378 νοῶν
3581 4327 3639 4376 ὲν
3665 4319 3746 4386 οἷς

2177 4420 2392 4489 γοργῶς
2437 4418 2654 4501 φράζει,
2690 4420 2775 4472 ὅτι
2804 4420 3114 4489 μονογενεῖς
3154 4419 3255 4488 μὲν
3295 4417 3483 4488 μυρίοι
3514 4417 3627 4479 τοῖς
3651 4416 3748 4469 αὐ-

2180 4511 2291 4565 τῶν
2317 4509 2570 4564 τοκεῦσιν
2593 4526 2608 4542 ο
2641 4506 2752 4575 οἷος
2799 4511 2856 4563 δὲ
2885 4510 3006 4582 ἦτοι
3055 4505 3133 4573 εἷς
3164 4510 3299 4575 υἱὸς,
3328 4510 3358 4563 ὃ
3395 4510 3514 4562 ἐστι
3568 4508 3750 4578 μόνος,

2181 4602 2379 4655 ταυτὸν
2406 4601 2452 4654 δ’
2477 4603 2652 4656 εἰπεῖν
2691 4604 3013 4673 μονογενὴς,
3044 4603 3101 4670 ἐξ
3140 4603 3253 4657 οἵου
3281 4601 3404 4673 ἦτοι
3437 4601 3556 4662 ἑνὸς
3588 4600 3749 4671 μόνου

2177 4693 2270 4747 τοῦ
2291 4695 2523 4766 Πατρός,
2556 4692 2732 4759 οὐδεὶς
2761 4695 2921 4761 ἄλλος
2950 4697 3032 4751 ὅτι
3056 4695 3135 4768 μὴ
3166 4695 3233 4751 σὺ
3269 4695 3604 4768 μονώτατος.

2250 4879 2362 4944 ιιηῆ
2401 4874 2596 4931 ’ἰστέον
2623 4874 2681 4929 δὲ
2718 4877 2795 4940 ὡς
2833 4876 2883 4929 εἰ
2913 4878 3008 4931 καὶ⁴
3035 4877 3157 4947 τρὶς
3190 4877 3251 4932 τὸ
3288 4872 3420 4943 οἷος,
3448 4876 3563 4948 ἢτὺ
3595 4878 3750 4947 μόνος

2179 4969 2239 5021 ὲν
2285 4966 2366 5038 τῷ
2411 4967 2589 5038 εἱρμῷ
2619 4968 2819 5032 ἔκειτο,
2868 4970 2902 5039 ἠ
2953 4969 3091 5040 αὐτὴ
3140 4968 3320 5024 ἔννοια
3359 4969 3602 5034 εὐσεϐῶς
3639 4965 3745 5041 εἶχε

2185 5060 2493 5124 σώζεσθαι·
2527 5062 2687 5130 μόνος
2708 5060 2820 5134 γὰρ
2860 5064 2888 5114 ό
2921 5062 3115 5133 Σωτὴρ
3150 5062 3229 5133 τῷ
3257 5064 3435 5136 Πατρὶ
3481 5065 3629 5134 μόνῳ
3660 5069 3752 5133 μό-

2181 5169 2271 5215 νος
2304 5153 2431 5217 Υἱὸς
2474 5156 2698 5221 γέγονεν
2719 5169 2734 5185 ⁸
2769 5154 2915 5209 οὕτω
2950 5156 3008 5210 δὲ
3050 5157 3145 5211 καὶ
3182 5155 3297 5222 οἷος
3346 5159 3511 5222 αὐτὸς
3552 5158 3616 5212 ὲκ
3648 5160 3753 5213 Πι-

2185 5245 2314 5313 τρὸς
2342 5245 2456 5298 οἴου
2487 5241 2599 5309 οῐος
2629 5247 2924 5319 προῆλθεν.
2968 5247 3026 5302 'O
3056 5250 3111 5303 δὲ
3139 5251 3376 5322 μελῳδὸς
3401 5251 3636 5323 διῴκησε
3661 5256 3752 5321 τὴν

2184 5339 2408 5405 φράσιν,
2459 5337 2698 5403 ἀλλάξας
2726 5339 2800 5403 ὡς
2842 5341 2901 5393 τὸ
2935 5341 3133 5411 μέτρον
3172 5343 3369 5398 ἐδίδου.
3410 5344 3531 5395 Ἔτι
3583 5344 3754 5397 ἰστέον

2184 5430 2278 5482 καὶ
2296 5430 2378 5482 ὅτι
2400 5431 2460 5482 τὸ
2485 5426 2596 5494 οἷος
2622 5432 2679 5499 ἐξ
2705 5434 2818 5488 οἵου
2844 5436 3003 5505 μόνος
3023 5438 3194 5505 Λόγος
3224 5437 3502 5509 προελθὼν
3529 5438 3755 5507 Πατρός,

2185 5521 2540 5591 ἀντίστροφον
2573 5524 2717 5577 εἴποι
2738 5544 2822 5589 τις
2843 5530 2909 5581 ἂν
2929 5530 3028 5582 οὐκ
3055 5531 3419 5598 ἀπροσφυῶς,
3447 5530 3625 5582 εἴτουν
3656 5531 3756 5601 ἰσότ

2188 5630 2420 5684 στροφον
2449 5616 2550 5687 τῷ,
2575 5618 2716 5670 Μόνε
2741 5623 3135 5691 μονογεννῆτορ
3162 5623 3482 5692 μονογενοῦς
3502 5622 3630 5675 Υὶοῦ
3658 5625 3757 5675 Πα-

2177 5711 2310 5775 τήρ.
2346 5708 2480 5778 Περὶ
2533 5710 2600 5762 τὰ
2628 5713 2766 5765 αὐτὰ
2806 5716 2912 5783 γὰρ
2954 5714 3013 5780 ἐξ
3070 5715 3185 5769 ἴσου
3234 5717 3556 5786 πρέφονται
3592 5715 3754 5785 ἄμφω
