4050 6484
340 352 452 418 613

1169 346 1254 408 IN
1293 347 1638 408 HYMNUM
1681 347 2341 409 PEN’TECOSTALEM
2367 346 2838 408 DAMASCENI.

3519 347 3633 414 6H.

336 474 591 542 νοήματα
620 485 636 502 ο
661 470 708 522 εἰ
744 469 837 523 καὶ
867 469 1042 522 ἐκεῖνο
1073 467 1171 536 μὲν
1209 466 1274 518 ἐκ
1303 465 1395 518 τοῦ
1447 468 1660 538 Πατρδς
1695 466 1931 537 ἀρξάμε-

2040 477 2128 520 tur
2190 467 2365 520 amba:
2419 467 2720 528 sementim,
2757 467 2882 519 licet
2945 465 3058 519 hmc
3099 481 3126 520 a
3170 463 3330 520 Patre
3360 465 3630 536 incipiens

335 581 430 616 νον
454 561 531 624 ὡς
576 562 738 632 μόνου
768 558 1229 629 μονογεννήτορος
1261 558 1341 618 εἰς
1370 555 1462 609 τδν
1511 557 1780 626 μονογενῆ
1828 573 1920 606 κα-

338 655 562 725 τέληξεν
618 653 768 706 Υίόν.
829 651 999 704 Ὶόὓτο
1058 652 1112 704 δὲ
1172 650 1482 704 ἀνάπαλινο
1546 647 1806 718 διάφορον
1865 646 1922 699 δὲ

337 749 568 818 ἀμφοῖν,
599 745 825 798 ὅτιέκεῖ
856 744 957 813 μὲν
989 745 1286 812 ἐξήρκεσεν
1316 743 1573 813 ἀσφαλῶς
1613 739 1922 812 τριπλωθὲν

339 844 403 893 τὸ
455 841 654 909 μόνος,
713 835 947 888 ἐνταῦθα
981 835 1038 887 δὲ
1094 834 1242 899 ἅπαξ
1284 837 1414 888 αὐτὸ
1469 835 1670 906 ἐρρέθη
1723 835 1794 895 ὡς
1829 830 1922 884 τοῦ

340 925 454 992 οἶος
484 931 551 997 τῇ
590 925 849 980 διπλώσει
885 926 974 977 τὸν
1019 925 1228 977 ἐκείνου
1280 926 1446 978 τόπον
1489 924 1922 995 ἁναπληρώσανο

341 1039 432 1084 τος
457 1037 471 1050 ·
502 1021 584 1073 ὃτι
619 1019 674 1072 δὲ
710 1017 961 1087 ψιλοῦται
995 1017 1176 1078 καλῶς
1223 1017 1284 1070 τὸ
1313 1013 1422 1080 οἷος
1457 1019 1485 1071 6
1523 1019 1702 1086 μόνος,
1739 1034 1923 1086 παρα-

340 1114 578 1168 διδόασιν
615 1113 664 1164 οἱ
699 1111 923 1164 παλαιοί
967 1110 1218 1177 λέγοντες
1247 1111 1322 1173 ὠς
1353 1112 1416 1163 ἐκ
1463 1111 1557 1162 τοῦ
1589 1111 1668 1174 ῐος
1697 1111 1919 1180 ἀρσενι-
1943 1184 1961 1202 ⁸

341 1211 438 1261 κον
467 1207 566 1276 μὲν
591 1209 752 1274 γένος
786 1207 847 1258 οὐ
877 1205 1260 1276 παρελάϐομεν
1287 1222 1300 1236 ·
1327 1205 1562 1275 Θηλυκὸν
1590 1205 1648 1258 δὲ
1683 1203 1916 1275 εὕρηται

341 1301 397 1354 ἴα
437 1303 470 1370 ή
505 1302 601 1370 μία
635 1315 649 1330 ⁶
690 1298 943 1368 φαίνεται
994 1299 1050 1351 δὲ
1080 1299 1176 1352 καὶ
1224 1299 1510 1368 οὐδέτερον
1567 1296 1734 1351 αὑτοῦ
1774 1295 1918 1351 εἶναι

340 1395 421 1446 ῐον
455 1392 515 1444 τὸ
553 1393 631 1455 ἓν,
663 1392 807 1446 κατὰ
835 1392 925 1445 τὸν
975 1391 1199 1443 εἰπόντα
1237 1393 1418 1443 θανεῖν
1449 1407 1602 1453 τινας
1644 1390 1709 1460 ίῷ
1743 1391 1918 1461 ἤματι

337 1489 373 1558 ἢ
407 1487 482 1549 ὡς
515 1484 633 1538 ὲνίο
681 1484 708 1536 δ
758 1481 1177 1554 περισπώμενον
1225 1484 1650 1553 καταφευξεῖται
1695 1485 1774 1546 εἰς
1815 1483 1916 1553 τὴν

337 1579 638 1648 ἀναλογίαν
670 1579 764 1632 τοῦ
810 1577 1070 1646 θηλυκοῦ.
1105 1577 1316 1647 Ὥσπερ
1347 1579 1458 1647 γὰρ
1504 1577 1559 1628 ἴα
1617 1577 1716 1645 μὲν
1753 1575 1921 1646 βαρυ-

337 1675 530 1736 τόνως,
561 1674 597 1742 ἠ
630 1671 687 1725 δὲ
711 1673 904 1740 γενικὴ
941 1671 1025 1733 id;
1058 1671 1497 1740 περισπωμένως
1528 1671 1604 1733 ὡς
1639 1669 1737 1740 μία
1765 1669 1917 1739 μιᾶς,

336 1764 482 1819 οὕτω
535 1765 630 1819 καὶ
671 1764 753 1818 Iov
789 1765 887 1832 μὲν
923 1764 984 1816 τὸ
1033 1763 1094 1816 ἓν
1144 1763 1288 1817 κατὰ
1319 1763 1706 1835 βαρυτόνησιν,
1751 1763 1835 1817 ἰοῦ
1862 1765 1919 1818 δὲ

338 1861 434 1912 καὶ
466 1856 532 1928 ἰῷ
568 1857 710 1928 μετὰ
736 1856 1193 1928 περισπωμένης,
1228 1856 1286 1909 αἰ
1325 1855 1570 1926 πλάγιοι.

409 2035 515 2103 ιιον.
566 2034 833 2090 Ἀναίτιον
855 2031 913 2087 δὲ
943 2032 1163 2104 Πατέρα
1185 2030 1279 2087 τὸν
1311 2034 1612 2105 ἀγέννητον
1645 2035 1814 2104 λέγει,
1842 2036 1920 2099 ὡς

341 2129 418 2201 μὴ
454 2126 745 2197 γενόμενον
791 2128 889 2178 καὶ
919 2125 1082 2179 αὐτὸν
1132 2126 1377 2180 αἰτιατδν
1428 2127 1484 2180 ἐν
1517 2126 1595 2197 τῷ
1631 2131 1783 2198 σχεῖν
1814 2146 1922 2182 πα-

335 2221 472 2291 τέρα
502 2219 677 2274 αῐτιον
727 2218 830 2286 τῆς
867 2215 1034 2269 αὑτοῦ
1069 2215 1340 2284 γενέσεως
1386 2217 1529 2272 κατὰ
1571 2217 1697 2283 τοὺς
1735 2222 1794 2272 ὲν
1841 2218 1921 2287 τῷ

337 2314 553 2381 κόσμῳ.
589 2312 681 2365 Διὸ
722 2310 885 2372 αὐτὸς
918 2309 1017 2378 μὲν
1045 2309 1219 2372 αἴτιός
1262 2311 1414 2364 ἐστιν
1449 2310 1524 2373 ὡς
1561 2311 1754 2383 Πατὴρ
1786 2311 1918 2365 Υίοῦ

337 2402 582 2458 αἰτιατοῦ
629 2406 769 2459 κατὰ
819 2405 981 2473 μόνον
1013 2403 1074 2457 τὸ
1109 2403 1467 2474 γεννηθῆναι.
1499 2404 1692 2467 Ἀλλος
1739 2404 1798 2456 δέ
1833 2421 1921 2467 τις

336 2497 437 2547 οὑκ
463 2495 610 2548 ἔστιν
638 2494 802 2549 αὑτοῦ
840 2495 905 2566 δὴ
929 2493 1021 2548 τοῦ
1053 2494 1268 2566 Πατρὸς
1293 2494 1467 2559 αἴτιος
1485 2511 1499 2526 '
1532 2496 1732 2548 οὐκοῦν
1759 2495 1916 2550 ἀναί-

337 2604 453 2651 τιος
489 2590 517 2641 6
573 2587 762 2657 Πατὴρ
796 2587 1018 2654 λέγεται
1073 2590 1228 2657 παρὰ
1275 2587 1336 2640 τὸ
1379 2588 1456 2657 μὴ
1496 2587 1645 2658 ἔχειν
1695 2588 1917 2659 Πατέρα

337 2679 513 2732 αἴτιον
561 2677 658 2731 τοῦ
698 2673 842 2731 εἶναι
874 2676 1086 2732 τοῦτον.
1120 2677 1242 2730 ’Ότι
1281 2676 1338 2730 δὲ
1389 2678 1452 2731 τὸ
1487 2679 1587 2747 μὲν
1636 2679 1813 2732 αῐτιον
1841 2677 1918 2748 τῷ

337 2773 514 2842 Πατρὶ
568 2771 1000 2842 προσαρμόττει,
1041 2773 1103 2825 τὸ
1143 2771 1201 2824 δὲ
1241 2770 1487 2826 αίτιατὸν
1525 2769 1604 2841 τῷ
1649 2769 1786 2840 Υίῷ,
1820 2788 1920 2823 πα-

340 2866 628 2937 ραδέδοται
659 2867 754 2918 καὶ
799 2864 1130 2934 θεολογικῶς
1153 2881 1168 2894 ο
1201 2865 1510 2933 σημείωσαι
1543 2862 1600 2916 δὲ
1649 2864 1732 2918 ὅτι
1765 2861 1917 2932 ὀμώ-

336 2975 508 3027 νυμος
556 2957 702 3024 λέξις
733 2959 762 3010 6
794 2957 1060 3022 ἀναίτιος,
1089 2958 1117 3009 6
1146 2956 1220 3024 μὴ
1251 2954 1392 3024 ἔχων
1436 2953 1638 3020 αἰτίαν,
1666 2954 1698 3024 ἢ
1730 2953 1808 3017 ὡς
1836 2954 1913 3024 μὴ

335 3049 694 3119 ὑποκείμενος
731 3047 1046 3116 αἰτιάματι,
1086 3048 1114 3101 ὅ
1162 3050 1278 3100 ἐστι
1311 3049 1500 3117 μομφῇ
1541 3064 1670 3113 τινι,
1707 3047 1768 3112 ὃς
1819 3047 1916 3101 καὶ

333 3141 435 3195 οὐκ
481 3141 654 3204 αἴτιος
697 3139 938 3207 λέγεται,
973 3141 1050 3202 ὡς
1075 3139 1157 3203 τὸ,
1195 3137 1334 3192 Οὔτι
1361 3155 1463 3207 μοι
1512 3138 1671 3206 αἰτίη
1722 3137 1868 3191 ἐσσί
1897 3152 1912 3168 ο

333 3232 367 3303 ῆ
399 3231 474 3294 ὡς
501 3232 599 3301 οὐχ
647 3231 916 3302 ὑπάρχεις
953 3246 1044 3299 μοι
1098 3228 1377 3298 μεμπτὲα,
1425 3227 1548 3282 οὐδὲ
1587 3230 1696 3300 ἔχω
1730 3229 1912 3284 αἰτιά-

335 3324 532 3376 σασθαί
585 3338 687 3375 σε·
747 3322 843 3376 καὶ
897 3320 1054 3373 τοῦτο
1113 3319 1212 3389 μὲν
1261 3319 1318 3372 ἒν
1357 3320 1761 3391 σημαινόμενον
1817 3321 1912 3375 τοῦ

335 3417 616 3478 ἀναίτιοςο
682 3413 858 3478 ἄλλως
906 3413 962 3466 δὲ
1012 3413 1323 3482 φιλοσόφως
1379 3413 1625 3474 ἀναίτιος
1675 3413 1912 3468 ἐνταῦθα

334 3506 548 3577 Πατὴρ,
594 3509 622 3560 ὁ
657 3507 732 3578 μὴ
787 3506 928 3576 ἔχων
980 3506 1153 3560 αῐτιον
1187 3505 1496 3576 γεννήσεως
1544 3509 1643 3574 τῆς
1691 3506 1909 3570 ἑαυτοῦ,

333 3597 451 3652 ἀλλ’
481 3598 644 3660 αὐτὸς
666 3598 868 3668 δηλαδὴ
895 3597 1068 3660 αἴτιος
1089 3597 1396 3668 γεννήσεως
1421 3595 1516 3650 τοῦ
1548 3596 1698 3664 Υἱοΰ,
1733 3600 1913 3652 αἰτια-

334 3689 429 3744 τοῦ
459 3690 660 3762 δηλαδὴ
715 3689 883 3768 αὑτοῦ
941 3689 1124 3753 ὄντοςο
1169 3690 1229 3741 τὸ
1285 3690 1392 3760 γὰρ
1441 3690 1615 3744 αἴτιον
1647 3692 1735 3744 ἀεὶ
1774 3691 1911 3761 πρὸς

337 3782 580 3835 αἰτιατὸν
608 3769 848 3850 λέγεται,
887 3782 961 3845 ὡς
989 3783 1085 3835 καὶ
1115 3781 1360 3834 αἰτιατὸν
1407 3782 1544 3852 πρὸς
1570 3781 1743 3836 αίτιον
1773 3798 1788 3814 ο
1815 3783 1909 3836 καὶ

331 3875 422 3930 ἀεὶ
447 3875 620 3938 αῐτιος
659 3875 758 3944 μὲν
791 3873 820 3926 6
846 3874 1037 3946 Πατὴρ
1065 3875 1201 3945 πρὸς
1252 3875 1404 3940 Υἱὺν,
1436 3875 1678 3938 αἰτιατὸς
1723 3876 1780 3929 δὲ
1811 3877 1908 3929 a6-

329 3967 420 4032 τὸς
450 3967 588 4037 πρὸς
629 3969 849 4038 Πατέρα
875 3983 890 3998 °
924 3969 1020 4022 καὶ
1068 3968 1212 4022 οὕτω
1261 3970 1362 4037 μὲν
1399 3971 1708 4039 σεμνότατα
1737 3973 1764 4024 6
1799 3972 1908 4024 Πα-

327 4059 435 4129 τὴρ
465 4059 593 4122 Θεὸς
620 4059 862 4123 ἀναίτιος
886 4058 1106 4129 λέγεται
1131 4077 1145 4092 ο
1175 4061 1354 4124 ἄλλως
1386 4061 1444 4114 δὲ
1477 4063 1618 4116 κατά
1646 4063 1746 4135 τὴν
1786 4081 1908 4116 κοι-

332 4147 432 4218 νὴν
489 4150 769 4220 σημασίαν
820 4152 996 4204 εἰπεῖν
1059 4150 1224 4204 αὑτὸν
1288 4152 1532 4206 ἀναίτιον
1595 4153 1905 4218 ἰδιωτικῶς,

331 4239 529 4312 ἀληθὲς
556 4241 658 4309 μέν
689 4242 862 4308 ἔστιν,
901 4243 963 4295 οὐ
997 4244 1136 4297 πάνυ
1180 4244 1236 4296 δὲ
1272 4245 1492 4314 σεμνόν.
1527 4245 1593 4298 Τί
1630 4246 1739 4316 γὰρ
1772 4245 1908 4317 ὑψη-

329 4333 421 4386 λὸν
451 4334 693 4387 ἀναίτιον
731 4334 901 4405 ἤγουν
929 4334 1135 4405 ᾶψογον
1158 4338 1254 4388 καὶ
1278 4337 1576 4405 ἄμεμπτον
1609 4339 1789 4391 εἰπεῖν
1815 4339 1907 4392 τὸν

331 4425 486 4492 Θεὸν,
517 4427 612 4479 καὶ
632 4427 726 4480 ἐπὶ
751 4425 880 4496 ποίᾳ
921 4429 1193 4493 cludant;
1231 4427 1370 4498 ὅπερ
1399 4429 1524 4483 οὐδὲ
1567 4429 1778 4496 ἔνδοξος
1812 4430 1909 4485 ἇν-

2036 569 2296 627 tanquam
2359 560 2476 612 solo
2518 559 2864 625 uuigcnitorc
2910 560 2973 612 ad
3027 558 3222 612 Filium
3285 559 3623 626 unigenitum

2035 639 2270 712 desinat,
2296 651 2382 703 illa
2419 667 2544 705 vero
2569 667 2596 704 ε
2630 653 2928 705 centu-ario.
2955 652 3238 704 Ambobus
3285 659 3466 704 autem
3507 651 3625 704 dis-

2037 744 2337 810 crepantia,
2387 745 2528 808 quod
2585 745 2670 796 hic
2705 745 2923 798 suﬂ‘ecit
2972 744 3238 812 triplicata
3268 761 3371 798 vux
3428 747 3626 813 μόνος,

2039 835 2154 889 illic
2214 852 2343 889 vero
2399 837 2565 889 semel
2630 837 2775 889 dicta
2817 835 2941 896 fuit,
3008 846 3267 906 tanquam
3325 854 3454 889 voce
3511 835 3624 896 οἷος

2041 928 2316 998 duplicata
2347 929 2524 982 loeum
2556 930 2716 994 hujus
2761 928 3038 996 implente.
3068 930 3221 994 Quod
3283 940 3465 982 autem
3531 946 3615 982 rc-

2036 1030 2121 1075 cte
2154 1021 2346 1088 spiritu
2379 1021 2522 1073 tenui
2561 1018 2911 1081 noteturoio;
2944 1020 3137 1089 (εοίυε)
3201 1021 3427 1075 tradunt
3485 1022 3625 1074 anti-

2040 1113 2157 1181 qui,
2185 1112 2426 1166 dicentes
2462 1127 2560 1165 nos
2593 1129 2654 1166 ex
2693 1113 2786 1177 ίος
2841 1128 3014 1183 genus
3071 1113 3294 1180 quidem
3363 1115 3623 1168 maseuli-

2037 1219 2168 1257 num
2220 1218 2328 1256 non
2379 1203 2675 1272 accepisse,
2726 1205 2816 1258 sed
2874 1204 3198 1258 femininum
3257 1205 3489 1260 inveniri
3556 1204 3620 1260 τα

2037 1295 2220 1364 (sola).
2261 1294 2486 1350 Videtur
2535 1306 2713 1350 autem
2755 1297 2916 1351 etiam
2981 1297 3157 1364 ipsius
3193 1307 3442 1352 neutrum
3501 1313 3622 1353 esse

2038 1386 2135 1440 ἴον
2168 1388 2406 1458 (unum),
2477 1390 2778 1443 secundum
2843 1393 3115 1444 dicentem
3176 1390 3442 1461 quosdam
3495 1404 3619 1444 esse

2038 1488 2283 1534 mortuos
2334 1480 2395 1550 ἰῷ
2426 1481 2533 1534 telo
2579 1495 2674 1535 seu
2713 1492 2971 1550 tanquam
3006 1497 3146 1545 uno;
3177 1482 3319 1550 quod
3376 1480 3616 1536 circum-

2033 1568 2232 1625 ﬂexum
2295 1571 2542 1642 aufugiet
2601 1573 2668 1627 ad
2733 1573 3040 1644 analogiam
3095 1571 3342 1628 feminini
3399 1591 3413 1628 :
3475 1573 3617 1627 sicut

2035 1664 2181 1718 enim
2234 1666 2290 1718 ἰα
2321 1664 2540 1735 quidem
2599 1667 2748 1736 gravi
2804 1677 2934 1721 tono
2968 1675 3072 1731 est,
3109 1667 3383 1737 genitivus
3433 1676 3613 1722 autem

2033 1755 2410 1820 circumﬂexo,
2449 1768 2706 1828 tanquam
2750 1758 2849 1829 μία
2874 1760 3046 1828 pitag;
3083 1760 3161 1814 sic
3185 1759 3348 1814 etiam
3381 1759 3461 1812 τον
3494 1758 3617 1828 qui-

2027 1848 2150 1903 dem
2208 1847 2448 1918 (unum),
2505 1851 2610 1904 erit
2647 1867 2771 1906 cum
2806 1851 2955 1921 gravi
3020 1863 3170 1916 tono,
3208 1865 3373 1907 casus
3431 1858 3612 1905 autem

2027 1941 2234 2010 obliqui
2266 1941 2345 1994 [οὗ
2381 1951 2438 1997 et
2474 1941 2537 2013 ἰῷ
2564 1958 2688 1998 cum
2719 1941 3092 2000 circumﬂexo.

2095 2034 2184 2087 99.
2217 2033 2483 2088 Ἀναίτιον
2531 2049 2657 2088 vero
2712 2034 2927 2090 Patrem
2978 2035 3282 2105 ingenitum
3316 2036 3470 2099 dicit,
3502 2052 3610 2090 non

2024 2137 2245 2179 causam
2279 2124 2456 2195 ipsum
2487 2135 2870 2196 agnoscentem
2910 2126 2962 2180 in
3002 2126 3252 2182 habendo
3310 2137 3464 2198 patre
3495 2143 3610 2184 suae

2026 2216 2397 2285 generationis
2424 2231 2614 2283 causa,
2649 2218 2950 2272 secundum
2980 2232 3077 2272 eos
3105 2219 3196 2287 qui
3231 2230 3357 2274 sunt
3379 2219 3432 2272 in
3453 2234 3611 2272 mun-

2024 2307 2113 2361 do.
2154 2305 2282 2361 Ideo
2307 2307 2424 2376 ipse
2453 2308 2674 2378 quidem
2712 2320 2982 2365 estcausa
3025 2308 3264 2364 utPater
3296 2309 3422 2365 Filii
3475 2325 3610 2365 cau-

2023 2413 2139 2455 sam
2171 2399 2422 2454 habentis
2456 2401 2511 2454 in
2557 2400 2674 2456 solo
2729 2400 3098 2470 generationis
3155 2410 3401 2471 puncto;
3467 2402 3610 2456 alius

2026 2501 2206 2546 autem
2242 2492 2364 2559 quis
2407 2508 2514 2547 non
2573 2502 2658 2548 est
2686 2492 2868 2548 Patris
2897 2494 3248 2563 principium.
3289 2493 3472 2565 Itaque
3501 2493 3608 2549 Pa~

2023 2593 2106 2640 ter
2142 2584 2268 2640 ideo
2297 2585 2500 2640 dicitur
2519 2587 2782 2651 ἀναίτιος,
2819 2597 3090 2658 quatenus
3143 2588 3259 2657 ipse
3287 2603 3393 2642 non
3444 2589 3608 2643 habet

2020 2685 2230 2746 patrem
2255 2690 2368 2731 suae
2395 2676 2696 2732 existentiae
2725 2693 2970 2733 causam.
2997 2677 3155 2744 Quod
3216 2688 3393 2732 autem
3424 2694 3592 2752 causa

2024 2763 2168 2822 Patri
2193 2765 2504 2828 conveniat,
2563 2776 2852 2820 causatum
2909 2783 3036 2822 vero
3090 2766 3248 2830 Filio,
3302 2768 3604 2839 theologice

2022 2856 2279 2910 traditum
2301 2865 2408 2910 est.
2439 2855 2745 2912 Notandum
2779 2867 2862 2914 est
2894 2868 3074 2913 autem
3103 2858 3399 2914 dictionem
3432 2859 3607 2916 ἀναί-

2021 2963 2146 3011 τιος
2175 2945 2288 3015 (qui
2350 2963 2458 3000 non
2495 2947 2656 3000 habet
2706 2947 2974 3018 causam),
3011 2963 3132 3003 esse
3194 2948 3603 3019 homonymam,

2021 3035 2138 3090 sive
2163 3037 2304 3104 quod
2341 3037 2444 3092 iste
2485 3053 2589 3090 non
2621 3037 2907 3105 subiaceat
2930 3055 3132 3105 causae,
3163 3040 3217 3094 id
3241 3049 3344 3108 est,
3377 3042 3596 3096 cuidam

2021 3127 2412 3195 criminationi,
2443 3137 2497 3182 et
2520 3129 2720 3184 dicitur
2747 3131 2846 3184 οὐκ
2897 3130 3088 3195 αἴτιος,
3127 3143 3202 3187 -ut
3238 3134 3380 3188 istud
3417 3150 3432 3186 :
3469 3135 3603 3188 nihil

2019 3220 2146 3273 mihi
2177 3236 2339 3274 causa
2362 3229 2439 3274 est
2459 3261 2474 3286 ,
2536 3223 2651 3277 sive
2680 3222 2824 3290 quod
2853 3223 3101 3278 dicatur:
3134 3223 3215 3277 Tu
3241 3227 3373 3279 mihi
3405 3227 3596 3280 crin-i-

2016 3314 2194 3365 nanda
2217 3327 2324 3364 nou
2381 3327 2463 3376 es,
2524 3328 2623 3366 nec
2671 3327 2771 3382 ego
2841 3322 2890 3368 te
2951 3327 3210 3370 accusare
3259 3315 3490 3370 habeo:
3547 3327 3600 3370 ct

2020 3405 2122 3458 hoc
2169 3405 2388 3473 quidem
2424 3412 2507 3459 est
2542 3421 2713 3459 unum
2747 3406 2898 3462 vocis
2927 3407 3166 3471 ἀναίτιος
3203 3408 3595 3478 significatum;

2015 3497 2171 3553 aliter
2200 3508 2379 3553 autem
2405 3498 2491 3552 hic
2515 3499 2891 3568 philosophice
2917 3500 3120 3554 dicitur
3141 3501 3386 3564 ἀναίτιος
3415 3503 3596 3569 Pater,

2016 3588 2107 3658 qui
2133 3603 2238 3642 non
2273 3589 2434 3642 habet
2463 3605 2575 3643 sua:
2626 3591 2997 3658 generationis
3047 3606 3294 3658 causam,
3328 3594 3422 3648 sed
3480 3595 3596 3663 ipse

2018 3695 2152 3735 sane
2185 3696 2348 3736 causa
2410 3689 2493 3736 est
2549 3683 2919 3750 generationis
2961 3681 3355 3742 Filii.causam
3413 3685 3591 3754 reipsa

2013 3769 2284 3825 habentis.
2334 3770 2536 3824 Αἴτιον
2572 3776 2718 3827 enim
2749 3786 2964 3842 semper
3001 3773 3067 3828 ad
3109 3776 3376 3830 αἰτιατόν
3407 3778 3585 3832 refer-

2015 3868 2124 3928 tur,
2159 3861 2304 3916 velut
2345 3861 2576 3917 aliectus
2632 3863 2698 3916 ad
2745 3877 3010 3931 causam;
3069 3875 3120 3920 et
3176 3882 3391 3936 semper
3423 3883 3589 3925 causa

2011 3952 2173 4009 Pater
2199 3965 2282 4009 est
2312 3955 2491 4024 quoad
2525 3953 2744 4021 Filium,
2779 3963 3037 4012 causatus
3061 3965 3241 4012 autem
3271 3959 3359 4013 hic
3405 3965 3583 4028 quoad

2011 4046 2252 4105 Patrem.
2283 4046 2350 4102 Et
2387 4049 2461 4102 ita
2491 4048 2710 4117 quidem
2742 4048 3041 4105 honoriﬁce
3075 4050 3218 4107 Deus
3252 4050 3408 4108 Pater
3434 4056 3590 4109 ἀναί-

2009 4158 2123 4204 τιος
2153 4141 2375 4195 dicitur.
2405 4139 2558 4197 Alias
2592 4149 2796 4208 autem,
2824 4142 2979 4212 juxta
3010 4157 3358 4201 communem
3420 4147 3589 4218 signi-

2010 4231 2341 4296 ﬁcationem,
2372 4233 2550 4304 ipsum
2583 4234 2833 4304 privatim
2862 4235 3138 4292 ἀναίτιον
3159 4238 3361 4306 dicere,
3391 4256 3582 4298 verum

2009 4324 2230 4394 quidem
2262 4335 2366 4392 est,
2407 4341 2514 4380 non
2537 4338 2719 4382 autem
2753 4329 2982 4384 multum
3041 4330 3387 4390 honorabile.
3442 4335 3584 4401 Qllld

2008 4415 2153 4471 enim
2185 4417 2416 4472 sublime
2443 4419 2706 4483 ἀναίτιον,
2739 4421 2852 4475 sive
2876 4421 3170 4488 insontem,
3202 4425 3317 4480 sive
3351 4426 3579 4496 irreprc-

331 4515 551 4588 θρωπος
571 4517 814 4582 ἀκούσας
836 4518 977 4590 ὑπὲρ
1000 4518 1220 4588 ἑαυτοῦ,
1249 4519 1574 4587 ἀποδέξαιτο
1593 4522 1660 4578 ἂν
1679 4525 1736 4586 ὲς
1762 4523 1903 4577 λίαν.

2020 4510 2262 4574 liensum,
2299 4511 2479 4565 dicere
2517 4509 2708 4579 Deum,
2743 4521 2797 4568 et
2821 4527 2992 4582 super
3024 4529 3189 4584 quam
3239 4516 3586 4572 criminatio-

401 4783 470 4856 ρ’.
514 4785 713 4840 Ἰστέον
741 4784 800 4840 δὲ
833 4785 916 4839 ὅτι
961 4801 1023 4838 τε
1051 4786 1112 4839 οὐ
1154 4786 1352 4842 ταυτὸν
1402 4789 1647 4853 αίτιατὺς
1684 4791 1779 4844 καί
1825 4792 1910 4846 αἰ-

323 4876 564 4942 τιατέος,
595 4875 734 4930 ἀλλὰ
764 4877 793 4929 6
827 4877 927 4946 μὲν
975 4876 1220 4941 αἰτιατὸς
1247 4878 1430 4949 ἀγαθὴ
1479 4879 1647 4946 λέξις,
1673 4881 1702 4933 6
1725 4880 1782 4934 δὲ
1817 4883 1908 4936 al-

325 4971 542 5034 τιατέος
608 4969 873 5038 ἐπίψογος
903 4985 918 5001 ο
957 4970 1053 5023 καὶ
1105 4971 1190 5024 ὅτι
1227 4971 1276 5024 εἰ
1314 4972 1564 5035 ἀναίτιος
1610 4975 1846 5027 ἐνταῦθα
1875 4975 1905 5027 6

326 5062 536 5132 Πατὴρ,
569 5063 714 5118 καθά
736 5062 975 5132 εἴρηται,
1010 5063 1146 5116 ἀλλὰ
1171 5063 1372 5134 τρόπον
1403 5064 1564 5120 ἄλλον
1587 5065 1760 5130 αἴτιός
1789 5069 1905 5120 ἐστι

325 5155 547 5210 ⁴ιιςάντων
601 5155 712 5208 τῶν
744 5155 938 5219 ὄντων,
979 5155 1075 5208 καὶ
1124 5155 1289 5209 αὑτὸν
1342 5157 1648 5227 αἰτιώμεθα
1701 5161 1905 5222 παντὸς

326 5246 518 5312 καλοῦ,
554 5247 673 5316 ήτοι
717 5249 892 5300 αῐτιον
925 5247 1188 5318 κρίνομεν
1237 5249 1459 5301 πάντων
1498 5251 1606 5303 τῶν
1651 5249 1898 5318 ἀγαθῶν.

322 5341 528 5408 Μηδεὶς
563 5339 620 5393 δὲ
661 5339 875 5403 παίζων
898 5340 1110 5409 λεγέτω
1139 5340 1236 5393 καὶ
1271 5341 1330 5392 τὸ
1372 5341 1447 5411 μὴ
1479 5340 1542 5394 ὃν
1569 5344 1664 5396 καὶ
1701 5343 1763 5394 τὸ
1805 5360 1904 5413 μη-

321 5431 408 5485 δὲν
435 5431 656 5487 ἀναίτια
710 5427 874 5496 εἶναι,
902 5431 974 5494 ὡς
1010 5431 1086 5502 μὴ
1134 5431 1286 5496 ὄντος
1319 5433 1462 5496 τινὸς
1491 5435 1666 5486 αἰτίου
1693 5435 1898 5491 αὐτῶν.

321 5522 395 5576 Τὸ
442 5523 542 5592 μὲν
568 5523 678 5593 γὰρ
734 5523 908 5577 αττιον
957 5523 1109 5584 ὄντος
1156 5524 1301 5587 τινὸς
1349 5526 1544 5593 αἰτιον,
1594 5529 1708 5580 εἴτε
1741 5527 1899 5580 οὐσία

320 5614 497 5667 ἐκεῖνο
535 5614 594 5666 τὸ
623 5612 686 5666 ὃν
723 5613 834 5666 εἴτε
869 5613 1217 5682 συμϐεϐηκός
1243 5630 1258 5646 ⁸
1289 5614 1353 5667 τὸ
1391 5615 1448 5668 δὲ
1490 5617 1565 5685 μὴ
1603 5614 1682 5679 ὃν,
1719 5617 1899 5671 καὶτὸ

323 5705 510 5774 μηδὲν,
545 5707 706 5775 οὐσίᾳ
738 5705 814 5776 μὴ
865 5706 1016 5769 ὅντα,
1048 5704 1237 5775 ὥσπερ
1287 5706 1347 5759 οὐ
1388 5709 1448 5758 τὸ
1478 5705 1676 5774 αἴτιον,
1725 5708 1898 5771 οὕτως

2014 4617 2136 4656 nem
2162 4601 2185 4655 Υ
2207 4599 2362 4669 Quod
2396 4617 2495 4657 nec
2525 4603 2755 4661 illustris
2779 4606 2942 4661 homo
2970 4607 3037 4662 de
3059 4622 3117 4662 se
3144 4607 3324 4663 taliter
3353 4610 3584 4667 aUdiL'IIS

2012 4694 2068 4747 in
2101 4708 2356 4763 magnum
2387 4705 2680 4766 accnperet.

2082 4784 2206 4840 100.
2235 4786 2375 4840 Nota
2406 4796 2586 4842 autem
2621 4789 2762 4843 idem
2817 4805 2924 4846 non
2979 4807 3103 4847 esse
3133 4793 3382 4859 αἰτιατὸς
3407 4805 3464 4850 et
3496 4799 3583 4850 αὶ-

2009 4878 2248 4943 τιατέος,
2289 4878 2387 4933 scd
2427 4881 2696 4947 αἰτιατὸς
2728 4894 2922 4937 bonam
2955 4899 3080 4940 esse
3112 4885 3463 4955 locutionem,
3492 4891 3584 4944 at-

2008 4970 2243 5036 τιατέος
2293 4973 2726 5040 vituperabilem.
2761 4975 2994 5046 Insuper
3050 4980 3096 5032 si
3152 4979 3316 5035 Pater
3365 4982 3454 5038 hic
3496 4994 3578 5039 est

2008 5061 2336 5128 ἀναίτιος,υι
2371 5063 2472 5116 fuit
2505 5064 2731 5133 dictum,
2761 5077 2817 5121 at
2850 5069 2958 5122 alio
2985 5071 3142 5124 modo
3172 5071 3440 5126 bonorum
3466 5091 3580 5126 om-

2007 5155 2159 5208 nium
2196 5161 2280 5208 est
2332 5157 2508 5217 αἴτιος
2541 5171 2638 5210 seu
2676 5172 2864 5222 causa,
2929 5160 3220 5231 ipsumque
3290 5163 3580 5234 cujuslibet

2009 5246 2136 5300 boni
2174 5243 2410 5302 facimus
2447 5255 2754 5314 auctorem,
2790 5249 2903 5304 sive
2951 5266 3175 5306 causam
3209 5258 3452 5309 omnium
3480 5258 3577 5311 bo-

2005 5352 2200 5392 norum
2229 5337 2562 5408 judicamus.
2597 5336 2768 5394 Nemo
2792 5355 2919 5396 vero
2950 5343 3140 5400 ludens
3171 5345 3318 5401 dicat
3351 5349 3403 5402 id
3435 5355 3578 5419 quod

2005 5447 2113 5488 non
2151 5440 2234 5486 est
2267 5442 2321 5486 et
2359 5432 2410 5486 id
2441 5433 2586 5502 quod
2650 5444 2734 5489 est
2798 5435 2956 5501 nihil,
3005 5438 3222 5494 ἀναίτια
3264 5456 3404 5504 esse,
3440 5459 3579 5511 qua-

2006 5532 2159 5577 tenus
2186 5523 2430 5592 ipsorum
2457 5541 2561 5579 non
2587 5535 2670 5580 est
2686 5527 2885 5597 aliquis
2909 5537 3130 5594 auctor;
3158 5531 3305 5599 quod
3331 5535 3476 5588 enim
3496 5546 3582 5590 cst

2003 5617 2200 5680 αἴτιον,
2243 5631 2367 5672 cum
2399 5618 2471 5673 sit
2509 5619 2746 5688 alicujus
2779 5621 2924 5675 entis
2985 5637 3172 5690 causa,
3200 5623 3253 5678 id
3305 5624 3422 5680 sive
3450 5629 3581 5682 sub-

2003 5706 2201 5762 stantia
2229 5709 2344 5762 sive
2373 5709 2627 5766 accidens
2653 5725 2770 5779 est;
2805 5713 2951 5782 quod
3009 5723 3187 5769 autem
3225 5731 3333 5770 non
3389 5726 3472 5771 est
3524 5729 3580 5772 et

321 5795 442 5850 οὐδὲ
469 5797 529 5851 τὸ
565 5798 805 5854 ἀναίτιον
837 5797 1020 5866 ἕξουσι
1056 5797 1533 5870 κατηγορούμενον
1565 5799 1776 5854 ἑαυτῶν
1796 5817 1811 5832 ο
1846 5802 1894 5854 εἰ

2020 5800 2144 5872 μιοό
2167 5809 2250 5856 est
2279 5800 2436 5857 nihil.
2471 5817 2595 5857 cum
2623 5805 2946 5862 substantia:
2981 5821 3090 5862 non
3131 5805 3266 5874 sint,
3294 5808 3438 5863 sicut
3466 5823 3574 5866 nou
