4050 6448
449 291 562 358 615

1173 291 1602 354 EUSTATIIII
1637 292 2399 355 TIIESSALONICENSIS
2451 293 3016 357 METROPOLITXE

3628 298 3738 364 διες

450 407 627 460 αἰτιον
685 405 766 460 sic
800 420 975 475 neque
1030 404 1278 458 ἀναίτιον
1307 405 1373 458 dc
1405 404 1716 475 semetipsis
1767 404 2044 458 habebunt

2164 408 2201 458 ἰὲ
2232 407 2394 477 τυχὸν
2425 407 2615 461 οὐσίαν
2646 405 2741 460 τοῦ
2771 407 2925 471 ὄντος
2973 410 3071 463 καὶ
3100 406 3196 462 τοῦ
3239 408 3473 480 μηδενὸς
3505 409 3620 480 ἐρεῖ
3651 409 3742 463 της

451 501 895 572 pronuntiatum.
929 499 984 552 Si
1018 513 1149 552 vero
1178 500 1313 552 forte
1343 500 1467 568 quis
1497 498 1644 553 dicat
1670 498 2034 554 substantiam

459 597 609 651 illius
642 594 924 662 quodnon
961 601 1044 645 est
1087 591 1170 643 vel
1200 600 1280 645 est
1309 592 1466 657 nihil,
1495 591 1673 659 ipsum
1701 590 1836 644 nihil
1880 605 2028 654 esse,

456 689 594 744 ludit
627 687 714 740 ille
747 685 1109 740 substantiam
1145 693 1198 736 rt
1245 699 1343 736 cus
1407 683 1708 747 aliirmans,
1771 684 1823 737 id
1889 684 2035 752 quod

457 781 634 848 rcipsa
667 793 772 830 non
809 785 967 830 estet
996 784 1080 828 est
1114 775 1244 828 nihil
1274 793 1290 842 ;
1328 785 1381 828 ct
1404 774 1567 828 verba
1605 790 1700 842 per
1733 790 1857 844 quae
1908 788 2042 827 cono

458 869 677 924 tradicit
727 868 781 922 in
835 867 1135 922 absurdum
1181 867 1464 920 abducens
1516 879 1850 919 sermonem.
1889 863 2044 918 Adde

461 960 610 1014 illum
647 958 812 1011 etiam
841 971 959 1010 esse
989 956 1160 1009 αῐτιον
1181 971 1272 1009 seu
1315 953 1666 1024 principium,
1703 969 1826 1005 cum
1867 953 2047 1006 medio

461 1049 685 1113 dicitur,
715 1055 806 1116 qui
828 1045 921 1100 dat
946 1045 1239 1114 impulsum
1265 1043 1496 1098 actionis
1521 1043 1600 1095 vel
1620 1042 1911 1112 passionis,
1933 1041 2048 1095 sive

461 1139 859 1209 irreprehensa:
890 1137 1005 1192 sive
1027 1136 1391 1205 reprehensa.
1440 1131 1722 1186 Invenitur
1758 1141 1936 1185 autem
1968 1131 2047 1184 lo-

459 1233 612 1287 cutio
671 1229 926 1300 privatim
969 1235 1192 1296 accepta
1265 1227 1329 1280 ad
1391 1225 1596 1294 aliquid
1653 1223 1958 1278 solitarium
1994 1233 2050 1278 et

462 1324 517 1377 in
581 1322 1087 1392 vituperationem;
1145 1318 1378 1388 qualiter
1424 1317 1594 1380 αῐτιος
1653 1317 1747 1384 qui
1802 1315 2050 1384 scripstit

462 1414 785 1471 Callimachi
834 1427 1032 1469 causas
1086 1412 1202 1466 sive
1248 1411 1554 1479 culpandus
1615 1410 1699 1464 vel
1756 1409 2052 1477 reprehen-

463 1511 676 1565 dendus
727 1516 810 1564 est
860 1507 952 1577 qui
992 1507 1121 1561 talia
1182 1506 1444 1576 scripslit.
1500 1505 1703 1559 Nomen
1761 1502 2044 1574 proprium

468 1603 760 1663 Παναίτιος
788 1641 804 1666 ,
842 1600 1206 1655 venerabilem
1258 1599 1471 1654 videtur
1497 1608 1676 1651 tamen
1711 1597 1908 1651 habere
1935 1597 2051 1649 lau-

2148 493 2292 550 εἷναι
2327 498 2461 551 αὐτὸ
2488 499 2547 550 τὺ
2581 498 2770 568 μηδὲν,
2801 497 2990 560 παίζει
3014 499 3109 551 καὶ
3133 495 3313 562 οὗτος,
3343 499 3533 553 οὐσίαν
3558 498 3738 565 λέγων

2150 588 2245 640 καὶ
2267 586 2348 653 ὃν,
2390 587 2450 640 τὸ
2485 588 2811 658 αὐτόχρημα
2844 587 2919 658 μὴ
2948 587 3007 641 δν
3045 589 3142 642 καὶ
3194 591 3400 660 μηδέν’
3434 591 3528 644 καὶ
3566 589 3756 654 οὕτως.

2148 681 2228 741 εἰς
2259 679 2460 732 ἄτοπον
2522 681 2756 747 ἀπάγων
2791 679 2881 730 τὸν
2927 679 3088 748 λόγον
3119 673 3199 743 οἷς
3260 681 3587 750 ἀντιφάσκει
3610 697 3625 712 ο
3657 681 3742 735 ἔτι

2155 771 2329 823 ἰστέον
2359 772 2454 824 καὶ
2487 770 2569 824 ὅτι
2606 771 2776 834 αἴτιός
2809 772 2931 825 ἔστι
2957 772 3076 840 μὲν,
3103 772 3193 825 ὅτε
3220 772 3438 841 λέγεται
3464 773 3672 843 μέσως,
3714 777 3744 828 6

2151 863 2410 932 ἀφορμὴν
2439 860 2562 925 δοὺς
2592 861 2850 932 πράξεως
2885 861 2918 931 ἢ
2952 861 3156 926 πάθους
3191 863 3340 925 τινὸς
3371 862 3404 932 ἢ
3460 863 3668 932 ἀψόγου
3703 865 3738 933 ἦ

2154 952 2423 1022 ὲπιψόγου
2449 969 2462 983 ο
2503 951 2737 1022 εὓρηται
2764 951 2821 1004 δὲ
2854 953 2887 1022 ή
2926 951 3069 1016 λέξις
3111 952 3257 1014 ἰδίως
3289 953 3561 1021 ληφθεῖσα
3595 956 3739 1007 κατά

2155 1061 2205 1097 τι
2243 1047 2476 1116 μονῆρες
2501 1047 2598 1100 καὶ
2631 1047 2723 1100 ἐπὶ
2747 1047 2919 1116 ψόγου
2946 1063 2959 1076 ·
3008 1042 3120 1099 οἷον
3149 1046 3322 1108 αἴτιος
3351 1049 3378 1100 6
3404 1047 3621 1116 γράψας
3652 1047 3741 1100 αἰ-

2154 1154 2246 1190 τια
2290 1138 2668 1208 Καλλιμάχου,
2727 1138 2848 1208 ἦτοι
2902 1137 3176 1200 αἰτιατέος
3223 1136 3320 1190 καὶ
3372 1137 3671 1200 κολαστέος
3715 1140 3744 1191 6

2154 1229 2371 1300 γράψας
2399 1231 2602 1285 ἐκεῖνα.
2647 1231 2708 1283 '0
2742 1230 2924 1300 μέντοι
2967 1228 3259 1292 Παναίτιος
3305 1228 3367 1282 τὸ
3401 1227 3618 1298 κύριον,
3654 1230 3745 1281 εὑ-

2159 1321 2374 1392 φημὶαν
2434 1321 2580 1392 ἔχειν
2611 1322 2757 1375 δοκεί
2799 1322 3026 1393 σεμνὴν,
3066 1320 3343 1390 φιλοσόφῳ
3396 1323 3740 1389 πρέπουσαν,

2158 1408 2360 1470 παντὸς
2393 1410 2723 1478 πράγματος
2754 1410 2936 1463 αἰτίαν
2961 1410 3266 1463 ἀποδιδόντι
3293 1410 3518 1462 δέουσαν
3543 1427 3557 1440 ο
3593 1410 3620 1463 ὃ
3645 1412 3744 1478 τῆς

2159 1501 2493 1553 ἀνυποθέτου
2529 1500 2852 1570 φιλοσοφίας
2898 1501 3030 1555 ῐδιόν
3079 1502 3218 1565 ἔστι,
3258 1501 3353 1554 καὶ
3399 1503 3543 1555 θεῖον
3583 1503 3744 1554 αὑτό-

2159 1607 2371 1660 χρημα,
2414 1595 2506 1644 καὶ
2541 1592 2661 1662 Θεῷ
2703 1592 2934 1661 πρέπον,
2969 1591 3101 1662 παρ’
3141 1585 3184 1658 ᾧ
3218 1591 3439 1646 πάντων
3481 1592 3539 1644 αἰ
3569 1591 3743 1646 αἰτίαι

467 1698 614 1763 dem,
648 1693 977 1764 philosopho
1024 1699 1437 1762 congruentem,
1466 1703 1687 1743 causam
1754 1688 2054 1758 cujuslibet

2164 1682 2273 1736 τῶν
2325 1683 2547 1750 ἀγαθῶν
2597 1684 2674 1744 ὡς
2730 1682 3060 1753 πανταιτίῳ,
3110 1681 3204 1736 καὶ
3260 1683 3319 1747 ὃς
3371 1682 3549 1736 πάντα
3587 1682 3745 1745 εἰδὼς

472 1789 548 1844 rei
583 1787 818 1842 tradenti
861 1786 1122 1841 debitam:
1183 1781 1328 1853 quod
1393 1782 1641 1850 positiva:
1699 1778 2058 1850 philosophia:

2164 1775 2463 1844 διαπέμπει
2501 1774 2704 1843 γνῶσιν
2748 1777 2842 1829 καὶ
2873 1777 2986 1838 τοῖς
3019 1775 3142 1829 κατ’
3172 1775 3468 1847 ἄνθρωπον
3521 1776 3745 1844 φιλοσο-

469 1881 746 1950 pr0prium
780 1888 886 1942 est,
919 1892 1150 1946 vereque
1181 1875 1427 1929 divinum
1453 1883 1506 1928 et
1536 1874 1647 1928 Deo
1680 1873 2043 1936 conveniens,

2164 1867 2341 1938 ροῦσι,
2371 1870 2485 1931 τοῖς
2535 1868 2633 1939 μὲν
2677 1867 2736 1933 ἐξ
2788 1868 3113 1941 ὲπιμέτρου,
3167 1870 3280 1933 τοίς
3325 1867 3370 1922 δ’
3433 1868 3633 1935 ἄλλως,
3667 1867 3745 1930 ὡς

469 1974 608 2043 apud
636 1988 820 2042 quem,
847 1982 902 2028 ut
940 1973 1186 2026 omnium
1233 1986 1477 2034 causam,
1522 1975 1852 2023 cunctorum
1921 1973 2052 2021 sunt
2163 1962 2437 2034 βούλεται.

470 2067 739 2139 principia
767 2067 1057 2130 bonorum,
1092 2064 1297 2135 quique
1326 2070 1519 2118 cuncta
1545 2060 1750 2124 sciens,
1779 2057 2024 2112 immittit
2047 2056 2333 2112 scientiam
2362 2055 2470 2110 illis
2499 2055 2592 2126 qui
2616 2054 2915 2111 secundum
2945 2055 3218 2111 hominem
3249 2053 3606 2127 philosophiae
3631 2059 3749 2105 stu-

411 2147 422 2156 ’
470 2159 620 2226 dent,
673 2159 796 2216 aliis
841 2160 1061 2230 quidem
1117 2173 1240 2214 cum
1275 2155 1630 2222 abundantia,
1685 2153 1810 2210 aliis
1841 2161 2023 2208 autem
2063 2152 2241 2220 aliter,
2269 2159 2434 2222 prout
2474 2150 2609 2206 vult.

547 2345 671 2401 101.
725 2345 1188 2420 ιλΕιιιιίροιιεηιοηι
1222 2347 1306 2402 vel
1331 2346 1577 2416 ejusdem
1634 2346 1889 2418 potentia:
1915 2345 2060 2401 dice-

474 2455 536 2493 re
602 2439 892 2507 Spiritum,
975 2439 1225 2494 eamdem
1301 2439 1409 2494 vim
1495 2439 1678 2494 habet.
1750 2439 1898 2494 ldem
1977 2446 2063 2494 est

473 2531 658 2586 dicere
688 2531 757 2586 de
805 2532 1121 2600 ὁμοσθενὲς,
1175 2547 1283 2587 non
1331 2541 1512 2587 autem
1561 2531 1631 2588 de
1660 2531 2058 2602 όμοιοσθενέςι

477 2624 622 2678 sicut
639 2623 781 2676 enim
800 2623 1108 2693 doginaiire
1127 2623 1482 2693 prohibemur
1499 2623 1678 2679 dicere
1699 2621 2063 2692 ὁμοιοοὺσιον,

477 2715 561 2768 sic
615 2715 780 2770 etiam
849 2715 1204 2785 ὁμοιοσθενὲς
1269 2731 1484 2770 necnon
1540 2713 1956 2785 ὁμοιοδύναμον,
2009 2715 2064 2770 in

481 2806 566 2862 his
591 2821 713 2876 qua:
741 2815 992 2877 spectant
1029 2807 1094 2860 ad
1123 2816 1367 2862 sanctam
1399 2805 1748 2862 Trinitatem.
1769 2805 2062 2863 Sciendum

479 2909 661 2952 autem
693 2899 857 2953 etiam
888 2900 1033 2966 quod
1065 2901 1108 2954 si
1137 2900 1359 2970 quidem
1395 2901 1727 2956 scriberetur
1767 2916 1784 2954 :
1823 2897 1931 2953 Par
1966 2898 2064 2953 tibi

480 2991 748 3059 potentia,
797 2993 1019 3045 verbum
1057 2992 1306 3049 eamdem
1347 2993 1452 3047 vim
1488 2993 1717 3047 haberet
1753 3006 1854 3046 nec
1879 2991 2064 3064 aliqua
2106 3048 2113 3054 _

478 3083 860 3152 explanatione
893 3092 1094 3153 egeret.
1121 3082 1178 3138 Si
1205 3099 1332 3139 vero
1363 3084 1499 3139 alias
1521 3084 1802 3139 scribitur:
1831 3085 2061 3156 Πνεῦμά

481 3193 575 3228 σου
624 3191 722 3245 par
764 3178 1030 3246 potentia,
1086 3187 1144 3232 ut
1193 3177 1382 3246 legas:
1421 3177 1650 3247 spiritus
1678 3186 1804 3233 tuus
1831 3194 1929 3248 par
1961 3179 2058 3234 tibi

479 3265 748 3333 potentia,
784 3268 1054 3320 sententia
1087 3268 1413 3321 remittenda
1445 3277 1526 3323 est
1568 3268 1637 3322 ad
1695 3268 2013 3337 psallentem
2041 3285 2056 3322 :
2085 3291 2130 3352 ο

480 3355 739 3426 Spiritum
776 3355 869 3426 qui
904 3371 1055 3411 meus
1085 3365 1168 3411 est
1197 3365 1253 3411 et
1280 3355 1482 3423 Patris,
1511 3356 1747 3423 mittam,
1771 3356 1886 3426 jam
1921 3357 2062 3414 alias

481 3446 810 3502 sulﬁcienter
830 3449 1185 3518 explicatum.
1218 3447 1512 3518 Νημερτὲς
1553 3459 1732 3504 autem
1769 3450 1920 3506 venit
1944 3467 1976 3506 a
1999 3468 2066 3522 νη

481 3540 750 3610 privativo
774 3549 827 3592 et
855 3555 886 3593 a
913 3542 1080 3594 verbo
1112 3539 1473 3610 ἁμαρτάνειν,
1503 3549 1557 3594 et
1590 3540 1867 3611 signiﬁcat
1897 3557 2065 3597 verax

481 3642 535 3688 et
564 3631 877 3697 inl‘allibile,
938 3633 1436 3700 quomodocunque
1480 3635 1744 3688 veracitas
1794 3635 1936 3689 inter
1968 3636 2066 3690 ho-

487 3727 662 3780 mines
717 3725 970 3780 exerceri
1026 3724 1201 3794 possit
1254 3733 1309 3779 et
1335 3725 1638 3780 secundum
1675 3726 1730 3780 id
1775 3728 1920 3798 quod
1956 3743 2063 3782 non

483 3819 761 3873 diceretur
792 3817 956 3870 homo
987 3817 1244 3871 mendax.
1273 3814 1391 3870 Non
1423 3827 1605 3872 autem
1633 3832 1664 3872 a
1696 3829 1849 3874 recto
1881 3820 2067 3874 devia-

486 3917 589 3974 ret,
626 3909 724 3977 qui
769 3915 1030 3976 tanquam
1087 3906 1406 3962 adverbium
1459 3910 1600 3964 hanc
1653 3911 2062 3980 expressionem

485 3997 776 4066 acciperet,
810 3999 888 4051 uti
923 3998 1074 4066 prius
1106 3999 1208 4052 hoc
1259 4007 1628 4054 monstratum
1692 4008 1800 4063 est,
1865 3999 1944 4054 ita
2003 4008 2062 4055 ut

487 4101 647 4156 poeta
685 4089 864 4143 dicat:
912 4089 1045 4144 Vere
1070 4090 1290 4145 misisti.
1321 4088 1442 4145 Non
1472 4091 1620 4146 enim
1655 4103 1773 4147 erat
1804 4091 2066 4161 possibile

488 4192 540 4236 te
564 4182 850 4236 mentitum
872 4181 1040 4236 fuisse
1062 4183 1364 4239 discentem
1393 4201 1405 4236 :
1448 4183 1864 4251 promissionem
1887 4183 2065 4241 Patris

487 4280 541 4326 te
571 4271 855 4342 discipulis
941 4270 1059 4328 fore
1092 4274 1418 4328 missurum.
1479 4271 1630 4329 Tuus
1688 4275 1837 4329 enim
1886 4287 2066 4329 sermo

488 4364 690 4419 veritas
720 4372 823 4432 est,
860 4376 914 4418 et
937 4373 988 4418 te
1021 4365 1228 4422 scimus
1249 4379 1376 4420 esse
1403 4365 1689 4420 veritatem
1721 4367 1920 4435 ipsam,
1953 4381 2065 4421 non

489 4456 670 4508 minus
705 4467 772 4507 ac
803 4462 924 4510 tuos
984 4454 1039 4508 iu
1069 4456 1362 4510 sanctitate
1393 4469 1680 4525 compares
1739 4455 1956 4512 Patrem
2011 4463 2067 4512 et

487 4547 777 4616 Spiritum.
799 4544 1068 4602 Locutio:
1098 4547 1292 4603 Misisti
1316 4547 1602 4618 apostolis,
1631 4549 1836 4619 aliquid
1863 4549 2067 4606 habere

2241 2350 2346 2416 ρα⁰.
2390 2343 2684 2408 ’ἰσοσθενές
2732 2343 2789 2397 δὲ
2816 2343 3043 2408 Πνευμα
3092 2345 3272 2397 εἰπεῖν
3305 2343 3401 2397 καὶ
3450 2344 3748 2398 ταυτοσθε-

2164 2437 2277 2502 νὲς,
2314 2439 2413 2506 τὴν
2445 2435 2616 2505 αὐτὴν
2655 2434 2770 2505 ἔχει
2799 2433 3036 2505 δύναμιν
3058 2448 3076 2466 ⁶
3103 2433 3205 2505 ἤδη
3231 2433 3289 2488 δὲ
3313 2434 3408 2487 καὶ
3431 2433 3746 2505 ὁμοσθενὲς,

2163 2528 2224 2580 οὐ
2267 2525 2374 2598 μὴν
2403 2525 2500 2579 καὶ
2530 2524 2908 2596 ὁμοιοσθενές.
2954 2524 3043 2588 Ὠς
3072 2525 3180 2594 γὰρ
3212 2523 3520 2579 κεκώλυται
3547 2525 3752 2594 δογμα-

2164 2617 2333 2680 τικῶς
2369 2619 2428 2670 τδ
2454 2615 2817 2686 όμοιοούσιον,
2854 2615 3000 2670 οὕτω
3045 2617 3228 2671 καὶτὸ
3273 2616 3622 2686 όμοιοσθενὲς
3654 2615 3750 2669 ἐπὶ

2170 2711 2271 2780 τῆς
2305 2710 2468 2779 ἁγίας
2490 2708 2743 2779 Τριάδος,
2765 2709 2984 2763 καθάτε
3010 2709 3071 2762 τὸ
3098 2708 3512 2779 ὁμοιοδύναμον.
3549 2707 3750 2763 ’ἰστέον

2169 2802 2228 2856 δὲ
2257 2805 2355 2857 καὶ
2382 2803 2460 2866 ὡς
2489 2803 2538 2857 εἰ
2575 2803 2676 2872 μὲν
2705 2803 2982 2873 γράφεται
3012 2801 3285 2865 ἰσοσθενές
3311 2818 3419 2871 σοι,
3447 2802 3547 2873 τὴν
3576 2801 3750 2872 αὐτὴν

2165 2895 2284 2967 εχει
2314 2894 2569 2965 δύναμιν,
2605 2894 2667 2950 οὐ
2707 2893 2890 2949 δέεταί
2921 2910 3067 2960 τινος
3095 2893 3419 2958 ἰπιστασίας
3446 2893 3510 2948 τὸ
3545 2895 3744 2965 ῥητόν·

2164 2989 2216 3042 εἰ
2248 2987 2294 3040 δ’
2350 2986 2526 3052 ἄλλως
2573 2987 2845 3058 γράφεται
2899 2985 3170 3050 ἰσοσθενές
3221 3002 3320 3041 σου
3355 2983 3604 3056 Πνεῦμα,
3661 2986 3750 3043 ῐνα

2164 3080 2299 3152 λέγῃ
2330 3081 2391 3135 τὸ
2435 3080 2665 3151 Πνεῦμά
2691 3097 2785 3134 σου
2815 3080 2876 3134 τδ
2914 3081 3184 3145 ἰσοσθενές
3219 3097 3322 3146 σοι,
3357 3079 3748 3148 ἀναπεμπτέον

2163 3173 2264 3244 τὴν
2290 3173 2506 3228 ἔννοιαν
2534 3176 2616 3236 εἰς
2641 3174 2732 3226 τὸν
2765 3171 3064 3242 ψάλλοντα,
3091 3172 3150 3227 τὸ
3187 3171 3413 3238 Πνεῦμα
3437 3171 3498 3225 τὺ
3525 3173 3659 3243 ἐμόν
3684 3189 3748 3226 τε

2164 3267 2259 3319 καὶ
2297 3265 2512 3337 Πατρὸς
2543 3265 2852 3332 ἀποστελῶ,
2886 3265 3231 3336 ὲξηγημένον
3281 3265 3490 3337 ἑτέροις
3520 3264 3748 3329 ἱκανῶς.

2165 3358 2237 3410 Τὸ
2273 3357 2330 3411 δὲ
2358 3357 2636 3428 νημερτὲς
2666 3356 2874 3426 γίνεται
2921 3357 3020 3426 μὲν
3059 3359 3124 3410 ἐκ
3151 3356 3247 3410 τοῦ
3296 3373 3376 3426 νη
3420 3355 3748 3427 στερητικοῦ

2167 3452 2263 3503 καί
2296 3451 2391 3502 τοῦ
2433 3449 2794 3519 ἁμαρτάνειν,
2845 3451 2941 3502 καί
2971 3449 3122 3520 δηλοῖ
3167 3447 3370 3518 ἀληθὲς
3403 3450 3498 3504 καὶ
3547 3451 3753 3504 ἄπται-

2167 3559 2292 3594 στον
2320 3543 2378 3595 ὲν
2410 3540 2491 3611 τῷ
2519 3541 2769 3594 ὁπωσοῦν
2812 3540 3168 3613 ἀνθρωπίνως
3205 3541 3492 3612 ἀληθεύειν
3513 3557 3529 3573 ο
3563 3541 3688 3596 καθ’
3719 3541 3749 3594 ὃ

2165 3635 2263 3686 καὶ
2289 3633 2578 3702 ἄνθρωπος
2604 3635 2706 3687 οὐκ
2730 3635 3173 3705 ἀφαμαρτοεπὴς
3201 3635 3395 3706 ῥηθείη
3420 3635 3508 3691 ἄν.
3537 3634 3653 3689 Οὐκ
3681 3635 3751 3690 ἂν

2163 3725 2220 3778 δὲ
2256 3725 2487 3797 σφαλείη
2519 3726 2610 3779 τοῦ
2641 3727 2874 3793 δέοντος,
2909 3727 2964 3779 εἴ
2992 3745 3078 3792 τις
3109 3728 3200 3781 καὶ
3223 3728 3299 3793 ὡς
3335 3729 3622 3800 ἐπίρρημα
3653 3729 3744 3782 ὲν-

2165 3820 2341 3874 ταῦοα
2372 3820 2516 3892 λάϐῃ
2544 3820 2644 3889 τὴν
2689 3817 2834 3883 λέξιν
2878 3819 3108 3887 ταύτην,
3149 3819 3294 3874 καθὰ
3323 3821 3419 3874 καὶ
3452 3821 3584 3874 αὐτὸ
3614 3837 3752 3891 προ-

2163 3914 2482 3987 δεδήλωται,
2507 3913 2595 3967 ἴνα
2625 3912 2757 3984 λέγῃ
2784 3916 2812 3967 6
2831 3912 3064 3982 Ποιητὴς
3087 3913 3192 3980 ὅτι,
3222 3911 3493 3982 Ἀψευδῶς
3517 3913 3751 3984 ἐξέπεμ-

2163 4010 2295 4080 ψας.
2351 4009 2428 4063 Οῦ
2486 4009 2594 4080 γὰρ
2654 4005 2722 4078 ἦν
2766 4008 3075 4076 ψεύσασθαί
3135 4025 3194 4061 σε
3235 4009 3458 4063 εἰπόντα
3515 4009 3590 4070 ὡς
3644 4008 3747 4077 τὴν

2165 4101 2498 4171 ἐπαγγελίαν
2524 4101 2620 4156 τοῦ
2649 4100 2859 4173 Πατρδς
2888 4101 3275 4167 ἐξαποστελείς
3299 4105 3412 4166 τοῖς
3442 4102 3747 4172 μαθηταῖς.

2180 4194 2241 4248 '0
2276 4195 2387 4265 γὰρ
2415 4195 2574 4263 λόγος
2605 4196 2633 4248 6
2661 4193 2751 4258 σὸς
2777 4193 3009 4266 ἀλήθειά
3035 4195 3172 4258 ἐστι,
3195 4193 3387 4250 καθότι
3418 4195 3515 4248 καὶ
3545 4196 3746 4249 αὐτοα-

2166 4285 2390 4355 λήθειάν
2423 4303 2481 4339 σε
2506 4286 2733 4356 οἴδαμεν
2760 4288 2880 4339 κατ’
2909 4286 3021 4340 ῐσον
3061 4291 3176 4353 τοῖς
3215 4287 3642 4355 συναγιωτάτοις
3666 4289 3746 4360 τῷ

2169 4377 2344 4446 Πατρὶ
2373 4379 2468 4431 καὶ
2496 4377 2573 4447 τῷ
2598 4377 2877 4449 Πνεῦματι
2896 4394 2910 4409 ο
2944 4379 3007 4432 τὸ
3032 4380 3113 4444 δὲ,
3138 4378 3490 4449 Ἑξέπεμψας
3515 4381 3752 4434 ἀποστό-

2169 4469 2303 4535 λοις,
2339 4470 2485 4540 ἔχειν
2516 4488 2570 4526 τι
2593 4471 2722 4542 ἄρτι
2763 4473 2860 4525 καὶ
2885 4475 2946 4525 τὸ
2990 4473 3144 4542 ἆγιον
3174 4472 3399 4543 Πνεῦμα
3425 4475 3618 4543 δηλοῖ·
3653 4477 3751 4527 καὶ

2169 4562 2355 4619 καινὸν
2385 4564 2538 4618 οὐδέν
2582 4564 2733 4618 ἐστιν
2779 4563 2925 4619 οὕτω
2958 4566 3184 4634 νοῆσαι·
3225 4566 3588 4636 Παράκλητον
3641 4567 3752 4636 γὰρ

487 4650 632 4691 nunc
654 4636 817 4692 etiam
841 4648 1092 4692 sanctum
1127 4636 1387 4706 Spiritum
1420 4637 1762 4694 demonstrat
1784 4653 1803 4707 ;
1828 4653 1933 4696 nec
1963 4642 2061 4693 mi-

2173 4655 2233 4706 τὸ
2267 4655 2424 4723 ἅγιον
2465 4655 2695 4725 Πνεῦμα
2741 4658 2856 4719 τοῖς
2885 4655 3160 4727 μαθηταῖς
3199 4656 3556 4722 ἀπέσταλται,
3599 4661 3692 4711 καὶ
3724 4662 3752 4711 6

485 4743 604 4782 rum
638 4737 723 4783 est
755 4729 824 4782 ita
861 4731 1102 4784 sentire:
1138 4727 1459 4784 Paracletus
1484 4729 1632 4783 enim
1667 4740 1890 4786 sanctus
1937 4731 2064 4801 Spi-

485 4821 622 4875 ritus
653 4822 915 4891 apostolis
946 4820 1149 4876 missus
1178 4831 1262 4876 est
1279 4835 1298 4888 ς
1328 4820 1578 4876 Salvator
1601 4833 1782 4878 autem
1815 4823 2064 4880 Christus

483 4911 712 4966 nuntius
747 4912 906 4966 nobis
937 4927 968 4965 a
1003 4911 1164 4965 Patre
1199 4912 1461 4968 salutaris
1521 4915 1690 4982 venit;
1723 4915 1868 4970 sicut
1893 4906 2061 4986 ange-

484 4999 700 5068 lus,qui
725 5015 891 5070 super
913 5017 1104 5056 omnes
1150 5003 1374 5074 angelos
1411 5013 1515 5071 est,
1540 5015 1728 5076 utpote
1765 5010 2066 5077 supersub-

487 5091 782 5147 stantialis.
809 5094 924 5147 Vox
947 5105 1130 5147 autem
1157 5095 1417 5163 beneﬁcus
1456 5100 1696 5152 ostendit
1729 5101 2064 5156 manifestis-

488 5186 626 5240 sime
647 5185 1056 5239 benelicentiani
1071 5202 1189 5241 esse
1210 5204 1329 5256 qua:
1347 5202 1376 5240 a
1396 5188 1506 5242 Deo
1525 5189 1749 5245 veniunt
1765 5191 2069 5248 charisma-

488 5283 564 5340 ta,
588 5290 688 5329 nec
701 5277 925 5330 omnino
947 5285 1158 5333 tantum
1183 5280 1233 5333 in
1253 5280 1590 5350 particulari,
1614 5283 1709 5340 sed
1749 5285 2062 5340 communi-

489 5375 603 5420 ter:
625 5367 825 5422 bonum
843 5370 1008 5440 igitur
1027 5379 1156 5425 tunc
1171 5372 1435 5442 apostolis
1453 5374 1702 5440 missum,
1723 5376 1788 5430 ad
1815 5391 1913 5432 nos
1931 5377 2072 5433 huc-

489 5474 664 5528 usque
683 5465 927 5529 pervenit
947 5473 1000 5518 et
1023 5465 1076 5518 in
1097 5475 1357 5520 aeternum
1392 5469 1691 5536 perveniet.
1721 5469 1835 5525 Hoc
1860 5480 2066 5540 autem,

490 5548 676 5605 Gloria
698 5556 948 5620 potestati
966 5565 1092 5621 tuac,
1114 5557 1410 5613 insinuatio
1440 5563 1688 5630 estquod
1706 5572 1956 5632 potentes
2001 5566 2071 5622 ad

489 5646 846 5704 imitationem
883 5649 974 5706 Dei
1004 5651 1278 5706 beneﬁcos
1329 5666 1450 5708 esse
1475 5664 1713 5725 oportet.

2171 4747 2364 4816 Σωτὴρ
2403 4747 2459 4802 δὲ
2488 4747 2724 4818 Χριστὸς
2755 4748 3066 4811 ἀπόστολος·
3100 4751 3230 4818 ἡμῖν
3258 4749 3532 4819 πατρόθεν
3578 4752 3755 4820 σωτή-

2175 4855 2289 4909 ριος
2319 4835 2485 4910 ἦλθεν
2506 4856 2520 4871 ο
2575 4840 2721 4894 καθὰ
2755 4839 2851 4894 καὶ
2901 4841 3132 4910 ἅγγελος
3163 4844 3192 4895 ό
3238 4841 3380 4912 ὑπὲρ
3411 4843 3624 4904 πάντας
3650 4844 3748 4911 ἀγ-

2171 4931 2388 4998 γέλους,
2415 4931 2499 4985 ὅτι
2553 4935 2649 4985 καὶ
2705 4933 3062 5003 ὑπεροὺσιος’
3111 4934 3171 4988 τὸ
3215 4933 3272 4986 δὲ
3301 4935 3381 5000 ὡς
3409 4933 3751 5006 εὐεργέτης,

2171 5022 2323 5093 δηλοῖ
2366 5025 2686 5094 σαφέστατα
2731 5027 3059 5094 εὐεργεσίαν
3089 5024 3232 5082 εἰναι
3261 5029 3330 5082 τὰ
3363 5030 3550 5084 θεόθεν
3593 5033 3750 5101 χαρί-

2174 5133 2380 5185 σματα,
2420 5119 2518 5171 καὶ
2547 5118 2769 5182 πάντως
2801 5119 2900 5188 οὐχ
2931 5119 3122 5183 ἁπλῶς
3152 5122 3210 5174 ὲν
3242 5123 3418 5192 μέρει,
3457 5121 3595 5176 ἀλλὰ
3634 5139 3748 5176 κοι-

2173 5208 2292 5271 νάς.
2314 5209 2405 5261 ~T6
2439 5210 2570 5277 γοῦν
2599 5213 2710 5272 τοῖς
2738 5213 3059 5274 ἀποστόλοις
3085 5214 3334 5282 πεμφθέν
3362 5231 3492 5268 ποτε
3518 5213 3747 5283 ἀγαθὸν,

2175 5301 2270 5354 καὶ
2299 5301 2543 5371 εἰςὴμᾶς
2572 5301 2840 5356 διαὸαἰνει
2866 5303 3030 5373 μέχρι
3053 5308 3148 5358 καὶ
3172 5305 3290 5372 νῦν,
3318 5309 3409 5361 καὶ
3439 5308 3520 5372 εἰς
3546 5307 3754 5372 αἰῶνας

2174 5391 2525 5462 διαϐήσεταιο
2559 5395 2621 5449 τὸ
2653 5396 2732 5462 δὲ,
2764 5398 2922 5463 Δόξα
2973 5398 3054 5463 τῷ
3099 5399 3302 5468 κράτει
3341 5417 3483 5468 σου,
3521 5401 3755 5472 αἰνιγμὰ

2177 5483 2294 5535 ἐστι
2328 5484 2423 5536 τοῦ
2458 5485 2656 5555 χρῆναι
2689 5487 2816 5551 τοὺς
2846 5489 3144 5558 κραταιοὺς
3187 5491 3574 5562 εὐεργετικοὺς
3616 5489 3755 5550 εἶναι

2178 5577 2314 5646 πρὸς
2347 5577 2481 5632 Θεοῦ
2516 5579 2769 5650 μίμησιν.
