  <div class='ocr_page' id='page_1' title='image "/cluster/home/n/w/nwhite01/storage/ocr_20150623/136/coo.31924054870419/314.png"; bbox 0 0 4050 6414; ppageno 0'>
   <div class='ocr_carea' id='block_1_1' title="bbox 428 309 3690 384">
    <p class='ocr_par' dir='ltr' id='par_1_1' title="bbox 428 309 3690 384">
     <span class='ocr_line' id='line_1_1' title="bbox 428 309 3690 384; baseline -0.004 -2"><span class='ocrx_word' id='word_1_1' title='bbox 428 318 534 382; x_wconf 83' lang='grc'><strong>617</strong></span> <span class='ocrx_word' id='word_1_2' title='bbox 1219 322 1302 383; x_wconf 87' lang='grc' dir='ltr'><strong>ΙΝ</strong></span> <span class='ocrx_word' id='word_1_3' title='bbox 1333 321 1670 384; x_wconf 80' lang='lat' dir='ltr'><strong>HYMNUM</strong></span> <span class='ocrx_word' id='word_1_4' title='bbox 1707 310 2366 380; x_wconf 82' lang='lat' dir='ltr'><strong>PENTECOSTALEM</strong></span> <span class='ocrx_word' id='word_1_5' title='bbox 2407 309 2875 374; x_wconf 80' lang='lat' dir='ltr'><strong>DAMASCENI.</strong></span> <span class='ocrx_word' id='word_1_6' title='bbox 3584 310 3690 378; x_wconf 77' lang='lat'><strong>618</strong></span> 
     </span>
    </p>
   </div>
   <div class='ocr_carea' id='block_1_2' title="bbox 581 417 3288 500">
    <p class='ocr_par' dir='ltr' id='par_1_2' title="bbox 581 417 3288 500">
     <span class='ocr_line' id='line_1_2' title="bbox 581 417 3288 500; baseline -0.004 -16"><span class='ocrx_word' id='word_1_7' title='bbox 581 428 910 499; x_wconf 80' lang='grc' dir='ltr'>Τροπάριον</span> <span class='ocrx_word' id='word_1_8' title='bbox 939 428 1176 498; x_wconf 79' lang='grc' dir='ltr'>πρῶτον</span> <span class='ocrx_word' id='word_1_9' title='bbox 1202 429 1313 500; x_wconf 79' lang='grc' dir='ltr'>τῆς</span> <span class='ocrx_word' id='word_1_10' title='bbox 1335 433 1625 500; x_wconf 77' lang='grc' dir='ltr'><strong>τετάρτης</strong></span> <span class='ocrx_word' id='word_1_11' title='bbox 1647 426 1829 495; x_wconf 78' lang='grc' dir='ltr'><strong>ᾠδῆς.</strong></span> <span class='ocrx_word' id='word_1_12' title='bbox 2034 433 2076 486; x_wconf 78' lang='grc' dir='ltr'><strong>Α</strong></span> <span class='ocrx_word' id='word_1_13' title='bbox 2500 418 2816 488; x_wconf 81' lang='lat' dir='ltr'><strong>Troparium</strong></span> <span class='ocrx_word' id='word_1_14' title='bbox 2849 417 2870 471; x_wconf 75' lang='grc'>1</span> <span class='ocrx_word' id='word_1_15' title='bbox 2911 425 3117 488; x_wconf 72' lang='lat' dir='ltr'><strong>quarta!</strong></span> <span class='ocrx_word' id='word_1_16' title='bbox 3150 417 3288 474; x_wconf 70' lang='grc' dir='ltr'>σάω.</span> 
     </span>
    </p>
   </div>
   <div class='ocr_carea' id='block_1_3' title="bbox 487 519 2086 606">
    <p class='ocr_par' dir='ltr' id='par_1_3' title="bbox 487 519 1746 594">
     <span class='ocr_line' id='line_1_3' title="bbox 487 519 1746 594; baseline -0.002 -18"><span class='ocrx_word' id='word_1_17' title='bbox 487 519 628 578; x_wconf 80' lang='lat' dir='ltr'><strong>VIII.</strong></span> <span class='ocrx_word' id='word_1_18' title='bbox 662 523 902 591; x_wconf 77' lang='lat' dir='ltr'><strong>Aourpbv</strong></span> <span class='ocrx_word' id='word_1_19' title='bbox 941 522 1001 576; x_wconf 88' lang='lat' dir='ltr'><strong>rb</strong></span> <span class='ocrx_word' id='word_1_20' title='bbox 1027 522 1171 576; x_wconf 77' lang='grc' dir='ltr'>θεῖον</span> <span class='ocrx_word' id='word_1_21' title='bbox 1196 525 1297 594; x_wconf 78' lang='grc' dir='ltr'>τῆς</span> <span class='ocrx_word' id='word_1_22' title='bbox 1326 521 1746 591; x_wconf 70' lang='grc' dir='ltr'><strong>παλιγγενεσίας</strong></span> 
     </span>
    </p>
   </div>
   <div class='ocr_carea' id='block_1_4' title="bbox 1732 519 3331 606">
    <p class='ocr_par' dir='ltr' id='par_1_4' title="bbox 1732 534 3331 606">
     <span class='ocr_line' id='line_1_4' title="bbox 1732 534 3331 606; baseline 0.001 -14"><span class='ocrx_word' id='word_1_23' title='bbox 1732 537 1746 580; x_wconf 74' lang='grc' dir='ltr'><em>τ</em></span> <span class='ocrx_word' id='word_1_24' title='bbox 2320 537 2582 592; x_wconf 86' lang='lat' dir='ltr'><strong>Balneum</strong></span> <span class='ocrx_word' id='word_1_25' title='bbox 2619 534 2862 591; x_wconf 88' lang='lat' dir='ltr'><strong>divinum</strong></span> <span class='ocrx_word' id='word_1_26' title='bbox 2900 534 3331 606; x_wconf 76' lang='lat' dir='ltr'><strong>regenerationis</strong></span> 
     </span>
    </p>
   </div>
   <div class='ocr_carea' id='block_1_5' title="bbox 661 613 2260 699">
    <p class='ocr_par' dir='ltr' id='par_1_5' title="bbox 661 613 1783 685">
     <span class='ocr_line' id='line_1_5' title="bbox 661 613 1783 685; baseline -0.001 -18"><span class='ocrx_word' id='word_1_27' title='bbox 661 615 824 682; x_wconf 82' lang='grc' dir='ltr'>Λογῳ</span> <span class='ocrx_word' id='word_1_28' title='bbox 855 615 1124 683; x_wconf 77' lang='grc' dir='ltr'>κεραννῦς</span> <span class='ocrx_word' id='word_1_29' title='bbox 1163 615 1555 685; x_wconf 77' lang='grc' dir='ltr'>συντεθειμένῃ</span> <span class='ocrx_word' id='word_1_30' title='bbox 1601 613 1783 681; x_wconf 81' lang='grc' dir='ltr'>φύσει,</span> 
     </span>
    </p>
   </div>
   <div class='ocr_carea' id='block_1_6' title="bbox 1788 613 3387 699">
    <p class='ocr_par' dir='ltr' id='par_1_6' title="bbox 2319 628 3387 699">
     <span class='ocr_line' id='line_1_6' title="bbox 2319 628 3387 699; baseline 0 -15"><span class='ocrx_word' id='word_1_31' title='bbox 2319 630 2500 687; x_wconf 83' lang='lat' dir='ltr'><strong>Verbo</strong></span> <span class='ocrx_word' id='word_1_32' title='bbox 2533 629 2773 686; x_wconf 85' lang='lat' dir='ltr'><strong>miscens</strong></span> <span class='ocrx_word' id='word_1_33' title='bbox 2811 628 3131 699; x_wconf 82' lang='lat' dir='ltr'><strong>compositae</strong></span> <span class='ocrx_word' id='word_1_34' title='bbox 3157 637 3387 694; x_wconf 74' lang='lat' dir='ltr'><strong>naturae,</strong></span> 
     </span>
    </p>
   </div>
   <div class='ocr_carea' id='block_1_7' title="bbox 675 705 2274 794">
    <p class='ocr_par' dir='ltr' id='par_1_7' title="bbox 675 705 1893 778">
     <span class='ocr_line' id='line_1_7' title="bbox 675 705 1893 778; baseline 0 -19"><span class='ocrx_word' id='word_1_35' title='bbox 675 705 1107 777; x_wconf 74' lang='grc' dir='ltr'>Ὀμὸροόλυτεϊς</span> <span class='ocrx_word' id='word_1_36' title='bbox 1144 723 1238 776; x_wconf 89' lang='grc' dir='ltr'><strong>μοι</strong></span> <span class='ocrx_word' id='word_1_37' title='bbox 1273 707 1489 778; x_wconf 69' lang='grc' dir='ltr'>ῥεῖθρον</span> <span class='ocrx_word' id='word_1_38' title='bbox 1523 709 1583 772; x_wconf 75' lang='grc' dir='ltr'><strong>ἐξ</strong></span> <span class='ocrx_word' id='word_1_39' title='bbox 1610 707 1893 778; x_wconf 78' lang='grc' dir='ltr'><strong>ἀκηράτου</strong></span> 
     </span>
    </p>
   </div>
   <div class='ocr_carea' id='block_1_8' title="bbox 1902 705 3501 794">
    <p class='ocr_par' dir='ltr' id='par_1_8' title="bbox 2318 720 3501 794">
     <span class='ocr_line' id='line_1_8' title="bbox 2318 720 3501 794; baseline -0.002 -14"><span class='ocrx_word' id='word_1_40' title='bbox 2318 723 2649 794; x_wconf 84' lang='lat' dir='ltr'><strong>Suppeditas</strong></span> <span class='ocrx_word' id='word_1_41' title='bbox 2683 721 2815 776; x_wconf 91' lang='lat' dir='ltr'><strong>mihi</strong></span> <span class='ocrx_word' id='word_1_42' title='bbox 2854 736 3052 792; x_wconf 86' lang='lat' dir='ltr'><strong>aquam</strong></span> <span class='ocrx_word' id='word_1_43' title='bbox 3087 737 3154 777; x_wconf 83' lang='lat' dir='ltr'><strong>ex</strong></span> <span class='ocrx_word' id='word_1_44' title='bbox 3183 720 3501 793; x_wconf 84' lang='lat' dir='ltr'><strong>incorrupto</strong></span> 
     </span>
    </p>
   </div>
   <div class='ocr_carea' id='block_1_9' title="bbox 663 793 2262 882">
    <p class='ocr_par' dir='ltr' id='par_1_9' title="bbox 663 793 1895 871">
     <span class='ocr_line' id='line_1_9' title="bbox 663 793 1895 871; baseline -0.002 -18"><span class='ocrx_word' id='word_1_45' title='bbox 663 800 1030 871; x_wconf 78' lang='grc' dir='ltr'>Νενυγμένης</span> <span class='ocrx_word' id='word_1_46' title='bbox 1063 817 1159 854; x_wconf 89' lang='grc' dir='ltr'><strong>σου</strong></span> <span class='ocrx_word' id='word_1_47' title='bbox 1186 803 1451 871; x_wconf 84' lang='grc' dir='ltr'>πλευρᾶς,</span> <span class='ocrx_word' id='word_1_48' title='bbox 1482 793 1530 854; x_wconf 80' lang='grc' dir='ltr'><strong>ὦ</strong></span> <span class='ocrx_word' id='word_1_49' title='bbox 1559 800 1696 852; x_wconf 84' lang='grc' dir='ltr'>Θεοῦ</span> <span class='ocrx_word' id='word_1_50' title='bbox 1730 798 1895 868; x_wconf 86' lang='grc' dir='ltr'>Λόγε,</span> 
     </span>
    </p>
   </div>
   <div class='ocr_carea' id='block_1_10' title="bbox 1850 793 3449 882">
    <p class='ocr_par' dir='ltr' id='par_1_10' title="bbox 1850 793 3449 882">
     <span class='ocr_line' id='line_1_10' title="bbox 1850 793 3449 882; baseline -0.001 -11"><span class='ocrx_word' id='word_1_51' title='bbox 1850 816 1895 865; x_wconf 72' lang='grc' dir='ltr'><strong>ε»</strong></span> <span class='ocrx_word' id='word_1_52' title='bbox 2321 793 2619 871; x_wconf 81' lang='lat' dir='ltr'><strong>Vulnerato</strong></span> <span class='ocrx_word' id='word_1_53' title='bbox 2640 824 2736 870; x_wconf 93' lang='lat' dir='ltr'><strong>tuo</strong></span> <span class='ocrx_word' id='word_1_54' title='bbox 2762 815 2954 878; x_wconf 87' lang='lat' dir='ltr'><strong>latere,</strong></span> <span class='ocrx_word' id='word_1_55' title='bbox 2983 829 3018 867; x_wconf 90' lang='lat'><strong>0</strong></span> <span class='ocrx_word' id='word_1_56' title='bbox 3055 813 3150 869; x_wconf 87' lang='lat' dir='ltr'><strong>Dei</strong></span> <span class='ocrx_word' id='word_1_57' title='bbox 3185 811 3449 882; x_wconf 82' lang='lat' dir='ltr'><strong>Verbum,</strong></span> 
     </span>
    </p>
   </div>
   <div class='ocr_carea' id='block_1_11' title="bbox 676 889 2275 976">
    <p class='ocr_par' dir='ltr' id='par_1_11' title="bbox 676 889 1928 963">
     <span class='ocr_line' id='line_1_11' title="bbox 676 889 1928 963; baseline -0.002 -19"><span class='ocrx_word' id='word_1_58' title='bbox 676 890 1127 962; x_wconf 79' lang='grc' dir='ltr'>Ἐπισφραγίζων</span> <span class='ocrx_word' id='word_1_59' title='bbox 1154 894 1221 963; x_wconf 79' lang='grc' dir='ltr'>τῇ</span> <span class='ocrx_word' id='word_1_60' title='bbox 1259 891 1410 956; x_wconf 87' lang='grc' dir='ltr'>ζέσει</span> <span class='ocrx_word' id='word_1_61' title='bbox 1455 891 1552 944; x_wconf 86' lang='grc' dir='ltr'><strong>τοῦ</strong></span> <span class='ocrx_word' id='word_1_62' title='bbox 1587 889 1928 962; x_wconf 77' lang='grc' dir='ltr'>Πνεύματος.</span> 
     </span>
    </p>
   </div>
   <div class='ocr_carea' id='block_1_12' title="bbox 1510 889 3109 976">
    <p class='ocr_par' dir='ltr' id='par_1_12' title="bbox 1510 889 3109 976">
     <span class='ocr_line' id='line_1_12' title="bbox 1510 889 3109 976; baseline 0.007 -27"><span class='ocrx_word' id='word_1_63' title='bbox 1510 891 1552 944; x_wconf 73' lang='grc' dir='ltr'><strong>»ὓ</strong></span> <span class='ocrx_word' id='word_1_64' title='bbox 1587 889 1928 962; x_wconf 71' lang='grc' dir='ltr'>Πνεύματοςο</span> <span class='ocrx_word' id='word_1_65' title='bbox 2323 906 2582 976; x_wconf 74' lang='lat' dir='ltr'><strong>Sigillans</strong></span> <span class='ocrx_word' id='word_1_66' title='bbox 2608 905 2822 961; x_wconf 81' lang='lat' dir='ltr'><strong>fervore</strong></span> <span class='ocrx_word' id='word_1_67' title='bbox 2848 904 3109 975; x_wconf 79' lang='lat' dir='ltr'><strong>Spiritus.</strong></span> 
     </span>
    </p>
   </div>
   <div class='ocr_carea' id='block_1_13' title="bbox 485 977 2084 1072">
    <p class='ocr_par' dir='ltr' id='par_1_13' title="bbox 485 977 2006 1056">
     <span class='ocr_line' id='line_1_13' title="bbox 485 977 2006 1056; baseline -0.005 -13"><span class='ocrx_word' id='word_1_68' title='bbox 485 983 592 1056; x_wconf 82' lang='grc' dir='ltr'><strong>ρβ’.</strong></span> <span class='ocrx_word' id='word_1_69' title='bbox 627 985 888 1055; x_wconf 81' lang='grc' dir='ltr'>Χορεύων</span> <span class='ocrx_word' id='word_1_70' title='bbox 918 984 1394 1055; x_wconf 77' lang='grc' dir='ltr'>ἐκκλησιαστικῶς</span> <span class='ocrx_word' id='word_1_71' title='bbox 1426 985 1454 1038; x_wconf 90' lang='lat'><strong>6</strong></span> <span class='ocrx_word' id='word_1_72' title='bbox 1484 984 1630 1055; x_wconf 77' lang='grc' dir='ltr'>ἱερὸς</span> <span class='ocrx_word' id='word_1_73' title='bbox 1658 977 1815 1048; x_wconf 75' lang='grc' dir='ltr'>οὗτος</span> <span class='ocrx_word' id='word_1_74' title='bbox 1845 1000 2006 1037; x_wconf 85' lang='grc' dir='ltr'>πνευ-</span> 
     </span>
    </p>
   </div>
   <div class='ocr_carea' id='block_1_14' title="bbox 2097 977 3696 1072">
    <p class='ocr_par' dir='ltr' id='par_1_14' title="bbox 2180 998 3696 1072">
     <span class='ocr_line' id='line_1_14' title="bbox 2180 998 3696 1072; baseline 0.002 -18"><span class='ocrx_word' id='word_1_75' title='bbox 2180 1000 2302 1054; x_wconf 69' lang='lat'><strong>10:2.</strong></span> <span class='ocrx_word' id='word_1_76' title='bbox 2334 999 2548 1054; x_wconf 84' lang='lat' dir='ltr'><strong>Choros</strong></span> <span class='ocrx_word' id='word_1_77' title='bbox 2574 998 2779 1054; x_wconf 87' lang='lat' dir='ltr'><strong>ducens</strong></span> <span class='ocrx_word' id='word_1_78' title='bbox 2807 998 3215 1057; x_wconf 80' lang='lat' dir='ltr'><strong>ecclesiasticos</strong></span> <span class='ocrx_word' id='word_1_79' title='bbox 3241 1014 3400 1057; x_wconf 89' lang='lat' dir='ltr'><strong>sacer</strong></span> <span class='ocrx_word' id='word_1_80' title='bbox 3430 999 3522 1057; x_wconf 87' lang='lat' dir='ltr'><strong>ille</strong></span> <span class='ocrx_word' id='word_1_81' title='bbox 3570 999 3696 1072; x_wconf 84' lang='lat' dir='ltr'><strong>Spi-</strong></span> 
     </span>
    </p>
   </div>
   <div class='ocr_carea' id='block_1_15' title="bbox 413 1077 2012 1165">
    <p class='ocr_par' dir='ltr' id='par_1_15' title="bbox 413 1077 2005 1150">
     <span class='ocr_line' id='line_1_15' title="bbox 413 1077 2005 1150; baseline -0.001 -19"><span class='ocrx_word' id='word_1_82' title='bbox 413 1079 685 1150; x_wconf 85' lang='grc' dir='ltr'>ματῳδὸς,</span> <span class='ocrx_word' id='word_1_83' title='bbox 723 1079 820 1132; x_wconf 78' lang='grc' dir='ltr'><strong>καὶ</strong></span> <span class='ocrx_word' id='word_1_84' title='bbox 846 1077 1184 1132; x_wconf 84' lang='grc' dir='ltr'>δαιταλεύων</span> <span class='ocrx_word' id='word_1_85' title='bbox 1229 1077 1520 1148; x_wconf 82' lang='grc' dir='ltr'>φιλοτήσια</span> <span class='ocrx_word' id='word_1_86' title='bbox 1563 1077 1660 1132; x_wconf 71' lang='grc' dir='ltr'>καὶ</span> <span class='ocrx_word' id='word_1_87' title='bbox 1701 1094 2005 1148; x_wconf 85' lang='grc' dir='ltr'>πνευματι-</span> 
     </span>
    </p>
   </div>
   <div class='ocr_carea' id='block_1_16' title="bbox 2094 1077 3693 1165">
    <p class='ocr_par' dir='ltr' id='par_1_16' title="bbox 2123 1089 3693 1165">
     <span class='ocr_line' id='line_1_16' title="bbox 2123 1089 3693 1165; baseline 0.004 -20"><span class='ocrx_word' id='word_1_88' title='bbox 2123 1092 2228 1146; x_wconf 92' lang='lat' dir='ltr'><strong>ritu</strong></span> <span class='ocrx_word' id='word_1_89' title='bbox 2257 1090 2472 1162; x_wconf 87' lang='lat' dir='ltr'><strong>plenus,</strong></span> <span class='ocrx_word' id='word_1_90' title='bbox 2505 1098 2559 1145; x_wconf 91' lang='lat' dir='ltr'><strong>et</strong></span> <span class='ocrx_word' id='word_1_91' title='bbox 2592 1089 2835 1145; x_wconf 85' lang='lat' dir='ltr'><strong>invitans</strong></span> <span class='ocrx_word' id='word_1_92' title='bbox 2863 1091 2930 1145; x_wconf 87' lang='lat' dir='ltr'><strong>ad</strong></span> <span class='ocrx_word' id='word_1_93' title='bbox 2963 1090 3278 1160; x_wconf 87' lang='lat' dir='ltr'><strong>spirituales</strong></span> <span class='ocrx_word' id='word_1_94' title='bbox 3312 1093 3693 1165; x_wconf 85' lang='lat' dir='ltr'><strong>amabilesque</strong></span> 
     </span>
    </p>
   </div>
   <div class='ocr_carea' id='block_1_17' title="bbox 410 1168 2009 1256">
    <p class='ocr_par' dir='ltr' id='par_1_17' title="bbox 410 1168 2004 1242">
     <span class='ocr_line' id='line_1_17' title="bbox 410 1168 2004 1242; baseline 0 -18"><span class='ocrx_word' id='word_1_95' title='bbox 410 1170 523 1234; x_wconf 85' lang='grc' dir='ltr'><strong>κῶς</strong></span> <span class='ocrx_word' id='word_1_96' title='bbox 570 1171 839 1242; x_wconf 82' lang='grc' dir='ltr'>τρυφερὰ,</span> <span class='ocrx_word' id='word_1_97' title='bbox 894 1170 991 1223; x_wconf 79' lang='grc' dir='ltr'><strong>καὶ</strong></span> <span class='ocrx_word' id='word_1_98' title='bbox 1047 1169 1323 1239; x_wconf 80' lang='grc' dir='ltr'>ἀγλαῖζων</span> <span class='ocrx_word' id='word_1_99' title='bbox 1372 1169 1472 1241; x_wconf 81' lang='grc' dir='ltr'><strong>τὴν</strong></span> <span class='ocrx_word' id='word_1_100' title='bbox 1529 1168 1728 1242; x_wconf 82' lang='grc' dir='ltr'>ἑορτὴν</span> <span class='ocrx_word' id='word_1_101' title='bbox 1783 1169 2004 1224; x_wconf 68' lang='grc' dir='ltr'>ἐννοιῶν</span> 
     </span>
    </p>
   </div>
   <div class='ocr_carea' id='block_1_18' title="bbox 2092 1168 3691 1256">
    <p class='ocr_par' dir='ltr' id='par_1_18' title="bbox 2107 1183 3691 1256">
     <span class='ocr_line' id='line_1_18' title="bbox 2107 1183 3691 1256; baseline 0.003 -18"><span class='ocrx_word' id='word_1_102' title='bbox 2107 1183 2357 1249; x_wconf 87' lang='lat' dir='ltr'><strong>delicias,</strong></span> <span class='ocrx_word' id='word_1_103' title='bbox 2384 1192 2548 1254; x_wconf 87' lang='lat' dir='ltr'><strong>atque</strong></span> <span class='ocrx_word' id='word_1_104' title='bbox 2609 1186 3007 1239; x_wconf 84' lang='lat' dir='ltr'><strong>sententiarum</strong></span> <span class='ocrx_word' id='word_1_105' title='bbox 3061 1185 3444 1254; x_wconf 72' lang='lat' dir='ltr'><strong>varietatibus,</strong></span> <span class='ocrx_word' id='word_1_106' title='bbox 3505 1197 3568 1245; x_wconf 92' lang='lat' dir='ltr'><strong>ut</strong></span> <span class='ocrx_word' id='word_1_107' title='bbox 3606 1188 3691 1256; x_wconf 83' lang='lat' dir='ltr'><strong>ﬁt,</strong></span> 
     </span>
    </p>
   </div>
   <div class='ocr_carea' id='block_1_19' title="bbox 412 1262 2011 1349">
    <p class='ocr_par' dir='ltr' id='par_1_19' title="bbox 412 1262 2002 1336">
     <span class='ocr_line' id='line_1_19' title="bbox 412 1262 2002 1336; baseline -0.001 -20"><span class='ocrx_word' id='word_1_108' title='bbox 412 1264 734 1329; x_wconf 77' lang='grc' dir='ltr'><strong>ποικιλίαις,</strong></span> <span class='ocrx_word' id='word_1_109' title='bbox 763 1263 840 1327; x_wconf 85' lang='grc' dir='ltr'>ὡς</span> <span class='ocrx_word' id='word_1_110' title='bbox 886 1263 1120 1330; x_wconf 76' lang='grc' dir='ltr'>ἔξεστιν,</span> <span class='ocrx_word' id='word_1_111' title='bbox 1150 1262 1394 1336; x_wconf 87' lang='grc' dir='ltr'>ὀχετεύει</span> <span class='ocrx_word' id='word_1_112' title='bbox 1440 1265 1496 1326; x_wconf 75' lang='grc' dir='ltr'>ἐς</span> <span class='ocrx_word' id='word_1_113' title='bbox 1529 1263 1630 1334; x_wconf 81' lang='grc' dir='ltr'>τὴν</span> <span class='ocrx_word' id='word_1_114' title='bbox 1660 1263 1789 1335; x_wconf 77' lang='grc' dir='ltr'>ἄρτι</span> <span class='ocrx_word' id='word_1_115' title='bbox 1833 1280 2002 1317; x_wconf 87' lang='grc' dir='ltr'>πνευ-</span> 
     </span>
    </p>
   </div>
   <div class='ocr_carea' id='block_1_20' title="bbox 2096 1262 3695 1349">
    <p class='ocr_par' dir='ltr' id='par_1_20' title="bbox 2109 1271 3695 1349">
     <span class='ocr_line' id='line_1_20' title="bbox 2109 1271 3695 1349; baseline 0.006 -23"><span class='ocrx_word' id='word_1_116' title='bbox 2109 1271 2464 1328; x_wconf 86' lang='lat' dir='ltr'><strong>festivitatem</strong></span> <span class='ocrx_word' id='word_1_117' title='bbox 2514 1288 2812 1343; x_wconf 84' lang='lat' dir='ltr'><strong>exornans,</strong></span> <span class='ocrx_word' id='word_1_118' title='bbox 2843 1273 3052 1332; x_wconf 89' lang='lat' dir='ltr'><strong>diducit</strong></span> <span class='ocrx_word' id='word_1_119' title='bbox 3081 1277 3139 1332; x_wconf 89' lang='lat' dir='ltr'><strong>in</strong></span> <span class='ocrx_word' id='word_1_120' title='bbox 3188 1288 3517 1348; x_wconf 71' lang='lat' dir='ltr'><strong>praesentem</strong></span> <span class='ocrx_word' id='word_1_121' title='bbox 3583 1277 3695 1349; x_wconf 84' lang='lat' dir='ltr'><strong>spi-</strong></span> 
     </span>
    </p>
   </div>
   <div class='ocr_carea' id='block_1_21' title="bbox 416 1354 2015 1429">
    <p class='ocr_par' dir='ltr' id='par_1_21' title="bbox 416 1354 2000 1427">
     <span class='ocr_line' id='line_1_21' title="bbox 416 1354 2000 1427; baseline 0.001 -20"><span class='ocrx_word' id='word_1_122' title='bbox 416 1356 652 1425; x_wconf 80' lang='grc' dir='ltr'>ματικὴν</span> <span class='ocrx_word' id='word_1_123' title='bbox 679 1357 1017 1426; x_wconf 86' lang='grc' dir='ltr'>πανήγυριν,</span> <span class='ocrx_word' id='word_1_124' title='bbox 1037 1359 1132 1409; x_wconf 87' lang='grc' dir='ltr'><strong>καί</strong></span> <span class='ocrx_word' id='word_1_125' title='bbox 1159 1354 1438 1410; x_wconf 83' lang='grc' dir='ltr'>θειοτάτου</span> <span class='ocrx_word' id='word_1_126' title='bbox 1467 1355 1696 1425; x_wconf 79' lang='grc' dir='ltr'>λουτροῦ</span> <span class='ocrx_word' id='word_1_127' title='bbox 1725 1355 2000 1427; x_wconf 86' lang='grc' dir='ltr'>κέρασμα,</span> 
     </span>
    </p>
   </div>
   <div class='ocr_carea' id='block_1_22' title="bbox 2094 1354 3693 1429">
    <p class='ocr_par' dir='ltr' id='par_1_22' title="bbox 2109 1366 3693 1429">
     <span class='ocr_line' id='line_1_22' title="bbox 2109 1366 3693 1429; baseline 0.005 -9"><span class='ocrx_word' id='word_1_128' title='bbox 2109 1366 2363 1422; x_wconf 89' lang='lat' dir='ltr'><strong>ritualem</strong></span> <span class='ocrx_word' id='word_1_129' title='bbox 2394 1374 2599 1424; x_wconf 72' lang='lat' dir='ltr'><strong>coetum</strong></span> <span class='ocrx_word' id='word_1_130' title='bbox 2661 1367 2826 1423; x_wconf 88' lang='lat' dir='ltr'><strong>etiam</strong></span> <span class='ocrx_word' id='word_1_131' title='bbox 2880 1367 3209 1426; x_wconf 84' lang='lat' dir='ltr'><strong>divinissimi</strong></span> <span class='ocrx_word' id='word_1_132' title='bbox 3274 1371 3452 1428; x_wconf 90' lang='lat' dir='ltr'><strong>balnei</strong></span> <span class='ocrx_word' id='word_1_133' title='bbox 3480 1372 3693 1429; x_wconf 88' lang='lat' dir='ltr'><strong>mlstio-</strong></span> 
     </span>
    </p>
   </div>
   <div class='ocr_carea' id='block_1_23' title="bbox 410 1447 2009 1538">
    <p class='ocr_par' dir='ltr' id='par_1_23' title="bbox 410 1447 2008 1521">
     <span class='ocr_line' id='line_1_23' title="bbox 410 1447 2008 1521; baseline 0.001 -20"><span class='ocrx_word' id='word_1_134' title='bbox 410 1447 472 1501; x_wconf 82' lang='grc' dir='ltr'><strong>οῦ</strong></span> <span class='ocrx_word' id='word_1_135' title='bbox 513 1447 592 1518; x_wconf 85' lang='grc' dir='ltr'>τῷ</span> <span class='ocrx_word' id='word_1_136' title='bbox 630 1448 771 1518; x_wconf 83' lang='grc' dir='ltr'>ἁγίῳ</span> <span class='ocrx_word' id='word_1_137' title='bbox 813 1450 1098 1521; x_wconf 84' lang='grc' dir='ltr'>Πνεύματι</span> <span class='ocrx_word' id='word_1_138' title='bbox 1135 1451 1385 1520; x_wconf 79' lang='grc' dir='ltr'>μέτεστι,</span> <span class='ocrx_word' id='word_1_139' title='bbox 1418 1449 1482 1503; x_wconf 84' lang='lat' dir='ltr'><strong>rb</strong></span> <span class='ocrx_word' id='word_1_140' title='bbox 1517 1449 1578 1503; x_wconf 87' lang='grc' dir='ltr'>δέ</span> <span class='ocrx_word' id='word_1_141' title='bbox 1603 1450 1723 1504; x_wconf 72' lang='grc' dir='ltr'>ἐστι</span> <span class='ocrx_word' id='word_1_142' title='bbox 1769 1453 1833 1503; x_wconf 85' lang='grc' dir='ltr'><strong>τὸ</strong></span> <span class='ocrx_word' id='word_1_143' title='bbox 1864 1449 2008 1503; x_wconf 84' lang='grc' dir='ltr'><strong>κατὰ</strong></span> 
     </span>
    </p>
   </div>
   <div class='ocr_carea' id='block_1_24' title="bbox 2093 1447 3692 1538">
    <p class='ocr_par' dir='ltr' id='par_1_24' title="bbox 2109 1461 3692 1538">
     <span class='ocr_line' id='line_1_24' title="bbox 2109 1461 3692 1538; baseline 0.005 -24"><span class='ocrx_word' id='word_1_144' title='bbox 2109 1475 2259 1525; x_wconf 85' lang='lat' dir='ltr'><strong>nem,</strong></span> <span class='ocrx_word' id='word_1_145' title='bbox 2291 1461 2438 1529; x_wconf 88' lang='lat' dir='ltr'><strong>quod</strong></span> <span class='ocrx_word' id='word_1_146' title='bbox 2465 1476 2592 1517; x_wconf 88' lang='lat' dir='ltr'><strong>cum</strong></span> <span class='ocrx_word' id='word_1_147' title='bbox 2636 1472 2829 1518; x_wconf 88' lang='lat' dir='ltr'><strong>sancto</strong></span> <span class='ocrx_word' id='word_1_148' title='bbox 2860 1461 3069 1533; x_wconf 85' lang='lat' dir='ltr'><strong>Spiritu</strong></span> <span class='ocrx_word' id='word_1_149' title='bbox 3094 1471 3305 1534; x_wconf 82' lang='lat' dir='ltr'><strong>partem</strong></span> <span class='ocrx_word' id='word_1_150' title='bbox 3340 1464 3506 1521; x_wconf 81' lang='lat' dir='ltr'><strong>habet</strong></span> <span class='ocrx_word' id='word_1_151' title='bbox 3561 1464 3692 1538; x_wconf 90' lang='lat' dir='ltr'><strong>(hoc</strong></span> 
     </span>
    </p>
   </div>
   <div class='ocr_carea' id='block_1_25' title="bbox 409 1539 2008 1627">
    <p class='ocr_par' dir='ltr' id='par_1_25' title="bbox 409 1539 1998 1612">
     <span class='ocr_line' id='line_1_25' title="bbox 409 1539 1998 1612; baseline 0.003 -19"><span class='ocrx_word' id='word_1_152' title='bbox 409 1539 470 1593; x_wconf 97' lang='lat' dir='ltr'><strong>rb</strong></span> <span class='ocrx_word' id='word_1_153' title='bbox 501 1540 663 1610; x_wconf 81' lang='grc' dir='ltr'>άγιον</span> <span class='ocrx_word' id='word_1_154' title='bbox 695 1541 1004 1611; x_wconf 83' lang='grc' dir='ltr'>βάπτισμα,</span> <span class='ocrx_word' id='word_1_155' title='bbox 1047 1541 1141 1596; x_wconf 60' lang='grc' dir='ltr'><strong>καὶ¹</strong></span> <span class='ocrx_word' id='word_1_156' title='bbox 1179 1541 1486 1596; x_wconf 80' lang='grc' dir='ltr'><strong>διατίθεται</strong></span> <span class='ocrx_word' id='word_1_157' title='bbox 1515 1543 1615 1612; x_wconf 79' lang='grc' dir='ltr'><strong>τὴν</strong></span> <span class='ocrx_word' id='word_1_158' title='bbox 1661 1541 1875 1597; x_wconf 74' lang='grc' dir='ltr'>ἔννοιαν</span> <span class='ocrx_word' id='word_1_159' title='bbox 1903 1541 1998 1597; x_wconf 90' lang='grc' dir='ltr'><strong>τοῦ</strong></span> 
     </span>
    </p>
   </div>
   <div class='ocr_carea' id='block_1_26' title="bbox 2097 1539 3696 1627">
    <p class='ocr_par' dir='ltr' id='par_1_26' title="bbox 2108 1554 3696 1627">
     <span class='ocr_line' id='line_1_26' title="bbox 2108 1554 3696 1627; baseline 0.003 -19"><span class='ocrx_word' id='word_1_160' title='bbox 2108 1567 2213 1616; x_wconf 89' lang='lat' dir='ltr'><strong>est.</strong></span> <span class='ocrx_word' id='word_1_161' title='bbox 2251 1554 2429 1609; x_wconf 80' lang='lat' dir='ltr'><strong>sancti</strong></span> <span class='ocrx_word' id='word_1_162' title='bbox 2476 1555 2821 1625; x_wconf 86' lang='lat' dir='ltr'><strong>baptismatis</strong></span> <span class='ocrx_word' id='word_1_163' title='bbox 2861 1556 3163 1627; x_wconf 86' lang='lat' dir='ltr'><strong>lavacrum)</strong></span> <span class='ocrx_word' id='word_1_164' title='bbox 3208 1596 3224 1623; x_wconf 92' lang='lat'><strong>,</strong></span> <span class='ocrx_word' id='word_1_165' title='bbox 3256 1565 3312 1614; x_wconf 89' lang='lat' dir='ltr'><strong>et</strong></span> <span class='ocrx_word' id='word_1_166' title='bbox 3339 1557 3540 1613; x_wconf 83' lang='lat' dir='ltr'><strong>eximie</strong></span> <span class='ocrx_word' id='word_1_167' title='bbox 3570 1573 3696 1614; x_wconf 88' lang='lat' dir='ltr'><strong>sen-</strong></span> 
     </span>
    </p>
   </div>
   <div class='ocr_carea' id='block_1_27' title="bbox 409 1633 2008 1720">
    <p class='ocr_par' dir='ltr' id='par_1_27' title="bbox 409 1633 2005 1706">
     <span class='ocr_line' id='line_1_27' title="bbox 409 1633 2005 1706; baseline 0.001 -21"><span class='ocrx_word' id='word_1_168' title='bbox 409 1633 711 1702; x_wconf 78' lang='grc' dir='ltr'>τροτταρίου</span> <span class='ocrx_word' id='word_1_169' title='bbox 742 1634 991 1705; x_wconf 82' lang='grc' dir='ltr'>γλυκέως</span> <span class='ocrx_word' id='word_1_170' title='bbox 1034 1633 1110 1697; x_wconf 83' lang='grc' dir='ltr'>ὡς</span> <span class='ocrx_word' id='word_1_171' title='bbox 1144 1634 1281 1704; x_wconf 76' lang='grc' dir='ltr'>πρὸς</span> <span class='ocrx_word' id='word_1_172' title='bbox 1335 1633 1661 1689; x_wconf 82' lang='grc' dir='ltr'>ἀκολουθίαν</span> <span class='ocrx_word' id='word_1_173' title='bbox 1701 1633 2005 1706; x_wconf 79' lang='grc' dir='ltr'>λουτρῶνος</span> 
     </span>
    </p>
   </div>
   <div class='ocr_carea' id='block_1_28' title="bbox 2096 1633 3695 1720">
    <p class='ocr_par' dir='ltr' id='par_1_28' title="bbox 2111 1646 3695 1720">
     <span class='ocr_line' id='line_1_28' title="bbox 2111 1646 3695 1720; baseline 0.006 -24"><span class='ocrx_word' id='word_1_174' title='bbox 2111 1647 2339 1699; x_wconf 79' lang='lat' dir='ltr'><strong>tentiam</strong></span> <span class='ocrx_word' id='word_1_175' title='bbox 2370 1647 2610 1716; x_wconf 71' lang='lat' dir='ltr'><strong>stropha:</strong></span> <span class='ocrx_word' id='word_1_176' title='bbox 2639 1646 2902 1717; x_wconf 81' lang='lat' dir='ltr'><strong>disponit,</strong></span> <span class='ocrx_word' id='word_1_177' title='bbox 2940 1658 3200 1720; x_wconf 88' lang='lat' dir='ltr'><strong>tanquam</strong></span> <span class='ocrx_word' id='word_1_178' title='bbox 3228 1649 3298 1705; x_wconf 91' lang='lat' dir='ltr'><strong>ad</strong></span> <span class='ocrx_word' id='word_1_179' title='bbox 3332 1649 3512 1706; x_wconf 86' lang='lat' dir='ltr'><strong>balnei</strong></span> <span class='ocrx_word' id='word_1_180' title='bbox 3560 1663 3695 1706; x_wconf 84' lang='lat' dir='ltr'><strong>con-</strong></span> 
     </span>
    </p>
   </div>
   <div class='ocr_carea' id='block_1_29' title="bbox 408 1726 2007 1840">
    <p class='ocr_par' dir='ltr' id='par_1_29' title="bbox 408 1726 2006 1840">
     <span class='ocr_line' id='line_1_29' title="bbox 408 1726 2006 1798; baseline 0.001 -21"><span class='ocrx_word' id='word_1_181' title='bbox 408 1726 632 1789; x_wconf 77' lang='grc' dir='ltr'>ὁποίους</span> <span class='ocrx_word' id='word_1_182' title='bbox 665 1727 716 1780; x_wconf 80' lang='lat' dir='ltr'><strong>oi</strong></span> <span class='ocrx_word' id='word_1_183' title='bbox 767 1726 1185 1798; x_wconf 79' lang='grc' dir='ltr'>καθαρειότεροι</span> <span class='ocrx_word' id='word_1_184' title='bbox 1240 1727 1614 1792; x_wconf 69' lang='grc' dir='ltr'>σκευάζουσι*</span> <span class='ocrx_word' id='word_1_185' title='bbox 1670 1728 2006 1797; x_wconf 84' lang='grc' dir='ltr'>κεράννυται</span> 
     </span>
     <span class='ocr_line' id='line_1_30' title="bbox 433 1819 1986 1840; baseline 0 0"><span class='ocrx_word' id='word_1_186' title='bbox 433 1821 512 1840; x_wconf 70' lang='grc' dir='ltr'><strong>-ξ-</strong></span> <span class='ocrx_word' id='word_1_187' title='bbox 570 1839 579 1840; x_wconf 33' lang='grc' dir='ltr'><strong>ε</strong></span> <span class='ocrx_word' id='word_1_188' title='bbox 618 1819 696 1840; x_wconf 66' lang='lat'><strong>,,-9</strong></span> <span class='ocrx_word' id='word_1_189' title='bbox 751 1820 864 1840; x_wconf 24' lang='grc' dir='ltr'><strong>’.θεῖ’</strong></span> <span class='ocrx_word' id='word_1_190' title='bbox 906 1838 979 1840; x_wconf 58' lang='lat'><strong>_,,</strong></span> <span class='ocrx_word' id='word_1_191' title='bbox 1020 1820 1068 1840; x_wconf 55' lang='lat'><strong>,,\</strong></span> <span class='ocrx_word' id='word_1_192' title='bbox 1132 1820 1305 1840; x_wconf 32' lang='lat' dir='ltr'><strong>\,,&quot;a__</strong></span> <span class='ocrx_word' id='word_1_193' title='bbox 1385 1819 1632 1840; x_wconf 32' lang='lat' dir='ltr'><strong>AAHZ---</strong></span> <span class='ocrx_word' id='word_1_194' title='bbox 1690 1819 1810 1840; x_wconf 47' lang='lat' dir='ltr'><strong>-J,‘</strong></span> <span class='ocrx_word' id='word_1_195' title='bbox 1858 1821 1986 1840; x_wconf 28' lang='lat' dir='ltr'><strong>A_a__)</strong></span> 
     </span>
    </p>
   </div>
   <div class='ocr_carea' id='block_1_30' title="bbox 2097 1726 3696 1840">
    <p class='ocr_par' dir='ltr' id='par_1_30' title="bbox 2112 1739 3696 1811">
     <span class='ocr_line' id='line_1_31' title="bbox 2112 1739 3696 1811; baseline 0.005 -19"><span class='ocrx_word' id='word_1_196' title='bbox 2112 1739 2366 1799; x_wconf 85' lang='lat' dir='ltr'><strong>scctaria,</strong></span> <span class='ocrx_word' id='word_1_197' title='bbox 2393 1739 2576 1808; x_wconf 91' lang='lat' dir='ltr'><strong>qualia</strong></span> <span class='ocrx_word' id='word_1_198' title='bbox 2608 1739 2956 1796; x_wconf 84' lang='lat' dir='ltr'><strong>balneatores</strong></span> <span class='ocrx_word' id='word_1_199' title='bbox 2999 1753 3215 1811; x_wconf 87' lang='lat' dir='ltr'><strong>parant.</strong></span> <span class='ocrx_word' id='word_1_200' title='bbox 3244 1742 3503 1800; x_wconf 80' lang='lat' dir='ltr'><strong>Miscetur</strong></span> <span class='ocrx_word' id='word_1_201' title='bbox 3547 1745 3696 1800; x_wconf 90' lang='lat' dir='ltr'><strong>enim</strong></span> 
     </span>
    </p>
   </div>
   <div class='ocr_carea' id='block_1_31' title="bbox 420 1819 2019 1907">
    <p class='ocr_par' dir='ltr' id='par_1_31' title="bbox 420 1819 1998 1892">
     <span class='ocr_line' id='line_1_32' title="bbox 420 1819 1998 1892; baseline 0.001 -20"><span class='ocrx_word' id='word_1_202' title='bbox 420 1821 518 1890; x_wconf 68' lang='grc' dir='ltr'>ίᾶρ</span> <span class='ocrx_word' id='word_1_203' title='bbox 567 1819 696 1891; x_wconf 85' lang='grc' dir='ltr'>παρ’</span> <span class='ocrx_word' id='word_1_204' title='bbox 747 1820 980 1883; x_wconf 71' lang='grc' dir='ltr'>ἐκείνοις</span> <span class='ocrx_word' id='word_1_205' title='bbox 1016 1820 1076 1874; x_wconf 86' lang='grc' dir='ltr'><strong>τὸ</strong></span> <span class='ocrx_word' id='word_1_206' title='bbox 1132 1820 1329 1891; x_wconf 85' lang='grc' dir='ltr'>λοῦμα,</span> <span class='ocrx_word' id='word_1_207' title='bbox 1385 1819 1634 1892; x_wconf 82' lang='grc' dir='ltr'>θυμῆρες</span> <span class='ocrx_word' id='word_1_208' title='bbox 1683 1819 1818 1873; x_wconf 78' lang='grc' dir='ltr'>αὐτὸ</span> <span class='ocrx_word' id='word_1_209' title='bbox 1857 1821 1998 1874; x_wconf 79' lang='grc' dir='ltr'>κατὰ</span> 
     </span>
    </p>
   </div>
   <div class='ocr_carea' id='block_1_32' title="bbox 2096 1819 3695 1907">
    <p class='ocr_par' dir='ltr' id='par_1_32' title="bbox 2111 1829 3695 1907">
     <span class='ocr_line' id='line_1_33' title="bbox 2111 1829 3695 1907; baseline 0.005 -24"><span class='ocrx_word' id='word_1_210' title='bbox 2111 1829 2181 1884; x_wconf 83' lang='lat' dir='ltr'><strong>ab</strong></span> <span class='ocrx_word' id='word_1_211' title='bbox 2211 1831 2329 1885; x_wconf 88' lang='lat' dir='ltr'><strong>istis</strong></span> <span class='ocrx_word' id='word_1_212' title='bbox 2370 1831 2668 1898; x_wconf 84' lang='lat' dir='ltr'><strong>lavacrum,</strong></span> <span class='ocrx_word' id='word_1_213' title='bbox 2697 1833 2752 1888; x_wconf 87' lang='lat' dir='ltr'><strong>in</strong></span> <span class='ocrx_word' id='word_1_214' title='bbox 2789 1847 2953 1905; x_wconf 88' lang='lat' dir='ltr'><strong>caput</strong></span> <span class='ocrx_word' id='word_1_215' title='bbox 2985 1843 3039 1893; x_wconf 89' lang='lat' dir='ltr'><strong>et</strong></span> <span class='ocrx_word' id='word_1_216' title='bbox 3061 1835 3324 1892; x_wconf 88' lang='lat' dir='ltr'><strong>humeros</strong></span> <span class='ocrx_word' id='word_1_217' title='bbox 3379 1835 3513 1892; x_wconf 89' lang='lat' dir='ltr'><strong>illud</strong></span> <span class='ocrx_word' id='word_1_218' title='bbox 3565 1851 3695 1907; x_wconf 75' lang='lat' dir='ltr'><strong>gra-</strong></span> 
     </span>
    </p>
   </div>
   <div class='ocr_carea' id='block_1_33' title="bbox 410 1909 2009 1996">
    <p class='ocr_par' dir='ltr' id='par_1_33' title="bbox 410 1909 1985 1982">
     <span class='ocr_line' id='line_1_34' title="bbox 410 1909 1985 1982; baseline -0.001 -17"><span class='ocrx_word' id='word_1_219' title='bbox 410 1913 610 1982; x_wconf 72' lang='grc' dir='ltr'>κράῖος</span> <span class='ocrx_word' id='word_1_220' title='bbox 664 1928 723 1964; x_wconf 87' lang='grc' dir='ltr'><strong>τε</strong></span> <span class='ocrx_word' id='word_1_221' title='bbox 773 1911 867 1965; x_wconf 75' lang='grc' dir='ltr'>καὶ</span> <span class='ocrx_word' id='word_1_222' title='bbox 916 1909 1084 1981; x_wconf 78' lang='grc' dir='ltr'>ὤμων</span> <span class='ocrx_word' id='word_1_223' title='bbox 1136 1913 1566 1982; x_wconf 80' lang='grc' dir='ltr'>κερασαμένοις,</span> <span class='ocrx_word' id='word_1_224' title='bbox 1619 1910 1715 1964; x_wconf 78' lang='grc' dir='ltr'>καὶ</span> <span class='ocrx_word' id='word_1_225' title='bbox 1771 1911 1985 1982; x_wconf 79' lang='grc' dir='ltr'>ῥεῖθρον</span> 
     </span>
    </p>
   </div>
   <div class='ocr_carea' id='block_1_34' title="bbox 2096 1909 3695 1996">
    <p class='ocr_par' dir='ltr' id='par_1_34' title="bbox 2107 1921 3695 1996">
     <span class='ocr_line' id='line_1_35' title="bbox 2107 1921 3695 1996; baseline 0.003 -21"><span class='ocrx_word' id='word_1_226' title='bbox 2107 1929 2222 1975; x_wconf 88' lang='lat' dir='ltr'><strong>tum</strong></span> <span class='ocrx_word' id='word_1_227' title='bbox 2249 1921 2680 1991; x_wconf 84' lang='lat' dir='ltr'><strong>infundentibus,</strong></span> <span class='ocrx_word' id='word_1_228' title='bbox 2707 1925 2944 1996; x_wconf 85' lang='lat' dir='ltr'><strong>huicque</strong></span> <span class='ocrx_word' id='word_1_229' title='bbox 2977 1926 3126 1984; x_wconf 89' lang='lat' dir='ltr'><strong>velut</strong></span> <span class='ocrx_word' id='word_1_230' title='bbox 3148 1927 3324 1983; x_wconf 84' lang='lat' dir='ltr'><strong>imber</strong></span> <span class='ocrx_word' id='word_1_231' title='bbox 3353 1928 3512 1984; x_wconf 88' lang='lat' dir='ltr'><strong>dulce</strong></span> <span class='ocrx_word' id='word_1_232' title='bbox 3535 1927 3695 1983; x_wconf 81' lang='lat' dir='ltr'><strong>didu-</strong></span> 
     </span>
    </p>
   </div>
   <div class='ocr_carea' id='block_1_35' title="bbox 409 2007 2008 2080">
    <p class='ocr_par' dir='ltr' id='par_1_35' title="bbox 409 2007 1990 2080">
     <span class='ocr_line' id='line_1_36' title="bbox 409 2007 1990 2080; baseline 0 -18"><span class='ocrx_word' id='word_1_233' title='bbox 409 2010 594 2064; x_wconf 80' lang='grc' dir='ltr'>ἐκεῖσε</span> <span class='ocrx_word' id='word_1_234' title='bbox 624 2009 941 2080; x_wconf 84' lang='grc' dir='ltr'>χορηγεϊται</span> <span class='ocrx_word' id='word_1_235' title='bbox 974 2007 1158 2078; x_wconf 79' lang='grc' dir='ltr'>ἱλαρὸν</span> <span class='ocrx_word' id='word_1_236' title='bbox 1184 2008 1371 2061; x_wconf 82' lang='grc' dir='ltr'>ὁποῖόν</span> <span class='ocrx_word' id='word_1_237' title='bbox 1399 2025 1453 2062; x_wconf 89' lang='grc' dir='ltr'><strong>τι</strong></span> <span class='ocrx_word' id='word_1_238' title='bbox 1487 2009 1579 2060; x_wconf 78' lang='grc' dir='ltr'>καὶ</span> <span class='ocrx_word' id='word_1_239' title='bbox 1607 2007 1670 2061; x_wconf 85' lang='grc' dir='ltr'><strong>τὸ</strong></span> <span class='ocrx_word' id='word_1_240' title='bbox 1718 2007 1949 2077; x_wconf 74' lang='grc' dir='ltr'>ὄμϐριον</span> <span class='ocrx_word' id='word_1_241' title='bbox 1976 2025 1990 2038; x_wconf 70' lang='grc' dir='ltr'>θ</span> 
     </span>
    </p>
   </div>
   <div class='ocr_carea' id='block_1_36' title="bbox 2094 2007 3693 2080">
    <p class='ocr_par' dir='ltr' id='par_1_36' title="bbox 2105 2013 3693 2075">
     <span class='ocr_line' id='line_1_37' title="bbox 2105 2013 3693 2075; baseline 0.004 -8"><span class='ocrx_word' id='word_1_242' title='bbox 2105 2013 2249 2068; x_wconf 90' lang='lat' dir='ltr'><strong>citur</strong></span> <span class='ocrx_word' id='word_1_243' title='bbox 2279 2013 2563 2070; x_wconf 83' lang='lat' dir='ltr'><strong>ﬂuentum.</strong></span> <span class='ocrx_word' id='word_1_244' title='bbox 2594 2015 2809 2072; x_wconf 79' lang='lat' dir='ltr'><strong>Curant</strong></span> <span class='ocrx_word' id='word_1_245' title='bbox 2837 2029 3020 2075; x_wconf 83' lang='lat' dir='ltr'><strong>autem</strong></span> <span class='ocrx_word' id='word_1_246' title='bbox 3051 2019 3139 2074; x_wconf 87' lang='lat' dir='ltr'><strong>isti</strong></span> <span class='ocrx_word' id='word_1_247' title='bbox 3170 2018 3440 2075; x_wconf 82' lang='lat' dir='ltr'><strong>fervorem</strong></span> <span class='ocrx_word' id='word_1_248' title='bbox 3467 2021 3693 2075; x_wconf 90' lang='lat' dir='ltr'><strong>bonum.</strong></span> 
     </span>
    </p>
   </div>
   <div class='ocr_carea' id='block_1_37' title="bbox 410 2097 2009 2182">
    <p class='ocr_par' dir='ltr' id='par_1_37' title="bbox 410 2097 1996 2172">
     <span class='ocr_line' id='line_1_38' title="bbox 410 2097 1996 2172; baseline -0.001 -19"><span class='ocrx_word' id='word_1_249' title='bbox 410 2100 826 2172; x_wconf 78' lang='grc' dir='ltr'>φιλοτιμοῦνται</span> <span class='ocrx_word' id='word_1_250' title='bbox 869 2099 933 2152; x_wconf 71' lang='grc' dir='ltr'><em>δὲ</em></span> <span class='ocrx_word' id='word_1_251' title='bbox 959 2098 1110 2163; x_wconf 80' lang='grc' dir='ltr'>ζέσιν</span> <span class='ocrx_word' id='word_1_252' title='bbox 1163 2100 1362 2153; x_wconf 67' lang='grc' dir='ltr'>ἐκεῖνοι</span> <span class='ocrx_word' id='word_1_253' title='bbox 1411 2097 1812 2168; x_wconf 82' lang='grc' dir='ltr'>ἀγαθύνουσαν.</span> <span class='ocrx_word' id='word_1_254' title='bbox 1852 2099 1996 2171; x_wconf 75' lang='grc' dir='ltr'>Πρὸς</span> 
     </span>
    </p>
   </div>
   <div class='ocr_carea' id='block_1_38' title="bbox 2096 2097 3695 2182">
    <p class='ocr_par' dir='ltr' id='par_1_38' title="bbox 2106 2103 3695 2182">
     <span class='ocr_line' id='line_1_39' title="bbox 2106 2103 3695 2182; baseline 0.006 -25"><span class='ocrx_word' id='word_1_255' title='bbox 2106 2103 2270 2159; x_wconf 75' lang='lat' dir='ltr'><strong>Juxta</strong></span> <span class='ocrx_word' id='word_1_256' title='bbox 2295 2106 2455 2162; x_wconf 85' lang='lat' dir='ltr'><strong>talem</strong></span> <span class='ocrx_word' id='word_1_257' title='bbox 2510 2109 2674 2178; x_wconf 82' lang='lat' dir='ltr'><strong>igitur</strong></span> <span class='ocrx_word' id='word_1_258' title='bbox 2707 2109 2871 2180; x_wconf 87' lang='lat' dir='ltr'><strong>hujus</strong></span> <span class='ocrx_word' id='word_1_259' title='bbox 2917 2112 3153 2182; x_wconf 75' lang='lat' dir='ltr'><strong>strophae</strong></span> <span class='ocrx_word' id='word_1_260' title='bbox 3189 2111 3492 2181; x_wconf 86' lang='lat' dir='ltr'><strong>disponens</strong></span> <span class='ocrx_word' id='word_1_261' title='bbox 3548 2111 3695 2167; x_wconf 87' lang='lat' dir='ltr'><strong>ordi-</strong></span> 
     </span>
    </p>
   </div>
   <div class='ocr_carea' id='block_1_39' title="bbox 409 2190 2008 2264">
    <p class='ocr_par' dir='ltr' id='par_1_39' title="bbox 409 2190 1996 2264">
     <span class='ocr_line' id='line_1_40' title="bbox 409 2190 1996 2264; baseline -0.001 -19"><span class='ocrx_word' id='word_1_262' title='bbox 409 2194 544 2264; x_wconf 78' lang='grc' dir='ltr'>γοῦν</span> <span class='ocrx_word' id='word_1_263' title='bbox 595 2193 857 2262; x_wconf 82' lang='grc' dir='ltr'>τοιαύτην</span> <span class='ocrx_word' id='word_1_264' title='bbox 895 2191 1042 2245; x_wconf 80' lang='grc' dir='ltr'>ἰδέαν</span> <span class='ocrx_word' id='word_1_265' title='bbox 1092 2191 1270 2245; x_wconf 76' lang='grc' dir='ltr'>ἕλκων</span> <span class='ocrx_word' id='word_1_266' title='bbox 1293 2193 1322 2246; x_wconf 92' lang='lat'><strong>6</strong></span> <span class='ocrx_word' id='word_1_267' title='bbox 1352 2191 1592 2263; x_wconf 79' lang='grc' dir='ltr'>μελῳδὸς</span> <span class='ocrx_word' id='word_1_268' title='bbox 1633 2190 1732 2263; x_wconf 80' lang='grc' dir='ltr'>τὴν</span> <span class='ocrx_word' id='word_1_269' title='bbox 1757 2191 1996 2245; x_wconf 78' lang='grc' dir='ltr'>διάθεσιν</span> 
     </span>
    </p>
   </div>
   <div class='ocr_carea' id='block_1_40' title="bbox 2099 2190 3698 2264">
    <p class='ocr_par' dir='ltr' id='par_1_40' title="bbox 2107 2198 3698 2264">
     <span class='ocr_line' id='line_1_41' title="bbox 2107 2198 3698 2264; baseline 0.005 -14"><span class='ocrx_word' id='word_1_270' title='bbox 2107 2213 2230 2251; x_wconf 87' lang='lat' dir='ltr'><strong>netu</strong></span> <span class='ocrx_word' id='word_1_271' title='bbox 2270 2198 2539 2264; x_wconf 89' lang='lat' dir='ltr'><strong>melodus,</strong></span> <span class='ocrx_word' id='word_1_272' title='bbox 2569 2200 2778 2256; x_wconf 88' lang='lat' dir='ltr'><strong>hancce</strong></span> <span class='ocrx_word' id='word_1_273' title='bbox 2823 2203 3018 2258; x_wconf 87' lang='lat' dir='ltr'><strong>scribit</strong></span> <span class='ocrx_word' id='word_1_274' title='bbox 3078 2203 3404 2258; x_wconf 89' lang='lat' dir='ltr'><strong>sententiam</strong></span> <span class='ocrx_word' id='word_1_275' title='bbox 3437 2219 3452 2256; x_wconf 88' lang='lat'><strong>:</strong></span> <span class='ocrx_word' id='word_1_276' title='bbox 3485 2200 3530 2260; x_wconf 86' lang='grc' dir='ltr'><strong>Ο</strong></span> <span class='ocrx_word' id='word_1_277' title='bbox 3557 2204 3698 2258; x_wconf 85' lang='lat' dir='ltr'><strong>Deus</strong></span> 
     </span>
    </p>
   </div>
   <div class='ocr_carea' id='block_1_41' title="bbox 407 2282 2006 2364">
    <p class='ocr_par' dir='ltr' id='par_1_41' title="bbox 407 2282 1994 2355">
     <span class='ocr_line' id='line_1_42' title="bbox 407 2282 1994 2355; baseline -0.001 -16"><span class='ocrx_word' id='word_1_278' title='bbox 407 2286 505 2340; x_wconf 85' lang='grc' dir='ltr'><strong>τοῦ</strong></span> <span class='ocrx_word' id='word_1_279' title='bbox 562 2283 918 2355; x_wconf 86' lang='grc' dir='ltr'>ὲορτοιστικοῦ</span> <span class='ocrx_word' id='word_1_280' title='bbox 953 2282 1108 2336; x_wconf 85' lang='grc' dir='ltr'>τοῦδε</span> <span class='ocrx_word' id='word_1_281' title='bbox 1149 2285 1474 2354; x_wconf 80' lang='grc' dir='ltr'>τροπαρίου,</span> <span class='ocrx_word' id='word_1_282' title='bbox 1528 2282 1740 2337; x_wconf 79' lang='grc' dir='ltr'>ἔννοιαν</span> <span class='ocrx_word' id='word_1_283' title='bbox 1789 2284 1994 2354; x_wconf 73' lang='grc' dir='ltr'>γράφει</span> 
     </span>
    </p>
   </div>
   <div class='ocr_carea' id='block_1_42' title="bbox 2094 2282 3693 2364">
    <p class='ocr_par' dir='ltr' id='par_1_42' title="bbox 2113 2286 3693 2364">
     <span class='ocr_line' id='line_1_43' title="bbox 2113 2286 3693 2364; baseline 0.005 -22"><span class='ocrx_word' id='word_1_284' title='bbox 2113 2286 2346 2344; x_wconf 86' lang='lat' dir='ltr'><strong>Verbum</strong></span> <span class='ocrx_word' id='word_1_285' title='bbox 2373 2289 2467 2360; x_wconf 87' lang='lat' dir='ltr'><strong>qui</strong></span> <span class='ocrx_word' id='word_1_286' title='bbox 2483 2290 2808 2348; x_wconf 71' lang='lat' dir='ltr'><strong>Christiana:</strong></span> <span class='ocrx_word' id='word_1_287' title='bbox 2826 2294 3258 2364; x_wconf 78' lang='lat' dir='ltr'><strong>regenerationis</strong></span> <span class='ocrx_word' id='word_1_288' title='bbox 3275 2293 3520 2350; x_wconf 85' lang='lat' dir='ltr'><strong>divinum</strong></span> <span class='ocrx_word' id='word_1_289' title='bbox 3543 2295 3693 2350; x_wconf 67' lang='lat' dir='ltr'><strong>lavav</strong></span> 
     </span>
    </p>
   </div>
   <div class='ocr_carea' id='block_1_43' title="bbox 407 2375 2006 2452">
    <p class='ocr_par' dir='ltr' id='par_1_43' title="bbox 407 2375 1992 2448">
     <span class='ocr_line' id='line_1_44' title="bbox 407 2375 1992 2448; baseline -0.002 -15"><span class='ocrx_word' id='word_1_290' title='bbox 407 2379 619 2435; x_wconf 74' lang='grc' dir='ltr'>τοιάνδε</span> <span class='ocrx_word' id='word_1_291' title='bbox 643 2395 656 2409; x_wconf 73' lang='grc' dir='ltr'><strong><em>ο</em></strong></span> <span class='ocrx_word' id='word_1_292' title='bbox 681 2375 754 2430; x_wconf 63' lang='grc' dir='ltr'>Ὠ</span> <span class='ocrx_word' id='word_1_293' title='bbox 808 2377 944 2430; x_wconf 86' lang='grc' dir='ltr'>Θεοῦ</span> <span class='ocrx_word' id='word_1_294' title='bbox 979 2379 1142 2443; x_wconf 81' lang='grc' dir='ltr'>Λόγε,</span> <span class='ocrx_word' id='word_1_295' title='bbox 1177 2376 1236 2431; x_wconf 87' lang='lat' dir='ltr'><strong>rb</strong></span> <span class='ocrx_word' id='word_1_296' title='bbox 1269 2375 1413 2430; x_wconf 88' lang='grc' dir='ltr'>θεῖον</span> <span class='ocrx_word' id='word_1_297' title='bbox 1455 2375 1679 2448; x_wconf 72' lang='grc' dir='ltr'>λουτρὸν</span> <span class='ocrx_word' id='word_1_298' title='bbox 1725 2377 1823 2447; x_wconf 83' lang='grc' dir='ltr'>τῆς</span> <span class='ocrx_word' id='word_1_299' title='bbox 1859 2377 1992 2447; x_wconf 86' lang='grc' dir='ltr'>Χρι-</span> 
     </span>
    </p>
   </div>
   <div class='ocr_carea' id='block_1_44' title="bbox 2101 2375 3700 2452">
    <p class='ocr_par' dir='ltr' id='par_1_44' title="bbox 2101 2381 3700 2452">
     <span class='ocr_line' id='line_1_45' title="bbox 2101 2381 3700 2452; baseline 0.004 -20"><span class='ocrx_word' id='word_1_300' title='bbox 2101 2394 2260 2434; x_wconf 78' lang='lat' dir='ltr'><strong>crum</strong></span> <span class='ocrx_word' id='word_1_301' title='bbox 2295 2381 2560 2438; x_wconf 87' lang='lat' dir='ltr'><strong>miscuisti</strong></span> <span class='ocrx_word' id='word_1_302' title='bbox 2595 2390 2807 2440; x_wconf 63' lang='lat' dir='ltr'><strong>naturae</strong></span> <span class='ocrx_word' id='word_1_303' title='bbox 2837 2383 3115 2452; x_wconf 67' lang='lat' dir='ltr'><strong>humanae,</strong></span> <span class='ocrx_word' id='word_1_304' title='bbox 3149 2401 3260 2442; x_wconf 93' lang='lat' dir='ltr'><strong>non</strong></span> <span class='ocrx_word' id='word_1_305' title='bbox 3294 2383 3550 2452; x_wconf 73' lang='lat' dir='ltr'><strong>simpIiCi,</strong></span> <span class='ocrx_word' id='word_1_306' title='bbox 3602 2384 3700 2440; x_wconf 89' lang='lat' dir='ltr'><strong>sed</strong></span> 
     </span>
    </p>
   </div>
   <div class='ocr_carea' id='block_1_45' title="bbox 410 2469 2009 2548">
    <p class='ocr_par' dir='ltr' id='par_1_45' title="bbox 410 2469 1995 2543">
     <span class='ocr_line' id='line_1_46' title="bbox 410 2469 1995 2543; baseline 0.001 -19"><span class='ocrx_word' id='word_1_307' title='bbox 410 2469 696 2539; x_wconf 81' lang='grc' dir='ltr'>στιανικῆς</span> <span class='ocrx_word' id='word_1_308' title='bbox 723 2469 1146 2538; x_wconf 77' lang='grc' dir='ltr'>παλιγγενεσίας</span> <span class='ocrx_word' id='word_1_309' title='bbox 1197 2469 1470 2540; x_wconf 84' lang='grc' dir='ltr'>κεραννὺς</span> <span class='ocrx_word' id='word_1_310' title='bbox 1507 2472 1575 2540; x_wconf 78' lang='grc' dir='ltr'>τῇ</span> <span class='ocrx_word' id='word_1_311' title='bbox 1609 2471 1733 2524; x_wconf 86' lang='grc' dir='ltr'>κατ’</span> <span class='ocrx_word' id='word_1_312' title='bbox 1779 2471 1995 2543; x_wconf 78' lang='grc' dir='ltr'>ἄνθρω-</span> 
     </span>
    </p>
   </div>
   <div class='ocr_carea' id='block_1_46' title="bbox 2094 2469 3693 2548">
    <p class='ocr_par' dir='ltr' id='par_1_46' title="bbox 2106 2471 3693 2548">
     <span class='ocr_line' id='line_1_47' title="bbox 2106 2471 3693 2548; baseline 0.003 -21"><span class='ocrx_word' id='word_1_313' title='bbox 2106 2486 2226 2527; x_wconf 81' lang='lat' dir='ltr'><strong>com</strong></span> <span class='ocrx_word' id='word_1_314' title='bbox 2233 2471 2446 2542; x_wconf 76' lang='lat' dir='ltr'><strong>positzc,</strong></span> <span class='ocrx_word' id='word_1_315' title='bbox 2463 2489 2530 2532; x_wconf 82' lang='lat' dir='ltr'><strong>ex</strong></span> <span class='ocrx_word' id='word_1_316' title='bbox 2543 2474 2726 2531; x_wconf 81' lang='lat' dir='ltr'><strong>anima</strong></span> <span class='ocrx_word' id='word_1_317' title='bbox 2738 2476 2946 2534; x_wconf 86' lang='lat' dir='ltr'><strong>scilicet</strong></span> <span class='ocrx_word' id='word_1_318' title='bbox 2964 2477 3264 2534; x_wconf 84' lang='lat' dir='ltr'><strong>immortali</strong></span> <span class='ocrx_word' id='word_1_319' title='bbox 3281 2490 3334 2534; x_wconf 90' lang='lat' dir='ltr'><strong>et</strong></span> <span class='ocrx_word' id='word_1_320' title='bbox 3349 2477 3693 2548; x_wconf 91' lang='lat' dir='ltr'><strong>corruptibili</strong></span> 
     </span>
    </p>
   </div>
   <div class='ocr_carea' id='block_1_47' title="bbox 409 2562 2008 2636">
    <p class='ocr_par' dir='ltr' id='par_1_47' title="bbox 409 2562 1995 2636">
     <span class='ocr_line' id='line_1_48' title="bbox 409 2562 1995 2636; baseline 0.002 -21"><span class='ocrx_word' id='word_1_321' title='bbox 409 2580 511 2615; x_wconf 90' lang='grc' dir='ltr'><strong>πον</strong></span> <span class='ocrx_word' id='word_1_322' title='bbox 529 2562 627 2633; x_wconf 71' lang='grc' dir='ltr'><strong>οὐχ</strong></span> <span class='ocrx_word' id='word_1_323' title='bbox 650 2562 820 2633; x_wconf 78' lang='grc' dir='ltr'>ἁπλῇ,</span> <span class='ocrx_word' id='word_1_324' title='bbox 845 2562 982 2615; x_wconf 81' lang='grc' dir='ltr'>ἀλλὰ</span> <span class='ocrx_word' id='word_1_325' title='bbox 1005 2562 1394 2634; x_wconf 83' lang='grc' dir='ltr'>συντεθειμὲνῃ</span> <span class='ocrx_word' id='word_1_326' title='bbox 1423 2564 1606 2633; x_wconf 84' lang='grc' dir='ltr'>φύσει,</span> <span class='ocrx_word' id='word_1_327' title='bbox 1632 2567 1697 2636; x_wconf 72' lang='grc' dir='ltr'>τῇ</span> <span class='ocrx_word' id='word_1_328' title='bbox 1725 2567 1790 2618; x_wconf 84' lang='grc' dir='ltr'>ὲκ</span> <span class='ocrx_word' id='word_1_329' title='bbox 1816 2563 1995 2635; x_wconf 79' lang='grc' dir='ltr'>ψυχῆς</span> 
     </span>
    </p>
   </div>
   <div class='ocr_carea' id='block_1_48' title="bbox 2094 2562 3693 2636">
    <p class='ocr_par' dir='ltr' id='par_1_48' title="bbox 2105 2566 3693 2635">
     <span class='ocr_line' id='line_1_49' title="bbox 2105 2566 3693 2635; baseline 0.006 -16"><span class='ocrx_word' id='word_1_330' title='bbox 2105 2579 2354 2635; x_wconf 88' lang='lat' dir='ltr'><strong>corpore.</strong></span> <span class='ocrx_word' id='word_1_331' title='bbox 2377 2566 2662 2634; x_wconf 81' lang='lat' dir='ltr'><strong>Quomodo</strong></span> <span class='ocrx_word' id='word_1_332' title='bbox 2677 2577 2860 2625; x_wconf 91' lang='lat' dir='ltr'><strong>autem</strong></span> <span class='ocrx_word' id='word_1_333' title='bbox 2888 2570 3021 2627; x_wconf 89' lang='lat' dir='ltr'><strong>illud</strong></span> <span class='ocrx_word' id='word_1_334' title='bbox 3048 2570 3485 2628; x_wconf 82' lang='lat' dir='ltr'><strong>commiscuisti?</strong></span> <span class='ocrx_word' id='word_1_335' title='bbox 3515 2568 3693 2628; x_wconf 77' lang='lat' dir='ltr'><strong>Verbo</strong></span> 
     </span>
    </p>
   </div>
   <div class='ocr_carea' id='block_1_49' title="bbox 408 2655 2007 2731">
    <p class='ocr_par' dir='ltr' id='par_1_49' title="bbox 408 2655 1993 2728">
     <span class='ocr_line' id='line_1_50' title="bbox 408 2655 1993 2728; baseline 0 -20"><span class='ocrx_word' id='word_1_336' title='bbox 408 2655 614 2727; x_wconf 77' lang='grc' dir='ltr'>δηλαδὴ</span> <span class='ocrx_word' id='word_1_337' title='bbox 663 2655 937 2708; x_wconf 86' lang='grc' dir='ltr'>ἀθανάτου</span> <span class='ocrx_word' id='word_1_338' title='bbox 993 2655 1088 2708; x_wconf 78' lang='grc' dir='ltr'><strong>καὶ</strong></span> <span class='ocrx_word' id='word_1_339' title='bbox 1141 2655 1386 2728; x_wconf 81' lang='grc' dir='ltr'>φθαρτοῦ</span> <span class='ocrx_word' id='word_1_340' title='bbox 1443 2656 1732 2727; x_wconf 80' lang='grc' dir='ltr'>σώματος’</span> <span class='ocrx_word' id='word_1_341' title='bbox 1788 2656 1906 2718; x_wconf 86' lang='grc' dir='ltr'><strong>πῶς</strong></span> <span class='ocrx_word' id='word_1_342' title='bbox 1939 2656 1993 2708; x_wconf 79' lang='grc' dir='ltr'><strong>δὲ</strong></span> 
     </span>
    </p>
   </div>
   <div class='ocr_carea' id='block_1_50' title="bbox 2100 2655 3699 2731">
    <p class='ocr_par' dir='ltr' id='par_1_50' title="bbox 2107 2655 3699 2731">
     <span class='ocr_line' id='line_1_51' title="bbox 2107 2655 3699 2731; baseline 0.004 -22"><span class='ocrx_word' id='word_1_343' title='bbox 2107 2664 2224 2718; x_wconf 84' lang='grc' dir='ltr'>ιυο.</span> <span class='ocrx_word' id='word_1_344' title='bbox 2252 2655 2305 2710; x_wconf 90' lang='lat' dir='ltr'><strong>id</strong></span> <span class='ocrx_word' id='word_1_345' title='bbox 2322 2665 2431 2722; x_wconf 89' lang='lat' dir='ltr'><strong>est,</strong></span> <span class='ocrx_word' id='word_1_346' title='bbox 2446 2659 2701 2714; x_wconf 88' lang='lat' dir='ltr'><strong>rationali</strong></span> <span class='ocrx_word' id='word_1_347' title='bbox 2729 2660 3083 2718; x_wconf 82' lang='lat' dir='ltr'><strong>ordinatione</strong></span> <span class='ocrx_word' id='word_1_348' title='bbox 3102 2669 3156 2717; x_wconf 90' lang='lat' dir='ltr'><strong>et</strong></span> <span class='ocrx_word' id='word_1_349' title='bbox 3177 2661 3430 2731; x_wconf 76' lang='lat' dir='ltr'><strong>analogia</strong></span> <span class='ocrx_word' id='word_1_350' title='bbox 3451 2661 3520 2716; x_wconf 87' lang='lat' dir='ltr'><strong>ad</strong></span> <span class='ocrx_word' id='word_1_351' title='bbox 3557 2661 3699 2716; x_wconf 76' lang='lat' dir='ltr'><strong>divi-</strong></span> 
     </span>
    </p>
   </div>
   <div class='ocr_carea' id='block_1_51' title="bbox 409 2746 2008 2818">
    <p class='ocr_par' dir='ltr' id='par_1_51' title="bbox 409 2746 1996 2818">
     <span class='ocr_line' id='line_1_52' title="bbox 409 2746 1996 2818; baseline -0.003 -16"><span class='ocrx_word' id='word_1_352' title='bbox 409 2749 544 2803; x_wconf 77' lang='grc' dir='ltr'>αύτὸ</span> <span class='ocrx_word' id='word_1_353' title='bbox 598 2747 1016 2818; x_wconf 82' lang='grc' dir='ltr'>συγκεραννύς;</span> <span class='ocrx_word' id='word_1_354' title='bbox 1078 2746 1222 2817; x_wconf 81' lang='grc' dir='ltr'>λόγῳ</span> <span class='ocrx_word' id='word_1_355' title='bbox 1281 2747 1484 2818; x_wconf 85' lang='grc' dir='ltr'>δηλαδὴ</span> <span class='ocrx_word' id='word_1_356' title='bbox 1548 2747 1663 2815; x_wconf 84' lang='grc' dir='ltr'>σῷ,</span> <span class='ocrx_word' id='word_1_357' title='bbox 1716 2748 1996 2800; x_wconf 80' lang='grc' dir='ltr'>τουτέστιν</span> 
     </span>
    </p>
   </div>
   <div class='ocr_carea' id='block_1_52' title="bbox 2100 2746 3699 2818">
    <p class='ocr_par' dir='ltr' id='par_1_52' title="bbox 2107 2748 3699 2808">
     <span class='ocr_line' id='line_1_53' title="bbox 2107 2748 3699 2808; baseline 0.003 -6"><span class='ocrx_word' id='word_1_358' title='bbox 2107 2763 2232 2803; x_wconf 89' lang='lat' dir='ltr'><strong>nam</strong></span> <span class='ocrx_word' id='word_1_359' title='bbox 2272 2748 2513 2804; x_wconf 85' lang='lat' dir='ltr'><strong>hominis</strong></span> <span class='ocrx_word' id='word_1_360' title='bbox 2574 2749 3068 2807; x_wconf 78' lang='lat' dir='ltr'><strong>conformationem</strong></span> <span class='ocrx_word' id='word_1_361' title='bbox 3139 2749 3508 2808; x_wconf 79' lang='lat' dir='ltr'><strong>convenienti.</strong></span> <span class='ocrx_word' id='word_1_362' title='bbox 3562 2751 3699 2806; x_wconf 79' lang='lat' dir='ltr'><strong>Aliis</strong></span> 
     </span>
    </p>
   </div>
   <div class='ocr_carea' id='block_1_53' title="bbox 410 2839 2009 2915">
    <p class='ocr_par' dir='ltr' id='par_1_53' title="bbox 410 2839 1997 2912">
     <span class='ocr_line' id='line_1_54' title="bbox 410 2839 1997 2912; baseline 0 -20"><span class='ocrx_word' id='word_1_363' title='bbox 410 2841 615 2911; x_wconf 79' lang='grc' dir='ltr'>ὲλλόγῳ</span> <span class='ocrx_word' id='word_1_364' title='bbox 647 2841 896 2894; x_wconf 80' lang='grc' dir='ltr'>κελεύσει</span> <span class='ocrx_word' id='word_1_365' title='bbox 950 2841 1045 2894; x_wconf 70' lang='grc' dir='ltr'><strong>καὶ</strong></span> <span class='ocrx_word' id='word_1_366' title='bbox 1091 2839 1360 2912; x_wconf 76' lang='grc' dir='ltr'>ἀναλογίᾳ</span> <span class='ocrx_word' id='word_1_367' title='bbox 1416 2843 1705 2912; x_wconf 83' lang='grc' dir='ltr'>πρεπούσῃ</span> <span class='ocrx_word' id='word_1_368' title='bbox 1758 2841 1825 2910; x_wconf 83' lang='grc' dir='ltr'>τῇ</span> <span class='ocrx_word' id='word_1_369' title='bbox 1875 2839 1997 2892; x_wconf 84' lang='grc' dir='ltr'>κατ’</span> 
     </span>
    </p>
   </div>
   <div class='ocr_carea' id='block_1_54' title="bbox 2097 2839 3696 2915">
    <p class='ocr_par' dir='ltr' id='par_1_54' title="bbox 2106 2839 3696 2915">
     <span class='ocr_line' id='line_1_55' title="bbox 2106 2839 3696 2915; baseline 0.003 -18"><span class='ocrx_word' id='word_1_370' title='bbox 2106 2843 2312 2907; x_wconf 86' lang='lat' dir='ltr'><strong>verbis,</strong></span> <span class='ocrx_word' id='word_1_371' title='bbox 2343 2843 2512 2899; x_wconf 89' lang='lat' dir='ltr'><strong>verbo</strong></span> <span class='ocrx_word' id='word_1_372' title='bbox 2535 2852 2626 2901; x_wconf 92' lang='lat' dir='ltr'><strong>tuo</strong></span> <span class='ocrx_word' id='word_1_373' title='bbox 2648 2860 2747 2915; x_wconf 91' lang='lat' dir='ltr'><strong>per</strong></span> <span class='ocrx_word' id='word_1_374' title='bbox 2783 2845 3162 2902; x_wconf 87' lang='lat' dir='ltr'><strong>sanctissimas</strong></span> <span class='ocrx_word' id='word_1_375' title='bbox 3199 2843 3457 2902; x_wconf 76' lang='lat' dir='ltr'><strong>Ecclesia:</strong></span> <span class='ocrx_word' id='word_1_376' title='bbox 3483 2839 3696 2914; x_wconf 76' lang='lat' dir='ltr'><strong>preces,</strong></span> 
     </span>
    </p>
   </div>
   <div class='ocr_carea' id='block_1_55' title="bbox 412 2930 2011 3009">
    <p class='ocr_par' dir='ltr' id='par_1_55' title="bbox 412 2930 1984 3006">
     <span class='ocr_line' id='line_1_56' title="bbox 412 2930 1984 3006; baseline -0.003 -19"><span class='ocrx_word' id='word_1_377' title='bbox 412 2933 702 3002; x_wconf 74' lang='grc' dir='ltr'>ἄνθρωπον</span> <span class='ocrx_word' id='word_1_378' title='bbox 749 2931 1078 3006; x_wconf 77' lang='grc' dir='ltr'>θεοπλαστίᾳ</span> <span class='ocrx_word' id='word_1_379' title='bbox 1104 2949 1116 2963; x_wconf 88' lang='grc'><strong>·</strong></span> <span class='ocrx_word' id='word_1_380' title='bbox 1149 2933 1182 3003; x_wconf 80' lang='grc' dir='ltr'>ἢ</span> <span class='ocrx_word' id='word_1_381' title='bbox 1218 2933 1313 2985; x_wconf 76' lang='grc' dir='ltr'><strong>καὶ</strong></span> <span class='ocrx_word' id='word_1_382' title='bbox 1353 2931 1551 2996; x_wconf 82' lang='grc' dir='ltr'>ἄλλως,</span> <span class='ocrx_word' id='word_1_383' title='bbox 1584 2933 1744 3002; x_wconf 76' lang='grc' dir='ltr'>Λόγῳ</span> <span class='ocrx_word' id='word_1_384' title='bbox 1773 2931 1851 3002; x_wconf 78' lang='grc' dir='ltr'>τῷ</span> <span class='ocrx_word' id='word_1_385' title='bbox 1896 2930 1984 2984; x_wconf 71' lang='grc' dir='ltr'><strong>διὰ</strong></span> 
     </span>
    </p>
   </div>
   <div class='ocr_carea' id='block_1_56' title="bbox 2098 2930 3697 3009">
    <p class='ocr_par' dir='ltr' id='par_1_56' title="bbox 2110 2933 3697 3009">
     <span class='ocr_line' id='line_1_57' title="bbox 2110 2933 3697 3009; baseline 0.003 -21"><span class='ocrx_word' id='word_1_386' title='bbox 2110 2933 2270 3000; x_wconf 86' lang='lat' dir='ltr'><strong>mihi,</strong></span> <span class='ocrx_word' id='word_1_387' title='bbox 2327 2935 2472 2990; x_wconf 85' lang='lat' dir='ltr'><strong>ultra</strong></span> <span class='ocrx_word' id='word_1_388' title='bbox 2507 2946 2758 2992; x_wconf 79' lang='lat' dir='ltr'><strong>caeteram</strong></span> <span class='ocrx_word' id='word_1_389' title='bbox 2790 2938 3151 2995; x_wconf 89' lang='lat' dir='ltr'><strong>imitationem</strong></span> <span class='ocrx_word' id='word_1_390' title='bbox 3177 2953 3299 3009; x_wconf 70' lang='lat' dir='ltr'><strong>quae</strong></span> <span class='ocrx_word' id='word_1_391' title='bbox 3339 2938 3697 3009; x_wconf 87' lang='lat' dir='ltr'><strong>corporaliter</strong></span> 
     </span>
    </p>
   </div>
   <div class='ocr_carea' id='block_1_57' title="bbox 409 3023 2008 3099">
    <p class='ocr_par' dir='ltr' id='par_1_57' title="bbox 409 3023 1995 3096">
     <span class='ocr_line' id='line_1_58' title="bbox 409 3023 1995 3096; baseline -0.001 -18"><span class='ocrx_word' id='word_1_392' title='bbox 409 3025 520 3078; x_wconf 84' lang='grc' dir='ltr'><strong>τῶν</strong></span> <span class='ocrx_word' id='word_1_393' title='bbox 561 3025 883 3093; x_wconf 75' lang='grc' dir='ltr'>ἁγιωτάτων</span> <span class='ocrx_word' id='word_1_394' title='bbox 918 3023 1394 3096; x_wconf 85' lang='grc' dir='ltr'>ὲκκλησιαστικῶν</span> <span class='ocrx_word' id='word_1_395' title='bbox 1441 3023 1643 3095; x_wconf 80' lang='grc' dir='ltr'>εὐχῶν,</span> <span class='ocrx_word' id='word_1_396' title='bbox 1684 3023 1995 3095; x_wconf 79' lang='grc' dir='ltr'>ὀμϐροϐλυ-</span> 
     </span>
    </p>
   </div>
   <div class='ocr_carea' id='block_1_58' title="bbox 2099 3023 3698 3099">
    <p class='ocr_par' dir='ltr' id='par_1_58' title="bbox 2107 3027 3698 3099">
     <span class='ocr_line' id='line_1_59' title="bbox 2107 3027 3698 3099; baseline 0.003 -20"><span class='ocrx_word' id='word_1_397' title='bbox 2107 3034 2351 3095; x_wconf 89' lang='lat' dir='ltr'><strong>apparet,</strong></span> <span class='ocrx_word' id='word_1_398' title='bbox 2403 3036 2457 3082; x_wconf 92' lang='lat' dir='ltr'><strong>et</strong></span> <span class='ocrx_word' id='word_1_399' title='bbox 2508 3027 2728 3083; x_wconf 88' lang='lat' dir='ltr'><strong>aliunde</strong></span> <span class='ocrx_word' id='word_1_400' title='bbox 2756 3028 3059 3084; x_wconf 86' lang='lat' dir='ltr'><strong>theoretice</strong></span> <span class='ocrx_word' id='word_1_401' title='bbox 3094 3037 3398 3099; x_wconf 85' lang='lat' dir='ltr'><strong>reputatur,</strong></span> <span class='ocrx_word' id='word_1_402' title='bbox 3435 3037 3698 3099; x_wconf 86' lang='lat' dir='ltr'><strong>tanquam</strong></span> 
     </span>
    </p>
   </div>
   <div class='ocr_carea' id='block_1_59' title="bbox 409 3111 2008 3200">
    <p class='ocr_par' dir='ltr' id='par_1_59' title="bbox 409 3114 2000 3185">
     <span class='ocr_line' id='line_1_60' title="bbox 409 3114 2000 3185; baseline 0 -19"><span class='ocrx_word' id='word_1_403' title='bbox 409 3116 526 3178; x_wconf 85' lang='grc' dir='ltr'>τεῖς</span> <span class='ocrx_word' id='word_1_404' title='bbox 567 3131 659 3183; x_wconf 86' lang='grc' dir='ltr'><strong>μοι</strong></span> <span class='ocrx_word' id='word_1_405' title='bbox 689 3114 951 3168; x_wconf 74' lang='grc' dir='ltr'>ἐπέκεινα</span> <span class='ocrx_word' id='word_1_406' title='bbox 988 3114 1089 3184; x_wconf 86' lang='grc' dir='ltr'><strong>τῆς</strong></span> <span class='ocrx_word' id='word_1_407' title='bbox 1116 3114 1309 3184; x_wconf 76' lang='grc' dir='ltr'>λοιπῆς</span> <span class='ocrx_word' id='word_1_408' title='bbox 1340 3114 1740 3185; x_wconf 83' lang='grc' dir='ltr'>ίεροτελεστὶας</span> <span class='ocrx_word' id='word_1_409' title='bbox 1779 3116 1876 3184; x_wconf 81' lang='grc' dir='ltr'><strong>τῆς</strong></span> <span class='ocrx_word' id='word_1_410' title='bbox 1907 3115 2000 3168; x_wconf 71' lang='grc' dir='ltr'><strong>καὶ</strong></span> 
     </span>
    </p>
   </div>
   <div class='ocr_carea' id='block_1_60' title="bbox 2096 3111 3695 3200">
    <p class='ocr_par' dir='ltr' id='par_1_60' title="bbox 2106 3111 3695 3193">
     <span class='ocr_line' id='line_1_61' title="bbox 2106 3111 3695 3193; baseline 0.003 -21"><span class='ocrx_word' id='word_1_411' title='bbox 2106 3117 2334 3174; x_wconf 84' lang='lat' dir='ltr'><strong>imbrem</strong></span> <span class='ocrx_word' id='word_1_412' title='bbox 2377 3118 2624 3176; x_wconf 90' lang='lat' dir='ltr'><strong>infundis</strong></span> <span class='ocrx_word' id='word_1_413' title='bbox 2653 3119 2916 3177; x_wconf 83' lang='lat' dir='ltr'><strong>ﬂuentum</strong></span> <span class='ocrx_word' id='word_1_414' title='bbox 2943 3138 3006 3177; x_wconf 80' lang='lat' dir='ltr'><strong>ex</strong></span> <span class='ocrx_word' id='word_1_415' title='bbox 3033 3123 3330 3193; x_wconf 77' lang='lat' dir='ltr'><strong>purissimo</strong></span> <span class='ocrx_word' id='word_1_416' title='bbox 3355 3111 3451 3178; x_wconf 79' lang='lat' dir='ltr'><strong>tuo</strong></span> <span class='ocrx_word' id='word_1_417' title='bbox 3505 3122 3695 3185; x_wconf 85' lang='lat' dir='ltr'><strong>latere.</strong></span> 
     </span>
    </p>
   </div>
   <div class='ocr_carea' id='block_1_61' title="bbox 415 3205 2014 3285">
    <p class='ocr_par' dir='ltr' id='par_1_61' title="bbox 415 3205 2001 3279">
     <span class='ocr_line' id='line_1_62' title="bbox 415 3205 2001 3279; baseline -0.001 -19"><span class='ocrx_word' id='word_1_418' title='bbox 415 3207 741 3276; x_wconf 85' lang='grc' dir='ltr'>σωματικῆς</span> <span class='ocrx_word' id='word_1_419' title='bbox 772 3208 1132 3279; x_wconf 78' lang='grc' dir='ltr'>φαινομένης,</span> <span class='ocrx_word' id='word_1_420' title='bbox 1161 3208 1260 3262; x_wconf 64' lang='grc' dir='ltr'><strong>κα)⁵</strong></span> <span class='ocrx_word' id='word_1_421' title='bbox 1292 3206 1468 3271; x_wconf 81' lang='grc' dir='ltr'>ἄλλως</span> <span class='ocrx_word' id='word_1_422' title='bbox 1501 3207 1557 3261; x_wconf 84' lang='grc' dir='ltr'><strong>δὲ</strong></span> <span class='ocrx_word' id='word_1_423' title='bbox 1592 3205 2001 3278; x_wconf 81' lang='grc' dir='ltr'>θεωρητικώτε-</span> 
     </span>
    </p>
   </div>
   <div class='ocr_carea' id='block_1_62' title="bbox 2099 3205 3698 3285">
    <p class='ocr_par' dir='ltr' id='par_1_62' title="bbox 2105 3209 3698 3285">
     <span class='ocr_line' id='line_1_63' title="bbox 2105 3209 3698 3285; baseline 0.002 -20"><span class='ocrx_word' id='word_1_424' title='bbox 2105 3209 2273 3281; x_wconf 90' lang='lat' dir='ltr'><strong>quod,</strong></span> <span class='ocrx_word' id='word_1_425' title='bbox 2312 3221 2370 3267; x_wconf 90' lang='lat' dir='ltr'><strong>ut</strong></span> <span class='ocrx_word' id='word_1_426' title='bbox 2416 3227 2675 3283; x_wconf 84' lang='lat' dir='ltr'><strong>expresse</strong></span> <span class='ocrx_word' id='word_1_427' title='bbox 2712 3214 2928 3285; x_wconf 88' lang='lat' dir='ltr'><strong>loquar,</strong></span> <span class='ocrx_word' id='word_1_428' title='bbox 2966 3215 3155 3271; x_wconf 88' lang='lat' dir='ltr'><strong>lancea</strong></span> <span class='ocrx_word' id='word_1_429' title='bbox 3217 3215 3410 3272; x_wconf 83' lang='lat' dir='ltr'><strong>militis</strong></span> <span class='ocrx_word' id='word_1_430' title='bbox 3439 3222 3524 3270; x_wconf 88' lang='lat' dir='ltr'><strong>est</strong></span> <span class='ocrx_word' id='word_1_431' title='bbox 3571 3228 3698 3284; x_wconf 85' lang='lat' dir='ltr'><strong>per-</strong></span> 
     </span>
    </p>
   </div>
   <div class='ocr_carea' id='block_1_63' title="bbox 416 3299 2015 3379">
    <p class='ocr_par' dir='ltr' id='par_1_63' title="bbox 416 3299 1998 3372">
     <span class='ocr_line' id='line_1_64' title="bbox 416 3299 1998 3372; baseline -0.001 -20"><span class='ocrx_word' id='word_1_432' title='bbox 416 3318 510 3370; x_wconf 85' lang='grc' dir='ltr'><strong>ρον</strong></span> <span class='ocrx_word' id='word_1_433' title='bbox 539 3301 865 3372; x_wconf 77' lang='grc' dir='ltr'>νοουμένης,</span> <span class='ocrx_word' id='word_1_434' title='bbox 901 3303 999 3355; x_wconf 80' lang='grc' dir='ltr'>καὶ</span> <span class='ocrx_word' id='word_1_435' title='bbox 1042 3301 1104 3354; x_wconf 86' lang='grc' dir='ltr'><strong>τὸ</strong></span> <span class='ocrx_word' id='word_1_436' title='bbox 1135 3301 1200 3354; x_wconf 82' lang='grc' dir='ltr'>ἐκ</span> <span class='ocrx_word' id='word_1_437' title='bbox 1252 3299 1352 3371; x_wconf 80' lang='grc' dir='ltr'>τῆς</span> <span class='ocrx_word' id='word_1_438' title='bbox 1381 3300 1672 3370; x_wconf 80' lang='grc' dir='ltr'>ἀκηράτου</span> <span class='ocrx_word' id='word_1_439' title='bbox 1702 3317 1798 3354; x_wconf 91' lang='grc' dir='ltr'><strong>σου</strong></span> <span class='ocrx_word' id='word_1_440' title='bbox 1832 3300 1998 3353; x_wconf 73' lang='grc' dir='ltr'>πλευο</span> 
     </span>
    </p>
   </div>
   <div class='ocr_carea' id='block_1_64' title="bbox 2101 3299 3700 3379">
    <p class='ocr_par' dir='ltr' id='par_1_64' title="bbox 2105 3305 3700 3379">
     <span class='ocr_line' id='line_1_65' title="bbox 2105 3305 3700 3379; baseline 0.001 -19"><span class='ocrx_word' id='word_1_441' title='bbox 2105 3320 2329 3361; x_wconf 79' lang='lat' dir='ltr'><strong>cussum</strong></span> <span class='ocrx_word' id='word_1_442' title='bbox 2375 3320 2394 3373; x_wconf 82' lang='lat'><strong>;</strong></span> <span class='ocrx_word' id='word_1_443' title='bbox 2426 3305 2629 3378; x_wconf 79' lang='lat' dir='ltr'><strong>talique</strong></span> <span class='ocrx_word' id='word_1_444' title='bbox 2657 3306 2844 3362; x_wconf 89' lang='lat' dir='ltr'><strong>divino</strong></span> <span class='ocrx_word' id='word_1_445' title='bbox 2877 3306 3094 3364; x_wconf 89' lang='lat' dir='ltr'><strong>lavacro</strong></span> <span class='ocrx_word' id='word_1_446' title='bbox 3121 3307 3422 3379; x_wconf 88' lang='lat' dir='ltr'><strong>pretiosum</strong></span> <span class='ocrx_word' id='word_1_447' title='bbox 3458 3306 3700 3377; x_wconf 86' lang='lat' dir='ltr'><strong>Spiritus</strong></span> 
     </span>
    </p>
   </div>
   <div class='ocr_carea' id='block_1_65' title="bbox 416 3393 2015 3472">
    <p class='ocr_par' dir='ltr' id='par_1_65' title="bbox 416 3393 1999 3466">
     <span class='ocr_line' id='line_1_66' title="bbox 416 3393 1999 3466; baseline 0.001 -21"><span class='ocrx_word' id='word_1_448' title='bbox 416 3395 518 3464; x_wconf 77' lang='grc' dir='ltr'>ρᾶς</span> <span class='ocrx_word' id='word_1_449' title='bbox 568 3393 786 3466; x_wconf 77' lang='grc' dir='ltr'>ῥεῖθρον</span> <span class='ocrx_word' id='word_1_450' title='bbox 840 3394 980 3463; x_wconf 86' lang='grc' dir='ltr'>τῆς,</span> <span class='ocrx_word' id='word_1_451' title='bbox 1029 3393 1320 3464; x_wconf 80' lang='grc' dir='ltr'>γραφικῶς</span> <span class='ocrx_word' id='word_1_452' title='bbox 1381 3393 1602 3459; x_wconf 76' lang='grc' dir='ltr'>εἰπεῖν,</span> <span class='ocrx_word' id='word_1_453' title='bbox 1660 3393 1999 3463; x_wconf 79' lang='grc' dir='ltr'>νενυγμένης</span> 
     </span>
    </p>
   </div>
   <div class='ocr_carea' id='block_1_66' title="bbox 2101 3393 3700 3472">
    <p class='ocr_par' dir='ltr' id='par_1_66' title="bbox 2107 3400 3700 3472">
     <span class='ocr_line' id='line_1_67' title="bbox 2107 3400 3700 3472; baseline 0.001 -17"><span class='ocrx_word' id='word_1_454' title='bbox 2107 3401 2375 3457; x_wconf 81' lang='lat' dir='ltr'><strong>fervorem</strong></span> <span class='ocrx_word' id='word_1_455' title='bbox 2417 3400 2683 3457; x_wconf 87' lang='lat' dir='ltr'><strong>divinitus</strong></span> <span class='ocrx_word' id='word_1_456' title='bbox 2737 3401 3080 3471; x_wconf 87' lang='lat' dir='ltr'><strong>superaddis,</strong></span> <span class='ocrx_word' id='word_1_457' title='bbox 3112 3403 3206 3470; x_wconf 91' lang='lat' dir='ltr'><strong>qui</strong></span> <span class='ocrx_word' id='word_1_458' title='bbox 3231 3403 3429 3472; x_wconf 88' lang='lat' dir='ltr'><strong>spiritu</strong></span> <span class='ocrx_word' id='word_1_459' title='bbox 3456 3403 3700 3458; x_wconf 88' lang='lat' dir='ltr'><strong>viventes</strong></span> 
     </span>
    </p>
   </div>
   <div class='ocr_carea' id='block_1_67' title="bbox 413 3485 2012 3570">
    <p class='ocr_par' dir='ltr' id='par_1_67' title="bbox 413 3485 2003 3558">
     <span class='ocr_line' id='line_1_68' title="bbox 413 3485 2003 3558; baseline -0.005 -20"><span class='ocrx_word' id='word_1_460' title='bbox 413 3487 586 3558; x_wconf 82' lang='grc' dir='ltr'>λόγχῃ</span> <span class='ocrx_word' id='word_1_461' title='bbox 630 3489 1024 3558; x_wconf 84' lang='grc' dir='ltr'>στρατιωτικῇ,</span> <span class='ocrx_word' id='word_1_462' title='bbox 1077 3488 1172 3541; x_wconf 74' lang='grc' dir='ltr'><strong>καὶ</strong></span> <span class='ocrx_word' id='word_1_463' title='bbox 1209 3485 1289 3556; x_wconf 85' lang='grc' dir='ltr'><strong>τῷ</strong></span> <span class='ocrx_word' id='word_1_464' title='bbox 1338 3485 1568 3557; x_wconf 85' lang='grc' dir='ltr'>τοιούτῳ</span> <span class='ocrx_word' id='word_1_465' title='bbox 1605 3485 1737 3556; x_wconf 82' lang='grc' dir='ltr'>θείῳ</span> <span class='ocrx_word' id='word_1_466' title='bbox 1789 3486 2003 3556; x_wconf 71' lang='grc' dir='ltr'>λουτρῷ</span> 
     </span>
    </p>
   </div>
   <div class='ocr_carea' id='block_1_68' title="bbox 2096 3485 3695 3570">
    <p class='ocr_par' dir='ltr' id='par_1_68' title="bbox 2107 3495 3695 3570">
     <span class='ocr_line' id='line_1_69' title="bbox 2107 3495 3695 3570; baseline 0.001 -18"><span class='ocrx_word' id='word_1_467' title='bbox 2107 3495 2378 3562; x_wconf 80' lang='lat' dir='ltr'><strong>calefacit,</strong></span> <span class='ocrx_word' id='word_1_468' title='bbox 2466 3497 2738 3567; x_wconf 87' lang='lat' dir='ltr'><strong>cujusque</strong></span> <span class='ocrx_word' id='word_1_469' title='bbox 2790 3495 3080 3552; x_wconf 89' lang='lat' dir='ltr'><strong>manifesta</strong></span> <span class='ocrx_word' id='word_1_470' title='bbox 3136 3507 3269 3554; x_wconf 83' lang='lat' dir='ltr'><strong>sunt</strong></span> <span class='ocrx_word' id='word_1_471' title='bbox 3323 3498 3574 3570; x_wconf 88' lang='lat' dir='ltr'><strong>symbola</strong></span> <span class='ocrx_word' id='word_1_472' title='bbox 3628 3514 3695 3556; x_wconf 79' lang='lat' dir='ltr'><strong>cx</strong></span> 
     </span>
    </p>
   </div>
   <div class='ocr_carea' id='block_1_69' title="bbox 415 3576 2014 3662">
    <p class='ocr_par' dir='ltr' id='par_1_69' title="bbox 415 3576 2001 3650">
     <span class='ocr_line' id='line_1_70' title="bbox 415 3576 2001 3650; baseline 0 -20"><span class='ocrx_word' id='word_1_473' title='bbox 415 3579 880 3649; x_wconf 75' lang='grc' dir='ltr'>προσεπιϐάλλεις</span> <span class='ocrx_word' id='word_1_474' title='bbox 912 3577 1330 3648; x_wconf 82' lang='grc' dir='ltr'>φιλοτιμότερον</span> <span class='ocrx_word' id='word_1_475' title='bbox 1368 3576 1469 3650; x_wconf 80' lang='grc' dir='ltr'>τὴν</span> <span class='ocrx_word' id='word_1_476' title='bbox 1503 3576 1688 3630; x_wconf 74' lang='grc' dir='ltr'>ἔνθεον</span> <span class='ocrx_word' id='word_1_477' title='bbox 1727 3577 1877 3641; x_wconf 82' lang='grc' dir='ltr'>ζέσιν</span> <span class='ocrx_word' id='word_1_478' title='bbox 1905 3578 2001 3630; x_wconf 89' lang='grc' dir='ltr'><strong>τοῦ</strong></span> 
     </span>
    </p>
   </div>
   <div class='ocr_carea' id='block_1_70' title="bbox 2100 3576 3699 3662">
    <p class='ocr_par' dir='ltr' id='par_1_70' title="bbox 2106 3589 3699 3662">
     <span class='ocr_line' id='line_1_71' title="bbox 2106 3589 3699 3662; baseline 0.001 -16"><span class='ocrx_word' id='word_1_479' title='bbox 2106 3599 2419 3646; x_wconf 76' lang='lat' dir='ltr'><strong>Sanctorum</strong></span> <span class='ocrx_word' id='word_1_480' title='bbox 2464 3591 2686 3645; x_wconf 81' lang='lat' dir='ltr'><strong>Patrum</strong></span> <span class='ocrx_word' id='word_1_481' title='bbox 2746 3599 2896 3662; x_wconf 86' lang='lat' dir='ltr'><strong>typo,</strong></span> <span class='ocrx_word' id='word_1_482' title='bbox 2944 3589 3166 3648; x_wconf 78' lang='lat' dir='ltr'><strong>fervidae</strong></span> <span class='ocrx_word' id='word_1_483' title='bbox 3187 3606 3366 3662; x_wconf 70' lang='lat' dir='ltr'><strong>aquae.</strong></span> <span class='ocrx_word' id='word_1_484' title='bbox 3403 3591 3557 3659; x_wconf 87' lang='lat' dir='ltr'><strong>Quod</strong></span> <span class='ocrx_word' id='word_1_485' title='bbox 3601 3607 3699 3648; x_wconf 81' lang='lat' dir='ltr'><strong>au-</strong></span> 
     </span>
    </p>
   </div>
   <div class='ocr_carea' id='block_1_71' title="bbox 419 3669 2018 3754">
    <p class='ocr_par' dir='ltr' id='par_1_71' title="bbox 419 3669 2002 3741">
     <span class='ocr_line' id='line_1_72' title="bbox 419 3669 2002 3741; baseline -0.004 -16"><span class='ocrx_word' id='word_1_486' title='bbox 419 3671 764 3741; x_wconf 82' lang='grc' dir='ltr'>Πνεύματος,</span> <span class='ocrx_word' id='word_1_487' title='bbox 803 3671 900 3741; x_wconf 83' lang='grc' dir='ltr'>τὴν</span> <span class='ocrx_word' id='word_1_488' title='bbox 937 3671 1438 3741; x_wconf 81' lang='grc' dir='ltr'>διαθερμαίνουσαν</span> <span class='ocrx_word' id='word_1_489' title='bbox 1464 3669 1590 3733; x_wconf 80' lang='grc' dir='ltr'>τοὺς</span> <span class='ocrx_word' id='word_1_490' title='bbox 1617 3670 1694 3738; x_wconf 83' lang='grc' dir='ltr'>τῷ</span> <span class='ocrx_word' id='word_1_491' title='bbox 1721 3669 2002 3737; x_wconf 81' lang='grc' dir='ltr'>Πνεύματι</span> 
     </span>
    </p>
   </div>
   <div class='ocr_carea' id='block_1_72' title="bbox 2094 3669 3693 3754">
    <p class='ocr_par' dir='ltr' id='par_1_72' title="bbox 2111 3681 3693 3754">
     <span class='ocr_line' id='line_1_73' title="bbox 2111 3681 3693 3754; baseline 0.001 -16"><span class='ocrx_word' id='word_1_492' title='bbox 2111 3695 2214 3738; x_wconf 84' lang='lat' dir='ltr'><strong>tcm</strong></span> <span class='ocrx_word' id='word_1_493' title='bbox 2245 3685 2366 3739; x_wconf 88' lang='lat' dir='ltr'><strong>talis</strong></span> <span class='ocrx_word' id='word_1_494' title='bbox 2407 3683 2646 3754; x_wconf 89' lang='lat' dir='ltr'><strong>Spiritus</strong></span> <span class='ocrx_word' id='word_1_495' title='bbox 2670 3684 2844 3738; x_wconf 90' lang='lat' dir='ltr'><strong>sancti</strong></span> <span class='ocrx_word' id='word_1_496' title='bbox 2884 3681 3088 3748; x_wconf 87' lang='lat' dir='ltr'><strong>fervor,</strong></span> <span class='ocrx_word' id='word_1_497' title='bbox 3123 3683 3322 3750; x_wconf 84' lang='lat' dir='ltr'><strong>vitalis,</strong></span> <span class='ocrx_word' id='word_1_498' title='bbox 3389 3684 3693 3751; x_wconf 75' lang='lat' dir='ltr'><strong>vivificaus,</strong></span> 
     </span>
    </p>
   </div>
   <div class='ocr_carea' id='block_1_73' title="bbox 415 3759 2014 3842">
    <p class='ocr_par' dir='ltr' id='par_1_73' title="bbox 415 3759 2003 3836">
     <span class='ocr_line' id='line_1_74' title="bbox 415 3759 2003 3836; baseline -0.001 -21"><span class='ocrx_word' id='word_1_499' title='bbox 415 3765 660 3831; x_wconf 82' lang='grc' dir='ltr'>ζέοντας,</span> <span class='ocrx_word' id='word_1_500' title='bbox 716 3759 785 3836; x_wconf 80' lang='grc' dir='ltr'>ἦς</span> <span class='ocrx_word' id='word_1_501' title='bbox 836 3765 1088 3834; x_wconf 83' lang='grc' dir='ltr'>προφανῆ</span> <span class='ocrx_word' id='word_1_502' title='bbox 1117 3762 1366 3832; x_wconf 78' lang='grc' dir='ltr'>σύμϐολα</span> <span class='ocrx_word' id='word_1_503' title='bbox 1412 3765 1506 3814; x_wconf 77' lang='grc' dir='ltr'><strong>καὶ</strong></span> <span class='ocrx_word' id='word_1_504' title='bbox 1550 3766 1618 3815; x_wconf 82' lang='grc' dir='ltr'>τὰ</span> <span class='ocrx_word' id='word_1_505' title='bbox 1647 3764 1711 3814; x_wconf 80' lang='grc' dir='ltr'>ἐκ</span> <span class='ocrx_word' id='word_1_506' title='bbox 1747 3763 2003 3832; x_wconf 82' lang='grc' dir='ltr'>Πατέρων</span> 
     </span>
    </p>
   </div>
   <div class='ocr_carea' id='block_1_74' title="bbox 2100 3759 3699 3842">
    <p class='ocr_par' dir='ltr' id='par_1_74' title="bbox 2108 3775 3699 3842">
     <span class='ocr_line' id='line_1_75' title="bbox 2108 3775 3699 3842; baseline 0.004 -16"><span class='ocrx_word' id='word_1_507' title='bbox 2108 3778 2351 3829; x_wconf 70' lang='lat' dir='ltr'><strong>divinum</strong></span> <span class='ocrx_word' id='word_1_508' title='bbox 2407 3776 2582 3830; x_wconf 86' lang='lat' dir='ltr'><strong>zelum</strong></span> <span class='ocrx_word' id='word_1_509' title='bbox 2627 3777 2824 3830; x_wconf 74' lang='lat' dir='ltr'><strong>animae.</strong></span> <span class='ocrx_word' id='word_1_510' title='bbox 2873 3775 3309 3842; x_wconf 81' lang='lat' dir='ltr'><strong>communicatis,</strong></span> <span class='ocrx_word' id='word_1_511' title='bbox 3381 3776 3571 3832; x_wconf 83' lang='lat' dir='ltr'><strong>ultima</strong></span> <span class='ocrx_word' id='word_1_512' title='bbox 3627 3778 3699 3833; x_wconf 85' lang='lat' dir='ltr'><strong>sit</strong></span> 
     </span>
    </p>
   </div>
   <div class='ocr_carea' id='block_1_75' title="bbox 415 3856 2014 3941">
    <p class='ocr_par' dir='ltr' id='par_1_75' title="bbox 415 3856 2004 3929">
     <span class='ocr_line' id='line_1_76' title="bbox 415 3856 2004 3929; baseline -0.003 -17"><span class='ocrx_word' id='word_1_513' title='bbox 415 3857 590 3926; x_wconf 80' lang='grc' dir='ltr'>ἁγίων</span> <span class='ocrx_word' id='word_1_514' title='bbox 639 3858 815 3910; x_wconf 88' lang='grc' dir='ltr'>τύπου</span> <span class='ocrx_word' id='word_1_515' title='bbox 871 3858 1050 3929; x_wconf 72' lang='grc' dir='ltr'>θερμὰ</span> <span class='ocrx_word' id='word_1_516' title='bbox 1098 3857 1268 3911; x_wconf 76' lang='grc' dir='ltr'>ὕδατα</span> <span class='ocrx_word' id='word_1_517' title='bbox 1297 3871 1312 3886; x_wconf 82' lang='grc'><strong>’</strong></span> <span class='ocrx_word' id='word_1_518' title='bbox 1350 3858 1434 3910; x_wconf 85' lang='grc' dir='ltr'>ὃτι</span> <span class='ocrx_word' id='word_1_519' title='bbox 1476 3857 1599 3927; x_wconf 76' lang='grc' dir='ltr'><strong>δὲὴ</strong></span> <span class='ocrx_word' id='word_1_520' title='bbox 1645 3856 1869 3926; x_wconf 85' lang='grc' dir='ltr'>τοιαύτη</span> <span class='ocrx_word' id='word_1_521' title='bbox 1911 3856 2004 3909; x_wconf 90' lang='grc' dir='ltr'><strong>τοῦ</strong></span> 
     </span>
    </p>
   </div>
   <div class='ocr_carea' id='block_1_76' title="bbox 2098 3856 3697 3941">
    <p class='ocr_par' dir='ltr' id='par_1_76' title="bbox 2111 3870 3697 3941">
     <span class='ocr_line' id='line_1_77' title="bbox 2111 3870 3697 3941; baseline 0.003 -18"><span class='ocrx_word' id='word_1_522' title='bbox 2111 3873 2250 3923; x_wconf 85' lang='lat' dir='ltr'><strong>ratio</strong></span> <span class='ocrx_word' id='word_1_523' title='bbox 2297 3883 2605 3940; x_wconf 88' lang='lat' dir='ltr'><strong>scopusquc</strong></span> <span class='ocrx_word' id='word_1_524' title='bbox 2661 3877 2970 3940; x_wconf 76' lang='lat' dir='ltr'><strong>praecipuus</strong></span> <span class='ocrx_word' id='word_1_525' title='bbox 3035 3872 3176 3927; x_wconf 88' lang='lat' dir='ltr'><strong>sacri</strong></span> <span class='ocrx_word' id='word_1_526' title='bbox 3205 3870 3572 3941; x_wconf 82' lang='lat' dir='ltr'><strong>baptismatis,</strong></span> <span class='ocrx_word' id='word_1_527' title='bbox 3603 3885 3697 3928; x_wconf 83' lang='lat' dir='ltr'><strong>os-</strong></span> 
     </span>
    </p>
   </div>
   <div class='ocr_carea' id='block_1_77' title="bbox 415 3947 2014 4032">
    <p class='ocr_par' dir='ltr' id='par_1_77' title="bbox 415 3947 2006 4022">
     <span class='ocr_line' id='line_1_78' title="bbox 415 3947 2006 4022; baseline -0.002 -18"><span class='ocrx_word' id='word_1_528' title='bbox 415 3950 576 4019; x_wconf 88' lang='grc' dir='ltr'>ἁγίου</span> <span class='ocrx_word' id='word_1_529' title='bbox 623 3949 942 4021; x_wconf 81' lang='grc' dir='ltr'>Πνεύματος</span> <span class='ocrx_word' id='word_1_530' title='bbox 979 3950 1148 4019; x_wconf 80' lang='grc' dir='ltr'>ζέσις,</span> <span class='ocrx_word' id='word_1_531' title='bbox 1185 3951 1218 4021; x_wconf 80' lang='grc' dir='ltr'>ὴ</span> <span class='ocrx_word' id='word_1_532' title='bbox 1272 3949 1500 4022; x_wconf 83' lang='grc' dir='ltr'>ζωτικὴ,</span> <span class='ocrx_word' id='word_1_533' title='bbox 1559 3951 1592 4020; x_wconf 79' lang='grc' dir='ltr'>ἡ</span> <span class='ocrx_word' id='word_1_534' title='bbox 1638 3947 1932 4016; x_wconf 77' lang='grc' dir='ltr'>ζωογόνος,</span> <span class='ocrx_word' id='word_1_535' title='bbox 1972 3949 2006 4018; x_wconf 82' lang='grc' dir='ltr'>ὴ</span> 
     </span>
    </p>
   </div>
   <div class='ocr_carea' id='block_1_78' title="bbox 2096 3947 3695 4032">
    <p class='ocr_par' dir='ltr' id='par_1_78' title="bbox 2111 3961 3695 4032">
     <span class='ocr_line' id='line_1_79' title="bbox 2111 3961 3695 4032; baseline 0.003 -18"><span class='ocrx_word' id='word_1_536' title='bbox 2111 3961 2283 4016; x_wconf 86' lang='lat' dir='ltr'><strong>tendit</strong></span> <span class='ocrx_word' id='word_1_537' title='bbox 2322 3972 2479 4032; x_wconf 88' lang='lat' dir='ltr'><strong>poeta</strong></span> <span class='ocrx_word' id='word_1_538' title='bbox 2509 3962 2700 4019; x_wconf 90' lang='lat' dir='ltr'><strong>dicens</strong></span> <span class='ocrx_word' id='word_1_539' title='bbox 2726 3972 2891 4018; x_wconf 89' lang='lat' dir='ltr'><strong>totam</strong></span> <span class='ocrx_word' id='word_1_540' title='bbox 2924 3961 3066 4018; x_wconf 89' lang='lat' dir='ltr'><strong>hanc</strong></span> <span class='ocrx_word' id='word_1_541' title='bbox 3091 3977 3306 4019; x_wconf 88' lang='lat' dir='ltr'><strong>sacram</strong></span> <span class='ocrx_word' id='word_1_542' title='bbox 3331 3963 3695 4019; x_wconf 87' lang='lat' dir='ltr'><strong>initiationem</strong></span> 
     </span>
    </p>
   </div>
   <div class='ocr_carea' id='block_1_79' title="bbox 416 4037 2015 4130">
    <p class='ocr_par' dir='ltr' id='par_1_79' title="bbox 416 4037 2006 4114">
     <span class='ocr_line' id='line_1_80' title="bbox 416 4037 2006 4114; baseline -0.004 -19"><span class='ocrx_word' id='word_1_543' title='bbox 416 4045 560 4095; x_wconf 82' lang='grc' dir='ltr'>θεῖον</span> <span class='ocrx_word' id='word_1_544' title='bbox 613 4043 774 4112; x_wconf 79' lang='grc' dir='ltr'>ζῆλον</span> <span class='ocrx_word' id='word_1_545' title='bbox 822 4043 1128 4114; x_wconf 80' lang='grc' dir='ltr'>ἐντήκουσα</span> <span class='ocrx_word' id='word_1_546' title='bbox 1171 4044 1240 4113; x_wconf 80' lang='grc' dir='ltr'>τῇ</span> <span class='ocrx_word' id='word_1_547' title='bbox 1295 4042 1465 4114; x_wconf 77' lang='grc' dir='ltr'>ψυχῇ,</span> <span class='ocrx_word' id='word_1_548' title='bbox 1519 4041 1579 4093; x_wconf 82' lang='lat' dir='ltr'><strong>rb</strong></span> <span class='ocrx_word' id='word_1_549' title='bbox 1630 4037 2006 4093; x_wconf 85' lang='grc' dir='ltr'>τελικὼτατόν</span> 
     </span>
    </p>
   </div>
   <div class='ocr_carea' id='block_1_80' title="bbox 2100 4037 3699 4130">
    <p class='ocr_par' dir='ltr' id='par_1_80' title="bbox 2111 4053 3699 4130">
     <span class='ocr_line' id='line_1_81' title="bbox 2111 4053 3699 4130; baseline 0.003 -22"><span class='ocrx_word' id='word_1_550' title='bbox 2111 4053 2353 4123; x_wconf 84' lang='lat' dir='ltr'><strong>Spiritus</strong></span> <span class='ocrx_word' id='word_1_551' title='bbox 2407 4053 2625 4110; x_wconf 88' lang='lat' dir='ltr'><strong>fervore</strong></span> <span class='ocrx_word' id='word_1_552' title='bbox 2675 4055 2974 4126; x_wconf 75' lang='lat' dir='ltr'><strong>obsignari.</strong></span> <span class='ocrx_word' id='word_1_553' title='bbox 3008 4056 3161 4110; x_wconf 92' lang='lat' dir='ltr'><strong>Sicut</strong></span> <span class='ocrx_word' id='word_1_554' title='bbox 3183 4055 3330 4113; x_wconf 88' lang='lat' dir='ltr'><strong>enim</strong></span> <span class='ocrx_word' id='word_1_555' title='bbox 3379 4073 3484 4112; x_wconf 92' lang='lat' dir='ltr'><strong>non</strong></span> <span class='ocrx_word' id='word_1_556' title='bbox 3513 4058 3699 4130; x_wconf 76' lang='lat' dir='ltr'><strong>signa-</strong></span> 
     </span>
    </p>
   </div>
   <div class='ocr_carea' id='block_1_81' title="bbox 415 4128 2014 4226">
    <p class='ocr_par' dir='ltr' id='par_1_81' title="bbox 415 4128 2005 4202">
     <span class='ocr_line' id='line_1_82' title="bbox 415 4128 2005 4202; baseline -0.003 -16"><span class='ocrx_word' id='word_1_557' title='bbox 415 4136 568 4186; x_wconf 83' lang='grc' dir='ltr'>ὲστιν</span> <span class='ocrx_word' id='word_1_558' title='bbox 613 4134 787 4190; x_wconf 79' lang='grc' dir='ltr'>αἴτιον</span> <span class='ocrx_word' id='word_1_559' title='bbox 833 4133 928 4186; x_wconf 70' lang='grc' dir='ltr'><strong>καὶ</strong></span> <span class='ocrx_word' id='word_1_560' title='bbox 979 4131 1405 4202; x_wconf 86' lang='grc' dir='ltr'>σκοπιμώτατον</span> <span class='ocrx_word' id='word_1_561' title='bbox 1453 4128 1551 4184; x_wconf 85' lang='grc' dir='ltr'><strong>τοῦ</strong></span> <span class='ocrx_word' id='word_1_562' title='bbox 1599 4129 1763 4198; x_wconf 80' lang='grc' dir='ltr'>ἁγίου</span> <span class='ocrx_word' id='word_1_563' title='bbox 1811 4128 2005 4198; x_wconf 86' lang='grc' dir='ltr'>βαπτί-</span> 
     </span>
    </p>
   </div>
   <div class='ocr_carea' id='block_1_82' title="bbox 2099 4128 3698 4226">
    <p class='ocr_par' dir='ltr' id='par_1_82' title="bbox 2111 4128 3698 4226">
     <span class='ocr_line' id='line_1_83' title="bbox 2111 4128 3698 4226; baseline 0.004 -24"><span class='ocrx_word' id='word_1_564' title='bbox 2111 4158 2198 4202; x_wconf 91' lang='lat' dir='ltr'><strong>tus</strong></span> <span class='ocrx_word' id='word_1_565' title='bbox 2232 4150 2525 4205; x_wconf 85' lang='lat' dir='ltr'><strong>thesaurus</strong></span> <span class='ocrx_word' id='word_1_566' title='bbox 2555 4149 2768 4206; x_wconf 89' lang='lat' dir='ltr'><strong>insidiis</strong></span> <span class='ocrx_word' id='word_1_567' title='bbox 2794 4149 3075 4221; x_wconf 84' lang='lat' dir='ltr'><strong>objicitur,</strong></span> <span class='ocrx_word' id='word_1_568' title='bbox 3101 4150 3182 4206; x_wconf 92' lang='lat' dir='ltr'><strong>sic</strong></span> <span class='ocrx_word' id='word_1_569' title='bbox 3203 4151 3479 4221; x_wconf 88' lang='lat' dir='ltr'><strong>impurum</strong></span> <span class='ocrx_word' id='word_1_570' title='bbox 3522 4128 3698 4226; x_wconf 77' lang='lat' dir='ltr'><strong>bapti-</strong></span> 
     </span>
    </p>
   </div>
   <div class='ocr_carea' id='block_1_83' title="bbox 417 4219 2016 4313">
    <p class='ocr_par' dir='ltr' id='par_1_83' title="bbox 417 4219 2007 4296">
     <span class='ocr_line' id='line_1_84' title="bbox 417 4219 2007 4296; baseline -0.003 -18"><span class='ocrx_word' id='word_1_571' title='bbox 417 4243 643 4295; x_wconf 80' lang='grc' dir='ltr'>σματος,</span> <span class='ocrx_word' id='word_1_572' title='bbox 675 4225 828 4296; x_wconf 73' lang='grc' dir='ltr'>δηλοῖ</span> <span class='ocrx_word' id='word_1_573' title='bbox 874 4228 900 4277; x_wconf 97' lang='lat'><strong>6</strong></span> <span class='ocrx_word' id='word_1_574' title='bbox 947 4223 1235 4294; x_wconf 81' lang='grc' dir='ltr'>μελοποιὸς</span> <span class='ocrx_word' id='word_1_575' title='bbox 1286 4219 1458 4276; x_wconf 73' lang='grc' dir='ltr'>εἰπὼν</span> <span class='ocrx_word' id='word_1_576' title='bbox 1507 4220 2007 4292; x_wconf 77' lang='grc' dir='ltr'>ὲπισφραγίζεσθαι</span> 
     </span>
    </p>
   </div>
   <div class='ocr_carea' id='block_1_84' title="bbox 2097 4219 3696 4313">
    <p class='ocr_par' dir='ltr' id='par_1_84' title="bbox 2111 4219 3696 4313">
     <span class='ocr_line' id='line_1_85' title="bbox 2111 4219 3696 4313; baseline 0.002 -16"><span class='ocrx_word' id='word_1_577' title='bbox 2111 4256 2264 4310; x_wconf 69' lang='lat' dir='ltr'><strong>suta;</strong></span> <span class='ocrx_word' id='word_1_578' title='bbox 2311 4242 2458 4312; x_wconf 90' lang='lat' dir='ltr'><strong>quod</strong></span> <span class='ocrx_word' id='word_1_579' title='bbox 2505 4256 2612 4296; x_wconf 83' lang='lat' dir='ltr'><strong>non</strong></span> <span class='ocrx_word' id='word_1_580' title='bbox 2635 4251 2721 4298; x_wconf 91' lang='lat' dir='ltr'><strong>est</strong></span> <span class='ocrx_word' id='word_1_581' title='bbox 2760 4219 2876 4310; x_wconf 14' lang='lat' dir='ltr'><strong>peri</strong></span> <span class='ocrx_word' id='word_1_582' title='bbox 2907 4242 3088 4313; x_wconf 80' lang='lat' dir='ltr'><strong>ipsum</strong></span> <span class='ocrx_word' id='word_1_583' title='bbox 3109 4219 3390 4312; x_wconf 77' lang='lat' dir='ltr'><strong>Spiritum</strong></span> <span class='ocrx_word' id='word_1_584' title='bbox 3421 4219 3696 4308; x_wconf 79' lang='lat' dir='ltr'><strong>sanctum,</strong></span> 
     </span>
    </p>
   </div>
   <div class='ocr_carea' id='block_1_85' title="bbox 415 4313 2014 4408">
    <p class='ocr_par' dir='ltr' id='par_1_85' title="bbox 415 4313 2002 4388">
     <span class='ocr_line' id='line_1_86' title="bbox 415 4313 2002 4388; baseline -0.003 -18"><span class='ocrx_word' id='word_1_585' title='bbox 415 4317 515 4388; x_wconf 81' lang='grc' dir='ltr'>τὴν</span> <span class='ocrx_word' id='word_1_586' title='bbox 545 4316 805 4388; x_wconf 86' lang='grc' dir='ltr'>τοιαύτην</span> <span class='ocrx_word' id='word_1_587' title='bbox 847 4318 978 4388; x_wconf 85' lang='grc' dir='ltr'>ὅλην</span> <span class='ocrx_word' id='word_1_588' title='bbox 1011 4314 1410 4386; x_wconf 82' lang='grc' dir='ltr'>ίεροτελεστίαν</span> <span class='ocrx_word' id='word_1_589' title='bbox 1433 4318 1500 4386; x_wconf 77' lang='grc' dir='ltr'>τῇ</span> <span class='ocrx_word' id='word_1_590' title='bbox 1532 4313 1680 4380; x_wconf 83' lang='grc' dir='ltr'>ζέσει</span> <span class='ocrx_word' id='word_1_591' title='bbox 1707 4313 1801 4367; x_wconf 89' lang='grc' dir='ltr'><strong>τοῦ</strong></span> <span class='ocrx_word' id='word_1_592' title='bbox 1834 4313 2002 4367; x_wconf 72' lang='lat' dir='ltr'><strong>Ilvati-</strong></span> 
     </span>
    </p>
   </div>
   <div class='ocr_carea' id='block_1_86' title="bbox 2100 4313 3699 4408">
    <p class='ocr_par' dir='ltr' id='par_1_86' title="bbox 2112 4333 3699 4408">
     <span class='ocr_line' id='line_1_87' title="bbox 2112 4333 3699 4408; baseline 0.002 -18"><span class='ocrx_word' id='word_1_593' title='bbox 2112 4334 2452 4390; x_wconf 66' lang='lat' dir='ltr'><strong>daemonibus</strong></span> <span class='ocrx_word' id='word_1_594' title='bbox 2505 4333 2892 4390; x_wconf 89' lang='lat' dir='ltr'><strong>insidiantibus</strong></span> <span class='ocrx_word' id='word_1_595' title='bbox 2938 4335 3099 4392; x_wconf 89' lang='lat' dir='ltr'><strong>facile</strong></span> <span class='ocrx_word' id='word_1_596' title='bbox 3139 4337 3428 4392; x_wconf 80' lang='lat' dir='ltr'><strong>lacessitur</strong></span> <span class='ocrx_word' id='word_1_597' title='bbox 3471 4341 3699 4408; x_wconf 87' lang='lat' dir='ltr'><strong>:qualia</strong></span> 
     </span>
    </p>
   </div>
   <div class='ocr_carea' id='block_1_87' title="bbox 419 4405 2018 4499">
    <p class='ocr_par' dir='ltr' id='par_1_87' title="bbox 419 4405 2009 4495">
     <span class='ocr_line' id='line_1_88' title="bbox 419 4405 2009 4495; baseline -0.004 -33"><span class='ocrx_word' id='word_1_598' title='bbox 419 4426 610 4480; x_wconf 77' lang='grc' dir='ltr'>ματος.</span> <span class='ocrx_word' id='word_1_599' title='bbox 655 4409 744 4471; x_wconf 80' lang='grc' dir='ltr'>Ὠς</span> <span class='ocrx_word' id='word_1_600' title='bbox 774 4411 885 4480; x_wconf 83' lang='grc' dir='ltr'>γὰρ</span> <span class='ocrx_word' id='word_1_601' title='bbox 933 4405 1314 4495; x_wconf 58' lang='grc' dir='ltr'>ἐπιϐουλευτὸς</span> <span class='ocrx_word' id='word_1_602' title='bbox 1348 4406 1624 4478; x_wconf 75' lang='grc' dir='ltr'>θησαυρὸς</span> <span class='ocrx_word' id='word_1_603' title='bbox 1654 4407 1682 4460; x_wconf 88' lang='lat'><strong>6</strong></span> <span class='ocrx_word' id='word_1_604' title='bbox 1728 4407 2009 4474; x_wconf 62' lang='grc' dir='ltr'>ἁσφράγιυ</span> 
     </span>
    </p>
   </div>
   <div class='ocr_carea' id='block_1_88' title="bbox 2099 4405 3698 4499">
    <p class='ocr_par' dir='ltr' id='par_1_88' title="bbox 2113 4425 3698 4499">
     <span class='ocr_line' id='line_1_89' title="bbox 2113 4425 3698 4499; baseline 0.003 -18"><span class='ocrx_word' id='word_1_605' title='bbox 2113 4438 2240 4481; x_wconf 88' lang='lat' dir='ltr'><strong>sunt</strong></span> <span class='ocrx_word' id='word_1_606' title='bbox 2301 4434 2624 4481; x_wconf 76' lang='lat' dir='ltr'><strong>carterorum</strong></span> <span class='ocrx_word' id='word_1_607' title='bbox 2689 4425 3068 4484; x_wconf 70' lang='lat' dir='ltr'><strong>haereticorum</strong></span> <span class='ocrx_word' id='word_1_608' title='bbox 3106 4429 3431 4499; x_wconf 83' lang='lat' dir='ltr'><strong>bsptismata</strong></span> <span class='ocrx_word' id='word_1_609' title='bbox 3483 4445 3698 4488; x_wconf 84' lang='lat' dir='ltr'><strong>necnon</strong></span> 
     </span>
    </p>
   </div>
   <div class='ocr_carea' id='block_1_89' title="bbox 420 4496 2019 4594">
    <p class='ocr_par' dir='ltr' id='par_1_89' title="bbox 420 4496 2006 4570">
     <span class='ocr_line' id='line_1_90' title="bbox 420 4496 2006 4570; baseline -0.001 -20"><span class='ocrx_word' id='word_1_610' title='bbox 420 4515 565 4564; x_wconf 83' lang='grc' dir='ltr'>στος,</span> <span class='ocrx_word' id='word_1_611' title='bbox 597 4497 774 4561; x_wconf 78' lang='grc' dir='ltr'>οὕτως</span> <span class='ocrx_word' id='word_1_612' title='bbox 820 4499 1133 4570; x_wconf 80' lang='grc' dir='ltr'>ἀκάθαρτον</span> <span class='ocrx_word' id='word_1_613' title='bbox 1161 4498 1470 4569; x_wconf 85' lang='grc' dir='ltr'>βάπτισμα,</span> <span class='ocrx_word' id='word_1_614' title='bbox 1520 4499 1615 4552; x_wconf 82' lang='grc' dir='ltr'>καὶ</span> <span class='ocrx_word' id='word_1_615' title='bbox 1643 4500 1755 4561; x_wconf 83' lang='grc' dir='ltr'>τοῖς</span> <span class='ocrx_word' id='word_1_616' title='bbox 1788 4496 2006 4550; x_wconf 75' lang='grc' dir='ltr'>ἐπιϐού-</span> 
     </span>
    </p>
   </div>
   <div class='ocr_carea' id='block_1_90' title="bbox 2101 4496 3700 4594">
    <p class='ocr_par' dir='ltr' id='par_1_90' title="bbox 2113 4496 3700 4594">
     <span class='ocr_line' id='line_1_91' title="bbox 2113 4496 3700 4594; baseline 0.005 -22"><span class='ocrx_word' id='word_1_617' title='bbox 2113 4519 2584 4586; x_wconf 86' lang='lat' dir='ltr'><strong>anabaptistarum</strong></span> <span class='ocrx_word' id='word_1_618' title='bbox 2644 4517 2893 4586; x_wconf 89' lang='lat' dir='ltr'><strong>quotidie</strong></span> <span class='ocrx_word' id='word_1_619' title='bbox 2938 4496 3358 4590; x_wconf 73' lang='lat' dir='ltr'><strong>baptizaiitium,</strong></span> <span class='ocrx_word' id='word_1_620' title='bbox 3413 4536 3445 4578; x_wconf 73' lang='grc' dir='ltr'>ι</span> <span class='ocrx_word' id='word_1_621' title='bbox 3497 4524 3700 4594; x_wconf 88' lang='lat' dir='ltr'><strong>quibus</strong></span> 
     </span>
    </p>
   </div>
   <div class='ocr_carea' id='block_1_91' title="bbox 415 4588 2014 4677">
    <p class='ocr_par' dir='ltr' id='par_1_91' title="bbox 415 4588 2002 4661">
     <span class='ocr_line' id='line_1_92' title="bbox 415 4588 2002 4661; baseline 0 -19"><span class='ocrx_word' id='word_1_622' title='bbox 415 4590 528 4654; x_wconf 87' lang='grc' dir='ltr'>λοις</span> <span class='ocrx_word' id='word_1_623' title='bbox 577 4591 828 4661; x_wconf 57' lang='grc' dir='ltr'>δαίμοσιν</span> <span class='ocrx_word' id='word_1_624' title='bbox 876 4590 1350 4661; x_wconf 81' lang='grc' dir='ltr'>εὑπεριφρόνητον</span> <span class='ocrx_word' id='word_1_625' title='bbox 1397 4589 1459 4643; x_wconf 80' lang='lat' dir='ltr'><strong>rb</strong></span> <span class='ocrx_word' id='word_1_626' title='bbox 1491 4589 1568 4660; x_wconf 81' lang='grc' dir='ltr'>μὴ</span> <span class='ocrx_word' id='word_1_627' title='bbox 1599 4588 1667 4643; x_wconf 85' lang='grc' dir='ltr'><strong>δι’</strong></span> <span class='ocrx_word' id='word_1_628' title='bbox 1708 4589 1874 4643; x_wconf 87' lang='grc' dir='ltr'>αὐτοῦ</span> <span class='ocrx_word' id='word_1_629' title='bbox 1907 4588 2002 4642; x_wconf 88' lang='grc' dir='ltr'><strong>τοῦ</strong></span> 
     </span>
    </p>
   </div>
   <div class='ocr_carea' id='block_1_92' title="bbox 2102 4588 3701 4677">
    <p class='ocr_par' dir='ltr' id='par_1_92' title="bbox 2113 4588 3701 4677">
     <span class='ocr_line' id='line_1_93' title="bbox 2113 4588 3701 4677; baseline 0.006 -15"><span class='ocrx_word' id='word_1_630' title='bbox 2113 4610 2268 4663; x_wconf 80' lang='lat' dir='ltr'><strong>abest</strong></span> <span class='ocrx_word' id='word_1_631' title='bbox 2337 4608 2576 4677; x_wconf 87' lang='lat' dir='ltr'><strong>Spiritus</strong></span> <span class='ocrx_word' id='word_1_632' title='bbox 2604 4618 2847 4673; x_wconf 85' lang='lat' dir='ltr'><strong>sanctus,</strong></span> <span class='ocrx_word' id='word_1_633' title='bbox 2888 4620 2947 4666; x_wconf 86' lang='lat' dir='ltr'><strong>ut</strong></span> <span class='ocrx_word' id='word_1_634' title='bbox 3000 4588 3254 4668; x_wconf 85' lang='lat' dir='ltr'><strong>nesciens</strong></span> <span class='ocrx_word' id='word_1_635' title='bbox 3285 4613 3429 4677; x_wconf 88' lang='lat' dir='ltr'><strong>illos,</strong></span> <span class='ocrx_word' id='word_1_636' title='bbox 3483 4617 3701 4671; x_wconf 90' lang='lat' dir='ltr'><strong>tametsi</strong></span> 
     </span>
    </p>
   </div>
   <div class='ocr_carea' id='block_1_93' title="bbox 415 4683 2014 4775">
    <p class='ocr_par' dir='ltr' id='par_1_93' title="bbox 415 4683 2004 4753">
     <span class='ocr_line' id='line_1_94' title="bbox 415 4683 2004 4753; baseline -0.001 -15"><span class='ocrx_word' id='word_1_637' title='bbox 415 4684 577 4751; x_wconf 82' lang='grc' dir='ltr'>ἁγίου</span> <span class='ocrx_word' id='word_1_638' title='bbox 610 4684 928 4753; x_wconf 82' lang='grc' dir='ltr'>Πνεύματος</span> <span class='ocrx_word' id='word_1_639' title='bbox 953 4699 968 4717; x_wconf 76' lang='grc' dir='ltr'><strong><em>ο</em></strong></span> <span class='ocrx_word' id='word_1_640' title='bbox 1001 4685 1164 4738; x_wconf 80' lang='grc' dir='ltr'>ὁποῖα</span> <span class='ocrx_word' id='word_1_641' title='bbox 1191 4684 1262 4738; x_wconf 87' lang='grc' dir='ltr'><strong>τά</strong></span> <span class='ocrx_word' id='word_1_642' title='bbox 1305 4700 1365 4737; x_wconf 85' lang='grc' dir='ltr'><strong>τε</strong></span> <span class='ocrx_word' id='word_1_643' title='bbox 1410 4683 1589 4737; x_wconf 83' lang='grc' dir='ltr'>ἄλλων</span> <span class='ocrx_word' id='word_1_644' title='bbox 1616 4683 2004 4753; x_wconf 80' lang='grc' dir='ltr'>αἱρετιζόντων</span> 
     </span>
    </p>
   </div>
   <div class='ocr_carea' id='block_1_94' title="bbox 2099 4683 3698 4775">
    <p class='ocr_par' dir='ltr' id='par_1_94' title="bbox 2116 4701 3698 4775">
     <span class='ocr_line' id='line_1_95' title="bbox 2116 4701 3698 4775; baseline 0.006 -21"><span class='ocrx_word' id='word_1_645' title='bbox 2116 4704 2292 4772; x_wconf 85' lang='lat' dir='ltr'><strong>ipsum</strong></span> <span class='ocrx_word' id='word_1_646' title='bbox 2337 4701 2613 4756; x_wconf 87' lang='lat' dir='ltr'><strong>invocent.</strong></span> <span class='ocrx_word' id='word_1_647' title='bbox 2689 4701 2792 4756; x_wconf 89' lang='lat' dir='ltr'><strong>llic</strong></span> <span class='ocrx_word' id='word_1_648' title='bbox 2819 4711 3002 4757; x_wconf 88' lang='lat' dir='ltr'><strong>autem</strong></span> <span class='ocrx_word' id='word_1_649' title='bbox 3035 4706 3444 4775; x_wconf 77' lang='lat' dir='ltr'><strong>recogitandum</strong></span> <span class='ocrx_word' id='word_1_650' title='bbox 3493 4719 3582 4763; x_wconf 90' lang='lat' dir='ltr'><strong>est</strong></span> <span class='ocrx_word' id='word_1_651' title='bbox 3615 4709 3698 4762; x_wconf 84' lang='lat' dir='ltr'><strong>la-</strong></span> 
     </span>
    </p>
   </div>
   <div class='ocr_carea' id='block_1_95' title="bbox 418 4769 2017 4868">
    <p class='ocr_par' dir='ltr' id='par_1_95' title="bbox 418 4769 2004 4846">
     <span class='ocr_line' id='line_1_96' title="bbox 418 4769 2004 4846; baseline 0.003 -20"><span class='ocrx_word' id='word_1_652' title='bbox 418 4775 609 4827; x_wconf 75' lang='grc' dir='ltr'>καὶτὰ</span> <span class='ocrx_word' id='word_1_653' title='bbox 650 4777 760 4828; x_wconf 89' lang='grc' dir='ltr'><strong>τῶν</strong></span> <span class='ocrx_word' id='word_1_654' title='bbox 815 4773 1302 4840; x_wconf 77' lang='grc' dir='ltr'>ἀναὸαπτιζόντων</span> <span class='ocrx_word' id='word_1_655' title='bbox 1353 4775 1877 4846; x_wconf 80' lang='grc' dir='ltr'>ἡμεροσαπτιστῶν,</span> <span class='ocrx_word' id='word_1_656' title='bbox 1929 4769 2004 4831; x_wconf 83' lang='grc' dir='ltr'>ὧν</span> 
     </span>
    </p>
   </div>
   <div class='ocr_carea' id='block_1_96' title="bbox 2102 4769 3701 4868">
    <p class='ocr_par' dir='ltr' id='par_1_96' title="bbox 2114 4769 3701 4868">
     <span class='ocr_line' id='line_1_97' title="bbox 2114 4769 3701 4868; baseline 0.005 -24"><span class='ocrx_word' id='word_1_657' title='bbox 2114 4769 2334 4845; x_wconf 63' lang='grc' dir='ltr'>νόρτιιιιι</span> <span class='ocrx_word' id='word_1_658' title='bbox 2425 4806 2546 4846; x_wconf 88' lang='lat' dir='ltr'><strong>esse</strong></span> <span class='ocrx_word' id='word_1_659' title='bbox 2599 4806 2818 4862; x_wconf 89' lang='lat' dir='ltr'><strong>quoque</strong></span> <span class='ocrx_word' id='word_1_660' title='bbox 2869 4793 3140 4861; x_wconf 86' lang='lat' dir='ltr'><strong>divinum,</strong></span> <span class='ocrx_word' id='word_1_661' title='bbox 3164 4769 3313 4849; x_wconf 71' lang='lat' dir='ltr'><strong>illud</strong></span> <span class='ocrx_word' id='word_1_662' title='bbox 3343 4797 3486 4866; x_wconf 91' lang='lat' dir='ltr'><strong>quod</strong></span> <span class='ocrx_word' id='word_1_663' title='bbox 3521 4797 3579 4852; x_wconf 83' lang='lat' dir='ltr'><strong>fit</strong></span> <span class='ocrx_word' id='word_1_664' title='bbox 3606 4813 3701 4868; x_wconf 90' lang='lat' dir='ltr'><strong>per</strong></span> 
     </span>
    </p>
   </div>
   <div class='ocr_carea' id='block_1_97' title="bbox 415 4863 2014 4955">
    <p class='ocr_par' dir='ltr' id='par_1_97' title="bbox 415 4863 2005 4936">
     <span class='ocr_line' id='line_1_98' title="bbox 415 4863 2005 4936; baseline 0 -17"><span class='ocrx_word' id='word_1_665' title='bbox 415 4867 615 4919; x_wconf 81' lang='grc' dir='ltr'>ἁπεστι</span> <span class='ocrx_word' id='word_1_666' title='bbox 665 4865 727 4919; x_wconf 82' lang='grc' dir='ltr'>τὸ</span> <span class='ocrx_word' id='word_1_667' title='bbox 772 4864 931 4934; x_wconf 76' lang='grc' dir='ltr'>ἅγιον</span> <span class='ocrx_word' id='word_1_668' title='bbox 977 4864 1230 4936; x_wconf 81' lang='grc' dir='ltr'>Πνεῦμα,</span> <span class='ocrx_word' id='word_1_669' title='bbox 1260 4863 1335 4928; x_wconf 84' lang='grc' dir='ltr'><strong>ὡς</strong></span> <span class='ocrx_word' id='word_1_670' title='bbox 1389 4865 1465 4935; x_wconf 84' lang='grc' dir='ltr'>μὴ</span> <span class='ocrx_word' id='word_1_671' title='bbox 1494 4864 1634 4928; x_wconf 83' lang='grc' dir='ltr'>είδὸς</span> <span class='ocrx_word' id='word_1_672' title='bbox 1679 4866 1922 4931; x_wconf 79' lang='grc' dir='ltr'>ἐκείνους</span> <span class='ocrx_word' id='word_1_673' title='bbox 1955 4867 2005 4919; x_wconf 84' lang='grc' dir='ltr'>εἰ</span> 
     </span>
    </p>
   </div>
   <div class='ocr_carea' id='block_1_98' title="bbox 2106 4863 3705 4955">
    <p class='ocr_par' dir='ltr' id='par_1_98' title="bbox 2113 4863 3705 4955">
     <span class='ocr_line' id='line_1_99' title="bbox 2113 4863 3705 4955; baseline 0.004 -19"><span class='ocrx_word' id='word_1_674' title='bbox 2113 4882 2404 4953; x_wconf 81' lang='lat' dir='ltr'><strong>lacrymas,</strong></span> <span class='ocrx_word' id='word_1_675' title='bbox 2475 4892 2532 4938; x_wconf 92' lang='lat' dir='ltr'><strong>et</strong></span> <span class='ocrx_word' id='word_1_676' title='bbox 2583 4882 2719 4938; x_wconf 90' lang='lat' dir='ltr'><strong>illud</strong></span> <span class='ocrx_word' id='word_1_677' title='bbox 2774 4885 2921 4955; x_wconf 87' lang='lat' dir='ltr'><strong>quod</strong></span> <span class='ocrx_word' id='word_1_678' title='bbox 2967 4863 3505 4942; x_wconf 35' lang='lat' dir='ltr'><strong>monachicum&#39;est:</strong></span> <span class='ocrx_word' id='word_1_679' title='bbox 3538 4863 3625 4943; x_wconf 80' lang='lat' dir='ltr'><strong>his</strong></span> <span class='ocrx_word' id='word_1_680' title='bbox 3650 4899 3705 4943; x_wconf 90' lang='lat' dir='ltr'><strong>et</strong></span> 
     </span>
    </p>
   </div>
   <div class='ocr_carea' id='block_1_99' title="bbox 419 4955 2018 5042">
    <p class='ocr_par' dir='ltr' id='par_1_99' title="bbox 419 4955 2006 5026">
     <span class='ocr_line' id='line_1_100' title="bbox 419 4955 2006 5026; baseline -0.001 -14"><span class='ocrx_word' id='word_1_681' title='bbox 419 4959 515 5012; x_wconf 74' lang='grc' dir='ltr'>καὶ</span> <span class='ocrx_word' id='word_1_682' title='bbox 576 4956 977 5020; x_wconf 81' lang='grc' dir='ltr'>ἐπικαλοῦντας</span> <span class='ocrx_word' id='word_1_683' title='bbox 1026 4956 1182 5010; x_wconf 84' lang='grc' dir='ltr'>αὑτό.</span> <span class='ocrx_word' id='word_1_684' title='bbox 1237 4956 1608 5026; x_wconf 80' lang='grc' dir='ltr'>Ἑνθυμητέον</span> <span class='ocrx_word' id='word_1_685' title='bbox 1667 4955 1712 5008; x_wconf 83' lang='grc' dir='ltr'><strong>δ’</strong></span> <span class='ocrx_word' id='word_1_686' title='bbox 1770 4958 2006 5011; x_wconf 85' lang='grc' dir='ltr'>ἐνταῦθα</span> 
     </span>
    </p>
   </div>
   <div class='ocr_carea' id='block_1_100' title="bbox 2107 4955 3706 5042">
    <p class='ocr_par' dir='ltr' id='par_1_100' title="bbox 2118 4970 3706 5042">
     <span class='ocr_line' id='line_1_101' title="bbox 2118 4970 3706 5042; baseline 0.005 -16"><span class='ocrx_word' id='word_1_687' title='bbox 2118 4975 2252 5042; x_wconf 72' lang='lat' dir='ltr'><strong>ipsus</strong></span> <span class='ocrx_word' id='word_1_688' title='bbox 2290 4970 2527 5040; x_wconf 77' lang='lat' dir='ltr'><strong>Spiritus</strong></span> <span class='ocrx_word' id='word_1_689' title='bbox 2563 4972 2742 5028; x_wconf 88' lang='lat' dir='ltr'><strong>fervor</strong></span> <span class='ocrx_word' id='word_1_690' title='bbox 2787 4975 3104 5030; x_wconf 88' lang='lat' dir='ltr'><strong>accenditur</strong></span> <span class='ocrx_word' id='word_1_691' title='bbox 3157 4986 3213 5032; x_wconf 89' lang='lat' dir='ltr'><strong>et</strong></span> <span class='ocrx_word' id='word_1_692' title='bbox 3278 4978 3434 5034; x_wconf 87' lang='lat' dir='ltr'><strong>ardet</strong></span> <span class='ocrx_word' id='word_1_693' title='bbox 3489 4980 3544 5034; x_wconf 91' lang='lat' dir='ltr'><strong>in</strong></span> <span class='ocrx_word' id='word_1_694' title='bbox 3598 4980 3706 5034; x_wconf 84' lang='lat' dir='ltr'><strong>illis</strong></span> 
     </span>
    </p>
   </div>
   <div class='ocr_carea' id='block_1_101' title="bbox 418 5047 2017 5137">
    <p class='ocr_par' dir='ltr' id='par_1_101' title="bbox 418 5047 2007 5122">
     <span class='ocr_line' id='line_1_102' title="bbox 418 5047 2007 5122; baseline -0.001 -19"><span class='ocrx_word' id='word_1_695' title='bbox 418 5051 649 5122; x_wconf 77' lang='grc' dir='ltr'>λουτρὸν</span> <span class='ocrx_word' id='word_1_696' title='bbox 679 5049 825 5103; x_wconf 79' lang='grc' dir='ltr'>εἶναι</span> <span class='ocrx_word' id='word_1_697' title='bbox 857 5050 1000 5104; x_wconf 85' lang='grc' dir='ltr'>θεῖον</span> <span class='ocrx_word' id='word_1_698' title='bbox 1049 5049 1146 5102; x_wconf 74' lang='grc' dir='ltr'>καὶ</span> <span class='ocrx_word' id='word_1_699' title='bbox 1175 5049 1236 5102; x_wconf 83' lang='lat' dir='ltr'><strong>rb</strong></span> <span class='ocrx_word' id='word_1_700' title='bbox 1261 5049 1351 5102; x_wconf 85' lang='grc' dir='ltr'><strong>διὰ</strong></span> <span class='ocrx_word' id='word_1_701' title='bbox 1382 5052 1494 5101; x_wconf 88' lang='grc' dir='ltr'><strong>τῶν</strong></span> <span class='ocrx_word' id='word_1_702' title='bbox 1536 5047 1790 5118; x_wconf 82' lang='grc' dir='ltr'>δακρύων</span> <span class='ocrx_word' id='word_1_703' title='bbox 1821 5049 1916 5102; x_wconf 76' lang='grc' dir='ltr'><strong>καὶ</strong></span> <span class='ocrx_word' id='word_1_704' title='bbox 1944 5051 2007 5102; x_wconf 88' lang='grc' dir='ltr'><strong>τὸ</strong></span> 
     </span>
    </p>
   </div>
   <div class='ocr_carea' id='block_1_102' title="bbox 2105 5047 3704 5137">
    <p class='ocr_par' dir='ltr' id='par_1_102' title="bbox 2113 5065 3704 5137">
     <span class='ocr_line' id='line_1_103' title="bbox 2113 5065 3704 5137; baseline 0.005 -20"><span class='ocrx_word' id='word_1_705' title='bbox 2113 5067 2208 5133; x_wconf 88' lang='lat' dir='ltr'><strong>qui</strong></span> <span class='ocrx_word' id='word_1_706' title='bbox 2258 5065 2462 5120; x_wconf 71' lang='lat' dir='ltr'><strong>fervide</strong></span> <span class='ocrx_word' id='word_1_707' title='bbox 2497 5068 2804 5137; x_wconf 78' lang='lat' dir='ltr'><strong>sus‘cipiunt</strong></span> <span class='ocrx_word' id='word_1_708' title='bbox 2878 5084 2963 5123; x_wconf 87' lang='lat' dir='ltr'><strong>ea.</strong></span> <span class='ocrx_word' id='word_1_709' title='bbox 3018 5069 3076 5124; x_wconf 75' lang='lat' dir='ltr'><strong>In</strong></span> <span class='ocrx_word' id='word_1_710' title='bbox 3105 5081 3287 5127; x_wconf 86' lang='lat' dir='ltr'><strong>mente</strong></span> <span class='ocrx_word' id='word_1_711' title='bbox 3348 5087 3479 5128; x_wconf 81' lang='lat' dir='ltr'><strong>vero</strong></span> <span class='ocrx_word' id='word_1_712' title='bbox 3541 5073 3704 5127; x_wconf 87' lang='lat' dir='ltr'><strong>simul</strong></span> 
     </span>
    </p>
   </div>
   <div class='ocr_carea' id='block_1_103' title="bbox 422 5137 2021 5230">
    <p class='ocr_par' dir='ltr' id='par_1_103' title="bbox 422 5137 2005 5212">
     <span class='ocr_line' id='line_1_104' title="bbox 422 5137 2005 5212; baseline -0.001 -18"><span class='ocrx_word' id='word_1_713' title='bbox 422 5144 719 5212; x_wconf 86' lang='grc' dir='ltr'>μοναχικόν</span> <span class='ocrx_word' id='word_1_714' title='bbox 742 5158 757 5173; x_wconf 87' lang='grc'><strong>·</strong></span> <span class='ocrx_word' id='word_1_715' title='bbox 791 5137 872 5205; x_wconf 79' lang='grc' dir='ltr'>οἷς</span> <span class='ocrx_word' id='word_1_716' title='bbox 902 5143 998 5195; x_wconf 77' lang='grc' dir='ltr'><strong>καὶ</strong></span> <span class='ocrx_word' id='word_1_717' title='bbox 1043 5143 1227 5204; x_wconf 85' lang='grc' dir='ltr'>αὐτοῖς</span> <span class='ocrx_word' id='word_1_718' title='bbox 1262 5140 1579 5211; x_wconf 83' lang='grc' dir='ltr'>Πνεύματος</span> <span class='ocrx_word' id='word_1_719' title='bbox 1606 5140 2005 5211; x_wconf 79' lang='grc' dir='ltr'>ἀνθρακεύεται</span> 
     </span>
    </p>
   </div>
   <div class='ocr_carea' id='block_1_104' title="bbox 2109 5137 3708 5230">
    <p class='ocr_par' dir='ltr' id='par_1_104' title="bbox 2117 5158 3708 5230">
     <span class='ocr_line' id='line_1_105' title="bbox 2117 5158 3708 5230; baseline 0.008 -21"><span class='ocrx_word' id='word_1_720' title='bbox 2117 5158 2427 5213; x_wconf 82' lang='lat' dir='ltr'><strong>habendum</strong></span> <span class='ocrx_word' id='word_1_721' title='bbox 2488 5169 2594 5224; x_wconf 88' lang='lat' dir='ltr'><strong>est,</strong></span> <span class='ocrx_word' id='word_1_722' title='bbox 2645 5161 2793 5230; x_wconf 84' lang='lat' dir='ltr'><strong>quod</strong></span> <span class='ocrx_word' id='word_1_723' title='bbox 2858 5163 3004 5216; x_wconf 84' lang='lat' dir='ltr'><strong>sicut</strong></span> <span class='ocrx_word' id='word_1_724' title='bbox 3050 5163 3254 5218; x_wconf 87' lang='lat' dir='ltr'><strong>dictum</strong></span> <span class='ocrx_word' id='word_1_725' title='bbox 3303 5162 3572 5220; x_wconf 87' lang='lat' dir='ltr'><strong>fervorem</strong></span> <span class='ocrx_word' id='word_1_726' title='bbox 3613 5180 3708 5222; x_wconf 68' lang='lat' dir='ltr'><strong>ex-</strong></span> 
     </span>
    </p>
   </div>
   <div class='ocr_carea' id='block_1_105' title="bbox 421 5234 2020 5321">
    <p class='ocr_par' dir='ltr' id='par_1_105' title="bbox 421 5234 2007 5306">
     <span class='ocr_line' id='line_1_106' title="bbox 421 5234 2007 5306; baseline -0.001 -18"><span class='ocrx_word' id='word_1_727' title='bbox 421 5236 518 5288; x_wconf 82' lang='grc' dir='ltr'><strong>καὶ</strong></span> <span class='ocrx_word' id='word_1_728' title='bbox 546 5235 860 5305; x_wconf 84' lang='grc' dir='ltr'>ἀναλάμπει</span> <span class='ocrx_word' id='word_1_729' title='bbox 912 5235 1063 5300; x_wconf 86' lang='grc' dir='ltr'>ζέσις</span> <span class='ocrx_word' id='word_1_730' title='bbox 1092 5235 1245 5304; x_wconf 86' lang='grc' dir='ltr'><strong>παρὰ</strong></span> <span class='ocrx_word' id='word_1_731' title='bbox 1294 5236 1406 5299; x_wconf 80' lang='grc' dir='ltr'>τοῖς</span> <span class='ocrx_word' id='word_1_732' title='bbox 1439 5234 1659 5306; x_wconf 88' lang='grc' dir='ltr'>θερμῶς</span> <span class='ocrx_word' id='word_1_733' title='bbox 1711 5237 2007 5304; x_wconf 82' lang='grc' dir='ltr'>προσιεμέ-</span> 
     </span>
    </p>
   </div>
   <div class='ocr_carea' id='block_1_106' title="bbox 2104 5234 3703 5321">
    <p class='ocr_par' dir='ltr' id='par_1_106' title="bbox 2113 5249 3703 5321">
     <span class='ocr_line' id='line_1_107' title="bbox 2113 5249 3703 5321; baseline 0.005 -16"><span class='ocrx_word' id='word_1_734' title='bbox 2113 5259 2278 5305; x_wconf 88' lang='lat' dir='ltr'><strong>ornat</strong></span> <span class='ocrx_word' id='word_1_735' title='bbox 2343 5249 2582 5321; x_wconf 85' lang='lat' dir='ltr'><strong>Spiritus</strong></span> <span class='ocrx_word' id='word_1_736' title='bbox 2613 5253 2778 5308; x_wconf 87' lang='lat' dir='ltr'><strong>simul</strong></span> <span class='ocrx_word' id='word_1_737' title='bbox 2839 5257 3182 5320; x_wconf 89' lang='lat' dir='ltr'><strong>euuntiatus,</strong></span> <span class='ocrx_word' id='word_1_738' title='bbox 3238 5258 3320 5311; x_wconf 86' lang='lat' dir='ltr'><strong>sic</strong></span> <span class='ocrx_word' id='word_1_739' title='bbox 3349 5258 3517 5312; x_wconf 88' lang='lat' dir='ltr'><strong>etiam</strong></span> <span class='ocrx_word' id='word_1_740' title='bbox 3558 5258 3703 5313; x_wconf 88' lang='lat' dir='ltr'><strong>divi-</strong></span> 
     </span>
    </p>
   </div>
   <div class='ocr_carea' id='block_1_107' title="bbox 419 5326 2018 5413">
    <p class='ocr_par' dir='ltr' id='par_1_107' title="bbox 419 5326 2005 5398">
     <span class='ocr_line' id='line_1_108' title="bbox 419 5326 2005 5398; baseline -0.001 -18"><span class='ocrx_word' id='word_1_741' title='bbox 419 5345 531 5391; x_wconf 89' lang='grc' dir='ltr'>νοις</span> <span class='ocrx_word' id='word_1_742' title='bbox 582 5329 745 5381; x_wconf 83' lang='grc' dir='ltr'>αὐτά.</span> <span class='ocrx_word' id='word_1_743' title='bbox 803 5327 1287 5398; x_wconf 83' lang='grc' dir='ltr'>ιΙροσενθυμητέον</span> <span class='ocrx_word' id='word_1_744' title='bbox 1325 5326 1383 5378; x_wconf 76' lang='grc' dir='ltr'>δὲ</span> <span class='ocrx_word' id='word_1_745' title='bbox 1430 5327 1525 5381; x_wconf 75' lang='grc' dir='ltr'><strong>καὶ</strong></span> <span class='ocrx_word' id='word_1_746' title='bbox 1573 5327 1655 5380; x_wconf 87' lang='grc' dir='ltr'><strong>ὅτι</strong></span> <span class='ocrx_word' id='word_1_747' title='bbox 1710 5327 1855 5380; x_wconf 84' lang='grc' dir='ltr'>καθὰ</span> <span class='ocrx_word' id='word_1_748' title='bbox 1907 5329 2005 5397; x_wconf 80' lang='grc' dir='ltr'>τὴν</span> 
     </span>
    </p>
   </div>
   <div class='ocr_carea' id='block_1_108' title="bbox 2103 5326 3702 5413">
    <p class='ocr_par' dir='ltr' id='par_1_108' title="bbox 2120 5345 3702 5413">
     <span class='ocr_line' id='line_1_109' title="bbox 2120 5345 3702 5413; baseline 0.006 -17"><span class='ocrx_word' id='word_1_749' title='bbox 2120 5359 2251 5398; x_wconf 89' lang='lat' dir='ltr'><strong>num</strong></span> <span class='ocrx_word' id='word_1_750' title='bbox 2274 5345 2685 5413; x_wconf 85' lang='lat' dir='ltr'><strong>superadditqu</strong></span> <span class='ocrx_word' id='word_1_751' title='bbox 2722 5354 2808 5402; x_wconf 87' lang='lat' dir='ltr'><strong>est</strong></span> <span class='ocrx_word' id='word_1_752' title='bbox 2840 5347 3040 5404; x_wconf 83' lang='lat' dir='ltr'><strong>lavacri</strong></span> <span class='ocrx_word' id='word_1_753' title='bbox 3067 5347 3539 5407; x_wconf 86' lang='lat' dir='ltr'><strong>decoramentum.</strong></span> <span class='ocrx_word' id='word_1_754' title='bbox 3569 5351 3702 5408; x_wconf 81' lang='lat' dir='ltr'><strong>Ver-</strong></span> 
     </span>
    </p>
   </div>
   <div class='ocr_carea' id='block_1_109' title="bbox 417 5417 2016 5516">
    <p class='ocr_par' dir='ltr' id='par_1_109' title="bbox 417 5417 2006 5490">
     <span class='ocr_line' id='line_1_110' title="bbox 417 5417 2006 5490; baseline -0.001 -19"><span class='ocrx_word' id='word_1_755' title='bbox 417 5421 720 5490; x_wconf 77' lang='grc' dir='ltr'>εἰρημένην</span> <span class='ocrx_word' id='word_1_756' title='bbox 766 5421 922 5484; x_wconf 82' lang='grc' dir='ltr'>ζέσιν</span> <span class='ocrx_word' id='word_1_757' title='bbox 969 5419 1264 5488; x_wconf 78' lang='grc' dir='ltr'>ἐπικοσμεῖ</span> <span class='ocrx_word' id='word_1_758' title='bbox 1291 5419 1350 5470; x_wconf 77' lang='grc' dir='ltr'>τὸ</span> <span class='ocrx_word' id='word_1_759' title='bbox 1403 5417 1625 5487; x_wconf 84' lang='grc' dir='ltr'>Πνεῦμα</span> <span class='ocrx_word' id='word_1_760' title='bbox 1659 5427 2006 5488; x_wconf 73' lang='grc' dir='ltr'>συνεκφωνη-</span> 
     </span>
    </p>
   </div>
   <div class='ocr_carea' id='block_1_110' title="bbox 2103 5417 3702 5516">
    <p class='ocr_par' dir='ltr' id='par_1_110' title="bbox 2120 5438 3702 5516">
     <span class='ocr_line' id='line_1_111' title="bbox 2120 5438 3702 5516; baseline 0.006 -22"><span class='ocrx_word' id='word_1_761' title='bbox 2120 5441 2245 5494; x_wconf 87' lang='lat' dir='ltr'><strong>bum</strong></span> <span class='ocrx_word' id='word_1_762' title='bbox 2271 5448 2452 5493; x_wconf 85' lang='lat' dir='ltr'><strong>autem</strong></span> <span class='ocrx_word' id='word_1_763' title='bbox 2480 5438 2658 5508; x_wconf 84' lang='grc' dir='ltr'>λόγος,</span> <span class='ocrx_word' id='word_1_764' title='bbox 2693 5443 2786 5512; x_wconf 92' lang='lat' dir='ltr'><strong>qui</strong></span> <span class='ocrx_word' id='word_1_765' title='bbox 2818 5443 3121 5498; x_wconf 88' lang='lat' dir='ltr'><strong>secundum</strong></span> <span class='ocrx_word' id='word_1_766' title='bbox 3149 5453 3364 5501; x_wconf 85' lang='lat' dir='ltr'><strong>versum</strong></span> <span class='ocrx_word' id='word_1_767' title='bbox 3393 5449 3702 5516; x_wconf 75' lang='lat' dir='ltr'><strong>antegredi-</strong></span> 
     </span>
    </p>
   </div>
   <div class='ocr_carea' id='block_1_111' title="bbox 417 5508 2016 5602">
    <p class='ocr_par' dir='ltr' id='par_1_111' title="bbox 417 5508 2008 5579">
     <span class='ocr_line' id='line_1_112' title="bbox 417 5508 2008 5579; baseline 0.001 -18"><span class='ocrx_word' id='word_1_768' title='bbox 417 5510 530 5574; x_wconf 82' lang='grc' dir='ltr'>θὲν,</span> <span class='ocrx_word' id='word_1_769' title='bbox 581 5509 727 5562; x_wconf 78' lang='grc' dir='ltr'>οὕτω</span> <span class='ocrx_word' id='word_1_770' title='bbox 777 5511 869 5562; x_wconf 78' lang='grc' dir='ltr'>καὶ</span> <span class='ocrx_word' id='word_1_771' title='bbox 917 5509 978 5562; x_wconf 86' lang='lat' dir='ltr'><strong>rb</strong></span> <span class='ocrx_word' id='word_1_772' title='bbox 1031 5512 1176 5562; x_wconf 82' lang='grc' dir='ltr'>θεῖον</span> <span class='ocrx_word' id='word_1_773' title='bbox 1224 5508 1704 5579; x_wconf 76' lang='grc' dir='ltr'>προστεθειμένον,</span> <span class='ocrx_word' id='word_1_774' title='bbox 1741 5510 2008 5579; x_wconf 63' lang='grc' dir='ltr'>σέμνωμά</span> 
     </span>
    </p>
   </div>
   <div class='ocr_carea' id='block_1_112' title="bbox 2104 5508 3703 5602">
    <p class='ocr_par' dir='ltr' id='par_1_112' title="bbox 2122 5537 3703 5602">
     <span class='ocr_line' id='line_1_113' title="bbox 2122 5537 3703 5602; baseline 0.008 -20"><span class='ocrx_word' id='word_1_775' title='bbox 2122 5542 2230 5596; x_wconf 89' lang='lat' dir='ltr'><strong>tur,</strong></span> <span class='ocrx_word' id='word_1_776' title='bbox 2280 5543 2666 5586; x_wconf 85' lang='lat' dir='ltr'><strong>ornamentum</strong></span> <span class='ocrx_word' id='word_1_777' title='bbox 2691 5544 2775 5589; x_wconf 90' lang='lat' dir='ltr'><strong>est</strong></span> <span class='ocrx_word' id='word_1_778' title='bbox 2803 5537 3109 5602; x_wconf 70' lang='lat' dir='ltr'><strong>sentcntiae,</strong></span> <span class='ocrx_word' id='word_1_779' title='bbox 3135 5538 3278 5594; x_wconf 88' lang='lat' dir='ltr'><strong>sicut</strong></span> <span class='ocrx_word' id='word_1_780' title='bbox 3301 5539 3510 5593; x_wconf 87' lang='lat' dir='ltr'><strong>dictum</strong></span> <span class='ocrx_word' id='word_1_781' title='bbox 3533 5549 3618 5593; x_wconf 79' lang='lat' dir='ltr'><strong>est</strong></span> <span class='ocrx_word' id='word_1_782' title='bbox 3645 5553 3703 5595; x_wconf 86' lang='lat' dir='ltr'><strong>et</strong></span> 
     </span>
    </p>
   </div>
   <div class='ocr_carea' id='block_1_113' title="bbox 415 5599 2601 5680">
    <p class='ocr_par' dir='ltr' id='par_1_113' title="bbox 415 5599 2601 5680">
     <span class='ocr_line' id='line_1_114' title="bbox 415 5599 2601 5680; baseline 0.005 -30"><span class='ocrx_word' id='word_1_783' title='bbox 415 5602 534 5652; x_wconf 74' lang='grc' dir='ltr'>ἐστι</span> <span class='ocrx_word' id='word_1_784' title='bbox 588 5599 685 5653; x_wconf 87' lang='grc' dir='ltr'><strong>τοῦ</strong></span> <span class='ocrx_word' id='word_1_785' title='bbox 717 5600 984 5671; x_wconf 86' lang='grc' dir='ltr'>λουτροῦ·</span> <span class='ocrx_word' id='word_1_786' title='bbox 1019 5603 1118 5652; x_wconf 79' lang='grc' dir='ltr'>καὶ</span> <span class='ocrx_word' id='word_1_787' title='bbox 1169 5600 1383 5668; x_wconf 81' lang='grc' dir='ltr'>ὁλὸγος</span> <span class='ocrx_word' id='word_1_788' title='bbox 1434 5602 1490 5652; x_wconf 83' lang='grc' dir='ltr'>δὲ</span> <span class='ocrx_word' id='word_1_789' title='bbox 1521 5604 1548 5654; x_wconf 88' lang='lat'><strong>6</strong></span> <span class='ocrx_word' id='word_1_790' title='bbox 1605 5603 1699 5654; x_wconf 91' lang='grc' dir='ltr'><strong>τοῦ</strong></span> <span class='ocrx_word' id='word_1_791' title='bbox 1750 5603 2005 5673; x_wconf 79' lang='grc' dir='ltr'>δευτέρου</span> <span class='ocrx_word' id='word_1_792' title='bbox 2123 5628 2316 5680; x_wconf 56' lang='grc' dir='ltr'><strong>πει-ιω,</strong></span> <span class='ocrx_word' id='word_1_793' title='bbox 2367 5624 2601 5679; x_wconf 53' lang='grc' dir='ltr'><strong>ὡρεων,</strong></span> 
     </span>
    </p>
   </div>
   <div class='ocr_carea' id='block_1_114' title="bbox 422 5693 2010 5763">
    <p class='ocr_par' dir='ltr' id='par_1_114' title="bbox 422 5693 2010 5763">
     <span class='ocr_line' id='line_1_115' title="bbox 422 5693 2010 5763; baseline 0.003 -19"><span class='ocrx_word' id='word_1_794' title='bbox 422 5694 606 5763; x_wconf 75' lang='grc' dir='ltr'>στίχου</span> <span class='ocrx_word' id='word_1_795' title='bbox 657 5695 1016 5763; x_wconf 84' lang='grc' dir='ltr'>προκείμενος</span> <span class='ocrx_word' id='word_1_796' title='bbox 1064 5693 1330 5763; x_wconf 73' lang='grc' dir='ltr'>κόσμημα</span> <span class='ocrx_word' id='word_1_797' title='bbox 1376 5696 1490 5746; x_wconf 82' lang='grc' dir='ltr'>ἐστι</span> <span class='ocrx_word' id='word_1_798' title='bbox 1547 5693 1643 5762; x_wconf 79' lang='grc' dir='ltr'><strong>τῆς</strong></span> <span class='ocrx_word' id='word_1_799' title='bbox 1675 5698 1905 5762; x_wconf 76' lang='grc' dir='ltr'>ἑννοίας,</span> <span class='ocrx_word' id='word_1_800' title='bbox 1935 5697 2010 5760; x_wconf 79' lang='grc' dir='ltr'>ὼς</span> 
     </span>
    </p>
   </div>
   <div class='ocr_carea' id='block_1_115' title="bbox 426 5783 1391 5854">
    <p class='ocr_par' dir='ltr' id='par_1_115' title="bbox 426 5783 1391 5854">
     <span class='ocr_line' id='line_1_116' title="bbox 426 5783 1391 5854; baseline 0.003 -20"><span class='ocrx_word' id='word_1_801' title='bbox 426 5787 514 5837; x_wconf 61' lang='grc' dir='ltr'>καὶ</span> <span class='ocrx_word' id='word_1_802' title='bbox 542 5786 758 5854; x_wconf 77' lang='grc' dir='ltr'>εἴρηται</span> <span class='ocrx_word' id='word_1_803' title='bbox 787 5789 880 5838; x_wconf 85' lang='grc' dir='ltr'>καὶ</span> <span class='ocrx_word' id='word_1_804' title='bbox 911 5783 1059 5846; x_wconf 72' lang='grc' dir='ltr'>αὖθι,</span> <span class='ocrx_word' id='word_1_805' title='bbox 1088 5787 1391 5853; x_wconf 75' lang='grc' dir='ltr'>εἰρήσεται.</span> 
     </span>
    </p>
   </div>
   <div class='ocr_carea' id='block_1_116' title="bbox 746 5877 3288 5938">
    <p class='ocr_par' dir='ltr' id='par_1_116' title="bbox 746 5877 3288 5938">
     <span class='ocr_line' id='line_1_117' title="bbox 746 5877 3288 5938; baseline -0 0"><span class='ocrx_word' id='word_1_806' title='bbox 746 5883 1019 5938; x_wconf 62' lang='grc' dir='ltr'>ι’ριϊιιυι..</span> <span class='ocrx_word' id='word_1_807' title='bbox 1070 5881 1183 5938; x_wconf 71' lang='lat' dir='ltr'><strong>titt.</strong></span> <span class='ocrx_word' id='word_1_808' title='bbox 1233 5877 1573 5937; x_wconf 63' lang='lat' dir='ltr'><strong>CXXXVI.</strong></span> <span class='ocrx_word' id='word_1_809' title='bbox 3211 5878 3288 5938; x_wconf 75' lang='lat'><strong>20</strong></span> 
     </span>
    </p>
   </div>
  </div>
