4050 6402
401 346 518 414 ’619

1128 344 1482 409 EUSTATH
1497 344 1554 406 ll
1597 341 1890 404 THESSA
1906 342 2360 405 LONICENSIS
2395 342 2968 407 ME'I‘ROPOLlT/E

3575 343 3687 406 620

484 463 607 520 I05.
664 460 1024 534 Regeneratio
1075 469 1281 525 autem,
1320 460 1458 528 apud
1505 459 1726 514 Gt‘mros
1777 459 1982 512 initium

2175 457 2278 527 ργ’.
2327 456 2392 511 Ἥ
2420 459 2822 528 παλιγγενεσία
2848 457 2904 512 δὲ
2931 459 3046 521 ἀπὸ,
3080 458 3353 532 Ἐλλήνων
3383 459 3560 532 ἀρχὴν
3589 465 3688 516 λαν-

407 557 623 624 sortita,
655 556 804 612 venit
838 554 904 609 ad
961 568 1102 619 nos;
1161 553 1298 622 lapis
1345 563 1477 608 tunc
1509 551 1648 606 forte
1685 550 1981 620 projectus,

405 649 601 704 ultimo
635 653 761 702 vero
802 645 1001 701 divinae
1031 642 1380 699 mdilicationi
1413 653 1718 712 coaptatus,
1762 641 1880 697 sive
1915 656 1982 695 ex

402 740 612 796 calculo
645 741 699 794 in
729 737 1026 809 lychnitam
1082 752 1208 791 cuin
1262 736 1549 806 splendore
1603 741 1864 801 mutatus,
1897 734 1983 788 vel

397 831 565 885 etiam
593 827 886 884 arbuscula
917 842 1026 882 non
1081 826 1286 882 nobilis
1331 841 1395 882 ex
1429 834 1612 881 Inonte
1640 824 1859 893 Libani,
1900 825 1980 881 sic

399 922 453 976 in
484 921 634 976 cedri
671 919 1024 975 altitudinem
1057 925 1240 983 aucta,
1282 930 1342 972 ut
1375 917 1601 973 culmini
1647 932 1806 973 sacro
1854 931 1984 972 con-

395 1015 608 1080 veniat;
661 1022 861 1086 praeter
894 1011 1014 1068 illas
1049 1020 1232 1067 autem
1271 1011 1600 1076 locutiones,
1650 1026 1716 1067 ex
1761 1010 1985 1080 indigno

397 1107 454 1163 in
489 1107 716 1179 dignum
750 1111 1113 1169 commutata,
1145 1111 1201 1157 et
1233 1117 1300 1156 ex
1336 1101 1569 1170 profano
1594 1101 1652 1156 in
1694 1099 1982 1156 sanctissi-

381 1213 570 1252 ‘mum.
603 1197 879 1265 Antiquos
908 1193 1132 1264 quidem
1181 1201 1235 1247 et
1279 1195 1465 1248 varius
1511 1191 1776 1261 sapientia
1815 1200 1974 1262 poeta

397 1308 508 1348 non
546 1303 806 1360 eXpresse
843 1288 1009 1342 talem
1048 1285 1298 1340 adhibuit
1329 1285 1685 1360 locutionem,
1714 1283 1809 1340 sed
1835 1285 1981 1338 illam

397 1391 606 1438 tantum
645 1379 932 1443 indicavit,
993 1373 1416 1433 dicens:Nunc
1467 1374 1686 1445 quidem
1747 1374 1985 1446 jactator

395 1487 498 1528 nec
526 1471 628 1539 sis,
656 1484 756 1526 nec
787 1468 918 1535 tias;
969 1465 1073 1522 hoc
1107 1466 1252 1522 enim
1287 1483 1302 1521 :
1343 1481 1444 1522 nec
1471 1465 1547 1521 eis
1595 1480 1741 1521 nunc
1768 1465 1983 1532 vivens,

398 1581 500 1621 nec
549 1564 671 1630 ﬂas,
700 1563 756 1618 in
787 1561 1036 1617 futurum
1077 1559 1308 1625 scilicet,
1341 1559 1773 1628 regenerationis
1802 1557 1978 1628 aqui-

395 1657 542 1712 valet
586 1655 733 1711 voci.
769 1653 899 1710 Post
925 1653 1076 1708 illum
1112 1662 1316 1714 autem,
1368 1651 1618 1719 discipuli
1659 1648 1983 1720 Pythagora:

397 1749 448 1806 ei
480 1749 750 1803 dederunt
783 1762 1001 1810 nomen,
1045 1743 1470 1812 παλιγγενεσίαν
1505 1742 1751 1798 dicentes
1780 1743 1976 1795 iterum

2104 549 2297 616 δοῦσα,
2329 551 2415 622 ἐφ’
2445 554 2594 620 ἡμᾶς
2612 552 2759 622 ἥκει,
2785 552 2930 617 λίθος
2964 553 3372 626 παρερῤιμένος
3426 554 3528 622 μὲν
3557 553 3685 626 εἱκῆ

2099 640 2244 705 τότε,
2306 641 2532 711 ὕστερον
2590 643 2645 696 δὲ
2698 643 2957 714 οἰκοδομῇ
3019 643 3140 715 θείᾳ
3189 644 3547 714 παρεντεθείς
3602 649 3686 710 εἰς

2101 735 2414 805 εὐάρεστον,
2449 735 2482 806 ἢ
2515 737 2609 788 καὶ
2643 737 2750 790 ἀπο
2783 737 3059 807 κάχληκος
3109 739 3189 802 εἰς
3220 737 3476 808 λυχνίτην
3508 739 3686 808 ἐκφα-

2101 826 2231 889 νεὶς,
2265 827 2297 898 ἢ
2330 828 2425 882 καὶ
2469 828 2577 881 ἀπὸ
2603 827 2764 899 ὅρους
2813 829 3048 884 Λιϐάνου
3084 831 3350 902 φυτάριον
3395 832 3494 885 οὐκ
3524 835 3684 900 εὖγε-

2101 920 2210 985 νὲς,
2264 921 2539 990 κεδρωθὲν
2601 925 2908 994 σεμνότατα
2969 923 3044 986 ὡς
3118 927 3434 994 ὲμπρέπειν
3489 927 3675 998 ὀρόφῳ

2101 1012 2233 1084 ἰερῷ
2260 1029 2275 1046 °
2303 1015 2426 1085 δίχα
2457 1014 2512 1068 δὲ
2545 1015 2802 1070 τοιούτων
2832 1017 3088 1088 φράσεων
3123 1017 3232 1071 ἀπὸ
3263 1017 3485 1082 ἀναξίου
3519 1037 3690 1089 μετα-

2099 1105 2392 1175 ποιηθεῑσα
2419 1109 2499 1170 εἰς
2522 1106 2696 1173 ἄξιον,
2727 1109 2824 1161 καὶ
2853 1109 2961 1162 ἀπὸ
2991 1110 3213 1178 ἀνιέρου
3240 1112 3322 1174 εἰς
3351 1111 3682 1179 ἁγιώτατον·

2101 1197 2195 1251 καὶ
2225 1201 2251 1252 ὁ
2283 1199 2382 1270 μὲν
2410 1199 2639 1266 παλαιὸς
2669 1202 2765 1255 καὶ
2813 1202 3056 1266 ποικίλος
3085 1204 3184 1273 τὴν
3227 1205 3420 1271 σοφίαν
3449 1205 3684 1275 ποιητὴς

2096 1291 2196 1344 οὐκ
2229 1292 2536 1365 ἐξεφώνησε
2569 1290 2749 1366 ῥητῶς
2781 1295 2882 1368 τὴν
2909 1296 3166 1369 τοιαύτην
3215 1297 3388 1364 λέξιν,
3419 1297 3536 1350 ἀλλ’
3565 1297 3684 1350 ἐνέ-

2098 1398 2231 1453 φηνε
2259 1385 2420 1454 μόνον
2447 1385 2618 1457 αὐτὴν
2646 1386 2844 1454 εἰπὼν,
2876 1386 2992 1442 Νῦν
3023 1388 3121 1458 μὲν
3151 1387 3214 1459 δὴ
3239 1391 3378 1460 μήτε
3406 1387 3526 1458 εἴης
3557 1388 3675 1459 βου·

2095 1473 2240 1541 γὰῖε,
2304 1473 2440 1545 μήτε
2468 1476 2686 1544 γένοιοο
2715 1478 2832 1531 -τὸ
2881 1479 2990 1551 γὰρ
3042 1483 3179 1550 μῆτε
3233 1480 3329 1534 νῦν
3382 1482 3500 1551 εῐης
3547 1481 3678 1547 ζῶν,

2097 1567 2240 1636 μήτε
2289 1568 2487 1636 γένοιο,
2521 1573 2602 1633 εἰς
2644 1570 2706 1624 τὸ
2740 1571 2932 1641 μέλλον
2978 1572 3203 1644 δηλαδὴ,
3255 1573 3680 1641 παλιγγενεσίαν

2100 1661 2268 1727 φασὶν
2298 1662 2601 1715 αἰνίττεται
2628 1678 2642 1693 ο
2689 1663 2810 1733 μετ’
2839 1667 3049 1720 ἐκεῖνον
3093 1666 3147 1718 δὲ
3174 1667 3224 1719 οἰ
3256 1667 3400 1734 ἀμφὶ
3446 1666 3538 1720 τὸν
3568 1667 3678 1720 [Iu-

2093 1749 2337 1823 θαγόραν
2366 1753 2460 1806 καὶ
2491 1753 2784 1825 ὠνόμασαν
2811 1756 3005 1828 αὐτὴν,
3032 1758 3466 1825 παλιγγενεσίαν
3495 1761 3680 1812 εἰπόν-

401 1849 565 1910 atque
616 1839 814 1895 iterum
848 1837 966 1893 ﬁeri
1003 1852 1100 1908 per
1155 1834 1652 1905 metetnpsychosin
1681 1841 1804 1902 post
1836 1847 1982 1886 mor-

2095 1858 2184 1904 τες
2212 1843 2273 1894 τὸ
2305 1842 2469 1897 πάλιν
2517 1844 2610 1898 καὶ
2642 1844 2806 1900 πάλιν
2832 1847 3081 1914 γίνεσθαι
3129 1849 3677 1918 μετεμψυχωμένους

401 1940 546 2000 tem,
603 1938 663 1984 ut
711 1929 801 1985 isti
846 1929 1086 1992 aiebant,
1146 1927 1199 1980 in
1248 1940 1314 1980 eo
1369 1926 1511 1994 quod
1572 1940 1600 1977 a
1661 1923 1985 1993 corporibus

399 2022 456 2076 in
519 2035 750 2092 corpora
808 2019 1326 2077 transfunderentur
1359 2017 1475 2071 sive
1533 2016 1987 2083 transmigrarent

400 2117 683 2170 hominum
733 2115 929 2168 anima:
958 2153 973 2177 ,
1030 2113 1224 2182 sicque
1270 2111 1525 2180 periodos
1553 2119 1940 2179 percurrerent
1967 2147 1981 2171 ,

398 2223 534 2278 quas
577 2209 658 2262 illi
695 2207 895 2262 strabis
927 2207 1204 2260 intuentes
1243 2203 1422 2258 oculis
1469 2209 1867 2272 spectaverant.
1922 2199 1987 2254 Et

397 2303 545 2349 certe
590 2293 773 2349 taliter
823 2291 1139 2364 huiusmodi
1191 2291 1664 2346 transmissionem
1725 2289 1983 2354 ﬁrmavit,

399 2395 458 2441 ut
486 2399 597 2441 non
634 2383 810 2440 solum
847 2387 1042 2454 greges
1092 2383 1393 2438 exteriores
1443 2384 1606 2436 talem
1641 2369 1984 2437 mortiferani

399 2478 802 2532 manducarcnt
852 2476 1098 2540 herbam,
1135 2475 1242 2530 scd'
1283 2486 1338 2530 et
1391 2476 1614 2546 quidam
1667 2490 1731 2530 ex
1768 2475 1896 2530 ovili
1928 2484 1984 2530 et
2059 2488 2065 2492 ·

399 2567 523 2621 aula
574 2563 926 2631 Christiana,
973 2565 1116 2618 inter
1166 2579 1305 2635 quos
1365 2565 1639 2636 praecipue
1693 2566 1985 2620 mirabitur

373 2661 600 2732 aliquis
628 2661 938 2732 sapientem
985 2661 1276 2732 Origenem
1312 2660 1367 2714 in
1402 2661 1774 2715 irrationalem
1807 2663 1982 2715 hatre-

396 2755 501 2810 sim
529 2752 803 2810 ita'l’uisse
835 2753 1112 2826 illapsum,
1144 2762 1433 2824 postquam
1462 2761 1762 2808 retrorsum
1788 2767 1817 2806 a
1847 2765 1982 2806 sana

396 2855 580 2901 mente
606 2845 823 2902 cecidit.

467 2938 591 2994 104.
635 2938 1000 2994 Sanctissima
1050 2949 1234 2994 tamen
1270 2937 1513 2992 Ecclesia
1548 2935 1978 3004 pulcherrimum

341 3073 347 3080 .
399 3031 776 3088 renovationis
811 3045 1015 3086 nomen
1049 3033 1234 3086 sciens
1274 3029 1528 3100 pessimae
1557 3028 1843 3084 sententia:
1874 3027 1979 3080 im-

398 3123 661 3191 positum,
695 3129 751 3176 et
779 3119 1067 3174 inanitatis
1100 3133 1262 3174 causa
1291 3119 1436 3187 quod
1474 3117 1526 3170 in
1557 3117 1977 3172 desuetudinem

2088 3139 2502 3210 έπιτεθειμένον
2557 3146 2655 3197 καὶ
2710 3145 3022 3200 κινδυνεῦον

398 3216 610 3270 veniret
653 3213 996 3282 periclitari,
1041 3211 1173 3267 illud
1224 3211 1543 3274 celebravit,
1598 3218 1802 3264 statum
1857 3219 1981 3278 post

2088 3229 2240 3294 στίας
2269 3197 2436 3302 λόγῳ,
2484 3232 2734 3287 ὲκλέῖσεν
2756 3197 2898 3289 αύτὸ
3053 3197 3230 3309 {an};

398 3307 784 3377 migrationem
811 3320 878 3360 ex
910 3305 1282 3376 prmsentibus
1312 3304 1371 3357 in
1402 3301 1652 3366 meliora,
1683 3315 1977 3370 regenera-

398 3399 601 3454 tionem
625 3397 733 3452 dici
759 3408 1031 3464 statuens,
1069 3413 1155 3452 eo
1187 3397 1332 3465 quod
1379 3408 1478 3463 pro
1525 3394 1713 3446 mundi
1744 3407 1979 3462 gemrra-

399 3491 547 3545 tione
590 3488 933 3556 corruptibili
966 3488 1040 3543 sit
1075 3485 1188 3540 illic
1215 3485 1668 3555 incorruptibilis,
1699 3493 1754 3537 et
1794 3492 1977 3538 trans-

397 3583 778 3638 formati‘onem
811 3581 980 3650 hujus
1011 3579 1135 3634 vitae
1165 3580 1221 3634 in
1246 3579 1478 3644 bonum,
1509 3579 1812 3646 praesertim
1851 3593 1973 3631 cum

396 3688 556 3730 sacra
583 3683 815 3729 tonsura
853 3687 990 3744 pure
1016 3671 1450 3738 sanctiﬁcamur,
1476 3670 1668 3726 eadem
1699 3671 1981 3725 honorans

396 3763 790 3834 appellatione,
849 3762 1012 3832 quasi
1063 3774 1211 3824 nunc
1262 3761 1460 3815 iterum
1521 3759 1650 3814 lacti
1707 3759 1980 3816 fuerimus

397 3856 454 3910 in
488 3858 652 3910 vitam
685 3855 838 3909 editi.
864 3853 1083 3909 Gratias
1132 3854 1249 3918 tibi,
1296 3869 1328 3907 o
1358 3852 1582 3923 pulchra
1607 3854 1777 3907 dictio
1823 3852 1981 3908 Chri-

399 3949 602 4012 stiana,
623 3947 764 4016 quod
797 3947 869 4000 ita
898 3947 1190 4002 lectionem
1225 3949 1389 4010 hanc,
1421 3954 1708 4014 augustam
1735 3947 1979 4015 quidem,

398 4042 492 4095 sed
530 4040 946 4094 dehoneStatam
999 4037 1295 4102 sententia,
1349 4037 1436 4091 cui
1487 4039 1777 4102 servierat,
1819 4039 1980 4092 ηοω-

398 4133 522 4188 liter
551 4133 838 4188 Lberatam
881 4134 934 4186 in
986 4132 1274 4186 honestum
1322 4130 1556 4186 attulisti
1601 4130 1806 4185 donum
1848 4131 1979 4196 Deo,

397 4226 494 4293 qni
531 4225 908 4281 sanctiﬁcatos
947 4225 1051 4281 sibi
1101 4238 1198 4293 per
1248 4223 1626 4293 paenitentiam
1681 4224 1976 4294 purilicat,

403 4331 661 4390 tanquam
685 4334 783 4388 per
821 4318 1197 4374 desideratum
1233 4318 1540 4384 lavacrum,
1575 4326 1631 4371 et
1666 4319 1850 4372 statim
1876 4318 1983 4372 hoc

400 4413 628 4468 honoris
656 4427 856 4467 nomen
889 4411 1030 4467 ferre
1064 4411 1351 4480 permittit.
1393 4410 1709 4466 Notandum
1751 4420 1835 4464 est
1881 4422 1981 4462 au-

400 4515 508 4560 tem
537 4507 680 4572 quod
701 4519 1053 4560 communem
1075 4520 1236 4560 usum
1261 4512 1316 4559 et
1339 4506 1666 4573 scripturam
1690 4512 1980 4573 sequentes

2088 4518 2256 4588 ὄνομα
2283 4536 2296 4552 ·
2329 4523 2644 4591 σημείωσαι
2674 4523 2732 4577 δὲ
2779 4526 2854 4588 ὡς
2885 4529 2950 4598 τῇ

398 4596 828 4665 παλιγγενεσίαν
871 4595 959 4650 hic
1003 4596 1273 4662 dicimus,
1307 4597 1359 4649 in
1395 4595 1498 4649 hoc
1547 4603 1695 4648 recte
1732 4605 1977 4664 agentes.

400 4689 456 4745 SI
500 4705 634 4746 vero
661 4691 892 4744 iambico
921 4689 1297 4744 inhaerendum
1326 4698 1410 4742 est
1440 4699 1636 4751 metro,
1667 4697 1720 4742 et
1753 4687 1982 4742 omnino

398 4785 467 4839 ab
538 4785 631 4838 illo
698 4787 751 4838 in
825 4783 1188 4852 praesentibus
1249 4790 1506 4836 nonest
1574 4781 1978 4848 recedendum,

397 4875 836 4946 παλιγγενησίαν
901 4876 990 4930 hic
1040 4883 1255 4944 oportet
1324 4874 1593 4944 scriptum
1655 4875 1852 4940 fuisse,
1921 4882 1981 4930 ut

397 4969 890 5039 antepenultimum
941 4968 1015 5022 ita
1072 4977 1281 5022 rectam
1330 4967 1579 5036 perﬁciat
1629 4983 1976 5036 mensuram;

359 5061 537 5115 alias
565 5062 712 5115 enim
773 5059 1066 5114 claudicat.
1122 5056 1189 5111 Et
1244 5068 1331 5114 est
1377 5059 1466 5114 ille
1515 5075 1736 5130 quoque
1783 5074 1980 5116 sensus

353 5171 358 5176 ‘
399 5159 695 5211 accuratus
731 5173 747 5211 :
786 5154 940 5209 Sicut
971 5154 1115 5209 enim
1151 5155 1254 5209 hoc
1296 5170 1454 5210 sacro
1491 5157 1710 5210 lavacro
1742 5170 1978 5211 renova-

373 5261 548 5310 ‘mur,
582 5248 662 5301 sic
717 5247 885 5301 etiam
935 5247 1109 5317 magis
1143 5247 1359 5315 proprie
1397 5261 1619 5302 rursum
1652 5262 1980 5316 generamur

398 5347 657 5408 tanquam
690 5337 783 5391 ﬁlii
818 5337 913 5391 Dei
947 5355 959 5390 :
994 5338 1069 5392 ita
1104 5346 1164 5392 ut
1184 5338 1395 5394 bonum
1427 5339 1520 5406 sit,
1556 5341 1701 5408 quod
1728 5355 1982 5394 commu-

397 5430 547 5493 nius,
587 5427 1025 5496 παλιγγενεσία,
1068 5442 1279 5482 necnon
1340 5429 1784 5499 παλιγγενησία,
1826 5429 1976 5499 quod

397 5519 473 5574 ibi
518 5529 750 5575 tnetrum
787 5521 1042 5590 requirit.

472 5695 594 5751 105.
637 5695 752 5751 Hoc
789 5707 971 5752 autem
1003 5697 1170 5767 λόγῳ,
1206 5699 1272 5753 de
1301 5701 1544 5770 quojam
1577 5702 1844 5772 scriptum
1865 5711 1974 5770 est,

401 5789 653 5861 conjungi
684 5801 860 5859 potest
885 5790 1047 5844 etiam
1069 5804 1192 5845 cum
1216 5793 1519 5861 composita
1547 5801 1764 5850 natura.
1798 5798 1975 5854 Verbo

2090 1935 2230 2002 μετὰ
2279 1934 2533 2004 θάνατον,
2580 1937 2656 2002 ὡς
2682 1933 2840 1992 εἷπον
2888 1941 3113 2007 ἐκεῖνοι,
3150 1943 3208 1994 ὲν
3237 1941 3316 2011 τῷ
3351 1944 3678 2013 μεταγγίζε›

2089 2026 2214 2082 σθαι
2245 2028 2427 2083 είτουν
2469 2031 2971 2101 μετεμὸιϐάζεσθαι
3003 2033 3112 2086 ἀπὸ
3145 2034 3416 2103 σωμάτων
3453 2038 3533 2100 εἰς
3568 2040 3675 2090 σώ-

2091 2137 2236 2188 ματα
2261 2121 2358 2185 τὰς
2378 2123 2488 2176 τῶν
2513 2123 2818 2193 ἀνθρώπων
2839 2124 3040 2196 ψυχὰς,
3068 2129 3162 2181 καὶ
3188 2127 3474 2192 περιόδους
3497 2129 3670 2194 οὕτως

2086 2211 2317 2268 ἐλίττειν
2341 2216 2406 2280 ἃς
2437 2219 2640 2272 ἐκεῖνοι
2671 2221 3118 2290 παραδλέποντες
3168 2221 3486 2292 ἐθεώρησαν
3511 2228 3527 2244 ⁸
3577 2227 3671 2278 καὶ

2085 2307 2150 2379 δὴ
2177 2309 2475 2380 ὲστερέωσε
2506 2311 2604 2382 τὴν
2650 2312 2904 2382 τοιαύτην
2941 2314 3212 2384 ὑπόληψιν
3257 2317 3338 2380 εἰς
3383 2317 3658 2383 τοσοῦτον,

2083 2400 2159 2464 ὡς
2191 2404 2266 2471 μὴ
2303 2404 2464 2472 μόνον
2490 2405 2560 2458 τὰ
2589 2404 2694 2472 ἔξω
2743 2406 3074 2478 βοσκήματα
3130 2410 3405 2479 ἐμφαγεῖν
3433 2411 3534 2482 τῆς
3557 2428 3669 2466 τοι·

2087 2490 2256 2562 αύτης
2286 2494 2532 2566 ὀλεθρίου
2587 2497 2838 2566 βοτάνης,
2888 2499 3026 2552 ἀλλὰ
3073 2499 3168 2554 καί
3211 2516 3363 2566 τινας
3391 2505 3490 2568 τῆς
3536 2505 3668 2572 Χρι-

2087 2584 2370 2653 στιανικῆς
2405 2586 2649 2655 μάνδρας
2681 2604 2738 2640 τε
2763 2591 2859 2641 καὶ
2903 2591 3096 2660 αὐλῆς,
3128 2585 3204 2649 ὧν
3233 2595 3292 2647 ἐν
3321 2596 3436 2657 τοῖς
3466 2595 3668 2664 μᾶλλον

2082 2674 2175 2728 τὸν
2230 2675 2396 2744 σοφὸν
2435 2675 2722 2748 Ὠριγένην
2777 2679 3053 2751 θαυμάσει
3102 2701 3188 2748 τις
3241 2686 3388 2739 οὓτω
3418 2704 3665 2742 συναπα-

2084 2767 2283 2838 χθέντα
2308 2770 2388 2833 εἰς
2422 2770 2711 2838 ἀλόγιστον
2743 2773 2961 2844 αἵρεσιν
2987 2776 3046 2828 ὲν
3073 2776 3151 2847 τῷ
3179 2778 3450 2832 ἀνάπαλιν
3477 2781 3668 2834 πεσεῖν

2082 2861 2177 2913 τοῦ
2209 2864 2426 2932 φρονεῖν
2455 2863 2612 2932 ὀρθά.

2155 2955 2254 3024 ρδ’.
2303 2954 2369 3008 Ἢ
2400 2957 2584 3026 μέντοι
2614 2958 2895 3030 ἁγιωτάτη
2951 2960 3251 3032 Ἐκκλησία
3301 2965 3505 3032 γνοῦσα
3533 2969 3668 3023 κάλ-

2082 3047 2266 3102 λιστον
2291 3048 2466 3118 ὄνομα
2495 3050 2556 3103 τὸ
2602 3052 2703 3122 τῆς
2734 3053 3156 3122 παλιγγενεσίας
3189 3059 3440 3132 χειρίστῃ
3487 3062 3669 3136 ἐννοίᾳ

3076 3149 3442 3219 ἀχρειωθῆναι
3492 3154 3669 3224 ἀχρη-

3241 3241 3308 3293 τὰ
3335 3242 3435 3308 τὴν
3464 3245 3527 3298 ὲκ
3557 3246 3668 3299 τῶν

2083 3315 2186 3376 ὧδε
2221 3325 2556 3392 μετάστασιν
2588 3327 2668 3390 εἰς
2693 3327 2763 3379 τὰ
2792 3328 3083 3398 κρείττονα
3115 3331 3538 3402 παλιγγενεσίαν
3569 3354 3670 3391 κυ-

2084 3411 2309 3485 ρώσασα
2339 3415 2616 3484 λέγεσθαι,
2664 3419 2754 3473 διὰ
2780 3420 2840 3473 τὸ
2868 3422 3139 3478 ἀνάπαλιν
3167 3427 3234 3496 τῇ
3273 3427 3415 3481 κατὰ
3461 3428 3669 3499 κόσμον

2086 3511 2144 3561 ὲν
2170 3511 2280 3572 τοῖς
2311 3510 2574 3582 φθαρτοῖς
2605 3514 2815 3580 γενέσει
2849 3515 3108 3588 ἄφθαρτα
3135 3515 3282 3576 εἶναι
3313 3522 3382 3578 τὰ
3413 3524 3550 3589 ἐκεῖ,
3574 3527 3668 3578 καὶ

2083 3602 2182 3670 τὴν
2234 3603 2294 3655 ἐν
2351 3603 2460 3675 ὅσῳ
2512 3605 2567 3658 δὲ
2602 3604 2788 3676 ζῶμεν
2843 3611 3209 3678 μεταποίησιν
3262 3617 3341 3676 είς
3387 3617 3449 3667 τὸ
3483 3619 3669 3684 καλὸν,

2085 3694 2280 3765 πρῶτα
2310 3697 2408 3764 μὲν
2437 3698 2525 3752 διὰ
2551 3701 2758 3770 κουρᾶς
2792 3703 2956 3770 ἁγίας
2999 3703 3321 3775 ὁσιωθῶμεν
3353 3709 3543 3780 ἐκείνῳ
3572 3726 3672 3764 κα-

2085 3787 2289 3858 θαρῶς,
2323 3791 2388 3861 τῇ
2417 3792 2556 3862 αὐτῇ
2588 3793 2929 3863 σεμνύνουσα
2956 3795 3172 3868 κλήσει,
3201 3797 3277 3862 ὡς
3307 3802 3356 3852 εἰ
3409 3803 3503 3854 καὶ
3537 3803 3664 3871 ἄρτι

2085 3879 2248 3933 πάλιν
2278 3881 2566 3949 γεγονότες
2594 3883 2675 3945 εἰς
2708 3883 2824 3949 βίον
2873 3885 3242 3957 προήλθομεν.
3287 3889 3460 3958 Χάρις
3490 3909 3592 3954 σοι,
3623 3884 3670 3946 ὦ

2084 3964 2224 4033 καλὴ
2277 3965 2643 4038 Χριστιανικὴ
2689 3969 2937 4042 λεκτικὴ,
2967 3975 3049 4026 ὅτι
3094 3975 3239 4028 οὕτω
3285 3977 3431 4043 λέξιν
3461 3981 3664 4050 ταύτην

2085 4055 2385 4125 σεϐασμίαν
2419 4059 2538 4127 μὲν,
2569 4061 2947 4134 ἀτιμουμένην
2992 4065 3044 4118 δὲ
3085 4065 3189 4120 ὑπὸ
3225 4070 3461 4133 ἑννοίας,
3569 4091 3668 4124 κα-

2081 4146 2696 4219 τεδουλώθη,ἐὺγενῶς
2753 4154 3066 4226 λυσαμένην
3120 4161 3528 4230 προσεκόμισας
3582 4166 3662 4222 si;

2081 4241 2254 4313 δῶρον
2285 4244 2466 4315 τίμιον
2499 4244 2576 4316 τῷ
2621 4246 2741 4316 Θεῷ
2787 4248 3169 4320 ὲκκαθαίροντι
3214 4254 3342 4315 τοὺς
3392 4257 3541 4327 αὐτῷ
3573 4257 3663 4310 διὰ

2086 4335 2376 4404 μετανοίας
2430 4337 2858 4408 οἰκειουμένους,
2893 4341 2994 4394 ὅσα
3043 4343 3136 4396 καὶ
3183 4343 3412 4416 λουτροῦ
3465 4347 3663 4414 ἐφετοῦ

2085 4426 2179 4480 καὶ
2235 4427 2434 4482 αὐτίκα
2490 4433 2681 4500 φορεῖν
2748 4432 2946 4487 διδόντι
3026 4435 3272 4490 τοιοῦτον
3336 4439 3666 4507 σεμνότητος

3002 4531 3159 4601 κοινῇ
3195 4548 3270 4583 πα
3277 4532 3670 4600 ρακολουθοῦν-

2085 4628 2176 4674 τες
2208 4613 2402 4683 χρήσει
2444 4631 2506 4667 τε
2567 4617 2663 4669 καὶ
2713 4623 2898 4690 γραφῇ
2952 4621 3382 4693 παλιγγενεσίαν
3433 4625 3666 4681 ἐνταῦθά

2086 4724 2301 4776 φαμεν
2361 4708 2543 4772 καλῶς
2580 4708 2738 4763 τοῦτό
2770 4729 2832 4780 γε
2891 4715 3194 4777 ποιοῦντες.
3257 4718 3314 4770 Εἰ
3359 4719 3414 4770 δέ
3467 4735 3529 4784 γε
3593 4719 3669 4786 τῷ

2087 4798 2328 4869 ἰαμϐικῷ
2389 4813 2723 4870 προσεκτέον
2785 4803 2988 4874 μέτρῳ,
3049 4808 3266 4868 πάντως
3319 4808 3376 4859 δὲ
3429 4808 3537 4878 χρὴ
3591 4809 3667 4879 μὴ

2083 4889 2395 4959 ἀποστῆναι
2446 4892 2611 4945 αὑτοῦ
2647 4893 2706 4946 ὲν
2761 4897 2870 4957 τοῖς
2931 4896 3194 4964 παροῦσι,
3230 4898 3666 4968 παλιγγενησίαν

2083 4981 2316 5033 ἐνταῦθα
2348 4982 2454 5053 χρὴ
2487 4983 2718 5053 γράψαι,
2768 4985 2853 5039 ἵνα
2894 4988 3324 5058 προπαραλῆγον
3370 4991 3429 5041 ἐν
3461 4992 3526 5060 τῇ
3558 5007 3668 5041 τοι-

2084 5070 2224 5140 αύτῃ
2258 5071 2398 5139 λέξει
2427 5073 2489 5126 τὸ
2534 5068 2640 5145 ἦτα
2674 5074 2975 5145 εὐμετρίαν
3029 5077 3272 5148 ἀποτελῇ
3300 5093 3315 5107 °
3349 5076 3525 5142 ἄλλως
3559 5078 3664 5150 γὰρ

2084 5159 2350 5229 ἔσφαλται
2377 5177 2392 5193 ⁸
2431 5164 2524 5216 καὶ
2579 5164 2731 5219 ἔστιν
2764 5166 2791 5217 ὁ
2843 5165 3086 5230 τοιοῦτος
3123 5167 3246 5231 νοῦς
3299 5168 3538 5240 ἀκριϐὴς
3573 5169 3668 5222 καὶ

2084 5254 2263 5318 αὐτός,
2313 5255 2401 5318 Ὠς
2457 5257 2564 5327 γὰρ
2620 5258 2783 5312 πάλιν
2837 5260 3099 5328 γινόμεθα
3148 5260 3224 5331 τῷ
3253 5261 3394 5332 ἁγίῳ
3426 5262 3662 5332 λουτρῷ,

2083 5345 2224 5398 οὕτω
2259 5349 2351 5399 καὶ
2390 5346 2471 5401 ἔτι
2525 5350 2972 5420 προσφυέστερον
3012 5352 3174 5406 πάλιν
3225 5353 3547 5422 γεννώμεθα
3590 5353 3666 5416 ὡς

2084 5439 2190 5491 υἱοὶ
2243 5438 2379 5491 Θεοῦ
2403 5454 2416 5469 ·
2466 5439 2606 5494 ὥστε
2644 5443 2808 5495 καλὸν
2843 5444 2938 5495 καί
2984 5444 3018 5514 ἡ
3054 5443 3455 5512 παλιγγενεσία
3491 5445 3668 5497 κοινᾷ·-

2083 5546 2259 5600 τερον,
2299 5532 2392 5585 καὶ
2428 5534 2461 5602 ή
2501 5533 2926 5605 παλιγγενησία,
2963 5535 3032 5606 ἢν
3067 5533 3305 5589 ἐνταῦθα
3350 5537 3412 5590 τὸ
3465 5537 3667 5608 μέτρον

2085 5639 2327 5675 απαιτει.

2160 5721 2256 5784 ρε’.
2297 5715 2370 5767 Τὸ
2395 5715 2452 5768 δὲ
2497 5715 2665 5788 λόγῳ,
2706 5719 2836 5789 περί
2872 5712 2934 5773 οὗ
2967 5720 3062 5774 καὶ
3112 5719 3468 5790 προεγράφη,
3505 5717 3664 5774 δύνα-

2085 5826 2172 5862 ται
2211 5808 2502 5862 κολλᾶσθαι
2562 5811 2655 5864 καὶ
2705 5814 2772 5882 τῇ
2828 5813 3219 5882 συντεθειμένῃ
3260 5811 3420 5882 φύσει
3451 5829 3464 5843 °
3522 5812 3663 5878 λόγῳ
