4050 6428
489 361 591 428 621

1278 363 1359 424 ΙΝ
1401 361 1744 425 IIYMNUM
1791 360 2451 426 PENTECOSTALEM
2496 361 2978 428 DAMASCENI.

3667 368 3781 437 623'

487 485 778 558 745299506
826 486 1226 539 συντέθειταιό
1278 484 1568 554 ἄνθρωπος
1617 485 2069 556 διεξοδικωτέρῳ,

2179 498 2416 555 namque
2450 483 2543 539 Dei
2574 484 2910 554 compositus
2953 495 3034 540 cst
3079 485 3242 540 homo
3283 484 3542 558 largiere,
3577 491 3770 561 sicque

488 577 762 633 καὶοῦτω
817 578 1029 630 πλείονι
1080 582 1174 629 καὶ
1209 576 1536 646 ἐνδοξοτέρῳ
1593 578 1700 630 τῶν
1752 582 1858 649 πρὸ
1903 576 2073 632 αὑτοῦ

491 667 905 738 παραχθέντων,
941 667 1018 731 ὡς
1049 667 1198 720 ἐστιν
1253 669 1317 720 ἐκ
1365 667 1466 737 τῆς
1516 667 1799 737 θειοτάτης
1853 666 2080 738 Γραφῆς

488 759 876 825 ἀναλέξασθαι.
913 762 1024 814 Καὶ
1045 763 1227 813 τοίνυν
1261 762 1400 814 κατὰ
1420 759 1682 832 τοιαύτην
1708 762 1838 823 ἴσως
1865 761 2080 816 ἔννοιαν

489 851 882 922 συντεθειμένη
933 853 1100 922 φύσις
1132 853 1338 924 ἠθικῶς
1363 854 1391 907 ὁ
1424 853 1716 925 ἄνθρωπος
1745 853 1945 923 λέγοιτ’
1971 854 2038 908 ἄν
2059 867 2074 883 ‘

487 941 666 1005 ἄλλως
692 944 804 1012 γὰρ
835 947 930 998 καὶ
960 945 1028 998 τὰ
1074 944 1212 998 ἄλλα
1237 943 1466 1014 σώματα
1517 944 1768 1000 κελεύσει
1812 943 1910 998 τοῦ
1939 943 2076 998 Θεοῦ

487 1036 754 1100 γεγονότα
793 1035 1026 1090 σύνθετα
1061 1038 1219 1098 εἰσιν,
1255 1037 1316 1090 οὐ
1347 1035 1522 1107 δήπου
1565 1037 1676 1108 γὰρ
1711 1036 1883 1091 ἁπλᾶ.
1916 1037 1990 1090 Τὸ
2020 1036 2077 1089 δὲ

489 1141 548 1176 κε
561 1125 778 1193 ραννὺς,
809 1123 976 1181 καλὸν
1005 1124 1065 1179 ὃν
1096 1128 1177 1190 εἰς
1213 1125 1311 1196 τὴν
1334 1127 1480 1181 κατὰ
1506 1126 1568 1181 τὸ
1593 1126 1817 1198 λουτρὸν
1842 1124 2074 1197 τροπὴν,

487 1216 610 1269 οὐδὲ
639 1218 722 1281 είς
751 1217 850 1287 τὴν
873 1217 970 1271 τοῦ
997 1218 1157 1285 ἁγίου
1190 1217 1572 1292 βαπτίσματος
1602 1219 1814 1275 ἔννοιαν
1841 1218 2077 1282 ἁκαλλές

487 1307 606 1360 ὲστι
633 1322 646 1337 ·
679 1307 776 1360 καὶ
808 1308 916 1380 γὰρ
954 1308 1051 1363 καὶ
1079 1311 1266 1363 ἐκεῖνα
1295 1311 1694 1381 μυστηριωδῶς
1721 1309 2072 1379 κεράννυται,

487 1400 562 1463 ὼς
596 1398 804 1454 οἴδασιν
829 1402 879 1453 0i.
909 1404 1260 1472 μεμυημένοι
1288 1401 1421 1473 παρ’
1450 1397 1532 1466 οἷς
1558 1402 1653 1456 καὶ
1685 1402 1744 1456 τὸ
1771 1402 2076 1471 ἁγιώτατον

492 1488 666 1560 μύρον
698 1492 793 1544 καὶ
837 1491 898 1544 τὺ
940 1491 1122 1563 τίμιον
1157 1492 1337 1548 ἔλαιον
1383 1492 1637 1547 θειότατα
1692 1492 2073 1564 μεμυστηρία-

492 1599 614 1638 σται
641 1599 655 1614 ’
698 1583 1010 1657 συμποτικὴ
1055 1584 1113 1637 δὲ
1139 1584 1286 1651 λέξις
1325 1584 1462 1639 οὖσα
1488 1585 1551 1639 τὸ
1595 1585 1949 1656 κεραννύναι,
1979 1585 2075 1638 καὶ

490 1675 645 1745 παρὰ
677 1675 736 1728 τὸ
769 1675 938 1748 κέρας
995 1678 1289 1749 γενομένη,
1322 1677 1392 1730 δι’
1427 1675 1488 1730 οῦ
1537 1677 1640 1749 τὴν
1681 1677 1842 1731 πόσιν
1870 1678 1920 1730 οί
1967 1695 2072 1730 πα-

488 1767 628 1820 λαιοὶ
663 1771 1092 1842 προσεφέροντο,
1114 1770 1506 1841 μετενήνεκται
1539 1770 1665 1840 ἄρτι
1687 1769 1899 1822 ἐκεῖθεν
1934 1769 2074 1822 θειό-

2184 575 2392 647 majore
2424 585 2480 630 et
2513 575 2810 632 illustriore
2838 592 3002 647 quam
3034 592 3099 632 ea
3127 594 3250 649 quae
3271 589 3399 637 ante
3425 581 3607 651 ipsum
3641 598 3772 654 pro-

2183 665 2347 723 ducta
2400 674 2549 733 sunt,
2594 676 2653 722 ut
2707 683 2772 722 ex
2834 667 3178 728 divinissima
3248 671 3535 743 Scriptura
3592 687 3773 747 potest

2185 758 2439 829 intelligi.
2474 759 2660 830 Itaque
2686 760 2842 830 juxta
2893 762 3060 820 talem
3100 765 3431 822 sententiam
3465 772 3770 840 composita

2185 859 2380 907 natura
2445 853 2729 907 moraliter
2791 853 2957 908 homo
3020 854 3352 912 diceretur:
3402 859 3564 916 aliter
3621 863 3767 925 enim

2183 954 2380 1000 cretcra
2447 959 2666 1018 quoque
2714 961 2943 1016 corpora
3001 945 3096 1003 Dei
3151 948 3403 1018 jussione
3469 953 3764 1022 producta,

2181 1034 2486 1104 composita
2526 1045 2677 1103 sunt,
2723 1052 2832 1092 non
2875 1053 3012 1094 sane
3057 1039 3353 1109 simplicia.
3390 1042 3506 1102 Vox
3567 1054 3760 1102 autem

2155 1127 2450 1197 ,κεραννὺς
2485 1127 2554 1183 ad
2590 1136 2808 1198 tropum
2835 1130 2901 1186 de
2927 1130 3126 1194 balneo
3157 1131 3322 1200 bona,
3356 1122 3457 1192 nec
3485 1136 3561 1197 ad.
3584 1137 3765 1193 sancti

2183 1219 2526 1288 baptismatis
2579 1220 2908 1276 sententiam
2961 1230 3045 1278 est
3089 1223 3403 1290 invenusta.
3459 1227 3560 1287 Hic
3614 1231 3760 1286 eiiim

2152 1311 2344 1385 etiam
2383 1313 2611 1384 mystica
2667 1313 2724 1366 lit
2771 1314 2986 1381 ,misiio,
3026 1315 3170 1372 sicut
3215 1330 3486 1376 noverunt
3515 1322 3763 1391 initiati,

2134 1448 2142 1464 .,
2179 1417 2279 1473 pro
2297 1403 2501 1472 quibus
2531 1404 2944 1461 sanctissimum
2996 1417 3336 1484 unguentum
3370 1418 3426 1467 et
3464 1413 3762 1482 pretiosum

2179 1497 2362 1552 oleum
2394 1496 2740 1554 divinissime
2767 1509 3088 1556 consecrata
3125 1512 3275 1558 sunt.
3303 1501 3620 1562 Convivalis
3657 1522 3766 1562 au~

2180 1599 2286 1645 tem
2314 1604 2437 1643 cum
2471 1592 2542 1644 sit
2562 1589 2740 1648 dictio
2761 1591 2822 1644 τὸ
2853 1593 3209 1664 κεραννύναι,
3240 1602 3293 1658 ει
3319 1595 3478 1666 juxta
3507 1596 3566 1651 τὸ
3596 1600 3764 1671 κέρας

2181 1674 2348 1741 facta,
2389 1693 2499 1748 quo
2527 1687 2715 1750 potum
2744 1690 2958 1758 veteres
2985 1681 3359 1752 proferebant,
3389 1701 3537 1742 nunc
3564 1688 3763 1746 exinde

2179 1769 2422 1826 derivata
2453 1781 2538 1826 est
2575 1772 2813 1829 divinior
2847 1789 2993 1835 sane,
3015 1775 3244 1842 mistura
3267 1818 3283 1844 ,
3312 1793 3435 1851 qua:
3457 1795 3622 1837 sacro
3649 1779 3761 1838 fer-

488 1877 646 1931 τερον
682 1860 876 1932 δηλοῦν
913 1862 1094 1932 μίγμα
1129 1861 1191 1915 τὸ
1225 1862 1370 1915 κατὰ
1406 1859 1468 1916 τὸ
1499 1859 1656 1929 ἅγιον
1690 1860 1896 1934 θερμὸν
1930 1854 2069 1930 αἷμα

2179 1861 2435 1932 ventique
2472 1863 2739 1938 sanguine
2763 1878 3146 1939 uecnouilaqua
3174 1881 3460 1934 constans,
3489 1886 3558 1928 ex
3590 1871 3761 1930 latere

487 1953 582 2005 καὶ
613 1952 758 2024 ὕδωρ
781 1953 841 2006 τὸ
874 1956 938 2008 ἐκ
966 1955 1066 2026 τῆς
1097 1955 1338 2026 πλευρᾶς
1377 1953 1469 2008 τοῦ
1519 1954 1774 2026 Σωτῆρος
1807 1953 2069 2025 Χριστοῦ.

492 2047 652 2100 Ἐστι
701 2047 759 2099 δὲ
790 2047 1117 2117 λογίσασθαι
1151 2049 1234 2101 ὅτι
1286 2046 1425 2119 πρὸς
1459 2046 1522 2102 τὸ
1574 2047 1902 2119 κεραννύναι
1938 2046 2071 2111 ῖπως

486 2142 725 2213 ἐπῆκται
759 2143 852 2196 καὶ
880 2143 912 2214 ή
945 2140 1334 2212 συντεθειμένη
1363 2143 1525 2213 φύσις
1545 2142 1581 2212 ή
1609 2141 1732 2196 κατ’
1757 2140 2071 2213 ἄνθρωπον,

487 2234 577 2287 ἵνα
721 2235 994 2306 ἁρμόττον
1041 2235 1104 2288 τὸ
1157 2234 1534 2305 πνευματικὸν
1591 2233 1755 2289 τοῦτο
1814 2236 2072 2306 κέρασμα

486 2327 654 2396 ῆγουν
713 2329 904 2398 κρᾶμα
960 2327 1098 2398 πρὸς
1146 2325 1208 2380 τὺ
1267 2326 1602 2381 θεόπλαστον
1659 2326 1926 2398 σύνθεμα,
1976 2326 2072 2380 καὶ

487 2422 764 2494 ἀναμιχθῇ
825 2421 1066 2492 συ.θέτῳ
1119 2421 1298 2492 τούτῳ
1335 2420 1592 2475 σύνθετον
1640 2421 1919 2476 θειότατον
1974 2418 2072 2474 καὶ

486 2516 664 2568 ἐκεῖνο
685 2516 744 2570 τὸ
771 2516 834 2569 ὲκ
881 2513 1040 2569 Θεοῦ.
1071 2515 1326 2571 Μάλιστα
1353 2513 1412 2568 δὲ
1442 2514 1721 2583 λογιστέον
1747 2514 1830 2568 ὅτι
1861 2513 1958 2568 καὶ
1984 2513 2070 2568 αῐ-

487 2625 659 2678 νιγμα
687 2607 790 2678 τῆς
828 2598 1064 2679 φρικτῆς
1098 2607 1208 2661 τῶν
1258 2606 1588 2676 ἁγιωτάτων
1623 2608 1943 2679 μυστηρίων
1971 2605 2067 2660 τοῦ

485 2700 621 2755 Θεοῦ
670 2699 1051 2772 μεταλήψεως,
1084 2701 1118 2772 ή
1161 2699 1415 2770 παροῦσα
1446 2699 1651 2771 φράσις
1679 2699 1794 2753 ἐστι
1819 2714 1850 2742 ἀ
1877 2698 2069 2770 κρᾶμα

485 2793 597 2863 γὰρ
619 2793 941 2861 ἁγιαστικὸν
968 2794 1082 2846 ἐκεῖ
1110 2792 1344 2861 αἵματος
1377 2790 1646 2862 κυριακοῦ
1696 2790 2070 2862 μυστηριάζε-

485 2901 576 2939 ται
625 2885 721 2939 καὶ
768 2883 962 2948 ὓδατος
1011 2886 1106 2939 καὶ
1143 2883 1358 2950 ζέσεως
1401 2884 1786 2955 πνευματικῆς
1835 2883 1947 2936 τῶν
2004 2885 2070 2936 ἐκ

490 2977 732 3048 πλευρᾶς
761 2978 1042 3049 ἀκηράτου
1071 2977 1139 3032 δι’
1165 2971 1233 3050 ἦς
1264 2975 1710 3046 ἁνεπλάσθημεν.
1740 2976 1803 3029 Ei
1837 2974 1897 3030 δὲ
1923 2973 1985 3029 τὸ
2012 2973 2070 3040 ἐξ

485 3071 766 3144 ἀκηράτου
796 3072 932 3142 πρὸς
983 3072 1045 3126 τὸ
1076 3069 1342 3144 κεραννὺς
1371 3070 1587 3140 ἐπήχθη
1614 3067 1756 3125 κατά
1796 3085 1942 3135 τινα,
1979 3085 2071 3122 τυ-

373 3223 376 3226 .
484 3165 643 3235 χαίαν
681 3163 802 3235 μὲν,
861 3165 1125 3233 γλυκεῖαν
1156 3163 1214 3216 δὲ
1249 3163 1502 3216 εἰκασίαν
1537 3162 1838 3234 ῥητορικῆς
1884 3177 2066 3231 παρη-

484 3261 700 3326 χήσεως
763 3259 924 3310 ὁποῖα
981 3255 1075 3310 καὶ
1117 3253 1346 3309 τοιαῦτα
1400 3253 1572 3309 πολλὰ
1617 3255 1730 3318 τοῖς
1791 3253 2068 3324 γράφουσι

488 3351 976 3421 παραπίπτουσιν,
1031 3349 1132 3403 οὐκ
1185 3349 1490 3412 ἀναγκαῖον
1545 3345 2065 3418 ἐξακριϐώσασθαι·

490 3447 651 3514 μόνον
707 3443 762 3498 δὲ
801 3443 1263 3516 παρασημαντέον
1293 3442 1367 3501 ὡς
1427 3439 1674 3495 τοιοῦτον
1721 3440 1816 3494 καὶ
1865 3441 1923 3493 ὲν
1953 3442 2068 3502 τοίς

485 3536 610 3608 ἑξῆς
639 3538 720 3602 τὸ,
762 3537 1016 3605 κάμπτει
1043 3540 1190 3608 γόνυ
1221 3539 1381 3607 γόνῳ
1406 3537 1637 3606 Πατρός
1660 3552 1674 3566 ·
1712 3538 1809 3591 καὶ
1829 3533 2068 3606 ἀλλαχοῦ

482 3633 566 3696 τὸ,
605 3630 674 3694 ἐξ
725 3629 1066 3700 ἀλοχεύτου
1120 3629 1460 3701 προελθὼν,
1518 3629 1618 3683 καὶ
1661 3626 1918 3700 λογχθεὶς
1967 3629 2069 3696 τὴν

484 3723 749 3794 πλευράν.

555 3815 668 3886 ρς·’.
700 3816 774 3869 Τὸ
792 3817 849 3870 δὲ
875 3815 1292 3887 ὀμδροὸλυτείς,
1323 3815 1646 3886 θαυμασίως
1668 3815 1782 3888 ἔχει
1811 3817 1948 3889 πρὸς
1974 3818 2070 3890 δή-

485 3908 657 3961 λωσιν
691 3908 784 3961 τοῦ
839 3908 983 3962 κατὰ
1025 3909 1087 3962 τὸ
1121 3908 1278 3976 ἅγιον
1313 3904 1454 3979 αἷμα
1482 3909 1578 3962 καὶ
1629 3906 1796 3980 ὕδωρ,
1849 3910 1939 3963 ὅτε
1973 3912 2068 3963 Δε-

485 4001 751 4071 σποτικῆς
807 4000 1068 4069 νυγείσης
1119 3999 1362 4072 πλευρᾶς
1411 4000 1656 4071 ἐξῆλθεν.
1714 4000 1927 4066 Ἀλλως
1962 4003 2064 4072 μὲν

481 4094 592 4161 γὰρ
643 4090 936 4160 ἁσύμόατα
967 4091 1046 4154 εἰς
1077 4089 1157 4156 ἓν,
1206 4092 1238 4160 ή
1285 4093 1501 4154 πάντως
1533 4091 1746 4146 ἄνωθεν
1792 4091 2066 4164 ὄμϐρησις

483 4185 580 4237 καὶ
613 4184 646 4254 ή
681 4182 932 4237 κάτωθεν
981 4180 1170 4251 βλύσις
1197 4199 1212 4214 ο
1246 4183 1336 4234 ἐπὶ
1364 4181 1422 4235 δὲ
1467 4181 1564 4236 τοῦ
1611 4183 1668 4235 ἐν
1692 4180 1771 4251 τῷ
1808 4183 2066 4252 παντίμῳ

483 4276 699 4345 σταυρῴ
744 4275 1098 4345 θεανθρώπου
1130 4275 1307 4342 ⁸λόγου
1337 4273 1767 4343 ἀξιολογώτατον
1795 4273 1855 4327 τὸ
1891 4274 2063 4344 ῥῆμα.

494 4371 554 4424 '0
584 4373 684 4441 μὲν
735 4375 845 4443 γὰρ
893 4371 1124 4444 ὄμϐρος,
1153 4371 1213 4424 τὸ
1261 4370 1356 4423 καὶ
1398 4370 1596 4440 ὑψόθεν
1646 4371 1744 4424 καὶ
1793 4373 1858 4424 ἐκ
1914 4369 2065 4433 θείας

481 4465 723 4536 πλευρᾶς
753 4467 814 4519 τὸ
843 4465 1164 4534 ἁγιαστικὸν
1185 4461 1326 4536 αἷμα
1360 4469 1452 4518 καὶ
1482 4463 1628 4536 ὕδωρ
1653 4464 1936 4520 κατελθεῖν
1967 4483 2065 4537 ση-

2177 1947 2478 2008 Salvatoris
2537 1939 2744 2010 Christi
2807 1953 3088 2026 proﬂuxit.
3149 1959 3338 2017 Potest
3393 1977 3522 2019 vero
3579 1966 3758 2036 putari

2173 2046 2319 2117 quod
2365 2047 2432 2100 ad
2481 2047 2542 2100 τὸ
2594 2049 2925 2119 κεραννύναι
2963 2059 3046 2107 est
3097 2053 3265 2107 relata
3303 2055 3470 2109 etiam
3523 2057 3762 2114 hominis

2175 2143 2370 2192 natura
2401 2138 2730 2208 composita,
2779 2148 2840 2194 ut
2888 2141 2981 2196 illa
3029 2141 3292 2213 spiritalis
3355 2147 3586 2202 mistura
3641 2155 3761 2205 sive

2173 2229 2488 2286 commistio
2509 2246 2635 2286 cum
2659 2231 2843 2288 divina
2875 2236 3272 2307 compositione
3291 2239 3361 2294 sit
3385 2241 3638 2310 adoptata
3668 2253 3764 2306 ,ει

2173 2321 2302 2378 huic
2361 2325 2669 2394 composito
2712 2325 3118 2386 divinissimum
3165 2330 3312 2387 istud
3361 2335 3756 2406 compositum,

2172 2413 2320 2483 quod
2339 2431 2406 2471 ex
2432 2415 2543 2472 Deo
2559 2419 3032 2486 est,commistum
3058 2422 3151 2478 sit.
3182 2422 3418 2488 Maxime
3453 2441 3580 2482 vero
3610 2427 3763 2497 cogi.

2173 2503 2397 2560 tandum
2447 2513 2532 2561 est
2578 2517 2904 2578 praesentem
2957 2510 3256 2570 dictionem
3295 2530 3418 2573 esse
3459 2521 3760 2572 tremenda:

2174 2595 2650 2653 sanctissimorum
2719 2597 2812 2655 Dei
2873 2603 3262 2675 mysteriorum
3321 2607 3756 2678 participationis

2172 2687 2405 2762 aenigma
2437 2705 2452 2745 :
2489 2699 2576 2747 est
2619 2693 2764 2747 enitn
2813 2695 2888 2750 ibi
2930 2697 3162 2768 mystice
3212 2700 3561 2756 sanctissima
3611 2717 3760 2757 com-

2171 2777 2358 2834 mistio
2382 2777 2650 2836 Dominici
2679 2783 2966 2855 sanguinis
3003 2793 3053 2840 et
3084 2799 3263 2858 aquae,
3291 2803 3499 2844 net-nou
3529 2791 3762 2847 fervoris

2172 2870 2498 2941 spiritualis,
2524 2887 2554 2926 e
2574 2873 2871 2942 purissimo
2894 2875 3088 2944 latere,
3122 2894 3230 2949 quo
3267 2879 3518 2950 plasmati
3545 2897 3756 2954 sumus,

2171 2963 2584 3035 proﬂuentium.
2622 2966 2705 3022 Au
2747 2977 2931 3024 autem
2968 2970 3092 3038 hoc,
3157 2972 3218 3038 ἐξ
3255 2975 3562 3044 ἀκηράτου,
3597 2975 3760 3044 juxta

2171 3059 2493 3128 quamdam,
2536 3059 2820 3119 fortuitam
2873 3061 3095 3133 quidem
3119 3104 3135 3129 ,
3171 3067 3267 3134 sed
3296 3068 3598 3138 jucundam
3634 3072 3760 3128 rhe-

2177 3152 2364 3206 torica:
2395 3151 2581 3223 ﬁgurae
2611 3154 2679 3209 de
2724 3169 2863 3209 sono
2916 3156 3225 3213 imitatione
3276 3161 3540 3230 speciem,
3572 3164 3758 3234 qualia

2175 3253 2304 3298 sunt
2343 3246 2710 3302 scribentibus
2762 3248 2947 3318 elapsa
3005 3250 3193 3316 multa,
3252 3255 3318 3306 ad
3349 3252 3427 3307 ’τὸ
3488 3257 3758 3325 κεραννύς

2173 3337 2407 3391 relatum
2447 3338 2538 3402 sit,
2569 3353 2676 3394 non
2713 3354 2936 3395 necesse
2963 3350 3050 3397 est
3079 3351 3336 3398 accurate
3363 3344 3582 3400 deﬁniri
3614 3365 3628 3401 :
3665 3361 3758 3401 so-

2171 3429 2280 3484 lum
2302 3444 2430 3485 vero
2450 3432 2745 3488 notandum
2771 3431 2874 3488 tale
2899 3447 3116 3505 quoque
3135 3449 3264 3492 esse
3296 3437 3348 3492 in
3377 3439 3758 3508 sequentibus,

2169 3521 2337 3590 ﬂectit
2375 3522 2506 3592 γόνυ
2554 3523 2696 3595 γόνῳ
2751 3522 2968 3592 Patris;
3017 3536 3072 3582 et
3115 3526 3246 3583 alibi
3285 3545 3300 3583 :
3342 3528 3403 3594 ἐξ
3455 3529 3754 3602 ἁλοχεύτου

2165 3615 2498 3686 procedens,
2541 3627 2612 3672 et.
2633 3618 2804 3674 latere
2840 3617 3118 3691 λογχθεις.

2247 3796 2369 3850 106.
2415 3795 2527 3850 Vox
2569 3795 2996 3866 ὀμϐροϐλυτεϊς,
3040 3797 3310 3854 mirabilis
3347 3807 3439 3856 est
3483 3798 3551 3854 ad
3583 3799 3758 3872 signi-

2172 3889 2448 3943 licaudum
2481 3891 2625 3943 sacri
2667 3889 2954 3960 sanguinis
2998 3899 3066 3946 ct.
3103 3906 3257 3960 aquae
3293 3889 3584 3957 ﬂuentum,
3627 3908 3758 3949 cum

2169 3994 2493 4050 epercusso
2539 3980 2754 4035 Domini
2813 3983 2984 4038 latere
3003 3982 3196 4037 exivit.
3245 3981 3362 4036 Non
3418 3985 3562 4038 enim
3617 3983 3758 4040 alias

2173 4087 2278 4126 uua
2344 4081 2652 4144 congruunt
2705 4073 3122 4147 pluviasqua‘.
3179 4073 3469 4132 desursum
3531 4076 3758 4133 omnino

2169 4165 2342 4230 venit,
2397 4174 2454 4220 et
2500 4163 2699 4221 ell‘usio
2725 4203 2740 4229 ,
2777 4180 2900 4235 quae
2954 4165 3024 4221 ab
3058 4165 3170 4221 imo
3207 4174 3294 4222 est
3346 4161 3663 4239 (ῦμσρησις
3701 4175 3758 4223 et

2169 4255 2384 4328 βλύσις)
2405 4272 2422 4326 ;
2469 4257 2564 4312 sed
2597 4257 2664 4312 de
2705 4253 2886 4312 Verbo
2926 4255 3340 4328 Theanthropo,
3393 4259 3757 4314 venerandis-

2168 4350 2323 4406 sima:
2361 4351 2514 4406 cruci
2546 4350 2727 4417 aliixo,
2761 4349 3354 4408 convenientissimum
3381 4363 3464 4408 est
3492 4351 3698 4408 dictum
3737 4369 3752 4407 :

2170 4441 2356 4508 pluvia
2425 4456 2662 4512 namque
2723 4441 2982 4514 (ὄμϐρος)
3045 4444 3282 4516 desuper
3333 4453 3389 4500 et
3444 4460 3510 4500 ex
3571 4445 3758 4501 divino

485 4534 666 4630 μαίνει
689 4573 704 4589 ·
735 4559 796 4611 τὸ
829 4557 887 4611 δὲ
914 4557 1118 4628 βλύειν,
1148 4557 1209 4610 τὸ
1232 4534 1343 4611 άπὸ
1367 4558 1470 4626 τῆς
1504 4534 1671 4628 γῆθεν
1702 4534 2066 4628 προσλήψεως

2171 4534 2346 4588 latere
2365 4534 2806 4591 sacratissimum
2843 4535 3173 4607 sanguinem
3215 4546 3269 4594 et
3297 4551 3496 4608 aquam
3519 4538 3760 4596 exivisse

481 4654 668 4706 ἐκεῖνα
726 4652 1072 4722 προρῤεὖσαι
1121 4649 1292 4720 δηλοῖ.
1342 4651 1642 4721 Ἀκήρατος
1690 4650 1747 4703 δὲ
1791 4651 2064 4722 πλευρἁὴ

481 4744 578 4799 τοῦ
606 4745 880 4797 Δεσπότου
907 4742 1066 4809 Θεοῦ,
1093 4743 1183 4796 διὰ
1209 4743 1270 4794 τὸ
1293 4740 1370 4813 μὴ
1401 4743 1596 4796 παθεῖν
1621 4743 1766 4812 κῆρα
1797 4743 1897 4813 τὴν
1925 4745 2066 4798 κατὰ

479 4837 668 4900 ἁπλῶς
715 4837 1026 4906 ἄνθρωπον.
1065 4837 1128 4890 Εἰ
1167 4837 1277 4905 γὰρ
1327 4836 1421 4890 καὶ
1469 4833 1546 4904 μὴ
1595 4835 1872 4905 άφθχρτος
1927 4835 2066 4891 οὖσα

476 4931 586 5003 πρὸ
617 4930 851 4984 θανάτου
891 4931 926 4994 ἡ
972 4928 1279 4997 Δεσποτικὴ
1312 4927 1450 4998 σὰρξ
1482 4925 1782 4996 ὲνεκρώθη,
1813 4921 1880 4999 ἦς
1908 4927 2062 4998 καὶὴ

477 5021 692 5093 πλευρὰ
725 5020 912 5091 μέρος,
935 5018 1051 5072 ἀλλ’
1082 5018 1184 5072 ούκ
1210 5014 1318 5073 εἶδε
1351 5018 1674 5089 διαφθορὰν,
1707 5021 1768 5072 ού
1803 5022 1912 5090 μὴν
1940 5020 2065 5074 οὐδὲ

475 5114 686 5186 φθορὰν
716 5112 859 5184 μετὰ
885 5112 946 5167 τὸ
984 5112 1160 5176 πάθος
1203 5112 1298 5166 καὶ
1338 5115 1435 5182 τὴν
1492 5111 1730 5182 ἔγερσιν,
1758 5111 1834 5176 ὡς
1860 5113 2064 5182 διαφω-

473 5206 614 5273 τίζει
655 5206 752 5262 καὶ
803 5207 831 5259 ό
886 5207 950 5258 ὲκ
988 5203 1283 5276 Δαμασκοῦ
1338 5205 1592 5274 λαμπρὸς
1643 5205 1898 5276 δᾳδοῦχος
1949 5207 2062 5260 τῶν

474 5301 648 5369 ἁγίων
690 5298 949 5371 Γραφῶν.
985 5297 1060 5351 Τὸ
1101 5297 1160 5352 δὲ
1187 5298 1529 5369 νενυγμένης
1581 5298 1827 5368 πλευρᾶς
1876 5316 2064 5370 κυριο-

472 5393 770 5458 λεκτεῖται,
800 5391 876 5455 ὡς
906 5391 1140 5444 παλαιαὶ
1169 5390 1390 5462 δηλοῦσι
1420 5391 1672 5462 χρήσεις,
1717 5393 1776 5446 ὲν
1816 5386 1905 5456 αἶς
1933 5392 2064 5446 νύσ-

474 5503 588 5542 σειν
617 5486 838 5555 λέγεται
868 5485 930 5539 τὸ
957 5487 1167 5538 κεντεῖν
1198 5499 1212 5515 °
1243 5483 1421 5546 άλλως
1451 5482 1507 5538 δὲ
1530 5484 1811 5556 τροπικῶς
1843 5484 2062 5539 νύσσειν

473 5578 691 5648 λέγεται
723 5578 817 5631 καὶ
859 5577 920 5630 τὸ
946 5575 1131 5645 λόγοις
1180 5574 1214 5646 ἢ
1269 5575 1456 5645 ἔργοις
1489 5574 1757 5647 ἐρεθίζειν
1809 5577 1930 5631 τινά
1979 5578 2059 5642 είς

474 5671 674 5744 πρᾶξιν
705 5671 943 5725 οίανοῦν.

546 5850 649 5922 ρξ’.
694 5847 757 5903 Ἦ
789 5848 846 5903 δὲ
897 5849 1047 5913 ζέσις
1075 5844 1171 5901 τοῦ
1215 5844 1540 5918 Πνεύματος
1586 5843 1919 5917 πεπόρισται
1955 5844 2057 5916 μὲν

2171 4627 2478 4698 signiﬁcat;
2512 4642 2803 4699 erumpere
2839 4628 3069 4702 (βλύειν)
3110 4644 3240 4686 vero
3271 4646 3340 4684 ex
3379 4630 3760 4702 assumptione

2173 4731 2388 4778 terrena
2422 4721 2528 4774 ista
2565 4721 2890 4791 proﬂuxisse
2940 4720 3206 4780 ostendit.
3257 4721 3641 4795 lncorruptum
3673 4730 3759 4779 est

2171 4812 2392 4869 Domini
2426 4811 2518 4867 Dei
2547 4813 2713 4880 latus,
2745 4829 2810 4868 eo
2860 4813 3012 4885 quod
3060 4815 3198 4871 meri
3247 4815 3490 4872 hominis
3515 4830 3625 4871 non
3665 4832 3756 4872 su-

2170 4906 2333 4962 bierit
2363 4905 2560 4962 fatum.
2615 4904 2731 4962 Etsi
2757 4907 2930 4973 enim,
2972 4923 3082 4963 non
3111 4907 3427 4978 incorrupta
3452 4919 3580 4963 ante
3610 4923 3757 4962 mor-

2170 5007 2304 5062 tem,
2333 5011 2463 5052 caro
2494 4995 2708 5052 Domini
2763 5005 2981 5052 mortua
3017 5004 3136 5059 .est.
3170 4997 3332 5066 cujus
3361 5011 3580 5067 quoque
3611 4996 3755 5052 latus

2168 5103 2294 5159 pars
2346 5098 2488 5157 erat,
2543 5104 2653 5145 non
2715 5097 2898 5144 tamen
2963 5088 3101 5144 vidit
3153 5089 3592 5159 cerruptionem,
3652 5103 3753 5143 nec

2169 5183 2336 5238 ullam
2373 5182 2754 5238 alterationeui
2789 5191 2914 5251 post
2941 5182 3252 5252 passionem
3286 5198 3352 5238 ac
3388 5182 3754 5238 resurrectio-

2167 5290 2318 5343 nem,
2353 5283 2412 5332 ut
2465 5275 2701 5342 explicat
2754 5275 2990 5332 illustris
3046 5290 3111 5330 ex
3171 5274 3440 5332 Damasco
3467 5289 3751 5331 sacrarum

2165 5371 2570 5438 Scripturarum
2611 5370 2988 5426 'lucernarius.
3029 5367 3208 5425 Dictio
3249 5383 3380 5424 vero
3414 5367 3752 5441 νενυγμένης

2163 5466 2436 5536 πλευρᾶς,
2493 5463 2729 5536 proprie.
2763 5460 3022 5527 sumitur,
3079 5469 3139 5516 ut
3193 5461 3406 5528 antiqui
3454 5460 3754 5516 ostendunt

2165 5574 2322 5625 usus,
2347 5557 2551 5629 quibus
2583 5555 2804 5610 νύσσειν
2837 5553 3042 5609 dicitur
3079 5551 3141 5604 τὸ
3173 5553 3427 5606 κεντεῖνε
3471 5551 3609 5608 alias
3653 5567 3752 5605 au-

2166 5664 2273 5708 tem
2307 5652 2548 5716 νύσσειν,
2591 5648 2776 5706 verbis
2805 5646 3156 5721 et,operibus
3193 5647 3432 5716 aliquem
3467 5645 3537 5700 ad
3563 5659 3753 5714 quem-

2161 5761 2380 5817 cunque
2435 5754 2614 5800 actum
2641 5742 2901 5806 excitare,
2938 5741 3148 5810 tropice
3171 5739 3393 5794 dicitur.

2236 5840 2356 5896 107.
2399 5838 2608 5896 Fet-ver
2635 5845 2817 5894 autem
2851 5833 3088 5906 Spiritus
3115 5841 3290 5906 poetae
3337 5830 3560 5902 quidem
3611 5841 3751 5900 prae-
