4050 6410
323 359 451 429 Ὤ,

1049 359 1472 421 EUSTATllll
1514 357 2287 420 TilESSALONlCENSlS
2345 357 2907 419 METROPOLITIE

3507 358 3617 424 624

352 499 524 545 statur
549 504 614 545 ex
644 503 705 544 ea
739 486 805 542 de
833 485 1034 556 linguis
1065 485 1258 556 igneis,
1311 482 1746 537 inﬂannnatione
1779 479 1925 536 cele-

2045 479 2110 551 τῷ
2148 481 2372 553 μελῳδῷ
2401 482 2465 534 ἐκ
2493 480 2590 534 τοῦ
2620 479 3022 551 ὲορταζομένου
3077 477 3222 534 κατὰ
3257 479 3357 541 τὰς
3388 478 3627 550 πυρίνας

353 585 550 650 brata;
585 580 960 651 spiritualibus
991 587 1174 634 autem
1211 575 1572 632 bellatoribus
1603 573 1926 645 huiusmodi

353 675 519 730 dictio
549 683 810 744 tanquam
845 686 1009 727 arma
1040 669 1342 740 conspicua
1376 667 1524 722 utilis
1549 677 1634 723 est
1662 666 1930 722 adversus

353 767 604 821 haeresim
637 764 1248 835 Hydroparastatarum,
1290 775 1452 830 quam
1485 760 1626 815 alius
1655 759 1762 814 erit
1793 768 1931 814 tem-

333 857 502 927 poris
553 854 883 920 circumire,
939 854 988 908 si
1037 851 1289 924 quaedam
1342 851 1648 908 occurrerit
1701 851 1931 906 utilitas.

330 949 450 1004 ‘Est
496 959 678 1004 autem
729 949 836 1004 iste
883 947 1066 1003 fervor
1102 947 1384 1002 viviﬁcans
1429 946 1654 1016 quidem
1715 960 1810 1000 eos
1839 944 1933 1015 qui

354 1041 564 1096 fervide
595 1039 761 1096 lavati
794 1048 927 1097 sunt
959 1039 1015 1094 in
1042 1037 1249 1110 Spiritu
1281 1046 1474 1094 sancto
1516 1036 1931 1103 comniiscente,

354 1131 688 1188 comburens
734 1146 866 1188 vero
920 1129 1065 1187 sicut
1112 1130 1254 1201 ignis
1294 1130 1587 1200 praedictos
1642 1129 1935 1186 hzereticos

355 1224 607 1296 aliosque
637 1225 957 1296 quicunque
1004 1222 1213 1280 similes
1241 1231 1392 1290 sunt,
1420 1238 1514 1292 per
1539 1223 1777 1278 calorem
1808 1237 1938 1277 san-

355 1315 540 1385 guinis
573 1325 626 1372 et
659 1331 835 1386 aqua,
870 1330 994 1384 quze
1036 1315 1103 1371 de
1151 1315 1528 1371 sacratissimo
1554 1314 1724 1372 latere
1765 1312 1939 1370 ﬂuxe-

354 1417 521 1479 runt;
555 1423 793 1480 quorum
848 1409 1169 1465 meminisse
1216 1409 1632 1465 sacratissimus
1666 1408 1938 1477 interpres

357 1501 417 1557 in
447 1517 548 1559 sua
597 1502 950 1559 enarratione
999 1500 1232 1558 tonitrui
1274 1499 1472 1556 Filium
1505 1516 1570 1557 ac
1596 1498 1936 1572 Theologum

358 1593 617 1660 ostendit,
646 1593 738 1649 ubi
765 1594 1013 1650 scribens
1043 1593 1096 1649 in
1126 1594 1356 1663 epistola
1383 1591 1495 1649 ait:
1520 1593 1657 1648 Tres
1691 1602 1822 1647 sunt
1845 1589 1939 1661 qui

2040 573 2298 644 γλώσσας
2347 573 2660 643 φλογώδους
2689 589 2702 602 ο
2739 569 3073 643 χρησιμεύει
3118 570 3176 624 δὲ
3226 574 3627 641 πνευματικοῖς

2040 667 2399 739 πολεμισταῖς
2449 661 2538 720 οἶα
2572 667 2669 722 καὶ
2695 667 2860 722 ὅπλον
2907 662 3188 734 ἀξιόλογον
3215 664 3250 735 ἡ
3287 662 3512 734 τοιαύτη
3541 662 3628 716 λέ-

2042 758 2146 826 ξις,
2195 760 2338 813 κατὰ
2387 762 2485 829 τῆς
2518 759 2786 829 αἱρέσεως
2839 757 2947 811 τῶν
3006 755 3526 828 ύδροπαραστατῶν,
3561 757 3628 824 ἢν

2041 850 2205 903 ἄλλου
2268 848 2464 920 καιροῦ
2522 848 2832 920 περιελθεῖν
2862 848 2915 900 εί
2942 864 3027 910 τις
3051 846 3401 918 παρεμπέσοι
3445 845 3627 916 χρεία.

2047 940 2204 994 Ἐστι
2231 940 2288 994 δὲ
2315 940 2464 1005 ζέσις
2507 939 2648 1012 αῦτη
2680 940 3026 1004 ζωοποιοῦσα
3063 941 3164 1009 μὲν
3192 939 3319 1002 τοὺς
3345 937 3628 1009 ὲνθέρμως

2043 1033 2103 1085 ιν
2131 1032 2274 1102 ἁγίῳ
2304 1033 2592 1104 Πνεύματι
2618 1033 2942 1104 κεραννύντι
2985 1033 3364 1102 λελουμένους,
3399 1033 3633 1084 καίουσα

2042 1125 2102 1180 δδ
2130 1127 2205 1190 ὡς
2232 1122 2323 1181 οἷα
2353 1128 2448 1182 καὶ
2482 1126 2596 1199 πῦρ
2641 1127 2773 1191 τοὺς
2807 1127 3138 1199 εἰρημένους
3187 1126 3504 1197 αίρετικοὺς
3535 1127 3636 1178 καὶ

2043 1220 2160 1274 ὅσοι
2211 1221 2268 1274 δὲ
2305 1221 2456 1276 ἄλλοι
2507 1222 2631 1275 κατ’
2685 1221 2884 1283 αὐτοὺς
2927 1221 2961 1292 ἡ
2995 1217 3260 1290 νοουμένη
3302 1220 3359 1271 ἐν
3402 1216 3480 1288 τῷ
3510 1218 3634 1289 ῥεύ-

2047 1328 2201 1367 σαντι
2229 1316 2294 1366 ὲκ
2323 1316 2423 1383 τῆς
2450 1314 2763 1384 ἁγιωτάτης
2805 1313 3050 1384 πλευρᾶς
3085 1311 3281 1380 αἵματι
3313 1313 3407 1364 καὶ
3437 1308 3595 1363 ὕδατι
3615 1326 3632 1342 ο

2046 1399 2122 1460 ὧν
2151 1405 2466 1477 μεμνῆσθαι
2497 1407 2934 1476 παραπήγνυσιν
2960 1407 2988 1458 ὁ
3033 1403 3328 1475 ἱερώτατος
3357 1403 3633 1472 ἐξηγητὴς

2046 1501 2112 1568 τῇ
2147 1498 2270 1552 κατ’
2318 1498 2483 1552 αὐτὸν
2540 1498 2821 1567 ἐξηγήσει,
2854 1499 2950 1550 καὶ
2999 1496 3092 1549 τόν
3125 1512 3186 1548 τε
3237 1495 3467 1564 βροντῆς
3520 1495 3633 1546 υἱὸν

2047 1589 2296 1658 θεολόγον
2315 1589 2445 1644 ἔνθα
2463 1589 2773 1652 ἐπιστείλας
2796 1589 2966 1657 λέγει,
2990 1589 3072 1641 ὅτι
3087 1586 3250 1658 Τρεῖς
3268 1588 3406 1639 εἰσιν
3425 1585 3476 1638 oi.
3499 1603 3570 1654 μα
3579 1602 3631 1654 ρ·

361 1681 734 1736 testimonium
783 1682 934 1748 dant,
987 1680 1217 1752 spiritus
1259 1689 1313 1736 et
1333 1695 1477 1751 aqua
1518 1689 1572 1736 et
1610 1681 1857 1750 sanguis.
1885 1686 1940 1733 et

2045 1682 2360 1754 τυροῦντες.
2390 1680 2451 1736 τὸ
2481 1682 2702 1752 πνεῦμα
2734 1682 2830 1734 καὶ
2858 1681 2918 1734 τὸ
2946 1680 3092 1750 ὕδωρ
3123 1679 3219 1734 καὶ
3252 1681 3313 1731 τὸ
3345 1673 3510 1745 αἷμα,
3535 1680 3632 1729 καὶ

341 1773 419 1828 Δ1ιὶ
449 1773 644 1831 tresin
670 1789 842 1829 unum
873 1784 1022 1830 sunt.
1053 1773 1225 1840 Quale
1256 1774 1360 1829 hoc
1395 1772 1610 1828 unum?
1635 1770 1942 1829 secundum

341 1881 528 1921 unam
551 1867 831 1932 deitatem,
861 1867 929 1921 ad
959 1879 1128 1937 quam
1176 1875 1262 1922 est
1312 1865 1673 1936 satagendum
1731 1858 1946 1919 restitui

347 1975 462 2017 nos
497 1973 594 2031 per
623 1959 799 2016 sancti
838 1957 1076 2028 Spiritus
1105 1955 1376 2013 fervorem
1431 1970 1497 2012 ac
1524 1955 1944 2026 perfectionem.

750 2138 1072 2210 Troparium
1100 2138 1136 2192 2
1167 2147 1370 2209 quartis
1401 2139 1540 2192 σάω.

433 2233 684 2289 Flectunt
713 2233 893 2288 omnia
929 2231 1274 2288 Consolatori
1301 2247 1460 2302 genu,

431 2325 678 2397 Filioque
707 2326 903 2392 Patris,
935 2327 1079 2380 Patri
1108 2325 1519 2396 cegnatissimo.

420 2415 495 2470 vln
525 2415 773 2484 personis
801 2415 947 2470 enim
974 2414 1124 2469 novit
1152 2415 1326 2470 tribus
1356 2413 1722 2470 substantiam

435 2506 578 2564 Vere
613 2508 1067 2575 inaccessibilem,
1097 2508 1359 2579 temporis
1387 2517 1682 2575 exsortem,
1720 2523 1906 2564 unam.

422 2602 617 2659 ‘llluxit
644 2604 792 2658 enim
817 2603 1006 2660 lumen
1036 2605 1212 2676 gratia
1245 2603 1510 2674 Spiritus.

439 2695 565 2752 108.
605 2695 744 2752 Cum
774 2695 974 2752 dixerit
1003 2697 1382 2752 sanctissimus
1422 2697 1719 2766 Apostolus
1750 2697 1807 2752 in
1841 2712 1939 2752 no-

365 2792 513 2847 mine
552 2789 682 2845 Jesu
720 2789 942 2855 Christi,
992 2789 1294 2845 Salvatoris
1347 2790 1543 2858 nostri,
1591 2806 1752 2846 omne
1801 2807 1945 2864 genu

365 2882 707 2948 ﬂectendum,
747 2881 1077 2947 caelestium,
1107 2883 1452 2937 terrestrium
1497 2892 1552 2937 et
1581 2883 1944 2950 infernarum,

364 2977 439 3030 ibi
469 2976 616 3030 canit
651 2983 806 3045 poeta
837 2978 938 3030 hoc
978 2974 1091 3046 jam
1147 2976 1455 3042 advenisse,
1506 2977 1634 3032 licet
1683 2977 1775 3032 alii
1823 2977 1945 3048 qui-

2051 1775 2101 1828 οί
2131 1778 2276 1847 τρεῖς
2310 1777 2391 1838 είς
2417 1775 2476 1828 τὸ
2509 1774 2588 1828 ἓν.
2629 1776 2787 1829 Ποῖον
2814 1775 2994 1826 ἐκεῖνο
3026 1773 3086 1825 τὸ
3112 1772 3170 1824 ἒν
3201 1789 3217 1838 ;
3264 1773 3324 1823 τὸ
3359 1770 3499 1824 κατὰ
3537 1769 3636 1840 τὴν

2055 1867 2185 1938 μίαν
2217 1867 2468 1934 θεότητα,
2503 1867 2584 1928 είς
2631 1866 2700 1936 ἢν
2729 1864 3191 1934 πραγματευτέον
3247 1864 3635 1928 ἀποκαταστῆ-

2052 1975 2138 2010 ναι
2174 1959 2321 2027 ἡμᾶς
2357 1957 2446 2010 διὰ
2477 1957 2577 2028 τῆς
2604 1955 2746 2009 κατὰ
2774 1955 2833 2008 τὸ
2859 1955 3016 2024 ἄγιον
3059 1954 3284 2025 Πνεῦμα
3309 1953 3510 2019 ζέσεως
3543 1954 3636 2005 καὶ

2051 2049 2112 2103 οῦ
2121 2067 2195 2104 τω
2224 2049 2576 2111 τελειώσεως.

2298 2140 2630 2210 Τροπάριον
2661 2141 2947 2211 δεύτερον
2985 2141 3095 2211 τῆς
3120 2141 3170 2194 δ’
3199 2141 3384 2211 ᾠδῆς.

2122 2231 2214 2287 IX.
2264 2220 2522 2303 Κάμπτει
2549 2236 2618 2289 τὰ
2644 2236 2827 2288 Πάντα
2857 2235 2934 2306 τῷ
2965 2236 3310 2307 Παρακλήτῳ
3337 2235 3488 2304 γόνυ,

2262 2327 2410 2398 Γόνῳ
2438 2345 2498 2381 τε
2532 2328 2747 2400 Πατρδς
2795 2329 2973 2400 Πατρὶ
3005 2329 3435 2400 συμφυεστάτῳ.

2281 2422 2369 2474 Ἐν
2395 2420 2503 2491 γὰρ
2534 2420 2851 2491 προσώποις
2887 2416 2996 2475 οῐδε
3031 2425 3270 2493 τριττοῖς
3304 2425 3495 2476 οὐσίαν

2260 2513 2554 2584 Νημερτὲς
2583 2513 2901 2584 ἀπρόσιτον,
2933 2513 3178 2584 ἄχρονον,
3217 2517 3347 2585 μίαν
3367 2531 3384 2547 ⁶

2263 2604 2514 2675 Ἐλαμψε
2544 2604 2660 2675 φῶς
2695 2606 2804 2672 γὰρ
2833 2607 2864 2675 ὴ
2896 2608 3057 2676 χάρις
3089 2608 3182 2660 τοῦ
3222 2609 3557 2679 ιΙνεύματος.

2124 2707 2228 2774 ρηθ.
2262 2700 2524 2765 Εἰπόντος
2548 2703 2641 2754 τοῦ
2662 2701 2972 2770 ἁγιωτάτου
2992 2701 3330 2756 Ἀποστόλου
3359 2703 3431 2766 ὡς
3460 2706 3519 2755 ὲν
3556 2705 3634 2774 τῷ

2048 2795 2272 2864 ὀνόματι
2323 2794 2416 2847 τοῦ
2476 2794 2729 2864 Σωτῆρος
2775 2794 2932 2865 ἡμῶν
2977 2795 3160 2866 Ἰησοῦ
3221 2796 3462 2866 Χριστοῦ
3519 2802 3633 2850 πᾶν

2047 2887 2176 2956 γόνυ
2205 2885 2414 2957 κάμψει
2446 2887 2788 2958 ἐπουρανίων
2822 2889 2919 2942 καὶ
2947 2889 3208 2957 ἐπιγείων
3235 2893 3331 2944 καὶ
3363 2893 3635 2959 καταχθο-

2048 2981 2200 3046 νίων,
2259 2980 2456 3050 ψάλλει
2509 2980 2806 3036 ὲνταῦθαό
2861 2981 3095 3052 μελῳδὸς
3141 2983 3225 3036 ὅτι
3275 2983 3401 3053 ἄρτι
3453 2984 3636 3054 ἀπέϐη

367 3067 490 3123 dam
519 3067 669 3123 aliud
718 3066 883 3136 hujus
932 3066 1182 3122 miraculi
1231 3074 1446 3135 tempus
1489 3066 1938 3138 interpretentur.

2046 3070 2225 3135 τοῦτο,
2261 3073 2310 3124 εί
2362 3071 2458 3126 καί
2497 3088 2640 3125 τισιν
2691 3072 2882 3142 ἔτερος
2915 3073 3110 3143 καιρὸς
3152 3073 3495 3144 ἡρμήνευται
3540 3075 3634 3127 τοῦ

363 3158 556 3214 Omnia
602 3173 742 3228 genu
793 3155 1018 3213 ﬂectunt
1075 3155 1380 3222 Paracleto,
1426 3157 1564 3226 sive,
1611 3163 1709 3225 ait,
1763 3157 1943 3214 Patris

363 3259 493 3306 nato
524 3249 781 3320 Patrique
827 3248 1340 3305 consubstantiale:
1383 3249 1496 3304 haec
1543 3260 1731 3308 autem
1781 3255 1945 3305 mira-

362 3341 488 3396 bilis
529 3349 585 3396 et
629 3339 972 3396 divinissima
1013 3337 1324 3411 genuﬂexio
1371 3339 1518 3396 facta
1561 3354 1645 3399 est
1696 3360 1762 3400 eo
1796 3344 1942 3414 quod

352 3445 474 3486 non
504 3429 846 3500 simpliciter,
870 3429 962 3484 sed
996 3428 1253 3484 omnibus
1275 3428 1459 3485 illuxit
1479 3435 1652 3503 gratia
1681 3433 1940 3504 Spiritus,

363 3535 457 3585 per
486 3535 651 3591 quam
687 3519 865 3574 lucem
898 3519 1084 3574 omnia
1131 3519 1441 3576 illuminata
1497 3523 1742 3593 subjecta
1792 3533 1941 3591 sunt,

365 3624 622 3682 tanquam
643 3611 890 3682 protinus
911 3609 1154 3682 perfecta
1173 3611 1402 3667 scientia
1428 3628 1457 3666 a
1482 3612 1593 3669 Deo
1624 3623 1680 3669 et
1713 3616 1943 3670 Domino

365 3699 716 3756 scientiarum
765 3698 1088 3766 clariﬁcata,
1121 3701 1618 3770 cognoscendaque
1645 3702 1942 3757 Dominum

363 3791 818 3861 omnipotentem,
864 3799 918 3845 et
972 3790 1076 3860 ipsi
1111 3800 1362 3861 prompte
1413 3791 1716 3848 submissa.
1753 3793 1943 3859 Qualis

363 3889 547 3936 autem
595 3890 679 3937 est
727 3881 1042 3950 hujusmodi
1093 3883 1397 3951 Spiritnalis
1445 3886 1668 3954 gratia?
1729 3887 1944 3944 Sanctae

365 3972 653 4028 Trinitatis
685 3975 912 4043 agnitio.
939 3973 996 4029 In
1029 3974 1204 4031 tribus
1245 3978 1392 4030 enim
1431 3981 1707 4048 personis,
1739 3981 1942 4049 inquit,

364 4067 602 4120 Scienter
632 4077 908 4121 noverunt
951 4067 1160 4132 omnia,
1205 4082 1302 4123 seu
1352 4073 1609 4135 mundus,
1651 4075 1942 4143 νημερτὲς,

366 4157 417 4210 id
451 4165 535 4211 est
575 4171 724 4221 vere,
761 4168 820 4211 ut
851 4159 1013 4227 paulo
1045 4169 1172 4214 ante
1222 4161 1426 4216 dictum
1465 4171 1573 4226 est,
1613 4178 1775 4217 unam
1815 4169 1946 4221 sub-

364 4250 618 4306 stantiam
650 4251 792 4307 sicut
817 4244 1168 4319 et'naturam,
1196 4269 1318 4322 quae
1348 4259 1709 4313 sanctissima:
1759 4257 1945 4313 Trini-

366 4342 492 4396 tatis
521 4352 624 4408 est,
659 4341 838 4398 Patris
861 4345 1113 4414 ingeniti,
1145 4345 1315 4416 geniti
1340 4345 1484 4413 Filii,
1515 4359 1569 4402 et
1597 4351 1945 4418 procedentis

2045 3165 2293 3218 τοιούτου
2323 3163 2602 3233 θαύματος
2627 3181 2642 3196 ο
2674 3167 2770 3219 καὶ
2797 3167 2865 3219 τὰ
2897 3168 3076 3221 πάντα
3106 3169 3356 3236 κάμπτει
3393 3170 3521 3236 γόνυ
3555 3169 3634 3238 τῷ

2049 3258 2416 3330 Παρακλήτῳ,
2454 3258 2624 3329 Ιἡγουν
2656 3261 2732 3328 τῷ
2765 3262 2862 3313 καὶ
2914 3259 3081 3328 Γόνῳ,
3109 3262 3266 3333 φησὶ,
3293 3262 3386 3316 τοῦ
3418 3265 3634 3334 Harpe;

2046 3368 2139 3405 και
2184 3355 2590 3423 συμφυεστὰτῳ
2638 3352 2716 3424 τῷ
2751 3354 2944 3425 Πατρί.
3001 3355 3200 3424 Γέγονε
3251 3356 3370 3428 an;
3410 3357 3632 3430 τοιαύτη

2045 3441 2276 3494 εὐκταία
2307 3442 2400 3495 καὶ
2430 3442 2684 3515 θειοτάτη
2716 3445 3090 3515 κατάκαμψις,
3114 3447 3250 3502 διότι
3281 3451 3378 3520 οὐχ
3414 3451 3628 3515 ἁπλῶς,

2043 3534 2184 3589 ἄλλα
2214 3537 2378 3589 πᾶσιν
2412 3534 2627 3606 ἔλαμψε
2661 3539 2773 3605 φῶς
2803 3539 2836 3608 ή
2877 3541 3036 3611 χάρις
3056 3542 3151 3594 τοῦ
3184 3542 3528 3610 Πνεύματος,
3562 3542 3634 3596 δι’

2044 3625 2105 3680 οῦ
2135 3627 2206 3680 τὰ
2257 3628 2436 3682 πάντα
2465 3629 2810 3696 φωτισθέντα
2864 3633 3257 3698 ὑποτέτακται,
3305 3634 3381 3698 ώς
3430 3636 3632 3688 αὐτίκα

2045 3722 2140 3773 καὶ
2177 3720 2557 3790 ὲλλαμφθέντα
2602 3721 2788 3794 τελείᾳ
2833 3723 3032 3790 γνώσει
3059 3725 3168 3779 ἀπὸ
3212 3724 3309 3779 τοῦ
3344 3726 3482 3779 Θεοῦ
3535 3729 3633 3778 καὶ

2046 3811 2255 3881 Κυρίου
2297 3811 2403 3864 τῶν
2443 3809 2722 3878 γνώσεων,
2770 3813 2867 3864 καὶ
2901 3814 3196 3880 ἐπιγνόντα
3242 3815 3334 3868 τὸν
3367 3815 3633 3868 παντοδύ-

2047 3920 2218 3972 ναμον
2246 3903 2543 3973 Δεσπότην,
2575 3904 2672 3956 καὶ
2700 3905 3040 3973 ὑποταγέντα
3069 3907 3301 3976 ἑτοίμως
3329 3906 3479 3977 αὐτῷ
3505 3923 3518 3938 ⁸
3547 3909 3632 3970 τίς

2044 3994 2103 4047 δὲ
2136 3995 2168 4066 ἡ
2205 3996 2431 4063 τοιαύτη
2467 3997 2813 4067 πνευματικὴ
2847 3997 3005 4066 χάρις
3035 4016 3049 4062 ;
3097 3995 3163 4050 Ἦ
3203 3999 3302 4065 τῆς
3340 3999 3502 4067 ἁγίας
3534 4001 3632 4066 δη-

2045 4086 2175 4157 λαδὴ
2208 4087 2433 4156 Τριάδος
2455 4089 2778 4158 ἐπίγνωσις.
2827 4090 2917 4143 Ἐν
2939 4090 3045 4159 γὰρ
3079 4090 3423 4160 προσώποις,
3470 4093 3628 4160 φησί,

2045 4182 2226 4252 τρισὶν
2276 4179 2384 4234 οἶδε
2419 4182 2744 4249 γνωστικῶς
2773 4183 2844 4235 τὰ
2891 4184 3090 4246 πάντα,
3143 4183 3313 4253 ἤγουν
3341 4187 3368 4236 ό
3399 4186 3627 4253 κόσμος,

2046 4273 2312 4343 νημερτὲς
2346 4275 2463 4344 ἦτοι
2516 4275 2756 4344 ἀληθῶς,
2785 4275 2859 4337 ὡς
2889 4280 2984 4328 καὶ
3015 4277 3121 4344 πρὸ
3169 4278 3372 4344 ὀλίγων
3406 4279 3627 4350 ἐρρέθη,

2047 4365 2235 4414 οἰσίαν
2269 4364 2398 4431 μίαν
2445 4363 2634 4432 ὥσπερ
2669 4368 2762 4416 καὶ
2809 4368 2973 4431 φύσιν
3002 4367 3100 4434 τὴν
3138 4368 3195 4418 ἐν
3243 4371 3307 4436 τῇ
3342 4368 3631 4442 ἁγιωῖάτῃ

364 4433 645 4502 Spiritus;
701 4448 838 4504 quas
908 4450 1019 4489 non
1084 4436 1236 4504 prius
1298 4438 1495 4509 aliquis
1552 4450 1724 4495 trinas
1783 4441 1940 4508 dixit,

2050 4421 2281 4525 Tptd5t,‘
2315 4459 2379 4526 τῇ
2431 4458 2572 4509 κατὰ
2602 4421 2710 4508 ’τὸν
2761 4421 3069 4525 ἀγέννητον.
3115 4421 3354 4529 ιιατέρἒι,
3392 4421 3631 4514 omaso;

362 4542 524 4597 quam
561 4529 615 4583 in
654 4545 821 4584 unum
858 4529 1254 4602 conglutinavit
1304 4542 1358 4586 et
1397 4535 1675 4596 adoravit;
1706 4539 1945 4590 nondum

363 4628 566 4687 autem,
611 4635 668 4676 ut
718 4624 791 4677 ita
841 4624 1044 4692 dicam,
1099 4627 1164 4679 ad
1215 4629 1480 4680 unitatem
1535 4629 1642 4682 illis
1684 4629 1945 4693 reductis,

365 4713 613 4769 melodus
659 4715 856 4770 iterum
930 4718 1293 4774 sanctissimis
1362 4720 1470 4774 illis
1527 4721 1704 4776 tribus
1765 4736 1948 4789 perso-

364 4818 484 4869 ms,
537 4805 742 4871 omnia,
814 4817 1085 4878 quotquot
1160 4810 1324 4864 habet
1403 4811 1651 4880 proferre
1717 4819 1946 4881 augusta

362 4896 622 4965 epitheta,
665 4900 933 4968 siquidem
985 4903 1140 4956 dives
1193 4910 1312 4956 erat
1368 4905 1688 4973 graphicum
1741 4906 1942 4971 solum,

363 4989 650 5059 tripliciter
704 4994 1028 5061 prostravit;
1091 4994 1164 5049 ob
1212 4995 1316 5050 loci
1377 5005 1554 5053 tamen
1622 5001 1943 5068 angustias,

364 5087 523 5136 istam
569 5081 784 5138 unicam
827 5086 1193 5141 substantiam
1231 5089 1565 5144 inaccessam
1599 5103 1651 5146 et
1681 5103 1941 5146 aeternam

363 5173 543 5228 dicere
573 5173 707 5230 satis
738 5176 921 5231 habet.

433 5355 554 5410 109.
598 5354 713 5424 Hoc
759 5360 1020 5427 quidem,
1063 5361 1211 5430 quod
1265 5364 1406 5422 Deus
1455 5368 1752 5426 invisibilis
1809 5382 1940 5428 est:

360 5445 532 5502 Deum
587 5449 730 5503 enim
779 5465 937 5504 nemo
1000 5453 1133 5507 vidit
1187 5470 1466 5524 unquam;
1521 5460 1616 5514 sed
1645 5463 1805 5515 etiam
1838 5475 1943 5518 trc-

359 5543 611 5604 niendus.
664 5557 772 5597 non
821 5554 1084 5612 quantum
1141 5548 1282 5618 ignis
1333 5566 1705 5622 consumens,
1765 5557 1939 5612 multo

359 5649 491 5688 vero
522 5637 716 5706 magis,
750 5644 804 5689 et
852 5637 974 5692 ideo
1021 5639 1320 5698 inadibilis.
1370 5645 1468 5700 Cui
1523 5649 1668 5702 enim
1702 5657 1939 5708 accessi-

356 5725 483 5782 bilis
515 5738 678 5795 esset,
711 5730 815 5785 nisi
848 5746 970 5785 cum
1006 5738 1308 5791 reverentia
1341 5742 1808 5811 appropinquanti
1863 5745 1931 5798 ad

359 5820 532 5889 ipsam
567 5823 1068 5880 illuminationem?
1116 5828 1370 5886 Accedite
1417 5835 1586 5900 enim,
1637 5837 1836 5906 inquit,
1873 5851 1927 5894 et

2049 4549 2311 4614 γεννητὸν
2365 4547 2513 4610 Υίὸν,
2550 4550 2646 4600 καὶ
2697 4549 2759 4600 τὸ
2796 4550 3133 4617 ὲκπορευτὸν
3175 4551 3436 4620 ΙΙνεῦμαο
3485 4553 3630 4624 ἅπερ

2049 4642 2147 4692 οὐκ
2175 4638 2313 4708 ἔφθη
2344 4657 2424 4702 τις
2457 4639 2753 4710 τριαδικῶς
2790 4644 2986 4704 εἰπεῖν,
3017 4643 3113 4694 καὶ
3143 4644 3259 4711 ἅμα
3293 4650 3373 4707 εἰς
3410 4644 3467 4697 ἓν
3499 4664 3630 4700 συν·

2050 4731 2156 4800 ἧψε
2199 4733 2294 4783 καὶ
2330 4734 2853 4804 συμπροσεκύνησεν
2881 4753 2893 4766 ο
2928 4735 3081 4787 οὔπω
3127 4737 3182 4788 δὲ
3226 4739 3365 4790 αύτᾶ
3424 4742 3629 4804 ἑνίσας,

2049 4825 2124 4887 ὼς
2155 4823 2330 4887 οὕτως
2378 4828 2578 4890 εἰπεῖν,
2623 4821 2779 4888 αὖθις
2806 4829 3025 4897 ὲτρίαξε
3068 4831 3281 4892 τούτοις
3334 4836 3447 4896 τοῖς
3481 4837 3631 4905 τρισὶ

2049 4915 2364 4987 προσώποις
2399 4921 2509 4979 τοῖς
2565 4919 3040 4988 ύπεραγιωτάτοις
3080 4923 3250 4992 μυρία
3295 4925 3396 4977 ὅσα
3434 4943 3633 4995 προσε-

2047 5012 2260 5076 νεγκεῖν
2287 5010 2458 5078 σεμνὰ
2485 5008 2624 5078 ἔχων
2653 5011 2882 5064 ἐπίθετα
2910 5014 2937 5062 ό
2962 5015 3224 5084 μελῳδὸς,
3250 5017 3410 5086 εἴπερ
3438 5019 3630 5071 ἐπλού-

2045 5120 2127 5154 τει
2159 5102 2431 5172 γραφικὴν
2461 5103 2638 5156 πλατὺ
2661 5103 2880 5172 ἔδαφος,
2913 5109 3061 5174 ὅμως
3092 5109 3180 5161 διὰ
3202 5109 3263 5160 τὸ
3294 5111 3630 5181 στενόλωρον

2045 5195 2297 5260 ἀρκεῖται
2348 5196 2446 5262 την
2498 5196 2793 5263 μοναόικὴν
2841 5199 3048 5267 ταύτην
3094 5201 3284 5253 οὐσίαν
3329 5201 3628 5271 ἀπρόσιτον

2043 5279 2213 5332 εἰπὼν
2245 5283 2336 5333 καί
2365 5283 2613 5352 ἄχρονον.

2117 5377 2218 5446 ρθ¹.
2253 5378 2324 5430 Τὸ
2372 5379 2494 5446 μὲν,
2528 5379 2611 5433 ὅτι
2643 5383 2735 5435 καὶ
2787 5381 3020 5452 ἀόρατος
3067 5388 3096 5438 ό
3128 5385 3262 5451 Θεός
3285 5403 3298 5418 ο
3333 5387 3469 5442 Θεὸν
3516 5389 3625 5460 γὰρ

2042 5471 2215 5533 οὐδεὶς
2246 5471 2461 5542 ἑώρακε
2508 5473 2729 5527 πώποτε
2756 5489 2772 5504 °
2812 5477 2952 5530 ἀλλὰ
3003 5481 3099 5532 καὶ
3140 5483 3368 5550 φρικτὸς
3400 5470 3499 5552 οὐχ
3527 5486 3626 5537 ὅσα

2040 5565 2135 5618 καὶ
2165 5563 2278 5634 πῦρ
2307 5568 2722 5636 καταναλίσκον,
2771 5569 2886 5622 ἀλλ’
2931 5574 3010 5634 εἰς
3060 5575 3397 5648 ὑπέρπλεον,
3432 5582 3528 5633 καὶ
3553 5577 3625 5635 δι’

2040 5655 2173 5706 αὐτὸ
2205 5658 2683 5727 ἁκατατὸλμητος.
2723 5661 2840 5714 Τίνι
2878 5662 2984 5732 γὰρ
3020 5665 3234 5732 γένοιτο
3257 5671 3536 5739 προσιτός,
3573 5673 3625 5727 εί

2042 5751 2119 5818 μὴ
2150 5750 2260 5820 ἄρα
2307 5751 2386 5821 τῷ
2420 5751 2538 5821 μετ’
2570 5755 2861 5819 εὐλαϐείας
2909 5761 3190 5826 προσιόντι
3233 5764 3382 5832 αύτῴ
3417 5766 3626 5833 ἐπιφωο

2038 5842 2258 5914 eratsq);
2295 5843 2626 5913 Προσέλθετε
2658 5845 2789 5917 γὰρ,
2827 5850 2982 5919 φησὶ,
3019 5855 3151 5922 πρὸς
3182 5857 3364 5921 αὑτὸν,
3389 5861 3479 5910 καὶ
3511 5875 3626 5925 φω-
