4050 6442
426 419 533 484 69F.

1208 428 1294 492 ΙΝ
1359 426 1703 491 HYMNUM
1765 429 2413 498 PENTECOSTALEM
2459 436 2919 505 DAMASCENI.

3591 446 3714 509 636‘

424 539 670 607 τίσθητε,
708 541 803 596 ἵνα
829 544 1074 612 δηλονότι
1106 549 1263 603 καλοὶ
1301 550 1535 619 γένησθε
1562 567 1577 582 ⁸
1611 551 1706 606 καὶ
1740 551 2014 609 ἀνακεκα-

2139 554 2528 626 lluminamini,
2565 544 2650 615 ut
2708 577 2906 630 nempe
2959 560 3089 616 boni
3140 560 3282 624 sitis,
3342 569 3397 617 et
3455 562 3693 618 revelata

423 631 688 705 λυμμένῳ
737 640 1018 710 προσώπῳ
1076 639 1367 711 βλέποντες
1421 643 1558 699 Θεὸν
1619 645 2006 713 ἀγγελοειδῶς.

430 726 599 796 μηδὲν
629 729 846 783 σκοτίου
895 734 1121 801 αἴσχους
1152 736 1531 804 προκάλυμμα
1580 739 1879 806 προσώπου
1914 738 2010 808 φέ-

430 838 635 892 ροντες.
664 824 754 878 Διὸ
787 825 883 880 καὶ
911 827 1106 896 ἐπάγει
1134 831 1164 883 ό
1202 829 1367 885 Δασὶδ
1402 831 1539 900 μετά
1569 832 1654 896 τὸ,
1675 833 2009 903 Φωτίσθητε,

427 914 510 978 rb,
541 916 653 969 Καὶ
677 918 746 970 τά
777 918 1045 987 πρόσωπα
1075 921 1230 988 ὑμῶν
1250 926 1316 977 οὐ
1347 924 1422 993 μὴ
1450 925 1842 996 καταισχυνθῇ.
1866 926 2014 980 Ἀλλ’

430 1005 584 1060 οῦπω
623 1010 723 1069 μὲν
771 1011 1064 1077 ἀπρόσιτος
1109 1014 1140 1083 ἡ
1201 1015 1329 1084 ἁγία
1393 1017 1584 1087 Τριὰς,
1631 1019 1660 1072 ὁ
1704 1012 1785 1080 εἷς
1838 1017 2011 1082 Θεός·

431 1099 661 1170 ἄχρονος
710 1104 789 1172 δὲ,
824 1104 906 1160 ὅτι
936 1107 1101 1172 αὐτὸς
1133 1108 1207 1179 μὴ
1254 1110 1335 1164 ὅτι
1388 1127 1450 1180 γε
1483 1112 1711 1181 χρόνους
1745 1110 1841 1166 καὶ
1892 1129 2016 1165 και-

435 1194 582 1260 ροὺς,
613 1194 749 1249 ἀλλὰ
803 1198 895 1250 καὶ
944 1202 1069 1263 τοὺς
1118 1203 1321 1268 αίῶνας
1356 1205 1604 1275 ἐποίησε.
1654 1207 1748 1260 Διὺ
1794 1205 1913 1260 οὐδέ
1945 1201 2014 1275 ἦν

434 1284 615 1357 χρόνῳ
644 1287 948 1360 ὑπέχεσθαι
972 1292 1065 1348 τὸν
1085 1295 1285 1360 παντὸς
1306 1297 1501 1369 χρόνου
1533 1297 1770 1368 ποιητὴν
1796 1297 1892 1351 καὶ
1917 1298 2013 1352 κῦ-

435 1394 570 1442 ριον.
609 1380 682 1431 Τὸ
714 1383 794 1450 δὲ,
827 1383 1075 1452 κάμπτει
1109 1387 1262 1455 γόνυ,
1294 1389 1322 1443 ὃ
1357 1390 1473 1443 ἐστι
1503 1391 1806 1460 προσκυνεῖ
1832 1389 1890 1443 ἐν
1940 1388 2018 1460 τῷ

434 1475 774 1539 γονυπετεῖν,
822 1477 992 1544 ἤγουν
1041 1478 1135 1533 ἐπὶ
1167 1480 1297 1548 γόνυ
1354 1483 1575 1537 πίπτειν
1616 1483 1714 1537 καὶ
1763 1482 2019 1552 γονυκλι-

433 1568 570 1631 τεῒν,
602 1567 874 1637 μετῆκται
910 1573 1018 1626 ἀπὸ
1061 1575 1302 1629 τετανῶν
1332 1577 1625 1643 σωμάτων,
1656 1577 1693 1632 ἃ
1730 1576 2020 1631 ταπεινού-

439 1675 579 1725 {seua
610 1663 958 1728 κάμπτονται
980 1681 996 1699 ⁶
1024 1667 1211 1722 όποῖόν
1238 1687 1295 1724 τι
1329 1670 1424 1725 καὶ
1467 1669 1690 1724 τεταναὶ
1717 1670 2019 1738 λεγόμεναι

436 1750 658 1819 τρίχεςο
693 1751 810 1806 ἐστι
844 1754 901 1808 δέ
952 1756 986 1826 ἦ
1039 1757 1293 1821 ἐπίτασις
1342 1757 1568 1813 τετανοῦ
1613 1758 1674 1812 τὸ
1720 1758 1909 1821 ἀτενὲς
1943 1760 2020 1822 ὡς

436 1841 558 1896 λίαν
589 1845 886 1915 τεταμένον
916 1848 996 1906 είς
1030 1847 1237 1920 ὄρθιον,
1263 1849 1297 1922 ἢ
1333 1851 1592 1923 στέρησις
1617 1850 1694 1912 ὡς
1721 1849 1797 1921 μὴ
1829 1850 2022 1919 δεόμε-

2112 645 2253 703 facie
2312 647 2482 705 Deum
2538 652 2780 723 angelice
2831 660 3066 712 tuentes.
3116 651 3365 723 nihilque
3413 652 3693 722 opprobrii

2113 740 2388 797 tenebrosi
2463 742 2712 800 velamen
2764 745 2923 801 faciei
2993 744 3258 800 ferentes.
3304 743 3496 816 Itaque
3523 753 3694 815 post:

2111 832 2530 896 llluminamini,
2585 835 2754 891 David
2803 836 2991 905 adjicit
3019 853 3033 890 :
3067 845 3122 892 et
3165 835 3333 892 l‘acies
3356 847 3554 893 vestrm
3587 851 3696 891 non

2114 924 2545 982 confundantur.
2602 926 2720 983 Non
2793 928 2970 986 solum
3027 937 3209 985 autem
3270 928 3550 984 inadibilis
3608 936 3695 984 est

2114 1027 2304 1073 sancta
2356 1017 2622 1088 Trinitas,
2667 1036 2812 1079 unus
2852 1021 2997 1077 Deus
3051 1028 3183 1079 :est
3220 1020 3384 1077 etiam
3442 1029 3696 1082 aeternus,

2114 1110 2262 1179 quod
2293 1112 2411 1181 ipse
2451 1125 2559 1167 non
2610 1120 2820 1168 tantum
2878 1120 3096 1181 tempus
3140 1122 3196 1169 et
3243 1110 3466 1177 saecula,
3508 1110 3602 1166 sed
3635 1119 3694 1164 et

2115 1200 2457 1257 aeternitates
2487 1200 2634 1257 fecit.
2673 1201 2805 1258 Ideo
2840 1202 3069 1273 tempori
3101 1218 3207 1260 non
3235 1211 3354 1259 erat
3387 1201 3692 1269 subjicien-
3768 1268 3777 1277 _

2117 1294 2240 1357 dus,
2272 1293 2360 1364 qui
2393 1292 2690 1365 cujuslibet
2706 1297 2970 1365 temporis
2997 1306 3082 1352 est
3111 1302 3304 1352 auctor
3329 1306 3382 1351 et
3407 1294 3694 1350 Dominus.

2118 1385 2237 1441 Hoc
2292 1394 2475 1442 autem
2510 1403 2527 1443 :
2559 1386 2808 1456 κάμπτει
2862 1387 3017 1458 γόνυ,
3055 1387 3205 1459 quod
3259 1396 3345 1443 est
3390 1388 3584 1442 adorat
3640 1384 3716 1440 in‘

2116 1478 2195 1549 τῷ
2238 1482 2581 1548 γονυπετεῖν,
2621 1483 2737 1537 sive
2785 1482 2839 1538 in
2900 1483 3298 1553 prosternendo
3345 1496 3407 1539 se
3451 1492 3503 1539 et
3554 1497 3717 1550 genu

2120 1568 2409 1638 ﬂectendo,
2456 1573 2781 1629 translatum
2822 1585 2908 1630 est
2958 1573 3028 1629 ab
3062 1575 3300 1630 extentis
3350 1573 3702 1644 corporibus,

2118 1678 2241 1734 quae
2289 1663 2527 1721 demissa
2604 1663 2938 1736 ﬂectuntur,
2986 1666 3223 1736 qualiter
3279 1669 3448 1721 etiam
3500 1667 3706 1723 extenti

2120 1756 2251 1813 dicti
2279 1757 2485 1813 crines.
2524 1756 2621 1813 Est
2666 1767 2847 1814 autem
2884 1757 3150 1815 tensionis
3174 1772 3462 1824 excessus,
3495 1756 3711 1812 inﬂexi-

2122 1848 2248 1908 bile.
2278 1857 2337 1903 ιιι
2363 1848 2529 1906 nimis
2559 1857 2774 1906 tensum
2807 1850 2864 1905 in
2894 1859 3130 1916 rectum,
3161 1848 3243 1905 vel
3273 1849 3530 1921 privatio,
3562 1849 3726 1905 εῑίτιιιι

438 1951 530 1984 νον
579 1909 788 2000 τάσεως
844 1909 1108 2004 πλείονος,
1342 1909 1615 2006 ἀπολέσας
1669 1909 2015 2011 κέκαμπται.

2133 1957 2231 1998 non
2277 1957 2445 2013 egens
2504 1944 2713 2010 majore
2758 1945 3042 2011 tensione;
3092 1959 3256 2015 quam
3321 1944 3425 2016 qui.
3470 1943 3724 2016 perdidit.

440 2024 682 2079 Τοιαῦτα
708 2027 764 2081 δέ
802 2028 871 2083 τὰ
908 2029 984 2099 μὴ
1034 2031 1194 2099 ὄρθια
1226 2032 1405 2088 πάντα
1460 2032 1714 2101 σώματα,
1747 2034 1806 2085 ἐν
1853 2027 1934 2092 οἷς
1967 2033 2021 2087 αἱ

438 2116 593 2169 οὖλαι
650 2120 861 2190 τρίχες,
909 2120 1008 2175 καὶ
1047 2122 1115 2176 τὰ
1160 2123 1425 2195 γναμπτά
1474 2125 1753 2195 ἄγκιστρα
1809 2126 1904 2179 καὶ
1953 2125 2024 2178 τά

440 2208 871 2277 ἀγκιστροειδῶς
917 2213 1291 2284 περιηγμένα,
1327 2214 1429 2285 οὐχ
1474 2214 1681 2286 ἥκιστα
1727 2213 1783 2268 δὲ
1831 2213 1924 2269 καὶ
1954 2216 2025 2268 τὰ

441 2299 636 2370 κυρτὰ,
687 2295 763 2357 ὧν
793 2306 1128 2376 παρωνυμία
1153 2304 1204 2359 οἱ
1248 2306 1548 2362 ἀλιευτικοὶ
1597 2306 1811 2378 κύρτοι.
1852 2305 2024 2359 ’Υπο-

440 2395 612 2460 ταγῆς
642 2395 699 2449 δὲ
750 2395 1020 2464 σύμϐολον
1061 2395 1242 2464 ἀκρας
1273 2396 1336 2451 τὸ
1389 2396 1665 2466 κάμπτειν
1716 2394 1888 2463 γόνυ·
1942 2391 2025 2447 διδ

440 2488 536 2542 κτλ
567 2490 680 2551 τοῖς
728 2490 1011 2556 κραταιοῖ;
1047 2489 1361 2561 βασιλεῦσιν
1406 2488 1496 2544 ὅτε
1546 2506 1649 2543 που
1682 2487 1835 2552 ἔθνος
1893 2486 2025 2540 ὑπο-

443 2581 613 2650 ταγῇ,
643 2578 922 2648 κάμπτειν
954 2579 1105 2649 αὐτῷ
1134 2581 1265 2648 γόνυ
1293 2580 1518 2649 λέγεται
1544 2597 1561 2612 ⁸
1592 2580 1654 2636 τδ
1697 2579 1756 2635 δὲ
1790 2579 2023 2651 μελῳδι-

445 2670 561 2731 κῶς
589 2671 653 2725 τὰ
681 2669 879 2725 πάντα
920 2672 1113 2731 εἰπεῖν,
1145 2671 1176 2742 ἢ
1222 2673 1284 2726 τὺ
1317 2672 1443 2730 πᾶν
1496 2673 1893 2741 ἀποστολικῶς,
1924 2674 2023 2745 τῆς

447 2760 620 2831 αὐτῆς
654 2762 865 2827 ἐννοίας
907 2764 1014 2818 eici.
1052 2763 1149 2819 ἐπὶ
1190 2766 1304 2829 τοῖς
1358 2768 1544 2835 σοφοῖς
1572 2782 1589 2799 ο
1641 2766 1884 2839 κοσμικὴ
1915 2763 2027 2839 γὰρ

444 2851 633 2925 ὁλότης
663 2852 732 2908 δι’
757 2855 1039 2926 ἑκατέρων
1071 2856 1425 2926 σημαίνεται.

520 2944 611 3017 ρι’.
644 2947 1004 3016 Παράκλητον
1030 2948 1086 3002 δέ
1110 2950 1202 3003 τὸν
1236 2950 1364 3004 Υίδν
1392 2950 1531 3019 πρὸς
1567 2952 1659 3006 τὸν
1688 2951 1913 3023 Πατέρα
1935 2953 2025 3008 λέ-

444 3057 640 3107 γομεν,
676 3039 822 3094 καθά
856 3040 1040 3095 καὶτὸ
1086 3042 1342 3110 Πνεῦμω
1379 3044 1479 3098 οὐκ
1528 3045 1595 3098 ἂν
1626 3045 1748 3099 οὐδὲ
1776 3044 1872 3100 τοῦ
1908 3048 2023 3101 Πα-

444 3131 574 3202 τρδς
621 3131 983 3198 ἀπαξιοῦντος
1012 3132 1072 3186 τὺ
1119 3135 1356 3204 πρᾶγμα
1401 3135 1432 3205 ἢ
1468 3134 1643 3200 ἄλλως
1693 3137 2026 3207 ἀποστερου-

2125 2032 2467 2091 incurvatur.
2500 2034 2656 2092 Talia
2683 2044 2814 2092 sunt
2840 2042 3026 2092 autem
3055 2036 3242 2092 omnia
3266 2050 3375 2092 non
3407 2044 3558 2092 recta
3582 2048 3723 2090 cor-.

2123 2139 2281 2194 pora,
2318 2126 2373 2181 in
2406 2125 2607 2196 quibus
2642 2126 2811 2197 crispi
2839 2135 2971 2184 sunt
2999 2127 3204 2192 crines,
3236 2136 3291 2183 et
3323 2127 3474 2181 curvi
3525 2126 3701 2190 hami,

2125 2224 2179 2270 et
2210 2216 2263 2270 in
2290 2215 2437 2272 hami
2474 2215 2649 2274 forma
2696 2226 2852 2275 tortae
2901 2233 3017 2284 res,
3043 2218 3140 2275 sed
3171 2226 3228 2274 et
3256 2218 3494 2273 maxime
3526 2232 3710 2273 curva:

2127 2307 2350 2378 (κυρτὰ)
2410 2324 2642 2379 quorum
2709 2317 2794 2366 est
2823 2308 3091 2365 derivatio
3146 2308 3446 2379 piscatoria
3511 2323 3699 2365 nassa.

2128 2399 2372 2456 Summae
2406 2417 2537 2458 vero
2583 2401 2948 2472 subiectionis
2983 2401 3297 2474 symbolum
3346 2408 3431 2457 est
3473 2414 3710 2461 curvare

2127 2507 2270 2560 genu
2301 2510 2316 2549 :
2353 2492 2588 2564 ideoque
2619 2510 2745 2549 cum
2782 2494 3099 2565 potentibus
3137 2493 3359 2564 regibus
3406 2505 3541 2563 gens
3572 2478 3735 2549 sub;

2125 2585 2334 2656 jicitur,
2398 2586 2499 2654 ipsi
2552 2600 2789 2641 curvare
2850 2601 2994 2656 genu
3056 2585 3283 2642 dicitur.
3332 2583 3527 2640 Dicere
3585 2600 3713 2639 vero

2128 2691 2254 2731 cum
2302 2685 2461 2746 poeta
2518 2677 2724 2744 omnia,
2784 2676 2872 2733 vel
2906 2690 3033 2732 cum
3071 2675 3322 2747 apostolo
3380 2692 3554 2738 omne,
3610 2691 3729 2746 pro.

2129 2767 2471 2836 sapientibus
2521 2768 2771 2839 ejusdem
2821 2778 2907 2825 est
2953 2769 3285 2827 sententiae:
3338 2767 3407 2825 ab
3463 2778 3707 2838 utroque

2130 2861 2274 2915 enim
2318 2861 2651 2917 universitas
2680 2862 2870 2918 mundi
2898 2861 3259 2933 signiﬁcatur.

2210 2954 2335 3010 110.
2409 2955 2752 3011 Paraclctum
2799 2963 2981 3010 autem
3029 2954 3172 3025 apud
3242 2952 3455 3010 Patrem
3512 2951 3725 3009 Filium.

2132 3045 2390 3110 dicimus,
2430 3046 2574 3102 sicut
2602 3054 2658 3101 et
2693 3045 2999 3117 Spiritum;
3048 3060 3174 3102 cum
3202 3060 3260 3101 re
3301 3061 3413 3101 non
3453 3044 3715 3116 indignus

2133 3145 2279 3192 esset
2313 3136 2430 3207 ipse
2459 3137 2641 3204 Pater,
2675 3151 2778 3193 nec
2807 3135 3033 3192 aliunde
3080 3135 3337 3192 frustrari
3372 3144 3554 3206 potest
3608 3135 3715 3189 hu-

450 3223 613 3289 μένου
637 3223 732 3276 τοῦ
790 3223 1075 3279 καλεῖσθαι
1106 3224 1247 3279 οὕτω
1273 3243 1287 3258 ·
1323 3228 1384 3279 οὐ
1438 3227 1600 3296 μόνον
1647 3229 1729 3283 ὅτι
1767 3247 2022 3299 παρακα-

2133 3226 2368 3300 iusmodi
2403 3227 2645 3284 nomine.
2685 3227 2808 3300 Ipse
2834 3227 3040 3299 quippe
3066 3226 3131 3282 ad
3167 3241 3255 3283 res
3280 3237 3502 3284 nostras
3552 3226 3716 3282 adva-

445 3316 621 3368 λείται
656 3317 753 3371 καὶ
784 3316 950 3380 αὐτὸς
976 3317 1082 3371 ὑπὸ
1110 3320 1209 3389 τῆς
1239 3318 1450 3384 οἰκείας
1495 3319 1906 3392 φιλανθρωπίας
1943 3322 2024 3386 εἰς

445 3409 516 3461 τὰ
551 3408 691 3479 ὑπὲρ
718 3409 900 3479 ἡμῶν,
937 3409 1017 3465 ἔτι
1046 3413 1102 3465 δέ
1127 3413 1219 3466 καὶ
1253 3413 1341 3483 ὑφ’
1370 3414 1531 3484 ἡμῶν
1562 3415 2026 3486 προκαλουμένων

448 3503 548 3570 τὴν
576 3502 787 3556 ἐκεῖθεν
821 3503 1101 3574 βοήθειαν,
1135 3506 1271 3561 ἀλλά
1303 3506 1397 3560 καὶ
1422 3508 1505 3561 ὅτι
1537 3509 1856 3579 παρακαλεῖ
1877 3511 2029 3581 ἡμᾶς

446 3598 523 3659 ὡς
556 3596 605 3649 εί
656 3598 751 3651 καὶ
796 3597 1030 3668 κατέψα,
1081 3600 1175 3653 καὶ
1224 3600 1528 3666 ποππύζων
1579 3602 1898 3670 ἐκολάκευε,
1932 3606 2031 3660 καὶ

450 3688 633 3743 πάντα
668 3688 872 3759 τρόπον
921 3690 1160 3760 ἐπήγετο
1189 3691 1271 3754 εἰς
1314 3692 1374 3745 τὺ
1402 3693 1497 3746 καὶ
1527 3694 1677 3757 υἱοὺς
1708 3694 1802 3748 καὶ
1832 3694 2030 3766 κληρο-

448 3783 648 3853 νόμους
678 3782 1004 3836 ἀποτελέσαι
1031 3781 1226 3838 αὒτοῦ.
1255 3783 1318 3837 Εἰ
1346 3783 1456 3854 γὰρ
1486 3783 1560 3856 μὴ
1583 3787 1611 3839 ὁ
1638 3786 1831 3857 Πατὴρ
1858 3788 2031 3842 ἐθέλει

452 3874 549 3929 καὶ
578 3875 805 3930 δύναται
845 3875 1190 3947 παρακαλεῖν
1218 3877 1369 3947 ἡμᾶς
1400 3877 1482 3940 είς
1508 3878 1574 3932 τά
1606 3880 1862 3950 κρείττω,
1889 3882 2033 3952 τάχα

452 3967 519 4023 ἂν
552 3967 671 4021 οὒδέ
699 3967 729 4021 ό
775 3968 925 4035 Υἱὸς,
956 3968 1078 4022 οὐδὲ
1105 3969 1165 4022 τὸ
1197 3969 1422 4037 Πνεῦμα
1468 3970 1651 4035 ἐξουσι
1701 3973 1759 4029 τὸ
1787 3972 2034 4029 τοιοῦτον

456 4063 724 4132 σέμνωμα
745 4074 762 4093 ·
793 4061 892 4115 καὶ
935 4060 1113 4125 ἄλλως
1142 4061 1199 4117 δὲ
1244 4062 1343 4117 τοῦ
1395 4064 1555 4130 ἁγίου
1587 4065 1905 4134 Πνεύματος
1935 4068 2034 4123 σὺν

454 4156 533 4222 τῷ
569 4153 746 4224 Πατρὶ
770 4153 866 4207 καὶ
895 4153 976 4223 τῷ
1023 4152 1138 4224 Υἱῷ
1187 4157 1813 4226 συμπροσκυνουμένου,
1859 4160 1949 4212 ναὶ
1976 4159 2035 4214 δέ

456 4246 554 4301 καὶ
601 4244 1062 4317 συνδοξαζομένου
1117 4246 1204 4313 ἐφ’
1260 4240 1342 4311 οἷς
1393 4252 1778 4320 τερατουργεῖ,
1832 4252 2034 4307 ἄτοπόν

457 4340 608 4394 ἐστιν
632 4339 960 4408 ἀποστερεῖν
990 4337 1158 4392 αὑτοῦ
1183 4337 1284 4409 τὴν
1314 4339 1348 4408 ἡ
1357 4339 1476 4408 μῶν
1502 4340 1867 4411 παράκλησιν.

531 4430 658 4503 ρια’.
687 4430 810 4502 Χρὴ
860 4431 968 4499 γὰρ
1019 4429 1218 4483 εἰδέναι
1246 4430 1323 4493 ὡς
1357 4430 1465 4501 πρὸ
1511 4432 1732 4488 πάντων
1769 4432 1878 4488 τῶν
1913 4434 2037 4488 κατ’

457 4522 781 4594 ἀνθρώπους
812 4522 1161 4594 θεομιμήτως
1193 4522 1290 4575 καὶ
1315 4521 1716 4587 διδασκαλικῶς
1743 4526 1905 4578 οἱονεὶ
1932 4543 2039 4580 πα-

2128 3331 2306 3386 catur,
2352 3333 2461 3376 non
2503 3318 2678 3376 solum
2724 3334 2755 3375 a
2795 3333 2893 3375 sua
2927 3318 3268 3390 benignitate
3317 3326 3539 3389 propter
3587 3334 3711 3384 nos,

2128 3413 2223 3469 sed
2254 3412 2420 3469 etiam
2448 3426 2478 3466 a
2513 3412 2675 3468 nobis
2698 3411 2877 3484 ipsius
2903 3411 3170 3468 auxilium
3207 3411 3273 3466 ad
3303 3426 3403 3467 nos
3444 3412 3714 3467 aduocau—

2130 3506 2294 3561 tibus.
2325 3505 2555 3576 Insuper
2583 3505 2812 3562 advocat
2853 3518 2990 3571 nos,
3033 3502 3195 3574 quasi
3241 3518 3345 3559 nos
3377 3512 3714 3570 attrectaret,

2130 3596 2514 3669 sibilandoque
2585 3596 2807 3666 leniret,
2834 3605 2890 3654 et
2922 3596 3074 3653 omni
3109 3594 3273 3651 modo
3307 3611 3410 3651 nos
3438 3594 3628 3660 allicit,
3655 3603 3718 3650 ut

2133 3690 2274 3746 ﬁlios
2301 3698 2356 3746 et
2400 3688 2645 3746 haeredes
2697 3702 2827 3746 suos
2878 3705 2982 3746 nos
3015 3687 3235 3745 efﬁciat.
3271 3689 3390 3745 Imo
3418 3687 3522 3743 nisi
3552 3686 3714 3741 Pater

2131 3784 2263 3841 velit
2309 3791 2365 3839 et
2407 3783 2588 3854 possit
2639 3799 2742 3841 nos
2791 3783 2859 3839 ad
2910 3783 3133 3839 meliora
3176 3796 3395 3850 vocare,
3449 3779 3716 3836 continuo

2133 3892 2315 3948 neque
2361 3874 2536 3933 Filius
2568 3891 2747 3948 neque
2796 3875 3036 3947 Spiritus
3080 3875 3189 3932 hoc
3236 3874 3408 3931 decus
3466 3872 3714 3927 haberet.

2136 3970 2376 4025 Aliunde
2418 3984 2552 4027 vero
2598 3969 2692 4027 ubi
2744 3977 2970 4027 sanctus
3027 3968 3269 4039 Spiritus
3310 3981 3435 4022 cum
3465 3964 3626 4020 Patre
3663 3973 3720 4018 et

2137 4060 2278 4117 Filio
2328 4062 2489 4117 simul
2536 4065 2798 4118 adoratur
2825 4064 2897 4116 ‘et
2940 4059 3381 4137 conglorilicatur
3413 4071 3512 4129 pro
3554 4056 3722 4111 utin-a—

2135 4153 2279 4209 culis
2305 4170 2429 4223 quae
2479 4163 2679 4224 patrat,
2720 4153 3019 4209 absurdum
3070 4160 3222 4209 esset
3265 4147 3567 4210 advocandi
3615 4161 3737 4209 nos.

2137 4244 2290 4300 illum
2320 4246 2529 4302 honore
2556 4245 2791 4317 privare.

2213 4426 2337 4482 111.
2383 4424 2538 4481 Scire
2568 4424 2712 4480 enim
2747 4432 2964 4494 oportet
3000 4422 3168 4496 quod,
3200 4435 3313 4494 prae
3338 4418 3600 4477 omnibus
3625 4418 3734 4488 qui

2140 4518 2287 4574 inter
2320 4517 2573 4574 homines
2597 4516 2664 4572 ad
2698 4515 2791 4572 Dei
2825 4518 3328 4588 magistrorumque
3378 4512 3555 4568 instar
3586 4518 3719 4568 sunt

461 4618 771 4690 ρακλήτων,
799 4618 826 4670 ό
876 4615 1083 4686 κυρίως
1120 4611 1479 4684 Παράκλητος
1507 4614 1700 4685 Πατὴρ
1737 4615 1836 4669 καὶ
1864 4616 2030 4685 Λόγος

2143 4611 2308 4681 quasi
2369 4607 2664 4676 paracleti,
2708 4607 2800 4663 ille
2848 4609 2941 4678 qui
3006 4607 3225 4678 proprie
3267 4603 3584 4660 Paracletus
3634 4610 3721 4657 est

461 4715 553 4764 καὶ
584 4710 809 4778 Πνεῦμα
841 4707 933 4761 ἐπὶ
964 4708 1090 4770 τοὺς
1123 4705 1582 4777 μακαριωτάτους
1604 4700 1739 4779 ἦλθε
1768 4706 2039 4779 μαθητὰς,

463 4804 559 4855 καὶ
598 4799 715 4869 μετ’
740 4798 986 4861 ἐκείνους
1020 4796 1116 4850 ἐπὶ
1146 4797 1274 4861 τοὺς
1303 4793 1374 4849 δι’
1405 4795 1632 4850 ἐκείνων
1662 4796 2046 4864 ἐπεγνωκότας

463 4891 551 4942 τὸν
580 4889 709 4940 Θεὸν
742 4902 756 4916 ·
784 4886 843 4950 ὃς
875 4886 936 4940 οὐ
969 4886 1131 4957 μόνον
1165 4883 1476 4941 λαλούντων
1503 4884 1611 4938 τῶν
1656 4884 1825 4939 αὐτοῦ
1859 4886 2046 4956 δεομέ⁹

464 5000 591 5044 νων,
628 4979 762 5032 ἀλλᾶ
794 4978 889 5032 καὶ
947 4979 1114 5049 μήπω
1146 4977 1283 5047 μηδὲ
1331 4978 1705 5051 λαλησάντων,
1736 4978 2006 5049 πάρεστιν
2029 4995 2044 5011 ⁸

461 5071 491 5123 ὃ
523 5073 585 5141 δὴ
630 5069 973 5140 παρακαλεῖν
1023 5069 1473 5139 ὁμολογουμένως
1526 5069 1667 5124 ἐστί.
1728 5068 2050 5142 Παρακαλεῖ

465 5161 544 5226 δὲ,
596 5160 876 5212 τουτέστιν
927 5159 1095 5228 ἐγγὺς
1147 5158 1311 5214 αὐτοῦ
1355 5159 1533 5225 καλεῖ,
1579 5159 1718 5230 πρὸς
1773 5159 2050 5231 σωτηρίαν

468 5256 595 5314 τοὺς
652 5254 738 5306 τὸν
791 5250 1051 5322 λογισμὸν
1081 5251 1305 5322 ἔχοντας
1349 5251 1485 5319 πρὸς
1537 5251 1691 5321 αὐτῷ
1737 5251 2047 5322 μυριαχῶς,

467 5340 580 5399 οἷον
597 5345 684 5399 διὰ
696 5343 808 5397 τῶν
835 5345 1154 5415 κτισμάτων
1173 5344 1460 5410 καλλονῆς,
1487 5342 1522 5398 ἃ
1545 5343 1615 5398 δι’
1634 5345 1784 5415 ἡμᾶς
1800 5345 2047 5415 ἐποίησε,

469 5441 565 5494 καὶ
584 5440 684 5510 τῆς
706 5438 921 5495 ἐκεῖθεν
949 5438 1304 5508 παντοδαπῆς
1328 5436 1575 5508 ἀμόχθου
1598 5438 1736 5509 ἡμῖν
1758 5435 2049 5506 ὠφελείας,

468 5535 559 5587 καὶ
600 5533 691 5586 διὰ
743 5533 837 5585 τοῦ
877 5530 1058 5600 ἀγ.θά
1117 5530 1217 5600 μὲν
1268 5533 1381 5594 τοῖς
1424 5531 1649 5599 ἀγαθοῖς
1706 5532 2050 5601 ἐπιμετρεῖν,

468 5628 579 5688 τοῖς
611 5624 669 5677 δὲ
713 5618 907 5688 κακοῖς
964 5620 1141 5685 ἄλλως
1188 5620 1639 5692 προσφέρεσθαι·
1692 5621 1787 5674 καὶ
1836 5620 1926 5675 διὰ
1954 5618 2050 5675 τοῦ

472 5714 1036 5786 ἐπιφιλοτιμήσασθαι
1066 5714 1195 5767 νοῦν
1242 5715 1338 5767 καὶ
1380 5714 1621 5768 διάνοιαν
1668 5713 2054 5782 ἐπιγνώμονας

471 5805 682 5874 ἀγαθοῦ
718 5824 777 5860 τε
813 5808 903 5865 καὶ
933 5803 1111 5861 κακοῦ
1138 5821 1152 5834 ο
1187 5807 1262 5869 ὼς
1286 5803 1348 5858 τὸ
1381 5805 1482 5876 μὲν
1508 5803 1787 5873 ἐγκρίνειν
1813 5805 1910 5859 καὶ
1933 5807 2054 5859 ὲπι-

472 5900 747 5971 λέγεσθαι,
782 5902 844 5954 τὸ
864 5898 921 5954 δὲ
954 5897 1277 5971 ἀποκρίνειν
1299 5898 1396 5951 καὶ
1424 5896 1647 5963 ἐξωθεῖν
1671 5890 1762 5952 οἶα
1787 5894 1883 5951 τοῦ
1914 5896 2056 5952 κατὰ

2145 4699 2329 4767 Pater,
2388 4698 2630 4755 Verbum
2670 4708 2727 4753 et
2781 4696 3024 4769 Spiritus
3082 4696 3150 4754 ad
3179 4696 3532 4753 beatissimos
3579 4694 3725 4748 venit

2146 4789 2469 4864 discipulos,
2502 4800 2555 4845 et
2585 4798 2710 4862 post
2735 4790 2859 4847 illos
2887 4790 2954 4846 ad
2985 4803 3083 4845 eos
3111 4788 3207 4861 qui
3241 4803 3337 4858 per
3369 4787 3520 4858 ipsos
3553 4784 3724 4841 Deum

2146 4892 2558 4957 cognoverunt;
2591 4893 2754 4953 atque
2779 4897 2889 4937 non
2937 4881 3114 4937 solum
3166 4880 3545 4952 loquentibus,
3606 4877 3729 4947 ipso

2147 4976 2459 5050 egentibus,
2496 4975 2590 5032 sed
2637 4976 2804 5032 etiam
2853 4975 3099 5031 nondum
3135 4973 3358 5039 locutis,
3399 4972 3591 5035 adest;
3623 4971 3731 5027 hoc

2147 5080 2233 5127 est
2280 5075 2487 5135 autem,
2518 5068 2600 5124 uti
2638 5076 2877 5133 constat,
2917 5066 3264 5139 παρακαλεῖν
3301 5083 3317 5122 :
3360 5064 3592 5122 advocat
3622 5078 3728 5120 au-

2152 5171 2286 5229 tem,
2334 5161 2387 5218 id
2425 5170 2533 5226 est,
2588 5159 2656 5216 ad
2709 5176 2770 5217 se
2829 5159 3056 5230 pr0pius
3090 5166 3249 5215 vocat
3275 5158 3344 5215 ad
3368 5159 3603 5215 salutem
3632 5171 3729 5214 eos

2151 5253 2245 5326 qui
2280 5266 2467 5310 secum
2499 5260 2730 5307 utuntur
2761 5251 2975 5306 ratione
3018 5249 3212 5305 multis
3258 5248 3457 5315 modis,
3491 5247 3730 5320 qualiter

2149 5360 2248 5417 per
2271 5353 2649 5400 creaturarum
2683 5341 3175 5413 pulchritudinem,
3205 5356 3345 5411 quas
3375 5348 3599 5412 propter
3627 5352 3730 5395 nos

2153 5435 2306 5504 fecit,
2337 5445 2392 5492 et
2420 5434 2817 5491 multiformem
2865 5433 3065 5491 exinde
3121 5434 3280 5490 nobis
3305 5433 3515 5503 absque
3544 5432 3733 5487 labore

2154 5527 2464 5595 utilitatem,
2521 5538 2580 5583 et
2637 5541 2739 5598 per
2793 5526 3091 5583 bonitatem
3148 5526 3451 5597 qua-bona
3507 5522 3731 5595 quidem

2154 5619 2372 5675 abunde
2401 5619 2632 5691 largitur
2661 5618 2842 5685 bonis,
2870 5618 3030 5674 malis
3058 5628 3242 5675 autem
3270 5617 3405 5673 alias
3427 5614 3730 5677 succurrit,

2155 5727 2371 5768 necnon
2424 5726 2524 5783 per
2577 5710 2927 5768 dilectionem
2964 5725 3072 5782 qua
3108 5708 3462 5781 prosequitur
3496 5716 3737 5761 mentem

2154 5812 2211 5860 et
2235 5819 2332 5859 cor
2368 5799 2490 5875 quae
2528 5803 2731 5859 bonum
2757 5812 2812 5860 et
2845 5803 3050 5858 malum
3081 5802 3435 5868 discernunt;
3476 5809 3537 5854 ut
3561 5812 3732 5854 unum

2159 5895 2377 5969 quidem
2435 5894 2730 5952 admitant
2779 5903 2835 5951 et
2882 5893 3105 5964 eligant,
3156 5892 3385 5948 alterum
3434 5899 3617 5946 autem
3649 5904 3734 5944 re-
