4050 6406
319 427 427 492 ΒΞῚ

1039 432 1462 495 EUSTATHII
1501 432 1793 492 THESSA
1810 432 2279 496 LONICENSIS
2321 429 2884 495 METROPOLIT/E

3490 421 3598 488 £28

315 549 552 618 probent
603 559 658 605 et
707 552 952 621 ejiciant,
1016 562 1275 621 tanquam
1341 553 1565 605 homine
1603 555 1903 606 secundum

2011 555 2143 608 Θεὸν
2177 555 2466 626 ἀνθρώπου
2503 552 2746 618 ἀνάξιον.
2785 552 2846 605 El
2875 550 2931 604 δέ
2963 550 3058 602 καὶ
3091 546 3294 602 θλίϐων
3326 547 3472 617 ἡμᾶς
3507 548 3600 600 καὶ

317 640 487 697 Deum
515 644 720 714 aliquid
751 645 1058 713 indignum.
1079 645 1234 711 Quod
1267 647 1308 697 si
1345 661 1444 699 nos
1470 645 1737 711 afﬂigens,
1758 657 1810 699 et
1844 645 1896 698 in

317 738 644 792 memoriam
663 739 963 803 snhjiciens
990 755 1089 794 nos
1109 739 1280 807 ipsius
1298 753 1418 794 esse
1444 753 1654 801 servos,
1676 739 1740 791 ad
1765 739 1901 792 bene

315 829 584 896 agendum
609 846 711 886 nos
737 831 972 897 inducit,
999 834 1226 886 omnino
1263 833 1340 885 sic
1363 833 1528 886 etiam
1553 832 1618 887 ad
1643 832 1902 886 salutaria

317 937 418 974 nos
469 924 719 988 advocat,
747 932 1006 995 tanquam
1049 926 1456 991 mortiﬁcando,
1482 937 1534 982 et
1555 926 1902 991 viviﬁcamlo,

314 1029 606 1083 pauperem
672 1014 926 1073 faciendo
993 1017 1334 1090 divitemque
1404 1019 1718 1082 reddendo,
1795 1019 1904 1074 hu-

318 1106 582 1162 Iniliando
611 1117 666 1165 et
684 1109 972 1176 elevando,
997 1113 1322 1182 caeterisque
1349 1113 1672 1181 huiusmodi
1702 1112 1900 1168 modis.

389 1197 513 1254 “2.
547 1200 702 1266 Quod
749 1212 929 1258 autem
962 1219 1027 1259 ex
1059 1206 1319 1262 omnibus
1351 1206 1403 1260 in
1439 1215 1692 1276 promptu
1725 1205 1904 1260 maxi-

319 1303 406 1342 me
433 1298 514 1344 est
545 1307 609 1347 ac
659 1293 1003 1361 facillimum,
1039 1306 1113 1362 et,
1175 1297 1252 1352 uti
1312 1297 1438 1368 quis
1474 1309 1619 1354 recte
1673 1295 1900 1360 diceret,

319 1382 494 1451 magis
525 1381 746 1439 obvium
803 1400 869 1441 ac
905 1387 1190 1457 populare,
1227 1403 1463 1456 vereque
1495 1389 1710 1442 cunctis
1734 1402 1902 1442 com—-

317 1488 505 1541 mune,
560 1475 793 1533 advocat
822 1479 988 1533 etiam
1024 1495 1122 1550 per
1153 1494 1286 1535 suos
1315 1480 1619 1550 discipulos
1651 1489 1705 1538 et
1737 1483 1900 1536 docu.

319 1578 501 1622 menta
532 1568 953 1641 quibuscunque
1004 1573 1343 1642 temporibus
1389 1585 1731 1642 opportuna;
1767 1587 1901 1642 quo-

319 1675 440 1714 rum
498 1661 603 1716 alia
686 1662 907 1731 quidem
968 1664 1498 1721 circumscribuntur
1547 1667 1902 1723 sanctissimo

319 1753 578 1810 conclusa
635 1755 953 1828 Evangelia,
1017 1760 1122 1814 alia
1161 1774 1288 1815 vero
1341 1775 1510 1830 prope
1536 1761 1589 1815 in
1625 1759 1898 1815 infinitum

318 1845 561 1915 antiquis
617 1847 1092 1906 circumferuntur
1163 1851 1573 1911 traditionibus.
1630 1851 1896 1909 Paracleti

319 1952 580 2009 namque,
619 1941 956 1999 conﬁdenter
991 1944 1140 2007 dico.
1174 1955 1296 2015 post
1333 1943 1526 2010 Deum,
1563 1945 1738 2014 primo
1770 1945 1898 2016 qui-
1933 1921 1976 1980 Β

315 2030 438 2085 dem
473 2030 529 2086 in
561 2032 785 2104 antiqua
828 2033 944 2105 lege
971 2034 1251 2106 prophetae
1285 2034 1588 2104 salutisque
1617 2033 1893 2104 magistri.

315 2123 514 2180 deinde
568 2134 881 2197 quotquot,
927 2135 1054 2183 ante
1107 2127 1440 2184 celebratam
1487 2125 1654 2182 hodie
1719 2126 1896 2181 sancti

319 2214 560 2286 Spiritus
587 2218 640 2272 in
673 2218 838 2275 nobis
868 2218 1348 2281 inhabitationem,
1384 2218 1608 2274 fuerunt
1635 2218 1895 2289 apostoli.

319 2323 418 2376 per
451 2320 857 2378 argumentum,
892 2319 952 2364 ut
1000 2309 1344 2381 plerumque,
1402 2325 1607 2380 perque
1639 2311 1900 2381 objurga-

316 2401 521 2456 tionem
591 2401 925 2458 advocantes
991 2401 1368 2458 relormabant
1425 2403 1690 2474 populos,
1741 2403 1898 2473 juxta

322 2495 458 2551 illud
499 2513 512 2550 :
553 2495 756 2566 Argue,
820 2495 1066 2566 increpa,
1116 2497 1429 2553 exhortare.
1485 2496 1707 2552 Illorum
1769 2512 1900 2554 vero

321 2601 674 2645 successores
738 2588 1028 2658 apostolici
1090 2589 1218 2655 viri,
1275 2604 1508 2662 quorum
1549 2589 1724 2660 gratia
1777 2604 1901 2660 quae

320 2681 620 2738 secundum
662 2679 929 2747 Spiritum
979 2690 1228 2738 sanctum
1287 2690 1394 2749 est,
1449 2683 1516 2737 ad
1574 2694 1896 2752 praesentem

322 2787 497 2842 usque
545 2775 948 2844 generationem
985 2775 1259 2845 pervenit,
1305 2775 1554 2832 similiter
1595 2775 1895 2832 exhortan.

317 2873 408 2918 tur
436 2873 489 2920 et
520 2864 618 2937 ipsi
667 2865 735 2920 ad
765 2865 1022 2924 virtutem.
1065 2866 1367 2934 auditores,
1416 2867 1762 2938 maximeque
1821 2866 1898 2923 illi

317 2957 410 3027 qui
471 2967 601 3012 sunt
654 2959 1006 3026 sacerdotes,
1075 2959 1274 3030 quibus
1342 2975 1602 3032 expresse
1665 2960 1900 3032 populos

317 3049 594 3104 exhortari
625 3051 1004 3122 praescriptum
1038 3062 1143 3110 est.

390 3143 515 3197 “3.
551 3143 610 3197 In
648 3143 733 3199 his
768 3153 948 3199 autem
982 3145 1388 3202 observandum
1433 3145 1600 3218 quod,
1638 3147 1684 3202 si
1717 3165 1897 3221 παρα·

318 3236 509 3306 κλήσει
531 3237 719 3292 eadem
747 3237 889 3294 serie
911 3239 1243 3308 respondere
1271 3237 1480 3295 scimus
1514 3239 1896 3311 [παράκλητον.

2013 648 2273 715 ἐνθύμιον
2312 645 2633 700 ὕποϐἀλλων
2684 643 2782 696 τοῦ
2814 637 2953 695 εἶναι
2999 639 3222 702 δούλους
3271 637 3460 706 αὑτοῦ,
3517 637 3599 701 είς

2013 739 2434 810 ἀγαθοπραξίαν
2464 741 2610 810 ἡμᾶς
2651 740 2870 806 ἀνάγει,
2912 735 3229 804 παρακαλεῖ
3259 734 3480 795 πάντως
3505 733 3599 786 καὶ

2010 832 2187 893 οὕτως
2218 834 2298 896 εἰς
2336 835 2405 886 τὰ
2432 834 2678 902 σωτήρια
2717 832 2909 897 ῶσπερ
2936 831 3030 884 καὶ
3069 827 3158 881 διὰ
3185 825 3278 880 τοῦ
3307 823 3596 883 θανατοῦν,

2013 926 2105 978 καὶ
2138 926 2452 995 ζωογονεῖν,
2491 925 2587 978 καὶ
2634 925 2956 995 πτωχίζειν,
2988 921 3085 975 καὶ
3135 917 3470 981 πλουτίζειν,
3499 918 3596 972 καὶ

2011 1017 2326 1086 ταπεινοῦν,
2355 1022 2453 1073 καὶ
2477 1019 2740 1090 ἀνυψοῦν,
2771 1017 2866 1072 καὶ
2897 1016 3116 1070 πάντων
3144 1013 3252 1066 τῶν
3285 1013 3462 1072 ἀλλων
3496 1013 3597 1065 ὅσα

2011 1112 2265 1170 τοιαῦτα.

2085 1205 2209 1277 ριβ’.
2229 1208 2302 1262 Τὸ
2330 1206 2386 1260 δὲ
2419 1206 2640 1261 πάντων
2664 1202 3092 1276 προχειρότατον
3119 1201 3218 1254 καὶ
3244 1198 3596 1269 εὐπόριστον,

2010 1304 2108 1352 καὶ
2159 1299 2235 1363 ὡς
2291 1300 2357 1353 ἄν
2416 1316 2500 1363 τις
2558 1296 2736 1367 ὀρθῶς
2794 1297 2938 1352 είποι
2996 1293 3446 1364 λεωφορούμενον
3499 1291 3598 1345 καὶ

2008 1391 2510 1462 δημοκοπούμενον,
2543 1392 2638 1447 καὶ
2669 1391 2886 1460 ἀληθῶς
2929 1390 3250 1456 πάγκοινον,
3286 1385 3598 1456 παρακαλεῖ

2010 1486 2103 1538 καὶ
2130 1486 2220 1540 διὰ
2267 1486 2377 1539 τῶν
2410 1485 2576 1540 αὐτοῦ
2604 1483 2866 1556 μαθητῶν
2907 1501 2968 1537 τε
3012 1481 3106 1536 καὶ
3144 1478 3456 1550 μαθητειῶν
3485 1476 3595 1530 τῶν

2008 1575 2084 1639 ὡς
2135 1577 2394 1630 ἑκάστοτε
2442 1576 2636 1647 καιροῦ
2664 1592 2678 1608 ο
2723 1567 2800 1628 ὧν
2850 1574 2907 1628 αἱ
2961 1575 3060 1643 μὲν
3113 1570 3488 1642 μεμέτρηνται
3517 1566 3596 1636 τῷ

2008 1668 2367 1740 εὐαγεστάτῳ
2412 1667 2736 1738 Εὐαγγελίῳ
2765 1664 3254 1738 περιειλημμέναι,
3299 1662 3356 1716 αί
3404 1661 3462 1714 δὲ
3507 1677 3596 1725 μι-

2008 1760 2144 1832 κροῦ
2173 1764 2266 1816 καὶ
2297 1763 2378 1828 είς
2411 1761 2668 1830 ἀπειρίαν
2711 1761 2964 1830 κέχυνται
3007 1760 3128 1820 ταῖς
3171 1754 3439 1809 ἀνέκαθεν
3481 1753 3597 1805 δια-

2006 1856 2210 1926 δοχαῖς.
2247 1855 2599 1924 Παράκλητοι
2651 1855 2782 1924 γὰρ,
2843 1851 3190 1923 Οαῤῥούντως
3237 1849 3401 1916 φημὶ,
3455 1846 3593 1915 μετά

2003 1949 2097 2003 τὸν
2140 1948 2274 2002 Θεδν
2324 1947 2518 2017 πρῶτα
2570 1947 2672 2016 μὲν
2726 1947 2778 1999 oi
2828 1947 2886 1998 ἐν
2935 1943 3014 2013 τῷ
3075 1941 3393 2011 παλαιτάτῳ
3441 1941 3593 2008 νόμῳ

2003 2041 2284 2110 προφῆται
2335 2040 2431 2094 καὶ
2478 2039 2793 2093 διδάσκαλοι
2825 2038 2922 2091 τοῦ
2978 2034 3274 2099 σώζεσθαι.
3315 2029 3433 2086 εἶτα
3463 2035 3590 2086 ὁπό-

2004 2151 2110 2197 σοι,
2152 2131 2259 2202 πρδ
2291 2131 2394 2201 τῆς
2427 2129 2831 2200 ἐορταζομένης
2869 2129 2994 2196 ἄρτι
3032 2129 3088 2180 ἐν
3138 2127 3263 2197 ἡμῖν
3297 2124 3392 2177 τοῦ
3426 2123 3588 2190 ἁγίου

2001 2223 2321 2294 Πνεύματος
2373 2222 2657 2295 ἐνδημίας,
2709 2222 3017 2279 ἀπόστολοι,
3051 2221 3190 2291 μετά
3243 2219 3590 2289 nano-nd);

2001 2319 2070 2372 τὰ
2123 2317 2313 2381 πολλὰ,
2379 2319 2473 2370 καὶ
2523 2316 2849 2386 ἐπιτίμησιν
2912 2311 3368 2385 παρακαλοῦντες
3422 2311 3586 2380 διωρ-

2002 2408 2194 2462 θοῦντο
2218 2409 2344 2472 τοὺς
2378 2409 2564 2470 λαοὺς.
2596 2407 2740 2461 κατά
2788 2406 2869 2469 τὸ,
2907 2403 3194 2472 Ἐλεγξον,
3234 2404 3584 2471 ἐπιτίμησον,

2003 2501 2430 2572 παρακάλεσονο
2488 2499 2584 2563 οὓς
2641 2499 2691 2552 οἱ
2751 2498 2873 2569 μετ’
2925 2498 3172 2561 ἐκείνους
3231 2495 3587 2550 ἀποστολικοὶ

2001 2593 2196 2665 ἄνδρες
2240 2591 2641 2662 διαδεξάμενοι,
2679 2583 2756 2644 ὧν
2800 2591 2832 2660 ἠ
2875 2590 3020 2645 κατά
3056 2589 3115 2642 τὸ
3148 2588 3308 2656 ἅγιον
3358 2587 3586 2654 Πνεῦμα

1997 2686 2160 2757 χάρις
2201 2686 2366 2756 μέχρι
2397 2685 2490 2739 καὶ
2518 2687 2600 2750 είς
2629 2684 2730 2753 τὴν
2756 2683 2858 2738 νῦν
2885 2682 3081 2752 γενεὰν
3118 2681 3372 2750 καθήκει,
3408 2697 3588 2748 παρα-

2002 2777 2262 2831 καλοῦσιν
2303 2775 2506 2846 ὁμοίως
2537 2777 2631 2831 καὶ
2666 2776 2823 2829 αὐτοὶ
2859 2775 2999 2845 πρὸς
3053 2774 3254 2845 ἀρετὴν
3285 2774 3415 2836 τοὺς
3449 2773 3588 2825 ἐπα·

1999 2869 2284 2934 κούοντας,
2328 2867 2422 2922 καὶ
2479 2867 2715 2939 μάλιστα
2777 2870 2826 2922 οἱ
2891 2869 3096 2938 ἱερεῖς’
3155 2859 3238 2929 οἷς
3293 2864 3588 2935 γραφικῶς

2000 2963 2316 3018 ἐντέταλται
2356 2961 2693 3031 παρακαλεῖν
2717 2963 2810 3015 τὸν
2833 2961 2981 3017 λαόν.

2076 3150 2202 3214 ριγ⁹.
2251 3143 2344 3197 Ἐν
2399 3143 2610 3206 τούτοις
2663 3143 2719 3197 δέ
2781 3142 3088 3213 σημείωσαι
3133 3140 3210 3206 ὡς
3264 3141 3312 3195 εί
3373 3140 3470 3195 καὶ
3515 3142 3584 3212 τῇ

2007 3237 2351 3307 παρακλήσει
2383 3237 2769 3306 συστοιχοῦντα
2801 3239 3025 3305 οἴδαμεν
3073 3237 3165 3291 τδν
3198 3236 3585 3307 Παράκλητον,

319 3339 486 3400 atque
515 3331 750 3389 dicimus
782 3333 1219 3389 consolationem
1253 3347 1280 3387 a
1318 3332 1479 3388 nobis
1526 3333 1732 3388 remitti
1765 3347 1900 3389 con-

2006 3291 2841 3400 λέγομενιδένκαὶπαράκλησιν
2866 3291 2937 3383 dt;
2970 3329 3130 3402 ἡμῶν
3161 3291 3589 3396 ἀναπέμπεσθαι

318 3423 581 3488 solatori,
638 3438 801 3481 nemo
831 3434 1010 3481 tamen
1058 3441 1124 3481 ex
1159 3425 1319 3482 nobis
1357 3425 1661 3495 paracletus
1716 3425 1900 3481 vocari

320 3520 535 3581 posset,
572 3511 667 3568 sed
699 3514 799 3570 soli
853 3513 965 3571 Deo
998 3515 1105 3572 tale
1159 3525 1360 3572 nomen
1419 3515 1751 3572 attributum
1793 3524 1900 3576 est.

319 3603 412 3673 qui
439 3603 661 3674 quidem
709 3605 859 3661 venit
898 3606 966 3661 ad
1028 3621 1132 3662 nos
1193 3616 1341 3662 recte
1386 3605 1738 3674 advocantes,
1777 3622 1903 3675 pro-

321 3697 554 3768 pinquat
579 3699 892 3770 egentibus.
916 3711 971 3756 et
996 3700 1160 3756 nobis
1189 3699 1462 3756 inhabitat
1488 3714 1615 3755 cum
1645 3701 1904 3757 decenter

319 3791 653 3858 advocatur;
685 3792 902 3847 aliunde
919 3807 1051 3849 vero
1074 3792 1299 3865 dignum
1330 3803 1520 3849 censet
1561 3792 1902 3848 honorabili-

320 3893 404 3940 ter
429 3884 482 3939 in
519 3884 719 3940 throno
743 3884 930 3955 gloria:
952 3885 1103 3958 regni
1147 3884 1231 3940 sui
1259 3895 1508 3951 manere,
1541 3900 1606 3940 ne
1633 3885 1906 3956 pertingat

319 3977 500 4044 ipsum
550 3977 755 4048 aliquid
807 3993 915 4034 non
959 3980 1312 4036 conveniens.
1376 3978 1660 4034 Rationem
1719 3990 1901 4034 autem

326 4073 489 4130 habet
519 4071 896 4129 advocationis
941 4085 1006 4128 ex
1032 4072 1193 4129 nobis
1219 4072 1288 4128 ad
1325 4071 1670 4139 altissimum,
1708 4082 1765 4128 et
1803 4073 1904 4128 ite-

322 4179 445 4226 rum
479 4165 854 4221 advocationis
909 4166 1112 4222 exhinc
1160 4181 1288 4236 erga
1325 4179 1425 4222 nos
1456 4181 1524 4221 ex
1559 4165 1761 4223 nostris
1801 4165 1907 4221 du-

325 4258 584 4335 plicatio:
632 4274 1007 4333 supponamus
1066 4275 1212 4316 enim
1269 4259 1511 4330 aliquem
1560 4260 1614 4314 in
1669 4259 1906 4316 dilIicilis

322 4355 506 4411 exitus
539 4353 718 4409 locum
758 4352 929 4410 fuisse
961 4353 1173 4422 lapsum
1226 4353 1482 4422 scireque
1525 4361 1759 4408 stantem
1812 4367 1904 4407 su-

322 4461 418 4521 per
446 4447 591 4503 hunc
621 4456 842 4516 puteum
898 4447 1173 4503 hominem
1213 4461 1540 4516 generosum
1577 4457 1634 4502 et
1657 4447 1901 4501 amicum

321 4555 482 4616 quem
517 4541 772 4596 advocari
801 4540 1072 4611 supplicat
1095 4539 1164 4596 ad
1193 4540 1624 4611 susceptionem.
1650 4538 1706 4592 Si
1733 4553 1904 4610 porro

321 4643 488 4704 caput
521 4633 791 4689 inclinans
823 4634 927 4690 iste
948 4672 963 4698 ,
995 4633 1285 4702 amicoque
1335 4647 1431 4702 per
1461 4645 1662 4687 nomen
1695 4630 1904 4685 immit-

322 4735 444 4788 tens
466 4726 906 4798 appellationem,
931 4726 1342 4796 exhortansque
1366 4723 1436 4780 ab
1463 4724 1576 4778 imo
1609 4721 1907 4779 extendere

321 4834 567 4886 manum,
598 4828 653 4876 et
671 4818 892 4874 auditus
914 4818 1174 4890 corripiat
1193 4833 1412 4874 manum
1431 4817 1667 4872 amicam
1684 4824 1737 4870 et
1761 4813 1828 4869 ad
1851 4831 1909 4870 se

323 4911 548 4969 trahens
569 4919 728 4969 terra!
748 4909 910 4967 matri
934 4909 1188 4965 restituat
1212 4907 1513 4972 hominem,
1529 4913 1591 4962 ut
1616 4913 1909 4974 reponatur

324 5001 418 5057 ubi
451 5001 631 5057 stabat
659 5012 785 5058 ante
815 5017 1032 5068 casum,
1058 5017 1124 5057 en
1153 4999 1452 5057 advocatus
1475 4999 1566 5055 ille
1595 4999 1662 5055 ad
1691 4998 1909 5054 salvan-

323 5095 453 5150 dum
483 5094 789 5160 hominem,
809 5095 961 5150 illum
988 5094 1230 5152 vicissim
1252 5093 1541 5150 advocavit
1560 5102 1616 5147 et
1635 5091 1865 5147 salvavit
1893 5106 1907 5147 :

323 5187 405 5242 sic
454 5186 620 5242 etiam
671 5187 980 5257 paraclctus
1043 5187 1327 5253 Dominus,
1361 5186 1640 5242 hominem
1672 5185 1910 5255 diligens

327 5279 526 5337 salvari
565 5279 950 5346 advocantem,
1004 5280 1156 5335 illum
1192 5282 1425 5337 advocat
1452 5281 1633 5336 taliter
1664 5277 1824 5344 allici,
1855 5285 1911 5333 et

327 5386 456 5428 ecce
505 5372 582 5427 ibi
638 5386 856 5441 quoque
921 5371 1122 5442 duplex
1159 5372 1470 5438 advocatio,
1511 5386 1621 5428 una
1685 5369 1908 5441 quidem

329 5462 630 5522 Salvatoris
647 5462 932 5533 paracleti,
956 5464 1305 5534 provocantis
1339 5474 1616 5533 egentem,
1646 5462 1750 5518 alia
1781 5477 1910 5518 vero

328 5558 494 5625 illius,
519 5557 610 5627 qui
641 5555 749 5612 dici
782 5567 966 5626 posset
993 5557 1388 5628 παρακλήτωρ.
1411 5556 1540 5611 Ideo
1566 5556 1792 5628 pulchre
1818 5570 1913 5610 ca-

329 5649 407 5707 nit
436 5647 530 5717 qui
556 5645 634 5703 sic
659 5646 898 5716 aliquem
919 5663 949 5704 e
981 5648 1072 5704 Dci
1103 5647 1309 5703 sanctis
1337 5646 1608 5718 supplicat
1641 5663 1655 5700 :
1689 5645 1911 5706 Advoco

330 5748 380 5802 le
409 5739 673 5802 advocare
704 5753 810 5798 nte.

2001 3424 2080 3494 τῷ
2127 3424 2497 3496 Παρακλήτῳ,
2531 3424 2646 3478 ἀλλ’
2699 3419 2794 3478 οὖν
2824 3423 3004 3484 οὐδεὶς
3043 3422 3202 3491 ἡμῶν
3235 3421 3589 3492 Παράκλητος

2003 3514 2313 3582 ἐπιλέγοιτο
2359 3515 2466 3570 ἄν’
2515 3514 2652 3569 ἀλλά
2703 3515 2851 3584 μόνῳ
2898 3512 2978 3584 τῷ
3021 3512 3142 3582 Θεῷ
3197 3513 3496 3581 νενέμηται
3528 3508 3592 3563 τδ

2003 3607 2245 3662 τοιοῦτον
2291 3607 2464 3677 ὄνομα
2515 3607 2595 3670 είς
2642 3605 2942 3675 ἐξαίρετον,
3001 3604 3282 3674 ἐρχομένῳ
3337 3602 3436 3673 μὲν
3502 3601 3588 3671 ἐφ’

2005 3699 2155 3770 ἡμᾶς
2192 3698 2649 3770 παρακαλοῦντας
2692 3697 2891 3766 ὀρθῶς,
2933 3696 3028 3750 καὶ
3077 3697 3354 3764 ἐγγίζοντι
3399 3695 3590 3764 δεομέ-

2005 3809 2138 3860 νοις,
2163 3792 2257 3846 καὶ
2310 3792 2443 3861 ἡμῖν
2478 3790 2832 3860 ἐνσκηνοῦντι
2876 3792 2935 3844 ἐν
2989 3787 3068 3858 τῷ
3111 3789 3436 3859 πρεπόντως
3485 3805 3590 3840 πα-

2010 3882 2475 3955 ρακλητεύεσθαιο
2515 3882 2690 3945 ἄλλως
2729 3882 2788 3935 δὲ
2817 3880 3059 3946 ἀξιοῦντι
3095 3882 3308 3951 σεμνῶς
3341 3882 3432 3934 ἐπὶ
3469 3880 3591 3948 θρό-

2005 3994 2100 4032 νου
2133 3977 2290 4047 δόξης
2323 3979 2420 4046 τῆς
2461 3975 2740 4047 βασιλείας
2769 3975 2938 4029 αὐτοῦ
2974 3975 3159 4043 μένειν
3190 3975 3267 4038 ὡς
3308 3973 3381 4044 μὴ
3415 3993 3592 4044 παρα-

2005 4070 2202 4141 ψαύειν
2235 4069 2402 4125 αὑτοῦ
2431 4069 2500 4124 τὰ
2537 4068 2612 4140 μὴ
2640 4069 2944 4140 πρέποντα.
2987 4068 3141 4138 Ἔχει
3184 4067 3242 4121 δὲ
3278 4067 3338 4120 τὸ
3369 4066 3592 4132 εὔλογον

2005 4167 2041 4238 ἠ
2075 4166 2268 4236 διπλόη
2301 4165 2398 4233 τῆς
2431 4163 2492 4229 ἐξ
2544 4163 2703 4236 ήμῶν
2753 4161 3158 4233 παρακλήσεως
3187 4161 3268 4223 είς
3305 4160 3398 4213 τὸν
3431 4156 3596 4228 ’Υψι-

2007 4276 2133 4314 στον
2178 4259 2274 4314 καὶ
2323 4257 2426 4328 τῆς
2473 4257 2685 4312 ἐκεῖθεν
2732 4250 2892 4319 αὖθις
2935 4254 3023 4324 ἐφ’
3054 4254 3188 4325 ἡμῖν
3233 4253 3296 4305 ἐκ
3323 4251 3433 4304 τῶν
3469 4249 3594 4304 καθ’

2005 4351 2177 4422 ἡμᾶς.
2210 4350 2537 4405 ’Υποθετέον
2576 4349 2686 4419 γὰρ
2720 4348 3108 4402 καταπεσόντα
3133 4344 3257 4400 τινὰ
3283 4345 3363 4408 είς
3392 4343 3590 4408 δυσεξ-

2008 4445 2194 4513 ίτητον
2241 4442 2442 4498 λάκκον
2491 4443 2586 4496 καὶ
2650 4441 2831 4496 εἰδότα
2893 4437 3221 4510 ἐφίστασθαι
3266 4437 3346 4505 τῷ
3385 4435 3596 4506 βοθύνῳ

2007 4537 2205 4608 ἐκείνῳ
2227 4536 2473 4606 γενναῖον
2508 4533 2678 4605 ἄνδρα
2707 4533 2862 4604 φίλον
2894 4531 3328 4588 κατακαλεῖσθαι
3363 4527 3598 4584 ποτνιώ-

1935 4655 1982 4715 ο
2011 4648 2173 4703 μενον
2199 4633 2281 4694 είς
2305 4629 2599 4701 ἀνάληψιν.
2637 4628 2702 4682 El
2727 4627 2792 4699 δὴ
2822 4627 3028 4690 ἐκεῖνος
3077 4621 3355 4693 ἐπικύψας
3388 4621 3486 4676 καὶ

2011 4725 2151 4797 φίλῳ
2177 4725 2371 4796 κλῆσιν
2406 4721 2730 4794 ἐπιπέμψας
2760 4720 2897 4790 πρὸς
2926 4718 3100 4785 ὄνομα
3139 4716 3238 4771 καὶ
3281 4713 3600 4786 παρακαλέ-

2013 4835 2110 4880 σας
2146 4817 2423 4872 ἀνατεῖναι
2466 4816 2624 4886 χεῖρα
2667 4811 2918 4866 κάτωθεν
2953 4809 3048 4862 καὶ
3080 4806 3375 4868 ἀκουσθεὶς
3404 4803 3598 4875 δράξε-

2009 4924 2101 4962 ται
2130 4906 2230 4976 τῆς
2279 4905 2440 4975 φίλης
2485 4902 2689 4975 χειρδς,
2727 4901 2822 4957 καὶ
2853 4898 3163 4959 ἀνελκύσας
3218 4895 3497 4950 ἀποδώσει
3528 4895 3594 4965 τῇ

2015 5000 2186 5070 μητρὶ⁵
2225 4999 2294 5068 γῇ
2346 4997 2438 5050 τὸν
2476 4995 2792 5066 ἄνθρωπον,
2825 4993 2904 5055 ὡς
2937 4987 3272 5045 καθεστάναι
3323 4987 3445 5040 ὅποι
3501 4983 3596 5038 καὶ

2015 5089 2124 5160 πρὸ
2179 5091 2276 5142 τοῦ
2329 5087 2652 5158 πτώματος,
2713 5083 2822 5138 ἰδοὺ
2881 5077 3327 5152 παρακαλεσθεὶς
3387 5077 3598 5136 ἐκεῖνος

2014 5179 2102 5250 ἐφ’
2151 5173 2196 5247 ᾧ
2245 5177 2662 5248 περισώσασθαι
2721 5174 3049 5245 ἄνθρωπον,
3095 5166 3598 5236 ἀντιπαρεκάλεσεν

2013 5273 2220 5327 ἐκεῖνον
2279 5272 2374 5325 καὶ
2402 5271 2680 5323 σέσωκενο
2727 5264 2871 5320 οὕτω
2918 5263 2982 5335 δὴ
3027 5263 3122 5316 καὶ
3171 5263 3199 5314 ὁ
3243 5258 3599 5330 ιΙαράκλητος

2013 5360 2206 5430 κύριος
2269 5359 2561 5428 ἄνθρωπον
2615 5355 2786 5427 φιλῶν
2839 5351 3269 5423 παρακαλοῦντα
3332 5348 3597 5417 σωθῆναι,

2015 5453 2328 5522 παρακαλεῖ
2375 5451 2571 5504 παθεῖν
2631 5449 2836 5502 ἐκεῖνον
2887 5444 3056 5506 οὕτω,
3109 5444 3205 5496 καὶ
3261 5441 3374 5494 ἰδοὺ
3430 5439 3599 5509 διπλῆ

2015 5541 2292 5597 κάνταῦθα
2339 5539 2709 5610 παράκλησις,
2758 5539 2788 5606 ἡ
2847 5535 2946 5606 μὲν
2994 5532 3090 5587 τοῦ
3139 5530 3394 5599 Σωτῆρος
3426 5545 3602 5597 παραυ

2015 5633 2212 5704 κλήτου
2261 5630 2712 5704 προκαλουμένου
2763 5629 2859 5683 τὸν
2888 5627 3167 5694 δεόμενον,
3199 5624 3234 5694 ἡ
3268 5622 3324 5674 δέ
3375 5621 3492 5684 τοῦ,
3524 5621 3602 5686 ὡς

2015 5726 2186 5790 οὕτως
2235 5727 2526 5795 ὀνομάσαι,
2568 5723 3007 5795 παρακλήτορος.
3042 5717 3136 5771 Διὸ
3185 5715 3370 5778 καλῶς
3403 5714 3601 5782 ψάλλει

2017 5821 2046 5873 ό
2074 5821 2404 5888 δυσωπήσας
2431 5820 2539 5872 τῶν
2571 5835 2690 5872 τινα
2722 5811 2856 5871 Θεοῦ
2885 5813 3060 5883 ἁγίων
3091 5812 3165 5874 ὡς
3192 5809 3508 5879 Παρακαλῶ
3537 5825 3598 5862 σε

2019 5912 2397 5984 παρακαλέσαι
2440 5929 2531 5982 με.
