4050 6430
339 428 444 493 631

1014 422 1400 495 EUSTATHI
1410 429 1434 490 Ι
1477 432 1772 495 THESSA
1782 433 1927 496 LON

2039 433 2238 493 ENSIS
2281 433 2843 497 ME'I‘ROPOLszE

3498 424 3607 489 632

337 538 740 598 processionem
775 553 802 589 a
844 539 999 593 Patre
1054 540 1369 608 distinctus,
1423 541 1734 597 concedunt
1783 541 1912 601 alia,

2039 543 2082 597 τὰ
2117 544 2253 599 ἀλλα
2283 545 2462 598 πάντα
2513 541 2669 596 κοινά
2719 538 2862 596 εἶναι
2892 539 3055 595 ὁποῖα
3085 539 3234 595 εῐποι
3266 554 3352 602 τις
3380 535 3450 591 ἀν
3474 552 3488 568 ο
3526 539 3608 604 ὥς

337 643 678 701 quaecunque
708 629 890 686 dicere
915 631 1038 702 quis
1096 642 1306 702 posset,
1363 647 1488 689 esse
1557 633 1916 698 communia;

338 721 413 776 ita
439 731 496 776 ut
535 720 784 790 proinde,
817 722 1072 779 salutaris
1128 725 1290 780 nobis
1338 726 1618 795 omnibus,
1676 726 1918 784 Trinitas

338 814 466 881 ista,
506 813 744 884 propriis
805 814 1027 884 quidem
1081 815 1496 874 characterihtts
1558 819 1919 874 circumscri-

339 913 458 974 pta.
486 906 580 962 sed
613 905 667 960 in
698 905 1029 962 immensum
1062 907 1258 964 dilfusa
1282 910 1799 978 supersubstantiali
1821 926 1921 966 na-

338 1007 463 1052 tura
491 997 854 1068 potentiarum
890 1012 1116 1053 suarum
1151 1000 1204 1054 itt
1233 1000 1511 1067 operando
1540 1010 1705 1070 atque
1737 1002 1922 1072 provi-

335 1089 535 1153 dendo,
567 1105 666 1160 nos
691 1105 910 1162 quoque
957 1089 1149 1146 doceat
1197 1093 1448 1147 homines
1495 1095 1549 1147 in
1621 1094 1916 1163 quamdam

336 1181 755 1251 multipartitam
825 1183 1179 1255 divinamque
1251 1188 1695 1242 communionem
1745 1186 1919 1242 infor-

337 1274 503 1331 mari.

409 1367 531 1426 Ηθ.
573 1366 640 1422 Et
673 1369 753 1425 sic
783 1369 1022 1440 illiquod
1063 1387 1230 1426 unum
1293 1385 1376 1427 est
1425 1375 1526 1428 tria
1588 1375 1916 1444 cogitantes,

341 1473 450 1513 non
486 1461 747 1516 omittunt
797 1464 929 1531 quin
967 1464 1150 1517 statim
1197 1465 1570 1534 continuoque
1616 1481 1680 1520 ac
1737 1467 1920 1522 subito

340 1570 403 1610 ea
437 1569 578 1625 quae,
608 1556 748 1609 sicut
779 1557 985 1612 dictum
1019 1567 1122 1621 est,
1152 1561 1497 1623 suntdivisa,
1537 1561 1601 1614 ad
1644 1577 1808 1615 unum
1839 1577 1920 1615 re-

341 1645 583 1712 ducant;
616 1657 669 1703 et
698 1647 802 1704 hoc
830 1649 991 1705 citius
1020 1665 1183 1720 quam
1212 1652 1416 1707 diceret
1447 1653 1647 1723 aliquis
1673 1655 1721 1707 id
1751 1669 1920 1710 unum

343 1737 664 1794 Trinitatem
695 1740 778 1795 vel
843 1741 983 1798 hanc
1043 1740 1369 1798 Trinitatem
1430 1758 1554 1800 esse
1603 1744 1916 1800 monadem.

2023 639 2166 694 οὕτω
2195 642 2296 710 τὴν
2328 640 2548 695 πάντων
2579 639 2738 711 ἡμῶν
2767 635 3046 708 σωστικὴν
3071 634 3284 707 Τριάδα
3323 648 3608 704 μεμετρητ

2025 739 2196 808 μένην
2249 735 2350 805 μὲν
2397 737 2514 799 τοῖς
2561 733 3091 804 χαρακτηριστικοῖς
3129 729 3411 799 ῖδιὼμασι,
3443 740 3607 794 κεχυ-

2025 827 2195 897 μένην
2248 827 2305 881 δὲ
2340 827 2422 890 είς
2475 826 2706 896 ἄπειρον
2731 822 2811 893 τῷ
2862 818 3299 892 δπερουσιασμῷ
3333 817 3444 870 τῶν
3484 813 3612 870 κατ’

2024 919 2196 988 αὐτὴν
2229 917 2548 987 ἐνεργειῶν,
2580 916 2694 972 τῶν
2741 933 2803 970 τε
2859 911 3298 985 δημιουργικῶν.
3330 911 3424 963 καὶ
3474 926 3610 976 προσ

2022 1013 2313 1083 νοητικῶν,
2343 1011 2570 1067 καὶτῶν
2599 1011 2810 1066 λοιπῶν
2837 1007 3122 1063 παιδεύειν
3154 1006 3251 1059 καὶ
3292 1004 3444 1073 ἡμᾶς
3483 1001 3614 1060 τοὺς

2023 1105 2348 1178 ἀνθρώπους
2391 1104 2472 1168 εἷς
2505 1119 2632 1156 τινα
2678 1101 2938 1171 τοιαύτην
2987 1095 3276 1166 πολυμερῆ
3316 1091 3610 1147 κοινωνίαν

2021 1198 2220 1252 ἔνθεον.

2097 1374 2234 1446 ρις⁹.
2267 1376 2378 1431 Καὶ
2410 1375 2585 1438 οὕτως
2614 1377 2814 1428 ἐκεῖνοι
2862 1375 2992 1445 τρία
3023 1373 3276 1436 νοοῦντες
3307 1370 3369 1424 τδ
3403 1370 3482 1430 ἓν,
3512 1369 3616 1422 οὐκ

2021 1471 2220 1538 ἀφιᾶσι
2263 1471 2341 1542 μὴ
2399 1471 2521 1541 οὐχὶ
2557 1471 2842 1540 συντόμως
2876 1473 2972 1525 καὶ
3003 1469 3246 1541 ἀχρόνως
3288 1467 3384 1520 καὶ
3416 1465 3616 1533 ἀκαρεὶ

2021 1563 2112 1623 τὰ,
2157 1562 2234 1618 ὡς
2282 1563 2524 1633 εἴρηται.
2572 1563 2882 1634 διῃρημένα
2932 1563 3252 1630 συναιρεῖν·
3286 1559 3384 1612 καὶ
3445 1557 3606 1609 τοῦτο

2025 1656 2220 1710 θᾶττον
2250 1656 2397 1727 ἥπερ
2431 1655 2630 1726 φράσοι
2674 1673 2760 1720 τις
2791 1655 2879 1721 ἂν,
2917 1654 3154 1710 ἐνταῦθα
3195 1653 3257 1707 τὸ
3290 1653 3348 1706 ἓν
3381 1651 3611 1719 Τριάδα,

2025 1749 2058 1817 ἦ
2093 1747 2194 1815 τὴν
2231 1748 2441 1818 Τριάδα
2489 1749 2698 1818 μονάδα
2745 1745 2911 1804 εῖναι.
2948 1749 3058 1802 Καὶ
3113 1746 3297 1800 τοίνυν
3343 1745 3618 1806 διελόντες

341 1831 578 1901 Ideoque
598 1833 1006 1891 distinctionem
1039 1836 1322 1902 facientes,
1357 1837 1502 1894 sicut
1556 1848 1754 1893 mutuo
1781 1838 1918 1891 rami

2039 1842 2101 1906 ὥς
2134 1843 2186 1895 εί
2225 1843 2320 1897 καὶ
2365 1845 2640 1912 συμφυεῖς
2679 1841 2869 1896 κλάδοι
2916 1841 3162 1911 ἀλλήλων
3213 1839 3468 1908 ἐχόμενοι
3519 1835 3617 1888 καὶ

345 1926 848 1985 consubstantiales
873 1938 928 1985 et
955 1929 1122 1986 veluti
1163 1945 1525 2002 congeneres,
1557 1931 1725 1988 simul
1763 1945 1923 2003 sepa-

346 2024 539 2072 rentur
569 2029 834 2088 quantum
861 2021 994 2077 satis
1031 2031 1199 2078 estut
1252 2022 1565 2089 videantur,
1617 2032 1678 2079 et
1736 2023 1923 2078 statim

348 2111 412 2164 ad
441 2110 671 2180 primam
703 2113 1064 2170 cohmsinnem
1094 2125 1406 2176 recurrant.
1462 2116 1625 2170 iidem
1651 2115 1719 2170 ad
1773 2130 1926 2172 men-

347 2211 455 2256 tem
480 2203 774 2260 ltumanztm
803 2223 867 2263 ac
899 2208 1164 2264 rationem
1205 2221 1257 2261 et
1310 2209 1564 2278 spiritum
1614 2209 1670 2262 in
1729 2209 1923 2262 eodem

350 2295 541 2351 ordine
565 2296 889 2353 connautem
911 2309 964 2354 et
988 2311 1430 2366 concurrentem,
1491 2308 1698 2356 sancta
1737 2299 1926 2354 Trinio

352 2387 484 2442 tatis
515 2399 840 2458 conceptum
877 2391 1218 2458 producunt;
1247 2401 1322 2458 et,
1353 2391 1672 2447 adumbrata
1700 2407 1796 2460 per
1829 2391 1901 2444 ltu

345 2478 585 2547 jusmodi
617 2480 897 2546 pulchram
930 2481 984 2536 in
1012 2484 1170 2539 nobis
1238 2483 1564 2538 Trinitatem
1623 2484 1714 2538 illa
1769 2498 1927 2537 vene-

349 2568 519 2622 randa
546 2577 712 2640 atque
739 2570 1270 2637 colendissima,nos
1331 2575 1599 2631 inducunt
1652 2577 1718 2631 ad
1781 2575 1930 2644 cogi-

350 2661 604 2726 tandum,
634 2670 695 2716 ut
727 2663 1010 2733 possibile,
1042 2679 1139 2734 per
1168 2667 1354 2733 istum,
1393 2658 1673 2738 quomddo
1708 2669 1780 2724 sit
1811 2669 1928 2723 haec

350 2755 453 2810 tria
477 2755 642 2811 simul
670 2765 725 2811 et
757 2772 951 2810 unum.
988 2756 1124 2812 Cum
1150 2762 1298 2814 enim
1321 2762 1374 2814 in
1418 2761 1577 2817 nobis
1619 2768 1775 2832 pater
1801 2762 1924 2816 aui-

352 2861 500 2913 tnus,
521 2857 576 2902 et
597 2848 650 2903 in
683 2850 804 2918 ipso
829 2852 988 2918 ratio,
1028 2861 1083 2910 et
1113 2869 1183 2909 ex
1216 2855 1336 2924 ipso
1359 2864 1415 2910 ct
1445 2869 1544 2924 per
1569 2855 1750 2925 ipsum
1813 2854 1930 2924 spi-

348 2942 511 3006 ritus,
535 2956 654 3010 quae
699 2943 802 2998 tria
829 2955 958 3000 sunt
977 2955 1030 3001 et
1064 2956 1408 3011 mensurata,
1436 2947 1490 3002 in
1515 2947 1722 3018 aliquid
1754 2962 1927 3003 unum

352 3035 793 3106 inseparabiliter
826 3039 1175 3108 conSpirant,
1201 3042 1477 3097 maximus
1527 3042 1692 3098 etiam
1762 3040 1925 3096 Pater

350 3138 404 3185 et
455 3130 862 3186 sanctissimum
922 3133 1040 3201 ejus
1096 3130 1350 3200 Verbum,
1411 3141 1467 3188 et
1522 3135 1931 3190 sacratissimus

2028 1928 2141 1988 οἷον
2169 1935 2608 2001 συμπεφυκότες,
2637 1933 2756 2002 ἅμα
2785 1933 3083 1988 διαστῶσιν
3115 1934 3197 1996 είς
3224 1932 3350 1985 ὅσον
3385 1929 3618 1994 ίδέσθαι,

2029 2029 2125 2080 καὶ
2155 2025 2352 2080 αὐτίκα
2379 2028 2460 2090 εἰς
2498 2029 2779 2096 συμφυίαν
2821 2024 3161 2097 δραμοῦνται
3194 2027 3292 2092 τὴν
3326 2023 3615 2092 πρότερον,

2028 2121 2076 2171 οί
2120 2116 2279 2172 αὐτοὶ
2329 2117 2427 2170 καὶ
2462 2119 2544 2180 εἰς
2575 2118 2702 2171 νοῦν
2737 2117 2829 2171 τὸν
2862 2117 2984 2171 κατ’
3039 2116 3327 2185 ἄνθρωπον
3383 2115 3480 2167 καὶ
3533 2114 3618 2174 είς

2029 2210 2187 2276 λόγον
2233 2209 2518 2272 τοιοῦτον,
2578 2212 2671 2262 καὶ
2718 2209 2799 2271 είς
2854 2207 3077 2277 πνεῦμα
3135 2209 3336 2277 στοίχῳ
3383 2205 3618 2274 τοιούτῳ

2031 2304 2316 2371 σύμπνουν
2365 2303 2460 2356 καὶ
2516 2302 2844 2372 σύνδρομον,
2893 2299 3294 2369 προῦιὸάζουσι
3357 2300 3457 2362 τὴν
3511 2296 3614 2366 τῆς

2031 2396 2192 2462 ἁγίας
2243 2395 2480 2465 Τριάδος
2541 2394 2765 2464 νόησινο
2798 2395 2894 2448 καὶ
2949 2392 3332 2458 ὲξεικάσαντες
3373 2394 3439 2462 τῇ
3489 2390 3614 2445 καθ’

2031 2491 2180 2560 ἡμᾶς
2209 2488 2350 2558 καλῇ
2378 2487 2573 2558 Τριάδι
2601 2487 2774 2558 ταύτῃ
2804 2491 2904 2558 τὴν
2951 2487 3222 2553 πάντιμον
3270 2484 3488 2550 εκείνην
3518 2483 3616 2536 καὶ⁹

2034 2583 2357 2652 ὑπέρτιμον,
2390 2581 2644 2648 ὲνάγουσι
2674 2582 2962 2634 κατανοεῖν
2998 2579 3146 2644 ἡμᾶς
3177 2577 3252 2639 ὡς
3285 2574 3515 2629 δυνατὸν
3551 2575 3614 2627 ὲκ

2031 2678 2258 2746 ταύτης,
2288 2675 2405 2730 πῶς
2435 2675 2531 2728 καὶ
2577 2674 2762 2744 ἐκείνη
2797 2677 2895 2726 καὶ
2927 2673 3053 2743 τρία
3086 2672 3200 2724 ἐστὶ
3233 2669 3330 2722 καὶ
3365 2669 3443 2722 ἓν.
3482 2669 3614 2722 Ὅτε

2032 2773 2142 2843 γὰρ
2172 2771 2231 2824 ὲν
2261 2772 2394 2838 ἡμῖν
2427 2771 2614 2840 πατὴρ
2647 2768 2793 2832 νοῦς,
2857 2769 2954 2820 καὶ
2987 2768 3014 2820 ό
3039 2766 3097 2818 ὲν
3132 2763 3281 2832 αὐτῷ
3315 2763 3494 2831 λόγος,
3521 2762 3616 2816 καὶ

2031 2865 2094 2919 τὺ
2143 2864 2202 2929 ἐξ
2242 2863 2408 2916 αὑτοῦ
2456 2863 2550 2916 καί
2583 2861 2652 2914 δι’
2701 2860 2868 2913 αὐτοῦ
2917 2859 3160 2926 πνεῦμα,
3199 2858 3323 2922 τρία
3355 2857 3450 2909 καὶ
3490 2855 3620 2908 ὄντα

2032 2957 2128 3011 καὶ
2179 2953 2527 3024 μετρούμενα
2561 2952 2638 3014 είς
2685 2952 2744 3005 ἓν
2780 2969 2833 3003 τι
2887 2947 3241 3002 συννεύουσιν
3271 2946 3618 3016 ἀχωρίστως,

2033 3047 2128 3100 καὶ
2175 3047 2205 3101 δ
2268 3045 2523 3114 μέγιστος
2579 3043 2792 3113 Πατὴρ,
2847 3042 2943 3095 καὶ
2995 3042 3025 3094 ό
3080 3038 3387 3109 ἀγιώτατος
3447 3036 3622 3091 αὐτοῦ

2034 3139 2228 3205 Λόγος,
2273 3136 2370 3188 καὶ
2416 3135 2477 3187 τὸ
2532 3133 2804 3201 πανάγιον
2856 3128 3107 3198 Πνεῦμα,
3163 3129 3336 3199 ὁμοίῳ
3400 3127 3462 3192 δή
3514 3144 3624 3179 τινι

349 3221 613 3293 Spiritus,
675 3224 861 3293 aliquo
911 3225 1076 3279 simili
1129 3225 1290 3280 modo
1338 3241 1472 3282 sane
1521 3227 1928 3297 concipiuntur.

2039 3228 2224 3298 τρόπῳ
2277 3225 2823 3292 καταλαμϐάνονταιο
2872 3223 2932 3276 ἓν
2982 3222 3040 3276 δὲ
3091 3221 3316 3283 πάντως
3371 3221 3404 3289 ὴ
3449 3220 3624 3284 Τριὰς

355 3313 537 3370 Unum
565 3324 745 3370 autem
781 3330 1006 3384 prorsus
1041 3324 1125 3372 est
1159 3319 1260 3373 ista
1291 3315 1556 3382 Trinitas,
1599 3328 1656 3374 et
1681 3318 1787 3373 tria
1821 3319 1934 3373 haec

354 3421 573 3472 monas,
607 3421 718 3463 non
743 3406 899 3477 juxta
934 3424 1056 3476 qua:
1086 3419 1219 3464 sunt
1245 3409 1303 3464 in
1333 3409 1492 3465 nobis
1524 3410 1778 3466 habentia
1802 3425 1935 3464 cau-

355 3514 474 3556 sam
499 3499 787 3570 producta,
823 3498 1002 3567 facta;
1043 3501 1290 3557 omnium
1351 3515 1486 3556 vero
1557 3511 1810 3558 nostrum
1881 3511 1937 3557 et

355 3608 538 3650 rerum
573 3608 696 3664 quae
734 3600 866 3649 sunt
891 3607 1111 3650 sursum
1144 3601 1199 3648 et
1220 3592 1386 3658 infra,
1409 3593 1527 3664 ipsa
1557 3602 1707 3650 certe
1729 3605 1786 3650 et
1817 3596 1934 3650 suta

352 3686 574 3761 proprie
605 3699 792 3742 causa.

427 3778 554 3835 H7.
593 3779 662 3834 Et
698 3787 987 3851 postquam
1027 3779 1098 3834 ita
1133 3780 1555 3848 propemodum,
1593 3792 1701 3833 non
1738 3793 1936 3835 secun-

356 3874 484 3931 dum
513 3872 789 3938 homines,
830 3871 923 3936 sed
955 3870 1270 3941 angelorum
1308 3869 1532 3938 linguis,
1565 3869 1735 3925 locuti
1777 3879 1937 3925 erant

356 3966 559 4033 sancti,
588 3965 673 4022 vel
697 3964 900 4035 potius,
929 3973 1155 4019 auctore
1177 3961 1306 4027 Deo,
1335 3963 1464 4017 talia
1493 3963 1931 4024 constituerant,

357 4063 506 4119 sicut
541 4059 701 4115 nobis
755 4073 821 4114 ex
877 4057 1076 4113 divinis
1107 4057 1388 4126 sacrisque
1418 4055 1724 4126 Scripturis
1785 4057 1942 4112 colli-

358 4166 490 4224 gere
515 4151 696 4214 datur,
726 4147 884 4204 aliter
905 4148 1070 4204 etiam
1093 4146 1252 4202 nobis
1275 4147 1332 4201 in
1391 4158 1630 4201 mentem
1691 4147 1937 4202 eamdem

358 4242 765 4316 philosophiam
824 4247 975 4296 recte
1029 4238 1281 4294 simulac
1346 4239 1626 4308 sapienter
1682 4239 1942 4294 inducere

361 4334 673 4394 studebant.
701 4331 985 4388 Ponebant
1025 4329 1270 4400 quidem,
1304 4341 1362 4384 ut
1393 4329 1632 4400 aliquam
1689 4329 1940 4394 domum,

360 4428 661 4483 maximum
696 4424 984 4490 mundum,
1025 4433 1080 4478 et
1106 4430 1218 4478 tres
1251 4421 1326 4477 ibi
1377 4420 1788 4490 suspendebant
1846 4420 1945 4491 hy-

359 4520 576 4593 pothesi
603 4518 905 4590 lampades.
942 4526 1192 4573 sanctam
1259 4514 1642 4586 trifulgentem
1697 4514 1943 4568 Trinita-

2037 3321 2200 3392 αὕτη,
2229 3321 2326 3374 καὶ
2357 3319 2486 3390 τρία
2516 3321 2547 3388 ἡ
2584 3317 2773 3388 μονὰς,
2806 3317 2868 3370 οὐ
2905 3315 3050 3370 κατά
3074 3316 3144 3370 τὰ
3174 3316 3233 3368 ὲν
3267 3315 3400 3383 ἡμῖν
3441 3313 3508 3366 τὰ
3541 3314 3628 3365 αἰ-

2035 3413 2220 3481 τιατὰ,
2261 3414 2332 3467 τὰ
2382 3411 2734 3484 παρηγμένα,
2763 3411 2832 3464 τά
2880 3410 3119 3480 ποιητά·
3153 3409 3378 3463 πάντων
3421 3407 3477 3460 δὲ
3531 3406 3626 3457 καὶ

2037 3506 2196 3576 ἡμῶν
2226 3506 2321 3560 καὶ
2351 3504 2458 3561 τῶν
2489 3521 2550 3558 τε
2601 3503 2714 3559 ἀνω
2759 3503 2853 3557 καὶ
2897 3501 3010 3555 τῶν
3055 3502 3230 3565 κάτω,
3270 3499 3413 3554 αὐτὰ
3435 3497 3498 3568 δὴ
3531 3495 3626 3550 καὶ

2040 3600 2178 3668 μόνα
2212 3599 2420 3667 κυρίως
2451 3595 2620 3650 αῖτια.

2115 3777 2237 3849 ρις¹.
2271 3777 2382 3830 Καὶ
2414 3775 2557 3830 οὕτω
2594 3792 2710 3840 πως
2741 3776 2792 3829 oi
2845 3775 2992 3844 ἅγιοι
3033 3775 3096 3828 οὐ
3125 3773 3252 3830 κατ’
3296 3772 3628 3844 ἀνθρώπους

2039 3871 2396 3941 λαλήσαντες,
2447 3869 2584 3922 ἀλλὰ
2642 3867 2922 3938 γλώσσαις
2971 3869 3242 3938 ἀγγέλων,
3299 3868 3505 3938 μᾶλλον
3566 3867 3625 3920 δὲ

2043 3962 2459 4034 θεοπαραδότως
2485 3961 2553 4016 τὰ
2578 3961 2809 4016 τοιαύτα
2856 3961 3324 4032 καταστήσαντες,
3356 3960 3433 4024 ὡς
3476 3960 3626 4012 ἔστιν

2042 4059 2176 4127 ἡμῖν
2209 4053 2573 4124 ἀναλέγεσθαι
2614 4053 2680 4107 ὲκ
2707 4053 2817 4107 τῶν
2857 4052 3019 4107 θείων
3041 4052 3137 4106 καὶ
3170 4051 3336 4124 ἱερῶν
3365 4051 3624 4121 Γραφῶν,

2043 4148 2504 4219 ἑφιλοτιμὴσαντο
2548 4145 2855 4215 ἐμϐιϐάσαι
2882 4145 3018 4215 ἡμῖν
3050 4145 3128 4206 είς
3163 4143 3290 4198 νοῦν
3321 4144 3416 4196 καὶ⁵
3455 4143 3632 4206 ἄλλως

2043 4238 2142 4308 τὴν
2167 4236 2427 4308 τοιαύτην
2455 4235 2780 4304 φιλοσοφίαν
2808 4233 3118 4298 εὐθυσόλως
3146 4233 3265 4304 ἃμα
3292 4235 3387 4287 καὶ
3416 4231 3594 4301 σοφῶς
3611 4247 3631 4266 ο

2045 4329 2121 4392 ὼς
2141 4324 2290 4382 οἷκον
2315 4327 2416 4398 μέν
2439 4345 2563 4381 τινα
2585 4326 2955 4398 ὑπερθέμενοι
2978 4325 3072 4380 τὸν
3099 4326 3362 4395 μέγιστον
3395 4325 3627 4394 κόσμον,

2045 4420 2216 4490 λύχνα
2251 4420 2309 4475 δὲ
2347 4414 2462 4474 οἷον
2506 4417 2895 4487 ὑπανάψαντες
2949 4416 3292 4480 ὑποθετικῶς
3344 4415 3492 4487 τρία,
3532 4416 3634 4482 τὴν

2047 4510 2325 4581 τρίφωτον
2357 4511 2523 4580 ἁγίαν
2566 4511 2774 4582 Τριάδα
2799 4525 2812 4540 ·
2847 4511 2944 4564 καὶ
2973 4510 3103 4573 τοὺς
3139 4509 3238 4580 μὲν
3267 4508 3496 4579 λύχνους
3525 4506 3634 4578 ἰδίᾳ.

365 4583 498 4666 tem.
537 4610 647 4668 Has
677 4583 859 4667 autem
896 4609 1177 4680 lampades
1225 4583 1637 4664 contuebantur
1688 4607 1933 4676 privatim

2051 4601 2381 4674 θεωροῦντες
2406 4601 2794 4672 ἐκλάμποντας
2827 4601 2922 4656 καὶ
2947 4601 3039 4655 τὸν
3073 4597 3224 4655 οἷκον
3253 4598 3593 4668 φωτίζοντας
3614 4612 3632 4630 ⁸

363 4703 602 4758 nitentes
631 4710 683 4757 et
717 4701 940 4756 domum
972 4700 1350 4756 illuminantes
1382 4700 1610 4762 ;exinde
1659 4711 1792 4752 vero
1833 4697 1947 4751 cla-

363 4794 554 4848 ritates
587 4801 642 4848 et
671 4792 1008 4848 radiationes
1041 4793 1431 4864 excogitabant
1459 4801 1675 4856 mutuo,
1733 4806 1832 4860 per
1888 4804 1947 4845 se

365 4886 653 4941 venientes
671 4895 724 4940 et
752 4895 1135 4955 cooperantes,
1168 4901 1338 4941 unum
1373 4884 1588 4941 efﬁcere
1620 4883 1824 4938 bonum
1852 4897 1948 4938 su-

366 4990 616 5047 premum
647 4983 704 5030 et
753 4973 930 5042 finale,
997 4973 1221 5044 hOspitii
1270 4973 1808 5029 administrationem
1851 4988 1949 5043 per

364 5069 824 5124 illuntinatiouem
883 5078 939 5123 et
982 5069 1372 5138 pragmaticam
1421 5066 1829 5129 ostensionem,
1892 5068 1946 5118 in

367 5163 525 5231 cujus
556 5163 788 5231 gratiam
823 5159 957 5214 tales
985 5174 1230 5214 accensa:
1261 5159 1483 5213 fuerant
1530 5158 1850 5226 lampades;
1895 5165 1952 5212 et

366 5251 684 5320 ltujusmodi
704 5250 956 5320 exemplo
982 5249 1269 5316 docebant,
1289 5264 1454 5303 unam
1474 5248 1951 5317 compositamque

366 5352 574 5398 sanctae
602 5341 892 5398 Trinitatis
938 5344 1339 5409 operationem,
1396 5349 1453 5396 ut
1501 5357 1681 5409 neque
1742 5343 1948 5397 trinum

368 5451 468 5507 per
496 5434 878 5492 confusionem
910 5436 966 5490 in
1001 5450 1062 5489 ea
1092 5435 1386 5500 velaretur,
1415 5434 1510 5490 sed
1537 5433 1828 5490 manifeste
1857 5451 1953 5504 pa—

370 5538 621 5594 teret;et
646 5529 910 5598 operatio,
938 5529 1071 5597 quin
1111 5538 1255 5582 esset
1289 5528 1600 5584 communis
1651 5537 1706 5582 et
1761 5528 1954 5582 incon.-

367 5617 509 5681 fusa,
534 5632 644 5673 non
673 5615 1050 5687 impediretur.
1089 5615 1228 5672 Sunt
1273 5617 1493 5685 quidem
1545 5619 1948 5689 sapientissitua

367 5711 973 5781 sublimiaque.prteter
1005 5710 1110 5764 alia
1175 5711 1367 5776 multa,
1412 5711 1541 5765 talia
1594 5712 1952 5777 documenta,

369 5818 582 5860 necnon
620 5810 895 5860 rectarum
953 5802 1346 5873 cogitationum
1382 5803 1625 5869 inventa,
1671 5804 1768 5860 sed
1833 5805 1954 5874 ipsa

371 5906 554 5956 tamen
579 5898 833 5957 breviora
861 5906 993 5958 sunt
1040 5912 1106 5955 ac
1157 5897 1470 5971 corporalia
1535 5898 1774 5968 taliaque
1827 5913 1950 5967 quae

2051 4694 2148 4756 τὰς
2199 4693 2258 4749 δὲ
2303 4694 2516 4747 ἐκεῖθεν
2573 4692 2814 4765 λάμψεις
2858 4693 2954 4747 καὶ
2993 4691 3374 4755 ἀκτινοϐολίας
3418 4691 3636 4762 φιλοσο-

2051 4787 2279 4857 φοῦντες
2324 4786 2395 4840 δι’
2429 4786 2679 4858 ἀλλήλων
2726 4786 2970 4857 ἡκούσας
3020 4785 3115 4838 καὶ
3152 4784 3546 4855 συνεργούσας,
3578 4782 3636 4836 ἓν

2051 4883 2227 4936 ποιεῖν
2251 4881 2456 4950 ἀγαθὸν
2492 4880 2882 4952 καιριώτατον,
2915 4880 3012 4932 καὶ
3043 4877 3468 4948 σκοπιμώτατον
3497 4877 3641 4930 τελι-

2052 4974 2186 5042 κῶς,
2217 4975 2316 5045 τὴν
2359 4973 2456 5028 τοῦ
2490 4973 2754 5043 ὁσπητίου
2801 4972 3071 5039 διοίκησιν
3108 4969 3196 5024 διὰ
3231 4967 3515 5040 φωτισμοῦ
3545 4969 3640 5022 καὶ

2054 5066 2491 5131 καθυποδείξεως
2519 5066 2938 5136 πραγματικῆς,
2975 5060 3042 5137 ἧς
3089 5064 3250 5136 χάριν
3296 5064 3365 5116 τὰ
3409 5061 3639 5115 τοιαῦτα

2053 5162 2226 5233 λύχνα
2282 5159 2692 5231 ὲξανήφθησαν,
2744 5159 2841 5213 καὶ
2885 5157 3199 5212 διδάσκουσι
3250 5156 3346 5210 καὶ
3413 5155 3479 5208 ὲκ
3537 5153 3639 5220 τῆς

2055 5257 2315 5326 τοιαύτης
2355 5253 2748 5324 παραδείξεως,
2787 5252 2850 5305 τὸ
2881 5251 2981 5319 τῆς
3016 5249 3182 5319 ἁγίας
3206 5249 3439 5319 Τριάδος
3475 5263 3640 5316 μονε-

2053 5347 2320 5418 νέργητον
2357 5350 2740 5415 συνὲργασμα,
2772 5344 2849 5408 ὡς
2886 5345 3024 5414 μήτε
3059 5344 3122 5397 τὸ
3155 5340 3437 5413 τριαδικὸν
3467 5340 3640 5409 αὐτῆς

2055 5439 2344 5494 ὲσκιάσθαι
2383 5438 2473 5492 διὰ
2520 5437 2856 5508 συγχύσεως,
2894 5436 3034 5490 ἀλλὰ
3086 5435 3339 5506 φανερῶς
3387 5432 3642 5502 ἐκφαίνε-

2057 5533 2180 5584 σθαι
2203 5547 2216 5562 ο
2245 5531 2339 5583 καὶ
2379 5530 2440 5582 τὸ
2487 5531 2773 5599 ἐνέργημα
2807 5527 2866 5582 δὲ
2916 5527 3254 5589 κοινωνικῶς
3283 5526 3379 5580 καὶ
3407 5522 3645 5594 ἀσυγχύ-

2054 5642 2162 5688 τως
2206 5621 2617 5676 ἀνεπικώλυτον
2668 5617 2810 5676 εῖναι
2858 5622 2998 5692 αὐτῇ
3029 5637 3042 5651 ·
3079 5622 3172 5674 καὶ
3207 5620 3317 5673 εἰσὶ
3366 5619 3466 5686 μὲν
3511 5617 3644 5670 πάν-

2057 5731 2196 5782 σιιφα
2227 5716 2321 5767 καὶ
2352 5716 2420 5768 τά
2447 5715 2674 5767 τοιαῦτα
2697 5715 2833 5786 πρὸς
2865 5714 3085 5784 μυρίοις
3114 5711 3298 5776 ἄλλοις
3319 5709 3643 5764 διδασκάλια

2057 5805 2149 5858 καὶ
2183 5803 2386 5873 ὑψηλὰ,
2426 5804 2522 5857 καὶ
2571 5804 2827 5856 διανοιῶν
2873 5801 3080 5856 εὐθέων
3131 5803 3447 5871 εὑρήματα,
3472 5797 3644 5868 ταχύ-

2055 5913 2191 5966 τερα
2223 5897 2285 5951 δὲ
2327 5896 2424 5951 καὶ
2463 5897 2604 5951 αὐτὰ.
2641 5896 2817 5968 ὅμως,
2854 5899 2949 5952 καὶ
2981 5894 3269 5965 σωματικά
3315 5894 3410 5948 καὶ¹
3439 5886 3528 5946 οἷα
3563 5888 3643 5959 μὴ
