4050 6426
377 420 484 482 633

1169 420 1254 480 ΙΝ
1296 420 1633 487 IIYMNUM
1671 422 2336 486 l’ENTECOSTALEM
2375 422 2843 486 DAMASCENI.

3551 418 3656 482 ϐ’ἶῷ

377 529 526 598 ἔχειν
573 529 945 600 πληροφορεῖν
994 529 1290 600 ἄνθρωπον
1342 533 1786 603 πολυπράγμονα
1821 535 1995 604 πρὸςι

2077 537 2397 593 :onvincere
2429 546 2708 606 nequeant
2737 534 3016 591 hominem
3045 535 3109 590 de
3129 533 3473 590 inscrutabili
3504 550 3658 594 com-

377 620 723 691 ἆσυζήτητον
757 621 1094 693 κατάληψιν,
1125 625 1175 677 εί
1213 625 1289 692 μὴ
1323 626 1487 690 αὐτὸς
1525 629 1554 681 ὁ
1579 627 1715 688 Θεὸς
1747 628 1961 679 ἀποκα-

377 713 552 782 λύψας
605 716 732 779 τοὺς
795 715 1114 787 ὀφθαλμοὺς
1167 717 1279 772 τῶν
1329 718 1364 789 ἢ
1411 719 1896 789 ἀμϐλυωπούντων
1928 720 1962 790 ἢ

379 806 555 869 ἄλλως
607 807 1049 876 δυσωπουμένων
1079 808 1176 880 τὴν
1227 810 1366 881 πρὸς
1399 809 1492 864 τὸν
1516 809 1671 880 ἥλιον
1699 810 1801 876 τῆς
1829 809 1965 876 ἀλη-

382 898 535 963 θείας
581 900 901 968 ἀνάϐλεψιν,
945 903 1141 956 ἑαυτὸν
1173 903 1470 973 ἑμφανίσει
1502 905 1601 957 καὶ
1649 903 1852 968 διδάξει
1896 903 1966 956 τὰ

382 992 523 1061 ὐπὲρ
552 991 910 1064 ἀνθρωπικὴν
937 994 1290 1066 κατανόησιν.
1325 995 1537 1051 Οὐκοῦν
1569 997 1656 1050 ἴνα
1687 996 1762 1066 μὴ
1792 997 1965 1065 ἀναγ-

382 1086 680 1156 κασθῶμεν
705 1087 1030 1158 αὐτόχρημα
1065 1088 1514 1158 μεταλαμϐάνειν
1550 1089 1619 1144 τά
1649 1089 1758 1143 τῶν
1793 1088 1967 1157 ἁγίων

385 1177 651 1247 Πατέρων
684 1178 743 1243 ἐξ
777 1179 1136 1249 ἀντιγράφων
1177 1181 1556 1252 ὲρανιξόμενοι
1587 1185 1659 1234 τὰ
1688 1181 1785 1235 καὶ
1809 1180 1970 1251 ἡμῶν

382 1270 506 1340 δίχα
542 1271 744 1344 ἔκδηλα
771 1273 852 1338 είς
898 1272 1126 1337 ἔνδειξιν
1156 1273 1407 1344 φανεράν
1436 1273 1532 1328 τοῦ
1572 1273 1704 1345 μίαν
1735 1277 1793 1328 ἐν
1821 1275 1972 1344 τρισὶ

385 1365 702 1435 προσώποις
744 1363 885 1419 εἶναι
933 1367 1034 1436 τὴν
1083 1369 1399 1439 ἀγιωτάτην
1426 1369 1685 1439 θεότητα,
1717 1369 1818 1423 καὶ
1844 1368 1970 1437 είκῆ

384 1457 672 1525 φανεῖσθαι
722 1459 851 1530 περὶ
901 1461 971 1513 τὰ
1015 1462 1186 1515 πᾶσιν
1235 1461 1562 1532 εὐπόριστα,
1616 1459 1972 1531 περιωρίσθω

384 1548 520 1613 ἡμῖν
544 1547 649 1611 ἕως
677 1543 782 1602 ὦδε
811 1549 905 1602 καὶ
925 1551 953 1602 ὁ
975 1549 1217 1610 τοιοῦτος
1243 1551 1398 1615 νοῦςο
1421 1551 1484 1607 τὸ
1503 1551 1583 1616 δὲ,
1616 1550 1830 1621 ἔλαμψε
1856 1549 1972 1618 φῶς

385 1639 418 1704 ἠ
451 1639 612 1707 χάρις
667 1640 760 1692 τοῦ
791 1640 1132 1712 Πνεύματος,
1161 1642 1326 1713 διχῶς
1371 1643 1622 1714 νοητέον⁶
1655 1643 1690 1716 ἢ
1735 1643 1846 1714 γὰρ
1891 1643 1972 1696 ὅτι

387 1729 689 1782 ἀπετέλεσε
737 1730 944 1799 λάμψιν
993 1733 1341 1801 φωτίζουσαν
1385 1733 1565 1804 ψυχάς
1612 1733 1644 1804 ἠ
1687 1734 1848 1804 χάρις
1877 1733 1971 1786 τοῦ

2067 630 2437 700 prehensione
2465 630 2774 694 curiosum,
2811 627 2920 684 nisi
2941 627 3084 684 Deus
3107 627 3221 696 ipse
3249 627 3498 684 revelans
3520 644 3656 683 ocu-

2067 721 2150 777 los
2183 722 2442 778 debilium
2471 731 2524 776 et
2560 737 2749 776 eorum
2788 721 2884 791 qui
2915 720 3054 775 alias
3111 719 3333 776 difﬁcile
3382 720 3656 776 sustinent

2069 815 2203 872 solis
2233 815 2482 872 veritatis
2515 815 2886 880 intuitionem,
2915 813 3275 881 semetipsum
3344 813 3657 868 manifestet

2069 924 2121 965 et
2145 924 2207 964 ea
2233 923 2354 977 qua:
2379 910 2674 962 humanam
2702 906 3405 978 superantintelligentiam
3434 907 3650 962 doceat.

2074 1003 2266 1072 Itaque
2294 1015 2363 1056 ne
2397 1001 2576 1070 reipsa
2605 1015 2866 1070 cogamur
2929 1015 2994 1054 ex
3058 999 3342 1068 rescriptis
3399 1007 3658 1056 eruentes

2071 1096 2346 1166 explicare
2365 1095 2524 1151 dicta'
2543 1103 2856 1149 sanctorum
2885 1092 3134 1157 Patrum,
3169 1109 3294 1164 quae
3316 1093 3437 1148 sine
3498 1092 3658 1148 nobis

2071 1189 2136 1244 ad
2169 1186 2816 1243 claredemonstrandum
2851 1185 2905 1239 in
2961 1185 3136 1240 tribus
3184 1185 3440 1254 personis
3488 1199 3655 1238 unam

2071 1295 2196 1336 esse
2218 1276 2621 1333 sanctissimam
2661 1275 2928 1330 Deitatem
2953 1273 3250 1329 manifesta
3289 1283 3440 1338 sunt,
3492 1274 3655 1329 vani-

2074 1389 2182 1443 que
2214 1371 2502 1426 videamur
2536 1370 2682 1424 circa
2708 1385 2799 1424 res
2833 1367 3094 1428 omnibus
3125 1367 3335 1432 obvias,
3369 1368 3660 1436 hucusque

2074 1465 2564 1523 circumscribatur
2602 1463 2762 1518 nobis
2826 1463 2943 1517 haec
2996 1463 3124 1515 talis
3195 1461 3489 1515 sententia.
3546 1459 3661 1513 line

2074 1568 2254 1614 autem
2285 1576 2298 1612 τ
2333 1556 2545 1626 ἔλαμψε
2568 1556 2685 1625 φῶς
2724 1556 2756 1627 ἡ
2788 1555 2949 1626 χάρις
2969 1553 3064 1606 τοῦ
3099 1552 3444 1622 Πνεύματος,
3474 1552 3658 1618 dupli-

2076 1651 2711 1721 eiterintelligendmn:
2775 1657 2869 1704 aut
2914 1649 3084 1712 enim,
3145 1646 3289 1716 quod
3349 1645 3656 1700 claritatem

2077 1749 2290 1803 animas
2312 1745 2706 1800 illuminantem
2725 1744 2954 1814 perfecit
2981 1743 3236 1798 celebrati
3273 1739 3513 1810 Spiritus
3540 1752 3662 1807 gra-

387 1820 788 1888 ὲορταζομένου
817 1825 1156 1894 Πνεύματος,
1191 1827 1224 1895 ἢ
1257 1827 1341 1880 ὅτι
1378 1827 1620 1896 σήμερον
1667 1824 1974 1896 ἐξέλαμψεν

2081 1840 2175 1903 tia,
2201 1839 2284 1892 vel
2319 1837 2464 1907 quod
2501 1835 2666 1890 hodie
2691 1836 2830 1890 luxit
2860 1835 3119 1890 exoriens
3143 1833 3332 1887 lumen
3397 1844 3504 1884 non
3571 1843 3659 1880 as-

387 1911 674 1967 ἀνατείλαν
717 1916 832 1983 φῶς
882 1918 942 1970 οὐ
978 1917 1038 1971 τὸ
1075 1919 1328 1990 σύνηθες,
1361 1921 1457 1972 καὶ
1495 1918 1635 1988 πρὸς
1680 1917 1970 1989 αἴσθησιν.

388 2006 526 2059 ἀλλά
561 2009 592 2077 ἠ
626 2007 789 2078 χάρις
810 2009 906 2063 τοῦ
949 2011 1108 2079 ἁγίου
1151 2013 1496 2081 Πνεύματος,
1525 2013 1614 2067 ἵνα
1649 2011 1847 2066 ταυτὸν
1885 2011 1972 2082 εῐη

391 2099 509 2167 φῶς
549 2099 783 2154 ἐνταῦθα
830 2103 1030 2168 είπετν,
1083 2105 1188 2158 καὶ
1223 2107 1384 2177 χάριν
1436 2105 1530 2160 τοῦ
1593 2103 1752 2174 ἁγίου
1801 2105 1976 2160 Πνεύ-

395 2207 588 2261 ματος.

691 2287 1018 2358 Τροπάριον
1041 2289 1249 2359 τρίτον
1275 2289 1388 2360 τῆς
1411 2291 1460 2346 δ’
1488 2289 1674 2361 ᾠδῆς.

464 2375 531 2434 Χ.
564 2379 821 2434 Τελεῖσθε
857 2382 1059 2448 πάντες
1089 2387 1158 2455 τῇ
1191 2384 1617 2460 θεαρχικωτάτῃ

573 2473 731 2526 Ὅσοι
755 2473 1052 2544 λατρευτιιί⁸
1081 2478 1181 2544 τῆς
1205 2478 1545 2548 τριφεγγούς
1569 2479 1760 2543 οὐσίας
1783 2496 1797 2511 ο

581 2565 912 2636 ’Υπερφυῶς
940 2567 1090 2622 τελεῖ
1120 2570 1230 2640 γὰρ
1268 2569 1348 2633 ὡς
1373 2571 1695 2642 εὐεργέτης,

570 2657 682 2711 Καὶ
715 2664 1099 2730 πυρσομορφοῖ
1119 2663 1352 2733 Χριστὸς
1374 2668 1454 2726 είς
1489 2664 1768 2735 σωτηρίαν

572 2749 746 2820 Ὅλην
765 2751 1003 2816 πορίζων
1024 2752 1123 2821 τὴν
1143 2753 1306 2822 χάριν
1331 2753 1424 2808 τοῦ
1455 2755 1796 2825 Πνεύματος.

467 2842 595 2913 ριη’.
637 2843 984 2898 Ἦθικεύεται
1017 2847 1044 2899 ό
1099 2846 1340 2917 μελῳδὸς
1403 2847 1522 2916 ἅμα
1567 2847 1800 2918 παρόντι
1849 2864 1982 2918 τρο-

394 2935 600 3006 παρίῳ,
634 2937 728 2990 καὶ
781 2939 853 2992 τά
901 2939 1000 3009 τῆς
1053 2940 1249 3010 ἑορτῆς
1298 2939 1603 3008 φιλοσοφεῖ.
1655 2941 1762 2994 Καὶ
1804 2941 1836 3010 ἡ
1881 2939 1982 3010 μὲν

394 3030 533 3100 πρὸς
577 3025 709 3102 ἦθος
773 3031 1056 3097 παίδευσις
1103 3032 1276 3102 λέγει,
1308 3034 1392 3087 ὅτι
1426 3033 1636 3094 Πάντες
1683 3033 1799 3088 ὅσοι
1853 3032 1981 3087 ἐστὲ

394 3122 691 3195 λατρευταὶ
716 3123 816 3194 τῆς
845 3123 1178 3194 τριφεγγοῦς
1205 3125 1396 3188 οὐσίας
1431 3124 1698 3193 τελείσθε,
1731 3126 1980 3180 τουτέστι

401 3216 604 3283 μύσται
660 3217 902 3286 γίνεσθε,
933 3218 1156 3291 τελετὴν
1225 3219 1608 3289 ἑορτάζοντες,
1677 3219 1771 3272 καὶ
1835 3217 1980 3273 οὕτω

397 3309 702 3365 τελειοῦσθε
747 3313 812 3382 τῇ
863 3310 1095 3384 τοιαύτῃ
1144 3311 1564 3384 θεαρχικωτάτῃ
1615 3311 1812 3382 οὐσία·
1843 3313 1878 3382 ὴ
1921 3310 1979 3364 δὲ

397 3405 688 3474 φιλόσοφος
735 3403 940 3474 θεωρία
993 3404 1337 3477 πληροφορεί
1375 3404 1462 3458 ὅτι
1498 3405 1533 3475 ἡ
1563 3403 1790 3474 τοιαύτη
1818 3403 1980 3458 οὐσία

396 3497 486 3551 διά
517 3495 611 3550 τοῦ
645 3495 906 3562 Χριστοῦ,
935 3494 994 3559 ὃς
1040 3496 1340 3568 εὐεργέτης
1381 3497 1554 3562 ὅντως
1592 3497 1767 3560 ἐστιν,
1811 3496 1982 3565 ὐπερ‹

399 3590 550 3661 φυῶς
575 3607 635 3642 τε
663 3587 808 3642 τελεῖ
835 3581 1005 3659 ήγὸυν
1049 3590 1198 3658 μυεῖ,
1240 3590 1491 3645 τουτέστι
1519 3592 1872 3660 μυσταγωγεί
1899 3589 1978 3642 δι-

397 3683 635 3749 δάσκων,
671 3681 768 3736 καὶ
825 3681 1100 3738 παιδεύων
1153 3681 1248 3735 καὶ
1290 3686 1683 3754 πυρσομορφοε
1727 3683 1790 3735 οὐ
1842 3681 1980 3754 πρὸς

398 3775 654 3845 ἐρύθημα
685 3773 868 3839 αἰδοῦς
905 3775 1018 3828 εἴτε
1069 3774 1323 3840 κάλλους,
1355 3775 1496 3830 ἀλλά
1547 3779 1628 3840 είς
1673 3775 1978 3848 σωτηρίαν,

399 3866 642 3935 πορίζων
695 3867 812 3927 τοῖς
845 3865 1083 3934 μύσταις
1140 3866 1308 3920 αὐτοῦ
1353 3865 1486 3938 ὅλην
1523 3865 1624 3937 τὴν
1672 3867 1836 3936 χάριν
1883 3867 1979 3920 τοῦ

401 3961 742 4028 ῐΙνεύματος.
775 3960 849 4013 Οὐ
891 3960 1001 4031 γὰρ
1042 3958 1242 4022 ἀτελὴς
1281 3959 1310 4012 ό
1357 3957 1514 4023 Θεὸς,
1544 3957 1736 4029 ὥσπερ
1767 3957 1830 4012 οὐ
1879 3957 1980 4030 τὴν

397 4049 788 4122 πληρεστάτην
844 4049 1007 4118 φύσιν
1042 4047 1209 4103 αὐτοῦ
1249 4049 1284 4120 ἢ
1330 4049 1460 4103 ἄλλο
1496 4067 1549 4104 τι
1581 4049 1692 4105 τῶν
1724 4050 1848 4106 κατ’
1877 4052 1980 4106 αὐ-

397 4142 512 4207 τὸν,
543 4143 638 4195 καὶ
665 4141 794 4213 περὶ
819 4140 1007 4208 αὐτὸν,
1039 4139 1216 4205 οὕτως
1241 4140 1365 4194 οὐδὲ
1388 4138 1488 4212 τὴν
1521 4140 1846 4211 εὐεργεσίαν
1884 4141 1981 4197 καὶ

397 4235 502 4307 τὴν
535 4235 697 4306 χάριν
752 4233 852 4304 τὴν
897 4233 956 4300 ὲξ
988 4233 1154 4287 αὐτοῦ
1205 4233 1348 4304 πρὸς
1401 4233 1496 4288 τοῦ
1547 4233 1740 4290 αὐτοῦ.
1774 4235 1839 4288 Εί
1871 4234 1980 4306 γὰρ

401 4325 498 4378 κοί
547 4325 689 4378 πάνυ
746 4323 918 4396 μικρὰ
973 4323 1272 4392 λαμϐάνων
1324 4323 1614 4395 προσίεται
1660 4323 1721 4386 ὃς
1769 4341 1835 4394 γε
1885 4327 1982 4379 καὶ

399 4417 770 4486 προσκυνήσει
812 4415 996 4486 χαίρει
1039 4417 1108 4485 τῇ
1155 4413 1281 4469 κατ’
1323 4413 1598 4487 ὀρθότητα
1625 4415 1724 4469 καὶ
1757 4415 1983 4488 εὐλογίᾳ

399 4509 706 4580 εὐγνώμονι
759 4509 836 4571 ὡς
885 4509 982 4562 καὶ
1051 4508 1223 4572 ὅντως
1272 4508 1592 4578 εὐλογητὸς,
1649 4507 1766 4562 ἀλλ’
1816 4507 1981 4573 αὐτὸς

401 4603 786 4675 μεγαλόδωρός
818 4603 992 4667 ἐστιν,
1019 4601 1103 4656 ὅτι
1131 4603 1227 4656 καὶ
1263 4601 1709 4676 ἐλευθεριότητος
1735 4602 1981 4672 ἀπάσης,

397 4699 492 4752 καὶ
531 4694 1010 4766 μεγαλοπρεπείας
1037 4694 1310 4766 δεσπότης
1349 4693 1469 4765 ἅμα
1499 4696 1596 4750 καὶ
1625 4693 1945 4764 παραδότης
1964 4709 1980 4725 ο

398 4790 494 4843 καὶ
515 4790 544 4841 ὁ
572 4788 663 4842 τὸν
689 4787 1076 4858 ἀναμάρτητον
1100 4787 1390 4857 ἄνθρωπον
1415 4788 1536 4843 ὅλον
1561 4789 1756 4842 ἑαυτὸν
1785 4788 1986 4858 ἐκείνῳ

396 4882 738 4937 ἀντιδίδωσιν
774 4882 934 4953 εἴπερ
966 4880 1114 4946 ἄξιος
1149 4881 1344 4934 τούτου
1378 4879 1630 4950 γένηται.

473 4974 594 5042 ριθ¹.
643 4973 843 5028 Ἰστέον
875 4973 933 5026 δὲ
974 4975 1057 5026 ὅτι
1111 4973 1525 5043 προπακτικῆς
1559 4989 1622 5026 τε
1679 4971 1986 5042 ἐγκλίσεως

397 5065 459 5118 τὸ
485 5065 752 5130 τελεῖσθε,
781 5064 878 5119 καὶ
905 5065 990 5118 ὅτι
1028 5063 1312 5134 μυστικῶς
1352 5065 1484 5135 ἁγία
1510 5067 1543 5136 ἡ
1571 5065 1798 5136 τοιαύτη
1834 5066 1983 5130 λέξις

400 5156 683 5227 σύστοιχος
719 5157 787 5226 τῇ
836 5157 1048 5228 τελετῇ,
1092 5156 1189 5210 καὶ
1233 5161 1300 5227 τῇ
1346 5157 1694 5229 τελεταρχίᾳ,
1729 5157 1824 5212 καὶ
1866 5161 1982 5222 τοῖς

395 5247 678 5311 τελεσταϊς
717 5248 830 5300 τῶν
864 5248 1186 5318 μυστηρίων
1229 5247 1567 5320 ὲκφάντορσι
1595 5264 1610 5280 ο
1648 5247 1893 5303 τοιοῦτον
1925 5249 1982 5304 δὲ

399 5343 496 5396 καὶ
523 5341 584 5394 τὸ
609 5340 774 5405 τελεῖ,
806 5341 948 5412 ὅπερ
969 5341 1230 5410 ἀνωτέρω
1260 5343 1466 5396 κεῖται.
1505 5340 1988 5413 Ἀποκαρανοῦται

397 5435 480 5499 δὲ,
513 5434 542 5488 ὃ
572 5433 637 5505 δή
684 5451 769 5495 τις
821 5433 948 5505 ἔφη,
983 5434 1160 5488 ταῦτα
1206 5435 1304 5488 καὶ
1351 5435 1454 5488 ὅσα
1503 5433 1755 5499 τοιαῦτα,
1781 5427 1858 5490 ὧν
1895 5435 1988 5489 καὶ

402 5525 909 5598 προεμνήσθημεν·
967 5525 1153 5595 σαφῶς
1221 5527 1278 5579 δὲ
1339 5528 1518 5580 εἰπεῖν
1586 5526 1988 5597 κεφαλαιοῦται

405 5621 502 5676 καὶ
557 5621 742 5692 ἀφορᾷ
791 5621 872 5684 είς
919 5619 1021 5688 τὴν
1071 5620 1194 5673 κατ’
1234 5619 1528 5690 ἄνθρωπον
1577 5622 1887 5688 τελείωσιν,
1918 5622 1987 5693 ἢν

402 5713 778 5784 εὐπραγοῦσιν
823 5713 872 5765 oi
898 5711 1033 5778 πρὸς
1051 5711 1222 5783 ὀρθὴν
1259 5712 1525 5782 ἀλήθειαν
1557 5713 1650 5766 καὶ
1682 5713 1983 5786 ὀρθότητα,

405 5806 467 5858 οὐ
499 5804 607 5874 μὴν
647 5806 727 5868 είς
773 5803 1008 5875 κρίμαῆ
1046 5806 1124 5867 είς
1148 5804 1485 5874 κατάκριμα,
1526 5805 1592 5857 τὰ
1629 5805 1750 5858 θεῖα
1781 5807 1984 5874 μιμούο

407 5911 597 5965 μενοι·
631 5897 772 5966 τάχα
832 5894 890 5948 δὲ
945 5895 1171 5968 τοιαύτη
1223 5911 1304 5960 τις
1359 5894 1537 5951 ἔννοια
1590 5896 1686 5950 καὶ
1736 5897 1863 5961 τοὺς
1916 5898 1976 5950 ὲν

2076 1941 2316 1994 suetum,
2343 1937 2399 1984 et
2425 1928 2706 1989 sensibile,
2729 1926 2872 1997 quod
2896 1935 3076 1981 tamen
3114 1932 3199 1980 est
3253 1924 3429 1994 gratia
3487 1921 3659 1975 sancti

2078 2022 2339 2093 Spiritus,
2374 2031 2435 2077 ut
2488 2021 2634 2077 idem
2668 2021 2739 2076 sit
2771 2019 2954 2075 lumen
2981 2018 3282 2089 hiejdieere
3313 2015 3663 2088 Spiritusque

2075 2118 2253 2173 sancti
2278 2115 2538 2188 gratiam.

2449 2293 2764 2361 Troparium
2792 2291 2827 2346 ’5
2869 2290 2985 2344 eda:
3024 2298 3254 2356 quarm.

2226 2389 2456 2447 Servitis
2481 2401 2675 2442 omnes
2713 2383 3057 2438 divinissimo
3084 2377 3439 2449 principatui,

2149 2484 2296 2552 Quot
2328 2481 2471 2540 servi
2505 2480 2638 2535 estis
2671 2475 2967 2532 trilumiuis
2997 2472 3333 2528 substantiae.

2155 2573 2657 2646 Super-naturaliter
2680 2571 2823 2626 enim
2863 2568 3075 2638 perficit
3107 2578 3163 2622 ut
3189 2564 3521 2625 lwnefaclor,

2153 2668 2220 2725 Et
2258 2669 2470 2739 igneam
2503 2663 2730 2718 formam
2761 2660 3014 2716 Christus
3037 2660 3130 2714 dat
3165 2660 3218 2712 in
3248 2658 3500 2724 salutem,

2151 2760 2340 2814 Totam
2374 2757 2658 2827 porrigens
2684 2754 2914 2824 gratiam
2941 2751 3200 2820 Spiritus.

2153 2851 2280 2906 HS.
2312 2850 2368 2904 In
2396 2845 2650 2919 praesenti
2692 2845 2912 2914 quidem
2947 2843 3172 2910 stropha
3203 2849 3357 2910 poeta
3386 2839 3668 2895 moraliter

2082 2961 2147 3001 ac
2168 2941 2548 3014 philosophice
2567 2953 2688 3008 qua:
2719 2948 2841 2992 sunt
2874 2935 3190 2991 festivitatis
3211 2940 3431 2988 tractat.
3457 2931 3523 2986 Et
3545 2931 3670 3000 qui-

2081 3040 2203 3094 dem
2234 3034 2456 3091 moralis
2488 3032 2776 3088 instructio
2821 3030 2954 3085 dicit
2991 3027 3359 3094 :Quieunque
3403 3027 3666 3080 substan-

2085 3134 2172 3187 tiae
2202 3140 2282 3185 ter
2312 3128 2540 3184 lucentis
2576 3125 2709 3181 estis
2740 3119 3426 3184 adoratores.'initiamiui,
3461 3121 3512 3170 id
3559 3124 3666 3183 est,

2008 3205 2052 3267 (ἶ
2085 3232 2274 3295 mystae
2318 3220 2442 3278 sitis
2479 3217 2740 3290 mysteria
2773 3217 3138 3275 celebrantes,
3175 3223 3228 3266 et
3257 3213 3330 3266 ita
3371 3209 3462 3264 tali
3491 3211 3668 3263 omni-

2082 3314 2289 3386 potenti
2310 3311 2627 3368 substantiae
2651 3307 3082 3365 consecramini.
3111 3303 3501 3372 Philosophiea
3537 3316 3667 3357 vero

2081 3408 2292 3464 theoria
2323 3405 2546 3476 plenam
2587 3404 2719 3458 facit
2760 3402 2921 3457 fidem
2957 3401 3104 3470 quod
3181 3399 3306 3453 talis
3355 3395 3664 3452 substantia

2083 3516 2180 3571 per
2207 3499 2512 3564 Christum,
2561 3497 2652 3564 qui
2716 3510 2846 3549 vere
2899 3493 3182 3548 beneficus
3240 3497 3344 3554 est,
3411 3487 3669 3556 superius

2082 3593 2316 3665 perlicit,
2340 3590 2392 3646 id
2421 3598 2526 3653 est,
2556 3587 2739 3643 initiat
2778 3596 2833 3642 et
2881 3584 3058 3642 sacris
3109 3589 3417 3648 consecrat,
3467 3579 3672 3634 docens

2080 3695 2136 3742 et
2158 3684 2439 3750 erudiens,
2470 3680 2689 3752 etignis
2743 3679 2982 3735 formam
3055 3674 3285 3746 ingerit,
3349 3687 3462 3728 non
3508 3671 3666 3741 juxta

2081 3779 2342 3836 ruborem
2375 3775 2601 3847 pudoris
2639 3773 2725 3828 vel
2757 3768 3208 3843 pulchritudinis,
3241 3767 3336 3822 sed
3402 3765 3471 3820 ad
3522 3763 3668 3820 salu-

2083 3880 2214 3939 tem,
2247 3869 2365 3927 suis
2392 3867 2590 3940 mystis
2614 3879 2833 3922 omnem
2862 3862 3099 3932 Spiritus
3122 3860 3354 3933 gratiam
3386 3857 3664 3929 praebens.

2080 3964 2200 4021 Non
2226 3962 2486 4020 esteuim
2518 3958 2875 4030 imperfectus
2926 3955 3096 4018 Deus,
3163 3954 3309 4010 sicut
3362 3967 3464 4006 nec
3516 3949 3665 4005 circa

2082 4053 2542 4126 perfectissimam
2575 4050 2697 4121 ejus
2729 4058 3006 4116 naturam,
3034 4045 3119 4100 vel
3139 4044 3287 4100 aliud
3309 4041 3440 4114 quid
3475 4055 3665 4096 eorum

2082 4148 2150 4206 ad
2175 4148 2355 4217 ipsum
2387 4143 2832 4215 respicientium,
2870 4139 2952 4196 sic
2973 4153 3154 4210 neque
3186 4137 3332 4193 circa
3360 4133 3668 4192 beneficen-

2082 4241 2217 4296 tiam
2254 4247 2310 4294 et
2343 4237 2582 4309 gratiam
2629 4249 2752 4306 quae
2783 4248 2852 4288 ex
2912 4233 3035 4302 ipso
3075 4237 3130 4286 et
3179 4243 3277 4300 per
3330 4226 3506 4297 ipsum
3561 4231 3666 4278 est.

2084 4332 2201 4388 Etsi
2222 4330 2368 4387 enim
2395 4329 2556 4384 valde
2590 4341 2756 4397 parva
2786 4325 3095 4388 suscipiens
3152 4321 3518 4390 concipiatur,
3573 4316 3667 4386 qui

2083 4424 2226 4482 facta
2295 4421 2600 4479 secundum
2661 4418 3043 4474 rectitudiuem
3106 4415 3422 4471 adoratione
3470 4413 3670 4483 gaudet

2013 4550 2059 4606 Β
2087 4531 2302 4575 necnon
2340 4513 2606 4570 benevola
2639 4511 2999 4581 laude,'quasi
3029 4524 3215 4566 revera
3239 4509 3518 4569 laudatus,
3551 4505 3670 4575 ipse

2087 4617 2270 4666 tamen
2306 4608 2361 4664 in
2393 4606 2552 4663 donis
2588 4604 2912 4676 magniﬁcus
2961 4613 3071 4669 est,
3104 4610 3294 4673 utpote
3328 4601 3420 4673 qui
3457 4611 3670 4655 cunctae

2085 4699 2432 4758 liberalitatis
2465 4706 2521 4754 et
2550 4695 2940 4766 magnitudinis
2965 4702 3053 4750 est
3093 4695 3349 4750 dominus
3379 4701 3432 4747 ει
3479 4693 3669 4754 dator,

2086 4795 2292 4866 quique
2325 4792 2669 4848 innocentem
2735 4788 3013 4845 hominem
3063 4797 3237 4845 totum
3303 4788 3544 4858 seipsum
3593 4787 3671 4842 illi

2085 4886 2205 4940 vice
2225 4897 2322 4941 sua
2357 4883 2522 4938 tradit
2553 4881 2682 4938 dum
2712 4881 2799 4937 ille
2834 4881 3030 4943 dignus
3067 4880 3169 4934 hoc
3203 4879 3314 4936 fiat.

2162 4975 2289 5032 H9.
2319 4975 2614 5031 Sciendum
2648 4983 2732 5030 est
2760 4984 2950 5028 autem
3010 4972 3313 5039 imperativi
3347 4970 3494 5025 modi
3549 4986 3673 5026 esse

2085 5081 2280 5123 vocem
2317 5065 2604 5131 τελεῖσθες
2668 5065 3008 5137 mystieeque
3062 5073 3310 5119 sanctam
3353 5077 3477 5118 esse
3535 5064 3675 5116 hanc

2089 5157 2425 5214 locutionem
2458 5172 2580 5228 quae
2609 5157 2852 5228 ejusdem
2888 5165 2972 5211 est
2999 5155 3218 5226 generis
3265 5171 3330 5211 ac
3357 5156 3390 5227 ἡ
3413 5153 3602 5224 τελετή
3622 5161 3677 5208 ει

2087 5249 2494 5322 ήτελεταρχία,
2520 5259 2576 5306 ει
2613 5251 2664 5304 οἱ
2695 5248 2937 5314 τελεταί,
2974 5249 3068 5319 qui
3103 5257 3232 5304 sunt
3283 5247 3673 5319 mysteriorum

2089 5343 2440 5413 interpretes.
2473 5343 2604 5398 Tale
2635 5353 2718 5397 est
2745 5357 2964 5413 quoque
3028 5343 3255 5398 verbum
3304 5343 3473 5408 τελεῖ,
3525 5341 3670 5411 quod

2096 5434 2356 5504 superius
2389 5434 2659 5490 habemus
2677 5433 3154 5505 Ἀποκαρανοῦται
3182 5446 3386 5499 autem,
3405 5443 3462 5489 ut
3478 5435 3682 5505 aliquis

2091 5526 2250 5591 dixit,
2289 5527 2406 5582 haec
2436 5527 2651 5596 aliaque
2678 5529 2905 5592 similia,
2935 5543 3168 5598 quorum
3229 5528 3548 5582 memoriam
3597 5527 3674 5582 fe-

2089 5618 2304 5674 cimus:
2343 5619 2448 5684 vel,
2480 5628 2542 5674 ut
2577 5619 2779 5674 clarius
2812 5626 3027 5688 loquar,
3059 5620 3373 5673 summatim
3419 5620 3684 5675 dicuntur

2089 5722 2143 5768 et
2171 5719 2422 5782 spectant
2444 5711 2511 5765 ad
2538 5713 2776 5766 hominis
2801 5712 3085 5765 τελείωσιν
3113 5728 3276 5780 quam
3298 5721 3442 5766 recte
3473 5711 3682 5765 faciunt

2091 5804 2363 5872 quijuxta
2413 5812 2617 5858 rectam
2658 5805 2938 5858 veritatem
2978 5811 3032 5858 et
3078 5802 3439 5858 orthodoxam
3495 5801 3676 5867 fidem,

2089 5907 2195 5948 non
2229 5893 2282 5947 in
2305 5891 2569 5962 judicium
2597 5900 2652 5948 et
2679 5891 3214 5956 condemnationem,
3245 5889 3430 5946 divina
3451 5887 3672 5941 imitan-
