4050 6438
292 383 396 445 625

971 384 1396 447 EUSTATHII
1438 384 2198 452 THESSALONICENSIS
2247 391 2813 456 METROPOLITA!

3475 393 3584 454 636

294 503 404 550 tur.
433 492 596 549 Forte
625 509 752 548 vero
781 497 904 550 talis
932 496 1179 562 quaedam
1215 496 1488 551 sententia
1524 509 1623 552 eos
1651 505 1883 552 exornat

2015 503 2132 556 ﬂat
2163 504 2444 573 σεμνύνει.
2477 505 2506 558 ὅ
2541 506 2659 559 ἐστι
2691 506 2822 570 τοὺς
2873 505 3307 574 ἀξιωματικοὺς,
3352 505 3492 558 κατᾶ
3523 506 3584 557 τὸ

295 589 391 658 qui
424 589 478 644 in
498 590 662 658 τέλει,
689 591 739 644 id
767 600 842 646 est
867 591 1205 662 indignitate
1229 601 1357 645 sunt
1375 590 1678 646 secundum
1696 590 1879 646 istud:

297 681 412 736 Illis
443 683 535 752 qui
565 693 690 737 sunt
718 683 770 737 in
795 683 1056 752 dignitate
1082 683 1270 754 (τέλει)
1304 686 1607 751 constituti,
1640 685 1880 756 parebo,

298 790 510 830 necnon
549 775 774 830 forsitan
810 777 992 832 bellici
1026 778 1250 832 ordines
1277 779 1404 833 hinc
1434 778 1613 849 (τέλη)
1690 779 1884 836 dicun-

300 880 390 920 tur
419 877 637 937 propter
674 870 889 924 illorum
927 870 1070 924 velut
1133 870 1492 925 initiationem
1547 871 1615 925 ad
1678 872 1880 928 bonam

300 961 783 1030 compositionem,
813 964 885 1017 ob
911 979 1078 1033 quam
1108 964 1272 1018 etiam
1291 963 1357 1017 de
1390 963 1590 1018 talibus
1618 964 1885 1034 quaestio-

306 1053 470 1108 nibus
497 1055 633 1108 liber
664 1055 1058 1110 honorabiliter
1093 1056 1356 1108 τακτικὸν
1393 1057 1616 1110 dicitur.
1649 1055 1723 1112 De
1754 1070 1888 1112 voce

211 1211 224 1224 .
304 1156 509 1212 autem,
548 1149 902 1221 ἀρχικωτάτη
948 1149 1060 1218 jam
1098 1151 1364 1219 scriptum
1401 1159 1507 1204 est.
1545 1148 1722 1203 Οὐσία
1757 1165 1886 1204 vero

304 1257 527 1304 prorsus
556 1243 708 1308 quta
743 1259 1085 1298 communem
1119 1243 1349 1297 formam
1383 1244 1470 1296 hic
1503 1243 1886 1307 sumitur,nor.

303 1348 368 1386 ex
399 1334 869 1404 qundamprazvia,
892 1335 986 1391 sed
1017 1351 1084 1391 ex
1117 1336 1208 1390 illa
1231 1351 1351 1406 quae
1379 1336 1432 1389 in
1464 1334 1706 1390 secundo
1727 1349 1886 1389 versu

313 1423 486 1492 posita
518 1435 618 1479 est.

376 1514 500 1571 1°20.
551 1515 848 1584 Λατρεύειν
883 1516 1012 1571 olim
1045 1517 1265 1587 quidem
1302 1532 1399 1588 pro
1447 1519 1654 1574 servire
1701 1533 1888 1573 sume-

303 1609 489 1673 batur,
544 1619 595 1664 et
641 1612 762 1666 ideo
812 1611 1018 1682 λάτρης
1085 1629 1282 1668 servus
1327 1613 1638 1677 dicebatur,
1693 1627 1888 1670 secun-

307 1703 436 1756 dum
503 1703 570 1758 λα
601 1706 922 1774 particulam
978 1708 1438 1778 augmentariam,
1485 1719 1541 1760 et
1565 1709 1718 1777 τρεῖν
1741 1705 1888 1777 quod

307 1807 392 1852 est
430 1799 601 1853 vereri
631 1817 644 1853 :
679 1799 857 1855 taliter
901 1801 1044 1855 enim
1081 1803 1146 1855 ad
1179 1800 1430 1856 dominos
1467 1800 1667 1856 servile
1714 1814 1886 1871 genus

1995 596 2106 660 τοῖς
2137 597 2196 650 έν
2224 596 2372 650 τέλει
2411 597 2614 667 βεϐῶσι
2638 597 2902 666 πείσομαι
2931 612 2946 626 ⁸
2978 599 3070 652 καὶ
3103 597 3174 654 τὰ
3207 598 3486 667 πολεμικά
3525 598 3583 650 δὲ

1991 685 2246 756 τάγματα
2279 687 2411 750 ἴσως
2449 688 2703 742 ἐντεῦθεν
2746 688 2878 759 τέλη
2923 688 3174 757 λέγονται
3197 690 3286 744 διὰ.
3309 690 3405 760 τὴν
3457 690 3582 743 κατ’

1992 778 2134 832 αὐτά
2163 779 2366 833 ὡσανεὶ
2401 781 2604 853 μύησιν
2633 781 2733 854 τὴν
2778 781 2872 835 ἐπὶ
2919 781 3166 852 εὐταξίᾳ,
3199 782 3269 835 δι’
3297 783 3366 852 ἢν
3396 784 3493 836 καὶ
3523 781 3584 834 τὸ

1995 869 2126 938 περὶ
2164 871 2425 925 τοιούτων
2453 871 2770 927 ὑποθέσεων
2821 872 3026 943 βιϐλίον
3063 873 3282 942 σεμνῶς
3314 875 3585 928 τακτικὸν

1992 961 2231 1027 λέγεται.
2267 966 2401 1035 Περὶ
2451 965 2508 1019 δὲ
2555 965 2651 1020 τοῦ
2702 967 3058 1038 ἀρχικωτάτη
3115 969 3582 1037 προγέγραπταιο

1993 1050 2151 1104 οὐσία
2177 1051 2235 1106 δὲ
2265 1054 2482 1119 πάντως
2505 1055 2649 1124 αὕτη
2677 1055 2948 1126 ληφθεῖσα
2997 1057 3139 1109 κατά
3171 1055 3233 1108 τὸ
3259 1056 3368 1109 ἀπὸ
3399 1054 3584 1110 κοινοῦ

1995 1147 2182 1216 σχῆμα
2226 1148 2483 1216 ἐνταῦθα,
2521 1151 2622 1206 οὐκ
2657 1151 2721 1204 ἐκ
2751 1169 2898 1213 τινος
2944 1151 3433 1222 προηγησαμένου,
3467 1149 3585 1206 ἀλλ’

1995 1237 2057 1290 ὲκ
2087 1237 2187 1306 τῆς
2217 1241 2274 1291 ὲν
2303 1241 2381 1310 τῷ
2412 1241 2654 1313 δευτέρῳ
2686 1245 2855 1315 στίχῳ
2889 1244 3154 1314 κειμένης
3183 1243 3396 1306 οὐσίας.

2071 1520 2172 1583 ρκ’.
2203 1514 2277 1568 Τὸ
2326 1517 2382 1569 δὲ
2422 1517 2708 1586 λατρεύειν
2762 1520 2932 1572 πάλαι
2987 1517 3086 1587 μέν
3136 1534 3267 1571 ποτε
3318 1517 3441 1570 ἀντὶ
3490 1516 3584 1568 τοῦ

1995 1605 2270 1661 δουλεύειν
2299 1609 2549 1674 εἴληπτο,
2585 1611 2665 1663 διὸ
2696 1612 2789 1664 καὶ
2815 1611 3024 1678 λάτρης
3064 1610 3091 1662 ὁ
3114 1609 3300 1670 δοῦλος
3333 1609 3580 1674 ἐλέγετο.

1997 1699 2152 1768 παρά
2182 1701 2242 1753 τὸ
2265 1702 2336 1754 λᾶ
2369 1703 2686 1756 ἐπιτατικὸν
2732 1705 2923 1774 μόριον
2971 1705 3066 1756 καὶ
3095 1702 3192 1755 τοῦ
3224 1705 3376 1772 τρεῖν
3401 1703 3428 1755 ὃ
3467 1703 3588 1755 ἐστι

1999 1793 2057 1846 τδ
2106 1794 2414 1860 φοϐεῖσθαι.
2453 1795 2612 1848 Οὕτω
2662 1797 2774 1868 γὰρ
2824 1797 2962 1867 πρὸς
3027 1797 3155 1857 τοὺς
3204 1797 3475 1852 δεσπότας
3525 1795 3587 1848 τὸ

312 1890 448 1944 allici
495 1901 739 1960 oportet;
803 1893 1075 1963 siquidem
1133 1893 1319 1956 δοῦλος
1383 1893 1647 1961 (servus),
1689 1863 1891 1947 secun-

2015 1886 2182 1940 ῖοῦλον
2223 1889 2380 1955 γένος
2423 1863 2754 1943 διοικεῖσθαι⁷
2786 1863 2964 1960 χρεών
2992 1907 3006 1921 ·
3039 1890 3164 1944 ἐπεί
3199 1907 3282 1942 τοι
3323 1890 3351 1941 ὁ
3398 1888 3589 1950 δοῦλος

311 1983 439 2036 dum
477 1984 538 2036 τὸ
575 1984 728 2048 δέους
761 1985 881 2048 ὅλος
931 1986 1258 2056 appellatur.
1327 1985 1430 2051 Qui
1491 1995 1671 2040 tamen
1731 1984 1890 2039 aliter

314 2072 544 2130 afﬁcitur
568 2091 760 2133 servus
797 2078 940 2131 haud
964 2077 1195 2146 λάτρης,
1225 2079 1318 2132 sed
1350 2077 1553 2147 ἀτρεὺς
1587 2075 1768 2132 vocari
1796 2089 1894 2129 no-

314 2167 478 2221 bilius
547 2169 730 2234 vellet,
781 2170 988 2225 scilicet
1013 2171 1218 2226 veritus
1280 2185 1350 2225 ne
1399 2184 1622 2239 quoque
1669 2177 1894 2222 tremens

315 2259 610 2322 diceretur,
669 2261 974 2314 secundum
1030 2260 1181 2313 illum
1230 2259 1323 2329 qui
1404 2259 1484 2315 sic
1533 2259 1604 2314 ob
1639 2261 1893 2313 timorem

317 2351 546 2405 luditur.
580 2352 717 2404 Cum
749 2362 954 2417 autem,
985 2366 1018 2406 ο
1074 2355 1256 2418 sodes,
1298 2351 1576 2407 inveneris
1605 2351 1896 2422 quemdam

319 2443 666 2498 fornicationi
699 2444 778 2499 vel
812 2446 1057 2517 avaritiae
1119 2444 1408 2516 λατρεύειν
1464 2446 1753 2515 scriptum,
1803 2446 1900 2499 ho-

319 2539 521 2590 minem
573 2538 990 2593 commiseresce
1032 2540 1145 2593 risu
1176 2539 1398 2608 dignum
1448 2553 1510 2593 ac
1549 2537 1900 2592 commisera-

322 2629 470 2682 tione
501 2639 759 2697 tanquam
811 2629 1150 2698 idololatram
1198 2633 1397 2696 sciens,
1431 2644 1498 2684 eo
1529 2629 1672 2700 quod
1702 2628 1899 2683 talibus

324 2719 704 2786 iniquitatibus
758 2721 999 2776 servivit.
1029 2720 1324 2778 Sciendum
1375 2734 1554 2777 autem
1590 2721 1902 2790 expressio-

323 2830 495 2869 nem:
554 2816 672 2868 ὅσοι
721 2815 1038 2883 λατρευταί,
1097 2816 1380 2872 evidcnter
1430 2816 1706 2886 explicare
1765 2815 1900 2869 hoc:

247 2921 249 2924 ‘
328 2925 348 2958 ι
388 2908 445 2962 In
474 2908 560 2962 his
591 2919 791 2964 sancta!
844 2907 1100 2964 Trinitali
1161 2909 1542 2972 initiabuntur,
1583 2927 1602 2960 ι
1639 2917 1694 2962 at
1719 2924 1906 2977 segre-

326 3001 491 3069 gatim
519 3000 617 3054 soli
652 3016 843 3056 omnes
880 3001 1052 3070 ipsius
1073 3001 1412 3056 adoratores.
1458 2999 1568 3055 lloc
1599 3015 1727 3055 vero
1751 3019 1766 3054 :
1789 3016 1908 3069 τρι-

325 3093 565 3162 φεγγοῦς
608 3093 823 3158 οὐσίας,
852 3108 916 3148 ex
973 3094 1318 3148 nominativo
1349 3104 1578 3148 accentu
1604 3102 1767 3148 acuto
1807 3107 1905 3147 no-

327 3196 443 3240 tato
464 3195 835 3256 consuetoque
861 3185 1067 3240 dictum
1100 3193 1206 3240 est.
1230 3185 1384 3240 Sicut
1410 3185 1788 3256 πολυφεγγὴς,
1824 3185 1904 3240 sic

325 3278 492 3332 etiam
547 3286 634 3332 est
671 3278 978 3351 τριφεγγής
1013 3277 1343 3331 substantia.
1392 3277 1679 3331 Invenitur
1720 3279 1904 3330 autem

327 3368 492 3422 etiam
529 3367 902 3423 alia-dictione
939 3367 1060 3423 talis
1115 3367 1283 3423 dictio
1335 3369 1389 3422 in
1425 3368 1566 3422 hoc:
1608 3368 1910 3439 τρίφεγγον

329 3461 520 3513 οὐσίαν
557 3459 954 3528 gloriﬁcamus.
1009 3457 1124 3514 Hoc
1160 3469 1344 3514 autem
1377 3459 1506 3513 fecit
1535 3459 1721 3513 hiatus
1742 3460 1910 3513 cvita-

329 3552 408 3608 tio
437 3553 766 3623 vitandaque
804 3551 1096 3624 asperitas,
1153 3568 1297 3623 quae,
1326 3552 1431 3607 nisi
1491 3553 1568 3608 sic
1604 3551 1913 3607 modulare-

330 3656 446 3712 tur,
482 3655 630 3702 esset
664 3646 844 3703 t'utura
877 3664 892 3714 ;
929 3645 1234 3718 τρίφεγγος
1264 3654 1448 3700 autem
1480 3658 1544 3697 ac
1602 3643 1913 3714 τριφεγγὴς

331 3747 698 3811 congruenter
729 3748 814 3795 est
847 3741 879 3809 ἡ
915 3739 1222 3810 τρίφωτος;
1255 3737 1438 3792 lumen
1494 3738 1639 3792 enim
1677 3752 1738 3791 ac
1791 3736 1916 3789 illu-

251 3820 281 3855 ί
334 3832 566 3885 minatio
625 3831 787 3886 simul
848 3839 932 3888 est
976 3838 1169 3886 sancta
1232 3828 1496 3892 Trinitas,
1541 3827 1696 3898 juxta
1746 3842 1911 3896 quam

333 3925 544 3980 lumine
606 3923 920 3978 videbimus
973 3923 1180 3987 lumen,
1237 3937 1344 3976 non
1391 3928 1571 3975 autem
1643 3921 1698 3974 in
1763 3931 1917 3974 tene-

339 4018 454 4072 bris
492 4016 770 4070 mundano
855 4014 1042 4071 modo.
1111 4014 1348 4070 Prorsus
1420 4012 1727 4066 inauditum
1787 4026 1917 4066 vero

336 4120 422 4166 est
463 4125 526 4163 ac
559 4106 976 4177 supernaturale
1015 4121 1181 4161 unam
1216 4105 1580 4161 substantiam
1633 4119 1755 4160 esse
1781 4121 1902 4174 τρι-

338 4203 545 4274 φεγγῆ,
591 4201 935 4256 trilucentem
969 4217 984 4265 ;
1042 4213 1110 4254 eo
1151 4198 1297 4268 quod
1329 4198 1431 4254 soli
1470 4197 1600 4262 lleo,
1655 4196 1709 4251 in
1735 4193 1919 4250 Trini-

339 4303 450 4351 tate
478 4293 596 4361 uni,
633 4293 940 4362 specialiter
976 4293 1081 4349 hoc
1111 4291 1452 4360 adjectivum
1487 4289 1771 4359 competit.

413 4388 537 4444 121.
605 4385 900 4444 Sciendum
982 4394 1067 4443 est
1120 4400 1251 4440 vero
1323 4384 1468 4457 quod
1521 4385 1822 4456 τρίφεγγος
1869 4392 1925 4440 et

339 4485 650 4555 τριφεγγὴς
693 4481 1102 4537 similitudinem
1169 4479 1374 4534 habent
1457 4485 1517 4532 ut
1581 4477 1828 4548 ἄτερπος
1871 4485 1926 4531 et

1998 1981 2146 2042 παρά
2195 1984 2254 2035 τὸ
2283 1983 2436 2044 δέους
2485 1983 2606 2042 ὅλος
2662 1979 2805 2035 εἶναι
2853 1982 3193 2050 ὠνόμασται.
3238 1981 3298 2035 Ὀ
3353 1982 3457 2049 μέν
3505 1998 3589 2034 τοι

1998 2074 2177 2136 ἄλλως
2209 2074 2562 2143 διακείμενος
2617 2075 2828 2140 δοῦλος,
2855 2077 2918 2126 οὐ
2973 2075 3181 2144 λάτρης
3217 2075 3353 2126 ἀλλὰ
3393 2074 3592 2143 ἀτρεύς

1996 2167 2282 2219 καλεῖσθαι
2306 2167 2371 2221 ἂν
2400 2168 2788 2237 εὐγενέστερον
2816 2168 3015 2226 ἐθέλοι,
3052 2167 3127 2228 ὡς
3153 2161 3242 2219 οἶα
3285 2168 3473 2219 δεδιὼῖ
3515 2169 3591 2236 μὴ

2003 2260 2100 2311 καὶ
2121 2251 2331 2326 ’τρέσας
2364 2258 2594 2327 κληθείη
2627 2259 2769 2311 κατά
2806 2257 2898 2310 τὸν
2933 2256 3110 2319 οὕτως
3140 2259 3234 2310 ἐπὶ
3273 2258 3446 2326 δειλίᾳ
3479 2276 3592 2311 κω-

2004 2349 2377 2421 μῳδούμενον.
2402 2350 2533 2404 Ὅτε
2567 2350 2648 2416 δὲ,
2693 2345 2738 2403 ὧ
2789 2349 2970 2414 οὗτος,
3007 2350 3192 2419 εὕροις
3227 2351 3350 2404 τινὰ
3382 2351 3595 2418 γραφό-

2006 2463 2167 2516 μενον
2225 2448 2294 2516 τῇ
2357 2445 2587 2516 πορνεία
2643 2443 3026 2514 λατρεύειν,ἢ
3091 2445 3158 2514 τῇ
3226 2445 3590 2513 φιλαργυρίᾳ,

2001 2539 2241 2606 οἴκτειρε
2291 2538 2386 2592 τὸν
2438 2537 2729 2605 ἄνθρωπον
2776 2538 2869 2590 τοῦ
2907 2536 3438 2606 μυκτηρισμού,καὶ
3488 2535 3591 2600 τῆς

2003 2632 2372 2700 ὲλεεινότητος
2400 2630 2475 2693 ὡς
2515 2632 2563 2683 εί
2615 2630 2710 2683 καὶ
2748 2629 3147 2696 είδωλολάτρην
3199 2628 3466 2696 ἤκουσας,
3505 2619 3595 2676 οἷα

2003 2726 2388 2792 δεδουλωμένῳ
2443 2723 2667 2784 κακίαις
2694 2721 2994 2777 τοιαύταις.
3045 2721 3245 2773 Ἰστέον
3287 2718 3341 2770 δὲ
3376 2718 3468 2769 καὶ
3513 2718 3596 2768 ὅτι

2005 2821 2066 2873 τὺ
2093 2821 2207 2872 ὅσοι
2243 2815 2540 2886 λατρευταὶ
2574 2812 2970 2883 διασαφητικόν
2994 2813 3139 2862 ἐστιν
3163 2810 3433 2878 εὐκρινῶς
3472 2809 3596 2874 τοῦ,

2003 2913 2417 2980 τελεσθήσονται
2456 2910 2524 2961 τὶ
2583 2908 2682 2977 τῆς
2739 2905 2901 2972 ἁγίας
2963 2903 3232 2972 Τριάδος,
3291 2901 3428 2954 ἀλλὰ
3480 2902 3599 2952 ἐπι-

2004 3003 2200 3071 λέγδην
2254 3002 2404 3068 μόνοι
2463 3000 2664 3059 πάντες
2717 2997 2767 3050 οἱ
2819 2995 2992 3066 αὐτῆς
3047 2993 3371 3060 λατρευταί.
3424 2991 3499 3044 Τὸ
3539 2991 3597 3044 δὲ

2006 3092 2339 3164 τριφεγγοῦς
2369 3091 2584 3156 οὐσίας,
2611 3089 2721 3142 ἀπὸ
2751 3087 2971 3149 εὐθείας
3015 3086 3270 3150 ὀξυτόνου
3328 3083 3600 3152 συνήθους

2011 3187 2254 3257 ἐκλήθηο
2303 3187 2399 3240 καὶ
2443 3185 2590 3238 ἔστιν
2634 3183 2706 3244 ὼς
2754 3184 2785 3250 ἡ
2837 3178 3213 3248 πολυφεγγὴς,
3249 3176 3395 3229 οὕτω
3444 3178 3535 3228 καὶ
3566 3177 3598 3240 ἡ

2010 3267 2354 3350 ’τριςρεγγής⁸
2405 3279 2725 3348 εὑρίσκεται
2773 3275 2828 3328 δὲ
2889 3274 2984 3326 καὶ
3042 3271 3290 3341 ἑτεροίας
3331 3269 3532 3333 λέξεως
3567 3269 3599 3334 ἡ

2013 3374 2235 3440 τοιαύτη
2285 3371 2432 3436 λέξις
2467 3372 2525 3421 ὲν
2558 3368 2658 3436 τῷ,
2693 3371 2992 3434 τρίφεγγον
3043 3365 3232 3417 οὐσίαν
3279 3361 3602 3428 δοξάζομεν.

2028 3467 2281 3534 Ἐποίησε
2323 3464 2377 3516 δὲ
2410 3463 2588 3515 ἐκεῖνο
2626 3463 2656 3530 ἡ
2705 3462 2808 3528 τῆς
2839 3456 3155 3530 χασμωδίας
3187 3452 3469 3521 ἀποφυγὴ,
3503 3451 3603 3504 καὶ

2013 3559 2074 3612 τὸ
2104 3556 2370 3626 δ’.)σμε).ὲ;
2418 3557 2468 3609 εἰ
2518 3555 2592 3624 μὴ
2636 3552 2781 3606 οὕτω
2831 3552 3166 3620 μεμέλιστοο
3209 3546 3510 3618 τρίφεγγος
3545 3542 3604 3595 δὲ
3655 3608 3677 3623 ⁸

2015 3651 2110 3704 καὶ⁵
2163 3647 2467 3718 τριφεγγὴς
2518 3643 2971 3715 ὁμολογουμένως
3029 3643 3064 3710 ὴ
3117 3639 3436 3705 τρίφωτο;’
3491 3633 3607 3702 φῶς

2015 3745 2124 3812 γὰρ
2151 3742 2267 3812 ἅμα
2300 3741 2396 3795 καὶ
2434 3739 2590 3808 φῶτα
2621 3739 2655 3807 ὴ
2682 3735 2820 3804 ἁγία
2847 3733 3043 3806 Τριάς,
3069 3731 3191 3785 καθ’
3219 3730 3284 3801 ἣν
3314 3728 3457 3796 φωτὶ
3489 3726 3606 3796 φῶς

2018 3835 2294 3904 θεώμεθα,
2332 3834 2394 3887 οὐ
2445 3835 2550 3902 μὴν
2583 3834 2639 3884 ἐν
2690 3831 2868 3898 σκότῳ
2920 3823 3362 3896 κοσμικώτερον.
3418 3818 3606 3888 Παράο

2018 3931 2168 3994 δοξον
2195 3928 2252 3980 δὲ
2273 3927 2492 3989 πάντως
2518 3927 2612 3978 καὶ
2635 3921 2918 3994 ὑπερφυὲς
2948 3921 3077 3988 μίαν
3111 3915 3302 3970 οὐσίαν
3326 3911 3604 3984 τριφεγγῆ

2020 4018 2164 4074 εἶναι
2189 4038 2203 4052 ·
2235 4020 2317 4074 διὸ
2348 4017 2442 4071 καὶ
2477 4017 2625 4086 μόνῳ
2653 4015 2732 4082 τῷ
2766 4016 2824 4066 ὲν
2856 4012 3049 4082 Τριάδι
3073 4010 3156 4064 ἐνὶ
3191 4007 3313 4078 Θεῷ
3344 4012 3404 4060 τὸ
3436 4003 3612 4059 τοιοῦ-

2020 4131 2114 4168 τον
2149 4111 2462 4176 ἰδιαζόντως
2500 4109 2798 4180 ᾠκείωται.

2101 4383 2236 4448 ρκα’.
2272 4374 2474 4429 Ἰστέον
2511 4372 2570 4427 δὲ
2603 4372 2686 4427 ὅτι
2723 4371 2790 4422 τὸ
2813 4371 3112 4440 τρίφεγγος
3166 4367 3263 4422 καὶ
3309 4365 3618 4434 τριφεγγὴς

2025 4469 2318 4539 ὁμοιότητα
2343 4467 2457 4535 ἔχει
2489 4465 2628 4535 πρὸς
2655 4462 2716 4517 τὸ
2754 4463 2994 4532 ἀτερπος
3021 4461 3117 4514 καὶ
3144 4461 3394 4530 ἀτερπής
3415 4475 3430 4491 °
3456 4452 3531 4512 ὧν
3558 4457 3620 4510 τὸ

340 4551 621 4648 ἀτερπής
662 4589 905 4645 quorum
974 4588 1143 4626 unum
1202 4571 1423 4640 quidem
1493 4569 1713 4636 ponitur
1773 4568 1907 4637 apud

2034 4564 2133 4632 μὲν
2159 4563 2337 4616 κεῖται
2368 4559 2519 4626 παρά
2563 4557 2640 4628 τῷ
2678 4558 2888 4612 εἰπόντι
2915 4589 2942 4599 -
2975 4555 3219 4624 ἀτέρπου
3251 4553 3432 4615 ὀϊζύος
3467 4551 3622 4604 ὲκλε-
3665 4561 3678 4566 ’

343 4673 646 4726 (licentem:
708 4665 1025 4739 lnjucundm
1098 4664 1335 4718 miseria:
1403 4664 1723 4718 memoriam
1811 4678 1919 4716 non

346 4761 625 4825 habuisse,
671 4760 902 4814 alterum
961 4767 1142 4812 autem
1190 4755 1266 4819 in,
1311 4753 1667 4823 iniucundam
1717 4754 1920 4820 aulam,

346 4870 441 4909 seu
499 4854 656 4908 triste
690 4849 1101 4906 tabernaculum
1150 4845 1415 4918 (ἀτέρπου
1464 4844 1648 4908 ὀϊζύος
1679 4845 1926 4910 ἀτερπέα

346 4947 538 5014 αὐλήν.
576 4944 690 5000 Hoc
733 4953 958 4998 autem:
993 4940 1292 5011 ὑπερφυῶς
1322 4939 1518 5001 τελεῖν,
1551 4947 1667 4991 tuto
1701 4937 1925 4991 dicitur.

346 5037 502 5102 Quod
535 5036 680 5091 enim
733 5035 934 5104 aliquis
983 5033 1050 5086 ad
1107 5046 1377 5085 summam
1427 5042 1600 5082 artem
1660 5029 1927 5089 initietur,

348 5129 484 5183 nihil
505 5127 608 5181 hoc
643 5127 808 5180 habet
841 5124 1302 5192 supernaturale:
1330 5121 1474 5188 quod
1505 5128 1684 5174 autem
1716 5119 1926 5186 aliquis

351 5216 580 5287 mystice
608 5215 875 5279 initietur,
904 5221 962 5266 ut
991 5226 1095 5265 non
1130 5211 1306 5268 solum
1329 5211 1396 5264 ad
1425 5211 1589 5264 Deum
1626 5209 1932 5278 appropin-

353 5318 486 5380 quct
512 5309 596 5362 vel
649 5306 899 5371 accedat,
937 5304 1031 5360 sed
1064 5315 1116 5359 et
1140 5316 1333 5373 raptus
1370 5302 1437 5357 ad
1477 5301 1722 5371 Apostoli
1756 5301 1932 5355 instar

353 5416 540 5458 coram
603 5398 710 5452 Deo
745 5398 901 5453 sistat
952 5397 1005 5450 in
1047 5396 1337 5460 altissimo,
1369 5393 1475 5449 hoc
1503 5391 1936 5463 supernaturale

356 5494 520 5550 simul
551 5502 655 5556 est,
685 5506 750 5545 ac
782 5489 1057 5544 inell‘ahile
1085 5489 1328 5543 continet
1384 5488 1740 5542 beneﬁcium.
1777 5485 1936 5540 Ideo-

355 5601 462 5656 que
493 5585 621 5638 huic
650 5606 662 5639 :
687 5581 985 5650 ὑπερφυῶς
1001 5579 1680 5650 τελεῖβιιρθιήιιιυτοιίιει·
1735 5575 1935 5647 initiat)

361 5686 507 5734 recte
536 5677 840 5748 subjectum
876 5683 959 5729 est
998 5690 1011 5725 :
1044 5673 1369 5745 εὐεργέτης,
1409 5672 1659 5727 Christus
1708 5671 1938 5728 scilicet.

366 5764 608 5823 Verbum
665 5777 846 5821 autem
914 5767 1298 5835 πυρσομορφοῖ
1347 5761 1653 5832 simplicius
1713 5763 1941 5834 ponitur

366 5861 742 5929 pro:similes
770 5857 929 5925 facit,
963 5856 1236 5926 sicutjam
1269 5857 1530 5928 scriptum
1582 5864 1691 5930 est,
1750 5854 1830 5913 vel
1854 5854 1943 5910 lu-

2029 4656 2289 4714 λαθέσθαι
2321 4684 2349 4694 -
2376 4654 2436 4706 τὸ
2472 4651 2529 4706 δὲ
2569 4653 2720 4721 παρά
2756 4650 2833 4719 τῷ
2879 4648 3156 4718 φράσαντι
3191 4677 3205 4686 ο
3240 4648 3486 4715 ἀτερπέα
3518 4646 3620 4700 αὐ-

2029 4749 2130 4818 λὴν
2156 4777 2184 4787 -
2208 4747 2376 4814 ἤγουν
2421 4744 2676 4816 λυπηρὰν
2733 4743 3188 4810 κατασκήνωσιν.
3227 4739 3300 4790 Τὸ
3336 4739 3393 4791 δὲ
3448 4738 3621 4805 ὑπερ-

2036 4841 2187 4913 φυῶς
2235 4839 2433 4907 τελεῖν,
2462 4837 2720 4905 ἀσφαλῶς
2773 4839 2990 4907 εἴρηται
3020 4859 3028 4864 ·
3066 4835 3344 4905 μυηθῆναι
3377 4833 3476 4901 μὲν
3511 4832 3622 4900 γάρ

2033 4947 2154 4983 τινα
2219 4929 2356 4998 πρὸς
2406 4929 2604 4998 τέχνην
2653 4926 2830 4996 ἄκραν
2892 4929 2991 4980 οὐκ
3041 4927 3155 4996 ἔχει
3199 4941 3255 4978 τι
3304 4921 3620 4990 ὑπερφυέςο

2035 5023 2359 5089 τελεσθῆναι
2403 5021 2459 5074 δέ
2489 5039 2613 5074 τινα
2654 5020 2958 5087 μυστικῶς,
2984 5020 3058 5080 ὠ,
3107 5017 3168 5070 οὐ
3201 5019 3364 5086 μόνον
3403 5015 3625 5082 ἐγγίσαι

2038 5114 2072 5182 ἢ
2119 5113 2384 5166 εἰσελθεῖν
2445 5113 2524 5175 είς
2584 5113 2675 5165 τὸν
2729 5112 2888 5175 Θεὸν,
2925 5111 3062 5164 ἀλλὰ
3127 5109 3222 5164 καὶ
3277 5106 3626 5174 παραστῆναι
3692 5133 3696 5136 -

2040 5205 2188 5272 αὐτῷ
2220 5203 2354 5274 ὑψοῦ
2393 5203 2770 5266 ἀποστολικῶς
2797 5201 3058 5272 ἀρθέντα,
3088 5201 3371 5268 ὑπερφυές
3411 5215 3471 5249 τε
3509 5196 3629 5264 ἅμα

2041 5297 2158 5350 ἐστὶ
2194 5299 2288 5350 καὶ
2319 5296 2646 5364 εὐεργεσίαν
2679 5295 2902 5347 πλουτεῖ
2947 5290 3367 5362 ἀνυπέρϐλητον
3393 5304 3403 5315 ·
3435 5288 3517 5344 διὸ
3548 5285 3626 5356 τῷ

2044 5389 2341 5462 ὑπερφυῶς
2391 5390 2556 5456 τελεῖ,
2611 5388 2790 5451 καλῶς
2841 5387 3083 5454 ἐπῆκται,
3131 5385 3191 5438 τὺ
3241 5383 3561 5452 εὐεργέτης,
3601 5382 3631 5434 ὁ

2049 5481 2281 5552 Χριστος
2328 5482 2566 5552 δηλαδή·
2600 5482 2660 5534 τὸ
2708 5481 2763 5534 δὲ
2818 5479 3208 5550 πυρσομορςςοῖ
3257 5476 3632 5542 ἁπλούστερον

2053 5574 2150 5643 μὲν
2182 5576 2302 5627 ἀντὶ
2339 5574 2456 5640 τοῦ,
2491 5573 2730 5642 ἐξομοιοῖ
2774 5571 2989 5642 πυρσῷ,
3021 5570 3163 5622 καθά
3194 5571 3288 5621 καλ⁸
3312 5568 3632 5637 προγέγραρ

2051 5665 2269 5736 πται,ῆ
2315 5666 2626 5737 λαμπρύνει
2675 5664 2773 5735 τὴν
2823 5664 2915 5716 τοῦ
2969 5663 3174 5732 μύστου
3211 5659 3396 5729 φύσιν.
3430 5657 3633 5728 Μορφὴ

2051 5760 2181 5828 γὰρ,
2203 5757 2276 5822 ὡς
2300 5758 2647 5830 προέφημεν,
2673 5758 2768 5810 καὶ
2793 5756 2825 5825 ἠ
2854 5754 3088 5824 φύσις,ἢ
3116 5754 3211 5806 καὶ
3233 5751 3293 5805 τὸ
3313 5753 3633 5820 πρόσωπον,

2046 5847 2199 5905 ,καθά
2226 5865 2358 5904 ποτε
2385 5847 2672 5912 δεδόξαστο
2699 5847 2790 5901 καὶ
2814 5845 3055 5914 Μωύσῆς
3079 5846 3143 5916 τῇ
3171 5842 3313 5898 κατά
3343 5841 3636 5912 πρόσωπον
