4050 6412
333 383 441 449 637

1133 387 1218 444 ΙΝ
1261 388 1310 446 Η
1330 386 1606 446 ΥΜΝΟΜ
1643 386 2128 447 ΡΕΝΤΕΟΟΒΤᾹ
2146 387 2320 448 LEM"
2343 384 2812 450 DAMASCENI.

3509 386 3618 452 638

335 502 623 575 φινύιητι,
658 500 848 553 πιστὸν
879 499 1058 551 εκεῖ-ιο
1104 499 1224 552 τότε
1263 499 1576 567 προδείξα·,
1611 499 1708 551 καὶ
1740 500 1798 550 τὸ
1831 500 1928 565 τῆς

2049 507 2261 552 τετιιθυι·
2307 497 2507 552 initiati
2539 506 2822 552 naturam
2881 496 3102 555 reddit:
3168 497 3346 554 forma
3377 511 3620 568 namque

338 593 818 666 μεταμορφώσεως
847 590 1059 659 θαῦμα,
1094 592 1153 644 ὲν
1186 589 1230 658 ᾧ
1261 590 1403 660 ὑπὲρ
1433 591 1587 661 ἥλιον
1616 591 1863 659 ἔλαμψεν
1893 591 1921 644 6
1957 618 1961 625 η

2049 598 2134 651 est.
2177 599 2379 645 ιιιιιηιι·
2399 590 2501 645 fuit
2527 590 2760 656 dictum,
2809 592 2894 646 vel
2929 600 3126 647 natura
3147 592 3235 648 vel
3281 591 3472 655 facies,
3541 592 3620 647 si-

335 687 570 751 Χριστός
602 702 616 717 ο
673 685 803 738 ἔνθα
833 684 1137 754 τηνικαῦτα.
1167 683 1361 754 παρὼν
1391 685 1484 738 καὶ
1519 685 1750 745 ἐκεῖνος,
1783 682 1923 750 ἔμα-

337 779 428 832 θεν
454 780 534 837 είς
570 778 738 833 πλέον
785 780 936 842 ὅπως
965 781 992 832 6
1023 777 1156 839 Θεὸς
1184 777 1365 830 πάντα
1395 777 1498 830 ὅσα
1527 776 1638 847 ἔχει
1675 775 1925 844 διανέμει

334 871 426 920 καὶ
458 871 569 931 τοῖς
599 869 762 922 αὐτὸν
795 868 1181 936 θεραπεύουσι.
1234 869 1344 923 Καὶ
1376 868 1558 921 ταῦτα
1589 868 1689 935 μὲν
1721 865 1927 922 ἁπλού-

336 977 526 1028 στερον
558 964 686 1029 περὶ
712 960 805 1015 τοῦ
839 961 912 1018 ὡ;
945 960 1148 1032 ὲρῤέθη
1182 959 1633 1033 πυρσομορφοῦν.

2038 692 2132 737 cut
2171 683 2300 737 olim
2335 685 2671 741 clarificatus
2699 692 2786 740 est
2838 683 3077 758 Moyses,
3145 685 3303 741 faciei
3341 685 3619 741 illumina-

2037 775 2208 836 tione.
2235 776 2496 832 credibile
2525 778 2636 845 jam
2691 787 2854 835 antea
2887 778 3254 836 faciensillud
3305 788 3360 834 et
3383 779 3603 835 transti-

2038 868 2348 936 gurationis
2382 870 2738 937 miraculum,
2771 871 2826 927 in
2873 885 2984 940 quo
3011 871 3302 942 plusquam
3331 871 3414 927 sol
3439 870 3620 926 illuxit

2031 959 2315 1028 Christus;
2349 963 2529 1032 ibique
2551 964 2714 1020 simul
2743 973 2934 1022 astans
2953 965 3044 1020 ille
3063 966 3236 1035 magis
3262 965 3454 1022 didicit
3479 979 3620 1036 quo-

337 1057 499 1107 modo
530 1066 751 1117 cuncta,
791 1071 1131 1123 quaecunque
1157 1055 1302 1110 Deus
1334 1056 1520 1120 habet,
1557 1054 1658 1124 ipsi
1686 1052 2052 1110 servientibus
2081 1053 2392 1111 distribuat.
2425 1055 2489 1110 Et
2514 1057 2630 1113 haec
2657 1058 2876 1128 quidem
2907 1057 3211 1129 simplicius
3242 1058 3311 1114 de
3338 1061 3526 1127 verbo,
3557 1064 3619 1116 ut

335 1151 541 1205 dictum
579 1162 681 1214 est,
706 1149 1160 1222 πυρσομορφοῦν.

411 1249 550 1321 ρκβν.
604 1250 817 1311 Ἀλλως
874 1249 930 1301 δὲ
987 1249 1066 1311 είς
1119 1249 1398 1321 σωτηρίαν
1464 1247 1854 1316 πυρσομορφοῖ
1904 1246 1934 1299 6

337 1347 466 1398 Θεὸς
524 1347 650 1407 τοὺς
703 1344 925 1414 ἀληθεῖς
986 1343 1156 1396 αὑτοῦ
1207 1341 1643 1413 λατρευτὰς,ὼς
1701 1338 1934 1411 μορφῶν

318 1433 430 1494 ’καὶ
460 1438 748 1491 εἶδ’,ποιῶν
779 1437 979 1500 αὐτοὺς
1013 1439 1094 1498 είς
1147 1437 1382 1504 πυρσὸν,
1419 1436 1448 1490 ὅ
1471 1437 1593 1488 ’ἐστι
1626 1434 1798 1502 φανὸν
1832 1433 1930 1486 καὶ

342 1531 587 1598 φρυκτὸν
619 1529 699 1596 τῷ
753 1527 871 1582 ὸντι
919 1529 1192 1598 σωτήριον
1214 1543 1231 1560 ο
1261 1527 1322 1592 ὃς
1369 1527 1737 1598 προκείμενός
1768 1543 1870 1580 που
1898 1525 1930 1595 ἢ

341 1624 506 1689 νήσου
534 1622 566 1693 ἢ
601 1623 703 1690 γῆς
739 1621 1113 1691 παραιγιὰλσυ
1152 1621 1425 1692 σωτήριος
1459 1620 1784 1690 προλάμπει
1815 1621 1930 1682 τοῖς

341 1718 374 1786 ἢ
409 1717 822 1786 ἀμφνγνοοῦσιν
867 1716 1006 1769 ὅπου
1035 1717 1397 1786 προέρχονται
1428 1714 1532 1782 γῆς
1562 1711 1596 1782 ἦ
1627 1712 1924 1780 θαλάσσης,

341 1812 373 1881 ἢ
405 1814 702 1880 πτοουμέντ
715 1829 762 1871 ις
821 1809 1068 1863 κίνδυνον
1093 1810 1380 1879 προφανῆ.
1415 1807 1664 1861 Τοιοῦτοι
1697 1808 1756 1861 δὲ
1789 1808 1926 1876 πρὸς

2112 1253 2238 1309 ιεε.
2271 1252 2444 1310 Aliter
2481 1262 2663 1308 autem
2690 1253 2744 1310 in
2781 1253 3012 1310 salutem
3047 1257 3442 1324 πυρσομορφοτ
3475 1253 3619 1310 Deus

2035 1362 2200 1402 veros
2257 1363 2388 1405 suos
2443 1348 2790 1413 adoratores,
2848 1358 2909 1404 ut
2953 1349 3303 1421 configurans
3355 1361 3408 1404 et
3436 1347 3620 1418 specie

2037 1442 2289 1497 similans
2344 1442 2466 1498 illos
2523 1443 2590 1498 ad
2631 1443 2865 1514 πυρσόν,
2901 1444 3049 1514 quod
3110 1451 3217 1509 est,
3247 1443 3530 1500 lucernam
3555 1458 3620 1499 ac

2041 1533 2271 1603 pbarum
2302 1549 2492 1590 revera
2529 1535 2863 1601 salutarem;
2902 1550 3025 1606 qua:
3053 1535 3158 1591 sita
3201 1544 3329 1590 ante
3379 1536 3615 1590 insulam

2037 1627 2118 1682 vel
2183 1627 2508 1683 maritimam
2546 1635 2746 1683 terram
2807 1629 3062 1684 salutaris
3129 1629 3394 1698 praelucet
3419 1629 3484 1682 iis
3527 1627 3619 1696 qui

2035 1735 2146 1791 quo
2204 1721 2374 1776 maris
2409 1721 2490 1776 vel
2547 1730 2708 1778 terra:
2752 1722 3174 1792 progrediantur
3238 1723 3490 1776 haesitant
3535 1722 3620 1775 vel

2034 1811 2328 1866 imminens
2356 1812 2654 1881 periculum
2689 1813 3071 1872 reformidant.
3096 1813 3256 1870 Tales
3291 1794 3623 1868 autem'suut

342 1905 433 1958 τοῦ
471 1904 608 1956 Θεοῦ
653 1910 746 1957 καὶ
798 1904 885 1956 διὰ
923 1905 1015 1955 τὸν
1063 1904 1219 1964 Θεὸν,
1253 1905 1349 1956 καὶ
1400 1903 1552 1957 ἄλλοι
1592 1905 1689 1971 μὲν
1743 1902 1932 1971 μυρίοι

2049 1921 2066 1959 .I
2099 1906 2209 1961 Deo
2237 1916 2292 1960 et
2322 1923 2420 1976 per
2462 1905 2655 1970 Deum,
2708 1920 2820 1963 tum
2851 1907 3069 1978 quidem
3127 1908 3275 1962 mille
3313 1909 3404 1960 alii
3439 1906 3624 1962 animo

341 1998 454 2051 ὅσοι
488 1996 783 2064 ἐλεήμονες
811 1997 1012 2048 ἐκεῖνοι
1054 1994 1153 2065 τὴν
1201 1996 1404 2066 ψυχὴν,
1440 1996 1534 2048 καὶ⁵
1565 1995 1932 2063 οτκτίρμονεε,

343 2093 438 2145 καὶ
468 2089 808 2157 φιλάδελφοι,
845 2089 942 2142 καὶ
974 2088 1376 2156 φιλάνθρωποι,
1414 2087 1512 2139 καὶ
1562 2087 1669 2157 πρὸ
1713 2085 1935 2139 πάντων

344 2185 612 2253 φιλόθεοιο
648 2183 891 2252 μάλιστα
935 2181 992 2234 δὲ
1023 2181 1072 2234 οἱ
1127 2179 1368 2250 βασιλεῖς
1406 2181 1502 2234 καὶ
1553 2181 1604 2232 oi
1644 2178 1936 2249 προσεχῶς

345 2279 638 2351 βασιλικοὶ,
664 2279 759 2331 καὶ
789 2277 838 2330 oi
866 2276 975 2330 τῶν
1009 2275 1328 2328 ἐπισκόπων
1367 2275 1425 2328 δὲ
1456 2275 1538 2338 εἰς
1580 2273 1894 2344 ὑπέρπλεον
1919 2287 1933 2302 ·

346 2369 426 2434 οἷς
468 2374 565 2426 καὶ
617 2373 650 2442 ἡ
693 2372 887 2440 κλῆσις
921 2373 986 2423 ὲκ
1034 2368 1132 2423 τοῦ
1203 2370 1584 2437 περισκοπεῖν,
1638 2368 1736 2420 καὶ
1785 2365 1933 2419 οὕτω

347 2463 645 2531 φυλάσσειν
692 2463 1058 2533 κεχάρισται·
1093 2460 1145 2513 εί
1202 2461 1408 2530 μήπου,
1441 2459 1580 2528 ὅπερ
1631 2457 1704 2527 μὴ
1747 2457 1933 2529 ἐάσῃς,

350 2552 396 2611 ὦ
430 2555 626 2627 Κύριε,
679 2551 1020 2622 γίνεσθαι,ἣ
1079 2549 1289 2620 σφοδρὰ
1343 2551 1601 2618 καταιγὶς
1648 2549 1743 2604 τὸν
1796 2549 1942 2616 λαμ·

351 2652 535 2720 πτῆρα
590 2646 716 2701 νοῦν
758 2646 944 2708 αὐτοῖς
996 2643 1297 2698 ἀποσϐέσει
1334 2642 1432 2696 καὶ
1487 2642 1734 2712 λόγον,ἢ
1785 2641 1938 2703 κόνις

349 2741 710 2813 ὲπαχλύσασα
762 2737 981 2808 συγχὲει
1032 2741 1094 2790 τὸ
1147 2735 1376 2789 ὀπτικὸν
1425 2734 1455 2789 6
1504 2735 1801 2804 συγκροτεῖ
1848 2731 1940 2785 τὸν

349 2830 911 2903 ἐπίσκοπονιὌρθῶς
947 2830 1042 2884 οῦν
1085 2824 1242 2897 οἶμαι
1281 2828 1380 2883 καὶ
1426 2828 1572 2881 οὕτω
1616 2843 1940 2897 πυρσομορ-

355 2929 492 2998 φοῦν
530 2929 749 2995 λέγεται
783 2927 811 2979 6
844 2925 902 2978 ὲν
927 2923 1124 2994 Τριάδι
1159 2923 1290 2986 Θεὸς
1324 2918 1406 2985 εἷς
1427 2922 1554 2984 τοὺς
1582 2919 1758 2991 ὀρθῶς
1791 2918 1940 2988 αὐτῴ

353 3022 741 3092 λατρεύοντας.

429 3122 568 3187 ρκγ¹.
605 3114 805 3168 Ἰστέον
839 3111 897 3165 δὲ
947 3111 1028 3165 ὅτι
1069 3108 1270 3164 ταυτὸν
1321 3107 1512 3178 φανὸν,
1560 3106 1653 3160 καὶ
1705 3105 1938 3175 πυρσὸν,

2040 1998 2429 2055 misericordes
2480 2008 2533 2054 et
2575 2000 2817 2069 benigni,
2851 2008 2906 2055 et
2965 1999 3196 2053 fratrum
3229 2010 3528 2057 amatores.
3561 2005 3617 2051 ct

2038 2090 2286 2155 humani,
2348 2099 2402 2145 et
2463 2100 2591 2147 ante
2641 2091 2824 2146 omnia
2852 2107 2975 2163 erga
3005 2092 3171 2144 Deum
3211 2091 3307 2158 pii,
3346 2091 3438 2144 sed
3473 2106 3618 2158 pne-

2039 2185 2226 2240 sertim
2289 2200 2446 2253 reges
2499 2192 2553 2240 et
2605 2186 2894 2255 propinqui
2948 2187 3228 2256 principes
3285 2194 3338 2238 et
3374 2185 3612 2238 maxime

2038 2279 2131 2347 qui
2160 2278 2222 2332 de
2251 2278 2520 2348 episcopis
2551 2290 2679 2332 sunt
2705 2298 2717 2344 ;
2757 2279 2957 2348 quibus
2988 2293 3188 2333 nomen
3236 2294 3302 2333 ex
3363 2293 3626 2344 περισκο-

2039 2371 2164 2424 πεῖν
2185 2381 2237 2426 et
2265 2374 2345 2427 sic
2371 2371 2651 2425 custodire
2703 2371 2942 2443 gratiose
2967 2371 3229 2426 donatum
3262 2380 3382 2437 est;
3419 2373 3461 2424 si
3491 2387 3622 2432 non.

2040 2465 2184 2532 quod
2211 2480 2278 2519 ne
2333 2464 2500 2527 sinas,
2539 2463 2789 2526 Domine,
2841 2462 2980 2527 fieri,
3009 2463 3097 2518 vel
3131 2463 3374 2516 violenta
3409 2472 3625 2530 tempe-

2043 2565 2157 2612 stas
2211 2554 2385 2611 facem
2443 2556 2738 2624 fulgvntem
2775 2557 2909 2625 ipsis
2967 2565 3206 2610 mentem
3247 2563 3303 2609 et
3335 2556 3616 2608 rationem

2043 2651 2374 2722 exstinguet,
2398 2651 2481 2707 v'el
2515 2652 2694 2721 pulvis
2726 2652 3032 2708 obscurans
3067 2650 3387 2706 infundetur
3416 2650 3468 2704 in
3495 2664 3630 2704 ocu-

2043 2743 2154 2798 lum
2199 2744 2294 2812 qui
2342 2743 2630 2800 constituit
2664 2744 3004 2813 episcopum.
3040 2743 3210 2798 Recte
3240 2742 3439 2812 igitur,
3472 2754 3628 2810 puto,

2043 2839 2124 2894 sic
2145 2837 2309 2892 etiam
2338 2836 2480 2905 ignis
2515 2835 2745 2891 formam
2770 2839 2902 2891 dare
2929 2836 3129 2892 dicitur
3155 2837 3323 2900 Deus,
3362 2834 3417 2890 in
3439 2833 3625 2890 Trini-

2044 2937 2156 2985 tate
2177 2943 2340 2996 unus,
2359 2927 2468 2984 illis
2497 2929 2591 3000 qui
2627 2928 2807 2998 ipsum
2833 2937 2978 2984 recte
3012 2927 3263 2983 adorant.

2117 3110 2243 3167 123.
2258 3107 2550 3165 Sciendum
2567 3117 2651 3164 est
2673 3122 2840 3178 porro
2856 3107 2997 3163 idem
3011 3121 3134 3162 esse
3148 3107 3318 3172 φανὸν
3350 3115 3402 3160 et
3420 3106 3631 3179 πυρσὸν

355 3212 452 3264 καὶ
485 3207 726 3278 φρυκτόν
751 3223 764 3238 ·
801 3209 897 3260 καλ⁵
918 3206 947 3258 6
974 3203 1137 3267 φανὸς
1165 3201 1286 3271 μὲν,
1312 3200 1374 3254 ὃν
1404 3200 1500 3254 καὶ
1526 3198 1701 3252 πανὸν
1724 3196 1814 3251 δ.ὰ
1845 3195 1939 3249 τοῦ

2049 3213 2102 3261 et
2124 3204 2386 3273 φρυκτόνο
2405 3205 2433 3257 6
2459 3201 2629 3271 φανὸς
2660 3201 2904 3270 quidem.
2929 3215 3090 3269 quem
3121 3200 3283 3254 etiam
3320 3200 3490 3254 πανὸν
3509 3216 3633 3269 per-

357 3322 418 3356 πι
442 3301 714 3371 γράφουσι
773 3298 883 3350 τῶν
929 3313 1076 3359 τινες
1122 3292 1414 3358 παλαιῶν,
1463 3293 1572 3345 ἀπὸ
1623 3292 1716 3344 τοῦ
1765 3289 1944 3358 φαίνω

357 3395 532 3465 φανῶ,
565 3395 626 3446 τὸ
684 3391 908 3460 λάμπω,
959 3391 1212 3458 γίνεταιο
1267 3388 1328 3454 ἐξ
1376 3387 1592 3442 ἐκείνου
1639 3385 1697 3439 δὲ
1751 3382 1945 3452 φανίον

359 3486 800 3558 ὑποκοριστικῶς
827 3485 888 3539 τὸ
924 3485 1054 3554 παρ’
1095 3485 1230 3554 ἡμῖν
1271 3482 1564 3552 φανέιριον.
1600 3476 1941 3553 Ὀμωνύμου

357 3583 416 3639 δε
443 3581 596 3641 ὄντος
645 3580 740 3634 τοῦ
772 3579 1005 3651 φαίνειν,
1035 3577 1255 3645 ἐλέγετο
1274 3575 1384 3646 γὰρ
1412 3575 1627 3644 φαίνειν
1650 3574 1945 3645 ’Δττικῶς,

358 3681 455 3734 καὶ
513 3678 576 3732 τὸ
628 3673 1018 3736 ἐνδείκνυσθαι,
1073 3673 1213 3740 ὅπερ
1265 3663 1336 3741 ἦν
1393 3664 1537 3732 εῐδος
1602 3671 1946 3743 κατηγορίας

361 3773 698 3839 πιττάκωμα
729 3765 920 3836 φιλοῦν
950 3766 1210 3834 λέγεσἿαι
1247 3763 1520 3835 δημοτικῇ
1555 3761 1736 3834 λαλιᾷ,
1779 3764 1946 3831 φανὸς

359 3863 678 3921 ἐσκώπτετο
703 3878 786 3924 τις
809 3859 1073 3927 Ἀθήνῃσι
1117 3855 1282 3910 δικῶν
1315 3854 1692 3925 ὑπογραφεὺς,
1724 3854 1801 3917 ὡς
1855 3850 1947 3908 οἷα

362 3959 572 4030 φαίνων
601 3955 696 4009 καὶ
731 3951 876 4006 οὕτω
921 3951 1177 4020 βλάπτων
1223 3947 1378 4010 τινάς
1402 3962 1420 3982 ο
1449 3945 1544 4000 καί
1575 3963 1695 4008 πως
1722 3944 1884 4016 ἐῴκει
1919 3949 1948 4000 6

361 4051 606 4109 τοιοῦτος
650 4047 729 4116 τῷ
775 4044 1112 4112 συκοφάντῃ,
1161 4040 1188 4094 6
1234 4039 1329 4094 καὶ
1379 4038 1542 4101 αὐτὸς
1593 4038 1658 4090 ὲκ
1705 4037 1800 4090 τοῦ
1853 4037 1949 4090 ἐπὶ

365 4143 549 4198 συκῶν
589 4140 733 4196 οὕτω
779 4138 996 4206 φαίνειν
1047 4134 1365 4203 ὠνόμασται
1389 4147 1406 4164 ο
1438 4133 1536 4184 καὶ
1567 4129 1813 4185 τοιοῦτον
1847 4131 1948 4200 μέν

362 4255 416 4292 τι
444 4237 472 4290 6
497 4233 664 4305 φανὸς
695 4232 966 4303 σωτήριος
1001 4227 1078 4282 ὢν
1107 4228 1183 4289 ὡς
1209 4225 1278 4279 τὰ
1310 4223 1486 4281 πολλά
1510 4239 1525 4255 ·
1560 4225 1589 4279 6
1615 4223 1672 4277 δὲ
1707 4223 1950 4294 φρυκτὸς

365 4332 546 4400 φαίνει
595 4325 694 4398 μὲν
741 4326 835 4380 καὶ
879 4323 1068 4386 αὐτὸς,
1100 4319 1421 4390 ὠνόμασται
1451 4316 1510 4370 δὲ
1555 4317 1661 4370 οὐκ
1700 4315 1814 4370 ἀπὸ
1848 4315 1946 4370 τοῦ

365 4423 530 4491 ἔργον
558 4414 621 4474 οὗ
653 4417 748 4472 ἐπὶ
779 4415 1025 4486 σωτηρίᾳ
1049 4414 1216 4476 ποιεῖ,
1240 4409 1358 4464 ἀλλ’
1379 4410 1447 4464 ἐκ
1477 4411 1576 4480 τῆς
1601 4407 1950 4462 ύπαναπτούο

366 4532 468 4584 σης
494 4513 658 4567 αὑτὸν
701 4507 860 4577 ὕλης,
895 4506 1044 4578 ἥπερ
1073 4502 1192 4557 ἐστὶ
1245 4499 1609 4573 πεφρυγμένα
1657 4497 1794 4563 ξύλα
1835 4497 1948 4550 είτε

2051 3297 2301 3352 scribunt
2347 3303 2591 3350 veterum
2641 3293 2834 3357 ali-iui,
2895 3308 2924 3347 a
2957 3290 3163 3360 ’φαίνω
3212 3292 3391 3360 φανῶ,
3451 3292 3503 3345 id
3541 3301 3628 3347 est

2052 3389 2234 3452 luceo,
2263 3389 2428 3443 venit.
2458 3387 2535 3442 Ex
2572 3388 2675 3444 hoc
2732 3400 2916 3443 autem
2957 3387 3289 3441 deminutiva
3331 3397 3410 3440 est
3444 3389 3635 3454 φανίον

2052 3482 2196 3550 quod
2219 3481 2362 3551 apud
2419 3494 2520 3536 nos
2555 3489 2639 3536 est
2670 3480 2960 3549 φανάριον.
3000 3478 3402 3549 Homonytnum
3436 3489 3624 3532 autem

2054 3589 2178 3628 cum
2229 3574 2302 3627 sit
2348 3573 2574 3626 verbum
2623 3573 2842 3639 φαίνειν
2890 3571 3199 3640 (dicebatur
3255 3571 3400 3626 enim
3456 3569 3636 3625 Attice

2055 3669 2272 3738 φαίνειν
2309 3666 2655 3723 convincere.
2690 3664 2834 3735 quod
2861 3670 3048 3719 unum"
3089 3669 3210 3717 erat
3263 3662 3637 3718 accusationis

2055 3776 2249 3833 genus,
2271 3762 2323 3814 in
2347 3759 2586 3829 populari
2610 3759 2794 3826 lingua
2815 3757 3151 3827 πιττάκωμα
3167 3757 3274 3812 diei
3300 3756 3632 3822 assuetum),

2056 3854 2226 3922 φανὸς
2257 3853 2488 3908 Athenis
2517 3852 2728 3908 lusorie
2768 3851 3056 3907 dicebatur
3085 3850 3308 3921 quidam
3337 3864 3632 3904 causarum

2056 3944 2520 4010 notarius,ve|uti
2549 3943 2858 3999 clariﬂeaus
2887 3951 2943 3998 et
2977 3942 3048 3996 ita
3085 3941 3357 4010 quosdum
3407 3940 3633 3996 laedens.

2057 4035 2124 4090 Et
2154 4035 2338 4105 aliquo
2392 4035 2554 4089 modo
2585 4033 2707 4088 talis
2740 4033 3080 4088 assimilatur
3127 4031 3502 4104 sycophantae.
3532 4030 3626 4098 qni

2056 4135 2112 4182 et
2163 4126 2284 4196 ipse
2342 4139 2411 4181 ex
2457 4123 2735 4180 locutione
2802 4124 2896 4177 ἐπὶ
2961 4123 3146 4177 συκῶν
3205 4121 3349 4175 οὕτω
3399 4120 3638 4189 φαίνειν,

2058 4218 2362 4288 appellatus
2388 4227 2490 4273 est.
2529 4217 2596 4273 Et
2636 4218 2709 4273 ita
2747 4218 2967 4287 quidem
2996 4225 3081 4272 est
3109 4215 3436 4286 plerumque
3469 4213 3640 4282 φανὸς

2059 4313 2332 4383 σωτήριος
2359 4327 2376 4344 ο
2404 4311 2648 4380 φρυκτὸς
2680 4311 2844 4367 etiam
2886 4312 3007 4381 ipse
3037 4309 3242 4378 φαίνει,
3281 4307 3378 4364 sed
3411 4318 3643 4362 vocatur

2057 4419 2167 4458 non
2200 4403 2271 4458 ab
2329 4417 2518 4474 opere,
2549 4402 2638 4458 ubi
2681 4402 3000 4456 salutariter
3025 4402 3158 4471 agit,
3183 4401 3277 4456 sed
3311 4415 3376 4454 ex
3408 4398 3639 4454 materia

2060 4496 2237 4565 ipsum
2253 4495 2606 4557 accendente,
2637 4509 2759 4565 quas
2782 4503 2867 4550 est
2892 4493 3190 4550 torrefacta
3225 4493 3370 4562 ligna
3405 4499 3643 4561 (πεφρυ-

365 4582 461 4662 καὶ
521 4601 799 4675 φρύγανα,
857 4597 954 4652 καὶ
1009 4594 1324 4662 παράγεται
1382 4591 1492 4645 ἀπὸ
1556 4589 1795 4658 θέματος
1853 4586 1950 4641 τοῦ

2059 4589 2242 4658 γμένα
2278 4587 2432 4657 ξύλα)
2462 4586 2578 4642 sive
2612 4587 2814 4640 cremia
2845 4583 3152 4657 (φρύγανα)
3191 4592 3247 4638 et
3269 4582 3562 4638 deducitur
3611 4597 3641 4636 a

368 4699 563 4770 φρύγω
600 4690 900 4765 φρύξω,ὲξ
956 4681 1020 4744 οὗ
1075 4688 1228 4759 ῥῆμα
1279 4685 1623 4758 πέφρυκται,
1678 4681 1807 4735 ὅθεν
1859 4680 1956 4734 καὶ

368 4791 608 4863 φρυκτὸς
637 4789 666 4842 6
702 4785 910 4858 ῥηθεὶς,
935 4783 1030 4837 καὶ
1057 4780 1406 4852 φρύκτωρον,
1436 4777 1532 4831 καὶ
1567 4776 1892 4849 φρυκτωρία
1923 4777 1956 4846 ή

369 4884 514 4938 κατὰ
565 4880 657 4935 τὸν
706 4877 950 4949 φρυκτὸν
1004 4873 1245 4946 φυλακὴ,
1282 4872 1358 4935 ὡς
1411 4869 1521 4925 ἀπὸ
1563 4869 1660 4922 τοῦ
1720 4867 1851 4938 ὠρῶ
1897 4866 1958 4920 τὸ

374 4976 656 5044 φυλάσσω.
693 4971 951 5025 Τοιούτου
1002 4967 1058 5020 δὲ
1101 4965 1256 5028 ὄντος
1306 4964 1400 5016 καὶ
1435 4961 1528 5015 τοῦ
1560 4959 1832 5031 φρυκτοῦ,
1862 4957 1960 5011 καὶ

370 5070 480 5123 τῶν
509 5067 568 5134 ἐξ
609 5062 802 5125 αὑτοῦ,
831 5061 860 5114 6
891 5059 1099 5129 πυρσὸς
1145 5053 1572 5127 γνωριμώτερον
1621 5052 1718 5121 μὲν
1761 5050 1960 5116 ὲξωνό-

373 5175 600 5231 μασται,
635 5156 694 5210 ού
735 5153 842 5225 μὴν
895 5151 1114 5204 κάλλιον
1144 5148 1290 5218 ἥπερ
1324 5147 1353 5199 6
1401 5142 1613 5212 φανόςο
1661 5139 1760 5194 καὶ
1807 5139 1960 5193 ἐστιν

369 5253 548 5307 εἰπεῖν
581 5250 658 5313 ὡς
709 5245 1065 5318 πορρώτερον
1121 5241 1223 5311 μὲν
1273 5236 1368 5291 τοῦ
1416 5235 1562 5290 κατὰ
1605 5235 1706 5303 τὴν
1739 5231 1962 5304 εὕρεσιν

370 5343 483 5398 τῶν
516 5341 683 5412 τριῶν
710 5336 914 5392 σκοποῦ
938 5339 966 5388 6
997 5335 1256 5405 φρυκτὸς,
1288 5330 1398 5385 ἀπὸ
1443 5326 1578 5396 ὕλης
1625 5322 1961 5412 ὀνομασθείς

372 5435 448 5498 ὡς
479 5410 763 5503 προσεχῶς
805 5427 1043 5500 ἐρρέθηο
1085 5423 1388 5493 ἐγγύτερον
1431 5421 1490 5474 δὲ
1531 5419 1560 5473 6
1595 5416 1830 5486 πυρσὸς,
1869 5410 1960 5471 οἷα

378 5527 490 5596 πῦρ
540 5525 672 5579 αὐτὸ
723 5522 802 5576 ὢν
832 5516 1197 5572 ἁποτελεσθὲν
1255 5515 1318 5567 ὲκ
1364 5514 1463 5582 τῆς
1496 5508 1756 5579 τοιαύτης
1795 5507 1962 5578 ὕλης.

377 5617 462 5671 ἔτι
506 5616 562 5668 δὲ
613 5618 800 5682 ἔγγιον
827 5613 857 5664 6
899 5612 1092 5676 φανὸς,
1119 5599 1208 5659 οἷα
1239 5605 1390 5673 παρὰ
1436 5603 1502 5655 τὸ
1557 5603 1770 5669 φαίνειν
1803 5599 1961 5667 γενό-

2064 4681 2306 4737 themate
2327 4679 2524 4751 φρύγω
2557 4678 2773 4751 φρύξω,
2805 4693 2872 4733 οι
2917 4692 3029 4745 quo
3059 4675 3244 4731 dictus
3269 4673 3534 4745 φρυκτὸς,
3590 4681 3646 4726 et

2062 4773 2417 4843 φρύκτωρον,
2445 4781 2499 4827 et
2534 4769 2883 4842 φρυκτωρία,
2917 4783 3038 4837 quae
3093 4775 3179 4821 est
3211 4765 3512 4820 secundum
3546 4767 3646 4820 ob-

2062 4867 2389 4923 servationis
2436 4865 2608 4920 facem
2653 4863 2928 4927 custodia,
2996 4861 3146 4916 Velut
3195 4860 3266 4914 ab
3315 4859 3448 4930 ὠρῶ
3496 4858 3645 4927 quod

2061 4967 2149 5015 est
2179 4958 2464 5027 φυλάσσω.
2517 4957 2673 5013 Talia
2711 4971 2836 5012 cum
2885 4957 3002 5010 sint
3055 4961 3111 5007 et
3137 4951 3360 5007 verbum
3384 4954 3646 5021 φρυκτὸς,

2061 5061 2119 5107 et
2171 5049 2337 5104 verba
2374 5064 2498 5118 qua:
2545 5050 2614 5104 ab
2671 5050 2778 5105 isto
2826 5047 3077 5107 veniunt,
3133 5049 3161 5100 6
3194 5043 3406 5115 πυρσὸς
3445 5045 3648 5113 saepius

2062 5140 2403 5204 nominatur,
2428 5154 2535 5194 non
2559 5148 2742 5193 autem
2767 5136 3049 5208 pulchrius
3076 5144 3162 5191 est
3188 5149 3352 5204 quam
3386 5135 3415 5187 6
3449 5133 3644 5203 φανός.

2067 5229 2370 5286 Dicendum
2398 5237 2579 5284 autem
2613 5225 2764 5297 quod
2796 5225 2865 5279 ab
2894 5223 3224 5279 inventionis
3254 5221 3426 5274 trium
3453 5233 3644 5289 scopo,

2064 5321 2094 5374 6
2114 5320 2382 5392 φρυκτὸς,
2397 5335 2430 5375 a
2453 5318 2681 5375 materia
2697 5317 3016 5372 nominatus
3039 5324 3099 5370 ut
3119 5312 3368 5384 proxime
3390 5311 3650 5372 vidimus,

2065 5412 2287 5482 longius
2307 5413 2505 5470 abest:
2542 5408 2766 5480 propius
2799 5415 2979 5462 autem
3018 5416 3102 5460 est
3141 5402 3648 5472 ὁπυρσὸς,ιιιιβοιο

2064 5504 2155 5574 qui
2189 5503 2330 5574 ignis
2364 5503 2478 5572 ipse
2499 5512 2602 5564 est,
2645 5515 2711 5555 ex
2752 5496 3064 5572 huiusmodi
3106 5493 3336 5550 materia
3379 5490 3648 5555 effectus;

2070 5599 2319 5670 proxime
2376 5611 2506 5651 vero
2551 5595 2681 5650 est6
2710 5593 2901 5662 φανὸς,
2933 5601 2994 5646 ιιι
3037 5606 3067 5644 a
3098 5591 3264 5646 verbo
3315 5589 3527 5656 φαίνειν
3561 5595 3652 5635 ve-

380 5725 562 5782 μενος,
593 5676 660 5762 οῦ
688 5676 875 5759 ἕνεκεν
930 5700 1025 5755 καὶ
1080 5699 1151 5751 τὰ
1199 5694 1454 5766 φρύγανα
1493 5691 1762 5760 συνῆκται
1809 5691 1903 5744 καὶ
1937 5693 1961 5744 6

2067 5693 2247 5753 nieus,
2272 5688 2432 5759 cujus
2453 5701 2618 5743 causa
2670 5685 2875 5740 cremia
2927 5680 3336 5739 suceenduntur
3364 5686 3419 5734 et
3449 5676 3478 5729 6
3516 5687 3654 5743 πυρ-

379 5802 589 5870 πυρσὸς
617 5801 854 5870 ἀνῆπται
897 5795 974 5858 ὡς
1003 5791 1295 5863 φαίνεσθαι
1326 5789 1440 5853 τοῖς
1471 5783 1790 5853 ἀναγκαίως
1826 5783 1962 5856 χρῄ-

381 5893 555 5960 ζουσι.

2071 5784 2164 5848 σὸς
2195 5780 2533 5847 accenditur,
2559 5789 2619 5835 ut
2642 5778 2846 5850 quibus
2879 5785 2966 5834 est
2997 5789 3141 5846 opus
3161 5774 3360 5829 luceat.
