4050 6426
377 377 485 448 639

445 497 571 554 124.
600 494 668 553 Ει
694 497 887 553 eximie
917 497 1234 565 perﬁciatur
1285 507 1542 569 quartum
1577 506 1633 555 et
1696 498 1951 555 ultimum

374 603 431 647 et
464 591 698 647 maxime
730 592 1099 646 necessarium
1128 592 1213 647 his
1262 576 1464 661 quibus
1516 606 1659 661 opus
1709 600 1795 647 εει
1847 591 1964 645 sive

373 683 530 752 φανῷ
559 684 675 739 sive
707 683 956 752 φρυκτῷ,
986 684 1133 738 salus
1156 683 1366 739 scilicet
1390 684 1720 739 intuentium
1745 683 1810 738 ad
1860 682 1971 738 hoc

375 777 670 831 luminare.
715 774 872 839 Quod
902 783 1082 828 autem
1115 782 1168 827 et
1193 774 1331 829 alias
1361 775 1534 844 φανὸς
1569 789 1665 831 seu
1702 775 1791 829 l‘ax
1848 773 1967 829 eiii-

377 870 520 922 citur
545 868 751 937 absque
807 868 1010 922 siccata
1072 868 1298 922 materia
1356 867 1611 937 ignisque
1652 867 1969 923 carltonarii

384 957 749 1026 expositione,
775 956 1126 1011 manifestum
1159 966 1241 1011 est
1277 974 1342 1011 ex
1377 958 1714 1011 constructis
1740 956 1888 1012 tubis
1917 966 1973 1012 et

380 1052 638 1114 vasculis,
669 1051 722 1104 in
754 1052 953 1119 quibus
992 1050 1223 1106 modica:
1253 1051 1501 1118 quaedam
1530 1051 1674 1106 faces
1713 1066 1809 1121 per
1843 1065 1973 1105 noc-

383 1155 488 1198 tem
530 1144 646 1199 sive
681 1159 804 1198 cera
837 1146 954 1199 sive
986 1145 1110 1199 oleo
1144 1144 1583 1210 suci-cuduntur,
1610 1145 1787 1207 vitris,
1856 1154 1975 1199 tan-

378 1252 545 1306 quam
635 1237 865 1290 minutis
924 1236 1383 1302 linteaminibus,
1440 1236 1791 1290 orbiculatim
1844 1250 1975 1291 san-

378 1340 591 1386 ctorum
618 1329 957 1395 ﬂaminibus,
979 1329 1183 1398 quibus
1205 1328 1336 1383 talia
1362 1331 1571 1384 lumina
1617 1329 1977 1400 exstinguun-

381 1433 493 1479 tur.
528 1423 666 1479 Cum
702 1438 831 1477 vero
867 1421 1050 1475 fumus
1086 1435 1179 1490 per
1203 1421 1348 1475 diem
1380 1435 1525 1488 sazpe
1587 1418 1776 1487 procul
1830 1419 1973 1471 idem

384 1523 606 1586 prastat
633 1513 894 1567 indicium
925 1528 988 1566 ac
1019 1513 1243 1580 pharus.
1275 1521 1329 1565 ct
1351 1513 1468 1580 ipse
1498 1510 1782 1570 salvilicat.
1810 1507 1977 1577 φανὸς

380 1618 476 1661 aut
508 1606 731 1660 lucerna
768 1602 873 1657 dici
904 1613 1080 1672 potest
1125 1613 1183 1656 et
1214 1601 1304 1654 ille
1334 1616 1428 1669 per
1462 1598 1853 1658 catachresitu,
1892 1596 1975 1651 vel

390 1697 826 1766 homonymiam,
861 1709 968 1747 non
999 1693 1152 1764 juxta
1190 1692 1422 1762 φαίνειν,
1458 1689 1604 1761 quod
1652 1699 1735 1744 cst
1769 1689 1974 1756 lucere,

382 1791 476 1846 sed
508 1791 659 1861 iuxta
709 1788 854 1842 aliud
887 1800 1177 1840 commune
1227 1784 1437 1853 φαίνειν
1469 1800 1564 1837 seu
1620 1783 1885 1840 indicare.
1919 1787 1981 1837 et

384 1887 452 1939 ad
485 1860 659 1940 lucem
691 1884 1020 1942 conducere.
1058 1877 1205 1950 qttod
1234 1877 1456 1950 proprie
1483 1877 1661 1933 dictus
1689 1875 1858 1947 φανός
1880 1886 1973 1929 aut
2010 1860 2048 1914 Β

383 1983 611 2054 pharus.

459 2165 582 2222 1‘25.
614 2164 1079 2220 Considerandum
1116 2174 1297 2218 autem
1338 2169 1421 2215 est
1451 2156 1675 2214 aliunde
1714 2171 1783 2210 an
1837 2154 1975 2209 istos

389 2256 589 2320 fumos,
653 2254 847 2310 salutis
915 2269 1017 2323 per
1059 2253 1201 2308 diem
1253 2252 1429 2313 locos,
1503 2250 1587 2303 vel
1655 2247 1765 2301 alio
1811 2245 1978 2299 modo

386 2346 683 2414 signiferos
715 2349 767 2400 in
794 2346 993 2400 insulis
1023 2352 1118 2399 aut
1152 2345 1206 2397 in
1231 2344 1354 2398 aliis
1390 2342 1547 2403 locis,
1589 2349 1738 2393 recte
1768 2335 1977 2408 φανούς

387 2439 470 2493 vel
527 2436 803 2509 φρυκτούς
859 2438 945 2492 vel
999 2435 1241 2506 πυρσοῠς
1301 2434 1502 2505 aliquis
1563 2435 1746 2486 dicere
1778 2428 1973 2500 possit.

389 2532 552 2588 Forte
585 2532 757 2597 enim,
806 2546 915 2586 non
948 2530 1170 2586 invento
1205 2528 1428 2583 meliore
1480 2525 1724 2586 nomine.
1761 2522 1977 2593 nigrum

390 2624 537 2678 hunc
568 2621 777 2676 fumum
812 2621 1083 2693 appellare
1111 2619 1282 2690 φανόν
1304 2618 1447 2673 ausit
1475 2616 1674 2684 aliquis
1702 2615 1771 2668 ob
1798 2614 1981 2668 lucen-

391 2723 497 2767 tem
530 2713 749 2782 ignem,
807 2712 967 2782 cujus
1024 2711 1239 2782 signum
1297 2708 1480 2763 fumus
1516 2721 1641 2760 cum
1706 2705 1797 2769 sit,
1862 2717 1976 2756 rem

389 2805 601 2860 colorat
632 2808 683 2860 in
716 2805 929 2877 nigrum
958 2805 1203 2861 elevatus
1239 2819 1254 2857 :
1291 2810 1513 2871 propter
1544 2797 1794 2854 eamdem
1846 2811 1979 2851 vero

393 2915 617 2954 causam
655 2898 869 2967 πυρσόν
931 2895 1179 2952 eumdem
1215 2896 1421 2949 lumum
1456 2893 1694 2956 vocabit,
1739 2890 1982 2961 φρυκτόν

394 3000 578 3047 tamen
605 2993 686 3045 vel
713 2991 1040 3062 φρύκτωρον
1062 2989 1204 3042 hunc
1226 2986 1501 3054 appellare
1519 2984 1644 3053 quis
1667 2981 1977 3037 verebitur:

396 3099 506 3138 non
528 3083 674 3139 enim
706 3098 773 3138 ex
806 3082 965 3137 fricta
994 3079 1221 3134 materia
1276 3078 1590 3132 necessarie
1648 3074 1981 3144 producitur

1082 384 1518 448 BUSTATHII
1554 383 1658 447 ΤΗ
1669 381 1983 448 ΕεεΑιοι

2085 386 2323 450 ζΕΝδῐΒ
2348 389 2916 455 ΜΕΤῐῖΟΡΟΗΤιΕ

3554 404 3654 465 ϐω

2149 503 2282 575 ρκδ’.
2336 508 2649 563 Κᾶντεῦθεν
2678 511 3061 567 ἀποτελεῖσθαι
3118 514 3181 568 τὸ
3229 514 3518 587 τέταρτον,
3563 522 3657 576 καὶ

2073 596 2455 661 τελικιῖηατον.
2491 603 2584 655 καὶ
2620 604 3055 669 ἀναγκαιότατον
3097 608 3212 670 τοῖς
3246 609 3526 675 δεομένοις
3562 611 3656 666 τοῦ

2074 690 2186 745 εῐτε
2221 692 2416 759 φανοῦ,
2448 695 2554 748 εἶτε
2588 696 2821 767 πυρσοῦ,
2856 695 2955 767 τὴν
2997 699 3276 767 σωτηρίαν
3311 700 3516 774 δηλαδὴ
3544 703 3653 755 τῶν

2075 782 2499 838 ἀνασλεπόντων
2543 787 2625 848 είς
2686 787 2748 840 τὸ
2808 788 3050 841 τοιοῦτον
3097 789 3372 860 λαμπρόν.
3412 794 3537 846 Ὀτι
3597 794 3655 847 δὲ

2075 877 2170 930 καὶ
2223 878 2398 941 ἄλλως
2465 879 2634 948 φανὸς
2683 882 3031 936 ἀποτελεῖται
3082 883 3205 953 δίχα
3264 886 3657 955 φρυγανὼδους

2076 968 2210 1033 ὕλης
2245 971 2335 1023 καὶ
2371 974 2540 1038 πυρδς
2576 974 3004 1043 ἠνθρακωειένου
3040 976 3384 1043 ὲκτράνσεως,
3412 978 3571 1045 δῆλον
3598 979 3657 1032 δὲ

2073 1063 2138 1114 ὲκ
2163 1061 2272 1113 τῶν
2304 1063 2672 1133 οἶκοδομητῶν
2704 1069 3057 1137 χωρημάτων
3086 1085 3143 1120 τε
3170 1069 3267 1121 καὶ
3296 1069 3562 1137 ἀγγείων,
3594 1072 3655 1124 ὲν

2073 1144 2155 1217 οἷς
2187 1151 2397 1220 μέτριοι
2433 1155 2591 1221 φανοί
2616 1174 2762 1209 τινες
2793 1157 3012 1229 νύκτωρ
3041 1159 3373 1213 ἀνάπτονται
3405 1161 3516 1213 εἴτε
3550 1162 3659 1214 ἀπὸ

2078 1244 2252 1312 κηροῦ
2283 1246 2469 1314 φανία,
2502 1249 2612 1301 εἴτε
2646 1251 2738 1301 καὶ
2771 1251 3005 1308 ὲλαδίου.
3035 1253 3208 1305 ὑὲλων
3248 1253 3349 1306 ὅσα
3381 1255 3478 1306 καί
3510 1273 3661 1318 τινος

2074 1340 2280 1411 λεπτῆς
2303 1340 2497 1407 ὀθόνης
2520 1344 2922 1411 ἀντικειμένων
2946 1343 3136 1413 κύκλῳ
3159 1346 3283 1408 ταῖς
3306 1345 3417 1398 τῶν
3440 1345 3661 1414 ἀνέμων

2078 1437 2434 1498 καταπνοαϊς,
2468 1434 2537 1488 δι’
2565 1428 2641 1489 ὧν
2664 1434 2733 1489 τά
2760 1435 2993 1490 τοιαῦτα
3021 1436 3177 1504 φῶτα
3210 1438 3559 1493 σϐέννυνται.
3597 1442 3662 1493 Εἰ

2077 1526 2133 1579 δὲ
2168 1528 2263 1581 καὶ
2310 1527 2519 1591 καπνὸς
2564 1527 2828 1598 ἡμερινὸς
2870 1529 3157 1600 πόρρωθεν
3205 1529 3357 1600 δηλοῖ
3399 1531 3666 1595 πολλάκις

2079 1616 2252 1669 ὁπόσα
2279 1617 2373 1670 καὶ
2402 1616 2431 1668 ό
2465 1618 2696 1687 πυρσὸς,
2750 1618 2849 1673 καὶ
2881 1618 3048 1684 σώζει
3087 1620 3183 1674 καὶ
3211 1621 3396 1683 αὐτὸς,
3431 1622 3663 1677 δύναται

2081 1713 2250 1777 φανὸς
2280 1713 2375 1766 καὶ
2416 1714 2621 1775 ἐκεῖνος
2647 1714 3017 1785 ὀνομασθῆναι
3045 1716 3449 1787 καταχρήσεως
3494 1718 3660 1785 λόγῳ,

2078 1805 2109 1872 ἢ
2139 1805 2532 1873 ὁμοιωνυμίας.
2555 1806 2618 1859 οὗ
2653 1806 2807 1877 παρά
2838 1806 2898 1860 τὸ
2936 1807 3152 1876 φαίνειν
3187 1808 3217 1861 ὃ
3256 1810 3373 1862 ἐστι
3398 1809 3666 1878 λάμπειν,

2076 1897 2211 1949 ἀλλὰ
2233 1897 2384 1966 παρὰ
2406 1897 2467 1950 τὺ
2485 1897 2680 1962 κοινῶς
2702 1900 2937 1968 ἑτεροῖον
2957 1899 3190 1966 φαίνειν,
3207 1898 3377 1969 ἦγουν
3397 1900 3669 1956 δεικνύειν

2075 1991 2170 2043 καὶ
2197 1992 2278 2052 εἰς
2315 1991 2430 2058 φῶς
2458 1992 2727 2062 προάγειν
2757 1995 2945 2046 ἐκεῖνα
2978 1995 3150 2047 ὁπόσα
3180 1996 3277 2048 καὶ
3322 1995 3350 2046 ὁ
3383 1994 3527 2049 κατὰ
3563 2013 3668 2049 κυ-

2078 2082 2347 2152 ριολεξίαν
2378 2084 2568 2153 φανός.

2156 2174 2291 2243 ρκε⁹.
2318 2176 2635 2247 Σκοπητέον
2693 2178 2751 2232 δὲ
2805 2179 2898 2232 καὶ
2945 2178 3124 2244 ἄλλως
3170 2181 3222 2234 εί
3264 2183 3514 2247 καὶτοὺς
3545 2185 3673 2253 μεθ’

2082 2273 2302 2339 ἡμέραν
2332 2272 2637 2342 σωτηρίους
2662 2273 2864 2334 τόπους
2897 2275 3167 2338 καπνοὺς,
3202 2274 3237 2342 ἢ
3269 2274 3429 2330 ἀλλον
3458 2278 3664 2346 τρόπον

2080 2363 2408 2433 σημειὼδεις
2458 2372 2821 2435 νησιωτικοὺς
2866 2367 3031 2439 τυχὸν
3063 2366 3093 2436 ἢ
3126 2370 3220 2423 καὶ
3252 2370 3310 2422 ὲν
3352 2369 3537 2432 ἄλλοις
3585 2370 3666 2435 ὡς

2081 2460 2228 2519 εἱκδς
2275 2458 2485 2520 τόποις.
2515 2457 2809 2527 δυνήσεταί
2853 2475 2937 2520 τις
2988 2459 3198 2529 φανοὺς
3252 2459 3429 2528 ὀρθῶς
3461 2461 3493 2533 ἢ
3528 2480 3675 2533 φρυ-

2079 2551 2242 2614 κτοὺς
2296 2550 2330 2620 ἢ
2368 2551 2614 2621 πυρποὺς
2657 2551 2853 2608 εἰπεῖν.
2895 2552 3058 2615 Ἴσως
3110 2552 3221 2622 γὰρ
3276 2554 3307 2607 ὁ
3344 2553 3421 2626 μὴ
3462 2555 3528 2609 ὲκ
3576 2555 3674 2608 τοῦ

2082 2645 2377 2717 προχείρου
2405 2644 2734 2716 εὐπορηκὼς
2759 2645 3075 2715 κρείττονος
3102 2644 3374 2715 ὀνόματος
3399 2645 3673 2714 τολμήσοι

2078 2735 2145 2792 ἂν
2172 2738 2265 2791 καὶ
2303 2736 2394 2791 τὸν
2434 2736 2638 2805 μέλανα
2676 2737 2883 2789 καπνὸν
2912 2738 3122 2789 ἐκεῖνον
3155 2736 3329 2804 φανῦν
3373 2736 3659 2806 ὀνομάσας

2079 2831 2169 2884 διὰ
2199 2830 2258 2882 τὸ
2289 2829 2459 2899 φανδν
2507 2828 2642 2894 πῦρ,
2669 2823 2731 2884 οὗ
2767 2831 2994 2899 σημεῖον
3026 2829 3054 2880 ὁ
3080 2827 3289 2892 καπνὸς
3329 2826 3426 2894 ὢν,
3465 2828 3674 2899 χρώξει

2080 2921 2172 2974 τὸν
2201 2921 2338 2989 ἀέρα
2368 2920 2446 2981 είς
2481 2921 2813 2989 μελάντερον
2841 2921 3218 2989 ἐξαιρόμενος.
3239 2920 3339 2974 Διά
3367 2922 3467 2991 τὴν
3499 2923 3674 2991 αὐτὴν

2081 3014 2136 3067 δὲ
2161 3014 2340 3068 αἰτίαν
2393 3014 2486 3067 καὶ
2543 3015 2753 3084 πυρσὸν
2790 3013 2883 3066 τὸν
2928 3015 3094 3068 αὐτὸν
3146 3015 3357 3067 καπνὸν
3400 3015 3622 3069 καλέσει
3654 3031 3672 3047 ο

2084 3104 2325 3172 φρυκτὸν
2392 3106 2578 3173 μέντοι
2627 3105 2659 3175 ἦ
2710 3105 3035 3176 φρύκτωρον
3098 3104 3542 3175 εὐλαϐηθήσεταί
3581 3123 3671 3170 τις

394 3175 500 3231 iste
527 3173 728 3236 fumus,
773 3183 832 3227 ut
884 3173 1026 3243 apud
1085 3182 1299 3241 poetam
1372 3179 1500 3224 sunt
1550 3167 1804 3238 φρύγανα
1836 3184 1851 3231 ;
1888 3163 1980 3220 sed

2086 3163 2353 3265 δνομάσαι
2387 3163 2570 3250 αὐτόν.
2608 3163 2682 3250 Οῦ
2857 3163 3108 3268 φρῦκτῆς
3149 3198 3210 3262 ἐξ
3249 3163 3501 3268 ἀνάγκης
3535 3163 3673 3268 ὕλης

397 3268 583 3339 potius
615 3266 777 3322 viridi
809 3266 955 3337 ligno
983 3264 1084 3319 sub
1138 3264 1320 3332 ignem
1373 3264 1668 3333 aggeratim
1731 3264 1981 3313 immisso

2085 3264 2453 3354 ἐξαναδίδοται
2475 3290 2680 3354 καπνὸς
2704 3264 2949 3355 τοιοῦτος
2965 3264 3127 3344 ὁποία
3149 3290 3301 3359 παρά
3321 3264 3401 3361 τῷ
3428 3264 3635 3362 ποιητῇ
3648 3322 3675 3335 -

394 3366 534 3421 solet
560 3377 786 3433 surgere
818 3362 907 3414 ille
941 3359 1148 3414 fumus.
1182 3360 1279 3414 Ast
1340 3358 1560 3423 quidem
1622 3369 1723 3409 nos
1772 3353 1922 3407 velut
1951 3368 1982 3406 e

394 3459 567 3521 fumo,
630 3456 775 3525 quod
814 3455 1037 3519 dicitur,
1096 3465 1358 3506 exeamus
1400 3466 1464 3504 ex
1522 3448 1627 3502 hoc
1686 3460 1980 3513 sermone;

397 3551 734 3607 stt-llicienter
755 3547 1033 3617 explicato
1063 3545 1231 3598 verbo
1252 3541 1659 3612 πυρσομορφοῖ,
1689 3540 1829 3607 quod
1853 3549 1940 3594 est
1964 3580 1981 3601 ,

400 3643 659 3700 informat
678 3652 937 3711 tanquam
969 3639 1023 3693 in
1056 3638 1288 3708 πυρσόν.

475 3941 598 3997 126.
637 3937 934 3996 Sciendum
967 3942 1048 3991 est
1067 3934 1228 3989 etiam
1251 3932 1395 4003 quod
1429 3947 1493 3985 ex
1521 3944 1651 3984 Voce
1672 3914 1786 3999 πῦρ
1817 3928 1988 3999 πυρὸς

402 4036 553 4086 venit
585 4030 797 4102 πυρρός
853 4027 1128 4097 duplicata
1161 4025 1281 4079 sine
1339 4023 1642 4077 mutatione
1697 4021 1873 4074 littera
1930 4022 1984 4090 ῥ,

404 4138 512 4190 qua
542 4121 597 4176 in
627 4119 962 4174 semisonutu
996 4116 1168 4186 σίγμα
1203 4114 1263 4168 lit
1283 4112 1511 4183 πυρσὸς,
1543 4127 1606 4167 ετ
1636 4128 1741 4179 quo
1761 4111 1984 4165 verbum

405 4213 793 4283 πυρσομορφοϊ
824 4224 839 4263 :
870 4224 982 4263 non
1027 4221 1211 4262 autem
1245 4207 1537 4262 obscurum
1566 4210 1649 4257 est
1701 4203 1844 4273 quod
1904 4203 1988 4255 vir

407 4304 617 4376 πυρρὸς
648 4313 704 4358 et
735 4303 929 4359 mulier
965 4301 1152 4372 πυρῤἀ
1212 4299 1486 4366 dicuntur,
1524 4297 1616 4368 qui
1656 4304 1784 4352 sunt
1820 4296 1985 4350 etiam

405 4413 439 4453 a
472 4398 609 4468 ῥόδῳ
634 4397 839 4464 ρόδεοι;
876 4396 1151 4451 invenitur
1200 4403 1255 4449 et
1307 4393 1491 4465 πυρσὴ
1544 4410 1697 4450 coma
1748 4409 1869 4462 qum
1904 4400 1987 4447 est

409 4490 617 4556 πυρῤά.
653 4489 743 4543 Sic
775 4497 957 4544 autem
990 4489 1154 4543 etiam
1192 4487 1474 4557 proprium
1525 4504 1718 4545 nomen
1771 4491 1983 4561 Πύρρος

2084 3383 2336 3450 κάγκανα
2378 3382 2515 3447 ξύλα
2535 3411 2563 3421 -
2588 3383 2680 3434 καὶ
2732 3383 2799 3435 τὰ
2831 3384 2920 3435 ἐπ’
2950 3382 3181 3454 ἀληθείᾳ
3215 3382 3495 3452 φρύγανα,
3526 3383 3673 3455 χλω-

2087 3473 2182 3544 ροῦ
2211 3473 2267 3525 δὲ
2303 3473 2504 3539 μᾶλλον
2534 3472 2721 3524 ὑλαίου
2754 3474 3119 3539 ὑποκειμένου
3150 3474 3284 3540 πυρὶ
3310 3473 3673 3544 όχλουμένου,

2088 3562 2459 3633 ἀναθρώσκειν
2493 3562 2638 3632 φιλεῖ
2663 3565 2689 3614 ὁ
2718 3565 2986 3633 χρήσιμος
3018 3565 3225 3626 ἐκεῖνος
3259 3564 3489 3628 καπνός.
3513 3564 3674 3618 Ἀλλ’

2087 3657 2248 3725 ἡμεῖς
2284 3656 2383 3724 μὲν
2430 3656 2503 3717 ὡς
2540 3657 2604 3708 ἐκ
2634 3656 2868 3719 καπνοῦ,
2901 3657 2927 3710 ὃ
2959 3657 3023 3727 δὴ
3059 3656 3303 3725 λέγεται,
3337 3657 3676 3727 ἀπέλθωμεν

2086 3749 2241 3802 τοῦδε
2264 3749 2356 3801 τοῦ
2392 3748 2575 3813 λόγου,
2603 3748 2919 3818 ἀρκούντως
2946 3749 3408 3812 διασκευάσαντες
3439 3750 3499 3806 τὸ
3529 3766 3675 3822 πυρ-

2091 3840 2374 3908 σομορφοῖ,
2401 3838 2537 3909 ὅπερ
2576 3839 2716 3903 ἐστὶ,
2749 3837 3026 3910 μορφάζει
3050 3839 3125 3901 ὡς
3154 3840 3235 3903 είς
3264 3839 3492 3910 πυρσόν.

2163 3930 2311 4000 ρκς’.
2347 3930 2543 3984 Ἰστέον
2570 3930 2626 3984 δὲ
2659 3932 2753 3985 καὶ
2779 3930 2862 3984 ὅτι
2893 3932 2957 3985 ἐκ
2987 3928 3082 3985 τοῦ
3108 3933 3220 4003 πῦρ
3254 3935 3426 4001 πυρὸς
3455 3933 3673 4001 γίνεται

2091 4025 2329 4097 πυρρὸς,
2388 4022 2875 4086 διπλασιασθέντος
2930 4022 3026 4076 τοῦ
3060 4025 3404 4094 ἀμεταϐὁλου
3435 4028 3491 4097 ρ,
3520 4020 3563 4093 ᾧ
3590 4028 3674 4089 είς

2088 4117 2368 4189 ἡμίφωνον
2397 4116 2458 4170 τὸ
2489 4115 2909 4184 σίγμα-γίνεται
2941 4116 3169 4186 πυρσὸς,
3204 4115 3263 4181 ἐξ
3286 4117 3346 4170 οὗ
3374 4118 3434 4169 τὸ
3466 4134 3673 4188 πυρσο-

2092 4209 2472 4283 μορφοῖῇοὐκ
2523 4209 2719 4278 ἄδηλον
2768 4209 2824 4262 δὲ
2874 4210 2958 4263 ὅτι
3003 4211 3097 4262 καὶ
3132 4212 3342 4282 πυρρὸς
3390 4210 3532 4280 ἀνὴρ
3577 4211 3673 4265 καὶ

2089 4302 2227 4372 γυνὴ
2259 4301 2444 4373 πυρρἀ
2473 4301 2721 4370 λέγονται
2754 4303 2804 4355 οἱ
2843 4303 2940 4356 καὶ
2972 4303 3079 4357 ἀπὸ
3116 4302 3210 4357 τοῦ
3260 4302 3415 4372 ῥόδου
3467 4304 3671 4372 ῥόδεοι.

2093 4392 2338 4463 Εὕρηται
2376 4392 2433 4445 δὲ
2464 4391 2560 4444 καὶ
2613 4394 2794 4464 πυρσὴ
2826 4393 2949 4464 θρὶξ
3006 4394 3041 4465 ἡ
3097 4393 3305 4464 πυρρά.
3348 4393 3438 4457 Ὦς
3488 4394 3545 4447 δὲ
3577 4394 3674 4447 καὶ

2093 4483 2307 4552 Πύρρος
2336 4483 2523 4551 κύριον
2546 4481 2715 4552 ὄνομα
2744 4484 3057 4554 βαρυτόνως
3086 4483 3224 4553 πρὸς
3250 4482 3545 4553 διαστολὴν
3575 4481 3672 4535 τοῦ

405 4599 533 4639 cum
565 4592 791 4638 accentu
820 4583 1122 4652 penultimo
1150 4585 1214 4638 ad
1263 4582 1673 4637 distinctionem
1728 4557 1978 4651 adjectivi

2097 4575 2354 4629 ἐπιθέτου
2389 4575 2641 4641 ὁξυτόνου
2675 4577 2706 4644 ή
2741 4576 2950 4645 ἱστορία
3000 4575 3173 4644 δηλοῖ.
3205 4575 3278 4627 Τὸ
3316 4575 3374 4630 δὲ
3426 4575 3673 4640 πορίζειν

405 4692 533 4730 cum
571 4688 799 4730 accentu
856 4676 1050 4732 ultimo
1105 4676 1332 4731 historia
1386 4687 1679 4731 monstrat.
1735 4677 1987 4748 Πορίζειν

406 4777 589 4822 autem
616 4766 755 4820 idem
781 4774 942 4821 estac
960 4776 1240 4836 praestare,
1260 4767 1465 4824 factum
1487 4769 1568 4825 vel
1593 4784 1621 4822 a
1645 4785 1776 4824 voce
1797 4769 1987 4840 πόρος,

409 4872 474 4912 ex
509 4875 611 4928 qua
644 4857 793 4912 venit
846 4855 1090 4927 ἔμπορος
1153 4867 1206 4911 et
1264 4860 1542 4915 consortia
1596 4862 1757 4914 verba
1790 4874 1806 4927 ;
1842 4859 1924 4913 vel
1959 4873 1991 4912 a

411 4951 623 5019 πόροις,
656 4967 720 5005 ex
755 4950 977 5019 quibus,
1016 4958 1076 5004 ut
1110 4951 1436 5021 plerumque
1499 4951 1777 5013 obscuris,
1834 4950 1992 5006 nobis

413 5044 567 5098 utilia
603 5041 929 5112 proveniunt
966 5058 981 5109 ;
1014 5042 1099 5097 vel
1131 5057 1161 5097 a
1199 5044 1365 5100 verbo
1398 5043 1616 5115 πόρρω,
1658 5044 1802 5098 unde
1850 5059 1991 5114 quo-

414 5153 522 5204 que
547 5145 630 5189 est
660 5133 869 5188 IEoIicc
909 5133 1097 5205 πόρσω
1128 5147 1185 5190 et
1218 5136 1497 5206 πορσύνω.
1545 5135 1780 5191 Verbum
1811 5146 1992 5192 tamen

413 5223 728 5295 ἐκπορίζειν
781 5227 1071 5295 quamdam
1136 5229 1518 5296 expulsionem
1575 5243 1641 5285 ac
1696 5244 1992 5299 expensam

415 5317 668 5371 Ostendit.
705 5315 795 5371 Sic
825 5315 968 5369 enim
1001 5315 1141 5384 ignis
1164 5318 1219 5372 in
1241 5319 1437 5374 hiemis
1461 5329 1704 5391 tempore
1728 5324 1996 5377 accedens

416 5409 487 5464 ad
526 5407 753 5471 nudum,
789 5405 1065 5463 tristitiam
1093 5409 1394 5479 ὲκπορίζει,
1422 5411 1473 5467 id
1507 5422 1609 5478 est,
1641 5413 1850 5477 eximit,
1874 5414 1990 5469 abi-

417 5502 518 5572 git,
549 5510 798 5556 evacuat.
831 5501 928 5555 Est
961 5502 1033 5555 ibi
1066 5504 1384 5571 metaphora
1412 5519 1440 5557 a
1471 5504 1824 5572 sudantibus,
1854 5521 1996 5575 quo-

419 5607 541 5646 rum
569 5593 884 5661 corporales
923 5594 1041 5662 pori
1074 5594 1410 5664 superlluum
1445 5594 1731 5650 humorem
1789 5595 1995 5651 colant.

422 5681 513 5739 Sic
567 5696 746 5740 autem
792 5686 957 5741 etiam
996 5686 1146 5743 fures
1184 5696 1309 5757 apte
1348 5687 1660 5744 dicerentur
1686 5689 1998 5762 ἐκπορίζειν

422 5775 624 5832 aliena.
665 5776 813 5833 Alias
851 5786 1055 5847 autem,
1094 5788 1149 5834 ut
1181 5794 1296 5836 rem
1340 5788 1598 5835 accurate
1629 5796 1995 5851 exponamus.

425 5871 884 5942 quemadmodum
913 5872 1055 5942 apud
1091 5873 1345 5943 antiquos
1382 5874 1622 5942 ἐξαίσιον
1652 5884 1706 5931 et
1761 5874 1997 5941 ἔκδικον,

2088 4671 2285 4722 ταυτὸν
2346 4671 2460 4722 ἐστι
2517 4669 2595 4738 τῷ
2644 4670 2931 4740 παρέχειν,
2984 4669 3281 4739 γενόμενον
3344 4668 3377 4739 ἢ
3423 4669 3533 4721 ἀπ’)
3577 4667 3715 4731 τοῦ,

2090 4762 2258 4830 πόρου
2292 4760 2350 4824 ἐξ
2380 4756 2438 4814 οὗ
2467 4762 2494 4814 ό
2526 4761 2768 4832 ἔμπορος
2796 4764 2890 4814 καὶ
2912 4761 2980 4813 τὰ
3007 4760 3128 4814 κατ’
3157 4760 3340 4823 αὐτὸν,
3371 4761 3403 4830 ἢ
3430 4758 3541 4813 ἀπὸ
3568 4760 3679 4813 τῶν

2091 4855 2295 4922 πόρων,
2329 4846 2402 4906 ὧν
2438 4853 2651 4923 ἀδήλων
2687 4851 2765 4917 ὡς
2795 4855 2863 4905 τά
2897 4852 3071 4907 πολλὰ
3119 4851 3294 4905 ὄντων
3333 4851 3573 4917 ὲξέενται
3605 4856 3676 4907 τὰ

2091 4948 2307 5017 χρηστά
2340 4948 2495 5018 ἡμῖν,
2530 4946 2562 5017 ἢ
2598 4947 2693 4998 καὶ
2721 4944 2832 4999 ἀπὸ
2872 4947 2967 4999 τοῦ
3017 4945 3211 5016 πόρρω
3246 4945 3495 5015 ῥήματος
3522 4945 3584 5008 ἐξ
3614 4937 3678 4998 οὗ

2094 5038 2190 5091 καὶ
2243 5038 2306 5092 τὸ
2360 5038 2548 5108 πόρσω
2581 5037 2851 5102 Αἰολικὸν,
2898 5037 2994 5091 καὶ
3030 5036 3092 5090 τδ
3128 5036 3405 5107 πορσύνω.
3437 5034 3510 5089 Τὸ
3558 5035 3680 5105 μέν·

2092 5149 2177 5185 τοι
2221 5130 2538 5201 ἐκπορίζειν
2574 5130 2861 5202 ἐξαγωγήν
2894 5147 3018 5183 τινα
3059 5130 3213 5201 δηλοῖ
3255 5130 3351 5184 καὶ
3402 5130 3677 5198 δαπάνην.

2095 5223 2255 5281 Οὕτω
2289 5225 2400 5296 γὰρ
2433 5223 2544 5293 πῦρ
2581 5223 2659 5293 τῷ
2691 5223 3093 5293 γυμνητεύοντι
3132 5222 3342 5292 προσὸν
3388 5224 3444 5275 ὲν
3497 5221 3679 5291 καιρῷ

2096 5317 2390 5389 χειμῶνος,
2410 5314 2693 5386 ὲκπορίζει
2720 5316 2788 5369 τὰ
2819 5314 3118 5377 λυποῦντα,
3150 5314 3435 5368 τουτέστιν
3466 5313 3677 5381 ἐξάγει,

2097 5410 2324 5477 ἀπάγει,
2364 5409 2577 5462 ἐκκενοῖ
2598 5423 2613 5438 θ
2647 5407 2742 5460 καὶ
2768 5406 2915 5460 ἐστιν
2947 5405 3184 5460 ἐνταῦθα
3224 5407 3257 5477 ἡ
3292 5406 3584 5476 μεταφορὰ
3614 5407 3679 5458 ὲκ

2097 5502 2206 5555 τῶν
2239 5499 2551 5571 ἱδρούντων,
2577 5494 2654 5554 ὧν
2687 5499 2738 5552 oi
2769 5498 2911 5554 κατὰ
2952 5498 3115 5570 σῶμα
3149 5498 3311 5569 πόροι
3339 5495 3593 5566 διηθοῦσι
3620 5495 3680 5548 τὸ

2100 5595 2355 5666 περιττὸν
2390 5593 2598 5662 ὑγρόν·
2650 5590 2795 5646 οὕτω
2846 5592 2904 5646 δὲ
2954 5591 3051 5646 καὶ
3092 5591 3278 5661 φῶρας
3324 5589 3571 5657 λέγοιντο
3616 5588 3680 5641 ἂν

2100 5686 2334 5750 ἀστείως
2385 5685 2701 5756 ἐκπορίζειν
2750 5685 2822 5739 τὰ
2869 5683 3167 5757 ἀλλότρια·
3204 5683 3385 5746 ἄλλως
3432 5680 3491 5733 δὲ
3543 5680 3680 5750 πρὸς

2102 5782 2395 5853 ἀκρίϐειαν
2434 5780 2791 5852 παραδοῦναι,
2828 5779 3022 5850 ὥσπερ
3070 5777 3222 5848 παρά
3266 5778 3381 5835 τοῖς
3432 5773 3681 5835 παλαιοῖς

2106 5875 2205 5941 μὲν
2235 5873 2493 5941 ἐξαίσιον,
2530 5854 2626 5932 καὶ
2656 5875 2868 5930 ἔκδικον
2898 5874 2955 5928 τὸ
2978 5873 3084 5937 ἔξω
3112 5871 3206 5926 τοῦ
3241 5869 3419 5924 αἰσίου
3452 5866 3547 5921 καὶ
3585 5864 3679 5919 τοῦ
