4050 6422
364 371 464 433 641
1156 368 1235 427 ΙΝ
1274 366 1617 429 HYMNUM
1664 365 2329 429 PENTECOSTALEM
2365 367 2833 430 DAMASCENI.
3550 367 3656 431 64°...)

367 480 603 546 δικαίου,
632 481 706 546 ὡς
746 476 858 535 οἷον
887 481 1149 552 στέρησιν
1181 482 1451 554 δηλούσης
1498 483 1601 554 τῆς
1643 484 1710 539 ἐκ
1762 485 1962 556 προθέ-

2078 486 2212 557 ῃυοι]
2273 497 2425 541 extra
2488 486 2820 540 conveniens
2884 498 2948 539 ac
3004 482 3274 555 justitiam
3320 491 3429 549 est,
3482 483 3657 550 signi-

371 590 512 638 σεως
532 591 549 607 ⁸
586 574 741 644 παρά
768 574 826 627 δὲ
856 576 969 637 τοῖς
1014 573 1245 645 ὕστερον
1273 575 1512 641 ἐξαίσιον
1540 572 1666 629 κατ’
1694 576 1953 629 ἐπίτασιν

2078 579 2208 647 lcat,
2237 579 2597 648 privationem
2632 577 2957 634 ostendente
2980 577 3354 648 propositione
3382 591 3449 630 ex
3469 591 3490 641 ς
3512 576 3654 645 apud

370 667 467 723 καὶ
487 666 700 721 ἔκδικον
729 667 791 719 τὺ
823 667 965 734 λίαν,
1015 667 1158 722 πάνυ
1189 668 1365 722 αἶσιον
1392 667 1487 722 καὶ
1515 667 1724 721 δίκαιον
1750 683 1766 700 ·
1811 666 1955 721 οὕτω

373 762 468 812 καὶ
508 758 821 827 ἐκπορίζειν
849 754 917 828 ἦν
975 761 1076 831 μὲν
1128 762 1217 816 ὅτε
1273 761 1336 816 τὸ
1379 761 1457 834 μὴ
1501 760 1780 832 πορίζειν,
1816 760 1957 814 ἀλλά

372 851 644 920 ἀπάγειν·
681 851 732 904 οί
769 851 825 905 δὲ
868 851 1250 924 ύστερογενετς
1290 856 1522 927 ῥήτορες
1552 856 1636 918 είς
1664 852 1863 909 ταυτὸν
1895 853 1957 906 τὸ

373 937 623 1011 ⁸πορίζειν
652 937 849 1005 ἄγουσι
873 941 969 995 καὶ
987 941 1048 995 τὸ
1078 943 1416 1012 ἐκπορίζειν,
1457 946 1534 1008 ὠς
1562 944 1717 1016 δηλοῖ
1744 944 1840 998 καὶ
1866 942 1954 1011 τὸ,

373 1028 730 1102 παρασκευὴν
773 1033 984 1104 τροφῆς
1033 1034 1340 1109 ἐκπορίζει,
1371 1037 1400 1090 ὅ
1429 1037 1547 1091 ἐστι
1591 1035 1830 1108 δαψιλῶς
1859 1054 1956 1107 χο-

374 1127 553 1195 ρηγεί.

917 1307 1099 1379 ᾮδῆς
1128 1305 1172 1362 ε’
1202 1310 1427 1376 εἱρμός.

379 1398 470 1456 XI.
512 1401 816 1473 Λουτήριον
847 1401 1121 1471 κάθαρσιν
1155 1401 1623 1471 ἀμπλακημάτων

516 1494 826 1563 Πυρεπνοον
853 1492 1082 1559 δέξασθε
1116 1492 1444 1562 Πνεύματος
1477 1493 1691 1560 δρόσον,

517 1583 589 1642 Ὦ
613 1588 779 1641 τέκνα
810 1588 1150 1658 φωτόμορφα
1179 1586 1278 1655 τῆς
1302 1584 1635 1658 Ἐκκλησίας
1659 1601 1674 1615 ⁸

516 1679 633 1734 Νῦν
658 1682 721 1734 ἐκ
749 1678 888 1732 Σιὼν
910 1679 1020 1750 γὰρ
1050 1678 1340 1750 ἐξελήλυθε
1370 1678 1553 1748 νόμος,

529 1773 594 1826 Ἦ
637 1772 1248 1842 γλωσσοπυρσόμορφος
1294 1770 1613 1840 Πνεύματος
1638 1769 1820 1840 χάρις.

2060 671 2399 726 recentiores
2427 679 2607 725 autem
2637 668 2879 736 ἐξαίσιον
2902 676 2988 724 εει
3038 683 3162 723 cum
3229 666 3542 722 intensione
3600 675 3658 721 et

2058 758 2273 813 ἔκδικον
2304 774 2427 813 cum
2452 759 2835 828 amplitudine,
2871 756 3016 828 quod
3052 756 3282 812 omnino
3307 757 3649 811 conveniens

2059 859 2115 905 et
2141 850 2354 921 justum
2374 859 2457 906 est
2488 868 2501 903 :
2531 852 2605 905 ita
2624 851 2790 906 etiam
2819 848 3138 920 ἐκπορίζειν
3175 855 3296 903 erat
3330 848 3461 903 olim
3530 862 3641 901 non

2061 957 2345 1017 praestare,
2375 945 2467 999 sed
2507 944 2823 1009 abducere;
2866 942 2959 998 sed
3001 941 3337 1010 posteriores
3400 939 3651 994 rhetores

2062 1036 2118 1090 in
2146 1051 2315 1091 unum
2389 1036 2647 1103 redigunt
2677 1032 2924 1105 πορίζειν
2958 1046 3013 1088 et
3065 1030 3400 1099 ἐκπορίζειν,
3430 1039 3491 1085 ιιι
3520 1029 3652 1085 illud

2062 1128 2349 1183 ostendit:
2387 1127 2837 1198 praeparationem
2863 1127 2971 1183 cibi
2994 1125 3304 1197 ἐκπορίζει,
3356 1123 3503 1195 quod
3561 1130 3647 1178 est

2064 1218 2212 1274 laute
2236 1212 2520 1290 proponit.

2635 1308 2860 1363 Hirmus
2884 1309 2997 1363 ode:
3024 1308 3078 1364 5.

2247 1402 2546 1458 Sulubilem
2577 1403 2951 1473 purgationem
2981 1398 3298 1463 criminum,

2246 1493 2481 1564 lgn'tunt
2515 1493 2746 1563 accipite
2773 1491 3010 1562 Spiritus
3038 1507 3243 1558 rorem,

2242 1583 2287 1640 Ο
2323 1584 2418 1639 ﬁlii
2454 1583 2770 1638 lnciformes
2802 1583 3056 1639 Ecclesiae
3086 1600 3100 1637 :

2234 1675 2392 1732 Nunc
2416 1676 2563 1731 enim
2595 1690 2662 1731 ex
2696 1674 2830 1731 Sion
2859 1675 3029 1731 exivit
3056 1675 3166 1740 lex,

2238 1768 2413 1839 Ignea:
2437 1768 2638 1839 linguae
2668 1765 2865 1833 forma,
2895 1765 3135 1837 Spiritus
3155 1767 3352 1839 gratia.

451 1866 589 1936 ρκζ’.
631 1864 747 1936 Πρδ
808 1865 1060 1936 βραχέων
1109 1862 1343 1932 λουτροῦ
1401 1863 1549 1917 θείου
1609 1862 1874 1933 μνησθεὶς
1932 1861 1960 1913 ὁ

2138 1856 2263 1911 m7.
2298 1855 2470 1912 Paulo
2514 1867 2640 1911 ante
2672 1855 2846 1911 divini
2909 1855 3110 1911 lavacri
3165 1857 3445 1913 mentione
3509 1855 3652 1913 facta

380 1959 542 2020 καλὸς
588 1956 743 2020 οὗτος
777 1957 1035 2028 μελῳδὸς,
1070 1958 1167 2010 καὶ
1210 1956 1391 2022 ὀλίγον
1435 1956 1681 2018 ἀποστάς
1720 1956 1959 2017 ἐκείνου,

381 2050 770 2121 ὲπανὲκαμψεν
820 2050 897 2114 ὡς
951 2045 1044 2103 οἷά
1096 2065 1180 2112 τις
1243 2047 1595 2118 φιλόλουτρος
1647 2047 1812 2101 πάλιν
1874 2045 1964 2099 ἐπ’

381 2143 542 2196 αύτό·
582 2146 674 2198 καὶ
709 2142 771 2196 ού
817 2141 1202 2196 διαπετάννυσι
1241 2141 1342 2211 μὲν
1390 2139 1521 2210 ὃλην
1549 2139 1828 2210 τροπικῶς
1860 2140 1963 2212 τὴν

381 2235 608 2301 εἴσοδον,
626 2235 701 2298 ὡς
725 2236 841 2288 ἐκεῖ
865 2233 1206 2299 ἐνεὸάθυνεν,
1227 2231 1397 2287 εἰπὼν
1420 2234 1506 2300 τὸ,
1535 2229 1966 2303 ὐμὸροόλυτεῖς

385 2345 475 2398 μοι
506 2327 745 2397 ῥεῖθρον,
776 2328 870 2380 καὶ
896 2325 1048 2396 ἑξῆς.
1092 2324 1382 2396 ιιροκύψας
1411 2325 1468 2379 δὲ
1512 2325 1689 2387 ἄλλως
1720 2325 1804 2388 είς
1842 2326 1966 2378 ὅσον

384 2421 567 2492 ἠρέμα
595 2418 874 2473 κάνταῦθα
901 2419 1293 2490 προσάψασθαι
1323 2415 1418 2471 τοῦ
1453 2417 1684 2488 ἀγαθοῦ,
1709 2418 1967 2485 ἐπιστρέ-

384 2529 544 2583 φεται
570 2514 651 2576 είς
680 2512 751 2566 τά
780 2510 1215 2583 ἐκκλησιαστικά
1240 2511 1430 2578 τέκνα,
1472 2512 1568 2564 καὶ
1598 2509 1965 2581 προκαλεῖται

384 2606 523 2658 αὐτά
547 2604 917 2677 καθήρασθαι,
952 2602 1257 2675 λελουμένα
1288 2604 1389 2675 μὲν
1413 2603 1515 2675 ήδη
1543 2602 1673 2658 ὅντα
1698 2603 1794 2657 καὶ
1820 2601 1968 2657 οὕτω

385 2699 746 2771 φωτόμορφα,
780 2696 1014 2766 δεόμενα
1051 2695 1110 2750 δὲ
1145 2696 1297 2767 ὅμως
1327 2695 1424 2749 καὶ
1455 2696 1631 2750 είσαεὶ
1659 2696 1760 2765 τῆς
1790 2695 1966 2762 αὐτῆς

385 2794 630 2864 χάριτος.
659 2793 726 2866 ἢν
756 2791 1015 2846 οὐδέποτε
1050 2792 1283 2864 ὀκνήσει
1312 2792 1341 2845 ό
1387 2791 1678 2862 φιλότιμος
1708 2792 1970 2860 Χριστια-

389 2890 478 2951 νὸς
514 2887 882 2942 ἐπιτείνεσθαι
910 2886 1097 2958 ζητεῖν
1125 2888 1188 2941 ἐκ
1218 2886 1376 2940 Θεοῦ.
1436 2887 1610 2957 Φησὶν
1654 2882 1749 2940 οὖν
1779 2885 1970 2938 τοιαῦ-

389 2998 487 3033 ται
519 2977 588 3032 Ὦ
632 2981 797 3034 τέκνα
854 2979 1192 3049 φωτόμορφα
1238 2978 1693 3048 ἐκκλησιαστικά,
1744 2976 1971 3044 δέξασθε

391 3072 657 3142 κάθαρσιν
699 3071 1164 3142 ἀμπλακημάτων
1218 3069 1541 3139 λουτήριον,
1598 3069 1769 3140 ἤγουν
1833 3070 1971 3120 ἁπο-

388 3165 651 3218 λούουσαν
681 3164 757 3226 ὡς
799 3158 911 3217 οἷον
946 3162 1117 3233 ρύπον
1162 3160 1334 3214 πολὺν
1381 3159 1480 3213 καὶ
1503 3161 1646 3214 οὕτω
1679 3162 1872 3230 βαρὺν,
1902 3160 1971 3213 τά
1996 3197 2040 3254 c

390 3259 450 3311 ἐν
477 3258 608 3328 ἡμῖν
657 3257 1038 3327 ἁμαρτήματα
1061 3270 1076 3285 ·
1212 3255 1277 3325 δὴ
1309 3254 1581 3324 καθάρσει
1613 3254 1969 3326 πλυνάμενοι,

391 3352 484 3404 καὶ
515 3348 648 3402 ὼσεὶ
691 3348 839 3419 ἐριον
866 3345 1328 3417 λευκανθήσεσθε,
1374 3349 1442 3418 τῇ
1475 3346 1571 3400 τοῦ
1619 3346 1759 3401 Θεοῦ
1797 3349 1972 3418 σκηνῇ

394 3443 843 3513 χρησιμεύοντες,
878 3441 973 3494 καὶ
1017 3439 1161 3511 ύπέρ
1212 3440 1369 3511 χιόνα
1420 3435 1487 3511 ἦς
1543 3438 1680 3492 πολύ
1721 3457 1774 3492 τι
1810 3439 1975 3492 καλὸν

394 3536 507 3598 τοῖς
552 3537 648 3588 ἐπὶ
693 3536 798 3604 γῆς
855 3533 916 3586 τὸ
973 3533 1326 3603 ἀποτέλεσμα
1375 3533 1432 3585 ἐν
1484 3531 1688 3604 καιρῷ.
1722 3532 1888 3585 Ποίαν
1917 3531 1975 3585 δέ

394 3627 538 3695 λέγω
567 3627 876 3696 κάθαρσιν;
901 3626 1012 3694 Τὴν
1030 3624 1121 3679 τοῦ
1152 3626 1310 3694 ἀγίου
1338 3625 1654 3693 “vatione;
1679 3624 1976 3693 πυρίπνοον

395 3723 587 3792 δρόσον
610 3737 627 3754 ο
654 3721 721 3793 ἢν
755 3718 954 3774 αὐτίκα
991 3718 1254 3787 Σιωνίτην
1295 3716 1460 3785 νόμον
1510 3715 1862 3788 ἑρμηνεύσει,
1902 3714 1978 3768 εί-

397 3814 552 3866 ιιών·
593 3812 709 3866 Νῦν
760 3810 870 3881 γάρ
898 3812 963 3864 ἐκ
1009 3809 1109 3879 τῆς
1167 3809 1498 3879 περικλύτου
1533 3806 1697 3874 Σιὼν,
1729 3799 1797 3878 ἧς
1830 3805 1980 3857 πλεῖ.

397 3923 521 3968 στος
546 3906 707 3975 λόγος
731 3904 1007 3974 πανταχοῦ
1030 3904 1129 3974 τῆς
1153 3902 1280 3973 γῆς,
1299 3900 1586 3972 ἐξελήλυθε
1615 3901 1802 3969 νόμος.
1819 3899 1980 3961 Ποῖος

398 3998 603 4061 ἐκεῖνος
634 3999 796 4064 νόμος
819 4010 837 4064 ;
872 3995 937 4048 Ἦ
955 3996 1115 4067 χάρις
1144 3993 1238 4048 τοῦ
1265 3994 1422 4062 άγὶου
1458 3989 1799 4059 Πνεύματος,
1822 3990 1882 4059 ή,
1905 3988 1980 4052 ὡς

397 4105 639 4161 ειρηται,
660 4088 1297 4158 γλωσσοπυρσόμορφος.

476 4179 618 4253 ρκτί.
658 4181 859 4234 Ἱστέον
892 4181 950 4235 δὲ
998 4183 1092 4233 καὶ
1145 4181 1231 4234 ὅτι
1270 4177 1365 4232 τοῦ
1415 4177 1652 4233 ἐνταῦθα
1687 4172 1979 4246 λουτηρίου

401 4278 761 4348 παράφρασις
814 4268 955 4327 εἶναι
1013 4272 1161 4325 δοκεῖ
1213 4269 1310 4325 τοῦ
1357 4273 1416 4324 ἐν
1462 4272 1529 4342 τῇ
1586 4269 1820 4340 τετάρτῃ
1868 4264 1979 4337 ᾠδῇ

404 4374 551 4428 θείου
607 4366 859 4438 λουτροῦ.
915 4366 1025 4420 Καὶ
1075 4363 1258 4418 τοίνυν
1314 4360 1377 4416 τό
1432 4363 1532 4433 μὲν
1591 4362 1734 4415 θεῖον
1793 4362 1827 4430 ἡ
1875 4360 1986 4412 τῶν

403 4462 865 4534 ἀμπλακημάτων
932 4454 1204 4524 κάθαρσις
1279 4448 1733 4522 περιφραστικῶς
1809 4446 1988 4516 ἑρμη-

2070 1949 2463 2020 paulnlumque
2491 1951 2759 2018 praeterita
2788 1950 2968 2004 bonus
2993 1958 3146 2018 poeta
3186 1958 3374 2004 noster
3404 1959 3464 2005 ut
3488 1950 3655 2004 homo

2070 2041 2251 2097 balnei
2292 2040 2541 2111 cupidus,
2578 2039 2647 2095 ad
2679 2039 2811 2094 illud
2838 2040 3035 2095 iterum
3068 2040 3228 2098 redit.
3259 2038 3377 2095 Non
3420 2040 3658 2110 explicat

2066 2134 2286 2201 quidem
2310 2132 2643 2204 tropologice
2669 2142 2846 2187 totum
2874 2132 3106 2198 aditum,
3166 2133 3311 2188 sicut
3370 2132 3482 2187 illic
3528 2148 3655 2202 pro-

2070 2223 2235 2278 funde
2272 2227 2574 2294 penetravit
2597 2224 2787 2279 dicens
2829 2240 2844 2278 :
2883 2221 3171 2293 Tanquam
3219 2223 3447 2277 imbrem
3519 2223 3655 2277 mihi

2068 2317 2324 2373 ﬂuentem
2351 2316 2622 2380 immittis,
2648 2323 2703 2370 et
2725 2316 2966 2386 reliqua;
3008 2316 3103 2371 sed
3127 2316 3266 2371 alias
3296 2317 3654 2371 inclinatione

2071 2410 2213 2465 facta
2257 2421 2514 2478 tanquam
2554 2407 2621 2463 ad
2652 2407 2929 2479 paululum
2966 2407 3128 2479 hujus
3168 2408 3297 2463 boni
3366 2409 3452 2463 hic
3486 2410 3652 2464 ctiam

2069 2504 2423 2559 delibandum
2460 2505 2754 2558 revertitur
2801 2503 2866 2557 ad
2903 2500 3162 2557 Ecclesiae
3203 2501 3364 2567 ﬁlios,
3412 2510 3467 2556 et
3532 2501 3656 2555 illos

2071 2595 2323 2650 ltnrtatur
2348 2605 2407 2651 ut
2438 2610 2499 2651 se
2526 2594 2836 2664 puriﬁcent,
2866 2594 2981 2665 jam
3012 2594 3174 2649 lavati
3223 2605 3278 2649 et
3331 2592 3650 2661 illuminati,

2071 2687 2165 2742 sed
2190 2698 2372 2742 tamen
2403 2685 2583 2741 adhuc
2611 2686 2666 2740 in
2703 2696 3024 2756 perpetuum
3055 2686 3243 2740 eadem
3279 2694 3503 2756 egentes
3530 2700 3657 2752 gra-

2071 2778 2165 2843 tia,
2197 2793 2361 2849 quam
2395 2778 2612 2833 fervens
2635 2777 2983 2834 Christianus
3014 2793 3043 2830 a
3077 2784 3183 2833 Deo
3213 2778 3490 2848 postulare
3517 2794 3659 2833 nuu-

2070 2881 2234 2934 quam
2255 2867 2407 2934 pigre
2430 2866 2663 2920 curabit.
2715 2864 2843 2921 llaec
2871 2866 3226 2937 igiturdicit:
3262 2872 3304 2919 υ
3367 2868 3661 2923 illuminati

2071 2954 2330 3011 Ecclesia:
2363 2955 2480 3023 ﬁlii,
2520 2957 2957 3026 puriﬁcationem
2989 2967 3341 3026 peccatorum
3395 2959 3650 3028 accipite,

2073 3049 2382 3103 abluentem
2437 3048 2602 3103 veluti
2658 3048 2875 3104 sordent
2916 3049 3146 3103 multam
3198 3059 3255 3105 et
3303 3049 3658 3120 profundam,

2077 3155 2198 3211 qua:
2253 3149 2384 3195 sunt
2448 3141 2502 3194 in
2567 3141 2727 3196 nobis
2794 3141 3207 3212 peccata:bac
3272 3143 3661 3212 puriﬁcatione

2078 3233 2260 3296 lavati,
2290 3232 2431 3285 sicut
2462 3231 2587 3286 lana
2622 3230 2973 3295 dealbamiui,
3004 3232 3095 3286 Dei
3126 3234 3477 3289 tabernaculo
3540 3250 3661 3289 ser-

2078 3328 2305 3390 vientes,
2330 3334 2385 3378 et
2417 3339 2583 3393 super
2613 3324 2814 3389 nivem,
2845 3325 3003 3394 cujus
3057 3327 3114 3380 in
3166 3335 3413 3395 tempore
3460 3341 3662 3397 oppor-

2079 3427 2209 3471 tuuu
2236 3417 2489 3472 cll‘ectutn
2514 3427 2599 3473 est
2627 3418 2832 3488 aliquid
2859 3419 3013 3474 valde
3043 3419 3245 3474 bonum
3268 3419 3350 3473 his
3378 3434 3500 3490 qua:
3532 3428 3662 3474 sunt

2078 3526 2245 3581 super
2277 3522 2500 3566 terram.
2543 3509 2768 3577 Qualem
2800 3519 2980 3567 autem
3005 3512 3127 3569 dico
3175 3511 3613 3583 puriﬁcationem
3642 3514 3667 3567 ί

2078 3601 2376 3670 lgnil‘erum
2442 3606 2619 3659 sancti
2653 3603 2889 3674 Spiritus
2948 3618 3129 3660 rorem
3157 3620 3176 3673 ;
3203 3622 3363 3676 quem
3395 3607 3663 3660 continuo

2081 3697 2403 3753 Sioniticam
2456 3696 2650 3767 legem
2719 3698 3190 3767 interpretabitur,
3226 3700 3459 3753 dicens:
3496 3696 3656 3753 Nunc

2079 3796 2223 3846 enim
2248 3804 2315 3845 ex
2347 3789 2547 3861 inclyta
2580 3789 2739 3857 Sion,
2791 3789 2950 3859 cujus
3004 3789 3270 3859 plurimus
3326 3798 3410 3844 est
3462 3789 3665 3860 ubique

2081 3895 2353 3941 terrarum
2390 3900 2595 3951 sermo,
2621 3884 2769 3940 venit
2793 3884 2903 3939 lex.
2936 3883 3197 3951 Quantam
3231 3885 3333 3940 ista
3361 3883 3489 3939 lex?
3524 3884 3665 3939 Gra-

2082 3978 2155 4032 tia
2184 3977 2359 4031 sancti
2394 3974 2655 4046 Spiritds,
2695 3989 2839 4046 quae,
2876 3977 3022 4031 sicut
3054 3974 3259 4029 dictum
3288 3983 3395 4042 est,
3431 3974 3572 4045 ignis
3607 3981 3666 4029 et

2085 4069 2285 4137 linguae
2317 4069 2547 4138 ﬁguram
2582 4068 2742 4138 gerit.

2157 4161 2280 4216 1-28.
2323 4161 2617 4216 Sciendum
2653 4169 2833 4215 autem
2869 4160 3032 4215 etiam
3066 4169 3151 4215 est
3180 4159 3324 4229 quod
3358 4157 3430 4213 ibi
3472 4156 3669 4228 λουτη-

2086 4252 2204 4327 ρίου
2254 4252 2606 4323 parapbrasis
2641 4266 2763 4308 esse
2839 4251 3053 4306 videtur
3117 4251 3291 4307 divini
3359 4250 3560 4305 lavacri
3609 4250 3667 4305 in

2086 4355 2285 4416 quarto
2317 4345 2561 4399 carmine
2597 4346 3038 4399 commemorati.
3071 4347 3264 4415 Itaque
3320 4345 3545 4399 verbum
3584 4342 3672 4398 di-

2088 4439 2269 4492 vinant
2296 4446 2648 4507 peccatorum
2691 4435 3000 4506 puriﬁcatio
3047 4435 3538 4491 circumlocutione
3582 4437 3670 4490 itt-

403 4525 550 4611 νεύει
576 4571 589 4585 ο
622 4525 766 4606 θεῖον
810 4550 868 4604 δὲ
896 4548 1037 4618 αὑτὴ
1067 4546 1286 4607 πάντως
1327 4540 1463 4596 οὖσα
1495 4541 1722 4608 λουτρόν
1743 4555 1757 4569 ·
1792 4539 1895 4607 τὴν
1925 4537 1977 4589 δὲ

2089 4540 2434 4599 terpretatur,
2473 4541 2601 4582 cum
2650 4526 2771 4597 ipsa
2830 4525 2903 4581 sit
2963 4527 3191 4581 omnino
3224 4525 3466 4581 divinum
3519 4526 3672 4582 lava-

404 4650 519 4703 ἐκεῖ
564 4646 714 4712 ζέσιν
768 4642 864 4697 τοῦ
920 4638 1326 4708 Πνεύματος,ή
1379 4636 1438 4689 ἐν
1485 4633 1563 4704 τῷ
1596 4630 1772 4702 είρμῷ
1811 4629 1986 4699 τούτῳ

403 4740 549 4804 λέξις
575 4738 829 4809 ἐμφαίνει
857 4732 953 4784 τοῦ
983 4729 1284 4800 πυρίπνουν
1308 4742 1324 4759 ο
1359 4727 1393 4796 ή
1424 4724 1481 4777 δέ
1512 4724 1703 4793 δρόσος
1747 4721 1841 4775 τὸν
1870 4720 1988 4772 ἐκεί

403 4835 610 4905 ὖμὸρον
642 4829 736 4883 καὶ
758 4826 820 4880 τδ
861 4825 1079 4898 ῥεῖθρον
1105 4838 1118 4852 ·
1146 4822 1207 4875 ού
1247 4817 1358 4891 γὰρ
1394 4816 1688 4886 ἑτερογενῆ
1717 4815 1746 4866 ό
1775 4811 1986 4905 δμὸρος

407 4902 500 4979 καὶ
522 4902 565 4996 δή
596 4922 808 4992 δρόσος,
841 4917 984 4971 καθὰ
1035 4913 1158 4968 ούδέ
1201 4911 1263 4965 τὸ
1308 4912 1548 4981 ῥεῖθρον.
1580 4907 1654 4960 Τὸ
1683 4905 1742 4959 δὲ
1786 4902 1987 4972 ἐφεξῆς

405 5018 520 5086 φῶς
562 5016 657 5067 καὶ
706 5014 735 5066 ὁ
789 5011 997 5081 πυρσὸς
1045 5007 1116 5061 τά
1164 5008 1224 5060 ἐν
1275 5002 1356 5074 τῷ
1407 5002 1578 5073 τρίτῳ
1615 4998 1710 5052 καὶ
1751 4998 1989 5066 πέμπτῳ

407 5109 575 5180 στίχῳ
608 5107 918 5176 λάμποντα,
966 5098 1331 5172 σεμνύνουσιν
1365 5095 1509 5165 ὑπὲρ
1541 5090 1643 5163 τὴν
1675 5087 1819 5161 ᾠδὴν
1844 5086 1988 5139 ἐκεί-

404 5219 527 5273 νην,
562 5199 662 5272 τὴν
707 5195 976 5269 φωτεινὴν
1036 5193 1179 5247 κατά
1225 5189 1450 5260 Πνεῦμα
1492 5185 1785 5254 κάθαρσιν,
1813 5181 1989 5233 είτουν

407 5272 705 5350 ἀπόλουσιν
731 5290 839 5344 τῶν
868 5280 1343 5355 ἐκκλησιαστικῶν
1370 5279 1579 5334 τέκνων
1599 5292 1613 5308 ο
1648 5277 1765 5345 ἅμα
1805 5272 1865 5327 δὲ
1891 5273 1990 5343 τὴν

408 5360 707 5459 εἰρημένην
745 5381 938 5454 δρόσον
984 5377 1080 5431 τοῦ
1134 5374 1452 5444 Πνεῦματος
1489 5369 1631 5439 ῐαμα
1676 5360 1846 5420 οὖσαν
1877 5364 1991 5427 τοῖς

409 5481 621 5541 τέκνοις
652 5478 749 5547 τῆς
782 5471 1134 5544 Ἐκκλησίας,
1164 5467 1261 5522 τοῦ
1297 5464 1649 5536 χαρακτῆρος
1698 5461 1800 5529 τῆς
1838 5459 1993 5547 ⁸πέμ-

414 5589 555 5644 πτης
597 5545 741 5625 κατά
793 5567 885 5622 τὸν
944 5562 1173 5618 Ἠσαίαν
1232 5559 1376 5630 ᾠδῆς
1430 5553 1764 5625 ἐνθυμητέον
1807 5545 1989 5604 εἶναι·

414 5643 561 5719 καθα
609 5669 702 5715 καί
730 5661 791 5713 τὸ
847 5659 961 5730 φῶς
1009 5655 1038 5708 δ
1095 5655 1409 5724 προλάμπει
1457 5647 1567 5702 τῶν
1625 5644 1846 5699 εἰδότων
1891 5643 1994 5695 ὅσα

418 5756 749 5831 προστάσσει
799 5753 828 5805 ὁ
860 5750 1021 5813 Θεός·
1079 5745 1139 5801 οῦ
1193 5745 1308 5813 φῶς
1343 5744 1412 5795 τὰ
1460 5738 1866 5831 προστάγματα
1901 5734 1994 5831 ἐπὶ

420 5826 517 5920 τῆς
547 5849 668 5918 γῆς.
708 5848 766 5899 ’0
794 5844 850 5897 δὲ
898 5839 1105 5916 πυρσὸς
1141 5841 1169 5892 ό
1203 5834 1495 5909 εἰρημένος
1551 5832 1611 5885 ἐν
1658 5830 1737 5899 τῷ
1782 5826 1991 5897 πυρσό-

2086 4635 2261 4677 crum.
2297 4617 2586 4675 Fervorem
2645 4632 2825 4674 autem
2863 4618 2973 4672 illic
3007 4617 3270 4689 Spiritus,
3311 4619 3478 4674 dictio
3508 4618 3671 4690 πυρί-

2089 4730 2254 4768 πνοον
2287 4715 2340 4767 in
2366 4715 2471 4767 hoc
2501 4726 2640 4766 nexu
2667 4712 3026 4767 demonstrat.
3055 4709 3154 4764 llic
3181 4725 3273 4766 ros
3300 4711 3529 4766 imbrem
3557 4711 3674 4767 illuc

2087 4818 2142 4862 et
2173 4807 2432 4862 ﬂuentum
2481 4805 2707 4861 denotat
2734 4821 2749 4859 :
2781 4819 2892 4859 non
2923 4802 3071 4859 enim
3096 4802 3259 4858 alieni
3284 4804 3503 4874 generis
3544 4812 3674 4858 sunt

2088 4901 2263 4956 imber
2289 4911 2344 4954 et
2376 4912 2485 4965 ros,
2520 4899 2737 4953 sicutet
2767 4894 3055 4951 ﬂuentum.
3088 4892 3297 4949 Lumen
3323 4902 3377 4948 et
3407 4892 3496 4948 l‘ax
3552 4908 3677 4964 quin

2092 5003 2283 5062 postea
2317 4991 2481 5046 tertio
2508 4991 2817 5061 quintoque
2846 5002 3012 5044 versu
3047 4987 3255 5055 lucent,
3287 4985 3346 5041 in
3400 4986 3498 5041 illo
3548 5001 3674 5041 car-

2092 5086 2236 5140 mine
2263 5083 2703 5156 puriﬁcationcm
2726 5079 3030 5138 secundum
3072 5078 3342 5150 Spiritum
3407 5077 3671 5144 lucidam,

2094 5180 2210 5234 sive
2257 5178 2496 5231 ﬁliorum
2526 5173 3031 5231 ecclesiasticarum
3085 5170 3467 5242 purgationem
3512 5183 3676 5224 exor-

2091 5279 2209 5326 nat.
2239 5269 2413 5326 Simul
2447 5277 2628 5323 autem
2663 5275 2879 5337 oportet
2908 5274 2971 5322 ut
3003 5265 3332 5335 meditemur
3360 5261 3678 5333 praedictum

2095 5364 2335 5435 Spiritus
2357 5376 2560 5426 rorem,
2589 5361 2685 5431 qui
2726 5360 2855 5417 ﬁliis
2907 5358 3166 5416 Ecclesiae
3210 5356 3513 5414 remedium
3573 5363 3679 5418 est,

2092 5467 2415 5514 cnaractere
2443 5454 2617 5524 quinti
2652 5453 2957 5509 secundum
2988 5451 3184 5509 Isaiam
3210 5450 3469 5506 carminis
3525 5462 3684 5516 esse;

2095 5552 2236 5606 sicut
2273 5557 2329 5604 et
2360 5547 2568 5612 lumen,
2603 5546 2751 5616 quod
2774 5544 3038 5616 praelucet
3070 5541 3386 5597 videntibus
3413 5546 3683 5610 quantum

2095 5642 2338 5714 praecipit
2370 5641 2534 5705 Deus,
2566 5640 2723 5709 cujus
2751 5638 2936 5693 lumen
3003 5645 3133 5691 sunt
3163 5640 3467 5705 -pra:cepta'
3520 5641 3687 5697 super

2096 5745 2323 5791 terram.
2364 5732 2513 5787 Dicta
2554 5747 2684 5786 vero
2715 5729 2804 5785 fax
2842 5729 3075 5799 πυρσὸς.
3113 5727 3168 5780 in
3207 5740 3336 5777 voce
3363 5721 3683 5790 πυρσόμορ-

2100 5843 2200 5898 φος
2265 5832 2544 5894 contenta,
2609 5838 2717 5880 non
2771 5824 2980 5893 absque
3035 5811 3515 5876 verisimilitudine
3577 5808 3688 5866 dici
