4050 6404
419 425 528 489 643

1135 407 1562 474 EUSTATllll
1605 399 2374 468 'l‘llESSALONICENSlS
2417 398 2992 461 METROPOLszE

3601 395 3711 462 δέ

424 547 603 612 potest
626 545 681 590 et
706 535 823 604 ipsa
855 547 921 588 ett
956 527 1147 585 eodem
1203 525 1452 581 carmine
1488 521 1751 586 eluxisse,
1787 517 2022 574 faciente

2142 533 2338 587 αορφος
2386 515 2489 567 οὐκ
2529 513 2840 576 ἀπεικότως
2889 515 2984 566 καὶ
3037 513 3202 576 αὐτὸς
3255 512 3453 582 ῥηθείη
3497 512 3564 564 ἂν
3609 513 3710 581 τῆς

423 607 744 687 memoriam
762 624 926 696 ignis,
950 621 1042 692 qui
1067 616 1712 676 consumitadversantes
1735 609 1917 667 nobis.
1940 607 2011 664 Et

423 719 646 793 quidem
669 719 776 774 tale
808 724 893 773 est
931 712 1097 769 istud.

499 893 623 948 129.
652 892 804 947 Dicta
839 903 968 946 vero
1003 886 1277 943 balnearia
1300 880 1613 955 purificatio
1676 879 1882 936 dicitur
1942 877 2012 932 ad

424 986 833 1042 distinctionem
901 981 972 1036 ab
1028 980 1151 1034 aliis
1243 978 1448 1033 sanctis
1513 971 2011 1045 purificationibus,

425 1082 615 1152 quales
669 1089 802 1135 sunt
861 1077 978 1132 haec
1003 1088 1123 1144 qua:
1188 1071 1246 1126 fit
1278 1086 1373 1139 per
1399 1065 1848 1135 exomol03esim,
1898 1063 2014 1118 hinc

428 1191 524 1245 per
562 1170 940 1244 paenitentiam
975 1169 1043 1222 de
1085 1162 1411 1223 malefactis,
1445 1160 1560 1214 haec
1617 1172 1712 1228 per
1768 1155 2006 1210 morales

427 1270 678 1323 virtutes.
712 1261 986 1319 Novimus
1017 1267 1198 1312 autem
1218 1263 1273 1309 et
1307 1253 1458 1308 illum
1485 1250 1576 1319 qui
1605 1249 1844 1305 carbone
1868 1246 2014 1302 circa

428 1361 570 1415 labia
639 1353 1005 1428 spiritualiter
1064 1347 1394 1419 purifieatns
1453 1352 1561 1398 est.
1612 1339 2015 1396 Purilicabatur

427 1454 594 1509 etiam
627 1448 828 1518 aliquis
860 1444 955 1516 qui
989 1442 1163 1497 zelum
1194 1439 1460 1493 habuerat
1515 1451 1645 1505 erga
1700 1434 1900 1498 Deum,
1961 1441 2017 1489 et

429 1545 522 1614 qni
563 1543 634 1598 de.
663 1540 756 1596 illo
791 1535 1166 1593 testimonium
1193 1530 1525 1594 reddiderat,
1563 1527 1648 1582 vel
1703 1526 1850 1581 aliud
1885 1524 2016 1595 quid

431 1635 611 1691 simile
678 1633 883 1686 bonum
949 1626 1177 1682 fecerat.
1248 1623 1457 1678 Horum
1518 1630 1700 1674 autem
1767 1617 2014 1673 omnium

434 1724 761 1796 principium
795 1729 880 1776 est
913 1718 1224 1790 balnearius
1263 1725 1319 1770 et
1369 1714 1492 1784 igne
1527 1711 1746 1766 afllatus
1781 1711 2019 1766 traditus

434 1836 527 1874 ros
577 1816 819 1887 Spiritus
890 1807 1250 1868 saneti.»Bos
1308 1808 1525 1878 quidem
1575 1806 2013 1875 cognominatus,

430 1924 486 1969 et
522 1912 663 1982 quod
719 1911 1008 1965 desursum
1063 1917 1319 1974 tanquam
1356 1901 1548 1971 irrigat
1572 1915 1638 1954 ac
1697 1895 2028 1968 pinguefacit
2060 1897 2098 1953 Β

432 2007 689 2080 pulchras
719 2001 956 2075 paradisi
980 2001 1195 2071 plantas
1235 1998 1434 2068 (bonos
1469 1991 1762 2062 homines).
1820 2004 2022 2059 easque

432 2108 590 2153 vocat
612 2096 680 2152 ad
723 2096 996 2148 fructuum
1033 2086 1426 2144 abundantiam
1465 2082 1796 2153 ;ignellatus
1841 2090 2024 2134 autent

433 2191 635 2253 dictus,
659 2186 731 2240 ob
785 2181 1200 2239 renovationem
1259 2175 1565 2246 spiritualis
1620 2173 1876 2242 potentiae
1931 2187 2027 2240 per

435 2281 589 2336 illum
615 2290 672 2334 et
720 2275 1027 2332 secundum
1091 2271 1246 2325 illum
1309 2267 1862 2336 factam;quatenus
1924 2263 2029 2318 hac

437 2372 682 2444 potentia
713 2383 853 2439 aqua
878 2366 1156 2421 consumit
1172 2375 1235 2416 ea
1251 2373 1372 2430 qua:
1389 2372 1419 2410 ιι
1440 2357 1550 2412 Deo
1573 2356 2028 2426 praescribuntur,

437 2474 496 2520 et
530 2462 752 2517 ﬂamma
783 2457 974 2526 irrigat
999 2466 1119 2523 quat
1149 2450 1329 2506 salute
1368 2448 1530 2518 digna
1558 2455 1723 2513 sunt;
1750 2447 1822 2499 ita
1862 2452 1922 2498 ut
1958 2446 2030 2497 sit

441 2556 591 2623 ideo,
615 2555 772 2624 juxta
830 2555 1070 2621 poetam,
1097 2558 1190 2599 ros
1217 2540 1508 2612 ignellatus
1529 2539 1703 2594 sancti
1733 2552 1823 2591 ros
1851 2534 2031 2606 Spiri-

442 2657 554 2710 tus,
585 2647 840 2713 idemque
869 2640 942 2697 sit
966 2635 1176 2708 roriger
1203 2635 1348 2705 ignis
1379 2648 1506 2688 cum
1538 2629 1771 2702 spiritali
1795 2630 2028 2693 fervere,

441 2733 956 2809 sicquebalnearius
1004 2730 1073 2786 ad
1133 2727 1392 2783 decoram
1447 2723 1648 2779 animi:
1687 2721 2029 2794 purificatio-

449 2849 601 2888 nem.
1498 2875 1502 2878 .

514 2927 641 2982 150.
671 2923 786 2979 Vox
818 2919 1175 2991 ἀμπλάκημα
1206 2915 1372 2972 etiam
1423 2910 1688 2971 feminine
1717 2905 2030 2978 ἀμπλακία,

443 3021 594 3075 venit
621 3035 650 3073 a
687 3017 965 3072 locutione
990 3010 1259 3066 ἀνάπαλιν
1287 3007 1465 3078 ἥκειν,
1499 3019 1566 3060 eo
1611 3002 1756 3073 quod
1795 3015 1903 3054 non
1945 3013 2035 3053 re-

445 3123 588 3167 ctam
626 3107 843 3165 vivendi
875 3101 1280 3176 sequiturviam
1297 3106 1576 3170 peccator,
1627 3095 1723 3152 sed
1773 3104 2034 3162 tanquam

2119 614 2288 684 αὐτῆς
2325 611 2472 682 ᾠδῆς
2523 607 2830 677 ἐκλάμψαι,
2865 608 3040 677 πυρὸς
3088 610 3447 679 μεμνημένης
3480 604 3510 658 δ
3545 623 3712 658 κατε-

2121 705 2262 759 σθίει
2307 705 2434 767 τοὺς
2481 700 2838 765 ὑπεναντίους
2880 701 3038 771 ἡμῖν.
3072 698 3179 753 Καὶ
3225 698 3431 752 τοιόνδε
3489 698 3588 767 μὲν
3617 697 3713 752 καὶ

2119 801 2259 855 τόδε.

2195 892 2336 966 ρκθ”.
2381 894 2444 948 Ἥ
2491 894 2548 950 δὲ
2594 893 2865 965 εἰρημένη
2911 890 3200 962 λουτήριος
3247 889 3518 958 κάθαρσις
3575 887 3714 954 πρὸς

2119 989 2408 1059 διαστολὴν
2437 989 2613 1044 ἄλλων
2664 989 2883 1058 εἴρηται
2926 985 3097 1052 ἁγίων
3140 983 3468 1054 καθάρσεων
3493 999 3508 1013 ·
3549 981 3713 1036 ὁποία

2123 1081 2217 1133 καὶ
2254 1081 2288 1150 ἡ
2327 1078 2395 1133 δι’
2427 1078 2893 1146 ἔξομολογήσεως,
2925 1077 3022 1128 καὶ
3062 1077 3093 1144 ἡ
3127 1073 3220 1126 διά
3266 1071 3563 1142 μετανοίας
3607 1070 3712 1139 τῆς

2124 1175 2216 1228 ἐπὶ
2271 1175 2478 1236 κακοῖς,
2513 1173 2606 1225 καὶ
2654 1174 2686 1242 ἠ
2729 1171 2801 1224 δι’
2851 1167 3065 1239 ἀρετῶν
3101 1166 3334 1236 ἠθικῶν.
3383 1163 3624 1233 Οἴδαμεν
3656 1163 3714 1217 δὲ

2123 1269 2218 1321 καὶ
2270 1268 2362 1322 τὸν
2399 1269 2786 1337 καθηράμενον
2833 1266 3070 1334 ἄνθρακι
3126 1261 3335 1332 νοητῶς
3389 1259 3461 1312 τὰ
3509 1259 3666 1329 χείλη
3697 1273 3711 1287 ·

2123 1361 2438 1431 ὲκαθήρατο
2491 1361 2546 1414 δέ
2581 1378 2666 1422 τις
2714 1360 2808 1412 καὶ
2855 1358 3106 1427 ζηλώσας
3150 1356 3243 1409 ἐπὶ
3268 1355 3348 1422 τῷ
3389 1352 3530 1423 Θεῷ,
3564 1353 3660 1406 καὶ
3687 1351 3717 1404 ὁ

2127 1457 2486 1526 μαρτυρήσας
2517 1454 2659 1520 ὑπὲρ
2691 1455 2932 1513 ἐκείνου,
2965 1452 2999 1521 ἢ
3043 1449 3176 1506 ἄλλο
3209 1465 3264 1501 τι
3295 1449 3532 1516 ποιήσας
3577 1447 3718 1508 ἀγα-

2126 1547 2216 1600 θὸν
2246 1549 2451 1618 ὅμοιον.
2487 1547 2710 1600 Τούτων
2737 1546 2793 1598 δὲ
2831 1546 3052 1598 πάντων
3092 1542 3242 1597 αίτία
3271 1542 3306 1610 ὴ
3341 1539 3438 1592 νῦν
3477 1535 3718 1606 παραδε-

2125 1642 2324 1709 δομένη
2351 1640 2634 1710 λουτήριος
2662 1638 2962 1708 πυρίπνοος
3000 1637 3205 1706 δρόσος,
3227 1634 3323 1687 τοῦ
3357 1631 3707 1702 Πιιεύματος·

2124 1733 2318 1802 δρόσος
2355 1732 2456 1802 μὲν
2496 1730 2866 1800 ὀνομασθεῖσα
2894 1730 2982 1784 διά
3008 1731 3070 1782 τὸ
3120 1729 3325 1785 ἄνωθεν
3364 1721 3477 1780 οἷον
3535 1725 3717 1792 ἑπομ-

2127 1825 2377 1896 6ρεῖσθαι
2401 1823 2493 1876 καὶ
2521 1822 2756 1876 πιαίνειν
2785 1823 2853 1876 τά
2883 1822 3026 1876 καλά
3056 1821 3150 1875 τοῦ
3183 1819 3514 1889 παραδείσου
3539 1817 3711 1885 φυτὰ,

2127 1918 2255 1980 τοὺς
2288 1916 2524 1985 ἀγαθοὺς
2554 1916 2900 1986 ἀνθρώπους,
2938 1915 3033 1968 καὶ
3066 1912 3426 1968 ἐκκαλεῖσθαι
3451 1910 3595 1964 αὑτά
3634 1911 3713 1973 είς

2127 2011 2539 2079 πολυκαρπίαν’
2575 2017 2879 2076 πυρὶπνοος
2917 2010 2974 2062 δὲ
3015 2007 3107 2062 διὰ
3157 2008 3218 2059 τὸ
3254 2011 3376 2061 κατ’
3409 2007 3585 2076 αὐτὴν
3622 2003 3718 2056 καὶ

2126 2105 2194 2159 δι’
2224 2105 2394 2171 αὐτῆς
2440 2103 2796 2172 καινότροπον
2827 2103 2926 2170 τῆς
2965 2101 3356 2172 πνευματικῆς
3382 2100 3673 2169 δυνάμεως
3697 2113 3712 2128 '

2129 2197 2251 2250 καθ’
2279 2199 2344 2267 ἢν
2383 2195 2531 2266 ὕδωρ
2578 2213 2637 2247 τε
2676 2197 2869 2264 φλέγει
2908 2195 3056 2264 ἅπερ
3108 2197 3468 2247 ὲπιτάσσεται
3505 2192 3716 2256 θεόθεν,

2130 2291 2223 2344 καὶ
2256 2289 2389 2361 φλὸξ
2437 2289 2679 2358 δροσίζει
2727 2290 2796 2342 τά
2829 2288 3105 2355 σώζεσθαι
3137 2289 3296 2353 ἀξια·
3337 2286 3413 2348 ὡς
3455 2281 3596 2338 εἶναι
3629 2285 3718 2337 διά

2129 2382 2286 2436 τοῦτο
2313 2386 2409 2437 καὶ
2429 2381 2620 2452 δρόσον
2642 2382 2940 2452 πνρίπνοον
2963 2382 3061 2451 τὴν
3078 2381 3172 2434 τοῦ
3197 2380 3354 2448 ἁγίου
3379 2379 3604 2446 Πνεῦμα
3619 2396 3723 2449 20:,

2131 2476 2274 2529 κατά
2295 2477 2385 2530 τὸν
2420 2475 2682 2547 μελῳδὸν,
2717 2475 2815 2534 καὶ
2841 2474 2953 2545 πῦρ
2984 2475 3080 2544 τὴν
3105 2473 3278 2541 αὐτὴν
3308 2472 3567 2541 δροσερὸν
3605 2469 3725 2540 ἅμα

2133 2570 2279 2633 ζέσει
2326 2569 2698 2637 πνευματικῇ,
2733 2566 2831 2618 καὶ
2873 2559 3018 2618 οὕτω
3051 2565 3339 2634 λουτήριον
3383 2563 3475 2614 ἐπὶ
3514 2561 3724 2615 καλλο-

2136 2660 2277 2730 πιιιῷ
2319 2660 2584 2729 καθάρσει
2609 2658 2812 2728 ψυχῆς.

2211 2932 2309 3001 ρλ’.
2363 2930 2439 2984 Τὸ
2497 2929 2555 2984 δὲ
2604 2929 2958 3001 ἀμπλάκημα
3010 2931 3105 2982 καὶ
3156 2927 3446 2997 ἀμπλακία
3503 2927 3729 2995 λέγεται

2138 3023 2424 3096 θηλυκῶςι
2452 3023 2667 3090 γίνεται
2697 3022 2754 3074 δὲ
2789 3024 2943 3092 παρὰ
2979 3022 3040 3074 τὸ
3077 3020 3348 3074 ἀνάπαλιν
3388 3021 3569 3090 ἥκειν,
3603 3019 3732 3073 ἐπεὶ

2142 3117 2216 3186 μὴ
2267 3115 2564 3184 εὐθυπορεῖ
2607 3113 2749 3166 κατά
2793 3113 2908 3182 βίον
2964 3114 2992 3165 ό
3040 3111 3388 3181 ἁμαρτωλὸς,
3434 3110 3570 3165 ἀλλά
3630 3113 3732 3179 τῆς

451 3216 752 3263 retrorsum
778 3197 1160 3257 arectitudine
1202 3209 1438 3266 peccans
1472 3188 1702 3245 recedit.
1729 3186 2035 3256 Πυρίπνοον

2142 3210 2306 3278 ὀρθῆς
2337 3207 2673 3278 ἁμαρτάνων
2700 3208 2977 3276 ἀναχωρεῖ
3011 3205 3084 3268 ὡς
3115 3201 3228 3258 οἷον
3271 3204 3530 3274 ἔμπαλιν.
3560 3205 3640 3256 Tit
3670 3204 3730 3257 δὲ

449 3299 722 3374 synthesis
746 3306 829 3350 est
847 3291 1141 3349 locutionis
1174 3287 1289 3358 πῦρ
1316 3288 1527 3348 πνέειν,
1560 3297 1668 3336 non
1694 3279 2031 3345 ﬂatnmeunt,
2060 3251 2105 3313 C

448 3369 596 3463 quod
633 3405 702 3446 ex
741 3403 869 3442 aere
900 3382 1240 3440 inflammato
1264 3386 1367 3443 est,
1398 3379 1471 3431 ita
1503 3381 1562 3428 ut
1592 3373 1791 3441 aliquis
1819 3385 1884 3424 eo
1919 3369 2035 3439 ple-

453 3462 578 3552 nus,
611 3487 788 3556 ignem
832 3480 984 3535 sicut
1035 3473 1296 3530 chimaera
1361 3467 1448 3524 vel
1497 3465 1812 3532 catoblepas
1846 3462 2035 3532 spirat,

452 3582 549 3638 sed
589 3577 754 3650 quale
779 3574 931 3629 viros
989 3567 1322 3641 apostolicos
1377 3559 1622 3630 angelice
1682 3557 2040 3612 inflammavit

449 3674 519 3726 ad
548 3649 732 3725 divina
759 3663 1018 3737 mysteria
1045 3678 1062 3728 ;
1085 3658 1353 3728 cuiusque
1384 3654 1584 3722 linguae
1612 3650 1794 3721 ignita:
1840 3649 2040 3720 (γλωσ-

453 3757 928 3832 σοπυρσόμορςροι)
981 3763 1136 3810 erant
1195 3747 1532 3822 symbolum.
1587 3744 1726 3800 Nota
1775 3743 2041 3813 deinceps

453 3857 602 3927 quod
640 3853 702 3904 τὸ
739 3851 1036 3920 περίπνοον
1063 3855 1117 3901 et
1137 3843 1256 3914 ejus
1303 3837 1670 3894 masculinum
1717 3850 1891 3906 genus
1951 3849 2042 3887 ac-

455 3960 619 4004 centu
657 3952 917 3998 notentur
969 3941 1023 3992 in
1058 3935 1487 4006 antepenultima
1520 3947 1536 4000 ;
1565 3944 1670 3985 vox
1705 3940 1886 3983 autem
1947 3940 2044 3996 per

458 4051 735 4110 syncopen
767 4031 1046 4103 trisyllaba
1075 4027 1352 4098 πυρπνόος
1408 4024 1464 4079 in
1525 4021 1825 4094 penultima
1879 4020 2046 4072 habet

457 4139 742 4188 accentum
771 4143 788 4195 ;
823 4131 965 4182 sicut
990 4132 1044 4179 et
1071 4137 1141 4178 ex
1177 4121 1284 4175 illis
1313 4119 1476 4190 paulo
1535 4127 1658 4186 post
1684 4117 1712 4167 ὁ
1739 4111 2044 4183 πυρίπνους

456 4234 516 4279 et
537 4221 859 4278 adverbium
891 4217 1209 4286 πυρπνόως.
1243 4211 1344 4266 Hic
1374 4221 1556 4266 autem
1585 4210 1748 4263 etiam
1766 4208 2042 4262 exoticum

461 4319 581 4373 vide
603 4314 899 4384 cogitatum
963 4324 1123 4364 sacro
1184 4302 1599 4376 hymnographo
1653 4301 1911 4354 traditum
1973 4295 2045 4351 ad

460 4414 724 4480 hymnum
789 4403 1180 4475 spiritualem:
1221 4400 1426 4453 dictum
1486 4396 1630 4448 enim
1688 4395 1800 4464 πῦρ
1863 4393 2047 4446 πνέειν

463 4505 664 4573 (ignem
692 4498 923 4566 spirare)
995 4493 1142 4562 quod
1189 4490 1346 4545 initio
1396 4488 1501 4540 fuit
1569 4486 1928 4539 admveutum
1981 4481 2048 4535 de

2139 3301 2439 3370 πυρίπνοον
2470 3298 2718 3361 σύνθεσίς
2757 3301 2875 3349 ἐστι
2911 3297 3004 3350 τοῦ
3056 3297 3374 3365 πυρπνέεινν
3403 3297 3464 3350 οὐ
3499 3297 3735 3363 φλόγεθν

2137 3392 2196 3444 τὸ
2232 3392 2292 3456 ἐξ
2315 3393 2479 3462 ἀέρος
2505 3391 2753 3461 ὲμπὺρου
2789 3390 2874 3443 ἵνα
2904 3408 2987 3454 τις
3021 3390 3357 3460 ἐμφορηθεὶς
3387 3389 3577 3450 αὑτοῦ,
3615 3387 3730 3458 πῦρ

2139 3487 2274 3557 πνέῃ
2330 3486 2488 3557 δίκην
2547 3485 2812 3555 χιμαίρας
2863 3483 2895 3554 ἦ
2955 3483 3501 3547 κατώϐλεπος,ἀλλά
3543 3485 3734 3536 ὁποῖον

2137 3581 2262 3643 τοὺς
2310 3577 2644 3640 ἀποστόλους
2692 3577 3002 3645 ἁγγελικῶς
3061 3575 3438 3644 ἐξεφλόγωσεν
3488 3575 3568 3635 εἰς
3624 3574 3736 3627 λει-

2138 3672 2394 3742 τουργίας
2430 3671 2603 3734 θείας,
2636 3662 2810 3739 οὗπερ
2837 3669 2894 3723 at
2925 3668 3529 3736 γλωσσοπυρσόμορφοι
3555 3665 3739 3734 γλῶσ-

2143 3779 2236 3817 σαι
2269 3762 2561 3832 σύμϐολον.
2597 3762 2799 3815 Ἱστέον
2831 3761 2888 3814 δὲ
2923 3761 3006 3814 ὅτι
3047 3759 3110 3814 τὺ
3149 3759 3249 3830 μὲν
3295 3758 3599 3829 πυρίπνοον
3643 3759 3738 3810 καὶ

2140 3857 2203 3909 τὸ
2255 3858 2546 3926 ἀρσενικὸν
2596 3853 2768 3908 αὐτοῦ
2804 3853 3318 3924 προπαροξύνεταιο
3361 3852 3421 3905 τὸ
3471 3851 3529 3904 δὲ
3581 3852 3732 3904 κατά

2144 3951 2426 4020 συγκοπὴν
2451 3947 2815 4020 τρισύλλαϐον
2848 3949 2876 4001 ὁ
2913 3946 3192 4017 πυρπνόος
3227 3942 3624 4016 παροξύνεται.
3667 3946 3732 3998 ὲκ

2141 4045 2348 4098 τούτων
2393 4042 2451 4096 δὲ
2499 4043 2619 4112 μετ’
2649 4041 2810 4110 ὀλίγα
2857 4042 2885 4094 ὁ
2940 4030 3271 4112 πυρίπνους,
3311 4043 3408 4095 καὶ
3443 4042 3736 4110 ἐπίρρημα

2142 4137 2203 4188 τὸ
2237 4135 2554 4205 πυρπνόως.
2589 4134 2733 4203 Ὀρα
2771 4132 2830 4187 δὲ
2861 4131 3144 4186 κάνταῦθα
3183 4133 3362 4202 νόημα
3393 4132 3732 4200 ἑξωτερικὸν

2146 4248 2219 4282 πα
2231 4227 2487 4298 ραδεχθὲν
2510 4225 2585 4295 τῷ
2610 4226 2752 4295 ἀγίῳ
2779 4225 3005 4295 μελῳδῷ
3030 4225 3110 4287 είς
3135 4223 3306 4293 ὕμνον
3329 4225 3734 4290 πνευματικόν.

2145 4321 2219 4374 Τὸ
2249 4323 2358 4389 γὰρ
2404 4319 2516 4388 πῦρ
2548 4321 2732 4370 πνέειν
2779 4318 2876 4388 τὴν
2925 4318 3101 4387 ἀρχὴν
3149 4318 3246 4368 ἐπὶ
3283 4316 3503 4384 ταύρων
3539 4316 3741 4384 Kritz-.-

2147 4411 2281 4474 κῶν,
2312 4411 2404 4462 καὶ
2455 4411 2542 4462 ἐπ.
2596 4408 2862 4478 χιμαίρας
2898 4410 2994 4474 τῆς
3031 4407 3320 4476 Λυκιακῆς
3358 4407 3736 4477 λογνιποιηθὲν,

2147 4501 2182 4555 δι
2224 4501 2288 4570 δὴ
2335 4501 2450 4564 ζῶα
2509 4502 2760 4568 πυρπνόα
2813 4500 3232 4570 παραδέδονται,
3275 4499 3593 4570 ᾠκειώσατο
3642 4499 3739 4551 νῦν

460 4594 634 4648 tauris
659 4589 933 4645 Colchicis
960 4596 1014 4640 et
1043 4589 1110 4639 de
1155 4585 1413 4637 chimaera
1473 4576 1723 4648 Lyciaca,
1761 4587 1819 4629 ut
1863 4577 2038 4643 ignem

2151 4595 2341 4658 δεξιῶς
2373 4596 2567 4660 πυρὸς,
2618 4595 2693 4656 ὡς
2753 4593 2927 4656 οὕτως
2983 4596 3181 4659 εἰπεῖν,
3226 4595 3438 4648 ἐκείνου
3492 4593 3738 4648 πλαστοῦ

463 4684 802 4756 spirantibus
835 4679 1070 4740 traditis,
1101 4674 1206 4728 sibi
1263 4685 1411 4726 nunc
1475 4673 1708 4723 solerter
1757 4666 2041 4736 prOprium

462 4779 611 4841 fecit,
638 4777 780 4848 ignis
809 4774 980 4838 illius,
1008 4782 1060 4824 ut
1087 4771 1164 4822 ita
1187 4768 1389 4827 dicam,
1421 4765 1530 4817 ficti
1557 4772 1610 4816 et
1635 4761 1884 4816 extranei
1904 4759 2044 4812 lant-

461 4851 600 4942 pade
630 4867 856 4938 mystice
884 4876 1115 4917 accensa
1137 4860 1427 4925 dicataque
1450 4863 1643 4909 sancto
1672 4852 1929 4922 Spiritui;
1949 4865 2047 4920 per

462 4980 623 5035 quem
694 4959 1030 5014 balneariam
1063 4954 1499 5022 purificationem
1539 4950 1784 5000 fidelibus
1801 4947 2046 5015 perfecit.

463 5059 616 5125 Quod
636 5059 682 5110 si
705 5068 831 5110 vero
862 5051 1130 5122 posterius
1163 5046 1362 5116 aliquis
1390 5045 1569 5099 dictus
1595 5055 1678 5096 est
1701 5043 1770 5095 ob
1795 5043 2052 5110 eloquen-

467 5153 597 5204 tiam
631 5153 740 5205 vim
770 5150 908 5218 ignis
936 5147 1198 5215 spirasse,
1233 5143 1318 5195 vel
1349 5141 1532 5208 aliqth
1575 5143 1737 5190 modo
1763 5137 1942 5190 siunle
1969 5141 2053 5188 est

466 5245 608 5300 febri
646 5245 882 5307 fervens,
912 5254 1008 5308 pro
1043 5255 1059 5292 ;
1096 5239 1372 5304 pathetice
1433 5235 1650 5287 locutus
1703 5238 1806 5293 est,
1841 5229 1982 5298 tropi
2020 5243 2051 5281 a

469 5345 600 5390 sunt
663 5337 788 5404 ista,
845 5332 992 5400 quod
1047 5344 1149 5382 nec
1200 5328 1498 5395 auagogice
1563 5339 1824 5394 expressa
1856 5332 1911 5377 et
1959 5337 2055 5376 ex-

469 5430 635 5481 celsa.
675 5421 770 5475 llic
797 5434 1019 5489 qtioque
1071 5418 1372 5472 notandum
1431 5425 1518 5470 est
1581 5415 1728 5485 quod
1775 5413 2052 5483 πυρπνόος

471 5527 662 5573 taurus
697 5526 751 5568 et
783 5513 1060 5582 πυρπνόος
1111 5511 1370 5563 chimaera
1397 5521 1541 5562 reete
1593 5519 1754 5560 acuto
1797 5517 1926 5559 tono
1973 5505 2055 5558 si-

471 5619 709 5678 gnantur
737 5609 806 5659 ob
834 5609 1100 5659 actionem
1136 5618 1298 5672 quam
1339 5605 1656 5665 ostendunt,
1684 5600 2056 5670 quemadmo-

473 5708 603 5756 dum
663 5703 716 5754 in
779 5704 879 5752 hac
939 5698 1175 5751 dictione
1209 5716 1222 5751 :
1262 5699 1457 5750 mulier
1521 5695 1908 5763 πρωτοτόκος;
1944 5695 2058 5746 haec

474 5798 619 5849 enim
656 5811 892 5864 primum
928 5794 1092 5863 parit,
1119 5804 1171 5846 et
1219 5794 1294 5846 illi
1349 5793 1562 5861 Spirant
1625 5792 1830 5860 ignem.
1888 5789 2058 5842 Porro

476 5887 774 5954 πυρίπνοος
808 5902 900 5944 ros
954 5892 1019 5944 ad
1061 5890 1376 5958 passionem
1432 5887 1748 5949 resolvitur,
1814 5886 1960 5940 sicut
2006 5889 2062 5938 et

2150 4687 2455 4756 ἀλλοφύλου
2493 4686 2725 4750 ἐναῦσας
2757 4687 3041 4754 μυστικῶς
3081 4687 3351 4758 λαμπάδα
3382 4690 3474 4741 καὶ
3513 4688 3740 4751 ἀναθεὶς

2150 4781 2229 4850 τῷ
2261 4780 2402 4849 ἀγίῳ
2435 4781 2737 4849 Πνεύματι,
2769 4779 2836 4832 δι’
2865 4779 2924 4831 οῦ
2953 4779 3238 4850 λουτήριον
3265 4779 3536 4850 κάθαρσιν
3578 4781 3740 4851 ἐξήρ-

2153 4889 2270 4926 τισε
2299 4875 2413 4934 τοῖς
2445 4874 2680 4933 πιστοῖς.
2714 4873 2774 4924 ΕΞ
2805 4871 2864 4924 δὲ
2891 4873 2948 4924 ἐν
2977 4874 3089 4934 τοῖς
3118 4871 3346 4943 ὕστερον
3382 4873 3543 4940 μένος
3569 4873 3740 4943 πυρὸς

2156 4967 2342 5019 πνέειν
2387 4964 2480 5018 τοῦ
2527 4967 2668 5018 κατά
2710 4965 3004 5034 ῥητορείαν
3046 4965 3247 5036 ὲρρέθη
3305 4965 3479 5036 τις,ἢ
3524 4965 3743 5033 πυρετῷ

2157 5057 2294 5122 ζέων
2320 5057 2510 5127 ὅμοιόν
2541 5073 2592 5109 τι
2621 5056 2716 5109 ἐπὶ
2739 5055 2818 5126 τῷ
2838 5055 2999 5110 πάθει
3022 5057 3186 5127 ὲλάλη
3200 5073 3253 5109 τε
3285 5058 3522 5124 τροπικᾶ
3548 5056 3744 5117 ταῦτα,

2156 5153 2216 5204 οὺ
2249 5152 2356 5220 μὴν
2409 5151 2774 5218 ἀναγωγικῶς
2821 5151 3072 5220 γραφικά
3119 5154 3211 5202 καὶ
3252 5150 3450 5221 ὑψηλά.
3515 5151 3744 5214 Ἐπιση-

2163 5245 2394 5311 μαντέον
2444 5244 2501 5295 δὲ
2555 5243 2874 5309 ἀναγκαίως
2925 5241 3160 5295 ἐνταῦθα
3215 5242 3298 5294 ὅτι
3331 5244 3612 5311 πυρπνόος
3644 5240 3744 5306 μὲν

2159 5336 2384 5405 ταῦρος,
2429 5338 2524 5386 καὶ
2564 5334 2846 5402 πυρπνόος
2875 5333 3133 5402 χίμαιρα,
3165 5333 3338 5403 ὀρθῶς
3365 5331 3746 5398 ὁξυτονοῦνται

2162 5429 2229 5483 δι’
2257 5429 2320 5498 ἠν
2357 5426 2613 5497 δηλοῦσιν
2661 5427 2972 5496 ἐνέργειαν,
3003 5425 3280 5495 ἀναλόγως
3310 5427 3405 5494 τῷ,
3437 5426 3573 5494 γυνὴ
3601 5440 3749 5492 πρωι

2163 5519 2414 5578 τοτόκος·
2467 5516 2654 5584 ἐκείνη
2699 5532 2758 5566 τε
2797 5516 2908 5584 γὰρ
2941 5513 3174 5584 πρώτως
3214 5517 3414 5580 τίκτει,
3468 5518 3563 5566 καὶ
3610 5510 3749 5564 αὐτὰ

2166 5609 2561 5678 πυρπνέουσιν.
2626 5608 2691 5660 Ἠ
2774 5609 2961 5678 μέντοι
3045 5610 3346 5678 πυρίπνοος
3421 5609 3605 5678 δρόσος
3671 5603 3750 5664 εἰς

2167 5701 2342 5763 πάθος
2392 5701 2708 5766 ἀναλύεται,
2763 5701 2840 5762 ὡς
2907 5702 3001 5752 καὶ
3063 5703 3091 5753 ό
3148 5702 3256 5770 πρδ
3306 5701 3404 5752 δύο
3465 5693 3751 5751 συλλαϐῶν

2165 5793 2494 5862 ὀξυνόμενος
2531 5795 2659 5854 παῖς
2685 5807 2698 5820 ·
2735 5795 2798 5845 ὲκ
2847 5793 3020 5862 πυρὸς
3071 5793 3180 5862 γὰρ
3206 5789 3374 5862 ἀὐτὴ
3422 5790 3752 5844 ἀναπνὲεται

2167 5882 2566 5954 ἀτμιδουμένη,
2597 5884 2692 5936 καὶ
2749 5883 2936 5952 σχεδόν
2995 5899 3049 5936 τι
3085 5884 3276 5951 δρόσος
3325 5883 3460 5951 οὖσα
3487 5896 3498 5910 ο
3542 5880 3600 5932 οὐ
3647 5875 3756 5945 γὰρ
