4050 6430
420 395 529 460 645

1200 391 1283 453 ΙΝ
1333 391 1677 455 HYMNUM
1718 388 2376 457 PENTECOSTALEM
2420 391 2899 455 DAMASCENI.

3595 384 3702 449 ιω

420 508 750 581 παρενοχλεῖ
797 508 875 574 ὡς
930 508 1259 579 αὐτόχρημα
1324 507 1458 580 πῦρ,
1512 507 1651 563 ἀλλὰ
1710 506 1998 579 θερμαίνει

2115 508 2236 571 παῖς
2262 513 2426 562 acuto
2467 512 2691 560 notatur
2714 508 2945 559 accentu
2974 513 3079 572 pro
3100 498 3319 555 duabus
3345 495 3570 570 syllabis
3603 511 3702 556 εει

419 605 715 678 παρήγορα
746 603 824 669 ὡς
863 597 954 658 οῖα
984 602 1295 674 λουτήριος.

491 869 630 942 ρλα⁹.
665 870 1008 944 Φωτὸμορφα
1060 870 1118 927 δὲ
1158 870 1345 935 τέκνα,
1381 869 1414 941 ἢ
1449 868 1518 923 τὰ
1568 870 1776 940 μορφῇ,
1807 868 1836 922 ὅ
1884 867 2006 922 ἐστι

418 964 602 1034 φύσει,
655 964 732 1027 ὡς
777 964 1116 1037 «possessu,
1145 964 1240 1017 καὶ
1293 963 1510 1030 ἀληθῶς
1542 963 1804 1033 φωτεινὰ,
1848 960 1883 1032 ἢ
1937 960 2009 1015 τὰ

419 1056 687 1127 φωτοειδῆ
710 1073 726 1087 ·
753 1056 815 1110 τὸ
845 1056 905 1109 δέ
934 1056 1032 1127 τῆς
1066 1054 1397 1126 Ἐκκλησὶας
1457 1054 1702 1123 γλυκέως
1724 1055 1902 1107 κεῖται
1930 1052 2007 1117 ὡς

421 1148 628 1219 μητρὸς
670 1149 781 1201 τῶν
832 1147 1140 1218 εἰρημένων
1192 1146 1425 1211 τέκνων,
1462 1144 1552 1200 ἴνα
1609 1144 1742 1217 λέγῃ
1792 1144 1933 1198 αὐτὰ
1978 1146 2007 1199 ὁ

422 1240 663 1313 μελῳδὸς
710 1240 906 1303 παῖδας
953 1237 1477 1308 ἐκκλησιαστικοὺς,
1504 1237 1863 1307 λελουμένους
1910 1236 2007 1289 ὑπ’

420 1332 594 1400 αὐτῆς
640 1332 734 1386 ἐπὶ
773 1329 1328 1401 καθάρσειφωτεινῇ,
1382 1328 1698 1401 ἀρεσκούοῃ
1730 1329 1811 1398 τῷ
1860 1327 1998 1397 Θεῷ.

430 1423 494 1478 Ὀ
533 1423 590 1476 δὲ
649 1422 744 1477 νῦν
793 1422 1135 1494 ἐξεληλυθὼς
1184 1423 1348 1494 νόμος
1389 1423 1490 1477 οὑκ
1540 1422 1768 1475 ἄλλοθέν
1812 1421 2002 1487 ποθεν,

420 1513 559 1570 ἀλλὰ
588 1517 651 1569 ἐκ
680 1515 780 1585 τῆς
825 1514 965 1568 Σιὼν
996 1517 1028 1584 ή
1058 1513 1153 1568 τοῦ
1209 1514 1524 1585 [Ινεύματός
1578 1516 1695 1567 ἐστι
1735 1511 1874 1567 κατὰ
1910 1512 2006 1566 τὸν

424 1605 663 1677 μελῳδὸν
699 1605 881 1677 χάρις.
921 1606 1029 1659 Καὶ
1057 1604 1396 1675 ἐνθυμητέον
1437 1603 1677 1658 ἐνταῦθα
1704 1603 1789 1658 ὅτι
1820 1601 2004 1667 καλῶς

420 1699 519 1752 καὶ
548 1698 655 1766 πρὸ
687 1697 883 1766 ὸι.ίγων
928 1696 988 1750 τὸ
1020 1696 1212 1766 νείμας
1235 1697 1316 1761 τὸ,
1357 1695 1582 1766 Πνεῦμα
1604 1696 1679 1757 ὡς
1709 1695 2001 1765 ὑπέσχετο,

419 1790 680 1858 τοιαύτης
726 1788 935 1853 ἐννοίας
978 1789 1189 1858 ἔφαμεν
1224 1783 1370 1842 εῖναι
1398 1787 1756 1858 ἐμφαντικόν.
1796 1786 1860 1840 Et
1893 1787 2002 1856 γὰρ

2121 598 2248 668 igne
2275 596 2491 653 scilicet
2517 596 2621 651 iste
2650 594 2897 665 spiratur
2966 602 3285 662 vaporatus,
3341 603 3467 645 cum
3528 587 3703 644 adhuc

2106 686 2224 743 fere
2244 688 2317 743 sit
2343 701 2435 741 ros
2465 704 2480 742 :
2513 700 2622 741 non
2662 686 2808 741 enim
2836 683 3096 741 obturbat
3150 691 3210 738 ut
3255 681 3490 753 ipsemet
3541 681 3704 752 ignis,

2127 781 2226 836 sed
2256 777 2511 836 calefacit
2536 777 2695 849 quasi
2724 776 3022 834 balnearis.

2184 872 2314 928 l5l.
2337 873 2680 943 Φωτόμορφα
2706 871 2833 927 dein
2867 872 3036 924 τέκνα
3067 877 3199 926 sunt
3248 868 3335 925 vel
3390 869 3591 934 forma,
3650 866 3704 922 id

2107 956 2209 1033 est,
2244 972 2459 1030 natura,
2483 965 2628 1020 sicut
2656 962 3032 1022 antedictum
3083 971 3189 1028 est,
3230 970 3287 1017 et
3347 977 3477 1018 vere
3532 959 3703 1016 lucidi

2108 1059 2230 1126 lilii,
2252 1058 2339 1114 vel
2359 1058 2553 1112 lumini
2580 1056 2808 1111 similes.
2848 1055 2965 1111 Vox
3000 1063 3182 1110 autem
3210 1053 3313 1124 τῆς
3348 1054 3704 1126 Ἐκκλησίας,

2109 1148 2402 1205 commode
2439 1146 2662 1219 ponitur
2685 1146 2844 1217 quasi
2871 1147 2940 1200 de
2998 1150 3175 1199 matre
3233 1143 3507 1198 dictorum
3566 1142 3704 1196 ﬁlio-

2069 1256 2073 1261 '
2107 1254 2256 1309 rum,
2287 1247 2348 1293 ut
2382 1238 2505 1293 illos
2534 1236 2683 1291 dicat
2710 1246 2871 1306 poeta
2909 1233 3052 1289 filios
3077 1233 3484 1289 ecclesiasticos
3514 1234 3583 1287 ab
3609 1233 3704 1288 illa

2105 1330 2318 1387 lavatos
2351 1328 2418 1383 ad
2452 1327 2890 1400 puriﬁcationem
2931 1323 3168 1380 lucidam
3209 1332 3264 1379 et
3302 1324 3411 1378 Deo
3467 1334 3701 1392 gratam.

2107 1421 2215 1478 Lex
2249 1430 2432 1477 autem
2463 1435 2586 1491 quae
2623 1434 2732 1473 non
2793 1418 3014 1473 aliunde
3066 1416 3212 1471 venit
3277 1416 3381 1471 nisi
3434 1404 3501 1470 de
3545 1415 3702 1478 Sion,

2108 1513 2344 1585 Spiritus
2369 1522 2453 1570 est
2482 1511 2787 1568 secundum
2840 1509 3313 1580 ltymnograplmm
3375 1510 3548 1577 gratia
3584 1525 3599 1573 ;
3645 1517 3702 1561 et

2107 1610 2183 1665 ibi
2215 1607 2626 1678 recogitandum
2660 1604 2806 1673 quod
2836 1603 3084 1672 pulchre,
3117 1602 3280 1673 paulo
3307 1611 3467 1654 antea
3499 1600 3699 1655 dictio-

2106 1715 2232 1756 nem
2262 1738 2280 1767 ,
2313 1715 2335 1753 ι
2362 1697 2702 1754 distribuens
2735 1696 3011 1764 Spiritum
3053 1702 3114 1748 ut
3154 1696 3480 1764 promiserat
3515 1710 3535 1744 ›
3577 1731 3594 1758 ,
3624 1702 3704 1745 ta-

2108 1795 2174 1850 lis
2229 1793 2451 1864 c0gitati
2510 1792 2752 1846 diximus
2827 1803 2948 1845 esse
3008 1785 3497 1842 demonstrativam
3535 1801 3549 1839 :
3583 1787 3690 1841 nisi

424 1883 501 1956 μὴ
530 1884 599 1938 τὰ
630 1882 723 1936 τοῦ
780 1883 937 1951 ἁγίου
989 1882 1311 1953 Πνεῦματος
1370 1884 1451 1947 εἰς
1504 1884 1703 1952 νόμους
1760 1881 2001 1953 θήσομεν

2115 1886 2248 1940 enim
2283 1897 2406 1953 qua:
2428 1890 2557 1936 sunt
2589 1878 2827 1949 Spiritus
2884 1877 3061 1934 sancti
3098 1890 3386 1949 ponamus
3452 1876 3505 1930 in
3558 1876 3703 1947 leges

421 1976 803 2047 πυρσεύοντας
872 1975 1153 2045 γλώσσαις
1232 1976 1534 2045 γραφικαῖς
1599 1976 1670 2028 τὰ
1735 1976 2004 2046 σωτήρια,

426 2070 591 2140 σχολῇ
663 2069 717 2138 γ’
777 2068 847 2123 ἂν
897 2067 1199 2138 νομοθέτας
1269 2067 1661 2138 ἐξωτερικοὺς
1695 2066 2007 2138 ἀξιώσομεν

425 2162 614 2230 λόγου.
644 2162 719 2215 Τὸ
743 2161 823 2228 δέ,
847 2160 1133 2232 ἐξελήλυθε
1158 2161 1343 2230 νόμος,
1367 2160 1543 2223 ἄλλως
1578 2160 1679 2231 μὲν
1700 2159 1802 2214 οὐκ
1829 2159 2007 2230 ὀρθῶς

426 2255 726 2319 ποδίζεται,
757 2253 844 2308 διὰ
871 2254 932 2307 τὸ
964 2252 1492 2324 βραχυκατάληκτον
1537 2251 1632 2306 τοῦ
1677 2251 1967 2322 ἐξελήλυθε
1988 2264 2003 2279 '

426 2351 720 2422 πυρρίχιος
767 2347 878 2420 γὰρ
942 2348 1120 2418 βαίνει
1172 2348 1202 2400 ὁ
1231 2346 1483 2415 πέμπτος
1540 2346 1698 2410 πούς.
1735 2347 1890 2418 Ἔχει
1946 2346 2007 2400 δὲ

424 2442 724 2512 θεραπείαν
754 2440 900 2510 λόγῳ
927 2440 1114 2506 κοινῆς
1163 2438 1461 2509 συλλαϐῆς,
1487 2439 1682 2493 ὀποέαν
1706 2440 1807 2493 καὶ
1849 2438 2006 2509 ἀορί-

428 2551 557 2587 στου
587 2534 831 2603 λήγουσα
855 2531 1019 2602 ὁμοῖα
1058 2534 1117 2585 ἐν
1142 2549 1172 2584 τ
1192 2533 1220 2600 ξι
1247 2552 1274 2571 -ε
1305 2530 1559 2602 Νέστορα
1598 2529 1644 2583 δ’
1670 2531 1772 2583 οὐκ
1800 2529 2006 2583 σέλαθεν

424 2628 553 2699 ῖαχή
577 2626 774 2689 ὀτινές
798 2626 854 2680 δὲ
878 2625 1148 2695 ἔγραψαν,
1185 2623 1520 2696 ἐξεληλύθει,
1550 2628 1695 2677 κατᾶ
1726 2625 2004 2695 ὑπερςυν-

420 2718 639 2773 τελικδν
668 2717 1054 2789 χρόνον.”Εστι
1081 2717 1139 2771 δέ
1173 2717 1302 2779 τσως
1331 2717 1432 2770 οὐκ
1455 2715 1689 2787 ἀκριϐὴς
1720 2716 1753 2785 ἡ
1777 2714 2006 2784 τοιαύτη

422 2813 632 2883 γραφὴ,
666 2812 755 2866 διὰ
783 2812 842 2864 τδ
870 2811 968 2865 νῦν
1013 2813 1300 2883 ἐπίρρημα
1337 2811 1399 2865 τὸ
1430 2811 1708 2878 κατνὰρχον
1750 2808 1846 2863 τοῦ
1896 2809 2007 2863 στί-

421 2923 518 2976 χου
569 2908 661 2959 ἐπὶ
708 2904 934 2971 ἐνδείξει
987 2904 1195 2973 Καινῆς
1239 2902 1542 2973 Διαθήκης.
1575 2902 1743 2955 Αὐτδι
1768 2902 1869 2972 μὲν
1896 2902 2006 2973 γὰρ

420 2996 871 3067 ὁμολογουμένως
918 2996 1199 3050 ἐνεστῶτα
1228 2996 1532 3065 δηλοῖ,-καὶ
1575 2993 1856 3065 ᾠκείωται
1894 3009 2003 3047 πα-

2109 1976 2285 2047 igneis
2310 1974 2511 2044 linguis
2541 1972 2805 2029 silutaria
2838 1971 3302 2033 demonstrantes,
3350 1970 3437 2022 vix
3490 1968 3705 2037 legisla-

2114 2075 2263 2122 tores
2303 2075 2595 2122 extraneos
2624 2063 2820 2134 dignos
2845 2062 3011 2117 verbo
3038 2060 3431 2132 iudicabimus.
3470 2058 3582 2114 Hoc
3612 2075 3705 2114 ve-

2106 2175 2170 2214 ro
2189 2175 2205 2215 :
2225 2156 2518 2228 ἐξελήλυθε
2541 2156 2725 2226 νόμος,
2770 2169 2880 2209 ιιοη
2930 2162 3077 2209 recto
3096 2152 3343 2223 graditur
3380 2160 3554 2206 metro
3577 2166 3706 2222 pro-

2106 2260 2230 2322 pter
2266 2249 2533 2320 syllabam
2567 2248 2788 2303 brevem
2827 2245 2976 2299 vocis
2996 2243 3287 2314 ἐξελήλυθε
3313 2260 3328 2298 :
3351 2242 3703 2315 pyrrhichius

2106 2338 2253 2392 enim
2275 2335 2524 2408 graditur
2554 2350 2652 2406 pes
2673 2334 2901 2404 quintus
2929 2353 2942 2388 :
2975 2333 3141 2388 liabet
3166 2341 3350 2388 autem
3377 2333 3701 2401 remedium,

2107 2429 2330 2499 syllaba:
2361 2427 2675 2482 communis
2708 2428 2943 2491 ratione,
2976 2427 3140 2495 quale
3179 2425 3380 2479 similis
3429 2426 3698 2481 aoristum

2109 2520 2413 2576 terminans
2444 2519 2501 2575 in
2536 2520 2639 2575 hoc
2668 2536 2682 2573 :
2713 2519 2963 2588 Νέστορα
2990 2517 3037 2570 δ’
3062 2519 3163 2571 οὐκ
3180 2518 3372 2572 ἔλαθεν
3395 2520 3543 2590 ἰαχή.
3573 2519 3701 2586 Qui-

2107 2614 2234 2670 dam
2285 2616 2631 2684 scripserunt
2711 2611 3030 2681 ἐξεληλύθει
3110 2611 3700 2682 plusquamperfecto:

2106 2722 2228 2779 quas
2255 2707 2523 2775 scriptura
2558 2720 2663 2759 non
2695 2704 2912 2759 videtur
2940 2714 3197 2760 accurata
3244 2713 3461 2773 propter
3514 2702 3707 2760 adver-

2107 2799 2257 2852 bium
2290 2797 2385 2853 νῦν
2420 2797 2685 2864 incipiens
2712 2810 2935 2852 versum
2965 2794 3033 2850 de
3065 2796 3508 2851 manifestatione
3560 2793 3702 2851 Novi

2108 2887 2467 2943 Testamenti.
2527 2882 2711 2955 Ipsum
2742 2887 2888 2941 enim
2915 2902 2981 2942 ex
3010 2887 3266 2943 confesso
3297 2902 3536 2957 praesens
3561 2887 3703 2942 indi-

2107 2978 2661 3049 catetappmpriat‘ur
2682 2979 2958 3047 praeterito
2978 2988 3033 3032 et
3057 2979 3306 3048 praesenti
3334 3000 3348 3034 :
3385 2980 3706 3049 plusquam-

426 3091 746 3162 ρακειμένῳ
774 3090 868 3145 καὶ
897 3088 1178 3148 ἐνεστῶτι.
1215 3088 1277 3142 Ὀ
1309 3088 1368 3142 δέ
1402 3086 1867 3157 ὓπερσυντελικὸς
1899 3086 2002 3158 ήδη

2117 3072 2416 3145 perfectum
2449 3082 2656 3139 autem,
2714 3069 2864 3141 quod
2922 3071 3038 3141 jam
3090 3078 3338 3141 tempore
3400 3073 3699 3142 praecessit,

423 3183 637 3254 φθάσας
686 3181 956 3253 χρονικῶς
1014 3178 1588 3252 ὕπερσυντετέλεστο·
1646 3179 1731 3232 ὅτι
1792 3177 1851 3231 δέ
1902 3177 2007 3232 καὶ

421 3280 451 3333 ὁ
479 3275 622 3331 οὕτω
651 3276 869 3347 γράψας
909 3275 1133 3329 δύναται
1186 3275 1365 3328 εἰπεῖν
1404 3273 1621 3345 χρόνον·
1647 3273 1775 3326 ἀντὶ
1808 3272 2007 3342 χρόνου

424 3369 672 3439 συνήθως
701 3367 1008 3437 ληφθῆναιο
1036 3365 1069 3437 ἢ
1104 3365 1181 3428 ὡς
1225 3364 1692 3435 ὑπερσυντελικδν
1727 3365 1854 3418 ἀντὶ
1895 3380 2009 3418 πα-

426 3462 782 3532 ρακειμένου,
811 3460 908 3514 καὶ
957 3459 1042 3514 ὅτι
1091 3459 1122 3511 ὁ
1164 3457 1327 3523 αὐτὸς
1370 3458 1463 3511 τὸν
1492 3457 1605 3511 νῦν·
1640 3455 2005 3527 ἐξεληλυθότα

424 3555 590 3625 νόμον
617 3552 694 3615 ὼς
725 3551 975 3622 ἀρχῆθεν
1002 3551 1431 3624 βεϐουλευμένον
1450 3549 1541 3622 τῷ
1564 3550 1686 3621 Θεῷ
1728 3550 2004 3622 ὕπερσυν-

437 3647 671 3710 τελικῶς
730 3646 969 3715 ἐξελθεῖν
1025 3647 1252 3719 φράσαι³
1285 3644 1575 3717 ἠθέλησεν,
1631 3647 1689 3708 ἐς
1753 3643 2012 3698 τοσοῦτον

425 3740 772 3811 διαληπτέον.

503 3830 645 3905 ρλβ’,
675 3826 750 3884 Τδ
778 3831 836 3885 δὲ
862 3831 929 3884 ἐκ
959 3829 1099 3886 Σιὼν
1143 3829 1549 3902 ἐξεληλυθέναι
1570 3831 1666 3884 τὸν
1720 3829 2012 3902 εἴρημένον

425 3924 507 3994 τῷ
544 3925 770 3996 μελῳδῷ
797 3925 989 3990 νόμον,
1017 3925 1302 3993 συμφωνεῖ
1322 3923 1416 3994 τῷ
1430 3922 1732 3993 ’ἁγιωτάτῳ
1765 3923 2011 3990 Εὖαγγι-

427 4017 527 4088 λὶῳ
559 4034 574 4049 ο
611 4018 784 4088 ἐχρῆν
806 4018 918 4088 γὰρ
955 4017 1050 4070 καὶ
1082 4016 1248 4072 αὑτὸν
1274 4016 1339 4069 ἐκ
1366 4015 1466 4085 τῆς
1513 4013 1874 4086 Ἰερουσαλὴμ
1911 4016 2012 4086 ἄρ-

428 4109 673 4176 ξασθαι,⁴
701 4111 992 4181 μετανοίας
1044 4109 1224 4164 αἴτιον
1254 4109 1387 4179 ήμῖν
1434 4108 1569 4162 ὄντα
1625 4110 1719 4162 καὶ
1758 4108 2013 4176 ἀφέσεως

433 4203 740 4273 ἁμαρτιῶν.
772 4202 916 4274 Ὅρα
946 4202 1005 4256 δὲ
1040 4201 1104 4256 τὸ
1155 4201 1790 4271 γλωσσοπυρσόμορφος,
1825 4199 2015 4266 ἐξαθε-

433 4294 715 4364 ριζόμενον
746 4292 847 4363 μὲν
879 4292 975 4347 καὶ
1011 4291 1294 4355 αὐτδοτοῖς
1327 4294 1408 4354 εἰς
1437 4292 1591 4345 οὐδὲν
1619 4290 1743 4344 δέον
1792 4290 2014 4360 περιέρο

430 4402 549 4453 γοις
573 4385 641 4437 τὰ
671 4383 1067 4453 γραμματικά,
1102 4380 1433 4452 φιλούμενον
1480 4380 1538 4436 δὲ
1580 4379 1658 4450 τῷ
1684 4379 1818 4450 ἱερῷ
1850 4396 2007 4443 ποιη-

430 4481 520 4548 τῇ,
544 4479 637 4530 καὶ
686 4477 755 4529 δι’
806 4478 1015 4530 ἐκεῖνον
1074 4476 1191 4538 τοῖς
1252 4473 1564 4543 φιλοκάλοις
1624 4473 2012 4545 στεργόμενον.

434 4566 555 4630 ἀξξ
569 4583 655 4618 στι
684 4566 794 4636 γὰρ
819 4568 980 4619 παντὶ
1041 4565 1256 4637 ῥήτορι,
1287 4564 1430 4617 καθὰ
1476 4564 1571 4615 καὶ
1598 4564 1677 4633 τῷ
1706 4563 2018 4634 ἐξωτερικῷ

431 4657 585 4727 καλῷ
622 4657 952 4726 Ξινοφὼντι,
1018 4658 1160 4709 κατὰ
1210 4655 1355 4709 ποσὰ
1391 4656 1740 4727 διαστήματα
1788 4659 2020 4726 γράφειν

436 4750 773 4821 παράεημόν
811 4764 865 4800 τι
893 4747 1048 4816 φίλον
1098 4745 1247 4817 αὐτῷ
1277 4747 1419 4800 κατᾶ
1471 4746 1797 4817 χαρακτῆρα
1860 4745 2015 4800 ῖδιον.

436 4841 530 4910 Μὴ
593 4839 727 4909 γοῦν
803 4838 1247 4907 κατακλὼζωμεν
1309 4838 1561 4909 ἀφρόνως
1589 4878 1604 4905 ,
1649 4838 1844 4909 ἀνδρὸς
1900 4839 2022 4892 ὀὐκ

435 4934 829 5004 ἁγνοήσαντος,
877 4930 991 4985 ἀλλ’
1014 4932 1089 4993 ὡς
1120 4930 1273 5001 αὺτῷ
1304 4931 1501 4997 ἐδόκει,
1530 4931 1915 4999 ἐπικρίναντος
1958 4931 2022 4985 τὸ

438 5025 570 5096 παρ’
604 5025 788 5088 ἄλλοις
817 5025 916 5094 οὐχ
946 5024 1068 5096 ἡδύ.
1104 5024 1466 5098 Θαῤῥούντως
1515 5021 1629 5090 οὖν,
1689 5021 1734 5078 ὦ
1788 5025 2019 5095 μλῳδέ,

437 5118 796 5187 ἁναφώνησον
827 5118 922 5169 καὶ
953 5120 1012 5171 ἐν
1043 5118 1158 5180 τοῖς
1199 5117 1350 5186 ἐξῆς,
1381 5115 1529 5170 καθὰ
1578 5119 1644 5170 σὺ
1700 5118 1897 5186 φιλεῖς,
1961 5116 2024 5172 τὸ

438 5207 1463 5279 ἁκτιστοσυμπλαστουργοσύνθρονον,
1527 5208 1669 5280 ὅπερ
1716 5211 1881 5280 ἡμεῖς
1922 5211 2024 5279 μὲν

437 5301 611 5371 ήδέως
636 5300 987 5370 ἀκουσόμεθα
1019 5300 1390 5365 ἐπικλείοντες
1438 5301 1559 5370 ὅλα,
1590 5302 1901 5368 κλεῖζοντες
1945 5303 2022 5367 ὡς

436 5390 526 5450 οἶα
552 5396 647 5449 καὶ
675 5394 953 5465 νεωτάτην
999 5393 1207 5464 ἀοιδὴν,
1232 5394 1262 5448 ὃ
1290 5395 1357 5464 δὴ
1408 5394 1651 5462 λέγεται.
1703 5396 1769 5449 Οἱ
1828 5395 1886 5450 δὲ
1947 5395 2023 5467 μὴ

437 5490 800 5560 ἀρεσκόμενοι
841 5487 1118 5557 βυέτωσαν
1174 5486 1276 5550 τὰς
1320 5487 1514 5551 ἀκοὰς,
1539 5487 1898 5557 ἀλειψάμενοι
1927 5503 2026 5559 atq-

447 5580 524 5652 ρῷ
542 5581 735 5647 αὐτὰς,
772 5580 881 5633 εἴτε
911 5578 1090 5649 πηλῷ,
1119 5576 1182 5631 οὗ
1215 5578 1312 5631 καί
1337 5578 1447 5630 είσι
1479 5578 1749 5646 κατάξιοι.
1788 5606 1795 5614 ·

517 5669 653 5741 ρλγ’.
697 5672 893 5723 Ἰστέον
930 5671 985 5724 δέ
1022 5670 1099 5733 ὡς
1122 5670 1272 5722 δοκεῖ
1299 5668 1514 5738 χαίρειν
1546 5671 1576 5722 ὁ
1628 5668 1887 5733 ἐποποιὸς
1933 5665 2024 5721 οὖ-

442 5782 534 5827 τος
560 5766 656 5818 καὶ
688 5766 757 5834 τῇ
784 5762 927 5828 λέξει
963 5762 1061 5830 τῆς
1098 5762 1341 5831 μορφῆς,
1378 5759 1481 5828 τῆς
1513 5762 1876 5831 προσωπικῆς
1926 5763 2022 5830 δη-

441 5859 599 5929 λαδὴ,
632 5860 705 5922 ὡς
738 5853 827 5911 οἷα
860 5856 1157 5929 πρόσωπον
1201 5854 1332 5907 αὐτὸ
1362 5851 1522 5905 τοῦτο
1572 5853 1868 5923 λαμόάνων
1925 5855 2024 5906 ἐκ·

2110 3180 2238 3227 anle
2255 3169 2434 3226 fuerat
2459 3171 2733 3240 elapsum.
2756 3167 3030 3235 Quoniam
3063 3174 3243 3221 autem
3277 3166 3366 3222 ille
3393 3167 3488 3237 qui
3518 3169 3702 3223 taliter
3728 3172 3731 3175 ‘

2113 3265 2340 3336 scripsit
2367 3264 2549 3319 dicere
2582 3270 2763 3332 potest
2793 3270 3010 3331 tempus
3036 3274 3136 3330 pro
3168 3269 3415 3330 tempore
3446 3262 3513 3316 de
3544 3277 3696 3318 more

2116 3355 2283 3412 fuisse
2312 3365 2612 3425 sumptum,
2643 3354 2789 3410 velut
2810 3355 3412 3426 plusquamperfectum
3446 3370 3545 3421 pro
3565 3370 3704 3424 pra:-
3748 3392 3749 3395 η

2115 3450 2296 3516 terito,
2332 3448 2585 3519 idemque
2612 3450 2805 3520 legem,
2834 3463 2956 3517 qum
2986 3463 3135 3505 nunc
3169 3449 3412 3515 advenit,
3434 3457 3699 3519 tauquam

2116 3542 2186 3599 ab
2219 3541 2378 3597 initio
2412 3540 2521 3596 Deo
2552 3540 2967 3612 beneplacitam,
3002 3541 3060 3597 in
3082 3551 3331 3612 tempore
3380 3545 3703 3613 plusquam-

2113 3635 2358 3707 perfecto
2376 3636 2590 3691 venisse
2603 3635 2772 3691 voluit
2793 3635 3057 3701 indicare,
3083 3635 3173 3692 hic
3189 3636 3492 3692 disserendi
3540 3637 3703 3694 tinent

2114 3730 2378 3787 facimus.

2188 3822 2314 3877 132.
2341 3821 2417 3875 Ex
2440 3821 2572 3877 Sion
2599 3822 2825 3878 venisse
2856 3819 3028 3894 legem
3084 3836 3115 3876 a
3165 3830 3324 3891 poeta
3389 3822 3703 3893 praedictam

2116 3914 2474 3970 sanctissimo
2528 3921 2800 3969 consonat
2854 3912 3183 3978 Evangelio:
3215 3917 3505 3986 oportebat
3555 3915 3701 3971 enim

2113 4005 2279 4060 etiam
2316 4005 2461 4058 illam
2490 4019 2521 4057 a
2563 4002 2870 4060 Jerusalem
2906 4005 3170 4075 incipere,
3229 4017 3486 4073 tauquam
3526 4006 3705 4076 pa-ui-

2116 4096 2299 4150 teutise
2335 4105 2794 4165 peccatorumque
2839 4097 3184 4152 remissionis
3245 4099 3404 4152 nobis
3453 4112 3699 4153 causam.

2117 4186 2251 4242 Vide
2282 4201 2409 4241 vero
2462 4201 2652 4242 vouem
2704 4186 3333 4259 γλωσσοπυρσόμορφος,
3391 4189 3703 4260 despectant

2113 4278 2225 4334 illis
2248 4278 2341 4348 qui
2369 4280 2438 4332 de
2462 4277 2838 4346 grammaticis
2867 4279 3033 4333 nimis
3065 4291 3114 4335 et
3171 4280 3444 4335 inutiliter
3497 4281 3701 4337 delica-

2117 4375 2287 4427 tiores
2316 4381 2467 4437 sunt,
2489 4386 2644 4425 sacro
2667 4384 2848 4425 autem
2880 4381 3052 4440 poeta)
3074 4374 3320 4442 charam,
3349 4383 3403 4429 et
3436 4390 3529 4444 per
3552 4376 3704 4431 illum

2119 4464 2329 4533 pulchri
2354 4463 2664 4517 amantibus
2688 4463 2965 4520 dilectam.
3003 4465 3239 4520 Cuilibet
3265 4467 3410 4520 enim
3472 4469 3703 4534 rltetort,

2122 4559 2267 4612 sicut
2298 4558 2530 4612 honesto
2560 4556 2778 4611 exctico
2809 4555 3180 4626 Xenophonti,
3228 4559 3354 4614 licet
3413 4560 3706 4629 aliquoties

2122 4648 2330 4719 aliquid
2362 4664 2467 4704 non
2500 4649 2787 4718 probatum
2818 4650 3061 4704 scribere
3103 4650 3211 4704 sibi
3274 4654 3495 4721 placens
3545 4654 3707 4723 juxta

2123 4739 2415 4812 specialem
2450 4741 2850 4794 characterem.
2878 4737 2995 4794 Non
3033 4742 3198 4810 igitur
3249 4743 3461 4799 insulse
3516 4746 3708 4800 clami-

2124 4844 2302 4889 temus
2330 4833 2593 4888 adversus
2623 4833 2899 4886 hominem
2930 4846 3040 4887 non
3071 4835 3443 4904 ignorantem,
3477 4838 3597 4902 sed,
3646 4847 3710 4893 ut

2125 4929 2227 4998 ipsi
2260 4929 2497 4989 videtur,
2534 4926 2677 4995 quod
2709 4928 2850 4995 apud
2880 4929 3017 4982 alios
3081 4943 3186 4983 non
3244 4938 3331 4983 est
3399 4942 3709 5001 acceptum,

2124 5022 2432 5092 eligentem.
2448 5019 2795 5075 Conlldenter
2811 5021 2996 5093 igitur,
3015 5038 3049 5075 o
3064 5034 3246 5091 poeta,
3268 5038 3529 5093 persones
3546 5025 3710 5083 etiam

2124 5111 2181 5167 in
2218 5116 2597 5184 sequentibus,
2627 5125 2685 5168 ut
2717 5114 2811 5169 tibi
2834 5114 3031 5183 placet,
3088 5114 3294 5169 dictum
3340 5118 3712 5187 ἁκτιστοουμ-

2127 5204 2789 5278 πλαστουργοσύνθρονον,
2838 5206 2984 5274 quod
3039 5221 3139 5260 nos
3199 5206 3422 5276 quidem
3478 5206 3711 5264 libenter

2126 5298 2435 5365 audiemus,
2464 5299 2690 5353 omnino
2752 5299 3069 5369 probantes,
3120 5299 3564 5373 celebrantesque
3626 5319 3714 5361 re-

2127 5394 2506 5451 centissimum
2537 5401 2781 5449 carmen.
2808 5394 2912 5460 Qui
2941 5411 3067 5449 vero
3120 5398 3362 5453 contenti
3409 5413 3517 5453 non
3560 5410 3712 5469 sunt,

2128 5487 2386 5543 obturent
2411 5502 2597 5553 aures,
2636 5496 2941 5556 nungentes
2987 5502 3082 5545 eas
3110 5504 3258 5560 cera,
3296 5493 3384 5548 vel
3427 5494 3565 5561 luto,
3603 5511 3716 5566 quo

2128 5580 2294 5635 etiam
2316 5579 2455 5634 bene
2473 5578 2788 5648 suntdigni.

2201 5670 2325 5725 153.
2358 5669 2663 5725 NOtandnm
2689 5679 2871 5726 autem
2901 5672 3043 5740 quod
3087 5673 3252 5729 etiam
3283 5675 3522 5745 gaudere
3552 5676 3705 5732 vide-

2133 5771 2221 5816 tur
2251 5772 2405 5831 poeta
2460 5773 2650 5817 noster
2687 5762 2927 5817 dictione
2978 5763 3080 5833 τῆς
3136 5768 3374 5836 μορφῆς,
3416 5767 3724 5836 personati;

2130 5868 2287 5925 sane,
2320 5863 2582 5923 tanquam
2615 5867 2909 5923 personam
2959 5858 3099 5913 hanc
3124 5857 3229 5914 sibi
3283 5858 3591 5920 praelectam
3625 5875 3721 5916 su-
