4050 6402
331 374 432 435 ϐιίῖ

1027 365 1452 430 EUSTATHII
1499 352 2279 424 THESSALONICENSIS
2314 339 2880 410 METROPOLITE

3517 333 3623 397 648

337 507 515 544 mens.
547 487 676 543 ldeo
711 503 855 557 saepe
891 487 1134 556 linguam
1169 484 1441 538 admovet.
1467 478 1548 534 Ad
1587 478 1759 542 illam,
1787 473 1929 528 indi-
1958 516 1964 529 .

2070 468 2230 522 εκτὸν
2283 463 2435 536 αὐτῷ
2460 480 2476 499 ο
2513 461 2596 517 διδ
2624 463 2721 518 καὶ
2748 459 2922 533 συχνὰ
2958 455 3095 530 πρὸς
3155 455 3295 525 αὐτῇ
3359 453 3474 523 ἔχει
3523 454 3624 523 τὴν

337 580 663 634 cantemhic
695 578 858 630 etiam
888 576 941 628 in
993 574 1100 629 ﬁne
1147 587 1335 635 nexus,
1396 571 1480 623 vel
1531 567 1675 637 quod
1728 575 1921 618 natura

342 688 528 726 verum
560 679 663 734 est,
699 669 781 723 vel
818 667 962 739 quod
991 675 1075 722 est
1101 666 1254 737 juxta
1277 662 1538 733 speciem,
1573 668 1632 712 ιιι
1655 659 1728 712 sit
1750 657 1926 724 γλωσ-

344 764 799 836 σοπυρσόμορφος
836 761 1031 830 gratia,
1068 772 1190 828 quae
1219 771 1313 826 per
1343 755 1538 810 rubras
1559 753 1773 822 linguas
1791 764 1929 804 con-

350 861 576 928 ﬁgurata
601 867 685 911 est
707 855 1007 912 secundum
1037 853 1339 920 exemplar,
1374 857 1428 902 et
1453 849 1527 902 ita
1557 847 1746 900 lumini
1779 844 1928 914 facta

345 953 561 1015 similis,
626 950 691 1004 ad
762 947 932 1002 divini
994 945 1218 999 luminis
1269 941 1666 1004 ostensionem,
1726 935 1927 1006 πυρσῷ

243 1081 245 1084 ‹
348 1045 667 1113 simpliciter
696 1049 920 1110 accepto
944 1025 1049 1108 'pro
1083 1037 1327 1103 lumine;
1353 1034 1476 1088 aliis
1515 1044 1696 1087 autem
1725 1031 1926 1092 verbis,

351 1137 740 1203 ποιρσὸμρρφος
768 1141 853 1184 est
880 1131 980 1184 ista
1012 1132 1213 1198 gratia,
1249 1143 1370 1196 qua:
1412 1123 1677 1196 πυρωπός
1743 1123 1932 1192 sicque

353 1229 520 1279 facem
557 1232 668 1278 tum
705 1224 940 1286 imitata,
999 1221 1212 1289 linguas
1252 1218 1452 1289 ignitas
1502 1216 1880 1284 eonﬁgurabat
1913 1230 1928 1278 ;

353 1318 555 1387 quihus
587 1316 810 1386 linguis,
843 1313 1018 1384 ignari
1047 1312 1266 1381 quidem
1324 1309 1453 1364 facti
1486 1309 1784 1378 sapientes,
1819 1322 1932 1362 ser-

355 1423 544 1463 mones
607 1409 778 1461 honos
833 1416 888 1460 et
953 1419 1078 1458 rere
1131 1403 1408 1474 sapientes
1455 1411 1512 1454 et
1561 1400 1935 1455 divinissimos

357 1503 795 1563 adinvenerunt,
837 1496 1143 1566 philosophi
1180 1510 1330 1558 vero,
1364 1493 1672 1548 adhaerente
1729 1494 1936 1562 gutturi

358 1598 625 1665 cujusque
655 1593 859 1661 lingua,
887 1591 1070 1645 inania
1114 1589 1547 1642 balbutivcruut.

754 1683 1066 1751 Troparium
1104 1684 1123 1734 l
1160 1680 1276 1734 adre
1327 1679 1546 1748 quinta’.

502 1781 654 1833 Sicut
686 1779 906 1847 dignum
942 1776 1111 1829 volu.t
1132 1782 1325 1842 sponte
1353 1787 1451 1826 sua
1485 1770 1800 1834 liberaliter,

433 1873 662 1926 Domino
699 1884 892 1924 carens
924 1867 1206 1922 descendit
1232 1863 1468 1934 Spiritus
1503 1880 1533 1919 a
1563 1865 1720 1919 Patre
1741 1902 1758 1928 ,

434 1964 720 2033 Sapientes
761 1961 965 2014 faciens
999 1959 1051 2012 in
1088 1957 1290 2026 linguis
1323 1957 1626 2026 apostolos,

435 2058 692 2126 Sigillans
721 2055 774 2108 in
805 2053 908 2107 illis
942 2049 1244 2105 viuelerum
1276 2049 1546 2110 verbum.”

433 2150 476 2202 Λ
512 2149 672 2201 Patre
703 2143 1008 2216 pariformi,
1049 2141 1195 2211 quod
1231 2141 1483 2195 Salvator
1509 2137 1669 2193 dixit.

440 2242 562 2294 154.
590 2241 644 2292 ln
684 2240 783 2292 hac
831 2238 1057 2304 stropha
1115 2233 1290 2288 sancti
1328 2233 1563 2302 Spiritus
1615 2230 1939 2286 descensum

369 2330 746 2400 philosOphice
772 2334 971 2379 tractat
993 2334 1174 2392 poeta,
1198 2325 1400 2376 docens
1434 2321 1581 2390 quod
1611 2334 1718 2374 non
1776 2320 1948 2374 servi-

371 2421 492 2472 liter
518 2419 752 2484 desuper
778 2417 983 2468 missus
1019 2422 1101 2468 est
1125 2411 1192 2466 ad
1220 2411 1497 2480 apostolos
1527 2410 1580 2464 in
1599 2411 1942 2465 ethnicorum

369 2517 825 2579 congregatorutn
858 2505 1166 2563 utilitatem,
1223 2501 1339 2566 sed,
1399 2503 1596 2572 inquit,
1631 2501 1774 2556 sicut
1812 2503 1949 2556 bene

373 2601 595 2672 placuit,
630 2599 854 2671 proprio
877 2613 1010 2654 sane
1073 2595 1275 2666 placito
1327 2595 1714 2664 communique
1744 2605 1950 2648 sancta:

372 2693 650 2756 Trinitati,
680 2707 867 2747 verum
895 2689 1058 2744 etiam
1087 2697 1280 2758 sponte
1319 2701 1418 2741 sua
1455 2689 1726 2758 plenaque
1758 2687 1949 2741 volun-

375 2797 484 2842 tate
518 2802 548 2840 a
583 2785 743 2839 Patre
769 2781 1073 2847 descendit,
1097 2779 1388 2849 siquidem,
1417 2788 1476 2832 ut
1498 2779 1638 2833 idem
1667 2778 1947 2848 placitum,

374 2881 456 2935 sic
485 2892 705 2948 quoque
737 2884 975 2944 potestas
998 2872 1186 2925 eadem
1211 2885 1275 2924 ac
1314 2870 1458 2925 idem
1491 2870 1804 2925 dominatus
1868 2877 1953 2923 cst

373 2983 431 3027 et
454 2970 602 3026 Patri
629 2972 789 3022 talem
842 2968 1165 3020 descensum
1225 2963 1628 3032 comprobanti,
1683 2961 1951 3031 Filioque,

2029 559 2310 628 γλῶσσαν,
2339 556 2577 629 δηλούσῃ
2610 553 2708 608 καὶ
2731 551 2970 607 ἐνταῦθα
3003 552 3062 603 ἐν
3091 547 3170 618 τῷ
3195 547 3340 601 τέλει
3377 545 3473 600 τοῦ
3505 544 3625 614 εἱρ-

2039 649 2164 722 μοῦ,
2205 649 2325 720 ῆτὸ
2359 647 2523 718 φύσει
2561 644 2844 716 ἀληθὲς,ἣ
2873 642 2935 696 τδ
2993 639 3136 695 κατὰ
3188 637 3350 701 εἶδος,
3388 636 3480 691 ἵνα
3534 634 3622 708 εἴη

2028 741 2668 814 γλωσσοπυρσόμορφος,
2691 739 2727 809 ἡ
2778 737 2868 791 διὰ
2895 735 3122 806 πυρσῶν
3160 729 3426 801 γλωσσῶν
3481 745 3618 799 μορ-

2032 836 2305 905 φασθεῖσα
2336 833 2474 905 πρὸς
2512 832 2762 901 ἰνδαλμα,
2795 829 2874 892 ὡς
2901 827 3052 897 ἐξῆν,
3091 823 3184 878 καὶ
3221 822 3367 875 οὕτω
3397 837 3626 888 φωτοειο

2031 927 2127 996 δὴς
2157 927 2296 996 πρὸς
2325 922 2556 989 ἔνδειξιν
2597 922 2877 977 θειοτάτου
2938 915 3140 984 φωτὸς,
3206 913 3626 983 λαμϐανομένου

2033 1017 2129 1072 τοῦ
2170 1015 2382 1088 πυρσοῦ
2409 1013 2598 1077 ἁπλῶς
2629 1015 2754 1068 ἀντὶ
2789 1011 2971 1081 φωτός
2997 1027 3012 1044 ο
3048 1008 3144 1062 καὶ
3171 1006 3350 1068 ἄλλως
3372 1003 3430 1056 δὲ
3483 1003 3627 1072 φρά-

2037 1129 2126 1164 σαι
2159 1111 2553 1180 πυρσόμορφος
2583 1106 2900 1176 Πνεύματος
2933 1103 3110 1172 χάρις,
3147 1101 3182 1171 ἡ
3241 1097 3506 1168 πυρωπδς
3533 1094 3628 1147 καὶ

2034 1203 2180 1258 οὕτω
2211 1203 2420 1274 πυρσὸν
2459 1203 2581 1256 τότε
2614 1197 3095 1268 ίνδάλλουσα,ἥτις
3128 1195 3222 1249 καὶ
3246 1193 3498 1262 γλώσσας
3529 1206 3630 1241 πυ-

2038 1295 2192 1366 ρίνας
2223 1294 2529 1364 ἐμόρφαζεο
2548 1293 2616 1346 δι’
2633 1286 2709 1346 ὧν
2732 1290 2995 1360 γλωσσῶν
3017 1289 3375 1358 ἀγράμματοι
3403 1281 3503 1352 μέν
3544 1297 3632 1334 σο-

2040 1389 2348 1456 φισθέντες,
2390 1387 2588 1456 λόγους
2636 1385 2876 1454 ἀγαθοὺς
2909 1381 3004 1437 καὶ
3049 1380 3128 1450 τῷ
3167 1379 3281 1431 δντι
3314 1374 3510 1444 σοφούς
3535 1371 3633 1425 καὶ

2038 1477 2348 1540 θειοτάτους
2374 1475 2739 1547 ἐξηρεύξαντο
2761 1490 2775 1505 '
2798 1471 3077 1541 φιλόσοφοι
3099 1467 3154 1522 δὲ
3175 1464 3533 1535 κολληθείσης
3553 1459 3634 1529 τῷ

2038 1569 2274 1638 λάρυγγι
2330 1569 2429 1636 τῆς
2479 1567 2732 1637 γλώσσης
2784 1567 3024 1633 ἐκάστῳ,
3083 1561 3216 1614 κενὰ
3243 1557 3632 1623 ἐϐαττάρισαν.

2230 1659 2559 1729 Τροπάριον
2577 1657 2815 1726 πρῶτον
2835 1655 2946 1725 τῆς
2970 1654 3251 1722 πέμπτης
3271 1646 3455 1717 ᾠδῆς.

1977 1731 2016 1786 Β
2052 1749 2166 1806 ΧΠ.
2224 1749 2421 1812 Καθὼς
2453 1767 2560 1820 περ
2589 1750 2883 1817 εὐδόκησεν
2912 1744 3274 1808 αὐτεξουσίως

2243 1845 2570 1897 Ἀδὲσποτον
2605 1844 2820 1896 κάτεισι
2857 1838 3082 1908 Πνεῦμα
3124 1833 3421 1904 πατρόθεν,

2231 1936 2466 2006 Σοφίζον
2498 1935 2557 1990 ἐν
2587 1935 2869 2005 γλώσσῃσι
2897 1932 3026 1994 τοὺς
3055 1928 3412 1991 ἀποστόλους,

2247 2026 2680 2098 Ἐπισφραγίζον
2709 2026 2800 2079 τὸν
2834 2025 3127 2098 φερέσϐιον
3161 2021 3320 2090 λόγον

2238 2121 2586 2190 Πατροσθενῆ
2619 2121 2942 2189 ξύμμορφον
2972 2119 3029 2171 ὃν
3056 2115 3247 2186 Σωτὴρ
3269 2114 3396 2183 ἔφη.

2134 2215 2262 2285 ρλδ’.
2293 2216 2325 2266 'l
2341 2215 2404 2286 ὴν
2433 2213 2528 2267 τοῦ
2550 2215 2710 2276 ἁγίου
2739 2213 2876 2266 Πνεύ
2886 2229 3054 2280 ματος
3083 2212 3111 2262 ὁ
3143 2207 3380 2278 μελῳδὸς
3420 2201 3640 2273 φιλοσο-

2063 2311 2152 2376 φεῖ
2170 2309 2390 2362 κάθοδον
2409 2310 2465 2361 ἐν
2484 2306 2561 2377 τῷ
2587 2306 2928 2376 ἀνακειμένῳ
2947 2303 3248 2372 τροπαρέῳ,
3271 2297 3539 2352 διδάσκων
3559 2295 3645 2349 ὅτι

2063 2401 2124 2452 οὐ
2153 2399 2412 2460 δουλικῶς
2435 2398 2694 2467 ἐπέμφθη
2722 2396 2934 2451 ἄνωθεν
2976 2397 3055 2459 εἰς
3085 2395 3212 2456 τοὺς
3247 2391 3496 2461 μαθητὰς
3553 2387 3642 2440 ἐπ’

2064 2493 2336 2562 ὠφέλειαν
2357 2491 2465 2544 τῶν
2489 2489 2921 2560 συνειλεγμένων
2943 2487 3194 2549 ἐθνικῶν,
3216 2485 3352 2539 ἀλλὰ
3368 2481 3645 2551 καθάπερ,

2069 2587 2258 2655 φησιν,
2285 2585 2600 2653 εὐδόκησεν,
2629 2584 2740 2656 ἰδίᾳ
2763 2601 2822 2638 τε
2873 2581 3076 2655 δηλαδὴ
3104 2580 3324 2652 εὐδοκία
3357 2577 3450 2632 καὶ
3490 2577 3647 2646 κοινῇ

2065 2678 2120 2732 δὲ
2150 2679 2290 2733 κατὰ
2313 2678 2411 2740 τὴν
2444 2677 2605 2746 ἁγίαν
2655 2677 2882 2746 Τριάδα,
2935 2674 3070 2728 ἀλλὰ
3135 2674 3234 2727 καὶ
3283 2666 3652 2734 αὐτεξουσίως

2072 2771 2166 2824 καὶ
2193 2771 2492 2824 ἀδέσποτον
2525 2769 2852 2838 κατέρχεται
2890 2763 3159 2836 πατρόθεν
3182 2778 3197 2794 ·
3229 2763 3305 2826 ὡς
3331 2763 3432 2830 τῆς
3478 2757 3652 2826 αὐτῆς

2067 2863 2213 2916 καθὰ
2245 2861 2497 2922 εὐδοκίας
2545 2861 2690 2914 οὕτω
2746 2859 2840 2912 καὶ
2891 2856 3140 2922 ἐξουσίας
3189 2854 3284 2908 καὶ
3334 2849 3656 2912 δεσπιτείας

2069 2955 2256 3025 οὐσης,
2292 2955 2384 3008 καὶ
2403 2953 2481 3023 τῷ
2505 2954 2604 3022 τὴν
2637 2951 2898 3022 τοιαύτην
2934 2949 3162 3006 κάθοδον
3214 2943 3658 3012 συναποδεχομέ-

379 3078 446 3119 ac
470 3062 672 3133 pariter
694 3068 884 3114 sancto
908 3056 1164 3128 Spiritui.
1197 3054 1486 3110 Descendit
1515 3063 1720 3120 autem,
1757 3055 1958 3124 inquit,

2070 3067 2144 3120 νῳ
2183 3049 2378 3119 Πατρὶ,
2411 3047 2505 3100 καὶ
2535 3044 2611 3117 τῷ
2642 3045 2754 3116 Υίῷ
2785 3043 2844 3096 δὲ
2865 3043 3056 3113 ὥσπερ
3085 3041 3178 3095 καὶ
3211 3039 3288 3110 τῷ
3315 3039 3457 3107 ἁγίῳ
3481 3033 3656 3090 Πνεῦ-

381 3156 642 3212 erudiens
669 3155 722 3205 in
755 3150 976 3220 linguis,
1011 3149 1126 3203 sive
1145 3161 1242 3217 per
1272 3147 1484 3214 linguas
1507 3147 1726 3217 ignitus,
1763 3146 1963 3215 quibus

2070 3159 2201 3212 ματι
2231 3157 2245 3172 ⁸
2283 3140 2612 3211 κατέρχεται
2662 3137 2744 3205 δὲ,
2801 3138 2960 3206 φησι,
3011 3132 3320 3203 σοφίζονέν
3351 3129 3654 3197 γλώσσαις,

383 3243 794 3315 signiﬁcabatur
841 3239 1080 3309 Spiritus
1135 3245 1398 3302 sanctus,
1445 3236 1743 3307 apostolos,
1801 3244 1966 3304 atque

383 3344 608 3404 duoetts,
670 3351 767 3390 seu
822 3330 1161 3388 conﬁrmans
1226 3328 1571 3385 salutiferam
1628 3343 1964 3392 sermonem,

382 3447 544 3502 quem
615 3427 866 3482 Salvator
927 3424 1085 3490 dixit,
1141 3421 1256 3477 sive
1307 3435 1614 3476 sermonem
1674 3418 1969 3474 Salvator-is

382 3522 614 3585 Clit-isti,
643 3519 912 3574 veraciter
943 3515 1303 3569 allii-[nantem
1335 3524 1626 3567 venturum
1654 3527 1775 3566 esse
1801 3509 1970 3564 Para-

384 3615 609 3673 clctum,
653 3610 918 3679 Spiritum
951 3605 1219 3670 veritatis,
1262 3605 1317 3658 in
1363 3605 1665 3673 apostolos,
1697 3611 1752 3657 et
1808 3601 1970 3654 indu-

389 3714 605 3756 «tnrum
669 3714 767 3754 eos
813 3699 867 3753 in
920 3711 1140 3752 omnem
1197 3698 1507 3750 veritatem.
1553 3693 1737 3748 Taletn
1787 3704 1970 3746 autem

394 3795 517 3849 Filii
551 3806 860 3848 sermonem
890 3791 1054 3844 etiam
1106 3788 1452 3859 πατροσθενῆ
1481 3796 1658 3850 vocat,
1713 3795 1971 3854 tanquam

391 3887 588 3940 exinde
623 3885 728 3937 vim
757 3883 1008 3936 ellicacia’:
1034 3891 1348 3946 tenentem;
1380 3890 1434 3934 et
1461 3878 1784 3948 ξύμμορφον
1828 3875 1972 3932 veri-

397 3992 528 4043 tate,
571 3981 685 4034 sive
713 3977 804 4030 isti
835 3976 1012 4028 Verbo
1035 3983 1089 4028 et
1121 3971 1282 4038 Filio,
1336 3972 1432 4041 qui
1459 3981 1548 4027 est
1586 3971 1701 4039 ipsa
1755 3972 1975 4034 veritas,

398 4076 514 4128 sive
589 4069 789 4138 a‘quali
842 4070 1008 4133 Patri,
1043 4067 1164 4123 loco
1219 4065 1478 4119 dictionis
1530 4065 1776 4134 συμφυῆ,
1825 4066 1978 4134 juxta

403 4164 771 4233 signiﬁcatum
858 4158 1095 4229 μορφῆς,
1173 4159 1316 4226 quod
1403 4167 1653 4210 naturam
1737 4158 1977 4222 indicat;

403 4274 528 4311 nam
607 4251 789 4308 omnia
864 4266 1206 4321 quaecunque
1278 4259 1456 4318 potest
1530 4250 1673 4303 Deus
1719 4258 1774 4302 et
1833 4264 1980 4317 qua:-

404 4362 622 4416 cunque
655 4344 923 4398 naturalia
960 4352 1090 4398 sunt
1139 4342 1217 4407 ei,
1246 4340 1372 4395 Filii
1398 4356 1614 4411 quoque
1640 4349 1790 4394 sunt.
1827 4338 1985 4393 Vide-

2070 3235 2238 3303 ἤγουν
2275 3231 2364 3284 διὰ
2395 3228 2661 3296 γλωσσῶν
2694 3228 2958 3298 πυρίνων,
2989 3221 3076 3289 αἷς
3106 3225 3168 3278 τὸ
3215 3225 3374 3292 ἅγιον
3421 3221 3659 3290 ἐσημαί-

2070 3341 2193 3378 νετο
2223 3323 2471 3393 Πνεῦμα,
2525 3323 2658 3385 τοὺς
2713 3320 3052 3382 ἀποστόλους
3113 3319 3211 3373 καὶ
3254 3313 3660 3386 ἐπισφραγίζον

2068 3418 2190 3489 ἢτοι
2219 3415 2470 3488 βεϐαιοῦν
2497 3414 2586 3467 τὸν
2627 3413 2920 3486 φερέσϐιον
2948 3413 3132 3480 λόγον,
3158 3410 3220 3465 ὃν
3248 3413 3276 3464 ὁ
3310 3410 3504 3479 Σωτὴρ
3527 3408 3659 3477 ἔφη,

2071 3511 2239 3580 ἤγουν
2268 3510 2362 3562 τὸν
2389 3506 2485 3561 τοῦ
2511 3506 2763 3578 Σωτῆρος
2795 3503 3056 3574 Χριστοῦ,
3091 3505 3183 3557 τὸν
3213 3501 3432 3574 ἀληθῶς
3471 3500 3661 3553 εἰπόν-

2071 3621 2141 3657 τα
2169 3602 2488 3656 ἐλεύσεσθαι
2523 3600 2614 3654 τὸν
2641 3599 3022 3671 Παράκλητον,
3053 3597 3114 3650 τὸ
3150 3594 3379 3666 Πνεῦμα
3408 3597 3506 3664 τῆς
3531 3594 3665 3664 ἀλη-

2075 3695 2226 3758 θείας
2256 3697 2350 3749 ἐπὶ⁸
2377 3697 2508 3759 τούς
2540 3693 2811 3766 μαθητὰς,
2850 3693 2944 3746 καὶ
2996 3691 3288 3763 ὁδηγήσειν
3335 3689 3534 3751 αὐτοὺς
3582 3689 3664 3750 εἰς

2079 3790 2257 3842 πᾶσαν
2279 3787 2562 3858 ἀλήθειαν.
2591 3786 2697 3840 Τὸν
2760 3785 2817 3838 δέ
2871 3783 3112 3840 τοιοῦτον
3160 3783 3256 3838 τοῦ
3311 3781 3442 3836 Υίοῦ
3503 3781 3664 3850 λόγον

2081 3880 2174 3932 καὶ
2225 3876 2575 3949 πατροσθενῆ
2635 3875 2916 3946 ὀνομάζει,
2973 3874 3050 3938 ὡς
3099 3874 3314 3928 ἐκεῖθεν
3363 3872 3558 3944 ἔχοντα
3605 3871 3666 3924 τδ

2080 3974 2203 4026 κατ’
2235 3973 2524 4042 ἐνέργειαν
2551 3969 2756 4036 σθένος,
2783 3970 2878 4022 καὶ
2902 3967 3228 4038 ξύμμορφον
3253 3967 3341 4019 διὰ
3379 3965 3480 4035 τὴν
3533 3963 3668 4032 eis,

2082 4067 2256 4130 θειαν,
2290 4064 2322 4131 ἢ
2354 4064 2549 4133 ἐκείνῳ
2587 4061 2665 4131 τῷ
2687 4063 2849 4132 Λόγῳ
2879 4063 2972 4114 καὶ
3007 4060 3120 4129 Υίῷ
3151 4062 3218 4128 τῇ
3277 4057 3664 4126 αὐτοαληθεξᾳ,

2082 4157 2115 4228 ἦ
2143 4157 2223 4228 τῷ
2263 4157 2364 4226 ἴσῳ
2389 4156 2566 4226 Πατρί
2593 4171 2608 4185 ’
2635 4156 2756 4208 ἀντὶ
2796 4153 2890 4207 τοῦ
2925 4153 3172 4224 συμφυῆ,
3198 4151 3341 4206 κατὰ
3370 4151 3430 4204 τὸ
3463 4166 3668 4220 σημαι-

2085 4249 2312 4319 νόμενον
2343 4251 2441 4318 τῆς
2476 4246 2714 4317 μορφῆς,
2750 4245 2778 4298 ὃ
2810 4245 3091 4314 τὴνφύσιν
3115 4243 3310 4314 δηλοῖ·
3348 4241 3530 4296 πάντα
3557 4241 3667 4310 γὰρ

2085 4342 2185 4394 ὅσα
2216 4357 2269 4392 τε
2304 4343 2481 4394 σθένει
2511 4341 2539 4391 ὁ
2576 4337 2763 4408 Πατὴρ
2799 4338 2893 4390 καὶ
2939 4338 3042 4390 ὅσα
3095 4338 3460 4405 συμπέφυκεν
3518 4332 3668 4401 αὐτῷ

407 4450 498 4494 tur
522 4442 667 4493 enim
701 4438 922 4506 sapiens
952 4446 1106 4505 poeta
1171 4444 1358 4489 noster
1405 4435 1458 4486 vi
1492 4449 1686 4501 cogere
1745 4433 1964 4486 voluisse

2088 4437 2161 4498 ὡς
2187 4433 2478 4488 πανσθενεῖ
2499 4432 2640 4499 Θεῷ,
2690 4429 2916 4484 καὶτοῦ
2973 4429 3106 4482 Υἰοῦ
3160 4431 3306 4482 εἰσι⁶
3362 4426 3512 4480 δοκεί
3561 4425 3670 4494 γὰρ

406 4548 530 4604 qua:
557 4542 685 4584 sunt
717 4529 862 4593 Filii,
891 4529 1003 4582 sive
1036 4528 1296 4581 virtutem
1321 4541 1350 4578 ιι
1380 4527 1559 4589 Patre,
1593 4526 1644 4578 id
1669 4538 1770 4588 est,
1835 4536 1984 4594 pote-

409 4635 606 4680 3tatcm
668 4622 813 4675 Patri
870 4618 1223 4685 concordem,
1285 4621 1519 4686 etquod
1552 4628 1635 4671 est
1691 4631 1818 4670 cum
1871 4623 1988 4686 ipso

411 4715 789 4779 coiitiaturale,
841 4711 1252 4780 l‘erventiusque
1307 4713 1548 4764 sermoni
1599 4711 1668 4761 ab
1722 4710 1829 4764 isto
1873 4712 1989 4762 sive

412 4809 550 4864 Flilo
583 4807 809 4860 ﬁrmiter
867 4802 1146 4875 promisso
1206 4816 1272 4855 ac
1307 4799 1595 4855 verissimo
1653 4800 1986 4853 coadunare.

417 4901 563 4955 Talis
589 4909 692 4964 est,
717 4904 984 4965 quantum
1024 4894 1180 4948 nobis
1201 4892 1505 4962 intelligere
1528 4891 1713 4960 datur,
1754 4894 1992 4960 stropha:

419 5006 636 5056 sensus,
689 4991 844 5060 juxta
887 4985 1148 5042 traditum
1208 4983 1380 5054 ipsius
1439 4991 1669 5038 textum.

494 5173 621 5228 155.
650 5172 708 5225 Si
739 5171 862 5240 quis
891 5176 1072 5223 autem
1097 5166 1374 5222 viviﬁcum
1435 5179 1744 5220 sermonem
1815 5163 1995 5235 ipsum

431 5265 526 5320 Dei
549 5264 728 5318 Patris
765 5261 965 5315 Filium
996 5273 1116 5314 esse
1146 5271 1344 5328 putans
1367 5258 1434 5311 ad
1463 5258 1614 5311 illum
1646 5255 1852 5312 referre
1870 5258 2000 5311 velit

425 5358 740 5413 dictiones:
772 5351 1118 5421 πατροσθενῆ
1152 5358 1208 5405 et
1274 5350 1622 5420 ξύμμορφον,
1675 5363 1783 5403 non
1841 5349 2000 5403 facile

425 5451 648 5522 poterit,
678 5455 831 5516 puto,
856 5447 1012 5511 juxta
1042 5445 1201 5496 talem
1237 5457 1460 5497 sensum
1499 5443 1607 5496 illis
1659 5443 1999 5510 conjungere

423 5543 759 5598 dietionem:
793 5539 853 5590 ὃν
883 5537 1073 5607 Σωτὴρ
1116 5535 1243 5605 ἔφη.
1295 5536 1488 5590 Melius
1520 5544 1668 5590 esset
1700 5538 1768 5589 ad
1826 5536 2002 5590 facilis

428 5634 712 5688 sententia:
744 5631 1160 5700 dispositionem
1189 5629 1236 5681 si
1263 5631 1388 5697 quis
1416 5629 1680 5682 scriberet
1707 5637 1854 5682 recto
1880 5644 2002 5697 ,λειο-

433 5727 801 5793 minativoque
858 5737 1046 5775 casu:
1114 5720 1484 5792 πατροσθενὴς
1541 5719 1880 5790 ξύμμορτρος,
1943 5735 2000 5775 ιιι

427 5821 713 5871 Conﬁrmet
740 5827 962 5870 sanctos
991 5811 1225 5881 Spiritus
1285 5812 1556 5867 vivilicum
1617 5815 1994 5868 verissimutw

2087 4525 2342 4594 ἐθελῆσαι
2373 4523 2665 4594 βιάσασθαι
2696 4521 2910 4592 ὀσοφὸς
2971 4520 3190 4591 μελικὸς
3242 4513 3398 4581 οὗτος
3451 4519 3518 4570 τὰ
3575 4517 3668 4568 τοῦ

2089 4620 2242 4684 Υίοῦ,
2268 4620 2436 4689 ῆγουν
2464 4617 2524 4671 τὸ
2557 4616 2948 4686 πατροσθενὲς,
2981 4615 3260 4669 τουτέστιν
3291 4611 3566 4673 ίσοσθενές
3595 4609 3670 4677 τῷ

2093 4713 2290 4784 Πατρὶ,
2321 4713 2412 4764 καὶ
2450 4711 2510 4762 τὸ
2536 4712 2672 4780 πρὸς
2721 4711 2931 4761 ἐκεῖνον
2979 4707 3246 4776 συμφυὲς,
3311 4706 3408 4759 καὶ
3450 4703 3527 4774 τῷ
3579 4699 3671 4754 ὐπ’

2095 4803 2305 4855 ἐκείνου
2375 4800 2550 4870 ἤγουν
2605 4799 2697 4851 τοῦ
2759 4796 2891 4850 Υίοῦ
2951 4796 3264 4865 βεϐηκότως
3311 4793 3674 4863 ὑπεσχημένῳ

2095 4898 2190 4949 καὶ
2237 4894 2590 4964 ἀληθεστάτῳ
2638 4892 2785 4960 λόγῳ
2841 4891 3174 4960 θερμότερον
3229 4890 3628 4958 πρασαρμόσαι
3657 4898 3669 4909 ·

2095 4990 2189 5042 καὶ
2216 4987 2463 5056 τοιαύτη,
2491 4988 2590 5038 ὅσα
2617 5001 2681 5053 γε
2733 4984 2883 5053 ἡμᾶς
2946 4981 3249 5048 ἐπιϐαλεῖν,
3299 4982 3331 5051 ἡ
3371 4981 3550 5033 ἔννοια
3599 4977 3675 5047 τῷ

2096 5081 2400 5152 τροπαρίῳ,
2433 5081 2572 5132 κατὰ
2601 5078 2701 5148 τὴν
2729 5076 3210 5146 προενηνεγμένην
3239 5076 3458 5144 γραφὴν
3488 5073 3676 5126 αὐτοῦ.

2175 5175 2302 5244 ρλε’.
2335 5175 2393 5224 Ei
2422 5172 2478 5224 δέ
2501 5189 2585 5234 τις
2611 5170 2904 5239 φερέσϐιον
2926 5169 3083 5236 λόγον
3117 5167 3281 5219 αὐτὸν
3305 5168 3397 5218 τὸν
3424 5165 3520 5218 τοῦ
3543 5162 3680 5218 Θεοῦ

2100 5269 2318 5334 Πατρὸς
2356 5266 2556 5334 νοήσας
2575 5262 2725 5327 Υίὸν,
2753 5261 3002 5330 ἐθελήσει
3067 5259 3204 5330 πρὸς
3258 5259 3425 5312 αὐτὸν
3475 5259 3682 5310 ἐκεῖνον

2103 5358 2440 5428 συμϐιϐάσαι
2469 5356 2529 5407 τὸ
2555 5353 2904 5424 πατροσθενῆ
2933 5353 3026 5405 καὶ
3061 5351 3409 5421 ξύμμορφον,
3444 5351 3545 5403 οὐκ
3593 5350 3680 5414 ἂν,

2103 5447 2280 5518 οἱμαι,
2314 5447 2604 5515 δυνήσεται
2639 5445 2772 5515 ῥᾷον
2822 5443 3090 5513 κολλῆσαι
3121 5442 3306 5504 αὐτοῖς
3363 5443 3500 5510 πρὸς
3559 5440 3684 5492 νοῦν

2104 5541 2348 5593 τοιοῦτον
2374 5543 2468 5591 καὶ
2496 5538 2576 5604 τὸ,
2608 5537 2666 5589 ὃν
2690 5537 2880 5610 Σωτὴρ
2913 5534 3040 5605 ἔφη.
3063 5534 3162 5606 Εἴη
3183 5534 3243 5588 δὲ
3266 5533 3333 5588 ἂν
3359 5533 3575 5587 κάλλιον
3608 5535 3686 5594 εἰς

2105 5635 2452 5706 ἀπαρτισμὸν
2511 5631 2876 5701 εὖοδουμένης
2945 5631 3176 5693 ἐννοίας,
3231 5629 3287 5682 εί
3349 5644 3434 5690 τις
3484 5626 3686 5696 γράψει

2107 5730 2246 5780 κατὰ
2271 5726 2436 5794 ὀρθὴν
2473 5724 2566 5776 καὶ
2597 5723 2810 5775 εὐζιεῖαν
2855 5722 3088 5786 πτῶσιν,
3123 5719 3500 5790 πατροσθενὴς
3553 5719 3686 5788 ξύμ-

2111 5836 2334 5888 μορςαοέ,
2361 5819 2444 5870 ἵνα
2474 5813 2854 5887 ἐπισφραγίζῃ
2885 5817 2945 5867 τὸ
2966 5811 3122 5882 ἅγιον
3149 5811 3398 5882 Πνεῦμα,
3426 5810 3515 5865 τὸν
3550 5808 3688 5878 Canio
