4050 6410
419 331 524 394 liii}

1234 330 1319 392 IN
1359 332 1695 394 llYMNUM
1733 333 2375 394 PENTECOSTALEM
2424 335 2877 401 DAMASCENI.

3552 342 3661 406 650

418 444 582 510 φᾴρον
612 443 705 493 καὶ
730 437 1092 509 ἀληύἐστατον
1125 441 1459 511 προφορικδν
1491 442 1668 510 λόγον,
1699 443 1759 497 ὃν
1788 447 1815 498 ὀ
1865 445 1981 499 Σω-

2089 457 2196 511 que
2248 442 2518 499 verbalem
2593 460 2927 519 sermonem,
2996 462 3159 519 quem
3216 449 3357 508 dixit
3408 452 3664 512 Salvator

417 530 518 599 τὴρ
552 528 788 599 Χριστιις
818 528 946 598 ἔφη,
969 532 999 583 6
1021 529 1117 583 καὶ
1143 531 1518 604 πατροσθενής
1557 533 1884 606 ξύμμορφος
1912 535 1990 606 τῷ

420 622 591 690 lla-cpt
615 621 838 690 δηλαδή.
877 621 1095 676 Τούτων
1126 623 1184 677 δὲ
1209 622 1352 677 οὕτω
1377 626 1986 697 προσεπιδεὸλημένων,

421 713 533 764 επεὶ
563 711 728 764 καλόν
748 714 865 765 ἐστι
887 712 982 766 καὶ
1013 714 1083 767 τά
1101 715 1242 769 κατά
1273 716 1439 786 μέρος
1468 719 1865 789 ἐπισκέψασθαι
1893 722 1987 774 τοῦ

415 804 715 875 τροπαρίου
751 805 1020 876 σηνήΘως,
1053 808 1228 862 ίστέον
1265 811 1346 863 ὅτι
1401 809 1462 864 τὸ
1524 810 1710 874 καθώς
1764 829 1893 881 περ,
1938 814 1988 866 εί

417 898 513 949 καὶ
542 897 617 966 μὴ
653 896 796 950 πάνυ
827 900 1114 967 τέτριπται
1142 902 1255 966 τοῖς
1310 902 1477 956 πάλαι
1521 904 1800 974 ῥήτορσιν,
1852 905 1990 959 ἀλλά

416 990 752 1059 προτιμᾶται
772 990 936 1044 αὐτοῦ
963 990 1026 1046 τὺ
1047 991 1322 1064 καθάπερ,
1350 993 1540 1066 ὥσπερ
1571 996 1663 1049 καὶ
1688 994 1785 1049 τοῦ
1807 996 1989 1060 καθὼς

415 1081 474 1131 τξ
500 1079 663 1145 καθὰ,
704 1081 854 1149 ὅμως
883 1081 912 1135 6
950 1082 1190 1154 μελῳδὸς
1252 1085 1342 1139 διὰ
1382 1087 1441 1139 τὸ
1494 1087 1694 1159 μέτρον
1739 1087 1834 1142 καὶ
1889 1088 1989 1157 τὴν

418 1170 718 1239 πάγκοινον
744 1171 946 1243 χρῆσιν
977 1174 1071 1227 καὶ
1091 1170 1358 1248 ἀγίαν,ἦς
1377 1175 1441 1230 τδ
1466 1176 1647 1241 καθὼς
1675 1177 1989 1233 ἀπέσταλκέ

416 1276 485 1329 με
546 1261 577 1314 6
611 1261 824 1332 Πατὴρ,
872 1267 1163 1334 προέκρινε
1215 1266 1277 1320 τὺ
1323 1266 1507 1331 καθώς
1540 1285 1669 1339 περ.

485 1350 625 1421 ρλς’.
658 1353 732 1407 Τὸ
760 1353 816 1406 δὲ
854 1354 1148 1427 εὐδόκησεν
1176 1356 1298 1412 λίαν
1329 1359 1546 1429 σεμνῶς
1564 1356 1721 1414 εἶπεν
1755 1376 1771 1392 ο
1808 1360 1988 1432 ὑψηλὴ

412 1441 522 1512 γὰρ
539 1443 683 1509 λέξις
707 1445 768 1499 τδ
797 1446 1058 1512 εὐδοκεῖν,
1088 1448 1183 1503 καὶ
1214 1449 1335 1522 Θεῷ
1390 1454 1484 1508 καὶ
1530 1451 1693 1517 θείοις
1733 1452 1990 1521 ἀνδράσιν

411 1532 944 1609 ἀποκεκληρωμένη,
977 1540 1155 1594 ὁποῖοι
1184 1540 1418 1612 μάλιστα
1445 1543 1494 1597 oi
1525 1540 1792 1613 βασιλεῖς.
1833 1545 1989 1615 Ἔχει

410 1624 468 1677 δὲ
501 1625 562 1680 τὸ
611 1627 808 1695 σεμνὸν
843 1629 934 1683 διὰ
981 1628 1045 1685 τὸ
1091 1633 1216 1687 κατ’
1246 1633 1524 1704 ἐπίκρισιν
1552 1635 1938 1715 ἀποφαντικῶς
1969 1653 1985 1669 ο

411 1717 471 1770 οὐ
499 1717 611 1788 γὰρ
637 1718 894 1792 ἐδόκησεν
919 1721 1125 1792 φαμὲν,
1153 1723 1277 1779 οὐδὶ
1333 1725 1484 1781 δοκεῖ
1520 1726 1614 1781 ἐπὶ
1660 1727 1771 1783 τῶν
1809 1729 1987 1782 τοιούο

2091 531 2368 600 Christus,
2403 534 2495 603 qui
2554 550 2688 592 sane
2729 552 2852 592 cum
2912 537 3073 596 Patre
3123 540 3324 598 virtute
3379 542 3664 617 formaque

2092 623 2395 679 consimilis
2421 632 2524 680 est.
2558 622 2856 696 Hisitaque
2885 627 2966 683 sic
2987 628 3233 698 adjectis,
3263 632 3521 702 quoniam
3568 636 3665 690 ho-

2094 729 2223 767 num
2249 723 2331 769 est
2356 730 2454 785 per
2503 724 2707 786 partes,
2736 733 2802 772 ex
2848 733 3024 785 more,
3055 721 3294 792 strophae
3346 725 3666 796 perspicere

2093 806 2359 871 membra,
2381 807 2659 863 sciendum
2691 817 2776 864 est
2804 810 2948 880 quod
3017 825 3122 866 vox
3152 811 3336 876 καθώς
3366 830 3498 885 περ,
3560 816 3665 871 etsi

2094 911 2198 950 non
2225 897 2453 952 multum
2477 896 2644 953 fuerit
2673 900 2814 968 apud
2870 902 3133 973 antiquos
3165 903 3415 960 rhetores
3440 904 3662 973 usitata,

2093 984 2307 1056 ipsique
2333 985 2618 1056 praefertur
2647 989 2709 1042 τὸ
2734 988 3010 1063 καθάπερ,
3047 1004 3106 1047 ιιι
3127 993 3296 1050 verbo
3326 994 3509 1060 καθὼς
3542 1011 3667 1053 ver-

2092 1076 2222 1130 bum
2268 1077 2432 1143 καϐὰ,
2468 1087 2627 1148 poeta
2683 1085 2865 1135 tamen
2909 1081 2979 1137 ob
3036 1092 3273 1139 metrum
3321 1092 3377 1140 et
3419 1085 3660 1142 similem

2089 1179 2450 1238 sanctumque
2473 1185 2654 1237 usum,
2687 1173 2779 1243 qui
2809 1173 3012 1231 dicitur
3040 1191 3057 1231 :
3115 1176 3299 1243 καθὼς
3351 1178 3665 1235 ἀπέσταλκέ

2094 1275 2164 1329 με
2184 1262 2212 1313 6
2237 1260 2443 1332 Πατὴρ,
2473 1264 2710 1333 ρι’ωιιιιίι
2737 1265 3049 1339 καθώςπερ.

2166 1351 2291 1407 156.
2324 1352 2561 1409 Verbum
2583 1362 2766 1411 autem
2793 1358 3087 1430 εὐδόκησεν
3134 1360 3290 1416 valde
3330 1367 3666 1421 convenien-

2091 1450 2172 1496 ter
2200 1441 2466 1499 adhibuit.
2501 1445 2735 1503 Excelsa
2765 1462 3003 1520 namque
3038 1459 3124 1507 est
3173 1450 3340 1508 dictio
3387 1454 3665 1522 εὐδοκεῖν,

2090 1542 2144 1587 et
2172 1532 2283 1591 Deo
2307 1535 2617 1608 divinisque
2640 1537 2774 1596 viris
2807 1552 2957 1597 sorte
3013 1542 3241 1611 tributa,
3294 1547 3485 1617 quales
3537 1560 3665 1605 sunt

2091 1626 2391 1695 praesertim
2428 1642 2604 1699 reges.
2649 1629 2823 1688 Habet
2838 1642 3023 1690 autem
3052 1637 3393 1709 majestatem
3452 1641 3524 1697 ob
3553 1642 3668 1699 ele-

2091 1715 2289 1773 ctionis
2330 1716 2560 1774 liberam
2620 1722 3114 1783 manifestationem
3144 1743 3160 1783 :
3194 1743 3302 1785 non
3332 1730 3478 1788 enim
3527 1732 3666 1789 dici-

410 1824 544 1876 των,
570 1809 707 1865 ἀλλά
743 1790 1015 1884 εὐδόκησε
1037 1816 1134 1869 καὶ
1152 1816 1366 1871 εὐδοκεῖ
1388 1832 1405 1849 ’
1436 1816 1784 1886 αὐτεξούσιος
1806 1818 1865 1874 δὲ
1884 1836 1986 1874 κυ-
2018 1790 2060 1847 Β
2089 1819 2212 1860 ³³⁸⁸³⁸
2267 1806 2555 1877 ἐδόκησεν.
2587 1825 2690 1867 nec
2703 1810 2872 1880 δοκεῖ»
2923 1828 3050 1887 9'83
3075 1831 3170 1875 θοε
3196 1819 3351 1887 ιδιθε»
3382 1820 3480 1878 εθά
3510 1823 3667 1878 εὑδό-

414 1900 545 1971 ρίως
577 1894 731 1970 ᾧτινι
781 1903 933 1976 αὐτῷ
960 1906 1252 1977 κρατοῦντι
1302 1908 1520 1975 ἑαυτοῦ,
1576 1908 1700 1981 δίχα
1755 1911 1983 1979 ἐπιτάγ-

414 2011 585 2062 ματος
614 1994 791 2060 tam:
841 1999 1020 2054 ποιεῖν
1070 1999 1208 2069 ὅπερ
1265 2000 1484 2055 ἐθέλειο
1547 2002 1642 2056 καὶ
1688 2003 1905 2072 λέγεται
1957 2008 1986 2060 6

411 2086 653 2150 τοιοῦτος
675 2089 1043 2156 αὐτεξουσίως
1069 2094 1247 2145 ποιεῖν
1264 2092 1403 2163 ὅπερ
1449 2093 1516 2148 ἂν
1544 2096 1694 2165 ¹ιτοιῇ,
1735 2094 1813 2160 ώς
1865 2096 1986 2162 ἐξὸν

412 2176 474 2229 ὃν
502 2177 672 2248 αὐτῷ.
720 2179 1044 2234 Ἀδέσποτον
1071 2180 1126 2233 δὲ
1153 2179 1251 2235 νῦν
1282 2182 1381 2250 μὲν
1427 2182 1489 2237 τὸ
1527 2185 1605 2255 μὴ
1654 2186 1986 2255 τεταγμένον

413 2269 517 2323 ὑπό
547 2288 653 2323 τινι
680 2271 935 2344 δεσπότῃ.
967 2274 1031 2327 Οί
1063 2272 1119 2326 δὲ
1149 2273 1370 2329 παλαιοὶ
1398 2277 1629 2347 ῥήτορες
1657 2278 1752 2331 κα)⁵
1783 2277 1988 2348 βιϐλίον

410 2360 708 2415 ἀδέσποτον
732 2367 865 2432 φασὶ
886 2365 946 2417 τὸ
970 2365 1277 2436 ἀνώνυμον,
1307 2360 1371 2422 οὗ
1403 2367 1478 2438 μὴ
1508 2369 1740 2441 φανερὸς
1771 2373 1800 2425 6
1830 2388 1987 2443 ποιη-

411 2457 510 2520 τὴς
536 2453 568 2523 ἢ
600 2454 909 2527 ὁδεσπὸτης
950 2470 965 2486 °
1007 2455 1153 2511 οὕτω
1179 2458 1236 2512 δὲ
1262 2458 1358 2535 καὶ
1384 2458 1617 2531 ζήτησιν
1665 2462 1983 2531 ἀδέσποτον,

410 2543 511 2612 τὴν
540 2545 951 2615 ἀνεπίγραπτον
979 2547 1078 2602 καὶ
1124 2547 1299 2611 οὕτως
1323 2548 1521 2621 ἄδηλον
1550 2565 1565 2580 ·
1603 2552 1698 2604 καὶ
1722 2553 1911 2623 φήμην
1929 2553 1986 2605 δὲ

412 2634 705 2690 ἀδέσποτον
726 2638 824 2706 τήν
843 2637 1186 2709 ἀμάρτυρον,
1216 2634 1285 2711 ἦς
1305 2641 1404 2693 οὐκ
1424 2640 1648 2712 οἴδαμεν
1669 2643 1759 2696 τὸν
1785 2646 1987 2714 κατάρ-

412 2725 601 2791 ξαντα.
633 2728 693 2779 Εί
722 2728 779 2780 δὲ
814 2730 1084 2800 πατρόθεν
1141 2731 1204 2783 τὸ
1258 2731 1483 2801 Πνεῦμα
1536 2733 1802 2797 κάτεισιν,
1850 2736 1988 2789 ἀλλὰ

413 2821 511 2872 καὶ
541 2820 568 2872 ὁ
597 2818 726 2883 Υἱὸς
758 2819 1004 2890 ἔπεμψεν
1034 2822 1167 2875 αὐτό
1197 2839 1212 2855 ο
1246 2824 1343 2880 καὶ
1375 2824 1506 2878 αὐτὸ
1534 2825 1594 2878 δὲ
1624 2824 1987 2891 αὐτεξουσίως

413 2907 685 2977 κατῆλθεν
714 2909 1030 2965 ἀδέσποτον.
1074 2912 1297 2975 Πάντως
1338 2913 1395 2967 δὲ
1431 2914 1494 2968 οὐ
1541 2917 1986 2988 περιγέγραπται

354 3027 361 3032 η
412 3002 563 3069 τόπῳ
596 3003 1006 3071 καταφοιτῆσαν
1038 3002 1097 3056 τὸ
1127 3002 1282 3070 ἅγιον
1320 3004 1566 3075 Πνεῦμα,
1608 3007 1752 3061 καθὰ
1798 3010 1917 3061 οὐδὲ
1960 3012 1987 3061 ὀ

2087 1913 2256 1970 κησεν
2284 1909 2342 1956 et
2363 1900 2597 1970 εὐδοκεῖ,
2662 1905 3017 1974 αὐτεξούσιος
3073 1920 3258 1968 autem
3319 1916 3541 1987 proprie
3585 1930 3666 1975 est

2088 1989 2237 2047 illius
2261 1992 2371 2058 cui,
2405 1994 2491 2049 sui
2516 1994 2767 2064 domino,
2801 1999 3012 2070 absque
3034 2002 3287 2073 jussione
3314 2007 3439 2064 licet
3484 2008 3668 2069 facere

2086 2083 2232 2153 quod
2263 2085 2397 2141 vult.
2426 2087 2493 2142 Et
2516 2087 2721 2145 dicitur
2749 2092 2875 2149 talis
2903 2095 3267 2164 αὐτεξουσίως
3298 2096 3656 2174 [δῦθι-ειμιυά

2090 2173 2222 2230 facit
2254 2185 2509 2249 tanquam
2538 2180 2642 2250 ipsi
2668 2182 3224 2245 ίίείιυιιι.Ἃδὲσποτον
3251 2207 3385 2249 vero
3413 2173 3665 2267 estquod

2089 2267 2193 2323 sub
2221 2268 2410 2341 aliquo
2460 2270 2685 2329 domino
2739 2290 2849 2331 non
2897 2286 2980 2334 est
3030 2282 3412 2341 constitutum.
3438 2285 3667 2345 Veteres

2088 2368 2272 2416 autem
2317 2363 2565 2420 rhetores
2612 2366 2912 2424 ἀδίσποτον
2968 2386 3191 2444 quoque
3234 2373 3433 2433 vocant
3467 2379 3668 2439 librum

2091 2467 2444 2525 anonymum,
2475 2457 2638 2528 cujus
2666 2468 2863 2517 auctor
2886 2471 2983 2519 aut
3005 2465 3265 2525 dominus
3285 2484 3392 2525 non
3418 2484 3642 2544 apparet

2088 2545 2171 2600 sic
2221 2547 2386 2603 etiam
2440 2547 2885 2620 disquisitionem
2945 2556 3289 2630 ἀδέσποτον,
3341 2561 3489 2621 illam
3545 2581 3667 2637 qua:

2088 2637 2247 2694 titulo
2286 2647 2435 2694 caret
2465 2651 2652 2699 etnon
2691 2653 2779 2701 est
2827 2648 3150 2718 manifesta;
3181 2652 3485 2711 ἀδέσποτον
3532 2671 3666 2729 quo-

2089 2744 2192 2797 que
2213 2729 2448 2788 dicimus
2470 2732 2612 2790 hanc
2641 2750 2766 2806 quae
2790 2752 2899 2794 non
2931 2740 3094 2797 habet
3130 2750 3327 2801 testem
3393 2747 3665 2820 cujusque

2088 2820 2365 2876 nescimus
2384 2831 2685 2879 auctorem.
2716 2824 2775 2881 Si
2796 2843 2926 2885 vero
2952 2827 3192 2902 Spiritus
3211 2848 3242 2890 a
3262 2834 3422 2894 Patre
3444 2840 3666 2897 descen-

2090 2912 2191 2975 uit,
2217 2919 2275 2965 at
2294 2909 2465 2969 Filius
2493 2914 2648 2970 illum
2705 2920 2872 2974 etiam
2906 2922 3077 2978 misit.
3121 2922 3244 2994 ipse
3278 2942 3411 2984 vero
3448 2945 3667 3004 quoque

2091 3009 2287 3068 sponte
2316 3016 2417 3058 sua
2440 3002 2724 3076 libereque
2747 3007 3054 3066 descendit.
3086 3011 3207 3070 Non
3239 3025 3422 3074 autem
3446 3002 3667 3078 omnino

413 3089 542 3152 Υἱὸς
560 3089 684 3144 οῦτε
706 3109 766 3143 συ
779 3092 1220 3163 γκαταϐεϐηκὼς,
1236 3094 1361 3148 οὔτε
1378 3096 1720 3167 ἀνεληλυθώς
1741 3113 1754 3128 ο
1781 3116 1983 3152 παντα-

2091 3091 2558 3167 circumscribitur
2582 3096 2704 3154 loco
2749 3099 3086 3159 descendens
3134 3105 3374 3177 Spiritus
3422 3124 3667 3180 sanctus,

413 3182 509 3254 χςῦ
536 3184 643 3256 γὰρ
683 3184 772 3237 ἀεὶ
796 3186 1060 3255 πάρεστιν
1087 3186 1273 3256 ήὰγία
1304 3187 1497 3257 Τριάςο

486 3455 619 3529 ρλζ¹⁸
653 3457 903 3527 Σοφίζειν
923 3458 980 3512 δὲ
1005 3460 1100 3513 καὶ
1126 3460 1361 3514 ἐνταῦθα
1408 3462 1470 3514 τὸ
1535 3463 1733 3531 σοφοὺς
1794 3466 1988 3529 ποιεῖν,

409 3552 472 3605 οὐ
500 3550 673 3621 δήπου
722 3551 832 3622 γὰρ
887 3551 949 3604 τὸ
1006 3550 1321 3623 ὲξαπατᾷν’
1378 3553 1438 3607 τδ
1471 3553 1530 3608 δὲ
1591 3556 1650 3610 ἐν
1694 3554 1987 3623 γλώσσαις,

409 3646 722 3715 γλώσσῃσιν
749 3638 904 3697 εἶπεν
933 3644 1249 3714 ἀναγκαίως
1304 3649 1790 3719 ποιητικευόμενος
1815 3665 1831 3682 ·
1894 3652 1989 3705 καὶ

410 3737 557 3790 ἐστιν
588 3739 620 3808 ή
641 3737 785 3804 λέξις
818 3736 1033 3801 Ἰώνων,
1055 3736 1106 3790 οἳ
1132 3739 1225 3792 καὶ
1249 3739 1312 3793 τὸ
1334 3739 1563 3808 μούσαις
1587 3744 1682 3797 καὶ
1705 3744 1986 3815 σφαίραις,

412 3828 645 3902 μούσῃσι
683 3831 818 3898 φασὶ
866 3831 962 3884 καὶ
995 3830 1289 3901 σφαίρῃσιν
1327 3848 1341 3863 ο
1371 3832 1473 3888 οὐκ
1517 3831 1587 3887 ἂν
1636 3834 1693 3889 δὲ
1735 3833 1989 3904 γλώσσας

407 3923 641 3977 ἐνταῦθα
675 3925 844 3991 μόνας
889 3927 1104 3994 νοοῖμεν
1132 3924 1199 3978 ἂν
1237 3927 1333 3989 τὰς
1384 3928 1443 3980 ὲν
1476 3928 1605 3982 εῖδει
1650 3930 1824 4001 πυρὸς
1884 3932 1984 4001 ἐμ-

407 4014 761 4083 φανισθείσας
796 4013 949 4074 ποτὲ,
979 4014 1117 4068 ἁλλά
1148 4018 1244 4068 καὶ
1275 4016 1476 4086 μᾶλλον
1505 4019 1602 4082 τὰς
1629 4019 1738 4073 τῶν
1766 4020 1986 4091 ἀλλογε.

405 4105 534 4169 νῶν,
571 4100 658 4168 αἷς
689 4105 764 4168 ώς
796 4106 1115 4176 μελῳδεῖται
1146 4109 1637 4178 καινουργηοέντες
1691 4113 1985 4184 ἑσοφίσθη-

407 4214 508 4250 σαν
530 4199 578 4250 οί
640 4198 901 4267 μαθηταί.
953 4199 1016 4252 Et
1059 4199 1117 4253 δὲ
1174 4201 1205 4254 6
1258 4200 1387 4264 Υίὸς
1442 4204 1679 4275 σφραγὶς
1733 4205 1985 4270 ίσότυπος

402 4290 620 4359 λέγεται
665 4290 761 4344 τοῦ
793 4292 1029 4362 Πατρδς,
1069 4293 1131 4345 οὐ
1169 4297 1447 4364 μεμπτέον
1478 4297 1571 4350 τὸν
1619 4298 1857 4366 μελῳδὸν
1906 4302 1983 4353 εί-

402 4384 574 4437 πόντα
608 4384 704 4437 καὶ
732 4384 816 4437 ὅτι
848 4385 1141 4454 σφραγίςει
1169 4389 1228 4439 τὸ
1259 4387 1415 4455 ἅγιον
1459 4388 1705 4460 Πνεῦμα,
1745 4390 1837 4444 τὸν
1886 4393 1978 4446 τοῦ

2096 3182 2239 3239 sicut
2262 3198 2436 3255 neque
2466 3186 2658 3255 Filius,
2693 3205 2817 3246 cum
2870 3192 2986 3263 ipse
3012 3195 3295 3255 descendit
3337 3212 3433 3258 aut
3477 3220 3667 3262 ascen-

2095 3276 2173 3331 dit
2209 3294 2223 3331 :
2259 3277 2460 3349 ubique
2483 3282 2629 3336 enim
2678 3298 2898 3355 semper
2921 3288 3074 3344 adest
3111 3295 3460 3351 sanctissima
3491 3296 3664 3356 Trini-

2096 3378 2202 3424 HIS.

2166 3461 2567 3533 157.Σ)φίζειν
2613 3467 2703 3523 hic
2744 3469 2907 3524 etiam
2962 3476 3242 3544 sapientes
3299 3481 3498 3551 facere,
3555 3501 3666 3542 non

2093 3567 2226 3607 sane
2260 3554 2515 3626 decipere
2549 3558 2847 3630 signiﬁcat.
2879 3561 2994 3619 Hoc
3040 3581 3204 3623 vero:
3253 3571 3314 3624 ὲν
3372 3576 3668 3641 γλώσσαις,

2093 3647 2267 3717 magis
2291 3650 2504 3718 poetice
2555 3655 2868 3709 necessario
2906 3657 3047 3714 dixit
3096 3660 3427 3735 γλώσσῃσιν.
3493 3667 3669 3724 Βίςιίυ

2091 3747 2178 3795 est
2208 3738 2387 3797 ionica
2443 3758 2553 3813 qua
2598 3758 2698 3815 pro
2750 3747 2979 3817 μούσαις
3022 3761 3075 3807 et
3140 3756 3423 3827 σφαίραις,
3474 3756 3666 3818 dicunt

2095 3831 2329 3903 μούσῃσι
2360 3842 2415 3888 et
2438 3837 2754 3908 σφαίρῃσιν.
2782 3840 2883 3895 Hic
2907 3852 3091 3898 autem
3120 3843 3188 3901 de
3211 3848 3412 3919 linguis
3458 3856 3636 3924 cogita
3655 3887 3669 3896 -

2094 3937 2150 3976 re
2170 3923 2457 3990 debemus,
2510 3939 2624 3982 non
2650 3929 2773 3984 istis
2804 3930 2956 3999 solis,
3006 3948 3129 4004 qua:
3156 3938 3258 3992 sub
3292 3939 3433 4010 ignis
3482 3923 3669 4014 spem

2090 4028 2483 4087 apparuerunt,
2542 4021 2637 4076 sed
2706 4026 3010 4092 praesertim
3086 4029 3154 4084 de
3236 4033 3664 4105 alienigenarum

2092 4110 2314 4180 linguis,
2376 4112 2600 4183 quibus,
2660 4123 2722 4169 ut
2786 4124 2963 4185 poetae
3015 4122 3255 4179 carmine
3336 4127 3665 4195 celebratur,

2090 4203 2338 4258 renovati
2365 4205 2646 4275 sapientes
2673 4207 2808 4266 facti
2841 4219 2971 4267 sunt
2997 4213 3272 4285 discipuli.
3302 4215 3360 4272 Si
3392 4234 3523 4276 vero
3576 4220 3668 4276 Fi-

2088 4297 2193 4350 lius
2212 4312 2426 4368 aequum
2459 4296 2636 4356 Patris
2658 4300 2860 4361 dicitur
2893 4304 3159 4375 sigillum,
3215 4324 3321 4365 non
3351 4315 3665 4383 arguendus

2086 4401 2170 4446 est
2204 4403 2361 4462 poeta
2390 4392 2579 4451 dicens
2626 4395 2890 4466 Spiritum
2949 4410 3196 4455 sanctum
3247 4402 3470 4474 signare
3538 4406 3663 4463 Filii

401 4475 530 4528 Υἰοῦ
550 4476 708 4544 λόγον
743 4492 757 4506 ’
792 4475 946 4529 οὐδὲν
971 4479 1077 4548 γάρ
1102 4495 1158 4531 τι
1194 4479 1392 4533 κωλύει
1446 4482 1854 4554 προσαρμόζειν
1909 4488 1977 4556 τῇ

2089 4486 2331 4541 verbum.
2372 4486 2517 4542 Nihil
2549 4489 2693 4543 enim
2733 4489 2960 4560 impedit
2985 4490 3116 4562 quin
3157 4496 3432 4552 tribuatur
3451 4509 3656 4558 sanctze

399 4567 532 4639 ἁγίᾳ
561 4569 754 4638 Τριάδι
781 4567 950 4621 καὶτὸ
985 4569 1127 4623 κατά
1168 4568 1267 4640 τὴν
1301 4562 1603 4643 σφραγῐδα⁴
1631 4575 1849 4644 σεμνόν.
1886 4577 1984 4629 Φε-

400 4659 615 4727 ρέσδιος
640 4658 698 4711 δὲ
723 4658 878 4729 λόγος
908 4660 1113 4731 κυρίως
1160 4664 1256 4715 καὶ
1283 4663 1537 4734 πρώτως,
1571 4667 1599 4719 ὁ
1635 4667 1711 4736 μὴ
1745 4670 1867 4722 κατ’
1890 4671 1982 4724 ἄν·

398 4750 616 4818 Ορωπον
641 4750 733 4804 τὸν
754 4751 965 4817 ἁπλῶς,
999 4752 1135 4807 ἀλλὰ
1168 4754 1197 4808 6
1222 4754 1318 4809 τοῦ
1353 4754 1484 4809 Υἱοῦ
1538 4757 1634 4810 τοῦ
1674 4757 1835 4826 Θεοῦ,
1887 4762 1980 4815 τοῦ

396 4842 492 4895 καὶ
511 4841 688 4906 ἄλλως
721 4842 823 4914 μὲν
848 4845 1251 4915 σεμνυνομένου
1281 4849 1347 4918 τῇ
1373 4849 1598 4923 τοιαύτῃ
1650 4850 1795 4917 λέξει
1850 4855 1979 4908 πολ·

395 4932 598 5003 λαχῶς,
625 4932 862 5003 μάλιστα
881 4934 938 4988 δὲ
961 4934 1042 4988 ὅτι
1070 4934 1237 4999 αὐτὸς
1293 4937 1450 5005 λόγος
1504 4938 1623 5009 ἦτοι
1667 4940 1816 4994 αἰτία
1860 4941 1980 4993 ἐστὶ

394 5026 612 5078 πάντων
632 5025 740 5079 τῶν
768 5025 961 5092 ὄντων,
990 5029 1085 5081 καὶ
1112 5028 1201 5082 διὰ
1248 5029 1408 5083 τοῦτο
1435 5032 1530 5084 καὶ⁵
1560 5031 1829 5099 ζωογὸνος
1884 5034 1979 5086 καὶ

397 5117 708 5186 φερέσϐιος,
742 5117 863 5187 ἦτοι
903 5119 1086 5188 φέρων
1114 5120 1244 5189 ἡμῖν
1305 5120 1441 5190 βίον,
1491 5124 1627 5191 ὅπερ
1683 5124 1799 5177 ἐστὶ
1835 5122 1980 5195 ζωὴν

392 5208 612 5279 διπλῆν,
650 5209 751 5280 τήν
781 5209 921 5263 κατὰ
951 5209 1131 5281 ψυχὴν
1164 5211 1299 5280 ὁμοῦ
1328 5214 1424 5266 καὶ
1480 5217 1680 5285 σάρκα,
1736 5215 1833 5269 καὶ
1875 5218 1977 5285 τήν

392 5302 536 5357 κατὰ
565 5299 702 5371 βίον.
727 5301 788 5353 δν
817 5303 914 5354 καὶ
935 5302 1100 5356 αὐτὸν
1131 5302 1280 5374 ζωὴν
1313 5304 1467 5359 καλεῖ
1493 5309 1520 5359 ὁ
1551 5307 1834 5376 σεμνύνων
1884 5310 1978 5362 τὸν

404 5391 709 5461 Ἰθακήσιον
729 5392 886 5463 ἥρωα
932 5393 1016 5445 ὃτι
1058 5393 1173 5458 ζωὴ
1230 5395 1381 5467 αὐτῷ
1436 5392 1507 5468 ἦν
1552 5398 1722 5469 πολλή
1751 5417 1765 5433 ο
1832 5400 1976 5472 ζωὴ)

391 5487 599 5549 ἐκεῖνος
621 5484 795 5553 λέγων
818 5485 919 5555 τήν
939 5501 996 5537 τε
1028 5484 1200 5555 ἄλλην
1258 5489 1317 5539 ὲν
1347 5487 1448 5559 βίῳ
1489 5490 1686 5559 κτῆσιν
1723 5492 1822 5545 καὶ
1876 5494 1975 5563 τὴν

390 5578 552 5643 ζώοις
587 5576 973 5641 παντοδαποῖς.
1009 5576 1107 5630 Ἐκ
1133 5578 1229 5632 τοῦ
1273 5581 1425 5649 φέρω
1468 5581 1524 5635 δὲ
1577 5584 1850 5653 φερέϐιος,
1901 5587 1977 5648 ώς

390 5671 962 5741 ἄρχωάρχέπλουτος,
1004 5675 1099 5724 καὶ
1138 5671 1214 5736 ὡς
1262 5675 1412 5742 φέρω
1442 5677 1744 5745 φερέοικος.
1790 5683 1887 5733 Διά
1917 5681 1972 5732 δὲ

394 5768 455 5818 τὰ
490 5768 663 5835 συχνὰ
695 5766 905 5836 βραιέα
934 5767 1222 5835 φωνήεντα
1255 5768 1348 5819 καὶ
1372 5769 1472 5838 τὴν
1514 5770 1747 5824 ἐνταῦθα
1806 5788 1977 5839 κακοε

762 5861 1043 5925 ΡΑτιιοι..
1086 5868 1202 5927 (in.
1254 5863 1577 5925 CXXXVI.

2089 4575 2341 4634 Trinitati
2377 4580 2520 4649 quod
2550 4581 2604 4634 in
2623 4580 2803 4652 sigillo
2824 4586 3192 4640 venerandum
3224 4597 3330 4643 est.
3372 4588 3659 4648 Viviﬁcum

2087 4681 2267 4725 autem
2291 4673 2516 4727 verbum
2550 4675 2773 4744 proprie
2801 4674 3151 4747 primumque
3201 4695 3310 4735 non
3368 4693 3453 4739 est
3486 4684 3662 4739 homi-

2088 4759 2173 4814 nis
2195 4760 2435 4831 vulgaris
2461 4765 2712 4831 verbum,
2769 4765 2863 4820 sed
2920 4764 3158 4824 Verbum
3225 4769 3349 4828 Filii
3398 4774 3515 4841 Dei,
3564 4779 3658 4846 qui

2085 4866 2226 4921 saepe
2244 4854 2335 4908 tali
2359 4855 2600 4911 dictione
2631 4857 2964 4926 celebratur,
3038 4862 3135 4917 sed
3197 4864 3318 4921 ideo
3352 4876 3656 4936 praesertim

2090 4943 2233 5011 quod
2265 4944 2383 5015 ipse
2409 4947 2552 5002 ratio
2600 4947 2671 5003 sit
2709 4949 2912 5023 (λόγος)
2967 4950 3083 5008 sive
3130 4968 3296 5010 causa
3335 4969 3660 5015 cunctorum

2089 5034 2298 5088 eutium
2328 5052 2347 5103 ς
2377 5043 2431 5091 et
2460 5035 2667 5093 idcirco
2695 5039 2897 5095 dicitur
2945 5042 3195 5099 vivilicus
3217 5054 3273 5100 et
3302 5047 3506 5114 vitalis,
3561 5066 3657 5105 seu

2086 5126 2250 5181 nobis
2279 5126 2465 5183 ferens
2492 5128 2678 5197 vitam,
2729 5130 2785 5185 id
2818 5141 2924 5201 est,
2975 5134 3247 5205 duplicem
3301 5139 3491 5208 vitam,
3536 5157 3656 5197 eam

2086 5231 2208 5283 qua:
2230 5216 2395 5271 simul
2428 5217 2494 5273 ad
2516 5221 2759 5275 animum
2785 5230 2840 5277 et
2866 5238 3085 5280 carnem
3121 5229 3367 5300 respicit,
3423 5241 3481 5287 et
3509 5233 3658 5287 illam

2083 5324 2205 5378 quas
2235 5308 2389 5379 juxta
2418 5309 2617 5366 victum
2647 5314 3055 5384 consideratur,
3094 5335 3258 5390 quem
3286 5323 3450 5377 etiam
3496 5326 3661 5380 vitem

2082 5402 2320 5470 appellat
2357 5402 2461 5457 iste
2500 5403 2784 5460 celebrans
2814 5406 3158 5465 lthacensem
3224 5413 3469 5483 heroem,
3515 5423 3663 5488 quod

2082 5492 2184 5561 ipsi
2226 5494 2398 5547 multa
2434 5494 2541 5549 vita
2560 5495 2718 5567 (ζωὴ)
2742 5508 2883 5565 erat,
2910 5499 3080 5555 vitam
3136 5519 3340 5562 vocans
3385 5510 3658 5580 reliquam

2081 5584 2260 5638 victus
2283 5585 2686 5653 possessionem
2736 5596 2791 5644 et
2844 5591 3147 5660 praesertim
3197 5611 3318 5651 eam
3381 5599 3435 5652 in
3493 5604 3661 5656 variis

2077 5677 2407 5732 animalibus
2434 5687 2692 5735 stantem.
2717 5677 2759 5734 E
2773 5685 2937 5737 verbo
2952 5693 3134 5740 autem
3159 5690 3312 5758 φέρω
3330 5691 3471 5745 venit
3497 5697 3664 5762 φερέ-

2078 5773 2217 5837 6ιος,
2277 5772 2420 5826 sicut
2445 5770 2601 5843 ἄρχω
2628 5772 2998 5843 ἀρχέπλουτος
3056 5788 3113 5832 et
3162 5782 3314 5848 φέρω
3348 5784 3508 5852 φερέ.)
3538 5800 3653 5845 κος.
