4050 6404
363 313 468 376 651

369 522 437 575 de
460 531 796 582 mensuram,
829 514 1104 569 additione
1129 513 1324 566 litterae
1373 527 1404 563 σ
1461 509 1664 566 factum
1705 518 1790 564 est
1820 525 1941 564 ver-

375 612 503 664 bum
566 606 872 678 φερέσϐιος.
913 603 1005 658 Sic
1065 616 1284 672 quoque
1340 600 1585 663 θεόδοτος
1643 599 1698 654 in
1763 611 1942 655 metro

376 698 654 760 056.5010;
685 696 982 750 diceretur.
1040 690 1250 746 Similis
1309 704 1440 745 vero
1501 689 1640 743 ratio
1693 688 1876 742 littera
1910 705 1944 740 σ

370 791 596 847 donavit
626 787 788 844 etiam
822 783 1133 850 θεσπέσιον,
1165 791 1222 838 et
1252 796 1319 837 ex
1384 779 1674 851 θεοεικέλιρ
1698 779 1941 845 θέκελον,

367 896 554 956 ροειειι
586 879 862 934 θέσκελον.

642 970 962 1040 Troparium
987 969 1271 1024 secundum
1295 968 1412 1023 ode
1432 966 1657 1038 quinta.

439 1066 679 1124 Curabat
711 1071 924 1120 mentes
950 1064 1166 1132 quidem
1201 1075 1230 1116 a
1263 1070 1484 1130 peccato

368 1160 433 1214 Et
465 1160 568 1215 sibi
597 1155 898 1228 apparabat
924 1153 1324 1225 apostolorum,

369 1253 510 1307 Deus
534 1248 800 1313 Verbum,
824 1246 1069 1303 omnium
1093 1245 1369 1315 princeps,
1396 1243 1744 1299 immaculata
1759 1243 1944 1312 domo;

369 1342 672 1412 Equabitis
698 1340 915 1396 roboris
952 1352 1132 1393 autem
1161 1346 1214 1393 et
1245 1336 1760 1402 eonsubstantialis,

369 1434 520 1488 Nunc
547 1432 876 1488 informatur
906 1429 1148 1501 Spiritus
1169 1429 1376 1484 lumen.

440 1525 562 1580 158.
597 1524 814 1580 Gratias
843 1522 1043 1578 debere
1071 1535 1270 1593 magno
1295 1519 1507 1575 doctori
1557 1519 1778 1576 Christo
1813 1533 1941 1576 san-

372 1626 496 1672 ctos
527 1617 802 1687 apostolos
830 1614 1200 1685 philosophice
1226 1615 1384 1670 docet
1417 1624 1598 1683 poeta,
1627 1628 1732 1668 non
1771 1613 1946 1669 mino-

370 1724 456 1764 res
505 1707 701 1763 deinde
752 1706 981 1778 Spiritui
1037 1715 1287 1773 sancto;
1346 1721 1558 1762 necnon
1611 1705 1714 1775 ipsi
1769 1703 1942 1761 Patri.

1051 304 1409 367 EUSTATII
1423 304 1474 363 ll
1521 301 2275 364 THESSALUNICENSIS
2311 303 2872 366 METllOl’OLlTE

369 431 597 500 Propter
622 426 820 482 mutas
847 438 974 480 vero
996 425 1187 478 breves
1218 421 1435 475 vocales
1473 428 1526 473 et
1566 417 1763 473 falsam
1789 419 1942 474 exin-

2057 423 2301 491 μετρίαν,
2341 423 2624 476 ὲπενθέσει
2652 424 2746 477 τοῦ
2781 442 2809 476 σ
2862 425 3054 492 γέγονε
3103 424 3392 494 φερέσϐιος
3435 441 3450 454 ’

3513 309 3624 373 632

3487 427 3622 478 οῦτοι·

2051 515 2146 570 καὶ
2170 519 2197 569 ὁ
2219 518 2455 580 θεόδοτος
2488 518 2763 580 θεόσδοτος
2795 519 2852 570 ὲν
2884 519 3068 588 μέτρῳ
3097 518 3314 588 λεχθείη
3343 519 3406 570 άν
3432 534 3446 548 ⁸
3475 521 3623 583 ὃμοι-

2049 625 2105 671 ος
2134 607 2193 660 δὲ
2227 608 2382 676 λόγος
2411 611 2736 680 ὲσιγμάτισε
2783 610 2960 663 καὶτὸ
3002 610 3315 677 Θεσπέσιον,
3344 614 3439 665 καὶ
3477 613 3536 666 τὸ
3566 615 3626 665 ἐκ

2051 699 2355 754 θεοεικέλου
2387 701 2626 770 θέκελον,
2655 697 2773 755 εἶτα
2805 703 3088 769 θέσκελον,

2199 964 2527 1034 Τροπάριον
2555 966 2839 1036 δεύτερον
2871 965 2979 1034 τῆς
3013 967 3293 1037 πέμπτης
3323 968 3504 1036 ᾠδῆς.

2051 1054 2193 1112 XIII.
2239 1057 2380 1125 ’ἰῆτο
2411 1058 2513 1118 τὰς
2547 1059 2750 1128 φρένας
2784 1059 2887 1126 μὲν
2921 1058 2980 1122 ἐξ
3008 1059 3308 1128 ἁμαρτίας,

2228 1149 2294 1202 Χ’
2324 1149 2474 1218 αύτῷ
2511 1151 2882 1215 κατεσκεύαζε
2914 1151 3026 1204 τῶν
3075 1153 3417 1214 ἀποστόλων,

2225 1239 2359 1303 Θεὸς
2388 1241 2561 1309 Λόγος
2583 1243 2895 1313 πάνταρχος
2925 1244 3194 1314 ἄχραντον
3215 1245 3375 1314 δόμον
3403 1259 3418 1274 ⁶

2237 1331 2602 1402 Ὀμοσθενοῦς
2630 1333 2706 1400 δὲ,
2749 1337 2844 1386 καὶ
2907 1336 3346 1405 συνουσιωμένου

2229 1423 2343 1476 Νῦν
2367 1425 2798 1492 ἑγκατοικίζοιτο
2841 1426 3159 1496 Πνεύματος
3190 1430 3347 1497 φάος.

2124 1513 2266 1586 ρλη’.
2304 1515 2551 1585 Χάριτας
2581 1517 2894 1586 έποφείλειν
2921 1519 3002 1590 τῷ
3043 1521 3268 1591 μεγάλῳ
3330 1522 3635 1596 διδασκάλῳ

2052 1604 2274 1676 Χριστῷ
2299 1609 2425 1670 τοὺς
2463 1609 2652 1677 ἁγίους
2685 1610 3020 1674 ἀποστόλους
3053 1611 3344 1680 φιλοσοφεῖ
3372 1615 3401 1668 ό
3451 1615 3632 1684 μελῳς

2051 1695 2144 1760 δός
2176 1713 2190 1728 ·
2222 1698 2310 1753 ναὶ
2331 1698 2395 1769 δὴ
2419 1700 2612 1770 καὶτῷ
2661 1701 2802 1772 ἁγίῳ
2844 1702 3124 1772 Πνεύματι
3168 1705 3466 1770 ἔξάπαντος
3491 1721 3504 1735 ·
3537 1707 3633 1776 δῆ-

370 1799 671 1868 Supremus
691 1798 834 1854 enim
895 1797 1213 1853 Dominator
1263 1795 1458 1860 Filius,
1481 1805 1756 1866 quatenus
1803 1795 1945 1849 ratio

2057 1786 2141 1840 λον
2170 1788 2226 1841 δὲ
2249 1791 2465 1854 πάντως
2496 1790 2572 1854 ὡς
2603 1791 2802 1845 αὐτίκα
2831 1794 3030 1861 καὶτῷ
3063 1796 3275 1862 ηατρί·
3315 1798 3344 1848 ό
3365 1799 3472 1867 γὰρ
3498 1799 3634 1852 πάν-

371 1901 686 1960 ουηριαξιιυο
719 1898 1040 1961 persecutor
1067 1890 1338 1956 amentiae,
1372 1889 1491 1960 ἰῆτο
1513 1888 1594 1945 vel
1613 1889 1728 1942 ἰᾶτο
1749 1902 1945 1958 pecca-

369 1991 423 2033 to
457 1988 583 2034 ante
609 1978 1013 2042 ascensionem,
1045 1987 1101 2032 ct
1125 1978 1357 2032 curabat
1428 1978 1642 2032 animos
1671 1977 1949 2047 apostolo-

370 2087 524 2136 rum;
555 2079 702 2127 recte
732 2085 864 2126 vero
909 2071 1014 2126 sub
1049 2071 1352 2140 imperfecti
1403 2070 1579 2126 forma
1623 2071 1773 2124 verbi
1807 2071 1946 2135 ἰᾶτο,

369 2159 800 2231 subintelligeres
827 2178 840 2226 ;
877 2161 1070 2230 ἰήσατο
1087 2161 1260 2224 αὐτὰς
1287 2160 1526 2231 sivejam
1562 2171 1693 2216 tunc
1713 2161 1946 2217 curavit.

370 2251 433 2304 ει
451 2251 550 2306 hoc
567 2265 734 2322 agens
766 2262 818 2306 et
838 2251 1124 2320 perliciens
1148 2253 1506 2321 parabatsive
1549 2251 1945 2322 paravitaotqi,

370 2344 484 2398 sive
509 2342 711 2414 ἐαυτῷ,
735 2359 858 2399 cum
891 2358 1085 2414 aspero
1115 2343 1330 2412 spiritu,
1361 2358 1552 2413 puram
1586 2344 1947 2411 domum,seu

370 2445 613 2490 sanctam
647 2435 1062 2503 habitationem,
1123 2449 1564 2505 unumquemque
1614 2436 1945 2506 apostolum.

372 2524 432 2579 Et
465 2525 572 2581 hoc
624 2527 843 2595 quidem
883 2525 1345 2596 .sapientissimus
1397 2537 1720 2580 (nconomus
1776 2523 1947 2580 Filius

372 2616 468 2672 Dei
499 2617 611 2686 jam
639 2625 765 2671 ante
794 2617 937 2672 diem
980 2617 1302 2672 hodiernam
1340 2617 1394 2671 iu
1460 2627 1683 2673 sanctos
1733 2625 1951 2686 aposto-

373 2707 454 2762 los
479 2707 803 2778 perfecerat,
837 2723 932 2764 eos
959 2708 1064 2764 sibi
1101 2708 1294 2765 domos
1327 2707 1532 2762 allabre
1589 2709 1772 2762 divina
1813 2723 1945 2764 cura

371 2811 700 2855 construens
746 2817 760 2854 :
817 2800 1065 2872 quaedam
1109 2801 1256 2860 enim
1311 2800 1607 2854 artificiosa
1648 2799 1812 2854 dictio
1865 2809 1951 2857 est

373 2893 844 2958 κατασκευάζειν;
885 2901 1001 2957 aut,
1029 2902 1088 2946 ut
1109 2893 1251 2947 idem
1272 2893 1475 2960 dicam,
1499 2895 1948 2951 architectonica:

375 2984 518 3038 unde
542 2984 855 3038 nominatur
897 2985 1038 3052 apud
1065 2986 1339 3054 sapientes
1373 2984 1652 3056 ἀνασκιυή
1685 2995 1741 3041 et
1778 3004 1947 3040 κατα-

375 3077 566 3144 σκευή.
601 3072 756 3130 Nunc
801 3086 978 3130 autem
1031 3075 1270 3144 Spiritus
1323 3085 1572 3142 sanctus,
1627 3088 1686 3131 ut
1736 3092 1951 3147 semper

2048 1896 2250 1950 ταρχος
2282 1882 2409 1945 Υἰδς
2448 1882 2584 1935 καθὸ
2610 1883 2784 1953 Λόγος
2809 1885 2902 1938 καὶ
2923 1886 3103 1955 πάσης
3131 1886 3354 1956 ἀλογίας
3373 1889 3634 1958 διώκτης,

2053 1969 2192 2040 ἰῆτο,
2216 1971 2385 2041 ήγουν
2414 1973 2530 2026 ἰᾶτο
2559 1973 2618 2038 ἐξ
2647 1975 2916 2044 ἁμαρτίας
2948 1976 3042 2028 καὶ
3075 1976 3376 2046 ἐθεράπευε
3403 1980 3506 2046 πρὸ
3529 1980 3634 2048 τῆς

2050 2063 2372 2133 ἀναλήψεως
2401 2065 2503 2130 τάς
2530 2067 2738 2135 φρένας
2769 2067 2877 2120 τῶν
2939 2069 3258 2122 ἀποστόλων
3286 2087 3302 2101 ο
3353 2072 3530 2141 ὀρθῶς
3571 2072 3631 2124 δὲ

2049 2151 2115 2207 ἃν
2145 2153 2224 2223 τῷ
2280 2155 2427 2208 κατά
2488 2159 2865 2226 παρατατικὸν
2924 2161 3294 2231 σχηματισμῷ
3342 2163 3433 2215 τοῦ
3491 2164 3634 2228 ἰᾶτο,

2051 2248 2502 2317 συνεπινοήσοιτό
2525 2266 2609 2313 τις
2643 2250 2736 2303 καὶ
2765 2252 2826 2303 τὸ
2861 2251 3050 2322 ἰήσατο
3081 2253 3272 2317 αύτάς,
3305 2245 3477 2324 ἤγουν
3507 2255 3628 2307 ἐθε-

2053 2339 2330 2409 ράπευσεν
2356 2339 2567 2394 ἔκτοτε.
2600 2341 2710 2393 Καὶ
2733 2341 2888 2395 τοῦτο
2916 2342 3162 2408 ἐξανύων
3199 2346 3294 2396 καὶ
3344 2345 3632 2412 ἐξανύσας,

2051 2429 2457 2494 κατεσκεύαζεν
2493 2432 2613 2502 ήτοι
2663 2433 3073 2486 κατεσκεύασεν
3101 2433 3270 2502 αὐτῷ,
3309 2436 3476 2504 ήγουν
3507 2436 3634 2490 δαυ-

2051 2524 2150 2595 τῷ,
2207 2525 2350 2577 κατά
2414 2524 2632 2592 πνεῦμα
2679 2525 2838 2591 δασὺ,
2901 2525 3065 2596 δόμον
3115 2526 3402 2597 ἄχραντον,
3461 2530 3633 2600 ἤγουν

2053 2616 2206 2684 ἆγιον
2235 2611 2384 2670 οίκον
2409 2615 2640 2670 ἕκαστον
2673 2617 2972 2672 ἀπόστολον
3007 2634 3022 2650 ·
3079 2622 3174 2673 καὶ
3227 2617 3388 2673 τοῦτο
3441 2621 3540 2690 μὲν
3603 2624 3633 2673 ὁ

2053 2708 2364 2778 σοφώτατος
2386 2709 2672 2778 οἰκοδόμος
2704 2711 2732 2762 ό
2782 2710 2912 2773 Υἱὸς
2957 2710 3052 2764 τοῦ
3102 2711 3236 2764 Θεοῦ
3292 2713 3488 2783 ἤνυσεν
3529 2713 3634 2785 ήδη

2053 2804 2267 2872 φθάσας
2301 2802 2407 2874 πρὸ
2435 2803 2534 2874 τῆς
2565 2805 2809 2873 σήμερον
2839 2804 2931 2856 ἐπὶ
2957 2806 3072 2868 τοῖς
3125 2805 3303 2874 ἁγίοις
3335 2807 3632 2876 μαθηταῖς,

2053 2896 2233 2956 οίκους
2264 2894 2508 2957 ἐκείνους
2539 2895 2720 2964 ἑαυτῷ
2754 2897 3168 2967 συστησάμενος
3226 2900 3636 2969 ὲπιστημοναρ-

2050 2986 2222 3056 χικῶς
2252 2986 2421 3056 ὲνθέῳ
2446 2987 2727 3058 σκευωρία
2749 3003 2762 3017 °
2795 2990 3084 3058 τεκτονικὴ
3113 2991 3226 3061 γάρ
3261 3008 3344 3054 τις
3373 2992 3519 3058 λέξις
3571 2995 3634 3046 τὸ

2055 3080 2490 3142 κατασκευάζειν
2526 3097 2539 3110 ·
2579 3079 2776 3134 ταυτὸν
2799 3081 2845 3134 δ’
2877 3081 3050 3134 εἰπεῖν
3113 3087 3208 3136 καὶ
3264 3085 3583 3154 οἰκοδομική
3619 3105 3630 3116 ·

374 3171 594 3243 dignam
635 3185 888 3240 qumrcns
929 3169 1385 3223 inhabitationcm
1415 3186 1478 3224 ac
1511 3171 1949 3240 permansionem

2057 3172 2177 3227 ὅθεν
2217 3173 2530 3242 ὠνόμασται
2560 3175 2711 3245 καὶὴ
2762 3175 2915 3245 παρὰ
2969 3178 3080 3240 τοῖς
3130 3180 3315 3247 σοφοῖς
3356 3180 3635 3252 ἀνασκευὴ

375 3261 504 3327 sibi,
555 3261 791 3316 inventis
834 3271 1148 3316 sanctorum
1209 3262 1581 3331 apostolorum
1643 3263 1863 3330 animis,
1899 3262 1952 3316 id

373 3365 478 3421 est,
510 3354 965 3410 intellectualibus
1013 3353 1289 3419 domibus,
1354 3355 1536 3423 scapis
1587 3356 1862 3408 mundatis
1900 3365 1956 3410 et

376 3448 782 3519 pulchritudine
823 3447 1258 3517 splendentibus,
1318 3456 1626 3501 aromatum
1674 3447 1869 3516 plenis,
1899 3457 1954 3502 et

375 3541 443 3596 ad
497 3539 650 3594 illum
709 3537 1062 3594 alliciendum
1121 3537 1276 3590 valde
1340 3537 1572 3598 idoneis,
1627 3537 1952 3591 inhabitavit

379 3628 692 3700 huiusmodi
721 3627 996 3694 domibus,
1034 3633 1221 3694 utpote
1271 3625 1363 3694 qui
1402 3640 1526 3680 cum
1567 3626 1659 3681 illo
1711 3627 1953 3694 ejusdem

376 3731 462 3778 est
516 3720 739 3776 virtutis
789 3728 840 3774 et
899 3716 1409 3774 eonsubstantialis.
1471 3715 1567 3770 llic
1625 3719 1789 3772 etiam
1849 3720 1951 3788 ipsi

376 3814 600 3869 libertas
621 3813 778 3883 plena
819 3825 918 3866 nec
959 3810 1066 3864 ulla
1133 3809 1600 3865 senatusconsulti
1632 3812 1954 3878 necessitas,

379 3904 470 3959 ubi
499 3919 597 3960 nec
626 3900 832 3956 invidia
868 3914 966 3954 nec
994 3897 1274 3954 contentio
1317 3897 1615 3966 reperitur.
1673 3895 1825 3951 llanc
1857 3899 1957 3967 igi-

378 4006 469 4050 tur
491 3995 652 4050 Vcrbi
673 3994 918 4058 domum,
944 4008 1063 4062 qua:
1086 3990 1249 4045 simul
1277 3998 1361 4044 cst
1381 3986 1583 4055 Patris,
1608 3989 1764 4046 hodie
1790 3990 1967 4060 Spiri-

383 4097 469 4142 tus
521 4096 744 4141 sanctus
771 4084 1124 4155 ingredietur,
1151 4081 1255 4146 vel,
1291 4092 1348 4137 ιιι
1401 4080 1702 4150 simplicius
1757 4083 1957 4149 dicam,

381 4180 613 4236 habitat.

2057 3268 2152 3319 καὶ
2181 3268 2520 3336 κατασκευή.
2556 3266 2670 3320 Νῦν
2696 3268 2751 3320 δὲ
2781 3267 2841 3321 τὸ
2887 3267 3113 3338 Πνεῦμα
3134 3271 3192 3322 τὸ
3225 3270 3381 3338 ἅγιον
3429 3273 3504 3334 ὡς
3545 3274 3633 3325 ἀεὶ

2055 3360 2252 3430 ζητοῦν
2281 3360 2434 3425 ἀξίαν
2459 3361 2732 3430 ἐνοίκησιν
2777 3361 2872 3414 καὶ
2899 3362 3222 3432 παραμονὴν
3269 3364 3486 3431 ἑαυτοῦ,
3540 3368 3637 3418 εῦ-

2060 3456 2152 3526 ρδν
2177 3457 2276 3516 τὰς
2302 3454 2412 3506 τῶν
2449 3454 2621 3521 ἁγίων
2653 3453 2970 3506 ἀποστόλων
2997 3453 3200 3523 ψυχάς,
3255 3456 3282 3507 ὅ
3338 3459 3455 3510 ἐστι
3506 3460 3634 3520 τοὺς

2057 3548 2330 3610 τοιούτους
2361 3547 2583 3616 νοητοὺς
2607 3546 2796 3610 οἴκους
2850 3546 3050 3612 αὐτῶν,
3100 3552 3483 3618 σεσαρωμένας
3542 3554 3635 3604 καὶ

2058 3646 2135 3704 εἰς
2171 3643 2366 3705 κάλλος
2400 3641 2780 3708 λαμπομένας,
2811 3641 2908 3694 καὶ
2940 3640 3230 3711 ἀποφορᾶς
3270 3644 3504 3708 εὐώδους
3537 3665 3638 3698 πε-

2061 3737 2401 3806 πλησμένας,
2431 3735 2526 3788 καὶ
2553 3735 2690 3787 πολὺ
2724 3737 2785 3786 τὸ
2837 3734 3068 3803 ὲφολκὸν
3111 3736 3278 3789 αὐτοῦ
3331 3738 3641 3806 εὐπραγοῦ-

2061 3845 2176 3891 σας,
2199 3826 2443 3897 ὲνῷκησε
2467 3829 2578 3889 τοῖς
2622 3825 2886 3888 τοιούτοις
2934 3826 3106 3890 οἴκοις
3160 3830 3252 3882 τοῦ
3309 3832 3642 3900 ὁμοσθειιοῦς

2063 3917 2210 3987 αὑτῷ
2241 3917 2334 3970 καὶ
2366 3917 2802 3987 συνουσιωμένου
2833 3917 2993 3986 ἁγίου
3051 3918 3370 3988 [Ινεύματος
3411 3938 3424 3951 ·
3453 3922 3642 3984 αὐτεξ-

2062 4008 2247 4061 ούσιον
2295 4009 2573 4063 κάνταῦθα
2631 4010 2729 4062 καὶ
2780 4009 3257 4078 προϐουλεύματος
3307 4013 3370 4063 οὐ
3453 4013 3642 4079 δεόμε-

2062 4119 2175 4168 νον,
2204 4101 2331 4154 ἔνθα
2357 4099 2479 4153 οὔτε
2507 4099 2722 4169 φθόνος,
2760 4099 2884 4152 οὔτε
2911 4099 3102 4163 στάσις
3152 4100 3377 4170 ήτισσῦν
3408 4119 3641 4170 παρεισ-

2065 4195 2331 4265 κρίνεται.
2371 4193 2460 4264 Τῷ
2487 4194 2618 4262 γοῦν
2653 4193 2788 4264 οἴκῳ
2821 4193 2914 4246 τοῦ
2945 4192 3142 4260 Λόγου,
3176 4195 3374 4246 αὐτίκα
3437 4194 3490 4245 δὲ
3545 4200 3640 4246 καὶ

2063 4288 2154 4342 τοῦ
2187 4289 2417 4358 Πατρὸς,
2456 4290 2548 4340 καὶ
2584 4288 2642 4340 τὺ
2677 4286 2834 4353 ἅγιον
2869 4286 3090 4356 Πνεῦμα
3124 4287 3363 4358 σήμερον
3392 4289 3647 4354 ὲγκατιι-

2066 4383 2290 4448 κίξοιτο,
2328 4382 2494 4450 {now
2523 4380 2794 4438 ἁπλοϊκῶς
2825 4381 3018 4445 εἰπεῖν,
3054 4382 3275 4433 ἐνοικεῖ.

459 4480 582 4538 139.
616 4479 852 4537 Verbum
913 4477 1029 4548 ἰῆτο
1084 4482 1303 4547 poterat
1351 4475 1514 4531 etiam
1579 4473 1762 4529 dicere
1822 4474 1951 4536 ἰᾶτο,

2140 4477 2272 4546 ρλθ’.
2303 4476 2376 4529 Τὸ
2441 4474 2497 4528 δὲ
2560 4475 2676 4543 ἰῆτο
2713 4470 2824 4544 εἶχε
2874 4475 2971 4544 μὲν
3030 4474 3122 4527 καὶ
3154 4476 3269 4527 ἰᾶτο
3312 4477 3487 4528 εἰπεῖν
3530 4495 3643 4528 κοι-

381 4591 502 4632 com
514 4573 731 4628 munius
760 4584 856 4640 per
878 4567 1116 4622 litteram
1137 4583 1192 4622 α.
1215 4563 1462 4636 ScQuens
1479 4575 1682 4630 autem,
1705 4573 1958 4632 tanquam

380 4679 698 4731 estraneus,
721 4665 892 4726 istud,
931 4663 1114 4731 ἰητρὸς
1137 4669 1194 4714 et
1221 4661 1481 4730 ἰητρεῖον,
1516 4658 1690 4712 ionice
1713 4659 1914 4712 dictum
1943 4672 1958 4722 ;

381 4772 438 4818 et
475 4762 576 4815 hoc
612 4778 625 4814 :
654 4772 761 4812 non
795 4757 1016 4810 oculum
1048 4753 1280 4822 ἰήσεται,
1313 4750 1602 4820 nequidcm
1635 4749 1956 4818 Neptunus;

381 4828 574 4910 scribit
602 4861 657 4905 ct
684 4852 800 4919 ipse
831 4848 952 4916 ἰῆτο
1001 4859 1104 4916 pro
1133 4843 1371 4915 ἰάτρευε.
1405 4842 1631 4896 Pectora
1660 4857 1784 4896 vero
1805 4839 1960 4895 Chri-

383 4957 526 5003 stum
585 4957 781 4999 sanare
841 4939 992 5003 dicit,
1048 4952 1154 4991 non
1219 4936 1450 4998 \iscera,
1514 4935 1598 4988 vel
1656 4931 1958 5000 corporalia

384 5049 628 5107 pectora,
662 5047 894 5102 quorum
924 5029 1197 5086 derivatio
1231 5040 1314 5083 est
1353 5027 1617 5096 φρενῖτις,
1669 5027 1764 5081 sed
1793 5024 1959 5095 spiri-

383 5128 574 5192 tualia,
599 5124 902 5180 secundum
927 5136 1056 5190 quae
1087 5117 1292 5174 sensati
1318 5116 1658 5186 (φρενήρεις)
1705 5125 1962 5184 parentes

381 5235 528 5284 esse,
559 5227 613 5273 ct
640 5231 746 5271 non
776 5215 1150 5269 seductioncm
1183 5223 1359 5279 neque
1399 5209 1726 5264 dementiam
1752 5206 1959 5269 subire,

387 5320 642 5382 putamus
706 5307 798 5360 illa
855 5305 1153 5374 quidquam
1211 5301 1376 5355 etiam
1419 5300 1588 5354 fuisse
1643 5305 1958 5367 coeperata.

386 5399 535 5457 Istud
563 5399 709 5454 enim
755 5395 1054 5466 aliquando
1108 5391 1269 5446 faciet
1335 5391 1602 5456 medicus,
1652 5390 1852 5443 timens
1896 5404 1960 5442 ne

393 5489 804 5562 hypochondria
831 5494 1056 5541 curatus
1085 5484 1258 5539 morbi
1285 5484 1639 5554 perversitate
1703 5483 1956 5552 patiatur.

387 5581 628 5636 Medicus
657 5589 838 5633 autem
875 5578 1204 5639 animarum,
1249 5574 1343 5633 Dei
1372 5575 1568 5638 Filius,
1619 5576 1672 5628 in
1735 5586 1960 5644 ιιμοειο-

387 5677 452 5728 lis
507 5670 876 5727 habitaculum
914 5667 1041 5731 sibi.
1072 5678 1302 5722 mentem
1329 5677 1504 5733 curat,
1529 5684 1650 5738 qua:
1679 5683 1868 5736 sapere
1903 5669 1956 5720 in

381 5765 700 5822 hominibus
729 5773 832 5829 est,
885 5776 979 5818 seu
1028 5761 1294 5832 φρονοῦν,
1356 5761 1502 5832 quod
1553 5761 1756 5833 φρένας
1821 5760 1959 5816 dixit

2066 4567 2282 4637 νὸτερον
2305 4567 2409 4620 διὰ.
2428 4565 2524 4619 τοῦ
2554 4583 2587 4618 α
2621 4581 2635 4595 ο
2671 4564 2984 4618 ἀκολουθῶν
3014 4565 3070 4616 δὲ
3101 4564 3173 4626 ὠς
3199 4559 3287 4616 οἷα
3317 4564 3644 4634 ὲξωτερικὶς

2063 4659 2139 4729 τῷ
2163 4659 2346 4730 ἰητρὸς
2368 4661 2460 4711 καὶ
2494 4660 2729 4728 ίητρεῖον
2767 4657 3020 4721 ἰωνικῶς,
3044 4658 3137 4708 καὶ
3161 4657 3239 4725 τῷ
3256 4686 3281 4698 -
3309 4657 3411 4711 οῦκ
3443 4658 3645 4727 ὀφθαλ-

2066 4754 2164 4820 μδν
2220 4751 2456 4820 ἰήσεται,
2517 4748 2627 4802 οὐδ’
2674 4748 3000 4817 Ἐνοσέχθων
3029 4777 3051 4787 -
3084 4746 3284 4816 γράφει
3329 4750 3423 4800 καὶ
3483 4749 3643 4810 αὐτὸς

2060 4841 2297 4897 ἐνταῦθα
2333 4842 2454 4911 ἰῆτο
2510 4841 2633 4894 ἀντὶ
2699 4839 2795 4892 τοῦ
2868 4840 3082 4908 ῐάτρευε
3117 4853 3131 4865 '
3195 4840 3401 4908 φρένας
3453 4839 3507 4891 6‘s
3551 4841 3644 4892 τὸν

2061 4933 2296 5002 Χριστὸν
2319 4933 2500 4986 ἰᾶσθαι
2531 4933 2718 5002 φησὶν,
2743 4932 2804 4983 οὐ
2843 4931 2903 4984 τὸ
2936 4929 3266 4998 σπλάγχνον,
3322 4931 3421 4993 τάς
3455 4947 3644 5001 σωμα-

2061 5025 2218 5084 τικὰς
2259 5023 2482 5094 δηλαδὴ,
2513 5018 2587 5076 ὧν
2619 5022 2952 5091 παρώιυμος
2985 5025 3015 5090 ή
3056 5024 3321 5090 φρενῖτις,
3356 5023 3494 5076 ἀλλά
3544 5024 3645 5087 τὰς

2061 5116 2325 5186 ψυχικὰς,
2357 5115 2480 5168 καθ’
2519 5114 2584 5176 ἃς
2614 5115 2909 5184 φρενήρεις
2969 5115 3287 5184 φαινόμενοι
3345 5113 3505 5181 εἶναι,
3553 5119 3649 5171 καὶ

2065 5206 2191 5261 οὒτε
2251 5206 2610 5277 φρεναπάτην
2682 5205 2938 5273 πάσχειν,
3007 5203 3130 5257 οῦτε
3197 5207 3646 5276 φρενοϐλάϐειαν,

2065 5299 2371 5370 φρονοῦμεν
2407 5296 2764 5358 συντελούσας
2797 5314 2850 5349 τι
2882 5297 2975 5349 καὶ¹
3029 5297 3222 5360 αὐτάς.
3294 5299 3500 5354 Ἐκεῖνο
3547 5301 3648 5370 μὲν

2063 5395 2172 5462 γὰρ
2205 5393 2385 5460 ἱατρός
2428 5407 2550 5443 ποτε
2582 5391 2818 5458 ποιήσει,
2847 5388 3038 5452 δεδιὼς
3068 5389 3143 5458 μὴ
3173 5393 3267 5442 καὶ
3316 5392 3377 5443 τὸ
3419 5393 3648 5463 ὑποχόν-

2063 5486 2208 5556 δριον
2229 5487 2257 5536 ὁ
2295 5483 2674 5552 ἰατρευόμενος
2708 5481 3034 5553 δυσπαθήσῃ
3067 5482 3410 5553 κακοτροπίᾳ
3435 5483 3596 5537 νόσου
3628 5501 3646 5518 ο

2065 5580 2092 5630 ὁ
2116 5578 2171 5630 δὲ
2203 5576 2310 5627 τῶν
2342 5573 2532 5643 ψυχῶν
2568 5572 2774 5642 ἰατρὸς,
2809 5574 2837 5624 ὸ
2870 5571 2965 5624 τοῦ
3022 5573 3159 5625 Θεοῦ
3227 5573 3376 5635 Υὲὺς,
3431 5578 3490 5626 ἐν
3535 5578 3650 5638 τοῖς

2066 5668 2385 5729 ἀποστόλοις
2409 5668 2466 5718 τὸ
2500 5665 2646 5733 αὑτῷ
2676 5665 2864 5730 οἰκεῖν,
2901 5663 2990 5716 τὸν
3039 5665 3164 5716 νοῦν
3211 5665 3526 5735 θεραπεύει,
3589 5671 3648 5728 ὃς

2066 5767 2180 5817 ἐστι
2212 5760 2270 5813 τὸ
2305 5763 2361 5814 ἐν
2385 5757 2691 5827 ἀνθρώποις
2727 5755 2982 5826 φρονοῦν,
3012 5756 3043 5808 ὃ
3076 5759 3277 5827 φρένας
3301 5755 3455 5811 εἶπεν
3485 5763 3510 5812 ὁ
3541 5777 3648 5828 με-
