4050 6484
494 389 601 451 653

496 594 671 648 κεῖται
701 607 715 622 ο
752 594 965 659 φρενῶν
995 595 1102 664 γὰρ
1128 594 1375 664 ψυχικῶν
1413 597 1622 663 ἰατρεία
1649 595 1722 655 ὡς
1775 596 1870 649 καὶ
1927 613 2061 665 καρ-

493 683 629 746 δίας,
655 685 687 752 ἡ
717 685 810 754 τῆς
836 686 1110 756 ἁμαρτίας
1137 688 1424 758 ἐξαίρεσις.

567 779 679 840 py}.
713 775 820 826 Καὶ
853 777 1160 844 σημείωσαι
1191 779 1250 830 τὸ
1284 779 1422 846 ἰῆτο,
1456 780 1624 850 ἧγουν
1668 780 1886 848 ίάτρευε
1935 781 2065 848 ιρρέ-

494 882 588 926 νας
621 865 678 931 ἐξ
711 866 984 935 ἁμαρτίας
1017 884 1032 898 ο
1067 869 1136 921 δι’
1165 870 1223 922 οὗ
1283 871 1536 940 δηλοῦται
1577 872 1660 925 ὃτι
1722 872 1866 924 καθά
1919 873 2064 927 νόσοι

495 956 765 1024 σωμάτων
797 959 852 1010 αἱ
881 960 1000 1012 κατ’
1049 963 1226 1014 ἐκεῖνο
1276 963 1542 1033 καχεξίαι,
1603 964 1745 1018 οὕτω
1792 965 1888 1018 καὶ¹
1934 983 2062 1036 φρε-

492 1047 599 1097 νῶν
626 1047 682 1099 αἱ
714 1047 982 1118 ἁμαρτίαι
1011 1067 1024 1080 ·
1058 1053 1151 1102 καὶ
1177 1053 1256 1104 ὅτι
1286 1052 1403 1121 ἅμα
1435 1054 1660 1106 ἐκείνων
1691 1057 1830 1116 ἴασις
1864 1057 2062 1108 ἀποτε-

491 1140 690 1200 λεῖται,
715 1140 810 1192 καὶ
833 1141 1030 1193 αὐτίκα
1054 1141 1215 1209 δόμος
1247 1143 1380 1196 Θεοῦ
1432 1145 1640 1212 γίνεται
1672 1149 1700 1198 6
1740 1147 2065 1216 τεθεραπευ-

498 1229 658 1297 μένος
699 1244 712 1258 ⁸
749 1229 824 1292 ὡς
849 1229 905 1283 δὲ
932 1231 1182 1297 σώματος
1217 1233 1607 1288 καθικνοῦνται
1659 1237 1802 1290 νόσοι
1856 1239 1949 1290 καὶ
1997 1239 2063 1290 δι’

491 1321 789 1391 ἁμαρτίας,
822 1322 991 1391 ἔμαθε
1031 1327 1125 1377 καὶ
1148 1326 1174 1377 6
1200 1326 1438 1388 ἀκούσας
1464 1327 1544 1388 τὸ.
1578 1328 1684 1382 Ἴδε
1709 1328 1865 1398 ὑγιὴς
1914 1329 2066 1398 γέγο-

492 1430 592 1477 νας
615 1429 630 1443 ο
666 1417 867 1483 μηκέτι
897 1416 1182 1486 ἁμάρτανε
1212 1435 1225 1448 ·
1261 1419 1355 1472 καὶ
1379 1419 1492 1488 ἔχει
1521 1420 1758 1488 εὐλόγως
1793 1421 1885 1474 καὶ
1914 1425 2065 1475 τουτὶ

492 1508 551 1559 τὸ
587 1510 841 1578 πρᾶγμα.
878 1510 938 1561 Εἰ
968 1510 1074 1580 γὰρ
1096 1510 1158 1563 τὸ
1179 1512 1298 1565 κατ’
1327 1512 1616 1582 ἄνθρωπον
1644 1515 1932 1584 ὀργανικὸν
1961 1516 2063 1568 σῶ-

496 1615 571 1666 μα
626 1598 860 1667 βλάπτει
909 1601 1091 1671 ψυχὴν
1144 1603 1290 1655 καθά
1339 1604 1434 1657 καὶ
1479 1605 1730 1675 τεχνίτην
1778 1605 2065 1676 ἄνθρωπον

492 1691 587 1745 καὶ
615 1693 951 1761 ἐπιστήμονα
1005 1694 1264 1757 πολλάκις
1312 1697 1675 1765 τραυματίζει
1735 1699 1829 1750 καὶ
1889 1697 2065 1762 ἄλλως

493 1781 550 1833 δὲ
576 1781 737 1834 λυπεῖ
761 1784 820 1836 τὸ
855 1783 980 1837 κατ’
1009 1785 1173 1837 αὐτὸν
1203 1786 1455 1857 ὄργανον,
1492 1789 1600 1840 οὐδ’
1628 1792 1806 1842 ἐκεῖνο
1854 1789 2064 1853 ἀπαθὲς

1315 389 1395 448 ΙΝ
1437 389 1774 448 ΙΠΜΝΟΜ
1820 385 2473 448 PENTECOSTALEM
2514 385 2967 448 DAMASCENI.

494 502 693 569 λῳδόςο
732 503 788 554 τ’,
818 503 874 555 δὲ
899 503 958 567 ἐξ
987 505 1258 573 ἁμαρτίας
1322 506 1458 573 πρὸς
1515 506 1801 575 ἀκρίϐειαν
1858 506 2066 566 ἐννοίας

2183 510 2352 569 poeta.
2389 498 2501 555 lloc
2536 510 2713 554 autem
2749 519 2762 554 :

3633 385 3739 453 654

2796 501 2853 566 ὲξ
2885 503 3181 572 ἁμαρτίας.
3215 506 3280 560 ad
3334 506 3614 561 sententia)
3648 523 3740 559 ac-

2172 591 2509 644 curationem
2550 590 2816 660 ponitur:
2858 602 3139 660 pectorum
3197 596 3342 650 enim
3377 597 3739 666 spiritualium

2172 683 2313 735 sicut
2332 690 2381 736 et
2405 682 2587 737 cordis
2612 685 2847 745 curatio,
2879 693 2968 738 est
2991 685 3163 755 culpae
3191 687 3423 742 avulsio.

2243 774 2364 842 MO.
2391 773 2694 829 Notandum
2723 785 2807 830 est
2841 777 2942 830 hoc
2965 777 3088 831 loco
3121 794 3133 831 :
3171 777 3310 848 ἰῆτο,
3377 778 3493 833 sive
3550 779 3743 833 libera-

2175 865 2263 918 bat
2305 866 2540 933 peccatis
2565 878 2780 935 pectora
2808 884 2820 918 :
2848 866 2974 921 hinc
2991 867 3396 923 demonstratur
3425 872 3570 940 quod
3596 872 3744 925 sicut

2174 958 2351 1011 morbi
2383 959 2698 1026 corporales
2731 968 2858 1013 sunt
2889 960 3043 1013 malae
3075 961 3325 1029 corporis
3363 961 3737 1025 habitudines.

2173 1052 2252 1104 sic
2277 1059 2329 1103 ct
2357 1060 2635 1117 pectorum
2681 1051 2896 1119 culpae;
2957 1054 3232 1122 quodque,
3282 1055 3465 1108 statim
3509 1063 3568 1108 ut
3625 1055 3747 1108 illo-

2173 1157 2292 1195 rum
2337 1142 2550 1196 sanatio
2612 1142 2937 1212 completur,
2980 1145 3242 1199 continuo
3289 1145 3485 1200 domus
3540 1146 3631 1198 Dei
3687 1147 3746 1200 lit

2172 1242 2386 1289 sanata.
2414 1233 2570 1301 Quod
2603 1243 2783 1288 autem
2813 1235 2878 1288 ad
2911 1251 3107 1304 corpus
3137 1236 3408 1306 attingant
3459 1239 3633 1293 morbi
3660 1239 3744 1294 vel

2171 1341 2266 1395 per
2283 1329 2490 1395 culpas,
2522 1326 2611 1381 ille
2629 1326 2818 1379 didicit
2849 1327 2938 1391 qui
2975 1327 3056 1381 sic
3085 1328 3292 1382 audivit
3329 1347 3341 1384 :
3375 1327 3530 1395 Vide,
3568 1345 3740 1387 sanus

2173 1416 2352 1470 factus
2375 1430 2433 1470 cs
2459 1432 2474 1482 ;
2503 1415 2612 1483 iam
2639 1416 2747 1469 noli
2782 1431 3025 1485 peccare.
3054 1415 3118 1469 Et
3148 1417 3249 1471 hoc
3309 1433 3526 1490 quoque
3569 1421 3744 1477 ratio-

2171 1509 2352 1563 nabile
2375 1518 2480 1562 est.
2505 1508 2562 1563 Si
2590 1509 2734 1563 enim
2759 1511 3075 1579 organicum
3111 1510 3349 1565 hominis
3389 1526 3588 1582 corpus
3621 1513 3740 1566 ani-

2173 1615 2317 1655 mam
2346 1600 2489 1654 laedit
2521 1601 2987 1669 quemadmodum
3021 1601 3381 1657 artiﬁciosum
3414 1609 3468 1657 et
3502 1605 3740 1673 peritum

2172 1689 2446 1744 hominem
2481 1704 2626 1760 saepe
2681 1692 2894 1746 sauciat
2948 1691 3190 1762 aliasque
3252 1693 3612 1749 contristatur
3662 1694 3744 1762 ip-

2171 1780 2287 1836 sius
2319 1779 2762 1843 instrumentum,
2788 1780 2934 1849 quod
2969 1796 3073 1835 non
3114 1791 3201 1836 est
3244 1797 3460 1852 semper
3491 1783 3744 1853 impassia

493 1875 580 1926 ἀεὶ
597 1873 674 1939 δν,
698 1875 878 1932 καλῶς
899 1894 1028 1930 ποτε
1063 1879 1158 1931 καὶ
1189 1879 1322 1932 αὐτὸ
1347 1880 1548 1949 πάσχει
1605 1881 1662 1932 ἐν
1702 1882 1880 1952 καιρῷ
1927 1882 2068 1936 κατά

2183 1873 2297 1936 uile,
2326 1872 2463 1926 bene
2491 1872 2785 1943 aliquando
2813 1872 2975 1926 etiam
3039 1873 3216 1943 ipsum
3260 1888 3384 1928 cum
3415 1875 3738 1945 opportuni-

493 1981 546 2017 τι
574 1966 953 2021 ἀντιπάθειαν.
991 1970 1186 2022 Ίστέον
1215 1969 1270 2023 δὲ
1300 1971 1380 2024 ὅτι
1437 1987 1496 2024 τε
1532 1973 1560 2023 6
1626 1973 1724 2040 μὲν
1771 1973 2066 2042 σύνδεσμος

497 2056 736 2110 ἐνταῦθα
764 2059 866 2112 οὐκ
893 2060 1214 2114 ἀποδέδοται
1247 2063 1518 2132 συνήθως,
1551 2063 1688 2115 ἀλλὰ
1745 2063 1894 2117 δοκεῖ
1938 2067 2066 2118 ἀνασ

499 2151 721 2214 πόδοτος
750 2147 891 2205 εἶναι
916 2153 1183 2223 μερισμὸς
1223 2156 1406 2216 ὁποῖος
1431 2156 1523 2208 καὶ
1573 2157 1628 2208 ἐν
1694 2158 1759 2226 τῇ
1817 2160 2068 2227 καταρχῇ

501 2245 677 2295 κεῖται
735 2243 832 2296 τοῦ
889 2243 1188 2314 σεϐασμίου
1231 2243 1437 2313 βιϐλίου
1492 2246 1599 2298 τῶν
1642 2245 1901 2317 Πράξεων
1963 2247 2071 2300 τῶν

501 2335 838 2389 ἀποστόλων.
886 2337 948 2390 Εἰ
983 2340 1056 2408 μή
1090 2357 1174 2400 τις
1202 2341 1312 2407 ἄρα
1353 2339 1542 2404 δεξιῶς
1595 2341 1760 2393 αὐτὸν
1819 2342 2070 2411 συνδήσει

500 2430 558 2480 ὲν
589 2428 670 2497 τῷ
695 2428 1022 2498 ὁμοσοενοῦς
1053 2431 1110 2483 δὲ
1156 2433 1249 2484 καὶ
1282 2432 1717 2501 συνουσιωμένου
1754 2452 1766 2464 ·
1799 2434 1884 2486 ἵνα
1939 2435 2074 2508 λέγῃ

499 2517 574 2578 ὡς
605 2521 672 2571 τὰ
705 2517 803 2586 μὲν
826 2519 932 2589 πρὸ
956 2520 1146 2573 τούτου
1178 2521 1341 2591 δόμον
1383 2522 1652 2592 ἄχραντον
1677 2527 1705 2577 6
1742 2524 1873 2588 Θεὸς
1903 2527 2075 2592 Λόγος

500 2607 872 2672 κατεσκεύαζε
903 2625 920 2639 ⁶
961 2609 1057 2663 νῦν
1078 2610 1134 2663 δὲ
1161 2609 1248 2680 τῷ
1279 2615 1506 2684 τοιούτῳ
1534 2613 1667 2684 οἴκῳ
1696 2613 1847 2681 ἅγιον
1909 2616 2074 2669 Πνεῦ-

508 2699 1066 2770 μαὲγκατοικίζεται.
1103 2702 1318 2772 Μέτρου
1339 2705 1398 2757 δὲ
1431 2708 1652 2777 πιεσμῷ
1708 2709 2075 2778 σφιγγόμενος

503 2794 532 2845 6
553 2792 790 2862 μελῳδὸς
819 2794 878 2845 τὸ
913 2797 1006 2846 καὶ
1039 2795 1212 2865 ἑαυτῷ
1242 2798 1610 2863 κατεσκεύαζε
1663 2799 1848 2870 δόμον,
1877 2803 1928 2869 χ’
1986 2802 2075 2855 αὑ.

485 2878 581 2954 ’τῷ
609 2887 777 2951 λέγει,
811 2888 1137 2958 ἀφελόμενος
1169 2891 1267 2958 μὲν
1295 2893 1355 2944 τὸ
1387 2892 1506 2946 κατ’
1537 2893 1710 2964 ἀρχὴν
1735 2911 1759 2944 ε
1778 2895 1873 2962 τῆς
1901 2897 2076 2951 ἀντω-

434 3037 436 3040 ν
505 2977 702 3046 νυμίας
743 2978 841 3048 τῆς
879 2981 968 3032 καὶ
991 2978 1160 3042 οὕτως
1197 2981 1357 3035 πάλιν
1383 2983 1768 3056 δασυνομένης⁶
1799 2988 2000 3058 τρέψας
2020 2989 2076 3043 δὲ

506 3071 566 3122 τὸ
592 3087 626 3121 κ
656 3071 748 3123 τοῦ
800 3072 896 3125 καὶ
929 3075 1226 3144 συνδέσμου
1259 3079 1338 3139 είς
1360 3078 1696 3150 ἀντίστοιχον
1748 3081 1882 3134 δασὺ
1913 3083 1972 3136 τὸ
2017 3103 2072 3153 χ,

511 3161 648 3226 μετά
678 3163 775 3228 τὴν
800 3163 941 3231 λόγῳ
973 3165 1296 3234 συναλοιφῆς
1333 3167 1580 3237 ἔκθλιψιν
1617 3169 1717 3240 τῆς
1775 3187 1831 3224 αι
1859 3171 2075 3240 διφθόγ-
2103 3208 2146 3266 C

505 3269 642 3321 γου·
710 3255 831 3325 ἥτις
877 3256 1164 3324 δίφθογγος
1225 3258 1396 3323 οὕτως
1455 3260 1665 3330 ὑπῆλθε
1719 3264 2078 3330 κουφισθεῖσα

510 3348 604 3398 καὶ
639 3348 696 3399 ἐν
719 3349 796 3415 τε)
826 3375 855 3386 -
889 3346 1121 3418 Ἐρχομ’
1171 3349 1306 3419 ἔχων
1333 3351 1424 3404 ἐπὶ
1457 3353 1587 3421 νῆας
1619 3370 1633 3383 ⁴
1663 3384 1684 3395 -
1714 3353 1825 3424 ἔχει
1877 3356 1935 3410 δὲ
1987 3360 2081 3411 καὶ

509 3439 848 3508 ἀρχετυπίαν
887 3445 1135 3512 χρήσεως
1167 3445 1503 3516 παλαιτάτης
1529 3447 1556 3498 6
1587 3447 1825 3516 μελῳδὸς
1865 3450 1928 3502 ὲκ
1985 3452 2081 3504 τοῦ

509 3533 774 3602 τυράννου
809 3534 1084 3597 Οἰδίποδος
1107 3535 1213 3588 τὸ-
1243 3536 1293 3607 χ’
1321 3539 1484 3591 αὐτοῦ
1520 3567 1546 3580 ο
1574 3538 1692 3609 ἤτοι
1735 3543 1828 3594 καὶ
1864 3543 2078 3596 ἑαυτοῦ.

583 3620 732 3693 ρμα’.
760 3624 833 3676 Τὸ
864 3624 920 3677 δὲ
943 3626 1252 3696 πάνταρχος
1284 3628 1398 3680 ἴσον
1428 3629 1544 3681 ἐστὶ
1567 3629 1646 3699 τῷ
1678 3630 2080 3699 παμϐασιλεὺς,

511 3718 606 3767 καὶ
673 3715 972 3783 παντάναξ,
1037 3720 1131 3772 καὶ
1172 3719 1308 3785 ἄναξ
1360 3722 1630 3788 ἀνάκτων,
1687 3722 1780 3776 καὶ
1830 3723 2081 3793 βασιλεὺς

512 3809 798 3880 βασιλέων,
834 3811 928 3863 καὶ
985 3811 1174 3881 κύριος
1239 3814 1620 3881 κυριευόντων,
1683 3816 1744 3868 τὸ
1787 3818 1844 3870 δὲ
1901 3818 2084 3887 μεῖζον

513 3902 606 3954 καὶ
637 3901 768 3962 Θεὸς
799 3901 958 3958 θεῶν.
984 3904 1316 3975 Σεμνότερον
1345 3906 1401 3959 δὲ
1435 3909 1745 3978 πάνταρχος
1777 3911 1959 3977 λέγειν
1996 3914 2084 3966 διὰ

512 3990 606 4044 τοῦ
637 4011 687 4059 τ,
723 3992 910 4063 ὥσπερ
937 3996 1030 4049 καὶ
1062 3996 1358 4061 παντάναξ.
1425 3998 1568 4068 ἥπερ
1596 3999 1682 4052 δικ
1713 4002 1874 4070 μόνου
1903 4003 1995 4055 τοῦ
2031 4022 2079 4071 ν,

517 4085 610 4139 καὶ
635 4088 667 4156 ἡ
689 4087 837 4140 αἰτία
864 4087 997 4158 δήλη
1033 4104 1048 4120 ο
1084 4087 1164 4140 διὸ
1193 4089 1286 4142 καὶ
1310 4092 1338 4143 6
1384 4094 1724 4160 παντουργὸς
1785 4097 2083 4167 προεκρίθη

516 4179 859 4246 ἐπιλέγεσθαι
889 4179 965 4249 τῷ
999 4180 1140 4249 Θεῷ,
1179 4181 1273 4232 τοῦ
1337 4183 1649 4252 πανούργου
1698 4187 2086 4256 ἀφορισθέντος

518 4271 592 4334 ὠς
617 4273 914 4341 ἐπιρῤήτου
959 4271 1029 4324 τὰ
1085 4273 1293 4325 πλείω·
1345 4277 1394 4327 εἰ
1454 4278 1548 4328 καὶ
1591 4278 1621 4339 6_
1678 4281 2083 4349 παροιμιαστὴς

518 4361 724 4432 ἀγαθὴν
751 4361 960 4417 ἔννοιαν
1000 4367 1376 4432 παρεισκρίνει
1430 4367 1601 4437 αὐτῷ,
1665 4369 1794 4424 ἔνθα
1849 4373 2084 4424 ἐπαινῶν

511 4457 830 4525 ἐκφαίνεται
855 4457 945 4509 τὸν
974 4457 1302 4526 πχνοῦργον.
1325 4458 1483 4527 Λόγῳ
1517 4459 1573 4510 δὲ
1599 4461 1771 4530 ὁμοίῳ
1799 4463 1892 4513 καὶ
1915 4479 2084 4516 παντ-

2170 1971 2281 2018 tate
2310 1962 2709 2034 quodammodo
2737 1965 2939 2033 patitur
2972 1964 3352 2034 antipathiam.
3380 1963 3531 2020 Scito
3562 1976 3742 2021 autem

2171 2056 2315 2126 quod
2351 2054 2669 2121 conjunctio
2702 2055 2800 2122 μὲν
2834 2054 2922 2109 hic
2947 2069 3052 2109 non
3083 2069 3150 2110 ex
3211 2071 3361 2111 more
3394 2058 3740 2126 producitur,

2173 2148 2266 2203 sed
2299 2147 2514 2201 videtur
2543 2161 2663 2202 esse
2688 2149 2806 2202 sine
2836 2149 3196 2217 respondente
3231 2149 3517 2219 particula,
3552 2149 3734 2218 qualis

2175 2241 2226 2292 in
2257 2239 2412 2294 initio
2441 2239 2730 2294 venerandi
2766 2240 2994 2296 Actuum
3023 2241 3394 2311 apostolorum
3458 2241 3579 2296 libri
3613 2241 3748 2310 legi-

2173 2342 2302 2399 tur;
2334 2332 2437 2387 nisi
2460 2332 2583 2402 quis
2605 2347 2724 2388 eam
2759 2333 3056 2404 coniungat
3078 2347 3199 2389 cum
3233 2332 3379 2387 isto:
3413 2331 3745 2403 ὁμοσθενοῦς

2175 2425 2230 2477 δὲ
2265 2425 2359 2478 καὶ
2382 2426 2815 2494 συνουσιωμένου
2841 2443 2856 2488 ;
2889 2425 3108 2480 utdicat
3140 2425 3320 2496 :qltod
3352 2434 3510 2480 antea
3532 2425 3745 2495 quidem

2179 2532 2370 2587 puram
2395 2517 2619 2571 domum
2655 2517 2793 2572 Deus
2821 2514 3056 2572 Verbum
3085 2518 3346 2586 parabat;
3383 2531 3528 2572 nunc
3556 2527 3738 2572 autem

2180 2610 2232 2663 in
2289 2609 2394 2664 ista
2441 2611 2604 2662 dumo
2665 2607 2900 2678 Spiritus
2965 2616 3191 2664 sanctus
3257 2609 3550 2664 inhabitat.
3592 2607 3750 2663 Metri

2177 2713 2310 2754 vero
2342 2699 2729 2754 constrictione
2757 2713 2978 2768 pressus
3003 2708 3183 2767 poeta,
3215 2698 3318 2755 hoc
3351 2700 3530 2769 ἑαυτῷ
3581 2716 3750 2752 κατε-

2181 2788 2417 2854 σκεύαζε
2475 2790 2785 2859 δόμον,-χ’
2820 2788 2970 2860 αύτῷ
3036 2790 3192 2856 dicit,
3251 2789 3477 2845 dimissa
3530 2790 3752 2860 quidem

2183 2881 2376 2936 initiali
2421 2880 2596 2934 littera
2620 2897 2645 2933 ε
2685 2859 3052 2949 pronominis,
3091 2878 3234 2947 quod
3277 2879 3358 2933 sic
3386 2859 3561 2933 etiam,
3593 2894 3754 2948 θεμε-

2183 2989 2245 3028 ro
2289 2973 2480 3042 spiritu
2508 2981 2760 3037 notatur;
2795 2986 3060 3025 conversa
3116 2979 3294 3024 autem
3346 2971 3752 3045 conjunctionis

2185 3065 2361 3119 littera
2393 3081 2428 3116 κ
2455 3062 2506 3117 in
2537 3076 2782 3132 asperam
2808 3061 3052 3131 ejusdem
3087 3061 3293 3116 ordinis
3318 3077 3372 3132 χ,
3397 3071 3523 3131 post
3567 3063 3754 3118 εΙὶεἰοσ⁵

2185 3170 2432 3226 nem,pcr
2455 3155 2849 3224 synalmpham,
2873 3153 3194 3222 diphthongi
3213 3170 3263 3205 αι
3289 3168 3443 3222 ;quae
3461 3153 3755 3223 diphthon-

2185 3261 2284 3316 gus
2338 3246 2418 3300 sic
2452 3245 2763 3299 insinuatur
2792 3243 2923 3298 elisa
2971 3244 3023 3298 in
3053 3244 3196 3298 hoc:
3247 3244 3440 3315 ἔρχομ’
3479 3245 3618 3316 ἔχων
3659 3248 3753 3300 ἐπὶ

2185 3340 2337 3408 νῆας.
2382 3335 2556 3390 liabet
2579 3345 2756 3390 autem
2783 3336 3088 3404 exemplum
3115 3335 3556 3405 antiquissimum
3591 3351 3752 3408 poeta

2185 3445 2247 3484 cx
2285 3428 2495 3497 OEdipo
2524 3443 2647 3495 rege
2693 3427 3022 3482 locutionem
3059 3428 3108 3500 χ’
3132 3429 3318 3493 αὑτοῦ,
3347 3429 3462 3483 sive
3507 3432 3596 3482 καὶ
3630 3431 3756 3486 ἐαυ-

2184 3520 2298 3578 τῆὖ.

2258 3613 2382 3668 Ml.
2414 3612 2527 3668 Vox
2556 3613 2863 3683 πάνταρχος
2889 3613 3176 3683 a'quivalet
3208 3617 3324 3670 voci
3356 3617 3758 3688 παμϐασιλεὺς,

2187 3721 2397 3761 necnon
2429 3707 2654 3761 vocibus
2687 3707 2991 3772 παντάναξ,
3032 3707 3172 3772 ἄναξ
3209 3709 3482 3776 ἀνάκτων,
3506 3711 3759 3781 βασιλεὺς

2188 3798 2473 3868 βασιλέων,
2513 3797 2700 3870 κύριος
2724 3801 3120 3868 κυριευόντων;
3159 3813 3234 3867 ει,
3295 3804 3437 3871 quod
3493 3806 3616 3873 pius
3647 3817 3753 3873 est,

2185 3892 2314 3954 Θεὸς
2349 3891 2510 3947 θεῶν.
2545 3891 2729 3947 Satius
2764 3903 2946 3951 autem
2983 3895 3166 3950 dicere
3218 3898 3532 3968 πάνταρχος
3585 3915 3684 3970 ρει·
3727 3918 3760 3952 τ

2188 3985 2331 4039 sicut
2356 3986 2655 4051 παντάναξ,
2685 4001 2846 4057 quam
2882 4001 2978 4056 per
3008 3987 3184 4043 solum
3206 4005 3254 4042 ν.
3279 3987 3435 4044 Ratio
3472 3991 3760 4046 manifesta

2186 4089 2284 4145 est,
2317 4081 2546 4150 ideoque
2566 4081 2595 4132 6
2621 4080 2966 4150 παντουργὺς
2994 4080 3176 4136 dicere
3221 4081 3289 4136 de
3349 4083 3458 4138 Deo
3517 4093 3761 4153 praestat.

2188 4189 2350 4244 quam
2404 4175 2431 4225 6
2457 4171 2805 4240 πανοῦργος,
2840 4173 2933 4241 qui
2964 4174 3285 4244 plerumque
3337 4175 3482 4230 malo
3527 4177 3762 4232 sumitur

2189 4281 2381 4322 sensu.
2436 4263 2494 4318 Si
2544 4263 2962 4319 Proverbiorum
3016 4275 3206 4322 auctor
3268 4268 3465 4322 bonam
3495 4269 3544 4324 ei
3575 4271 3766 4325 tribuit

2188 4359 2663 4430 signiﬁcationem,
2696 4357 2785 4411 hic
2823 4357 3110 4414 manifeste
3135 4350 3372 4414 videtur-
3406 4361 3630 4416 laudare
3666 4365 3763 4417 τὸν

2189 4450 2522 4521 πανοῦργον.
2560 4450 2736 4505 Simili
2762 4451 2976 4505 ratione
3010 4456 3301 4506 πανταιτῐα
3325 4453 3526 4509 dicitur
3548 4459 3765 4528 sapien-

514 4549 662 4601 αετία
700 4547 860 4616 σοφία
888 4547 1102 4615 λέγεται
1137 4549 1170 4617 ἡ
1232 4547 1322 4600 τοῦ
1360 4548 1494 4600 Θεοῦ
1530 4549 1680 4619 παρά
1708 4551 1910 4620 ἑταίρῳ
1938 4553 2080 4623 ἁγίῳ

2187 4546 2257 4599 tia
2282 4543 2375 4599 Dei
2398 4544 2538 4612 apud
2570 4544 2780 4598 socium
2837 4551 3086 4599 sanctum
3119 4545 3414 4615 melodum,
3465 4563 3573 4603 non
3631 4566 3766 4606 con-

516 4639 758 4710 μελῳδῷ,
783 4641 842 4693 οὺ
878 4639 1012 4710 πρὸς
1039 4640 1356 4693 ἀκολουθίαν
1405 4641 1497 4694 τοῦ
1551 4643 1839 4706 Παναίτιος
1896 4645 2084 4712 κυρίου

513 4733 780 4796 ὀνόματος
804 4747 817 4762 ·
853 4732 934 4784 ὅτι
974 4731 1030 4784 δὲ
1057 4733 1150 4785 καὶ
1178 4733 1302 4803 δίχα
1335 4733 1426 4786 τοῦ
1460 4751 1488 4786 τ
1522 4736 1579 4786 ὲν
1624 4738 1734 4796 τοῖς
1763 4736 2022 4800 τοιούτοις
2053 4739 2086 4807 ἡ

516 4823 658 4894 αὐτὴ
679 4824 857 4877 ἔννοια
892 4823 1120 4888 σώζεται
1149 4825 1311 4877 ὁποία
1336 4821 1402 4896 ἦν
1434 4824 1501 4878 ἂν
1540 4828 1633 4880 καὶ
1691 4828 1829 4896 μετά
1895 4829 1990 4881 τοῦ
2035 4848 2084 4896 τ,

517 4916 674 4985 δῆλον
702 4916 823 4986 δίχα
852 4915 1063 4968 πολλῶν
1103 4915 1278 4970 ἄλλων
1310 4919 1404 4970 καὶ
1453 4921 1515 4971 ἐκ
1572 4919 1667 4971 τοῦ
1720 4921 2084 4992 πανωλεθρίᾳ,

519 5009 615 5061 καὶ
639 5007 733 5061 τοῦ
765 5007 1044 5077 πανόπτην
1078 5006 1278 5059 κύκλον
1341 5007 1492 5079 ἡλίου
1550 5009 1700 5061 καλῶ
1731 5027 1744 5042 ο
1793 5013 1988 5064 ταυτὸν
2044 5011 2089 5062 δ’

521 5100 696 5152 εἰπεῖν
724 5098 813 5151 τὸν
843 5098 996 5152 πάντ’
1027 5097 1333 5169 ἐφορῶντα,
1367 5100 1458 5150 καὶ
1487 5098 1560 5160 ὡς
1589 5099 1654 5153 ἂν
1679 5101 1809 5170 φαίη
1843 5119 1926 5165 τις
1962 5120 2091 5154 παν-

522 5191 799 5258 τεπόπτην
827 5207 840 5220 ·
869 5190 1135 5260 ἄχραντος
1165 5189 1222 5242 δὲ
1251 5190 1413 5258 δόμος
1443 5192 1470 5243 6
1497 5191 1638 5261 ὑπὲρ
1704 5194 1811 5245 πᾶν
1867 5195 2092 5263 ἀρχικὸν

526 5281 795 5352 ὑπερῷον,
835 5283 863 5332 6
905 5281 1132 5350 πρέπων
1189 5279 1402 5342 πάντως
1455 5278 1594 5348 Θεῷ.
1657 5281 1907 5346 Τοιοῦτος
1951 5282 2006 5336 δὲ
2065 5285 2094 5335 6

522 5375 645 5435 ναὸς
672 5372 806 5426 Θεοῦ
833 5371 930 5437 ὣν,
956 5377 1163 5434 ἐκεῖνος
1192 5367 1339 5433 οἶκος
1368 5386 1382 5400 ·
1413 5369 1552 5425 ὥστε
1575 5374 1716 5426 κατά
1755 5373 1854 5442 τὴν
1886 5374 2092 5426 δαυιτιο

519 5467 622 5535 κήν
658 5465 915 5528 ἱκετείαν,
946 5459 1014 5536 ἦς
1046 5465 1524 5534 προεμνήσθημεν,
1550 5465 1619 5516 τά
1673 5464 1906 5518 ἐνταῦθα
1949 5466 2098 5534 γίνε-

522 5575 613 5610 ται
643 5573 657 5588 °
688 5550 1093 5620 κατασκευάζει
1133 5555 1234 5624 μὲν
1268 5555 1375 5624 γὰρ
1407 5559 1434 5608 6
1467 5556 1594 5618 Υἱὸς
1625 5557 1720 5608 καὶ
1749 5557 1879 5620 Θεὸς
1930 5558 2096 5627 δόμου

522 5648 794 5719 ἀχράντου
815 5649 940 5710 τοὺς
969 5647 1322 5710 ἀποστόλους,
1355 5646 1582 5714 καρδίαν
1611 5646 1856 5716 καθαρὰν
1899 5649 2099 5713 κτίζων

523 5743 581 5792 ἐν
612 5739 796 5802 αὐτοῖς
825 5755 838 5770 ·
872 5739 1308 5808 ὲγκατοικίζεται
1329 5736 1385 5790 δὲ
1426 5738 1567 5790 κατά
1604 5737 1696 5789 τὸν
1725 5735 1959 5806 μελῳδὸν
2005 5738 2101 5791 αύ-

524 5829 641 5884 ςόθι
672 5831 889 5901 πνεῦμα
921 5831 1097 5900 εύθὲς,
1121 5829 1479 5900 ὲγκαινισμοῦ
1510 5827 1675 5897 λόγῳ.

2189 4646 2444 4706 gruenter
2467 4637 2742 4690 adnomeu
2765 4637 3040 4704 proprium
3067 4638 3376 4703 Παναίτιος.
3406 4641 3560 4707 Quod
3580 4654 3762 4700 autem

2191 4728 2354 4780 etiam
2389 4726 2442 4780 in
2473 4728 2742 4783 similibus
2766 4729 2970 4798 absque
2994 4747 3024 4782 τ
3055 4745 3304 4786 servetur
3336 4735 3524 4788 eadem
3549 4745 3766 4790 sentcn-

2193 4820 2264 4873 tia
2289 4821 2468 4888 qualis
2490 4829 2637 4875 esset
2662 4836 2785 4876 cum
2814 4822 2915 4876 hac
2941 4823 3140 4887 littera,
3173 4833 3340 4893 patet,
3378 4836 3577 4895 praater
3607 4838 3769 4883 canc-

2193 4927 2277 4972 ra,
2311 4927 2374 4964 ex
2409 4911 2786 4981 πανωλεθρίᾳε
2824 4921 2878 4968 ct
2906 4914 3191 4985 πανόπτην
3217 4918 3404 4972 orbem
3427 4918 3558 4974 solis
3595 4935 3764 4989 voco;

2194 4999 2245 5053 id
2281 5012 2382 5064 cst,
2402 5013 2598 5058 cuncta
2630 5005 3002 5073 speculantem
3034 5022 3050 5074 ;
3083 5014 3159 5072 et,
3188 5011 3344 5077 quasi
3365 5010 3535 5074 dicas,
3568 5029 3770 5066 παντε-

2196 5091 2415 5160 πόπτην
2473 5093 2778 5166 ’Δχραντος
2804 5096 3001 5152 deinde
3030 5108 3114 5153 est
3144 5100 3307 5168 δόμος
3342 5115 3573 5172 surgens
3604 5120 3770 5174 super

2197 5196 2414 5236 omnem
2443 5187 2760 5252 primarium
2788 5188 3067 5257 ordinem,
3094 5199 3147 5246 et
3173 5193 3281 5246 Deo
3304 5209 3530 5262 prorsus
3553 5210 3771 5266 compe-

2198 5283 2340 5330 tcns.
2371 5277 2518 5332 Talis
2549 5294 2702 5344 vero,
2730 5296 2853 5346 quae
2879 5283 3141 5352 templum
3165 5282 3259 5339 Dei
3287 5295 3392 5350 est,
3417 5286 3508 5341 illa
3532 5287 3768 5354 domus;

2199 5368 2430 5436 utjuxta
2461 5367 2772 5425 Davidicam
2826 5375 3304 5443 supplicationem,
3363 5377 3430 5432 de
3458 5393 3566 5447 qua
3621 5395 3772 5436 men-

2199 5463 2400 5515 tionem
2440 5463 2689 5532 fecimus,
2714 5482 2801 5521 res
2861 5468 2934 5521 ibi
2984 5469 3136 5525 sint:
3186 5479 3340 5540 parat
3371 5473 3513 5526 enim
3547 5473 3770 5542 quidem

2199 5549 2372 5606 Filius
2397 5568 2460 5607 ac
2496 5555 2656 5621 Deus,
2684 5559 2739 5612 in
2763 5559 2985 5614 domum
3019 5560 3450 5626 immaculatam,
3474 5565 3769 5633 apostolos,

2199 5659 2296 5698 cor
2326 5647 2590 5702 mundum
2619 5663 2812 5706 creans
2843 5651 2898 5706 in
2952 5653 3062 5720 eis;
3100 5655 3367 5710 inhabitat
3392 5667 3572 5710 autem
3617 5657 3772 5728 juxta

2202 5745 2414 5805 poetam
2441 5739 2640 5794 ibidcm
2675 5741 2900 5811 spiritus
2926 5755 3126 5812 rectus,
3176 5746 3560 5803 dedicationis.

3644 5925 3769 5936 Α...
