4050 6414
400 457 512 520 659

1119 456 1164 513 E
1177 453 1470 513 UoTA'l‘Il
1485 453 1535 510 ΙΙ
1577 451 1676 510 ΤΗ
1688 451 2018 510 ESSALON
2033 451 2275 510 lCENSl
2289 453 2327 509 S
2351 454 2398 510 Μ
2413 453 2502 512 ΕΤ
2515 451 2904 512 ΒΟΡΟΙιΙΤίΕ

2157 331 2194 342 ~

3548 445 3654 505 (ἲΓο

397 566 671 636 superﬂue
701 583 850 622 nunc
872 577 1274 634 exponeretur:
1303 580 1366 617 ex
1398 564 1564 616 verbo
1595 561 1748 624 ίλάω,
1781 562 1970 620 ἱλάσω,

2086 562 2310 614 ἐνταῦθα
2333 563 2425 614 νῦν
2458 562 2748 629 ἐκτεθῆναι
2783 576 2793 589 '
2831 562 2897 613 ικ
2930 560 3022 612 τοῦ
3085 560 3239 626 ίλὰω,
3274 560 3467 619 ilico),
3540 578 3657 612 κοι-

397 657 747 712 communius
783 655 1011 710 verbum
1053 653 1261 707 ἱλάσκω
1317 651 1482 706 venit.
1537 650 1729 715 Quoad
1783 661 1966 704 autem

398 763 582 802 vocem
626 747 894 816 σωτηρία.
934 745 1075 800 scito
1107 744 1249 813 quod
1281 756 1383 794 vox
1445 741 1653 810 σωτήρ,
1689 739 1848 808 cujus
1889 748 1971 792 est

397 838 660 894 derivatio
692 838 963 907 σωτηρία,
992 851 1060 891 ex
1089 834 1368 890 extraneis
1399 832 1465 886 ad
1503 848 1590 887 res
1629 841 1853 886 nostras
1889 831 1970 882 di-

403 934 558 988 vinas
588 942 674 987 est
713 930 1144 994 deducta,-sicut
1181 937 1235 982 et
1263 926 1539 996 βασιλεύς.
1593 923 1790 978 Atticis
1823 922 1967 975 enim

396 1025 659 1095 p0pulare
690 1024 932 1094 regimen
970 1019 1414 1092 praeferentibus,
1445 1033 1542 1073 nec
1586 1025 1771 1070 tamen
1824 1012 1969 1068 haud

395 1113 774 1184 ignorantibus
800 1113 1001 1180 regiam
1032 1116 1358 1179 potestatem
1386 1108 1511 1161 aliis
1542 1105 1823 1158 meliorem
1850 1118 1972 1158 esse

396 1204 791 1274 potestatibus,
850 1201 1062 1271 Jupiter
1121 1197 1611 1270 cognominabatur
1665 1193 1968 1264 Ιβασιλεύς,

396 1297 550 1366 quasi
581 1295 779 1366 dignus
810 1311 915 1348 uou
971 1303 1118 1348 esset
1151 1294 1313 1346 homo
1357 1291 1452 1360 qui
1512 1305 1608 1341 rex
1652 1296 1798 1342 esset
1833 1287 1973 1339 inter

397 1403 580 1456 ipsos;
627 1395 681 1442 et
726 1387 906 1456 ipsum
962 1383 1323 1439 nominabant
1371 1379 1618 1448 σωτῆρα,
1666 1378 1752 1432 cui
1806 1377 1970 1430 etiam

397 1479 650 1549 κρατῆρα
684 1492 985 1547 cognomen
1038 1475 1092 1528 in
1121 1473 1388 1529 conviviis
1424 1470 1800 1540 imponebant.
1839 1466 1971 1520 Ver-

398 1571 527 1624 hum
561 1579 743 1623 autem
779 1568 1024 1636 ἔλαμψεν
1056 1577 1113 1620 ut
1146 1565 1212 1620 de
1235 1566 1349 1620 sole
1374 1561 1784 1634 pronuntiavit;
1817 1561 1970 1625 juxta

399 1675 562 1729 quem
595 1658 985 1728 augustissima
1018 1656 1244 1724 Deipara
1275 1655 1472 1710 malum
1504 1666 1608 1720 est,
1641 1668 1706 1707 ex
1755 1667 1862 1721 quo
1889 1652 1974 1718 ju-

401 1751 563 1807 stitia:
592 1749 681 1804 Sol
711 1749 907 1802 illuxit.
942 1747 1077 1802 Aliis
1110 1759 1288 1799 autem
1320 1747 1518 1810 verbis,
1568 1762 1630 1799 ex
1661 1761 1788 1815 qua,
1829 1743 1973 1796 velut

401 1845 582 1900 lucida
612 1844 788 1898 nubes
829 1851 882 1897 et
916 1844 1029 1896 haec
1060 1841 1336 1905 salutaris,
1375 1839 1709 1894 illutuinatio
1745 1837 1892 1892 venit
1921 1845 1975 1889 et

2075 652 2297 723 νότερον
2325 653 2481 723 ρἧα
2513 654 2572 704 τὸ
2604 653 2808 707 ἱλάσκω
2832 653 3061 720 γίνεται.
3101 652 3191 706 Ἑν
3218 653 3275 706 δὲ
3305 653 3380 719 τῷ
3412 655 3658 717 σωτηρτα

2077 745 2252 796 ίστέον
2281 745 2360 797 ὅτι
2387 745 2482 798 καὶ
2511 748 2539 798 6
2569 745 2781 813 Σωτὴρ,
2817 743 2877 796 οὗ
2908 747 3239 813 παρώνυμον
3291 746 3324 812 ἡ
3389 747 3656 812 σωτηρῐα.

2072 838 2138 888 ἐκ
2169 836 2280 890 τῶν
2311 836 2416 900 ἔξω
2451 837 2808 907 παρείλκυται
2835 839 2916 898 είς
2944 837 3014 890 τὰ
3042 837 3165 888 καθ’
3205 838 3352 905 ἡμᾶς
3383 835 3656 900 θειότατα,

2073 927 2218 981 καθᾶ
2249 928 2344 980 καὶ
2377 929 2403 979 6
2439 928 2714 998 βασιλεύς.
2749 927 3020 990 ’Λττικοῖς
3057 926 3164 994 γὰρ
3195 926 3658 995 δημοκρατεῖσθαι

2076 1021 2626 1090 μὲνπροῃρημένοις,
2658 1022 2758 1072 οὐκ
2809 1019 3107 1088 ὴγνοηκόσι
3143 1019 3200 1071 δὲ
3247 1020 3484 1087 κρείττω
3519 1014 3660 1072 εἶναι

2072 1113 2180 1162 τῶν
2203 1111 2377 1164 ἄλλων
2413 1113 2598 1183 ἀρχῶν
2626 1112 2723 1182 τὴν
2757 1112 3065 1181 βασιλικὴν,
3097 1102 3126 1163 6
3152 1111 3289 1174 Ζεὺς
3333 1111 3662 1162 ἐπεκαλεῖτο

2075 1203 2350 1272 βασιλεὺς,
2375 1205 2449 1266 ὡς
2482 1205 2556 1276 μὴ
2578 1205 2726 1269 ἄξιον
2748 1203 2807 1257 ὃν
2837 1203 3124 1272 ἄνθρωπον
3162 1205 3218 1255 ὲν
3260 1204 3442 1265 αὐτοῖς
3506 1203 3664 1269 βασι·-

2074 1298 2172 1350 λέα
2234 1295 2374 1351 εἶναι
2405 1315 2419 1329 ·
2485 1298 2579 1350 καὶ
2627 1298 2849 1366 σωτῆρα
2903 1297 3067 1349 αὐτὸν
3115 1295 3365 1362 ἐνόμιζον
3399 1311 3413 1326 ο
3472 1289 3517 1361 ᾧ
3567 1299 3662 1348 καὶ

2074 1391 2326 1458 κρατῆρα
2368 1391 2533 1442 ἴστων
2593 1393 2652 1440 ἐν
2712 1388 3038 1457 συμποσίοις
3089 1387 3380 1451 ἐπώνυμον
3417 1402 3432 1417 ·
3469 1388 3543 1439 T6
3604 1388 3662 1440 δὲ

2074 1481 2316 1551 ἔλαμψεν
2335 1481 2410 1544 ὼς
2432 1483 2520 1533 ἐπὶ
2551 1481 2702 1552 ἡλίου
2739 1476 2860 1532 εἷπε
2890 1495 2905 1511 ⁸
2935 1478 3056 1532 καθ’
3083 1478 3142 1532 ὃν
3177 1477 3403 1547 οὐρανὸς
3438 1478 3662 1548 ήύπέρ-

2075 1593 2241 1640 αγνος
2280 1575 2563 1637 Θεοτόκος,
2596 1573 2653 1639 ἐξ
2683 1568 2745 1626 οἶδ
2781 1575 2808 1625 6
2859 1576 2956 1640 τῆς
3015 1571 3363 1640 δικαιοσύνης
3421 1571 3662 1641 ἔλαμψεν

2080 1669 2297 1732 ⁸11λιος.
2326 1667 2534 1732 Φράσαι
2567 1666 2620 1719 δὲ
2648 1669 2734 1718 καί
2767 1667 2960 1728 ἄλλως,
2997 1665 3056 1729 ἐξ
3086 1661 3152 1733 ἧς
3179 1659 3264 1717 οἷα
3289 1666 3520 1734 νεφέλης
3552 1684 3659 1728 φω-

2074 1762 2258 1827 τεινῆς
2294 1762 2387 1814 καὶ
2421 1765 2642 1827 τοιαύτη
2678 1762 2943 1826 σωτήριος
2975 1758 3181 1826 tamen;
3233 1759 3447 1824 γέγονε.
3487 1758 3581 1809 καὶ
3636 1760 3663 1809 6

2080 1853 2341 1914 σωστικὸς
2366 1853 2523 1921 ἡμῶν
2554 1853 2707 1914 ὑετὸς
2738 1852 2947 1922 ἒρῤἀγη
2985 1852 3074 1901 ἐπὶ
3103 1850 3202 1916 γῆς
3229 1867 3240 1879 ·
3273 1848 3476 1900 Διδκαὶ
3504 1849 3663 1913 προέ-

401 1935 712 1992 salviiicans
747 1951 846 1990 nos
890 1935 1064 1989 imber
1087 1949 1254 2004 super
1307 1941 1512 1987 terram
1576 1931 1794 1997 irrupit.
1852 1929 1976 1982 ldeo

2086 1960 2228 2011 κρινε
2258 1943 2359 2012 τὴν
2391 1943 2646 2009 τοιαύτην
2677 1943 2820 2008 λέξιν
2853 1941 2945 1992 τοῦ
2973 1942 3198 2008 ἔφανας,
3249 1939 3281 2008 ἢ
3316 1939 3589 2009 πέφηνας,
3628 1955 3664 2023 η

400 2029 638 2096 pra-tulit
674 2026 984 2098 bujusmodi
1018 2026 1321 2080 dictionem
1368 2025 1492 2078 istis
1541 2041 1555 2075 ι
1607 2023 1836 2090 ἔφανας,
1885 2030 1978 2073 aut

402 2121 669 2188 πέφανας,
726 2127 823 2173 aut
860 2114 1134 2187 ἡσταψας,
1183 2127 1307 2184 (μω
1349 2123 1476 2169 sunt
1512 2114 1647 2184 ipsa:
1677 2110 1977 2180 splendida:

403 2211 688 2266 dictiones.

476 2301 601 2356 H7.
658 2299 758 2354 llic
813 2301 1039 2368 insuper
1089 2297 1480 2352 advertendum
1532 2295 1732 2350 nubem
1816 2292 1976 2346 modo

415 2402 774 2448 memoratam
810 2407 917 2445 non
960 2389 1286 2459 simpliciter
1311 2400 1532 2458 etymon
1579 2385 1778 2440 habere
1821 2383 1976 2451 juxta

407 2485 792 2556 qualecunque
825 2482 1108 2545 nehulum,
1178 2480 1344 2534 veluti
1382 2479 1590 2547 nigram
1631 2491 1695 2531 ac
1725 2473 1979 2529 tenebro-

406 2591 546 2640 sam,
581 2575 700 2650 sed,
726 2583 785 2629 ut
821 2575 892 2628 ita
925 2573 1126 2640 dicam,
1153 2571 1306 2641 juxta
1333 2571 1585 2626 nebulum
1624 2569 1824 2630 solare,
1859 2577 1978 2620 tau-

405 2683 574 2738 quam
642 2665 1066 2722 obumbrantem
1115 2665 1260 2718 intra
1328 2663 1564 2731 seipsam
1617 2659 1864 2714 veritatis
1919 2671 1981 2712 ac

405 2760 627 2826 iustitiae
659 2758 852 2813 solem.
892 2757 1006 2811 Vox
1040 2766 1223 2811 autem
1258 2757 1287 2808 6
1325 2754 1606 2823 Δεσπότης
1652 2751 1982 2807 admirative

407 2850 550 2904 dicta
583 2858 690 2916 est,
720 2848 992 2919 siquidem
1025 2848 1113 2902 hic
1143 2847 1453 2901 dominator
1481 2847 1552 2900 ita
1578 2844 1759 2898 illuxit
1780 2844 1978 2906 servis,

405 2943 545 2998 nihil
571 2942 766 2996 durum
813 2941 1132 2996 ostendens.
1168 2940 1340 2995 Dictio
1391 2955 1404 2990 :
1440 2953 1504 2993 ex
1552 2935 1800 3004 Virgine,
1835 2936 1982 3003 τοκί-

407 3045 526 3090 tare
554 3034 796 3104 suggerit
827 3033 1049 3088 verbum
1083 3032 1354 3102 ἔλαμψας,
1411 3047 1518 3084 ιιοη
1580 3044 1742 3085 secus
1791 3045 1851 3084 ac
1897 3029 1982 3082 ln-

408 3135 669 3182 carnatus
700 3141 760 3180 es
797 3141 826 3179 e
856 3124 1078 3194 Virgine
1109 3125 1352 3192 puritate
1400 3121 1756 3189 splendente;
1794 3119 1984 3189 sicque

407 3220 619 3274 lumine
642 3219 838 3274 salutis
868 3233 969 3273 nos
997 3218 1050 3272 iu
1081 3224 1432 3287 peccatorum
1460 3214 1697 3270 tenebris
1737 3211 1982 3280 jacentes

2080 2034 2387 2104 ἧττραψας,
2414 2035 2466 2088 αἳ
2496 2035 2714 2102 φαειναὶ
2747 2035 2838 2085 καὶ
2867 2032 3030 2086 αύταί
3084 2033 3190 2085 εἰσι
3246 2031 3445 2098 λέξεις.

2155 2299 2300 2369 ρμζ’.
2336 2297 2807 2368 Παρασημαντέον
2845 2296 2889 2349 δ’
2938 2296 3170 2349 ἐνταῦθα
3225 2296 3324 2364 τὴν
3381 2295 3668 2364 προσεχῶς

2085 2390 2563 2459 μνημονευθεῖσαν
2581 2389 2815 2455 νεφέλην
2867 2388 2964 2456 οὐχ
3003 2387 3186 2446 ἁπλῶς
3218 2386 3669 2453 ἑτυμολογείσθαι

2082 2483 2230 2536 κατά
2257 2499 2307 2534 τι
2337 2483 2498 2548 νέφος
2519 2482 2578 2532 τὸ
2627 2481 2952 2550 προστυχὸν.
2983 2475 3070 2533 οἷα
3103 2480 3368 2547 δνοφεράν
3424 2495 3546 2530 τινα
3572 2480 3671 2530 καὶ

2085 2576 2438 2638 σκοτᾶεσσαν,
2473 2573 2588 2627 ἀλλ’
2615 2574 2689 2636 ὡς
2713 2573 2884 2636 οὕτως
2916 2574 3091 2624 εἰπεῖν
3121 2573 3464 2640 φερωνύμως
3505 2571 3670 2638 νέφος

2083 2668 2282 2736 ἡλιόεν,
2311 2664 2400 2720 οἷα
2428 2667 2663 2720 σκιάσαν
2699 2665 2844 2718 ἔνδον
2893 2663 3058 2716 αὐτοῦ
3109 2665 3200 2719 τὸν
3251 2663 3352 2732 τῆς
3409 2661 3671 2729 ἀληθείας

2083 2763 2177 2814 καὶ
2195 2758 2544 2827 δικαιοσύνης
2567 2757 2722 2829 ἥλιον
2753 2773 2768 2790 ⁸
2796 2759 2858 2809 τδρ
2910 2757 2968 2810 δὲ
3002 2757 3030 2808 6
3061 2757 3331 2824 δεσπότης
3370 2755 3673 2823 θαυμαστι-

2085 2854 2196 2916 κῶς
2236 2851 2478 2923 εἴρηται,
2513 2852 2563 2904 εί
2590 2853 2617 2902 6
2651 2850 2920 2918 δεσπότης
2961 2849 3106 2902 οὕτω
3137 2849 3345 2916 λάμπει
3397 2849 3509 2905 τοῖς
3551 2847 3672 2900 δού-

2084 2945 2194 3005 λοις
2261 2941 2426 3011 μηδέν
2454 2959 2504 2993 τι
2567 2939 2934 3008 παραδεικνὺς
2966 2936 3328 3007 ἀγριώτατον.
3359 2935 3451 2995 ιτὸ
3499 2937 3557 2990 δὲ
3603 2939 3670 2991 ὲκ

2084 3036 2182 3103 τῆς
2208 3033 2487 3102 Παρθένου
2525 3035 2666 3084 νοεῖν
2699 3016 2992 3083 ὑποϐάλλει
3045 3029 3108 3082 τὸ
3163 3029 3436 3096 ἐλαμψας,
3485 3029 3672 3097 ὅμοιον

2083 3129 2164 3198 τῷ
2221 3125 2546 3198 ὲσαρκώθης
2604 3125 2662 3188 ἐξ
2726 3122 3091 3190 ἀειπαροένου
3145 3119 3545 3189 φωσφορούσης
3600 3121 3670 3188 τῇ

2091 3221 2286 3291 ἁγνείᾳ
2316 3236 2330 3251 ·
2360 3217 2455 3274 καὶ
2483 3216 2626 3271 οὕτω
2657 3216 2798 3284 φωτὶ
2833 3213 3102 3283 σωτηρίας
3135 3214 3282 3281 ἡμᾶς
3315 3212 3440 3265 τοὺς
3469 3213 3524 3263 ἐν
3548 3210 3672 3262 σκό-

408 3308 850 3366 (εἰτουιιιίιιιείεῑί.
873 3307 973 3360 PtPl‘
1005 3308 1415 3376 ρτρτθεείοῐιοῐη
1449 3321 1576 3360 vero
1599 3305 1709 3358 τῶν
1743 3304 1984 3372 στέρνων
2015 3284 2058 3344 C
2089 3284 2172 3368 τέι
2200 3284 2489 3382 ἀραρτιῶν
2513 3295 2896 3377 περιήύγασας
2926 3322 2940 3336 ο
2975 3305 3061 3358 διὰ
3090 3305 3198 3356 τῶν
3227 3303 3461 3373 στέρξων
3494 3303 3549 3353 δὲ
3575 3301 3674 3356 τοῆ

408 3399 503 3454 τοῦ
535 3401 762 3471 κήτους,
795 3400 968 3470 ipsius
1005 3409 1274 3464 ventrem,
1335 3408 1393 3452 ut
1439 3407 1688 3451 materno
1720 3410 1872 3448 more
1923 3394 1985 3446 li-

410 3492 592 3559 cebat,
627 3493 920 3564 signiﬁcat.
974 3491 1208 3546 Prorsus
1267 3501 1446 3545 autem
1485 3485 1800 3556 hujusmodi
1865 3500 1988 3554 pec-

410 3585 626 3640 toribus
670 3600 733 3639 ac
764 3592 977 3648 ventre,
1033 3598 1155 3652 quae
1187 3588 1318 3638 sunt
1349 3580 1547 3635 iuferui
1582 3578 1810 3649 figurate
1843 3578 1988 3647 cogi-

413 3677 576 3732 tanda
626 3684 792 3742 sunt;
851 3673 997 3730 unde
1053 3674 1182 3743 fuga
1238 3673 1454 3728 liberati
1525 3670 1987 3728 resurrectionem

413 3767 784 3832 obtinuimus;
841 3775 895 3820 et
952 3766 1137 3834 aliquo
1190 3764 1354 3819 modo
1406 3763 1536 3818 dicit
1583 3779 1597 3816 :
1645 3763 1917 3829 Quoniam
1960 3777 1990 3815 e

414 3867 608 3912 ventre
661 3855 915 3924 virginali
947 3855 1092 3910 sicut
1141 3853 1223 3908 sol
1273 3852 1527 3917 illuxisti,
1561 3852 1875 3907 dominator
1929 3866 1992 3904 ac

415 3949 669 4004 Salvator
691 3945 925 4009 Christe,
951 3944 1020 4000 de
1037 3953 1227 3999 ventre
1261 3941 1462 3997 inferni
1486 3939 1772 3996 mortifero
1802 3940 1990 3994 eruisti

416 4055 546 4104 nos,
575 4040 731 4110 juxta
763 4047 996 4092 veterem
1044 4044 1230 4107 typum
1264 4034 1545 4104 prophetae
1591 4029 1763 4086 Jon.e.
1801 4029 1994 4085 Scien-

417 4133 546 4186 dum
613 4138 794 4184 autem
845 4128 991 4198 quod
1041 4141 1140 4197 pro
1191 4125 1430 4195 στέρνων
1484 4123 1670 4179 dicere
1724 4123 1995 4193 potuisset

427 4223 774 4292 σπλάγχνων,
801 4219 904 4276 nisi
938 4220 1047 4287 jam
1083 4218 1150 4272 ab
1184 4217 1290 4272 alio
1324 4216 1539 4271 melodo
1567 4221 1873 4285 praeventus
1907 4229 1995 4270 es.

417 4328 522 4373 set.
557 4317 686 4373 Vide
723 4331 853 4372 vero
899 4315 1193 4370 dictionem
1233 4333 1246 4370 :
1281 4313 1492 4383 φθορᾶς
1538 4312 1879 4381 διαρπάσας,
1929 4311 1996 4366 de

421 4413 706 4467 Salvatore
753 4409 972 4464 Christo
1012 4422 1241 4478 prorsus
1304 4405 1500 4460 festive.
1557 4404 1996 4474 liducialiterque

418 4503 718 4560 adhibitam
752 4515 766 4552 :
797 4500 892 4570 qui
927 4500 1071 4552 enim
1119 4497 1465 4568 praevalentis
1493 4496 1625 4551 olim
1666 4506 1858 4552 contra
1896 4511 1996 4552 nos

418 4596 590 4668 spolia
619 4593 869 4663 diripuit.
907 4605 1016 4644 non
1057 4588 1410 4659 praetermisit
1451 4587 1582 4658 quin
1621 4588 1785 4642 etiam
1821 4586 1992 4640 Adam

419 4705 440 4745 ε
484 4686 841 4757 corruptione
874 4683 1186 4752 subriperet
1233 4701 1249 4737 :
1299 4681 1542 4750 Optimus
1574 4689 1758 4749 raptor
1789 4687 1842 4734 et
1878 4679 1995 4747 ipse

419 4779 603 4836 vocari
636 4786 950 4840 contentus,
982 4775 1075 4839 qui
1126 4789 1226 4828 nos
1275 4772 1487 4838 docuit,
1525 4781 1723 4841 pra-ter
1753 4771 1860 4824 alia
1908 4785 1997 4824 sa-

421 4871 639 4937 iutaria,
672 4883 866 4940 rapere
913 4876 1149 4935 tempus,
1181 4863 1350 4933 quod,
1379 4863 1518 4917 sicut
1545 4862 1744 4932 aliquis
1770 4862 1995 4930 sapiens

421 4963 581 5030 dixit,
601 4957 1034 5032 pretiosissimas
1062 4967 1146 5011 est
1181 4965 1456 5025 sumptus.
1481 4953 1679 5008 Notum
1707 4965 1791 5009 est
1813 4967 1993 5009 autem

421 5059 618 5126 lingua:
667 5054 860 5124 peritis
901 5050 1049 5121 quod
1086 5051 1147 5102 τὸ
1194 5049 1465 5120 ἁρπάζειν
1504 5050 1747 5114 leonum,
1782 5049 1998 5117 [cepar-

424 5150 641 5212 dorum,
702 5147 1050 5213 aliorumque
1108 5141 1369 5196 similium
1426 5143 1712 5212 proprium
1760 5142 1996 5209 positum

425 5249 526 5296 est.
566 5238 681 5294 lloc
715 5249 899 5292 autem
934 5252 950 5290 :
985 5236 1186 5290 Totum
1237 5234 1432 5298 Adam,
1475 5232 1665 5288 referri
1704 5241 1881 5302 patcst
1931 5232 1997 5287 ad

425 5335 473 5388 td
499 5351 514 5388 :
540 5334 785 5400 lapsum;
814 5341 875 5384 ut
902 5328 1234 5397 intelligatur
1260 5327 1446 5396 lapsus
1469 5327 1637 5382 Adam
1670 5334 1840 5388 totus,
1872 5328 1998 5381 ani-

426 5442 510 5481 tua
543 5422 762 5493 quidem
805 5421 875 5476 ob
921 5427 1232 5490 peccatum,
1296 5431 1527 5487 corpore
1582 5431 1709 5471 vero
1775 5427 1999 5486 propter

425 5515 934 5573 condemnationem
992 5512 1056 5565 ad
1108 5519 1376 5574 mortem;
1409 5509 1567 5578 cujus
1603 5509 1854 5562 liheratio
1887 5525 1991 5560 non

425 5620 541 5666 erat
581 5610 685 5665 nisi
738 5623 835 5678 per
869 5602 1168 5658 Salvatoris
1203 5603 1374 5656 nostri
1412 5600 1538 5655 Jcsu
1575 5601 1778 5658 Christi
1813 5617 1996 5656 resur-

425 5703 745 5756 rectionem.

499 5793 621 5847 148.
657 5790 967 5846 Notandum
1035 5799 1216 5842 autem
1258 5786 1399 5854 quod
1457 5783 1838 5839 sanctissimus
1895 5783 1998 5835 Da-

430 5894 720 5940 masccnus
757 5883 960 5952 lapsam
989 5889 1234 5936 nostram
1282 5889 1532 5933 naturam
1573 5876 1996 5945 rediutcgratam

2091 3407 2290 3472 κήτους
2318 3404 2417 3465 τὴν
2445 3400 2658 3455 ἐκείνου
2689 3399 2899 3452 κοιλίαν
2943 3398 3019 3460 ὡς
3085 3397 3368 3465 μητρικῶς
3414 3393 3676 3465 ἐνεχώρει

2089 3496 2261 3565 δηλοῖ.
2328 3493 2552 3555 Πάντως
2583 3492 2638 3545 δὲ
2667 3491 2910 3558 στέρνοις
2939 3490 3044 3542 καὶ
3104 3489 3282 3558 κοιλίᾳ
3338 3486 3560 3557 τοιαύτῃ
3603 3488 3676 3542 τὰ

2091 3588 2232 3642 κατὰ
2260 3587 2351 3640 τδν
2378 3586 2512 3657 ᾅδην
2543 3583 2832 3638 εἰκαστέον
2871 3600 2882 3613 ·
2917 3582 3042 3636 ὅθεν
3073 3583 3344 3650 φυγόντες
3399 3579 3671 3649 ἐτύχομεν

2090 3683 2441 3744 ἀναστάσεως
2472 3697 2486 3712 ·
2518 3679 2610 3733 καί
2648 3695 2766 3740 πως
2803 3677 2956 3744 λέγει
2983 3677 3064 3730 ὅτι
3111 3676 3176 3726 ἐκ
3204 3673 3536 3744 παρθενικῆς
3562 3690 3680 3726 κοι-

2091 3778 2212 3839 λίας
2246 3773 2466 3844 λάμψας
2496 3767 2540 3826 ὣ
2568 3773 2817 3825 Δέσποτα
2839 3769 3027 3840 Σῶτερ
3053 3767 3260 3838 Χριστὲ
3286 3764 3584 3836 ὴλιοειδῶς,
3609 3767 3678 3818 ὲκ

2095 3867 2306 3929 κοιλίας
2332 3865 2462 3937 ᾅδου
2487 3865 2802 3934 θανατηρᾶς
2825 3861 3132 3926 ὲξέσπασας
3164 3861 3336 3926 ἡμᾶς,
3379 3858 3522 3912 κατὰ
3583 3858 3679 3910 τὸν

2095 3962 2262 4014 πάλαι
2293 3959 2424 4013 ποτὲ
2457 3957 2629 4012 τύπον
2663 3957 2756 4010 τοῦ
2819 3954 3106 4025 προφήτου
3141 3952 3318 4007 Ἰωνᾶ.
3364 3950 3561 4003 ’ἰστέον
3615 3948 3676 4002 δὲ

2093 4055 2175 4107 ὅτι
2206 4052 2265 4106 τὸ
2289 4053 2524 4119 στέρνων
2555 4047 2669 4119 εἷχε
2702 4047 3032 4115 σπλάγχνων
3063 4045 3258 4103 εἰπεῖν,
3291 4044 3338 4094 εί
3369 4041 3442 4111 μὴ
3468 4057 3676 4110 προκαα

2093 4144 2338 4214 τελήφθη
2373 4144 2547 4212 ἑτέρῳ
2580 4140 2827 4211 μελῳδῶ.
2863 4139 3007 4209 Ὅρα
3040 4136 3096 4190 δὲ
3117 4135 3180 4189 τὸ
3209 4135 3416 4204 φθορᾶς
3443 4131 3681 4201 διαρπά-

2097 4255 2198 4300 σας
2243 4237 2389 4290 πάνυ
2435 4233 2669 4296 ἀστείως
2717 4231 2908 4301 λεχθὲν
2969 4230 3065 4282 καὶ
3116 4227 3540 4297 τεθαρρημένως
3583 4225 3680 4277 ἐπὶ

2098 4332 2348 4400 Σωτῆρος
2376 4327 2638 4392 Χριστοῦ.
2680 4327 2742 4379 '0
2773 4324 2883 4393 γὰρ
2922 4322 2989 4376 τὰ
3013 4320 3183 4372 σκῦλα
3214 4319 3307 4371 τοῦ
3351 4317 3475 4370 καθ’
3515 4316 3680 4386 ἡμῶν

2099 4444 2229 4479 ποτε
2259 4422 2488 4478 δυνατοῦ
2526 4421 2804 4492 ἁρπάσας,
2842 4418 2943 4470 οὐκ
2977 4415 3216 4485 ἐμέλησε
3248 4413 3345 4467 καὶ
3372 4411 3462 4465 τὸν
3505 4410 3683 4479 ’Δδᾶμ

2097 4519 2196 4587 τῆς
2227 4515 2433 4587 φθορᾶς
2467 4513 2797 4584 ἀφαρπάσαι
2833 4527 2848 4542 ο
2885 4507 3072 4578 ἅρπαξ
3103 4505 3327 4574 ἄριστος
3377 4503 3681 4572 εὐδοκήσας

2027 4627 2077 4686 D
2101 4607 2371 4674 κληθῆναι
2396 4606 2490 4658 καὶ
2521 4605 2685 4664 αὑτός
2710 4619 2724 4635 ο
2759 4602 2816 4665 ὃς
2850 4601 2946 4654 καὶ
2972 4600 3122 4669 ἡμᾶς
3171 4594 3411 4660 ἐδίδαξεν
3443 4593 3576 4648 ἄλλα
3621 4611 3682 4645 τε

2103 4697 2372 4768 ἁρπάζειν
2408 4697 2652 4767 σωτήρια
2685 4695 2778 4748 καὶ
2806 4693 2968 4746 αὑτὸν
2994 4691 3085 4743 τὸν
3122 4685 3334 4757 καιρὸν,
3392 4684 3484 4737 τὸν
3538 4683 3685 4736 καθά

2102 4807 2188 4852 τις
2215 4789 2318 4858 ἔφη
2358 4785 2544 4856 σοφὸς,
2574 4784 3037 4838 πολυτελέστατον
3074 4779 3394 4844 δαπάνημα.
3433 4773 3684 4829 Γνωστὸν

2100 4880 2158 4933 δὲ
2185 4882 2296 4942 τοῖς
2322 4881 2450 4948 περὶ
2486 4877 2680 4945 λόγους
2717 4876 2800 4928 ὃτι
2848 4873 2909 4925 τὸ
2967 4868 3240 4939 ἁρπάζειν
3293 4867 3544 4928 λεόντων,
3587 4865 3685 4917 καὶ

2101 4972 2442 5043 παρδάλεων,
2466 4972 2562 5023 καὶ
2587 4967 2762 5023 ἄλλων
2787 4968 2895 5019 τῶν
2925 4964 3045 5018 κατ’
3080 4961 3218 5015 αὖτὰ
3249 4961 3382 5012 ἴδιον
3404 4957 3643 5010 τέθειται
3665 4973 3682 4988 ο

2100 5067 2162 5120 τὸ
2189 5065 2246 5120 δὲ
2268 5065 2388 5118 ὅλον
2416 5063 2510 5139 τδν
2551 5060 2724 5130 Ἀδάμ
2771 5058 3000 5110 δύναται
3026 5050 3446 5117 διαόιὸασοῆναι
3477 5048 3572 5101 καὶ
3603 5048 3686 5110 είς

2099 5160 2180 5223 τὸ,
2210 5138 2539 5210 πεπτωκότα
2564 5168 2579 5184 ⁶
2617 5152 2708 5204 ἴνα
2737 5151 2927 5219 νοῆται
2952 5142 3240 5204 πεπτωκὸς
3265 5143 3294 5194 6
3326 5140 3497 5210 Ἀδὰμ
3537 5138 3679 5202 ὅλος,

2100 5253 2245 5321 ψυχῇ
2279 5249 2378 5320 μὲν
2408 5248 2496 5301 διὰ
2543 5245 2605 5298 τὸ
2652 5240 3056 5314 ἡμαρτηκέναι,
3111 5235 3326 5304 σώματι
3376 5232 3434 5285 δὲ
3481 5231 3571 5284 διὰ
3622 5231 3684 5282 τὶ

2103 5341 2502 5411 κατακριθῆναι
2533 5337 2768 5391 θάνατον
2794 5350 2808 5364 ο
2842 5331 2902 5385 οὗ
2931 5332 3205 5397 λύτρωσις
3256 5326 3356 5378 ιύκ
3386 5319 3452 5394 ἦν
3502 5325 3549 5376 εἰ
3607 5322 3684 5392 μὴ

2101 5435 2188 5487 διὰ
2219 5433 2317 5500 τῆς
2349 5429 2445 5484 τοῦ
2478 5428 2731 5497 Σωτῆρος
2755 5423 2914 5494 ἡμῶν
2953 5417 3129 5488 Ἰησοῦ
3185 5412 3425 5484 Χριστοῦ
3488 5411 3683 5476 ἐξανα-

2105 5541 2318 5579 στασεω
2336 5541 2370 5577 ⁸.

2180 5791 2325 5854 ρμη’.
2359 5784 2674 5852 Σημείωσαι
2707 5781 2762 5833 δὲ
2792 5782 2872 5834 ὅτι
2903 5781 2928 5832 6
2991 5779 3088 5847 μὲν
3141 5776 3441 5842 ἁγιώτατος
3507 5776 3686 5840 Δαμα-

2109 5877 2302 5945 σκηνὸς
2330 5879 2426 5946 τὴν
2450 5879 2806 5930 πεπτωκυῖαν
2843 5870 2999 5939 ἡμῶν
3031 5867 3195 5936 φύσιν
3253 5860 3688 5930 ἁνοικοδομηθῆ·
