4050 6416
408 461 509 528 tibi

1221 470 1309 534 IN
1337 474 1670 541 IIYMNUM
1716 474 2367 536 PENTECOSTAIEM
2416 476 2877 538 DAMASCENI-

3557 474 3664 538 οδε

410 598 501 634 ναι
531 573 686 632 εἷπεν
713 580 1048 645 ἀναστάντος
1088 580 1204 648 τοῦ,
1227 581 1303 646 ὡς
1328 585 1356 637 ὁ
1403 584 1591 647 Ἰωνᾶς
1618 583 1992 655 προδιετύπω-
2019 592 2035 639 J

2119 582 2268 637 ‘uisse
2312 583 2470 647 dixit,
2531 594 2869 653 resurgente,
2911 582 3028 654 qui,
3088 582 3233 639 sicut
3282 580 3452 639 Jonas
3490 579 3665 651 praili‘

413 690 496 735 σε,
528 673 790 735 παθόντος
818 673 913 726 καὶ
946 677 1090 743 ταφῇ
1116 674 1363 739 δοθέντος
1394 679 1492 731 καὶ
1511 680 1570 731 ὲν
1595 682 1663 748 τῇ
1691 677 1871 748 κοιλίᾳ
1893 678 1990 744 τῆς

410 765 517 835 τῆς
544 766 837 834 γενομένου
865 766 1102 834 Χριστοῦ
1135 785 1149 799 ο
1177 771 1211 840 ἡ
1248 769 1305 823 δὲ
1338 769 1588 841 παροῦσα
1615 770 1727 842 ᾠδὴ
1753 769 1991 838 σωθῆναί

414 876 582 928 φησιν
608 858 1009 929 ἀφαρπαγέντα
1056 860 1262 931 φθορᾶς
1290 862 1382 914 τὸν
1420 863 1593 931 Ἀδὰμ
1640 863 1989 928 πεπτωκότα,

414 950 656 1020 Χριστοῦ
685 951 1002 1022 λάμψαντος
1046 955 1111 1007 ὲκ
1138 957 1239 1025 τῆς
1274 954 1660 1024 Ἀειπαρθὲνου
1687 971 1700 985 ·
1741 953 1994 1018 δεξιώτα-

414 1058 486 1097 τα
505 1042 604 1111 τῆς
637 1042 901 1114 μελῳδίας
927 1045 1274 1114 ἀνατιθείσης
1304 1046 1365 1100 τὸ
1391 1044 1525 1098 αὐτὸ
1553 1044 1720 1099 καλὸν
1751 1044 1868 1098 ἐκεῖ
1894 1043 1995 1112 μὲν

414 1138 482 1206 τῇ
505 1137 770 1208 θεοσώμῳ
797 1140 942 1207 ταφῇ
988 1138 1083 1192 τοῦ
1115 1139 1352 1209 Χριστοῦ
1404 1142 1471 1208 τῇ
1528 1140 1992 1208 ὲπισιρραγιστικῇ

416 1225 519 1294 τῆς
549 1227 708 1295 ἡμῶν
755 1230 1029 1298 σωτηρίας
1061 1242 1077 1257 ⁸
1130 1229 1365 1284 ἐνταῦθα
1429 1230 1488 1283 δὲ
1536 1232 1602 1301 τῇ
1652 1230 1994 1300 καταρκτικῇ

419 1316 515 1372 τοῦ
540 1320 784 1389 σωθῆναι
809 1320 871 1372 τὺ
893 1322 1182 1386 ἀδαμιαῖον
1216 1320 1449 1392 φύραμα
1480 1323 1733 1391 γεννήσει
1759 1321 1993 1374 ὲκείνου³

420 1411 480 1462 ἐν
502 1407 582 1473 οἷς
609 1412 807 1464 ταυτόν
836 1412 981 1465 ἐστιν
1008 1412 1072 1464 ἐκ
1102 1413 1226 1482 χοὸς
1273 1415 1451 1466 εἰπεῖν
1494 1411 1995 1481 ἀνοικοδομηθῆναι

419 1503 520 1571 τὴν
552 1503 672 1555 κατ’
700 1502 985 1572 ἄνθρωπον
1013 1502 1220 1566 οὐσίαν,
1249 1505 1275 1556 ὅ
1330 1506 1450 1558 ἐστι
1501 1503 1663 1571 φύσιν
1714 1500 1854 1556 κατὰ
1907 1499 1997 1554 τδν

422 1591 808 1662 Δαμασκηνὸν,
832 1595 929 1646 καὶ
960 1595 1025 1647 ἐκ
1083 1592 1291 1663 φθορᾶς
1344 1595 1660 1664 ἀρπαγῆναι
1719 1592 1810 1645 cev
1876 1593 1998 1646 ὅλον

436 1680 607 1750 ’Λδεμ
627 1698 640 1710 ·
682 1682 1104 1752 συμσιϐάζοντος
1130 1683 1225 1738 τοῦ
1258 1685 1450 1756 εἱρμοῦ
1483 1686 1578 1738 καὶ
1624 1684 1685 1737 τὸ
1716 1684 1857 1739 κατὰ
1908 1682 1999 1737 τὸν

439 1774 646 1839 Ἶωνᾶιι,
670 1776 750 1835 εἰς
785 1792 907 1828 τινα
941 1776 1134 1843 ὁμοίαν
1172 1778 1367 1849 ἐκείνῳ
1394 1777 1628 1839 ἔννοιαν,
1669 1776 1745 1839 ὡς
1777 1774 1999 1830 δύναται

2093 675 2332 742 gnravit,
2371 690 2569 745 passus
2606 687 2689 732 est
2719 689 2772 732 et
2804 678 3010 731 tumulo
3043 677 3285 733 creditus
3313 683 3367 732 et
3392 675 3447 732 in
3474 681 3663 730 ventre

2092 776 2252 822 terrae
2313 769 2544 837 positus,
2584 768 2847 824 Christo:
2905 784 3143 839 praesens
3192 781 3376 824 autem
3436 779 3657 822 carmen

2095 857 2306 926 lapsum
2360 859 2555 923 Adam,
2603 875 2635 913 e
2672 860 3021 927 corruptione
3082 867 3322 927 raptum,
3372 856 3448 911 ait
3494 856 3663 911 fuisse

2095 950 2391 1013 salvatum,
2439 966 2563 1006 cum
2612 950 2867 1008 Christus
2898 966 2927 1006 e
2973 965 3189 1019 semper
3223 948 3446 1019 Virgine
3497 949 3660 1015 luxit,

2096 1042 2326 1099 melodis
2363 1042 2501 1099 idem
2537 1043 2737 1099 bonum
2766 1044 3050 1100 commode
3091 1043 3364 1098 tribuente
3402 1041 3511 1096 illic
3542 1041 3666 1111 qui-

2095 1133 2218 1188 dem
2254 1135 2565 1191 venerando
2615 1136 2819 1191 Christi
2909 1134 3163 1204 sepulcro
3216 1133 3413 1190 salutis
3467 1142 3669 1188 nostrte

2096 1226 2308 1296 sigillo;
2336 1227 2426 1282 hic
2472 1236 2651 1282 autem
2686 1226 2966 1296 incipienti
3008 1241 3242 1281 massam
3296 1225 3655 1279 Adamiticam

2097 1321 2328 1382 salvare,
2380 1316 2648 1373 nativitati
2699 1318 2820 1388 ejus
2867 1317 2972 1371 :in
3024 1316 3223 1386 quibus
3258 1317 3399 1371 idem
3453 1325 3536 1372 est
3594 1331 3660 1368 ex

2100 1412 2269 1466 humo
2297 1419 2658 1466 restauratam
2684 1410 2852 1466 fuisse
2880 1410 3240 1466 substantiam
3275 1408 3537 1471 hominis,
3564 1410 3669 1463 hoc

2097 1512 2203 1564 est.
2261 1511 2537 1567 naturam,
2579 1502 2735 1571 juxta
2778 1504 3198 1563 Damascenmn,
3256 1508 3310 1554 et
3357 1514 3423 1555 ex
3480 1516 3673 1555 corru-

2100 1595 2283 1664 ptione
2336 1594 2506 1648 fuisse
2548 1603 2762 1663 raptum
2812 1602 2987 1647 totum
3019 1592 3189 1646 Adam
3234 1591 3388 1660 juxta
3450 1606 3673 1655 nexum,

2098 1684 2193 1754 qui
2226 1683 2371 1751 quod
2416 1683 2484 1738 ad
2506 1681 2700 1738 Jonam
2758 1684 2990 1748 attinet,
3051 1682 3295 1738 com-init
3344 1681 3559 1736 cuidam
3599 1683 3675 1737 illi

2100 1775 2266 1831 simili
2317 1775 2623 1839 sententiae,
2681 1781 2740 1828 ut
2792 1777 3082 1844 concipere
3121 1784 3304 1844 potest
3361 1774 3415 1827 in
3474 1771 3681 1828 divinis

425 1867 783 1924 διασκευάσαι
818 1873 845 1925 ὁ
876 1871 944 1925 τὰ
972 1871 1093 1926 θεῖα
1121 1873 1308 1937 σοφός.
1339 1873 1501 1923 Δοκεῖ
1535 1870 1592 1923 δὲ
1634 1872 1667 1940 ἢ
1727 1869 1829 1940 μὲν
1883 1869 2002 1922 ἐκεῖ

2119 1870 2349 1940 sapiens.
2386 1869 2614 1927 Videtur
2663 1880 2847 1925 autem
2907 1869 3021 1925 illic
3062 1879 3188 1939 post
3230 1882 3416 1924 casum
3467 1874 3680 1923 restan-

430 1960 571 2031 μετὰ
607 1963 815 2016 πτῶσιν
841 1964 1327 2034 ἀνοικοδομηθεῖσα
1396 1965 1515 2018 θεία
1572 1964 1752 2029 οὐσία,
1802 1962 2004 2029 πτῶμα

2119 1972 2230 2018 rata
2257 1962 2441 2018 divina
2472 1954 2807 2030 substantia,
2844 1970 3161 2018 terrestrem
3195 1975 3385 2016 casum
3420 1960 3475 2014 in
3501 1960 3681 2030 ipsum

427 2054 610 2124 χοῖκδν
639 2054 837 2126 δηλοῦν
865 2057 926 2109 τὸ
954 2057 1032 2119 είς
1067 2058 1231 2112 αὑτδν
1264 2060 1356 2112 τὸν
1384 2056 1519 2129 ᾅδην
1545 2071 1558 2087 ·
1589 2058 1620 2110 ὁ
1664 2055 1721 2109 δὲ
1750 2056 1826 2120 ὡς
1852 2054 1975 2123 εῐρη
1993 2081 2008 2093 -

426 2159 519 2197 ται
552 2145 856 2208 πεπτωκὼς
899 2146 1095 2215 Ἀδὰμ,
1129 2147 1412 2216 ἔμπτωσιν
1464 2146 1540 2209 ὡς
1610 2146 1692 2209 είς
1731 2144 1864 2216 ᾅδην
1910 2143 2010 2206 τὴν

428 2235 640 2289 κοιλίαν
659 2233 753 2290 τοῦ
785 2237 987 2308 κήτους
1021 2253 1036 2268 ·
1073 2240 1154 2294 είς
1193 2238 1248 2291 δὲ
1272 2239 1338 2315 rb
1373 2238 1630 2307 παγγενῆ
1684 2235 2010 2308 χρησιμεύει

428 2326 574 2382 κατά
595 2345 654 2381 τε
682 2329 903 2402 γραφὴν
938 2331 1030 2383 καὶ
1058 2332 1180 2384 κατ’
1212 2330 1477 2404 ἔννοιανή
1509 2330 1825 2402 ψαλλομένη
1865 2344 2009 2397 παγ-

429 2421 592 2491 γενὴς
629 2422 843 2495 κατάρα
868 2425 968 2493 τῆς
996 2425 1368 2496 προμήτορος.

647 2514 975 2585 Τροπάριον
999 2516 1236 2584 πρῶτον
1263 2515 1370 2586 τῆς
1405 2515 1584 2583 ἕκτης
1611 2513 1797 2584 ᾠδῆς.

432 2603 552 2663 XV.
587 2605 833 2678 Ἰμερτὸν
860 2609 994 2678 ἡμῖν
1022 2609 1177 2672 εὺθὲς
1211 2611 1269 2662 ὲν
1301 2612 1414 2672 τοῖς
1442 2608 1699 2678 ὲγκᾶτοις

572 2698 814 2761 Αίωνίως
844 2698 1025 2766 ἕξουσι
1055 2699 1275 2770 πνεῦμα
1301 2702 1584 2769 καινίσοις,

525 2809 532 2818 ·
578 2791 1089 2862 Πατροπροὸλήτως
1139 2792 1372 2845 πάντοτε
1433 2790 1800 2861 ξυνημμένον,

579 2884 753 2954 Ὕλης
784 2883 1054 2954 ἀπεχθοῦς
1080 2883 1379 2947 καυστικδς
1419 2883 1802 2954 μολυσμάτων,

591 2978 794 3033 Ῥύπου
825 2997 884 3033 τε
920 2979 1121 3042 παντὸς
1146 2979 1408 3050 ῥυπτικὸν
1435 2978 1838 3046 παντοκράτορ.

510 3069 656 3141 ρμθ’.
696 3070 971 3140 Καθαρῶς
997 3070 1057 3122 τὸ
1093 3069 1266 3139 natva
1300 3069 1598 3140 τροπάριον
1625 3072 1725 3139 τὴν
1771 3069 1873 3138 ,τῆς
1928 3069 2016 3121 ὲν-

437 3164 587 3227 νοίας
609 3163 864 3233 ἀφορμὴν
886 3163 952 3215 ὲκ
980 3160 1073 3215 τοῦ
1099 3161 1378 3231 πανσόφου
1407 3161 1519 3231 ἔχει
1540 3159 1730 3226 Δαῦὶδ,
1779 3159 1841 3213 οῦ
1896 3159 2014 3213 θεοο

2110 2053 2385 2109 inl‘ernum
2416 2053 2659 2109 indicare
2684 2053 2893 2124 lapsum
2919 2070 2935 2106 :
2966 2053 3151 2121 lapsus
3168 2059 3373 2117 autem,
3400 2051 3682 2107 utdictum

2114 2154 2219 2211 est,
2251 2145 2450 2209 Adam.
2484 2147 2722 2214 lapsum,
2753 2156 3012 2215 tanquam
3037 2144 3091 2198 in
3137 2143 3437 2203 infernum.
3486 2143 3539 2196 in
3579 2142 3682 2196 ceti

2111 2250 2385 2295 ventrem.
2442 2237 2581 2295 Huic
2630 2246 2814 2293 autem
2860 2254 2874 2291 :
2924 2236 3200 2305 παγγενῆ,
3244 2234 3453 2290 servire
3507 2243 3683 2304 potest

2112 2333 2293 2403 quoad
2322 2331 2585 2403 scriptum
2607 2341 2661 2385 et
2680 2329 2855 2398 quoad
2880 2342 3128 2392 sensum,
3156 2325 3385 2397 psalmis
3415 2324 3684 2381 celebrata

2119 2423 2404 2496 παγγενὴς
2438 2423 2574 2478 aviae
2606 2420 2944 2477 maledictio.

2440 2516 2754 2583 Traparium
2785 2517 3014 2585 primum
3043 2514 3156 2568 add:
3183 2520 3366 2568 sextm.

2295 2610 2665 2666 Desideratum
2698 2608 2855 2663 nobis
2879 2619 3083 2664 rectum
3116 2606 3172 2661 in
3204 2603 3562 2660 interioribus

2222 2702 2447 2759 .‘Eterne
2468 2701 2737 2759 habituris
2771 2700 3041 2773 Spiritum.
3063 2701 3309 2761 innoves,

2224 2796 2265 2848 Δ
2298 2793 2455 2848 Patre
2484 2793 2868 2864 procedentem
2902 2791 3145 2861 undique
3172 2790 3512 2860 copulatum,

2224 2883 2458 2939 Materiae
2494 2883 2730 2939 inimicae
2752 2881 3131 2939 combuslilem
3168 2880 3621 2949 inquinationcm,

2227 2973 2528 3046 Sardisque
2550 2976 2729 3031 omnis
2756 2974 3124 3045 purgativum,
3155 2987 3188 3026 ο
3219 2973 3587 3041 omnipotens.

2192 3069 2315 3124 149.
2337 3068 2537 3123 Puram
2581 3068 2745 3138 hujus
2798 3067 3087 3123 sententiae
3123 3064 3393 3135 originem
3449 3077 3691 3134 praisens

2120 3160 2344 3228 stroplie
2395 3168 2604 3214 tenete
2638 3158 3048 3247 sapientissimo
3083 3156 3273 3223 David,
3327 3171 3514 3226 quem,
3562 3168 3686 3208 cum

437 3253 815 3324 κλυτήσαντος
846 3252 1074 3322 καρδίαν
1107 3251 1254 3320 αὐτῷ
1286 3250 1535 3322 καθαρὰν
1575 3251 1885 3320 κτισθῆναι,
1918 3252 2014 3306 καὶ

2119 3250 2408 3320 petivisset
2482 3264 2513 3304 a
2554 3250 2661 3303 Deo
2710 3248 2816 3305 sibi
2868 3245 3252 3304 cor‘mundum
3293 3246 3491 3312 creari,
3525 3245 3690 3315 spiri—

440 3342 663 3414 πνεῦμα
697 3342 855 3408 eoos;
885 3343 1298 3415 ἐγκαινισθῆναι
1333 3343 1449 3405 τοῖς
1509 3341 1763 3409 ὲγκάτοις
1825 3341 2015 3404 αὐτοῦ,

439 3436 585 3491 καθὰ
635 3436 732 3489 καὶ
793 3434 1250 3507 προεγράψαμεν,
1312 3432 1682 3504 παραφράσας
1721 3436 1748 3487 ὁ
1780 3433 2019 3503 μελῳδὸς

437 3522 808 3592 ῦπερεύχεται
836 3524 916 3585 είς
945 3522 1145 3586 κοινὸν,
1176 3520 1322 3575 οὕτω
1348 3522 1488 3592 πρὸς
1523 3522 1850 3576 ἀκολουθίαν
1900 3525 2020 3593 ἐορ-

438 3615 708 3686 ταστικην
745 3613 1103 3686 παραμιγνὺς
1136 3614 1233 3668 καὶ
1263 3613 1548 3681 θεολογίαν
1572 3630 1588 3645 ο
1617 3609 1688 3666 '0
1712 3615 2024 3686 παντοκρά-

438 3721 540 3774 τορ
570 3704 735 3773 Λόγε,
761 3704 1033 3767 καινίσοις
1061 3703 1175 3758 εἴθε
1213 3704 1328 3766 τοῖς
1385 3702 1642 3771 ὲγκάτοις
1694 3702 1849 3773 ἡμῶν
1913 3704 2022 3755 τῶν

439 3795 771 3867 χριστιανῶν
799 3794 1017 3865 πνεῦμα
1043 3794 1267 3864 ἱμερτὸν
1314 3794 1411 3847 καὶ
1438 3792 1615 3860 εὑθὲς,
1670 3794 1699 3848 ὃ
1754 3794 1849 3850 καὶ
1887 3795 2023 3849 αίω-

440 3888 573 3952 νίως
596 3888 816 3959 ἓξοιμεν
843 3905 857 3920 ο
893 3887 982 3941 ἵνα
1008 3887 1083 3950 ὠς
1110 3888 1172 3941 τὸ
1209 3886 1366 3956 ἅγιον
1395 3885 1622 3958 Πνεῦμα
1649 3886 1918 3956 συνῆπταί
1940 3903 2024 3941 σοι

443 3984 557 4048 ἀεὶ,
593 3980 767 4044 obrui;
801 3982 835 4052 ἡ
870 3982 1031 4053 χάρις
1060 3998 1154 4036 σου
1186 3983 1321 4054 μένῃ
1348 3982 1642 4045 διαπαντὸς
1699 3979 1820 4051 μεθ’
1868 3979 2025 4051 ἡμῶν

444 4067 552 4130 ἕως
583 4067 896 4132 συντελείας
932 4069 1152 4134 αἰῶνος,
1212 4068 1276 4122 οὐ
1344 4071 1797 4139 μεταμελομένου
1853 4068 1903 4122 εί
1950 4068 2025 4140 μὴ

450 4157 764 4228 φθάσαντες
795 4161 959 4230 ἡμεῖς
992 4161 1323 4232 πταὶσομεν,
1363 4163 1488 4217 οὐδὲ
1516 4162 1749 4226 διδόντος
1778 4179 2023 4232 πνευμα⁴

443 4252 617 4317 τικῶς
649 4254 983 4324 πρᾶσκαιρα.
1017 4248 1150 4307 Εἶτα
1201 4254 1515 4324 φιλοσοφῶν
1556 4253 1907 4322 θεολογικῶς,
1940 4253 2029 4308 λέ-

445 4358 534 4411 γει
566 4342 801 4397 πάντοτε
839 4343 901 4397 τὸ
951 4343 1111 4412 ἅγιον
1171 4343 1398 4413 Πνεῦμα
1450 4343 1719 4414 ξυνῆφθαι
1766 4343 1846 4414 τῷ
1916 4344 2028 4416 Υίῷ

446 4434 547 4488 καὶ
567 4432 728 4504 Λόγῳ
769 4432 864 4488 τοῦ
907 4433 1046 4488 Θεοῦ
1084 4434 1618 4506 πατροπροόλήτως,
1646 4437 1705 4488 ὲν
1739 4435 1818 4499 τῷ
1840 4438 1904 4490 ὲκ
1932 4436 2027 4491 τοῦ

453 4526 669 4596 Πατρὸς
693 4525 896 4598 δηλαδὴ
952 4526 1364 4599 προϐεϐλῆσθαι
1432 4527 1529 4581 καὶ
1586 4527 2025 4599 ἐκπορεύεσθαι·

446 4614 525 4680 ὡς
549 4616 695 4687 λόγῳ
719 4619 1073 4685 συνωνυμίας
1113 4619 1386 4688 μυστικῆς
1440 4618 1768 4690 ἀμφοτέρων
1819 4619 2028 4673 τούτων

449 4708 855 4781 ταυτιζομένων
893 4711 1003 4765 τῶν
1029 4712 1248 4778 λέξεων.

525 4807 622 4870 ρνθ.
655 4803 928 4872 Πρόδηλον
976 4803 1032 4858 δὲ
1084 4806 1167 4858 ὅτι
1234 4806 1512 4875 συνῆπται
1552 4807 1640 4860 ἀεὶ
1679 4807 1741 4860 τὸ
1804 4804 2032 4877 Πνεῦμα

452 4892 648 4963 καὶτῷ
674 4893 813 4965 rte,
872 4895 968 4949 καὶ
993 4895 1068 4959 ὡς
1098 4897 1333 4950 πάντοτε
1352 4897 1380 4950 ὀ
1418 4897 1608 4967 Πατὴρ
1647 4899 1706 4951 ἐν
1740 4897 1912 4968 αὐτῷ,
1942 4897 2034 4952 οῦ-

451 5000 534 5037 τω
566 4987 664 5039 καὶ
696 4988 755 5039 τὸ
782 4986 940 5055 ἅγιον
972 4987 1204 5058 Πνεῦμα
1230 5005 1244 5018 ·
1279 4987 1397 5044 εἶτα
1428 4989 1523 5043 καὶ
1551 4989 1652 5059 τὴν
1711 4990 1844 5059 ἡμῖν
1883 4990 2035 5062 ὲνέρ-

453 5093 610 5146 γειαν
646 5079 743 5132 τοῦ
780 5079 943 5148 ἁγίου
976 5079 1291 5150 Πνεύματο;
1325 5082 1386 5134 ὲν
1444 5081 1702 5151 ὀλιγίστῳ
1755 5082 2035 5151 διασαφῶν

453 5167 486 5219 ὁ
515 5167 780 5235 μελῳδὸς,
817 5170 914 5223 καὶ
936 5170 1308 5241 παραδεικνὺς
1354 5169 1467 5241 πῦρ
1501 5170 1905 5224 καταναλίσκον
1958 5167 2036 5224 εἷ·

453 5276 546 5313 ναι
575 5259 730 5325 αὐτὸ,
764 5261 1062 5316 καυστικὺν
1105 5257 1247 5316 εἷναί
1298 5280 1430 5334 φησι
1479 5263 1846 5333 μολυσμᾶτων
1902 5262 2038 5333 ὕλης

456 5350 756 5423 ἀπεχθοῦς,
790 5353 886 5406 καὶ
925 5353 1191 5424 ῥυπτικὸν
1242 5356 1271 5408 ὅ
1303 5355 1421 5408 ἐστι
1470 5354 1804 5425 καθαρτικὸν
1862 5355 2035 5424 ῥύπου

458 5445 679 5511 παντὸς,
717 5444 815 5500 τοῦ
847 5446 988 5501 κατὰ
1017 5444 1143 5501 νοῦν
1167 5447 1394 5518 δηλαδὴ,
1454 5447 1483 5500 ὃ
1525 5446 1783 5519 δηλοῦται
1826 5449 1885 5503 ἐν
1933 5448 2036 5519 τῷο

456 5536 781 5609 Καθάρισον
833 5538 985 5607 ἡμᾶς
1042 5536 1151 5591 ἀπὸ
1205 5538 1388 5609 πάσης
1435 5539 1688 5607 κηλῖδος’
1725 5539 1793 5611 ἣν
1844 5540 2038 5611 κηλῖδα

458 5627 553 5679 καὶ
581 5626 640 5679 ὃν
682 5626 854 5699 ῥύπον
876 5630 925 5681 οἱ
955 5628 1391 5698 ἁπλουσάμενοι,
1454 5630 1688 5700 καθαροὶ
1714 5633 1780 5703 τῇ
1836 5631 2040 5703 καρδίᾳ

460 5716 554 5772 καὶ
576 5715 722 5772 οὕτω
752 5718 979 5773 θεόπται
1003 5720 1265 5788 γίνονται,
1297 5721 1391 5774 καὶ
1421 5720 1538 5791 φῶς
1576 5719 1695 5790 Θεῷ
1753 5721 1908 5789 φίλον
1963 5723 2041 5789 ὡς

461 5810 680 5877 ἱμάτιον
705 5809 1123 5866 ἀναϐάλλονται.
1166 5812 1363 5866 ’ἰστέον
1397 5812 1453 5865 δὲ
1492 5813 1576 5866 δτι
1616 5830 1673 5866 τε
1709 5814 1767 5869 ἐν
1791 5814 2037 5878 παλαιοῖς

459 5899 820 5982 ἀντιγράφοις
879 5901 1111 5976 εὓρηται
1178 5901 1353 5972 ῥύπου
1414 5902 1628 5973 φρενῶν
1661 5920 1719 5959 τε
1772 5905 2039 5970 ῥυπτικὸν

2125 3350 2349 3407 tumque
2392 3349 2599 3395 rectum
2631 3339 2686 3393 in
2713 3339 3015 3394 visceribus
3043 3338 3160 3394 suis
3200 3336 3473 3401 innovari,
3497 3350 3692 3406 quem-

2121 3428 2411 3483 admodum
2463 3438 2619 3483 antea
2665 3426 3010 3497 scripsimus,
3065 3433 3468 3482 commentatus
3516 3434 3695 3495 poeta,

2121 3521 2188 3576 ad
2222 3520 2525 3576 l'estiralem
2577 3519 3045 3576 continuationem
3099 3519 3413 3575 admiscens
3470 3531 3694 3587 quoque

2126 3611 2476 3682 theologiam,
2510 3611 2591 3666 sie
2613 3611 2978 3667 communiter
3014 3610 3383 3680 deprecatur:
3423 3606 3470 3663 0
3518 3607 3698 3662 omni-

2125 3711 2319 3772 potens
2352 3700 2616 3767 Verbum,
2649 3701 2855 3757 utinam
2886 3701 3113 3758 innoves
3142 3700 3199 3755 in
3231 3698 3537 3755 visceribus
3570 3712 3697 3751 nos-

2126 3807 2267 3851 trum
2334 3793 2778 3853 Christianorum
2831 3795 3082 3865 spiritum
3138 3791 3558 3849 desiderabilem
3622 3803 3685 3842 ac

2125 3898 2355 3956 rectum,
2389 3904 2550 3959 quem
2578 3888 2645 3943 iu'
2666 3890 3055 3959 sempiternum
3091 3884 3424 3941 habeamus!
3449 3894 3527 3950 ut,
3548 3881 3693 3936 sicut

2128 3981 2372 4053 Spiritus
2395 3989 2618 4037 sanctus
2646 3992 2825 4036 tecum
2876 3987 2961 4034 est
2998 3993 3214 4048 semper
3248 3975 3573 4041 unitus,‘sic
3606 3982 3699 4029 tua

2128 4073 2300 4144 gratia
2338 4087 2555 4143 semper
2602 4072 2890 4129 nobiscum
2941 4079 3160 4127 maneat
3215 4068 3284 4124 ad
3330 4065 3516 4124 saeculi
3569 4080 3703 4121 cou-

2130 4165 2578 4232 summationem,
2611 4173 2665 4219 te
2695 4179 2805 4219 non
2837 4163 3084 4218 variante
3110 4161 3213 4217 nisi
3248 4159 3403 4230 prius
3441 4173 3543 4214 nos
3572 4172 3699 4227 pec-

2129 4272 2343 4322 cemus,
2372 4271 2472 4312 nec
2493 4256 2816 4325 spiritaliter
2862 4261 3246 4309 momentanea
3283 4251 3466 4306 dante.
3500 4247 3705 4303 Deinde

2133 4350 2434 4423 tlicologice
2464 4349 2880 4420 pltilOSOphans,
2901 4346 2977 4401 ait
3000 4345 3266 4417 Spiritum
3287 4352 3538 4399 sanctum
3564 4356 3705 4396 sem~

2132 4460 2228 4514 per
2256 4442 2514 4513 conjungi
2557 4457 2679 4496 cum
2733 4438 2872 4494 Filio
2906 4437 3192 4507 Verbaque
3243 4435 3334 4490 Dei
3385 4450 3702 4503 πατροπρο-

2136 4535 2368 4598 6>.ήτως,
2392 4533 2445 4587 in
2476 4547 2544 4586 eo
2565 4531 2710 4600 quod
2741 4545 2874 4585 sane
2899 4544 2962 4583 ex
2992 4527 3149 4583 Patre
3186 4525 3505 4597 producitur
3540 4524 3705 4594 (προ-

2093 4598 2487 4693 ³6ε6λῆσθαι),
2530 4598 2881 4692 etvprocedit,
2931 4630 3213 4687 tanquam,
3262 4616 3490 4687 mystica
3548 4630 3708 4686 syno-

2134 4717 2343 4790 uymia,
2374 4727 2607 4782 utraque
2654 4714 2897 4769 dielioue
2928 4710 3069 4765 idem
3109 4706 3469 4778 signiﬁcante.

2210 4810 2338 4867 150.
2380 4807 2731 4863 Manifesmm
2783 4814 2867 4858 est
2925 4812 3106 4857 autem
3170 4799 3315 4870 quod
3358 4797 3521 4853 etiam
3584 4810 3709 4851 cum

2136 4902 2274 4957 Filio
2301 4915 2519 4970 semper
2545 4897 2903 4968 conjungitur
2945 4891 3223 4963 Spiritus;
3261 4902 3316 4946 et
3352 4888 3710 4961 quemadmo-

2135 4994 2263 5050 dum
2293 4993 2456 5049 Pater
2479 5004 2694 5058 semper
2721 4996 2805 5043 est
2841 4987 2893 5041 in
2927 4986 3065 5054 ipso,
3099 4982 3181 5038 sic
3240 4982 3403 5037 etiam
3458 4978 3701 5050 Spiritus

2136 5092 2383 5141 sanctus.
2418 5081 2623 5136 Deinde
2660 5078 2816 5134 nobis
2847 5078 3009 5131 etiam
3048 5073 3221 5130 sancti
3254 5071 3496 5142 Spiritus
3528 5069 3712 5124 eliica-

2137 5179 2275 5233 ciam
2297 5173 2618 5231 brevissime
2636 5168 2996 5227 manifestans
3019 5163 3487 5238 ltytnnograplius,
3502 5162 3728 5248 ipsum--

2138 5287 2241 5339 que
2259 5274 2673 5324 consumentem
2698 5264 2878 5335 ignem
2900 5275 3022 5317 esse
3038 5258 3446 5321 demonstrans,
3464 5263 3709 5312 urentem

2138 5376 2262 5416 esse
2308 5360 2441 5415 dicit
2489 5356 2831 5412 macularum
2877 5351 3126 5409 odiosam
3171 5348 3486 5410 materiam.
3521 5346 3681 5401 einen

2141 5459 2363 5519 temque
2400 5463 2494 5503 seu
2521 5451 2848 5516 purgantem
2882 5454 3076 5497 omnes
3106 5438 3323 5502 sordes,
3356 5436 3481 5491 illas
3504 5434 3714 5488 scilicet

2139 5556 2261 5608 qum
2293 5547 2543 5610 spectant
2568 5536 2633 5592 ad
2667 5540 2929 5599 mentem,
2960 5530 3107 5603 quod
3135 5531 3192 5585 in
3219 5530 3324 5585 hoc
3353 5530 3705 5583 demonstra-

2142 5640 2230 5687 tur
2273 5647 2287 5684 :
2330 5628 2529 5684 Munda
2585 5642 2685 5684 nos
2728 5626 2798 5683 ab
2843 5626 2990 5680 omni
3045 5623 3257 5678 macula
3292 5638 3306 5677 :
3344 5636 3451 5687 qua
3501 5620 3709 5673 macula

2142 5736 2360 5791 quaque
2384 5720 2547 5777 sorde
2576 5718 2742 5774 lavati
2783 5717 2903 5788 puri
2939 5727 3067 5771 sunt
3098 5714 3263 5767 torde
3310 5712 3501 5780 sicque
3546 5709 3713 5765 Deum

2142 5812 2389 5867 videntes
2421 5808 2890 5876 ﬁunt,lumenque
2910 5806 3017 5860 Deo
3073 5804 3300 5859 charum
3335 5811 3592 5869 tanquam
3625 5816 3717 5854 ve-

2146 5907 2470 5964 stimentum
2526 5903 2779 5962 induunt.
2805 5899 3097 5959 Sciendum
3143 5903 3226 5954 cst
3253 5902 3433 5953 autem
3479 5896 3623 5959 quod
3657 5894 3710 5946 in
