4050 6404
344 395 452 456 6δῖ

1065 408 1418 470 EUSTATII
1432 414 1448 470 l
1463 414 1486 470 Ι
1522 414 1622 472 ΤΠ
1635 415 1813 473 ΕΞΞΑ
1826 415 1970 474 LUN
1987 417 2050 474 lC
2063 417 2281 476 ENSIS
2321 420 2368 477 Μ
2383 419 2474 478 ΕΤ
2488 419 2882 480 ΒΟΡΟΙᾸΤΕ

2121 291 2152 300 κ

3499 417 3594 482 flii

345 512 586 580 antiquis
611 517 1030 584 extmuplaribus,
1066 521 1344 578 invenitur
1369 542 1382 579 :
1419 526 1593 596 ῥύπου
1621 529 1838 596 φρενῶν
1859 547 1916 581 τε

2030 535 2425 604 παντοκράτορ,
2475 539 2564 588 καὶ
2598 537 2682 589 ὅτι
2716 536 3020 604 τροπαρίου
3051 535 3370 605 ἐξώρμηται
3395 538 3424 604 ἡ
3449 539 3590 604 εἰρη-

349 608 613 675 ῥυπτικὸν
644 611 1045 682 παντοκράτορ,
1070 617 1326 686 quodque
1371 621 1610 690 strophas
1653 624 1920 677 sententia

343 703 651 772 prorumpit
697 704 884 758 eadem
922 719 986 758 ac
1035 710 1273 777 strophae
1317 711 1478 779 paulo
1534 714 1834 784 superioris
1867 716 1919 768 in

346 793 542 859 quinto
568 794 831 857 carmine,
872 796 961 850 ubi
989 795 1078 851 Dei
1118 795 1354 854 Verbum
1423 803 1524 857 sibi
1577 806 1922 874 praeparabat

345 884 592 949 domum,
660 886 714 938 in
763 903 866 954 qua
926 889 1164 958 Spiritus
1211 892 1393 947 lumen
1451 895 1799 952 inhabitavit.
1852 898 1917 953 lit

344 986 525 1032 autem
568 981 880 1036 accuratius
912 982 1114 1046 dieam,
1147 987 1606 1041 asseverationem
1639 990 1749 1044 illic
1778 993 1922 1059 posi-

345 1081 476 1133 tam,
512 1071 563 1125 in
591 1087 806 1140 precem
857 1073 946 1128 hic
997 1077 1231 1130 mutavit
1281 1090 1460 1147 poeta,
1499 1081 1747 1136 oratione
1781 1083 1920 1137 facta

345 1171 406 1215 ut
441 1179 540 1218 nos
567 1164 769 1220 bonum
805 1167 1126 1232 habeamus,
1175 1172 1319 1238 quod
1348 1181 1504 1225 antea
1549 1173 1922 1241 philosophice

344 1255 400 1310 in
438 1257 680 1312 secunda
713 1259 802 1314 illa
831 1261 1054 1331 strophe
1103 1270 1158 1316 et
1213 1263 1266 1316 in
1319 1264 1461 1318 illius
1508 1247 1921 1322 continuatione

343 1351 621 1416 exposuit.

405 1441 524 1494 151.
544 1441 970 1513 Supponendum
991 1458 1267 1504 estautetn
1305 1445 1447 1520 quod
1465 1452 1921 1520 ὲγκατοικίζοιτο,

344 1535 586 1601 optative
621 1535 828 1591 dictum
861 1537 972 1593 illic
1011 1548 1235 1610 propter
1271 1551 1531 1608 metrum,
1563 1543 1686 1599 loeo
1715 1543 1918 1616 hujus:

343 1625 785 1690 ἐγκατοικὶζεται
820 1630 916 1682 καὶ
955 1630 1179 1696 ἐνοικεῖ,
1221 1647 1437 1690 sacrum
1477 1643 1693 1705 poetam
1731 1643 1788 1691 ut
1821 1651 1921 1691 en-

347 1714 622 1786 thymema
675 1717 1084 1789 duplicantem,
1138 1723 1356 1778 induxit
1403 1729 1469 1779 ad
1522 1727 1727 1782 directe
1777 1743 1922 1782 nunc

345 1803 532 1872 aliquo
558 1805 722 1861 modo
753 1809 1083 1878 precandum
1138 1811 1323 1881 ibique
1374 1813 1453 1868 sic
1496 1813 1788 1870 dicendum
1821 1834 1836 1870 :
1877 1814 1922 1872 Ο

2028 624 2165 691 μένη
2192 624 2374 679 ἔννοια
2406 625 2499 678 τοῦ
2533 628 2638 694 πρὸ
2671 628 2919 697 βραχέων
2977 629 3036 680 ὲν
3075 629 3142 697 τῇ
3190 631 3418 696 πέμπτῃ
3467 628 3579 697 ᾠδῇ

2023 712 2151 765 ἔνθα
2173 715 2199 766 ὁ
2224 713 2318 768 τοῦ
2349 716 2486 769 Θεοῦ
2511 717 2664 784 λόγος
2693 717 2854 786 δόμον
2886 718 3063 786 ἑαυτῷ
3100 719 3532 783 κατεσκεύπζεν,
3563 713 3592 783 ᾇ

2023 806 2406 876 ἐγκατῳκίσθη
2435 809 2752 876 Πνεύματος
2778 810 2914 877 φάος
2941 828 2954 842 ·
2995 812 3088 862 καὶ
3129 810 3525 880 ἀκριϐέστερον
3550 813 3593 864 ει

2024 899 2220 959 εἰπεῖν,
2251 899 2350 963 τὴν
2377 900 2493 952 ἐκεῖ
2517 900 2824 968 ἀπόφανσιν
2857 902 2938 963 εἰς
2965 903 3133 970 εὐχὴν
3181 900 3418 954 ἐνταῦθα
3448 903 3594 970 ἥσει-

2022 987 2122 1054 ψεν
2149 990 2174 1039 ὁ
2202 987 2460 1056 μελῳδὸς,
2490 989 2780 1056 εὐξάμενος
2810 991 2956 1060 ἔχειν
3000 994 3148 1063 ἡμᾶς
3201 995 3342 1062 ὅπερ
3399 996 3602 1059 ἀγαθον

2025 1077 2236 1143 ιεθάσας
2262 1077 2660 1146 ὲφιλοσόψησεν
2678 1079 2732 1130 ἐν
2763 1095 2822 1130 τε
2862 1079 2938 1148 τῷ
2967 1080 3208 1150 δευτέρῳ
3254 1080 3449 1149 ἐκείνῳ
3483 1099 3600 1148 τρυε

2025 1167 2230 1238 παρίῳ,
2263 1169 2356 1222 καὶ
2389 1170 2446 1221 ἐν
2471 1169 2550 1235 τῷ
2589 1169 2798 1223 ἐκείνου
2832 1171 3034 1240 εἱρμῷ.

2103 1447 2238 1511 ρνα’.
2274 1443 2430 1494 Ἐστι
2458 1443 2502 1494 δ’
2526 1443 2822 1510 ὑπονοῆσαι
2852 1443 2946 1496 καὶ
2977 1442 3060 1496 ὅτι
3089 1441 3148 1496 τὸ
3173 1444 3603 1510 ἐγκατοικέζοιτο

2025 1535 2296 1600 εὐκτικῶς
2325 1537 2442 1589 ἐκεῖ
2457 1535 2646 1606 λεχθὲν
2674 1537 2762 1590 διὰ
2790 1535 2852 1589 τὸ
2880 1537 3098 1606 μέτρον,
3141 1537 3261 1589 ἀντὶ
3308 1536 3402 1590 τοῦ
3438 1539 3606 1603 ἐγκι-

2022 1629 2322 1690 τοικίζεται
2353 1628 2449 1680 καὶ
2489 1628 2711 1690 ἐνοικεῖ,
2745 1628 2982 1697 ἐνήγαγε
3034 1628 3128 1680 τὸν
3179 1629 3324 1696 ἱερὸν
3369 1629 3603 1699 “mysi”!

2025 1723 2100 1784 ὼς
2135 1715 2248 1774 οἷον
2282 1719 2734 1789 ὲπενθυμηθέντα
2767 1721 2847 1782 εἰς
2878 1720 2939 1772 τὸ
2987 1721 3045 1776 ἐξ
3080 1721 3240 1788 ὀρθοῦ
3289 1721 3385 1775 νῦν
3441 1720 3596 1784 εὖξα-

2029 1813 2152 1866 σθαί
2187 1829 2324 1876 πως,
2362 1813 2456 1864 καὶ
2486 1810 2722 1866 ἐνταῦθα
2747 1811 2827 1879 το,
2856 1807 2927 1865 Ὦ
2987 1813 3388 1883 παντοκράτορ,
3439 1831 3595 1866 κατα-

349 1910 565 1951 summe
601 1897 822 1961 Potens,
872 1910 1163 1970 postquam
1215 1904 1622 1960 immaoulatam
1666 1909 1924 1975 apostoli-

2030 1903 2304 1966 σκευάσας
2362 1903 2526 1974 δόμον
2583 1903 2854 1975 ἄχραντον
2909 1902 3271 1956 ἁποστολικδν
3322 1902 3405 1955 σοὶ
3455 1902 3600 1966 αύτιῖι

347 1999 580 2054 eamque
599 1986 822 2044 domum
879 1991 1197 2062 tibimetipsi
1223 1995 1539 2064 przeparasti
1567 2011 1687 2060 nos,
1727 1998 1922 2051 innova

348 2080 510 2135 nobis
561 2079 825 2151 Spiritum
877 2095 1150 2139 sanetum.
1193 2083 1312 2140 Non
1355 2097 1536 2142 autem
1578 2089 1926 2144 incommode

349 2172 476 2238 quis
500 2172 696 2228 dixerit
730 2175 878 2245 quod
910 2191 976 2230 ex
1012 2177 1341 2245 praacedenti
1389 2178 1578 2234 divino
1622 2180 1839 2236 lavacro
1873 2189 1927 2235 et

349 2283 414 2322 ex
443 2269 604 2338 hujus
634 2268 834 2325 lavacri
863 2271 1242 2339 puriﬁcatione
1266 2272 1555 2328 deducitur
1588 2274 1673 2328 hic
1715 2275 1926 2329 ovliosa-

349 2375 470 2415 rum
497 2361 837 2416 macularum
871 2363 1176 2418 exustionis
1211 2365 1483 2420 sententia
1516 2365 1928 2434 spiritualisque

348 2450 626 2521 purgatio.
664 2449 962 2518 Caeterum,
998 2453 1205 2508 omissa
1249 2455 1623 2526 suppositione
1639 2457 1783 2525 quod
1813 2456 1927 2511 die-

353 2551 470 2597 tum
527 2542 755 2598 verbum
810 2545 1107 2597 καυστικδν
1163 2545 1326 2601 fuerit
1356 2547 1679 2602 translatum
1721 2550 1929 2619 tropice

357 2647 415 2692 rx
451 2631 656 2702 Spiritu
689 2633 953 2700 fervente,
992 2650 1057 2690 ex
1085 2634 1257 2704 igneis
1287 2637 1450 2691 etiam
1477 2638 1674 2706 pendet
1704 2638 1924 2706 linguis;

357 2731 408 2781 :t
457 2737 523 2778 ex
574 2723 682 2780 hoc
717 2741 731 2779 :
765 2723 949 2794 ignem
1011 2735 1428 2782 consumentem
1481 2743 1602 2785 esse
1659 2730 1927 2800 Spiritum

347 2821 627 2870 sanetum.
668 2813 903 2869 Evidens
937 2823 1022 2870 est
1066 2824 1245 2870 autem
1289 2819 1434 2888 quod
1473 2820 1646 2890 magis
1681 2830 1926 2876 assatum

349 2920 580 2972 prorsus
612 2904 674 2960 τὸ
712 2905 968 2960 καίεσθαι
1001 2923 1167 2978 quam
1191 2908 1254 2962 τὸ
1285 2910 1629 2980 ῥύπτεσθαι;
1663 2927 1762 2966 nec
1793 2913 1931 2967 obli-

352 2996 672 3052 viscendum
724 2997 869 3053 illam
920 2991 1260 3054 exustionem
1335 3001 1536 3058 odiosae
1592 3005 1927 3059 macularum

352 3088 619 3155 materiae,
657 3097 911 3160 tanquam
945 3091 1012 3146 de
1056 3093 1303 3149 materiis
1332 3094 1658 3152 adulterinis
1701 3096 1755 3151 in
1801 3111 1931 3152 vase

350 3183 562 3240 fusorio
603 3199 700 3256 per
733 3185 914 3255 ignem
960 3187 1334 3244 vehementem
1369 3189 1678 3259 liquefactis
1708 3209 1722 3247 :
1749 3193 1928 3247 omnis

357 3275 504 3332 enim
537 3275 848 3346 hujusmodi
877 3279 1126 3347 materia,
1157 3280 1310 3350 puris
1348 3283 1562 3350 odiosa,
1597 3293 1721 3354 post
1754 3276 1931 3340 fusio-

359 3385 482 3426 nem
523 3378 579 3425 et
603 3371 947 3427 exustionem
980 3372 1099 3440 ejus
1125 3376 1270 3444 quod
1305 3373 1450 3429 illam
1478 3375 1645 3430 laedat
1669 3415 1686 3444 ,
1716 3387 1932 3432 amatur

353 3472 409 3517 et
435 3461 732 3530 requiritur
767 3480 781 3517 :
812 3464 956 3533 quod
995 3465 1158 3519 etiam
1188 3466 1406 3536 egregie
1461 3467 1665 3536 patitur
1711 3468 1801 3523 ille
1836 3469 1928 3538 qui

355 3555 594 3624 Spiritus
626 3555 749 3625 igne
789 3557 1077 3626 probatur,
1121 3565 1177 3612 et
1221 3557 1325 3613 hac
1354 3557 1584 3615 maculae
1620 3542 1931 3616 detersione

352 3648 682 3718 puriﬁeatus
709 3650 842 3715 exit,
889 3659 948 3704 nt
981 3651 1038 3702 lit
1079 3649 1145 3704 de
1198 3649 1284 3706 his
1322 3666 1443 3720 quae
1487 3651 1747 3708 fulloniea
1785 3663 1932 3709 certe

351 3743 438 3798 vel
463 3742 620 3798 aliter
647 3742 904 3798 sordibus
935 3743 1352 3813 absterguntur.
1386 3743 1620 3799 Istorum
1647 3745 1791 3798 enim
1819 3761 1928 3799 non

351 3844 438 3890 est
469 3836 768 3906 quamlibet
797 3835 1140 3891 exustionem
1179 3833 1406 3902 subire;
1458 3835 1578 3892 istis
1623 3846 1808 3891 autem
1856 3837 1932 3890 si-

360 3926 521 3982 miles
563 3935 692 3982 sunt
732 3925 997 3994 Davidici,
1045 3927 1138 3994 qui
1184 3926 1352 3981 lavari
1391 3927 1537 3983 bene
1569 3927 1780 3993 volunt,
1813 3945 1927 3985 non

361 4025 542 4071 tamen
575 4025 795 4088 gustare
821 4017 1118 4086 quemlibet
1147 4017 1345 4088 ignem.

431 4108 556 4164 152.
599 4109 1004 4163 Attendemlum
1037 4116 1216 4164 autem
1251 4109 1324 4163 ibi
1357 4123 1423 4165 ne
1457 4108 1675 4180 quando
1703 4109 1947 4180 quidam.

363 4217 428 4255 ex
457 4199 640 4268 nobis,
671 4200 786 4256 sola
814 4209 1021 4256 tantum
1051 4200 1364 4264 detersione
1406 4202 1622 4258 sordem
1659 4204 1929 4274 deponere

351 4292 614 4358 valentes,
650 4300 862 4361 poetam
901 4307 1160 4363 cogamus
1191 4291 1261 4347 ad
1297 4308 1398 4349 nos
1446 4291 1506 4346 in
1543 4292 1684 4363 ignis
1730 4293 1927 4350 carbo-

353 4400 452 4440 nes
476 4383 790 4452 volvendos,
825 4391 885 4438 ut
915 4384 994 4440 sic
1019 4393 1364 4440 concremata
1395 4385 1555 4441 sorde
1607 4384 1928 4441 dealbemur

349 4486 404 4530 et
434 4476 503 4531 ad
549 4475 953 4532 Eucharistiam
976 4475 1285 4532 redeamus.
1322 4475 1575 4533 Vidimus
1616 4477 1762 4532 enim
1805 4492 1922 4531 ma-

2029 1992 2197 2060 ἡμᾶς,
2229 1993 2544 2058 ἐγκαὶνισον
2579 1995 2712 2065 ἡμῖν
2739 1994 2797 2045 τὸ
2825 1994 2978 2061 ἅγιον
3012 1995 3262 2063 Πνεῦμα.
3295 1996 3409 2048 Οὐκ
3461 1997 3524 2048 ἂν
3549 1996 3599 2046 δὲ

2028 2085 2418 2149 δυστραπέλως
2457 2086 2600 2138 εῐποι
2644 2103 2728 2148 τις
2771 2087 2852 2140 ὅτι
2898 2090 2991 2140 καὶ
3045 2090 3110 2141 ἐκ
3157 2086 3251 2139 τοῦ
3303 2087 3600 2155 φθάσαντος

2029 2179 2173 2232 θείου
2203 2179 2456 2250 λουτροῦ,
2499 2181 2725 2248 καὶτῆς
2769 2181 2860 2233 τοῦ
2917 2181 3207 2250 λουτηρξου
3265 2180 3600 2248 καθάρσεως,

2031 2271 2424 2342 παρείλκυσται
2454 2266 2553 2324 ῶδε
2587 2275 2621 2343 ή
2655 2275 2751 2343 τῆς
2783 2273 3030 2334 καύσεως
3059 2274 3238 2327 ἔννοια
3298 2273 3404 2326 τῶν
3458 2274 3596 2324 rit-:3-

2029 2366 2174 2436 χθῶν
2203 2365 2518 2435 μολυσμῶν,
2544 2367 2640 2420 καὶ
2671 2367 2702 2436 ἡ
2735 2366 3078 2434 πνευματικὴ
3109 2365 3269 2438 ῥύψις
3293 2382 3307 2396 ο
3335 2365 3510 2427 ἄλλως
3545 2365 3600 2416 δὲ

2029 2457 2090 2508 τὸ
2119 2455 2415 2524 εἰρημένον
2447 2458 2762 2522 καυστικὸν,
2799 2457 2924 2525 δίχα
2956 2474 3017 2525 γε
3057 2457 3147 2509 τοῦ
3182 2458 3482 2524 ὑπονοῆσαι
3517 2471 3600 2522 με.

2028 2548 2284 2618 τηνέχθαι
2313 2549 2592 2618 τροπικῶς
2617 2551 2682 2603 ἐκ
2716 2550 3040 2618 Πνεύματος
3072 2547 3346 2618 ἐμπύρου,
3375 2549 3467 2600 καὶ
3499 2547 3602 2598 τῶν

2032 2659 2086 2692 π’
2116 2641 2278 2711 ρενιυν
2311 2641 2495 2710 ἔχεται
2522 2640 2787 2709 γλωσσῶν
2813 2658 2826 2672 ·
2859 2641 2952 2694 καὶ
2981 2639 3100 2705 τοῦ,
3147 2639 3258 2707 πῦρ
3314 2637 3603 2692 καταναλί-

2033 2750 2161 2786 σκον
2188 2729 2327 2785 εἶναι
2353 2733 2446 2786 καὶ
2471 2733 2532 2786 τὸ
2564 2731 2720 2800 ἅγιον
2742 2731 2992 2800 Πνεῦμα.
3035 2731 3204 2799 Δῆλον
3247 2729 3301 2782 δὲ
3348 2731 3430 2783 ὅτι
3471 2747 3602 2799 epu-

2034 2827 2296 2895 κτότερον
2319 2826 2538 2888 πάντως
2565 2825 2627 2878 τὸ
2658 2825 2914 2878 καίεσθαι
2971 2824 3064 2878 τοῦ
3117 2823 3419 2894 ῥύπτεσθαι
3442 2839 3457 2854 ο
3517 2825 3604 2874 καὶ

2031 2918 2250 2986 νοητέον
2279 2917 2378 2988 τὴν
2411 2916 2510 2988 μὲν
2551 2917 2751 2970 καῦσιν
2778 2917 2877 2985 τῆς
2906 2916 3016 2969 τῶν
3062 2916 3430 2985 μολυσμάτων
3477 2917 3604 2965 ἀπε·

2032 3009 2196 3080 χθοῦς
2219 3009 2374 3078 ὕλης,
2423 3009 2499 3071 ὡς
2543 3008 2635 3060 ἐπὶ
2695 3008 2804 3060 τῶν
2853 3008 2911 3058 ὲν
2945 3009 3146 3077 χωνείᾳ
3174 3009 3241 3075 τῇ
3296 3007 3386 3059 διὰ
3439 3008 3605 3073 πυρὸς

2034 3101 2267 3173 σφοδροῦ
2295 3103 2617 3173 τηκομένων
2634 3101 2905 3171 κιϐδήλων
2933 3100 3098 3154 ὑλῶν.
3151 3101 3304 3152 Πᾶσα
3343 3097 3452 3169 γὰρ
3511 3098 3607 3150 ’ύλτι

2031 3195 2255 3264 τοιαύτη
2303 3194 2550 3266 ἀπεχθὴς
2595 3189 2735 3248 οὖσα
2796 3196 2906 3257 τοῖς
2968 3193 3284 3264 καθαρείοις
3346 3191 3484 3263 μετᾶ
3547 3191 3607 3243 τὸ

2035 3287 2372 3358 χωνευθῆναι
2390 3286 2482 3341 καὶ
2505 3286 2774 3358 καυθῆναι
2791 3287 2852 3340 τὸ
2866 3285 3094 3356 μολύνον
3111 3285 3302 3354 αὐτὴν,
3324 3284 3607 3354 στέργεται

2035 3383 2129 3434 καὶ
2161 3381 2485 3448 ἀμ’,οὲπεται
2511 3395 2524 3411 ⁸
2551 3379 2578 3433 ὃ
2605 3379 2661 3433 δὲ
2693 3379 2894 3448 πάσχει
2949 3378 3248 3441 ὲπαινετῶς
3307 3377 3403 3429 καὶ
3449 3378 3556 3439 πᾶς
3587 3377 3608 3426 ὃ

2034 3475 2171 3541 πυρὶ
2240 3472 2557 3538 Πνεύματος
2603 3471 3038 3542 δοκιμαζόμενος
3080 3473 3173 3524 καὶ
3217 3469 3608 3541 καθαιρόμενος

2033 3564 2191 3632 τήνδε
2223 3563 2317 3616 τοῦ
2347 3563 2522 3633 ῥύπου
2547 3563 2867 3628 ἕκπλυνσιν,
2891 3561 2967 3625 ὡς
2997 3563 3223 3616 ἐπὶτῶν
3246 3564 3610 3633 σμηχομέ·ι(ι›ν

2033 3657 2064 3726 ἢ
2093 3656 2467 3723 κναφευτικῶς
2489 3655 2521 3724 ἢ
2555 3655 2729 3717 ἄλλως
2750 3655 3022 3710 ὁπωσοῦν.
3049 3654 3268 3709 Τούτων
3288 3656 3397 3724 γὰρ
3420 3657 3610 3710 ἄπεστι

2034 3749 2265 3802 παντοία
2297 3749 2495 3812 καῦσις
2527 3765 2540 3780 ⁸
2576 3750 2788 3810 τούτοις
2833 3749 2890 3802 δὲ
2923 3749 3170 3801 ἐοίκασιν
3217 3748 3265 3800 οἱ
3319 3747 3611 3810 δαυιτικοὶ,

2035 3839 2351 3894 πλυνεῖσθαι
2373 3839 2672 3906 ἀξιοῦντες,
2705 3840 2764 3892 οὐ
2785 3840 2890 3910 μὴν
2917 3839 3089 3910 πυρός
3116 3855 3258 3901 τινος
3289 3837 3611 3907 γεύσασθαι.

2107 4109 2237 4180 ρνβ’.
2271 4107 2608 4178 Προσεκτέον
2637 4105 2692 4160 δὲ
2724 4107 2960 4161 ἐνταῦθα
3012 4106 3223 4178 μήποτέ
3248 4123 3396 4168 τινες
3421 4101 3522 4158 οἷοί
3554 4124 3611 4159 τε

2029 4201 2181 4264 ὄντες
2213 4199 2359 4270 μόνῳ
2391 4200 2678 4269 σμήγματι
2701 4197 3001 4251 ἀποθέσθαι
3024 4200 3120 4266 τὴν
3146 4198 3421 4268 ῥυπαρίαν
3445 4197 3613 4263 ἀγαγ-

2030 4294 2289 4362 κάσωμεν
2315 4293 2406 4345 τὸν
2429 4292 2658 4360 ποιητὴν
2677 4290 2762 4344 ἐπ’
2785 4289 3076 4359 ἀνθράκων
3097 4289 3269 4358 πυρὸς
3294 4289 3614 4356 καταστρῶ-

2031 4402 2121 4438 σαι
2152 4385 2334 4456 ἡμᾶς·
2369 4384 2444 4447 ὡς
2489 4383 2555 4437 ἂν
2606 4382 2747 4436 οὕτω
2799 4379 3242 4442 κατακαυθέντος
3275 4379 3367 4430 τοῦ
3414 4378 3610 4447 ῥύπου,

2028 4474 2534 4545 λευκανθησώμεθα
2565 4475 2658 4525 καὶ
2689 4472 2769 4533 εἰς
2806 4469 3162 4540 εὐχαριστίαν
3192 4466 3604 4534 ἐπανέλθωμεν.

350 4567 604 4637 nutergia
650 4581 718 4622 ex
769 4567 874 4623 tilis
930 4566 1157 4622 amianti
1215 4575 1508 4632 contexta,
1571 4582 1730 4638 quem
1793 4567 1922 4621 olim

2047 4566 2423 4636 Ἐθεασάμεθα
2469 4563 2577 4632 γὰρ
2643 4563 3022 4632 χειρόμακτρα
3069 4559 3243 4630 μέτρα
3302 4562 3366 4612 ἐκ
3430 4563 3602 4629 μίτων

350 4656 556 4713 dicitur
595 4657 922 4728 produxisse
975 4667 1238 4714 montana
1289 4659 1549 4730 Carystes
1609 4667 1761 4728 petra
1791 4698 1806 4723 ,
1872 4660 1925 4713 in

275 4775 282 4780 -
354 4750 579 4818 quibus,
639 4765 765 4804 cum
814 4749 1084 4819 profunda
1136 4751 1432 4805 insedisset
1483 4751 1716 4814 macula,
1770 4749 1930 4806 facile

356 4841 716 4897 evanescehat
746 4857 842 4912 per
877 4842 1018 4911 ignis
1046 4842 1486 4897 combustioncm
1520 4853 1616 4898 aut
1662 4843 1799 4898 alias
1832 4858 1930 4914 per

351 4932 718 4988 detersionem
755 4951 769 4987 :
807 4932 1097 4989 ordinandi
1141 4941 1271 4989 sunt
1316 4933 1369 4988 in
1424 4935 1568 4990 hanc
1596 4935 1930 5005 purificatio-

348 5041 474 5081 nem
504 5027 581 5081 illi
607 5026 698 5096 qui
725 5025 976 5081 eeleriter
998 5040 1066 5080 ex
1098 5041 1230 5095 pura
1255 5027 1386 5092 vita,
1417 5041 1524 5081 non
1552 5028 1927 5093 advertentes,

359 5117 678 5188 aliquandiu
711 5119 926 5185 mutati,
963 5127 1148 5189 postea
1174 5129 1424 5190 prompte
1451 5129 1850 5175 convertuntur
1881 5120 1930 5174 si

355 5209 482 5282 quis
525 5211 578 5266 in
627 5210 846 5265 camino
889 5210 1071 5266 fundit
1115 5212 1250 5281 ipsis
1291 5211 1633 5281 Spiritualem
1665 5220 1927 5267 constan-

352 5303 510 5356 tiam.
555 5300 622 5357 Et
655 5302 726 5357 ita
760 5317 958 5359 sensus
987 5303 1150 5372 hujus
1179 5307 1420 5375 stropha:
1463 5305 1794 5360 constitutus
1834 5306 1927 5359 sit.

352 5395 430 5450 De
459 5402 612 5450 recto
640 5407 822 5451 autem
856 5397 1062 5468 Spiritu
1101 5413 1293 5468 parum
1335 5398 1577 5468 quidem,
1615 5397 1711 5452 sed
1743 5408 1926 5452 tamen

348 5488 458 5556 jam
496 5487 766 5557 scriptum
799 5496 904 5542 est.
951 5486 1112 5544 Nune
1157 5489 1341 5544 dicere
1386 5489 1519 5541 satis
1566 5486 1671 5541 erit
1702 5485 1928 5541 omnino

354 5579 578 5649 quidem
611 5588 763 5634 recto
803 5595 1036 5634 curvum
1083 5580 1306 5648 opponi,
1361 5579 1497 5634 alias
1539 5587 1715 5632 autem
1763 5578 1926 5632 etiam

352 5680 691 5726 tortuosum.
729 5669 886 5725 Talia
934 5686 1062 5725 vero
1101 5686 1205 5724 nec
1235 5670 1287 5723 iu
1321 5668 1702 5738 spiritualibus
1746 5667 1814 5721 ad
1850 5667 1927 5720 vi-

352 5773 464 5818 tam
499 5764 717 5818 civilem
760 5763 1124 5818 attinentibus
1174 5764 1504 5832 probantur,
1544 5763 1588 5814 si
1622 5760 1780 5815 bonis
1813 5769 1930 5812 uta-

351 5871 473 5910 mur
519 5858 782 5914 moribus.
816 5857 952 5914 lluic
988 5866 1168 5912 autem
1208 5856 1568 5912 desiderabile
1621 5853 1928 5909 festivitatis

2032 4661 2298 4730 ἀμιάντου
2333 4656 2465 4728 ὕλης
2498 4653 2890 4723 ὲξυφανθέντα,
2925 4655 2990 4722 ἦν
3025 4653 3196 4704 πάλαι
3229 4653 3360 4704 ποτὲ
3394 4653 3614 4720 λέγεται

2031 4752 2290 4824 χορηγεῖν
2320 4751 2414 4803 καὶ.
2460 4749 2494 4818 ἡ
2541 4747 2680 4800 κατὰ
2735 4745 3024 4814 Κάρυστον
3067 4743 3256 4812 ὀρεινὴ
3294 4742 3486 4810 πέτρα,
3530 4739 3614 4806 οἷς

2033 4845 2201 4916 βαθὺς
2240 4841 2538 4912 ἐγκαθίσας
2580 4839 2773 4908 ῥύπος,
2811 4837 2943 4906 ῥᾷον
2992 4836 3274 4905 ἀπήρχετο
3317 4835 3404 4888 διὰ
3439 4836 3612 4903 πυρός

2031 4935 2280 4998 καύσεως
2328 4933 2472 5003 ἥπερ
2513 4931 2690 4990 ἄλλως
2729 4928 2818 4980 διὰ
2868 4925 2965 4980 τοῦ
3023 4926 3322 4997 ῥύψασθαι.
3373 4926 3614 4978 Τακτέον

2028 5027 2085 5079 δὲ
2111 5027 2194 5088 εἰς
2220 5024 2483 5091 τοιαύτην
2515 5019 2784 5089 κάθαρσιν
2805 5018 2932 5081 τοὺς
2963 5021 3024 5070 ἐκ
3057 5016 3304 5086 καθαροῦ
3331 5017 3447 5086 βίου
3473 5017 3612 5084 ταχὺ

2031 5116 2467 5182 ἀλλαττομένους
2520 5111 2928 5178 ἀνεπαισθήτου
3004 5109 3148 5162 κατὰ
3219 5108 3438 5177 μικρὸν,
3495 5103 3614 5159 εἶτα

2031 5209 2225 5260 θᾶττον
2281 5202 2783 5274 μεταϐαλλομένους
2841 5202 2894 5255 εῐ
2939 5218 3024 5264 τις
3072 5199 3362 5269 καμινεύει
3425 5199 3611 5259 αὐτοῖς

2032 5295 2408 5367 πνευματικὴν
2456 5294 2779 5363 ὲμϐρξθειαν
2802 5309 2817 5325 ο
2853 5295 2949 5346 καὶ
2982 5293 3123 5345 οὕτω
3161 5293 3259 5362 μὲν
3289 5293 3316 5344 ὁ
3351 5290 3474 5353 νοῦς
3517 5309 3613 5342 κα-

2031 5391 2274 5444 θεστάτω
2300 5384 2452 5440 τοῦδε
2485 5386 2579 5438 τοῦ
2609 5385 2932 5454 τροπαρῐου.
2958 5385 3093 5452 Περὶ
3113 5386 3171 5437 δὲ
3197 5384 3392 5446 εὐθέος
3438 5381 3610 5436 ﬂvmi-

2035 5501 2202 5551 ματος
2251 5481 2433 5548 ὀλίγον
2483 5478 2690 5546 μέντοι,
2723 5477 3149 5546 προγέγραπται
3195 5477 3254 5530 δὲ
3290 5477 3476 5544 ὅμως·
3515 5475 3612 5528 νῦν

2030 5576 2088 5628 δὲ
2114 5575 2286 5626 εἰπεῖν
2311 5571 2558 5641 ἀρκέσει,
2584 5569 2668 5622 ὅτι
2698 5569 2930 5622 καθόλου
2969 5569 3069 5640 μὲν
3096 5569 3173 5640 τῷ
3201 5568 3352 5622 εὐθεῖ
3377 5569 3436 5621 τὸ
3469 5585 3615 5633 mn-

2033 5667 2201 5719 πύλον
2225 5661 2549 5723 ἀντίκειται,
2577 5664 2670 5712 καὶ
2718 5659 2777 5711 τὸ
2817 5659 2991 5721 ἄλλως
3029 5661 3086 5712 δὲ
3138 5659 3395 5729 στρεϐλόν
3419 5673 3432 5686 ·
3461 5659 3526 5711 τὰ
3557 5655 3615 5708 δὲ

2033 5756 2257 5810 τοιαῦτα
2291 5753 2411 5805 ς-ὶδὲ
2461 5753 2516 5803 ἐν
2565 5756 2675 5814 τοῖς
2727 5754 2866 5804 καῖὲι
2909 5753 3179 5804 πολιτείαν
3219 5749 3613 5819 πνευματικοῖς

2043 5847 2505 5918 πῖιρῤησιάζονται
2541 5844 2694 5912 εἴπερ
2729 5843 3107 5913 εὐνομούςλεθκ
3131 5861 3139 5870 ·
3167 5841 3242 5913 τῷ
3272 5843 3328 5896 δὲ
3359 5841 3456 5910 τῆς
3493 5841 3616 5909 ἑορη
