4050 6490
451 424 561 488 665

1273 424 1354 483 1N
1395 424 1731 485 HYMNUM
1770 424 2422 487 PEV'I‘ECUSPALEM
2470 427 2932 488 DAMASCENI.

3604 423 3708 483 666

445 534 546 603 τῆς
596 533 837 603 εὐκταίῳ
870 534 1149 602 Πνεῦμα-ιι
1187 533 1261 602 τῷ
1295 533 1600 603 εὐθυτάτῳ,
1645 533 1913 585 ἀντιθετεῖ
1967 532 2025 585 τὸ

2131 540 2342 606 spiritui
2388 540 2736 603 rectissim,
2807 538 3103 609 opponitur
3149 537 3516 600 tlltstnonium;
3565 539 3705 603 quo!

451 625 725 695 δαιμόνιον
744 643 758 657 ·
791 625 820 679 ὀ
843 625 937 679 καὶ
974 626 1102 687 τοὺς
1130 625 1338 694 κύκλῳ,
1368 625 1660 693 ψαλμικῶς
1695 625 1889 688 εἰπεῖν,
1922 641 2023 675 πε-

455 715 818 783 ριπατοῦντας
856 698 1134 786 περιάγει,
1172 714 1265 767 καὶ
1296 714 1451 767 οὐδὲν
1481 713 1687 780 ἀγαθον
1719 714 1858 782 πρὸς
1891 714 2024 780 ἀλή·

450 807 603 860 θειαν
640 807 914 876 εὐθύτητα
965 809 1127 874 ποιεῖ,
1172 806 1308 860 ἀλλὰ
1343 806 1599 876 στρεῦλοῖ
1629 805 1696 859 τὰ
1731 806 1908 857 πάντα
1945 806 2025 866 εἰς

449 900 514 951 τὸ
561 898 694 966 ἡμῖν
744 899 1085 969 ἀσύμφορον,
1135 901 1182 951 εί
1220 898 1295 968 μὴ
1347 897 1407 949 τὸ
1460 896 1617 959 εύθές
1664 895 2023 962 ἀντιπράττει

451 989 683 1059 Πνεῦμα
722 989 953 1060 βοηθοῦν
982 992 1112 1060 ἡμῖν
1133 1007 1148 1021 ·
1176 989 1268 1043 διὰ
1296 989 1407 1041 τῶν
1429 987 1682 1056 ὲγκάτων
1709 987 1766 1040 δὲ
1796 987 1898 1054 τῆς
1921 986 2026 1055 ψυ-

450 1084 550 1154 χῆς
585 1085 681 1138 καὶ
712 1085 821 1137 τῶν
872 1084 993 1138 κατ’
1036 1085 1209 1150 αὐτὴν
1258 1086 1521 1139 ποικίλων
1567 1085 1756 1139 θεόθεν
1802 1083 2024 1137 ἐννοιῶν

448 1174 746 1230 αἰνίττεται
784 1176 967 1244 βάθος,
1000 1178 1122 1231 καθ’
1150 1176 1178 1230 6
1220 1178 1622 1249 σημαινόμενον
1658 1180 1751 1231 καὶ
1788 1179 1815 1231 6
1859 1175 2026 1229 Δαόὶδ

450 1266 564 1327 τοῖς
594 1265 761 1320 αὐτοῦ
793 1267 942 1328 ἐντὸς
979 1268 1222 1335 εὐλογεῖν
1255 1269 1315 1323 τὸ
1358 1268 1531 1338 ὄνομα
1573 1268 1782 1339 Κυρίου
1809 1268 2021 1321 ἐπιτέλ-

451 1356 603 1409 λεται
623 1372 639 1387 ο
668 1356 727 1421 ὃς
750 1358 848 1412 καὶ
870 1362 935 1412 ἐκ
964 1361 1222 1413 τοιούτων
1252 1359 1464 1431 βαθέων
1493 1358 1787 1431 κεκραγὼς
1812 1360 1889 1427 τῷ
1918 1360 2026 1411 Κυ-

458 1448 558 1518 ρίῳ
587 1448 955 1506 εἰσακούεται.
997 1450 1118 1523 Χρὴ
1148 1453 1256 1522 γὰρ
1286 1453 1393 1505 πᾶν
1424 1452 1630 1520 ἀγαθὸν
1660 1449 1891 1521 ψυχικὸν
1950 1449 2024 1520 μὴ

451 1539 775 1594 ἐπιπόλαιον
820 1541 1213 1612 προφέρεσθαι,
1269 1541 1388 1594 ἀλλ’
1435 1543 1707 1612 οἰκουρεῖν
1756 1541 1814 1593 ἐν
1871 1540 2023 1611 βάθει

450 1633 843 1701 ταμιευτικῶς,
875 1632 1153 1704 θησαυροῦ
1198 1633 1376 1703 δίκην,
1403 1630 1446 1702 ᾧ
1476 1634 1572 1687 καὶ
1599 1635 1630 1703 ἡ
1663 1632 1759 1687 τοῦ
1791 1631 2026 1687 καθέκα-

454 1739 585 1776 στον
613 1722 812 1792 καρδία
846 1725 1064 1778 σύνεστι
1114 1725 1266 1778 κατὰ·
1288 1723 1387 1795 τὴν
1423 1724 1586 1791 ἁγίαν
1617 1722 1865 1793 Γραφήν.
1896 1719 1967 1775 Ὀ
1980 1738 2024 1772 τι

450 1815 509 1869 δὲ
558 1815 620 1869 τὸ
666 1817 943 1884 ἐγκάτοις,
972 1817 1202 1883 ἐγκασιν
1241 1815 1345 1885 ἔφη
1387 1818 1416 1870 6
1449 1817 1507 1869 ἐν
1537 1817 1650 1878 τοῖς
1702 1813 1809 1879 ἔξω
1862 1812 2026 1879 σοφὸς

453 1907 706 1976 ποιητὴς,
736 1907 902 1977 δῆλον
951 1909 1062 1971 τοῖς
1095 1908 1326 1961 εἰδόσινο
1360 1908 1419 1971 ὃς
1453 1908 1549 1962 καὶ
1593 1906 1655 1961 τὸ
1712 1903 2027 1977 προσώποις

453 1998 814 2071 προσώπασιν
835 2000 1095 2072 ἔγραψενο
1114 2000 1319 2071 ὁμοίως
1340 2001 1398 2054 τὸ
1413 2001 1633 2071 ἄστροις
1649 2000 1904 2071 ἄστροισι,
1933 2000 2027 2053 καὶ

452 2093 685 2165 ὀνείροις
703 2093 970 2164 ὀνείρασι.
990 2093 1064 2147 Τὸ
1082 2094 1137 2147 δὲ
1155 2093 1408 2165 μόλυσμα
1424 2095 1487 2147 ἐκ
1504 2093 1597 2147 τοῦ
1616 2093 1830 2163 μολύνω
1846 2110 1921 2145 πα
1931 2110 2030 2162 ρη-

452 2185 658 2255 γμένον
688 2186 946 2254 ἀναλογεῖ
974 2185 1110 2257 πρὸς
1135 2187 1196 2240 τὸ
1228 2188 1430 2256 μιαίνω
1459 2187 1696 2257 μίασμα,
1728 2187 1820 2240 καὶ
1848 2186 2027 2254 ἠδύνω

449 2276 672 2346 ἥδυσμα
698 2293 713 2310 ο
743 2277 805 2330 τὸ
834 2277 892 2331 δὲ
915 2277 1149 2340 αίωνίως
1171 2277 1309 2348 προς
1340 2277 1400 2330 τὸ
1428 2277 1661 2331 πάντοτε
1699 2275 2026 2346 ἀρμοστέον,

452 2369 540 2423 ῖνα
574 2368 642 2423 δι’
667 2369 833 2439 εὐχῆς
884 2370 1019 2440 ἡμῖν
1067 2368 1180 2438 εἴη,
1230 2368 1465 2431 αίωνίως
1508 2369 1566 2421 ἐν
1609 2368 1744 2438 ἡμῖν
1774 2367 1836 2421 τὸ
1871 2367 2028 2435 ἆγιον

452 2460 680 2531 Πνεῦμα
727 2457 870 2514 εἶναι
920 2461 982 2515 τὸ
1037 2460 1271 2515 πάντοτε
1326 2459 1675 2532 συνημμένον
1705 2459 1784 2528 τῷ
1819 2461 2028 2513 Παντο-

451 2551 702 2622 κράτορι.
740 2551 814 2603 Τὸ
842 2550 899 2605 δὲ
933 2549 1108 2621 ῥύπου
1167 2551 1454 2622 ῥυπτικὸν,
1483 2550 1600 2603 έστι
1634 2550 1734 2620 μὲν
1768 2548 2030 2619 ἐτυμολο-

451 2643 612 2710 γικοῦ
643 2642 869 2714 τρόπου,
905 2642 1164 2713 Ἀττικῆς
1211 2642 1269 2696 δὲ
1320 2644 1509 2712 κοινῆς
1560 2642 1808 2713 γλώττης
1837 2643 2027 2713 ὥρμη-

452 2751 542 2791 ται
563 2751 578 2766 ο
600 2736 848 2790 τοιοῦτον
873 2736 928 2790 δὲ
951 2737 1047 2791 καὶ
1072 2737 1135 2791 τὸ
1163 2736 1311 2805 λέγω
1337 2736 1516 2805 λόγον,
1536 2735 1630 2789 καὶ
1656 2735 1809 2789 ὑπνῶ
1834 2733 2025 2800 ῦπνον,

454 2830 551 2885 καί
581 2832 647 2885 τά
678 2831 858 2900 ὅμοια.

623 3033 667 3089 Τ
659 3033 957 3102 ροπάριον
983 3032 1266 3102 δεύτερον
1311 3030 1421 3100 τῆς
1448 3031 1629 3099 ἕκτης
1651 3031 1832 3099 ᾠδῆς.

525 3188 669 3244 XVI.
713 3189 967 3260 Ὀρεκτὺν
997 3187 1216 3259 ἀξίωμα
1249 3190 1363 3251 τοῖς
1393 3187 1734 3251 ἀποστόλοις·

700 3282 984 3351 Σιωνίταις
1019 3283 1282 3351 μίμνουσι
1312 3280 1411 3350 σὴν
1442 3280 1767 3350 παρουσίαν,

692 3360 993 3443 Γνώρισμδα
1026 3371 1250 3441 Πνεῦμα
1279 3371 1721 3442 πατρογεννήτου
1740 3371 1912 3439 Λόγου

698 3463 913 3535 Λέσχην
942 3461 1124 3531 ἀπηνῆ
1154 3461 1262 3515 τῶν
1296 3461 1466 3517 ἐθνῶν
1494 3461 1916 3531 ποππυσμάτων

702 3555 934 3607 Ὠκιστα
964 3555 1173 3618 δεικνὺς
1210 3553 1504 3624 πυρπνόως
1526 3552 1861 3624 καθιδρύεις.

528 3653 662 3718 ρνγ’.
697 3645 1002 3716 Εὖξώμεθα
1051 3646 1109 3699 ἐν
1149 3643 1228 3715 τῷ
1271 3645 1501 3716 παρόντι
1533 3646 1815 3717 τροπαρίῳ
1863 3662 2023 3715 περι-

342 3804 355 3817 λ
453 3740 639 3808 τυχεῖν
673 3739 999 3808 ἀντιγρ5;φῳ
1032 3736 1315 3806 ἀσφάλτῳ.
1351 3730 1448 3800 Οἷς
1480 3736 1588 3807 γὰρ
1643 3735 2025 3808 ἐνεκύρσαμεν

451 3833 553 3884 οὐκ
584 3831 697 3885 ἔστι
736 3830 943 3902 μέμψιν
971 3829 1129 3895 ἀξίαν
1159 3832 1475 3897 ἐπενεγκεῖν
1497 3845 1512 3861 ο
1537 3827 1617 3897 τῷ
1642 3829 1779 3891 τέως
1801 3829 1857 3883 δέ
1881 3830 2025 3901 γρά-

452 3924 652 3994 ψαντες
682 3923 819 3994 πρὸς
850 3924 919 3978 τὰ
946 3922 1347 3994 παρευρημένα
1395 3923 1547 3987 ὅπως
1597 3925 1908 3995 ῖσχύσομεν,
1933 3923 2026 3979 ὕσ-

450 4032 613 4086 τερον
644 4018 734 4071 ὅτε
783 4015 917 4087 ὀρθῇ
971 4015 1183 4068 ἐκδόσει
1236 4013 1690 4087 περιτευξόμεθα,
1721 4015 1842 4068 τότε
1886 4019 2027 4069 ἀνα.

453 4108 751 4179 κάμψομεν
776 4106 838 4161 τὸ
865 4106 964 4160 οὐκ
989 4103 1143 4160 εὐθύ.
1173 4106 1425 4174 Λέγομεν
1456 4104 1552 4161 οὖν
1586 4108 1844 4177 ἀφορμὰς
1879 4107 2029 4177 είλη-

454 4204 617 4271 φότες
641 4201 702 4254 ἐκ
728 4217 872 4261 τινος
900 4198 1320 4269 προῦπάρξεως,
1346 4199 1428 4253 ὅτι
1459 4198 1607 4253 δοκεῖ
1629 4200 1762 4271 πρὸς
1784 4200 1844 4254 τὸ
1870 4202 2027 4269 ἅγιον

455 4293 873 4362 ἀποτεινόμενος
903 4290 1131 4361 Πνεῦμα
1153 4291 1180 4343 6
1204 4289 1466 4360 μελῳδὸς,
1486 4289 1669 4358 λέγειν
1695 4288 1843 4344 οὕτω
1866 4305 1985 4352 πως
2008 4304 2023 4320 ⁸

450 4381 523 4440 Ὦ
579 4385 806 4456 Πνεῦμα
852 4384 1031 4453 ἅγιον,
1073 4381 1361 4453 γνώρισμα
1397 4382 1492 4436 τοῦ
1529 4382 1586 4448 ἐξ
1625 4383 1862 4453 ἀνάρχου
1918 4384 2029 4436 Πα-

2129 629 2227 683 lmc
2261 641 2316 684 et
2347 631 2469 685 illac
2518 630 2886 693 ambulantes,
2932 638 2991 684 ut
3041 645 3164 683 cum
3216 629 3448 684 Psalmis
3493 626 3705 693 lozptar.

2127 723 2511 784 circumducit.
2563 738 2665 778 nec
2720 723 2889 777 ullum
2946 722 3150 775 bonum
3199 720 3355 789 juxta
3419 719 3700 771 veritatem

2127 814 2456 869 rectitudine
2488 814 2635 875 facit.
2676 815 2769 870 sed
2804 814 2991 869 omnia
3022 812 3313 882 deturquet
3353 811 3419 865 ad
3450 820 3697 864 nostrum

2128 903 2561 972 incommodum,
2592 905 2696 961 nisi
2730 905 2954 975 spiritus
2990 911 3196 967 rectus,
3242 901 3398 956 nobis
3430 900 3694 954 auxilium

2128 1008 2429 1065 praestans,
2476 999 2729 1052 obsistat.
2780 998 2880 1054 Per
2926 997 3122 1049 animae
3169 996 3380 1049 viscera
3426 993 3697 1048 variarum

2129 1090 2304 1157 ipsius
2338 1104 2368 1142 a
2401 1089 2509 1143 Deo
2541 1091 2931 1156 cogitationum
2968 1091 3312 1162 profunditas
3360 1087 3692 1145 insinuatur,

2125 1180 2282 1246 juxta
2310 1180 2453 1248 quod
2484 1180 2848 1250 significatum
2885 1182 3048 1236 David
3086 1182 3169 1236 bis
3196 1196 3318 1249 qua)
3340 1180 3482 1233 intra
3516 1177 3693 1245 ipsum

2130 1281 2280 1340 sunt,
2311 1281 2371 1326 ut
2400 1288 2600 1328 nomen
2646 1274 2860 1328 Domini
2907 1275 3256 1335 benedicaut,
3302 1270 3569 1340 praecipit.
3634 1267 3703 1321 Et

2129 1364 2315 1430 etiam,
2356 1367 2503 1418 enim
2532 1379 2596 1418 ex
2626 1365 2829 1420 talibus
2854 1364 3137 1434 profundis
3185 1363 3442 1419 clamavit
3486 1362 3552 1413 ad
3601 1359 3702 1413 Do-

2128 1456 2377 1523 minum,
2426 1456 2740 1512 exauditur.
2790 1457 3016 1527 Oportet
3079 1457 3223 1510 enim
3292 1469 3453 1509 omne
3498 1453 3698 1506 bonum

2128 1547 2324 1602 animm
2368 1563 2474 1601 non
2508 1549 2574 1603 ad
2619 1548 2970 1616 superficiem
3023 1546 3277 1617 proferri,
3319 1546 3414 1601 sed
3466 1544 3705 1613 pretiose

2128 1635 2323 1691 domus
2372 1637 2426 1691 in
2472 1636 2749 1706 profundo
2793 1638 3087 1705 custodiri,
3146 1637 3293 1692 sicut
3352 1635 3699 1692 thesaurum.

2130 1727 2216 1781 cui
2260 1724 2415 1794 juxta
2451 1742 2667 1782 sacram
2712 1727 3080 1797 Scriptorum,
3126 1724 3571 1794 uniuscujusque
3609 1737 3705 1776 cor

2131 1815 2451 1884 apponitur.
2507 1817 2663 1885 Quod
2711 1827 2892 1872 autem
2916 1832 3109 1873 evocem
3151 1815 3432 1885 ἐγκάτοις,
3476 1813 3704 1882 ἐγκασιν

2129 1909 2265 1964 dixit
2295 1907 2513 1978 sapiens
2539 1909 2678 1979 apud
2705 1919 2922 1966 exteros
2945 1920 3123 1979 poeta,
3152 1908 3283 1964 viris
3305 1906 3485 1962 doctis
3513 1914 3703 1960 notum

2128 2009 2213 2056 est
2246 2016 2261 2054 ι
2293 2001 2551 2056 similiter
2578 2003 2800 2072 scripsit
2860 2001 3223 2073 προσώπασιν
3255 2016 3351 2071 pro
3382 1996 3704 2070 προσώποις

2127 2091 2363 2164 ἄστροισι
2389 2108 2489 2164 pro
2529 2093 2773 2165 ἄστροις,
2813 2104 2870 2150 et
2895 2094 3140 2164 ὀνείρασι
3173 2108 3273 2164 pro
3302 2090 3555 2159 ὀνείροις.
3585 2088 3698 2144 Vox

2128 2191 2311 2238 autem
2344 2184 2601 2254 μόλυσμα
2624 2199 2654 2239 c
2676 2185 2843 2240 verbo
2875 2184 3090 2255 μολύνω
3120 2184 3399 2237 derivatur
3422 2179 3704 2248 analogiec

2128 2289 2252 2328 cum
2289 2275 2532 2345 εμιαίνω
2580 2275 2820 2348 μίασμα,
2874 2286 2928 2331 et
2975 2276 3154 2346 ἠδύνω
3209 2275 3453 2346 ἥδυσμα.
3492 2271 3704 2327 Adver-

2129 2367 2277 2421 bium
2312 2368 2550 2432 αῐωνίως
2573 2369 2728 2439 juxta
2769 2369 3005 2424 πάντοτε
3037 2363 3570 2423 accommodandum
3597 2370 3700 2426 est,

2128 2467 2187 2512 ut
2225 2458 2384 2513 nobis
2421 2459 2493 2513 sit
2518 2458 2578 2514 in
2604 2468 2732 2515 voto
2768 2474 2983 2529 semper
3010 2457 3289 2530 (αίωνῐως)
3315 2457 3370 2511 in
3397 2454 3553 2510 nobis
3581 2467 3702 2507 esse

2132 2546 2405 2618 Spiritum
2450 2561 2726 2618 sanctum,
2763 2551 2856 2621 qui
2881 2567 3099 2606 summo
3130 2549 3454 2605 dominatori
3487 2560 3705 2614 semper

2131 2640 2413 2712 (πάντοτε)
2449 2643 2822 2714 coniungitur.
2861 2642 2972 2699 Hoc
2994 2652 3175 2698 autem
3207 2642 3382 2711 primo
3418 2636 3702 2712 ῥυπτικόν,

2128 2738 2218 2784 est
2247 2731 2468 2799 quidem
2507 2733 2909 2802 etymOIOgieus
2955 2741 3166 2801 tropus.
3201 2731 3377 2785 Attica
3399 2744 3527 2783 vero
3556 2742 3706 2783 com-

2129 2822 2281 2876 muni
2320 2803 2507 2892 lingua
2555 2825 2847 2879 formatur.
2896 2823 3049 2879 Talia
3092 2835 3220 2880 snut
3252 2842 3266 2879 :
3304 2821 3448 2892 λέγω
3500 2822 3703 2890 λόγον,

2127 2913 2283 2967 ὑπνῶ
2319 2914 2510 2982 ὕπνον,
2541 2927 2594 2972 et
2626 2917 2852 2973 similia.

2408 3027 2728 3097 Troparium
2767 3030 3053 3085 secundum
3084 3031 3200 3086 ode:
3227 3040 3410 3087 sexla’.

2302 3188 2627 3260 Appetibilis
2652 3190 2893 3261 dignitas
2928 3193 3198 3260 apostolis
3228 3213 3242 3248 :

2237 3280 2614 3346 Siouensibus,
2642 3285 3086 3354 exspectantibus
3123 3298 3270 3341 tuam
3302 3286 3668 3356 prteSeutiam,

2231 3371 2386 3438 Nota,
2430 3370 2666 3441 Spiritus
2690 3374 2855 3444 geniti
2886 3390 2917 3430 a
2947 3374 3107 3430 Patre
3140 3374 3322 3442 Verbi,

2230 3460 2412 3530 Nugas
2443 3463 2688 3518 iulicetas
2717 3463 3104 3521 blanditiarum
3135 3467 3377 3539 gentium

2229 3552 2493 3609 Celeriter
2521 3565 2858 3621 monstrans,
2880 3556 2934 3611 in
2959 3558 3064 3614 illis
3094 3559 3267 3616 instar
3290 3559 3434 3630 ignis
3458 3560 3684 3617 insidcs.

2195 3645 2317 3700 l55.
2358 3643 2593 3701 Gloriari
2657 3662 2955 3718 possumus
3012 3651 3067 3705 in
3133 3651 3235 3707 hac
3305 3655 3530 3723 stroplie
3596 3669 3696 3708 nos

2124 3738 2436 3795 occurrisse
2481 3747 2599 3796 tuto
2640 3741 2939 3812 exemplari
2980 3760 2995 3797 :
3027 3743 3111 3800 bis
3140 3745 3286 3801 enim
3314 3746 3511 3816 quibus
3546 3747 3695 3802 obvii

2122 3830 2331 3888 fuimus
2373 3832 2510 3888 nihil
2555 3834 2948 3915 exprobatione
2993 3835 3218 3908 dignum
3267 3839 3457 3896 inferri
3496 3851 3695 3910 potest.

2124 3924 2422 3996 llucusque
2444 3939 2577 3981 vero
2601 3940 2728 3981 cum
2780 3929 3079 3984 secundum
3129 3931 3373 3999 inventa,
3422 3932 3700 4001 quomodo

2126 4016 2451 4081 valeremus,
2485 4018 2833 4090 scripsimus,
2888 4032 3077 4093 postea
3105 4039 3230 4079 eum
3267 4024 3493 4080 editioni
3539 4036 3702 4082 rectze

2128 4125 2503 4179 occurremus,
2531 4119 2662 4167 tunc
2681 4114 2826 4183 quod
2855 4128 2960 4169 non
2990 4122 3075 4170 est
3102 4125 3310 4173 rectum
3336 4118 3700 4189 corrigemus.

2128 4200 2371 4256 Dicimus
2398 4217 2550 4272 ergo,
2568 4204 2850 4260 exordium
2882 4220 2947 4261 ex
2964 4207 3293 4277 quibusdam
3329 4210 3702 4280 praeeuntibus

2127 4294 2384 4359 mutuati,
2415 4295 2560 4364 quod
2594 4294 2815 4369 videtur
2860 4298 2926 4354 ad
2960 4310 3210 4356 sanetum
3257 4304 3501 4358 intentus
3532 4302 3706 4373 Spiri-

2130 4390 2243 4437 tum
2275 4393 2439 4454 poeta
2466 4375 2540 4440 ita
2570 4387 2977 4456 quodammodo
3008 4390 3194 4447 dicere
3228 4411 3244 4447 :
3279 4391 3324 4449 Ο
3362 4402 3550 4450 sancte
3580 4393 3703 4464 Spi-

445 4481 576 4552 τρδς
630 4478 985 4550 γεννηθέντος
1032 4476 1167 4530 Υἰου
1219 4477 1312 4530 τοῦ
1359 4474 1518 4529 Θεοῦ.
1561 4474 1650 4537 Ὦς
1697 4476 1807 4546 γὰρ
1840 4477 1868 4528 6
1897 4475 2025 4539 Υἱὸς

2131 4470 2291 4534 ritus,
2342 4470 2469 4526 Filii
2527 4472 2654 4540 Dei,
2708 4490 2777 4529 ex
2829 4473 2988 4530 Patre
3037 4479 3361 4549 principium
3422 4485 3703 4539 nesciente

447 4550 584 4645 ἡμῖν
630 4571 724 4626 τὸν
762 4573 982 4633 Πατέρα
1031 4568 1315 4638 γνωρίζει,
1365 4565 1509 4621 οὕτω
1541 4567 1604 4620 σὺ
1646 4569 1736 4621 τὶν
1769 4566 1920 4619 Υίὸν·
1950 4563 2022 4618 Ὦ

2128 4562 2321 4630 geniti,
2369 4564 2654 4629 revelatio,
2708 4565 2852 4619 sicut
2894 4565 3041 4620 enim
3094 4565 3264 4624 Filius
3310 4570 3470 4626 nobis
3504 4574 3706 4627 revelat

451 4668 598 4722 πάνυ
630 4665 856 4737 ὀρεκτὸν
881 4663 1101 4733 ἀξίωμα
1132 4664 1248 4727 τοῖς
1278 4660 1601 4722 ἀποστόλοις
1634 4663 1746 4723 τοῖς
1780 4661 1837 4713 ἐν
1885 4659 2024 4714 Σιὼν

452 4757 784 4829 καθημένοις
804 4756 898 4810 καὶ
930 4755 1262 4825 ἀναμένουσι
1293 4751 1393 4823 τὴν
1420 4751 1727 4823 παρουσίαν
1757 4769 1854 4805 σου
1881 4751 2027 4806 καθά

452 4850 946 4924 παρηγγέλθησαν,
971 4849 1035 4903 σὺ
1069 4848 1146 4911 ὡς
1180 4848 1314 4911 Θεὸς
1348 4845 1644 4917 πυρπνόος,
1674 4846 1766 4899 καὶ
1803 4844 1872 4898 δι’
1893 4845 2027 4899 αὐτὸ

448 4943 705 5017 φοὸερδς,
731 4940 948 5004 δεικνὺς
979 4939 1080 5010 τὴν
1116 4938 1320 5009 λέσχην
1356 4939 1451 4991 καὶ
1499 4936 1599 5007 τὴν
1653 4935 1871 5005 ὁμιλίαν
1916 4935 2026 4990 τῶν

449 5036 595 5093 κατὰ
624 5037 696 5091 τά
724 5033 854 5103 ἔθνη
886 5032 956 5085 τά
987 5032 1062 5103 μὴ
1102 5029 1274 5084 πιστά
1315 5027 1736 5097 ποππυσμάτων
1761 5045 1773 5058 ν
1801 5028 1885 5082 ὅτι
1923 5028 2026 5082 οὐκ

447 5130 597 5184 ἐστιν
631 5127 813 5196 ἐκείνη
849 5120 1219 5193 πνευματικὴ,
1249 5119 1387 5175 ἀλλά
1429 5119 1645 5189 ἀπηνὴς
1677 5117 1883 5172 ὤκιστα
1931 5119 2026 5172 καὶ

449 5223 549 5277 σὺν
590 5219 771 5274 οὐδενὶ
821 5216 970 5286 πόνῳ
1019 5212 1334 5283 καθιδρύεις
1368 5212 1497 5275 τοὺς
1546 5209 1829 5272 ἐθνικούς·
1858 5210 2026 5280 ἤγουν

448 5314 639 5379 ἅπλῶς
671 5311 917 5376 καθίζεις
950 5307 1045 5362 καὶ
1094 5305 1239 5360 οὕτω
1288 5306 1678 5373 κατασιγάζεις
1707 5304 1802 5357 καὶ
1836 5307 2028 5374 ἀκινηο

448 5407 624 5473 τίζειν
654 5406 851 5468 ποιεῖς,
885 5402 963 5464 ὡς
991 5400 1191 5470 μηκέτι
1246 5398 1421 5468 μέθην
1452 5393 1593 5452 εἶναι
1637 5396 1884 5466 νομίζειν
1927 5396 2026 5467 τὴν

449 5495 819 5564 ἁποστολικὴν
855 5491 1146 5564 ῥητορείαν
1167 5506 1180 5521 ο
1202 5491 1299 5543 καὶ
1320 5489 1565 5544 τοιοῦτον
1597 5489 1697 5559 μέν
1723 5487 1798 5554 ὡς
1826 5489 1890 5542 ὲκ
1914 5489 2026 5543 τῶν

454 5589 890 5655 παραπεσόντων
943 5585 1294 5653 ἀντιγράφων
1328 5585 1713 5655 ὴρανισάμεθα
1761 5583 1889 5638 νοῦν
1925 5585 2025 5656 δη-

450 5671 670 5740 λοῦντα,
703 5673 779 5735 ὡς
829 5676 888 5726 ἐν
938 5671 1106 5741 ὀλίγῳ
1143 5671 1378 5740 φράσαι,
1407 5672 1490 5727 ὅτι
1520 5670 1592 5728 Ὦ
1617 5674 1771 5742 ἅγιον
1803 5673 2024 5742 Πνεῦμα

451 5765 553 5833 τὴν
577 5764 801 5834 ἐθνικὴν
832 5762 1101 5833 φλυαρίαν
1132 5763 1272 5831 ταχὺ
1311 5763 1386 5827 ὡς
1426 5763 1558 5827 Θεὸς
1589 5764 2027 5835 παραδειγματί-

458 5868 577 5920 σας,
628 5853 1003 5917 κατέπαυσας.
1052 5854 1117 5907 Ei
1169 5852 1224 5907 δὲ
1280 5854 1338 5908 τὸ
1389 5854 1683 5924 πυρπνόως
1737 5855 2024 5927 ἐπίρῤημά

2129 4649 2369 4716 Patrem,
2399 4652 2565 4708 sic-et
2595 4664 2651 4708 tu
2682 4651 2878 4708 Filium
2906 4670 2921 4720 ;
2959 4682 3030 4698 -—
3059 4654 3104 4710 0
3137 4657 3383 4726 dignatio
3409 4659 3565 4714 valde
3602 4660 3703 4713 de-

2127 4741 2368 4799 sirabilis
2396 4744 2660 4813 apostolis
2711 4745 2766 4801 in
2819 4745 2951 4802 Sion
2981 4747 3296 4805 sedentibus
3336 4753 3698 4820 exspectanti-

2128 4834 2343 4905 busque
2378 4843 2552 4904 tuam,
2586 4846 2646 4894 ut
2679 4837 2815 4908 ipsis
2844 4849 2930 4895 est
2973 4842 3266 4910 promissa,
3316 4842 3699 4912 praesentiam;

2129 4935 2187 4983 tu
2225 4936 2488 4999 tanquam
2521 4928 2666 4987 Deus
2697 4930 2950 5002 igniﬂaus
2978 4932 3302 5005 (πυρπνόος)
3338 4943 3393 4991 et
3437 4934 3560 4989 ideo
3596 4942 3704 4989 tre-

2127 5021 2378 5087 mendus,
2412 5024 2707 5077 ostendens
2735 5023 2903 5079 relate
2936 5025 3006 5079 ad
3041 5024 3296 5081 ethnicos
3342 5039 3452 5081 non
3513 5025 3701 5081 ﬁdeles

2128 5113 2530 5183 seductionem,
2571 5116 3087 5173 sermocinationem
3124 5132 3189 5172 ac
3206 5116 3700 5181 conversationem,

2125 5205 2273 5274 quod
2302 5220 2412 5261 non
2438 5217 2520 5263 est
2556 5207 2887 5277 spiritualis,
2935 5211 3035 5265 sed
3071 5209 3328 5273 crudelis,
3363 5211 3614 5280 protinus
3648 5219 3702 5264 rt

2126 5297 2332 5366 absque
2359 5297 2471 5354 ullo
2517 5298 2704 5354 labore
2736 5298 2858 5356 illos
2901 5301 2968 5355 ad
2998 5308 3199 5356 terram
3227 5303 3560 5370 prosternis,
3589 5301 3703 5356 sive

2127 5389 2450 5459 simpliciter
2485 5391 2698 5459 sedere,
2731 5392 2922 5464 sicque
2956 5393 3119 5449 silere
3146 5410 3211 5449 ac
3239 5395 3360 5451 sine
3400 5404 3550 5449 motu
3581 5410 3702 5449 esse

2126 5483 2298 5554 cogis,
2322 5485 2515 5554 utjam
2559 5501 2665 5540 non
2701 5495 2891 5556 putent
2923 5487 3241 5544 ebrietatem
3270 5503 3391 5545 esse
3425 5488 3703 5559 apostolo-

2127 5590 2249 5631 rum
2288 5576 2680 5647 eloquentiam.
2737 5577 2924 5634 Talem
2976 5580 3229 5651 equidem
3269 5588 3329 5635 ut
3360 5595 3426 5636 ex
3476 5590 3704 5650 praeter-

2128 5669 2296 5739 lapsis
2328 5670 2735 5739 exemplaribus
2756 5671 3004 5727 eruimus
3030 5687 3252 5729 sensum
3282 5672 3699 5743 significantem,

2129 5771 2189 5817 ut
2224 5762 2460 5817 breviter
2490 5763 2703 5832 loquar,
2725 5764 2869 5819 istud
2895 5783 2906 5818 :
2940 5763 2986 5820 Ο
3017 5772 3203 5820 sancte
3232 5763 3490 5830 Spiritus,
3522 5764 3703 5818 ethni-

2138 5869 2255 5910 caui
2290 5854 2663 5924 garrulitatem
2697 5855 2808 5912 cito
2845 5866 3105 5926 tanquam
3141 5857 3199 5911 D:
3219 5872 3283 5911 us
3312 5855 3564 5924 stigmate
3597 5871 3701 5912 no-
