4050 6428
347 396 454 461 667

1070 405 1490 475 ΕΠΞἝΑΤΙΙΙΙ
1511 405 2259 470 THESSALONICENSIS
2300 408 2870 470 METROP‘JLI'L‘E

3498 406 3607 470 668

349 520 486 580 tam,
529 516 866 572 coutinuisti.
933 515 992 571 Si
1061 534 1189 572 vero
1250 518 1549 588 πυρπνόως
1602 519 1918 574 adverbium

2044 538 2196 583 ιστιν,
2220 522 2254 592 ἢ
2286 523 2347 577 τὸ
2376 523 2592 586 δεικνὺς
2622 522 2797 584 ἄλλως
2824 521 3126 591 γράφεται,
3150 522 3184 593 ἢ
3206 519 3271 574 τὸ
3293 517 3606 588 καθιδρῦεις

350 615 454 669 est,
491 607 571 659 vel
598 607 815 672 δ.ικνΞ›ς
855 609 1013 665 aliter
1045 611 1324 675 scribitur,
1366 610 1451 664 vel
1478 609 1793 681 καθιδρύεις
1831 626 1921 666 se-

352 697 529 749 cunda
561 713 793 766 persona
829 715 935 754 non
966 710 1072 767 est,
1108 717 1208 756 nec
1241 701 1567 770 simpliciter
1614 701 1919 756 sessionem

362 801 430 839 ac
456 789 694 856 quietem
716 791 1006 859 signiﬁcat,
1025 794 1140 860 sed,
1167 804 1222 848 ut
1247 794 1409 864 paulo
1429 804 1557 849 ante
1581 793 1927 848 demonstra-

352 885 468 930 tum
518 890 620 940 est,
669 895 820 935 sacra
880 891 963 937 est
1022 882 1211 948 dictio,
1277 895 1337 939 ut
1407 886 1460 939 in
1523 885 1923 940 dedicationem

352 967 436 1022 vel
469 972 519 1022 in
554 970 676 1025 solii
713 973 1186 1044 inauguratiunem
1234 977 1447 1032 dederit.
1492 976 1635 1031 Deus
1666 992 1768 1033 nos
1804 977 1928 1031 illu-

355 1074 569 1115 nunart.

428 1151 551 1206 154.
598 1153 802 1210 Bonum
829 1168 1011 1213 autem
1060 1161 1233 1215 videri
1271 1170 1456 1226 posset
1500 1162 1581 1216 sic
1619 1163 1783 1216 etiam
1831 1176 1931 1216 no-

354 1239 465 1292 tavi
516 1255 835 1308 praesentem
887 1250 1192 1318 strophen:
1242 1249 1287 1304 0
1342 1260 1531 1306 sancte
1568 1252 1832 1321 Spiritus,
1869 1260 1932 1307 ut

357 1331 564 1386 dirtum
594 1344 677 1388 est
707 1336 761 1390 in
797 1339 972 1394 trihus
1015 1356 1080 1395 ex
1131 1344 1325 1397 ordine
1367 1343 1614 1399 versibus
1658 1344 1932 1411 significa-

358 1428 494 1485 tum,
547 1431 602 1476 tu
640 1424 1023 1483 demonstrans
1067 1440 1127 1485 ut
1178 1431 1322 1486 Dens
1385 1436 1590 1487 sanctis
1644 1436 1929 1502 apostolis,

358 1510 473 1565 sive
525 1522 783 1584 tanquam
840 1521 1030 1575 doctor
1064 1524 1421 1577 manifestans
1483 1524 1665 1593 qualia
1712 1526 1934 1580 sibilent
1964 1568 1977 1577 κ

358 1602 586 1671 ethnici,
632 1604 815 1676 qualia
867 1626 995 1665 vero
1048 1614 1347 1682 theol0gica
1399 1616 1633 1669 doceant
1679 1615 1931 1686 discipuli

361 1694 477 1760 Dei,
511 1697 613 1752 hoc
641 1709 820 1755 autem
853 1707 1145 1761 ostendens
1175 1722 1269 1772 per
1295 1706 1512 1773 linguas
1543 1706 1730 1776 igneas
1760 1717 1815 1762 et
1842 1724 1935 1775 per

358 1787 737 1845 vehementem
781 1793 989 1859 ﬂatum,
1020 1807 1241 1851 sanctos
1277 1799 1559 1866 apostolos
1613 1799 1930 1863 constituis,

359 1878 475 1933 sive
504 1896 820 1952 consecras,
865 1896 921 1939 et
972 1889 1045 1941 ita
1099 1890 1439 1943 venerandos
1495 1890 1765 1954 instituis,
1817 1902 1934 1945 tau—

359 1986 519 2037 quam
564 1973 777 2029 dirinas
826 1984 1064 2039 statuas.
1106 1994 1229 2046 qum
1262 1978 1353 2032 llei
1385 1979 1605 2047 templis
1652 1980 1932 2044 illuceant,

360 2070 416 2113 et
450 2060 521 2114 ita
554 2074 910 2129 venerantur,
943 2066 1139 2135 dignas
1166 2084 1180 2121 :
1212 2076 1271 2121 ut
1304 2070 1603 2122 secundum
1635 2070 1779 2124 hanc
1806 2085 1937 2123 sen-

362 2152 612 2215 tentiam,
646 2168 800 2210 sacra
838 2155 1007 2211 dictio
1033 2157 1107 2210 sit
1137 2158 1363 2211 verbum
1407 2158 1696 2228 ἐνιδρύειν.
1746 2171 1935 2229 quate-

361 2259 467 2298 nus
498 2255 625 2301 ante
662 2250 929 2318 scrip'um
962 2260 1045 2305 est
1076 2268 1091 2305 :
1126 2249 1190 2303 Et
1233 2252 1338 2305 tale
1373 2252 1595 2319 quidem
1647 2261 1731 2307 est
1768 2254 1935 2308 istud.

360 2335 599 2392 Verbum
636 2350 816 2395 autem
850 2342 1069 2412 ἀξίωμα
1093 2343 1160 2397 de
1194 2343 1555 2397 advocatione
1595 2345 1817 2413 quidem
1856 2345 1941 2399 in-

364 2428 608 2499 telligere
634 2434 914 2501 proprium
950 2445 1075 2499 est;
1129 2436 1222 2491 sed
1256 2436 1436 2504 potius
1468 2435 1688 2504 ἀξίωμα
1715 2437 1936 2502 dicitur,

361 2521 446 2575 vel
476 2525 604 2592 quia
635 2527 893 2593 apostoli,
926 2530 1091 2582 corde
1123 2529 1327 2582 llllllltln
1358 2528 1409 2582 in
1447 2529 1527 2583 eis
1550 2536 1756 2594 creato,
1788 2527 1937 2597 digni

359 2624 521 2669 erant
551 2618 641 2686 qui
676 2616 941 2688 Spiritum
975 2630 1223 2675 sanctum
1248 2624 1577 2687 recipt‘rt‘ttl,
1613 2622 1693 2673 vel
1725 2634 1942 2689 prop'cr

364 2703 471 2758 hoc
501 2721 516 2759 :
554 2709 618 2759 ἐκ
650 2708 845 2779 πρώην
882 2709 1120 2777 ἀναξίως
1165 2711 1309 2777 ἄξιοι
1362 2711 1643 2779 γεγόνασι,
1680 2715 1767 2778 (ex
1813 2712 1940 2764 hes-

361 2802 516 2850 terna
567 2798 892 2869 indignitate
944 2803 1093 2873 digni
1142 2814 1269 2857 sunt
1305 2802 1453 2860 facti)
1492 2812 1547 2857 et
1583 2818 1775 2857 revera
1811 2819 1939 2858 cnu-

363 2883 540 2951 Spicni
592 2888 979 2959 magniﬁcique
1013 2903 1234 2961 propter
1258 2892 1432 2947 sancti
1484 2891 1722 2962 Spiritus
1760 2893 1813 2947 in
1848 2909 1944 2949 eos

364 2973 807 3043 inSpirationem.
840 2981 1070 3052 insuper
1098 2993 1275 3037 autem
1309 2984 1363 3037 in
1395 2999 1653 3040 sermone
1703 2985 1943 3054 philoso-

363 3068 527 3138 pltieo
568 3086 691 3125 cum
738 3074 1062 3133 auctoritate
1094 3074 1528 3147 (ἀξιωματικῶς)
1578 3078 1944 3141 loquebantur

2025 611 2150 681 οὐχὶ
2179 611 2433 682 δευτέρου
2471 611 2585 665 ἐστι
2618 610 2940 681 προσώπου,
2967 610 3089 664 οὐδὲ
3143 609 3327 672 ἁπλῶς
3357 607 3606 676 κάθισμα

2026 708 2121 760 καὶ
2153 708 2353 777 ἀργίαν
2384 709 2554 780 δηλοῖ,
2581 708 2717 761 ἀλλὰ
2749 709 2825 770 ὡς
2860 707 2957 761 καὶ
2995 706 3102 776 πρὸ
3144 704 3343 774 ὀλίγων
3374 700 3605 771 δεδήλω-

2023 811 2135 859 ται,
2172 797 2293 868 ίερὰ
2327 798 2474 862 λέξις
2524 798 2694 858 ἐστὶν,
2723 796 2799 859 ὥς
2830 797 2925 851 ἐπὶ
2956 796 3235 862 ἐγκαινίου
3284 793 3318 862 ἦ
3358 791 3604 861 ἐνθρονι-

2028 886 2168 956 σμοῢ
2196 886 2312 958 δοίη
2348 889 2376 941 ὀ
2405 887 2538 951 Θεὸς
2564 884 2995 956 διαφωτισθῆναί
3025 882 3193 937 ποθεν
3222 881 3393 952 ἡμᾶς.

2106 1154 2236 1229 ρνδ’.
2263 1154 2416 1221 Δόξοι
2466 1154 2523 1207 δὲ
2570 1151 2636 1207 ἂν
2681 1149 2846 1205 καλὸν
2876 1147 3018 1204 εἶναι
3058 1149 3315 1219 νοηθῆναι
3344 1147 3437 1202 καὶ
3466 1143 3609 1199 οὕτω

1980 1268 1989 1273 ·
2029 1250 2093 1304 τὸ
2128 1250 2303 1319 παρὸν
2334 1247 2636 1315 τροπάριον
2656 1262 2672 1278 ο
2695 1242 2768 1297 *Ω
2799 1244 2957 1311 ἆγιον
3013 1240 3258 1312 Πνεῦμα,
3287 1241 3362 1303 ὥς
3409 1236 3606 1310 ὲρῤἔθη

2033 1344 2090 1396 ἐν
2138 1344 2254 1404 τοῖς
2306 1342 2457 1410 τρισὶ
2506 1337 2742 1405 καθεξῆς
2790 1335 3124 1407 δηλούμενον
3154 1335 3379 1402 στίχοις,
3410 1331 3474 1383 σὺ
3503 1329 3608 1381 δει-

2033 1436 2165 1499 κνὺς
2196 1434 2273 1497 ὡς
2302 1433 2434 1496 Θεὸς
2495 1433 2607 1493 τοῖς
2657 1430 2838 1496 ἁγίοις
2893 1427 3238 1490 ἀποστόλοις,
3268 1427 3437 1495 ἤγουν
3470 1422 3612 1474 διδα-

2040 1527 2319 1589 σκαλικῶς
2404 1522 2734 1593 παραδηλῶν
2813 1523 2970 1574 ὁποῖα
3064 1519 3164 1587 μὲν
3236 1517 3613 1581 ποππύζουσιν

1994 1662 2005 1671 .
2035 1620 2081 1673 ol
2110 1619 2332 1683 ἐθνικοὶ,
2367 1620 2525 1671 ὁποῖα
2553 1616 2609 1669 δὲ
2646 1611 2993 1681 θεολογοῦσιν
3029 1614 3077 1664 oi
3136 1609 3229 1664 τοῦ
3294 1609 3430 1661 Θεοῦ
3497 1625 3608 1675 μα-

2037 1710 2219 1779 θηταὶ,
2280 1708 2498 1771 δεικνὺς
2559 1706 2617 1759 δὲ
2672 1704 2807 1758 αὐτὸ
2856 1703 2943 1755 διὰ
3000 1702 3105 1753 τῶν
3158 1699 3398 1769 πυρίνων
3429 1698 3609 1762 γλωσο

2041 1801 2149 1855 σῶν
2175 1801 2267 1854 καὶ
2300 1800 2402 1868 τῆς
2438 1798 2618 1867 βιαίας
2654 1796 2821 1862 πνοῆς
2875 1792 3188 1861 καθιδρύεις
3234 1791 3360 1853 τοὺς
3416 1788 3607 1854 ἁγίους

2037 1891 2391 1958 ἀποστόλους,
2440 1891 2609 1959 ἧγουν
2672 1888 2937 1955 ἀγιάζεις,
2991 1884 3086 1936 καὶ
3141 1881 3284 1935 οὕτω
3343 1882 3606 1949 καθιστᾷς

2036 1985 2310 2052 ἐντίμους,
2344 1983 2475 2035 ὡσεὶ
2510 1983 2603 2035 καὶ
2638 1980 2932 2047 ἀγάλματα
2968 1976 3086 2029 θεῖα
3135 1977 3281 2037 ναοῖς
3325 1971 3461 2026 Θεοῦ
3510 1973 3609 2038 ἐμ·-

2038 2077 2270 2144 πρέπειν
2298 2076 2445 2140 ἄξια,
2502 2074 2592 2126 καὶ
2628 2071 2773 2125 οὕτω
2808 2068 3168 2133 σεδάζεσθαιο
3208 2068 3299 2121 ἵνα
3335 2065 3475 2119 κατὰ
3508 2064 3611 2130 τὴν

2038 2168 2245 2221 ἔννοιαν
2279 2166 2506 2236 ταύτην,
2558 2163 2680 2234 ἱερὰ
2732 2162 2879 2227 λέξις
2930 2162 3014 2228 εἴη
3051 2160 3112 2214 τὸ
3148 2157 3434 2228 ἐνιδρὺειν,
3469 2154 3613 2208 καθὰ

2040 2264 2133 2316 καὶ
2193 2261 2301 2331 πρὸ
2356 2259 2563 2313 τούτων
2604 2258 2741 2325 γέγρ
2784 2272 2952 2309 πται·
2994 2254 3108 2308 Καὶ
3157 2250 3361 2305 τοιόνδε
3394 2248 3493 2318 μὲν
3521 2245 3615 2298 καὶ

2038 2354 2217 2409 τοῦτο.
2254 2351 2326 2406 Τὸ
2355 2353 2411 2407 δὲ
2448 2352 2600 2419 ῥῆμα
2652 2350 2870 2417 ἀξῗωμα
2927 2347 3023 2400 ἐπὶ
3078 2343 3483 2412 παρακλήσεως
3516 2338 3617 2406 μὲν

2040 2446 2233 2513 νοῆσαι
2290 2443 2559 2496 ἰδιωτικόν
2608 2442 2724 2492 ἐστι
2747 2455 2761 2467 ·
2801 2437 3000 2504 μᾶλλον
3032 2436 3090 2490 δὲ
3121 2436 3341 2501 ἀξίωμα
3370 2431 3617 2499 λέγεται,

2040 2539 2073 2607 ἦ
2103 2537 2240 2589 διότι
2276 2535 2416 2600 ἄξιοι
2450 2533 2551 2601 τῆς
2582 2530 2676 2585 τοῦ
2711 2530 2870 2598 ἁγίου
2908 2528 3232 2595 Πνεύματος
3268 2522 3540 2592 ὑποδοχῆς
3564 2520 3616 2573 οί

2040 2628 2331 2684 ἀπόστολοι
2359 2623 2501 2695 ἦσαν
2526 2626 2615 2678 διὰ
2645 2623 2704 2677 τὸ
2739 2622 2965 2693 καρδίαν
2993 2617 3176 2679 αὐτοῖς
3214 2614 3463 2684 καθαρὰν
3500 2631 3618 2666 κτι-

2043 2722 2262 2789 σθῆναι,
2288 2720 2320 2790 ἢ
2353 2719 2441 2773 διὰ
2473 2718 2534 2770 τὸ
2567 2718 2631 2769 ἐκ
2659 2714 2851 2785 πρώην
2884 2711 3117 2775 ἀναξίως
3153 2707 3296 2772 ἄξιοι
3327 2707 3612 2775 γεγόνασι,

2042 2814 2140 2870 καὶ
2172 2811 2342 2875 ὅντως
2377 2807 2745 2879 ἀξιωματικοί.
2791 2808 2887 2860 καὶ
2926 2801 3205 2872 μεγαλεῖοι
3236 2800 3325 2853 διὰ
3364 2799 3466 2868 τὴν
3520 2797 3619 2849 τοῦ

2044 2904 2202 2973 ἁγίου
2252 2903 2571 2973 Πνεῦματος
2601 2902 2681 2963 είς
2713 2897 2911 2959 αὐτοὺς
2963 2893 3254 2948 ἐπίπνοιαν
3279 2907 3293 2923 ⁸
3328 2891 3425 2943 καὶ
3455 2889 3621 2955 ἀξιω-

2047 2994 2297 3064 ματικῶς
2329 2992 2386 3046 δὲ
2422 2990 2701 3059 φιλοσόφῳ
2729 2987 2875 3056 λόγῳ
2927 2984 3152 3039 ἐλάλουν
3175 2982 3252 3045 ὡς
3285 2980 3495 3034 ἐκεῖθεν
3531 2996 3618 3030 σε⁹

2048 3082 2368 3152 σοφισμένοι
2400 3080 2776 3151 πληρὲστατα.
2812 3077 2873 3129 Εί
2902 3074 3010 3144 γὰρ
3055 3072 3373 3141 Πυθαγόρου
3407 3070 3620 3123 κενολο-

364 3159 516 3215 νοιιιιι
542 3161 739 3217 exinde
775 3165 963 3235 repleti
995 3167 1281 3235 sapientia.
1336 3165 1394 3221 Si
1442 3170 1587 3222 enim
1638 3168 1942 3241 Pythagora

2046 3176 2294 3243 γοῦντος,
2325 3177 2353 3229 ὁ
2405 3172 2625 3243 ἀπορῶν
2682 3171 2777 3226 καὶ
2825 3168 3063 3230 ἀκούσας
3116 3165 3253 3235 πρός
3302 3180 3451 3225 τινος
3510 3161 3621 3215 τῶν

366 3250 628 3319 loquente
661 3272 822 3319 vana,
856 3258 946 3312 ille
995 3258 1090 3328 qui
1136 3258 1444 3324 dubitabat,
1488 3274 1614 3314 cum
1646 3275 1673 3313 a
1708 3262 1939 3327 quodam

365 3360 434 3399 ex
464 3345 749 3417 discipulis
779 3349 898 3417 ejus
929 3350 1177 3405 audierat
1204 3370 1215 3404 :
1252 3351 1373 3418 Ipse
1402 3350 1562 3416 dixit,
1594 3366 1625 3405 a
1652 3354 1944 3421 quarrendo

368 3438 659 3503 cessabat,
724 3441 998 3507 quomodo
1065 3442 1155 3497 ille
1213 3442 1304 3513 qui
1378 3442 1678 3512 discipulos
1749 3444 1943 3513 spiritu

368 3530 562 3599 plenos
625 3531 885 3587 audiebat
952 3533 1216 3589 docentes
1299 3544 1408 3588 tam
1497 3543 1767 3603 angusta,
1836 3543 1943 3590 tam

370 3625 606 3687 exc-c-lsa,
643 3634 750 3678 tam
785 3626 1115 3680 auctoritate
1143 3626 1324 3695 plena,
1360 3635 1469 3680 tam
1498 3625 1703 3695 Spiritu
1750 3638 1941 3682 sancto

370 3719 575 3785 digna,
635 3717 997 3774 rebellatione
1050 3733 1115 3774 ac
1177 3719 1612 3775 contradictione
1682 3718 1949 3774 doctrinae

370 3811 674 3866 obstitisset
690 3810 715 3864 ἲ

445 3901 573 3958 £55.
614 3902 877 3971 Ὀρικτδν
931 3910 1110 3956 autem
1155 3902 1416 3971 apostolis
1459 3912 1578 3958 erat
1632 3902 1947 3971 huiusmodi

374 3993 643 4061 dignatio,
662 3994 774 4049 sive
798 3992 953 4047 valde
984 3992 1319 4057 desiderata,
1351 4001 1428 4060 et,
1460 3994 1606 4049 sicut
1630 3994 1949 4060 praedictum

376 4093 493 4147 est,
550 4082 810 4155 ἱμερτόν;
851 4081 1096 4151 ἱμείρειν
1165 4080 1310 4136 enim
1373 4090 1430 4137 et
1506 4082 1814 4151 ίμείρεσθαι
1864 4092 1949 4138 est

374 4174 689 4243 ἐπιθυμεῖν,
712 4181 767 4227 et
804 4169 1166 4243 (ὀρέγεσθαι),
1200 4170 1357 4239 cujus
1385 4180 1469 4227 est
1497 4172 1763 4228 derivatio
1788 4189 1952 4244 appeo

376 4265 512 4318 titus
552 4273 605 4318 et
632 4262 942 4332 appetentia
982 4261 1233 4332 (ὀρεκτὸν
1264 4271 1319 4318 et
1363 4261 1602 4333 δρεξις);
1651 4263 1768 4319 sive
1816 4279 1952 4334 pra:-

376 4355 639 4410 cellenter
660 4369 690 4407 a
729 4352 841 4408 Deo
868 4352 991 4407 data
1021 4370 1037 4408 :
1075 4351 1303 4409 verbum
1337 4354 1485 4409 enim
1518 4353 1738 4425 ὀρέγειν
1765 4354 1955 4422 hujus-

377 4445 522 4501 modi
555 4458 776 4515 quoque
799 4443 1189 4514 significationi
1226 4444 1502 4514 subiacet,
1532 4455 1592 4501 ut
1621 4446 1736 4501 sic:
1763 4443 1952 4518 δρεξόν

2048 3270 2244 3339 ἐκείνῳ
2285 3266 2601 3337 φοιτώντων
2650 3265 2731 3319 ὅτι
2794 3262 2956 3324 αὐτὸς
3012 3258 3202 3327 ἔφατο,
3238 3256 3473 3310 ἐπαύετο
3527 3253 3619 3308 τοῦ

2047 3361 2253 3430 ζητεῖν,
2308 3359 2425 3422 πῶς
2470 3357 2536 3411 ἂν
2583 3359 2611 3409 ὀ
2666 3356 2791 3417 τοὺς
2852 3350 3339 3421 πνευματοφόρους
3376 3345 3623 3417 μαθητὰς

2047 3454 2266 3508 ἀκούων
2315 3452 2672 3511 διδάσκοντας
2706 3447 2850 3502 οὕτω
2886 3446 3081 3516 σεμνὰ,
3139 3443 3236 3499 καὶ
3273 3440 3475 3512 ὑψηλὰ,
3530 3439 3627 3493 καὶ

2049 3545 2420 3615 ἀξιωματικὰ,
2452 3542 2546 3595 καὶ
2579 3539 2676 3593 τοῦ
2709 3538 2867 3608 ἁγίου
2912 3536 3230 3606 Πνεύματος
3262 3534 3409 3600 ἄξια,
3442 3531 3624 3585 ἐνέκο-

2048 3637 2152 3707 ψεν
2199 3637 2268 3691 ἂν
2303 3636 2400 3706 τὴν
2440 3631 2795 3688 διδασκαλίαν
2843 3629 3179 3691 ἑνστατικῶς
3230 3628 3324 3683 καὶ
3358 3626 3627 3693 ἀντιλογι-

2050 3745 2162 3792 κως
2189 3745 2205 3793 ;

2126 3904 2255 3979 ρνε¹.
2302 3904 2561 3977 Ὄρεκτὸν
2585 3903 2641 3959 δὶ
2673 3900 2997 3964 ἀποστόλοις
3027 3900 3089 3954 τὸ
3112 3898 3352 3953 τοιοῦτον
3384 3895 3624 3963 ἀξίωμα,

2051 4000 2085 4072 ἢ
2111 4000 2187 4063 ὠς
2215 3996 2424 4065 ἔφετῶς
2447 3994 2807 4066 ἐπιθυμητὸν,
2836 3993 2931 4047 καὶ
2955 3991 2984 4046 δ
3005 3990 3069 4062 δὴ
3093 3991 3440 4060 προείρηται,
3473 3987 3630 4053 ἱμερ-

2052 4092 2165 4146 τόν.
2211 4089 2468 4159 ’ῐμείρειν
2498 4085 2608 4156 γὰρ
2637 4085 2732 4140 καὶ
2760 4081 3076 4154 ίμείρεσθαι
3107 4078 3169 4133 τὸ
3193 4077 3507 4143 ἐπιθυμεῖν,
3534 4075 3630 4127 καὶ

2051 4184 2371 4258 ὀρέγεσθαι,
2399 4181 2460 4235 οὗ
2494 4181 2811 4251 ἐκφοίτησις
2844 4176 2907 4230 τδ
2958 4173 3189 4246 ὀρεκτὸν
3214 4171 3308 4224 καὶ
3330 4171 3364 4240 ἡ
3398 4168 3579 4238 ὄρεξις
3611 4181 3626 4197 ’

2055 4278 2089 4348 ἠ
2127 4277 2190 4331 τὸ
2220 4274 2518 4345 ἐξαιρέτως
2543 4270 2729 4325 θεόθεν
2759 4269 2948 4322 δοτόν·
2982 4267 3162 4320 κεῖται
3184 4261 3295 4333 γὰρ
3323 4259 3383 4314 τὸ
3412 4261 3629 4329 ὀρέγειν

2054 4370 2153 4424 καὶ⁸
2182 4366 2277 4421 ἐπὶ
2307 4365 2555 4421 τοιούτου
2594 4359 3027 4433 σημαινομένου,
3056 4356 3132 4422 ὡς
3162 4354 3244 4419 τὸ,
3279 4350 3508 4426 Ὀρεξόν
3539 4367 3631 4420 μοι

2056 4464 2214 4533 χεῖρα
2268 4457 2544 4529 βοηθείας,
2590 4456 2764 4526 ῆγουν
2800 4451 3066 4514 ἔκτεινον,
3110 4447 3199 4512 δός
3222 4461 3237 4477 ⁸
3261 4444 3322 4512 ἐξ
3369 4436 3432 4497 οὗ
3467 4444 3563 4497 καὶ
3595 4445 3629 4514 ὴ

378 4556 471 4609 μοι
508 4546 564 4594 et
596 4552 815 4592 manum
847 4537 1271 4598 auxiliatricem.
1310 4536 1426 4593 sive
1469 4552 1708 4608 porrige,
1742 4536 1846 4603 da;
1883 4552 1944 4591 ex

2055 4550 2443 4623 παροξυτόνως
2490 4547 2708 4618 ὀργυία,
2746 4544 2779 4613 ἢ
2812 4541 2954 4596 κατὰ
3004 4540 3131 4604 τοὺς
3184 4536 3449 4601 παλαιοὺς
3500 4553 3636 4606 προ-

375 4647 485 4700 quo
531 4629 679 4684 venit
723 4642 849 4683 cum
900 4636 1127 4684 accentu
1189 4629 1494 4698 penultimo
1555 4627 1792 4696 δργυια,
1857 4642 1952 4682 seu

373 4722 530 4790 juxta
560 4729 793 4785 veteres,
838 4733 963 4774 cum
1002 4728 1233 4774 accentu
1269 4718 1726 4789 antepenultimo,
1758 4717 1957 4788 δργυια

378 4814 550 4885 (ulna)
583 4830 597 4868 :
635 4812 820 4869 unde:
854 4812 1191 4882 ὀργυιᾶσθαι
1220 4812 1514 4866 extendere
1544 4810 1765 4864 nautica
1813 4810 1954 4866 vela.

378 4907 458 4962 Ex
499 4907 601 4960 hoc
629 4915 833 4969 autem,
867 4913 927 4960 ut
951 4905 1157 4961 dictum
1190 4912 1297 4969 est,
1337 4903 1507 4960 verbo
1537 4902 1777 4973 ὀρέγειν,
1809 4901 1958 4956 deri-

380 5008 537 5051 vatur
580 4997 744 5051 etiam
779 4995 938 5066 ἔγχος
992 4995 1229 5065 (lancea)
1270 5009 1381 5050 non
1433 4998 1688 5049 cominus
1735 4992 1958 5058 feriens,

380 5089 475 5143 sed
521 5088 757 5157 proiecta
809 5102 908 5157 per
962 5102 1160 5143 manus
1217 5085 1549 5140 tensionem.
1607 5085 1723 5139 Hoc
1775 5092 1959 5138 autem

380 5181 666 5245 Σιωνίταις
700 5190 783 5236 est
810 5195 908 5250 pro
946 5179 1434 5252 Ἱεροσολυμίταις,
1471 5193 1567 5234 seu
1611 5179 1766 5251 juxta
1801 5178 1957 5234 Sion.

382 5269 500 5324 V’ox
534 5285 664 5326 vero
700 5272 1002 5341 μίμνουσιν
1048 5280 1165 5327 tuto
1215 5270 1320 5325 dici
1357 5269 1627 5340 potuisset
1677 5270 1959 5339 μένουσιν,

383 5362 532 5417 illius
561 5362 725 5417 loco:
763 5364 822 5415 In
870 5363 1006 5417 Sion
1057 5361 1425 5433 ἀναμένουσιν
1462 5358 1959 5432 (exspectantibus)

383 5464 532 5509 tuam
599 5454 715 5509 sive
757 5453 838 5507 tui
887 5456 1228 5522 praesentiam
1273 5472 1289 5511 :
1341 5454 1504 5523 elegit
1552 5462 1735 5508 autem
1799 5460 1959 5520 poeta

381 5545 530 5616 quod
554 5547 728 5616 magis
749 5544 1022 5615 poeticum
1041 5554 1197 5610 erat;
1234 5546 1600 5601 communiter
1635 5544 1780 5599 enim
1817 5544 1963 5607 μένω

384 5640 674 5694 dicimus:
719 5635 933 5709 poetice
996 5652 1127 5691 vero
1187 5638 1485 5692 derivatum
1542 5637 1751 5706 μίμνω.
1810 5633 1961 5689 Talia

385 5737 517 5784 sunt.
540 5729 688 5783 τέκω
720 5728 913 5791 τίκτω,
956 5726 1066 5797 ἔχω
1090 5728 1250 5798 ἴσχω,
1285 5739 1337 5785 ct
1379 5730 1599 5784 similia.
1635 5727 1747 5782 Vox
1780 5741 1961 5782 autem

386 5810 827 5893 πατρογεννήτὸυ
854 5817 1176 5889 compositio
1209 5832 1291 5876 est
1327 5821 1533 5876 auctori
1572 5835 1731 5876 sacro
1772 5816 1958 5874 chara.

2056 4642 2441 4716 παροξυτόνως
2475 4641 2676 4712 ὀργυια
2699 4654 2716 4671 ο
2755 4637 2884 4691 ὅθεν
2907 4635 2969 4687 τὸ
2998 4630 3325 4701 ὀργυιᾶσθαι
3347 4629 3476 4693 τοὺς
3505 4646 3635 4681 ναυ-

2054 4737 2243 4799 τικοὺς
2277 4734 2543 4804 φώσωνας
2564 4746 2581 4763 ’
2617 4730 2712 4784 τοῦ
2741 4728 2821 4793 δὲ,
2857 4726 2934 4789 ὡς
2967 4721 3190 4796 ἐρρέθη,
3215 4720 3432 4792 ὀρέγειν
3458 4719 3636 4788 παρῆ-

2059 4844 2186 4885 κται
2222 4827 2317 4880 καὶ
2368 4826 2529 4896 ἔγχος
2560 4820 2810 4892 ὀρεκτὸν,
2836 4817 2898 4871 οὐ
2946 4815 3008 4869 τὸ
3039 4815 3375 4884 ἀγχέμαχον,
3410 4810 3546 4864 ἀλλὰ
3573 4810 3637 4862 τὸ

2059 4919 2431 4988 ἐπαφιέμενον
2458 4914 2548 4969 διὰ
2597 4910 2875 4970 ἐκτάσεως
2916 4902 3220 4976 χειρός.,Τδ
3255 4902 3313 4955 δὲ
3346 4899 3636 4963 Σιωνίταις

2059 5011 2183 5065 ἀντὶ
2206 5008 2300 5063 τοῦ
2338 5004 2803 5078 Ἱεροσολυμίταις
2855 5000 3028 5071 ῆγουν
3069 4994 3212 5049 κατὰ
3238 4992 3338 5065 τὴν
3369 4991 3509 5045 Σιών
3528 5009 3540 5023 ·
3574 4991 3637 5043 τὸ

2060 5102 2116 5156 δὲ
2157 5102 2454 5172 μίμνουσιν
2484 5094 2632 5168 εἶχεν
2673 5095 2848 5147 είπεῐν
2884 5088 3176 5161 ἀσφάλτως
3208 5086 3488 5157 μένουσιν,
3518 5081 3641 5137 ἀντί¹

2062 5192 2158 5247 τοῦ
2189 5194 2248 5246 ἐν
2305 5194 2373 5262 τῇ
2408 5189 2553 5245 Σιὼν
2603 5186 2938 5256 ἀναμένουσι
2971 5180 3070 5254 σὴν
3106 5178 3433 5251 παρουσίαν,
3465 5176 3499 5246 ῆ
3541 5173 3637 5227 σοῦ

2064 5284 2372 5356 παρουσίαν
2395 5298 2410 5313 ο
2456 5281 2631 5334 εἵλετο
2653 5278 2710 5332 δὲ
2736 5278 2764 5330 ό
2789 5273 3028 5344 μελῳδὸς
3077 5271 3140 5324 τὸ
3188 5267 3636 5339 ποιητικώτερον,

2063 5375 2279 5439 Κοινῶς
2314 5374 2413 5446 μὶν
2438 5372 2549 5442 γὰρ
2580 5371 2729 5440 μένω
2782 5366 2963 5437 φαμέν
2986 5380 2999 5396 ο
3033 5360 3338 5433 ποιητικῶς
3367 5360 3423 5412 δὲ
3458 5357 3642 5427 μίμνω

2064 5467 2209 5523 κατά
2228 5463 2566 5536 παραγωγήν
2589 5478 2603 5492 ·
2628 5458 2833 5528 ὁμοίως
2853 5455 2931 5526 τῷ
2954 5455 3098 5508 τέκω
3123 5452 3315 5515 τίκτω,
3345 5452 3453 5523 ἐχω
3481 5448 3639 5519 ῐσχω,

2065 5558 2162 5612 καὶ
2190 5556 2291 5610 ὅσα
2316 5551 2565 5609 τοιαῦτα.
2606 5550 2677 5604 Ἥ
2711 5547 2769 5601 δέ
2796 5545 2892 5600 τοῦ
2926 5542 3363 5616 πατρογεννήτου
3391 5537 3642 5601 σύνθεσις

2066 5646 2196 5718 φίλη
2224 5645 2318 5700 καὶ
2343 5642 2481 5715 αὑτὴ
2509 5638 2588 5713 τῷ
2622 5634 2848 5711 ίερῳδῷ.
