4050 6480
417 449 526 514 669

1246 451 1321 510 ΙΝ
1369 450 1711 510 ΗΥΜΝυῖιῖ
1758 444 2416 513 ΡΕΝΊἙεθὸτρΗΕΜ
2468 452 2928 521 ΒΑΜΑΞΟΕΝῘ.

3566 450 3671 515 ϐ’ῖο

489 576 631 639 ρνς’.
658 568 837 638 Λέσχη
867 567 923 621 δὲ
957 566 1052 622 νῦν
1090 567 1189 636 μὲν
1221 567 1533 633 κοινότερον
1555 571 1587 637 ἡ
1615 570 1690 638 μὴ
1719 568 1994 635 ἀναγκαία

2170 571 2292 625 lati.
2329 571 2506 644 Λέσχη
2555 589 2696 628 nunc
2752 575 2972 642 quidem
3013 576 3376 629 communiter
3427 583 3512 629 est
3562 590 3668 628 non

415 668 585 729 πάνυ,
606 663 750 732 τάχα
803 661 861 715 δὲ
897 663 992 715 καὶ
1041 661 1272 728 ἄκαιρος
1331 660 1628 728 πολυλογία
1664 660 1993 729 καθημένων

413 756 579 812 τινῶν
611 755 798 829 ἀργῶν
852 753 1104 808 ἐθνικῶν.
1143 753 1321 807 Πάλαι
1370 754 1428 807 δέ
1472 771 1603 806 ποτε
1631 755 1681 806 οί
1714 755 1875 821 ἀργοὶ
1906 752 1994 806 διὰ

415 849 630 912 πενίας,
662 848 759 902 καὶ
795 849 871 919 μὴ
915 846 1135 918 ἔχοντες
1189 846 1352 917 ἔργου
1402 845 1697 899 σπουδαίου
1745 844 1991 915 ἔχεσθαι,

415 942 805 1012 ἀθροιζόμενοι
850 946 982 1009 περὶ
1030 939 1298 1009 καμίνους
1329 939 1696 1010 βαλανειακὰς
1723 939 1993 1007 χειμῶνος

414 1034 509 1087 καὶ
568 1032 696 1101 περὶ
744 1029 1060 1099 χαλκεῶνας
1093 1030 1257 1098 χάριν
1292 1028 1457 1091 ἀλέας
1492 1030 1521 1082 ὅ
1549 1028 1694 1080 ἐστιν
1745 1027 1993 1097 ἀλεωρῆς

414 1126 510 1178 καὶ
544 1123 902 1196 θερμότητος,
951 1120 1049 1174 καὶ
1098 1119 1454 1189 ἀνακείμενοι
1487 1120 1579 1172 καὶ
1611 1118 1903 1182 λαλοῦντες
1926 1120 1995 1173 τὰ

414 1217 644 1280 ἐκείνοις
674 1216 825 1284 φίλα,
863 1214 958 1268 καὶ
989 1213 1169 1282 μάτην
1198 1211 1341 1265 οὕτω
1372 1211 1474 1278 τὴν
1504 1212 1759 1278 γλῶσσαν
1793 1209 1994 1263 πονού-

420 1325 595 1377 μενοι.
628 1309 723 1360 καὶ
759 1302 1185 1373 κατατρίϐοντες
1236 1302 1315 1364 ὡς
1360 1297 1448 1353 οἷα
1481 1301 1575 1352 καὶ
1621 1297 1991 1366 γλώσσαλγοι,

415 1401 515 1471 τὴν
561 1399 664 1466 τῆς
706 1398 904 1466 λέσχης
955 1395 1257 1464 ὀνομασίαν
1302 1396 1598 1461 ἐξέφηναν.
1641 1393 1849 1463 Λέσχαι
1886 1392 1992 1462 γὰρ

415 1491 710 1548 ἐκαλοῦντο
772 1493 822 1545 οἱ
876 1489 1107 1544 τοιοῦτοι
1159 1489 1339 1550 τόποι,
1399 1488 1539 1558 τάχα
1593 1487 1691 1557 μὲν
1736 1485 1845 1540 ἀπὺ
1898 1484 1992 1538 τοῦ

415 1586 595 1653 λέγειν
624 1584 745 1655 ἦτοι
779 1582 981 1644 λαλεῖν,
1008 1581 1245 1652 μάλιστα
1274 1581 1331 1634 δὲ
1369 1580 1445 1644 ὡς
1476 1579 1588 1633 ἀπὸ
1630 1579 1726 1632 τοῦ
1760 1579 1908 1642 λέγω
1931 1577 1993 1631 τὸ

415 1680 684 1750 κάθημαι,
712 1679 808 1731 καὶ
836 1677 1157 1743 ἀνάκειμαι,
1178 1676 1273 1729 καὶ
1296 1672 1652 1741 κοιτάζομαι·
1678 1670 1803 1723 ὅθεν
1829 1667 1989 1731 λέξω,

414 1774 659 1842 λέξομαι,
685 1771 748 1824 τὸ
795 1770 1136 1838 κοιμήσομαι
1215 1765 1626 1834 παρακείμενος
1657 1761 1714 1814 δὲ
1742 1760 1836 1813 τοῦ
1877 1777 1991 1811 τοι-

414 1866 574 1919 ούτου
636 1862 875 1932 θέματος
901 1861 1118 1929 λέλεχα,
1143 1859 1268 1913 ὅθεν
1298 1858 1359 1910 οὑ
1394 1857 1556 1925 μόνον
1594 1854 1759 1922 λέχος
1786 1851 1880 1904 καὶ
1907 1849 1990 1902 λέ-

414 1946 639 2025 κτρονή
674 1952 853 2020 κοίτη,
891 1951 984 2003 καὶ
1014 1948 1154 2018 γυνὴ
1184 1947 1350 2017 λεχὼ,
1385 1946 1522 2000 ἀλλὰ
1552 1945 1644 1998 κοιλ⁵
1692 1945 1725 2014 ἡ
1761 1943 1992 2014 ῥηθείσοι

413 2048 569 2117 λέχη,
597 2047 692 2098 καὶ
747 2041 1074 2109 πλεονασμῷ
1136 2039 1229 2094 τοῦ
1283 2058 1315 2092 σ
1368 2040 1577 2109 λέσχη·
1612 2039 1734 2093 ὅθεν
1787 2036 1884 2089 καὶ
1930 2034 1993 2089 τὸ

415 2138 745 2207 ἀδολεσχεῖν,
775 2136 943 2207 ἧγουν
967 2132 1207 2202 δαψιλῶς
1239 2132 1441 2185 λαλεῖν.

489 2316 625 2387 ρνζ’.
663 2317 731 2370 Ἥ
762 2316 978 2385 ἀπηνὴς
1005 2313 1084 2379 δὲ,
1110 2313 1205 2366 καὶ
1228 2313 1255 2365 ὁ
1283 2311 1525 2380 ἀπηνὴς,
1553 2311 1648 2363 καὶ
1677 2310 1738 2363 τὸ
1760 2309 1990 2379 ἀπηνὲς,

413 2411 477 2466 οὐ
529 2410 688 2480 μόνον
720 2407 784 2461 τὸ
818 2406 1199 2474 ἀντικείμενον
1234 2406 1298 2475 τῇ
1341 2404 1610 2472 πρᾳότητι
1660 2402 1834 2467 δηλοῖ,
1869 2401 1995 2456 καθ’

412 2502 441 2557 δ
474 2501 877 2571 σημαινόμενον
908 2496 1036 2560 τοὺς
1082 2496 1444 2565 τυραννικοὺς
1475 2494 1706 2564 ἀπηνεῖς
1734 2494 1992 2561 λέγομεν,

413 2594 553 2648 ἀλλὰ
583 2593 681 2647 καὶ
711 2591 772 2645 τὸ
804 2591 1041 2658 ἄσεμνον
1089 2587 1222 2658 παρ’
1264 2587 1557 2650 Ἀττικοῖς,
1587 2587 1662 2650 ὡς
1696 2588 1805 2642 ἀπο
1838 2586 1991 2639 αίνου

413 2690 582 2758 ὴγουν
618 2683 835 2753 μακρὰν
865 2683 1087 2736 ἐπαίνου
1109 2695 1124 2710 ·
1158 2681 1219 2733 τδ
1252 2679 1360 2748 γάρ
1402 2680 1475 2749 μὴ
1512 2691 1710 2747 σεμνόν
1743 2664 1843 2731 οὐκ
1873 2678 1995 2746 έχο-

568 2748 848 2831 ὲπαινεῖν·
874 2773 1089 2843 ἀπηνὴς
1121 2767 1216 2825 οὖν
1250 2772 1418 2842 λέσχη
1466 2748 1641 2825 νὲθνῶν
1675 2770 1796 2823 κατ’
1824 2770 1994 2838 ἄμφω

415 2869 590 2926 ταῦτα
640 2868 1041 2939 σημαινόμενα.
1095 2869 1170 2921 Τὸ
1204 2866 1261 2920 δὲ
1312 2867 1626 2933 πόππυσμα
1675 2870 1805 2916 ποῖα
1846 2862 1993 2928 λέξις

417 2963 565 3033 ἐστίν
589 2979 605 3031 ;
633 2963 1072 3029 ὀνοματοπεποιη
1084 2961 1216 3029 μένη
1242 2959 1465 3028 δηλαδήο
1501 2956 1863 3026 ὲτυμολογίαν
1895 2955 1991 3024 μὲν

414 3056 517 3111 οὒκ
543 3056 764 3124 ἔχουσα,
788 3050 1192 3121 πραγματικῶς
1213 3052 1269 3103 δὲ
1293 3049 1670 3120 γνωριζομένη
1692 3051 1803 3110 τοῖς
1828 3046 1994 3100 ἀκού-

416 3165 567 3202 ουσιν
615 3147 699 3200 ὅτι
749 3148 817 3200 τά
864 3144 1018 3214 χείλη
1068 3142 1294 3212 σφιγμῷ
1340 3142 1687 3208 συνάγοντες,
1718 3141 1752 3211 ἢ
1814 3140 1989 3210 βρέφη

2096 664 2325 717 mullum
2355 665 2524 725 utilis.
2559 667 2653 721 sed
2684 668 2846 721 etiam
2888 666 3027 721 forte
3059 682 3163 719 non
3198 676 3504 735 Opportuna
3540 682 3672 720 eon-

2097 754 2358 810 ί.ι1›ιιΙιιιὶη
2409 758 2689 812 hominum
2748 759 3045 813 otiosorum
3108 758 3477 813 ethnicorum.
3529 757 3670 812 Olim

2097 858 2276 900 autent
2312 850 2360 902 υί
2405 851 2567 919 ἀργοί
2613 862 2834 920 propter
2878 859 3274 920 paupertatem.
3329 861 3384 905 et
3428 851 3519 918 qui
3563 865 3670 903 non

2095 948 2346 1007 pult'ranl
2402 940 2549 1006 operi
2593 951 2821 995 strenuo
2869 956 3064 995 vacare
3091 981 3103 1002 .
3153 940 3498 1009 congregati.
3525 940 3671 994 circa

2095 1025 2403 1081 balnearios
2443 1028 2642 1084 hiemis
2665 1031 2912 1085 caminos
2953 1040 3008 1085 et
3055 1033 3199 1085 circa
3245 1031 3497 1102 fornaces
3529 1045 3672 1085 εει-τι-

2097 1120 2299 1171 riorum
2341 1121 2409 1173 ob
2457 1122 2696 1176 calorem
2751 1123 2996 1192 (ἀλέαν),
3045 1123 3094 1176 id
3151 1132 3234 1177 est
3284 1123 3565 1177 tutelarezn
3617 1129 3671 1174 et

2098 1211 2290 1279 fotum,
2335 1213 2578 1279 jacentes
2625 1223 2679 1269 et
2734 1214 3168 1279 cunfabulantes,
3228 1216 3415 1282 sicque
3465 1217 3666 1269 frustra

2097 1305 2336 1375 linguam
2362 1319 2679 1362 exercentes
2709 1317 2762 1361 et
2798 1319 3183 1364 eonsnmcntes
3208 1308 3369 1361 veluti
3408 1308 3667 1375 loquaces

2094 1396 2295 1464 λέσχης
2328 1411 2523 1450 nomen
2560 1397 2983 1467 prolialaverunt
3015 1417 3029 1452 :
3060 1399 3246 1468 λέσχαι
3279 1400 3422 1453 enim
3471 1413 3671 1452 vocan-

2096 1496 2187 1542 tur
2218 1488 2530 1556 hnjnsmodi
2562 1489 2702 1555 loca,
2736 1489 2874 1546 forte
2895 1506 2924 1545 a
2951 1491 3118 1546 verbo
3143 1490 3323 1556 λέγειν
3373 1506 3468 1545 seu
3502 1490 3671 1559 loqui,

2095 1582 2211 1636 sive
2260 1582 2439 1649 potius
2482 1597 2512 1635 a
2555 1580 2699 1649 λέγω
2744 1583 2966 1648 recubo,
2999 1584 3179 1651 jaceo,
3231 1583 3475 1647 dormio;
3527 1583 3671 1637 unde

2070 1672 2253 1737 -λέξω,
2289 1673 2539 1741 λέξομαι,
2573 1676 2935 1743 requiescam.
2958 1676 3282 1730 Affinitatem
3310 1686 3488 1730 autem
3514 1676 3669 1729 habet

2095 1780 2218 1819 cum
2268 1765 2582 1834 ltujusmmli
2626 1767 2809 1821 radice
2853 1767 3051 1838 λέλεχα
3079 1808 3092 1831 ,
3139 1768 3285 1821 unde
3335 1783 3444 1821 non
3495 1768 3669 1820 solum

2094 1856 2241 1909 venit
2263 1856 2419 1925 λέχος
2442 1866 2495 1910 et
2524 1856 2752 1925 λέκτρον
2776 1859 2974 1922 cubile,
3007 1869 3061 1912 et
3090 1861 3282 1914 mulier
3305 1857 3452 1927 λεχὼ
3486 1860 3672 1927 (puer-

2096 1951 2270 2021 pera),
2293 1951 2386 2006 sed
2415 1961 2469 2006 et
2496 1953 2636 2006 dicta
2670 1969 2771 2006 vox
2803 1952 2958 2020 λέχη,
2978 1970 3097 2021 qua:
3124 1968 3247 2007 cum
3281 1954 3673 2021 expletivoelit

2097 2042 2288 2112 λέσχη.
2330 2043 2469 2099 Hinc
2519 2045 2681 2098 etiam
2723 2044 2872 2100 venit
2915 2045 3242 2115 ἀδολεσχεῖν,
3294 2045 3410 2101 sive
3452 2045 3673 2111 cepiose

2097 2134 2267 2206 loqui.

2170 2315 2298 2371 157.
2336 2314 2514 2371 Voces
2545 2325 2725 2371 autem
2769 2318 2800 2387 ή
2834 2318 3073 2386 ἀπηνὴς,
3111 2327 3167 2372 ει
3205 2319 3232 2370 ό
3276 2316 3587 2387 (imp-ﬁget
3612 2317 3674 2369 τὺ

2096 2409 2325 2478 ἀπηνές,
2367 2424 2475 2464 non
2512 2409 2687 2465 solum
2733 2409 2879 2479 quod
2916 2409 3216 2479 opponitur
3262 2407 3672 2462 mansuetudini

2099 2499 2447 2569 significant,
2498 2509 2770 2569 quatenus
2819 2499 2923 2553 bac
2968 2497 3363 2568 significatione
3415 2507 3675 2568 tyrannos

2095 2591 2331 2647 dicimus
2365 2591 2619 2661 ἀπηνεῖς,
2657 2589 2753 2645 sed
2792 2591 2957 2644 etiam
3010 2588 3152 2659 apud
3191 2588 3445 2657 antiquos
3485 2587 3672 2657 expri-

2096 2696 2253 2739 munt
2292 2683 2440 2752 quod
2488 2683 2773 2753 indignum
2804 2690 2904 2737 'est
2938 2692 3196 2751 tanquam
3244 2682 3495 2737 a-laude
3556 2684 3674 2738 sive

2095 2777 2265 2846 gloria
2299 2776 2474 2848 (αἴνου
2512 2784 2567 2831 ει
2597 2774 2849 2843 ἐπαίνου)
2888 2774 3270 2844 longinquum.
3315 2773 3468 2839 Quod
3526 2775 3671 2829 enim

2097 2870 2415 2925 bonorabile
2445 2884 2552 2924 non
2581 2878 2684 2935 est,
2712 2868 2941 2924 laudare
2965 2883 3074 2924 non
3103 2883 3432 2939 possumus:
3461 2866 3674 2937 ἀπηνὴς

2096 2964 2266 3032 igitur
2302 2971 2423 3016 erat
2470 2962 2815 3016 ethnicorum
2869 2960 3038 3030 λέσχη
3094 2960 3210 3015 sive
3266 2958 3673 3024 confabulatio,

2098 3055 2394 3110 secundum
2420 3062 2707 3123 utramque
2728 3052 3204 3124 significationem.
3223 3050 3341 3106 Jam
3364 3053 3432 3104 πό
3445 3068 3551 3104 ππυ
3563 3068 3673 3120 σμα

2096 3146 2276 3215 qualis
2320 3156 2403 3200 est
2436 3146 2588 3199 vox?
2632 3145 3049 3214 Onomatopozia
3081 3158 3235 3199 sane.
3279 3142 3669 3212 Etymologiam

418 3236 844 3310 προσφωνοῦμεν
865 3237 1055 3301 φιλίως
1073 3234 1509 3304 κολακικώτερον
1535 3235 1684 3301 φωνῇ
1712 3233 1813 3284 ἀνά
1823 3232 1990 3303 ρΟρῳ,

2098 3238 2243 3292 enim
2285 3254 2392 3291 non
2444 3238 2627 3302 habet,
2663 3237 2759 3292 sed
2809 3237 3003 3290 eﬂ‘ecm
3037 3235 3284 3290 noscitur
3323 3233 3673 3289 audientibus

418 3333 452 3401 ἢ
490 3328 764 3399 πιιλάρια.
792 3327 823 3395 ἢ
859 3326 988 3379 ἄλλο
1014 3342 1068 3376 τι
1097 3324 1172 3394 μὴ
1203 3324 1325 3393 ἔχον
1358 3323 1574 3374 ἐπαΐειν
1600 3320 1866 3392 ἐνάρθρου
1897 3321 1993 3373 λα-

415 3425 571 3485 λιᾶς*
599 3421 692 3473 καὶ
727 3418 843 3471 ἐστι
883 3416 1030 3469 τοῦθ’
1078 3418 1265 3479 ὅμοιον
1315 3415 1392 3476 ὡς
1425 3416 1472 3467 εί
1523 3414 1616 3466 καὶ
1652 3414 1792 3467 καθά
1820 3417 1992 3466 κέκκυ

418 3512 693 3578 κοκκὺξω,
724 3512 896 3574 οὕτως
927 3505 996 3579 ἦν
1042 3510 1138 3563 καὶ
1168 3508 1379 3569 πόππυ,
1406 3507 1466 3573 ἐξ
1510 3505 1571 3559 οὗ
1606 3508 1665 3559 τὸ
1699 3506 1992 3570 ποππύζω,

417 3609 452 3675 ἦ
483 3606 588 3678 γρῦ
618 3603 825 3674 γρύξω.
865 3604 958 3655 καὶ
991 3601 1062 3673 μῦ
1098 3601 1285 3670 μύζωέ
1333 3599 1703 3667 ποππύσμασι
1734 3598 1791 3652 δὲ
1841 3599 1992 3652 εἰκά-

420 3702 504 3763 ζει
531 3698 724 3765 δεξιῶς
754 3696 869 3766 ἅμα
903 3696 997 3747 καὶ
1038 3694 1272 3756 ἀστείως
1305 3694 1403 3756 τάς
1437 3692 1545 3744 τῶν
1577 3690 1750 3746 ἐθνῶν
1778 3691 1996 3760 λέσχας,

418 3793 448 3846 δ
472 3794 508 3846 ἀ
538 3793 599 3844 τὸ
628 3794 685 3844 ἐν
711 3789 891 3855 λόγοις
928 3787 1110 3855 μόνοις
1139 3786 1240 3856 ἡδὺ
1297 3785 1392 3838 καὶ
1442 3780 1556 3838 οἷον
1611 3784 1995 3854 φιληματικῶς

421 3882 718 3953 ἐπαγωγὴν
764 3881 874 3934 τῶν
924 3877 1266 3948 ἐξωτερικῶν
1311 3878 1590 3946 φράσεων.
1627 3876 1857 3945 Καρπὸν
1886 3877 1995 3946 γὰρ

421 3977 626 4028 ἐκεῖναι
660 3972 1006 4042 ψυχοτρόφον
1040 3969 1115 4040 μὴ
1152 3967 1434 4037 φέρουσαι,
1480 3967 1543 4020 τὸ
1589 3966 1817 4036 ἐφολκδν
1848 3963 1996 4038 εἶχον

421 4068 595 4125 ἄλλως
630 4066 881 4136 μυθικοῖς
900 4063 1189 4132 πλάσμασι
1221 4058 1316 4114 καί
1349 4076 1461 4112 τισι
1489 4057 1755 4122 τοιούτοις
1784 4059 1992 4128 λήροις,

420 4157 503 4219 οἷς
552 4159 602 4213 οἱ
637 4157 848 4228 χυδαίοι
880 4151 1351 4226 χαίρουσιν-ὡσεὶ
1397 4152 1493 4205 καὶ
1542 4150 1658 4213 ζῶα
1707 4150 1995 4215 ποππυζό-

422 4268 490 4320 με
499 4267 583 4303 να.

2094 3342 2216 3380 cum
2264 3327 2406 3380 labia
2469 3328 2830 3397 Stringentes,
2879 3326 3056 3380 amice
3117 3324 3482 3393 blandulcque
3529 3323 3675 3379 inar-

2099 3419 2318 3473 Iiculata
2375 3435 2508 3474 voce
2567 3419 2966 3487 compellamus
3024 3418 3262 3473 infantes
3334 3427 3431 3472 aut
3469 3418 3671 3488 pullos,

2098 3520 2188 3565 aut
2248 3511 2392 3564 aliud
2452 3511 2583 3580 quid
2654 3511 2985 3565 locutionem
3086 3509 3434 3564 autirulalani
3500 3518 3674 3562 atten-

2096 3602 2225 3656 dere
2276 3618 2383 3656 non
2443 3602 2652 3656 valens.
2716 3600 2831 3656 Hoc
2888 3617 3019 3656 vero
3086 3617 3193 3655 non
3248 3615 3408 3655 secus
3465 3609 3549 3654 est
3612 3615 3677 3653 ac

2098 3692 2144 3747 si
2181 3692 2334 3761 juxta
2392 3692 2568 3747 κόκκυ
2636 3692 2913 3758 κοκκύζω,
2971 3693 3053 3748 sic
3111 3693 3403 3749 haberetur
3458 3694 3673 3754 πόππν,

2107 3791 2255 3840 unde
2284 3785 2585 3851 ποππύζω,
2607 3785 2691 3841 vel
2714 3784 2821 3855 γρῦ
2882 3784 3072 3854 γρύζω
3100 3794 3155 3839 et
3181 3784 3253 3854 μῦ
3318 3784 3495 3852 μύζω.
3536 3782 3678 3838 Sibi-

2106 3876 2402 3932 lationibus
2463 3886 2646 3931 autem
2716 3876 2992 3931 blandulis
3017 3890 3164 3942 vere,
3216 3885 3272 3931 et
3301 3876 3507 3929 urbane
3546 3889 3677 3926 ron-

2106 3968 2473 4025 fabulationes
2497 3969 2842 4026 ethnicorum
2874 3969 3164 4034 assimilat,
3188 3983 3253 4024 eo
3274 3967 3416 4037 quod
3453 3968 3506 4021 in
3546 3966 3678 4022 solis

2102 4061 2284 4117 verbis
2318 4070 2535 4118 constat
2582 4060 2729 4132 quod
2767 4071 3074 4118 exterarum
3125 4058 3679 4118 locutionnm.dulce

2104 4151 2456 4221 quodamque
2500 4152 2664 4207 modo
2717 4163 2966 4208 amanter
3016 4154 3367 4210 attractivum
3413 4150 3678 4207 est.Fru-

2103 4252 2253 4297 ctum
2297 4243 2442 4298 enim
2496 4245 2694 4302 anime
2741 4247 3025 4302 nutritinm
3071 4246 3190 4302 ista)
3241 4262 3346 4300 non
3401 4246 3676 4306 ferentes,

421 4343 705 4400 illecebras
789 4340 947 4396 aliter
1003 4337 1275 4393 habebant
1360 4352 1427 4391 ex
1520 4334 1785 4395 fabulosis
1873 4334 2356 4393 adinventionibus
2419 4338 2862 4410 quibusdamque
2932 4340 3132 4397 talibus
3208 4341 3417 4411 nugis,
3476 4338 3678 4409 quibus

420 4433 637 4503 vulgus,
668 4441 925 4499 tanquam
954 4428 1209 4483 animalia
1249 4427 1427 4485 sibilis
1452 4425 1654 4494 illecta,
1686 4428 1903 4496 gaudet.

496 4520 633 4594 ρνη¹.
664 4521 737 4574 Τὸ
762 4520 818 4572 δὲ
841 4517 1071 4580 ὤκιστα,
1102 4518 1438 4571 οἰκειότατον
1465 4517 1720 4588 ἐνεργείᾳ
1747 4514 2000 4582 Πνεύμα-

2180 4516 2306 4571 158.
2352 4514 2466 4570 11οε
2519 4525 2700 4572 autem
2735 4533 2750 4571 :
2792 4517 3043 4584 ὤκιστα,
3106 4520 3341 4575 maxime
3396 4522 3676 4591 proprium

422 4632 537 4681 τος,
590 4614 835 4686 ἀχρόνως
868 4613 938 4665 τὰ
983 4612 1162 4664 οἰκεῖα
1209 4608 1588 4682 ἐνεργοῦντος,
1640 4607 1893 4670 ἐπίτασις
1943 4605 1995 4660 ὂν

2108 4607 2363 4664 efﬁcacia:
2395 4606 2654 4678 Spiritus,
2693 4610 2785 4678 qui
2821 4624 2919 4665 sua
2949 4611 3069 4665 sine
3116 4619 3362 4681 tempore
3392 4623 3672 4680 operatur,

422 4709 647 4779 τάχους,
701 4706 892 4773 ὥσπερ
922 4704 1038 4759 ὠκὺ
1083 4702 1314 4758 ὤκιστα.
1344 4703 1419 4757 Τὸ
1448 4702 1505 4757 δὲ
1533 4701 1749 4762 δεικνὺς
1783 4699 1858 4764 ὡς
1900 4699 2000 4768 μὲν

394 4776 561 4873 ⁸ἰτρδς
592 4800 692 4871 τὴν
747 4798 920 4868 φοράν
973 4794 1070 4850 τοῦ
1122 4794 1464 4866 Πνεύματος,
1522 4794 1739 4848 δεικνὺν
1793 4791 2002 4858 ὤφελεν

423 4892 565 4949 εἶναι
593 4909 607 4924 ο
642 4890 977 4967 πρρενεχθὲν
1010 4890 1067 4944 δὲ
1103 4890 1201 4943 σὺν
1246 4887 1324 4957 τῷ
1369 4887 1659 4957 πυρπνόως
1695 4884 2001 4956 ἀρσενικῶς

426 4989 762 5053 άττικίζεται
793 4987 930 5057 πρὸς
957 4985 1170 5053 ὑγίειαν
1205 4983 1414 5046 ἑννοίας
1444 4998 1459 5014 ο
1485 4982 1617 5045 Θεὸς
1650 4981 1758 5050 γάρ
1787 4978 2003 5049 άληθῶς

429 5084 525 5136 καὶ
552 5081 612 5134 τὸ
641 5080 799 5145 ἆγιον
846 5076 1069 5147 Πνεῦμα
1102 5093 1118 5109 ⁶
1149 5077 1234 5131 διὸ
1267 5077 1365 5130 καὶ⁵
1402 5077 1465 5129 τδ
1498 5074 1712 5137 δεικνὺς
1740 5072 2004 5142 ἁρμόττει

425 5172 574 5245 αὒτῷ
596 5186 616 5206 ⁸
645 5171 707 5224 τὸ
743 5169 802 5223 δὲ
832 5169 1126 5237 πυρπνόως
1155 5169 1514 5238 παράφρασις
1545 5163 1854 5235 γοργοτάτη
1885 5161 2003 5216 icti.

423 5265 519 5320 τοῦ
555 5263 690 5319 πνοῦ
725 5262 877 5335 βιαίᾳ
926 5261 1019 5314 καὶ
1062 5260 1236 5330 πυρδς
1279 5259 1670 5330 γλωττημασιν
1693 5272 1707 5288 ⁸
1736 5256 1919 5310 ὁποῖόν
1948 5271 2003 5307 τι

397 5357 518 5411 ’καὶ
545 5358 580 5426 ὴ
627 5355 927 5426 πυρίπνοος
982 5351 1332 5421 πνευματικὴ
1368 5352 1586 5424 δρόσος,
1620 5350 1715 5401 καὶ
1756 5348 1860 5402 ὅσα
1897 5362 2004 5400 τοι-

429 5450 588 5503 αῦτα.
631 5445 830 5501 ’ἰστέον
864 5445 919 5499 δὲ
946 5445 1029 5497 ὅτι
1057 5443 1116 5496 τὸ
1164 5431 1461 5512 πυρπνόως
1493 5444 1543 5496 εί
1584 5440 1871 5511 μεγεθύνει
1905 5441 2005 5511 τὴν

427 5543 703 5610 λήγουσαν
735 5533 1217 5609 ἑπιρρηματικῶς,
1262 5535 1591 5587 συντακτέον
1620 5534 1775 5586 ἔσται
1801 5533 1876 5601 τῷ
1898 5532 2004 5586 δει-

427 5632 559 5691 κνύς
587 5648 599 5662 ·
647 5630 791 5685 οὕτω
849 5628 957 5697 γὰρ
1005 5627 1176 5695 ἤγουν
1227 5623 1544 5692 πυρπνόως,
1589 5625 1732 5679 καθὰ
1781 5624 2003 5695 ἐρρέθη,

428 5724 702 5779 δέδεικται
727 5722 797 5777 τὰ
822 5720 919 5776 τοῦ
951 5717 1112 5788 ἁγίου
1166 5714 1490 5787 Πνεύματος
1519 5715 1579 5770 ἐν
1604 5717 1670 5786 τῇ
1720 5715 1814 5772 νῦν
1845 5719 2003 5789 ἑορτῇ

430 5812 621 5872 αὑτοῦ.
1196 5820 1197 5823 “

872 5986 981 5999 4-..-

1029 5997 1036 6005 ι
1052 5997 1147 6013 ξδιιδν

2104 4698 2494 4768 superlativum
2521 4706 2606 4754 est
2636 4698 2730 4753 τοῦ
2764 4699 2983 4770 τάχους,
3025 4701 3488 4770 quemadmodum
3530 4700 3675 4764 ὠκὺ,

2103 4790 2332 4845 ὤκιστα.
2355 4793 2579 4855 Δεικνὺς
2620 4807 2771 4854 vero,
2808 4801 3067 4862 tanquam
3099 4793 3165 4847 ad
3201 4792 3427 4864 Πνεῦμα
3461 4793 3677 4857 relatio,

2103 4883 2335 4938 debebat
2383 4898 2506 4938 esse
2543 4884 2803 4942 δεικνύνξ
2847 4882 2943 4939 sed
2992 4884 3219 4939 verbum
3255 4884 3359 4939 hoc
3406 4885 3678 4951 prolatum

2105 4989 2232 5029 cum
2298 4974 2616 5044 πυρπνόως,
2658 4989 2832 5045 genus
2894 4975 3256 5030 masculinum
3310 4974 3475 5029 attice
3522 4975 3678 5045 juxta

2082 5066 2459 5136 ,cOgitationis
2493 5067 2857 5121 valetudinem
2887 5067 3160 5136 sequitur.
3196 5066 3339 5121 Deus
3382 5069 3527 5123 enim
3553 5084 3681 5122 vere

2106 5173 2327 5230 quoque
2380 5157 2618 5227 Spiritus
2667 5166 2895 5213 sanctus
2944 5169 3049 5224 est,
3103 5152 3340 5225 ideoque
3384 5173 3509 5213 cum
3559 5160 3680 5229 ipse

2106 5250 2387 5305 consentit
2449 5249 2687 5312 δεικνύς.
2744 5248 2856 5303 Vox
2912 5259 3090 5304 autem
3148 5250 3443 5320 πυρπνόως
3502 5252 3679 5307 vivida

2107 5343 2458 5412 paraphrasis
2518 5353 2606 5398 est
2667 5342 2873 5397 illius:
2930 5345 3067 5414 πνοῇ
3130 5342 3285 5413 βιαία
3357 5344 3452 5397 καὶ
3507 5346 3681 5415 πυρὸς

2107 5435 2551 5506 γλωττήμασινς,
2595 5434 2829 5504 qualiter
2879 5435 2913 5505 ἡ
2967 5434 3270 5504 πυρίπνοος
3330 5436 3679 5507 πνευματικὴ

2106 5526 2321 5595 δρόσος,
2375 5535 2428 5581 et
2465 5525 2552 5581 his
2590 5525 2819 5582 similia.
2876 5525 3173 5581 Sciendum
3226 5536 3405 5581 autem
3440 5531 3585 5596 quod
3633 5529 3678 5584 si

2109 5616 2171 5669 τὸ
2199 5616 2494 5688 πυρπνόως
2516 5616 2900 5672 adverbialiter
2934 5616 3148 5672 finalem
3168 5627 3681 5686 auget,constrnen-

2107 5712 2236 5766 dum
2295 5711 2401 5767 erit
2418 5727 2540 5766 cum
2560 5709 2639 5782 τῷ
2653 5711 2892 5775 δεικνύς.
2914 5711 3007 5768 Sic
3026 5712 3195 5777 enim,
3223 5713 3338 5768 sive
3354 5712 3677 5783 πυρπνόως.

2110 5815 2167 5857 ιιι
2199 5804 2402 5858 dictum
2429 5810 2531 5868 est,
2562 5816 2626 5857 ea
2665 5818 2786 5872 qua:
2814 5812 2943 5858 sunt
2985 5802 3162 5858 sancti
3214 5802 3452 5871 Spiritus
3498 5802 3551 5858 in
3575 5802 3678 5858 hac

2036 5894 2039 5901 ‘
2114 5893 2284 5965 ipsius
2323 5891 2575 5963 praesenti
2610 5891 2907 5950 festivitate
2940 5891 3282 5948 manifestata
3315 5900 3464 5949 sunt.
