4050 6386
352 402 456 465 δῖὶ

817 519 845 572 Ι.
865 520 1031 577 irmus
1063 525 1180 580 0th
1213 527 1472 594 septimae.

529 631 772 686 tioneors
804 632 1060 689 clamavit
1084 638 1570 693 instrnnwntorum
1601 655 1805 695 cantus
1826 680 1841 704 ,

463 719 704 775 Adorare
736 738 958 777 auri-am
990 727 1282 782 inanimam
1327 730 1639 801 imaginem.

468 812 732 869 Paracleti
769 826 945 871 autem
984 819 1208 875 lucife'a
1233 824 1406 892 gratia

464 903 664 972 Dignos
701 904 831 961 facit
866 917 926 963 ut
952 910 1202 973 clament,
1241 911 1285 965 Ο
1310 913 1550 967 Trinitas
1583 915 1720 974 sola,

468 995 852 1065 qunipoteus,
887 1001 1006 1054 sine
1035 1004 1323 1072 principio,
1362 1005 1641 1060 benedicta
1674 1022 1753 1062 es.

432 1105 556 1160 159.
593 1106 849 1164 "istm-hc
881 1115 1081 1166 veteris
1122 1116 1462 1182 appositione
1498 1119 1755 1188 populum
1789 1120 1936 1174 hunc

357 1199 798 1254 \‘t‘tustissimtnn
875 1217 983 1257 non
1055 1205 1359 1274 sapientem
1409 1209 1655 1264 nzelodus
1710 1213 1935 1279 opponit

358 1288 630 1345 festiviter
686 1295 976 1362 agentibus
1056 1314 1201 1352 nunc
1258 1302 1310 1353 in
1389 1300 1544 1367 Sion,
1609 1303 1702 1370 qui
1759 1305 1934 1359 sancti

356 1382 605 1453 Spiritus
637 1389 965 1443 hodiernum
1018 1395 1340 1449 «lesceusum
1380 1398 1432 1451 in
1473 1399 1757 1467 apostolos
1792 1401 1935 1456 cele-

362 1474 524 1529 brant
557 1494 571 1531 :
603 1478 879 1543 abjudicat
917 1485 1134 1548 quidem
1168 1502 1194 1537 a
1230 1495 1381 1557 parte
1406 1489 1709 1544 landatoria
1744 1492 1936 1547 turbas

361 1564 521 1632 illas;
550 1567 623 1623 ibi
672 1585 801 1625 vero
834 1573 979 1627 sistit
1013 1590 1108 1632 eos
1155 1578 1273 1648 qui,
1311 1591 1621 1648 opportuna
1672 1582 1933 1651 dictione,

358 1659 677 1727 spirituales
709 1675 859 1720 sunt.
881 1665 1053 1723 [labet
1083 1680 1263 1724 autem
1295 1688 1449 1729 sacer
1472 1684 1620 1730 vates
1645 1676 1934 1732 historiam

362 1764 434 1804 ex
491 1753 798 1811 adulatr'ce
849 1767 1043 1815 statuae
1084 1759 1595 1821 Nabuchodonosor
1639 1769 1939 1824 elevatione

1027 406 1376 468 EUSTATH
1392 408 1446 469 ιι
1487 411 1780 471 ἹῊΕΒΞΛ
1793 412 1934 471 Ι,οΝ
1948 414 2250 475 ICENSIS
2291 417 2341 475 Μ
2354 416 2845 478 ETltOPOLIT/E

3502 419 3623 484 672‘

2456 532 2638 604 ’ρδῆς
2664 533 2926 603 ἑϐδόμης
2972 536 3190 603 ενρμδς.
3291 492 3305 501 ’

2106 641 2271 698 XVII.
2314 644 2611 712 Σύςιφωνον
2641 646 2904 717 ὲθρόησεν
2939 647 3190 718 ὀργάνων
3223 649 3383 719 μέλος

2315 736 2503 788 Σέϐειν
2535 738 2594 789 τὸ
2620 737 3012 807 χροσότευκτον
3047 738 3255 809 ἄψυχον
3283 740 3501 811 βρέτας,

2329 825 2395 879 Ἦ
2421 827 2513 880 τοῦ
2543 829 2904 897 Παρακλήτου
2936 830 2992 884 δὲ
3026 834 3316 902 φωσφόρος
3343 835 3502 903 χάρις

2317 916 2685 984 Σεϐασμιάζει
2714 917 2809 970 τοῦ
2839 918 2969 988 βοᾷν
2991 934 3007 950 ο
3035 919 3206 989 Τριὰς
3239 920 3397 987 μόνη,

2327 1008 2655 1077 Ἰσοσθενὴς,
2679 1009 2904 1082 ἄναρχε,
2929 1011 3221 1081 εὐλογητὸς
3254 1008 3324 1064 εἴ.

2107 1124 2238 1189 ρνθ’.
2289 1120 2555 1193 Ἱστορίαν
2603 1124 2840 1179 παλαιὰν
2888 1126 3190 1196 παραθέσει
3231 1125 3359 1178 λα’.ν
3406 1126 3612 1188 ἐκεῖνον

2034 1212 2138 1265 οὐκ
2177 1213 2424 1283 ἔμφρονα
2459 1216 2792 1270 παλαίτατον
2817 1217 2844 1270 ὁ
2876 1217 3114 1288 μελῳδὸς
3166 1218 3278 1281 τοῖς
3312 1217 3408 1270 νῦν
3452 1219 3510 1270 ὲν
3548 1221 3609 1285 τῇ

2038 1306 2177 1359 Σιὼν
2231 1308 2555 1377 έορτασταῖς
2586 1311 2843 1376 ἀντιθεὶς,
2875 1311 2926 1364 οἳ
2972 1310 3067 1364 καὶ
3114 1316 3214 1379 τὴν
3248 1312 3487 1378 σήμερον
3515 1308 3610 1362 τοῦ

2039 1399 2197 1467 ἁγίου
2247 1401 2558 1469 Πνεύματο·
2587 1403 2806 1472 ἔκχυσιν
2835 1406 2923 1457 ἐπὶ
2966 1405 3091 1466 τοὺς
3118 1404 3449 1464 ἀποστόλους
3481 1420 3587 1454 παν

2040 1493 2394 1562 ηγυρίζουσιν
2420 1508 2437 1526 ο
2494 1497 2781 1565 ἀποκρίνει
2812 1497 2911 1565 μὲν
2949 1497 3047 1558 τῆς
3079 1497 3376 1564 ὲπαινττῆς
3420 1496 3612 1564 μοίρας

2038 1589 2167 1652 τοὺς
2212 1586 2403 1658 ὄχλους
2439 1589 2698 1653 ἐκείνους,
2728 1590 3025 1658 ξγκποιττᾷ
3051 1589 3106 1641 δὲ
3137 1588 3274 1659 αὖτῇ
3305 1588 3453 1652 τθδςθ
3490 1605 3613 1641 καθ

2044 1680 2173 1748 ρίως
2217 1681 2416 1741 εἰπεῖν,
2448 1681 2873 1747 πνευματικούξ.
2918 1683 3079 1736 Ἔστι
3112 1682 3169 1735 δὲ
3213 1682 3244 1746 ἠ
3287 1680 3498 1748 ἱστορία
3535 1679 3614 1751 τῷ

2045 1771 2250 1840 ίερῳδῷ
2273 1772 2336 1825 ἐκ
2361 1756 2458 1841 τῆς
2492 1773 2631 1826 κατὰ
2658 1773 2746 1825 τὸν
2780 1772 3257 1842 Ναϐουχοδονόσορ
3286 1769 3616 1838 ἀλαζονικῆς

365 1844 773 1915 impiornmque
825 1848 998 1918 ipsius
1040 1854 1393 1908 adoratoium
1453 1858 1645 1926 agendi
1702 1862 1935 1916 ratione.

2047 1865 2472 1928 εἰκονοστασίας,
2513 1865 2606 1917 καὶ
2636 1865 2743 1918 τῶν
2770 1867 3113 1932 ὲπιτρίπτων
3138 1866 3260 1918 τότε
3307 1880 3618 1932 προσκυνη-

366 1935 508 1991 Dicit
545 1940 687 2003 quod
715 1944 1107 2010 symphoniam
1136 1946 1202 1999 de
1234 1945 1740 2006 Nabuchodonosor
1769 1954 1940 2007 melo-

362 2031 453 2084 dia
499 2031 822 2103 sonitusque
875 2037 1292 2093 multiformium
1343 2040 1561 2096 illorum
1605 2043 1940 2101 instrumen-

364 2134 571 2185 torum,
599 2143 829 2195 quorum
857 2129 1112 2199 pleraque
1134 2144 1261 2188 nota
1284 2150 1386 2188 non
1408 2146 1561 2191 erant
1586 2136 1936 2194 llellenorum

359 2219 536 2287 genti,
569 2222 784 2292 signum
818 2225 1042 2292 dabant,
1087 2236 1146 2282 ut
1177 2232 1503 2285 ador-aretur
1535 2247 1700 2288 aurea
1735 2243 1935 2302 statua,

359 2313 479 2369 sive
507 2315 810 2372 inanimum
849 2319 1052 2373 idolum
1081 2337 1095 2374 :
1124 2323 1216 2375 sed
1245 2324 1346 2376 hoc
1391 2324 1609 2392 quidem
1648 2333 1761 2378 tum
1797 2337 1934 2393 erat,

360 2424 489 2463 cont
517 2410 820 2465 idololatria
850 2413 1062 2480 publice
1084 2414 1390 2469 οοιιιιιιιιιιν.
1426 2405 1566 2470 Num
1600 2426 1779 2472 autem
1816 2433 1938 2472 cum

362 2500 454 2553 ille
485 2500 721 2567 quivere
743 2500 1001 2557 Dominus
1033 2512 1118 2558 est
1150 2513 1205 2558 et
1252 2505 1393 2561 Deus
1427 2507 1652 2560 deorum
1688 2510 1940 2578 agnosci-

361 2601 471 2657 tur,
533 2595 779 2661 paracliti
853 2596 1028 2650 sancti
1082 2597 1322 2667 Spiritus
1370 2599 1543 2670 gratia
1594 2615 1701 2655 non
1757 2610 1940 2671 aperte

362 2687 612 2739 noscitur
658 2686 712 2740 in
769 2687 956 2743 sonitu
1029 2688 1336 2760 clangoris,
1406 2691 1628 2756 ﬁstulae,
1691 2695 1938 2760 citharar,

365 2777 661 2842 smnhut-ag
722 2777 994 2846 psalterii,
1067 2779 1418 2851 aliorumque
1474 2781 1778 2850 similium;
1844 2785 1938 2838 sed

361 2884 532 2923 sonus
559 2867 1027 2926 extraordinarius
1050 2872 1389 2928 vehementis
1414 2872 1578 2930 [tatus
1603 2885 1653 2929 et
1681 2890 1941 2930 resonan-

366 2962 438 3017 tis
477 2961 636 3028 ignis,
679 2977 787 3033 quo
818 2963 1055 3033 perculsi
1089 2974 1219 3020 sunt
1263 2964 1355 3020 hic
1408 2975 1763 3022 occurrentes
1809 2983 1942 3021 con-

365 3057 593 3127 gregati,
625 3057 897 3111 neminem
918 3056 1138 3128 quidem
1164 3056 1428 3123 turbavit,
1456 3057 1548 3110 sed
1579 3058 1939 3127 σεϐασμιὰζει

367 3149 486 3203 sive
522 3149 837 3219 σεϐασμίως
887 3148 1239 3218 (veneranter
1266 3157 1321 3204 et
1380 3150 1486 3218 pie)
1529 3160 1730 3216 m0vct,
1772 3167 1942 3221 angu-

2048 1952 2155 2004 τῶν
2189 1954 2404 2021 ἐκείνης
2430 1970 2444 1984 ⁸
2478 1954 2571 2007 καὶ
2621 1954 2771 2020 λέγει
2820 1955 2902 2008 ὅτι
2950 1954 3009 2007 τὸ
3060 1953 3350 2023 σύμφωνον
3380 1953 3471 2005 ἐπὶ
3503 1952 3617 2004 N7.-

2046 2044 2431 2116 ϐουχοδονόσορ
2467 2047 2627 2116 μέλος
2656 2047 2750 2101 καὶ
2775 2050 2801 2099 ὁ
2837 2047 2958 2098 κατ’
2988 2048 3164 2099 ἐκεῖνο
3186 2043 3350 2115 θροῦς
3382 2044 3490 2096 τῶν
3515 2059 3617 2095 πο-

2046 2136 2271 2190 λυειδῶν
2303 2140 2526 2192 ἐκείνων
2548 2139 2818 2210 ὁργάνων,
2850 2135 2924 2194 ὧν
2953 2140 3022 2194 τὰ
3049 2139 3219 2192 πολλὰ
3244 2140 3370 2193 οὐδὲ
3400 2136 3619 2206 γνωστὰ

2046 2230 2111 2299 τῇ
2162 2228 2280 2281 καθ’
2320 2229 2589 2298 Ἕλληνας
2619 2233 2803 2302 γενεᾷ,
2845 2230 3265 2302 συνθήματέζων
3292 2225 3382 2300 ἦν,
3437 2229 3619 2283 σέϐειν

2044 2323 2105 2373 τὸ
2136 2320 2541 2391 χρυσότευκτον
2586 2321 2810 2393 βρέτας,
2834 2324 3004 2394 ήγουν
3032 2321 3251 2377 εἴδωλον
3282 2324 3341 2376 τὸ
3382 2323 3616 2393 ἄψυχον.

2056 2411 2221 2465 Ἀλλὰ
2258 2411 2418 2467 τοῦτο
2477 2415 2575 2485 μὲν
2623 2414 2745 2467 τότε
2792 2416 2882 2469 ὅτε
2920 2416 2988 2469 τὰ
3012 2418 3110 2484 τῆς
3170 2417 3620 2486 εἱδωλολατρείας

2047 2501 2494 2571 ἐπαρρησιάζετο
2519 2519 2532 2534 ’
2563 2503 2660 2558 νῦν
2696 2505 2754 2558 δὲ
2798 2505 2891 2559 τοῦ
2937 2506 3084 2569 bino;
3133 2508 3341 2577 Κυρίου
3388 2507 3483 2560 τοῦ
3513 2508 3621 2561 τῶν

2047 2592 2187 2646 θεῶν
2217 2595 2355 2650 Θεοῦ
2380 2596 2821 2666 ἑπεγνωσμένου,
2864 2601 2896 2668 ή
2933 2600 3095 2671 χάρις
3133 2599 3229 2653 τοῦ
3266 2601 3620 2672 παρακλήτου

2047 2684 2203 2750 ἁγίου
2252 2684 2571 2755 Πνεύματος
2605 2689 2867 2760 ἐμφανῶς
2907 2692 3225 2761 ὲγνωσμέοιη
3275 2693 3375 2746 οὐκ
3426 2695 3485 2746 ὲν
3541 2693 3620 2763 τῷ

2046 2776 2296 2846 θορυϐεῖν
2329 2779 2661 2849 σάλπιγγας,
2710 2782 2807 2836 καὶ
2854 2782 3138 2853 τύμπανα,
3186 2786 3281 2838 καὶ
3312 2785 3619 2854 ψαλτήρια,

2046 2869 2140 2921 καὶ
2192 2867 2521 2940 θαμῖούρια,
2557 2874 2652 2927 καὶ
2688 2873 2999 2942 σαμϐύκας,
3032 2876 3123 2928 καὶ
3149 2877 3206 2930 ετ
3234 2895 3286 2930 τι
3331 2879 3575 2931 τοιοῦτον
3601 2895 3618 2912 ο

2045 2962 2181 3016 ἀλλὰ
2217 2968 2573 3035 κατηχεῖσοοι
2618 2969 2932 3037 παραδόξως
2980 2972 3116 3041 πνοῇ
3165 2970 3316 3040 βιαίᾳ
3349 2970 3444 3023 καὶ
3490 2971 3620 3043 βρέ-

2049 3071 2205 3123 μοντι
2265 3059 2397 3125 πυρὶ
2459 3060 2584 3122 τοὺς
2638 3063 3095 3131 παρευρημένους
3145 3062 3241 3115 καὶ
3292 3063 3618 3132 συλλεγῆναι

2047 3146 2331 3214 λαχόντας,
2361 3149 2590 3219 ὲθρόησε
2625 3151 2725 3220 μὲν
2771 3151 2987 3218 οὐδένα,
3017 3153 3379 3220 σεϐασμιάζει
3410 3155 3466 3208 δὲ
3505 3156 3622 3224 ἦτοι

373 3255 625 3312 stumque
648 3241 1055 3297 venerationem
1089 3242 1430 3311 spiritualem
1469 3243 1722 3310 inspirat,
1764 3254 1816 3297 et
1843 3259 1942 3297 an-

2050 3238 2365 3308 σεϐασμίως
2393 3239 2487 3294 καὶ
2520 3241 2738 3305 σεπτῶς
2773 3243 3020 3297 ὑποκινεῖ
3048 3245 3144 3298 καὶ
3164 3244 3412 3314 σέϐασμα
3438 3245 3621 3307 ἐνθεά-

364 3343 525 3403 gnste
579 3341 797 3386 resonat
854 3330 924 3384 ob
976 3330 1328 3385 concordiam
1386 3330 1734 3398 personantis
1781 3329 1946 3385 ﬂatrs

365 3427 626 3481 deorsum
658 3440 782 3479 cum
813 3423 1131 3479 cmlestihus
1162 3423 1433 3487 melodiis,
1462 3422 1688 3487 docens,
1738 3439 1846 3477 non
1878 3423 1945 3478 ad

369 3521 531 3572 istam
569 3528 812 3573 veterem
864 3516 1309 3580 similitudinem,
1358 3514 1601 3570 inanimo
1647 3516 1834 3585 sicque
1863 3516 1947 3569 in-

367 3614 617 3671 sensibili
673 3628 809 3667 sono
864 3613 1228 3680 respondere,
1281 3612 1374 3665 sed
1433 3612 1760 3667 liducialiter
1812 3627 1947 3669 voce

369 3710 520 3765 clara
551 3709 733 3764 dicere
760 3709 827 3761 ad
868 3706 1019 3760 illum
1050 3705 1144 3770 qui
1199 3705 1443 3775 prodigia
1490 3703 1720 3773 profert,
1754 3703 1948 3768 Deu-n,

368 3800 465 3871 qui
501 3802 552 3853 in
599 3798 871 3852 Trinitate
921 3796 1170 3853 sub~istit
1204 3817 1220 3850 :
1252 3795 1295 3851 Ο
1333 3795 1607 3860 Trinitas,
1661 3811 1815 3863 aequa
1853 3810 1946 3865 po-

370 3902 566 3948 testate
616 3892 843 3962 sineque
893 3887 1161 3960 principio
1218 3897 1515 3953 constans;
1569 3886 1687 3943 sola
1722 3903 1855 3943 sane
1889 3900 1945 3942 tu

367 3985 529 4054 iuxta
563 3983 847 4036 veritatem
886 3995 945 4034 es
981 3979 1351 4034 benedicenda
1380 3997 1395 4047 ;
1432 3979 1665 4049 ideoque
1695 3990 1745 4034 te
1773 3980 1944 4033 solam

370 4092 477 4131 nos
502 4076 597 4143 qui
629 4075 706 4128 tui
754 4087 965 4139 sumus,
999 4072 1396 4141 bene-dicimus,
1432 4080 1688 4139 tanquam
1737 4072 1944 4125 nullum

368 4168 538 4223 alium
575 4166 743 4220 Deum
773 4175 969 4235 prmter
996 4173 1049 4218 te
1072 4164 1250 4218 solum
1289 4172 1669 4233 agnoscentes.
1702 4162 1776 4216 Ita
1829 4178 1948 4215 vrr-

372 4258 503 4313 bum
596 4255 956 4325 σεϐασμιάζει
1013 4255 1338 4309 antithetqu
1409 4263 1493 4310 est
1579 4254 1644 4308 ad
1721 4255 1944 4310 verbum

372 4348 628 4417 ὲθροήσε,
671 4345 970 4416 praesertim
1023 4355 1202 4400 autem
1281 4347 1347 4400 ad
1397 4347 1602 4402 dictum
1655 4347 1837 4399 σέϐειν
1884 4348 1947 4399 τὸ

371 4442 614 4513 βρεταςς
656 4456 894 4509 cumque
918 4439 1171 4497 fortassis
1212 4449 1296 4496 est
1341 4440 1551 4496 licitum
1597 4441 1662 4492 ad
1704 4438 1946 4495 occasio-

372 4550 497 4589 ncnt
528 4534 897 4590 necessariam
929 4531 1242 4588 rhetoribus
1273 4546 1444 4587 novas
1473 4531 1720 4585 invenire
1750 4529 1946 4585 dictio-

373 4642 493 4691 nes,
523 4627 627 4681 hoc
661 4627 825 4681 etiam
875 4627 945 4681 ibi
984 4627 1111 4681 fecit
1152 4626 1422 4690 melodus,
1452 4639 1518 4681 ex
1555 4628 1718 4682 verbo
1767 4625 1944 4680 σέϐειν

368 4717 627 4773 derivatis
663 4718 1103 4789 σεὶϐασμιάζειν.

447 4835 569 4891 ιϐθ.
613 4832 746 4888 Vide
797 4842 977 4889 autem
1036 4842 1094 4887 nt
1145 4831 1375 4887 solerter
1437 4846 1594 4886 sacer
1633 4831 1721 4886 ille
1768 4840 1946 4900 poeta,

375 4925 575 4978 dictam
635 4924 983 4979 Chaldaicam
1053 4924 1339 4979 historiam
1407 4921 1623 4991 septimi
1690 4921 1949 4977 carminis

374 5017 537 5071 nexui
562 5018 894 5085 adaptatam,
918 5015 1064 5070 velut
1080 5016 1287 5085 aliquid
1306 5014 1611 5070 addititium
1651 5015 1947 5079 adducens,

375 5107 801 5176 parallelamque
835 5121 1041 5176 ponens
1070 5121 1194 5161 cum
1232 5106 1318 5160 his
1344 5122 1466 5175 qtue
1508 5105 1574 5159 ad
1607 5105 1948 5160 celebratum

373 5198 642 5266 Spiritum
696 5210 948 5254 sanctum
1010 5198 1287 5261 attinent,
1356 5198 1733 5252 dexteritatem
1792 5210 1947 5250 suam

378 5289 604 5343 numam
626 5288 1016 5344 manifestavit.
1044 5288 1458 5360 Symphoniacte
1487 5289 1687 5357 quippe
1706 5284 1950 5340 melodis:

376 5395 571 5434 eorum
603 5395 726 5449 quae
754 5395 950 5435 sensus
991 5379 1236 5435 alliciunt
1267 5380 1780 5443 instrumentorum,
1812 5393 1948 5445 prae-

374 5481 584 5526 sentem
652 5471 998 5539 spiritualem
1055 5471 1436 5542 symphoniam
1493 5469 1790 5540 opposuit:
1841 5484 1946 5522 non

377 5564 525 5618 enim
563 5561 796 5616 habetur
829 5561 901 5615 ibi
923 5561 1234 5629 linguarum
1265 5560 1534 5623 confusio,
1565 5559 1660 5614 sed
1696 5558 1862 5624 nuio,
1896 5569 1951 5613 et

380 5662 440 5705 ut
470 5653 540 5707 ita
571 5652 770 5714 dicam,
827 5665 1152 5706 consensus.
1209 5649 1434 5705 Illorum
1479 5660 1658 5703 autem
1715 5648 1948 5719 inspira—

384 5744 606 5801 tioniac
636 5742 827 5809 motui,
863 5742 1134 5812 (quaedam
1178 5741 1323 5796 enim
1380 5742 1431 5794 iu
1472 5742 1551 5797 eis
1581 5748 1731 5796 erant
1781 5740 1949 5809 inspi-

387 5836 566 5909 rata),
620 5837 925 5907 spiritalem
986 5834 1396 5903 inspirationcm
1449 5834 1503 5889 in
1552 5834 1829 5905 apostolos
1878 5849 1945 5891 ex

2051 3327 2135 3392 ζει
2165 3328 2380 3398 σεμνῶς
2418 3332 2790 3402 πνευματικὸν
2835 3332 2933 3388 καὶ
2963 3335 3191 3403 κατηχεί
3218 3336 3433 3399 σεπτῶς
3456 3335 3619 3387 ἕνεκα

2050 3414 2145 3474 τοῦ
2193 3420 2450 3493 ἀντιϐοᾷν
2505 3422 2753 3479 κάτωθεν
2803 3425 2928 3487 ταῖς
2980 3423 3191 3478 ἄνωθεν
3237 3425 3621 3499 κατηχουμένῃ

2049 3515 2212 3585 πνοῇ,
2260 3514 2321 3568 οὐ
2361 3513 2499 3584 πρὸς
2530 3515 2828 3586 ὁμοιότητα
2872 3516 3091 3586 ἐκείνην
3137 3518 3378 3571 παλαιὰν
3425 3517 3620 3587 ἀψύχῳ

2051 3605 2147 3656 καὶ
2204 3604 2379 3668 οὕτως
2431 3605 2749 3678 ἀναισθήτῳ
2804 3605 2902 3678 βοῇ
2945 3608 3431 3677 ἀντιφθέγγεσθαι.
3483 3609 3622 3666 ἀλλὰ

2051 3695 2366 3767 θαρσαλέως
2388 3695 2569 3766 λέγειν
2591 3697 2828 3769 διατόρῳ
2856 3698 2951 3770 βοῇ
2975 3699 3112 3768 πρὸς
3133 3701 3224 3755 τὸν
3248 3700 3372 3770 ἄρτι
3401 3719 3624 3773 σημειο-

2051 3787 2321 3859 φοροῦντα
2351 3787 2506 3854 Θεὸν,
2542 3790 2627 3844 τὸν
2658 3791 2715 3843 ἐν
2739 3789 2933 3861 Τριάδι
2964 3791 3024 3845 τὸ
3053 3786 3123 3845 Ὦ
3146 3793 3319 3863 Τριὰς
3345 3794 3625 3864 ίσοσθενὴς

2052 3879 2284 3953 ἄναρχος
2312 3896 2328 3912 ⁶
2367 3882 2504 3954 μόνη
2537 3883 2617 3951 ob,
2634 3883 2926 3952 εὐλογητὸς
2957 3881 3010 3938 εἷ
3036 3884 3174 3954 πρὸς
3208 3884 3501 3953 ἀλήθειαν.
3528 3887 3620 3940 Διὸ

2051 3978 2145 4032 καὶ
2183 3981 2350 4048 μόνην
2388 3978 2446 4032 σὲ
2483 3980 2642 4048 ἡμεῖς
2683 3981 2731 4034 οἱ
2784 3980 2870 4033 σοὶ¹
2917 3980 3277 4049 εὐλογοῦμεν,
3306 3980 3384 4042 ὡς
3420 3982 3497 4051 μὴ
3546 3984 3624 4034 εί-

2049 4070 2201 4135 δότες
2231 4071 2364 4124 Θεὸν
2394 4071 2553 4126 ἄλλον
2583 4073 2666 4126 ὃτι
2698 4071 2773 4143 μὴ
2806 4072 2867 4126 σὲ
2901 4072 2998 4126 καὶ
3029 4072 3191 4140 μόνον
3220 4085 3232 4101 ’
3268 4072 3412 4127 ὥστε
3439 4072 3502 4125 τὸ
3531 4090 3622 4127 σε·

2050 4160 2349 4231 ϐασμιὰζει
2382 4163 2665 4217 ἁντίθετόν
2694 4165 2811 4217 ἐστι
2841 4163 2977 4233 πρὸς
3007 4163 3066 4216 τὸ
3097 4163 3351 4234 ὲθρόησε,
3384 4164 3623 4235 μάλιστα

2048 4255 2107 4310 δὲ
2148 4255 2284 4326 πρὸς
2313 4255 2374 4308 τὸ
2409 4255 2590 4309 σέϐειν
2625 4256 2685 4308 τὸ
2715 4255 2913 4326 βρέτας
2940 4270 2953 4287 ⁸
2991 4255 3086 4309 καὶ
3121 4256 3253 4321 ῐσως
3283 4257 3401 4322 ἐξὸν
3426 4255 3488 4311 ὸν
3510 4260 3623 4322 τοῖς

2051 4347 2309 4417 ῥήτορσιν
2360 4347 2508 4402 ἔστιν
2539 4342 2600 4400 οἶ)
2648 4347 2770 4401 κατ’
2799 4347 3049 4417 ἀνάγκην
3101 4349 3223 4401 τινὰ⁵
3280 4351 3623 4418 καινουργεῖν

2049 4437 2226 4503 λέξεις
2252 4454 2267 4470 ·
2298 4438 2521 4509 ἐποίησε
2553 4437 2715 4491 τοῦτο
2740 4437 2836 4491 καλ⁵
2862 4440 2889 4492 ὁ
2914 4438 3152 4510 μελῳδὸς
3183 4438 3304 4506 νῦν,
3322 4442 3623 4512 παραποιή-

2052 4547 2147 4596 σας
2181 4531 2247 4585 ὲκ
2276 4530 2369 4585 τοῦ
2400 4530 2672 4615 σέϐεινὶτὸ
2705 4531 3123 4602 σεϐασμιάξειν.

2123 4830 2223 4898 ρξ’.
2253 4829 2395 4896 Ὅρα
2426 4827 2484 4881 δὲ
2514 4826 2592 4890 ὡς
2620 4825 2811 4891 δεξιῶς
2844 4827 2872 4880 ὁ
2904 4824 3051 4897 ἱερὸς
3076 4819 3232 4889 οὗτος
3264 4827 3496 4898 ποιητὴς
3526 4827 3625 4897 τὴν

2049 4921 2348 4993 εἰρημένην
2375 4918 2685 4990 Χαλδαῖκήν
2707 4917 2949 4987 ἱστορίαν
2970 4917 3397 4989 παρεισοδιάσας
3420 4918 3625 4988 ἁρμότ-

2049 5031 2250 5068 τουσαν
2281 5011 2460 5083 εἱρμῷ
2489 5011 2724 5081 ἑϐδόμης
2747 5009 2914 5082 ᾠδῆς,
2943 5011 3038 5064 καὶ
3068 5002 3420 5080 παράλληλον
3450 5009 3623 5075 αὐτὴν

2051 5105 2167 5167 θεὶς
2195 5106 2308 5165 τοῖς
2341 5105 2485 5156 κατὰ
2531 5102 2594 5154 τὸ
2642 5101 3045 5171 ὲορταζόμενον
3074 5100 3231 5171 ἅγιον
3260 5100 3509 5170 Πνεῦμα,
3539 5101 3626 5155 δε-

2052 5193 2273 5260 ξιότητα
2303 5191 2510 5260 πολλὴν
2563 5191 2776 5246 οἰκείαν
2806 5191 3066 5261 ἐξέφηνε·
3101 5190 3180 5261 τῷ
3213 5191 3311 5260 μὲν
3341 5190 3449 5260 γὰρ
3485 5209 3623 5261 συμο

2051 5284 2217 5354 φώνῳ
2270 5285 2420 5354 μέλει
2453 5283 2561 5337 τῶν
2618 5283 2756 5354 πρὸς
2786 5283 3039 5352 αἴσθησιν
3086 5283 3334 5355 ὀργάνων
3374 5284 3620 5351 ἐκείνων,

2050 5376 2148 5450 τὴν
2200 5376 2324 5447 ἄρτι
2377 5375 2766 5446 πνευματικὴν
2827 5375 3149 5445 συμφωνίαν
3200 5374 3619 5446 ἀντιπαρέθετο.

2051 5471 2128 5523 Οὐ
2154 5468 2263 5538 γὰρ
2292 5465 2554 5535 γλωσσῶν
2611 5465 2852 5520 ἐνταῦθα
2901 5465 3187 5536 σύγχυσις,
3236 5465 3375 5520 ἀλλὰ
3407 5465 3617 5530 ἕνωσις,

2051 5562 2146 5618 καὶ
2171 5560 2247 5624 ὡς
2268 5558 2442 5623 οὕτως
2463 5559 2638 5615 εἰπεῖν
2665 5558 3049 5628 συμφρόνησις
3071 5573 3086 5587 ⁸
3111 5560 3178 5628 τῇ
3205 5557 3263 5612 δὲ
3294 5559 3412 5611 κατ’
3438 5560 3622 5612 ἐκεῖνα

2053 5650 2293 5722 ὲμπνοία
2348 5651 2445 5704 καὶ
2476 5650 2712 5720 κινήσει,
2739 5649 3060 5719 ἐμπνευστὰ
3089 5648 3200 5720 γάρ
3253 5666 3376 5702 τινα
3404 5650 3623 5712 πάντως

2052 5737 2194 5812 ἦσαν
2232 5742 2290 5795 ὲν
2350 5740 2560 5805 αὐτοῖς,
2611 5739 2712 5810 τὴν
2770 5739 3150 5809 πνευματικὴν
3207 5738 3494 5791 ἐπίπνοιαν
3545 5741 3625 5801 εἰς

2056 5832 2178 5895 τοὺς
2209 5829 2545 5893 ἀποστόλους
2591 5827 2957 5883 ἂντιτέθεικεν
2978 5845 2991 5860 ·
3022 5827 3227 5901 ὄργανα
3257 5826 3391 5882 Θεοῦ
3428 5828 3625 5890 αὐτοὺς
