4050 6412
425 308 527 372 C77

1238 310 1316 371 IN
1361 301 1699 372 [WMNUM
1733 308 2389 393 PENTECOSI'ALEM
2434 310 2895 375 DAMASCENI.

3574 312 3681 374 6'8

425 436 525 485 ρον
561 419 622 471 τὸ
672 419 802 491 βοᾷν
827 434 838 447 ⁸
875 418 949 482 ὡς
1002 417 1179 489 χρεὼν
1213 420 1273 473 ὃν
1312 421 1486 485 οὕτως
1546 423 1691 494 ᾄδειν
1749 421 1826 491 τῷ
1856 421 1996 492 Θεῷ,
2032 470 2034 477 ι

2118 433 2188 476 :st
2217 422 2277 475 τὸ
2301 422 2428 492 βοᾷν
2455 441 2469 487 ;
2503 424 2659 491 quasi
2693 440 2916 478 nea-csse
2941 425 3008 481 sit
3040 426 3111 479 ita
3162 441 3358 480 cauere
3393 424 3446 476 D.
3468 441 3521 488 ο,
3550 427 3678 493 juv—

425 511 565 565 κατὰ
592 511 674 573 τὸ,
699 510 1017 581 ἀνεφώνησε
1048 513 1201 583 φωνῇ
1233 514 1448 583 μεγάλῃ
1472 515 1568 567 καὶ
1603 509 1747 567 εἷπε.

495 602 628 671 ρξε’.
660 603 735 656 Τὸ
765 603 821 657 δὲ
857 604 1137 675 ίσοσθενὴς
1187 606 1284 658 καὶ
1336 605 1577 676 ἄναρχος
1613 606 1882 675 κλητικῶς
1915 624 2000 662 νο-

423 691 680 761 ούμενον,
709 691 962 756 ’Δττικὸς
993 693 1063 748 ἂν
1112 696 1259 749 εἴποι
1305 697 1446 768 ἀνὴρ
1483 699 1605 751 ἀντὶ
1636 698 1730 751 τοῦ
1777 696 1852 751 Ὦ
1893 701 2003 754 ἰσο-

426 785 613 849 σθενὲς
648 787 744 839 καὶ
780 785 984 858 ἄναρχε
1011 803 1029 820 ο
1054 788 1331 860 Ἀθηναῖοι
1366 792 1477 862 γὰρ
1533 792 1850 857 ταυτίζουσι
1898 794 2002 864 τὴν

428 878 595 949 όρθὴν
626 879 722 932 καὶ
763 880 863 950 τὴν
908 881 1200 953 κλητικὴν,
1227 884 1294 937 τὰ
1325 885 1405 944 εἰς
1457 882 1773 953 ὲκφώνησιν
1794 899 1808 915 ’
1840 886 1936 938 καὶ
1966 886 1999 954 ἠ

428 971 719 1040 εὐλογητὸς
741 973 795 1027 δὲ
829 972 1019 1042 Τριᾶς,
1043 976 1142 1044 τῆς
1170 976 1341 1046 αὐτῆς
1370 976 1654 1032 διαλέκτου
1685 978 1823 1044 ἐστὶ,
1859 978 2004 1033 καθὰ

434 1063 527 1116 καὶ
554 1065 614 1117 τὺ
644 1065 676 1134 ή
718 1068 985 1132 γενναῖος,
1033 1068 1128 1120 καὶ
1171 1067 1240 1121 τὰ
1284 1068 1512 1121 τοιαῦτα
1538 1085 1553 1099 ·
1587 1069 1649 1123 τὸ
1680 1072 1788 1140 γὰρ
1823 1072 2003 1125 κοινὸν

435 1156 468 1223 ἠ
501 1153 790 1225 εύλογητή.
835 1157 991 1210 Οὖτω
1040 1160 1098 1211 δὲ
1149 1162 1247 1213 καὶ
1291 1162 1353 1213 τὸ
1398 1162 1675 1232 κατάρχον
1721 1166 1780 1215 ἐν
1833 1164 2005 1231 ἱεραῖς

434 1248 780 1311 ἀκολουθίαις
809 1252 1091 1318 τρισάγιον
1122 1253 1263 1305 κατὰ
1290 1252 1554 1322 κλητικὴν
1588 1253 1800 1307 ἔννοιαν
1822 1255 2004 1323 ἐκφωο

356 1366 366 1387 ρ
432 1342 606 1391 νεῖται
640 1340 736 1392 καὶ
770 1340 985 1409 ἀληθῶς
1023 1341 1462 1414 παρακλητικὴν,
1487 1344 1537 1397 εἰ
1567 1345 1661 1396 καὶ
1684 1345 1858 1407 ἄλλως
1884 1344 2007 1398 κατ’

436 1431 651 1484 εὐθεῖαν
685 1431 896 1484 πτῶσιν
938 1434 1350 1502 ὲκπεφώνηται.
1396 1435 1560 1502 Δηλοῖ
1603 1436 1661 1489 δὲ
1703 1437 1785 1491 ὅτι
1817 1435 2008 1510 ὥσπερ

435 1523 469 1592 ἡ
498 1521 730 1591 δύναμις
772 1524 866 1577 καὶ
906 1525 975 1576 τὰ
1013 1525 1135 1578 κατ’
1174 1526 1368 1596 αὐτὴν,
1403 1526 1486 1579 ἔτι
1514 1528 1572 1581 δὲ
1606 1531 1701 1582 καὶ
1730 1530 1883 1601 ἰσχὺς
1913 1533 2010 1586 καὶ

435 1614 499 1665 τὸ
526 1614 748 1683 κράτος,
778 1612 956 1679 οὕτως
985 1617 1082 1669 καὶ
1108 1617 1169 1669 τὸ
1207 1617 1392 1681 σθένος
1419 1618 1693 1690 ᾠκείωται
1723 1623 1803 1689 τῷ
1850 1624 1973 1694 Θεῷ
1992 1640 2007 1656 ⁸

434 1707 516 1761 διὸ
559 1709 653 1761 καὶ
701 1710 952 1779 ίσοσθενῆ
998 1710 1097 1781 τὴν
1146 1713 1310 1781 ἁγίαν
1356 1714 1462 1783 ἔφη
1511 1716 1750 1785 Τριάδα·
1784 1717 2013 1780 δυνατὸς

2103 525 2152 568 ta
2179 516 2319 568 istud
2351 516 2648 572 :Clamavit
2671 533 2801 570 voco
2837 525 3050 585 magna,
3076 529 3129 572 ct
3165 519 3321 572 dixit.

2182 607 2298 661 165.
2329 607 2499 662 \‘uces
2527 621 2704 662 autem
2743 610 3021 680 ίσοσθενὴς
3053 620 3109 663 οι
3143 611 3381 679 ἄναρχος
3431 612 3679 666 vocative

2102 711 2370 770 sumptas,
2397 702 2595 755 atticus
2619 701 2781 755 homo
2800 702 2879 756 sic
2900 702 3106 755 diceret
3140 717 3271 771 pro:
3306 701 3378 756 '0
3406 704 3680 767 ἱσοσθενὲς

2103 800 2158 845 et
2186 792 2421 861 ἄναρχει
2452 793 2815 847 Atheuienses
2841 795 2986 847 enim
3013 796 3405 849 nominativum
3434 806 3487 850 et
3519 813 3680 851 voca-

2106 882 2273 937 lirum
2309 883 2362 937 in
2398 886 2751 953 pronuntiatu
2788 886 3040 939 similiter
3081 885 3310 942 habent.
3369 887 3679 957 Εὐλογητός

2106 981 2290 1027 autem
2344 974 2586 1030 Trinitas
2645 975 2893 1044 ejusdem
2964 984 3047 1030 est
3109 978 3371 1042 dialecli;
3431 977 3576 1031 sicut
3624 984 3680 1030 et

2106 1066 2407 1135 ἡγενναῖος
2444 1073 2498 1120 et
2547 1066 2790 1120 similia:
2842 1068 3209 1121 communiter
3268 1069 3415 1122 enim
3476 1069 3681 1122 dicitur

2107 1158 2141 1228 ἡ
2173 1156 2460 1224 εῦλογητή.
2498 1154 2588 1211 Sic
2619 1170 2798 1211 autem
2860 1159 3023 1211 etiam
3062 1160 3115 1212 in
3180 1160 3359 1229 capite
3397 1175 3679 1214 sacrarum

2110 1247 2424 1301 litaniarum
2464 1250 2749 1318 τρισάγιον
2796 1249 2948 1318 juxta
2987 1251 3295 1304 vocativum
3355 1265 3574 1305 sensum
3628 1260 3684 1303 ct

2112 1352 2238 1390 vere
2264 1337 2704 1406 ilrprecatorium
2740 1339 3162 1408 pronuntiatur;
3201 1341 3323 1394 licet
3358 1341 3495 1394 alias
3559 1358 3685 1410 pro-

2114 1428 2351 1482 nuntiari
2380 1430 2665 1484 consuerit
2688 1428 2845 1499 juxta
2891 1439 3098 1484 rectum
3131 1446 3346 1485 casum.
3413 1432 3687 1486 I‘atctau-

2113 1532 2219 1576 tem
2252 1522 2396 1590 quod
2435 1524 2892 1592 quemadmodum
2926 1526 3171 1595 potentia
3235 1526 3519 1595 ipsiusque
3550 1543 3687 1581 con-

2113 1616 2366 1677 sectaria,
2422 1631 2636 1671 necnon
2704 1617 2876 1671 virtus
2926 1626 2975 1671 et
3037 1618 3349 1686 imperium,
3394 1618 3475 1673 sic
3517 1619 3685 1672 etiam

2118 1704 2306 1768 σθένος
2336 1706 2507 1760 robur
2555 1709 2935 1775 appropriatur
2969 1708 3077 1762 Deo
3114 1726 3127 1766 ;
3163 1707 3395 1778 ideoque
3437 1724 3684 1765 sanetam

439 1798 548 1866 γὰρ
575 1801 603 1853 ό
631 1801 784 1865 Θεὸς,
828 1802 924 1856 καὶ
970 1804 1260 1875 δυνάστης,
1310 1807 1406 1859 καὶ
1463 1807 1701 1876 ἰσχυρὸς.
1734 1809 1843 1881 ’καὶ
1879 1826 2011 1878 κρα-

2118 1793 2435 1851 Trinitatem
2463 1799 2539 1851 ait
2565 1798 2831 1867 ἱσοσθενῆ.
2866 1798 3065 1853 Patcus
3111 1804 3255 1855 enim
3302 1812 3386 1857 est
3436 1803 3600 1868 Deus,
3635 1813 3690 1858 et

440 1891 613 1954 ταιδς,
636 1894 730 1947 καὶ
758 1893 1039 1964 σθεναρὸς,
1075 1897 1169 1948 καὶ
1206 1897 1384 1951 πάντα
1418 1898 1661 1960 τοιαῦτα,
1688 1901 1810 1953 καθ’
1843 1901 2012 1971 ὑπέρ-

441 1985 592 2038 θεσιν
619 1986 1031 2057 ἀνυπέρϐλητον
1048 2004 1061 2018 °
1084 1989 1183 2057 τῆς
1217 1991 1357 2043 κατὰ
1391 1992 1489 2061 τὴν
1513 1992 1751 2061 ἑϐδόμην
1777 1993 1833 2046 δὲ
1865 1994 2013 2064 ᾠδὴν

438 2079 753 2148 χοῳποιῖας
785 2079 920 2134 ῐδιςν
944 2080 1004 2133 τ’)
1032 2080 1323 2150 εὐλογητὸς
1351 2075 1423 2139 εἷ.
1448 2084 1538 2136 Διὸ
1565 2086 1825 2154 τετράκις
1864 2085 2016 2155 αὐτῷ

443 2169 778 2239 ἐσφράγισεν
818 2171 847 2222 ό
893 2169 1132 2241 μελῳδὸς
1191 2172 1428 2226 ἐνταῦθα
1470 2174 1536 2226 τὰ
1574 2174 1820 2245 τέσσαρα
1876 2177 2017 2243 μέλη

442 2257 631 2323 αὑτοῦ,
666 2258 757 2312 τὸν
799 2258 993 2327 εἱρμὸν
1032 2261 1127 2312 καὶ
1175 2264 1246 2314 τὶ
1300 2262 1423 2332 τρία
1465 2265 1764 2336 τροπάρια,
1804 2265 2014 2337 ὲπῳὸοῦ

440 2347 595 2418 δίκην
626 2348 925 2417 ἐπαγαγὼν
958 2348 1089 2403 αὐτὸ
1116 2349 1199 2414 δὶς
1229 2352 1327 2423 μὲν
1370 2352 1657 2419 Ἀττικῶς,
1684 2356 1766 2419 δὶς
1795 2357 1853 2410 δὲ
1898 2375 2017 2412 κοι-

442 2440 678 2509 νότερον.
1398 2480 1405 2487 .

613 2534 945 2601 Τροπάριον
979 2535 1217 2602 πρῶτον
1251 2535 1362 2605 τῆς
1413 2538 1670 2608 ἐεδόμης
1692 2541 1874 2610 ᾠδῆς.

519 2624 703 2679 XVIII.
722 2628 909 2699 'Dtnv'hv
935 2629 1453 2699 προφητνῖφθεγκτον
1482 2632 1836 2703 ἠγνοηκότες,

727 2718 1005 2787 Ἐφασκον
1039 2722 1380 2773 οίνότευκτον
1409 2721 1643 2789 ἄφρονες
1677 2725 1872 2792 μέθην,

731 2810 950 2883 Ῥήσεις
977 2811 1418 2883 ξενηκούσθησαν
1452 2815 1525 2876 ὡς
1554 2817 1867 2869 ἀποστόλων
1886 2833 1903 2849 ο

725 2904 790 2956 Οἱ
820 2904 1062 2967 εὐσεϐεῖς
1082 2904 1150 2957 et
1185 2906 1267 2957 σοὶ
1304 2905 1515 2975 βοῶμεν
1546 2906 1764 2969 ὲνθέως,

722 2996 968 3066 Νεουργὲ
1004 2997 1099 3049 τοῦ
1134 2998 1482 3067 σύμπαντος,
1514 2997 1807 3067 εύλογητδς
1836 2993 1906 3054 εἴ.

516 3087 659 3155 ρξςκ
708 3086 848 3149 Τοὺς
900 3089 1398 3155 περιτετυχηκότας
1440 3090 1509 3157 τῇ
1563 3087 1655 3140 τοῦ
1704 3088 2012 3156 ἁγιωτάτου

449 3179 763 3247 ηνεύματος
815 3180 1045 3251 ἑνδημίᾳ⁵
1096 3181 1218 3232 τότε
1266 3179 1450 3244 λαοὺς,
1498 3181 1590 3233 καὶ
1638 3180 1714 3252 μὴ
1759 3183 2016 3254 ἐπιπνοίᾳ

445 3271 539 3324 τοῦ
567 3271 701 3325 Θεοῦ
727 3272 836 3325 τῶν
864 3272 1142 3340 γνὼσεων,
1173 3272 1495 3339 ὲπιγνόντας
1517 3272 1617 3343 τὴν
1643 3273 1854 3326 ἐκείνου
1880 3274 2018 3327 θειο⁹

445 3363 616 3432 τάτην
640 3362 894 3431 δύναμιν,
918 3363 1050 3433 μηδὲ
1072 3363 1485 3431 ἐμϐαθύναντας
1515 3366 1843 3434 διορατικῶς
1868 3367 2017 3429 ὅπως

447 3454 812 3524 χορηγοῦντος
827 3454 923 3507 τοῦ
934 3454 1077 3507 Θεοῦ
1106 3455 1384 3525 διαφόροις
1414 3455 1691 3524 γλώσσαις
1714 3458 1781 3511 τὰ
1804 3459 2015 3513 ἐκείνου

447 3546 670 3599 ἐλάλουν
699 3547 747 3599 oi
778 3546 1066 3601 ἀπόστολοι
1108 3548 1448 3617 ὲναρμονίως
1477 3550 1535 3600 ἐν
1577 3550 1811 3622 διαφορᾷ
1857 3569 2018 3622 κρου-

449 3640 653 3707 μάτων,
685 3638 829 3708 amp
857 3640 1079 3710 ἐνήργει
1111 3645 1170 3693 ὲν
1213 3642 1333 3703 ταῖς
1381 3642 1607 3696 ἐκείνων
1648 3643 1922 3710 γλώσσαις
1956 3647 2018 3700 τὸ

445 3732 600 3800 ἆγον
634 3732 855 3800 Πνεῦμα
891 3732 967 3796 ὼς
1015 3727 1102 3785 οἷα
1159 3733 1255 3787 καὶ
1308 3733 1586 3805 πλῆκτρον
1641 3735 1838 3802 δεξιόν.
1878 3735 2018 3801 Τοὺς

442 3826 621 3877 τοίνυν
647 3824 924 3887 τοιούτους
964 3824 1122 3888 λαοὺς
1156 3826 1676 3896 παραδειγματίζων
1713 3832 1741 3882 ό
1780 3829 2019 3899 μελῳδὸς

441 3917 515 3980 ὡς
552 3917 626 3987 μὴ
656 3918 1058 3988 ἀποδεχόμενος
1084 3919 1351 3982 ἐκείνους,
1382 3920 1623 3989 ἄφρονάς
1653 3938 1711 3973 τε
1746 3922 2019 3975 ἀποκαλεῖ

441 4011 515 4071 ὡς
558 4010 751 4079 ἀλογίᾳ
803 4010 1090 4079 κατόχους,
1126 4010 1221 4063 καὶ
1260 4010 1513 4064 συνθέναι
1564 4012 1637 4082 μὴ
1669 4011 1893 4082 ἔχοντας
1928 4008 2018 4067 οἷα.

445 4101 539 4155 καὶ
569 4103 671 4155 ὅσα
700 4103 922 4155 δύναται
957 4103 985 4153 ό
1018 4102 1172 4165 Θεὸς,
1195 4103 1291 4155 καὶ
1320 4105 1482 4156 όποῖα
1508 4103 1671 4177 ’λαλεῖ
1695 4108 1898 4169 ἐκεῖνος
1925 4108 2018 4160 καὶ

448 4196 592 4247 ποιεῖ
624 4194 710 4246 διὰ
735 4195 843 4246 τῶν
875 4193 1221 4264 θεραπόντων
1255 4193 1420 4246 αὐτοῦ
1447 4211 1461 4223 ο
1495 4194 1588 4247 καὶ
1623 4196 1903 4263 μέμφεται
1934 4196 2017 4249 ὅτι

443 4290 628 4355 ἔλεγεν
664 4288 791 4357 οἴνῳ
834 4286 1054 4357 μεθύειν
1095 4284 1223 4349 τοὺς
1266 4288 1623 4350 ἀποστόλους,
1656 4289 1797 4341 ἐπὰν
1830 4290 2016 4360 ῥήσεις

443 4379 668 4434 ἐκείνων
717 4379 889 4445 ξέναι,
928 4378 956 4430 ὅ
999 4379 1113 4431 ἐστι
1160 4377 1491 4444 ξενίζουσαι,
1525 4381 1620 4432 καὶ
1678 4380 1847 4444 ξένως
1898 4382 2017 4451 ἦτοι

2116 1887 2400 1956 dynastes,
2434 1897 2489 1941 et
2517 1886 2673 1943 fuitis
2701 1899 2755 1942 et
2785 1889 3070 1957 robustus,
3107 1903 3158 1945 et
3196 1893 3428 1960 validus,
3469 1909 3692 1951 (τίμιοι-ιιι

2116 1993 2223 2048 que
2256 1980 2479 2044 similia,
2513 1981 2566 2034 in
2599 1997 2858 2051 supremo
2886 1984 3079 2052 gradu.
3111 1984 3333 2039 Churiei
3368 2002 3499 2041 vero
3556 2004 3689 2042 ean-

2118 2078 2204 2125 tus
2228 2072 2505 2139 proprium
2531 2076 2691 2126 estin
2725 2075 2959 2141 septimo
2993 2076 3235 2130 carmine
3289 2079 3431 2133 istud
3471 2094 3488 2132 :
3537 2081 3689 2133 εὐλο-

2118 2162 2285 2232 γητὸς
2311 2158 2361 2215 εἷ
2393 2182 2406 2217 :
2440 2163 2561 2217 ideo
2584 2173 2772 2231 quater
2801 2165 3108 2235 obsignavit
3147 2167 3266 2235 ipso
3309 2171 3557 2226 meludus
3601 2174 3690 2227 hic

2117 2264 2354 2325 quatuor
2402 2257 2664 2313 melolias
2723 2274 2873 2325 suas,
2932 2273 3129 2313 nexum
3165 2269 3219 2314 et
3250 2269 3362 2316 tres
3409 2264 3689 2331 strophas.

2118 2348 2275 2417 epodi
2298 2363 2449 2402 more
2475 2350 2778 2417 producens
2808 2350 2958 2413 illud,
2991 2351 3074 2407 bis
3102 2351 3323 2422 quidem
3383 2355 3565 2422 attice,
3601 2358 3684 2412 bis

2119 2450 2298 2493 autem
2330 2440 2720 2495 communiter.

2402 2530 2718 2601 Troparium
2741 2534 2972 2603 primum
3006 2536 3121 2591 orta
3152 2540 3411 2607 septimm.

2260 2626 2453 2681 VOCem
2487 2643 2515 2680 a
2542 2627 2806 2696 propheta
2838 2628 3040 2684 dictam
3065 2631 3155 2702 qui
3181 2631 3522 2701 ignorarunt,

2194 2715 2459 2772 Dicebant
2488 2719 2660 2784 stulti,
2687 2717 2882 2773 laetam
2920 2736 2950 2774 a
2994 2723 3118 2776 vino
3145 2724 3487 2779 ebrietatem.

2201 2809 2452 2879 Loquelze
2476 2811 2777 2880 peregrina:
2805 2812 3004 2865 auditae
3039 2823 3189 2877 sunt,
3217 2831 3275 2868 ιιι
3302 2819 3561 2884 ιψυειυός
3581 2833 3692 2873 um.

2192 2902 2269 2954 Pii
2298 2912 2478 2956 autem
2505 2902 2599 2956 tibi
2636 2903 2937 2959 clamamus
2962 2905 3228 2961 divinitus

2156 3020 2161 3023 -
2193 2994 2429 3048 i‘ovilice
2458 2994 2715 3060 universi,
2734 2994 3046 3051 benedictus
3076 3011 3158 3052 es.
3212 3058 3215 3061 _

2193 3085 2317 3140 £66.
2341 3085 2581 3156 Populos
2623 3095 2753 3141 tunc
2786 3086 2923 3143 forte
2965 3096 3261 3158 praesentes
3307 3091 3371 3145 ad
3406 3093 3694 3148 sanctissi-

2123 3184 2195 3239 mi
2226 3183 2464 3254 Spiritus
2496 3182 2809 3247 incolatum,
2836 3196 2957 3244 nec,
2991 3181 3084 3235 Dei
3116 3182 3467 3237 scientiarqu
3519 3185 3694 3255 inspi-

2119 3277 2352 3343 ratione,
2378 3274 2807 3329 diviuisssimam
2839 3273 2960 3341 ejus
2985 3277 3284 3343 potentiam
3310 3288 3693 3344 agnoscentes,

2120 3384 2296 3439 neque
2324 3367 2714 3438 perspicaciter
2742 3366 3021 3421 intuentes
3052 3367 3329 3435 quomodo
3384 3368 3492 3421 Deo
3528 3372 3688 3435 duce,

2117 3458 2284 3514 variis
2310 3458 2510 3528 linguis
2536 3456 2710 3526 ipsius
2738 3457 2902 3512 verba
2928 3456 3285 3526 loquerentur
3308 3458 3540 3527 apostoli
3562 3472 3698 3513 corp

2118 3552 2279 3606 cinne
2306 3551 2356 3603 in
2393 3549 2711 3604 diversitate
2733 3562 3017 3611 sonorum,
3051 3564 3190 3617 qUuS
3223 3549 3275 3602 in
3314 3548 3553 3620 ipsorum
3586 3550 3696 3605 lin-

2118 3643 2238 3714 guis
2305 3641 2542 3711 Spiritus
2594 3649 2821 3695 sanctus
2893 3641 3042 3693 velut
3087 3641 3368 3693 dexterum
3428 3641 3693 3709 plectrum

2121 3732 2451 3804 producebat
2475 3748 2491 3793 :
2518 3735 2618 3785 hos
2650 3731 2816 3799 igitur
2853 3730 3123 3799 ejusmodi
3154 3732 3385 3801 populos
3434 3734 3692 3802 stigmate

2120 3836 2317 3880 netans
2374 3823 2621 3878 melodus
2683 3834 2943 3892 tanquam
3008 3838 3117 3877 non
3171 3824 3483 3894 approbans
3545 3828 3688 3893 illos,

2119 3917 2448 3987 insipientes
2482 3927 2637 3971 vocat
2695 3927 2955 3985 tanquam
2983 3916 3221 3969 amentia
3256 3926 3542 3986 correptos
3594 3934 3695 3974 uec

2122 4008 2426 4077 intelligere
2459 4010 2699 4064 valentes
2738 4024 2860 4078 quae
2891 4009 3183 4079 qualiaque
3217 4012 3390 4080 possit
3441 4011 3602 4075 Deus,
3640 4021 3695 4066 et

2120 4102 2302 4170 qualia
2356 4103 2608 4171 loquatur
2638 4113 2688 4154 et
2741 4111 2865 4168 agat
2915 4101 3005 4157 ille
3035 4116 3133 4169 per
3194 4116 3326 4157 suos
3370 4116 3596 4171 servos;
3641 4114 3697 4158 et

2120 4194 2388 4262 vituperat
2414 4195 2556 4261 qnol
2589 4192 2834 4247 dicereut
2864 4191 3050 4246 ebrios
3080 4205 3201 4246 esse
3235 4192 3363 4246 vino
3387 4197 3696 4260 apostolos,

2122 4295 2408 4353 postquam
2444 4285 2682 4347 ipsorum
2721 4284 2879 4337 verba
2951 4294 3236 4348 extranea,
3284 4285 3336 4336 id
3388 4294 3492 4349 est,
3556 4288 3694 4340 mire

2121 4383 2351 4452 prolata,
2405 4380 2571 4447 ξένως
2602 4387 2698 4433 aut
2752 4379 3187 4433 extraordinaria
3245 4380 3522 4443 sonantia,
3573 4396 3698 4449 pro-

448 4470 767 4540 παραδόξως
796 4469 1179 4540 ἀπηχούμεναι
1213 4469 1301 4522 διὰ
1361 4472 1420 4521 τὸ
1474 4471 1877 4539 ἐτερόγλωσσον
1926 4474 2021 4525 καὶ

2127 4485 2246 4544 pter
2278 4472 2532 4542 loquendi
2586 4470 2903 4526 facultatem
2960 4471 3153 4524 alienis
3204 4480 3257 4525 ct
3290 4474 3369 4525 sic
3405 4473 3699 4541 incognitis

439 4562 612 4625 οῦτως
638 4562 994 4630 ἅλλόγνωτον,
1021 4561 1394 4631 ὴκούσθησανο
1440 4562 1685 4617 Ἐποίουν
1709 4565 1785 4627 δὲ,
1818 4565 1849 4632 ἢ
1887 4566 2020 4632 μᾶ).-

441 4657 532 4708 λον
584 4655 821 4723 ἔπασχον
874 4654 973 4725 τὴν
1025 4652 1341 4723 ἀφροσύνην
1380 4656 1585 4724 ταύτην
1628 4656 1677 4706 οἱ
1710 4656 2015 4726 εἰρημένοι,

442 4748 518 4811 ὡς
570 4745 903 4816 ἠγνοηκότες
951 4746 1050 4815 τὴν
1099 4745 1545 4816 προδηλωθεῑσαν
1593 4746 1689 4799 τοῦ
1734 4753 2021 4819 προφήτου

453 4841 612 4910 Ἰωήλ
668 4843 881 4908 φωνήν·
934 4840 1027 4891 καὶ
1075 4837 1152 4898 ὼς
1208 4839 1239 4909 ἡ
1296 4835 1578 4901 ξενίζουσα
1611 4837 1721 4890 τῶν
1753 4839 2021 4906 γλωσσῶν

443 4932 627 5000 ἐκείνη
660 4929 928 4999 ὲναλλαγὴ
949 4928 1046 5000 τὴν
1076 4929 1175 4996 τῆς
1209 4928 1532 4999 Ἑλληνικῆς
1560 4927 1858 4999 θρησκείας
1884 4932 2020 4983 ὑπε-

443 5021 607 5091 δήλου
639 5022 732 5074 ἐπὶ
764 5022 825 5074 τὸ
877 5022 1126 5090 κρεῖττον
1176 5018 1486 5083 ἀλλοίωσιν,
1516 5019 1701 5073 οὐκέτι
1740 5021 1846 5073 ἀπὸ
1874 5020 2020 5094 Θρᾳ-

443 5115 557 5169 κών
591 5110 736 5167 εἶναι
771 5112 1175 5184 ρηθησομένην,
1200 5110 1316 5165 ἀλλ’
1350 5112 1415 5163 ὲκ
1452 5109 1546 5163 τοῦ
1595 5111 1846 5181 Σωτῆρος
1888 5114 2023 5183 Χρι-

447 5205 595 5273 στοῦ,
640 5204 701 5258 ὃν
737 5202 1011 5272 σεϐόμεθα
1040 5203 1091 5256 οι
1146 5201 1451 5273 χριστιανοί
1477 5218 1492 5233 ο
1533 5201 1591 5265 ὃς
1627 5203 1722 5255 καὶ
1772 5203 1880 5273 πρὸ
1911 5205 2022 5257 τῶν

446 5299 618 5367 ἁγίων
652 5297 842 5352 παθῶν
879 5292 1044 5348 αὐτοῦ
1073 5294 1317 5364 ὑπέφηνε
1348 5296 1414 5364 τῇ
1442 5293 1567 5365 ξένῃ
1596 5295 2024 5366 μεταμορφώσει

446 5394 508 5444 τὸ
559 5389 695 5444 αὐτὸ
748 5388 1089 5459 μυστήριον⁸
1140 5385 1432 5441 ἀλλοίωσιν
1484 5386 1660 5455 δηλῶν
1706 5386 1806 5457 τὴν
1855 5389 1914 5440 ἐν
1947 5389 2025 5458 τῷ

446 5485 629 5547 παντὶ,
663 5482 757 5535 καὶ
785 5480 1012 5545 σκότους
1064 5480 1164 5549 μὲν
1210 5478 1587 5547 παγκοσμίου,
1617 5479 1715 5532 τοῦ
1754 5482 1895 5533 κατὰ
1925 5482 2027 5548 τὴν

446 5575 677 5642 πλάνην,
729 5572 1000 5626 ἀπέλασιν
1023 5586 1040 5604 ο
1077 5571 1255 5639 φωτὸς
1283 5570 1341 5623 δὲ
1376 5569 1687 5639 όρθοδοξίας
1710 5571 1985 5642 ἔκλαμψιν
2006 5591 2024 5606 ο

444 5664 560 5718 ἀλλ’
589 5663 734 5717 οὕτω
757 5662 858 5731 μέν
891 5677 1058 5732 φησιν
1089 5661 1318 5729 ἄφρονες
1345 5661 1571 5724 ἐκεῖνοι,
1608 5662 1682 5733 μή
1718 5679 1821 5714 που
1846 5662 1902 5716 δὲ
1930 5664 2028 5719 καὶ

440 5755 525 5819 εἰς
564 5754 628 5808 τὸ
681 5754 789 5809 πᾶν
835 5751 1075 5815 ἀσεϐεῖς.
1122 5750 1315 5821 Ἡμεῖς
1364 5750 1418 5804 δὲ
1478 5753 1526 5804 οἱ
1578 5752 2024 5823 ἁντιδιηρημένοι

2124 4566 2346 4631 linguis,
2386 4565 2571 4617 audita
2603 4570 2752 4616 sunt.
2782 4561 3031 4630 Agebant
3065 4577 3158 4615 seu
3196 4564 3377 4631 potius
3413 4563 3698 4630 patieban-

2124 4669 2211 4714 tur
2236 4656 2547 4726 hujusmodi
2592 4654 2875 4709 stultitiam
2908 4654 3178 4724 praedicti,
3216 4653 3523 4709 nescientes
3568 4665 3702 4709 ante

2123 4749 2531 4803 manil‘estatam
2553 4745 2723 4801 Joelis
2739 4744 3016 4814 prophetae
3043 4760 3230 4798 vocem
3254 4761 3269 4809 ;
3295 4758 3393 4797 nec
3409 4743 3702 4798 adverten-

2123 4850 2206 4897 tes
2239 4841 2385 4910 quod
2425 4840 2666 4894 novitate
2731 4837 3034 4906 percellens
3067 4837 3171 4891 iata
3212 4835 3519 4905 linguarum
3550 4848 3703 4888 com-

2122 4931 2351 4986 mutatio
2371 4945 2559 5000 grtecte
2582 4928 2860 5001 religionis
2883 4926 3227 5000 (θρησκείας)
3260 4924 3617 4979 mutationem
3645 4924 3700 4979 in

2124 5025 2318 5093 melius
2343 5025 2629 5092 imliearet,
2664 5038 2771 5077 non
2794 5022 2908 5091 jam
2933 5036 2962 5075 a
2991 5018 3221 5073 Thracis
3272 5017 3464 5072 venire
3520 5017 3704 5071 dicen-

2124 5115 2275 5181 dam,
2308 5115 2400 5170 sed
2455 5130 2484 5168 a
2536 5113 2815 5167 Salvatore
2860 5111 3101 5172 Christo,
3152 5122 3318 5178 quem
3376 5120 3704 5161 veneramur

2124 5206 2445 5271 ChriStiani,
2487 5205 2693 5275 quique
2732 5211 2858 5258 ante
2916 5216 3128 5257 sacram
3170 5201 3344 5268 ipsius
3384 5199 3698 5267 passionem

2125 5307 2382 5351 extranea
2414 5292 2901 5348 translormatione
2948 5292 3088 5346 idem
3122 5289 3443 5360 mysterium
3507 5287 3704 5342 subin-

2127 5385 2325 5441 dicavit
2350 5404 2365 5441 :
2396 5387 2747 5440 imitationem
2774 5384 3088 5454 signiﬁcans
3112 5382 3167 5437 in
3194 5380 3469 5446 omnibus,
3494 5387 3550 5434 et
3577 5378 3706 5449 qui-

2128 5481 2250 5536 dem
2280 5483 2632 5535 tenebrarum
2661 5479 2871 5539 mundi,
2915 5490 3038 5547 qua:
3083 5480 3332 5546 spectant
3370 5473 3436 5527 ad
3467 5484 3706 5534 errores,

2128 5572 2528 5643 expulsiom-m,
2558 5570 2780 5625 luminis
2812 5577 2994 5625 autem
3039 5566 3362 5621 orthodoxa:
3394 5562 3516 5618 ﬁdei
3536 5559 3707 5615 reful-

2131 5663 2391 5730 gentiam.
2419 5663 2695 5727 Attamen,
2716 5661 2760 5715 si
2782 5660 2945 5715 veluti
2967 5659 3212 5714 melodus
3233 5658 3327 5723 ait,
3348 5655 3529 5709 taliter
3546 5661 3705 5707 erant

2134 5754 2506 5822 imprudentes
2543 5752 2656 5818 isai,
2683 5767 2791 5807 non
2822 5761 2979 5807 erant
3007 5753 3059 5805 in
3090 5748 3348 5805 omnibus
3379 5744 3559 5811 impii.
3585 5740 3702 5798 Nos
