4050 6410
356 380 455 448 681

1146 383 1228 444 IN
1265 381 1603 444 HYMNUM
1645 365 2288 441 PENTECOS’I‘ALEM
2334 375 2789 440 DAMASCENI.

3517 373 3625 443 682

355 512 471 566 νοις
501 502 792 574 κεκέρακε,
835 503 1006 573 μέθην
1055 501 1228 556 ἱκανοὶ
1261 500 1514 570 ἐνόμιζον
1569 500 1808 570 κριτικοὶ
1842 499 1935 552 καὶ

2045 497 2306 552 dentibus
2331 495 2614 566 apostolis,
2651 510 2776 551 cum
2809 496 3028 552 excelso
3057 499 3356 568 praeconio,
3392 499 3626 570 desuper

356 595 590 664 ἄφρονες
619 594 908 664 μενοῦντες
943 596 1274 665 παράνομοι,
1299 591 1750 664 ἐξολοθρευθῆναι
1776 589 1934 643 αὐτοὶ

355 687 497 751 ἄξιοι
532 689 669 741 κατὰ
697 689 794 758 τὴν
818 687 1113 756 Δαυῖτικὴν
1138 687 1432 757 ἀπόφασιν·
1457 681 1494 754 ἦ
1529 684 1638 754 γὰρ
1668 683 1729 736 οῦ
1759 681 1934 736 τοιοῦ-

355 793 438 834 τοι
468 781 584 833 ὅσοι
615 781 690 850 μὴ
723 780 802 850 τῷ
838 781 901 832 ἐκ
930 779 1094 841 Σιὼν,
1125 781 1200 844 ὼς
1231 778 1457 852 app-50m
1485 776 1757 841 ἐξελθόντι
1783 775 1933 843 νόμῳ

355 874 809 943 προσεσχήκασιν
835 893 849 938 ;
879 871 936 924 ὃν
967 873 996 925 6
1026 873 1186 940 γνοὺς
1211 871 1451 925 διάνοιαν
1473 868 1584 939 ἔχει
1607 865 1774 938 ὀρθὴν
1795 865 1936 917 κατὰ

355 967 446 1016 τὸν
503 963 934 1034 παροιμιαττὴν,
970 964 1068 1018 καὶ
1119 962 1294 1033 τούτῳ
1328 961 1405 1032 τῷ
1438 959 1626 1030 τρόπῳ
1662 957 1731 1028 ζῇ
1767 954 1936 1008 ἁτολὺν

354 1058 546 1128 χρόνον
580 1059 1017 1129 προστιθεμένης
1047 1056 1196 1127 αὐτῷ
1227 1048 1376 1125 ζωῆς
1405 1051 1696 1113 πολυετοῦς
1723 1048 1811 1103 διὰ
1837 1045 1931 1101 τοῦ

355 1151 546 1219 κυρίου
577 1150 686 1204 τῶν
719 1153 997 1219 γνῶσεων,
1033 1149 1128 1204 τοῦ
1171 1146 1576 1220 ἀποδεχομένου
1598 1145 1691 1198 τὸν
1715 1140 1935 1213 πορευό-

357 1257 518 1310 μενον
542 1243 601 1294 ὲν
625 1243 701 1310 τῷ
735 1244 888 1313 νόμῳ
913 1242 1098 1297 αὑτοῦ.

2041 586 2501 654 veuiente,eujns
2536 603 2752 658 quoque
2807 588 3115 659 symbolum
3165 600 3282 646 erat
3329 591 3626 647 vehemens

2050 681 2238 744 ﬂatus.
2294 679 2740 750 infusionemque
2797 681 2930 747 viui,
2987 684 3135 752 quod
3183 684 3273 739 illa
3332 685 3628 741 miscuerat

2045 769 2334 839 apostolis,
2362 771 2684 824 ebrietatem
2711 771 2894 826 idonei
2955 775 3222 843 putabant
3258 775 3496 846 judices,
3528 781 3623 844 qui

2046 862 2345 916 manebant
2378 861 2696 931 insipientes
2719 871 2774 917 et
2798 860 2994 934 iniqui,
3020 864 3168 938 digni
3213 867 3304 938 qui
3332 867 3490 939 juxta
3521 868 3626 923 Da-

2047 953 2280 1009 vidicam
2348 953 2678 1010 sententiam
2776 955 2878 1026 ipsi
2933 957 3180 1016 funditus
3244 961 3623 1031 perderentur.

2040 1033 2230 1101 Nonne
2255 1047 2400 1102 enim
2452 1049 2588 1104 tales
2647 1062 2822 1117 erant,
2876 1053 2966 1122 qui
3031 1054 3206 1125 legem
3242 1071 3307 1112 ex
3361 1056 3516 1123 Sion,
3561 1066 3624 1114 ut

2041 1137 2254 1192 dictum
2319 1136 2422 1201 est,
2486 1141 2811 1206 venientem,
2841 1143 2894 1197 iu
2931 1147 3073 1200 votis
3118 1162 3228 1202 non
3274 1147 3625 1204 habuerunt?

2041 1230 2214 1297 Quam
2248 1231 2342 1300 qui
2373 1231 2543 1296 novit,
2586 1233 2742 1303 juxta
2773 1233 3190 1305 Partemiasten,
3228 1250 3432 1297 rectam
3461 1243 3624 1295 liabet

353 1336 775 1404 Cogitationem;
813 1337 1025 1406 istoque
1057 1335 1220 1391 modo
1275 1334 1408 1389 vivit
1441 1342 1685 1402 tempore
1736 1326 1932 1390 multo,
1967 1324 2247 1395 proposita
2280 1323 2384 1394 ipsi
2451 1325 2741 1398 longorum
2788 1343 3052 1384 annorum
3107 1331 3218 1386 vita
3272 1347 3369 1403 per
3436 1333 3620 1390 Domi.

354 1448 484 1486 num
517 1433 892 1498 scientiarum,
925 1432 1017 1502 qui
1054 1433 1246 1503 recipit
1285 1433 1339 1486 in
1372 1429 1548 1500 ipsius
1579 1411 1696 1498 lege
1741 1422 2134 1480 ambulantem.

427 1523 560 1597 μεθ’.
603 1526 800 1580 ’ἰστέον
833 1525 888 1578 δὲ
921 1527 1018 1579 καὶ
1051 1527 1134 1581 ὅτι
1177 1525 1411 1596 ἄφρονες
1461 1524 1523 1577 οὐ
1571 1522 1696 1582 τοὺς
1749 1518 1938 1580 ἁπλῶς

353 1616 459 1686 ἔφη
489 1620 516 1669 6
554 1609 815 1686 μελῳδὸς,
869 1613 1006 1670 ἀλλὰ
1055 1615 1186 1678 τοῦς
1239 1615 1539 1675 ἀπίστους’
1593 1609 1739 1664 καθὰ
1787 1609 1935 1662 δοκεῖ

353 1710 681 1779 ἑρμηνεύειν
712 1711 738 1761 6
771 1708 868 1779 τὴν
895 1707 1018 1762 τότε
1047 1707 1142 1761 τοῦ
1185 1705 1504 1775 Πνεῦματος
1547 1704 1830 1772 ἐνέργειαν
1858 1699 1934 1752 el-

355 1799 474 1854 πὼν
509 1801 679 1870 μέθην
709 1804 820 1864 τοῖς
854 1800 1106 1864 ἀπίστοις
1152 1797 1506 1868 λογίζεσθαιο
1555 1795 1650 1850 καὶ
1699 1794 1831 1848 αὐτὸ
1873 1792 1930 1846 δὲ

353 1885 508 1956 οὗτος
536 1896 564 1946 6
593 1893 829 1964 μελῳδδς
862 1892 1165 1962 ἐπαγαγὼν
1196 1889 1524 1960 ἁντιθετικῷ
1553 1889 1792 1958 σχήματι
1819 1885 1879 1939 τὸ
1910 1911 1936 1925 -

2117 1512 2243 1570 169.
2277 1513 2572 1572 Sciendum
2605 1526 2788 1573 autem
2819 1520 2966 1588 quod
2998 1521 3322 1592 insipientes
3359 1525 3436 1579 ait
3458 1525 3622 1579 melo—

2042 1604 2145 1662 dus
2176 1621 2287 1661 non
2306 1621 2402 1664 eos
2428 1608 2520 1678 qui
2547 1609 2681 1666 tales
2706 1623 2834 1667 sunt
2859 1610 3206 1682 simpliciter,
3235 1614 3330 1669 sed
3351 1615 3617 1682 inﬁdeles;

2041 1699 2182 1754 sicut
2209 1700 2424 1756 videtur
2458 1701 2810 1773 interpretari
2870 1706 2964 1776 qui
3026 1706 3160 1763 dicit
3192 1716 3324 1764 tunc
3385 1709 3623 1779 Spiritus

2038 1791 2337 1846 eilxcarlam
2372 1791 2686 1852 infidelibus
2716 1795 3035 1853 ebrietatem
3065 1797 3237 1856 fuisse
3288 1810 3620 1871 reputataui.

2035 1879 2183 1936 idem
2205 1896 2425 1952 quoque
2449 1885 2688 1956 suggerit
2705 1885 2794 1941 ille
2819 1885 3065 1943 melodus
3095 1890 3199 1944 sub
3216 1891 3468 1946 antitheti
3505 1891 3618 1948 for-

356 1983 420 2036 Ol.
451 1983 693 2046 εὐσεϐεῖς
721 1983 776 2036 δὲ
813 1983 896 2035 σοὶ
948 1981 1163 2053 βοῶμεν
1190 1997 1203 2013 ο
1239 2011 1264 2022 -
1295 1980 1511 2042 ἀσεϐεῖς
1560 1979 1701 2032 νοεῖν
1740 1975 1934 2046 ἀφίησι

2038 1990 2148 2036 ma.
2180 1973 2523 2049 subjungens
2558 1975 2709 2035 :Nos
2761 1989 2942 2035 autem
3000 1981 3070 2051 pii
3132 1983 3230 2039 tibi
3273 1983 3614 2042 clamamus:

353 2077 483 2140 τοὺς
511 2077 799 2146 ἀνομοίους
823 2078 960 2148 ἡμῖν
992 2077 1087 2131 καὶ
1118 2076 1207 2130 διὰ
1234 2075 1497 2129 ἀπιστίαν
1527 2073 1763 2143 ἄφρονες
1790 2088 1804 2104 ο
1837 2069 1933 2124 καὶ

352 2161 467 2239 εἶχε
499 2168 598 2237 μὲν
637 2168 702 2222 ἂν
751 2167 846 2221 καὶ
870 2168 1032 2232 αὐτὸς
1055 2170 1250 2239 εἰπεῖν,
1281 2167 1562 2238 Ἐφασκον
1593 2165 1932 2220 οἱνότευκτον

351 2259 573 2313 ἄπιστοι
632 2259 822 2330 μέθην.
860 2258 1165 2330 Προέκρινε
1199 2257 1256 2310 δὲ
1305 2257 1450 2311 οὕτω
1495 2257 1703 2327 (apicati.
1729 2251 1807 2317 είς
1836 2271 1931 2307 πι·

352 2350 615 2421 κρότερον
648 2348 975 2418 ὀνειδισμὸν,
1003 2348 1264 2419 χειρόνως
1297 2346 1542 2410 ἐκείνους
1581 2339 1802 2416 μεθύειν
1832 2347 1949 2415 ὲμο·

353 2441 564 2510 φαίνων
634 2436 780 2513 ἥπερ
828 2441 952 2503 τοὺς
1007 2437 1311 2504 ἀπίστουςο
1344 2440 1408 2492 ἐκ
1462 2437 1635 2510 μέθης
1675 2437 1774 2506 μὲν
1818 2437 1931 2506 γᾶρ

347 2537 488 2606 ταχὺ
524 2537 788 2606 ἀνανήφει
820 2553 928 2597 τις.
977 2535 1091 2604 Οὐχ
1137 2532 1282 2588 οὕτω
1314 2534 1370 2587 δὲ
1405 2533 1498 2587 καὶ
1544 2533 1601 2599 ἐξ
1647 2532 1928 2596 ἀπιστίας,

349 2627 419 2681 δι’
450 2627 516 2699 ἣν
545 2633 591 2681 ει
622 2630 715 2683 καὶ
743 2626 915 2691 ἄλλως
961 2625 1402 2698 παρηγγέλμεθα
1443 2624 1516 2694 μὴ
1566 2623 1749 2695 μωρὸν
1796 2623 1932 2676 ἁπο-

350 2717 538 2771 καλεῖν
585 2721 678 2770 τὸν
717 2716 966 2786 ἀδελφὸν,
1015 2717 1132 2771 ἀλλ’
1179 2715 1302 2770 ἐπεὶ
1329 2718 1357 2770 6
1387 2716 1617 2777 ἄπιστος
1651 2713 1751 2767 οὐκ
1780 2713 1929 2766 ἐστιν

348 2813 484 2881 ἡμῖν
514 2805 763 2878 ἁδελφὸς,
795 2808 973 2879 ὀρθῶς
1003 2808 1070 2862 ἂν
1105 2807 1408 2878 καλοίημεν
1435 2806 1601 2859 αὑτὸν
1631 2807 1726 2860 καὶ
1758 2805 1926 2878 pax},

351 2901 446 2954 καὶ
473 2899 677 2971 μωρὸν,
704 2901 796 2952 καὶ
820 2899 1054 2970 ἄφρονα,
1082 2899 1176 2952 καὶ
1196 2899 1296 2952 ὅσα
1327 2899 1574 2952 τοιαῦτα.
1600 2899 1722 2951 Ἔτι
1753 2897 1928 2950 ἰστέον

350 2993 444 3046 καὶ
473 2993 556 3046 ὃτι
583 2991 644 3045 τὸ
679 2991 1020 3045 οἰνότευκτον
1071 2991 1338 3062 φυλάσσει
1388 2991 1486 3064 τὴν
1528 3007 1589 3044 ευ
1633 2989 1926 3059 δίφθογγον

348 3082 456 3135 ἀπὸ
481 3079 573 3135 τοῦ
611 3079 790 3151 τεὺχω
831 3079 1150 3144 ἐνεστῶτος,
1176 3081 1320 3135 καθᾶ
1351 3080 1448 3134 καὶ
1475 3079 1537 3134 τὸ
1565 3077 1758 3151 τεῦχος
1780 3093 1795 3109 ⁸
1823 3079 1921 3134 ἀλ-

346 3174 437 3228 λαι
471 3174 527 3229 δὲ
556 3174 728 3241 λέξεις
755 3173 850 3228 τοῦ
883 3173 1123 3228 τοιούτου
1153 3173 1542 3246 ὲξωρμημέναι
1600 3173 1836 3244 θέματος
1887 3171 1920 3245 ἢ

345 3265 408 3320 τὸ
438 3284 468 3319 υ
501 3267 662 3337 μόνον
690 3267 752 3321 τὸ
780 3265 837 3333 ἐξ
871 3266 1080 3320 ἐκείνου
1113 3265 1501 3336 φυλάσσουσιν,
1532 3261 1606 3329 ὡς
1634 3262 1696 3317 τὸ
1728 3263 1924 3317 τυκτὶν

2040 2066 2238 2138 impios
2290 2068 2592 2140 intelligere
2650 2070 2811 2126 nobis
2891 2072 3154 2144 relinquit
3205 2075 3480 2145 dispares,
3560 2087 3618 2134 et

2039 2171 2262 2232 propter
2291 2161 2725 2217 incredulitatem
2751 2162 3094 2234 insipientes.
3120 2166 3342 2224 Poterat
3392 2170 3615 2240 quidem

2037 2252 2199 2307 etiam
2235 2252 2356 2322 ipse
2389 2253 2571 2309 dicere
2603 2272 2618 2309 :
2646 2252 2883 2311 Aiebant
2931 2257 3062 2313 vino
3116 2258 3314 2316 factam
3377 2263 3617 2319 ebrieta-

2036 2352 2144 2398 tem
2172 2342 2418 2401 infideles
2448 2361 2462 2400 :
2492 2345 2732 2415 praetulit
2755 2357 2940 2405 autem
2978 2348 3060 2405 sic
3091 2350 3242 2421 loqui
3278 2351 3332 2406 in
3369 2354 3614 2412 amarius

2036 2436 2374 2504 convicium,
2455 2436 2580 2494 illos
2659 2438 2899 2498 deterius
2969 2441 3231 2499 inebriari
3298 2445 3614 2515 signiﬁcans

2034 2542 2196 2595 quam
2231 2526 2492 2584 inﬁdeles.
2550 2526 2767 2585 Etenim
2821 2545 2888 2586 ex
2932 2533 3198 2590 ebrietate
3246 2536 3473 2605 quidem
3504 2538 3612 2594 ali-

2033 2617 2158 2687 quis
2191 2619 2385 2674 mentis
2423 2619 2720 2676 sanitatem
2749 2623 2999 2694 recepit;
3040 2639 3150 2681 non
3180 2635 3362 2682 autem
3413 2628 3496 2684 sic
3541 2644 3609 2686 ex

2033 2705 2374 2773 inﬁdelitate,
2445 2720 2672 2781 propter
2753 2727 2944 2782 quam,
3015 2714 3142 2770 licet
3198 2716 3421 2774 aliunde
3467 2719 3614 2790 jussi

2033 2813 2225 2854 sumus
2279 2815 2386 2877 non
2442 2797 2658 2856 fatuum
2711 2803 2984 2873 appellare
3036 2804 3286 2873 fratrem,
3345 2812 3608 2880 quoniam

2034 2898 2217 2945 tamen
2248 2889 2508 2957 inﬁdelis,
2537 2907 2647 2948 non
2675 2905 2762 2949 est
2791 2894 2950 2951 nobis
2991 2894 3180 2965 frater,
3240 2910 3390 2958 recte
3447 2917 3610 2959 voca-

2033 2998 2155 3037 mus
2181 2996 2304 3038 eum
2330 2993 2384 3038 et
2435 2999 2586 3050 raca,
2629 2994 2686 3041 et
2728 2984 2962 3054 fatuum,
3011 2998 3067 3044 et
3127 2991 3498 3062 insipientem,
3554 3002 3611 3050 et

2029 3087 2371 3145 quacunque
2419 3074 2640 3130 similia.
2663 3076 2855 3132 Adhuc
2885 3087 3066 3134 autem
3120 3082 3406 3138 sciendum
3461 3087 3609 3154 quod

2028 3178 2132 3220 vox
2163 3166 2495 3221 οίνότευκτον
2543 3176 2726 3223 servat
2772 3168 3166 3242 diphthongum
3221 3190 3282 3228 ευ
3330 3190 3399 3231 ex
3454 3178 3608 3234 verbi

2027 3257 2276 3327 praesenti
2310 3266 2554 3328 temporc
2606 3260 2808 3330 τεύχω,
2864 3263 3004 3319 sicut
3029 3273 3083 3318 et
3102 3265 3165 3320 τὸ
3189 3265 3380 3338 τεῦχος
3410 3286 3428 3324 :
3487 3272 3610 3328 alia!

345 3358 541 3422 κακὸν,
567 3358 664 3411 καὶ
712 3357 773 3412 τὸ
806 3357 1086 3424 εὔτυκτον,
1120 3357 1216 3412 καὶ
1266 3356 1327 3410 τὸ
1371 3354 1616 3420 τυκίζειν
1661 3356 1814 3426 παρὰ
1846 3352 1922 3424 τῷ

2031 3365 2159 3405 vero
2188 3349 2455 3406 dictiones
2495 3367 2558 3406 ex
2599 3353 2790 3408 eadem
2849 3364 3056 3412 exortre
3102 3357 3307 3424 radice,
3369 3361 3453 3416 vel
3486 3363 3547 3418 τὸ
3575 3383 3606 3419 υ
3659 3395 3662 3398 ~

346 3449 582 3522 κωμικῴ
627 3451 687 3502 ἐν
720 3449 959 3522 Ὄρνισι,
989 3451 1084 3504 καὶ
1119 3449 1154 3520 ἡ
1203 3449 1364 3522 τύχη.
1413 3447 1509 3503 καὶ
1540 3447 1602 3501 τὸ
1635 3447 1886 3500 τυκάνιον
1906 3461 1921 3476 ο

346 3545 380 3616 ἢ
418 3544 578 3614 μόνον
611 3541 674 3597 τὸ
705 3560 753 3608 ε,
785 3543 862 3608 ὡς
887 3547 920 3615 ή
954 3544 1118 3616 τέχνη
1145 3543 1240 3598 καὶ
1271 3543 1501 3612 τέκτων,
1533 3542 1634 3614 ἤδη
1663 3542 1720 3596 δὲ
1750 3539 1924 3595 καὶτὸ

344 3636 488 3690 τέκω
517 3639 611 3692 καὶ
638 3637 699 3690 τὸ
725 3637 933 3692 τέκνον.

417 3907 511 3980 ρο’.
553 3906 661 3962 Τοῦ
696 3906 752 3961 δὲ
796 3903 1238 3976 ξενηκούσθησαν
1275 3903 1534 3975 ὁμοιότης
1566 3905 1623 3958 ὲν
1653 3905 1768 3968 τοῖς
1793 3902 1922 3974 έξῆς

344 4001 703 4072 εὑρεθήσεται
729 4018 810 4061 τις
838 4003 916 4062 εἰς
945 4001 1004 4053 τὸ
1026 3996 1445 4070 πατρακουσθέν
1465 4035 1481 4052 .
1509 3997 1582 4050 Τὸ
1607 3996 1662 4049 δὲ
1689 3995 1764 4061 ὠς
1791 3999 1922 4049 ἀπο.

345 4097 547 4149 στόλων
598 4093 1022 4165 ἀναστρεπτεον,
1051 4093 1139 4146 ἴνα
1275 4091 1478 4160 τρόπος
1530 4090 1917 4162 ἀναστροφῆς’

341 4185 488 4252 λέγει
520 4186 628 4256 γὰρ
653 4187 682 4239 6
717 4184 956 4255 μελῳδὸς
983 4183 1065 4235 ὅτι
1093 4182 1279 4249 ελεγον
1309 4181 1358 4233 οἱ
1388 4179 1622 4249 ἄφρονες
1643 4179 1782 4251 ὅπερ
1805 4181 1919 4234 ελε-

341 4295 460 4348 γον,
487 4279 561 4342 ὼς
592 4277 942 4349 ὴκούσθησαν
980 4277 1035 4329 αἱ
1067 4274 1375 4342 ξενίζουσαι
1417 4273 1604 4344 ῥήσεις
1638 4273 1749 4325 τῶν
1780 4273 1919 4327 ἀπο-

344 4374 568 4436 στόλων,
616 4349 786 4443 ἤγουν
836 4369 1027 4442 ἐπειδὴ
1079 4367 1453 4439 ὴκούσθηταν.
1507 4366 1582 4418 Τὸ
1631 4366 1689 4420 δὲ
1722 4366 1920 4432 ὲνθέως

346 4464 477 4536 βοᾷν
509 4461 796 4533 διαστολὴν
830 4463 944 4532 ἔχει
1000 4459 1262 4521 παντοίας
1295 4457 1463 4524 ἄλλης
1511 4456 1642 4528 βοῆς
1667 4471 1680 4487 ⁸
1718 4457 1832 4510 ἔστι
1861 4456 1919 4510 δὲ

342 4557 441 4628 βοὴ
479 4556 658 4618 ἔνθεος
693 4556 725 4626 ή
757 4555 896 4607 κατὰ
919 4552 978 4605 τὸ
1003 4551 1159 4620 ἅγιον
1185 4549 1526 4617 Εὑαγγέλιον
1556 4548 1920 4615 ἀναφωνοῦσα

340 4650 492 4716 φωνῇ
530 4647 745 4717 μεγάλῃ
781 4645 873 4698 καὶ
905 4644 1140 4698 λαλοῦσα
1170 4644 1238 4698 τὰ
1287 4644 1365 4716 τῷ
1417 4644 1537 4715 Θεῷ
1587 4645 1913 4714 ἀρέσκοντα,

2029 3447 2240 3494 tantum
2268 3449 2516 3507 servant,
2544 3441 2713 3498 veluti
2747 3443 2945 3498 τυκτὸν
3016 3446 3242 3516 malum,
3276 3458 3331 3504 et
3357 3453 3418 3504 τὸ
3443 3452 3605 3508 clitu-

2028 3550 2176 3599 κτον,
2207 3541 2281 3598 et,
2313 3529 2457 3603 apud
2485 3537 2756 3590 corrlcum
2791 3537 2846 3591 iu
2885 3537 3110 3603 Avibus,
3163 3542 3225 3595 τὸ
3258 3543 3519 3611 τυκιζειν,
3551 3555 3607 3602 et

2027 3628 2061 3696 ἡ
2117 3627 2281 3698 τύχη,
2339 3643 2395 3682 et
2451 3628 2514 3682 τὸ
2566 3628 2821 3682 τυκάνιον
2869 3631 2952 3686 vel
3002 3632 3180 3688 solum
3238 3634 3302 3688 τὺ
3359 3653 3410 3702 ε,
3465 3637 3609 3693 sicut

2025 3720 2060 3788 ἡ
2107 3719 2292 3788 τέχνη,
2340 3725 2397 3774 et
2457 3718 2686 3786 τέκτων,
2744 3735 2954 3778 necnon
3017 3723 3078 3776 τὸ
3124 3724 3271 3780 τέκω
3332 3737 3388 3784 et
3419 3731 3478 3783 t5
3513 3731 3605 3784 τέ-

2027 3827 2174 3866 κνον.

2099 3905 2222 3960 170.
2260 3904 2436 3976 Hujus
2497 3915 2676 3963 autem
2730 3907 2880 3964 verbi
2919 3908 3360 3981 ξενηκούσθησαν
3416 3912 3602 3985 aliqua

2027 3997 2328 4066 reperietur
2359 4000 2412 4052 in
2442 3998 2800 4068 sequentibus
2830 3999 3134 4056 similitudo
3163 4001 3311 4058 circa
3344 4004 3406 4058 τδ
3429 4023 3605 4077 πατρ·

2025 4090 2307 4144 ακουσθέν.
2369 4089 2484 4147 Hoc
2550 4105 2678 4146 vero
2723 4092 2800 4156 ὡς
2858 4093 3172 4148 ἀποστόλων
3220 4095 3602 4154 invertendum

2024 4191 2126 4238 est.
2159 4191 2215 4237 ut
2241 4183 2313 4238 sit
2342 4183 2672 4239 inversionis
2709 4193 2920 4255 tropus.
2985 4185 3295 4244 Dicitenim
3356 4191 3604 4247 melodus

2025 4273 2170 4344 quod
2202 4273 2446 4330 dicereut
2475 4273 2798 4344 insipientes
2830 4276 2976 4345 quod
3015 4276 3288 4344 dicebant,
3341 4295 3464 4336 cum
3499 4297 3602 4338 an-

2024 4365 2150 4421 ditae
2180 4375 2312 4420 sunt
2341 4378 2614 4421 extraneae
2648 4381 2809 4423 voces
2839 4371 3238 4437 apostolorum,
3272 4373 3388 4429 sive
3446 4385 3600 4444 post-

2022 4473 2186 4524 quam
2241 4458 2443 4514 auditas
2497 4457 2736 4514 fuerunt.
2809 4456 2926 4515 Hoc
2982 4470 3165 4516 autem
3219 4462 3417 4528 ὲνθέως
3469 4465 3599 4539 βοᾷν

2022 4547 2388 4605 diﬂ‘ereutiam
2443 4548 2603 4604 habet
2657 4547 2727 4603 ab
2779 4548 2889 4603 alio
2954 4563 3283 4621 quocunque
3331 4553 3594 4610 clamore.

2023 4637 2119 4695 Est
2146 4649 2326 4695 autem
2352 4641 2571 4696 divinus
2608 4639 2818 4695 clamor
2871 4641 2961 4696 ille
2992 4643 3083 4710 qui
3138 4642 3293 4712 juxta
3342 4655 3594 4702 sanctum

612 4706 1038 4809 ίτροὲεδήλωτσ-ι.
1069 4731 1144 4788 Ἦ
1153 4756 1178 4788 ν
1211 4735 1266 4788 δὲ
1297 4706 1541 4804 γνωστόν
1592 4706 1644 4788 τὶ
1678 4736 1772 4788 καὶ
1802 4706 1914 4798 τοῖς

2031 4733 2374 4805 Evangellum
2407 4749 2600 4806 magna
2631 4750 2764 4790 voce
2813 4732 3086 4802 profertur
3112 4747 3164 4790 et
3189 4751 3308 4806 quae
3334 4736 3446 4793 Deo
3479 4740 3598 4809 pla-

343 4830 571 4901 Ἐλλησι
619 4828 682 4882 τὸ
734 4829 932 4889 ἐνθέοις
981 4826 1132 4897 βοᾷν,
1168 4827 1196 4879 ὃ
1253 4829 1348 4881 καὶ
1399 4825 1674 4892 ἐνθεάζειν
1721 4829 1918 4880 ἐκεῖνοι

341 4923 437 4976 καὶ
469 4921 756 4993 βακχεύειν
785 4920 996 4988 ἔλεγον.
1048 4919 1357 4988 Εὐλογητὸς
1391 4919 1448 4972 δὲ
1480 4917 1797 4988 κυριώτατα
1825 4920 1921 4988 μό-

341 5030 430 5077 νος
477 5015 504 5064 6
557 5016 614 5066 ὲν
667 5011 858 5084 Τριὰδι
913 5013 1068 5076 θεὸς,
1101 5009 1160 5062 ὃν
1211 5009 1496 5078 εὐλογοῦσι
1549 5011 1643 5062 καὶ
1691 5009 1920 5080 ὑμνοῦσι

339 5105 520 5159 πάντα
546 5104 614 5156 τὰ
639 5102 775 5173 ἔργα
804 5100 969 5154 αὑτοῦ
995 5115 1008 5130 ’
1037 5099 1146 5152 τῶν
1175 5099 1353 5155 ἄλλων
1374 5100 1431 5152 δὲ
1455 5099 1716 5153 ἁπάντων
1747 5098 1940 5152 οῦτινι·

341 5200 748 5270 προσαρμόττει
794 5193 968 5258 οὕτως
1001 5194 1034 5264 ἡ
1066 5192 1294 5263 τοιαύτη
1329 5191 1496 5260 λέξις,
1538 5193 1622 5247 ὃτι
1656 5192 1790 5264 μηδὲ
1825 5209 1914 5244 κο-

340 5290 600 5363 σμοποιος
629 5287 788 5352 ἄλλος
823 5286 856 5357 ἢ
893 5287 1055 5357 μόνος
1085 5285 1237 5369 Θεός.

482 5557 809 5628 Τροπάριον
839 5554 1124 5623 δεύτερον
1159 5552 1271 5622 τῆς
1303 5552 1559 5622 ἑϐδόμης
1593 5552 1770 5621 ᾠδῆς.

334 5653 477 5708 XIX.
510 5653 716 5704 Θέσπιν
753 5648 1188 5720 κατεδρόντησεν
1219 5650 1248 5700 6
1279 5647 1492 5714 βλέπων
1519 5648 1630 5700 όπα

513 5743 742 5805 ’ἴζνθους
787 5741 942 5812 Ίωὴλ
977 5739 1074 5792 τοῦ
1101 5740 1571 5810 θεαρχικωτάτιιυ,

509 5833 604 5900 Οἷς
637 5835 832 5906 ἐκχεῶ,
872 5837 1162 5903 φήσαντος,
1203 5828 1402 5903 οἷάπερ
1437 5834 1611 5901 Λόγου

497 5937 751 5996 ΡΑτιιυι.
818 5937 932 5995 Gn.
965 5932 1286 5995 CXXXVI.

2022 4836 2149 4882 cent
2173 4827 2441 4896 loquitur,
2471 4826 2641 4881 sicuti
2675 4834 3039 4882 monstratum
3090 4837 3191 4882 est.
3229 4827 3358 4884 Erat
3411 4842 3592 4886 autem

2022 4917 2428 4988 quodammodo
2483 4916 2687 4972 Grauis
2754 4926 2945 4971 notum
2977 4916 3176 4981 ὲνθέως
3229 4918 3382 4990 βοᾷν,
3449 4923 3594 4992 quod

2021 5011 2186 5066 ctiam
2221 5009 2297 5064 illi
2323 5008 2597 5074 ἐνθεάζειν
2642 5016 2698 5063 et
2731 5008 3025 5078 βακχεύειν
3054 5009 3328 5066 dioebaut.
3369 5012 3596 5069 Benedi-

2022 5103 2225 5158 cendus
2255 5110 2436 5156 autem
2458 5102 2672 5171 proprie
2695 5101 2844 5157 solus
2867 5102 2920 5158 in
2950 5101 3218 5160 Trinitate
3240 5104 3402 5171 Deus,
3429 5122 3593 5177 quem

2025 5193 2353 5247 benedicunt
2389 5193 2715 5263 liymnisque
2744 5192 3024 5248 celebrant
3050 5195 3232 5248 omnia
3266 5210 3429 5266 opera
3451 5198 3593 5268 eius.

2021 5282 2266 5337 Aliorum
2305 5292 2489 5337 autem
2530 5298 2988 5354 quorumcunque
3017 5285 3222 5342 nemini
3277 5288 3356 5343 sic
3380 5303 3598 5360 compc-

2025 5375 2088 5428 tit
2119 5372 2434 5444 bujusmodi
2462 5374 2651 5438 dictio,
2682 5374 2939 5445 quoniam
2969 5390 3079 5430 non
3108 5382 3191 5430 est
3222 5375 3363 5432 alius
3409 5389 3598 5433 auctor

2023 5466 2211 5522 mundi
2253 5467 2356 5521 nisi
2385 5466 2536 5522 solus
2566 5465 2730 5522 Deus.

2240 5557 2557 5627 Troparium
2617 5559 2901 5613 secundum
2959 5562 3076 5616 eda:
3127 5563 3382 5632 septimm.

2175 5647 2569 5704 Vaticinantem
2609 5651 2881 5720 perlonuit
2913 5653 3102 5709 viciens
3131 5670 3318 5709 vocem

2101 5739 2209 5794 Deo
2239 5741 2431 5810 plenus
2461 5737 2579 5794 .Ioel
2635 5739 2966 5797 divinissimi
3001 5743 3339 5812 principatus
3369 5760 3383 5797 :

2103 5831 2316 5900 Quibus
2336 5829 2636 5899 eﬂ‘undam,
2665 5830 2862 5900 aiebat,
2893 5840 3149 5902 tanquam
3181 5830 3436 5898 Verbum,
