4050 6410
490 545 563 599 De
591 543 797 614 Spiritu
829 553 1108 604 meoyuna
1140 537 1458 592 clamabunt
1495 555 1506 588 :
1535 531 1579 587 0
1609 519 1810 587 natura

487 635 709 704 Triplici
746 633 1034 703 splendore
1067 631 1277 694 lucens,
1311 628 1593 684 benedicta
1626 641 1704 683 es.

491 727 610 782 I71.
639 727 760 782 Non
796 723 1057 796 praelucet
1090 721 1308 792 quidem
1368 719 1532 790 hujus
1581 719 1818 789 strepliaa
1874 734 1990 790 per-

417 818 681 890 spicuitas
716 834 730 870 :
760 823 845 871 est
887 821 1067 869 autem
1093 811 1232 866 alias
1262 808 1603 864 acccssibilis
1654 809 1724 862 ob
1778 815 1995 861 sentcn-

417 911 506 966 tite
537 907 966 964 uniformitatem
1017 914 1072 959 et
1120 903 1490 959 velocitatem.
1565 898 1800 969 Exponit
1847 897 1992 952 enim

417 1004 652 1059 breviter
681 1017 848 1058 unam
876 998 1202 1057 sententiam
1239 1011 1269 1051 a
1319 996 1431 1050 Deo
1480 993 1762 1066 propheta
1803 1006 1996 1060 sugge—

422 1105 560 1151 stam
588 1095 732 1148 circa
767 1091 1005 1160 Spiritus
1029 1090 1204 1145 sancti
1239 1091 1588 1145 descensum.
1621 1092 1678 1139 et
1741 1083 1816 1136 ait
1845 1080 1992 1151 quod

417 1185 560 1249 Joel,
597 1185 815 1239 intuens
843 1182 1208 1252 utproplieta,
1237 1188 1414 1232 motus
1473 1176 1863 1246 inspiratione,
1894 1172 1998 1226 ful-

427 1278 673 1342 minavit,
700 1276 755 1330 id
788 1285 893 1340 est,
921 1273 1070 1328 clare
1090 1272 1340 1326 elocutus
1379 1279 1460 1326 est
1487 1269 1862 1340 propheticam
1902 1282 1997 1319 vo-

424 1385 565 1434 cem,
603 1371 721 1424 sive
756 1363 994 1420 divinam
1027 1377 1213 1417 vocem
1253 1362 1371 1431 ejus
1432 1361 1548 1430 qui,
1592 1361 1736 1414 sicut
1790 1358 1996 1413 dictum

419 1469 531 1522 est,
560 1456 888 1512 excellenter
915 1464 997 1509 est
1033 1451 1494 1521 θεαρχικὼτατος,
1524 1449 1667 1504 Deus
1716 1462 1780 1502 ac
1824 1457 1997 1516 pater:

420 1551 546 1621 ejus
593 1548 686 1618 qui
735 1547 872 1600 dixit
908 1553 962 1599 et
1010 1542 1396 1612 praenuntiavit
1439 1541 1581 1597 istud
1644 1557 1658 1594 :
1713 1538 1998 1601 Homines,

425 1641 627 1712 qmibus
673 1638 740 1694 de
791 1637 1001 1706 Spiritu
1059 1648 1180 1688 meo
1235 1631 1498 1696 dederim,
1558 1630 1999 1692 conclamabunt,

423 1734 542 1788 sive
576 1745 706 1786 voce
734 1728 1000 1785 concorde
1045 1724 1359 1782 clamabunt
1413 1724 1568 1795 juxta
1619 1723 1858 1777 divinam
1915 1735 2007 1775 co»:

429 1823 748 1896 gnitionem,
771 1821 876 1877 hoc
901 1823 1074 1890 ipsum
1108 1832 1241 1872 sane
1272 1833 1288 1872 :
1320 1815 1425 1882 Tu,
1454 1831 1488 1871 ο
1522 1817 1682 1880 Deus,
1733 1823 1815 1871 ter
1869 1814 2030 1868 luci-.

429 1917 656 1973 dissima
678 1912 941 1976 essentia,
971 1909 1294 1965 benedictus
1315 1921 1399 1972 es,
1433 1916 1492 1962 ut
1549 1915 1705 1961 antea
1735 1907 2002 1975 scriptum

429 2019 540 2067 est.
574 2008 639 2061 Et
673 2005 888 2076 quidem
921 2010 1008 2060 est
1037 2001 1145 2057 boc
1171 1999 1494 2070 simplicius.
1558 1997 1616 2054 Si
1671 2012 1802 2053 vero
1847 1995 2004 2068 juxta

431 2097 763 2172 exemplaria
799 2096 1049 2167 quaedam
1113 2092 1425 2150 scribitur:
1477 2089 1600 2147 Tibi
1651 2090 2004 2155 clamabunt;

435 2191 781 2262 adaptabitur
827 2189 993 2243 etiam
1029 2200 1057 2240 a
1091 2183 1510 2256 praeferentibus
1548 2197 1670 2238 eam
1727 2181 2009 2252 aequaliter

436 2279 750 2350 huiusmodi
797 2278 1118 2346 scriptura;
1159 2272 1277 2337 sed,
1315 2281 1473 2344 puto,
1525 2285 1630 2327 non
1700 2271 1879 2327 facile.
1946 2270 2008 2326 Si

434 2374 559 2444 quis
589 2380 798 2434 autem,
826 2366 1135 2437 praedictam
1201 2364 1495 2418 immutare
1551 2361 1743 2418 volens
1787 2370 2008 2416 senten-

436 2467 591 2532 tiam,
623 2465 696 2520 ita
721 2457 1092 2519 construxerit
1125 2474 1140 2514 :
1177 2454 1508 2512 Fulminavit
1532 2454 1791 2526 preplieta
1819 2466 2007 2509 vocem

435 2558 778 2617 divinissime
831 2554 1066 2625 potentis
1122 2548 1309 2618 Verbi,
1373 2549 1485 2604 sive
1516 2547 1664 2612 Filii,
1701 2549 1794 2618 qui
1849 2547 2002 2614 dixit,

436 2648 633 2721 οἷάπερ
673 2652 785 2706 sive
806 2643 1007 2700 ὡσανεὶ
1039 2642 1330 2700 articulate
1390 2639 1584 2706 verbo,
1635 2639 1738 2693 hoc
1770 2647 1823 2692 et
1880 2637 2006 2701 hoc,

437 2745 717 2800 hominum
746 2754 920 2803 more,
945 2733 1299 2792 attentionem
1335 2730 1587 2788 fortassis
1623 2740 1676 2786 et
1715 2730 1830 2800 ipse
1864 2728 2010 2783 inve.-

437 2837 572 2892 hiet.

509 2925 630 2982 ΠΩ.
676 2926 882 2980 Interea
954 2931 1133 2978 tamen
1186 2919 1336 2988 juxta
1383 2913 1803 2986 praeordinatam
1868 2922 2010 2968 stro-

436 3023 556 3094 ριιιε
585 3021 912 3090 scripturam
973 3015 1064 3071 hic
1103 3012 1267 3070 etiam
1315 3009 1437 3064 vide
1468 3007 1777 3077 congeriem
1807 3005 1956 3061 verbi
1993 3045 2009 3069 ,

434 3109 1003 3185 τρισσοφεγγόφωτος,
1037 3119 1147 3160 non
1189 3102 1406 3157 volente
1469 3098 1684 3154 melodo
1725 3097 2014 3152 discedere

443 3201 844 3276 quodammodo
875 3203 943 3255 de
970 3197 1138 3267 longis
1167 3191 1512 3259 dictionibus,
1565 3203 1704 3261 quas
1755 3198 1902 3244 amat
1935 3187 2011 3242 si-

439 3307 532 3353 cut
574 3294 818 3350 Libanus
870 3291 1061 3360 longas
1109 3288 1332 3352 cedros,
1359 3293 1414 3341 et
1445 3284 1645 3354 aliquis
1675 3282 1812 3337 alter
1851 3296 2013 3352 quer-

412 3389 600 3442 'cuum
645 3381 1093 3454 congregationes
1138 3378 1515 3442 excelsas,aut
1566 3387 1856 3444 cupressos
1902 3387 2016 3427 ma-

439 3495 592 3548 gnas.
628 3474 933 3533 Eviscerari
985 3471 1167 3526 mallet
1221 3481 1385 3538 quam
1439 3465 1752 3537 hujusmoui
1807 3464 2018 3520 solvere

439 3579 727 3641 congestas
746 3568 1030 3630 dictiones,
1059 3574 1112 3618 et
1137 3562 1440 3633 simplicius
1453 3573 1550 3615 eas
1569 3559 1881 3629 dispergere
1906 3574 1919 3622 ;
1941 3557 2019 3613 sic

443 3665 629 3735 igitur,
661 3662 884 3731 optime,
909 3657 1106 3724 scribe,
1139 3667 1370 3726 quaeque
1401 3658 1484 3709 vis
1519 3653 1710 3708 dicens
1739 3652 1824 3706 fac
1853 3653 2016 3705 etiam

444 3770 565 3822 qua:
614 3752 773 3808 nobis
811 3750 1070 3806 salutaria
1101 3754 1226 3802 sunt
1256 3745 1544 3812 ;divitem,
1573 3742 1816 3812 inquam,
1846 3743 2019 3797 (ιοκο-

444 3847 644 3915 lugiam
700 3853 904 3898 sancta:
930 3839 1246 3904 Trinitatis,
1291 3852 1455 3906 quam
1524 3835 1618 3890 ille
1680 3835 1773 3904 qui
1815 3849 2019 3888 τοι-(ινα

445 3935 766 3992 benedictus
813 3939 896 3986 est
956 3929 1100 3984 Deus
1139 3929 1360 3997 accipit.
1403 3924 1514 3980 Vox
1571 3936 1752 3981 autem
1793 3927 2017 3994 φέγγος,

444 4029 547 4082 etsi
613 4025 780 4082 solari
836 4022 1029 4078 lumini
1100 4029 1343 4090 ponatur
1421 4019 1774 4090 aequivalens,
1829 4018 2018 4073 multis

443 4131 621 4175 tamen
659 4117 826 4186 φάους
852 4113 1018 4182 ἐγγύς
1043 4127 1164 4167 esse
1186 4110 1420 4165 videtur.
1454 4108 1695 4164 Dicimus
1755 4123 1885 4180 ergo
1917 4109 2023 4163 ful-

445 4213 596 4282 guris
618 4212 855 4278 φέγγοςς
891 4220 955 4260 ex
991 4205 1093 4258 hoc
1133 4212 1314 4256 autem
1352 4203 1515 4257 etiam
1546 4199 1784 4270 φθόγγος
1811 4204 1876 4255 de
1908 4217 2022 4256 ser-

343 4293 348 4298 ’
450 4317 610 4357 mone
637 4301 728 4370 qui
771 4296 1069 4355 sententias
1107 4294 1255 4349 velut
1283 4295 1338 4348 in
1375 4295 1616 4349 tenebris
1667 4294 2020 4349 abscondiras

450 4396 742 4454 illuminat,
809 4400 869 4445 ιιι
903 4392 975 4444 sit
1025 4401 1243 4458 quoque
1302 4385 1638 4456 φθέγγεσθαι
1725 4387 1827 4441 hoc
1895 4388 2021 4453 φάει

450 4487 715 4558 ἐγγίζειν.
769 4483 922 4540 Dicta
959 4496 1089 4537 vero
1124 4480 1337 4547 θέσπις,
1389 4475 1574 4534 divina
1625 4491 1728 4535 vox
1760 4481 2024 4546 interpre-

1117 422 1467 486 EUSTATH
1485 423 1539 481 ll
1581 422 1682 480 TlI
1696 418 2031 482 ESSALON
2047 420 2060 478 Ι
2074 417 2344 478 CENSIS
2383 415 2538 476 MET
2550 414 2952 478 ROPOLITAE

2017 537 2064 590 Δ

3569 413 3673 476 684

2271 533 2376 587 Τοῦ
2411 531 2726 602 Πνεύματός
2757 549 2882 600 μου,
2922 527 3310 598 συμὸοήσουσιι
3337 522 3501 588 Φύσις

2283 629 2348 681 'H
2382 625 2952 698 τρισσοφεγγόφωτος,
2984 621 3277 692 εὐλογητὸς
3307 613 3379 672 εἷ.

2168 728 2301 793 ροα¹.
2345 721 2420 774 Οὐ
2450 720 2770 791 προλάμπει
2810 717 2908 788 μὲν
2944 715 3065 769 οὐδὲ
3107 714 3197 767 τοῦ
3245 713 3514 784 παρόντος
3557 728 3681 780 τρο-

2097 815 2297 884 παρίου
2347 810 2639 882 σαφήνειαο
2674 811 2793 863 ἔστι
2823 808 2878 862 δὲ
2930 806 3106 870 ἄλλως
3151 803 3478 875 εὐπρόσιτον
3519 801 3680 868 δῆθεν

2097 908 2230 962 αὐτὸ
2275 907 2366 961 διὰ
2416 907 2476 959 τὸ
2525 903 2648 958 κατ’
2705 901 2918 956 ἔννοιαν
2977 898 3252 970 μονοειδὲς
3309 896 3405 949 καὶ
3454 894 3680 966 γοργόν.

2112 1001 2416 1072 Ἐκτίθεται
2446 997 2557 1068 γὰρ
2593 999 2652 1048 ἐν
2701 995 2894 1066 βραχεί
2921 991 3131 1044 ἔννοιαν
3172 990 3301 1059 μίαν
3332 986 3682 1058 προφητικὴν

2101 1092 2286 1146 θεόθεν
2309 1092 2440 1162 περὶ
2467 1091 2564 1160 τῆς
2589 1087 2818 1144 καθόδου
2842 1083 2937 1138 τοῦ
2966 1084 3122 1153 ἁγίου
3150 1081 3492 1149 Πνεύματος,
3521 1079 3679 1144 λέγον

2099 1187 2181 1239 ὅτι
2221 1188 2250 1240 6
2293 1185 2448 1255 Ἰωὴλ
2482 1187 2510 1237 6
2557 1182 2773 1253 βλέπων
2809 1175 2900 1232 οἷα
2945 1178 3256 1248 προφήτης,
3293 1172 3478 1235 ἔνθους
3533 1170 3684 1239 γενό-

2106 1295 2289 1347 μενος,
2325 1275 2785 1346 κατεϐρόντησεν,
2826 1273 2992 1343 ἧγουν
3040 1269 3252 1340 τρανῶς
3301 1267 3538 1332 ἐξεῖπεν,
3574 1264 3684 1318 ὅπα

2103 1369 2318 1434 θέσπιν,
2359 1368 2530 1439 ἤγουν
2553 1365 2704 1419 θείαν
2744 1364 2929 1434 φωνὴν
2986 1359 3080 1414 τοῦ
3115 1359 3190 1421 ὡς
3226 1360 3319 1412 καὶ
3373 1355 3683 1430 προεῤῥέθη

2105 1461 2552 1535 θεαρχικωτάτου
2606 1461 2726 1513 κατ’
2775 1457 3054 1528 ἐξαίρετον
3104 1453 3240 1507 Θεοῦ
3300 1453 3396 1505 καὶ
3444 1449 3724 1520 Πατρόςοξ

2105 1557 2377 1627 φήσαντος
2406 1553 2502 1606 καὶ
2527 1549 2905 1622 προειπόντος,
2937 1567 2956 1601 ι
2991 1549 3054 1602 υἱ
3084 1546 3364 1614 ἄνθρωποι
3390 1536 3473 1604 οἷς
3510 1541 3685 1611 ἐκχεῶ

2105 1645 2202 1699 τοῦ
2237 1642 2555 1711 Πνεύματός
2608 1658 2736 1711 μου,
2768 1659 2785 1690 ι
2825 1639 3020 1692 ἐκεῖνοι
3050 1635 3476 1706 συμΰοὴσουσιν,
3513 1631 3684 1701 ἤγουν

2109 1741 2206 1812 βοῇ
2239 1735 2518 1807 συμφώνῳ
2565 1732 2928 1804 κεκράξονται
2979 1728 3119 1782 κατὰ
3169 1727 3320 1780 θείαν
3364 1726 3682 1791 ἐπίγνωσιν,

2109 1833 2240 1888 αὐτὸ
2283 1829 2350 1902 δὴ
2394 1827 2553 1882 τοῦτο
2576 1826 2637 1880 τό
2658 1842 2669 1854 ·
2700 1819 2797 1886 Σ“υ,
2832 1817 2877 1878 ὦ
2899 1821 3053 1888 Θεὸς,
3081 1822 3115 1890 ἡ
3143 1817 3684 1891 τρισσοφεγγόφωτος

2111 1923 2293 1993 φύσις,
2339 1917 2628 1990 εὐλογητὸς
2677 1913 2760 1981 εἷς
2807 1917 2880 1979 ὡς
2920 1918 3359 1984 προγέγραπται.
3395 1909 3503 1962 Καὶ
3530 1907 3686 1960 τοῦτο

2112 2016 2211 2086 μὲν
2238 2012 2413 2077 οὕτως
2443 2009 2837 2079 ἁπλούστερον.
2875 2008 2936 2060 EE
2971 2007 3026 2060 δὲ
3061 2004 3336 2074 γράφεται
3384 1999 3525 2054 κατά
3568 2016 3688 2051 τιια

2107 2105 2218 2159 τῶν
2267 2101 2646 2172 ἀντιγράφων,
2699 2100 2784 2153 σοὶ
2833 2097 3115 2168 βοήσουσι,
3172 2091 3686 2164 συμϐιϐασθήσεται

2113 2197 2214 2267 μὲν
2251 2195 2381 2258 ἴσως
2415 2193 2510 2248 καὶ
2538 2195 2573 2266 ἡ
2621 2192 2847 2258 τοιαύτη
2877 2189 3065 2261 γραφὴ
3113 2187 3246 2258 πρὸς
3276 2186 3384 2240 τῶν
3421 2181 3689 2253 αἱρουμέο

2109 2305 2215 2344 νων
2245 2287 2437 2359 αὐτήνο
2470 2286 2570 2340 οὐκ
2599 2285 2666 2339 ἂν
2702 2281 2760 2338 δὲ
2799 2282 3062 2346 εὐκόλως,
3091 2276 3262 2349 οῐμαι.
3295 2278 3357 2332 El
3386 2277 3442 2330 δέ
3473 2292 3558 2339 τις
3587 2273 3686 2344 τὴν

2111 2379 2372 2452 ῥηθεῖσαν
2401 2379 2613 2433 ἔννοιαν
2653 2375 2921 2446 ιθελήσας
2965 2373 3280 2437 ἀλλοιῶσαι,
3317 2369 3568 2432 συντάξει
3603 2367 3684 2420 ὅτι

2110 2473 2548 2548 κατεϐρόντησεν
2575 2473 2603 2525 6
2650 2470 2935 2540 προφήτης
2967 2467 3074 2519 ὅπα
3102 2464 3198 2518 τοῦ
3238 2462 3685 2532 θεαρχικωτάτου

2109 2569 2310 2637 Λόγου,
2361 2568 2530 2637 ἧγουν
2595 2558 2870 2617 τοῦ’Υίοῦ
2920 2563 3213 2630 φήσαντος,
3247 2552 3467 2626 οἷάπερ,
3520 2552 3688 2623 ἡγουν

2109 2662 2312 2718 ὡσανεὶ
2359 2659 2612 2730 ὲνὰρθρῳ
2641 2657 2785 2727 λόγῳ
2814 2655 3060 2716 είπόντος
3090 2652 3151 2705 τὸ
3181 2654 3273 2704 καὶ
3319 2648 3380 2702 τὸ
3415 2648 3692 2718 ἀνθρωπι-

2111 2754 2378 2822 κώτερον,
2412 2751 2638 2822 εὑρήσει
2672 2747 2948 2818 προσοχὴν
2982 2745 3145 2798 ποθεν
3171 2745 3262 2798 καὶ
3291 2741 3477 2802 αὑτός.

2188 2931 2319 3002 ροβ⁹.
2363 2927 2453 2999 Τῷ
2487 2928 2625 2990 τέως
2680 2927 2862 2996 μέντοι
2908 2924 3051 2976 κατὰ
3103 2922 3201 2992 τὴν
3243 2920 3692 2990 ἀνατεταγμένην

2112 3022 2209 3078 τοῦ
2239 3021 2544 3093 τροπαρίου
2586 3017 2804 3090 γραφὴν
2850 3017 2952 3086 ὅρα
3001 3014 3279 3068 κάνταῦθα
3335 3015 3437 3084 τὴν
3472 3013 3690 3079 στοιϐὴν

2113 3115 2208 3169 τοῦ
2233 3112 2806 3184 τρισσοφεγγόφωτος,
2841 3110 2941 3162 οὐκ
2989 3109 3268 3170 ἐθέλοντος
3301 3107 3397 3161 τοῦ
3449 3104 3689 3176 μελῳδοῦ

2115 3205 2559 3261 ἀπαλλάττεσθαι
2611 3201 2801 3271 ὥσπερ
2856 3200 2976 3255 οὐδὲ
3036 3199 3132 3268 τῆς
3188 3197 3576 3266 μακρολεξίας,
3624 3197 3692 3267 ἣν

2119 3300 2266 3370 φιλεῖ
2291 3298 2435 3351 καθὰ
2467 3297 2564 3350 καὶ
2590 3297 2617 3348 ὁ
2648 3294 2881 3356 Λίϐανος
2927 3293 3025 3355 τὰς
3055 3294 3271 3362 μακρὰς
3318 3291 3562 3361 κέδρους·
3595 3291 3694 3343 καί

2117 3409 2200 3452 τις
2239 3389 2397 3453 ἄλλος
2423 3386 2647 3458 δρυμὼν
2688 3387 2970 3454 αἰγείρους
3024 3384 3322 3454 μακεδνᾶς,
3355 3384 3386 3452 ἢ
3426 3383 3700 3452 κυπαρίσ-

2121 3501 2249 3548 σους
2302 3481 2637 3555 μηκεδανάςο
2689 3481 2782 3532 καὶ
2839 3477 2905 3531 ἂν
2957 3477 3134 3530 ἕλοιτο
3192 3475 3698 3546 καταχορδευθῆναι

2121 3577 2303 3640 αὐτὸς,
2345 3573 2378 3644 ἢ
2427 3574 2688 3634 τοιαύτας
2721 3568 2976 3622 διαλῦσαι
3025 3568 3448 3636 σεσωρευμένας
3495 3567 3693 3630 λέξεις,

2121 3667 2218 3720 καὶ
2263 3663 2618 3718 διασκεδάσαι
2670 3661 2840 3724 αὑτὰς
2879 3663 2959 3724 εἰς
3009 3659 3310 3727 ἁπλότητα,
3366 3658 3458 3711 καὶ
3513 3658 3693 3726 γράφε

2120 3757 2290 3818 οὕτως
2317 3749 2361 3809 ὧ
2391 3758 2602 3825 ἄριστε,
2666 3755 2762 3809 καὶ
2792 3754 2964 3821 λέγων
3002 3752 3146 3822 ἅπερ
3177 3751 3381 3814 ἐθέλεις
3423 3751 3566 3803 ποίει
3601 3753 3696 3804 καὶ

2119 3845 2186 3896 τὰ
2220 3846 2353 3914 ἡμῖν
2387 3844 2654 3914 σωτήρια·
2692 3843 2790 3913 τὴν
2839 3841 3033 3911 δαψιλῆ
3077 3859 3222 3911 φημι
3257 3841 3565 3909 δοξολογίαν
3597 3845 3696 3912 τῆς

2123 3936 2284 4004 ἁγίας
2318 3933 2571 4004 Τριάδος,
2602 3935 2667 4003 ἢν
2693 3935 2721 3986 6
2748 3933 2918 3994 ὅντως
2946 3930 3238 4001 εὐλογητὸς
3269 3931 3401 3994 Θεὸς
3435 3932 3697 4000 ἀποδέχε-

2121 4044 2230 4081 ται·
2266 4027 2326 4079 τὸ
2358 4025 2413 4078 δὲ
2451 4027 2654 4094 φέγγος
2689 4027 2736 4077 εἰ
2784 4027 2877 4076 καὶ
2925 4025 3004 4086 εἰς
3039 4023 3152 4076 ἴσον
3195 4022 3436 4075 τέθειται
3484 4020 3698 4091 ἡλιακῷ

2125 4124 2287 4193 φωτὶ,
2324 4121 2461 4175 ἀλλὰ
2492 4121 2706 4182 πολλοῖς
2736 4123 2904 4188 φάους
2937 4121 3098 4186 ἐγγὺς
3130 4114 3268 4171 εἶναι
3295 4117 3462 4171 δοκεῖ.
3490 4117 3696 4185 Φέγγος

2123 4211 2218 4267 οὖν
2247 4231 2425 4282 φαμεν
2461 4210 2774 4284 ἀστραπῆς,
2811 4211 2869 4275 ἐξ
2895 4211 3060 4264 αὑτοῦ
3099 4211 3155 4264 δὲ
3186 4211 3279 4263 καὶ
3312 4210 3573 4280 φθόγγος,
3606 4212 3698 4261 ἐπὶ

2123 4301 2285 4369 λόγου
2320 4300 2650 4370 φωτίζοντος
2676 4300 2745 4352 τὰ
2769 4297 2841 4362 ὡς
2867 4301 2922 4351 ἐν
2953 4299 3132 4368 σκότῳ
3159 4299 3400 4366 κρυφαῖα
3428 4297 3695 4366 νοήματα,

2125 4393 2214 4446 ἵνα
2305 4391 2398 4444 καὶ
2425 4391 2762 4460 φθέγγεσθαι
2793 4391 2852 4443 τὸ
2878 4391 3004 4458 φάει
3031 4389 3291 4458 ἐγγίζειν·
3320 4391 3351 4459 ὴ
3385 4388 3441 4440 δὲ
3471 4389 3701 4458 ρηθείσα

2127 4485 2340 4550 θέσπις,
2365 4484 2518 4554 φωνὴ
2543 4483 2663 4536 θεία
2689 4482 3130 4554 ἑρμηνευομένη,
3163 4480 3305 4534 κατὰ
3328 4479 3388 4533 τὸ
3414 4479 3704 4550 φερέσϐιον

447 4594 581 4646 tata,
628 4579 904 4634 semisono
933 4575 1204 4631 redundat
1237 4573 1379 4628 sicut
1401 4571 1693 4642 φερέσϐιον
1725 4580 1780 4626 et
1826 4569 2013 4624 θεσπέ-

2128 4575 2417 4639 πλεονὰζει
2447 4574 2525 4646 τῷ
2557 4574 2848 4645 ἡμιφώνῳ,
2878 4573 3020 4629 καθὰ
3051 4574 3148 4627 καὶ
3176 4571 3238 4626 τὸ
3264 4572 3574 4639 θεσπέσιον,
3607 4574 3704 4626 καὶ

450 4690 587 4737 σιον,
624 4681 678 4726 et
723 4669 950 4726 simil-ia.
1015 4665 1213 4734 Beipsa
1272 4677 1507 4733 namque
1553 4662 1745 4725 θέσπις
1792 4672 1875 4718 est
1926 4676 2023 4728 pro

448 4765 553 4817 ὑπὸ
579 4761 716 4815 Θεοῦ
797 4758 1028 4811 ἔπεσθαι
1063 4771 1093 4810 a
1130 4753 1241 4810 Deo
1301 4756 1485 4811 venire
1556 4767 1652 4810 seu
1718 4754 2024 4822 tb'eologice

447 4856 578 4909 dici.
617 4850 748 4905 Tale
782 4859 1000 4919 quoque
1033 4858 1117 4902 est
1185 4847 1214 4898 6
1244 4845 1529 4909 θεσπέσιος
1582 4845 1762 4913 λόγος.
1797 4842 1906 4899 Res
1942 4852 2024 4898 ta-

451 4960 573 5000 men
624 4943 779 4996 aliter
809 4949 891 4996 est
925 4938 1234 5001 θεσπέσιος,
1299 4947 1562 5007 tanquam
1635 4938 1688 4991 in
1722 4951 1823 4991 nos
1857 4951 1888 4990 a
1916 4934 2026 4989 Deo

449 5039 622 5107 lapsa.
671 5033 746 5088 lix
797 5028 904 5087 liae
934 5041 1113 5087 autem
1140 5034 1471 5102 etymologia
1505 5031 1652 5084 venit
1691 5032 1853 5085 etiam
1884 5029 2024 5097 apud

453 5131 709 5198 antiquos
741 5125 1020 5196 tzisyllaba
1066 5139 1170 5178 vox
1229 5123 1451 5184 Oé‘cmo;
1487 5123 1664 5192 (puer)
1695 5121 1751 5175 in
1776 5121 2023 5186 oraculo,

455 5227 571 5277 sive
611 5220 829 5276 divinus
860 5217 1098 5286 juvenis.
1137 5216 1230 5269 Est
1275 5224 1457 5268 autem
1517 5213 1680 5267 etiam
1744 5213 2026 5281 proprium

457 5327 654 5368 nomen
703 5310 731 5362 ὁ
759 5309 986 5375 Θέσπις,
1019 5308 1258 5377 tragicus
1282 5319 1463 5376 poeta.
1507 5305 1683 5358 Simili
1719 5306 2032 5358 redundau-

457 5409 530 5460 tia
585 5403 783 5474 gaudet
831 5412 886 5455 et
937 5403 965 5454 ὁ
1023 5399 1245 5469 θεσμὸς,
1280 5398 1370 5468 qui
1412 5398 1631 5452 deberet
1683 5411 1803 5450 esse
1855 5395 2026 5465 ’θεμὸς

453 5498 609 5568 juxta
654 5493 828 5562 θέμιν,
869 5507 897 5545 a
927 5506 1032 5561 qua
1073 5490 1220 5544 venit
1240 5491 1402 5545 etiam
1440 5487 1711 5555 ὲθέμωσε.

528 5581 654 5638 175.
716 5581 950 5636 Verbum
1018 5588 1200 5634 autem
1278 5576 1680 5647 κατεϐρόντησε
1741 5575 2032 5644 magnifice

459 5680 664 5734 dictum
713 5683 816 5729 cst.
876 5671 995 5727 Non
1054 5674 1199 5728 enim
1275 5670 1452 5726 solum
1515 5668 1790 5741 signﬁcat
1875 5669 2022 5738 quod

462 5771 630 5832 clare,
667 5765 812 5820 sicut
839 5763 1043 5820 dictum
1117 5771 1220 5826 est,
1266 5773 1322 5816 et
1357 5761 1642 5830 perspicue
1681 5761 1896 5815 locutus
1951 5769 2034 5816 cst

459 5863 742 5934 propheta,
777 5857 870 5914 sed
923 5859 1087 5913 etiam
1145 5855 1291 5925 quod
1349 5853 1582 5923 desuper
1641 5853 1744 5922 ipsi
1806 5853 2034 5909 demon-

2127 4669 2197 4723 τὰ
2219 4667 2471 4742 τοιαῦτα.
2498 4667 2571 4720 Τὸ
2600 4669 2710 4734 γὰρ
2739 4665 2953 4728 ἐντελὲς
2993 4664 3185 4728 θέσπις
3219 4666 3356 4732 ἐστὶ,
3397 4665 3484 4718 διὰ
3511 4666 3571 4717 τὸ
3599 4667 3704 4720 ὑπὸ

2126 4749 2292 4812 Θεοῦέ
2318 4758 2708 4827 πεσθαι,ἧγουν
2724 4757 2979 4824 λέγεσθαι
2997 4747 3705 4828 θεολογικὼτερον.’ομοιον

2127 4849 2183 4902 δὲ
2226 4852 2320 4903 καὶ
2357 4851 2385 4902 6
2434 4848 2720 4910 θεσπέσιος
2771 4847 2954 4916 λόγος’
3005 4848 3240 4917 πρᾶγμα
3299 4850 3485 4918 μέντοι
3531 4849 3704 4912 ἄλλως

2130 4941 2440 5006 θεσπέσιον,
2489 4939 2566 5002 ὡς
2616 4938 2723 4992 ἀπὸ
2773 4937 2910 4992 Θεοῦ
2971 4943 3135 4992 πεσὸν
3182 4940 3264 5000 είς
3312 4942 3483 5012 ἡμᾶς’
3532 4943 3597 4996 ἐκ
3647 4943 3704 4996 δὲ

2129 5032 2387 5103 τοιαύτης
2433 5034 2775 5101 παραγωγῆς
2805 5030 2900 5083 καὶ
2924 5031 2952 5083 6
2981 5029 3134 5101 παρὰ
3168 5033 3280 5095 τοῖς
3311 5033 3563 5096 παλαιοῖς
3588 5051 3704 5104 τρι-

2133 5123 2411 5184 συλλάϐως
2434 5123 2656 5184 θέσπιος
2679 5121 2874 5193 κοῦρος
2901 5123 2956 5174 ὲν
2977 5121 3234 5193 χρησμῷ,
3259 5123 3381 5194 ἤτοι
3403 5124 3546 5188 θεῖος
3564 5127 3704 5192 νέος·

2132 5213 2248 5264 ἔστι
2269 5212 2323 5264 δὲ
2351 5213 2444 5264 καὶ
2467 5211 2660 5280 κύριον
2681 5211 2851 5281 ὖνομα
2875 5213 2902 5264 6
2923 5211 3124 5276 Θέσπις
3146 5215 3456 5286 τραγῳδίας
3477 5219 3708 5288 ποιητὴς

2132 5303 2360 5364 ἐκεῖνος·
2390 5301 2578 5372 ὁμοίου
2611 5301 2668 5354 δὲ
2716 5303 3063 5371 πλεονασμοῦ
3099 5302 3194 5360 καὶ
3222 5308 3249 5358 6
3284 5307 3507 5378 θεσμὸς,
3541 5310 3707 5375 Θεμὸς

2133 5393 2365 5461 ὀφείλων
2411 5390 2552 5446 εἶναι
2593 5397 2734 5447 κατὰ
2781 5398 2882 5465 τὴν
2915 5396 3098 5464 θέμιν,
3139 5397 3232 5465 ἀφ’
3261 5394 3327 5470 ἦς
3374 5403 3468 5454 κα)⁵
3497 5403 3556 5454 τὸ
3592 5403 3710 5456 ἐθέ-

2137 5502 2307 5554 μωσε.

2209 5575 2342 5646 ρογ’.
2389 5577 2464 5629 Τὸ
2509 5578 2564 5630 δὲ
2616 5581 3020 5652 κατεδρόντησε
3087 5583 3303 5651 σεμνῶς
3358 5584 3598 5656 εἴρηταιο
3647 5587 3706 5639 οὐ

2140 5669 2300 5737 μόνον
2339 5669 2446 5739 γὰρ
2466 5668 2613 5738 δηλοί
2662 5673 2722 5722 τὸ
2767 5671 3000 5741 τρανῶς,
3029 5671 3103 5735 ὠς
3134 5673 3358 5744 ὲῤῥέθη,
3394 5678 3486 5728 καὶ
3538 5676 3710 5743 τορῶς

2137 5758 2396 5826 ἐλάλησεν
2426 5762 2453 5811 6
2481 5761 2736 5830 προφήτη
2755 5782 2792 5825 .·,
2815 5763 2948 5816 ἀλλὰ
2977 5765 3066 5815 καὶ
3100 5765 3182 5816 ὅτι
3205 5764 3412 5819 ἀνωθεν
3440 5767 3710 5835 ἐκφαιιθὲν

2139 5853 2287 5924 αὑτῷ
2315 5852 2450 5907 Θεοῦ
2483 5853 2690 5924 θέλημα
2721 5854 3085 5923 ἐξεφώνησεν·
3117 5857 3143 5910 ὃ
3175 5857 3239 5929 δὴ
3273 5859 3450 5929 νόημα
3482 5861 3712 5930 βροντὴν
