  <div class='ocr_page' id='page_1' title='image "/cluster/home/n/w/nwhite01/storage/ocr_20150623/136/coo.31924054870419/349.png"; bbox 0 0 4034 6400; ppageno 0'>
   <div class='ocr_carea' id='block_1_1' title="bbox 374 405 481 468">
    <p class='ocr_par' dir='ltr' id='par_1_1' title="bbox 374 405 481 468">
     <span class='ocr_line' id='line_1_1' title="bbox 374 405 481 468; baseline -0.019 0"><span class='ocrx_word' id='word_1_1' title='bbox 374 405 481 468; x_wconf 67' lang='lat'><strong>687</strong></span> 
     </span>
    </p>
   </div>
   <div class='ocr_carea' id='block_1_2' title="bbox 1100 365 2906 452">
    <p class='ocr_par' dir='ltr' id='par_1_2' title="bbox 1100 365 2906 452">
     <span class='ocr_line' id='line_1_2' title="bbox 1100 365 2906 452; baseline -0.014 0"><span class='ocrx_word' id='word_1_2' title='bbox 1100 385 1516 452; x_wconf 80' lang='lat' dir='ltr'><strong>EUSTATlllI</strong></span> <span class='ocrx_word' id='word_1_3' title='bbox 1561 373 2322 444; x_wconf 70' lang='lat' dir='ltr'><strong>TilESSALONlt‘ENSIS</strong></span> <span class='ocrx_word' id='word_1_4' title='bbox 2346 365 2906 432; x_wconf 64' lang='lat' dir='ltr'><strong>METROPOIJTE</strong></span> 
     </span>
    </p>
   </div>
   <div class='ocr_carea' id='block_1_3' title="bbox 3537 356 3643 417">
    <p class='ocr_par' dir='ltr' id='par_1_3' title="bbox 3537 356 3643 417">
     <span class='ocr_line' id='line_1_3' title="bbox 3537 356 3643 417; baseline 0.009 -1"><span class='ocrx_word' id='word_1_5' title='bbox 3537 356 3643 417; x_wconf 75' lang='lat'><strong>688</strong></span> 
     </span>
    </p>
   </div>
   <div class='ocr_carea' id='block_1_4' title="bbox 375 471 2010 588">
    <p class='ocr_par' dir='ltr' id='par_1_4' title="bbox 375 493 2010 588">
     <span class='ocr_line' id='line_1_4' title="bbox 375 493 2010 588; baseline -0.02 -12"><span class='ocrx_word' id='word_1_6' title='bbox 375 536 408 576; x_wconf 75' lang='grc' dir='ltr'>α</span> <span class='ocrx_word' id='word_1_7' title='bbox 438 519 548 575; x_wconf 88' lang='lat' dir='ltr'><strong>Deo</strong></span> <span class='ocrx_word' id='word_1_8' title='bbox 583 515 860 588; x_wconf 68' lang='lat' dir='ltr'><strong>prophetae</strong></span> <span class='ocrx_word' id='word_1_9' title='bbox 895 510 1094 566; x_wconf 79' lang='lat' dir='ltr'><strong>factam</strong></span> <span class='ocrx_word' id='word_1_10' title='bbox 1147 500 1556 571; x_wconf 87' lang='lat' dir='ltr'><strong>iuspirationem</strong></span> <span class='ocrx_word' id='word_1_11' title='bbox 1589 507 1646 550; x_wconf 89' lang='lat' dir='ltr'><strong>ct</strong></span> <span class='ocrx_word' id='word_1_12' title='bbox 1673 493 1952 550; x_wconf 84' lang='lat' dir='ltr'><strong>revelatio-</strong></span> <span class='ocrx_word' id='word_1_13' title='bbox 1988 498 2010 552; x_wconf 66' lang='grc' dir='ltr'>ιι</span> 
     </span>
    </p>
   </div>
   <div class='ocr_carea' id='block_1_5' title="bbox 2111 471 3644 588">
    <p class='ocr_par' dir='ltr' id='par_1_5' title="bbox 2111 471 3644 558">
     <span class='ocr_line' id='line_1_5' title="bbox 2111 471 3644 558; baseline -0.013 -17"><span class='ocrx_word' id='word_1_14' title='bbox 2111 489 2318 558; x_wconf 80' lang='grc' dir='ltr'>ροφήτῃ</span> <span class='ocrx_word' id='word_1_15' title='bbox 2348 485 2598 538; x_wconf 82' lang='grc' dir='ltr'>δοθεῖσαν</span> <span class='ocrx_word' id='word_1_16' title='bbox 2630 483 2928 537; x_wconf 79' lang='grc' dir='ltr'><strong>ἐπίπνοιαν</strong></span> <span class='ocrx_word' id='word_1_17' title='bbox 2963 479 3056 532; x_wconf 66' lang='grc' dir='ltr'><strong>καὶ</strong></span> <span class='ocrx_word' id='word_1_18' title='bbox 3089 471 3458 543; x_wconf 76' lang='grc' dir='ltr'>ἀποκάλύψιν.</span> <span class='ocrx_word' id='word_1_19' title='bbox 3490 473 3551 525; x_wconf 83' lang='grc' dir='ltr'><strong>Εἰ</strong></span> <span class='ocrx_word' id='word_1_20' title='bbox 3587 471 3644 522; x_wconf 79' lang='grc' dir='ltr'>δὲ</span> 
     </span>
    </p>
   </div>
   <div class='ocr_carea' id='block_1_6' title="bbox 378 593 1954 670">
    <p class='ocr_par' dir='ltr' id='par_1_6' title="bbox 378 593 1954 670">
     <span class='ocr_line' id='line_1_6' title="bbox 378 593 1954 670; baseline -0.02 0"><span class='ocrx_word' id='word_1_21' title='bbox 378 628 526 670; x_wconf 88' lang='lat' dir='ltr'><strong>nem.</strong></span> <span class='ocrx_word' id='word_1_22' title='bbox 571 610 629 665; x_wconf 91' lang='lat' dir='ltr'><strong>Si</strong></span> <span class='ocrx_word' id='word_1_23' title='bbox 661 621 788 664; x_wconf 90' lang='lat' dir='ltr'><strong>vero</strong></span> <span class='ocrx_word' id='word_1_24' title='bbox 817 601 1080 661; x_wconf 80' lang='lat' dir='ltr'><strong>scribitur</strong></span> <span class='ocrx_word' id='word_1_25' title='bbox 1101 594 1170 652; x_wconf 88' lang='lat' dir='ltr'><strong>ad</strong></span> <span class='ocrx_word' id='word_1_26' title='bbox 1211 593 1454 648; x_wconf 90' lang='lat' dir='ltr'><strong>dativum</strong></span> <span class='ocrx_word' id='word_1_27' title='bbox 1493 602 1710 655; x_wconf 90' lang='lat' dir='ltr'><strong>casum,</strong></span> <span class='ocrx_word' id='word_1_28' title='bbox 1769 601 1954 642; x_wconf 87' lang='lat' dir='ltr'><strong>serva-</strong></span> 
     </span>
    </p>
   </div>
   <div class='ocr_carea' id='block_1_7' title="bbox 2064 565 3648 652">
    <p class='ocr_par' dir='ltr' id='par_1_7' title="bbox 2064 565 3648 652">
     <span class='ocr_line' id='line_1_7' title="bbox 2064 565 3648 652; baseline -0.013 -17"><span class='ocrx_word' id='word_1_29' title='bbox 2064 581 2342 652; x_wconf 84' lang='grc' dir='ltr'>γράφεται</span> <span class='ocrx_word' id='word_1_30' title='bbox 2373 578 2518 645; x_wconf 85' lang='grc' dir='ltr'>λόγῳ</span> <span class='ocrx_word' id='word_1_31' title='bbox 2546 576 2690 630; x_wconf 65' lang='grc' dir='ltr'>κατὰ</span> <span class='ocrx_word' id='word_1_32' title='bbox 2737 575 2951 628; x_wconf 82' lang='grc' dir='ltr'><strong>πτῶσιν</strong></span> <span class='ocrx_word' id='word_1_33' title='bbox 2985 568 3228 639; x_wconf 77' lang='grc' dir='ltr'>δοτικὴν,</span> <span class='ocrx_word' id='word_1_34' title='bbox 3269 565 3506 631; x_wconf 77' lang='grc' dir='ltr'>σώζεται</span> <span class='ocrx_word' id='word_1_35' title='bbox 3551 565 3648 616; x_wconf 73' lang='grc' dir='ltr'>καὶ</span> 
     </span>
    </p>
   </div>
   <div class='ocr_carea' id='block_1_8' title="bbox 382 652 2010 762">
    <p class='ocr_par' dir='ltr' id='par_1_8' title="bbox 382 678 1962 762">
     <span class='ocr_line' id='line_1_8' title="bbox 382 678 1962 762; baseline -0.02 0"><span class='ocrx_word' id='word_1_36' title='bbox 382 716 472 762; x_wconf 82' lang='grc' dir='ltr'>ιιιι·</span> <span class='ocrx_word' id='word_1_37' title='bbox 509 701 588 759; x_wconf 88' lang='lat' dir='ltr'><strong>sic</strong></span> <span class='ocrx_word' id='word_1_38' title='bbox 626 702 788 757; x_wconf 86' lang='lat' dir='ltr'><strong>etiam</strong></span> <span class='ocrx_word' id='word_1_39' title='bbox 822 695 1013 752; x_wconf 86' lang='lat' dir='ltr'><strong>eadem</strong></span> <span class='ocrx_word' id='word_1_40' title='bbox 1059 686 1350 748; x_wconf 75' lang='lat' dir='ltr'><strong>sententia.</strong></span> <span class='ocrx_word' id='word_1_41' title='bbox 1409 693 1469 738; x_wconf 90' lang='lat' dir='ltr'><strong>ut</strong></span> <span class='ocrx_word' id='word_1_42' title='bbox 1502 682 1690 738; x_wconf 81' lang='lat' dir='ltr'><strong>dicat:</strong></span> <span class='ocrx_word' id='word_1_43' title='bbox 1735 678 1962 734; x_wconf 86' lang='lat' dir='ltr'><strong>Elocnto</strong></span> 
     </span>
    </p>
   </div>
   <div class='ocr_carea' id='block_1_9' title="bbox 2111 652 3645 762">
    <p class='ocr_par' dir='ltr' id='par_1_9' title="bbox 2111 652 3645 742">
     <span class='ocr_line' id='line_1_9' title="bbox 2111 652 3645 742; baseline -0.014 -14"><span class='ocrx_word' id='word_1_44' title='bbox 2111 675 2237 734; x_wconf 69' lang='lat' dir='ltr'><strong>itm;</strong></span> <span class='ocrx_word' id='word_1_45' title='bbox 2261 673 2294 742; x_wconf 77' lang='grc' dir='ltr'>ἡ</span> <span class='ocrx_word' id='word_1_46' title='bbox 2321 670 2457 738; x_wconf 83' lang='grc' dir='ltr'><strong>αὑτὴ</strong></span> <span class='ocrx_word' id='word_1_47' title='bbox 2494 670 2698 731; x_wconf 67' lang='grc' dir='ltr'>ἔννοια,</span> <span class='ocrx_word' id='word_1_48' title='bbox 2737 667 2826 720; x_wconf 82' lang='grc' dir='ltr'>ἵνα</span> <span class='ocrx_word' id='word_1_49' title='bbox 2858 666 3017 736; x_wconf 81' lang='grc' dir='ltr'>λέγῃ,</span> <span class='ocrx_word' id='word_1_50' title='bbox 3053 663 3330 732; x_wconf 80' lang='grc' dir='ltr'>φήσαντος</span> <span class='ocrx_word' id='word_1_51' title='bbox 3359 656 3456 710; x_wconf 85' lang='grc' dir='ltr'>τοῦ</span> <span class='ocrx_word' id='word_1_52' title='bbox 3505 652 3645 708; x_wconf 85' lang='grc' dir='ltr'>Θεοῦ</span> 
     </span>
    </p>
   </div>
   <div class='ocr_carea' id='block_1_10' title="bbox 380 767 1964 861">
    <p class='ocr_par' dir='ltr' id='par_1_10' title="bbox 380 767 1964 861">
     <span class='ocr_line' id='line_1_10' title="bbox 380 767 1964 861; baseline -0.021 -9"><span class='ocrx_word' id='word_1_53' title='bbox 380 797 493 852; x_wconf 86' lang='lat' dir='ltr'><strong>Deo</strong></span> <span class='ocrx_word' id='word_1_54' title='bbox 532 802 791 861; x_wconf 80' lang='lat' dir='ltr'><strong>tanquam</strong></span> <span class='ocrx_word' id='word_1_55' title='bbox 859 787 1004 852; x_wconf 75' lang='grc' dir='ltr'>λόγῳ</span> <span class='ocrx_word' id='word_1_56' title='bbox 1030 792 1286 838; x_wconf 77' lang='lat' dir='ltr'><strong>sermone</strong></span> <span class='ocrx_word' id='word_1_57' title='bbox 1360 771 1727 831; x_wconf 87' lang='lat' dir='ltr'><strong>enuntiativo.</strong></span> <span class='ocrx_word' id='word_1_58' title='bbox 1785 767 1964 835; x_wconf 87' lang='lat' dir='ltr'><strong>Supe-</strong></span> 
     </span>
    </p>
   </div>
   <div class='ocr_carea' id='block_1_11' title="bbox 2066 754 3652 832">
    <p class='ocr_par' dir='ltr' id='par_1_11' title="bbox 2066 754 3652 832">
     <span class='ocr_line' id='line_1_11' title="bbox 2066 754 3652 832; baseline -0.013 -10"><span class='ocrx_word' id='word_1_59' title='bbox 2066 768 2141 830; x_wconf 83' lang='grc' dir='ltr'>ὼς</span> <span class='ocrx_word' id='word_1_60' title='bbox 2171 761 2261 820; x_wconf 72' lang='grc' dir='ltr'><strong>οἷα</strong></span> <span class='ocrx_word' id='word_1_61' title='bbox 2310 767 2405 818; x_wconf 68' lang='grc' dir='ltr'>καὶ</span> <span class='ocrx_word' id='word_1_62' title='bbox 2433 766 2576 832; x_wconf 81' lang='grc' dir='ltr'>λόγῳ</span> <span class='ocrx_word' id='word_1_63' title='bbox 2613 758 2960 832; x_wconf 81' lang='grc' dir='ltr'>προφορικῷ·</span> <span class='ocrx_word' id='word_1_64' title='bbox 2997 755 3261 823; x_wconf 80' lang='grc' dir='ltr'>ἀνωτέρω</span> <span class='ocrx_word' id='word_1_65' title='bbox 3293 754 3353 807; x_wconf 80' lang='grc' dir='ltr'>δὲ</span> <span class='ocrx_word' id='word_1_66' title='bbox 3389 766 3652 821; x_wconf 74' lang='grc' dir='ltr'>παρεση-</span> 
     </span>
    </p>
   </div>
   <div class='ocr_carea' id='block_1_12' title="bbox 381 845 2010 946">
    <p class='ocr_par' dir='ltr' id='par_1_12' title="bbox 381 845 1964 946">
     <span class='ocr_line' id='line_1_12' title="bbox 381 845 1964 946; baseline -0.023 -4"><span class='ocrx_word' id='word_1_67' title='bbox 381 888 498 942; x_wconf 90' lang='lat' dir='ltr'><strong>rius</strong></span> <span class='ocrx_word' id='word_1_68' title='bbox 539 845 720 939; x_wconf 74' lang='lat' dir='ltr'><strong>autem</strong></span> <span class='ocrx_word' id='word_1_69' title='bbox 802 874 1174 946; x_wconf 83' lang='lat' dir='ltr'><strong>signiﬁcatum</strong></span> <span class='ocrx_word' id='word_1_70' title='bbox 1231 876 1319 925; x_wconf 88' lang='lat' dir='ltr'><strong>est</strong></span> <span class='ocrx_word' id='word_1_71' title='bbox 1365 865 1512 936; x_wconf 85' lang='lat' dir='ltr'><strong>quod</strong></span> <span class='ocrx_word' id='word_1_72' title='bbox 1569 861 1740 917; x_wconf 87' lang='lat' dir='ltr'><strong>etiam</strong></span> <span class='ocrx_word' id='word_1_73' title='bbox 1803 857 1964 924; x_wconf 78' lang='grc' dir='ltr'>λόγου</span> 
     </span>
    </p>
   </div>
   <div class='ocr_carea' id='block_1_13' title="bbox 2111 845 3650 946">
    <p class='ocr_par' dir='ltr' id='par_1_13' title="bbox 2115 845 3650 929">
     <span class='ocr_line' id='line_1_13' title="bbox 2115 845 3650 929; baseline -0.012 -16"><span class='ocrx_word' id='word_1_74' title='bbox 2115 859 2252 929; x_wconf 84' lang='grc' dir='ltr'>ἀνθη</span> <span class='ocrx_word' id='word_1_75' title='bbox 2287 859 2370 911; x_wconf 85' lang='grc' dir='ltr'><strong>ὅτι</strong></span> <span class='ocrx_word' id='word_1_76' title='bbox 2405 858 2498 912; x_wconf 67' lang='grc' dir='ltr'>καὶ</span> <span class='ocrx_word' id='word_1_77' title='bbox 2538 856 2701 924; x_wconf 85' lang='grc' dir='ltr'>λόγου</span> <span class='ocrx_word' id='word_1_78' title='bbox 2743 852 3024 924; x_wconf 75' lang='grc' dir='ltr'>γράφεται</span> <span class='ocrx_word' id='word_1_79' title='bbox 3063 846 3208 902; x_wconf 78' lang='grc' dir='ltr'><strong>κατὰ⁵</strong></span> <span class='ocrx_word' id='word_1_80' title='bbox 3254 845 3466 898; x_wconf 85' lang='grc' dir='ltr'><strong>πτῶσιν</strong></span> <span class='ocrx_word' id='word_1_81' title='bbox 3497 859 3650 912; x_wconf 82' lang='grc' dir='ltr'>γενι-</span> 
     </span>
    </p>
   </div>
   <div class='ocr_carea' id='block_1_14' title="bbox 384 970 1325 1042">
    <p class='ocr_par' dir='ltr' id='par_1_14' title="bbox 384 970 1325 1042">
     <span class='ocr_line' id='line_1_14' title="bbox 384 970 1325 1042; baseline -0.022 -6"><span class='ocrx_word' id='word_1_82' title='bbox 384 979 643 1036; x_wconf 88' lang='lat' dir='ltr'><strong>scribitur</strong></span> <span class='ocrx_word' id='word_1_83' title='bbox 680 973 744 1027; x_wconf 88' lang='lat' dir='ltr'><strong>ad</strong></span> <span class='ocrx_word' id='word_1_84' title='bbox 770 970 1070 1042; x_wconf 70' lang='lat' dir='ltr'><strong>genitivum</strong></span> <span class='ocrx_word' id='word_1_85' title='bbox 1113 977 1325 1020; x_wconf 89' lang='lat' dir='ltr'><strong>casum.</strong></span> 
     </span>
    </p>
   </div>
   <div class='ocr_carea' id='block_1_15' title="bbox 368 1051 1699 1153">
    <p class='ocr_par' dir='ltr' id='par_1_15' title="bbox 368 1051 1699 1153">
     <span class='ocr_line' id='line_1_15' title="bbox 368 1051 1699 1153; baseline -0.017 -28"><span class='ocrx_word' id='word_1_86' title='bbox 368 1085 377 1153; x_wconf 47' lang='grc' dir='ltr'><strong>γ</strong></span> <span class='ocrx_word' id='word_1_87' title='bbox 670 1062 980 1133; x_wconf 80' lang='lat' dir='ltr'><strong>Tropart&#39;um</strong></span> <span class='ocrx_word' id='word_1_88' title='bbox 1000 1059 1224 1114; x_wconf 66' lang='lat' dir='ltr'><strong>tertium</strong></span> <span class='ocrx_word' id='word_1_89' title='bbox 1261 1053 1387 1108; x_wconf 69' lang='lat' dir='ltr'><strong>eda:</strong></span> <span class='ocrx_word' id='word_1_90' title='bbox 1445 1051 1699 1118; x_wconf 66' lang='lat' dir='ltr'><strong>septimae.</strong></span> 
     </span>
    </p>
   </div>
   <div class='ocr_carea' id='block_1_16' title="bbox 367 1140 1850 1232">
    <p class='ocr_par' dir='ltr' id='par_1_16' title="bbox 367 1140 1850 1232">
     <span class='ocr_line' id='line_1_16' title="bbox 367 1140 1850 1232; baseline -0.018 -14"><span class='ocrx_word' id='word_1_91' title='bbox 367 1140 381 1232; x_wconf 49' lang='grc' dir='ltr'><em>ἦ</em></span> <span class='ocrx_word' id='word_1_92' title='bbox 531 1159 715 1216; x_wconf 85' lang='lat' dir='ltr'><strong>Tertia</strong></span> <span class='ocrx_word' id='word_1_93' title='bbox 750 1153 970 1226; x_wconf 85' lang='lat' dir='ltr'><strong>quidem</strong></span> <span class='ocrx_word' id='word_1_94' title='bbox 1005 1162 1163 1206; x_wconf 85' lang='lat' dir='ltr'><strong>nacta</strong></span> <span class='ocrx_word' id='word_1_95' title='bbox 1184 1155 1269 1203; x_wconf 86' lang='lat' dir='ltr'><strong>est</strong></span> <span class='ocrx_word' id='word_1_96' title='bbox 1307 1146 1566 1200; x_wconf 86' lang='lat' dir='ltr'><strong>horarum</strong></span> <span class='ocrx_word' id='word_1_97' title='bbox 1599 1140 1850 1212; x_wconf 79' lang='lat' dir='ltr'><strong>gratiam,</strong></span> 
     </span>
    </p>
   </div>
   <div class='ocr_carea' id='block_1_17' title="bbox 370 1236 1506 1311">
    <p class='ocr_par' dir='ltr' id='par_1_17' title="bbox 370 1236 1506 1311">
     <span class='ocr_line' id='line_1_17' title="bbox 370 1236 1506 1311; baseline -0.021 2"><span class='ocrx_word' id='word_1_98' title='bbox 370 1247 374 1256; x_wconf 78' lang='grc'><em>’</em></span> <span class='ocrx_word' id='word_1_99' title='bbox 459 1255 533 1311; x_wconf 84' lang='lat' dir='ltr'><strong>Ut</strong></span> <span class='ocrx_word' id='word_1_100' title='bbox 568 1255 987 1308; x_wconf 81' lang='lat' dir='ltr'><strong>demonstraret,</strong></span> <span class='ocrx_word' id='word_1_101' title='bbox 1023 1252 1136 1297; x_wconf 87' lang='lat' dir='ltr'><strong>tres</strong></span> <span class='ocrx_word' id='word_1_102' title='bbox 1166 1236 1506 1297; x_wconf 83' lang='lat' dir='ltr'><strong>substantias</strong></span> 
     </span>
    </p>
   </div>
   <div class='ocr_carea' id='block_1_18' title="bbox 367 1326 1522 1407">
    <p class='ocr_par' dir='ltr' id='par_1_18' title="bbox 367 1326 1522 1407">
     <span class='ocr_line' id='line_1_18' title="bbox 367 1326 1522 1407; baseline -0.019 -2"><span class='ocrx_word' id='word_1_103' title='bbox 367 1371 371 1376; x_wconf 93' lang='grc'><strong>·</strong></span> <span class='ocrx_word' id='word_1_104' title='bbox 463 1346 708 1404; x_wconf 81' lang='lat' dir='ltr'><strong>Adorare</strong></span> <span class='ocrx_word' id='word_1_105' title='bbox 729 1343 784 1397; x_wconf 90' lang='lat' dir='ltr'><strong>in</strong></span> <span class='ocrx_word' id='word_1_106' title='bbox 817 1335 1166 1407; x_wconf 81' lang='lat' dir='ltr'><strong>simplicitate</strong></span> <span class='ocrx_word' id='word_1_107' title='bbox 1197 1326 1522 1401; x_wconf 84' lang='lat' dir='ltr'><strong>potestatis:</strong></span> 
     </span>
    </p>
   </div>
   <div class='ocr_carea' id='block_1_19' title="bbox 464 1420 1472 1494">
    <p class='ocr_par' dir='ltr' id='par_1_19' title="bbox 464 1420 1472 1494">
     <span class='ocr_line' id='line_1_19' title="bbox 464 1420 1472 1494; baseline -0.021 0"><span class='ocrx_word' id='word_1_108' title='bbox 464 1439 572 1494; x_wconf 88' lang='lat' dir='ltr'><strong>Sed</strong></span> <span class='ocrx_word' id='word_1_109' title='bbox 593 1437 647 1491; x_wconf 91' lang='lat' dir='ltr'><strong>in</strong></span> <span class='ocrx_word' id='word_1_110' title='bbox 673 1450 782 1490; x_wconf 89' lang='lat' dir='ltr'><strong>una</strong></span> <span class='ocrx_word' id='word_1_111' title='bbox 812 1444 958 1486; x_wconf 89' lang='lat' dir='ltr'><strong>nunc</strong></span> <span class='ocrx_word' id='word_1_112' title='bbox 990 1427 1202 1484; x_wconf 90' lang='lat' dir='ltr'><strong>dierum</strong></span> <span class='ocrx_word' id='word_1_113' title='bbox 1225 1420 1472 1482; x_wconf 89' lang='lat' dir='ltr'><strong>domina,</strong></span> 
     </span>
    </p>
   </div>
   <div class='ocr_carea' id='block_1_20' title="bbox 465 1510 1812 1593">
    <p class='ocr_par' dir='ltr' id='par_1_20' title="bbox 465 1510 1812 1593">
     <span class='ocr_line' id='line_1_20' title="bbox 465 1510 1812 1593; baseline -0.023 -3"><span class='ocrx_word' id='word_1_114' title='bbox 465 1533 662 1592; x_wconf 84' lang='lat' dir='ltr'><strong>Filius,</strong></span> <span class='ocrx_word' id='word_1_115' title='bbox 692 1529 876 1593; x_wconf 88' lang='lat' dir='ltr'><strong>Pater,</strong></span> <span class='ocrx_word' id='word_1_116' title='bbox 900 1534 953 1577; x_wconf 88' lang='lat' dir='ltr'><strong>et</strong></span> <span class='ocrx_word' id='word_1_117' title='bbox 987 1518 1245 1591; x_wconf 88' lang='lat' dir='ltr'><strong>Spiritus,</strong></span> <span class='ocrx_word' id='word_1_118' title='bbox 1286 1510 1600 1568; x_wconf 86' lang='lat' dir='ltr'><strong>benedictus</strong></span> <span class='ocrx_word' id='word_1_119' title='bbox 1629 1523 1709 1563; x_wconf 92' lang='lat' dir='ltr'><strong>es.</strong></span> <span class='ocrx_word' id='word_1_120' title='bbox 1803 1533 1812 1540; x_wconf 88' lang='lat'><strong><em>-</em></strong></span> 
     </span>
    </p>
   </div>
   <div class='ocr_carea' id='block_1_21' title="bbox 467 1597 1975 1686">
    <p class='ocr_par' dir='ltr' id='par_1_21' title="bbox 467 1597 1975 1686">
     <span class='ocr_line' id='line_1_21' title="bbox 467 1597 1975 1686; baseline -0.021 -4"><span class='ocrx_word' id='word_1_121' title='bbox 467 1625 595 1681; x_wconf 73' lang='grc'><strong>176.</strong></span> <span class='ocrx_word' id='word_1_122' title='bbox 631 1621 768 1677; x_wconf 88' lang='lat' dir='ltr'><strong>Cum</strong></span> <span class='ocrx_word' id='word_1_123' title='bbox 829 1614 1068 1686; x_wconf 84' lang='lat' dir='ltr'><strong>Spiritus</strong></span> <span class='ocrx_word' id='word_1_124' title='bbox 1109 1605 1518 1666; x_wconf 86' lang='lat' dir='ltr'><strong>sanctissimus,</strong></span> <span class='ocrx_word' id='word_1_125' title='bbox 1561 1609 1620 1656; x_wconf 92' lang='lat' dir='ltr'><strong>ut</strong></span> <span class='ocrx_word' id='word_1_126' title='bbox 1647 1597 1975 1667; x_wconf 87' lang='lat' dir='ltr'><strong>accipimus,</strong></span> 
     </span>
    </p>
   </div>
   <div class='ocr_carea' id='block_1_22' title="bbox 398 1689 1980 1776">
    <p class='ocr_par' dir='ltr' id='par_1_22' title="bbox 398 1689 1980 1776">
     <span class='ocr_line' id='line_1_22' title="bbox 398 1689 1980 1776; baseline -0.021 -1"><span class='ocrx_word' id='word_1_127' title='bbox 398 1719 537 1776; x_wconf 91' lang='lat' dir='ltr'><strong>hora</strong></span> <span class='ocrx_word' id='word_1_128' title='bbox 589 1713 750 1768; x_wconf 86' lang='lat' dir='ltr'><strong>tertia</strong></span> <span class='ocrx_word' id='word_1_129' title='bbox 826 1721 990 1776; x_wconf 81' lang='lat' dir='ltr'><strong>super</strong></span> <span class='ocrx_word' id='word_1_130' title='bbox 1059 1706 1340 1772; x_wconf 85' lang='lat' dir='ltr'><strong>apostolos</strong></span> <span class='ocrx_word' id='word_1_131' title='bbox 1409 1691 1714 1756; x_wconf 88' lang='lat' dir='ltr'><strong>descendit,</strong></span> <span class='ocrx_word' id='word_1_132' title='bbox 1772 1689 1980 1745; x_wconf 89' lang='lat' dir='ltr'><strong>idcirco</strong></span> 
     </span>
    </p>
   </div>
   <div class='ocr_carea' id='block_1_23' title="bbox 2070 956 2195 1026">
    <p class='ocr_par' dir='ltr' id='par_1_23' title="bbox 2070 956 2195 1026">
     <span class='ocr_line' id='line_1_23' title="bbox 2070 956 2195 1026; baseline 0 -18"><span class='ocrx_word' id='word_1_133' title='bbox 2070 956 2195 1026; x_wconf 82' lang='grc' dir='ltr'>κήν.</span> 
     </span>
    </p>
   </div>
   <div class='ocr_carea' id='block_1_24' title="bbox 2269 1030 3462 1113">
    <p class='ocr_par' dir='ltr' id='par_1_24' title="bbox 2269 1030 3462 1113">
     <span class='ocr_line' id='line_1_24' title="bbox 2269 1030 3462 1113; baseline -0.011 -15"><span class='ocrx_word' id='word_1_134' title='bbox 2269 1043 2592 1113; x_wconf 81' lang='grc' dir='ltr'>Τροπὰριον</span> <span class='ocrx_word' id='word_1_135' title='bbox 2621 1042 2820 1109; x_wconf 78' lang='grc' dir='ltr'>τρίτον</span> <span class='ocrx_word' id='word_1_136' title='bbox 2844 1036 2955 1106; x_wconf 83' lang='grc' dir='ltr'><strong>τῆς</strong></span> <span class='ocrx_word' id='word_1_137' title='bbox 2993 1035 3250 1104; x_wconf 77' lang='grc' dir='ltr'>ἑϐδόμης</span> <span class='ocrx_word' id='word_1_138' title='bbox 3280 1030 3462 1100; x_wconf 83' lang='grc' dir='ltr'>ᾠδῆς.</span> 
     </span>
    </p>
   </div>
   <div class='ocr_carea' id='block_1_25' title="bbox 2073 1125 3458 1207">
    <p class='ocr_par' dir='ltr' id='par_1_25' title="bbox 2073 1125 3458 1207">
     <span class='ocr_line' id='line_1_25' title="bbox 2073 1125 3458 1207; baseline -0.012 -14"><span class='ocrx_word' id='word_1_139' title='bbox 2073 1136 2192 1193; x_wconf 79' lang='lat' dir='ltr'><strong>XX.</strong></span> <span class='ocrx_word' id='word_1_140' title='bbox 2253 1137 2424 1207; x_wconf 84' lang='grc' dir='ltr'>Τρίτη</span> <span class='ocrx_word' id='word_1_141' title='bbox 2463 1136 2560 1204; x_wconf 84' lang='grc' dir='ltr'>μὲν</span> <span class='ocrx_word' id='word_1_142' title='bbox 2586 1134 2920 1202; x_wconf 75' lang='grc' dir='ltr'>εύμοίρητεν</span> <span class='ocrx_word' id='word_1_143' title='bbox 2953 1129 3112 1200; x_wconf 82' lang='grc' dir='ltr'>ὡρῶν</span> <span class='ocrx_word' id='word_1_144' title='bbox 3143 1128 3243 1192; x_wconf 82' lang='grc' dir='ltr'><strong>τὴν</strong></span> <span class='ocrx_word' id='word_1_145' title='bbox 3271 1125 3458 1196; x_wconf 85' lang='grc' dir='ltr'>χάριν,</span> 
     </span>
    </p>
   </div>
   <div class='ocr_carea' id='block_1_26' title="bbox 2253 1221 3363 1297">
    <p class='ocr_par' dir='ltr' id='par_1_26' title="bbox 2253 1221 3363 1297">
     <span class='ocr_line' id='line_1_26' title="bbox 2253 1221 3363 1297; baseline -0.013 -13"><span class='ocrx_word' id='word_1_146' title='bbox 2253 1231 2443 1290; x_wconf 86' lang='grc' dir='ltr'>Ὅπως</span> <span class='ocrx_word' id='word_1_147' title='bbox 2474 1227 2820 1297; x_wconf 77' lang='grc' dir='ltr'>ὑπεμφήνειε</span> <span class='ocrx_word' id='word_1_148' title='bbox 2854 1226 3001 1293; x_wconf 81' lang='grc' dir='ltr'>τρεῖς</span> <span class='ocrx_word' id='word_1_149' title='bbox 3033 1221 3363 1281; x_wconf 76' lang='grc' dir='ltr'><strong>ὑποστάσεις</strong></span> 
     </span>
    </p>
   </div>
   <div class='ocr_carea' id='block_1_27' title="bbox 2257 1314 3262 1387">
    <p class='ocr_par' dir='ltr' id='par_1_27' title="bbox 2257 1314 3262 1387">
     <span class='ocr_line' id='line_1_27' title="bbox 2257 1314 3262 1387; baseline -0.012 -10"><span class='ocrx_word' id='word_1_150' title='bbox 2257 1324 2448 1376; x_wconf 89' lang='grc' dir='ltr'>Σέ6ειν</span> <span class='ocrx_word' id='word_1_151' title='bbox 2475 1323 2530 1376; x_wconf 84' lang='grc' dir='ltr'><strong>ἐν</strong></span> <span class='ocrx_word' id='word_1_152' title='bbox 2559 1319 2827 1387; x_wconf 80' lang='grc' dir='ltr'><strong>ἁπλότητι</strong></span> <span class='ocrx_word' id='word_1_153' title='bbox 2858 1317 2961 1386; x_wconf 78' lang='grc' dir='ltr'>τῆς</span> <span class='ocrx_word' id='word_1_154' title='bbox 2989 1314 3262 1380; x_wconf 77' lang='grc' dir='ltr'>ἐξουσίαςο</span> 
     </span>
    </p>
   </div>
   <div class='ocr_carea' id='block_1_28' title="bbox 2272 1406 3308 1484">
    <p class='ocr_par' dir='ltr' id='par_1_28' title="bbox 2272 1406 3308 1484">
     <span class='ocr_line' id='line_1_28' title="bbox 2272 1406 3308 1484; baseline -0.017 -14"><span class='ocrx_word' id='word_1_155' title='bbox 2272 1412 2413 1469; x_wconf 83' lang='grc' dir='ltr'>Ἀλλ’</span> <span class='ocrx_word' id='word_1_156' title='bbox 2443 1415 2502 1466; x_wconf 86' lang='grc' dir='ltr'><strong>ἐν</strong></span> <span class='ocrx_word' id='word_1_157' title='bbox 2537 1412 2636 1484; x_wconf 81' lang='grc' dir='ltr'><strong>μιᾷ</strong></span> <span class='ocrx_word' id='word_1_158' title='bbox 2665 1409 2760 1463; x_wconf 91' lang='grc' dir='ltr'><strong>νῦν</strong></span> <span class='ocrx_word' id='word_1_159' title='bbox 2789 1407 3012 1479; x_wconf 77' lang='grc' dir='ltr'>ἡμερῶν</span> <span class='ocrx_word' id='word_1_160' title='bbox 3036 1409 3104 1477; x_wconf 74' lang='grc' dir='ltr'>τῇ</span> <span class='ocrx_word' id='word_1_161' title='bbox 3138 1406 3308 1476; x_wconf 73' lang='grc' dir='ltr'>κυρίᾳ</span> 
     </span>
    </p>
   </div>
   <div class='ocr_carea' id='block_1_29' title="bbox 2259 1493 3484 1573">
    <p class='ocr_par' dir='ltr' id='par_1_29' title="bbox 2259 1493 3484 1573">
     <span class='ocr_line' id='line_1_29' title="bbox 2259 1493 3484 1573; baseline -0.007 -13"><span class='ocrx_word' id='word_1_162' title='bbox 2259 1507 2410 1571; x_wconf 79' lang='grc' dir='ltr'>Υἱὸς,</span> <span class='ocrx_word' id='word_1_163' title='bbox 2441 1503 2656 1573; x_wconf 83' lang='grc' dir='ltr'>Πατὴρ,</span> <span class='ocrx_word' id='word_1_164' title='bbox 2687 1503 2784 1556; x_wconf 73' lang='grc' dir='ltr'>καὶ</span> <span class='ocrx_word' id='word_1_165' title='bbox 2813 1500 3064 1569; x_wconf 80' lang='grc' dir='ltr'><strong>Πνεῦμα,</strong></span> <span class='ocrx_word' id='word_1_166' title='bbox 3094 1497 3390 1566; x_wconf 78' lang='grc' dir='ltr'>εὐλογητὸς</span> <span class='ocrx_word' id='word_1_167' title='bbox 3412 1493 3484 1551; x_wconf 78' lang='grc' dir='ltr'><strong>εἷ.</strong></span> 
     </span>
    </p>
   </div>
   <div class='ocr_carea' id='block_1_30' title="bbox 2158 1585 3662 1669">
    <p class='ocr_par' dir='ltr' id='par_1_30' title="bbox 2158 1585 3662 1669">
     <span class='ocr_line' id='line_1_30' title="bbox 2158 1585 3662 1669; baseline -0.012 -16"><span class='ocrx_word' id='word_1_168' title='bbox 2158 1597 2300 1669; x_wconf 86' lang='grc' dir='ltr'>ρος’.</span> <span class='ocrx_word' id='word_1_169' title='bbox 2341 1595 2451 1650; x_wconf 87' lang='grc' dir='ltr'>Τοῦ</span> <span class='ocrx_word' id='word_1_170' title='bbox 2485 1593 2794 1663; x_wconf 85' lang='grc' dir='ltr'>ἁγιωτάτου</span> <span class='ocrx_word' id='word_1_171' title='bbox 2834 1589 3153 1657; x_wconf 86' lang='grc' dir='ltr'>Πνεύματος</span> <span class='ocrx_word' id='word_1_172' title='bbox 3183 1587 3316 1658; x_wconf 69' lang='grc' dir='ltr'>περὶ</span> <span class='ocrx_word' id='word_1_173' title='bbox 3341 1585 3441 1657; x_wconf 87' lang='grc' dir='ltr'><strong>τὴν</strong></span> <span class='ocrx_word' id='word_1_174' title='bbox 3469 1585 3662 1656; x_wconf 78' lang='grc' dir='ltr'><strong>τρίτην</strong></span> 
     </span>
    </p>
   </div>
   <div class='ocr_carea' id='block_1_31' title="bbox 2086 1676 3662 1763">
    <p class='ocr_par' dir='ltr' id='par_1_31' title="bbox 2086 1676 3662 1763">
     <span class='ocr_line' id='line_1_31' title="bbox 2086 1676 3662 1763; baseline -0.012 -16"><span class='ocrx_word' id='word_1_175' title='bbox 2086 1694 2237 1763; x_wconf 87' lang='grc' dir='ltr'>ὥραν</span> <span class='ocrx_word' id='word_1_176' title='bbox 2289 1685 2784 1756; x_wconf 79' lang='grc' dir='ltr'>καταπεμφθέντος</span> <span class='ocrx_word' id='word_1_177' title='bbox 2834 1683 2948 1745; x_wconf 82' lang='grc' dir='ltr'>τοῖς</span> <span class='ocrx_word' id='word_1_178' title='bbox 3001 1681 3184 1749; x_wconf 83' lang='grc' dir='ltr'>ἁγίοις</span> <span class='ocrx_word' id='word_1_179' title='bbox 3247 1678 3536 1750; x_wconf 77' lang='grc' dir='ltr'><strong>μαθηταῖς,</strong></span> <span class='ocrx_word' id='word_1_180' title='bbox 3587 1676 3662 1738; x_wconf 77' lang='grc' dir='ltr'><strong>ὡς</strong></span> 
     </span>
    </p>
   </div>
   <div class='ocr_carea' id='block_1_32' title="bbox 400 1768 2010 1879">
    <p class='ocr_par' dir='ltr' id='par_1_32' title="bbox 400 1780 1985 1879">
     <span class='ocr_line' id='line_1_32' title="bbox 400 1780 1985 1879; baseline -0.022 -12"><span class='ocrx_word' id='word_1_181' title='bbox 400 1821 650 1879; x_wconf 89' lang='lat' dir='ltr'><strong>tempore</strong></span> <span class='ocrx_word' id='word_1_182' title='bbox 683 1805 810 1866; x_wconf 85' lang='lat' dir='ltr'><strong>isto,</strong></span> <span class='ocrx_word' id='word_1_183' title='bbox 845 1796 1242 1855; x_wconf 83' lang='lat' dir='ltr'><strong>divinissimam</strong></span> <span class='ocrx_word' id='word_1_184' title='bbox 1302 1784 1684 1844; x_wconf 71' lang='lat' dir='ltr'><strong>caaremoniam</strong></span> <span class='ocrx_word' id='word_1_185' title='bbox 1723 1780 1985 1850; x_wconf 86' lang='lat' dir='ltr'><strong>adimple—</strong></span> 
     </span>
    </p>
   </div>
   <div class='ocr_carea' id='block_1_33' title="bbox 2111 1768 3666 1879">
    <p class='ocr_par' dir='ltr' id='par_1_33' title="bbox 2111 1768 3666 1879">
     <span class='ocr_line' id='line_1_33' title="bbox 2111 1768 3666 1856; baseline -0.011 -20"><span class='ocrx_word' id='word_1_186' title='bbox 2111 1782 2491 1856; x_wconf 80' lang='grc' dir='ltr'>ταρελὰὁομεν,</span> <span class='ocrx_word' id='word_1_187' title='bbox 2517 1778 2598 1831; x_wconf 82' lang='grc' dir='ltr'><strong>διὸ</strong></span> <span class='ocrx_word' id='word_1_188' title='bbox 2627 1774 2807 1844; x_wconf 88' lang='grc' dir='ltr'>καιρῷ</span> <span class='ocrx_word' id='word_1_189' title='bbox 2833 1773 3061 1842; x_wconf 85' lang='grc' dir='ltr'><strong>τοιούτῳ</strong></span> <span class='ocrx_word' id='word_1_190' title='bbox 3083 1775 3178 1826; x_wconf 70' lang='grc' dir='ltr'>καὶ</span> <span class='ocrx_word' id='word_1_191' title='bbox 3204 1773 3366 1842; x_wconf 77' lang='grc' dir='ltr'>ἡμεῖς</span> <span class='ocrx_word' id='word_1_192' title='bbox 3399 1770 3500 1838; x_wconf 82' lang='grc' dir='ltr'>τὴν</span> <span class='ocrx_word' id='word_1_193' title='bbox 3527 1768 3666 1821; x_wconf 79' lang='grc' dir='ltr'>θειο-</span> 
     </span>
     <span class='ocr_line' id='line_1_34' title="bbox 2135 1858 3660 1879; baseline 0 0"><span class='ocrx_word' id='word_1_194' title='bbox 2135 1876 2144 1879; x_wconf 85' lang='lat'><em>_</em></span> <span class='ocrx_word' id='word_1_195' title='bbox 2318 1875 2331 1879; x_wconf 89' lang='lat'>_</span> <span class='ocrx_word' id='word_1_196' title='bbox 2512 1869 2526 1879; x_wconf 73' lang='grc' dir='ltr'>ι</span> <span class='ocrx_word' id='word_1_197' title='bbox 2647 1869 2660 1879; x_wconf 74' lang='grc' dir='ltr'>ι</span> <span class='ocrx_word' id='word_1_198' title='bbox 2801 1865 2819 1879; x_wconf 60' lang='grc' dir='ltr'>ς</span> <span class='ocrx_word' id='word_1_199' title='bbox 2868 1864 2893 1876; x_wconf 72' lang='grc' dir='ltr'><strong>ο</strong></span> <span class='ocrx_word' id='word_1_200' title='bbox 3060 1866 3074 1879; x_wconf 70' lang='grc' dir='ltr'><strong>ο</strong></span> <span class='ocrx_word' id='word_1_201' title='bbox 3129 1863 3142 1879; x_wconf 63' lang='grc' dir='ltr'><strong>ε</strong></span> <span class='ocrx_word' id='word_1_202' title='bbox 3312 1863 3337 1879; x_wconf 76' lang='grc' dir='ltr'><strong>Λ</strong></span> <span class='ocrx_word' id='word_1_203' title='bbox 3419 1861 3444 1879; x_wconf 67' lang='grc' dir='ltr'><strong>ς</strong></span> <span class='ocrx_word' id='word_1_204' title='bbox 3491 1860 3535 1879; x_wconf 59' lang='lat'><strong>1‘</strong></span> <span class='ocrx_word' id='word_1_205' title='bbox 3558 1858 3660 1879; x_wconf 33' lang='lat' dir='ltr'><strong>_,!Qs</strong></span> 
     </span>
    </p>
   </div>
   <div class='ocr_carea' id='block_1_34' title="bbox 402 1853 2010 1966">
    <p class='ocr_par' dir='ltr' id='par_1_34' title="bbox 402 1853 1973 1966">
     <span class='ocr_line' id='line_1_35' title="bbox 402 1853 1973 1966; baseline -0.02 -10"><span class='ocrx_word' id='word_1_206' title='bbox 402 1853 616 1956; x_wconf 59' lang='lat' dir='ltr'><strong>musrin</strong></span> <span class='ocrx_word' id='word_1_207' title='bbox 641 1909 789 1966; x_wconf 87' lang='lat' dir='ltr'><strong>spem</strong></span> <span class='ocrx_word' id='word_1_208' title='bbox 823 1893 1035 1946; x_wconf 82' lang='lat' dir='ltr'><strong>ﬁrmam</strong></span> <span class='ocrx_word' id='word_1_209' title='bbox 1067 1880 1448 1942; x_wconf 81' lang='lat' dir='ltr'><strong>desiderabilis</strong></span> <span class='ocrx_word' id='word_1_210' title='bbox 1498 1877 1738 1958; x_wconf 79' lang='lat' dir='ltr'><strong>Spiritus</strong></span> <span class='ocrx_word' id='word_1_211' title='bbox 1769 1872 1973 1928; x_wconf 53' lang='lat' dir='ltr'><strong>advena</strong></span> 
     </span>
    </p>
   </div>
   <div class='ocr_carea' id='block_1_35' title="bbox 2111 1853 3666 1966">
    <p class='ocr_par' dir='ltr' id='par_1_35' title="bbox 2111 1853 3666 1944">
     <span class='ocr_line' id='line_1_36' title="bbox 2111 1853 3666 1944; baseline -0.008 -21"><span class='ocrx_word' id='word_1_212' title='bbox 2111 1853 2256 1944; x_wconf 76' lang='grc' dir='ltr'><strong>τάτην</strong></span> <span class='ocrx_word' id='word_1_213' title='bbox 2308 1869 2596 1940; x_wconf 80' lang='grc' dir='ltr'>ἁγιστείαν</span> <span class='ocrx_word' id='word_1_214' title='bbox 2644 1864 3006 1932; x_wconf 73' lang='grc' dir='ltr'><strong>ἐπιτελοῦμεν</strong></span> <span class='ocrx_word' id='word_1_215' title='bbox 3057 1863 3153 1916; x_wconf 72' lang='grc' dir='ltr'><strong>ἐπὶ</strong></span> <span class='ocrx_word' id='word_1_216' title='bbox 3205 1861 3446 1931; x_wconf 78' lang='grc' dir='ltr'><strong>σταθερᾷ</strong></span> <span class='ocrx_word' id='word_1_217' title='bbox 3487 1858 3666 1914; x_wconf 78' lang='grc' dir='ltr'>ἐλπίδι</span> 
     </span>
    </p>
   </div>
   <div class='ocr_carea' id='block_1_36' title="bbox 406 1964 1980 2049">
    <p class='ocr_par' dir='ltr' id='par_1_36' title="bbox 406 1964 1980 2049">
     <span class='ocr_line' id='line_1_37' title="bbox 406 1964 1980 2049; baseline -0.022 0"><span class='ocrx_word' id='word_1_218' title='bbox 406 2005 518 2049; x_wconf 87' lang='lat' dir='ltr'><strong>tus.</strong></span> <span class='ocrx_word' id='word_1_219' title='bbox 567 1989 643 2044; x_wconf 82' lang='lat' dir='ltr'><strong>Ex</strong></span> <span class='ocrx_word' id='word_1_220' title='bbox 668 1964 757 2042; x_wconf 84' lang='lat' dir='ltr'><strong>illa</strong></span> <span class='ocrx_word' id='word_1_221' title='bbox 801 1982 1091 2044; x_wconf 83' lang='lat' dir='ltr'><strong>sententia,</strong></span> <span class='ocrx_word' id='word_1_222' title='bbox 1115 1974 1484 2048; x_wconf 86' lang='lat' dir='ltr'><strong>mysterioque</strong></span> <span class='ocrx_word' id='word_1_223' title='bbox 1507 1965 1810 2024; x_wconf 88' lang='lat' dir='ltr'><strong>secundum</strong></span> <span class='ocrx_word' id='word_1_224' title='bbox 1833 1964 1980 2018; x_wconf 80' lang='lat' dir='ltr'><strong>illam</strong></span> 
     </span>
    </p>
   </div>
   <div class='ocr_carea' id='block_1_37' title="bbox 409 2053 1981 2156">
    <p class='ocr_par' dir='ltr' id='par_1_37' title="bbox 409 2053 1981 2156">
     <span class='ocr_line' id='line_1_38' title="bbox 409 2053 1981 2156; baseline -0.024 -15"><span class='ocrx_word' id='word_1_225' title='bbox 409 2081 708 2156; x_wconf 84' lang='lat' dir='ltr'><strong>symbolice</strong></span> <span class='ocrx_word' id='word_1_226' title='bbox 748 2086 1010 2146; x_wconf 78' lang='lat' dir='ltr'><strong>expresso</strong></span> <span class='ocrx_word' id='word_1_227' title='bbox 1063 2066 1288 2137; x_wconf 86' lang='lat' dir='ltr'><strong>stropha</strong></span> <span class='ocrx_word' id='word_1_228' title='bbox 1334 2072 1576 2133; x_wconf 71' lang='lat' dir='ltr'><strong>praesens</strong></span> <span class='ocrx_word' id='word_1_229' title='bbox 1605 2053 1853 2125; x_wconf 80' lang='lat' dir='ltr'><strong>exposita</strong></span> <span class='ocrx_word' id='word_1_230' title='bbox 1877 2060 1981 2106; x_wconf 87' lang='lat' dir='ltr'><strong>est.</strong></span> 
     </span>
    </p>
   </div>
   <div class='ocr_carea' id='block_1_38' title="bbox 409 2146 1989 2242">
    <p class='ocr_par' dir='ltr' id='par_1_38' title="bbox 409 2146 1989 2242">
     <span class='ocr_line' id='line_1_39' title="bbox 409 2146 1989 2242; baseline -0.024 -11"><span class='ocrx_word' id='word_1_231' title='bbox 409 2146 477 2230; x_wconf 46' lang='lat' dir='ltr'><strong>E&#39;t</strong></span> <span class='ocrx_word' id='word_1_232' title='bbox 516 2170 740 2242; x_wconf 85' lang='lat' dir='ltr'><strong>quidem</strong></span> <span class='ocrx_word' id='word_1_233' title='bbox 793 2165 940 2220; x_wconf 88' lang='lat' dir='ltr'><strong>illius</strong></span> <span class='ocrx_word' id='word_1_234' title='bbox 1000 2155 1275 2216; x_wconf 88' lang='lat' dir='ltr'><strong>sententia</strong></span> <span class='ocrx_word' id='word_1_235' title='bbox 1333 2152 1483 2207; x_wconf 86' lang='lat' dir='ltr'><strong>clare</strong></span> <span class='ocrx_word' id='word_1_236' title='bbox 1529 2146 1874 2214; x_wconf 82' lang='lat' dir='ltr'><strong>breviterque</strong></span> <span class='ocrx_word' id='word_1_237' title='bbox 1905 2147 1989 2195; x_wconf 90' lang='lat' dir='ltr'><strong>est</strong></span> 
     </span>
    </p>
   </div>
   <div class='ocr_carea' id='block_1_39' title="bbox 411 2233 1988 2320">
    <p class='ocr_par' dir='ltr' id='par_1_39' title="bbox 411 2233 1988 2320">
     <span class='ocr_line' id='line_1_40' title="bbox 411 2233 1988 2320; baseline -0.025 1"><span class='ocrx_word' id='word_1_238' title='bbox 411 2233 642 2320; x_wconf 76' lang='lat' dir='ltr'><strong>directa.</strong></span> <span class='ocrx_word' id='word_1_239' title='bbox 673 2255 812 2313; x_wconf 89' lang='lat' dir='ltr'><strong>Dicit</strong></span> <span class='ocrx_word' id='word_1_240' title='bbox 852 2254 1000 2309; x_wconf 89' lang='lat' dir='ltr'><strong>enim</strong></span> <span class='ocrx_word' id='word_1_241' title='bbox 1028 2251 1174 2319; x_wconf 86' lang='lat' dir='ltr'><strong>quod</strong></span> <span class='ocrx_word' id='word_1_242' title='bbox 1206 2244 1341 2298; x_wconf 89' lang='lat' dir='ltr'><strong>hora</strong></span> <span class='ocrx_word' id='word_1_243' title='bbox 1379 2237 1535 2295; x_wconf 88' lang='lat' dir='ltr'><strong>tertia</strong></span> <span class='ocrx_word' id='word_1_244' title='bbox 1573 2233 1809 2305; x_wconf 88' lang='lat' dir='ltr'><strong>Spiritus</strong></span> <span class='ocrx_word' id='word_1_245' title='bbox 1857 2244 1988 2301; x_wconf 57' lang='lat' dir='ltr'><strong>pro.</strong></span> 
     </span>
    </p>
   </div>
   <div class='ocr_carea' id='block_1_40' title="bbox 413 2321 1992 2426">
    <p class='ocr_par' dir='ltr' id='par_1_40' title="bbox 413 2321 1992 2426">
     <span class='ocr_line' id='line_1_41' title="bbox 413 2321 1992 2426; baseline -0.025 -16"><span class='ocrx_word' id='word_1_246' title='bbox 413 2353 622 2426; x_wconf 78' lang='lat' dir='ltr'><strong>digium</strong></span> <span class='ocrx_word' id='word_1_247' title='bbox 657 2347 848 2404; x_wconf 86' lang='lat' dir='ltr'><strong>habuit</strong></span> <span class='ocrx_word' id='word_1_248' title='bbox 877 2361 892 2409; x_wconf 90' lang='lat'><strong>;</strong></span> <span class='ocrx_word' id='word_1_249' title='bbox 921 2350 980 2397; x_wconf 90' lang='lat' dir='ltr'><strong>ut</strong></span> <span class='ocrx_word' id='word_1_250' title='bbox 1005 2335 1302 2410; x_wconf 86' lang='lat' dir='ltr'><strong>symbolice</strong></span> <span class='ocrx_word' id='word_1_251' title='bbox 1334 2339 1452 2385; x_wconf 89' lang='lat' dir='ltr'><strong>tres</strong></span> <span class='ocrx_word' id='word_1_252' title='bbox 1501 2333 1704 2383; x_wconf 61' lang='lat' dir='ltr'><strong>sanctae</strong></span> <span class='ocrx_word' id='word_1_253' title='bbox 1748 2321 1992 2376; x_wconf 87' lang='lat' dir='ltr'><strong>Trinita-</strong></span> 
     </span>
    </p>
   </div>
   <div class='ocr_carea' id='block_1_41' title="bbox 417 2411 1992 2512">
    <p class='ocr_par' dir='ltr' id='par_1_41' title="bbox 417 2411 1992 2512">
     <span class='ocr_line' id='line_1_42' title="bbox 417 2411 1992 2512; baseline -0.025 -11"><span class='ocrx_word' id='word_1_254' title='bbox 417 2411 506 2500; x_wconf 56' lang='lat' dir='ltr'><strong>tis:</strong></span> <span class='ocrx_word' id='word_1_255' title='bbox 528 2452 794 2512; x_wconf 82' lang='lat' dir='ltr'><strong>personas</strong></span> <span class='ocrx_word' id='word_1_256' title='bbox 857 2428 1189 2489; x_wconf 84' lang='lat' dir='ltr'><strong>subindicet,</strong></span> <span class='ocrx_word' id='word_1_257' title='bbox 1237 2436 1377 2493; x_wconf 88' lang='lat' dir='ltr'><strong>quas</strong></span> <span class='ocrx_word' id='word_1_258' title='bbox 1426 2418 1583 2473; x_wconf 86' lang='lat' dir='ltr'><strong>tertia</strong></span> <span class='ocrx_word' id='word_1_259' title='bbox 1630 2415 1767 2470; x_wconf 86' lang='lat' dir='ltr'><strong>hora</strong></span> <span class='ocrx_word' id='word_1_260' title='bbox 1801 2411 1992 2465; x_wconf 89' lang='lat' dir='ltr'><strong>adum-</strong></span> 
     </span>
    </p>
   </div>
   <div class='ocr_carea' id='block_1_42' title="bbox 417 2503 1992 2587">
    <p class='ocr_par' dir='ltr' id='par_1_42' title="bbox 417 2503 1992 2587">
     <span class='ocr_line' id='line_1_43' title="bbox 417 2503 1992 2587; baseline -0.021 -1"><span class='ocrx_word' id='word_1_261' title='bbox 417 2503 618 2587; x_wconf 75' lang='lat' dir='ltr'><strong>bravit.</strong></span> <span class='ocrx_word' id='word_1_262' title='bbox 661 2522 836 2580; x_wconf 77' lang='lat' dir='ltr'><strong>Hodie</strong></span> <span class='ocrx_word' id='word_1_263' title='bbox 867 2532 996 2576; x_wconf 85' lang='lat' dir='ltr'><strong>vero</strong></span> <span class='ocrx_word' id='word_1_264' title='bbox 1049 2530 1157 2571; x_wconf 93' lang='lat' dir='ltr'><strong>non</strong></span> <span class='ocrx_word' id='word_1_265' title='bbox 1191 2511 1534 2567; x_wconf 82' lang='lat' dir='ltr'><strong>celebramus</strong></span> <span class='ocrx_word' id='word_1_266' title='bbox 1581 2508 1635 2560; x_wconf 91' lang='lat' dir='ltr'><strong>in</strong></span> <span class='ocrx_word' id='word_1_267' title='bbox 1685 2503 1992 2574; x_wconf 78' lang='lat' dir='ltr'><strong>aenigmate,</strong></span> 
     </span>
    </p>
   </div>
   <div class='ocr_carea' id='block_1_43' title="bbox 415 2591 1992 2678">
    <p class='ocr_par' dir='ltr' id='par_1_43' title="bbox 415 2591 1992 2678">
     <span class='ocr_line' id='line_1_44' title="bbox 415 2591 1992 2678; baseline -0.022 -1"><span class='ocrx_word' id='word_1_268' title='bbox 415 2635 522 2678; x_wconf 83' lang='lat' dir='ltr'><strong>nec</strong></span> <span class='ocrx_word' id='word_1_269' title='bbox 552 2615 979 2676; x_wconf 88' lang='lat' dir='ltr'><strong>subindicantes,</strong></span> <span class='ocrx_word' id='word_1_270' title='bbox 1012 2607 1103 2663; x_wconf 88' lang='lat' dir='ltr'><strong>sed</strong></span> <span class='ocrx_word' id='word_1_271' title='bbox 1130 2615 1317 2674; x_wconf 88' lang='lat' dir='ltr'><strong>aperte</strong></span> <span class='ocrx_word' id='word_1_272' title='bbox 1360 2599 1740 2656; x_wconf 78' lang='lat' dir='ltr'><strong>bciiedicentcs</strong></span> <span class='ocrx_word' id='word_1_273' title='bbox 1769 2591 1992 2657; x_wconf 87' lang='lat' dir='ltr'><strong>Filium,</strong></span> 
     </span>
    </p>
   </div>
   <div class='ocr_carea' id='block_1_44' title="bbox 423 2690 1996 2775">
    <p class='ocr_par' dir='ltr' id='par_1_44' title="bbox 423 2690 1996 2775">
     <span class='ocr_line' id='line_1_45' title="bbox 423 2690 1996 2775; baseline -0.021 -7"><span class='ocrx_word' id='word_1_274' title='bbox 423 2713 641 2768; x_wconf 85' lang='lat' dir='ltr'><strong>Patrem</strong></span> <span class='ocrx_word' id='word_1_275' title='bbox 678 2717 734 2762; x_wconf 90' lang='lat' dir='ltr'><strong>ct</strong></span> <span class='ocrx_word' id='word_1_276' title='bbox 773 2705 1062 2775; x_wconf 87' lang='lat' dir='ltr'><strong>Spiritum,</strong></span> <span class='ocrx_word' id='word_1_277' title='bbox 1113 2705 1356 2754; x_wconf 87' lang='lat' dir='ltr'><strong>sanctam</strong></span> <span class='ocrx_word' id='word_1_278' title='bbox 1422 2690 1766 2752; x_wconf 82' lang='lat' dir='ltr'><strong>Trinitatem,</strong></span> <span class='ocrx_word' id='word_1_279' title='bbox 1827 2697 1996 2738; x_wconf 90' lang='lat' dir='ltr'><strong>unum</strong></span> 
     </span>
    </p>
   </div>
   <div class='ocr_carea' id='block_1_45' title="bbox 421 2777 1996 2864">
    <p class='ocr_par' dir='ltr' id='par_1_45' title="bbox 421 2777 1996 2864">
     <span class='ocr_line' id='line_1_46' title="bbox 421 2777 1996 2864; baseline -0.021 -6"><span class='ocrx_word' id='word_1_280' title='bbox 421 2804 615 2857; x_wconf 91' lang='lat' dir='ltr'><strong>Deum.</strong></span> <span class='ocrx_word' id='word_1_281' title='bbox 644 2797 791 2852; x_wconf 87' lang='lat' dir='ltr'><strong>Talis</strong></span> <span class='ocrx_word' id='word_1_282' title='bbox 821 2793 1046 2864; x_wconf 85' lang='lat' dir='ltr'><strong>quidem</strong></span> <span class='ocrx_word' id='word_1_283' title='bbox 1086 2798 1170 2843; x_wconf 89' lang='lat' dir='ltr'><strong>est</strong></span> <span class='ocrx_word' id='word_1_284' title='bbox 1203 2781 1486 2856; x_wconf 90' lang='lat' dir='ltr'><strong>proposita</strong></span> <span class='ocrx_word' id='word_1_285' title='bbox 1518 2777 1996 2844; x_wconf 87' lang='lat' dir='ltr'><strong>sententia,quam</strong></span> 
     </span>
    </p>
   </div>
   <div class='ocr_carea' id='block_1_46' title="bbox 421 2867 1996 2965">
    <p class='ocr_par' dir='ltr' id='par_1_46' title="bbox 421 2867 1996 2965">
     <span class='ocr_line' id='line_1_47' title="bbox 421 2867 1996 2965; baseline -0.018 -16"><span class='ocrx_word' id='word_1_286' title='bbox 421 2892 774 2965; x_wconf 80' lang='lat' dir='ltr'><strong>progrediens</strong></span> <span class='ocrx_word' id='word_1_287' title='bbox 801 2899 983 2943; x_wconf 87' lang='lat' dir='ltr'><strong>sermo</strong></span> <span class='ocrx_word' id='word_1_288' title='bbox 1013 2880 1186 2951; x_wconf 81' lang='lat' dir='ltr'><strong>magis</strong></span> <span class='ocrx_word' id='word_1_289' title='bbox 1221 2879 1436 2948; x_wconf 90' lang='lat' dir='ltr'><strong>planam</strong></span> <span class='ocrx_word' id='word_1_290' title='bbox 1475 2869 1789 2928; x_wconf 88' lang='lat' dir='ltr'><strong>necessario</strong></span> <span class='ocrx_word' id='word_1_291' title='bbox 1817 2867 1996 2923; x_wconf 76' lang='lat' dir='ltr'><strong>faciet.</strong></span> 
     </span>
    </p>
   </div>
   <div class='ocr_carea' id='block_1_47' title="bbox 425 2962 1999 3057">
    <p class='ocr_par' dir='ltr' id='par_1_47' title="bbox 425 2962 1999 3057">
     <span class='ocr_line' id='line_1_48' title="bbox 425 2962 1999 3057; baseline -0.019 -14"><span class='ocrx_word' id='word_1_292' title='bbox 425 2962 711 3057; x_wconf 80' lang='lat' dir='ltr'><strong>Scriptura</strong></span> <span class='ocrx_word' id='word_1_293' title='bbox 738 2994 865 3036; x_wconf 86' lang='lat' dir='ltr'><strong>vero</strong></span> <span class='ocrx_word' id='word_1_294' title='bbox 907 2976 1181 3046; x_wconf 86' lang='lat' dir='ltr'><strong>strophes,</strong></span> <span class='ocrx_word' id='word_1_295' title='bbox 1216 2971 1318 3026; x_wconf 89' lang='lat' dir='ltr'><strong>etsi</strong></span> <span class='ocrx_word' id='word_1_296' title='bbox 1379 2984 1484 3022; x_wconf 87' lang='lat' dir='ltr'><strong>non</strong></span> <span class='ocrx_word' id='word_1_297' title='bbox 1533 2965 1695 3020; x_wconf 81' lang='lat' dir='ltr'><strong>habet</strong></span> <span class='ocrx_word' id='word_1_298' title='bbox 1722 2979 1787 3018; x_wconf 78' lang='lat' dir='ltr'><strong>ex</strong></span> <span class='ocrx_word' id='word_1_299' title='bbox 1839 2962 1999 3016; x_wconf 87' lang='lat' dir='ltr'><strong>initio</strong></span> 
     </span>
    </p>
   </div>
   <div class='ocr_carea' id='block_1_48' title="bbox 423 3055 2001 3153">
    <p class='ocr_par' dir='ltr' id='par_1_48' title="bbox 423 3055 2001 3153">
     <span class='ocr_line' id='line_1_49' title="bbox 423 3055 2001 3153; baseline -0.017 -17"><span class='ocrx_word' id='word_1_300' title='bbox 423 3055 582 3153; x_wconf 83' lang='grc' dir='ltr'>τρίτη</span> <span class='ocrx_word' id='word_1_301' title='bbox 638 3092 733 3147; x_wconf 90' lang='lat' dir='ltr'><strong>per</strong></span> <span class='ocrx_word' id='word_1_302' title='bbox 791 3087 960 3128; x_wconf 90' lang='lat' dir='ltr'><strong>unum</strong></span> <span class='ocrx_word' id='word_1_303' title='bbox 1013 3087 1066 3133; x_wconf 88' lang='grc' dir='ltr'>τ,</span> <span class='ocrx_word' id='word_1_304' title='bbox 1106 3081 1232 3121; x_wconf 88' lang='lat' dir='ltr'><strong>cum</strong></span> <span class='ocrx_word' id='word_1_305' title='bbox 1283 3071 1510 3116; x_wconf 87' lang='lat' dir='ltr'><strong>accentu</strong></span> <span class='ocrx_word' id='word_1_306' title='bbox 1546 3058 1872 3130; x_wconf 89' lang='lat' dir='ltr'><strong>penultimo,</strong></span> <span class='ocrx_word' id='word_1_307' title='bbox 1907 3055 2001 3110; x_wconf 91' lang='lat' dir='ltr'><strong>sed</strong></span> 
     </span>
    </p>
   </div>
   <div class='ocr_carea' id='block_1_49' title="bbox 423 3153 2000 3247">
    <p class='ocr_par' dir='ltr' id='par_1_49' title="bbox 423 3153 2000 3247">
     <span class='ocr_line' id='line_1_50' title="bbox 423 3153 2000 3247; baseline -0.018 -17"><span class='ocrx_word' id='word_1_308' title='bbox 423 3173 618 3247; x_wconf 80' lang='grc' dir='ltr'>τριττὴ</span> <span class='ocrx_word' id='word_1_309' title='bbox 652 3185 745 3241; x_wconf 86' lang='lat' dir='ltr'><strong>per</strong></span> <span class='ocrx_word' id='word_1_310' title='bbox 775 3166 1046 3236; x_wconf 88' lang='lat' dir='ltr'><strong>duplicem</strong></span> <span class='ocrx_word' id='word_1_311' title='bbox 1098 3178 1152 3225; x_wconf 82' lang='lat'><strong>1:,</strong></span> <span class='ocrx_word' id='word_1_312' title='bbox 1185 3171 1306 3214; x_wconf 91' lang='lat' dir='ltr'><strong>cum</strong></span> <span class='ocrx_word' id='word_1_313' title='bbox 1348 3162 1577 3210; x_wconf 86' lang='lat' dir='ltr'><strong>accentu</strong></span> <span class='ocrx_word' id='word_1_314' title='bbox 1637 3153 1854 3213; x_wconf 90' lang='lat' dir='ltr'><strong>ultimo,</strong></span> <span class='ocrx_word' id='word_1_315' title='bbox 1900 3161 2000 3202; x_wconf 90' lang='lat' dir='ltr'><strong>nec</strong></span> 
     </span>
    </p>
   </div>
   <div class='ocr_carea' id='block_1_50' title="bbox 427 3241 2004 3325">
    <p class='ocr_par' dir='ltr' id='par_1_50' title="bbox 427 3241 2004 3325">
     <span class='ocr_line' id='line_1_51' title="bbox 427 3241 2004 3325; baseline -0.019 -3"><span class='ocrx_word' id='word_1_316' title='bbox 427 3241 619 3322; x_wconf 73' lang='lat' dir='ltr'><strong>tonum</strong></span> <span class='ocrx_word' id='word_1_317' title='bbox 674 3260 860 3325; x_wconf 84' lang='lat' dir='ltr'><strong>habet,</strong></span> <span class='ocrx_word' id='word_1_318' title='bbox 931 3269 1107 3323; x_wconf 87' lang='lat' dir='ltr'><strong>neque</strong></span> <span class='ocrx_word' id='word_1_319' title='bbox 1161 3251 1315 3320; x_wconf 83' lang='lat' dir='ltr'><strong>juxta</strong></span> <span class='ocrx_word' id='word_1_320' title='bbox 1366 3249 1427 3300; x_wconf 79' lang='grc' dir='ltr'><strong>τὸ</strong></span> <span class='ocrx_word' id='word_1_321' title='bbox 1500 3244 1792 3315; x_wconf 76' lang='grc' dir='ltr'>σύμφωνον</span> <span class='ocrx_word' id='word_1_322' title='bbox 1841 3241 2004 3312; x_wconf 75' lang='grc' dir='ltr'>μέλος</span> 
     </span>
    </p>
   </div>
   <div class='ocr_carea' id='block_1_51' title="bbox 432 3334 2006 3424">
    <p class='ocr_par' dir='ltr' id='par_1_51' title="bbox 432 3334 2006 3424">
     <span class='ocr_line' id='line_1_52' title="bbox 432 3334 2006 3424; baseline -0.02 -7"><span class='ocrx_word' id='word_1_323' title='bbox 432 3374 628 3418; x_wconf 79' lang='lat' dir='ltr'><strong>nexus,</strong></span> <span class='ocrx_word' id='word_1_324' title='bbox 663 3369 839 3424; x_wconf 88' lang='lat' dir='ltr'><strong>neque</strong></span> <span class='ocrx_word' id='word_1_325' title='bbox 863 3352 1018 3423; x_wconf 81' lang='lat' dir='ltr'><strong>juxta</strong></span> <span class='ocrx_word' id='word_1_326' title='bbox 1046 3347 1105 3400; x_wconf 81' lang='grc' dir='ltr'>τὸ</span> <span class='ocrx_word' id='word_1_327' title='bbox 1139 3346 1332 3400; x_wconf 77' lang='grc' dir='ltr'>θέσπιν</span> <span class='ocrx_word' id='word_1_328' title='bbox 1399 3341 1834 3411; x_wconf 79' lang='grc' dir='ltr'>κατεϐρόντησεν</span> <span class='ocrx_word' id='word_1_329' title='bbox 1871 3334 2006 3400; x_wconf 74' lang='grc' dir='ltr'>ὅπα,</span> 
     </span>
    </p>
   </div>
   <div class='ocr_carea' id='block_1_52' title="bbox 432 3427 2011 3520">
    <p class='ocr_par' dir='ltr' id='par_1_52' title="bbox 432 3427 2011 3520">
     <span class='ocr_line' id='line_1_53' title="bbox 432 3427 2011 3520; baseline -0.018 -11"><span class='ocrx_word' id='word_1_330' title='bbox 432 3451 526 3510; x_wconf 81' lang='lat' dir='ltr'><strong>sed</strong></span> <span class='ocrx_word' id='word_1_331' title='bbox 585 3450 740 3520; x_wconf 80' lang='lat' dir='ltr'><strong>juxta</strong></span> <span class='ocrx_word' id='word_1_332' title='bbox 765 3445 827 3499; x_wconf 81' lang='grc' dir='ltr'><strong>τὸ</strong></span> <span class='ocrx_word' id='word_1_333' title='bbox 859 3442 1047 3513; x_wconf 78' lang='grc' dir='ltr'>φωνὴν</span> <span class='ocrx_word' id='word_1_334' title='bbox 1083 3434 1633 3509; x_wconf 83' lang='grc' dir='ltr'>προφητόφθεγκτον,</span> <span class='ocrx_word' id='word_1_335' title='bbox 1664 3430 1786 3484; x_wconf 83' lang='lat' dir='ltr'><strong>ideo</strong></span> <span class='ocrx_word' id='word_1_336' title='bbox 1818 3427 2011 3482; x_wconf 85' lang='lat' dir='ltr'><strong>melius</strong></span> 
     </span>
    </p>
   </div>
   <div class='ocr_carea' id='block_1_53' title="bbox 431 3523 2010 3606">
    <p class='ocr_par' dir='ltr' id='par_1_53' title="bbox 431 3523 2010 3606">
     <span class='ocr_line' id='line_1_54' title="bbox 431 3523 2010 3606; baseline -0.019 -6"><span class='ocrx_word' id='word_1_337' title='bbox 431 3544 689 3600; x_wconf 82' lang='lat' dir='ltr'><strong>scribitur</strong></span> <span class='ocrx_word' id='word_1_338' title='bbox 710 3539 874 3606; x_wconf 84' lang='grc' dir='ltr'><strong>τρίτη</strong></span> <span class='ocrx_word' id='word_1_339' title='bbox 905 3549 1026 3590; x_wconf 92' lang='lat' dir='ltr'><strong>cum</strong></span> <span class='ocrx_word' id='word_1_340' title='bbox 1073 3539 1304 3586; x_wconf 74' lang='lat' dir='ltr'><strong>accentu</strong></span> <span class='ocrx_word' id='word_1_341' title='bbox 1357 3523 1660 3596; x_wconf 85' lang='lat' dir='ltr'><strong>penultimo</strong></span> <span class='ocrx_word' id='word_1_342' title='bbox 1700 3536 1796 3590; x_wconf 86' lang='lat' dir='ltr'><strong>per</strong></span> <span class='ocrx_word' id='word_1_343' title='bbox 1841 3533 2010 3573; x_wconf 91' lang='lat' dir='ltr'><strong>unum</strong></span> 
     </span>
    </p>
   </div>
   <div class='ocr_carea' id='block_1_54' title="bbox 429 3603 2012 3699">
    <p class='ocr_par' dir='ltr' id='par_1_54' title="bbox 429 3603 2012 3699">
     <span class='ocr_line' id='line_1_55' title="bbox 429 3603 2012 3699; baseline -0.02 -10"><span class='ocrx_word' id='word_1_344' title='bbox 429 3653 483 3688; x_wconf 91' lang='grc' dir='ltr'><strong>τ.</strong></span> <span class='ocrx_word' id='word_1_345' title='bbox 525 3631 630 3699; x_wconf 85' lang='lat' dir='ltr'><strong>Qui</strong></span> <span class='ocrx_word' id='word_1_346' title='bbox 665 3603 800 3684; x_wconf 79' lang='lat' dir='ltr'><strong>vero</strong></span> <span class='ocrx_word' id='word_1_347' title='bbox 833 3603 1212 3680; x_wconf 84' lang='lat' dir='ltr'><strong>contradicere</strong></span> <span class='ocrx_word' id='word_1_348' title='bbox 1239 3613 1498 3679; x_wconf 89' lang='lat' dir='ltr'><strong>voluerit,</strong></span> <span class='ocrx_word' id='word_1_349' title='bbox 1533 3609 1740 3666; x_wconf 85' lang='lat' dir='ltr'><strong>scribat</strong></span> <span class='ocrx_word' id='word_1_350' title='bbox 1763 3614 1819 3662; x_wconf 89' lang='lat' dir='ltr'><strong>et</strong></span> <span class='ocrx_word' id='word_1_351' title='bbox 1865 3603 2012 3659; x_wconf 88' lang='lat' dir='ltr'><strong>dicat</strong></span> 
     </span>
    </p>
   </div>
   <div class='ocr_carea' id='block_1_55' title="bbox 433 3705 1380 3799">
    <p class='ocr_par' dir='ltr' id='par_1_55' title="bbox 433 3705 1380 3799">
     <span class='ocr_line' id='line_1_56' title="bbox 433 3705 1380 3799; baseline -0.027 -16"><span class='ocrx_word' id='word_1_352' title='bbox 433 3738 654 3799; x_wconf 73' lang='lat' dir='ltr'><strong>quoque</strong></span> <span class='ocrx_word' id='word_1_353' title='bbox 717 3715 933 3790; x_wconf 82' lang='grc' dir='ltr'>τριττὴ,</span> <span class='ocrx_word' id='word_1_354' title='bbox 961 3715 1102 3768; x_wconf 89' lang='lat' dir='ltr'><strong>sicut</strong></span> <span class='ocrx_word' id='word_1_355' title='bbox 1144 3711 1179 3779; x_wconf 83' lang='grc' dir='ltr'><strong>ἡ</strong></span> <span class='ocrx_word' id='word_1_356' title='bbox 1207 3705 1380 3778; x_wconf 86' lang='grc' dir='ltr'>φωνή.</span> 
     </span>
    </p>
   </div>
   <div class='ocr_carea' id='block_1_56' title="bbox 509 3791 2064 3871">
    <p class='ocr_par' dir='ltr' id='par_1_56' title="bbox 509 3791 2064 3871">
     <span class='ocr_line' id='line_1_57' title="bbox 509 3791 2064 3871; baseline -0.019 -2"><span class='ocrx_word' id='word_1_357' title='bbox 509 3791 631 3869; x_wconf 58' lang='grc'><strong>1⁸17.</strong></span> <span class='ocrx_word' id='word_1_358' title='bbox 662 3808 777 3865; x_wconf 82' lang='lat' dir='ltr'><strong>Hoc</strong></span> <span class='ocrx_word' id='word_1_359' title='bbox 792 3820 972 3863; x_wconf 88' lang='lat' dir='ltr'><strong>autem</strong></span> <span class='ocrx_word' id='word_1_360' title='bbox 996 3801 1350 3871; x_wconf 81' lang='grc' dir='ltr'>εὐμοίρησεν,</span> <span class='ocrx_word' id='word_1_361' title='bbox 1377 3794 1535 3865; x_wconf 86' lang='lat' dir='ltr'><strong>cujus</strong></span> <span class='ocrx_word' id='word_1_362' title='bbox 1565 3791 1800 3846; x_wconf 80' lang='lat' dir='ltr'><strong>Atticum</strong></span> <span class='ocrx_word' id='word_1_363' title='bbox 1826 3795 1932 3852; x_wconf 89' lang='lat' dir='ltr'><strong>est,</strong></span> <span class='ocrx_word' id='word_1_364' title='bbox 1957 3796 2015 3840; x_wconf 93' lang='lat' dir='ltr'><strong>ut</strong></span> <span class='ocrx_word' id='word_1_365' title='bbox 2053 3842 2064 3854; x_wconf 58' lang='grc'><em>,</em></span> 
     </span>
    </p>
   </div>
   <div class='ocr_carea' id='block_1_57' title="bbox 436 3878 2016 3978">
    <p class='ocr_par' dir='ltr' id='par_1_57' title="bbox 436 3878 2016 3978">
     <span class='ocr_line' id='line_1_58' title="bbox 436 3878 2016 3978; baseline -0.02 -15"><span class='ocrx_word' id='word_1_366' title='bbox 436 3903 756 3978; x_wconf 52' lang='lat' dir='ltr'><strong>praedictum</strong></span> <span class='ocrx_word' id='word_1_367' title='bbox 804 3897 924 3960; x_wconf 74' lang='lat' dir='ltr'><strong>fuit,</strong></span> <span class='ocrx_word' id='word_1_368' title='bbox 976 3900 1351 3962; x_wconf 74' lang='lat' dir='ltr'><strong>augmentum,</strong></span> <span class='ocrx_word' id='word_1_369' title='bbox 1382 3901 1448 3940; x_wconf 83' lang='lat' dir='ltr'><strong>ex</strong></span> <span class='ocrx_word' id='word_1_370' title='bbox 1478 3883 1722 3939; x_wconf 90' lang='lat' dir='ltr'><strong>omnium</strong></span> <span class='ocrx_word' id='word_1_371' title='bbox 1765 3878 2016 3934; x_wconf 79' lang='lat' dir='ltr'><strong>confesso</strong></span> 
     </span>
    </p>
   </div>
   <div class='ocr_carea' id='block_1_58' title="bbox 442 3977 2016 4068">
    <p class='ocr_par' dir='ltr' id='par_1_58' title="bbox 442 3977 2016 4068">
     <span class='ocr_line' id='line_1_59' title="bbox 442 3977 2016 4068; baseline -0.018 -17"><span class='ocrx_word' id='word_1_372' title='bbox 442 3977 639 4068; x_wconf 53' lang='lat' dir='ltr'><strong>praeter</strong></span> <span class='ocrx_word' id='word_1_373' title='bbox 681 4001 1029 4048; x_wconf 85' lang='lat' dir='ltr'><strong>communem</strong></span> <span class='ocrx_word' id='word_1_374' title='bbox 1059 3980 1331 4051; x_wconf 79' lang='lat' dir='ltr'><strong>syntaxim</strong></span> <span class='ocrx_word' id='word_1_375' title='bbox 1380 3977 1471 4032; x_wconf 88' lang='lat' dir='ltr'><strong>hic</strong></span> <span class='ocrx_word' id='word_1_376' title='bbox 1524 3981 1862 4044; x_wconf 87' lang='lat' dir='ltr'><strong>assumptum</strong></span> <span class='ocrx_word' id='word_1_377' title='bbox 1910 3979 2016 4026; x_wconf 92' lang='lat' dir='ltr'><strong>est.</strong></span> 
     </span>
    </p>
   </div>
   <div class='ocr_carea' id='block_1_59' title="bbox 442 4063 2019 4145">
    <p class='ocr_par' dir='ltr' id='par_1_59' title="bbox 442 4063 2019 4145">
     <span class='ocr_line' id='line_1_60' title="bbox 442 4063 2019 4145; baseline -0.02 0"><span class='ocrx_word' id='word_1_378' title='bbox 442 4063 616 4145; x_wconf 51' lang='lat' dir='ltr'><strong>Nemo</strong></span> <span class='ocrx_word' id='word_1_379' title='bbox 637 4085 782 4141; x_wconf 89' lang='lat' dir='ltr'><strong>enim</strong></span> <span class='ocrx_word' id='word_1_380' title='bbox 811 4081 997 4136; x_wconf 75' lang='lat' dir='ltr'><strong>Cra-rc</strong></span> <span class='ocrx_word' id='word_1_381' title='bbox 1022 4072 1292 4144; x_wconf 83' lang='lat' dir='ltr'><strong>loquendo</strong></span> <span class='ocrx_word' id='word_1_382' title='bbox 1314 4070 1574 4126; x_wconf 87' lang='lat' dir='ltr'><strong>scriberet</strong></span> <span class='ocrx_word' id='word_1_383' title='bbox 1595 4065 1894 4137; x_wconf 83' lang='grc' dir='ltr'>εὐμοίρησε</span> <span class='ocrx_word' id='word_1_384' title='bbox 1923 4063 2019 4133; x_wconf 79' lang='grc' dir='ltr'><strong>τὴν</strong></span> 
     </span>
    </p>
   </div>
   <div class='ocr_carea' id='block_1_60' title="bbox 440 4158 2020 4254">
    <p class='ocr_par' dir='ltr' id='par_1_60' title="bbox 440 4158 2020 4254">
     <span class='ocr_line' id='line_1_61' title="bbox 440 4158 2020 4254; baseline -0.017 -19"><span class='ocrx_word' id='word_1_385' title='bbox 440 4182 622 4254; x_wconf 81' lang='grc' dir='ltr'>χάριν,</span> <span class='ocrx_word' id='word_1_386' title='bbox 673 4174 769 4232; x_wconf 90' lang='lat' dir='ltr'><strong>sed</strong></span> <span class='ocrx_word' id='word_1_387' title='bbox 795 4173 896 4242; x_wconf 81' lang='grc' dir='ltr'>τῆς</span> <span class='ocrx_word' id='word_1_388' title='bbox 950 4170 1200 4239; x_wconf 83' lang='grc' dir='ltr'>χάριτος.</span> <span class='ocrx_word' id='word_1_389' title='bbox 1223 4163 1476 4219; x_wconf 83' lang='lat' dir='ltr'><strong>Attamen</strong></span> <span class='ocrx_word' id='word_1_390' title='bbox 1571 4158 1817 4214; x_wconf 86' lang='lat' dir='ltr'><strong>melodus</strong></span> <span class='ocrx_word' id='word_1_391' title='bbox 1844 4164 2020 4210; x_wconf 90' lang='lat' dir='ltr'><strong>metro</strong></span> 
     </span>
    </p>
   </div>
   <div class='ocr_carea' id='block_1_61' title="bbox 447 4250 2023 4345">
    <p class='ocr_par' dir='ltr' id='par_1_61' title="bbox 447 4250 2023 4345">
     <span class='ocr_line' id='line_1_62' title="bbox 447 4250 2023 4345; baseline -0.016 -16"><span class='ocrx_word' id='word_1_392' title='bbox 447 4250 794 4345; x_wconf 69' lang='lat' dir='ltr'><strong>angustatus,</strong></span> <span class='ocrx_word' id='word_1_393' title='bbox 826 4279 925 4337; x_wconf 89' lang='lat' dir='ltr'><strong>pro</strong></span> <span class='ocrx_word' id='word_1_394' title='bbox 964 4260 1243 4332; x_wconf 83' lang='lat' dir='ltr'><strong>trisyllaba</strong></span> <span class='ocrx_word' id='word_1_395' title='bbox 1297 4271 1435 4312; x_wconf 89' lang='lat' dir='ltr'><strong>voce</strong></span> <span class='ocrx_word' id='word_1_396' title='bbox 1487 4253 1711 4326; x_wconf 80' lang='grc' dir='ltr'>χάριτος</span> <span class='ocrx_word' id='word_1_397' title='bbox 1774 4250 2023 4306; x_wconf 86' lang='lat' dir='ltr'><strong>adhibuit</strong></span> 
     </span>
    </p>
   </div>
   <div class='ocr_carea' id='block_1_62' title="bbox 440 4343 2020 4438">
    <p class='ocr_par' dir='ltr' id='par_1_62' title="bbox 440 4343 2020 4438">
     <span class='ocr_line' id='line_1_63' title="bbox 440 4343 2020 4438; baseline -0.014 -18"><span class='ocrx_word' id='word_1_398' title='bbox 440 4343 622 4438; x_wconf 76' lang='grc' dir='ltr'>χάριν,</span> <span class='ocrx_word' id='word_1_399' title='bbox 668 4360 947 4430; x_wconf 77' lang='lat' dir='ltr'><strong>excipiens</strong></span> <span class='ocrx_word' id='word_1_400' title='bbox 980 4356 1209 4408; x_wconf 83' lang='lat' dir='ltr'><strong>verbum</strong></span> <span class='ocrx_word' id='word_1_401' title='bbox 1263 4347 1563 4420; x_wconf 82' lang='grc' dir='ltr'>εὐμοίρησε</span> <span class='ocrx_word' id='word_1_402' title='bbox 1637 4359 1738 4416; x_wconf 88' lang='lat' dir='ltr'><strong>pro</strong></span> <span class='ocrx_word' id='word_1_403' title='bbox 1781 4343 2020 4412; x_wconf 88' lang='lat' dir='ltr'><strong>simplici</strong></span> 
     </span>
    </p>
   </div>
   <div class='ocr_carea' id='block_1_63' title="bbox 441 4437 2022 4528">
    <p class='ocr_par' dir='ltr' id='par_1_63' title="bbox 441 4437 2022 4528">
     <span class='ocr_line' id='line_1_64' title="bbox 441 4437 2022 4528; baseline -0.014 -15"><span class='ocrx_word' id='word_1_404' title='bbox 441 4437 632 4528; x_wconf 70' lang='grc' dir='ltr'>ἔλαχεν</span> <span class='ocrx_word' id='word_1_405' title='bbox 685 4461 741 4510; x_wconf 90' lang='lat' dir='ltr'><strong>et</strong></span> <span class='ocrx_word' id='word_1_406' title='bbox 773 4453 950 4521; x_wconf 72' lang='grc' dir='ltr'>ἔσχεν.</span> <span class='ocrx_word' id='word_1_407' title='bbox 990 4443 1316 4516; x_wconf 74' lang='lat' dir='ltr'><strong>Huiusmodi</strong></span> <span class='ocrx_word' id='word_1_408' title='bbox 1351 4457 1484 4496; x_wconf 88' lang='lat' dir='ltr'><strong>vero</strong></span> <span class='ocrx_word' id='word_1_409' title='bbox 1523 4439 1688 4495; x_wconf 89' lang='lat' dir='ltr'><strong>dictio</strong></span> <span class='ocrx_word' id='word_1_410' title='bbox 1732 4451 1840 4492; x_wconf 93' lang='lat' dir='ltr'><strong>non</strong></span> <span class='ocrx_word' id='word_1_411' title='bbox 1879 4437 2022 4491; x_wconf 90' lang='lat' dir='ltr'><strong>hanc</strong></span> 
     </span>
    </p>
   </div>
   <div class='ocr_carea' id='block_1_64' title="bbox 2086 1955 3666 2037">
    <p class='ocr_par' dir='ltr' id='par_1_64' title="bbox 2086 1955 3666 2037">
     <span class='ocr_line' id='line_1_65' title="bbox 2086 1955 3666 2037; baseline -0.011 -14"><span class='ocrx_word' id='word_1_412' title='bbox 2086 1967 2344 2037; x_wconf 75' lang='grc' dir='ltr'><strong>τοιαύτης</strong></span> <span class='ocrx_word' id='word_1_413' title='bbox 2393 1961 2722 2035; x_wconf 75' lang='grc' dir='ltr'>ἀξιεράστου</span> <span class='ocrx_word' id='word_1_414' title='bbox 2775 1960 3158 2028; x_wconf 76' lang='grc' dir='ltr'><strong>πνευματικῆς</strong></span> <span class='ocrx_word' id='word_1_415' title='bbox 3202 1955 3563 2016; x_wconf 83' lang='grc' dir='ltr'>ἐπελεύσεως·</span> <span class='ocrx_word' id='word_1_416' title='bbox 3603 1955 3666 2006; x_wconf 86' lang='grc' dir='ltr'><strong>ἐκ</strong></span> 
     </span>
    </p>
   </div>
   <div class='ocr_carea' id='block_1_65' title="bbox 2088 2046 3671 2131">
    <p class='ocr_par' dir='ltr' id='par_1_65' title="bbox 2088 2046 3671 2131">
     <span class='ocr_line' id='line_1_66' title="bbox 2088 2046 3671 2131; baseline -0.01 -17"><span class='ocrx_word' id='word_1_417' title='bbox 2088 2062 2186 2131; x_wconf 81' lang='grc' dir='ltr'><strong>τῆς</strong></span> <span class='ocrx_word' id='word_1_418' title='bbox 2219 2059 2479 2122; x_wconf 83' lang='grc' dir='ltr'><strong>τοιαύτης</strong></span> <span class='ocrx_word' id='word_1_419' title='bbox 2531 2055 2763 2118; x_wconf 88' lang='grc' dir='ltr'>ἐννοίας,</span> <span class='ocrx_word' id='word_1_420' title='bbox 2810 2053 2904 2105; x_wconf 80' lang='grc' dir='ltr'>καὶ</span> <span class='ocrx_word' id='word_1_421' title='bbox 2936 2049 3033 2104; x_wconf 89' lang='grc' dir='ltr'><strong>τοῦ</strong></span> <span class='ocrx_word' id='word_1_422' title='bbox 3066 2049 3189 2104; x_wconf 79' lang='grc' dir='ltr'>κατ’</span> <span class='ocrx_word' id='word_1_423' title='bbox 3237 2049 3410 2117; x_wconf 74' lang='grc' dir='ltr'>αὐτὴν</span> <span class='ocrx_word' id='word_1_424' title='bbox 3462 2046 3671 2116; x_wconf 77' lang='grc' dir='ltr'>συμδοο</span> 
     </span>
    </p>
   </div>
   <div class='ocr_carea' id='block_1_66' title="bbox 2090 2141 3674 2224">
    <p class='ocr_par' dir='ltr' id='par_1_66' title="bbox 2090 2141 3674 2224">
     <span class='ocr_line' id='line_1_67' title="bbox 2090 2141 3674 2224; baseline -0.011 -16"><span class='ocrx_word' id='word_1_425' title='bbox 2090 2150 2536 2224; x_wconf 84' lang='grc' dir='ltr'>λογραφουμένου</span> <span class='ocrx_word' id='word_1_426' title='bbox 2567 2147 2874 2216; x_wconf 78' lang='grc' dir='ltr'>μυστηρίου</span> <span class='ocrx_word' id='word_1_427' title='bbox 2899 2145 2962 2196; x_wconf 81' lang='grc' dir='ltr'><strong>τὸ</strong></span> <span class='ocrx_word' id='word_1_428' title='bbox 2991 2143 3166 2212; x_wconf 78' lang='grc' dir='ltr'>παρὸν</span> <span class='ocrx_word' id='word_1_429' title='bbox 3189 2143 3491 2212; x_wconf 84' lang='grc' dir='ltr'>τροπάριον</span> <span class='ocrx_word' id='word_1_430' title='bbox 3519 2141 3674 2193; x_wconf 77' lang='grc' dir='ltr'>ἐκτέ-</span> 
     </span>
    </p>
   </div>
   <div class='ocr_carea' id='block_1_67' title="bbox 2094 2233 3673 2311">
    <p class='ocr_par' dir='ltr' id='par_1_67' title="bbox 2094 2233 3673 2311">
     <span class='ocr_line' id='line_1_68' title="bbox 2094 2233 3673 2311; baseline -0.009 -12"><span class='ocrx_word' id='word_1_431' title='bbox 2094 2246 2292 2299; x_wconf 74' lang='grc' dir='ltr'>θειταιο</span> <span class='ocrx_word' id='word_1_432' title='bbox 2343 2243 2439 2297; x_wconf 78' lang='grc' dir='ltr'>καὶ</span> <span class='ocrx_word' id='word_1_433' title='bbox 2483 2243 2517 2311; x_wconf 84' lang='grc' dir='ltr'>ἡ</span> <span class='ocrx_word' id='word_1_434' title='bbox 2575 2240 2678 2310; x_wconf 84' lang='grc' dir='ltr'>μὲν</span> <span class='ocrx_word' id='word_1_435' title='bbox 2713 2237 2891 2291; x_wconf 76' lang='grc' dir='ltr'>ἔννοια</span> <span class='ocrx_word' id='word_1_436' title='bbox 2940 2235 3132 2289; x_wconf 89' lang='grc' dir='ltr'>τούτου</span> <span class='ocrx_word' id='word_1_437' title='bbox 3188 2236 3306 2288; x_wconf 75' lang='grc' dir='ltr'>ἐστὶ</span> <span class='ocrx_word' id='word_1_438' title='bbox 3339 2234 3435 2287; x_wconf 75' lang='grc' dir='ltr'><strong>καὶ</strong></span> <span class='ocrx_word' id='word_1_439' title='bbox 3486 2233 3673 2302; x_wconf 77' lang='grc' dir='ltr'>σαφῶς</span> 
     </span>
    </p>
   </div>
   <div class='ocr_carea' id='block_1_68' title="bbox 2093 2325 3673 2406">
    <p class='ocr_par' dir='ltr' id='par_1_68' title="bbox 2093 2325 3673 2406">
     <span class='ocr_line' id='line_1_69' title="bbox 2093 2325 3673 2406; baseline -0.011 -14"><span class='ocrx_word' id='word_1_440' title='bbox 2093 2335 2428 2406; x_wconf 84' lang='grc' dir='ltr'>εύθυνομένη</span> <span class='ocrx_word' id='word_1_441' title='bbox 2461 2332 2559 2386; x_wconf 75' lang='grc' dir='ltr'>καὶ</span> <span class='ocrx_word' id='word_1_442' title='bbox 2585 2327 3026 2401; x_wconf 83' lang='grc' dir='ltr'>βραχυλογικῶς.</span> <span class='ocrx_word' id='word_1_443' title='bbox 3060 2325 3225 2392; x_wconf 89' lang='grc' dir='ltr'>Λέγει</span> <span class='ocrx_word' id='word_1_444' title='bbox 3260 2325 3370 2394; x_wconf 80' lang='grc' dir='ltr'>γὰρ</span> <span class='ocrx_word' id='word_1_445' title='bbox 3399 2325 3480 2378; x_wconf 85' lang='grc' dir='ltr'>ὄτι</span> <span class='ocrx_word' id='word_1_446' title='bbox 3513 2325 3673 2393; x_wconf 84' lang='grc' dir='ltr'><strong>τρίτη</strong></span> 
     </span>
    </p>
   </div>
   <div class='ocr_carea' id='block_1_69' title="bbox 2095 2414 3681 2499">
    <p class='ocr_par' dir='ltr' id='par_1_69' title="bbox 2095 2414 3681 2499">
     <span class='ocr_line' id='line_1_70' title="bbox 2095 2414 3681 2499; baseline -0.011 -17"><span class='ocrx_word' id='word_1_447' title='bbox 2095 2429 2216 2499; x_wconf 91' lang='grc' dir='ltr'><strong>ὥρα</strong></span> <span class='ocrx_word' id='word_1_448' title='bbox 2256 2426 2318 2479; x_wconf 85' lang='grc' dir='ltr'>τδ</span> <span class='ocrx_word' id='word_1_449' title='bbox 2362 2419 2735 2493; x_wconf 81' lang='grc' dir='ltr'>πνευματικὸν</span> <span class='ocrx_word' id='word_1_450' title='bbox 2771 2418 3080 2487; x_wconf 85' lang='grc' dir='ltr'>θαυμάσιον</span> <span class='ocrx_word' id='word_1_451' title='bbox 3126 2417 3304 2485; x_wconf 78' lang='grc' dir='ltr'>ἐσχενο</span> <span class='ocrx_word' id='word_1_452' title='bbox 3357 2415 3443 2468; x_wconf 83' lang='grc' dir='ltr'>ἵνα</span> <span class='ocrx_word' id='word_1_453' title='bbox 3475 2414 3681 2478; x_wconf 72' lang='grc' dir='ltr'>συμϐο-</span> 
     </span>
    </p>
   </div>
   <div class='ocr_carea' id='block_1_70' title="bbox 2096 2506 3678 2587">
    <p class='ocr_par' dir='ltr' id='par_1_70' title="bbox 2096 2506 3678 2587">
     <span class='ocr_line' id='line_1_71' title="bbox 2096 2506 3678 2587; baseline -0.011 -13"><span class='ocrx_word' id='word_1_454' title='bbox 2096 2519 2266 2582; x_wconf 88' lang='grc' dir='ltr'>λικῶς</span> <span class='ocrx_word' id='word_1_455' title='bbox 2297 2518 2550 2587; x_wconf 80' lang='grc' dir='ltr'>ὑποφήνῃ</span> <span class='ocrx_word' id='word_1_456' title='bbox 2575 2515 2724 2584; x_wconf 88' lang='grc' dir='ltr'>τρεῖς</span> <span class='ocrx_word' id='word_1_457' title='bbox 2755 2510 3088 2574; x_wconf 84' lang='grc' dir='ltr'>ὑποστάσεις</span> <span class='ocrx_word' id='word_1_458' title='bbox 3119 2511 3216 2578; x_wconf 84' lang='grc' dir='ltr'><strong>τῆς</strong></span> <span class='ocrx_word' id='word_1_459' title='bbox 3238 2509 3400 2575; x_wconf 81' lang='grc' dir='ltr'>ἁγίας</span> <span class='ocrx_word' id='word_1_460' title='bbox 3425 2506 3678 2576; x_wconf 76' lang='grc' dir='ltr'>Τριάδος,</span> 
     </span>
    </p>
   </div>
   <div class='ocr_carea' id='block_1_71' title="bbox 2097 2599 3684 2684">
    <p class='ocr_par' dir='ltr' id='par_1_71' title="bbox 2097 2599 3684 2684">
     <span class='ocr_line' id='line_1_72' title="bbox 2097 2599 3684 2684; baseline -0.013 -16"><span class='ocrx_word' id='word_1_461' title='bbox 2097 2614 2163 2676; x_wconf 77' lang='grc' dir='ltr'>ἃς</span> <span class='ocrx_word' id='word_1_462' title='bbox 2192 2613 2228 2684; x_wconf 77' lang='grc' dir='ltr'>ἡ</span> <span class='ocrx_word' id='word_1_463' title='bbox 2260 2609 2416 2681; x_wconf 84' lang='grc' dir='ltr'>τρίτη</span> <span class='ocrx_word' id='word_1_464' title='bbox 2461 2607 2582 2676; x_wconf 87' lang='grc' dir='ltr'><strong>ὥρα</strong></span> <span class='ocrx_word' id='word_1_465' title='bbox 2620 2604 2862 2677; x_wconf 71' lang='grc' dir='ltr'><strong>ᾐνίξατο.</strong></span> <span class='ocrx_word' id='word_1_466' title='bbox 2898 2603 3150 2672; x_wconf 84' lang='grc' dir='ltr'>Σήμερον</span> <span class='ocrx_word' id='word_1_467' title='bbox 3181 2601 3239 2654; x_wconf 84' lang='grc' dir='ltr'>δὲ</span> <span class='ocrx_word' id='word_1_468' title='bbox 3269 2601 3370 2652; x_wconf 83' lang='grc' dir='ltr'>οὐκ</span> <span class='ocrx_word' id='word_1_469' title='bbox 3420 2601 3478 2652; x_wconf 84' lang='grc' dir='ltr'><strong>ἐν</strong></span> <span class='ocrx_word' id='word_1_470' title='bbox 3506 2599 3684 2663; x_wconf 87' lang='grc' dir='ltr'>αίνίγ-</span> 
     </span>
    </p>
   </div>
   <div class='ocr_carea' id='block_1_72' title="bbox 2104 2689 3686 2778">
    <p class='ocr_par' dir='ltr' id='par_1_72' title="bbox 2104 2689 3686 2778">
     <span class='ocr_line' id='line_1_73' title="bbox 2104 2689 3686 2778; baseline -0.012 -17"><span class='ocrx_word' id='word_1_471' title='bbox 2104 2723 2238 2778; x_wconf 88' lang='grc' dir='ltr'>ματι</span> <span class='ocrx_word' id='word_1_472' title='bbox 2287 2697 2767 2772; x_wconf 77' lang='grc' dir='ltr'>πανηγυρίζομεν,</span> <span class='ocrx_word' id='word_1_473' title='bbox 2833 2694 2955 2749; x_wconf 76' lang='grc' dir='ltr'><strong>οὐδὲ</strong></span> <span class='ocrx_word' id='word_1_474' title='bbox 3020 2693 3483 2762; x_wconf 84' lang='grc' dir='ltr'>ὑπεμφαίνοντες,</span> <span class='ocrx_word' id='word_1_475' title='bbox 3545 2689 3686 2742; x_wconf 66' lang='grc' dir='ltr'>ἀλλὰ</span> 
     </span>
    </p>
   </div>
   <div class='ocr_carea' id='block_1_73' title="bbox 2104 2781 3682 2867">
    <p class='ocr_par' dir='ltr' id='par_1_73' title="bbox 2104 2781 3682 2867">
     <span class='ocr_line' id='line_1_74' title="bbox 2104 2781 3682 2867; baseline -0.012 -16"><span class='ocrx_word' id='word_1_476' title='bbox 2104 2796 2362 2867; x_wconf 78' lang='grc' dir='ltr'>ἐμφανῶς</span> <span class='ocrx_word' id='word_1_477' title='bbox 2415 2789 2768 2858; x_wconf 82' lang='grc' dir='ltr'><strong>εὐλογοῦντες</strong></span> <span class='ocrx_word' id='word_1_478' title='bbox 2819 2787 2972 2848; x_wconf 78' lang='grc' dir='ltr'>Υίὸν,</span> <span class='ocrx_word' id='word_1_479' title='bbox 3013 2783 3257 2850; x_wconf 82' lang='grc' dir='ltr'>Πατέρα,</span> <span class='ocrx_word' id='word_1_480' title='bbox 3290 2783 3388 2836; x_wconf 74' lang='grc' dir='ltr'><strong>καὶ</strong></span> <span class='ocrx_word' id='word_1_481' title='bbox 3434 2781 3682 2848; x_wconf 79' lang='grc' dir='ltr'>Πνεῦμα,</span> 
     </span>
    </p>
   </div>
   <div class='ocr_carea' id='block_1_74' title="bbox 2103 2871 3685 2954">
    <p class='ocr_par' dir='ltr' id='par_1_74' title="bbox 2103 2871 3685 2954">
     <span class='ocr_line' id='line_1_75' title="bbox 2103 2871 3685 2954; baseline -0.01 -16"><span class='ocrx_word' id='word_1_482' title='bbox 2103 2883 2202 2954; x_wconf 75' lang='grc' dir='ltr'><strong>τὴν</strong></span> <span class='ocrx_word' id='word_1_483' title='bbox 2229 2881 2391 2949; x_wconf 80' lang='grc' dir='ltr'>ἁγίαν</span> <span class='ocrx_word' id='word_1_484' title='bbox 2422 2879 2650 2946; x_wconf 86' lang='grc' dir='ltr'>Τριάδα,</span> <span class='ocrx_word' id='word_1_485' title='bbox 2685 2876 2779 2930; x_wconf 80' lang='grc' dir='ltr'>τὸν</span> <span class='ocrx_word' id='word_1_486' title='bbox 2804 2874 2900 2930; x_wconf 74' lang='lat' dir='ltr'><strong>Eva</strong></span> <span class='ocrx_word' id='word_1_487' title='bbox 2935 2875 3092 2929; x_wconf 85' lang='grc' dir='ltr'>Θεόν.</span> <span class='ocrx_word' id='word_1_488' title='bbox 3127 2873 3235 2927; x_wconf 69' lang='lat' dir='ltr'><strong>Kal</strong></span> <span class='ocrx_word' id='word_1_489' title='bbox 3259 2871 3485 2940; x_wconf 89' lang='grc' dir='ltr'><strong>τοιαύτη</strong></span> <span class='ocrx_word' id='word_1_490' title='bbox 3522 2872 3620 2940; x_wconf 82' lang='grc' dir='ltr'>μὲν</span> <span class='ocrx_word' id='word_1_491' title='bbox 3649 2873 3685 2940; x_wconf 69' lang='grc' dir='ltr'><strong>η</strong></span> 
     </span>
    </p>
   </div>
   <div class='ocr_carea' id='block_1_75' title="bbox 2106 2963 3690 3045">
    <p class='ocr_par' dir='ltr' id='par_1_75' title="bbox 2106 2963 3690 3045">
     <span class='ocr_line' id='line_1_76' title="bbox 2106 2963 3690 3045; baseline -0.009 -17"><span class='ocrx_word' id='word_1_492' title='bbox 2106 2971 2446 3045; x_wconf 82' lang='grc' dir='ltr'>προκειμένη</span> <span class='ocrx_word' id='word_1_493' title='bbox 2497 2970 2697 3034; x_wconf 81' lang='grc' dir='ltr'>ἔννοια,</span> <span class='ocrx_word' id='word_1_494' title='bbox 2738 2967 2804 3037; x_wconf 83' lang='grc' dir='ltr'>ἢν</span> <span class='ocrx_word' id='word_1_495' title='bbox 2833 2967 3040 3038; x_wconf 83' lang='grc' dir='ltr'>προῖὼν</span> <span class='ocrx_word' id='word_1_496' title='bbox 3077 2966 3105 3018; x_wconf 85' lang='grc' dir='ltr'>ὁ</span> <span class='ocrx_word' id='word_1_497' title='bbox 3152 2965 3308 3032; x_wconf 87' lang='grc' dir='ltr'>λόγος</span> <span class='ocrx_word' id='word_1_498' title='bbox 3359 2963 3690 3032; x_wconf 80' lang='grc' dir='ltr'>διασαφήσει</span> 
     </span>
    </p>
   </div>
   <div class='ocr_carea' id='block_1_76' title="bbox 2105 3053 3688 3132">
    <p class='ocr_par' dir='ltr' id='par_1_76' title="bbox 2105 3053 3688 3132">
     <span class='ocr_line' id='line_1_77' title="bbox 2105 3053 3688 3132; baseline -0.009 -14"><span class='ocrx_word' id='word_1_499' title='bbox 2105 3062 2427 3132; x_wconf 80' lang='grc' dir='ltr'>ἀναγκαίως</span> <span class='ocrx_word' id='word_1_500' title='bbox 2462 3059 2828 3128; x_wconf 87' lang='grc' dir='ltr'>πλατύτερον·</span> <span class='ocrx_word' id='word_1_501' title='bbox 2858 3059 2892 3128; x_wconf 81' lang='grc' dir='ltr'><strong>ἠ</strong></span> <span class='ocrx_word' id='word_1_502' title='bbox 2923 3055 2980 3107; x_wconf 85' lang='grc' dir='ltr'>δὲ</span> <span class='ocrx_word' id='word_1_503' title='bbox 3015 3055 3206 3124; x_wconf 82' lang='grc' dir='ltr'>γραφὴ</span> <span class='ocrx_word' id='word_1_504' title='bbox 3234 3055 3330 3109; x_wconf 89' lang='grc' dir='ltr'><strong>τοῦ</strong></span> <span class='ocrx_word' id='word_1_505' title='bbox 3355 3053 3688 3124; x_wconf 73' lang='grc' dir='ltr'>τροπαρίον,</span> 
     </span>
    </p>
   </div>
   <div class='ocr_carea' id='block_1_77' title="bbox 2031 3143 3690 3256">
    <p class='ocr_par' dir='ltr' id='par_1_77' title="bbox 2031 3143 3690 3256">
     <span class='ocr_line' id='line_1_78' title="bbox 2031 3143 3690 3256; baseline -0.008 -47"><span class='ocrx_word' id='word_1_506' title='bbox 2031 3199 2076 3256; x_wconf 70' lang='lat' dir='ltr'><strong><em>c</em></strong></span> <span class='ocrx_word' id='word_1_507' title='bbox 2108 3156 2269 3256; x_wconf 58' lang='grc' dir='ltr'>εἴπερ</span> <span class='ocrx_word' id='word_1_508' title='bbox 2299 3152 2402 3256; x_wconf 76' lang='grc' dir='ltr'><strong>οὐκ</strong></span> <span class='ocrx_word' id='word_1_509' title='bbox 2447 3152 2561 3222; x_wconf 77' lang='grc' dir='ltr'>ἔχει</span> <span class='ocrx_word' id='word_1_510' title='bbox 2606 3150 2664 3216; x_wconf 80' lang='grc' dir='ltr'>ἐξ</span> <span class='ocrx_word' id='word_1_511' title='bbox 2696 3148 2872 3220; x_wconf 81' lang='grc' dir='ltr'>ἀρχῆς</span> <span class='ocrx_word' id='word_1_512' title='bbox 2920 3146 3078 3218; x_wconf 85' lang='grc' dir='ltr'>τρίτη</span> <span class='ocrx_word' id='word_1_513' title='bbox 3115 3145 3425 3217; x_wconf 85' lang='grc' dir='ltr'>βαρυτόνως</span> <span class='ocrx_word' id='word_1_514' title='bbox 3465 3143 3534 3197; x_wconf 80' lang='grc' dir='ltr'>δι’</span> <span class='ocrx_word' id='word_1_515' title='bbox 3567 3143 3690 3210; x_wconf 73' lang='grc' dir='ltr'>ἐν³ς</span> 
     </span>
    </p>
   </div>
   <div class='ocr_carea' id='block_1_78' title="bbox 2107 3235 3687 3315">
    <p class='ocr_par' dir='ltr' id='par_1_78' title="bbox 2107 3235 3687 3315">
     <span class='ocr_line' id='line_1_79' title="bbox 2107 3235 3687 3315; baseline -0.007 -15"><span class='ocrx_word' id='word_1_516' title='bbox 2107 3245 2234 3312; x_wconf 89' lang='grc' dir='ltr'>ταῦ,</span> <span class='ocrx_word' id='word_1_517' title='bbox 2268 3245 2410 3300; x_wconf 81' lang='grc' dir='ltr'>ἀλλὰ</span> <span class='ocrx_word' id='word_1_518' title='bbox 2453 3244 2648 3315; x_wconf 74' lang='grc' dir='ltr'>τριττὴ</span> <span class='ocrx_word' id='word_1_519' title='bbox 2683 3240 2949 3308; x_wconf 81' lang='grc' dir='ltr'>ὀξυτόνως</span> <span class='ocrx_word' id='word_1_520' title='bbox 2987 3241 3045 3293; x_wconf 79' lang='grc' dir='ltr'><strong>ἐν</strong></span> <span class='ocrx_word' id='word_1_521' title='bbox 3093 3239 3376 3308; x_wconf 86' lang='grc' dir='ltr'>διπλότητι</span> <span class='ocrx_word' id='word_1_522' title='bbox 3409 3237 3507 3291; x_wconf 90' lang='grc' dir='ltr'>τοῦ</span> <span class='ocrx_word' id='word_1_523' title='bbox 3559 3235 3687 3301; x_wconf 78' lang='grc' dir='ltr'>ταῦ,</span> 
     </span>
    </p>
   </div>
   <div class='ocr_carea' id='block_1_79' title="bbox 2109 3328 3690 3408">
    <p class='ocr_par' dir='ltr' id='par_1_79' title="bbox 2109 3328 3690 3408">
     <span class='ocr_line' id='line_1_80' title="bbox 2109 3328 3690 3408; baseline -0.008 -15"><span class='ocrx_word' id='word_1_524' title='bbox 2109 3337 2235 3393; x_wconf 76' lang='grc' dir='ltr'>οὔτε</span> <span class='ocrx_word' id='word_1_525' title='bbox 2271 3337 2410 3408; x_wconf 80' lang='grc' dir='ltr'>πρὸς</span> <span class='ocrx_word' id='word_1_526' title='bbox 2441 3337 2502 3390; x_wconf 82' lang='grc' dir='ltr'>τὸ</span> <span class='ocrx_word' id='word_1_527' title='bbox 2533 3335 2826 3405; x_wconf 83' lang='grc' dir='ltr'>σύμφωνον</span> <span class='ocrx_word' id='word_1_528' title='bbox 2860 3332 3024 3401; x_wconf 82' lang='grc' dir='ltr'>μέλος</span> <span class='ocrx_word' id='word_1_529' title='bbox 3053 3329 3150 3386; x_wconf 89' lang='grc' dir='ltr'>τοῦ</span> <span class='ocrx_word' id='word_1_530' title='bbox 3183 3329 3379 3400; x_wconf 88' lang='grc' dir='ltr'>είρμοῦ</span> <span class='ocrx_word' id='word_1_531' title='bbox 3414 3328 3690 3395; x_wconf 87' lang='grc' dir='ltr'>τονοῦται,</span> 
     </span>
    </p>
   </div>
   <div class='ocr_carea' id='block_1_80' title="bbox 2109 3420 3693 3502">
    <p class='ocr_par' dir='ltr' id='par_1_80' title="bbox 2109 3420 3693 3502">
     <span class='ocr_line' id='line_1_81' title="bbox 2109 3420 3693 3502; baseline -0.008 -16"><span class='ocrx_word' id='word_1_532' title='bbox 2109 3431 2235 3486; x_wconf 77' lang='grc' dir='ltr'>οὔτε</span> <span class='ocrx_word' id='word_1_533' title='bbox 2269 3430 2409 3502; x_wconf 83' lang='grc' dir='ltr'>πρὸς</span> <span class='ocrx_word' id='word_1_534' title='bbox 2437 3427 2499 3482; x_wconf 78' lang='grc' dir='ltr'><strong>τὸ</strong></span> <span class='ocrx_word' id='word_1_535' title='bbox 2527 3428 2720 3482; x_wconf 80' lang='grc' dir='ltr'>Θέσπιν</span> <span class='ocrx_word' id='word_1_536' title='bbox 2751 3423 3193 3494; x_wconf 79' lang='grc' dir='ltr'>κατεϐρόντησεν</span> <span class='ocrx_word' id='word_1_537' title='bbox 3215 3421 3349 3485; x_wconf 71' lang='grc' dir='ltr'>ὅπα,</span> <span class='ocrx_word' id='word_1_538' title='bbox 3379 3421 3516 3476; x_wconf 68' lang='grc' dir='ltr'>ἀλλὰ</span> <span class='ocrx_word' id='word_1_539' title='bbox 3552 3420 3693 3491; x_wconf 80' lang='grc' dir='ltr'>πρὸς</span> 
     </span>
    </p>
   </div>
   <div class='ocr_carea' id='block_1_81' title="bbox 2111 3513 3693 3592">
    <p class='ocr_par' dir='ltr' id='par_1_81' title="bbox 2111 3513 3693 3592">
     <span class='ocr_line' id='line_1_82' title="bbox 2111 3513 3693 3592; baseline -0.008 -15"><span class='ocrx_word' id='word_1_540' title='bbox 2111 3523 2175 3577; x_wconf 82' lang='grc' dir='ltr'><strong>τὸ</strong></span> <span class='ocrx_word' id='word_1_541' title='bbox 2230 3522 2413 3592; x_wconf 71' lang='grc' dir='ltr'>φωνὴν</span> <span class='ocrx_word' id='word_1_542' title='bbox 2457 3516 3002 3590; x_wconf 78' lang='grc' dir='ltr'>προφητόφθεγκτονο</span> <span class='ocrx_word' id='word_1_543' title='bbox 3059 3514 3141 3568; x_wconf 85' lang='grc' dir='ltr'>διὸ</span> <span class='ocrx_word' id='word_1_544' title='bbox 3193 3513 3322 3585; x_wconf 81' lang='grc' dir='ltr'>νικᾷ</span> <span class='ocrx_word' id='word_1_545' title='bbox 3379 3513 3693 3582; x_wconf 80' lang='grc' dir='ltr'>γράφεσθαι</span> 
     </span>
    </p>
   </div>
   <div class='ocr_carea' id='block_1_82' title="bbox 2111 3604 3694 3684">
    <p class='ocr_par' dir='ltr' id='par_1_82' title="bbox 2111 3604 3694 3684">
     <span class='ocr_line' id='line_1_83' title="bbox 2111 3604 3694 3684; baseline -0.007 -16"><span class='ocrx_word' id='word_1_546' title='bbox 2111 3615 2270 3684; x_wconf 82' lang='grc' dir='ltr'>τρίτη</span> <span class='ocrx_word' id='word_1_547' title='bbox 2308 3613 2620 3684; x_wconf 85' lang='grc' dir='ltr'>βαρυτόνως</span> <span class='ocrx_word' id='word_1_548' title='bbox 2665 3609 2735 3664; x_wconf 87' lang='grc' dir='ltr'><strong>δι’</strong></span> <span class='ocrx_word' id='word_1_549' title='bbox 2777 3607 2897 3670; x_wconf 68' lang='grc' dir='ltr'>ἐνὸς</span> <span class='ocrx_word' id='word_1_550' title='bbox 2937 3606 3066 3661; x_wconf 74' lang='grc' dir='ltr'>ταῦ·</span> <span class='ocrx_word' id='word_1_551' title='bbox 3115 3608 3144 3660; x_wconf 87' lang='grc' dir='ltr'><strong>ό</strong></span> <span class='ocrx_word' id='word_1_552' title='bbox 3179 3607 3237 3660; x_wconf 84' lang='grc' dir='ltr'>δὲ</span> <span class='ocrx_word' id='word_1_553' title='bbox 3271 3604 3442 3660; x_wconf 80' lang='grc' dir='ltr'>θέλων</span> <span class='ocrx_word' id='word_1_554' title='bbox 3479 3604 3694 3658; x_wconf 81' lang='grc' dir='ltr'>ἐνίστα-</span> 
     </span>
    </p>
   </div>
   <div class='ocr_carea' id='block_1_83' title="bbox 2115 3696 3690 3774">
    <p class='ocr_par' dir='ltr' id='par_1_83' title="bbox 2115 3696 3690 3774">
     <span class='ocr_line' id='line_1_84' title="bbox 2115 3696 3690 3774; baseline -0.006 -14"><span class='ocrx_word' id='word_1_555' title='bbox 2115 3707 2242 3761; x_wconf 90' lang='grc' dir='ltr'>σθαι</span> <span class='ocrx_word' id='word_1_556' title='bbox 2303 3705 2565 3774; x_wconf 84' lang='grc' dir='ltr'>γραφέτω</span> <span class='ocrx_word' id='word_1_557' title='bbox 2600 3701 2696 3756; x_wconf 76' lang='grc' dir='ltr'>καὶ</span> <span class='ocrx_word' id='word_1_558' title='bbox 2728 3701 2932 3771; x_wconf 88' lang='grc' dir='ltr'>λεγέτω</span> <span class='ocrx_word' id='word_1_559' title='bbox 2972 3701 3066 3754; x_wconf 77' lang='grc' dir='ltr'><strong>καὶ</strong></span> <span class='ocrx_word' id='word_1_560' title='bbox 3108 3696 3326 3771; x_wconf 82' lang='grc' dir='ltr'>τριττὴ,</span> <span class='ocrx_word' id='word_1_561' title='bbox 3348 3696 3425 3763; x_wconf 85' lang='grc' dir='ltr'><strong>ὥς</strong></span> <span class='ocrx_word' id='word_1_562' title='bbox 3451 3697 3484 3766; x_wconf 77' lang='grc' dir='ltr'><strong>ἡ</strong></span> <span class='ocrx_word' id='word_1_563' title='bbox 3515 3696 3690 3766; x_wconf 79' lang='grc' dir='ltr'>φωνή.</span> 
     </span>
    </p>
   </div>
   <div class='ocr_carea' id='block_1_84' title="bbox 2190 3786 3696 3867">
    <p class='ocr_par' dir='ltr' id='par_1_84' title="bbox 2190 3786 3696 3867">
     <span class='ocr_line' id='line_1_85' title="bbox 2190 3786 3696 3867; baseline -0.007 -18"><span class='ocrx_word' id='word_1_564' title='bbox 2190 3793 2320 3867; x_wconf 82' lang='grc' dir='ltr'>ροζ’.</span> <span class='ocrx_word' id='word_1_565' title='bbox 2364 3795 2437 3848; x_wconf 72' lang='lat' dir='ltr'><strong>To</strong></span> <span class='ocrx_word' id='word_1_566' title='bbox 2462 3794 2517 3847; x_wconf 83' lang='grc' dir='ltr'>δὲ</span> <span class='ocrx_word' id='word_1_567' title='bbox 2543 3793 2896 3864; x_wconf 83' lang='grc' dir='ltr'>εὐμοίρησεν,</span> <span class='ocrx_word' id='word_1_568' title='bbox 2921 3791 2983 3845; x_wconf 84' lang='grc' dir='ltr'><strong>οῦ</strong></span> <span class='ocrx_word' id='word_1_569' title='bbox 3026 3789 3297 3854; x_wconf 73' lang='grc' dir='ltr'>Ἀττικὸν,</span> <span class='ocrx_word' id='word_1_570' title='bbox 3329 3789 3404 3847; x_wconf 76' lang='grc' dir='ltr'><strong>ὡς</strong></span> <span class='ocrx_word' id='word_1_571' title='bbox 3433 3786 3696 3858; x_wconf 89' lang='grc' dir='ltr'>προείρη-</span> 
     </span>
    </p>
   </div>
   <div class='ocr_carea' id='block_1_85' title="bbox 2116 3879 3700 3956">
    <p class='ocr_par' dir='ltr' id='par_1_85' title="bbox 2116 3879 3700 3956">
     <span class='ocr_line' id='line_1_86' title="bbox 2116 3879 3700 3956; baseline -0.007 -14"><span class='ocrx_word' id='word_1_572' title='bbox 2116 3905 2231 3955; x_wconf 82' lang='grc' dir='ltr'>ται,</span> <span class='ocrx_word' id='word_1_573' title='bbox 2258 3887 2318 3941; x_wconf 82' lang='grc' dir='ltr'><strong>τὸ</strong></span> <span class='ocrx_word' id='word_1_574' title='bbox 2349 3885 2674 3956; x_wconf 82' lang='grc' dir='ltr'>ἀναύξητον,</span> <span class='ocrx_word' id='word_1_575' title='bbox 2702 3882 3160 3954; x_wconf 83' lang='grc' dir='ltr'>ὁμολογουμένως</span> <span class='ocrx_word' id='word_1_576' title='bbox 3190 3881 3345 3952; x_wconf 83' lang='grc' dir='ltr'>παρὰ</span> <span class='ocrx_word' id='word_1_577' title='bbox 3378 3879 3476 3951; x_wconf 84' lang='grc' dir='ltr'><strong>τὴν</strong></span> <span class='ocrx_word' id='word_1_578' title='bbox 3509 3880 3700 3948; x_wconf 77' lang='grc' dir='ltr'>κοινὴν</span> 
     </span>
    </p>
   </div>
   <div class='ocr_carea' id='block_1_86' title="bbox 2120 3973 3696 4048">
    <p class='ocr_par' dir='ltr' id='par_1_86' title="bbox 2120 3973 3696 4048">
     <span class='ocr_line' id='line_1_87' title="bbox 2120 3973 3696 4048; baseline -0.006 -13"><span class='ocrx_word' id='word_1_579' title='bbox 2120 3981 2375 4045; x_wconf 80' lang='grc' dir='ltr'>σύνταξιν</span> <span class='ocrx_word' id='word_1_580' title='bbox 2423 3979 2664 4033; x_wconf 89' lang='grc' dir='ltr'>ἐνταῦθα</span> <span class='ocrx_word' id='word_1_581' title='bbox 2697 3977 2976 4048; x_wconf 80' lang='grc' dir='ltr'>εἴληπται·</span> <span class='ocrx_word' id='word_1_582' title='bbox 3011 3976 3188 4040; x_wconf 75' lang='grc' dir='ltr'>οὐδεὶς</span> <span class='ocrx_word' id='word_1_583' title='bbox 3215 3974 3324 4045; x_wconf 71' lang='grc' dir='ltr'>γᾴρ</span> <span class='ocrx_word' id='word_1_584' title='bbox 3365 3973 3696 4043; x_wconf 75' lang='grc' dir='ltr'>Ἐλληνίςων</span> 
     </span>
    </p>
   </div>
   <div class='ocr_carea' id='block_1_87' title="bbox 2119 4066 3698 4143">
    <p class='ocr_par' dir='ltr' id='par_1_87' title="bbox 2119 4066 3698 4143">
     <span class='ocr_line' id='line_1_88' title="bbox 2119 4066 3698 4143; baseline -0.006 -16"><span class='ocrx_word' id='word_1_585' title='bbox 2119 4073 2324 4143; x_wconf 81' lang='grc' dir='ltr'>γράψοι</span> <span class='ocrx_word' id='word_1_586' title='bbox 2360 4073 2427 4126; x_wconf 84' lang='grc' dir='ltr'>ἂν</span> <span class='ocrx_word' id='word_1_587' title='bbox 2455 4072 2755 4142; x_wconf 86' lang='grc' dir='ltr'>εὐμοίρησε</span> <span class='ocrx_word' id='word_1_588' title='bbox 2792 4069 2894 4136; x_wconf 81' lang='grc' dir='ltr'><strong>τὴν</strong></span> <span class='ocrx_word' id='word_1_589' title='bbox 2921 4069 3106 4138; x_wconf 79' lang='grc' dir='ltr'>χάριν,</span> <span class='ocrx_word' id='word_1_590' title='bbox 3143 4067 3283 4122; x_wconf 78' lang='grc' dir='ltr'>ἀλλὰ</span> <span class='ocrx_word' id='word_1_591' title='bbox 3317 4067 3420 4136; x_wconf 79' lang='grc' dir='ltr'><strong>τῆς</strong></span> <span class='ocrx_word' id='word_1_592' title='bbox 3450 4066 3698 4137; x_wconf 76' lang='grc' dir='ltr'>χάριτοςο</span> 
     </span>
    </p>
   </div>
   <div class='ocr_carea' id='block_1_88' title="bbox 2120 4155 3700 4234">
    <p class='ocr_par' dir='ltr' id='par_1_88' title="bbox 2120 4155 3700 4234">
     <span class='ocr_line' id='line_1_89' title="bbox 2120 4155 3700 4234; baseline -0.005 -18"><span class='ocrx_word' id='word_1_593' title='bbox 2120 4166 2216 4219; x_wconf 79' lang='grc' dir='ltr'>καὶ</span> <span class='ocrx_word' id='word_1_594' title='bbox 2243 4164 2392 4234; x_wconf 81' lang='grc' dir='ltr'>ὅμως</span> <span class='ocrx_word' id='word_1_595' title='bbox 2438 4163 2467 4214; x_wconf 85' lang='grc' dir='ltr'><strong>δ</strong></span> <span class='ocrx_word' id='word_1_596' title='bbox 2497 4161 2738 4232; x_wconf 87' lang='grc' dir='ltr'>μελῳδὸς</span> <span class='ocrx_word' id='word_1_597' title='bbox 2771 4159 2879 4214; x_wconf 75' lang='grc' dir='ltr'>ὑπὸ</span> <span class='ocrx_word' id='word_1_598' title='bbox 2927 4159 3023 4213; x_wconf 93' lang='grc' dir='ltr'>τοῦ</span> <span class='ocrx_word' id='word_1_599' title='bbox 3074 4159 3276 4228; x_wconf 89' lang='grc' dir='ltr'>μέτρου</span> <span class='ocrx_word' id='word_1_600' title='bbox 3317 4155 3700 4226; x_wconf 77' lang='grc' dir='ltr'>στενούμενος,</span> 
     </span>
    </p>
   </div>
   <div class='ocr_carea' id='block_1_89' title="bbox 2120 4247 3704 4324">
    <p class='ocr_par' dir='ltr' id='par_1_89' title="bbox 2120 4247 3704 4324">
     <span class='ocr_line' id='line_1_90' title="bbox 2120 4247 3704 4324; baseline -0.006 -14"><span class='ocrx_word' id='word_1_601' title='bbox 2120 4257 2244 4311; x_wconf 77' lang='grc' dir='ltr'>ἀντὶ</span> <span class='ocrx_word' id='word_1_602' title='bbox 2287 4252 2650 4324; x_wconf 80' lang='grc' dir='ltr'>τρισυλλάϐου</span> <span class='ocrx_word' id='word_1_603' title='bbox 2689 4252 2910 4322; x_wconf 80' lang='grc' dir='ltr'>χάριτος</span> <span class='ocrx_word' id='word_1_604' title='bbox 2957 4250 3118 4321; x_wconf 83' lang='grc' dir='ltr'>χάριν</span> <span class='ocrx_word' id='word_1_605' title='bbox 3165 4247 3506 4319; x_wconf 73' lang='grc' dir='ltr'>παρέλαϐεν,</span> <span class='ocrx_word' id='word_1_606' title='bbox 3543 4247 3704 4302; x_wconf 85' lang='grc' dir='ltr'>ἐκλα-</span> 
     </span>
    </p>
   </div>
   <div class='ocr_carea' id='block_1_90' title="bbox 2123 4339 3703 4418">
    <p class='ocr_par' dir='ltr' id='par_1_90' title="bbox 2123 4339 3703 4418">
     <span class='ocr_line' id='line_1_91' title="bbox 2123 4339 3703 4418; baseline -0.005 -18"><span class='ocrx_word' id='word_1_607' title='bbox 2123 4347 2350 4418; x_wconf 78' lang='grc' dir='ltr'>ϐόμενος</span> <span class='ocrx_word' id='word_1_608' title='bbox 2378 4347 2438 4400; x_wconf 76' lang='grc' dir='ltr'><strong>τὸ</strong></span> <span class='ocrx_word' id='word_1_609' title='bbox 2467 4345 2799 4416; x_wconf 83' lang='grc' dir='ltr'>εύμοίρησεν</span> <span class='ocrx_word' id='word_1_610' title='bbox 2851 4344 2973 4398; x_wconf 75' lang='grc' dir='ltr'>ἀντὶ</span> <span class='ocrx_word' id='word_1_611' title='bbox 3005 4341 3098 4396; x_wconf 91' lang='grc' dir='ltr'>τοῦ</span> <span class='ocrx_word' id='word_1_612' title='bbox 3130 4341 3324 4412; x_wconf 73' lang='grc' dir='ltr'>ἔλαχεν</span> <span class='ocrx_word' id='word_1_613' title='bbox 3373 4339 3561 4406; x_wconf 82' lang='grc' dir='ltr'>ἁπλῶς</span> <span class='ocrx_word' id='word_1_614' title='bbox 3605 4341 3703 4393; x_wconf 79' lang='grc' dir='ltr'><strong>καὶ</strong></span> 
     </span>
    </p>
   </div>
   <div class='ocr_carea' id='block_1_91' title="bbox 2123 4433 3705 4513">
    <p class='ocr_par' dir='ltr' id='par_1_91' title="bbox 2123 4433 3705 4513">
     <span class='ocr_line' id='line_1_92' title="bbox 2123 4433 3705 4513; baseline -0.008 -18"><span class='ocrx_word' id='word_1_615' title='bbox 2123 4442 2302 4513; x_wconf 78' lang='grc' dir='ltr'>ἔσχεν.</span> <span class='ocrx_word' id='word_1_616' title='bbox 2348 4439 2424 4493; x_wconf 84' lang='grc' dir='ltr'><strong>Ού</strong></span> <span class='ocrx_word' id='word_1_617' title='bbox 2460 4440 2658 4509; x_wconf 80' lang='grc' dir='ltr'>μοῖραν</span> <span class='ocrx_word' id='word_1_618' title='bbox 2694 4437 2751 4490; x_wconf 65' lang='grc' dir='ltr'>δὲ</span> <span class='ocrx_word' id='word_1_619' title='bbox 2783 4437 2817 4507; x_wconf 81' lang='grc' dir='ltr'><strong>ἡ</strong></span> <span class='ocrx_word' id='word_1_620' title='bbox 2859 4437 3086 4504; x_wconf 84' lang='grc' dir='ltr'><strong>τοιαύτη</strong></span> <span class='ocrx_word' id='word_1_621' title='bbox 3128 4434 3274 4498; x_wconf 72' lang='grc' dir='ltr'>λέξις</span> <span class='ocrx_word' id='word_1_622' title='bbox 3317 4433 3565 4504; x_wconf 83' lang='grc' dir='ltr'>περιέχει</span> <span class='ocrx_word' id='word_1_623' title='bbox 3603 4433 3705 4502; x_wconf 81' lang='grc' dir='ltr'>τὴν</span> 
     </span>
    </p>
   </div>
   <div class='ocr_carea' id='block_1_92' title="bbox 442 4523 2010 4617">
    <p class='ocr_par' dir='ltr' id='par_1_92' title="bbox 442 4523 2010 4617">
     <span class='ocr_line' id='line_1_93' title="bbox 442 4523 2010 4617; baseline -0.017 -9"><span class='ocrx_word' id='word_1_624' title='bbox 442 4523 647 4608; x_wconf 80' lang='lat' dir='ltr'><strong>sortem</strong></span> <span class='ocrx_word' id='word_1_625' title='bbox 708 4543 952 4617; x_wconf 88' lang='grc' dir='ltr'>(μοῖραν)</span> <span class='ocrx_word' id='word_1_626' title='bbox 987 4555 1107 4610; x_wconf 80' lang='lat' dir='ltr'><strong>quae</strong></span> <span class='ocrx_word' id='word_1_627' title='bbox 1128 4535 1238 4591; x_wconf 82' lang='lat' dir='ltr'><strong>fato</strong></span> <span class='ocrx_word' id='word_1_628' title='bbox 1265 4533 1419 4604; x_wconf 81' lang='lat' dir='ltr'><strong>juxta</strong></span> <span class='ocrx_word' id='word_1_629' title='bbox 1446 4532 1664 4588; x_wconf 74' lang='lat' dir='ltr'><strong>Graecos</strong></span> <span class='ocrx_word' id='word_1_630' title='bbox 1693 4532 2010 4600; x_wconf 71' lang='lat' dir='ltr'><strong>assignatur,</strong></span> 
     </span>
    </p>
   </div>
   <div class='ocr_carea' id='block_1_93' title="bbox 2111 4523 3706 4617">
    <p class='ocr_par' dir='ltr' id='par_1_93' title="bbox 2129 4523 3706 4599">
     <span class='ocr_line' id='line_1_94' title="bbox 2129 4523 3706 4599; baseline -0.008 -13"><span class='ocrx_word' id='word_1_631' title='bbox 2129 4531 2252 4586; x_wconf 84' lang='grc' dir='ltr'>καθ’</span> <span class='ocrx_word' id='word_1_632' title='bbox 2289 4529 2557 4599; x_wconf 87' lang='grc' dir='ltr'>Ἕλληνας</span> <span class='ocrx_word' id='word_1_633' title='bbox 2620 4527 2986 4599; x_wconf 75' lang='grc' dir='ltr'>εἱμαρμένην,</span> <span class='ocrx_word' id='word_1_634' title='bbox 3049 4525 3189 4580; x_wconf 79' lang='grc' dir='ltr'>ἀλλὰ</span> <span class='ocrx_word' id='word_1_635' title='bbox 3251 4523 3349 4596; x_wconf 85' lang='grc' dir='ltr'><strong>τὴν</strong></span> <span class='ocrx_word' id='word_1_636' title='bbox 3406 4523 3706 4594; x_wconf 83' lang='grc' dir='ltr'>λεγομένην</span> 
     </span>
    </p>
   </div>
   <div class='ocr_carea' id='block_1_94' title="bbox 442 4619 2026 4706">
    <p class='ocr_par' dir='ltr' id='par_1_94' title="bbox 442 4619 2026 4706">
     <span class='ocr_line' id='line_1_95' title="bbox 442 4619 2026 4706; baseline -0.016 -6"><span class='ocrx_word' id='word_1_637' title='bbox 442 4643 540 4700; x_wconf 88' lang='lat' dir='ltr'><strong>sed</strong></span> <span class='ocrx_word' id='word_1_638' title='bbox 598 4640 746 4696; x_wconf 83' lang='lat' dir='ltr'><strong>illam</strong></span> <span class='ocrx_word' id='word_1_639' title='bbox 785 4648 908 4706; x_wconf 84' lang='lat' dir='ltr'><strong>quae</strong></span> <span class='ocrx_word' id='word_1_640' title='bbox 949 4633 1153 4686; x_wconf 83' lang='lat' dir='ltr'><strong>dicitur</strong></span> <span class='ocrx_word' id='word_1_641' title='bbox 1210 4627 1395 4697; x_wconf 73' lang='grc' dir='ltr'>μερὶς,</span> <span class='ocrx_word' id='word_1_642' title='bbox 1468 4624 1839 4694; x_wconf 86' lang='lat' dir='ltr'><strong>amplectitur.</strong></span> <span class='ocrx_word' id='word_1_643' title='bbox 1900 4619 2026 4675; x_wconf 66' lang='lat' dir='ltr'><strong>lateo</strong></span> 
     </span>
    </p>
   </div>
   <div class='ocr_carea' id='block_1_95' title="bbox 444 4715 2023 4800">
    <p class='ocr_par' dir='ltr' id='par_1_95' title="bbox 444 4715 2023 4800">
     <span class='ocr_line' id='line_1_96' title="bbox 444 4715 2023 4800; baseline -0.014 -14"><span class='ocrx_word' id='word_1_644' title='bbox 444 4742 594 4791; x_wconf 84' lang='lat' dir='ltr'><strong>recte</strong></span> <span class='ocrx_word' id='word_1_645' title='bbox 630 4731 695 4784; x_wconf 78' lang='grc' dir='ltr'>τὸ</span> <span class='ocrx_word' id='word_1_646' title='bbox 733 4726 1064 4798; x_wconf 85' lang='grc' dir='ltr'>εύμοίρησεν</span> <span class='ocrx_word' id='word_1_647' title='bbox 1135 4721 1189 4774; x_wconf 91' lang='lat' dir='ltr'><strong>in</strong></span> <span class='ocrx_word' id='word_1_648' title='bbox 1238 4719 1299 4770; x_wconf 90' lang='grc' dir='ltr'>τὸ</span> <span class='ocrx_word' id='word_1_649' title='bbox 1350 4715 1540 4800; x_wconf 73' lang='grc' dir='ltr'>ἔλαχεν</span> <span class='ocrx_word' id='word_1_650' title='bbox 1592 4717 2023 4782; x_wconf 85' lang='lat' dir='ltr'><strong>interpretatur:</strong></span> 
     </span>
    </p>
   </div>
   <div class='ocr_carea' id='block_1_96' title="bbox 448 4800 2029 4888">
    <p class='ocr_par' dir='ltr' id='par_1_96' title="bbox 448 4800 2029 4888">
     <span class='ocr_line' id='line_1_97' title="bbox 448 4800 2029 4888; baseline -0.016 -10"><span class='ocrx_word' id='word_1_651' title='bbox 448 4837 574 4878; x_wconf 87' lang='lat' dir='ltr'><strong>nam</strong></span> <span class='ocrx_word' id='word_1_652' title='bbox 641 4815 925 4888; x_wconf 78' lang='grc' dir='ltr'>εὐμοιρεῖν</span> <span class='ocrx_word' id='word_1_653' title='bbox 965 4820 1050 4866; x_wconf 90' lang='lat' dir='ltr'><strong>est</strong></span> <span class='ocrx_word' id='word_1_654' title='bbox 1090 4809 1229 4863; x_wconf 90' lang='lat' dir='ltr'><strong>bene</strong></span> <span class='ocrx_word' id='word_1_655' title='bbox 1255 4807 1454 4859; x_wconf 86' lang='lat' dir='ltr'><strong>habere</strong></span> <span class='ocrx_word' id='word_1_656' title='bbox 1484 4804 1548 4858; x_wconf 89' lang='lat' dir='ltr'><strong>de</strong></span> <span class='ocrx_word' id='word_1_657' title='bbox 1585 4802 1773 4872; x_wconf 78' lang='grc' dir='ltr'>μοίρᾳ,</span> <span class='ocrx_word' id='word_1_658' title='bbox 1819 4800 1932 4856; x_wconf 88' lang='lat' dir='ltr'><strong>sive</strong></span> <span class='ocrx_word' id='word_1_659' title='bbox 1962 4800 2029 4853; x_wconf 90' lang='lat' dir='ltr'><strong>de</strong></span> 
     </span>
    </p>
   </div>
   <div class='ocr_carea' id='block_1_97' title="bbox 455 4897 2028 4985">
    <p class='ocr_par' dir='ltr' id='par_1_97' title="bbox 455 4897 2028 4985">
     <span class='ocr_line' id='line_1_98' title="bbox 455 4897 2028 4985; baseline -0.013 -19"><span class='ocrx_word' id='word_1_660' title='bbox 455 4912 677 4985; x_wconf 82' lang='grc' dir='ltr'>μερίδι,</span> <span class='ocrx_word' id='word_1_661' title='bbox 719 4909 771 4964; x_wconf 90' lang='lat' dir='ltr'><strong>id</strong></span> <span class='ocrx_word' id='word_1_662' title='bbox 818 4915 921 4969; x_wconf 90' lang='lat' dir='ltr'><strong>est,</strong></span> <span class='ocrx_word' id='word_1_663' title='bbox 949 4903 1143 4972; x_wconf 75' lang='grc' dir='ltr'>λάχειε</span> <span class='ocrx_word' id='word_1_664' title='bbox 1176 4901 1289 4954; x_wconf 74' lang='lat' dir='ltr'><strong>haec</strong></span> <span class='ocrx_word' id='word_1_665' title='bbox 1331 4897 1475 4952; x_wconf 88' lang='lat' dir='ltr'><strong>enim</strong></span> <span class='ocrx_word' id='word_1_666' title='bbox 1543 4909 1846 4966; x_wconf 84' lang='lat' dir='ltr'><strong>synonyma</strong></span> <span class='ocrx_word' id='word_1_667' title='bbox 1878 4902 2028 4948; x_wconf 91' lang='lat' dir='ltr'><strong>sunt.</strong></span> 
     </span>
    </p>
   </div>
   <div class='ocr_carea' id='block_1_98' title="bbox 456 4984 2030 5068">
    <p class='ocr_par' dir='ltr' id='par_1_98' title="bbox 456 4984 2030 5068">
     <span class='ocr_line' id='line_1_99' title="bbox 456 4984 2030 5068; baseline -0.015 -7"><span class='ocrx_word' id='word_1_668' title='bbox 456 5008 569 5061; x_wconf 90' lang='lat' dir='ltr'><strong>lloc</strong></span> <span class='ocrx_word' id='word_1_669' title='bbox 607 5010 789 5057; x_wconf 90' lang='lat' dir='ltr'><strong>autem</strong></span> <span class='ocrx_word' id='word_1_670' title='bbox 863 4997 1024 5068; x_wconf 84' lang='grc' dir='ltr'>τρίτη</span> <span class='ocrx_word' id='word_1_671' title='bbox 1064 4992 1225 5064; x_wconf 81' lang='grc' dir='ltr'>ὡρῶν</span> <span class='ocrx_word' id='word_1_672' title='bbox 1278 4991 1596 5044; x_wconf 85' lang='lat' dir='ltr'><strong>diurnarum</strong></span> <span class='ocrx_word' id='word_1_673' title='bbox 1645 5001 1800 5052; x_wconf 87' lang='lat' dir='ltr'><strong>sane,</strong></span> <span class='ocrx_word' id='word_1_674' title='bbox 1835 4984 2030 5040; x_wconf 87' lang='lat' dir='ltr'><strong>melodi</strong></span> 
     </span>
    </p>
   </div>
   <div class='ocr_carea' id='block_1_99' title="bbox 452 5078 2030 5168">
    <p class='ocr_par' dir='ltr' id='par_1_99' title="bbox 452 5078 2030 5168">
     <span class='ocr_line' id='line_1_100' title="bbox 452 5078 2030 5168; baseline -0.015 -16"><span class='ocrx_word' id='word_1_675' title='bbox 452 5093 654 5168; x_wconf 86' lang='lat' dir='ltr'><strong>placito</strong></span> <span class='ocrx_word' id='word_1_676' title='bbox 715 5092 797 5147; x_wconf 89' lang='lat' dir='ltr'><strong>sic</strong></span> <span class='ocrx_word' id='word_1_677' title='bbox 852 5087 1143 5160; x_wconf 89' lang='lat' dir='ltr'><strong>pluraliter</strong></span> <span class='ocrx_word' id='word_1_678' title='bbox 1185 5085 1424 5154; x_wconf 85' lang='lat' dir='ltr'><strong>positum</strong></span> <span class='ocrx_word' id='word_1_679' title='bbox 1481 5089 1599 5135; x_wconf 90' lang='lat' dir='ltr'><strong>est:</strong></span> <span class='ocrx_word' id='word_1_680' title='bbox 1635 5087 1846 5149; x_wconf 86' lang='lat' dir='ltr'><strong>poterat</strong></span> <span class='ocrx_word' id='word_1_681' title='bbox 1883 5078 2030 5132; x_wconf 91' lang='lat' dir='ltr'><strong>enim</strong></span> 
     </span>
    </p>
   </div>
   <div class='ocr_carea' id='block_1_100' title="bbox 458 5173 2031 5255">
    <p class='ocr_par' dir='ltr' id='par_1_100' title="bbox 458 5173 2031 5255">
     <span class='ocr_line' id='line_1_101' title="bbox 458 5173 2031 5255; baseline -0.013 -11"><span class='ocrx_word' id='word_1_682' title='bbox 458 5185 817 5255; x_wconf 81' lang='lat' dir='ltr'><strong>dicerejuxta</strong></span> <span class='ocrx_word' id='word_1_683' title='bbox 864 5178 1261 5236; x_wconf 84' lang='lat' dir='ltr'><strong>nominativum</strong></span> <span class='ocrx_word' id='word_1_684' title='bbox 1293 5190 1481 5230; x_wconf 88' lang='lat' dir='ltr'><strong>casum</strong></span> <span class='ocrx_word' id='word_1_685' title='bbox 1551 5173 1689 5242; x_wconf 88' lang='grc' dir='ltr'>ὥρα,</span> <span class='ocrx_word' id='word_1_686' title='bbox 1717 5179 1775 5226; x_wconf 83' lang='grc' dir='ltr'><strong>ιιι</strong></span> <span class='ocrx_word' id='word_1_687' title='bbox 1836 5181 1982 5226; x_wconf 87' lang='lat' dir='ltr'><strong>esset</strong></span> <span class='ocrx_word' id='word_1_688' title='bbox 2015 5185 2031 5223; x_wconf 73' lang='grc' dir='ltr'>ε</span> 
     </span>
    </p>
   </div>
   <div class='ocr_carea' id='block_1_101' title="bbox 456 5266 2035 5353">
    <p class='ocr_par' dir='ltr' id='par_1_101' title="bbox 456 5266 2035 5353">
     <span class='ocr_line' id='line_1_102' title="bbox 456 5266 2035 5353; baseline -0.011 -19"><span class='ocrx_word' id='word_1_689' title='bbox 456 5281 617 5353; x_wconf 83' lang='grc' dir='ltr'>τρίτη</span> <span class='ocrx_word' id='word_1_690' title='bbox 643 5279 765 5349; x_wconf 85' lang='grc' dir='ltr'><strong>ὥρα</strong></span> <span class='ocrx_word' id='word_1_691' title='bbox 811 5274 897 5330; x_wconf 87' lang='lat' dir='ltr'><strong>vel</strong></span> <span class='ocrx_word' id='word_1_692' title='bbox 941 5271 1135 5343; x_wconf 80' lang='grc' dir='ltr'>τριττὴ</span> <span class='ocrx_word' id='word_1_693' title='bbox 1169 5270 1374 5324; x_wconf 79' lang='lat' dir='ltr'><strong>invenit</strong></span> <span class='ocrx_word' id='word_1_694' title='bbox 1401 5277 1454 5324; x_wconf 91' lang='lat' dir='ltr'><strong>et</strong></span> <span class='ocrx_word' id='word_1_695' title='bbox 1485 5267 1722 5322; x_wconf 90' lang='lat' dir='ltr'><strong>obtinuit</strong></span> <span class='ocrx_word' id='word_1_696' title='bbox 1752 5266 2035 5322; x_wconf 90' lang='lat' dir='ltr'><strong>sanctissi-</strong></span> 
     </span>
    </p>
   </div>
   <div class='ocr_carea' id='block_1_102' title="bbox 458 5358 2036 5436">
    <p class='ocr_par' dir='ltr' id='par_1_102' title="bbox 458 5358 2036 5436">
     <span class='ocr_line' id='line_1_103' title="bbox 458 5358 2036 5436; baseline -0.011 -7"><span class='ocrx_word' id='word_1_697' title='bbox 458 5390 603 5429; x_wconf 89' lang='lat' dir='ltr'><strong>mam</strong></span> <span class='ocrx_word' id='word_1_698' title='bbox 650 5371 791 5425; x_wconf 86' lang='lat' dir='ltr'><strong>hanc</strong></span> <span class='ocrx_word' id='word_1_699' title='bbox 817 5366 1057 5436; x_wconf 88' lang='lat' dir='ltr'><strong>Spiritus</strong></span> <span class='ocrx_word' id='word_1_700' title='bbox 1086 5363 1337 5434; x_wconf 85' lang='lat' dir='ltr'><strong>gratiam,</strong></span> <span class='ocrx_word' id='word_1_701' title='bbox 1386 5373 1468 5424; x_wconf 92' lang='lat' dir='ltr'><strong>ut,</strong></span> <span class='ocrx_word' id='word_1_702' title='bbox 1498 5359 1692 5426; x_wconf 81' lang='lat' dir='ltr'><strong>inquit,</strong></span> <span class='ocrx_word' id='word_1_703' title='bbox 1737 5358 2036 5428; x_wconf 76' lang='lat' dir='ltr'><strong>theologica</strong></span> 
     </span>
    </p>
   </div>
   <div class='ocr_carea' id='block_1_103' title="bbox 459 5453 2035 5538">
    <p class='ocr_par' dir='ltr' id='par_1_103' title="bbox 459 5453 2035 5538">
     <span class='ocr_line' id='line_1_104' title="bbox 459 5453 2035 5538; baseline -0.013 -17"><span class='ocrx_word' id='word_1_704' title='bbox 459 5458 1294 5538; x_wconf 83' lang='lat' dir='ltr'><strong>speculantibussubindicarct,</strong></span> <span class='ocrx_word' id='word_1_705' title='bbox 1332 5456 1445 5509; x_wconf 92' lang='lat' dir='ltr'><strong>sive</strong></span> <span class='ocrx_word' id='word_1_706' title='bbox 1497 5453 2035 5522; x_wconf 61' lang='lat' dir='ltr'><strong>reprmsentationem</strong></span> 
     </span>
    </p>
   </div>
   <div class='ocr_carea' id='block_1_104' title="bbox 460 5545 2036 5629">
    <p class='ocr_par' dir='ltr' id='par_1_104' title="bbox 460 5545 2036 5629">
     <span class='ocr_line' id='line_1_105' title="bbox 460 5545 2036 5629; baseline -0.012 -16"><span class='ocrx_word' id='word_1_707' title='bbox 460 5558 618 5629; x_wconf 81' lang='lat' dir='ltr'><strong>quasi</strong></span> <span class='ocrx_word' id='word_1_708' title='bbox 674 5553 1014 5625; x_wconf 82' lang='lat' dir='ltr'><strong>specularem</strong></span> <span class='ocrx_word' id='word_1_709' title='bbox 1081 5548 1579 5620; x_wconf 80' lang='lat' dir='ltr'><strong>cogitationemque</strong></span> <span class='ocrx_word' id='word_1_710' title='bbox 1625 5546 1780 5613; x_wconf 82' lang='lat' dir='ltr'><strong>juxta</strong></span> <span class='ocrx_word' id='word_1_711' title='bbox 1847 5545 2036 5599; x_wconf 88' lang='lat' dir='ltr'><strong>consi-</strong></span> 
     </span>
    </p>
   </div>
   <div class='ocr_carea' id='block_1_105' title="bbox 463 5637 2038 5706">
    <p class='ocr_par' dir='ltr' id='par_1_105' title="bbox 463 5637 2038 5706">
     <span class='ocr_line' id='line_1_106' title="bbox 463 5637 2038 5706; baseline -0.011 -1"><span class='ocrx_word' id='word_1_712' title='bbox 463 5653 595 5706; x_wconf 89' lang='lat' dir='ltr'><strong>lium</strong></span> <span class='ocrx_word' id='word_1_713' title='bbox 639 5643 1096 5702; x_wconf 91' lang='lat' dir='ltr'><strong>introductorium</strong></span> <span class='ocrx_word' id='word_1_714' title='bbox 1143 5647 1314 5704; x_wconf 65' lang='lat' dir='ltr'><strong>(taret,</strong></span> <span class='ocrx_word' id='word_1_715' title='bbox 1373 5637 1516 5706; x_wconf 83' lang='lat' dir='ltr'><strong>quod</strong></span> <span class='ocrx_word' id='word_1_716' title='bbox 1575 5637 1870 5690; x_wconf 89' lang='lat' dir='ltr'><strong>adorentur</strong></span> <span class='ocrx_word' id='word_1_717' title='bbox 1926 5648 2038 5688; x_wconf 87' lang='lat' dir='ltr'><strong>tres</strong></span> 
     </span>
    </p>
   </div>
   <div class='ocr_carea' id='block_1_106' title="bbox 2134 4615 3712 4695">
    <p class='ocr_par' dir='ltr' id='par_1_106' title="bbox 2134 4615 3712 4695">
     <span class='ocr_line' id='line_1_107' title="bbox 2134 4615 3712 4695; baseline -0.005 -19"><span class='ocrx_word' id='word_1_718' title='bbox 2134 4623 2346 4695; x_wconf 83' lang='grc' dir='ltr'>μερίδα’</span> <span class='ocrx_word' id='word_1_719' title='bbox 2376 4623 2455 4676; x_wconf 83' lang='grc' dir='ltr'>διὸ</span> <span class='ocrx_word' id='word_1_720' title='bbox 2485 4618 2669 4682; x_wconf 88' lang='grc' dir='ltr'>καλῶς</span> <span class='ocrx_word' id='word_1_721' title='bbox 2691 4621 2751 4672; x_wconf 73' lang='grc' dir='ltr'><strong>τὸ</strong></span> <span class='ocrx_word' id='word_1_722' title='bbox 2773 4620 2831 4671; x_wconf 87' lang='grc' dir='ltr'><strong>εὑ</strong></span> <span class='ocrx_word' id='word_1_723' title='bbox 2843 4620 3106 4688; x_wconf 87' lang='grc' dir='ltr'>μοίρησεν</span> <span class='ocrx_word' id='word_1_724' title='bbox 3132 4618 3212 4678; x_wconf 90' lang='grc' dir='ltr'>είς</span> <span class='ocrx_word' id='word_1_725' title='bbox 3241 4617 3301 4668; x_wconf 84' lang='grc' dir='ltr'><strong>τὸ</strong></span> <span class='ocrx_word' id='word_1_726' title='bbox 3325 4615 3516 4685; x_wconf 78' lang='grc' dir='ltr'>ἔλαχεν</span> <span class='ocrx_word' id='word_1_727' title='bbox 3544 4631 3712 4684; x_wconf 88' lang='grc' dir='ltr'>μετα-</span> 
     </span>
    </p>
   </div>
   <div class='ocr_carea' id='block_1_107' title="bbox 2128 4705 3708 4785">
    <p class='ocr_par' dir='ltr' id='par_1_107' title="bbox 2128 4705 3708 4785">
     <span class='ocr_line' id='line_1_108' title="bbox 2128 4705 3708 4785; baseline -0.007 -16"><span class='ocrx_word' id='word_1_728' title='bbox 2128 4714 2488 4785; x_wconf 80' lang='grc' dir='ltr'>λαμϐάνεται.</span> <span class='ocrx_word' id='word_1_729' title='bbox 2544 4711 2840 4782; x_wconf 80' lang='grc' dir='ltr'>Εύμοιρεϊν</span> <span class='ocrx_word' id='word_1_730' title='bbox 2897 4710 3006 4780; x_wconf 88' lang='grc' dir='ltr'>γὰρ</span> <span class='ocrx_word' id='word_1_731' title='bbox 3062 4709 3124 4761; x_wconf 82' lang='grc' dir='ltr'>τὸ</span> <span class='ocrx_word' id='word_1_732' title='bbox 3177 4705 3238 4761; x_wconf 84' lang='grc' dir='ltr'>εῦ</span> <span class='ocrx_word' id='word_1_733' title='bbox 3290 4706 3436 4778; x_wconf 78' lang='grc' dir='ltr'>ἔχειν</span> <span class='ocrx_word' id='word_1_734' title='bbox 3487 4708 3708 4777; x_wconf 79' lang='grc' dir='ltr'>μοίρας,</span> 
     </span>
    </p>
   </div>
   <div class='ocr_carea' id='block_1_108' title="bbox 2129 4797 3712 4877">
    <p class='ocr_par' dir='ltr' id='par_1_108' title="bbox 2129 4797 3712 4877">
     <span class='ocr_line' id='line_1_109' title="bbox 2129 4797 3712 4877; baseline -0.007 -17"><span class='ocrx_word' id='word_1_735' title='bbox 2129 4808 2300 4877; x_wconf 77' lang='grc' dir='ltr'>ἤγουν</span> <span class='ocrx_word' id='word_1_736' title='bbox 2335 4805 2574 4875; x_wconf 80' lang='grc' dir='ltr'>μερίδος,</span> <span class='ocrx_word' id='word_1_737' title='bbox 2603 4807 2853 4858; x_wconf 87' lang='grc' dir='ltr'>τουτέστι</span> <span class='ocrx_word' id='word_1_738' title='bbox 2887 4802 3107 4871; x_wconf 78' lang='grc' dir='ltr'>λαχοῦς’</span> <span class='ocrx_word' id='word_1_739' title='bbox 3143 4798 3441 4868; x_wconf 83' lang='grc' dir='ltr'>συνώνυμα</span> <span class='ocrx_word' id='word_1_740' title='bbox 3476 4798 3584 4866; x_wconf 81' lang='grc' dir='ltr'>γὰρ</span> <span class='ocrx_word' id='word_1_741' title='bbox 3613 4797 3712 4850; x_wconf 75' lang='grc' dir='ltr'>καὶ</span> 
     </span>
    </p>
   </div>
   <div class='ocr_carea' id='block_1_109' title="bbox 2130 4888 3711 4966">
    <p class='ocr_par' dir='ltr' id='par_1_109' title="bbox 2130 4888 3711 4966">
     <span class='ocr_line' id='line_1_110' title="bbox 2130 4888 3711 4966; baseline -0.008 -14"><span class='ocrx_word' id='word_1_742' title='bbox 2130 4898 2327 4952; x_wconf 83' lang='grc' dir='ltr'>ταῦτα.</span> <span class='ocrx_word' id='word_1_743' title='bbox 2364 4898 2436 4950; x_wconf 81' lang='grc' dir='ltr'><strong>Τὸ</strong></span> <span class='ocrx_word' id='word_1_744' title='bbox 2460 4896 2518 4951; x_wconf 87' lang='grc' dir='ltr'><strong>δέ</strong></span> <span class='ocrx_word' id='word_1_745' title='bbox 2542 4896 2703 4966; x_wconf 86' lang='grc' dir='ltr'><strong>τρίτη</strong></span> <span class='ocrx_word' id='word_1_746' title='bbox 2734 4894 2893 4965; x_wconf 85' lang='grc' dir='ltr'>ὡρῶν</span> <span class='ocrx_word' id='word_1_747' title='bbox 2921 4892 3199 4964; x_wconf 82' lang='grc' dir='ltr'>ήμερινῶν</span> <span class='ocrx_word' id='word_1_748' title='bbox 3235 4889 3462 4961; x_wconf 77' lang='grc' dir='ltr'>δηλαδὴ,</span> <span class='ocrx_word' id='word_1_749' title='bbox 3491 4888 3711 4957; x_wconf 84' lang='grc' dir='ltr'>θελήσει</span> 
     </span>
    </p>
   </div>
   <div class='ocr_carea' id='block_1_110' title="bbox 2133 4978 3708 5055">
    <p class='ocr_par' dir='ltr' id='par_1_110' title="bbox 2133 4978 3708 5055">
     <span class='ocr_line' id='line_1_111' title="bbox 2133 4978 3708 5055; baseline -0.006 -14"><span class='ocrx_word' id='word_1_750' title='bbox 2133 4988 2228 5040; x_wconf 76' lang='grc' dir='ltr'><strong>καὶ</strong></span> <span class='ocrx_word' id='word_1_751' title='bbox 2276 4988 2410 5040; x_wconf 78' lang='grc' dir='ltr'>αὐτὸ</span> <span class='ocrx_word' id='word_1_752' title='bbox 2456 4985 2554 5039; x_wconf 90' lang='grc' dir='ltr'>τοῦ</span> <span class='ocrx_word' id='word_1_753' title='bbox 2588 4982 2830 5055; x_wconf 86' lang='grc' dir='ltr'>μελῳδοῦ</span> <span class='ocrx_word' id='word_1_754' title='bbox 2874 4983 3051 5045; x_wconf 81' lang='grc' dir='ltr'>οὓτως</span> <span class='ocrx_word' id='word_1_755' title='bbox 3097 4983 3259 5052; x_wconf 86' lang='grc' dir='ltr'>ἐτέθη</span> <span class='ocrx_word' id='word_1_756' title='bbox 3300 4978 3708 5050; x_wconf 74' lang='grc' dir='ltr'>πληθυντικῶς·</span> 
     </span>
    </p>
   </div>
   <div class='ocr_carea' id='block_1_111' title="bbox 2134 5066 3714 5149">
    <p class='ocr_par' dir='ltr' id='par_1_111' title="bbox 2134 5066 3714 5149">
     <span class='ocr_line' id='line_1_112' title="bbox 2134 5066 3714 5149; baseline -0.006 -18"><span class='ocrx_word' id='word_1_757' title='bbox 2134 5079 2364 5149; x_wconf 77' lang='grc' dir='ltr'>ἠδύνατο</span> <span class='ocrx_word' id='word_1_758' title='bbox 2393 5080 2500 5149; x_wconf 74' lang='grc' dir='ltr'><strong>γὰρ</strong></span> <span class='ocrx_word' id='word_1_759' title='bbox 2523 5077 2642 5148; x_wconf 85' lang='grc' dir='ltr'><strong>ὥρα</strong></span> <span class='ocrx_word' id='word_1_760' title='bbox 2668 5077 2788 5130; x_wconf 77' lang='grc' dir='ltr'>κατ’</span> <span class='ocrx_word' id='word_1_761' title='bbox 2817 5074 3036 5130; x_wconf 80' lang='grc' dir='ltr'>εὐθείαν</span> <span class='ocrx_word' id='word_1_762' title='bbox 3061 5074 3270 5128; x_wconf 82' lang='grc' dir='ltr'>πτῶσιν</span> <span class='ocrx_word' id='word_1_763' title='bbox 3299 5075 3499 5137; x_wconf 80' lang='grc' dir='ltr'>εἰπεῖν,</span> <span class='ocrx_word' id='word_1_764' title='bbox 3530 5071 3619 5125; x_wconf 81' lang='grc' dir='ltr'>ίνα</span> <span class='ocrx_word' id='word_1_765' title='bbox 3643 5066 3714 5142; x_wconf 81' lang='grc' dir='ltr'>ἦν</span> 
     </span>
    </p>
   </div>
   <div class='ocr_carea' id='block_1_112' title="bbox 2138 5162 3715 5240">
    <p class='ocr_par' dir='ltr' id='par_1_112' title="bbox 2138 5162 3715 5240">
     <span class='ocr_line' id='line_1_113' title="bbox 2138 5162 3715 5240; baseline -0.005 -17"><span class='ocrx_word' id='word_1_766' title='bbox 2138 5172 2217 5223; x_wconf 84' lang='grc' dir='ltr'>ὅτι</span> <span class='ocrx_word' id='word_1_767' title='bbox 2254 5171 2413 5240; x_wconf 86' lang='grc' dir='ltr'><strong>τρίτη</strong></span> <span class='ocrx_word' id='word_1_768' title='bbox 2442 5169 2562 5240; x_wconf 85' lang='grc' dir='ltr'><strong>ὥρα</strong></span> <span class='ocrx_word' id='word_1_769' title='bbox 2619 5169 2651 5237; x_wconf 77' lang='grc' dir='ltr'><strong>ἢ</strong></span> <span class='ocrx_word' id='word_1_770' title='bbox 2688 5167 2881 5238; x_wconf 84' lang='grc' dir='ltr'>τριττὴ</span> <span class='ocrx_word' id='word_1_771' title='bbox 2930 5165 3057 5236; x_wconf 88' lang='grc' dir='ltr'>εῦρε</span> <span class='ocrx_word' id='word_1_772' title='bbox 3089 5165 3182 5218; x_wconf 71' lang='grc' dir='ltr'>καὶ</span> <span class='ocrx_word' id='word_1_773' title='bbox 3229 5164 3389 5234; x_wconf 79' lang='grc' dir='ltr'>ἑλαχε</span> <span class='ocrx_word' id='word_1_774' title='bbox 3421 5162 3519 5234; x_wconf 82' lang='grc' dir='ltr'><strong>τὴν</strong></span> <span class='ocrx_word' id='word_1_775' title='bbox 3543 5165 3715 5232; x_wconf 77' lang='grc' dir='ltr'>ἁγιω-</span> 
     </span>
    </p>
   </div>
   <div class='ocr_carea' id='block_1_113' title="bbox 2137 5257 3711 5332">
    <p class='ocr_par' dir='ltr' id='par_1_113' title="bbox 2137 5257 3711 5332">
     <span class='ocr_line' id='line_1_114' title="bbox 2137 5257 3711 5332; baseline -0.005 -18"><span class='ocrx_word' id='word_1_776' title='bbox 2137 5263 2308 5332; x_wconf 76' lang='grc' dir='ltr'><strong>τὰῖην</strong></span> <span class='ocrx_word' id='word_1_777' title='bbox 2357 5261 2572 5331; x_wconf 82' lang='grc' dir='ltr'>ἐκείνην</span> <span class='ocrx_word' id='word_1_778' title='bbox 2615 5261 2776 5332; x_wconf 83' lang='grc' dir='ltr'>χάριν</span> <span class='ocrx_word' id='word_1_779' title='bbox 2825 5257 2922 5312; x_wconf 92' lang='grc' dir='ltr'>τοῦ</span> <span class='ocrx_word' id='word_1_780' title='bbox 2947 5257 3288 5326; x_wconf 86' lang='grc' dir='ltr'>Πνεύματος,</span> <span class='ocrx_word' id='word_1_781' title='bbox 3320 5257 3491 5322; x_wconf 80' lang='grc' dir='ltr'>ὅπως,</span> <span class='ocrx_word' id='word_1_782' title='bbox 3525 5259 3711 5326; x_wconf 69' lang='grc' dir='ltr'>φησιν,</span> 
     </span>
    </p>
   </div>
   <div class='ocr_carea' id='block_1_114' title="bbox 2139 5348 3714 5423">
    <p class='ocr_par' dir='ltr' id='par_1_114' title="bbox 2139 5348 3714 5423">
     <span class='ocr_line' id='line_1_115' title="bbox 2139 5348 3714 5423; baseline -0.004 -18"><span class='ocrx_word' id='word_1_783' title='bbox 2139 5354 2440 5423; x_wconf 78' lang='grc' dir='ltr'>ὑπεμφήνῃ</span> <span class='ocrx_word' id='word_1_784' title='bbox 2507 5355 2617 5416; x_wconf 83' lang='grc' dir='ltr'>τοῖς</span> <span class='ocrx_word' id='word_1_785' title='bbox 2680 5351 3016 5420; x_wconf 85' lang='grc' dir='ltr'>θεολογικῶς</span> <span class='ocrx_word' id='word_1_786' title='bbox 3073 5349 3482 5413; x_wconf 68' lang='grc' dir='ltr'>ἐπιϐάλλουσιν,</span> <span class='ocrx_word' id='word_1_787' title='bbox 3545 5348 3714 5418; x_wconf 73' lang='grc' dir='ltr'>ηγουν</span> 
     </span>
    </p>
   </div>
   <div class='ocr_carea' id='block_1_115' title="bbox 2139 5439 3718 5515">
    <p class='ocr_par' dir='ltr' id='par_1_115' title="bbox 2139 5439 3718 5515">
     <span class='ocr_line' id='line_1_116' title="bbox 2139 5439 3718 5515; baseline -0.005 -17"><span class='ocrx_word' id='word_1_788' title='bbox 2139 5447 2378 5515; x_wconf 74' lang='grc' dir='ltr'>ἔμφασιν</span> <span class='ocrx_word' id='word_1_789' title='bbox 2401 5446 2562 5498; x_wconf 85' lang='grc' dir='ltr'>δώσει</span> <span class='ocrx_word' id='word_1_790' title='bbox 2583 5444 2656 5508; x_wconf 84' lang='grc' dir='ltr'><strong>ὡς</strong></span> <span class='ocrx_word' id='word_1_791' title='bbox 2679 5439 2790 5498; x_wconf 73' lang='grc' dir='ltr'>οἷον</span> <span class='ocrx_word' id='word_1_792' title='bbox 2817 5444 3146 5515; x_wconf 78' lang='grc' dir='ltr'>ἐνοπτρικην</span> <span class='ocrx_word' id='word_1_793' title='bbox 3172 5444 3265 5495; x_wconf 75' lang='grc' dir='ltr'>καὶ</span> <span class='ocrx_word' id='word_1_794' title='bbox 3291 5441 3551 5494; x_wconf 80' lang='grc' dir='ltr'>ὑπόνοιαν</span> <span class='ocrx_word' id='word_1_795' title='bbox 3576 5439 3718 5493; x_wconf 84' lang='grc' dir='ltr'><strong>κατὰ</strong></span> 
     </span>
    </p>
   </div>
   <div class='ocr_carea' id='block_1_116' title="bbox 2141 5527 3716 5606">
    <p class='ocr_par' dir='ltr' id='par_1_116' title="bbox 2141 5527 3716 5606">
     <span class='ocr_line' id='line_1_117' title="bbox 2141 5527 3716 5606; baseline -0.004 -18"><span class='ocrx_word' id='word_1_796' title='bbox 2141 5537 2426 5606; x_wconf 82' lang='grc' dir='ltr'>ὲναγωγὴν</span> <span class='ocrx_word' id='word_1_797' title='bbox 2456 5535 2850 5606; x_wconf 76' lang='grc' dir='ltr'>εἰσαγωγικὴν,</span> <span class='ocrx_word' id='word_1_798' title='bbox 2878 5535 3061 5590; x_wconf 77' lang='grc' dir='ltr'>σέϐειν</span> <span class='ocrx_word' id='word_1_799' title='bbox 3082 5536 3231 5604; x_wconf 77' lang='grc' dir='ltr'>τρεῖς</span> <span class='ocrx_word' id='word_1_800' title='bbox 3259 5531 3590 5595; x_wconf 82' lang='grc' dir='ltr'>ὑποστάσεις</span> <span class='ocrx_word' id='word_1_801' title='bbox 3620 5527 3716 5583; x_wconf 89' lang='grc' dir='ltr'><strong>τοῦ</strong></span> 
     </span>
    </p>
   </div>
   <div class='ocr_carea' id='block_1_117' title="bbox 2142 5622 3720 5698">
    <p class='ocr_par' dir='ltr' id='par_1_117' title="bbox 2142 5622 3720 5698">
     <span class='ocr_line' id='line_1_118' title="bbox 2142 5622 3720 5698; baseline -0.006 -16"><span class='ocrx_word' id='word_1_802' title='bbox 2142 5631 2259 5692; x_wconf 78' lang='grc' dir='ltr'>ἐνὸς</span> <span class='ocrx_word' id='word_1_803' title='bbox 2290 5629 2427 5683; x_wconf 86' lang='grc' dir='ltr'>Θεοῦ</span> <span class='ocrx_word' id='word_1_804' title='bbox 2464 5633 2521 5683; x_wconf 86' lang='grc' dir='ltr'><strong>ἐν</strong></span> <span class='ocrx_word' id='word_1_805' title='bbox 2550 5629 2815 5698; x_wconf 81' lang='grc' dir='ltr'>ἁπλότητι</span> <span class='ocrx_word' id='word_1_806' title='bbox 2853 5626 3127 5692; x_wconf 59' lang='grc' dir='ltr'>ἐξουσίας,</span> <span class='ocrx_word' id='word_1_807' title='bbox 3168 5627 3197 5679; x_wconf 84' lang='grc' dir='ltr'><strong>ὅ</strong></span> <span class='ocrx_word' id='word_1_808' title='bbox 3241 5629 3358 5678; x_wconf 86' lang='grc' dir='ltr'>ἐστι</span> <span class='ocrx_word' id='word_1_809' title='bbox 3391 5624 3580 5693; x_wconf 73' lang='grc' dir='ltr'>μονάδι</span> <span class='ocrx_word' id='word_1_810' title='bbox 3624 5622 3720 5675; x_wconf 84' lang='grc' dir='ltr'><strong>οὑ-</strong></span> 
     </span>
    </p>
   </div>
   <div class='ocr_carea' id='block_1_118' title="bbox 464 5715 2010 5813">
    <p class='ocr_par' dir='ltr' id='par_1_118' title="bbox 464 5726 2010 5813">
     <span class='ocr_line' id='line_1_119' title="bbox 464 5726 2010 5813; baseline -0.015 -16"><span class='ocrx_word' id='word_1_811' title='bbox 464 5755 711 5813; x_wconf 69' lang='lat' dir='ltr'><strong>personae</strong></span> <span class='ocrx_word' id='word_1_812' title='bbox 757 5735 924 5799; x_wconf 83' lang='lat' dir='ltr'><strong>unius</strong></span> <span class='ocrx_word' id='word_1_813' title='bbox 966 5732 1058 5786; x_wconf 88' lang='lat' dir='ltr'><strong>Dei</strong></span> <span class='ocrx_word' id='word_1_814' title='bbox 1101 5732 1152 5783; x_wconf 90' lang='lat' dir='ltr'><strong>in</strong></span> <span class='ocrx_word' id='word_1_815' title='bbox 1183 5729 1532 5800; x_wconf 89' lang='lat' dir='ltr'><strong>simplicitate</strong></span> <span class='ocrx_word' id='word_1_816' title='bbox 1591 5727 1930 5790; x_wconf 71' lang='lat' dir='ltr'><strong>substantiae,</strong></span> <span class='ocrx_word' id='word_1_817' title='bbox 1987 5726 2010 5778; x_wconf 51' lang='lat' dir='ltr'><strong>ii</strong></span> 
     </span>
    </p>
   </div>
   <div class='ocr_carea' id='block_1_119' title="bbox 2111 5715 3726 5813">
    <p class='ocr_par' dir='ltr' id='par_1_119' title="bbox 2146 5715 3726 5793">
     <span class='ocr_line' id='line_1_120' title="bbox 2146 5715 3726 5793; baseline -0.006 -19"><span class='ocrx_word' id='word_1_818' title='bbox 2146 5724 2291 5784; x_wconf 77' lang='grc' dir='ltr'>σίας,</span> <span class='ocrx_word' id='word_1_819' title='bbox 2320 5723 2394 5786; x_wconf 82' lang='grc' dir='ltr'><strong>ὥς</strong></span> <span class='ocrx_word' id='word_1_820' title='bbox 2421 5721 2816 5793; x_wconf 82' lang='grc' dir='ltr'>δηλωθήσεται.</span> <span class='ocrx_word' id='word_1_821' title='bbox 2866 5719 3027 5772; x_wconf 80' lang='grc' dir='ltr'>Ἀλλὰ</span> <span class='ocrx_word' id='word_1_822' title='bbox 3045 5717 3202 5772; x_wconf 90' lang='grc' dir='ltr'>τοῦτο</span> <span class='ocrx_word' id='word_1_823' title='bbox 3224 5717 3322 5788; x_wconf 83' lang='grc' dir='ltr'>μὲν</span> <span class='ocrx_word' id='word_1_824' title='bbox 3350 5719 3474 5770; x_wconf 81' lang='grc' dir='ltr'>τότε</span> <span class='ocrx_word' id='word_1_825' title='bbox 3507 5715 3726 5786; x_wconf 86' lang='grc' dir='ltr'>πρῶτον</span> 
     </span>
    </p>
   </div>
   <div class='ocr_carea' id='block_1_120' title="bbox 465 5817 2031 5902">
    <p class='ocr_par' dir='ltr' id='par_1_120' title="bbox 465 5817 2031 5902">
     <span class='ocr_line' id='line_1_121' title="bbox 465 5817 2031 5902; baseline -0.013 -11"><span class='ocrx_word' id='word_1_826' title='bbox 465 5843 571 5902; x_wconf 87' lang='lat' dir='ltr'><strong>est,</strong></span> <span class='ocrx_word' id='word_1_827' title='bbox 606 5831 815 5887; x_wconf 87' lang='lat' dir='ltr'><strong>unitate</strong></span> <span class='ocrx_word' id='word_1_828' title='bbox 845 5826 1118 5888; x_wconf 78' lang='lat' dir='ltr'><strong>essentiae,</strong></span> <span class='ocrx_word' id='word_1_829' title='bbox 1165 5823 1310 5879; x_wconf 88' lang='lat' dir='ltr'><strong>sicut</strong></span> <span class='ocrx_word' id='word_1_830' title='bbox 1357 5821 1838 5876; x_wconf 85' lang='lat' dir='ltr'><strong>demonstrabitur.</strong></span> <span class='ocrx_word' id='word_1_831' title='bbox 1869 5819 1938 5871; x_wconf 85' lang='lat' dir='ltr'><strong>At</strong></span> <span class='ocrx_word' id='word_1_832' title='bbox 1973 5817 2031 5872; x_wconf 86' lang='lat' dir='ltr'><strong>il-</strong></span> 
     </span>
    </p>
   </div>
   <div class='ocr_carea' id='block_1_121' title="bbox 2146 5807 3715 5887">
    <p class='ocr_par' dir='ltr' id='par_1_121' title="bbox 2146 5807 3715 5887">
     <span class='ocr_line' id='line_1_122' title="bbox 2146 5807 3715 5887; baseline -0.008 -18"><span class='ocrx_word' id='word_1_833' title='bbox 2146 5818 2202 5869; x_wconf 80' lang='grc' dir='ltr'><strong>ἐν</strong></span> <span class='ocrx_word' id='word_1_834' title='bbox 2234 5819 2299 5887; x_wconf 82' lang='grc' dir='ltr'>τῇ</span> <span class='ocrx_word' id='word_1_835' title='bbox 2332 5814 2488 5868; x_wconf 79' lang='grc' dir='ltr'>Σιών⁸</span> <span class='ocrx_word' id='word_1_836' title='bbox 2515 5817 2573 5868; x_wconf 78' lang='grc' dir='ltr'><strong>ἐν</strong></span> <span class='ocrx_word' id='word_1_837' title='bbox 2601 5814 2656 5868; x_wconf 80' lang='grc' dir='ltr'>δὲ</span> <span class='ocrx_word' id='word_1_838' title='bbox 2683 5817 2750 5885; x_wconf 72' lang='grc' dir='ltr'><strong>τῇ</strong></span> <span class='ocrx_word' id='word_1_839' title='bbox 2782 5811 2903 5866; x_wconf 78' lang='grc' dir='ltr'>καθ’</span> <span class='ocrx_word' id='word_1_840' title='bbox 2929 5813 3081 5883; x_wconf 81' lang='grc' dir='ltr'>ἡμᾶς</span> <span class='ocrx_word' id='word_1_841' title='bbox 3113 5812 3358 5881; x_wconf 82' lang='grc' dir='ltr'>σήμερον</span> <span class='ocrx_word' id='word_1_842' title='bbox 3385 5807 3715 5880; x_wconf 58' lang='grc' dir='ltr'>ἑορταστικῆ</span> 
     </span>
    </p>
   </div>
  </div>
