4034 6414
427 381 532 446 68⁸)
1218 392 1303 450 ΙΝ
1333 393 1671 450 HYMNUM
1720 393 2366 450 PENTECOSTALEM
2410 393 2866 450 DAMASCENI.
3566 385 3672 450 690

427 493 524 548 τοῦ
549 493 828 568 θαύματος
858 498 1068 554 ἐκείνου
1095 501 1342 573 ἀθροίσει
1371 504 1430 572 ἐν
1462 505 1562 575 μιᾷ
1583 502 1806 574 ἡμερῶν
1834 501 2000 572 κυρίᾳ

2108 501 2197 557 Iud
2229 502 2446 571 quidem
2492 511 2605 555 tum
2644 516 2880 572 primum
2911 501 2963 553 in
3009 496 3140 553 Sion
3204 496 3405 553 factum
3457 505 3560 551 est.
3617 498 3672 550 ln

426 588 526 640 οὐκ
549 589 898 658 ἐμφαντικῶς
962 595 1057 646 καὶ
1085 595 1421 664 ὲνοπτρικῶς
1460 596 1690 666 νοοῦμεν
1721 597 1818 666 τὴν
1844 613 1996 667 τρισ-

428 679 731 704 .._1-_____.
765 683 975 704 A-!A,A-,
1048 686 1197 704 ..εει
1391 689 1409 704 \
1463 689 1520 704 ρο
1724 691 1736 704 ο
1816 692 1838 704 ει
1971 689 1985 704 ι

2108 594 2206 650 hac
2265 603 2443 650 autem
2477 603 2664 650 nostra
2717 593 3158 664 congregatione,
3205 607 3327 661 qua:
3387 592 3446 646 ﬁt
3471 593 3522 645 in
3567 607 3672 646 una

2344 686 2615 704 “sese.--
2682 685 2741 704 _.
2801 683 3169 704 -_._L___.___-
3369 683 3670 704 __-,,,_,A_-

1218 392 1303 454 IN
1333 393 1671 455 HYMNUM
1720 393 2366 455 PENTECOSTALEM
2410 374 2866 456 DAMASCENT.

428 679 732 736 υπόστατον
765 683 1013 753 θεότητα.
1048 686 1210 742 Ἀλλὰ
1247 689 1676 759 καταλαϐόμενοι
1721 691 1897 742 ἐκεῖνο
1937 689 1997 742 τὸ

425 766 662 838 τρίωρον
707 772 828 825 κατ’
868 773 1106 843 ἔμφασιν
1157 777 1385 848 αἴνιγμα
1420 777 1557 849 πρὸς
1590 778 1995 852 ἀκριϐεστάτην

428 860 526 911 καὶ
553 861 1032 937 ἁκραιφνεστάτην
1071 870 1165 922 καὶ
1190 868 1364 933 οὕτως
1405 871 1827 942 ἐμφανεστάτην
1866 870 2012 941 ἀλήο.

429 949 604 1004 θειαψ
637 956 730 1006 καὶ
769 957 902 1027 ὁρᾷν
945 958 1381 1030 όφθαλμοφανῶς
1414 961 1696 1026 δοκοῦντες
1730 962 1788 1014 σὲ
1819 963 1910 1015 τὸν
1941 963 1998 1015 ὲν

426 1045 575 1113 τρισὶ
619 1050 933 1116 προσώποις
979 1049 1076 1104 ἕνα
1123 1052 1277 1115 Θεὸν,
1311 1053 1402 1106 τὸν
1434 1054 1584 1117 Υίὶν,
1617 1056 1712 1108 καὶ
1748 1053 1996 1124 Πατέρα,

432 1137 526 1187 καὶ
558 1137 803 1208 Πνεῦμα,
833 1142 1065 1213 λέγομεν
1100 1145 1198 1200 καὶ
1228 1145 1445 1218 βοῶμεν
1480 1149 1574 1203 καὶ
1602 1145 1880 1217 ψάλλομέν
1914 1163 1997 1200 σοι

426 1227 512 1290 τὸ,
549 1228 850 1302 Εὐλογητὸς
877 1230 945 1286 εἶ.

505 1501 643 1566 ροη’.
687 1498 797 1551 Καὶ
827 1499 930 1570 ὅρα
962 1500 1022 1555 τδ
1065 1504 1121 1556 ἐν
1152 1505 1254 1576 μιᾷ
1290 1507 1512 1578 ἡμερῶν
1559 1508 1894 1580 συνηγοροῦν
1921 1510 2000 1582 τῷ

425 1587 584 1657 τρίτη
609 1588 790 1658 ὡρῶν,
815 1593 892 1656 ὡς
920 1594 1358 1667 ἀναγέγραπται·
1391 1600 1437 1651 εἰ
1466 1601 1540 1670 μή
1571 1618 1655 1664 τις
1681 1601 1741 1654 τὸ
1774 1604 2000 1673 ἡμερῶν

423 1682 490 1750 τῇ
549 1683 715 1753 κυρίᾳ
764 1686 1014 1753 συντάξει
1055 1687 1354 1758 κολλήσας,
1384 1691 1578 1746 καθότι
1623 1695 1655 1763 ή
1699 1693 1833 1764 παρ’
1867 1696 2000 1764 ἡμῖν

423 1771 650 1841 τοιαύτη
686 1773 1012 1846 ἐορταστικὴ
1075 1779 1240 1849 κυρία
1267 1782 1386 1836 ἐστὶ
1430 1784 1523 1835 καὶ
1553 1783 1690 1854 αὐτὴ
1719 1784 1830 1839 τῶν
1873 1788 1997 1852 ἑφε-

426 1859 524 1928 ξῆς
558 1863 788 1932 ⁴ίιμερῶν
815 1863 884 1918 δι’
905 1844 1378 1939 (ὒν-ἀπαρτίζεται
1410 1874 1443 1942 ή
1490 1844 1748 1944 ἑϐδομάς.
1782 1875 1894 1946 Τὴν
1915 1844 1997 1930 ’δὲ
2034 1844 2073 1897 Β

425 1955 587 2023 χάριν
616 1955 790 2008 εἰπὼν
822 1959 963 2026 μετὰ
1009 1959 1238 2032 ἄρθρου,
1273 1963 1398 2017 κατ’
1436 1966 1714 2035 ἐξαίρετον
1758 1968 1997 2038 ἐδήλωσε

425 2048 524 2118 τὴν
553 2049 647 2102 τοῦ
699 2051 860 2120 ἁγίου
915 2055 1236 2124 Πνεύματος
1290 2058 1348 2110 ἐν
1403 2058 1650 2128 σχήματι
1683 2058 1898 2130 ὲξοχῆς·
1933 2061 2000 2132 ἢν

423 2142 588 2212 χάριν
615 2145 642 2196 ό
670 2143 812 2212 ἔχων
837 2146 1154 2216 πέπλησται
1188 2148 1297 2202 τῶν
1322 2151 1670 2219 κρειττόνων,
1701 2153 1795 2206 καὶ
1823 2153 1997 2218 οὕτως

424 2235 715 2305 αὐτάρκως
766 2237 903 2308 ἔχει,
944 2240 1051 2293 κᾶν
1075 2242 1246 2311 μυρία
1281 2242 1558 2313 θλίόηται,
1603 2244 1678 2309 ὡς
1729 2246 1828 2300 τοῦ
1861 2248 1999 2301 Θεοῦ

424 2327 702 2390 παντοίως
738 2331 1214 2401 ἐπισκεπτομένου
1267 2335 1454 2388 αὐτόν’
1491 2339 1586 2392 καὶ
1637 2338 1797 2391 τοῦτο
1849 2340 2002 2408 δηλοῖ

423 2420 452 2472 ὁ
482 2419 689 2472 ἐκεῖθεν
715 2422 798 2489 ἐφ’
829 2419 908 2484 οἷς
935 2423 1113 2476 ἐδέετο
1137 2424 1324 2494 μαθὼν
1349 2428 1432 2494 τὸ,
1468 2429 1656 2500 Ἀρκεῖ
1679 2447 1760 2484 σοι
1782 2433 1816 2502 ἡ
1841 2434 1999 2503 χάρις

429 2524 558 2576 μου⁶
595 2510 627 2579 ἡ
671 2512 729 2564 δὲ
780 2513 1018 2585 ἁπλότης
1073 2516 1308 2570 ἐνταῦθα
1349 2519 1410 2570 οὐ
1455 2520 1554 2589 τὴν
1583 2522 1790 2592 συνήθη
1823 2523 1996 2592 δηλοῖ,

425 2600 550 2654 καθ’
579 2603 644 2672 ῆν
677 2604 886 2667 ἁπλοῦς
915 2624 996 2668 τις
1031 2607 1343 2662 πεπλάσθαί
1371 2627 1560 2679 φησιν,
1585 2613 1722 2666 ἀλλὰ
1744 2613 1804 2666 τὸ
1835 2615 2000 2685 μονῆ-

426 2712 524 2766 ρες
553 2696 646 2748 καὶ
681 2697 973 2751 ἀσύνθετον
1006 2702 1100 2753 καὶ
1133 2702 1416 2755 ἁποίκιλον
1459 2705 1558 2772 τῆς
1589 2706 1752 2773 ἁγίας
1784 2707 2000 2777 Τριαδι-

425 2785 530 2855 κῆς
573 2785 848 2852 ἐξουσίας.
887 2789 952 2843 Ἠ
1004 2791 1060 2844 δὲ
1117 2792 1337 2856 ἐξουσία
1394 2797 1452 2848 ἐν
1487 2795 1701 2860 τούτοις
1756 2798 1855 2850 οὐκ
1907 2799 2000 2853 ἐπὶ

423 2877 709 2948 δυνάμεως
737 2881 923 2944 ἁπλῶς
955 2884 1506 2953 κυριολεκτεῑται,ὡς
1528 2886 1836 2955 εἰθίσμεθα,
1865 2889 2000 2942 ἀλλὰ

431 2971 671 3038 μάλιστα
700 2973 886 3027 οὐσίαν
913 2973 1065 3043 δηλοῖ
1094 2975 1438 3046 ὲξοχωτάτην
1471 2977 1572 3030 ὑπε
1585 2979 1820 3046 ρούσιον,
1853 2981 1998 3051 ἥπερ

423 3063 572 3114 ἐστὶν
601 3067 628 3116 ό
662 3063 816 3130 Θεὸς,
853 3065 945 3136 τῆς
977 3066 1052 3130 ἐξ
1087 3069 1399 3137 προθέσεως
1430 3070 1523 3122 καὶ
1553 3069 1648 3124 νῦν
1678 3073 2000 3144 ἐπιτατικὴν

2103 686 2310 740 dierum
2344 686 2647 753 Dominica,
2677 685 2746 741 ad
2791 683 3173 741 celebrandum
3237 687 3340 738 hoc
3369 683 3673 753 prodigium

2102 791 2210 830 non
2249 787 2502 846 tanquam
2545 777 2596 830 in
2623 777 3104 848 repraesentatione
3151 783 3206 829 et
3239 774 3293 828 in
3352 773 3678 844 speculodi-

2102 866 2380 922 vinitatem
2414 869 2469 923 in
2522 867 2698 924 tribus
2745 867 3014 938 personis,
3059 865 3361 936 cogitamus
3396 879 3412 930 ;
3455 862 3548 916 sed
3573 863 3676 916 hoc

2101 960 2264 1013 trium
2331 960 2589 1016 horarum
2655 958 3160 1030 repraesentativum
3219 957 3451 1026 aenigma
3513 954 3670 1023 juxta

2100 1051 2471 1121 purissimam,
2551 1051 3020 1108 accuratissimam
3080 1059 3135 1103 et
3163 1048 3235 1103 ita
3285 1044 3667 1101 manifesussi-

2101 1159 2246 1198 mam
2289 1144 2568 1198 veritatem
2638 1142 3048 1204 intelleximus;
3095 1150 3148 1194 et
3177 1139 3557 1193 existimantes
3591 1135 3674 1190 vi-

2101 1235 2333 1292 sibiliter
2383 1233 2582 1290 intueri
2618 1245 2669 1289 te
2703 1235 2757 1288 in
2808 1234 2981 1287 tribus
3012 1232 3262 1303 personis
3295 1245 3463 1284 unum
3499 1227 3672 1284 Deum

2099 1327 2324 1393 Filium,
2381 1337 2435 1383 et
2477 1329 2715 1392 Patrem,
2753 1335 2805 1380 et
2865 1325 3152 1395 Spiritum,
3205 1322 3440 1377 dicimus
3477 1329 3530 1375 et
3562 1320 3675 1374 cla-

2105 1436 2318 1476 mamus
2349 1429 2402 1474 et
2437 1420 2715 1490 psallimus
2747 1417 2843 1472 tibi
2880 1435 2893 1470 :
2928 1414 3252 1470 Benedictus
3279 1428 3361 1469 es.

2173 1512 2294 1566 178.
2333 1513 2395 1566 Ει
2430 1514 2548 1568 vide
2587 1511 2938 1571 locutionem,
2977 1510 3030 1562 in
3063 1523 3170 1562 una
3213 1509 3421 1561 dierum
3447 1521 3676 1578 congre-

2103 1607 2262 1678 garit,
2290 1605 2528 1660 dictione
2580 1603 2738 1674 τρίτη
2782 1601 2943 1671 ὡρῶν
2986 1600 3154 1654 fuisse
3181 1597 3507 1653 delineatam
3533 1613 3549 1663 ;
3576 1596 3674 1650 nisi

2104 1699 2226 1767 quis
2280 1697 2338 1749 τὺ
2367 1695 2594 1766 ἡμερῶν
2619 1694 2685 1764 τῇ
2723 1693 2889 1762 κυρίᾳ
2936 1691 3152 1762 syntaxi
3188 1687 3509 1758 coniungat,
3544 1701 3677 1756 qua-

2107 1798 2266 1843 tenus
2297 1786 2439 1857 apud
2471 1800 2570 1840 nos
2604 1784 2722 1838 dies
2754 1783 3072 1852 hujusmodi
3109 1780 3300 1836 festiva
3348 1779 3515 1850 κυρία
3558 1779 3678 1831 ἐστὶ

2109 1879 2350 1953 (domina
2386 1876 2492 1945 est)
2522 1877 2639 1945 ipsa
2667 1873 3114 1944 subsequentium
3169 1871 3410 1933 dierum,
3475 1868 3677 1932 quibus

2110 1969 2444 2026 hebdomada
2501 1966 2873 2036 componitur.
2937 1965 3072 2018 Cum
3123 1971 3306 2016 autem
3361 1961 3460 2028 τὴν
3513 1961 3676 2029 χάριν

2108 2073 2230 2114 cum
2267 2057 2504 2112 articulo
2547 2055 2766 2120 dixerit,
2799 2055 2996 2110 eximie
3048 2053 3277 2124 gratiam
3335 2051 3574 2122 Spiritus
3623 2051 3675 2104 in

2109 2164 2364 2219 supremo
2395 2149 2567 2219 gradu
2601 2147 2967 2219 significavit;
2996 2160 3160 2216 quam
3209 2143 3438 2215 gratiam
3471 2143 3679 2197 habens

2109 2241 2426 2295 melioribus
2462 2239 2723 2309 repletur,
2743 2247 2798 2290 et
2821 2237 2921 2302 sic,
2955 2237 3080 2292 licet
3127 2235 3274 2290 mille
3299 2233 3679 2290 tribulatioucs

2108 2333 2398 2398 sustineat,
2443 2340 2700 2400 tanquam
2755 2330 2864 2384 Deo
2901 2327 3221 2384 omnimodo
3253 2342 3378 2381 eum
3423 2325 3679 2380 visitante

2113 2425 2248 2480 satis
2285 2423 2468 2477 habet.
2499 2423 2565 2476 Et
2598 2425 2701 2476 hoc
2741 2423 3082 2477 demonstrat
3109 2420 3201 2475 ille
3224 2419 3316 2489 qui
3343 2417 3558 2481 exinde,
3592 2416 3679 2470 ubi

2107 2517 2333 2571 deerant
2372 2514 2562 2579 multa,
2588 2513 2813 2568 didicit:
2848 2512 3062 2568 Sufﬁcit
3088 2512 3186 2566 tibi
3214 2509 3385 2581 gratia
3418 2523 3556 2563 mea.
3582 2507 3684 2561 llic

2107 2619 2287 2663 autem
2329 2607 2654 2678 simplicitas
2692 2623 2797 2661 non
2837 2608 2978 2662 hanc
3009 2606 3282 2676 signiﬁcat
3311 2617 3678 2669 communem,

2102 2708 2258 2775 juxta
2318 2720 2480 2774 quam
2522 2703 2719 2774 aliquis
2752 2704 2983 2772 simplex
3052 2703 3254 2758 dicitur
3320 2715 3444 2757 esse
3501 2699 3680 2762 tictus,

2107 2795 2200 2852 sed
2235 2803 2438 2850 sancta:
2458 2793 2744 2850 Trinitatis
2788 2793 3107 2849 substantiae
3164 2795 3450 2859 unitatem,
3479 2789 3688 2859 absque

2107 2886 2503 2957 compositione
2533 2898 2586 2940 et
2620 2890 2900 2942 varietate.
2937 2885 2994 2940 ln
3033 2886 3114 2940 his
3167 2896 3349 2940 autem
3397 2885 3431 2955 ή
3456 2881 3678 2948 ἐξουσία

2109 2994 2218 3034 non
2264 2978 2587 3048 simpliciter
2622 2979 2780 3048 juxta
2812 2994 3015 3033 morem
3058 2979 3125 3033 de
3175 2977 3412 3047 potentia
3471 2974 3688 3044 proprie

2107 3055 2328 3136 dicitur,
2378 3072 2471 3126 sed
2505 3071 2682 3140 potius
2730 3069 3093 3125 substantiam
3147 3067 3353 3122 indicat
3417 3073 3685 3135 prastan~

423 3153 691 3222 δηλούσης
727 3155 1021 3227 ὑπεροχὴν,
1060 3158 1134 3221 ὡς
1159 3161 1250 3212 καὶ
1297 3161 1356 3212 ὲν
1396 3159 1493 3230 τῷ,
1533 3161 1874 3230 ἐξώγκωται,
1903 3167 1998 3218 καὶ

2108 3163 2374 3218 tissimam
2432 3175 2486 3218 et
2535 3163 3136 3233 supersubstantialcm,
3201 3176 3323 3230 qua:
3370 3159 3512 3214 Deus
3580 3163 3682 3220 est,

427 3250 487 3302 ἐν
519 3250 598 3320 τῷ
629 3251 882 3314 Ἔκδικος
914 3253 942 3304 ὁ
974 3253 1110 3321 ἄγαν
1157 3255 1388 3319 δίκαιος,
1435 3256 1527 3308 καὶ
1561 3257 1617 3308 ἐν
1644 3261 1753 3321 τοῖς
1772 3260 1999 3328 ὁμοίοις,

2108 3253 2384 3322 proposita
2453 3253 2716 3323 particula
2775 3253 2834 3316 ἐξ
2892 3253 3056 3306 etiam
3109 3267 3258 3305 nunc
3316 3247 3679 3304 ordinativam

425 3343 555 3409 περί
583 3336 658 3396 ὧν
687 3344 1132 3414 προγέγραπται.
1169 3346 1242 3397 Τὸ
1275 3347 1332 3400 δὲ
1361 3347 1418 3399 ὲν
1453 3349 1552 3418 μιᾷ
1589 3349 1723 3419 πρὸς
1758 3351 1818 3404 τὸ
1842 3353 2002 3422 τρίτη

2108 3345 2448 3413 signiﬁcante
2497 3343 2832 3413 superiorem
2862 3343 3204 3414 dignitatem,
3247 3341 3391 3396 sicut
3423 3339 3480 3393 in
3524 3339 3628 3392 hoc
3670 3355 3684 3392 :

425 3433 628 3503 ἀφορᾷ,
666 3433 755 3488 τνα
804 3436 1015 3504 νοῶμεν
1051 3435 1126 3500 ὡς
1175 3439 1295 3493 τότε
1332 3438 1433 3507 μὲν
1482 3439 1539 3492 αἰ
1573 3443 1724 3509 τρεῖς
1766 3435 1905 3514 ὧραι
1945 3445 2005 3497 τὸ

2108 3433 2448 3502 ὲξώγκωται,
2476 3446 2528 3489 et
2556 3434 2611 3488 in
2636 3436 2738 3489 hoc
2769 3452 2782 3488 :
2819 3434 3034 3495 ἔκδικος
3069 3432 3182 3503 (qui
3212 3427 3601 3498 uimisjustus)
3634 3435 3690 3482 et

423 3526 864 3595 τρισυπόστατον
919 3528 1298 3600 ὕπεσήμαινον
1349 3530 1450 3598 τῆς
1487 3531 1765 3602 θεότητος,
1806 3533 1900 3588 νῦν
1949 3535 2006 3588 δὲ

2109 3525 2164 3580 iit
2208 3527 2497 3595 similibus,
2533 3527 2598 3582 de
2622 3527 2824 3597 quibus
2854 3535 2980 3581 ante
3013 3525 3278 3594 scriptum
3304 3531 3408 3578 est.
3449 3520 3564 3575 lloc
3587 3535 3691 3576 au-

424 3615 557 3685 παρ’
591 3617 724 3686 ἡμῖν
763 3619 820 3670 ἐν
872 3618 972 3688 μιᾷ
1000 3619 1256 3689 κυριακῇ
1306 3618 1369 3671 τὸ
1413 3618 1618 3670 ἁπλοῦν
1666 3619 1758 3672 καὶ
1807 3621 2009 3675 ὲνιαῖον

2111 3627 2219 3674 tein
2251 3657 2268 3684 ,
2318 3621 2376 3672 ὲν
2415 3621 2534 3690 μιᾷ,
2597 3620 2662 3674 ad
2732 3619 2838 3674 hoc
2890 3618 3069 3689 τρίτη,
3117 3615 3359 3685 respicit,
3415 3624 3474 3669 ut
3525 3613 3688 3667 intel-

427 3709 525 3779 τῆς
556 3709 858 3779 εἰρημένης
883 3709 1132 3774 ἐξουσίας
1163 3709 1441 3778 δηλοῦται.

2115 3709 2347 3780 ligantus
2393 3721 2522 3766 tunc
2573 3711 2790 3781 quideut
2829 3711 3005 3764 tribus
3023 3707 3358 3764 horisinnui
3384 3705 3692 3762 Divinitatis

427 3804 750 3868 trinitatem,
787 3818 932 3857 nunc
973 3817 1104 3857 vero
1151 3803 1293 3872 apud
1338 3817 1436 3856 nos
1471 3803 1530 3856 ὲν
1602 3804 1702 3872 μιᾷ
1755 3805 2022 3876 Κυριακῇ

2108 3819 2199 3858 tua
2220 3804 2432 3859 dierum
2470 3805 2770 3874 Dominica)
2843 3801 3251 3872 simplicitatem
3317 3811 3373 3858 et
3424 3802 3688 3858 unitatem

428 3897 584 3953 dictae
615 3896 974 3967 praecellentis
1041 3895 1361 3951 substantiae
1406 3897 1791 3951 demonstrari.

506 3989 636 4060 ροθ’.
691 3988 780 4039 Ἐν
813 3985 869 4038 δὲ
899 3984 1004 4054 τῷ,
1037 3984 1188 4049 Υἱὸς,
1225 3985 1436 4055 Πατὴρ,
1473 3986 1570 4038 καὶ
1593 3986 1818 4056 Πνεῦμα
1855 3987 2006 4040 εὐλο-

428 4082 596 4150 γητὸς
636 4076 704 4144 εἰ,
739 4078 959 4150 νοητέον
1004 4077 1103 4148 μὲν
1157 4079 1448 4142 Ἀττικῶς,
1475 4074 1547 4132 Ὦ
1575 4079 1694 4144 Υἱὲ,
1720 4073 1766 4133 ὧ
1801 4081 2002 4150 Πάτερ,

427 4167 473 4227 ὦ
505 4171 750 4241 Πνεῦμα·
797 4169 1118 4238 συννοητὲον
1148 4169 1204 4224 δὲ
1235 4172 1329 4225 καὶ
1358 4171 1440 4224 ὃτι
1461 4171 1544 4238 τὸ,
1575 4171 1885 4243 Εὐλογητὸς
1927 4169 2000 4238 εῐ,

429 4265 708 4337 ἒπηνέχθη
736 4262 931 4326 ἑνικῶς
960 4265 1074 4324 τοῖς
1102 4263 1306 4332 τρισὶν,
1335 4261 1410 4324 ὡς
1428 4264 1589 4333 εἴπερ
1618 4257 1794 4330 εἶπεν,
1837 4265 2005 4318 Εὐλο-

427 4355 588 4425 γητοί
624 4358 770 4420 ὲστε,
815 4353 954 4424 πρὸς
999 4351 1231 4421 δήλωσιν
1263 4351 1356 4405 τοῦ
1407 4351 1531 4406 κατ’
1560 4352 1750 4408 οὐσίαν
1798 4355 2004 4410 ἑνιαίου

429 4448 632 4501 αὐτῶν.
658 4447 804 4501 Μίαν
828 4445 938 4514 γάρ
963 4445 1349 4516 τριπρόσωπον
1375 4447 1540 4514 φύσιν
1588 4449 1682 4500 καὶ
1708 4451 1735 4499 ὁ
1763 4451 2005 4514 τοιοῦτος

2187 3984 2309 4038 179.
2336 3983 2394 4039 In
2423 3983 2529 4038 hoc
2559 3993 2764 4038 autem:
2789 3980 2980 4045 Filius,
2997 3981 3176 4047 Pater,
3195 3990 3248 4035 et
3266 3979 3690 4052 SpiritusJ‘ibc,

2114 4082 2324 4153 Πατὴρ,
2343 4081 2440 4134 καὶ
2501 4081 2751 4149 Πνεῦμα,
2805 4081 3094 4150 εὐλογητὸς
3145 4075 3216 4144 εἴ,
3245 4079 3423 4133 Attice
3471 4076 3690 4148 quidem

2109 4174 2458 4245 cogitandum
2488 4184 2573 4229 est
2615 4166 2660 4228 ὦ
2689 4172 2806 4239 Υίὲ,
2848 4167 2893 4226 ὦ
2920 4173 3122 4243 Πάτερ,
3154 4166 3200 4225 ὧ
3230 4171 3458 4241 Πνεῦμα
3491 4189 3503 4224 :
3529 4167 3694 4226 simul

2112 4275 2296 4321 autem
2347 4276 2432 4320 est
2466 4265 2880 4336 intelligendum
2945 4266 3091 4335 quod
3152 4266 3253 4319 id:
3296 4264 3588 4333 εὐλογητὸς
3618 4255 3692 4326 εἰ,

2110 4360 2178 4413 ad
2227 4367 2338 4414 tres
2379 4359 2731 4427 singulariter
2778 4359 3046 4427 prolatum
3093 4367 3199 4424 est,
3241 4359 3398 4430 quasi
3445 4358 3691 4412 dixerit:

2114 4449 2396 4519 εὐλογητοί
2443 4451 2592 4514 ἐστε,
2624 4449 2894 4504 benedicti
2962 4449 3117 4513 eetis,
3177 4450 3244 4504 ad
3299 4449 3691 4504 ostendendam

429 4540 581 4610 δηλοί
627 4539 1032 4609 σχηματισμός.
1089 4537 1184 4609 Μὴ
1215 4539 1557 4604 θαυμαστέον
1596 4539 1653 4592 δὲ
1710 4542 1758 4593 εί
1809 4541 2004 4612 προτέ-

2115 4557 2306 4596 eorum
2351 4543 2671 4597 substantia:
2704 4542 2964 4598 unitatem
2996 4561 3011 4597 :
3045 4558 3208 4596 unam
3244 4543 3390 4597 enim
3425 4542 3479 4596 in
3519 4541 3693 4596 tribus

429 4649 621 4688 τακται
653 4632 782 4696 Υἱὸς
827 4631 1066 4686 ἐνταῦθα
1105 4631 1199 4685 τοῦ
1231 4631 1447 4703 Πατρδς
1505 4630 1594 4685 διὰ
1645 4632 1746 4701 τὴν
1778 4633 2009 4688 ἀκολου-

434 4725 555 4778 θίαν
583 4723 685 4793 τῆς
713 4721 1110 4794 ἀκροστιχίδος.
1149 4722 1212 4776 Εἰ
1261 4721 1372 4791 γὰρ
1405 4723 1502 4776 κα)⁵
1534 4721 1812 4791 εἰώθαμεν
1846 4724 2011 4790 εὐαγ-

434 4815 671 4886 γελικῶς
719 4816 942 4884 Πατέρα
989 4814 1194 4882 λέγειν,
1239 4809 1358 4866 εἶτα
1405 4813 1556 4878 Υἱὸν,
1587 4814 1683 4868 καὶ
1731 4816 1918 4884 τρίτον
1950 4818 2012 4870 τὸ

435 4909 683 4980 Πνεῦμα,
720 4909 861 4962 κατὰ
893 4908 977 4975 τὺ,
1009 4909 1376 4970 Βαπτίζοντες
1407 4907 1607 4970 αὐτοὺς
1633 4910 1714 4970 εἰς
1743 4909 1805 4961 τὸ
1842 4908 2014 4980 ὄνομα

432 5002 529 5056 τοῦ
577 5003 812 5073 Πατρὸς,
864 5001 960 5056 καὶ
990 5001 1088 5055 τοῦ
1125 4999 1279 5066 Υίοῦ,
1311 4999 1406 5054 καὶ
1437 4999 1534 5054 τοῦ
1572 5001 1728 5069 ἁγίου
1760 5003 2013 5071 Πνεύμα-

434 5112 548 5162 τος,
601 5096 752 5164 ὅμως
802 5093 1004 5148 κωλύει
1059 5093 1214 5148 οὐδὲν
1249 5093 1394 5147 κατὰ
1443 5092 1545 5155 τὰς
1590 5093 1702 5147 τῶν
1754 5093 2014 5163 Πατὲρων

434 5185 768 5253 παραδόσεις
811 5185 906 5238 καὶ
945 5184 1040 5237 τὸν
1072 5184 1200 5238 rev
1266 5183 1602 5255 προτάσσειν
1639 5181 1824 5236 καὶτὸ
1855 5182 2016 5251 άγιον

433 5279 662 5350 Πνεῦμα
691 5277 948 5349 ὀρθότητι
994 5278 1266 5346 ὲννοιακῇ,
1300 5276 1389 5330 διὰ
1420 5276 1481 5330 τὸ
1513 5276 1611 5345 τῆς
1651 5277 1812 5345 ἁγίας
1851 5277 2016 5346 Τριά-

434 5371 522 5436 δος
551 5370 639 5442 ἐφ’
669 5373 877 5425 ἅπασιν
902 5370 1187 5440 ὁμότιμον,
1221 5373 1320 5422 καὶ
1355 5368 1477 5420 οὐδέ
1503 5387 1554 5422 τι
1588 5367 1785 5436 φθόνου
1819 5373 2015 5424 ἐπισυ-

439 5464 669 5534 ρόμενον
702 5460 826 5514 οὐδὲ
863 5462 923 5514 ἐν
971 5462 1096 5524 ταῖς
1141 5458 1422 5520 τοιαύταις
1450 5459 1574 5512 κατ’
1607 5460 1778 5530 ῦνομα
1813 5479 2016 5534 προτα-

2110 4637 2359 4706 personis
2424 4645 2677 4690 naturam
2761 4635 2888 4689 talis
2951 4635 3124 4690 forma
3167 4635 3527 4690 demonstrat.
3571 4629 3689 4688 Non

2114 4735 2240 4782 vero
2278 4727 2591 4781 mirandum
2627 4727 2672 4782 si
2707 4725 2880 4782 Filius
2923 4726 3018 4781 hic
3049 4726 3196 4796 prior
3236 4725 3400 4782 Patre
3434 4734 3691 4796 ponatur,

2112 4819 2183 4871 ob
2212 4818 2592 4874 acrostichidis
2611 4819 2884 4888 sequelam
2917 4819 2996 4874 :si
3026 4819 3170 4873 enim
3201 4819 3503 4874 secundum
3530 4833 3697 4872 evan-

2113 4909 2312 4976 gelium
2363 4912 2744 4964 consnevimus
2782 4910 2966 4964 dicere
2989 4909 3231 4975 Patrem,
3271 4909 3468 4964 deinde
3493 4908 3693 4964 Filium

2113 5006 2168 5053 et
2199 4997 2358 5052 tertio
2427 4997 2714 5067 Spiritum,
2766 4998 2918 5066 juxta
2966 4997 3112 5052 istud
3147 5014 3162 5052 :
3193 4997 3539 5068 Baptizantes
3593 5012 3690 5052 eos

2114 5089 2169 5144 in
2215 5089 2436 5144 nomine
2465 5089 2672 5152 Patris,
2699 5098 2753 5142 et
2798 5088 2945 5154 Filii,
2979 5101 3034 5143 et
3057 5088 3294 5158 Spiritus
3322 5089 3522 5153 sancti,
3562 5087 3698 5143 nihil

2117 5190 2295 5234 tamen
2327 5179 2509 5235 obstat
2529 5178 2685 5248 juxta
2718 5181 2940 5235 Patrum
2973 5179 3322 5245 traditiones,
3355 5182 3508 5250 quin,
3545 5180 3696 5236 salva

2117 5282 2263 5325 recta
2301 5270 2427 5334 ﬁde,
2463 5271 2618 5340 prius
2660 5273 2854 5327 ordine
2879 5281 3115 5343 ponatur
3174 5271 3347 5327 Filius
3379 5280 3433 5326 et
3457 5271 3698 5342 Spiritus

2118 5373 2366 5426 sanctus,
2406 5364 2534 5433 quia
2565 5364 2706 5432 quod
2733 5364 2797 5418 ad
2842 5376 3088 5420 sanctam
3133 5362 3456 5418 Trinitatem
3508 5363 3700 5419 attinet

2117 5452 2356 5522 ejusdem
2387 5460 2471 5506 est
2487 5453 2767 5522 dignitatis
2793 5455 2845 5507 iu
2886 5455 3167 5517 omnibus,
3191 5466 3246 5508 et
3268 5469 3335 5508 ex
3372 5452 3460 5508 his
3509 5454 3692 5508 nurni—

435 5557 580 5623 γαῖς·
613 5553 642 5606 ὃ
676 5555 818 5624 μήτε
849 5553 1120 5615 ὑπονοεῖν,
1159 5552 1298 5622 μήτε
1322 5550 1502 5618 λέγειν
1544 5551 1698 5625 ἀνδρὶ
1721 5553 2020 5624 χριστιανῷ

2122 5561 2249 5600 num
2305 5545 2788 5614 praepositionibus
2852 5545 2985 5600 nihil
3030 5544 3281 5598 invidiosi
3339 5546 3698 5612 consequitur

439 5646 672 5714 γένοιτο,
716 5643 779 5698 εῦ
827 5643 988 5698 εἰδότι
1051 5643 1128 5713 μὴ
1173 5643 1254 5696 ὅτι
1304 5659 1368 5710 γε
1400 5642 1494 5695 τοῦ
1547 5643 1706 5710 Θεοῦ,
1760 5645 1897 5698 ἀλλὰ
1928 5646 2022 5700 καὶ

2121 5639 2266 5710 quod
2311 5653 2495 5708 neque
2531 5637 2827 5708 suspicari,
2865 5651 3046 5707 neque
3073 5637 3256 5692 dicere
3283 5637 3567 5707 contingat
3601 5640 3698 5691 ho-

442 5736 644 5798 παντὸς
675 5733 885 5804 ἀγαθοῦ
919 5735 1110 5804 ἀνδρὸς
1144 5733 1426 5806 ἐξόριστον
1454 5727 1594 5789 εἶναι
1627 5735 1688 5789 τὸ
1723 5737 1896 5802 πάθος
1923 5737 2018 5793 τοῦ

2123 5730 2257 5786 mini
2314 5730 2642 5797 christiano,
2694 5733 2830 5786 bene
2869 5731 3060 5786 scienti
3112 5729 3261 5798 quod
3295 5744 3403 5782 non
3459 5729 3633 5784 solum
3671 5745 3700 5784 ο

441 5826 658 5898 φθόνου.

1371 5973 1404 6003 δέ
1457 5977 1478 5998 ιι

1539 5997 1545 6005 ’
1581 6003 1736 6022 δια-..ο

2127 5823 2257 5888 Deo,
2293 5822 2386 5878 sed
2411 5823 2480 5877 ab
2514 5823 2666 5880 omni
2716 5822 2939 5879 homine
2988 5821 3162 5892 probo
3212 5821 3398 5892 procul
3441 5820 3699 5877 abestino

2131 5915 2286 5971 vidia:
2336 5913 2541 5986 passio.
