4034 6400
421 335 525 401 693

1205 341 1293 406 IN
1328 346 1671 412 HYMNUM
1700 347 2347 413 PENTECOSTALEM
2383 351 2845 416 DAMASCENI.

3553 349 3668 421 694

490 450 637 522 ρπα’.
679 452 783 508 Τὸν
825 454 1052 548 δὲβεδν
1095 457 1321 530 Σωτῆρά
1352 479 1412 516 τε
1447 463 1595 532 λέγει
1625 464 1654 517 ό
1686 465 1879 536 είρμὸς
1913 465 1976 519 ού
2007 511 2014 525 .

2153 465 2278 521 18!.
2315 465 2481 522 Deum
2513 475 2693 524 autem
2720 466 3058 525 Salvatorem
3092 466 3170 523 ait
3202 478 3375 524 nexus
3418 482 3527 523 non
3563 485 3657 525 so-
3679 504 3685 508 -
3709 537 3719 548 Γ

419 545 582 614 μόνον
614 547 832 613 κοινῶς,
883 547 1022 602 ἀλλὰ
1073 551 1167 602 καὶ⁵
1205 552 1311 622 ίδίᾳ
1366 554 1642 625 ἐχομένως
1695 555 1790 610 τοῦ
1841 557 1984 611 κατὰ

413 637 542 699 τοὺς
587 636 775 704 ἁγίους
826 640 1022 703 παῖδας
1053 641 1354 712 θαύματος⁸
1401 646 1495 699 καὶ
1525 647 1866 717 παντουργδν
1899 647 1981 714 δὲ,

357 785 362 791 ⁸
413 727 490 790 ὡς
537 728 788 783 ἐντεῦθεν
832 729 1116 800 ὀφειλέτας
1163 731 1304 790 εἶναι
1336 738 1464 801 τοὺς
1500 740 1630 808 περὶ
1687 738 1985 808 σύμπασαν

415 819 592 872 κτίσιν
643 819 736 874 τοῦ
771 821 933 876 αύτδν
984 825 1175 895 ὑμνεῖν
1225 829 1300 891 ὡς
1335 831 1430 884 καὶ
1463 831 1982 901 εὐεργετικῶτατονο

416 910 627 966 τοιοῦτο
653 913 763 985 γὰρ
796 916 1245 986 ὑπερϐαλλόντως
1271 921 1300 974 ό
1326 923 1421 976 καὶ
1447 923 1630 988 κοινὸς
1663 924 1854 996 Σωτὴρ
1890 927 1985 981 καὶ

415 1005 777 1076 Δημιουργός.
811 1008 884 1063 Τὸ
911 1010 967 1063 δὲ
996 1011 1143 1065 λύειν
1162 1013 1361 1083 δεσμὰ,
1391 1015 1419 1068 ὃ
1447 1016 1543 1070 καὶ
1563 1015 1808 1072 διαλύειν
1835 1017 1986 1086 λέγε-

417 1113 525 1158 ται,
552 1097 632 1150 ὅτι
657 1098 913 1171 διάφορόν
941 1103 1058 1155 ἐστι
1089 1106 1228 1175 πρὸς
1265 1106 1326 1161 τδ
1365 1109 1592 1179 ῥήσσειν
1623 1108 1797 1180 ἐφάνη
1825 1109 1882 1170 ἐν
1909 1109 1987 1180 τῷ

417 1187 617 1258 ἔρῥηξε
649 1192 822 1255 πέδας
857 1197 1114 1264 γαστρός.
1152 1198 1340 1252 Βίαιον
1371 1200 1470 1270 μὲν
1508 1201 1617 1273 γὰρ
1645 1202 1705 1256 τὸ
1733 1203 1985 1273 ῥήσσειν,

420 1281 652 1350 γαληνὸν
682 1283 737 1336 δὲ
779 1285 840 1336 τὸ
884 1285 1057 1354 λύειν,
1112 1291 1203 1344 καὶ
1257 1291 1460 1360 μᾶλλον
1517 1294 1754 1350 ἐνταῦθα
1801 1293 1986 1363 λόγον’

371 1447 376 1451 _
417 1372 556 1441 τάχα
587 1373 694 1444 γὰρ
725 1374 794 1428 τὰ
825 1376 998 1446 δεσμὰ
1028 1381 1135 1433 τῶν
1164 1381 1336 1450 ἁγίων
1384 1385 1592 1440 παίδων
1638 1385 1766 1440 οὐδὲ
1795 1386 1988 1451 ἅπλῶς

419 1463 607 1516 ἔλυσεν
653 1467 685 1536 ή
723 1470 991 1538 καμιναία
1023 1470 1151 1541 φλὸξ
1200 1473 1384 1545 ἐκείνη
1425 1475 1622 1545 σιδηρᾶ
1665 1477 1816 1532 ὄνταο
1851 1495 1986 1550 μεν-

417 1557 576 1624 οῦνγε
611 1559 821 1628 τήξασα
866 1563 948 1625 είς
1013 1563 1076 1617 τὸ
1109 1567 1298 1636 πρώην
1343 1567 1570 1622 ἅνέλυσε
1614 1569 1897 1638 μέταλλον,
1925 1571 1986 1625 ού

421 1647 771 1719 φλεγομένων
797 1653 908 1707 τῶν
943 1655 1170 1723 παίδων,
1198 1658 1335 1712 ἀλλὰ
1365 1658 1769 1730 δροσιζομένων
1810 1677 1990 1729 παρα-

378 1817 380 1820 γ
416 1738 584 1804 δόξως
631 1743 694 1810 τῇ
739 1742 916 1811 φλογί·
971 1745 1068 1798 καὶ
1118 1746 1266 1801 ἔστιν
1321 1749 1540 1803 εἰκάσαι
1579 1751 1874 1820 προσφυῶς
1900 1752 1987 1806 ὅτι

419 1830 563 1884 καθὰ
589 1832 818 1900 τήκεται
845 1836 1017 1903 κηρὸς
1069 1839 1177 1891 ἀπὸ
1211 1839 1506 1910 προσώπου
1534 1843 1727 1912 πυρὸς,
1758 1842 1989 1914 τοιούτῳ

417 1919 604 1991 τρόπῳ
635 1921 730 1975 καὶ
774 1923 844 1977 τὰ
889 1925 1064 1996 δεσμὰ
1122 1928 1230 1982 τῶν
1282 1931 1455 2000 ἁγίων
1505 1933 1730 1987 ἐκείνων
1777 1933 1988 1988 παίδων

417 2010 673 2082 ἀπερῥύη
702 2013 759 2065 ὲν
789 2013 866 2083 τῷ
895 2016 1050 2087 πυρίο
1094 2018 1326 2091 ἀπονητὶ
1371 2023 1731 2079 διεκπεσόντα
1760 2023 1838 2087 ὡς
1865 2023 1991 2078 οὐδὲ

420 2102 578 2173 είπερ
613 2104 936 2176 ὑποδήματα
964 2107 1129 2177 ἐλύθη
1170 2113 1354 2176 αὐτοῖς
1383 2115 1446 2167 ὲκ
1482 2114 1676 2168 ποδῶν.
1704 2113 1829 2170 Ὅτι
1853 2115 1911 2170 δὲ
1929 2114 1993 2168 τὸ

419 2196 658 2252 διαλύειν
701 2198 950 2269 διαφέρει
999 2202 1095 2257 τοῦ
1149 2203 1317 2268 λύειν,
1373 2207 1527 2276 δῆλον
1559 2209 1622 2262 ὲκ
1664 2208 1756 2262 τοῦ
1795 2208 1991 2264 συναλο

421 2285 691 2351 λακτικῶς
724 2290 1063 2359 διαλύεσθαι,
1098 2295 1194 2348 καὶ
1225 2295 1290 2348 ἐκ
1317 2295 1412 2350 τοῦ
1446 2298 1622 2360 ἄλλως
1656 2299 1713 2353 δὲ
1748 2301 1992 2368 φυσικῶς

421 2378 562 2432 κατὰ
598 2380 682 2444 τὸ,
713 2382 996 2438 Διαλύεται
1019 2388 1127 2446 πᾶς
1171 2388 1481 2458 ἄνθρωπος.
1529 2393 1768 2463 Φανερδν
1806 2393 1867 2447 δὲ
1909 2394 1994 2448 ὅτι

421 2470 578 2537 γένος
618 2471 827 2541 λύσεώς
859 2493 919 2529 τε
949 2479 1044 2531 καὶ
1078 2481 1290 2550 ῥήξεως
1321 2483 1431 2536 τῶν
1461 2485 1932 2557 ἀντιδιῃρημένων
1959 2487 1994 2556 ἡ

425 2560 612 2624 ἁπλῶς
643 2561 817 2626 λύσις.
842 2567 934 2620 Διὸ
961 2569 994 2638 ἡ
1025 2570 1122 2636 μὲν
1151 2571 1308 2642 ῥῆξις
1332 2574 1428 2627 καὶ
1456 2573 1610 2638 λύσις
1635 2593 1718 2638 τις
1746 2575 1893 2643 λέγοι
1928 2577 1996 2630 ἂν

424 2652 821 2726 ἀναγκαίως,ή
862 2657 921 2712 δὲ
964 2659 1118 2722 λύσις
1163 2662 1224 2716 τὸ
1278 2663 1454 2731 γένος,
1486 2665 1586 2719 οὐκ
1635 2665 1695 2731 ἐξ
1748 2667 1997 2738 ἀνάγκης

428 2743 604 2812 ῥῆξις,
629 2745 750 2800 οὐδὲ
790 2749 823 2818 ή
855 2748 1011 2812 λύσις
1047 2752 1108 2805 τὸ
1155 2751 1316 2818 εἶδος·
1353 2756 1446 2810 τοῦ
1491 2757 1548 2810 δὲ
1596 2753 1740 2813 εἶναι
1775 2758 1999 2829 γενικὴν

427 2834 574 2900 λέξιν
617 2838 718 2908 τὴν
761 2839 936 2908 λύσιν,
975 2842 1175 2914 δεῖγμα
1206 2848 1239 2916 ή
1288 2847 1384 2900 τοῦ
1443 2847 1665 2918 δεσμεῖν
1721 2847 1818 2904 καὶ
1849 2847 2000 2902 λύειν

425 2928 722 2992 ἀντίθεσις.
757 2931 831 2985 Ού
880 2933 990 3005 γὰρ
1040 2937 1428 3008 παρελάϐομεν
1464 2939 1684 3009 δεσμεῖν
1722 2943 1818 2994 καὶ
1867 2941 2000 3011 ῥήσ-

428 3036 560 3086 σειν,
593 3022 732 3076 ἀλλὰ
761 3025 948 3079 Πάντα
977 3027 1078 3081 ὅσα
1129 3028 1196 3084 ἂν
1245 3029 1446 3102 λύσητε
1486 3033 1637 3086 κάτω
1687 3033 1720 3104 ἢ
1769 3033 1994 3104 δήσητε,

426 3110 688 3181 λελυμένα
717 3115 749 3184 ἢ
775 3115 1032 3187 δεδεμένα
1056 3118 1208 3174 ἔσται
1235 3121 1369 3176 ἄνω.
1397 3123 1666 3187 Πολλάκις
1693 3123 1876 3192 μέντοι
1924 3124 2001 3188 ὡς
2025 3146 2070 3206 c

427 3205 762 3277 πολυώνυμα
797 3208 858 3262 τὸ
891 3210 1044 3263 λύειν
1089 3215 1184 3266 καὶ
1234 3214 1295 3266 τὸ
1349 3215 1576 3285 ῥήσσειν
1626 3215 1996 3280 ταυτίζονται.

441 3299 732 3370 Ῥήγνυται
763 3301 895 3370 γοῦν
927 3307 1349 3376 καταπέτασμα,
1379 3309 1474 3362 καὶ
1502 3309 1690 3363 λύεται
1717 3310 2000 3381 κρήδεμνα

430 3389 658 3453 πόλεως·
683 3390 764 3446 ἔτι
793 3393 849 3445 δὲ
877 3395 1145 3464 ῥήγνυται
1167 3395 1294 3467 ᾅδου
1320 3396 1519 3466 δεσμὰ,
1547 3399 1642 3452 καὶ
1668 3400 2001 3455 καταλύεται

430 3479 651 3551 σταυρῷ
684 3481 934 3546 θάνατος.
965 3484 1087 3537 Elei.
1114 3485 1170 3538 δέ
1206 3503 1350 3550 τινες
1375 3487 1562 3550 λύσεις
1602 3483 1678 3543 ὧν
1708 3488 2002 3559 προϋπάρ-

392 3632 396 3634 _
429 3587 515 3641 χει
556 3571 776 3642 δεσμὸς,
808 3568 896 3637 αἷς
943 3576 1045 3630 οὐκ
1081 3577 1197 3630 ἐστι
1244 3581 1630 3651 προσαρμόσαι
1663 3580 1843 3651 ῥῆξιν,
1891 3575 2004 3634 οἷον

428 3666 495 3731 τῇ
526 3663 642 3728 τοῦ,
688 3663 778 3734 Ἐξ
811 3665 930 3720 ὁδοῦ
957 3669 1277 3725 κατελύοντο
1298 3673 1376 3734 είς
1402 3671 1737 3726 ἀνάπαυλαν
1769 3673 1862 3726 καὶ
1884 3672 2002 3738 τοῦ,

431 3753 637 3808 Λύοντο
657 3758 817 3827 χρέος
845 3759 878 3828 ἢ
912 3759 1214 3830 πλόκαμον,
1245 3762 1278 3833 ἢ
1312 3763 1576 3832 λυομένου
1625 3762 2003 3833 αἰχμαλώτου,

433 3846 784 3913 ἢὲπελύοντο
829 3851 1098 3920 χρησμόν·
1130 3855 1224 3904 καὶ
1257 3856 1290 3908 ὁ
1328 3855 1497 3907 είπὼν
1540 3853 1598 3906 δὲ
1637 3855 1720 3908 ὅτι
1767 3854 1919 3906 οὐδέν
1953 3871 2006 3907 τι

429 3935 558 4005 τέλη
591 3936 740 3990 λύσει
771 3939 893 3992 ἀντὶ
942 3939 1036 3994 τοῦ
1066 3941 1352 4011 λυσιτελεῖ,
1401 3944 1504 3998 οὐκ
1545 3944 1658 4015 ἔχει
1708 3943 2006 3998 ἀντιθεῖναι

431 4031 497 4098 τῇ
544 4029 694 4084 λύσει
733 4033 904 4104 ταύτῃ
942 4033 1099 4105 ῥῆξίν
1134 4051 1278 4089 τινα.
1331 4035 1566 4090 Λύονται
1607 4036 1665 4090 δὲ
1713 4035 1858 4090 οὕτω
1909 4034 2009 4088 καὶ

433 4121 731 4191 αἰνίγματα
761 4124 854 4176 καὶ
886 4123 1195 4194 ζητήματα·
1230 4129 1404 4198 ὁμοίῳ
1437 4129 1494 4182 δὲ
1535 4128 1678 4195 λόγῳ
1707 4128 1800 4182 καλ⁵
1824 4127 2008 4197 πηδῶν

430 4210 628 4280 δεσμά·
657 4215 831 4268 εἰπεῖν
861 4213 969 4286 γὰρ
1001 4217 1140 4270 αὐτὰ
1175 4219 1433 4290 ῥαγῆναι,
1460 4218 1682 4291 ὀκνήσει
1728 4237 1834 4282 τις.
1880 4219 2009 4272 Φαί-

433 4320 581 4356 νεται
623 4304 681 4356 δὲ
720 4305 955 4376 διαφορὰ
1005 4308 1325 4378 ὲνσωμάτου
1377 4309 1584 4374 λύσεως
1621 4312 1717 4364 καὶ
1770 4310 2008 4381 ῥήξεως,

434 4395 623 4448 καθότι
650 4397 715 4450 τὰ
741 4398 816 4468 μὴ
841 4399 1118 4469 δυνάμενα
1146 4401 1371 4456 λύεσθαι
1396 4403 1715 4472 ῥήσσονταιο
1743 4403 1810 4456 τὰ,
1831 4403 2009 4472 δεσμὰ

2087 555 2198 610 lum
2241 558 2632 625 communiter,
2699 558 2794 615 sed
2830 559 3116 630 speciatim
3143 567 3374 630 propter
3427 568 3654 617 sancto-

2087 664 2207 704 rum
2233 664 2526 717 puerorum
2551 651 2918 717 miraculum;
2950 661 3006 706 et
3063 651 3312 706 omnium
3367 651 3656 716 factorem,

2088 746 2146 791 ut
2173 739 2367 794 exinde
2383 739 2616 794 debeant
2633 755 2824 796 omnes
2841 740 2934 810 qui
2955 749 3124 795 totam
3145 749 3484 810 componunt
3501 755 3659 796 crea-

2087 830 2311 896 tionem,
2351 832 2500 885 illum
2534 843 2793 900 tauquam
2821 832 3379 888 beneﬂcentissimum
3436 831 3657 904 hymnis

2086 920 2380 976 celebrare.
2413 921 2617 977 Taliter
2650 923 2793 977 enim
2825 933 2910 979 est
2958 923 3470 994 superabundanter
3504 939 3657 979 com-

2087 1014 2269 1071 munis
2292 1013 2540 1070 Salvator
2567 1025 2622 1071 et
2650 1015 2901 1072 Creator.
2932 1015 3048 1072 Hoc
3078 1025 3262 1072 autem
3298 1032 3315 1072 :
3378 1015 3530 1070 λύειν
3555 1017 3652 1068 ea-

2087 1105 2225 1176 σμά,
2254 1106 2399 1176 quod
2422 1106 2584 1162 etiam
2617 1107 2816 1163 dicitur
2839 1107 3100 1174 διαλύειν,
3132 1123 3164 1163 a
3193 1107 3361 1164 verbo
3427 1110 3654 1181 ῥήσσειν

2081 1196 2304 1252 diﬂ'erre
2329 1206 2687 1252 monstratum
2719 1207 2804 1254 est
2831 1199 2885 1253 in
2909 1198 3052 1254 hoc:
3085 1198 3285 1270 ἕρῥηξε
3333 1198 3503 1264 πέδας
3558 1216 3661 1267 γα·-

2087 1288 2248 1358 στρός
2285 1288 2626 1344 :violentum
2679 1291 2824 1345 enim
2875 1289 3096 1360 quidem
3160 1299 3245 1346 est
3289 1290 3353 1344 τὸ
3404 1291 3654 1362 ῥήσσειν,

2089 1377 2439 1448 tranquillum
2471 1389 2650 1434 autem
2680 1381 2742 1433 τὸ
2771 1381 2924 1435 λύειν
2957 1425 2973 1448 ,
3001 1388 3057 1438 et
3107 1381 3406 1452 praesertim
3438 1381 3512 1436 ibi
3545 1397 3658 1437 ser-

2089 1465 2309 1522 monis:
2351 1465 2493 1522 forte
2515 1468 2661 1522 enim
2720 1479 3035 1524 sanctorum
3073 1481 3370 1538 puerorum
3416 1469 3658 1534 vincula,

2087 1570 2212 1611 cum
2249 1566 2435 1613 essent
2461 1558 2664 1623 ferrea,
2697 1575 2799 1615 nec
2829 1559 3156 1631 simpliciter
3219 1560 3384 1615 solvit
3416 1559 3661 1617 fornacis

2089 1647 2306 1703 ﬂamma
2333 1667 2346 1715 ;
2379 1649 2489 1704 imo
2519 1665 2649 1705 vero
2674 1649 3033 1721 liquefactum
3062 1653 3117 1707 in
3143 1653 3383 1724 primum
3453 1661 3655 1708 statum

2091 1741 2314 1799 resolvit
2337 1743 2644 1810 metallum,
2669 1761 2776 1799 non
2810 1745 3027 1801 adustis
3052 1745 3259 1815 pueris,
3300 1743 3395 1800 sed
3444 1739 3662 1798 ﬂamma

2093 1835 2415 1890 mirabiliter
2452 1835 2799 1906 irrigatis.Et
2823 1846 3050 1907 estapte
3076 1835 3487 1906 conjiciendum
3510 1834 3659 1905 quod

2092 1925 2235 1981 sicut
2263 1925 2385 1980 ﬂuit
2415 1939 2542 1980 cera
2570 1939 2600 1978 a
2631 1923 2771 1980 facie
2799 1925 2963 1995 ignis,
2996 1925 3069 1980 ita
3091 1932 3410 1981 sanctorum
3443 1935 3664 1991 quoque

2091 2029 2386 2084 puerorum
2415 2013 2640 2070 vincula
2673 2013 3056 2084 proﬂuxerunt
3087 2013 3142 2068 in
3165 2014 3312 2083 igne.
3345 2010 3504 2078 Quod
3568 2025 3667 2065 au-

2091 2115 2198 2161 tem
2219 2104 2464 2159 διαλύειν
2501 2113 2561 2161 et
2591 2105 2740 2160 λύειν
2763 2105 2906 2160 inter
2961 2119 3020 2161 se
3066 2103 3345 2167 «ἥσει-ειη,
3393 2110 3541 2172 patet
3598 2115 3666 2155 ex

2095 2195 2248 2252 hoc:
2306 2195 2760 2260 συναλλακτικῶς
2814 2197 3150 2263 διαλύεσθαι,
3213 2205 3269 2252 et
3291 2210 3358 2251 ex
3419 2192 3665 2264 ejusdem

2091 2286 2244 2342 verbi
2277 2287 2646 2359 physiologica
2701 2289 2880 2344 usuin
2939 2288 3040 2342 hoc
3069 2304 3091 2344 ι
3134 2285 3432 2342 διαλύεται
3487 2284 3668 2341 omnis

2089 2377 2278 2434 homo.
2313 2378 2665 2434 Manifestum
2695 2389 2780 2435 est
2799 2387 2978 2435 autem
3001 2379 3144 2448 quod
3181 2392 3354 2448 genus
3374 2374 3582 2438 λύσεως
3612 2382 3670 2429 et

2099 2470 2306 2540 ῥήξεως
2318 2471 2727 2540 ιορροεὶιοτυιιι,
2751 2479 2837 2527 est
2857 2470 3089 2541 simplex
3110 2470 3317 2526 solutio
3333 2467 3515 2531 λύσις.
3547 2465 3672 2521 Ideo

2097 2561 2254 2632 ῥῆξις
2284 2561 2449 2617 etiam
2471 2563 2720 2632 quaedam
2744 2562 2900 2626 λύσις
2920 2561 3121 2618 solutio
3141 2559 3452 2617 necessario
3487 2565 3667 2625 sonat;

2097 2651 2247 2716 λύσις
2277 2659 2484 2721 autem,
2515 2667 2715 2723 genus,
2737 2669 2848 2710 non
2868 2661 2954 2710 est
2979 2652 3295 2710 necessario
3313 2650 3470 2724 ῥῆξις
3498 2663 3672 2719 neque

2097 2743 2256 2808 λύσις
2280 2746 2513 2812 species.
2545 2744 2711 2812 Quod
2761 2761 2892 2802 vero
2944 2761 3050 2802 mox
3112 2745 3327 2816 generis
3376 2746 3451 2800 sit
3496 2743 3674 2807 λύσις,

2099 2845 2483 2905 argumentum
2501 2846 2588 2891 est
2618 2835 2711 2890 τοῦ
2735 2838 2959 2906 δεσμεῖν
2985 2845 3044 2893 et
3100 2836 3252 2890 λύειν
3275 2835 3617 2890 sntit-ﬂetum
3651 2849 3670 2890 :

2099 2941 2210 2982 non
2238 2927 2399 2982 enim
2419 2928 2710 2984 traditione
2726 2928 3040 2997 recepimus
3069 2929 3294 3000 δεσμεῖν
3331 2936 3386 2984 ει
3419 2928 3672 2998 ῥήσσειν,

2101 3017 2196 3073 sed
2225 3034 2240 3070 :
2272 3032 2616 3087 quaecunque
2639 3017 2908 3075 solueritis
2962 3018 3206 3090 (λύσητεδ
3232 3016 3398 3081 infra,
3424 3015 3509 3072 vel
3542 3015 3679 3085 liga-

2101 3107 2566 3178 veritislaﬁc-qre),
2595 3109 2778 3166 soluta
2827 3110 2912 3165 vel
2956 3109 3122 3182 ligata
3185 3126 3405 3168 sursum
3455 3116 3622 3165 erunt
3659 3121 3676 3161 :

2101 3218 2244 3274 saepe
2280 3212 2458 3258 tamen
2495 3211 2555 3259 ut
2600 3205 2927 3277 polyonyma
2963 3204 3133 3259 verba
3156 3202 3308 3256 λύειν
3335 3212 3390 3258 et
3449 3203 3680 3273 ῥήσσειν

2102 3295 2479 3351 assimilantur
2509 3311 2526 3350 :
2569 3297 2836 3367 ῥήγνυται
2861 3293 3089 3367 proinde
3111 3293 3371 3356 aulaeum,
3401 3303 3457 3350 et
3481 3295 3676 3350 λύεται

2101 3390 2257 3446 urbis
2322 3391 2618 3460 pinnarum
2640 3393 2831 3446 decus.
2853 3390 3047 3446 Adhuc
3077 3398 3259 3445 autem
3293 3390 3569 3462 ῥήγνυται
3597 3389 3683 3446 iu-

2103 3478 2242 3535 ferni
2273 3481 2511 3546 vincula,
2557 3489 2613 3535 et
2653 3480 2983 3536 καταλύεται
3014 3495 3177 3536 cruce
3211 3494 3380 3536 mors.
3410 3479 3551 3536 Sunt
3573 3496 3685 3536 au-

2103 3578 2214 3626 tem
2243 3572 2492 3641 quaedam
2527 3571 2734 3636 λύσεις,
2761 3587 2898 3641 quas
2935 3581 3339 3641 praecesserunt
3367 3571 3588 3626 vincula
3618 3577 3676 3626 et

2105 3663 2306 3733 quibus
2352 3679 2459 3718 non
2494 3673 2577 3720 est
2606 3664 2864 3734 adaptare
2915 3663 3071 3736 ῥῆξιν
3105 3707 3120 3732 ,
3180 3664 3360 3735 qualis
3393 3663 3510 3719 haec
3549 3679 3567 3719 :
3608 3663 3684 3718 Ex

2108 3755 2301 3812 itinere
2346 3757 2696 3813 solvebantur
2721 3758 2775 3812 in
2803 3758 3090 3828 requiem;
3115 3767 3169 3814 et
3205 3757 3313 3812 illa:
3337 3773 3352 3811 :
3373 3757 3564 3811 λύοντο
3591 3755 3684 3810 de-

2106 3847 2280 3903 bitum
2309 3847 2390 3903 vel
2417 3848 2741 3916 cincismus;
2771 3848 2859 3904 vel
2893 3848 3159 3918 λυομένου
3193 3845 3553 3918 αἰχμαλώτου
3575 3847 3688 3918 (so-

2107 3937 2224 3994 luto
2246 3939 2513 4010 captivo),
2540 3940 2622 3996 vel
2649 3939 3536 4011 ὲπελύοντοχρησμὸν(εοινθὺαιιι
3561 3952 3690 3993 ora-

2109 4029 2316 4102 culum)
2351 4039 2405 4086 et
2433 4032 2527 4100 qui
2557 4030 2700 4087 dixit
2726 4031 2874 4102 quod
2905 4031 3059 4085 ούδέν
3088 4048 3141 4084 τι
3163 4030 3292 4100 τέλη
3337 4029 3494 4084 λύσει
3542 4043 3644 4098 pro
3672 4045 3686 4082 :

2108 4121 2398 4188 λυσιτελεῖ,
2426 4137 2534 4178 non
2556 4123 2723 4178 habet
2752 4122 2883 4178 huic
2911 4121 3180 4177 solutioni
3208 4123 3334 4175 τινὰ
3377 4121 3532 4193 ῥῆξιν
3557 4133 3690 4190 sup-

2110 4228 2334 4282 ponere.
2375 4212 2468 4270 Sic
2511 4221 2698 4270 autem
2725 4214 2887 4269 etiam
2942 4214 3234 4270 solvuntur
3285 4213 3578 4284 aenigmata
3636 4221 3692 4266 et

2111 4307 2360 4377 quaesita,
2391 4307 2646 4363 similiter
2702 4322 2832 4362 vero
2892 4323 3118 4377 quoque
3170 4307 3368 4378 pedum
3421 4306 3690 4362 vincula:

2113 4402 2230 4456 haec
2253 4413 2489 4469 namque
2517 4398 2702 4454 dicere
2756 4399 2936 4468 rumpi
2991 4398 3278 4468 (ῥαγῆναι)
3327 4397 3526 4466 aliquis
3582 4411 3692 4451 nos

431 4488 485 4540 δὲ
517 4489 969 4557 μεταπέπλασται
995 4491 1102 4544 ἀπὸ
1126 4493 1317 4560 γένους
1347 4493 1579 4564 ἄρῥενος
1613 4494 1694 4555 εἰς
1724 4493 2006 4564 οὐδέτερον

2109 4492 2352 4548 auderet.
2385 4488 2613 4544 Videtur
2637 4497 2820 4545 autem
2855 4487 3082 4545 diﬂ‘erre
3111 4489 3415 4559 corporalis
3443 4488 3598 4553 λύσις
3627 4505 3692 4546 ac

433 4582 574 4633 κατὰ
619 4581 745 4644 τοὺς
796 4581 1081 4646 παλαιούς.
1121 4581 1209 4646 '0;
1254 4584 1364 4652 γὰρ
1418 4583 1448 4637 ό
1498 4583 1662 4650 ζυγὸς
1720 4585 1784 4637 τὸ
1838 4584 2004 4652 ζυγὸν

431 4669 716 4734 ὀξυτόνως,
753 4673 848 4725 καὶ
895 4673 922 4724 ὁ
961 4671 1201 4736 σταθμὸς
1234 4673 1294 4725 τὸ
1340 4673 1603 4742 σταθμὸν,
1648 4672 1794 4726 οὕτω
1843 4673 1939 4727 καὶ
1976 4675 2006 4726 ὁ

431 4761 631 4832 δεσμὸς
660 4762 721 4815 τὸ
745 4763 964 4834 δεσμὸν,
1001 4764 1124 4818 ὅθεν
1146 4766 1214 4821 τὰ
1243 4766 1439 4836 δεσμά.

2113 4583 2286 4654 ῥῆξις,
2320 4591 2588 4652 quatenus
2613 4596 2680 4636 ea
2704 4597 2823 4651 qua
2847 4581 2989 4636 solvi
3017 4592 3295 4652 nequeunt
3331 4589 3689 4650 rumpuntur.

2115 4675 2341 4730 Vincula
2366 4689 2494 4730 vero
2524 4683 2860 4728 commutata
2883 4682 3015 4728 sunt
3035 4673 3229 4730 Graece
3262 4689 3330 4728 ex
3385 4674 3690 4729 masculino

2117 4781 2315 4837 genere
2343 4765 2395 4820 in
2431 4773 2686 4821 neutrum
2717 4765 2874 4834 juxta
2903 4774 3137 4821 veteres.
3187 4764 3512 4820 Sicuteuim
3541 4767 3570 4820 ὁ
3601 4767 3696 4829 ζυ-

433 4859 553 4924 γὸς,
577 4857 638 4910 τὸ
667 4857 831 4926 ζυγόν
850 4873 976 4914 cum
1011 4873 1172 4918 acuto
1202 4871 1330 4918 tono
1352 4879 1369 4932 ;
1397 4873 1452 4920 et
1476 4864 1504 4918 ὁ
1534 4863 1778 4934 σταθμὸς
1802 4882 1862 4918 το
1886 4863 2014 4918 σταθ

2104 4880 2149 4929 ν,
2189 4865 2269 4918 sic
2333 4862 2498 4917 etiam
2554 4863 2584 4916 ό
2643 4862 2840 4932 δεσμὸς
2895 4862 2959 4914 τὸ
3005 4859 3225 4930 δεσμόν,
3289 4861 3434 4916 unde
3489 4860 3560 4913 τὰ
3611 4860 3698 4913 δε-

436 4965 570 5020 σμα.

508 5043 652 5115 ρπβ’.
696 5045 769 5099 Τὸ
799 5045 857 5099 δὲ
899 5047 1139 5117 δροσίζει
1188 5048 1286 5117 τὴν
1319 5048 1495 5118 φλόγα
1535 5050 1740 5114 ἱκανῶς
1777 5050 2008 5122 ὲῤῥητό-

440 5153 626 5206 ρευται
664 5139 777 5200 τοῖς
817 5139 986 5193 πάλαι
1023 5139 1220 5207 ἁγίοις·
1254 5140 1548 5196 ἀκόλουθον
1574 5143 1632 5196 δὲ
1672 5145 1739 5214 τῇ
1768 5143 2010 5212 συμϐου-

436 5227 705 5298 λογραφῖα
737 5231 834 5298 τῆς
863 5231 1006 5282 κατὰ.
1041 5231 1167 5294 τοὺς
1199 5231 1387 5300 ἁγίους
1426 5235 1575 5301 τρεῖς
1617 5234 1812 5306 παῖδας
1860 5233 2006 5285 loro-

441 5320 584 5388 ρίας,
613 5319 707 5382 οὒς
738 5321 1016 5390 ὴκάμενος
1043 5321 1144 5374 ὅσα
1178 5324 1276 5376 καὶ
1307 5322 1577 5391 ζωογόνος
1609 5324 1717 5395 ἀὴρ
1747 5324 1809 5377 ού
1845 5326 2011 5377 κατέ-

440 5425 662 5462 καυσεν·
692 5409 828 5464 ἀλλὰ
857 5411 1125 5481 ζωογόνον
1157 5411 1410 5482 θάλψασα
1439 5413 1819 5484 περιεσώσατο
1849 5413 2013 5483 μόνον

437 5501 498 5554 τὸ
526 5503 820 5572 φωσφόρον
857 5504 1030 5574 αὐτῆς
1083 5507 1176 5559 καὶ
1226 5505 1448 5572 φαεινὸν
1482 5506 1829 5576 ἀποσυλῆσαι
1873 5508 2014 5560 κατὰ

439 5593 566 5645 »οὖν
606 5596 750 5664 ἡμᾶς
787 5597 883 5648 καὶ
930 5597 1295 5666 ἐκμάξασθαι·
1351 5599 1409 5650 οὺ
1452 5599 1552 5667 μὲν
1608 5602 1668 5651 τὸ
1721 5599 2015 5654 καυστικδν

442 5687 833 5756 συνεπινοῆσαι
858 5690 953 5742 καὶ
983 5689 1381 5744 καταναλίσκον
1407 5692 1498 5743 καὶ
1531 5692 1852 5761 παμφάγον,
1879 5692 2015 5760 ἀλλὰ

441 5775 518 5844 τῷ
542 5777 786 5848 αἰσθητῷ
823 5779 956 5851 πυρὶ
1002 5780 1221 5850 ἀφεῖναι
1266 5782 1423 5836 αὐτὰ.
1473 5781 1565 5834 Ab
1598 5784 1717 5835 οὐδὲ
1757 5779 1909 5836 εἶπεν
1942 5782 2016 5846 ὡς

2186 5045 2310 5100 189..
2337 5042 2638 5100 Hocautem
2670 5063 2682 5098 :
2708 5043 2945 5114 δροσεζει
2968 5041 3072 5112 τὴν
3104 5041 3303 5112 φλόγα,
3333 5041 3491 5097 valde
3510 5041 3698 5098 rheto-

2114 5137 2268 5194 ricati
2304 5146 2433 5190 sunt
2466 5144 2674 5190 veteres
2691 5135 2996 5201 sancti,scd
3019 5142 3418 5204 consequenter
3445 5135 3514 5189 ad
3547 5149 3697 5206 sym-

2113 5229 2583 5286 bolicumseusum
2610 5227 2849 5282 historia}
2877 5228 3040 5283 trium
3058 5239 3374 5283 sanctorum
3401 5241 3694 5295 puerorum

2116 5322 2464 5392 quosmissus
2503 5319 2658 5388 quasi
2699 5320 2945 5375 viviﬂcus
2967 5335 3060 5376 aer
3075 5335 3186 5375 non
3209 5320 3534 5386 combussit,
3567 5319 3697 5375 dum

2118 5415 2234 5485 ipsa
2261 5411 2592 5467 calefaciens
2639 5411 2878 5467 viviﬁcnt
2899 5421 3109 5466 tantum
3163 5411 3431 5466 remansit
3466 5420 3526 5466 ut
3551 5410 3697 5479 quod

2123 5507 2177 5560 in
2202 5507 2315 5575 ipsa
2335 5503 2621 5559 luciferum
2643 5511 2700 5557 et
2731 5504 2968 5558 lucidum
3003 5513 3140 5572 erat,
3167 5519 3268 5559 nos
3280 5503 3436 5572 juxta
3463 5512 3697 5558 mentem

2124 5597 2465 5653 auferremus
2486 5607 2542 5650 et
2562 5595 3038 5664 cxprimeremus;
3081 5609 3186 5650 nec
3241 5595 3462 5666 quidem
3513 5593 3698 5648 adhuc

2124 5691 2490 5759 cogitaremus
2519 5689 2726 5760 aliquid
2752 5691 3078 5755 causlicum,
3109 5703 3449 5744 consumens
3499 5697 3558 5743 et
3592 5688 3692 5741 de-

2127 5797 2347 5850 vorans,
2374 5780 2469 5837 sed
2494 5780 2621 5850 ista:
2640 5782 2887 5838 sensibili
2919 5781 3030 5853 igni
3073 5780 3529 5852 relinqueremus.
3579 5778 3701 5833 Ideo
