4034 6408
349 335 458 401 697

1175 349 1258 412 ΙΝ
1296 349 1632 412 HYMNUM
1669 350 2328 418 PENTECOSTALEM
2359 359 2809 428 DAMASCENL

3484 367 3592 430 6i8

350 452 483 522 ἁγία
523 451 665 518 λέξις
711 453 859 509 ἐστὶν
917 456 1392 528 ὁμολογουμένων
1445 462 1604 531 μόνος
1642 463 1753 534 γὰρ
1781 481 1917 517 παν-

2032 469 2263 524 amnium
2288 472 2560 539 confesso,
2621 491 2776 530 sacra
2831 474 2997 532 dictio
3046 484 3128 531 est
3171 495 3186 531 :
3247 478 3396 534 solus
3446 481 3591 534 enim

347 545 578 612 τουργὸς
630 548 658 598 6
711 546 844 606 Θεδς
899 547 1028 618 παρ’
1061 551 1197 618 ἡμῖν
1249 551 1512 614 εὐσεϐῶς.
1559 551 1624 604 Oi
1678 551 1737 605 δέ
1795 550 1916 604 καθ’

347 633 616 706 Ἕλληνας
643 637 740 703 τῆς
764 639 937 707 αὐτῆς
962 637 1108 710 εἶχον
1137 643 1412 709 σημασίας
1437 642 1530 697 τὸν
1556 642 1914 712 παντουργδν,

345 723 420 786 ὡς
471 725 568 777 καὶ
599 725 1025 796 προδεδήλωται,
1060 728 1153 782 τὸν
1187 731 1278 783 καὶ
1310 731 1394 800 ἐφ’
1424 728 1504 794 οἷς
1556 732 1617 786 οὐ
1669 733 1775 802 χρὴ
1823 749 1920 784 πε-

351 815 707 888 ριεργότατον
731 819 826 872 καὶ
853 818 996 873 οὕτω
1021 823 1342 892 κακοεργὸν·
1380 825 1442 876 οὐ
1473 828 1636 879 παντὶ
1665 824 1812 894 ἔργῳ
1842 824 1920 894 τῷ

349 907 470 959 κατ’
510 906 802 977 ἄνθρωπον
831 911 1103 980 ἐναρέτως
1142 913 1528 978 ἐπιϐάλλοντα,
1564 915 1920 985 ἐγχειροῦντα

347 996 404 1050 δὲ
430 997 522 1050 καὶ
553 992 634 1059 οἷς
664 999 766 1051 οὐκ
810 1000 995 1070 ἐχρῆψ
1027 1000 1054 1054 ὃ
1084 1003 1149 1069 δὴ
1180 1003 1276 1057 καὶ
1307 1003 1416 1056 τῶν
1457 1022 1540 1067 τις
1570 1006 1922 1060 παλαιτάτων

351 1085 531 1157 σοφῶν
573 1091 978 1161 κατηγορηθεὶς
1029 1094 1230 1164 ἐϐλάϐη
1281 1097 1355 1158 ὡς
1407 1097 1753 1167 διαστρέφων
1795 1099 1921 1161 τοὺς

356 1180 840 1249 μαθητευομένους
894 1184 952 1235 ἐν
1005 1184 1085 1253 τῷ
1135 1187 1538 1255 ἀναγινώσκειν
1599 1189 1783 1251 αὐτοῖς
1837 1190 1917 1253 τὸ,

355 1268 561 1337 Ἔργον
591 1269 637 1322 δ’
677 1270 828 1324 οὐδὲν
875 1271 1099 1339 ὄνειδος,
1127 1276 1190 1328 οὐ
1238 1280 1373 1346 πρός
1399 1278 1581 1348 ὀρθὸν,
1611 1280 1768 1349 λόγον
1791 1281 1867 1344 ὼς
1894 1283 1922 1335 6

353 1363 664 1431 κατήγορος
694 1363 822 1432 ἐφη·
854 1365 969 1419 ἀλλ’
999 1366 1083 1419 ὅτι
1119 1367 1281 1437 ἔργον
1311 1370 1466 1423 οὐδὲν
1515 1372 1714 1436 ὄνειδός
1750 1376 1920 1439 ἐστιν,

353 1449 522 1521 ἤγουν
554 1453 676 1506 οὐδέ
709 1455 810 1523 μία
846 1456 1080 1526 ἐργασία
1111 1460 1249 1526 πρὸς
1285 1462 1591 1532 ὀνειδισμοῦ
1623 1465 1822 1531 γένοιτ’
1857 1465 1923 1520 ἂν

352 1542 430 1614 τῷ
455 1544 862 1618 ἀποπληροῦντι
889 1549 1078 1619 αὐτήνο
1116 1551 1175 1616 ὃς
1201 1553 1264 1621 δὴ
1297 1553 1454 1623 λόγος
1481 1556 1680 1620 ἄτοπος
1710 1557 1926 1626 ἐξεφαί-

354 1651 497 1697 νετο,
539 1639 586 1689 εί
623 1637 869 1692 παιδεύει
907 1641 982 1710 μὴ
1015 1643 1322 1714 ὀνειδισμὸν
1353 1663 1478 1700 τινα
1510 1646 1654 1716 ἔχειν
1700 1649 1766 1700 τά
1794 1648 1926 1717 ἐφά-

357 1742 539 1794 μαρτα
568 1727 728 1796 ἔργα,
764 1729 1048 1784 ἐπαινετὸν
1073 1733 1130 1786 δὲ
1161 1727 1304 1786 εἶναι
1331 1741 1428 1789 καὶ
1464 1737 1556 1788 τὸν
1587 1736 1800 1790 ἅπαντα
1831 1739 1924 1808 ἐρ-

355 1816 655 1885 γαζόμενον
702 1820 797 1873 καὶ
829 1820 972 1874 οὕτω
1003 1825 1366 1894 παντουργὸν·
1395 1826 1476 1880 διὸ
1512 1828 1592 1889 είς
1618 1796 1923 1899 ἀπόϐλητδν
1956 1796 1997 1852 Β

357 1909 753 1979 ἀπερριπτεῖτο
796 1915 910 1976 τοῖς
941 1913 1064 1966 τότε
1093 1915 1122 1968 6
1153 1917 1511 1986 παντουργός·
1537 1917 1764 1989 ὕστερον
1800 1920 1924 1988 μέν·

353 2020 436 2056 τοι
464 2003 560 2057 τοῦ
591 2005 756 2076 ἔργου
787 2007 1178 2078 ἀποκριθέντος
1215 2011 1295 2073 είς
1333 2011 1632 2081 ἑρμηνείαν
1671 2011 1925 2082 πράξεως

357 2095 595 2165 ἀγαθῆς,
647 2099 743 2150 καὶ
781 2098 1088 2164 ἰδιάσαντος
1123 2103 1203 2164 είς
1250 2102 1534 2157 ἐπαινετὸν
1567 2104 1661 2157 καὶ
1713 2104 1924 2174 πρέπον

355 2187 455 2257 βίῳ
491 2188 776 2260 πολιτικῷ,
803 2191 896 2245 καὶ
945 2193 1179 2260 ἐργάτου
1230 2193 1524 2262 λεγομένου
1551 2193 1644 2247 τοῦ
1695 2193 1923 2264 εὐεργοῦ

355 2280 452 2331 καὶ
482 2281 740 2350 ἐνεργοῦς
773 2284 866 2336 ἐπὶ
905 2283 1081 2351 καλῷ,
1111 2284 1396 2355 προλιπὼν
1427 2286 1574 2355 ἡμᾶς
1604 2287 1631 2338 6
1661 2303 1927 2354 παντουρ-

354 2372 451 2439 γὸς
479 2371 587 2425 ἀπὸ
614 2372 802 2441 χθονὸς
827 2374 1143 2442 εὐρυοδείης
1171 2377 1250 2439 είς
1287 2377 1571 2445 Ὄλυμπον
1593 2377 1924 2444 ἀναϐέϐηκε,

352 2462 434 2532 τῷ
463 2462 580 2532 Θεῷ
601 2465 682 2526 είς
709 2467 1032 2535 ἐπωνυμίαν
1067 2469 1506 2537 οἰκειωσόμενος,
1543 2469 1638 2520 καὶ
1664 2469 1757 2521 τὸν
1787 2484 1922 2521 παν·

353 2551 551 2624 οῦργον
603 2557 991 2612 καταλέλοιπεν
1057 2559 1319 2614 είλεῖσθαι
1368 2561 1496 2629 περὶ
1547 2561 1716 2629 ἠμᾶ,⁹
1785 2559 1928 2614 οὕτω

355 2647 452 2701 καὶ
482 2646 900 2718 θαυματουργὸς
951 2650 1118 2705 πάλαι
1156 2651 1254 2721 μέν
1289 2669 1417 2705 ποτε
1477 2653 1506 2705 6
1541 2652 1800 2719 παιγνίαν
1828 2653 1926 2720 τὴν

355 2736 481 2806 ὄψιν
511 2737 843 2792 ἀποπλανῶν
885 2741 1049 2794 ὁποῖα
1086 2741 1157 2793 τὰ
1189 2740 1562 2810 περιᾳδόμενα
1603 2743 1927 2811 Σωκράτους

356 2823 522 2899 εἶναι,
571 2830 666 2881 καὶ
698 2828 834 2881 ἄλλα
881 2829 938 2882 δέ
978 2847 1099 2883 τινα
1145 2824 1222 2884 ὧν
1263 2831 1594 2896 κατέπαιξεν
1644 2833 1928 2903 Ὤριγένης

361 2918 669 2988 ἀπελέγξας
713 2920 874 2983 αὐτὰ,
910 2919 1167 2990 θαύματα
1210 2924 1412 2990 μωροῖς
1447 2924 1630 2974 ἐκεῖνα
1662 2924 1804 2976 κατά
1835 2923 1926 2974 τὸν

356 3010 501 3066 οὕτω
552 3012 814 3081 φάμενον·
881 3011 1108 3079 ὕστερον
1187 3013 1372 3080 μέντοι
1437 3013 1464 3064 6
1511 3014 1928 3084 θαυματουργὸς

361 3103 611 3173 θειοτάτη
642 3103 789 3168 λέξις
830 3103 968 3169 ἐστὶ,
999 3103 1134 3156 Θεοῦ
1187 3102 1625 3175 θαυμαστοῦντος
1653 3105 1750 3173 τὴν
1785 3107 1927 3160 ἐκεῖ-

359 3195 452 3248 θεν
473 3193 731 3264 τοιαύτην
759 3194 921 3264 χάριν
953 3193 1172 3263 ἔχοντα.

437 3291 602 3357 ρπς¹.
658 3285 719 3338 Ὀ
772 3285 829 3338 δέ
888 3285 1182 3354 εὐεργέτης
1214 3286 1308 3338 καὶ
1366 3286 1630 3356 βασιλέως
1696 3287 1926 3354 ἀγαθοῦ,

359 3381 697 3448 Πτολεμαῖος
771 3380 827 3432 δὲ
879 3375 948 3449 ἦν
997 3381 1225 3445 ἐκεῖνος,
1297 3379 1587 3449 ἐπώνυμον
1660 3382 1928 3451 ἐπεκρίθη

356 3472 636 3541 γενέσθαι,
685 3471 774 3524 διὰ
814 3471 876 3524 τὺ
907 3470 1104 3533 ἐνθέως
1155 3471 1360 3538 ἀγαθὸν
1391 3471 1486 3523 τοῦ
1518 3473 1847 3542 εὐεργετεῖν,
1883 3474 1936 3525 εί

358 3583 412 3618 τι
449 3562 803 3633 μεμνήμεθα,
837 3562 1102 3632 βασιλέως
1150 3562 1382 3616 παλαιοῦ
1420 3565 1666 3633 φαμένου
1709 3567 1792 3619 ὅτι
1826 3567 1933 3636 Σή-

365 3673 536 3727 μερον
564 3655 665 3709 οὐκ
705 3655 1058 3720 ἐϐασίλευσα,
1085 3655 1147 3707 οὑ
1195 3656 1302 3725 γὰρ
1331 3655 1698 3726 εὐηργέτησα·
1733 3661 1827 3712 καὶ
1865 3655 1930 3713 αὗ

365 3748 528 3802 πάλιν
557 3748 745 3818 ἐτέρου
793 3747 869 3817 μὴ
903 3745 1175 3812 τοιούτου,
1207 3749 1338 3819 περὶ
1366 3748 1426 3801 οὐ
1466 3749 1627 3818 σοφός
1654 3767 1740 3813 τις
1789 3752 1932 3822 ἐρω-

359 3840 548 3910 τηθεὶς
608 3842 667 3894 ἐν
723 3839 804 3909 τῷ
848 3839 942 3892 τοῦ
1003 3841 1226 3910 ἀρχείου
1286 3839 1508 3908 ἐξιέναι,
1543 3843 1933 3913 τίὸβασιλεὺς

361 3935 529 3997 ποιεῖ,
557 3932 830 4001 Πτωχοὺς,
860 3931 988 4000 ἔφη·
1022 3931 1289 3985 σκώπτων
1336 3934 1539 3996 ἐκεῖνος
1577 3935 1669 3989 τὸν
1694 3937 1936 4008 ἄρχοντα

361 4028 439 4089 ὼς
466 4026 540 4095 μὴ
575 4025 948 4094 εὐεργετικόν.
974 4027 1080 4079 Καὶ
1107 4025 1182 4095 τῷ
1204 4025 1315 4079 δντι.
1344 4025 1595 4096 βασιλεὺς
1624 4029 1935 4098 φειδόμενος

362 4115 655 4186 θησαυρῶν
689 4117 782 4169 καὶ
827 4117 898 4169 δι’
947 4116 1079 4170 αὐτὸ
1109 4118 1547 4188 χρυσοφυλακῶν
1611 4120 1837 4191 μύρμηξ
1868 4122 1934 4175 ἂν

360 4207 449 4277 εἴη
479 4209 879 4278 χρυσωρυχῶν,
912 4207 970 4269 ὃς
1013 4207 1356 4279 ἐνθυμείσθω
1389 4213 1486 4263 καὶ
1517 4213 1642 4275 τοὺς
1688 4213 1933 4282 ἱστορου-

363 4299 562 4366 μένους
597 4298 739 4368 μύας
770 4300 852 4361 είς
878 4297 1032 4352 οὐδέν
1063 4300 1182 4354 δέον
1208 4300 1382 4368 φιλεῖν
1411 4301 1501 4354 τὸν
1529 4302 1752 4371 χρυσόν.
1783 4301 1936 4357 Οὕτω

360 4392 417 4443 δὲ
442 4391 538 4443 καὶ
568 4392 677 4453 πᾶς
709 4390 966 4455 πλούσιος
1006 4395 1072 4461 τῇ
1110 4393 1180 4461 γῇ
1207 4391 1483 4445 πιστεύων
1512 4392 1580 4444 τὰ
1614 4393 1872 4461 χρήματα
1901 4394 1933 4463 ἦ

2028 561 2166 615 Deus
2196 563 2337 628 apud
2372 579 2472 619 nos
2502 565 2586 633 pie
2633 566 3244 638 dicitur‘iﬂavmupydg.
3324 571 3592 626 Auctores

2027 661 2209 708 autem
2240 653 2437 721 Graeci,
2477 660 2616 712 sicut
2669 671 3146 728 prmmonstratum
3203 672 3308 726 est,
3340 663 3587 732 ejusdem

2022 745 2430 812 significationis
2459 749 2728 805 habebant
2756 754 2847 805 τὸν
2883 753 3243 823 παντούργόν,
3295 755 3445 809 illum
3499 754 3592 824 qui

2026 837 2182 891 \aide
2209 839 2494 908 operarius
2526 851 2608 895 est
2653 843 2706 896 in
2727 843 2927 914 quibus
2960 861 3067 899 non
3108 854 3346 915 oportet,
3394 855 3448 901 et
3512 847 3591 902 sic

2025 928 2348 985 tualel'actor
2367 941 2486 1000 est;
2515 933 2607 1002 qui
2632 949 2741 990 non
2776 935 2926 990 omni
2963 952 3022 992 se
3047 937 3140 991 dat
3167 938 3319 1006 operi
3354 938 3594 992 humano

2020 1022 2396 1088 laudabiliter,
2439 1025 2532 1080 sed
2571 1041 2792 1082 manum
2829 1028 3027 1096 ingerit
3055 1029 3146 1084 ubi
3171 1045 3277 1083 non
3329 1039 3545 1097 oportet
3576 1048 3592 1096 ;

2020 1114 2088 1168 de
2118 1128 2226 1180 quo
2256 1129 2396 1169 unus
2425 1129 2491 1169 ex
2525 1115 2921 1182 antiquissimis
2941 1118 3281 1186 sapientibus
3305 1129 3594 1173 accusatus

2022 1205 2246 1274 punitus
2262 1204 2361 1258 fuit
2387 1213 2444 1259 ut
2461 1217 2775 1275 pervertens
2793 1208 3088 1279 discipulos
3108 1209 3242 1279 ipsis
3265 1210 3595 1278 persuaden-

2022 1295 2092 1351 do
2120 1297 2294 1366 quodt
2317 1297 2520 1352 nullum
2539 1313 2676 1367 opus
2701 1301 2951 1366 probrum
2979 1311 3083 1357 est.
3120 1319 3138 1352 ›
3165 1301 3279 1354 Non
3299 1301 3363 1355 ad
3392 1312 3593 1356 rectam

2027 1390 2312 1456 rationem,
2340 1397 2703 1446 utaccusator
2723 1391 2885 1458 dixit,
2924 1392 3020 1447 sed
3055 1393 3198 1462 quod
3221 1393 3426 1448 nullum
3457 1409 3596 1460 opus

2023 1480 2280 1550 probrum
2303 1491 2406 1544 est,
2436 1497 2528 1536 seu
2571 1483 2720 1538 nulla
2761 1484 2903 1538 actio
2956 1489 3156 1553 probro
3221 1500 3343 1540 esse
3395 1494 3594 1552 potest,

2024 1570 2339 1639 adimplenti
2373 1571 2523 1627 illam
2565 1575 2693 1643 :qui
2723 1590 2856 1630 sane
2887 1589 3069 1630 sermo
3085 1575 3377 1630 videbatur
3405 1577 3599 1630 absur-

2025 1660 2149 1725 dus,
2175 1661 2220 1716 si
2251 1662 2471 1717 doceret
2503 1665 2710 1720 nullum
2744 1667 2997 1734 probrum
3029 1667 3230 1723 habere
3287 1670 3596 1739 peccatoria

2029 1769 2217 1824 opera,
2241 1755 2566 1810 laudabilem
2593 1771 2724 1812 vero
2759 1772 2880 1814 esse
2941 1769 3138 1815 cuncta
3171 1771 3486 1830 operantem
3544 1769 3600 1816 et

2031 1848 2105 1902 ita
2141 1849 2502 1917 παντουργόν.
2538 1847 2662 1902 ideo
2713 1852 3046 1915 contemptui
3078 1853 3321 1906 tradatur
3355 1853 3596 1906 homini-

2030 1939 2131 1995 bus
2150 1940 2316 2007 hujus
2343 1943 2439 1995 aevi
2465 1945 2492 1995 ὁ
2527 1945 2886 2011 παντουργός.
2911 1943 3188 1998 Posterius
3205 1955 3411 2010 tamen,
3435 1959 3599 2014 Opere

2031 2031 2086 2084 in
2124 2031 2634 2101 interpretationem
2673 2035 2906 2089 actionis
2939 2035 3094 2089 bona:
3121 2037 3411 2105 aestimato,
3470 2054 3600 2107 pro-

2032 2123 2259 2191 prieque
2283 2125 2592 2192 pertinente
2615 2125 2678 2178 ad
2709 2125 2759 2180 id
2793 2127 2938 2195 quod
2970 2127 3222 2182 laudatur
3251 2138 3304 2183 et
3339 2129 3602 2198 competit

2031 2211 2240 2266 homini
2265 2213 2510 2282 politico,
2543 2223 2599 2269 et
2629 2217 2880 2284 operario
2915 2217 3061 2271 dicto
3112 2219 3205 2272 illo
3223 2218 3314 2287 qui
3352 2219 3487 2275 bene
3519 2220 3600 2273 vi-

2032 2305 2312 2374 riliterque
2341 2307 2450 2376 agit
2476 2306 2530 2360 in
2552 2306 2714 2370 bono,
2742 2307 3123 2378 derelinquens
3152 2324 3248 2364 nos
3279 2311 3308 2362 6
3335 2327 3603 2380 παντουρ-

2031 2397 2130 2467 γδς
2161 2399 2268 2452 ἀπὸ
2299 2399 2488 2469 χθονὸς
2543 2400 2852 2470 εὐρυοδείης
2880 2403 2932 2456 in
2993 2401 3278 2474 Olympum
3324 2406 3594 2470 ascendit,

2031 2493 2085 2546 in
2104 2506 2401 2561 cognomen
2423 2493 2529 2546 Deo
2543 2493 2873 2562 propriatus,
2904 2503 2960 2548 et
2983 2493 3072 2547 τὸν
3089 2496 3428 2566 παντουργόν
3456 2498 3601 2553 circa

2033 2600 2134 2639 nos
2154 2584 2360 2640 versari
2383 2585 2622 2652 reliquit.
2644 2585 2735 2640 Sic
2751 2586 2910 2640 etiam
2934 2587 3060 2641 olim
3081 2587 3494 2659 θαυματουργὸς
3514 2591 3605 2646 ille

2033 2677 2249 2747 quidem
2267 2687 2384 2731 erat
2396 2677 2485 2746 qui
2500 2675 2684 2745 iocosa
2701 2678 2878 2746 specie
2891 2679 2982 2732 sed
2991 2680 3198 2734 uctorie
3215 2681 3606 2754 fingebat,qua-

2035 2771 2105 2825 lia
2127 2778 2253 2823 sunt
2273 2784 2392 2838 qua?
2411 2769 2756 2824 celebrantur
2774 2785 2893 2824 esse
2910 2769 3148 2826 Socratis
3164 2781 3218 2826 et
3233 2775 3336 2828 alia
3357 2775 3602 2844 quaedam

2033 2861 2101 2916 de
2119 2861 2319 2931 quibus
2346 2861 2638 2916 confutatis
2655 2862 2776 2916 risit
2796 2861 3054 2932 Origenes
3075 2865 3220 2919 :ltzec
3237 2875 3417 2920 autem
3449 2867 3604 2932 juxta

2034 2969 2229 3008 nomen
2249 2955 2662 3009 erantmiranda
2689 2953 2893 3011 stultis.
2916 2955 3192 3011 Posterius
3218 2968 3400 3013 tamen
3429 2962 3455 3012 6
3476 2962 3606 3013 οαυ-

2039 3049 2347 3117 ματουργός
2377 3048 2719 3106 divinissima
2757 3067 2858 3106 vox
2895 3053 3031 3108 facta
3059 3059 3162 3115 est.
3239 3052 3347 3106 Deo
3402 3052 3601 3106 mirum

1954 3147 1997 3205 (ζ
2035 3137 2268 3193 faciente
2301 3139 2451 3193 illum
2488 3141 2582 3210 qui
2613 3141 2774 3196 talem
2803 3143 2999 3197 exinde
3051 3143 3278 3213 gratiam
3309 3143 3493 3198 habet.

2110 3277 2238 3331 186.
2277 3275 2394 3330 Vox
2422 3278 2647 3345 autemf6
2669 3278 2966 3348 εὐεργέτης
3020 3279 3150 3334 boni
3189 3281 3352 3348 regis,
3401 3291 3456 3336 et
3515 3283 3607 3337 hic

2037 3371 2256 3442 quidem
2283 3381 2402 3425 crat
2432 3369 2778 3436 Ptolemaeus,
2819 3386 3121 3441 cognomen
3192 3373 3306 3427 ﬁeri
3362 3374 3603 3442 iudicata

2037 3471 2142 3525 est,
2172 3476 2237 3516 eo
2271 3461 2417 3530 quod
2469 3462 2728 3516 divinitus
2787 3462 2985 3516 bonum
3046 3470 3130 3518 est
3161 3463 3500 3528 benefacere,
3555 3466 3603 3521 si

2037 3554 2449 3609 meminerimus
2478 3555 2678 3609 veteris
2719 3553 2866 3608 illius
2925 3555 3089 3623 regis,
3155 3555 3356 3611 aientis
3391 3557 3607 3614 :iiodie

2039 3664 2148 3701 non
2179 3646 2430 3716 regnavi;
2464 3661 2572 3700 non
2610 3647 2758 3701 enim
2786 3644 3050 3713 benefcci;
3080 3656 3132 3701 et
3181 3645 3405 3703 alterius
3459 3649 3608 3704 haud

2039 3740 2255 3803 similis,
2288 3739 2356 3794 de
2372 3754 2480 3808 quo
2510 3738 2726 3808 sapiens
2747 3738 2964 3808 quidam
3028 3738 3082 3792 in
3133 3739 3318 3808 palatii
3349 3741 3498 3796 exitu
3525 3742 3608 3797 ἱιο

2041 3842 2346 3901 terrogatus
2383 3832 2510 3902 quid
2537 3846 2630 3886 rex
2668 3831 2894 3896 faceret,
2926 3830 3219 3900 Pauperes,
3244 3833 3444 3898 inquit,
3476 3850 3610 3889 con—-

2040 3925 2288 3979 siderans
2309 3924 2411 3978 iste
2431 3923 2725 3994 principem
2755 3932 2815 3977 ιιι
2843 3937 2948 3978 non
2975 3922 3300 3978 beneficum.
3325 3922 3392 3978 Et
3420 3941 3608 3980 revera

2040 4015 2295 4084 princeps
2318 4014 2589 4070 thesauris
2617 4029 2868 4084 parcens,
2898 4023 2950 4068 et
2986 4013 3107 4068 ideo
3135 4015 3469 4082 auricustos,
3497 4017 3610 4072 for-

2043 4107 2180 4162 mica
2205 4107 2452 4176 quaedam
2481 4115 2626 4162 esset
2649 4105 2918 4162 infodiens
2946 4121 3138 4160 aurum
3165 4122 3182 4174 ;
3239 4106 3326 4160 hic
3365 4107 3414 4160 in
3459 4123 3614 4162 men-

2042 4213 2150 4255 tem
2183 4208 2403 4254 revocet
2429 4197 2660 4253 traditos
2682 4197 2963 4252 memoriae
3027 4211 3214 4253 mures
3281 4197 3338 4252 in
3401 4201 3608 4255 trullam

2045 4280 2346 4345 utilitatem
2377 4269 2569 4342 aurum
2601 4287 2908 4358 diligentes‘.
2958 4285 3049 4342 Sic
3073 4294 3264 4341 autem
3293 4291 3456 4347 etiam
3491 4307 3616 4346 om-

2044 4382 2133 4436 nis
2159 4381 2310 4436 dives
2346 4389 2505 4434 terrae
2537 4380 2708 4434 fidens
2733 4380 2954 4434 divitias
2997 4391 3088 4433 aut
3113 4382 3283 4437 muris
3339 4383 3612 4449 inserens,

360 4485 562 4554 τοίχοις
606 4483 904 4555 παραϐύων
950 4485 1031 4546 εἰς
1089 4481 1216 4536 νοῦν
1249 4483 1570 4553 λαμϐανέτω
1601 4484 1674 4554 μὴ
1706 4483 1770 4536 ἂν
1800 4500 1932 4554 πρε·

2046 4483 2224 4528 mente
2258 4472 2525 4539 concipiat
2556 4485 2616 4528 se
2656 4487 2762 4525 non
2791 4472 2928 4526 forte
2985 4471 3241 4530 decenter
3287 4490 3408 4530 esse
3431 4486 3612 4531 tumu-

362 4580 578 4643 πόντως
607 4579 970 4649 ταφήσεσθαι,
1001 4577 1160 4646 εἴπερ
1189 4577 1352 4640 αὐτὸς
1389 4577 1586 4630 θάπτει
1611 4577 1679 4630 τὰ
1704 4577 1936 4648 μὴ’ἀξια

361 4672 790 4742 κατακρύψεως,
820 4672 958 4725 ἀλλά
1002 4671 1293 4729 διαδόσεως
1339 4670 1440 4738 τῆς
1471 4671 1608 4740 πρὸς
1631 4671 1759 4734 τοὺς
1785 4671 1940 4724 ἀδελ-

362 4764 518 4834 φούς.
558 4763 620 4817 ’0
646 4761 691 4817 6’
713 4764 876 4826 αὐτὸς
925 4761 1212 4815 ἐννοείσθω
1261 4763 1357 4814 καὶ
1403 4761 1486 4814 ὅτι
1532 4761 1649 4832 ἆμα
1680 4763 1939 4832 χρήματα

362 4855 696 4925 ἐκρύϐησεν,
727 4855 818 4908 καὶ
847 4856 876 4907 6
905 4852 1037 4913 Θεὸς
1069 4853 1198 4914 τοὺς
1227 4853 1547 4923 οἰκτιρμοὺς
1581 4851 1747 4906 αὐτοῦ
1780 4853 1936 4905 συνέ-

363 4947 565 5009 στειλε,
595 4945 771 5012 λέγων
794 4946 955 4998 οἱονεὶ
993 4945 1096 5009 ὅτι,
1132 4944 1251 5008 Δὸς,
1280 4937 1326 4996 ὡ
1356 4943 1600 5008 πλούσιε,
1634 4945 1730 4996 καὶ
1758 4942 1936 5007 δώσω,

363 5037 750 5107 εὐεργέτησον,
783 5034 878 5089 καὶ
913 5034 1280 5103 εὐεργετήσω,
1311 5033 1404 5086 καὶ
1430 5032 1601 5094 οὕτως
1631 5031 1825 5100 ἔσομαί
1856 5049 1940 5084 σοι

359 5131 462 5182 οἰκ
510 5127 783 5194 ἀποδὸτης
829 5125 924 5178 καὶ
963 5123 1270 5194 βραϐευτὴς
1322 5125 1563 5193 χάριτος,
1599 5123 1734 5177 ἀλλά
1782 5123 1939 5177 δώσω

362 5237 447 5272 σοι
476 5216 834 5287 ὀφειλετικῶς
865 5215 1018 5279 ἀξιον
1065 5215 1438 5284 ἀνταπόδομα.
1471 5215 1613 5282 Ὅρα
1656 5213 1712 5266 δὲ
1745 5214 1827 5266 ὅτι
1879 5213 1940 5265 τὸ

361 5311 698 5381 εὐεργετεῖν,
750 5309 778 5360 ὅ
813 5308 961 5360 ἐστιν
1012 5305 1274 5369 εὐποιεῖν,
1327 5305 1506 5358 εἴτουν
1549 5301 1610 5358 εὖ
1663 5307 1855 5370 ποιεῖν,
1905 5305 1938 5374 ἡ

366 5403 655 5474 μετάδοσις
685 5399 1003 5463 ἐξιδιώσατο
1020 5395 1490 5465 ἀποκληρωτικῶς
1515 5395 1638 5448 κατ’
1661 5395 1939 5462 ἐξαίρετον

363 5493 451 5547 διὰ
479 5491 539 5543 τὸ
562 5489 920 5558 θεομίμητονο
953 5487 1034 5549 είς
1063 5487 1090 5538 ὃ
1123 5487 1391 5554 μαρτυρεῖ
1417 5486 1444 5536 6
1475 5484 1941 5552 γνωματευσάμε-

359 5600 450 5646 νος
475 5582 569 5635 τὸν
595 5579 990 5650 εὐεργετοῦντα
1051 5575 1296 5646 μιμητὴν
1332 5573 1472 5628 εἶναι
1510 5575 1602 5627 τοῦ
1633 5575 1791 5628 Θεοῦ.

436 5674 578 5742 ρπζν.
619 5673 695 5724 Τὸ
725 5672 781 5724 δέ
811 5671 1170 5740 δημιουργεῖν
1193 5709 1208 5731 ,
1236 5669 1395 5736 εἴπερ
1417 5668 1442 5719 6
1467 5666 1687 5720 πᾶν-ξων
1712 5667 1942 5737 ποιητὴς

368 5767 456 5827 καὶ
486 5763 620 5827 Θεές
649 5763 902 5832 ἀνέχεται
954 5758 1302 5813 ἀνατίθεσθαι
1333 5760 1410 5822 εἰς
1443 5759 1757 5826 ἐπωνυμίαν
1788 5757 1940 5825 αὐτῷ

2041 4564 2279 4630 landum,
2301 4565 2402 4620 etsi
2423 4575 2478 4618 tu
2488 4563 2652 4618 mulet
2665 4563 2777 4633 ipse
2793 4579 2880 4619 res
2895 4564 3254 4622 absconsione
3274 4582 3378 4621 non
3396 4567 3610 4637 dignas,

2039 4658 2130 4714 sed
2158 4657 2340 4727 potius
2365 4672 2491 4728 erga
2523 4655 2720 4712 fratres
2745 4656 3053 4728 largitione.
3085 4657 3208 4728 Ipse
3231 4673 3362 4712 vero
3393 4675 3611 4729 quoque

2040 4749 2308 4820 recogitet
2337 4747 2508 4816 quod,
2546 4748 2636 4802 ubi
2677 4747 2962 4802 thesauros
3025 4748 3330 4814 abscondit,
3371 4751 3613 4805 simulet

2043 4841 2184 4896 Deus
2209 4839 2637 4896 misericordiam
2665 4840 2930 4894 conclusit
2949 4840 3003 4894 in
3031 4856 3176 4905 eum,
3205 4843 3612 4910 quodammodo

2039 4933 2263 4988 dicens:
2299 4931 2394 4997 Da,
2429 4931 2598 4996 dives,
2634 4939 2688 4984 et
2709 4931 2871 4996 dabo,
2905 4931 3128 4986 benefac
3153 4941 3205 4984 et
3232 4931 3564 4986 benefaciatn
3592 4950 3607 4998 ;

2039 5034 2094 5078 et
2127 5025 2208 5080 sic
2238 5039 2332 5078 ero
2365 5023 2458 5077 tibi
2479 5038 2587 5076 non
2627 5023 2816 5092 gratiae
2856 5023 3086 5092 largitor
3111 5033 3164 5077 et
3199 5023 3463 5088 redditor,
3512 5027 3606 5079 sed

2042 5116 2136 5169 tibi
2167 5115 2408 5169 debitam
2443 5114 2769 5183 dignamque
2836 5114 3249 5170 retributionem
3281 5114 3442 5170 dabo.
3472 5114 3610 5172 Vide

2041 5220 2171 5276 ergo
2202 5209 2346 5275 quod
2367 5205 2428 5256 τὸ
2452 5206 2785 5273 εὐεργετεῖν,
2803 5205 2853 5258 id
2877 5215 2958 5259 est
2989 5207 3328 5271 benefacere,
3353 5207 3455 5261 sibi
3488 5217 3610 5262 tan-

2042 5311 2206 5363 quam
2245 5294 2613 5350 ltmreditatem
2639 5295 2965 5350 excellenter
2995 5298 3314 5366 appmpriat
3331 5298 3399 5352 ob
3429 5299 3611 5352 imita-

2043 5388 2245 5440 tionem
2276 5383 2370 5439 Dei
2407 5387 2671 5438 bonorutn
2703 5386 3130 5440 communicatio
3157 5403 3170 5439 :
3198 5389 3342 5457 quod
3372 5397 3604 5443 testatur

2043 5479 2312 5534 sententia
2367 5478 2517 5532 illius
2569 5479 2661 5547 qui
2702 5477 2862 5542 dixit,
2917 5478 3241 5532 beneficium
3287 5479 3611 5535 imitatorem

2043 5585 2160 5625 esse
2182 5571 2298 5624 Dei.

2116 5660 2238 5715 187.
2272 5658 2386 5715 lioe
2409 5670 2590 5716 autem
2613 5661 2992 5732 δημιουργεῖν,
3042 5663 3088 5717 si
3115 5663 3336 5733 quidem
3367 5662 3612 5716 omnium

2046 5752 2218 5807 factor
2239 5759 2292 5807 et
2326 5750 2469 5808 Deus
2519 5753 2791 5808 consentit
2851 5755 3098 5822 accipere
3149 5753 3250 5810 sibi
3312 5767 3612 5820 cognomen
