4034 6448
340 369 437 431 τοι

1123 375 1202 434 1N
1256 375 1600 438 HYMNUM
1640 375 2300 444 PENTECOSTALEM
2344 383 2808 447 DAMASCENI.

3493 388 3525 447 7
3530 386 3600 452 02

336 510 439 555 σις,
475 490 810 559 ἀναπόλησις
861 485 996 545 οὖσα
1045 494 1266 565 μνήμης
1306 496 1545 566 ἐκείνης,
1580 498 1673 550 καὶ
1717 499 1906 569 μνήμη

2019 510 2141 563 qua:
2169 499 2575 567 quodammodo
2611 501 2930 557 memoriam
2984 501 3131 556 illam
3187 502 3484 563 remandit.
3515 505 3599 558 di-

338 585 437 651 μὲν
485 584 576 637 καὶ
610 584 749 656 αὐτὴ
782 585 1077 657 λεγομένη,
1112 588 1451 659 κυριώτερον
1490 591 1545 644 δὲ
1583 592 1911 661 ἀνάμνησις.

334 676 407 729 Τὸ
424 679 505 744 δὲ,
540 678 898 749 βροτοσσώων
914 680 1084 744 ἐπῶν,
1107 681 1258 751 δηλοί
1293 683 1392 753 μὲν
1418 684 1546 745 τοὺς
1571 682 1681 735 τῶν
1706 682 1912 752 βροτῶν

336 769 637 832 σωστικοὺς
662 769 855 836 λόγους
880 769 974 825 τοῦ
1004 769 1168 824 Θεοῦ·
1203 772 1589 843 παραλήγεται
1616 774 1671 827 δὲ
1701 773 1777 842 τῷ
1818 792 1913 837 με-

333 859 485 928 γέιλῳ
514 879 578 924 ω,
610 860 685 925 ὡς
735 862 843 915 ἀπὸ
890 865 983 917 τοῦ
1018 864 1143 920 σώω
1178 868 1240 919 τὸ
1274 868 1432 930 σώζω
1485 861 1546 922 οὗ
1580 869 1912 939 παράγωγον

332 951 393 1002 τὸ
423 950 649 1004 σωέσκω
710 953 803 1005 καὶ
851 953 1111 1022 σώεσκον,
1142 957 1215 1021 ώς
1269 956 1331 1011 τὸ
1377 957 1524 1025 ζώω,
1547 960 1772 1023 ζωέσκω
1816 958 1913 1011 καὶ

225 1101 246 1121 .
334 1041 594 1104 ζώεσκον.
627 1043 688 1094 Ei
723 1043 780 1096 δὲ
814 1046 905 1098 καὶ
938 1041 1025 1099 διὰ
1056 1048 1149 1101 τοῦ
1179 1066 1207 1101 0
1238 1050 1435 1120 μικροῦ
1466 1055 1668 1120 γράφει
1699 1067 1784 1113 τις
1813 1050 1912 1102 αὐ-

332 1134 431 1199 τὴν
467 1137 918 1204 παραλήγουσαν,
952 1140 1013 1192 οὑ
1046 1142 1399 1212 σφαλήσεται.
1434 1143 1497 1194 Ei
1550 1143 1658 1212 γὰρ
1712 1142 1832 1205 σόος
1882 1143 1913 1196 ὁ

335 1224 495 1295 ὑγιὴς
521 1228 651 1295 παρ’
685 1228 912 1300 Ὁμήρῳ
943 1231 1049 1285 ἀπὸ
1076 1232 1169 1285 τοῦ
1203 1234 1313 1285 σέω
1338 1233 1398 1286 τὸ
1426 1235 1604 1305 όρμῶ,
1638 1236 1732 1288 καὶ
1764 1235 1911 1287 ἐκεῖ·

335 1315 425 1368 θεν
451 1318 715 1381 λαοσσόος
744 1320 1050 1393 θηλυκῶςή
1082 1325 1327 1394 σωστικὴ
1361 1325 1455 1379 τοῦ
1499 1326 1653 1392 λαοῦ,
1684 1325 1910 1381 δύναται

332 1404 474 1462 εἶναι
523 1411 620 1464 καὶ
660 1410 898 1467 λαοσσόα
944 1413 1049 1485 ἔπη
1094 1416 1161 1469 τὰ
1210 1418 1349 1479 θεῖα,
1379 1418 1447 1472 δι’
1476 1410 1550 1472 ὧν
1601 1414 1770 1486 ὑγιῶς
1797 1419 1912 1489 ἔχει

332 1502 635 1569 ἀρεταίνων
662 1507 689 1558 ὀ
719 1505 1027 1574 ἄνθρωπος.
1052 1509 1114 1562 Εἰ
1148 1509 1202 1563 δέ
1235 1527 1311 1572 τις
1344 1510 1459 1580 ἐρεῖ
1490 1511 1747 1563 λαοσσόον
1770 1506 1911 1562 εἶναι

345 1592 659 1664 Ὁμηρικῶς
680 1597 775 1667 τὴν
804 1599 1050 1666 σόουσαν,
1078 1600 1247 1672 ἤγουν
1268 1602 1527 1657 κινοῦσαν
1554 1602 1647 1656 τὸν
1675 1602 1802 1656 λαὸν
1833 1602 1912 1665 εἰς

333 1688 588 1756 πόλεμον,
619 1682 663 1758 ᾧ
690 1691 752 1761 δὴ
784 1693 969 1762 ὅμοιον
1004 1695 1097 1747 καὶ
1126 1695 1185 1747 τὸ
1217 1695 1528 1764 δορυσσόος,
1577 1694 1756 1757 καλῶς
1808 1694 1913 1766 μὲν

331 1781 480 1847 λέγει
522 1785 615 1838 καὶ
649 1784 876 1847 ἐκεῖνος,
914 1787 1014 1839 οὐκ
1067 1789 1361 1858 ἀνατρέπει
1394 1786 1451 1843 δὲ
1492 1791 1551 1841 τὸ
1586 1788 1717 1859 παρ’
1749 1789 1906 1858 ἡμῶν

334 1874 518 1944 ῥηθὲν,
564 1875 856 1943 ἁσιράλτως
915 1879 1023 1946 γὰρ
1073 1878 1308 1949 εἴρηται.
1344 1881 1494 1951 Τάχα
1545 1876 1601 1932 δὲ
1644 1881 1908 1934 καὶκατὰ

332 1968 573 2020 τοιοῦτον
610 1968 1013 2039 σημαινόμενον
1047 1971 1345 2042 βροτοσσαία
1377 1974 1481 2043 ἔπη
1536 1973 1606 2026 τὰ
1639 1971 1730 2027 τοῦ
1770 1971 1904 2027 Θεοῦ

330 2058 606 2128 λέγονται,
629 2058 718 2116 οἷα
744 2060 933 2116 σέοντα
961 2065 1077 2134 ἤτοι
1109 2065 1355 2129 σέϐοντα,
1381 2067 1476 2118 καὶ
1498 2065 1908 2130 παρακινοῦντα

332 2154 427 2205 τὸν
467 2150 751 2224 ἄνθρωπον
782 2144 861 2219 εἷς
896 2158 1310 2228 ἀγαθοπραξίαν
1339 2175 1353 2188 ·
1399 2159 1614 2230 ἀληθῶς
1646 2160 1752 2229 γὰρ
1785 2160 1910 2229 δίχα

332 2246 684 2311 διδασκαλίας
729 2249 877 2314 θείας
939 2251 1033 2304 καὶ
1084 2253 1371 2313 ἐπιπνοίας
1405 2252 1504 2322 τῆς
1556 2253 1617 2305 ἐκ
1648 2238 1781 2304 Θεοῦ
1816 2252 1910 2305 καὶ

336 2338 652 2408 συνάρτεως
706 2340 1012 2409 ἀκινητίζει
1039 2341 1104 2392 τὰ
1133 2343 1210 2403 εἰς
1243 2341 1617 2410 ἀγαθουργίαν
1641 2342 1668 2393 ό
1700 2341 1910 2409 ἄνθρω-

335 2444 472 2490 πος’
510 2430 806 2500 ποιητικῶς
856 2429 913 2483 δὲ
968 2430 1030 2483 τὸ
1071 2430 1410 2501 βροτοσσόων
1445 2418 1693 2496 διπλάζει
1735 2432 1796 2484 τὸ
1834 2447 1865 2483 σ
1892 2447 1904 2460 ·

335 2519 480 2574 καθὰ
513 2522 606 2574 καὶ
637 2523 694 2574 τὸ
724 2522 1036 2593 δορυσσόος,
1075 2525 1168 2577 καὶ
1198 2523 1477 2588 λαοσσόος.

411 2701 518 2770 ριζ.
568 2690 641 2752 Τὸ
674 2694 731 2754 δὲ
764 2697 914 2753 ἐπῶν
948 2699 1165 2756 εὔτονον
1211 2705 1309 2772 μὲν
1350 2692 1421 2774 ἦν
1450 2704 1546 2758 ἐὰν
1583 2702 1704 2759 εἷπε
1732 2705 1909 2775 λόγων

334 2792 482 2845 κατὰ
508 2792 606 2862 τὴν
630 2786 954 2847 ἀκολουθίαν
980 2795 1072 2848 τοῦ
1103 2795 1298 2865 εἱρμοῦ
1324 2812 1339 2828 ’
1375 2797 1458 2850 ὅτι
1488 2796 1545 2849 δὲ
1585 2798 1617 2868 ἠ
1649 2797 1914 2870 προδεδη-

332 2887 556 2955 λωμὲνη
588 2887 683 2939 τοῦ
720 2888 943 2951 κανόνος
966 2880 1283 2959 ἂκροστιχὶς
1313 2880 1537 2942 ἀπαιτεῖ
1559 2891 1646 2943 τὸν
1676 2886 1909 2944 ἐνταῦθα

331 2978 586 3047 δεύτερον
634 2979 816 3047 στίχον
862 2979 957 3033 τοῦ
1000 2980 1302 3051 τροπαρίου
1345 2981 1418 3051 μὴ
1463 2981 1686 3036 ἄλλοθεν
1737 2982 1910 3053 ἄρξα-

335 3071 483 3139 σθαι,
517 3070 634 3125 ἀλλ’
665 3071 773 3124 ἀπὸ
811 3072 906 3125 τοῦ
943 3073 1109 3141 ἄλφα,
1148 3073 1475 3143 μεταλαϐὼν
1522 3077 1551 3128 ὁ
1582 3073 1816 3145 μελῳδὸς
1847 3075 1910 3128 τὸ

1942 1840 1982 1898 Β

331 3152 484 3215 ἐπῶν
498 3161 775 3232 οὐδέτερον
800 3164 1177 3233 πληθυντικὸν,
1196 3160 1486 3234 ὲπᾶγιι,⁹Ἀ
1510 3166 1911 3237 παρακουσθεὶς
1936 3192 1980 3253 c

328 3254 463 3324 ἔφη,
493 3257 738 3308 τουτέστι
774 3256 840 3310 τὰ
867 3256 997 3322 ἔπη.
1028 3256 1102 3311 Τὸ
1131 3257 1187 3310 δὲ
1219 3258 1625 3329 παρακουσθεὶς
1652 3248 1909 3329 ὁμοιάζον

331 3344 400 3416 ³τῆ
463 3350 714 3418 προφορᾷ
764 3349 904 3418 ’πρὸς
945 3347 1010 3402 τὸ
1055 3349 1511 3420 ξενηκούσθησαν,
1553 3368 1909 3422 προπαρεση-

335 3440 548 3508 μάνθη·
574 3439 670 3493 καὶ
710 3438 825 3493 ἔστι
854 3437 946 3492 καὶ
981 3438 1114 3493 αὐτὸ
1142 3439 1343 3512 χαρτὸν
1367 3434 1444 3510 τῷ
1478 3440 1699 3511 μελῳδῴ
1718 3457 1732 3471 ·
1766 3458 1903 3511 προ-

334 3533 711 3604 παραλήγεται
750 3526 807 3585 δὲ
837 3531 898 3584 τδ
926 3532 1071 3600 ἄλφα
1101 3530 1176 3595 ὡς
1207 3530 1509 3602 ἀναύξητον
1531 3549 1544 3560 ·
1576 3532 1605 3586 ὅ
1631 3533 1694 3603 δὴ
1728 3533 1910 3587 πείσε-

331 3646 423 3681 ται
468 3629 563 3679 καὶ
598 3623 658 3677 τὸ
705 3623 1144 3692 ξενηκούσθησαν
1195 3624 1254 3676 ὲν
1291 3622 1367 3695 τῷ
1414 3622 1819 3692 ξενακουσθεὶς,
1859 3627 1915 3680 εἴ

333 3720 467 3777 ττι)τέ
493 3738 578 3781 τις
616 3717 745 3772 αὐτὸ
778 3716 929 3788 εἴπῃ.
966 3712 1038 3770 τὸ
1066 3716 1123 3771 δὲ
1149 3715 1332 3787 τεύχει
1373 3716 1451 3779 ώς
1480 3718 1909 3788 ποιητικώτερον

310 3816 678 3883 ἐπιλέγεται·
707 3806 879 3874 ἄλλως
907 3810 1015 3881 γὰρ
1038 3809 1133 3864 καὶ
1154 3808 1216 3863 τὸ
1240 3810 1449 3879 πέμπει
1470 3809 1570 3863 οὐκ
1593 3810 1910 3880 ἀπροσφιιὲς

336 3900 402 3982 ἦν
449 3906 703 3967 ἐνταῦθα,
737 3904 812 3966 ὡς
859 3903 953 3957 καὶ
994 3898 1418 3973 προδεδήλωται.
1470 3901 1536 3955 Ἥ
1572 3892 1628 3955 δὲ
1672 3902 1911 3969 γλωσσο-

336 4002 640 4070 πύρσευτος
692 3996 788 4048 θέα
842 3985 942 4048 οὒκ
985 3993 1180 4064 ἀφίησι
1224 3990 1318 4046 τὸν
1353 3991 1575 4045 συνετὸν
1631 3984 1910 4062 ἀκροατὴν

333 4094 455 4147 οὐδὲ
483 4088 774 4143 ὑπολαϐεῖν
808 4087 882 4158 μὴ
910 4086 990 4139 ὅτι
1020 4102 1084 4154 γε
1117 4086 1327 4153 νοῆσαι,
1354 4084 1437 4138 ὅτι
1461 4085 1521 4140 τὸ
1550 4085 1706 4153 ἅγιον
1738 4085 1910 4140 Πνεῦ-

339 4201 414 4252 μα
459 4181 539 4243 εἰς
581 4175 796 4246 πνεῦμα
832 4175 1001 4246 βίαιον
1053 4174 1149 4228 καὶ
1176 4174 1431 4241 γλώσσας
1452 4173 1692 4244 πυρσὰς,
1740 4177 1910 4246 ἦγουν

336 4274 573 4344 πυρίνας
625 4267 1125 4342 μεταϐεϐλημένον,
1181 4265 1382 4336 ἐπῆλθε
1436 4269 1550 4332 τοίς
1601 4267 1908 4339 μαθηταῖςο

336 4362 473 4422 ἀλλὰ
535 4360 649 4427 τοῖς
703 4359 956 4429 ώς,ὲξῆν
1002 4358 1290 4429 βλέπουσιν
1334 4352 1531 4430 ἐθεάθη
1561 4357 1753 4423 οὕτως.
1785 4361 1910 4426 Πῶς

335 4448 546 4520 οὓτως
578 4449 987 4521 Σωματοειδῶς,
1024 4447 1099 4512 ὥς
1128 4464 1291 4516 φασιν
1312 4444 1362 4502 οἱ
1392 4447 1562 4517 ἅγιοι,
1590 4444 1727 4519 ὅπερ
1758 4451 1907 4505 ἐστὶν

2019 595 2104 639 cla
2161 588 2382 654 quidem
2415 599 2468 644 et
2510 594 2626 660 ipsa
2662 592 2951 658 memoria,
2991 594 3245 661 proprius
3305 603 3483 649 tamen
3516 611 3598 652 re-

2015 677 2291 733 cordatio.
2322 676 2437 734 Hoc
2481 692 2663 735 autem
2718 681 3077 752 βροτοσσώων
3125 685 3277 736 ἐπῶν
3326 684 3595 755 significat

2014 768 2231 838 quidem
2276 769 2370 824 Dei
2402 786 2686 828 sermones
2737 772 3051 829 mortalium
3089 784 3422 832 servatores.
3453 777 3596 834 Pen-

2013 859 2266 914 ultimum
2326 870 2507 916 autem
2580 862 2744 919 habet
2778 864 3000 934 longum
3025 881 3092 932 ω,
3128 874 3389 933 tanquam
3421 882 3451 921 a
3479 884 3594 923 vrr-

2014 950 2084 1007 bo
2121 951 2245 1004 σώω
2270 968 2369 1022 pro
2403 952 2583 1019 σώζω.
2605 955 2768 1025 cujus
2797 955 3070 1012 derivatio
3094 967 3179 1014 est
3201 960 3265 1011 τὸ
3292 960 3518 1014 σωέσκω
3540 971 3597 1015 et

2015 1043 2279 1110 σώεσκον,
2312 1045 2452 1100 sicut
2484 1046 2546 1099 τὸ
2573 1047 2697 1111 ζώω
2738 1048 2974 1113 ζωέσκω
3003 1058 3061 1103 et
3095 1049 3358 1115 ζώεσκον.
3389 1052 3447 1107 Si
3472 1056 3597 1121 quis

2013 1150 2145 1191 vero
2180 1152 2276 1207 per
2303 1136 2518 1192 brevem
2566 1156 2593 1191 0
2619 1139 2822 1195 scribat
2851 1141 3012 1195 istam
3051 1144 3431 1212 peuultimam,
3461 1146 3595 1199 nul-

2008 1229 2123 1284 lum
2154 1229 2396 1284 incurret
2435 1231 2778 1299 periculum:
2819 1233 2864 1288 si
2913 1234 3060 1287 enim
3120 1235 3243 1298 σόος
3288 1238 3432 1305 apud
3485 1235 3597 1290 llo-

2014 1335 2223 1374 merum
2259 1334 2289 1374 a
2323 1322 2433 1375 σέω
2474 1322 2624 1378 irruo
2656 1339 2752 1394 pro
2784 1327 2811 1377 ὁ
2850 1325 3013 1393 ὑγιὴς
3032 1326 3283 1392 habetur,
3316 1336 3371 1382 et
3398 1327 3596 1384 exinde

2012 1411 2246 1465 λαοσσόα
2277 1411 2541 1469 feminine
2586 1414 2791 1469 dicitur
2841 1416 3024 1484 populi
3055 1417 3342 1482 servatrix,
3368 1429 3597 1486 possunt

2010 1503 2173 1556 etiam
2207 1517 2331 1559 esse
2384 1504 2618 1558 λαοσσόα
2658 1506 2822 1561 verba
2854 1507 3061 1571 divina,
3104 1525 3198 1578 per
3253 1520 3378 1578 quae
3426 1526 3595 1567 sanus

2011 1588 2243 1649 cliicitur
2267 1596 2467 1651 virtute
2512 1598 2775 1666 praeditus
2806 1597 2991 1656 homo.
3029 1600 3090 1654 Si
3132 1600 3258 1671 quis
3293 1612 3474 1654 autem
3509 1601 3595 1654 di-

2005 1696 2099 1739 cat
2124 1686 2266 1755 apud
2325 1686 2622 1742 llomerum
2655 1704 2779 1745 esse
2835 1690 3094 1743 λαοσσόον
3151 1705 3272 1745 eam
3334 1704 3455 1761 quae
3510 1700 3596 1746 est

2014 1776 2235 1841 σόουσα,
2263 1777 2379 1833 sive
2406 1778 2664 1848 pepulum
2691 1797 2916 1837 movens
2945 1781 3010 1835 ad
3037 1781 3264 1841 bellum.
3294 1797 3401 1835 nou
3431 1796 3594 1837 secus

2011 1881 2076 1921 ac
2115 1867 2337 1922 verbum
2363 1869 2652 1940 δορυσσόος
2688 1872 2913 1941 pulchre
2965 1873 3184 1942 quidem
3218 1882 3272 1928 et
3319 1874 3407 1929 ille
3433 1874 3591 1936 dir-it,

2009 1954 2105 2014 sed
2139 1974 2168 2013 a
2198 1959 2354 2015 nobis
2403 1961 2617 2016 dictum
2671 1979 2777 2016 non
2811 1965 3048 2020 evertit:
3083 1974 3199 2019 tuto
3236 1980 3470 2035 namque
3509 1966 3595 2017 di-

2010 2059 2157 2104 ctum
2181 2059 2301 2118 est;
2336 2051 2429 2107 sed
2462 2050 2603 2108 forte
2638 2052 2791 2123 juxta
2819 2055 2977 2110 talem
3011 2056 3462 2127 signiﬁcationem
3497 2055 3593 2110 Dei

2011 2144 2175 2195 verba
2224 2140 2526 2212 βροτοσσόα
2560 2143 2842 2208 dicuntur,
2904 2154 3164 2216 tanquam
3232 2147 3423 2199 σέοντα
3476 2147 3593 2201 sive

2011 2232 2240 2286 σέϐοντα
2275 2235 2657 2305 moventiaque
2688 2236 2961 2290 hominem
2993 2235 3061 2291 ad
3103 2237 3242 2291 bene
3267 2236 3535 2307 agendum
3571 2252 3586 2289 :

2011 2324 2237 2380 semotis
2261 2325 2404 2379 enim
2428 2325 2612 2380 divina
2645 2326 2896 2380 doctrina
2951 2334 3008 2380 et
3036 2326 3401 2397 inspiratione
3469 2339 3589 2395 quas

2010 2430 2072 2470 ex
2108 2415 2216 2469 Deo
2239 2426 2321 2470 est
2351 2427 2404 2470 et
2435 2417 2636 2471 unione
2666 2433 2773 2471 non
2812 2417 2878 2471 ad
2914 2416 3118 2472 bonum
3157 2415 3429 2488 agendum
3478 2432 3592 2469 mo-

2012 2518 2170 2564 vetur
2200 2510 2384 2563 homo.
2419 2507 2643 2564 l’oelico
2698 2524 2851 2563 more
2895 2519 3078 2564 autem
3128 2510 3187 2562 τὸ
3238 2508 3593 2580 βροτοσσώων

2013 2619 2046 2656 σ
2100 2601 2363 2671 duplicat,
2423 2601 2569 2656 sicut
2613 2610 2669 2656 et
2729 2602 3018 2672 δορυσσόος
3048 2610 3103 2657 et
3131 2601 3412 2663 λαοσσόος.

2083 2694 2214 2752 190.
2256 2694 2374 2749 Hoc
2409 2704 2593 2751 autem
2624 2692 2776 2749 ἐπῶν
2822 2695 2965 2751 bene
3014 2694 3234 2762 quidem
3267 2702 3415 2750 esset
3472 2701 3591 2747 ten-

2011 2803 2156 2854 sum,
2180 2788 2222 2843 si
2253 2787 2480 2845 dixisset
2507 2787 2682 2855 λόγων
2715 2788 2873 2855 juxta
2909 2801 3085 2843 nexus
3114 2786 3425 2858 sequelam:
3449 2800 3591 2856 quo-

2012 2880 2158 2935 niam
2191 2889 2372 2935 autem
2401 2888 2822 2950 przemonstrata
2876 2880 3108 2936 canonis
3142 2878 3474 2934 acrostirbis
3502 2879 3593 2933 hic

2013 2973 2252 3041 reposcit
2287 2972 2587 3027 secundum
2615 2973 2859 3041 strophae
2889 2985 3105 3029 versum
3163 2985 3272 3024 non
3308 2969 3467 3023 aliter
3507 2970 3593 3024 in-

2012 3063 2117 3134 cipi
2142 3103 2157 3128 ,
2194 3078 2359 3132 quam
2390 3076 2487 3132 per
2513 3081 2571 3127 α,
2596 3072 2813 3132 sumpto
2878 3061 3046 3117 verbo
3095 3060 3252 3116 ἐπῶν
3283 3060 3350 3116 ad
3385 3060 3594 3130 plurale

2012 3164 2264 3209 neutrum
2316 3152 2810 3224 adjicitmelodus:
2852 3155 2923 3207 Ἃ
2979 3152 3419 3225 πατρακουσθεὶς
3460 3152 3589 3222 ἔφη,

2014 3246 2067 3301 id
2119 3255 2203 3301 est
2252 3246 2322 3300 τὰ
2352 3245 2460 3318 ἔπη
2488 3246 2735 3319 (verba)
2772 3287 2788 3303 .
2831 3244 2948 3301 Hoc
2982 3260 3108 3303 vero
3153 3244 3594 3315 πατρακουσθεὶς

2013 3339 2080 3393 ad
2105 3338 2165 3392 τὸ
2195 3338 2639 3408 ξενηκούσθησαν
2701 3338 3078 3393 enuntiatione
3108 3336 3290 3392 simile
3316 3336 3466 3406 prius
3492 3352 3591 3391 ex-

2013 3429 2249 3500 positum
2281 3437 2407 3485 est:
2444 3438 2498 3485 et
2529 3437 2612 3485 est
2666 3429 2772 3484 hoc
2800 3428 2978 3499 ipsum
3008 3428 3221 3484 melch
3261 3427 3589 3499 jucundum.

2015 3523 2187 3594 Alpha
2221 3539 2350 3579 vero
2372 3532 2593 3595 propter
2631 3523 2909 3595 augmenti
2941 3523 3298 3578 remotionem
3358 3520 3592 3576 habetur

2014 3616 2479 3685 antepenultima:
2540 3614 2688 3685 quod
2737 3628 2874 3670 sane
2935 3621 3215 3684 pateretur
3305 3612 3472 3666 etiam
3531 3614 3602 3665 τδ-

2017 3704 2457 3777 ξενηκούσθησαν
2496 3706 2551 3761 in
2573 3705 2652 3777 τῷ
2707 3704 3107 3772 ξενακουσθείς,
3138 3704 3185 3761 si
3217 3705 3436 3775 quando
3469 3704 3601 3774 quis.

2018 3794 2124 3851 hoc
2152 3795 2377 3852 diceret.
2432 3796 2547 3852 l'loc
2571 3804 2754 3852 autem
2795 3796 2978 3868 τεύχει
3019 3810 3080 3852 ιιι
3115 3796 3287 3867 magis
3317 3796 3591 3867 poeticum

2014 3886 2267 3956 eligitur:
2319 3887 2477 3944 aliter
2508 3888 2653 3945 enim
2687 3889 2914 3944 verbum
2943 3888 3155 3959 πέμπει
3185 3904 3294 3944 non
3331 3898 3483 3944 esset
3500 3888 3592 3943 hic

2013 3976 2445 4044 incommodum,
2470 3981 2546 4033 uti
2572 3979 2725 4049 prius
2744 3979 3174 4036 demonstratum
3205 3987 3307 4036 est.
3324 3979 3391 4033 Ἦ
3416 3981 3594 4049 γλωσ-

2017 4069 2392 4139 σοπὺρσευτος
2442 4080 2626 4126 autem
2681 4071 2820 4126 visio
2878 4086 2987 4126 non
3018 4070 3151 4126 sinit
3202 4070 3594 4142 intelligentem

2014 4161 2321 4217 auditorem
2351 4178 2453 4218 nec
2509 4160 2804 4233 suspicari,
2868 4177 2969 4218 nec
3016 4177 3047 4218 a
3081 4162 3298 4234 fortiori
3350 4163 3595 4234 cogitare

2011 4254 2156 4323 quod
2187 4250 2425 4322 Spiritus
2477 4263 2699 4308 sanctus
2740 4253 2794 4307 in
2838 4252 3092 4323 Spiritum
3133 4233 3505 4309 vehementem
3535 4258 3593 4310 et

2012 4346 2225 4415 linguas
2243 4362 2303 4400 ru
2314 4344 2394 4401 las
2418 4346 2532 4401 sive
2554 4346 2736 4417 igneas
2761 4354 3156 4401 transmutatus
3181 4361 3343 4417 super
3358 4346 3595 4414 discipu-

2012 4438 2092 4494 los
2130 4438 2567 4492 venitzattamen
2603 4438 2931 4503 videntibus,
2966 4449 3024 4493 ut
3067 4437 3289 4504 licebat,
3328 4438 3407 4494 sic
3441 4440 3593 4495 visus

337 4544 395 4600 ὲν
426 4545 557 4599 εἴδει
595 4544 784 4612 πυρὸς,
817 4542 911 4594 καὶ
949 4541 1025 4602 ὡς
1064 4542 1122 4594 ὲν
1159 4537 1288 4592 εἴδει
1328 4539 1589 4607 γλωσσῶν
1614 4555 1629 4570 ⁸
1667 4536 1733 4594 δι’
1763 4532 1839 4596 ὧν
1872 4543 1905 4613 ἡ

2013 4539 2116 4587 est.
2135 4530 2416 4597 Quomodo
2432 4529 2543 4585 sic?
2570 4529 2846 4600 Corporali
2871 4531 3140 4608 specieput
3160 4530 3520 4595 aiuntsancti,
3537 4532 3592 4586 id

337 4632 635 4705 αὖτοσοφία
655 4636 751 4705 τὴν
776 4634 1146 4704 δοθησομένην
1177 4630 1288 4696 τοῖς
1312 4631 1634 4697 ἀποστόλοις
1667 4635 1912 4703 σοφωτά-

334 4731 437 4800 την
480 4726 737 4796 λεκτικὴν
781 4726 1044 4795 ἐδήλωσε,
1076 4718 1164 4777 διὰ
1197 4725 1257 4777 τδ
1288 4720 1364 4796 μὴ
1396 4723 1619 4777 δυνατὸν
1651 4719 1790 4778 εἶναι
1820 4722 1915 4781 ἇλ-

334 4820 444 4882 λως
490 4817 617 4880 τοὺς
680 4814 878 4880 θεατὰς
943 4813 1067 4868 κατ’
1120 4812 1257 4883 ὄψιν
1310 4817 1575 4886 σαρκίνην
1632 4814 1910 4871 ἀντιλαϐέ-

338 4907 463 4963 σθαι
485 4907 579 4960 τοῦ
614 4905 847 4975 ἀοράτου
874 4904 1048 4973 φωτὸς
1097 4900 1188 4957 καὶ
1222 4906 1389 4970 πυρῦς
1421 4905 1516 4957 τοῦ
1542 4905 1701 4973 ἁγέου
1737 4906 1912 4962 Ilvati—

340 5012 527 5062 ματος.

412 5174 554 5249 ριιαη
586 5174 822 5228 Δύναται
850 5173 908 5228 δὲ
938 5175 971 5243 ή
1006 5173 1106 5227 θέα
1130 5172 1364 5226 ἐνταῦθα
1402 5172 1536 5243 πρὸς
1567 5174 1633 5245 τῇ
1674 5175 1764 5227 καὶ
1793 5172 1913 5228 κατ’

337 5270 594 5340 αἴσθησιν
620 5267 746 5338 ὕψει
774 5268 868 5321 καὶ
894 5265 1128 5335 θεωρίαν
1153 5264 1345 5336 δηλοῦν
1388 5266 1676 5335 φιλόσοφον
1694 5285 1708 5298 ο
1797 5266 1915 5320 ἐνε-

350 5360 590 5429 ἲάθυνον,
613 5360 689 5422 ὡς
730 5359 896 5425 εἰκὶς,
934 5358 982 5412 οἱ
1015 5356 1170 5427 σοφοὶ
1195 5356 1265 5411 τὰ
1296 5362 1642 5428 πνευματικά
1663 5375 1676 5390 ·
1711 5358 1914 5428 θεωρὶα

336 5455 448 5523 γάρ
471 5471 554 5517 τις
582 5455 801 5515 πάντως
824 5452 919 5505 καὶ
947 5451 1007 5503 τὸ
1028 5450 1217 5518 νοῆσαι
1245 5449 1317 5513 ὡς
1348 5452 1404 5503 αἱ
1429 5448 1640 5520 πυρσαὶ
1669 5451 1912 5518 γλῶσσαι

336 5546 434 5606 τὰς
463 5542 830 5604 ἁποστολικὰς
862 5541 1210 5605 αἰνίττονται,
1235 5539 1495 5594 λαλοῦσαι
1520 5542 1682 5594 καινὰ
1709 5542 1911 5610 φωναῖς

340 5633 675 5700 ἀλλογενέσι,
703 5631 798 5684 καὶ
824 5629 1081 5699 δηλοῦσαι
1115 5629 1288 5693 οὕτως
1332 5631 1690 5699 ἐγκαινισμδν
1719 5633 1779 5686 οὐ
1813 5634 1908 5701 νή-

340 5736 471 5788 σων,
492 5723 614 5776 οὐδὲ
640 5720 823 5791 χώρας
846 5723 1009 5792 τῆσδε
1043 5722 1076 5792 ἦ
1102 5722 1336 5792 ἐκείνης,
1365 5721 1501 5775 ἀλλὰ
1526 5723 1707 5794 πάσης
1733 5725 1911 5777 οἰκον-

344 5816 531 5885 μέ-ιης,
566 5816 659 5868 καὶ
703 5814 784 5867 ὅτι
815 5814 916 5868 οὐκ
946 5816 1006 5867 ἐκ
1045 5814 1141 5881 τῆς
1175 5814 1512 5882 χαμαιγαῶυ
1549 5814 1768 5882 σοφίας,
1795 5815 1908 5867 ἀλλ’

2013 4631 2095 4677 est
2130 4622 2232 4677 sub
2262 4620 2403 4691 ignis
2442 4621 2695 4691 imagine,
2729 4633 2781 4677 et
2799 4621 2900 4677 sub
2929 4621 3234 4693 linguarum
3261 4623 3465 4691 specie;
3497 4637 3593 4692 per

2013 4731 2150 4786 quas
2167 4715 2397 4784 ipsamet
2419 4715 2682 4792 sapientia
2702 4716 2937 4772 dandam
2962 4716 3226 4787 apostolis
3247 4716 3590 4788 sapientissi-

2015 4822 2158 4862 mam
2193 4808 2561 4876 eloquentiam
2597 4807 2992 4872 manifestavit.
3054 4823 3120 4864 eo
3169 4812 3322 4879 quod
3355 4810 3590 4877 possibi-

2013 4898 2064 4952 le
2109 4914 2220 4953 non
2246 4908 2330 4953 est
2358 4898 2517 4954 aliter
2552 4909 2891 4967 spectatores
2941 4900 2994 4954 iu
3044 4899 3361 4956 carnalibus
3417 4900 3591 4957 oculis

2013 4982 2291 5046 invisibile
2320 4990 2503 5046 lumen
2548 5000 2603 5047 et
2657 4990 2839 5062 ignem
2899 4992 3141 5061 Spiritus
3190 4993 3593 5063 sanctiappro-

2014 5082 2279 5145 hendere,

2076 5174 2173 5230 l9]
2187 5213 2203 5229 .
2218 5174 2404 5231 Potest
2425 5190 2582 5230 auem
2602 5175 2740 5247 hiei)
2761 5175 2857 5229 θέα
2868 5185 3065 5247 praeter
3082 5176 3394 5234 sensibilem
3415 5179 3587 5234 visum

2013 5266 2175 5320 etiam
2209 5265 2640 5333 speculationem
2701 5266 3132 5335 philosophicam
3160 5267 3494 5338 signiﬁcare,
3530 5269 3585 5323 in

2011 5371 2173 5426 quam
2196 5365 2568 5428 penetrarunt,
2589 5366 2756 5428 utpar
2776 5367 2879 5425 est,
2899 5358 3270 5428 spiritualibns
3295 5362 3589 5429 sapientes.

2014 5451 2270 5514 Quaedam
2330 5449 2475 5503 enim
2521 5464 2746 5519 prorsus
2803 5460 2888 5503 est
2935 5450 3140 5505 theoria
3167 5450 3411 5520 cogitare
3437 5453 3585 5522 quod

2014 5539 2185 5610 igneae
2226 5541 2424 5612 linguae
2479 5541 2694 5611 linguas
2723 5542 3055 5612 apostolicas
3078 5542 3417 5615 :enigmatice
3470 5558 3589 5613 pro-

2012 5628 2170 5697 dant,
2192 5647 2329 5684 nova
2356 5631 2552 5702 linguis
2585 5631 2779 5686 alienis
2804 5631 3103 5701 loquentes,
3121 5643 3173 5687 et
3191 5631 3271 5688 sic
3290 5633 3586 5689 ostenden-

2015 5731 2093 5776 tes
2125 5722 2532 5778 renovationcm
2569 5739 2674 5776 non
2702 5723 3000 5777 insularum
3032 5738 3203 5793 neque
3218 5724 3454 5795 regionis
3479 5726 3582 5779 hu-

2008 5815 2099 5882 jus
2139 5826 2230 5869 aut
2261 5814 2425 5880 illius,
2451 5815 2542 5872 sed
2575 5815 2722 5869 orbis
2749 5814 3027 5883 universi,
3056 5824 3108 5870 et
3160 5815 3304 5883 quod
3356 5831 3465 5871 non
3510 5830 3579 5872 ex
