4034 6478
413 429 522 492 703

1126 429 1546 490 EUSTATHH
1584 428 2344 489 THESSALON’ICENSIS
2380 426 2943 499 METROPQLITE

3583 421 3694 484 ’704

418 541 660 610 sapicnta
698 540 964 602 terrestri,
1025 541 1120 594 sed
1181 542 1433 609 desuper,
1472 556 1533 595 ea
1593 557 1712 607 qtne
1741 557 1889 595 nunc
1930 541 2014 594 di—

2132 540 2321 594 ἱνωθεν
2351 541 2420 592 τά
2461 557 2517 593 τε
2552 537 2645 591 νῦν
2675 537 3003 607 λαλούμενα,
3038 537 3132 590 καὶ
3159 536 3229 590 τὰ
3275 535 3502 602 ὕστερον
3528 550 3697 585 πνευ-

420 643 621 686 cuntur
652 643 703 687 et
748 650 870 703 qua:
919 633 1277 701 Spiritunliter
1311 635 1364 687 in
1429 643 1710 702 posterum
1768 642 1898 687 sunt
1930 633 2012 685 di-

419 719 612 782 cenda,
667 721 760 773 Dei
835 720 1090 776 homines
1143 720 1342 791 linguis
1405 721 1745 791 exprimunt.
1795 719 2012 775 Diceret

427 811 591 864 etiam
629 814 847 880 sapiens
877 814 980 868 iste
1039 813 1290 870 melodus
1338 815 1483 884 quod
1535 815 1681 868 sicut
1729 815 1861 867 visae
1907 815 2012 868 sub

424 904 567 969 ignis
626 905 812 974 specie
837 906 1056 976 linguas,
1111 923 1219 960 non
1254 907 1465 977 absque
1524 908 1670 962 aeria
1711 909 2013 978 spiratione

423 1007 812 1065 apparuerunt,
845 998 924 1054 sic
955 1015 1129 1068 neque
1155 1001 1530 1070 apostolorum
1566 1002 1764 1069 lingua:
1789 1004 1907 1058 sine
1933 1005 2012 1057 di-

434 1087 557 1139 vina
589 1089 832 1146 motione
894 1105 989 1160 per
1024 1092 1292 1162 Spiritum
1349 1101 1601 1146 sanctum
1660 1093 1852 1148 activae
1899 1093 2014 1149 fne-

427 1187 575 1231 runt.

500 1269 760 1328 192.lloc
813 1282 993 1329 autem
1054 1276 1245 1343 ὲφίζον
1301 1277 1446 1332 velut
1495 1278 1727 1334 thronos
1775 1276 2016 1348 Spiritus

432 1364 608 1418 sancti
646 1365 957 1420 subindicat
990 1370 1516 1440 apostolos;quibus
1571 1381 1831 1441 tanquam
1903 1373 2016 1441 spi-

433 1453 680 1510 ritul‘eris
720 1457 964 1514 insidens
1026 1460 1116 1515 ille
1169 1462 1376 1518 similes
1431 1464 1564 1519 istm
1606 1464 1736 1519 facit
1787 1465 2016 1522 divinis-

433 1542 586 1598 simis
635 1544 776 1600 circa
816 1545 981 1600 Deum
1011 1549 1224 1605 thronis
1258 1555 1348 1605 uni
1384 1553 1856 1622 supercoclestium
1931 1570 2016 1609 sa-

436 1647 652 1688 crorum
701 1637 978 1706 ordinum,
1019 1651 1076 1694 ut
1129 1642 1555 1700 didicimus.'Et
1597 1645 1683 1701 hic
1707 1649 1870 1701 etiam
1935 1647 2018 1701 di-

442 1727 552 1780 ctio
582 1727 675 1781 τοῦ
705 1729 915 1800 ἐφίζειν
950 1735 1254 1803 cmphatice
1287 1740 1556 1809 significat
1585 1741 1794 1804 ingredi
1847 1743 2019 1810 Spiri-

2117 630 2366 701 ματικῶς
2393 629 2811 699 λαληθησόμενα
2841 627 2891 681 οἱ
2920 627 3013 681 τοῦ
3045 627 3180 680 Θεοῦ
3210 626 3493 696 ἄνθρωποι
3521 624 3701 690 γλωτ-

2111 723 2525 793 τηματίζονται.
2572 721 2730 775 Εἴποι
2773 719 2840 773 ἂν
2873 721 2901 773 ό
2933 719 3093 788 σοφὸς
3125 713 3278 780 οὗτος
3313 717 3568 786 μελῳδὸς,
3600 714 3701 768 καὶ

2113 816 2192 868 ὅτι
2219 813 2409 884 ὥσπερ
2440 814 2496 866 αἱ
2536 813 2818 884 ὁραθεῖσαι
2857 810 3161 880 πυροειδεῖς
3193 809 3434 878 γλῶσσαι
3476 807 3536 860 οὐ
3569 808 3696 876 δίχα.

2115 907 2285 975 πνοῆς
2315 905 2505 978 ἁερίας
2536 904 2834 976 ἐφάνησαν,
2870 903 3042 967 οὕτως
3070 903 3192 956 οὐδὲ
3225 903 3285 956 ai
3309 901 3554 970 γλῶσσαι
3579 899 3694 952 τῶν

2114 1001 2428 1055 ἀποστόλων
2461 1000 2772 1070 ὲνὴργησαν
2815 998 2892 1068 μὴ
2925 997 3253 1066 θεοκινήτως
3283 995 3372 1048 διὰ
3402 995 3498 1048 τοῦ
3537 993 3697 1060 ἁγίου

2114 1095 2256 1150 Πνεύ
2264 1112 2455 1165 ματος.
2521 1097 2528 1104 ’

2189 1276 2334 1347 ρλβ’.
2385 1275 2460 1328 Τὸ
2511 1275 2568 1330 δὲ
2617 1275 2803 1343 ὲφίζον
2855 1274 2950 1328 καὶ
2983 1273 3060 1336 ὡς
3091 1272 3318 1340 θρόνους
3359 1266 3699 1338 ὑπεμφαίνει

2115 1371 2208 1422 τοῦ
2239 1369 2394 1435 ἁγίου
2421 1367 2739 1437 Πνεύματος
2769 1367 2896 1430 τοὺς
2928 1363 3198 1435 μαθητὰςο
3227 1355 3308 1424 οἷς
3334 1355 3422 1414 οἷα
3451 1376 3702 1428 πνευμα-

2113 1460 2366 1530 τοφόροις
2413 1461 2591 1512 ἐκεῖνο
2628 1457 3057 1526 ἐπικαθήμενον,
3111 1453 3444 1522 ἀντιμίμους
3496 1451 3696 1513 αὐτοὺς

2117 1553 2265 1604 ποιεῖ
2292 1554 2403 1614 τοῖς
2449 1552 2748 1611 θειοτάτοις
2795 1549 2924 1619 περὶ
2953 1547 3086 1600 Θεὸν
3118 1548 3326 1616 θρόνοις
3372 1543 3451 1612 τῷ
3487 1543 3569 1595 ἑνὶ
3591 1541 3704 1592 τῶν

2119 1645 2528 1715 ὑπερουρανὲων
2561 1645 2731 1710 ἁγίων
2757 1641 3074 1708 ταγμάτων,
3110 1639 3186 1701 ὡς
3250 1636 3535 1706 ἐμάθομεν
3559 1651 3572 1664 ·
3609 1633 3705 1688 καὶ

2117 1736 2266 1791 ἔστιν
2296 1734 2530 1788 ἐνταῦθα
2559 1737 2592 1805 ὴ
2623 1734 2768 1801 λέξις
2792 1733 2885 1786 τοῦ
2918 1734 3127 1802 ἐφίζειν
3159 1731 3445 1802 ἐμφατικὴ
3473 1731 3566 1784 τοῦ
3593 1732 3708 1781 εἰσ-

441 1825 553 1871 tum
602 1832 855 1877 sanctum
902 1825 954 1878 in
1010 1829 1290 1896 apostolos
1345 1839 1602 1900 tanquam
1645 1831 1701 1886 in
1737 1833 2014 1902 propriam

2132 1830 2293 1884 ελθεϊν
2326 1827 2386 1882 τὸ
2413 1827 2566 1896 ἁγιον
2592 1827 2841 1896 Πνεῦμα,
2865 1827 2940 1891 ὡς
2976 1827 3055 1889 είς
3085 1821 3232 1879 οἷκον
3263 1825 3392 1878 ἴδιον
3414 1827 3539 1886 τοὺς
3568 1825 3707 1877 ἁπο-

437 1908 662 1966 domnm
694 1929 866 1984 nuper
899 1917 1226 1987 dedicatam,
1257 1930 1315 1975 nt
1366 1932 1527 1977 antea
1572 1923 1774 1977 dictum
1807 1901 1933 1991 est;
1962 1931 2016 1978 et

2132 1921 2348 1984 στόλους
2379 1921 2716 1988 προσφάτως
2749 1918 3192 1986 ὲγκαινισθέντα,
3219 1915 3365 1972 καθὰ
3393 1915 3708 1984 προγέγρα-

439 2012 698 2074 tanquam
755 2019 960 2064 rectum
1016 2001 1069 2067 et
1119 2013 1333 2067 ﬁrmum
1384 2030 1727 2084 permanere,
1752 2017 1865 2072 sive
1890 2015 2016 2085 jux-

437 2103 491 2147 ta
530 2095 856 2153 locutionem
888 2101 1058 2171 magis
1088 2103 1478 2174 evangelicam,
1540 2105 1879 2160 mansionem
1953 2119 2014 2159 a-

438 2186 550 2253 pud
585 2187 702 2242 illos
739 2188 944 2254 facere,
978 2200 1031 2246 et
1054 2200 1312 2261 tanquam
1339 2195 1718 2263 supersedere,
1744 2193 1797 2248 in
1820 2209 2016 2247 unum-

441 2293 716 2350 quemque
742 2295 932 2335 eorum
957 2281 1183 2336 lirtniter
1210 2286 1655 2354 requiescentem
1688 2297 1741 2340 et
1774 2285 1826 2338 in
1855 2285 2014 2340 ﬁnem

441 2383 720 2425 sessurum
775 2388 943 2442 super
973 2374 1158 2429 sedem
1210 2375 1370 2431 istam
1433 2378 1620 2448 gloria:
1668 2377 1816 2447 regni
1872 2379 2014 2448 ejus.

443 2460 501 2515 Si
549 2473 727 2518 autem
760 2463 849 2520 hic
898 2464 1006 2520 dici
1037 2475 1214 2534 potest
1263 2469 1406 2538 quod
1441 2469 1608 2522 etiam
1642 2470 1864 2524 velutin
1891 2485 2019 2524 cur-

441 2569 538 2609 rus
616 2555 671 2609 in
729 2558 1005 2624 apostolos
1055 2557 1265 2628 έφίζειν
1300 2560 1686 2630 pronuntiatus
1734 2571 1815 2615 est
1847 2559 2020 2630 Spiri-

443 2653 534 2702 tus
559 2658 803 2714 sanctus,
826 2650 1232 2719 recogitandum
1275 2654 1420 2721 quod
1449 2667 1555 2706 non
1590 2652 1648 2704 τὸ
1678 2651 1906 2719 ὲφίζειν,
1924 2651 2018 2705 sed

445 2741 507 2794 τὸ
536 2742 846 2796 ὲπιδαίνειν
895 2744 1208 2814 huiusmodi
1244 2747 1532 2801 sententiae
1576 2744 1854 2809 convenit,
1899 2754 2020 2798 tan-

445 2848 633 2902 quam:
697 2834 1097 2903 Conscendisti,
1144 2836 1396 2902 Domine,
1481 2847 1694 2906 equites
1739 2837 2020 2906 apostolos

446 2935 590 2992 tuos,
650 2937 780 2989 etc.,
812 2937 870 2982 ut
901 2929 1176 2985 connectit
1201 2929 1334 2983 alter
1381 2929 1651 2984 melodus.

518 3021 638 3075 195.
679 3019 793 3075 lloc
815 3030 993 3075 autem
1021 3021 1429 3096 eblqutdvhic
1459 3022 1748 3077 commode
1783 3021 2020 3091 positum

445 3123 528 3167 est
563 3113 628 3168 ad
667 3124 899 3169 mentem
933 3113 1099 3185 hujus
1129 3115 1312 3171 octavi
1343 3116 1610 3170 carminis
1638 3131 1655 3182 ;
1706 3114 1865 3184 cujus
1890 3129 2024 3184 pra:-

445 3203 688 3272 loquium
728 3221 742 3258 :
778 3205 1089 3260 Benedicite
1114 3204 1425 3272 Dominum,
1459 3205 1576 3259 haec
1606 3215 1658 3258 et
1679 3205 1802 3271 ista,
1829 3219 2017 3274 perve-

448 3296 530 3348 nit
563 3295 629 3349 ad
667 3296 800 3351 illud
832 3313 847 3352 :
884 3297 1217 3362 Benedicite,
1255 3297 1483 3368 spiritus
1507 3295 2027 3367 justorum,quibus

448 3404 581 3442 sane
597 3390 792 3460 gaudet
817 3389 1055 3461 Spiritus
1088 3401 1349 3447 sanctus:
1384 3391 1625 3446 suaviter
1649 3402 1827 3445 autem
1867 3399 2027 3459 post:

449 3478 798 3544 insidentem,
826 3481 1046 3549 ponitur
1075 3481 1180 3535 hoc
1223 3498 1236 3534 :
1274 3479 1647 3534 benedictum.
1710 3476 1826 3530 Non
1882 3477 2029 3529 enim

452 3569 597 3622 sicut
626 3572 962 3624 mundanum
992 3571 1203 3640 pondus
1266 3581 1457 3640 gravat
1507 3567 1749 3638 Spiritus
1802 3576 2029 3622 sanctus

451 3660 721 3726 insidens,
759 3661 852 3715 ubi
880 3662 981 3716 sibi
1019 3662 1307 3730 placuerit,
1347 3661 1440 3715 sed
1469 3661 1535 3715 de
1566 3675 1832 3715 consessu
1867 3659 2030 3713 bene-

451 3753 683 3820 dicitur;
707 3753 966 3822 quoniam
992 3753 1195 3808 bonum
1215 3763 1297 3807 est
1314 3762 1520 3808 sancta:
1541 3751 2032 3822 Trinitatisjugum

454 3853 509 3900 et
535 3859 675 3899 onus
701 3845 822 3913 ejus
844 3844 980 3900 leve.
1013 3844 1139 3900 Ideo
1185 3848 1359 3900 bonus
1393 3845 1741 3899 Christianus
1781 3857 2034 3913 precatur

458 3943 517 3988 ut
554 3934 620 3988 ad
650 3949 709 3989 se
737 3937 918 3989 veniat
949 3943 1003 3990 et
1028 3934 1264 3990 insideat
1295 3936 1535 4004 Spiritus
1569 3946 1816 3996 sanctus,
1851 3942 1904 3986 et
1949 3948 2037 3986 ac-

460 4028 832 4097 quiescentem
882 4021 1178 4091 benedicit,
1228 4037 1281 4083 et
1310 4027 1659 4097 superlaudat
1687 4034 1742 4081 et
1782 4039 2041 4094 supercx-

460 4122 615 4190 altat,
673 4137 1013 4192 cognoscens
1042 4121 1221 4176 taliter
1273 4137 1436 4191 posse
1459 4136 1517 4175 se
1573 4120 2037 4191 propinquitatem

463 4215 529 4267 ad
567 4213 732 4270 Deum
763 4214 963 4269 habere
989 4233 1004 4279 ;
1041 4214 1213 4270 sancti
1244 4229 1478 4283 namque
1515 4215 1664 4284 pueri
1694 4213 2038 4267 benedictum

460 4315 514 4360 et
538 4305 1030 4376 superlaudabilem
1059 4315 1113 4360 et
1135 4306 1596 4376 superexaltatum
1619 4306 1912 4376 psallentes
1939 4305 2041 4358 Do-

463 4399 692 4463 minum,
729 4398 872 4468 quod
905 4406 1009 4466 est,
1041 4398 1184 4468 quod
1216 4397 1341 4464 fuit,
1373 4409 1426 4454 et
1471 4399 1617 4468 quod
1650 4398 1704 4451 in
1774 4377 2040 4450 aeternum

463 4492 588 4558 erit,
638 4490 1034 4560 exprimebant.
1068 4488 1432 4562 Οίκειουμένη
1483 4505 1610 4546 vero
1640 4499 1893 4545 creatura
1919 4489 2043 4559 jux-

2126 2030 2258 2068 πται
2285 2028 2298 2040 ’
2326 2016 2420 2066 καὶ
2445 2011 2520 2074 ὡς
2550 2011 2705 2074 εὐθὲς
2737 2014 2830 2065 καὶ
2853 2009 3116 2072 εὐσταθὲς
3143 2010 3502 2078 παραμεῖναι,
3529 2010 3708 2061 εἰπεῖν

2121 2103 2180 2157 δὲ
2207 2103 2442 2173 μάλιστα
2471 2103 2866 2174 εὐαγγελικῶς,
2895 2105 3064 2171 μονὴν
3098 2098 3230 2170 παρ’
3258 2098 3443 2160 αὐτοῖς
3472 2099 3706 2166 ποιήσα-

2126 2193 2272 2260 σθαι,
2312 2196 2408 2249 καὶ
2433 2188 2548 2249 οἷον
2570 2193 3021 2261 ὲπικαθεσθῆναι,
3057 2193 3139 2256 εἰς
3171 2192 3265 2246 ἕνα
3291 2191 3522 2245 ἕκαστον
3553 2188 3704 2242 ἐκεί.

2124 2303 2238 2340 νων
2263 2287 2804 2357 ὲπαναπαυσὰμενον
2829 2284 3081 2354 έδραίως,
3109 2283 3203 2336 καὶ
3233 2281 3424 2352 μέλλον
3449 2281 3526 2342 εἰς
3550 2279 3710 2342 τέλος

2125 2378 2398 2450 καθῆσθαι
2431 2381 2507 2439 ὡς
2533 2377 2625 2431 ἐπὶ
2656 2377 2848 2448 θρόνου
2885 2376 3076 2429 τούτου
3106 2373 3266 2443 δόξης
3294 2372 3394 2440 τῆς
3429 2368 3710 2440 βασιλείας

2123 2468 2316 2524 αὐτοῦ.
2358 2467 2424 2523 Εἰ
2476 2467 2534 2521 δὲ
2581 2467 2731 2520 ἔστιν
2779 2467 2960 2520 εἰπεῖν
2999 2464 3231 2520 ἐνταῦθα
3257 2463 3340 2516 ὅτι
3376 2463 3472 2516 καὶ
3511 2461 3588 2523 ὡς
3615 2461 3713 2514 ἐπὶ

2127 2563 2395 2634 ἁρμάτων
2444 2561 2555 2615 τῶν
2598 2559 2768 2627 ἁγίων
2820 2556 3135 2612 ἀποστόλων
3177 2555 3382 2624 έφίζειν
3415 2551 3616 2624 ὲρῥέθη
3645 2552 3712 2605 τὸ

2127 2655 2284 2724 ἅγιον
2315 2653 2561 2723 Πνεῦμα,
2599 2651 2929 2721 ἐνθυμητέον
2957 2649 3040 2703 ὅτι
3063 2649 3124 2702 οὐ
3156 2649 3216 2701 τὸ
3247 2647 3458 2714 έφίζειν
3480 2644 3617 2699 ἀλλὰ
3643 2643 3712 2696 τὸ

2127 2748 2430 2803 ἐπιϐαίνειν
2447 2750 2513 2816 τῇ
2537 2745 2762 2816 τοιαύτῃ
2780 2743 3035 2813 ἁρμόττει
3056 2739 3255 2810 ἐννοίᾳ,
3273 2741 3347 2799 ὼς
3367 2738 3452 2803 τὸ,
3471 2735 3713 2804 Ἐπέόης

2129 2840 2402 2909 ἔφίππους
2430 2839 2556 2901 τοὺς
2583 2836 2916 2897 ἀποστόλους
2945 2851 3067 2898 σου,
3096 2831 3290 2901 Κύριε,
3322 2833 3417 2886 καὶ
3453 2829 3602 2900 έξῆς,
3633 2828 3712 2891 ὡς

2131 2931 2443 3002 είρμεποιεῖ
2472 2929 2562 2983 ’ἐτε
2572 2946 2663 2999 ρος
2701 2927 2961 2998 μελῳδός.

2205 3027 2350 3095 ριιγν.
2383 3023 2456 3075 Τὸ
2493 3022 2551 3076 δὲ
2601 3021 2893 3091 εὐλογητὺν
2926 3019 3179 3086 ἐπίτηδες
3218 3015 3454 3069 ἐνταῦθα
3490 3013 3716 3082 τεθῆναι

2133 3118 2268 3187 πρὸς
2294 3116 2548 3187 ἐνθύμιον
2573 3115 2769 3186 ὀγδόης
2795 3114 3000 3184 ταύτης
3029 3114 3169 3185 ᾠδῆς
3189 3130 3202 3142 ·
3229 3108 3297 3183 ἧς
3328 3111 3713 3180 προκατάρχον

2135 3213 2217 3276 τὸ,
2253 3211 2540 3276 Εὑλογεῖτε
2569 3211 2659 3263 τὸν
2685 3208 2889 3280 Κύριον
2919 3207 3044 3261 τάδε
3067 3209 3158 3261 καὶ
3181 3207 3328 3271 τάδε,
3359 3204 3593 3272 καθήκει
3619 3203 3716 3256 καὶ

2131 3304 2212 3367 εἰς
2236 3304 2317 3369 τὸ,
2344 3303 2631 3370 Εὑλογεῖτε
2667 3300 2958 3370 πνεύματα
2998 3299 3245 3362 δικαίων,
3277 3295 3478 3365 δηλαδὴ
3511 3295 3714 3358 ὁποίοις

2133 3394 2312 3465 χαίρει
2349 3395 2407 3447 τὸ
2432 3393 2589 3460 ἁγιον
2620 3392 2875 3458 Πνεῦμα·
2905 3391 3153 3458 γλυκέως
3189 3390 3245 3442 δὲ
3273 3391 3411 3458 μετὰ
3438 3391 3499 3441 τὸ
3527 3386 3715 3455 ὲφίζον

2135 3488 2309 3539 κεῖται
2333 3486 2394 3538 τὸ
2419 3485 2730 3556 εύλογητόν.
2761 3484 2834 3537 Οὐ
2860 3484 2969 3553 γὰρ
2999 3483 3141 3536 κατὰ
3167 3480 3493 3551 βριθοσύνην
3520 3497 3716 3548 κοσμι-

2136 3578 2239 3647 κὴν
2265 3575 2492 3646 βαρύνει
2525 3576 2584 3629 τὸ
2615 3575 2771 3643 ἅγιον
2802 3575 3029 3644 Πνεῦμα
3053 3573 3262 3639 ὲφίζον,
3294 3572 3427 3624 ὅπου
3470 3571 3534 3623 ἂν
3566 3570 3710 3623 εὕδοι

2135 3673 2305 3742 κήσῃ,
2328 3669 2467 3723 ἁλλὰ
2501 3669 2804 3736 εὐλογεῖται
2839 3668 2939 3735 τῆς
2974 3666 3231 3738 ἱδρύσεως
3255 3681 3268 3694 ·
3299 3665 3421 3716 ἐπεὶ
3456 3665 3549 3716 καὶ
3575 3681 3711 3732 χρη-

2137 3765 2258 3827 στὸς
2292 3765 2318 3816 ὁ
2362 3764 2462 3831 τῆς
2515 3762 2678 3830 ἁγίας
2721 3759 2952 3831 Τριάδος
2989 3758 3175 3826 ζυγὸς,
3228 3756 3325 3809 καὶ
3376 3754 3611 3824 ἐλαφρὸν
3648 3755 3709 3808 τὸ

2137 3857 2356 3928 φορτίον
2391 3856 2557 3926 αὐτῆς
2585 3872 2598 3889 ο
2637 3853 2718 3907 διὸ
2745 3855 2837 3906 καὶ
2864 3850 3083 3921 εῦχεται
3120 3852 3146 3902 ὁ
3186 3849 3349 3910 καλὸς
3387 3845 3711 3916 Χριστιανὸς

2138 3946 2314 3999 ἐλθεῖν
2342 3947 2428 3998 ἐπ’
2459 3945 2620 3999 αὐτὸν
2654 3946 2746 3997 καὶ
2776 3942 3033 4012 ὲφιζῆσαι
3067 3943 3125 3995 τὸ
3152 3941 3306 4005 ἅγιον
3337 3939 3580 4008 Πνεῦμα,
3620 3937 3713 3989 καὶ

2140 4036 2460 4092 ὑπακοῦσαν
2519 4035 2901 4106 ὑπερευλογεῖ,
2933 4035 3030 4089 καὶ
3077 4033 3385 4101 ύπερυμνεῖ
3435 4029 3570 4082 αὐτὸ
3623 4028 3716 4081 καὶ

2140 4130 2438 4201 ῦπερυψοῖ,
2493 4125 2780 4196 γινώσκων
2842 4125 3106 4179 δύνασθαι
3160 4123 3330 4186 οὕτως
3387 4120 3718 4174 οἰκειοῦσθαι

2143 4223 2280 4294 πρὸς
2308 4222 2399 4275 τὸν
2431 4221 2586 4274 Θεόν.
2621 4221 2684 4272 υἱ
2711 4219 2820 4289 γὰρ
2859 4217 3128 4288 ψάλαντες
3163 4216 3307 4284 ἅγιοι
3344 4217 3533 4278 παῖδες
3569 4216 3738 4274 εὔλο-¹

2141 4315 2382 4384 γημένον
2433 4314 2529 4368 καὶ
2566 4311 2954 4385 ύπερύμνητον
2984 4309 3077 4363 καὶ
3105 4307 3552 4379 ὑπερυψούμενον
3577 4302 3718 4360 εἶναι

2142 4406 2233 4460 τὸν
2264 4405 2467 4474 Κύριον
2521 4403 2583 4458 τὸ
2607 4402 2668 4457 ὃν
2696 4403 2828 4456 αὐτὸ
2859 4400 3035 4466 είπον,
3070 4401 3132 4454 τὸ
3170 4401 3265 4456 καὶ
3289 4401 3595 4470 γινόμενον,
3624 4399 3720 4453 καὶ

2145 4501 2226 4563 εἰς
2252 4496 2456 4558 αἰῶνας
2483 4493 2852 4566 γενησόμενον
2872 4507 2887 4522 °
2913 4491 3259 4561 οἰκειουμένη
3284 4492 3339 4545 δὲ
3367 4493 3544 4552 κτίσις
3576 4491 3720 4545 κατὰ

423 4578 516 4647 {ta
539 4597 884 4638 communem
919 4583 1210 4639 dialectum
1245 4581 1392 4638 dicta
1418 4590 1502 4638 est
1529 4599 1542 4636 :
1572 4597 1710 4650 quos
1775 4581 1920 4635 enim
1953 4581 2027 4634 di-

2144 4591 2330 4662 κοινὴν
2356 4591 2638 4644 διάλεκτον
2671 4589 2986 4658 πέφρασται
3009 4602 3026 4619 ⁸
3060 4585 3155 4650 οὓς
3182 4586 3290 4654 γὰρ
3317 4585 3603 4655 φιλοῦμεν,
3636 4585 3722 4638 οἰ-

428 4667 433 4741 :
462 4673 705 4744 ligimus,
734 4675 1074 4746 propinquos
1106 4675 1362 4740 facimus,
1393 4683 1446 4728 et
1479 4674 1568 4728 isti
1599 4674 1756 4728 nobis
1811 4672 2035 4742 propin-

438 4754 557 4836 qui
591 4778 643 4822 et
677 4767 974 4824 familiares
1004 4769 1278 4823 dicuntur.
1309 4768 1365 4822 In
1420 4767 1524 4821 hoc
1579 4780 1742 4821 sensu
1805 4764 2038 4834 reperie-

436 4922 440 4927 ,
467 4863 672 4918 bantur
702 4860 845 4931 apud
879 4860 1075 4917 Persas
1109 4861 1290 4916 intimi
1323 4859 1596 4916 sermonis
1653 4857 1952 4928 principes,
1983 4866 2043 4910 ut

466 4955 737 5010 Amaseus
766 4955 1110 5024 geographus
1138 4952 1329 5018 refert,
1367 4962 1422 5008 et
1452 4951 1597 5007 istud
1623 4966 1717 5007 seu
1771 4950 2041 5006 sermonis

466 5047 645 5105 intimi
672 5047 896 5117 (οἰκείου
931 5045 1114 5114 λόγου)
1149 5042 1518 5099 denominatio
1567 5056 1741 5112 usque
1789 5055 1936 5095 nunc
1986 5039 2042 5094 in

464 5140 647 5210 lingua
679 5139 1050 5195 ecclesiastica
1101 5149 1369 5192 servatur.

539 5234 662 5290 194.
703 5231 817 5288 Vox
846 5241 1023 5287 autem
1046 5230 1456 5302 ἠλλοτριωμένη
1483 5242 1740 5299 expresse
1767 5226 1910 5282 dicta
1938 5232 2041 5281 est.

470 5324 696 5379 Alienos
721 5324 864 5377 enim
893 5337 1047 5377 sacra
1084 5320 1370 5391 Scriptura
1405 5320 1539 5375 dicit
1561 5319 1781 5384 impios,
1837 5326 1891 5372 et
1921 5317 2043 5372 illos

468 5415 563 5482 qui
606 5421 755 5468 recta
787 5411 890 5466 ﬁde
918 5426 1025 5466 non
1055 5418 1182 5466 sunt
1219 5411 1288 5464 ad
1320 5408 1518 5464 Deum.
1550 5406 1714 5463 Tales
1743 5416 1874 5461 sunt
1903 5408 2037 5461 alie-

469 5507 524 5560 ni
560 5504 679 5571 lilii,
709 5518 847 5572 quos
881 5502 1132 5558 audimus
1161 5517 1188 5556 a
1249 5501 1460 5558 semitis
1520 5501 1634 5556 suis
1680 5501 2042 5564 claudicasse,

469 5607 895 5670 peccatoresque
933 5598 1024 5668 qui
1051 5598 1119 5652 ab
1145 5605 1303 5652 utero
1327 5596 1549 5652 alienati
1601 5605 1750 5653 sunt.
1776 5597 2045 5653 Caeterum

469 5700 652 5746 autem
685 5689 893 5743 alienos
913 5688 1094 5743 dicere
1118 5696 1409 5743 extraneos
1460 5703 1750 5743 commune
1794 5697 1918 5744 est:
1977 5688 2044 5743 ad

472 5797 695 5839 sensum
737 5795 866 5836 vero
892 5783 1176 5836 sententiae
1225 5783 1531 5850 proprium,
1598 5781 1887 5836 alicnatam
1913 5781 2050 5838 dixit

474 5881 786 5930 creaturam
828 5871 882 5927 in
913 5881 1154 5944 tempore
1182 5871 1468 5943 plusquam
1502 5872 1775 5944 perfecto;
1824 5875 2048 5944 propin-

2140 4682 2462 4754 κειούμεθα,
2516 4681 2612 4734 καὶ
2658 4681 2848 4734 οἰκεῖοι
2898 4679 3149 4746 λέγονται
3204 4678 3337 4748 ἡμῖν
3379 4679 3579 4729 ἐκεῖνοι
3625 4677 3721 4730 καὶ

2141 4777 2432 4834 οἰκειακοί.
2466 4771 2737 4844 Τοιαύτης
2763 4772 2820 4825 δὲ
2850 4772 3058 4831 ἐννοίας
3097 4770 3190 4822 καὶ
3216 4770 3264 4821 οἱ
3295 4766 3448 4835 παρὰ
3481 4767 3720 4836 Πέρσαις

2142 4867 2237 4921 τοῦ
2265 4866 2467 4920 οἰκείου
2499 4864 2660 4932 λόγου
2690 4859 2977 4932 βασιλικοὶ,
2999 4860 3074 4921 ὡς
3097 4859 3124 4910 ό
3165 4855 3444 4927 Ἀμασεὺς
3469 4856 3720 4925 γεωγράο

2146 4977 2244 5029 φος
2293 4958 2518 5027 ἱστορεῖ,
2570 4956 2666 5008 καὶ
2718 4953 3056 5022 φυλάσσεται
3084 4947 3267 5012 τοῦτο,
3333 4948 3504 5016 ἤγουν
3543 4949 3577 5018 ἠ
3626 4945 3721 4998 τοῦ
3781 4989 3788 5000 ,

2145 5053 2347 5104 οἰκείου
2407 5049 2566 5117 λόγου
2629 5042 3052 5115 κλῆσις·μέχρι
3109 5039 3204 5094 καί
3269 5039 3366 5093 νῦν
3425 5039 3722 5109 ἐκκλησια-

2147 5141 2371 5204 στικῶς.

2217 5233 2355 5302 ρίιδκ
2399 5231 2464 5284 Ἦ
2503 5229 2558 5283 δὲ
2586 5227 2992 5299 ἠλλοτριωμένη
3049 5225 3341 5295 γραφικῶς
3367 5223 3568 5295 ιρρέθη
3594 5235 3608 5251 ⁸
3634 5222 3727 5275 ἁλ-

2145 5325 2394 5393 λοτρίους
2431 5321 2540 5390 γὰρ
2585 5321 2618 5392 ἡ
2649 5319 2781 5387 ἁγία
2820 5317 3016 5390 Γραφὴ
3045 5321 3169 5379 τοὺς
3201 5315 3395 5378 ἀθέους
3423 5315 3595 5382 λέγει,
3623 5313 3717 5367 καὶ

2150 5417 2225 5487 μὴ
2253 5414 2448 5486 ὀρθοὺς
2473 5413 2572 5485 τὴν
2603 5413 2684 5474 εἰς
2714 5412 2848 5464 Θεὸν
2878 5412 3059 5463 πίστιν
3082 5423 3096 5438 ⁶
3128 5408 3363 5462 τοιοῦτοι
3392 5407 3526 5476 γοῦν
3549 5408 3599 5460 οἰ
3631 5406 3724 5460 ἁλ-

2145 5508 2348 5577 λότριοι
2373 5487 2509 5570 υίοί,
2533 5504 2624 5568 οὓς
2652 5503 2892 5574 χωλᾶναι
2921 5500 3196 5571 ἀκούομεν
3234 5499 3345 5575 ἀπὸ
3376 5500 3486 5552 τῶν
3518 5498 3724 5570 τρίϐων

2147 5599 2350 5662 αὐτῶν,
2374 5599 2469 5652 καὶ
2492 5598 2542 5650 oi
2569 5593 3106 5665 ἁπαλλοτριωθέντες
3130 5595 3192 5645 ἐκ
3225 5592 3436 5662 μήτρας
3462 5592 3726 5661 ἁμαρτω·

2147 5691 2230 5744 λοί
2253 5705 2268 5722 ο
2304 5689 2622 5759 ἀλλοτρίους
2666 5689 2723 5742 δὲ
2753 5687 2930 5751 ἄλλως
2955 5685 3080 5749 τοὺς
3108 5684 3292 5753 ξένους
3335 5683 3515 5751 λέγειν
3544 5683 3723 5736 κοινόν

2150 5784 2268 5837 ἐστι
2291 5797 2306 5811 '
2333 5781 2471 5852 πρὸς
2496 5779 2781 5851 ἁκρίὸειαν
2803 5779 2859 5830 δὲ
2885 5777 3096 5840 ἐννοίας
3148 5772 3594 5845 ὴλλοτριωμένην
3617 5773 3723 5840 ἔφη

2154 5871 2330 5927 κτίσιν
2385 5870 2522 5926 κατὰ
2570 5869 2760 5942 χρόνον
2812 5865 3307 5939 ὐπερσυντελικόν·
3343 5863 3722 5934 οἰκειουμένην
