4034 6466
1413 228 1456 239 η

361 412 474 474 ἲοῖ)

1168 415 1252 477 ΙΝ
1289 414 1624 476 HYMNUM
1657 413 2317 478 PENTECOSTALEM
2361 418 2819 482 DAMASCENI.

3515 429 3626 491 706

359 524 416 578 δὲ
448 525 588 578 κατὰ
620 524 894 578 ἐνεστῶτα
917 542 930 555 ·
971 521 1312 599 ήλῖυτρίὡθη
1356 527 1455 598 μὲν
1481 525 1588 596 γὰρ
1608 525 1703 593 ἀφ’
1749 523 1941 580 ίκανοῦ

2047 541 2211 594 quam
2253 537 2434 584 autem
2462 529 2660 585 factam
2703 531 2755 585 in
2795 535 3072 601 przcsenti.
3101 535 3144 590 A
3189 537 3350 603 longo
3395 554 3630 608 namque

358 621 704 688 ἀφεστηκυία
746 619 841 673 τοῦ
870 621 1006 676 Θεοῦ
1037 624 1067 692 ἡ
1103 623 1319 687 κτίσιςο
1363 621 1664 676 οἰκειοῦται
1703 621 1762 675 δὲ
1798 620 1940 692 μετά

357 711 455 778 τὴν
481 714 926 785 κοσμοσωτήριον
967 716 1402 788 ὲνανθρὼπησιν.
1426 716 1620 769 Ἔσται
1650 715 1708 769 δὲ
1747 715 1942 786 καιρὸς

356 800 446 854 ὅτε
479 804 758 868 παντελῶς
787 805 1111 877 ᾠκειωμένη
1160 806 1238 877 τῷ
1282 806 1400 877 Θεῷ
1430 805 1800 876 κληθήσεται*
1847 803 1941 858 καί

357 908 423 960 γε
457 893 592 946 Θεοῦ
619 894 800 966 χάριτι
826 900 922 950 καὶ
957 897 1102 951 ἔστιν
1128 901 1154 951 ὁ
1183 898 1425 960 τοιοῦτος
1455 897 1646 968 καιρὸς
1674 895 1817 950 κατά
1840 895 1942 966 τὴν

361 984 631 1054 μελῳδίαν
681 987 800 1048 τοῦ,
837 989 1095 1057 Κάμπτει
1149 990 1218 1044 τὰ
1259 991 1440 1044 πάντα
1486 988 1564 1059 τῷ
1594 989 1940 1059 Παρακλήτῳ

356 1079 512 1148 γόνυ·
547 1080 608 1134 τὸ
632 1080 710 1149 δὲ,
746 1082 956 1135 Μέλπει
987 1099 1044 1135 σε
1075 1076 1221 1152 εἶχεν
1255 1081 1430 1144 ἄλλως
1461 1083 1636 1135 εἰπεῖν
1672 1083 1766 1136 καὶ
1794 1080 1941 1134 Μέλ-

358 1186 450 1222 πει
481 1187 564 1223 σοι
600 1171 629 1224 ό
665 1171 902 1242 μελῳδὸς
928 1187 942 1202 ⁸
983 1172 1187 1244 ἀρέσαν
1229 1171 1286 1224 δὲ
1326 1170 1474 1242 αὐτῷ
1516 1170 1737 1240 ἀψόγως
1765 1171 1940 1224 εἵλετο

358 1261 619 1328 συντάξαι
646 1262 844 1325 οὕτως.
870 1264 942 1316 Τὸ
984 1263 1042 1316 δὲ
1085 1265 1263 1326 κτίσις
1294 1264 1626 1333 γοργότητος
1655 1263 1801 1333 λόγῳ
1828 1264 1940 1318 δεί-

356 1366 517 1402 κνυσι
548 1353 642 1402 καὶ
668 1352 762 1404 τὸν
788 1352 963 1422 ἥλιον,
1005 1353 1099 1407 καὶ
1137 1355 1234 1424 τὴν
1262 1353 1514 1424 σελήνην,
1557 1355 1652 1407 καὶ
1683 1355 1750 1406 τά
1791 1371 1943 1408 στοι-

354 1447 476 1513 χεϊα
505 1446 600 1498 καὶ
650 1444 818 1499 τᾶλλα
847 1445 1024 1500 πάντα
1073 1447 1298 1516 μέλπειν
1320 1447 1412 1501 τὸν
1435 1446 1641 1518 Κύριον
1664 1447 1808 1500 κατά
1837 1448 1940 1518 τὴν

354 1536 702 1606 ἀναφώνησιν
731 1539 825 1593 τοῦ
852 1541 1151 1609 παγκοίνου
1179 1540 1376 1609 μέλους
1401 1539 1500 1606 τῆς
1529 1540 1726 1611 ὀγδόης
1762 1541 1938 1612 ᾠδῆςο

357 1628 498 1698 μέρη
532 1629 641 1700 γὰρ
685 1630 778 1683 καὶ
809 1633 996 1685 ἐκεῖνα
1034 1633 1133 1700 τῆς
1168 1630 1537 1694 κτίσεωςοὼς
1565 1627 1706 1685 εἶναι
1753 1631 1939 1686 λοιπὸν

352 1722 614 1791 ἀνοήτους
642 1724 738 1776 καὶ
767 1724 959 1788 ἀθέους
989 1727 1117 1789 τοὺς
1145 1725 1373 1788 ἐκείνοις
1402 1723 1479 1788 ὡς
1508 1723 1648 1789 θεοῖς
1669 1725 1941 1796 προσανέ-

353 1829 569 1882 χοντας.

515 1908 842 1978 Τροπὰριον
871 1909 1155 1977 δεύτερον
1185 1909 1296 1978 τῆς
1331 1911 1550 1979 ὀγδόης
1579 1909 1762 1981 ᾠδῆς.

350 1998 548 2054 XXIII.
601 2000 971 2070 Σωτηριωδῶς
998 2000 1409 2066 αὺτοδεσπότως
1440 2001 1519 2055 ίὸν

597 2094 715 2156 Φῶς
741 2094 1116 2164 αὑτολαμπὲς,
1140 2095 1232 2147 καὶ
1260 2095 1594 2165 παρεκτικὸν
1614 2094 1784 2164 φάους

611 2185 890 2258 ’Υπάρχον
919 2181 1055 2259 ἧκες
1084 2188 1358 2257 ἐμφοροῦν
1380 2188 1716 2252 ἀποστόλους

597 2279 809 2349 Τιμῆεν
831 2279 908 2341 ὡς
939 2279 1095 2350 ἀημα
1120 2282 1227 2343 τοῖς
1263 2282 1372 2342 σοῖς
1401 2281 1645 2342 οἰκέταις

595 2371 1038 2442 Λελιπαρημένον
1061 2387 1122 2423 τε
1150 2370 1376 2442 Πνεῦμα
1403 2372 1748 2443 προσνέμεις.

423 2469 560 2536 ρίιε.
626 2463 1060 2530 Ἀπλοῖκώτερον
1096 2453 1212 2516 ’καὶ
1272 2463 1606 2533 σαφέστερον
1652 2465 1787 2534 πρὸς
1836 2467 1928 2520 τὸν

348 2556 582 2626 Σωτῆρα
637 2553 872 2626 Χριστὸν
925 2556 954 2608 ὁ
1012 2553 1252 2624 μελῳδὸς
1318 2553 1717 2626 διηγηματικὸν
1770 2555 1928 2624 λόγον

349 2649 696 2718 ποιούμενος,
752 2646 885 2700 αὐτὸ
933 2646 1092 2699 τοῦτο
1149 2646 1244 2700 καὶ
1306 2645 1469 2715 μόνον
1518 2645 1716 2716 φράζει
1759 2648 1817 2700 ὲν
1849 2651 1927 2718 τῷ

353 2742 580 2814 παρόντι
613 2741 919 2812 τροπαρξῳ,
945 2740 1028 2793 ὅτι
1051 2740 1113 2792 πὶ
1153 2738 1460 2810 Ἐσωτηρίᾳ
1484 2741 1638 2808 κοινῇ
1679 2738 1742 2792 τὸ
1772 2739 1928 2808 ἅγιον

349 2833 578 2902 Πνεῦμα
630 2835 742 2895 τοῖς
795 2835 907 2894 σοῖς
957 2829 1274 2892 ἀποστόλοις
1321 2827 1606 2892 ἐστειλας·
1654 2828 1801 2897 λέγει
1834 2825 1928 2883 οὖν

349 2926 432 2978 ὅτι
451 2923 831 2994 σωτηριωδῶς,
857 2917 928 2974 Ὦ
954 2921 1155 2992 δηλαδὴ
1184 2920 1387 2992 Σῶτερ,
1413 2916 1576 2992 ἦκας,
1601 2921 1769 2992 ἤγουν
1787 2923 1930 2990 ἀφῆ-

351 3035 456 3082 κας
505 3019 600 3072 καὶ
643 3015 899 3086 ἔπεμψας
953 3015 1070 3083 φῶς
1121 3014 1470 3082 αὐτολαμπὲς
1517 3013 1782 3083 ὑπάρχον,
1833 3013 1929 3066 καὶ

351 3110 688 3181 παρεκτικὺν
712 3109 904 3179 φάους,
941 3107 1002 3160 οὐ
1029 3105 1320 3160 κελευσθὲν
1353 3105 1637 3171 δουλικῶς,
1667 3105 1803 3158 ἀλλά
1834 3106 1931 3159 αὐ-

2044 618 2288 684 tempore
2321 615 2499 673 fuerat
2523 621 2758 675 alienata
2787 625 2975 692 procul
3003 641 3032 679 a
3057 625 3166 680 Deo
3201 637 3475 696 creatura;
3503 647 3632 700 pro-

2043 705 2246 775 pinqua
2273 723 2408 764 vero
2440 711 2582 766 facta
2619 723 2704 768 est
2731 724 2854 783 post
2879 719 3176 773 salutarem
3213 723 3416 777 mundo
3443 727 3626 780 incar-

2043 796 2341 854 nationem.
2377 799 2614 871 Tempus
2658 815 2837 860 autcm
2887 808 2991 862 erit
3051 825 3172 864 cum
3229 816 3456 869 omnino
3517 819 3628 872 Deo

2043 889 2292 959 proxima
2334 896 2662 965 propriaque
2685 899 2968 954 vocabitur
2991 919 3006 968 ;
3028 907 3084 956 ct’
3113 911 3293 958 tamen
3329 907 3418 960 Dei
3448 911 3624 976 gratia

2043 992 2129 1039 est
2161 987 2322 1040 etiam
2363 990 2469 1044 tale
2499 1002 2709 1060 tempus
2743 992 2896 1060 juxta
2925 995 3214 1051 melodiam
3249 1000 3373 1054 dicti
3403 1015 3419 1053 :
3459 1000 3624 1056 Para-

2045 1077 2186 1133 cleto
2209 1089 2441 1134 curvant
2475 1082 2657 1136 omnia
2685 1099 2848 1152 genu.
2877 1085 2992 1140 Hoc
3027 1102 3155 1142 vero
3209 1090 3405 1157 μέλπει
3442 1109 3499 1143 σε
3535 1109 3627 1160 po-

2043 1180 2184 1227 terat
2213 1171 2370 1227 aliter
2403 1173 2589 1228 dicere
2625 1176 2823 1242 μέλπει
2881 1194 2965 1229 σοι
2995 1179 3240 1234 melodus
3271 1198 3284 1245 ;
3324 1183 3418 1236 sed
3472 1185 3621 1238 illam

2041 1263 2146 1319 sibi
2181 1262 2488 1332 placentem
2523 1266 2800 1336 syntaxim
2851 1268 3405 1337 irreprehensihilitcr
3440 1276 3622 1344 elegit.

2043 1353 2161 1409 Vox
2187 1365 2369 1410 autem
2387 1356 2566 1421 κτίσις
2585 1357 2860 1413 citissime
2888 1360 3160 1428 signiﬁcat
3185 1372 3242 1418 et
3271 1365 3440 1419 solem
3463 1376 3515 1422 et
3540 1370 3623 1422 lu-

2042 1463 2166 1503 nam
2197 1456 2253 1503 et
2277 1449 2571 1516 elementa,
2605 1451 2822 1522 aliaque
2852 1463 3072 1520 cuncta,
3101 1455 3314 1512 rnelode
3343 1460 3623 1515 celebrare

2041 1538 2332 1595 Dominum
2361 1540 2515 1610 juxta
2539 1542 3027 1598 conclamationem
3080 1547 3328 1603 melodiac
3374 1564 3622 1603 commn-

2041 1630 2128 1685 nis
2163 1633 2339 1687 octavi
2369 1633 2631 1690 carminis
2663 1651 2681 1690 :
2723 1643 2902 1706 partes
2924 1638 3069 1692 enim
3104 1649 3234 1694 sunt
3259 1640 3359 1694 ista
3382 1644 3622 1697 creatio-

2044 1725 2129 1780 nis
2155 1742 2168 1790 ;
2196 1725 2267 1779 ita
2297 1735 2354 1779 ut
2385 1724 2455 1780 de
2479 1733 2678 1781 cartero
2703 1727 2856 1781 stulti
2885 1729 2998 1782 sint
3019 1737 3073 1784 et
3104 1731 3255 1800 impii
3283 1731 3378 1801 qui
3412 1732 3618 1789 talibus

2043 1829 2104 1875 ut
2139 1821 2247 1876 diis
2271 1821 2623 1878 addicuntur.

2319 1913 2632 1984 Troparium
2661 1913 2947 1969 secundum
2982 1916 3097 1973 adu:
3131 1927 3348 1972 octavw.

2176 2003 2414 2060 Salutari
2460 2005 2668 2058 ratione
2701 2018 2802 2058 sua
2836 2013 3104 2075 potestate
3129 2007 3250 2063 iens

2100 2092 2217 2148 Lux
2250 2110 2278 2146 a
2314 2105 2364 2149 te
2392 2094 2694 2164 Splendida,
2726 2104 2778 2148 et
2803 2095 2979 2149 datrix
3012 2097 3235 2152 luminis

2101 2186 2400 2252 Exsistens,
2435 2188 2634 2242 venisti
2664 2198 2722 2242 nt
2754 2189 3008 2257 impleres
3039 2191 3335 2258 aposmlos,

2099 2276 2434 2332 Honoratum
2469 2286 2724 2349 tanquam
2755 2279 2979 2334 halitum
3007 2281 3113 2334 tuis
3141 2284 3335 2346 servis,

2097 2367 2479 2439 lllustremque
2513 2371 2774 2440 Spiritum
2809 2372 3114 2427 distribuis.

2101 2458 2225 2516 195.
2258 2460 2595 2530 Simpliciter
2612 2478 2676 2516 ac
2705 2463 2986 2518 evidenter
3005 2469 3069 2518 ad
3092 2465 3429 2521 Salvatorem
3457 2467 3613 2522 Chri-

2031 2562 2177 2607 stum
2206 2555 2578 2608 enarrativum
2609 2564 2798 2611 texens
2835 2571 3145 2612 sermonem
3207 2559 3476 2624 melodus,
3509 2561 3614 2615 hoc

2031 2645 2208 2713 ipsum
2240 2655 2292 2702 et
2322 2646 2496 2701 solum
2533 2648 2586 2701 in
2624 2649 2876 2716 pra-senti
2934 2653 3161 2721 stropha
3193 2651 3345 2717 dicit,
3374 2652 3518 2721 quod
3542 2653 3612 2706 ad

2030 2752 2374 2795 communem
2394 2739 2622 2795 salutem
2656 2740 2917 2810 Spiritum
2951 2753 3202 2798 sanctum
3252 2746 3368 2800 suis
3394 2755 3611 2815 aposto-

2030 2830 2099 2886 lis
2127 2830 2294 2883 misit.
2333 2832 2425 2885 Ait
2456 2845 2588 2900 ergo
2617 2849 2630 2885 :
2666 2831 3014 2895 Salutariter,
3043 2851 3075 2887 ο
3103 2836 3392 2893 manifeste
3424 2839 3614 2893 Salva-

2035 2930 2141 2985 tor,
2166 2914 2310 2991 ἦκας
2339 2919 2454 2975 sive
2483 2921 2701 2991 ἀφῆκας
2736 2923 2930 2978 misisti
2965 2927 3147 2980 lumen
3209 2929 3352 2996 quod
3385 2931 3606 2999 proprio

2034 3011 2211 3066 nitore
2241 3012 2406 3076 lucet,
2441 3011 2695 3081 suppedit
2727 3021 2890 3082 atque
2913 3013 3096 3081 jubar,
3124 3017 3280 3086 jussu
3310 3034 3416 3072 non
3437 3020 3612 3073 servi-

2033 3103 2156 3157 liter
2173 3111 2418 3171 accepto,
2445 3104 2539 3157 sed
2563 3113 2710 3156 motu
2736 3105 2954 3173 proprio
2975 3106 3238 3162 veniens:
3275 3107 3455 3163 lumen
3477 3125 3606 3179 pro-

349 3203 693 3264 τοδεσπότως
733 3201 883 3254 ὲλθόν
907 3217 922 3232 ·
974 3198 1091 3269 φῶς
1124 3201 1189 3252 ἐκ
1223 3197 1401 3268 φωτὸς
1427 3199 1640 3268 προϊὸν,
1672 3198 1766 3252 καὶ
1794 3197 1930 3252 αὐτὸ

2035 3196 2251 3260 cedens,
2282 3203 2338 3250 et
2369 3195 2485 3251 haec
2517 3210 2625 3251 non
2687 3197 3101 3254 subobscurum
3162 3211 3380 3269 propter
3421 3203 3605 3269 parci-

349 3297 452 3349 οὐκ
503 3294 744 3365 ἀμυδρὸν
787 3293 933 3362 λόγῳ
978 3291 1192 3361 φειδοῦς
1239 3293 1272 3362 ἡ
1318 3307 1464 3352 τινος
1508 3290 1670 3346 ἀλλου
1717 3290 1925 3354 πάθους

2035 3287 2380 3352 moniam'aut
2399 3285 2689 3354 quamdam
2719 3287 2883 3341 aliam
2910 3287 3242 3357 passionem,
3262 3297 3462 3342 cuncta
3485 3303 3608 3359 qua:

350 3389 498 3460 ἆπερ
527 3388 749 3442 ἅπαντα
787 3389 885 3458 τῆς
921 3387 1111 3455 θεῖκῆς
1168 3383 1482 3454 ἀπῴκισται
1523 3383 1761 3453 φύσεως,
1791 3383 1928 3436 ἀλλά

353 3481 628 3553 ὲμφοροῦν
683 3480 810 3544 τοὺς
857 3477 1212 3541 ἀποστόλους.
1256 3477 1552 3547 Ἐπεμψας
1600 3476 1678 3542 δὲ,
1735 3478 1923 3546 φησὶν,

351 3576 505 3639 αὐτὸ,
539 3575 638 3644 οὐχ
665 3572 740 3635 ῶς
776 3571 984 3644 μηδένα
1022 3571 1132 3625 τῶν
1161 3571 1418 3626 ἁπάντων
1449 3568 1763 3631 αἰσθέσθαι,
1793 3568 1822 3621 ὃ
1863 3566 1930 3638 δὴ

352 3672 446 3724 ἐπὶ
486 3669 598 3730 τοῖς
633 3667 744 3728 σοῖς
777 3664 953 3733 ἁγίοις
1004 3663 1178 3725 ποιεῖς
1222 3663 1298 3725 ὡς
1349 3661 1634 3722 ἑκάστοτε,
1671 3659 1788 3714 ἀλλ’
1840 3659 1928 3713 ἴνα

353 3759 595 3830 γνωστὸν
621 3759 774 3820 λαοῖς
814 3755 1112 3825 γινόμενον
1156 3752 1506 3824 μαρτυρῆται
1540 3753 1636 3804 καὶ
1682 3750 1789 3819 πρὸ
1816 3747 1926 3802 τῶν

352 3847 872 3906 ὶπακολουθούντων
928 3845 1172 3915 σημείων
1220 3843 1572 3913 πιστεῦηται.
1610 3841 1771 3896 Καθά
1800 3841 1929 3912 γὰρ

352 3941 555 4013 τιμῆεν
581 3941 760 4011 ἀημα,
793 3939 960 4011 ἧγουν
995 3935 1238 4006 πνεῦμα,
1270 3937 1381 3998 τοῖς
1411 3934 1596 3998 αὐτοῖς
1639 3935 1752 3996 σοῖς
1787 3934 1933 3986 οἰκέ-

353 4051 474 4097 ταις
499 4032 823 4094 ἀποστόλοις
860 4029 993 4082 αὐτὸ
1019 4027 1346 4094 ἐξάκουστον
1377 4025 1518 4096 μετά
1544 4024 1728 4095 βιαίας
1759 4027 1931 4094 πνοῆς

354 4126 600 4195 ἀφῆκας,
642 4122 736 4178 καὶ
769 4121 925 4176 τοῦτο
951 4119 1186 4190 ποιήσας
1229 4117 1671 4186 λελιπαρημένον
1706 4116 1934 4186 Πνεῦμα

354 4215 688 4286 προσνέμεις
732 4213 825 4267 καὶ
863 4213 976 4275 τοῖς
1010 4208 1331 4273 ἀποστόλοις
1363 4209 1463 4277 μὲν
1497 4211 1594 4260 καὶ
1625 4206 1705 4277 τῷ
1738 4207 1931 4276 κόσμῳ

351 4308 410 4364 δὲ
441 4307 688 4378 δηλονότι
733 4305 896 4359 παντὶ
921 4303 1110 4357 ὀπόσοι
1134 4301 1231 4356 τοῦ
1261 4300 1508 4355 τοιούτου
1535 4297 1704 4354 καλοῦ
1739 4298 1933 4367 ὀλοφύ-

355 4417 466 4471 χως
495 4397 739 4469 ἐφίενται
768 4395 977 4450 οἰκέται
1009 4412 1105 4447 σου
1125 4393 1307 4456 ὅντες·
1339 4380 1482 4445 ῶστε
1526 4391 1609 4459 τὸ,
1653 4391 1766 4452 τοῖς
1816 4392 1932 4453 σοῖς

354 4491 619 4553 οἰκέταις,
648 4488 827 4559 τρισὶν
851 4487 1118 4557 ἁρμόττει
1149 4483 1436 4556 προσιέναι
1469 4482 1657 4546 τόποις
1679 4497 1695 4514 ο
1732 4479 1930 4551 τιμῆέν

359 4599 422 4636 τε
487 4585 595 4652 γὰρ
659 4581 772 4640 τοῖς
841 4580 954 4640 σοῖς
1010 4577 1251 4639 οἰκέταις
1312 4574 1488 4646 ὀρθῶς
1545 4573 1789 4640 λέγεται,
1834 4571 1932 4624 καὶ

354 4672 792 4743 λελιπαρημένον
853 4672 965 4733 τοῖς
1031 4669 1238 4733 αὐτοῖς,
1301 4666 1396 4721 καὶ
1446 4665 1821 4735 προσνέμεται
1873 4663 1932 4716 δὲ

356 4769 562 4828 αὐτοῖς.

429 4861 579 4928 ρίις’.
613 4855 768 4907 Ἔστι
790 4853 849 4906 δὲ
876 4851 1100 4919 Πνεῦμα
1123 4849 1556 4920 λελιπαρημένον
1617 4847 1648 4918 ἢ
1672 4847 1732 4900 τὸ
1751 4863 1934 4916 παρα..

355 4947 648 5018 κλητευθὲν
676 4944 818 4998 ὥστε
845 4943 1061 5014 δοθῆναι
1113 4945 1207 4996 καὶ
1233 4940 1365 4996 αὐτὸ
1393 4939 1750 5012 παράκλητον
1777 4939 1928 5008 ἡμῖν·

355 5040 606 5110 λιπαρεῖν
634 5039 745 5109 γὰρ
793 5037 855 5090 τὸ
883 5035 1154 5089 δυσωπεῖν
1174 5033 1250 5104 ’.ἢ
1282 5032 1343 5085 τὸ
1371 5031 1710 5102 παράμονον,
1733 5031 1828 5083 καὶ
1858 5027 1932 5092 ὡς

357 5133 467 5200 πρὸ
522 5130 720 5198 ὀλίγων
767 5127 992 5201 ιρρέθη,
1024 5127 1250 5195 ὲφίζονο
1297 5123 1554 5194 λιπαρεῖν
1582 5120 1692 5192 γὰρ
1729 5121 1826 5174 καὶ
1872 5118 1934 5172 τὸ

356 5226 712 5295 προσμένειν,
745 5225 838 5276 καὶ
867 5219 1250 5290 ἐγκαρτερεῖν,
1282 5219 1434 5286 παρά
1482 5214 1544 5268 τὸ
1576 5213 1698 5268 λίαν
1734 5212 1933 5281 παρεῖ-

356 5333 442 5371 ναι
467 5331 480 5346 ⁸
509 5315 633 5369 ὅθεν
660 5314 755 5367 καὶ
789 5311 1025 5382 λιπαρὴς
1058 5310 1240 5364 ἱκεσία
1304 5309 1338 5378 ἠ
1366 5306 1670 5377 πολύωρος,
1698 5305 1732 5374 ἡ
1770 5302 1932 5356 πολυ-

356 5407 597 5478 χρόνιος,
626 5407 661 5479 ἡ
693 5405 952 5476 διηνεκὴς
972 5418 986 5434 ·
1012 5401 1309 5470 κλινομένη
1339 5397 1626 5468 λιπαροῦς,
1654 5397 1753 5451 καλ⁸
1781 5395 1935 5466 έχου-

359 5517 430 5553 σα
455 5499 734 5568 οὐδέτερον
765 5497 827 5549 τὸ
857 5495 1108 5565 λιπαρές.
1152 5494 1260 5547 Καὶ
1289 5491 1436 5544 οὕτω
1476 5490 1575 5559 μὲν
1605 5488 1934 5543 διατέθειται

356 5591 419 5643 τὸ
454 5589 620 5658 ῥηθὲν
665 5587 966 5657 τροπάριον
1007 5583 1149 5638 κατά
1195 5580 1661 5654 προτιτλωθεῖσαν
1702 5579 1933 5633 ιννοιαν.

357 5680 422 5732 Εἰ
446 5679 502 5730 δὲ
521 5678 582 5730 τὸ
619 5693 637 5727 ι
671 5670 812 5746 ἦκας
837 5692 856 5726 ι
891 5675 1166 5745 γράφεται
1194 5668 1330 5744 ἧκες
1356 5670 1445 5724 διά
1469 5669 1563 5722 τοῦ
1591 5684 1618 5721 ε
1648 5669 1792 5722 κατά
1810 5683 1933 5720 τινα

357 5771 467 5824 τῶν
488 5769 841 5840 ἀντιγράφων
865 5769 987 5821 ἀντὶ
1015 5763 1109 5818 τοῦ
1141 5760 1324 5835 ἦλθες,
1352 5762 1453 5816 οὐκ
1479 5762 1626 5815 ἐστιν
1652 5761 1786 5825 ὅλως
1810 5762 1936 5830 νοῆ-

365 5878 453 5915 σαι
483 5862 544 5915 τὸ
578 5859 742 5932 ῥηθὲν
766 5859 1064 5929 τροπάριον
1117 5858 1253 5930 πρὸς
1286 5857 1375 5912 τὸν
1408 5854 1536 5908 Υἱὸν
1578 5851 1770 5923 λεχθὲν
1802 5849 1935 5922 περὶ

2028 3378 2228 3433 divinae
2252 3390 2463 3433 naturae
2484 3386 2612 3432 sunt
2641 3377 2846 3443 aliena,
2876 3379 2972 3433 sed
3003 3378 3284 3434 inebrians
3310 3379 3608 3450 apostolos.

2027 3469 2223 3527 Misisti
2251 3483 2440 3526 autem
2475 3469 2630 3536 illud,
2659 3470 2858 3540 mquit,
2884 3483 2992 3523 non
3019 3468 3201 3523 taliter
3263 3478 3322 3524 ut
3365 3469 3610 3524 omnium

2030 3577 2194 3618 nemo
2231 3562 2439 3619 sentiat
2461 3562 2610 3632 quod
2635 3570 2782 3618 certe
2817 3575 2916 3630 pro
2948 3560 3153 3616 sanctis
3177 3560 3288 3615 tuis
3345 3560 3612 3616 continuo

2029 3655 2188 3722 facis,
2216 3657 2310 3713 sed
2333 3665 2394 3711 ut
2424 3665 2612 3711 notum
2645 3654 2864 3725 populis
2918 3653 3127 3709 factum
3190 3663 3356 3709 testes
3409 3653 3614 3709 habeat

2030 3760 2087 3807 et
2121 3748 2480 3820 sequentibus
2509 3747 2680 3818 signis
2705 3747 2804 3800 (ide
2824 3754 3076 3801 teneatur
3098 3762 3114 3800 :
3134 3746 3278 3802 sicut
3311 3745 3456 3800 enim
3487 3760 3614 3815 pre-

2031 3847 2233 3902 tiosum
2267 3843 2455 3899 ﬂatum
2483 3857 2580 3899 seu
2621 3840 2896 3912 spiritum,
2953 3840 3160 3896 eisdem
3204 3841 3467 3909 apostolis
3526 3840 3607 3894 fa-

2033 3936 2336 3992 miliaribus
2366 3935 2500 4000 tuis,
2543 3933 2676 3987 illud
2702 3947 2828 3986 cum
2883 3932 3192 3988 vehementi
3260 3931 3387 3986 ﬂatu
3424 3931 3605 3986 sensi-

2035 4028 2142 4083 bile
2183 4025 2408 4090 misisti,
2470 4032 2526 4079 et
2581 4023 2685 4077 hoc
2731 4020 2902 4084 facto,
2959 4021 3286 4076 advocatum
3341 4019 3605 4089 Spiritum

2033 4117 2233 4174 tribuis
2263 4126 2317 4172 et
2355 4115 2624 4184 apostolis
2671 4113 2918 4184 quidem,
2941 4121 2996 4168 et
3051 4113 3311 4167 universo
3376 4112 3606 4176 mundo,

2033 4220 2307 4280 quotquOt
2325 4205 2637 4272 hujusmodi
2657 4205 2860 4260 bonum
2882 4219 2944 4259 ex
2967 4211 3084 4259 toto
3113 4203 3278 4258 corde
3294 4201 3608 4257 desiderant

2035 4308 2221 4369 utpote
2259 4297 2556 4352 familiares
2585 4295 2796 4349 tuizita
2830 4302 2890 4348 ut
2929 4294 3093 4350 dictis
3127 4312 3143 4348 :
3171 4295 3285 4357 τοῖς
3318 4294 3432 4358 σοῖς
3459 4293 3608 4346 οἰκέ-

2037 4407 2182 4453 ταις,
2213 4389 2388 4444 tribus
2407 4385 2752 4456 concipiendi
2782 4384 2958 4439 modis
2985 4385 3281 4439 conveniat
3325 4400 3339 4437 :
3411 4382 3614 4452 τιμῆεν

2034 4480 2181 4536 enim
2207 4482 2324 4542 τοῖς
2355 4479 2467 4541 σοῖς
2489 4476 2734 4538 οἰκέταις
2767 4487 2916 4530 recte
2942 4474 3170 4542 dicitur,
3227 4482 3281 4530 et
3311 4472 3613 4544 λελιπαρη-

1964 4594 2009 4650 D
2039 4572 2198 4641 μένον
2224 4570 2430 4635 αὐτοῖς,
2452 4575 2506 4623 et
2531 4565 2903 4638 προσνέμεται
2943 4565 3151 4628 αὐτοῖς.

2104 4842 2229 4897 196.
2263 4842 2362 4903 Eat
2386 4846 2568 4895 autem
2611 4836 2848 4908 Spiritus
2865 4833 3329 4906 λελιπαρημένος,
3377 4833 3489 4890 sive
3515 4831 3611 4888 ad.-

2032 4941 2282 4998 vocatus,
2323 4940 2382 4986 ut
2408 4932 2522 5000 ipse
2553 4928 2710 4983 nobis
2766 4926 3075 4981 Paraclitus
3126 4928 3398 4992 donetur;
3443 4923 3610 4978 λιπα-

2024 5028 2151 5094 ιρεῖν
2171 5025 2317 5080 enim
2340 5031 2426 5080 est
2463 5021 2803 5090 supplicare;
2845 5019 2960 5074 sive
2973 5032 3298 5089 permanens
3327 5019 3500 5072 incola
3525 5026 3611 5072 at-

2034 5130 2141 5186 que
2172 5125 2232 5171 ut
2254 5113 2416 5184 paulo
2447 5121 2575 5168 ante
2604 5110 2811 5164 dictum
2847 5117 2954 5172 est,
3022 5107 3272 5163 insidens
3307 5125 3323 5161 :
3352 5107 3606 5179 λιπαρεῖν

2033 5207 2178 5264 enim
2198 5218 2284 5262 εει
2302 5204 2468 5260 etiam
2487 5214 2808 5274 permanere
2839 5209 2892 5256 et
2941 5201 3262 5270 persistere,
3295 5215 3359 5255 ex
3383 5199 3460 5272 τῷ
3487 5200 3610 5254 λίαν

2035 5300 2316 5369 παρεῖναι.
2343 5294 2499 5351 Unde
2560 5292 2740 5349 ίκεσία
2800 5292 3038 5362 λιπαρὴς
3087 5298 3170 5346 est
3193 5291 3369 5346 oratio
3423 5293 3605 5362 longa,

2035 5392 2314 5452 diuturna,
2347 5403 2691 5460 permanens.
2724 5386 2788 5441 Et
2825 5385 2906 5442 sic
2935 5383 3155 5456 quidem
3198 5384 3488 5455 exponitur
3519 5383 3608 5439 di-

2036 5493 2127 5538 cta
2161 5485 2383 5553 strophe
2413 5483 2568 5553 juxta
2600 5480 2972 5550 praescriptam
3004 5479 3351 5534 sententiam.
3381 5475 3439 5533 Si
3479 5491 3608 5532 vero

2037 5571 2178 5647 ἦκας
2211 5576 2487 5631 scribatur
2510 5568 2646 5645 ἧκες
2681 5587 2778 5639 per
2809 5588 2834 5624 ε
2861 5571 3015 5642 juxta
3057 5570 3301 5640 quaedam
3334 5569 3613 5638 exeunpla-

2039 5672 2118 5725 ria
2147 5682 2245 5738 pro
2274 5664 2459 5738 ἦλθες,
2487 5680 2596 5720 non
2626 5673 2813 5735 potest
2853 5663 3076 5717 omnino
3110 5675 3352 5731 praesens
3381 5659 3610 5728 intelligi

2039 5759 2261 5829 strophe
2285 5768 2546 5827 tanquam
2577 5754 2644 5808 ad
2677 5752 2873 5808 Filium
2905 5752 2975 5806 de
3014 5750 3223 5820 Spiritu
3245 5747 3608 5818 sanctojuxta
3684 5771 3690 5789 ι

2037 5850 2438 5922 expositionem
2458 5845 2738 5914 dicta,scd
2761 5845 2828 5900 ad
2862 5843 3040 5914 ipsum
3073 5842 3336 5912 Spiritum
3361 5852 3610 5896 sanctum
