4034 6452
381 403 485 464 ἾΟ)

1212 398 1302 459 ῘΝ
1341 396 1677 458 HYMNUM
1724 395 2377 462 PENTECOSTMEM
2413 399 2879 463 DAMASCENI.

3527 402 3651 465 710-

382 515 570 583 φορεῖν
599 512 719 583 ἦτοι
744 509 1086 573 ἐπιϐάλλειν,
1121 506 1215 560 καὶ
1245 504 1343 560 τοῦ
1368 503 1765 575 προφοριῑσθαι
1798 504 1825 554 ὃ
1848 504 1964 554 ἐστι

2075 505 2221 557 Venit
2258 504 2490 575 ἔκφορον
2517 508 2833 577 mysterium
2860 525 2874 571 ;
2933 517 2987 563 et
3013 524 3078 563 ex
3113 513 3417 581 συμφορείν
3450 532 3465 568 :
3497 514 3635 569 diei.

378 603 687 669 διάζεσθαι·
721 603 813 655 καὶ
843 601 936 654 τοῦ
968 600 1285 670 διεφόρησε,
1316 597 1653 664 διαφορεῖται
1704 595 1835 662 γοῦν
1861 593 1952 662 ἐγ-

379 714 520 753 κατα
557 694 698 762 {dion
727 695 1027 764 ἐκχεόμενοι
1053 695 1151 762 τῆς
1181 689 1412 753 κοιλίας.
1458 686 1579 742 Εἰσὶ
1607 687 1664 741 δὲ
1694 690 1787 741 καὶ
1817 686 1953 741 ἄλλα

377 788 625 854 τοιαῦτα,
648 790 710 843 ἐν
736 781 817 849 οἷς
842 785 936 841 καὶ
967 785 1031 838 τδ
1058 782 1482 854 ἀνωφορείσθαι,
1515 781 1613 835 καὶ
1640 779 1702 832 τὸ
1725 792 1952 848 περιφο-

383 884 518 954 ρεῖν,
549 881 673 935 ὅθεν
700 882 800 934 καλ⁵
826 882 854 933 ό
884 878 1274 950 περιφόρητος.
1321 873 1670 945 Πρωτόθετον
1697 872 1754 924 δέ
1785 870 1952 924 πάλαι

380 973 512 1027 ποτὲ
545 973 606 1027 τὸ
636 973 890 1044 ἐκφορεῖν
922 971 1018 1025 ἐπὶ
1045 969 1175 1037 νηὸς
1204 966 1615 1037 πληρουμένης,
1639 958 1683 1033 ᾧ
1716 963 1955 1016 ἀντίκει·

377 1081 464 1119 ται
494 1067 554 1118 τὸ
591 1064 871 1133 ἐμφορεϋ.
921 1061 983 1115 Ei
1022 1060 1081 1112 δέ
1114 1058 1312 1112 ταυτδν
1355 1057 1620 1126 ἐμφορετν
1654 1056 1832 1108 εἰπεῖν
1862 1053 1956 1107 καὶ

379 1154 660 1224 ἐμπιπλᾷν
679 1157 816 1209 κατά
835 1153 916 1217 τὸ,
935 1151 1212 1220 Ἐπλήσθη
1238 1148 1552 1217 Πνεύματος
1573 1146 1753 1215 ἁγίου,
1775 1144 1956 1224 show

382 1215 708 1316 ἐνεφορήθη,
748 1245 844 1299 καὶ
875 1215 946 1316 ἦν
987 1215 1171 1296 καὶτὸ
1202 1215 1408 1313 μέτρον
1443 1236 1690 1293 δεκτικὸν
1713 1215 1904 1290 τούτου
1935 1249 1950 1264 ο

380 1341 516 1393 ἀλλά
574 1338 987 1408 προετιμήσατο
1026 1335 1210 1397 καλῶς
1257 1335 1286 1387 ό
1324 1331 1557 1403 μελῳδὸς
1584 1328 1646 1382 τδ
1677 1324 1956 1397 ἐμφοροῦν

379 1434 526 1503 ἥπερ
557 1431 618 1484 τὸ
642 1430 957 1501 ἐμπιπλῶν.

2056 609 2180 649 mus
2208 599 2354 651 enim
2393 615 2407 651 :
2450 598 2786 668 συνεφόρησε
2817 603 3093 670 congessit
3139 605 3519 659 accusationes
3580 613 3637 658 et

2054 702 2228 757 nugas
2260 690 2492 753 multas;
2530 699 2583 745 et
2608 706 2672 744 ex
2708 693 3017 760 ἐπιφορεῑι,
3052 697 3198 764 quod
3262 704 3349 751 est
3408 698 3637 766 injicere

2051 788 2107 834 et
2135 795 2200 835 ex
2231 779 2650 850 προφορεῖσθαι,
2681 782 2797 836 sive
2841 785 3042 839 ordiri:
3088 795 3144 840 et
3193 799 3258 840 ex
3316 786 3635 857 διεφόρησε,

2051 871 2391 942 διαφορεῖται
2412 874 2556 927 enim
2583 876 3015 950 (disperguntur)
3046 878 3299 934 animalis
3330 879 3538 935 viscera
3565 896 3635 936 ex

2054 971 2244 1016 ventre
2272 960 2462 1017 eﬂusa.
2493 962 2633 1018 Sunt
2660 966 2825 1021 etiam
2861 967 3176 1036 hujusmodi
3206 969 3335 1033 alia,
3410 969 3463 1024 in
3513 972 3638 1039 qui-

2056 1052 2158 1107 bus
2180 1052 2241 1106 τὸ
2275 1054 2677 1123 ἀνωφορείσθαι
2713 1065 2768 1110 et
2798 1058 2858 1110 τὸ
2889 1062 3207 1129 περιφορείν
3278 1061 3424 1115 unde
3451 1065 3480 1115 ὁ
3525 1079 3623 1115 πει

2056 1143 2350 1215 ριφόρητος
2380 1145 2485 1198 huc
2515 1145 2644 1201 illuc
2680 1155 2951 1203 versatus.
2994 1149 3274 1205 Primitiva
3308 1160 3489 1206 autem
3516 1161 3636 1207 erat

2055 1237 2184 1291 olim
2218 1234 2391 1291 forma
2432 1238 2687 1308 ἐκφορεῖν
2715 1241 2782 1293 de
2813 1242 2937 1295 navi
3003 1243 3248 1311 impleta,
3281 1245 3371 1299 cui
3396 1248 3633 1314 opponi—

2057 1337 2148 1384 tur
2172 1330 2462 1400 ἐμφορεῖν.
2491 1329 2553 1386 Si
2582 1348 2714 1387 vero
2738 1333 2891 1388 iidem
2925 1349 3010 1389 est
3029 1337 3210 1392 dicere
3236 1355 3251 1391 :
3288 1340 3549 1411 ἐμφορεῐν
3580 1348 3637 1394 et

2056 1419 2359 1491 ἐμπιπλᾷν,
2384 1421 2540 1491 juxta
2576 1424 2756 1480 istud:
2792 1426 3036 1498 ἐπλήσθη
3066 1429 3306 1498 repletus
3349 1439 3434 1485 est
3458 1431 3635 1500 Spiri-

384 1537 438 1583 tu
473 1536 688 1593 sanrto,
716 1528 831 1581 sive
873 1524 1214 1596 ἐνεφορήθης
1246 1531 1301 1577 et
1333 1520 1867 1578 versusalterutrum
1899 1527 1974 1570 ret

2056 1527 2144 1570 ere
2183 1526 2416 1588 poterat,
2473 1527 2714 1577 attamen
2763 1521 2991 1593 pulchre
3046 1525 3296 1581 melodus
3345 1525 3407 1579 τδ
3462 1529 3636 1598 ἐμφο-

383 1622 510 1691 ροῦν
528 1623 606 1693 τῷ
640 1622 929 1691 ἐμπιπλῶν
959 1622 1217 1693 praetulit.

453 1713 594 1786 ριιθ’.
629 1715 943 1783 Σκοπητέον
992 1715 1051 1768 δὲ
1098 1715 1312 1786 μήποτε
1337 1715 1399 1770 τό
1427 1733 1442 1749 ο
1480 1715 1789 1787 Ἐμφοροῦν
1823 1715 1952 1770 τοὺς

378 1796 889 1878 ἀποστόλουςάῃμα
919 1808 1137 1878 τιμῆεν,
1177 1807 1578 1878 παρείλκυσται
1612 1809 1720 1861 ἀπὸ
1755 1809 1952 1875 ἐξωτε-

2129 1703 2254 1761 199.
2291 1703 2594 1760 Videndum
2633 1715 2815 1762 autem
2843 1722 2911 1762 ne
2951 1706 3094 1764 forte
3159 1708 3327 1763 dictio
3356 1727 3370 1764 :
3395 1708 3634 1781 Roplens

2058 1796 2335 1866 apostolos
2360 1797 2727 1851 venerandum
2755 1796 2974 1863 ﬂamen,
3015 1808 3172 1854 eruta
3203 1800 3275 1855 sit
3299 1815 3366 1856 ex
3394 1802 3498 1857 hoc
3530 1818 3631 1859 ex-

384 1898 538 1963 ρικοῦ
587 1899 754 1962 ἔπους
792 1897 909 1961 τοῦ,
947 1901 1196 1971 Ἔπρηστ
1217 1900 1263 1954 δ’
1285 1899 1485 1970 ἄνεμος
1546 1900 1713 1953 ἱστίον
1764 1902 1948 1972 μέσον,

2059 1898 2216 1946 terno
2237 1890 2413 1945 dicto:
2446 1891 2695 1960 Ἐπρησε
2716 1891 2761 1945 δ’
2791 1891 2993 1962 ἄνεμος
3023 1893 3191 1949 ἱστίον
3213 1897 3399 1964 μέσον,
3426 1896 3637 1952 inﬂavit

380 1992 595 2060 ἑταῖρος
625 1991 834 2053 ἐκεῖνος
856 1989 1180 2057 όνομασθεὶς
1209 1993 1304 2046 καὶ
1331 1990 1400 2043 δι’
1435 1990 1570 2044 αὐτὸ
1594 1991 1777 2069 τίμιος
1803 2008 1819 2023 ο
1850 1993 1951 2045 καὶ

381 2081 465 2150 εἴη
490 2081 557 2135 ἀν
580 2079 751 2143 οὕτως
782 2079 810 2132 ὁ
835 2079 1068 2149 μελῳδὸς
1086 2079 1261 2149 λέγων
1288 2079 1371 2132 ὅτι
1399 2078 1755 2150 ἐνεφόρησεν,
1780 2080 1951 2149 ἦγουν

381 2173 614 2244 ἔπρησε,
675 2174 959 2227 τουτέστιν
1016 2174 1343 2244 ἐπλήρωσεν
1399 2166 1487 2226 οἷα
1554 2172 1705 2243 φίλον
1770 2173 1954 2242 τίμιον

382 2262 601 2334 πνεῦμα
630 2265 731 2318 ὅσα
757 2265 851 2319 καί
891 2281 1015 2318 τινα
1051 2265 1198 2318 ἱστία
1230 2262 1537 2317 πλευστικά
1568 2263 1694 2327 τοὺς
1717 2264 1954 2317 ἀποστό-

381 2354 529 2423 λους,
565 2356 655 2411 ἵνα
684 2357 828 2409 οὕτω
864 2356 1176 2426 πλησίστιοι
1223 2355 1473 2426 ἐξουρίας
1520 2355 1728 2425 ταύτης
1780 2355 1955 2424 πνοῆς

384 2449 701 2518 φερόμενοι,
729 2451 827 2511 τὰς
860 2446 1079 2511 ἐθνικὰς
1119 2447 1398 2511 θαλάσσας
1423 2447 1831 2518 περιέρχοιντοο
1865 2447 1957 2516 νή-

384 2556 514 2602 σους
541 2556 599 2593 τε
634 2538 989 2607 προφητικῶς
1018 2537 1422 2606 ἐγκαινὶζοντσς
1450 2538 1528 2608 τῷ
1557 2536 1697 2607 Θεῷ,
1731 2539 1823 2591 καὶ
1843 2540 1955 2600 τοῖς

381 2633 442 2683 ἐν
483 2633 604 2692 ταῖς
662 2629 876 2700 χέρσοις
921 2630 1396 2701 παρακομίζοντες
1435 2630 1707 2701 ἐμπορίας
1752 2628 1956 2699 τρόπον

380 2725 451 2776 τά
479 2724 560 2786 είς
590 2722 861 2792 σωτηρίαν
895 2722 1168 2779 ἐνδέοντα.
1202 2724 1392 2792 Ἀημα
1422 2722 1482 2777 δὲ
1511 2721 1574 2777 τὺ
1603 2721 1844 2791 πνεῦμα,
1879 2723 1953 2784 ὡς

383 2813 601 2866 ἀπὸτοῦ
634 2814 772 2882 ἀημι
805 2814 980 2883 ἀήσω,
1001 2813 1070 2878 ἐξ
1106 2813 1169 2868 οὖ
1193 2814 1291 2868 καὶ
1319 2814 1697 2885 παρατατικός
1729 2829 1742 2844 ·
1793 2815 1955 2884 Μῆνα

381 2905 427 2959 δ’
456 2906 690 2975 ἄληκτον
744 2906 829 2960 ἀει
881 2906 1069 2970 νότος⁶
1100 2898 1162 2960 οὗ
1220 2907 1467 2977 σημασία
1523 2906 1624 2975 μὲν
1662 2908 1722 2960 τὸ
1752 2905 1950 2961 ἔπνεσσ

381 2998 596 3069 κίνησις
638 2999 694 3052 δὲ
724 2997 863 3051 κατά
895 2999 956 3051 τὸ
992 2997 1216 3064 ἐτίθειν,
1249 2998 1469 3065 ἐτίθεις,
1506 2998 1710 3052 ἐτίθει*
1752 2998 1867 3053 ἐστι
1893 2996 1954 3053 δὲ

383 3089 479 3142 καὶ
513 3090 716 3159 μετοχὴ
750 3089 843 3142 τοῦ
873 3089 1035 3158 ἄημι,
1075 3089 1196 3153 an;
1223 3088 1438 3154 ἀέντος,
1466 3087 1543 3153 ὡς
1573 3088 1745 3147 τιθεὶς
1769 3089 1952 3143 τιθέν-

381 3198 472 3244 τος
489 3196 503 3209 '
533 3173 595 3233 οὗ
618 3181 809 3251 γενικὴ
836 3180 1181 3253 πληθυντικὴ
1208 3182 1438 3246 ἀέντων,
1464 3181 1538 3245 ὡς
1560 3180 1622 3234 τό
1648 3197 1665 3214 ·
1707 3180 1951 3251 ’Δνέμων

2050 1994 2246 2039 ventus
2279 1983 2515 2037 medium
2549 1983 2749 2046 velum.
2777 1984 2990 2040 amicus
3051 1985 3155 2041 iste
3185 1986 3366 2043 dictus
3410 1998 3463 2043 et
3505 1989 3631 2044 ideo

2050 2075 2324 2145 pretiosus
2353 2089 2446 2130 seu
2476 2075 2836 2132 venerandus.
2863 2073 2930 2130 Et
2954 2075 3036 2132 sie
3088 2077 3334 2133 melodus
3379 2079 3630 2135 diceret:

2060 2164 2363 2235 ἐνεφόρησε
2390 2165 2506 2220 sive
2550 2166 2781 2236 ἔπρησε,
2820 2167 2999 2232 idest,
3033 2167 3281 2236 replevit,
3340 2171 3420 2224 uti
3467 2186 3634 2225 vene-

2052 2254 2284 2308 randum
2312 2255 2661 2326 amicumque
2694 2255 2918 2320 ﬂamen,
2951 2267 3214 2327 tanquam
3255 2262 3501 2330 quaedam
3533 2278 3633 2317 na-

2057 2344 2195 2399 valia
2232 2345 2375 2408 vela,
2417 2345 2720 2415 apostolos,
2751 2354 2814 2403 ut
2848 2348 2918 2400 ita
2972 2347 3158 2417 repleti
3220 2364 3316 2419 per
3389 2349 3629 2407 laustam

2054 2435 2197 2490 hanc
2223 2435 2580 2505 spirationem
2614 2436 2734 2504 lati,
2773 2438 2996 2492 ethnica
3023 2440 3197 2495 maria
3228 2441 3583 2498 circumirent
3612 2461 3628 2510 ;

2055 2526 2262 2581 insulas
2291 2526 2613 2597 prophetico
2639 2527 2802 2584 modo
2823 2528 3142 2586 dedicantes
3175 2531 3305 2598 Deo,
3330 2542 3384 2587 et
3408 2535 3474 2590 ad
3508 2535 3631 2590 illos

2055 2617 2146 2687 qui
2173 2626 2373 2672 terram
2404 2617 2632 2675 solidam
2670 2621 2938 2688 habitant,
2968 2623 3135 2679 veluti
3192 2626 3540 2696 negotiamlo.
3565 2644 3629 2683 ea

2054 2727 2176 2790 quin
2207 2711 2274 2766 ad
2310 2711 2541 2773 salutem
2569 2715 2888 2770 necessaria
2910 2723 3063 2779 sunt,
3090 2716 3469 2788 importantes.
3508 2720 3633 2790 Spl-

2053 2803 2193 2859 ritus
2218 2812 2400 2859 autem
2431 2813 2517 2860 est
2543 2804 2721 2876 ἀημα,
2743 2807 2893 2860 velut
2925 2806 2996 2862 ab
3021 2808 3160 2879 ἀημι
3203 2809 3380 2881 ἀήσω,
3402 2826 3466 2866 ex
3520 2827 3634 2883 quo

2054 2894 2434 2964 imperfectum
2465 2914 2482 2952 :
2511 2898 2673 2965 Μῆνα
2701 2897 2749 2951 δ’
2781 2897 3018 2968 ἄληκτον
3054 2900 3139 2953 ἀει
3171 2901 3342 2966 νότος,
3383 2904 3636 2959 ἰιιιθηῐιίο

2052 2994 2186 3042 nato
2208 3002 2394 3043 mense
2419 2988 2663 3058 spirabat
2687 2998 2885 3055 notus;
2921 2989 3082 3060 cujus
3140 2992 3475 3062 signiﬁcatio
3500 2996 3629 3065 qui-

2055 3076 2177 3132 dem
2206 3086 2293 3133 est
2322 3089 2380 3132 ut
2410 3077 2568 3132 ἔπνεε
2593 3095 2611 3133 :
2651 3080 2821 3135 motio
2850 3096 2978 3135 vero
3013 3081 3073 3137 ﬂt
3094 3083 3249 3154 juxta
3278 3084 3342 3138 τὸ
3406 3089 3629 3153 tamam,

2055 3167 2270 3233 ἐτίθεις,
2290 3166 2481 3222 ἐτίθει.
2510 3165 2607 3224 Est
2634 3177 2817 3224 autem
2873 3171 3043 3227 etiam
3110 3176 3458 3244 participium
3530 3179 3630 3236 τοῦ

385 3276 543 3342 μένος
577 3273 748 3342 ύγρὶν
789 3274 996 3328 ἀέντων
1019 3290 1033 3305 ’
1090 3273 1301 3328 ἐκεῖθεν
1351 3272 1409 3326 δέ
1460 3273 1636 3344 ἀήτης
1662 3275 1690 3327 ὁ
1718 3273 1951 3342 ἀνεμοςο
1978 3263 2025 3328 C
2056 3258 2220 3331 ἄημι.
2261 3261 2379 3323 ἀεὶς
2409 3261 2619 3326 ἀέντος,
2650 3264 2792 3319 Sicut
2812 3264 2985 3329 τιθεὶς
3011 3265 3253 3331 τιθέντος
3271 3285 3289 3335 ;
3319 3272 3477 3340 cuius
3504 3272 3594 3342 ph!
3613 3303 3629 3314 -

379 3360 457 3424 ὡς
487 3362 545 3414 δὲ
570 3363 636 3415 ἐκ
667 3361 761 3415 τοῦ
798 3362 942 3431 ἀημι
996 3362 1059 3415 τὸ
1104 3361 1283 3432 ἀημα,
1310 3358 1481 3423 οὕτως
1513 3361 1578 3414 ἐκ
1627 3359 1721 3413 τοῦ
1760 3358 1956 3430 τίθημι

382 3453 651 3524 ἐπίθημα,
684 3455 745 3508 τὸ
777 3453 949 3532 πῶμα
1002 3454 1100 3525 τῆς
1157 3452 1365 3525 χηλοῦ’
1416 3453 1512 3510 καὶ
1558 3452 1819 3524 ἀνάθημα
1861 3452 1957 3509 καὶ

385 3543 661 3614 σύνθημα.

456 3810 521 3866 a'.
554 3810 763 3881 Τιμῆεν
793 3810 928 3864 δὲτὸ
966 3810 1258 3883 εἰρημένον
1304 3813 1486 3884 ἀημα,
1529 3814 1696 3886 ἤγουν
1743 3817 1778 3887 ή
1802 3813 1954 3885 βιαία

390 3905 552 3975 πνοὴ,
587 3904 674 3957 διά
706 3905 764 3958 τὸ
802 3904 957 3973 ἆγιον
984 3904 1231 3975 Πνεῦμα,
1334 3906 1519 3976 ἐκείνη
1557 3905 1633 3970 ὡς
1671 3902 1784 3960 οἷον
1817 3924 1956 3977 παρ-

381 3997 785 4067 ηκολούθησεν·
840 3998 940 4052 οὐκ
969 3996 1200 4062 ἀπεικὸς
1259 3998 1314 4053 δὲ
1363 3999 1454 4054 τὸν
1493 3996 1805 4053 ἀκούσαντά
1847 4017 1951 4053 που

381 4092 543 4156 νέφος
585 4090 739 4142 θυόεν
775 4090 835 4143 τὸ
870 4091 1034 4145 οἱονεὶ
1077 4088 1477 4161 τεθυμιαμένον
1543 4090 1785 4144 τοιοῦτον
1821 4092 1954 4144 ὐπο-

381 4181 573 4249 νοῆσαί
609 4198 659 4234 τι
713 4183 809 4237 καὶ
863 4180 1005 4237 οὕτω
1044 4183 1228 4253 τίμιον
1282 4183 1378 4235 και
1422 4183 1481 4235 τὸ
1531 4183 1629 4236 νῦν
1660 4185 1826 4255 ῥηθὲν
1858 4186 1953 4239 ἀέ-

381 4291 501 4344 ριον
522 4291 534 4304 ·
575 4275 667 4326 καὶ
690 4273 871 4339 ἄλλως
902 4275 957 4329 δὲ
1002 4273 1062 4328 τὸ
1086 4276 1284 4346 τιμῆεν
1333 4275 1629 4345 συντεχθέν
1660 4278 1774 4340 τοῖς
1808 4277 1954 4331 οἰκέ-

379 4385 500 4431 ταις
527 4369 700 4430 ante;
729 4367 797 4422 ἂν
830 4369 945 4438 ἔχοι
965 4384 980 4400 ·
1016 4368 1200 4436 τίμιον
1221 4368 1331 4438 γὰρ
1360 4364 1428 4440 ἦν
1456 4373 1569 4434 τοῖς
1602 4370 1950 4439 ἀποστόλοις,

379 4461 457 4524 ὡς
487 4461 686 4514 αὐτίκα
737 4458 1040 4531 εἰρήσεται,
1072 4463 1184 4525 τοῖς
1237 4460 1329 4512 καὶ
1378 4462 1559 4530 μόνοις
1611 4464 1954 4531 ἐπεγνωκόσι

381 4553 479 4623 τὴν
507 4555 564 4606 ἐν
592 4554 667 4623 τῷ
694 4553 947 4623 συμϐόλῳ
971 4550 1253 4619 θειοτάτην
1281 4554 1496 4621 σοφίαν,
1520 4553 1612 4608 καὶ
1640 4553 1953 4624 διακρίνασι

385 4646 476 4697 τὶν
505 4640 639 4715 ἦχον
701 4645 799 4714 τῆς
845 4643 1046 4715 βιαίας,
1113 4644 1282 4715 πνοῆς
1306 4658 1318 4675 ’
1371 4646 1567 4699 ταυτὸν
1586 4645 1635 4699 δ’
1661 4647 1838 4702 είπίῖν
1859 4648 1955 4704 τοῦ

391 4736 570 4807 βιαίου
615 4737 886 4805 ἀήματος,
922 4735 1151 4807 μήνυμα
1190 4731 1328 4791 εἶναι
1379 4736 1476 4807 τῆς
1508 4736 1603 4791 τοῦ
1644 4738 1957 4807 ἀγιωτάτου

391 4828 707 4899 Πνεύματος
738 4827 1098 4891 ἐπελεύσεως.
1139 4828 1202 4882 Et
1258 4826 1313 4881 δὲ
1344 4827 1404 4881 τὸ
1450 4828 1695 4883 τοιοῦτον
1737 4832 1956 4901 πνεῦμα

384 4920 488 4974 οὐκ
537 4918 785 4990 ἑφριξαν,
836 4918 973 4974 ἀλλὰ
1020 4920 1286 4990 ἐτίμησαν
1328 4921 1609 4991 χαρέντες,
1662 4923 1741 4986 ὡς
1788 4924 1956 4990 εἰκὸς,

383 5014 532 5075 οἴους
563 5012 859 5081 νομίσομεν
898 5010 1027 5074 τοὺς
1059 5013 1285 5075 πιστοὺς
1308 5014 1526 5077 οἰκέτας
1553 5014 1785 5080 τούτους
1814 5013 1956 5070 εἶναι

380 5106 453 5159 τὰ
479 5106 560 5168 εἰς
588 5104 764 5175 χαρὰν
795 5105 882 5172 ἐφ’
914 5099 996 5166 οἷς
1036 5105 1303 5175 ἐνήργουν
1353 5104 1584 5176 ὕστερον
1617 5106 1959 5179 ἐμφορηθέν-

380 5213 476 5262 τες
503 5197 598 5252 τοῦ
631 5196 788 5265 ἁγίου
819 5194 1178 5266 Πνεύματος;
1214 5197 1289 5252 Et
1325 5197 1380 5250 δὲ
1410 5197 1830 5269 κατετάχθησαν
1855 5198 1956 5269 ήδη

384 5292 466 5353 εἰς
496 5289 683 5357 φίλους
723 5288 802 5358 τῷ
827 5288 1067 5358 δεσπότῃ
1096 5288 1341 5360 Χριστῷ,
1377 5289 1522 5343 καθά
1553 5291 1761 5365 ἐκεῖνος
1794 5290 1960 5357 εὐαγ-

384 5380 620 5451 γελικῶς
667 5380 894 5445 διέθετο,
939 5378 1056 5434 ἀλλ’
1090 5380 1190 5432 οὐκ
1246 5380 1312 5433 ἂν
1362 5380 1722 5450 ἐκφεύξονται
1776 5381 1836 5435 τὸ
1884 5382 1959 5452 μὴ

383 5475 564 5531 δοῦλοι
585 5470 727 5528 εἶναι
754 5473 940 5543 φύσει,
964 5472 1052 5526 ναὶ
1073 5471 1129 5525 δέ
1159 5474 1254 5526 καὶ
1275 5471 1670 5527 δουλέκδουλοι.

458 5655 560 5705 σα’.
611 5649 803 5705 Ἰστέον
831 5651 888 5704 δέ
915 5650 999 5704 ὅτι
1025 5667 1086 5703 τε
1115 5648 1237 5707 ὅθεν
1267 5653 1326 5703 τὸ
1354 5651 1527 5720 ἀημα,
1556 5651 1766 5705 ἐκεῖθεν
1799 5655 1893 5707 καὶ
1930 5656 1959 5708 ὁ

386 5740 583 5812 ἄνεμος
608 5757 622 5772 ·
654 5742 824 5812 ἀεμός
861 5760 943 5807 τις
982 5741 1059 5796 ὢν
1085 5743 1181 5796 καὶ
1209 5743 1535 5814 πλεονασμῷ
1567 5743 1663 5798 τοῦ
1709 5744 1795 5813 νῦ,
1829 5748 1960 5802 ἀνε-

390 5849 491 5909 μος
516 5850 531 5867 ο
564 5834 659 5911 καὶ
701 5834 785 5890 ὃτι
830 5835 1026 5906 χρῆσις
1082 5835 1327 5906 ἀήματας
1376 5836 1472 5890 καὶ
1513 5836 1605 5889 ἐπὶ
1633 5835 1713 5908 τῷ
1741 5838 1952 5892 είπόντι

2058 3352 2188 3407 ralis
2224 3352 2494 3423 genitivus
2509 3365 2594 3410 est
2612 3355 2842 3423 ἀέντων,
2862 3365 2922 3411 ιιι
2948 3358 3006 3414 in
3029 3359 3133 3415 hoc
3153 3376 3168 3414 :
3186 3361 3432 3432 ’Λνέμων
3466 3365 3627 3433 μένος

2058 3444 2220 3512 ὑγρὸν
2244 3446 2471 3512 ἀέντων,
2485 3438 2768 3503 ventorum
2788 3458 2965 3506 motus
2988 3453 3262 3510 variabilis
3277 3457 3629 3525 spirantium.

2056 3535 2262 3595 Exinde
2283 3554 2503 3609 quoque
2541 3541 2690 3595 venit
2714 3542 2889 3614 ἀήτης
2917 3546 2945 3597 ὁ
2979 3543 3203 3614 ἄνεμος.
3263 3547 3417 3604 Sicut
3437 3559 3618 3606 autem

2055 3642 2120 3683 ex
2158 3629 2238 3698 τῷ
2266 3629 2406 3697 ἀημι
2432 3630 2494 3683 τὸ
2519 3630 2698 3700 ἄημα,
2726 3633 2809 3689 sic
2849 3650 2913 3689 ex
2970 3634 3047 3706 τῷ
3097 3635 3286 3707 τίθημι
3346 3642 3622 3712 ἐπίθημα,

2056 3721 2372 3789 operculum
2401 3724 2668 3790 capsulsz;
2701 3735 2756 3779 et
2779 3724 3040 3798 ἀνάθημα
3074 3738 3130 3784 et
3178 3729 3457 3800 σύνθημα.

2125 3812 2650 3871 200.Venerandum
2683 3830 2861 3873 autem
2916 3829 3006 3877 est
3048 3823 3371 3893 praedictum
3428 3825 3629 3882 ﬂamen

2057 3908 2174 3964 sive
2203 3908 2430 3980 spiratio
2451 3907 2629 3976 fortis,
2663 3911 2733 3965 ob
2769 3910 3033 3981 Spiritum
3058 3925 3335 3981 sanctum,
3374 3918 3461 3971 cui
3491 3934 3631 3986 quo-

2030 3996 2350 4058 “dammodo
2371 4004 2778 4074 eomitipmvia
2810 4005 2931 4061 fuit.
3007 4006 3127 4063 Non
3176 4019 3361 4064 autem
3425 4024 3622 4069 eorum

2057 4094 2580 4150 verisimilitudinem
2609 4105 2691 4152 est
2716 4111 2841 4152 eum
2876 4097 2969 4168 qui
3001 4102 3259 4170 quopiam
3294 4102 3504 4158 audivit
3528 4121 3633 4160 nu-

2059 4188 2177 4242 bem
2210 4187 2538 4243 odoriferam
2569 4190 2686 4245 sive
2704 4188 3091 4258 suﬂitem,tale
3114 4195 3381 4264 suspicari
3417 4196 3627 4265 aliquid

2055 4290 2112 4335 et
2147 4280 2222 4335 ita
2250 4281 2569 4351 pretiosum,
2609 4290 2907 4352 pmsenter
2935 4285 3141 4343 dictum
3198 4291 3427 4346 aerium.
3477 4292 3631 4348 Alias

2058 4381 2240 4428 autem
2270 4372 2331 4427 τὸ
2357 4374 2555 4443 τιμῆεν
2576 4374 2929 4444 eonjunctum
2960 4393 3086 4434 cum
3113 4383 3228 4445 τοῖς
3249 4384 3506 4451 οἰκέταις,
3530 4385 3631 4440 ali-

2059 4472 2140 4520 ter
2166 4464 2823 4532 habereturzpretiosum
2882 4469 3028 4525 enim
3084 4482 3201 4528 erat
3222 4476 3506 4545 apostolis,
3566 4486 3632 4533 ut

2060 4552 2321 4609 continuo
2340 4553 2576 4617 dicetur,
2604 4555 2695 4622 qui
2730 4556 3249 4617 solidivinissimam
3300 4565 3626 4635 sapientiam

2063 4655 2394 4715 agnoverant
2445 4646 2499 4700 in
2520 4646 2770 4717 symbolo
2792 4664 3098 4721 sonumque
3113 4656 3450 4713 vehementis
3467 4656 3630 4715 ﬂatus

2059 4736 2145 4791 vel
2176 4736 2319 4805 quod
2350 4736 2492 4792 idem
2515 4746 2619 4803 est,
2653 4738 2813 4794 fortis
2875 4741 3135 4810 ἀήματος
3190 4745 3633 4814 dijudicaverant

2059 4826 2320 4883 indicium
2345 4842 2471 4883 esse
2500 4829 2835 4885 sanctissimi
2868 4818 3106 4900 spiritus
3167 4834 3535 4893 advenientis.
3568 4839 3625 4894 Si

2059 4932 2188 4975 vero
2214 4919 2377 4975 talem
2401 4920 2655 4991 spiritum
2684 4935 2793 4977 non
2849 4924 3365 4994 reformidaverunt,
3401 4930 3498 4983 sed
3529 4931 3631 4985 ho-

2059 5011 2680 5079 noraverunthetantes,
2721 5023 2778 5068 ut
2796 5024 2880 5070 ext
2910 5016 3261 5083 verissimile,
3299 5018 3492 5088 quales
3525 5036 3632 5091 pu-

2062 5103 2299 5157 tabimus
2328 5103 2515 5159 ﬁdeles
2552 5106 2688 5160 istos
2728 5105 3024 5163 familiares
3069 5124 3191 5165 esse
3218 5111 3270 5164 in
3306 5111 3631 5181 gaudio,su-

2059 5209 2156 5263 per
2191 5196 2297 5262 his,
2332 5211 2453 5265 quae
2483 5206 2672 5266 postea
2721 5197 2942 5255 fortiter
2998 5202 3371 5271 operabantur
3422 5204 3633 5274 Spiritu

2060 5295 2253 5342 sancto
2276 5288 2513 5357 repleti?
2542 5289 2597 5343 Si
2628 5299 2813 5345 autem
2829 5291 2942 5360 jam
2994 5292 3231 5348 ordinati
3285 5305 3414 5351 sunt
3470 5297 3632 5350 amici

2060 5375 2281 5437 Christo
2312 5377 2571 5443 Domino,
2602 5378 2745 5434 sicut
2780 5380 2883 5435 iste
2908 5381 3181 5452 disposuit
3202 5383 3258 5439 in
3312 5385 3632 5455 Evangetio.

2062 5483 2171 5522 non
2203 5476 2383 5525 tamen
2414 5481 2765 5529 cessaverunt
2785 5486 2909 5528 esse
2944 5483 3137 5530 natura
3165 5478 3333 5545 servi,
3364 5476 3493 5547 quin
3522 5476 3634 5532 imo

2060 5576 2343 5617 servorum
2386 5562 2501 5617 lilii.

2132 5655 2259 5711 201.
2292 5656 2585 5712 Sciendqu
2616 5668 2800 5714 autem
2847 5663 2994 5732 quod
3048 5664 3193 5720 unde
3251 5666 3400 5721 venit
3454 5665 3631 5736 ἀημα,

2063 5749 2207 5805 unde
2232 5762 2451 5820 quoque
2483 5750 2680 5822 ἄνεμος
2706 5752 2801 5823 qui
2828 5755 2978 5809 velut
2997 5755 3168 5826 ἀεμος
3195 5759 3439 5828 quidam,
3476 5757 3633 5814 addi-

2064 5842 2207 5900 tione
2236 5858 2281 5911 ν,
2324 5842 2382 5899 lit
2403 5842 2605 5915 ἄνεμος
2637 5845 2859 5918 etquod
2883 5848 3135 5919 ἀήματος
3194 5864 3324 5907 usus
3350 5851 3517 5908 etiam
3545 5861 3633 5907 est
