4034 6404
366 321 475 387 713

1151 326 1229 393 1N
1282 332 1625 395 HYMNUil-l
1666 327 2325 397 PENTECOSTALEM
2366 336 2833 405 DAMASCENI.

3511 351 3621 420 7M

360 438 712 511 adtenuat;
740 420 854 509 φ’ῶς
901 444 994 496 καὶ
1024 445 1201 515 φωτὸς
1233 446 1607 517 μεταδιδτικδν,
1646 420 1942 515 ἀρχέγονον

2057 449 2366 506 summatim
2398 456 2639 524 repetit:
2674 455 2719 512 Ο
2765 471 2978 514 summe
3025 458 3273 527 Domine,
3319 461 3506 519 lumen
3553 481 3623 521 ex

358 532 486 601 ἦτοι
529 534 896 606 προάναρχον,
939 532 1107 608 ἦλθες
1147 541 1261 602 τοῖς
1298 539 1622 602 ἀποστόλοις
1649 537 1807 610 ἄρτι*
1846 540 1939 591 καὶ

359 625 517 680 τοῦτο
562 626 665 698 μὲν
703 628 763 682 τὸ
828 633 888 684 ὲν
940 633 1054 695 τοῖς
1109 633 1374 704 τέσσαρσι
1437 635 1643 704 στίχοις
1683 631 1940 702 δεύτερον

360 717 541 774 πλατὺ
571 720 754 792 νόημα
777 737 790 752 ⁸
821 724 850 777 6
879 722 939 776 δὲ
973 724 1225 796 πέμπτος
1252 725 1371 796 ἅμα
1401 727 1491 780 καὶ
1524 725 1758 797 σφίγξας
1797 725 1939 779 ἐκεῖ-

362 830 442 877 νο,
471 814 567 865 καὶ
600 814 947 886 διασαφήσας
975 816 1124 885 λέγει
1162 819 1246 873 ὅτι
1289 821 1384 874 καὶ
1414 820 1600 890 νέμεις
1638 820 1808 892 ἡγουν
1835 837 1938 890 χα-

364 905 492 976 ρίζῃ
526 907 751 977 Πνεῦμα
785 909 1158 981 παράκλητον,
1194 914 1363 984 ἤγουν
1412 915 1470 967 σὲ
1515 914 1649 969 αὐτὸ
1696 913 1792 968 καὶ
1838 914 1938 986 τὴν

363 999 473 1052 ἀπὸ
524 999 618 1053 σοῦ
669 1001 1083 1074 ὲμςροιτήσασαν
1129 1004 1412 1073 θειοτάτην
1451 1007 1653 1078 χάριν·
1705 1005 1798 1061 καὶ
1840 1007 1940 1079 οὐχ

358 1092 549 1154 ἁπλῶς
590 1095 798 1163 νέμεις,
831 1095 967 1150 ἀλλὰ
1010 1100 1131 1151 κατ’
1159 1098 1418 1168 ἐπ.6ολήν
1461 1118 1582 1154 τινα
1618 1099 1939 1168 περισσείας

358 1181 537 1255 λόγῳο
570 1184 814 1240 τοιοῦτον
865 1186 972 1258 γάρ
1024 1206 1078 1241 τι
1129 1189 1189 1242 τὸ
1225 1193 1592 1258 προσνέμεις’
1638 1191 1794 1245 καλοὶ
1838 1193 1939 1262 μὲν

360 1275 471 1347 γὰρ
518 1278 617 1331 καὶ
662 1278 770 1350 πρὸ
814 1279 1007 1334 τούτου
1041 1281 1353 1344 ἀπόστολοι,
1384 1283 1448 1334 ὲκ
1480 1283 1580 1352 τῆς
1611 1284 1854 1355 σήμερον
1882 1284 1940 1337 δὲ

361 1373 455 1424 καὶ
496 1373 578 1434 είς
608 1374 668 1426 τὸ
705 1372 834 1445 ἑξῆς
865 1376 1028 1445 μέχρι
1057 1375 1246 1440 τέλους
1280 1376 1560 1442 καλλίονες
1595 1379 1811 1433 ἔσονται
1843 1380 1940 1432 καὶ

359 1464 742 1534 ἁγαστότεροι,
772 1465 860 1522 διὰ
896 1466 958 1521 τὸ
991 1468 1319 1524 ἐνδύσασθαι
1366 1468 1599 1541 δύναμιν
1648 1471 1846 1540 ὑψόθεν
1874 1473 1939 1526 ὲκ

356 1556 452 1629 τοῦ
480 1557 744 1611 δυνάστου
776 1558 871 1613 καὶ
893 1559 1028 1614 Θεοῦ
1054 1561 1308 1627 Σαϐαὼθ,
1340 1562 1508 1633 ἦγουν
1538 1561 1740 1632 Κυρίου
1781 1563 1938 1618 δυνά-

361 1665 510 1718 μεων
562 1648 811 1704 πολλῶνο
856 1649 998 1705 ὥστε
1044 1654 1144 1722 τὴν
1184 1655 1242 1706 ἐν
1278 1656 1388 1716 τοῖς
1426 1655 1717 1727 τέσσαρσιν
1747 1654 1940 1709 ἔπεσιν

2050 541 2334 613 temetipso
2384 543 2634 616 fulgens,
2690 564 2755 604 ac
2797 549 2974 605 lucem
3020 553 3464 625 communicatis,
3507 560 3626 628 pri-

2036 633 2285 701 _marium
2314 636 2433 691 sive
2463 638 2792 710 principale,
2815 644 3082 713 apostolis
3110 645 3274 704 hodie
3309 649 3530 705 venisti.
3560 651 3629 706 Et

2052 722 2167 779 haec
2194 723 2411 794 quidem
2439 739 2524 783 est
2548 728 2602 784 in
2639 740 2877 801 quatuor
2906 735 3160 793 versibus
3190 752 3448 808 expressa
3501 755 3628 811 pro-

2051 815 2158 871 lixe
2207 820 2446 874 secunda
2467 823 2755 879 sententia.
2786 822 3022 891 Quintus
3047 836 3231 883 autem
3259 842 3451 888 versus
3476 831 3623 887 illam

2049 907 2216 963 simul
2249 911 2526 983 stringens
2555 922 2611 968 ct
2635 915 2937 979 clucidans.
2971 919 3082 978 ait:
3111 919 3332 979 Trihuis
3357 925 3471 979 sive
3503 939 3627 993 gra-

2051 999 2275 1056 tiﬁcaris
2301 1001 2564 1072 Spiritum
2595 1006 2952 1074 paracletum,
2981 1023 3077 1063 seu
3104 1010 3361 1081 teipsum,
3407 1022 3464 1068 et
3509 1030 3538 1069 a
3569 1024 3622 1068 te

2050 1093 2347 1164 digressam
2366 1094 2763 1151 divinissimam
2788 1100 3045 1168 gratiam.
3066 1101 3132 1156 Et
3154 1118 3263 1157 non
3297 1104 3621 1175 simpliciter

2050 1184 2270 1249 tribuis,
2302 1184 2420 1253 sed,
2449 1187 2801 1244 abundantia:
2824 1205 3012 1252 causa.
3054 1206 3178 1247 cum
3207 1196 3440 1261 quadam
3471 1195 3627 1251 addi-

2049 1274 2244 1331 tione:
2284 1278 2388 1331 tale
2438 1278 2587 1332 enim
2626 1279 2829 1351 aliquid
2865 1291 2949 1337 est
2988 1283 3210 1341 verbum
3262 1288 3622 1359 προσνέμεις.

2051 1369 2186 1426 Boni
2215 1371 2427 1429 scilicet
2460 1373 2745 1445 erantjam
2769 1376 2921 1448 prius
2953 1379 3186 1448 apostoli
3217 1398 3232 1446 ;
3261 1394 3331 1437 ex
3361 1381 3465 1436 hac
3497 1397 3628 1438 vero

2048 1461 2138 1518 die
2174 1472 2228 1518 et
2258 1465 2518 1536 deinceps
2545 1476 2599 1521 et
2631 1482 2806 1539 usque
2831 1468 2886 1523 in
2923 1468 3111 1533 linem,
3157 1471 3416 1528 meliores
3446 1481 3501 1529 et
3526 1474 3630 1528 mi-

2051 1554 2339 1612 rabiliores
2380 1568 2563 1619 erunt.
2605 1574 2671 1614 eo
2718 1560 2863 1629 quod
2910 1561 3086 1616 induti
3131 1571 3263 1619 sunt
3306 1564 3510 1620 virtute
3558 1579 3626 1619 ex

2052 1646 2182 1713 alto,
2221 1664 2251 1703 a
2280 1649 2511 1705 Domino
2538 1649 2764 1722 Deoque
2794 1651 3062 1720 Sabaoth,
3094 1654 3146 1709 id
3194 1663 3298 1723 est,
3334 1656 3627 1711 multarum

358 1745 504 1800 κατὰ
530 1743 716 1814 διττὴν
749 1746 968 1817 γραφὴν
1011 1746 1105 1800 τοῦ
1137 1741 1281 1820 ἦκας
1324 1749 1419 1801 καὶ
1444 1742 1579 1820 ἧκες
1613 1749 1943 1821 περιειλημ-

2057 1742 2416 1809 potenliarum
2466 1741 2719 1800 Domino.
2754 1745 2829 1800 Ita
2863 1754 2922 1801 ut
2956 1747 3260 1805 involutam
3307 1749 3359 1804 in
3393 1757 3631 1820 quatuor

362 1838 532 1911 μένην
562 1839 868 1909 θεολογίαν,
906 1840 1012 1912 ἰδίᾳ
1038 1839 1066 1893 6
1092 1841 1346 1908 πέμπτος
1378 1840 1495 1912 ἔχει
1523 1841 1704 1912 στίχος
1735 1841 1943 1897 ἀπολα-

359 1929 502 1984 ϐὡνο
532 1929 562 1982 ὃ
593 1930 824 2003 δύναμιν
867 1931 962 1987 τοῦ
1010 1932 1252 2006 μελῳδοῦ
1283 1934 1477 2005 νοερέιν
1514 1933 1713 2006 πολλὴν
1746 1938 1840 1992 καὶ
1884 1938 1943 1991 ἐν

359 2021 438 2093 τῷ
471 2023 704 2095 φράζειν
734 2024 1096 2080 ἐνδείκνυται.

583 2206 912 2274 Τροπὰριον
942 2209 1147 2277 τρίτον
1174 2208 1287 2278 τῆς
1315 2210 1539 2281 ὀγδόης
1560 2212 1742 2280 ᾠδῆς.

363 2296 555 2354 XXIV.
578 2294 721 2373 ’ᾙσε
746 2303 1046 2372 προφητῶν
1077 2304 1570 2376 πνευματέμςρορον
1607 2308 1783 2377 στόμα

589 2390 699 2461 Σὴν
728 2392 1098 2461 σωματωδῶς,
1120 2387 1167 2449 ὦ
1199 2394 1413 2460 Μέδων,
1447 2397 1730 2468 ὲνδημίαν·

592 2483 703 2537 Καὶ
730 2483 958 2555 Πνεῦμα
987 2486 1205 2542 κόλπων
1244 2490 1531 2558 πατρικῶν
1570 2495 1944 2565 προηγμένον,

585 2575 1607 2654 ’Δκτιστοσυμπλαστουργοσὺνθρονον
1635 2585 1792 2639 σέθεν

585 2668 713 2735 Ἰεὶς
750 2670 1222 2740 ἐνάνθρωπήσεως
1254 2676 1472 2739 πιστοῖς
1507 2676 1691 2741 σέλας.

435 2760 532 2816 σδ’.
580 2763 891 2817 Ἀποίκιλον
914 2764 1021 2834 γὰρ
1044 2764 1103 2816 τὸ
1128 2765 1312 2836 τρίτον
1336 2767 1496 2821 τοῦτο
1526 2769 1844 2845 τροπάριον,
1870 2772 1949 2826 δι-

367 2855 543 2926 πλόην
577 2854 763 2923 μέντοι
816 2855 941 2926 ἔχον
993 2858 1086 2910 καὶ
1116 2857 1250 2911 αὐτὸ
1281 2858 1504 2914 πλείονα
1532 2860 1628 2915 τοῦ
1663 2868 1949 2936 προσεχῶς

363 2947 660 3018 εἰρημένου
684 2963 700 2980 ο
728 2946 879 3018 λέγει
909 2948 1020 3020 γὰρ
1049 2948 1082 3020 ἢ
1116 2949 1221 3013 ὅτι,
1253 2944 1299 3006 ὧ
1332 2951 1530 3019 μέδων,
1562 2953 1591 3008 ὃ
1628 2957 1747 3011 ἐστι
1789 2956 1947 3029 βασι-

366 3040 459 3094 λεῦ
490 3041 677 3113 Σῶτερ
715 3042 941 3111 Χριστὲ,
985 3038 1121 3114 ᾖσεν
1160 3042 1188 3097 ὅ
1222 3045 1370 3099 ἔστιν
1402 3045 1602 3113 ἔλεξεν,
1636 3050 1712 3113 ὡς
1755 3053 1820 3107 ὲκ
1847 3052 1942 3107 τοῦ
1966 3072 2022 3140 c

365 3131 478 3205 ᾅδω
535 3132 674 3205 ᾅσω,
706 3134 805 3205 τὴν
836 3133 936 3206 σὴν
963 3135 1313 3204 σωματωδῶς
1362 3138 1625 3209 ἐνδημιαν
1673 3143 1732 3196 τὺ
1773 3145 1949 3217 στόμα

367 3226 478 3278 τῶν
511 3225 829 3296 προφητῶν,
867 3225 925 3278 τὸ
957 3224 1033 3287 ὡς
1069 3226 1128 3280 ἐν
1168 3228 1246 3297 τῷ
1283 3227 1389 3298 πρὸ
1434 3231 1629 3285 τούτου
1668 3237 1953 3309 τροπαρίῳ

369 3317 589 3389 εἴρηται
617 3319 1112 3389 πνευματέμφορον
1133 3336 1148 3351 ·
1177 3319 1210 3391 ἢ
1239 3322 1333 3375 καὶ
1356 3322 1533 3386 ἄλλως
1557 3326 1620 3379 τὸ
1642 3330 1817 3394 στόμα
1842 3331 1952 3385 τῶν

370 3408 844 3479 πνευματοφόρων
888 3409 1192 3481 προφητῶν
1216 3427 1230 3440 ο
1259 3412 1462 3481 ὁμοίως
1510 3414 1569 3469 δὲ
1602 3414 1808 3488 ἐμελψε
1850 3421 1952 3491 τὴν

372 3499 544 3573 αὐτὴν
572 3500 836 3572 ἐνδημίαν
867 3517 985 3568 σου,
1015 3500 1108 3555 καὶ
1136 3501 1198 3555 τὸ
1234 3501 1392 3571 ἅγιον
1441 3505 1668 3576 Πνεῦμα
1703 3524 1954 3582 προηγη-

375 3594 538 3666 μένον
584 3594 693 3647 τῶν
739 3594 1027 3665 πατρικῶν
1081 3611 1178 3649 σου
1207 3594 1448 3665 κόλπων,
1484 3599 1609 3671 οὐχὶ
1642 3601 1774 3655 αὐτὸ
1803 3598 1952 3675 ᾆδον,

371 3687 493 3742 ἀλλ’
525 3685 782 3758 ἐνεργοῦν
808 3688 868 3740 ἐν
893 3689 1004 3749 τοῖς
1035 3687 1445 3758 προφητεύουσι
1478 3694 1568 3743 καὶ
1595 3689 1767 3755 οὕτως
1796 3693 1955 3765 ᾅδου-

375 3795 429 3833 σι
448 3795 465 3812 .
496 3778 618 3846 καὶ,
644 3778 721 3842 ὡς
748 3779 797 3832 οἱ
842 3777 988 3845 ἅγιοι
1019 3777 1265 3848 Πατέρες
1304 3784 1456 3849 φασὶ,
1479 3778 1677 3835 λαλοῦν
1706 3784 1796 3838 διὰ
1838 3786 1950 3841 τῶ)

379 3871 679 3944 πρρφητῶν
701 3872 772 3924 τὰ
804 3868 1106 3935 καθολικῶς
1133 3871 1230 3924 καὶ
1255 3872 1629 3937 ἁποστολικῶς
1661 3875 1957 3947 ἐκκλησια-

379 3963 541 4017 στικᾶ
569 3979 582 3993 ·
634 3964 728 4016 καὶ
782 3961 933 4016 ἐστιν
964 3963 994 4014 6
1030 3964 1216 4032 τρίτος
1250 3962 1436 4033 στίχος
1489 3963 1727 4019 ἐνταῦθα
1770 3966 1956 4021 διασα-

375 4055 606 4126 φητικδς
640 4053 736 4107 τοῦ
771 4053 995 4124 πρώτου
1026 4054 1123 4108 ἐπὶ
1155 4057 1220 4126 τῇ
1263 4057 1406 4126 αὐτῇ
1434 4056 1643 4129 ἐννοίᾳυ
1669 4058 1845 4128 λέγων
1871 4060 1957 4114 ὅτι

375 4148 493 4218 Οὐχ
522 4148 713 4207 ἁπλῶς
741 4146 810 4199 τὰ
835 4145 981 4199 κατὰ
1007 4146 1087 4208 σὲ,
1114 4144 1160 4198 ὦ
1188 4147 1563 4216 παμϐασιλεῦ,
1593 4149 1655 4200 τὸ
1685 4150 1795 4201 τῶν
1817 4167 1956 4219 προ.

376 4239 567 4309 φητῶν
617 4237 793 4308 στόμα
846 4237 1078 4305 ἐλάλησε
1119 4236 1409 4306 πληρωθὲν
1445 4237 1603 4306 ἁγίου
1639 4238 1959 4310 Πνεύματος

378 4330 499 4382 τότε
528 4326 624 4382 τοῦ
671 4325 767 4381 νῦν
815 4328 1364 4397 συμϐολογραξνέντος
1400 4329 1490 4381 διὰ
1516 4329 1614 4398 τῆς
1645 4333 1955 4401 φερομένης

2045 1831 2317 1899 versibus.
2349 1833 2507 1902 juxta
2548 1836 2818 1906 duplicem
2849 1838 3181 1909 scripturam
3214 1834 3359 1912 ἦκας
3396 1836 3628 1915 θιῆκες,

2046 1924 2404 1996 theologiam,
2434 1925 2660 1995 quintus
2696 1942 2911 1996 versus,
2942 1931 3220 2000 propriam
3249 1932 3351 1988 sibi
3398 1932 3628 1998 faciens,

2047 2016 2450 2087 amplectatur:
2482 2019 2624 2089 quod
2664 2022 2960 2090 potentiam
2998 2022 3224 2102 multum
3261 2033 3474 2088 poetas,
3510 2032 3626 2080 tum

2048 2110 2103 2165 in
2132 2110 2443 2181 cogitando,
2475 2122 2587 2166 tum
2621 2115 2675 2167 in
2700 2112 3027 2184 eloquendo,
3059 2117 3317 2173 ostendit.

2346 2199 2664 2273 Troparium
2698 2206 2911 2260 tertium
2937 2212 3053 2263 σάω
3082 2218 3305 2263 octauw.

2260 2293 2474 2350 Cceinit
2509 2298 2895 2367 prophetarum
2923 2296 3128 2369 Spiritu
3166 2299 3386 2370 plenum
3417 2314 3503 2356 os.

2156 2384 2339 2441 Tuum
2363 2388 2745 2457 corporaliter,
2775 2403 2807 2444 ο
2841 2389 3088 2457 Domine,
3127 2391 3453 2457 adventum,

2159 2475 2221 2530 Et
2255 2475 2517 2547 Spiritum
2549 2478 2763 2535 sinibus
2786 2480 3029 2551 paternis
3053 2481 3378 2551 productum

2155 2568 2488 2638 lncreatum,
2520 2571 2915 2639 confactorem,
2947 2587 3328 2632 consessorem
3359 2586 3540 2644 tuum,

2157 2664 2330 2732 Quem
2364 2664 2562 2720 misisti
2597 2666 2994 2723 incarnationis
3026 2667 3280 2726 ﬁdelibus
3312 2671 3629 2728 colendum.

2120 2756 2249 2813 εοι.
2284 2757 2528 2829 Simplex
2558 2758 2648 2813 illa
2681 2759 2841 2816 tertia
2868 2761 3097 2832 stropbe
3123 2762 3266 2818 sicut
3295 2765 3631 2832 prmcedens.

2051 2864 2273 2907 sensum
2295 2859 2478 2906 tamen
2505 2851 2680 2922 magis
2701 2851 3042 2923 duplicatum
3067 2854 3250 2911 habet.
3285 2855 3621 2914 Dicitenim:

2053 2937 2124 2995 *Ω
2142 2941 2356 3008 Μέδων,
2390 2942 2444 2998 id
2471 2952 2578 3010 est,
2605 2959 2703 3000 rex
2736 2946 2976 3001 salvator
3001 2946 3250 3005 Christe!
3287 2950 3494 3007 Cecinit
3516 2954 3632 3008 sive

2053 3031 2212 3098 dixit,
2245 3040 2503 3101 tanquam
2538 3047 2603 3087 ex
2634 3033 2745 3106 ᾅδω
2771 3033 2908 3106 ᾇσω,
2936 3044 3084 3091 tuam
3112 3039 3252 3094 inter
3283 3054 3382 3096 nos
3430 3057 3630 3113 corpo-

2057 3122 2230 3178 ralem
2257 3126 2611 3194 praesentiam
2666 3139 2730 3182 os
2770 3126 3204 3198 prophetarum;
3260 3130 3429 3200 quod.
3464 3144 3520 3189 ut
3549 3135 3634 3190 di-

2054 3222 2202 3271 ctum
2220 3224 2304 3271 est
2321 3216 2375 3269 in
2389 3217 2711 3285 prmcedenti
2727 3221 2972 3288 stropha,
2987 3230 3101 3276 erat
3120 3225 3635 3295 πνευματέμφορον,

2056 3306 2264 3377 Spiritu
2303 3306 2546 3377 plenum.
2599 3306 2694 3362 Vel
2732 3308 2918 3374 aliter,
2973 3325 3036 3367 os
3082 3312 3370 3380 plcnorum
3423 3314 3635 3386 Spiritu

2054 3399 2466 3471 prophetarum.
2498 3400 2763 3456 Similiter
2791 3411 2971 3457 autem
3016 3405 3220 3462 cecinit
3252 3408 3506 3465 eumdem
3542 3409 3632 3464 in-

2054 3494 2295 3549 colatum
2319 3497 2475 3548 tuum
2519 3492 2761 3565 Spiritus
2803 3504 3031 3553 sanctus
3075 3498 3173 3569 qui
3222 3501 3289 3557 de
3326 3499 3507 3557 Patris
3551 3501 3635 3557 tui

2055 3587 2180 3642 sinu
2209 3586 2477 3656 procedit,
2502 3600 2611 3641 non
2659 3586 2780 3657 ipse
2829 3603 3056 3657 canens,
3087 3592 3182 3651 sed
3213 3593 3473 3652 virtutem
3504 3610 3638 3667 pro-

2056 3678 2403 3750 phetantibus
2436 3688 2489 3733 et
2525 3679 2596 3734 ita
2628 3681 2953 3738 canentibus
3007 3682 3305 3741 infundens
3329 3727 3347 3755 ,
3390 3696 3468 3754 et,
3494 3686 3636 3743 sicut

2057 3770 2208 3823 aiunt
2235 3770 2411 3824 sancti
2440 3767 2648 3838 Patres,
2681 3784 2806 3842 quae
2837 3780 2968 3829 sunt
2991 3773 3251 3832 Ecclesia:
3275 3777 3560 3833 catholicae
3579 3786 3637 3834 et

2057 3863 2374 3933 apostolica:
2419 3863 2656 3934 loquens
2698 3880 2795 3935 per
2827 3867 3143 3937 prophetas.
3199 3869 3265 3925 Et
3308 3880 3392 3926 est
3437 3871 3636 3928 tertius

2057 3968 2252 4010 versus
2271 3967 2441 4023 super
2461 3955 2711 4010 eamdem
2744 3956 3094 4022 sententiam,
3127 3956 3286 4025 primi
3317 3956 3637 4027 explanato-

2060 4045 2199 4109 rius,
2251 4043 2442 4099 «licens
2467 4059 2483 4099 ι
2512 4042 2631 4099 Non
2669 4053 2880 4099 tantum
2928 4060 3053 4116 quae
3087 4047 3153 4101 ad
3187 4053 3243 4101 te
3285 4055 3554 4116 spectant,
3601 4062 3637 4104 ο

2060 4136 2179 4190 ilex
2221 4134 2597 4204 omnipotens.
2647 4135 2892 4191 locutum
2943 4146 3032 4191 est
3087 4152 3150 4192 os
3202 4137 3635 4208 prophetarum.

2063 4236 2193 4281 tunc
2238 4225 2509 4298 repletum
2541 4225 2752 4299 Spiritu
2789 4237 2988 4283 saneto
3032 4229 3123 4297 qui
3159 4243 3305 4284 nunc
3338 4230 3639 4300 symbolice

2067 4323 2331 4392 figuratur
2379 4339 2477 4393 per
2530 4324 2695 4379 latum
2741 4324 3123 4381 vehementem
3171 4323 3549 4395 spirationem,
3585 4335 3642 4380 et

383 4423 562 4496 βιαίας
606 4423 796 4492 πνοῆς,
826 4422 920 4475 καὶ
947 4420 1015 4474 δι’
1040 4421 1175 4474 αὐτὸ
1200 4421 1395 4490 κληθὲν
1444 4425 1896 4494 πνευματορόρον
1922 4426 1956 4494 ἢ
1996 4415 2036 4470 Ι)
2063 4412 2187 4466 ideo
2218 4421 2472 4465 V00an
2509 4409 2967 4479 πνευματοφάρθν
3002 4412 3086 4466 νει
3119 4411 3637 4482 πνενματέμφθρονν

381 4516 874 4585 ⁴πνευμτδιτέμιρορον
900 4528 915 4544 ο
963 4512 1079 4566 ἀλλ’
1124 4515 1256 4566 αὐτὸ
1305 4513 1370 4566 τὸ
1400 4515 1557 4582 ἅγιον
1603 4513 1827 4585 Πνεῦμα
1860 4516 1959 4586 τὴν

382 4607 575 4661 λαλιὰν
603 4606 886 4679 ἡρμόσατο
929 4605 1141 4658 ἐκείνου
1176 4605 1270 4659 τοῦ
1308 4607 1578 4675 στόματος
1603 4625 1616 4638 ·
1647 4609 1814 4661 οἱονεὶ
1862 4611 1957 4675 ὲγ-

381 4699 739 4768 κελευόμενον
786 4698 1002 4769 ἑκάστῳ
1048 4699 1159 4751 τῶν
1206 4698 1522 4767 προφητῶν,
1578 4699 1855 4752 Πλάτυνον
1901 4701 1960 4753 τδ

384 4793 561 4862 στόμα
590 4809 708 4858 σου,
745 4790 840 4846 καὶ
872 4790 1149 4860 πληρὼσω
1172 4790 1304 4842 αὐτὸ
1328 4807 1339 4818 ·
1363 4791 1456 4841 καὶ
1484 4790 1732 4856 Ἀνοιξον
1754 4792 1813 4843 τὸ
1845 4793 1961 4843 στό-

385 4901 463 4949 μα
495 4898 614 4947 σου,
638 4881 735 4935 καὶ
770 4879 1022 4943 ἒλκύσεις
1053 4897 1120 4950 με
1147 4897 1160 4910 ’
1198 4878 1389 4950 ὥσπερ
1422 4879 1609 4949 μέλλει
1642 4882 1735 4932 καὶ
1769 4883 1827 4935 ὲν
1852 4882 1962 4945 τοῖς

388 4975 660 5047 μαθηταῖς
698 4977 897 5041 ποιεῖν,
934 4967 1010 5027 ὧν
1047 4972 1237 5026 πολλοὶ
1266 4973 1362 5026 καὶ
1390 4972 1824 5043 προφητεύουσι.
1850 4972 1963 5025 Καὶ

382 5069 557 5130 ἄλλως
594 5067 652 5121 δὲ
700 5064 851 5134 λέγοι
880 5063 948 5118 ἂν
978 5063 1033 5117 τὸ
1061 5063 1385 5133 τροπάριον,
1417 5063 1503 5116 ὃτι
1550 5057 1595 5116 ὦ
1627 5063 1822 5116 Μέδων
1854 5061 1964 5114 Σῶ-

384 5178 504 5233 τερ,
539 5160 730 5229 ὥσπερ
783 5158 845 5211 σὲ
896 5157 1159 5228 μέλλοντα
1197 5155 1551 5227 σαρκωθῆναι
1603 5152 1737 5227 ᾖσεν
1790 5156 1960 5226 ἤγουν

389 5251 830 5325 προκατήγγειλε
867 5249 929 5303 τὸ
956 5250 1300 5321 προφητικὸν
1333 5247 1511 5319 στόμα
1549 5247 1840 5319 ὰριδήλως,
1876 5245 1968 5299 οὖ-

388 5360 496 5407 τως
527 5344 622 5397 καὶ
650 5341 751 5411 τὴν
782 5337 1184 5410 ὲορταζομένην
1212 5340 1518 5407 παρουσίαν
1544 5337 1638 5392 τοῦ
1668 5337 1829 5408 ἁγίου
1871 5354 1966 5390 σου

390 5435 730 5504 ιίνεύματος.

460 5530 557 5585 σε’.
607 5527 667 5583 Ὀ
689 5527 747 5580 δὲ
782 5526 1033 5595 πέμπτος
1069 5520 1302 5575 ἐνταῦθα
1327 5520 1506 5590 στίχος
1538 5520 1679 5590 έχων
1700 5519 1872 5583 οὕτως
1897 5551 1964 5563 ...-

390 5624 491 5687 isi;
524 5617 992 5689 ὲνανθρωπήσεως
1046 5612 1263 5673 πιστοῖς
1313 5610 1474 5673 σέλας
1505 5638 1575 5650 --
1607 5610 1968 5665 συντάσσεται

391 5718 493 5787 μὲν
521 5712 600 5782 τῷ
625 5709 865 5781 δευτέρῳ
897 5706 1064 5777 στίχῳ
1085 5701 1482 5772 ἀποδιδόμενος
1512 5702 1648 5772 πρὸς
1678 5703 1758 5769 τὸ,
1788 5697 1835 5757 ὦ
1867 5704 1968 5774 μέ.

388 5807 517 5876 δων,
546 5805 639 5861 καὶ
668 5801 984 5871 συγκροειῦν
1016 5797 1115 5867 τὴν
1140 5793 1403 5861 δευτέραν
1438 5792 1646 5848 ἔννοιαν
1671 5809 1683 5822 ⁸
1726 5797 1970 5866 καταλήο

674 5902 939 5960 Panos.
986 5899 1100 5954 (ia.
1136 5889 1466 5952 CXXXVI.

2064 4502 2221 4574 quasi
2245 4504 2655 4574 spirituferum;
2688 4501 2787 4559 sed
2809 4504 2975 4559 etiam
3004 4503 3120 4573 ipse
3151 4503 3389 4572 Spiritus
3413 4513 3639 4558 sanctus

2065 4599 2184 4668 cius
2229 4597 2346 4653 oris
2402 4596 2680 4666 loquelam
2730 4594 3062 4662 adaptabat,
3113 4603 3376 4666 tanquam
3418 4594 3637 4665 jussum

2069 4692 2262 4749 fuisset
2288 4690 2588 4759 unicuique
2620 4687 3010 4758 prophetarum
3048 4703 3062 4740 :
3094 4685 3269 4738 Dilata
3309 4700 3374 4740 os
3403 4693 3555 4740 tuum
3584 4694 3641 4739 ιι

2068 4784 2306 4855 implebo
2345 4782 2505 4847 illud;
2548 4790 2644 4841 et:
2680 4778 2843 4850 Aperi
2877 4793 2938 4835 os
2979 4790 3130 4833 tuum
3155 4787 3211 4834 et
3243 4776 3487 4833 attrahes
3516 4791 3638 4833 me:

2069 4878 2528 4950 quemadmodum
2590 4876 2644 4929 in
2687 4873 2977 4943 discipulis
3031 4871 3193 4926 etiam
3243 4870 3489 4926 facturus
3532 4879 3639 4931 est,

2069 4986 2303 5041 quorum
2332 4968 2487 5022 multi
2534 4982 2755 5039 quoque
2786 4963 3214 5036 prophetabunt.
3258 4962 3429 5016 Aliter
3459 4973 3639 5018 autem

2069 5063 2268 5132 aliquis
2301 5060 2584 5129 stropham
2632 5059 2818 5115 dicere
2872 5064 3059 5128 posset
3090 5073 3107 5111 :
3138 5054 3182 5109 Ο
3214 5054 3326 5111 Rex
3365 5054 3641 5117 Salvator,

2070 5156 2215 5212 sicut
2242 5163 2293 5209 te
2323 5152 2468 5208 velut
2492 5149 2885 5206 incarnandum
2913 5147 3115 5204 cecinit
3137 5163 3236 5203 seu
3261 5144 3647 5217 praenuntiavit

2069 5246 2367 5317 conspicuc
2418 5243 2797 5314 propheticum
2848 5254 2935 5308 os,
2977 5238 3057 5294 sic
3102 5239 3266 5294 etiam
3313 5236 3644 5292 celebratam

2070 5338 2148 5392 tui
2182 5335 2522 5392 sanctissimi
2562 5332 2803 5402 Spiritus
2835 5331 3204 5402 praesentiam.

2140 5516 2267 5571 205.
2309 5514 2547 5582 Quintus
2574 5520 2755 5567 autem
2792 5511 2879 5566 hic
2928 5526 3141 5574 versus,
3193 5509 3288 5580 qui
3322 5509 3402 5563 sic
3441 5506 3644 5561 habet;

2073 5612 2175 5674 ἱεὶς
2255 5606 2732 5677 ὲνανθρωπήσεως
2817 5606 3029 5666 πιστοῖς
3107 5601 3304 5665 σέλας,
3363 5601 3649 5654 ordinatur

2074 5702 2293 5771 quidem
2326 5700 2390 5754 ad
2416 5698 2719 5755 secundum
2747 5712 2993 5758 versum,
3040 5696 3341 5763 resiiiciens
3384 5691 3451 5744 ad
3493 5691 3599 5743 hoc
3631 5703 3648 5743 :

2075 5794 2145 5849 Ὢ
2174 5794 2373 5866 μέδων,
2409 5802 2461 5849 et
2486 5789 2784 5847 secundam
2824 5787 3155 5845 sententiam
3207 5796 3511 5839 resumens.
3545 5779 3653 5835 De-

3169 5874 3244 5937 23
