4034 6406
425 352 533 418 ἨΞ

1141 351 1553 413 EUSTATHII
1583 346 2347 411 TIIESSALONICENSIS
2381 345 2948 408 METROPOLITE

3599 344 3704 410 716

431 469 566 522 sinit
594 475 776 522 autem
821 465 886 520 ad
932 465 1112 530 σέλας,
1141 465 1257 520 sive
1301 464 1486 520 lumen
1528 461 1926 518 Incarnatiouis
1957 467 2011 515 et

2118 474 2198 526 γει
2227 457 2282 510 δὲ
2309 459 2385 519 εἰς
2428 458 2583 519 σέλας
2619 457 2738 528 ἤτοι
2769 456 2886 526 φῶς
2923 454 3102 510 κο.νδν
3132 455 3228 520 τῖῗς
3259 472 3317 508 τε
3350 455 3702 529 ἐνανθρωπή-

431 555 710 610 hodierna:
745 552 1059 610 festivitatis
1089 567 1379 608 commune
1407 552 1614 606 bonum
1641 568 1655 605 :
1694 551 1878 606 lumen
1911 565 2008 603 au-

431 656 539 702 tem
576 647 719 710 dico,
751 661 859 700 non
896 644 1039 700 istud
1075 643 1221 714 quod
1270 643 1572 699 secundum
1602 640 1816 697 stellam
1845 647 1926 695 est
1955 645 2010 693 ct

428 739 552 795 ideo
603 741 759 810 juxta
812 738 1123 808 linguarum
1180 737 1380 807 ignem,
1442 735 1536 790 sed
1593 733 1774 789 lumen
1824 732 2010 800 gratia:

427 834 580 904 juxta
613 847 776 900 quam
826 829 1182 885 sanctissima
1219 827 1409 898 Virgo,
1455 829 1588 891 Ave,
1622 824 1797 894 gratia
1828 825 2007 894 plena,

427 922 533 978 sibi
589 922 776 977 dicere
837 908 1067 976 audivit.
1124 917 1410 987 Tanquam
1465 915 1634 970 solent
1695 927 1826 967 vero
1883 926 2010 981 spe.

393 1014 642 1070 rculatus
695 1023 850 1084 poeta
915 1012 1115 1082 Regem
1166 1009 1473 1072 Christum,
1524 1006 1730 1061 dictum
1784 1002 2011 1072 protulit

426 1121 698 1173 versum;
769 1105 1040 1161 extollens
1101 1101 1435 1158 ineﬂ'ahilem
1493 1100 1641 1154 hunc
1689 1111 1757 1152 ex
1789 1094 2011 1165 Virgine

427 1214 666 1271 partum,
718 1214 785 1255 eo
832 1199 974 1266 quod
1022 1212 1133 1252 non
1176 1195 1355 1251 solum
1391 1201 1524 1248 tunc
1564 1189 1830 1261 temporis
1857 1204 2010 1245 suam

431 1291 866 1349 misericordiam
911 1304 1043 1359 erga
1091 1287 1360 1343 mundum
1409 1285 1602 1340 miram
1657 1281 1861 1348 eﬂ‘ecit,
1915 1279 2011 1335 sed

427 1387 594 1442 etiam
629 1399 777 1440 nunc
806 1380 1246 1439 misericordiam
1287 1386 1523 1438 exercet,
1546 1374 1872 1430 illuminans
1912 1386 2013 1427 nos

428 1477 760 1543 Christiane,
786 1484 843 1530 et
877 1487 1052 1544 usque
1085 1471 1140 1527 in
1177 1470 1336 1526 linem
1375 1470 1577 1526 bonum
1625 1467 1770 1522 istud
1823 1473 2010 1521 exten-

431 1573 546 1628 det.
576 1569 641 1626 Et
675 1567 900 1641 quidem
924 1566 1049 1621 talia
1086 1572 1214 1619 sunt
1239 1562 1293 1617 in
1326 1562 1431 1616 hoc
1459 1574 1621 1616 versu
1650 1558 1840 1628 quinto
1864 1571 2013 1612 com-

431 1663 739 1734 prehensa,
775 1660 870 1733 qui
920 1658 1122 1714 clarius
1173 1658 1256 1713 sic
1307 1653 1647 1725 exponitur:
1689 1650 1734 1707 Ο
1766 1651 1902 1717 Rex,
1953 1657 2014 1704 ut

429 1755 636 1810 dictum
659 1762 764 1821 est,
799 1752 892 1819 qui
927 1750 1080 1806 elicis
1124 1759 1180 1804 et
1221 1747 1396 1802 mittis
1446 1760 1539 1801 seu
1578 1743 1780 1798 misisti
1832 1742 2010 1813 Spiri-

432 1858 547 1903 tum
576 1856 728 1903 tuum
749 1818 1037 1909 sanctum,
1073 1839 1469 1896 incarnationis
1509 1848 1617 1892 tute
1659 1836 1846 1906 jubar,
1878 1835 2010 1889 illu-
2047 1818 2088 1874 Β

430 1949 614 1995 strans
644 1939 832 2008 utique
875 1932 1344 2002 manifestansquc
1395 1943 1460 1986 ac
1506 1927 1758 1984 revelans
1800 1910 2013 1982 incont-

427 2029 848 2102 prehensibilem
880 2026 1315 2085 incarnationem
1359 2033 1551 2088 tuam;
1608 2035 1642 2076 o
1676 2019 1797 2076 Rex
1849 2021 2013 2090 igitur

427 2124 666 2192 Christe,
698 2122 1110 2180 celebraverunt
1143 2129 1197 2175 et
1221 2116 1501 2188 prophetae
1532 2125 1682 2170 tuam
1736 2114 1882 2169 inter
1907 2124 2014 2169 nos

428 2217 908 2282 inliabitationem,
942 2214 1038 2272 sed
1070 2221 1198 2268 ante
1239 2226 1336 2268 eos
1380 2209 1621 2281 Spiritus
1664 2219 1892 2265 sanctus
1926 2209 2015 2264 in-

427 2309 647 2380 spirans
671 2323 767 2364 eos
789 2316 844 2363 et
873 2319 1176 2377 suggerens
1207 2305 1358 2382 velut
1399 2301 1593 2357 oribus
1632 2301 1901 2358 divinitus
1936 2300 2015 2355 lo-

428 2401 726 2471 quentibus
759 2414 882 2470 quae
913 2384 1371 2474 ttobis'5salutaria
1406 2403 1557 2450 sunt.

497 2492 626 2550 206.
669 2493 786 2550 Hoc
819 2488 1102 2564 autemgde
1129 2483 1327 2559 quinto
1368 2502 1536 2543 versu
1569 2487 1651 2543 sic
1697 2485 2010 2548 observato,

428 2596 659 2660 quartus
733 2587 828 2656 qui
909 2580 1301 2660 pracedit‘et
1378 2579 1536 2650 cujus
1614 2587 1698 2634 est
1771 2586 2009 2632 textus:

360 2680 374 2689 ’
429 2657 1456 2748 Ἀκτιστοσυμπλαστούργοσύνθρονον
1523 2671 1701 2735 σέθεν,
1763 2684 1874 2724 non
1931 2676 2013 2723 est

429 2771 736 2842 ambigendi
770 2769 926 2824 locus
949 2767 1084 2837 quin
1112 2762 1345 2820 extollat
1389 2760 1548 2817 valde
1591 2759 1856 2830 Spiritum
1883 2773 2012 2814 san-

428 2874 600 2930 ctum,
634 2877 701 2919 eo
747 2860 893 2931 quod
937 2858 1126 2914 eadem
1177 2869 1302 2910 cum
1345 2853 1514 2909 Patre
1543 2852 1876 2922 participat,
1928 2857 2012 2903 ut-

430 2969 559 3030 pote
585 2970 712 3015 cum
741 2954 835 3010 illo
886 2952 1218 3016 increatum,
1250 2959 1306 3004 et
1351 2957 1678 3012 creatorem,
1729 2951 1784 2998 et
1830 2942 2012 2998 throni

428 3062 834 3113 consessorem,
881 3052 942 3100 ut
989 3043 1308 3101 confessum
1355 3049 1461 3097 est.
1511 3038 1802 3094 Videretur
1828 3045 2012 3091 autem

2115 564 2253 613 σεως
2302 550 2397 603 καὶ
2436 550 2534 617 τῆς
2563 548 2657 602 νῦν
2689 549 2920 619 ἑορτῆςο
2961 550 3074 617 φῶς
3113 548 3170 602 δέ
3198 567 3342 618 φημι
3385 551 3446 604 ού
3481 551 3541 604 τὸ
3566 553 3707 606 κατὰ

2113 641 2206 695 τδν
2232 642 2437 712 ἀστέρα
2469 643 2608 705 ἐκεῖ,
2647 643 2740 695 καὶ
2769 636 2871 696 ὦδε
2907 641 2965 694 τὸ
2997 643 3140 695 κατὰ
3173 643 3233 696 τὸ
3257 642 3369 713 πῦρ
3393 644 3502 698 τῶν
3525 646 3704 713 γλωσ-

2117 735 2245 799 σῶν,
2275 735 2408 786 ἀλλὰ
2433 734 2492 786 τὸ
2514 734 2614 803 τῆς
2637 735 2860 806 χάριτος
2884 734 3007 788 καθ’
3033 737 3100 808 ἣν
3131 738 3226 790 καὶ
3247 739 3279 808 ὴ
3308 741 3703 812 παναγιωτὰτη

2115 827 2389 896 Παρθένος
2408 828 2489 892 τὸ,
2514 827 2708 897 Χαῖρε,
2737 829 3175 897 κεχαριτωμένη,
3201 829 3427 900 ἥκουσεο
3453 833 3524 893 ὡς
3547 829 3704 902 ἥλιον

2113 920 2171 974 δὲ
2211 919 2496 992 θεωρήσας
2533 922 2560 973 ὁ
2611 920 2850 991 μελῳδὸς
2880 921 2970 975 τὸν
3004 921 3229 990 βασιλέα
3263 924 3523 993 Χριστὸν,
3569 942 3704 995 προ-

2115 1010 2316 1076 ἠνεγκε
2337 1010 2426 1064 τὸν
2453 1012 2742 1081 εἰρημένον
2769 1012 2954 1082 στίχον
2979 1029 2995 1045 ο
3029 1013 3313 1072 σεμνύνων
3348 1015 3440 1068 τὸν
3461 1014 3708 1088 ἄρρητον

2114 1102 2324 1157 ἐκεῖνον
2352 1105 2418 1156 έκ
2453 1103 2732 1174 Παρθένου
2769 1105 2949 1168 τόκον,
2977 1099 3058 1168 οἷς
3083 1107 3143 1159 οὐ
3182 1107 3306 1162 τότε
3341 1108 3503 1177 μόνον
3542 1108 3705 1164 ὲθαυ-

2088 1190 2091 1191 ν
2120 1197 2374 1266 μάστωσε
2403 1196 2463 1250 τὸ
2487 1199 2629 1251 κατὰ
2664 1198 2871 1269 κόσμον
2906 1199 3056 1260 ἔλεος
3086 1198 3276 1265 αὐτοῦ,
3301 1201 3438 1256 ἀλλὰ
3475 1202 3568 1254 καὶ
3611 1204 3708 1272 μὲ-

2115 1306 2206 1360 χρι
2235 1289 2332 1342 νῦν
2364 1289 2510 1343 ἐλεεῖ
2543 1289 2795 1356 φωτίζων
2830 1293 2980 1361 ἡμᾶς
3019 1293 3427 1363 Χριστιανικῶς
3451 1310 3466 1326 ο
3498 1294 3595 1349 καὶ
3624 1298 3705 1357 εἰς

2114 1379 2266 1443 τέλος
2291 1381 2348 1433 δὲ
2378 1381 2438 1435 τὸ
2461 1381 2593 1434 αὐτὸ
2622 1382 2828 1448 ἀγαθὸν
2861 1387 3162 1453 παρατενεῖ
3182 1401 3193 1415 ·
3230 1385 3325 1438 καὶ
3351 1385 3575 1440 τοιαῦτα
3605 1388 3704 1456 μὲν

2114 1473 2209 1526 τοῦ
2257 1477 2512 1544 πέμπτου
2558 1475 2722 1536 ἔπους
2749 1492 2761 1504 ·
2795 1476 2824 1529 ὃ
2856 1478 3186 1548 σαφέστερον
3231 1477 3405 1540 οὕτως
3437 1481 3704 1550 ἑρμηνευ-

2116 1569 2344 1642 θήσεται
2373 1589 2386 1602 ο
2414 1567 2483 1623 Ὠ
2508 1572 2723 1636 Μέδων,
2751 1571 2825 1634 ὡς
2853 1573 3091 1643 εἴρηται,
3134 1575 3162 1626 ὁ
3200 1575 3301 1636 ἱεὶς
3331 1575 3428 1628 καὶ
3465 1576 3702 1643 πέμπων

2116 1661 2236 1734 ἦτοι
2272 1661 2498 1732 πέμψας
2525 1663 2584 1716 τὺ
2621 1663 2778 1731 ἅγιόν
2806 1681 2900 1716 σου
2937 1664 3184 1735 Πνεῦμα,
3210 1665 3371 1728 σέλας
3404 1667 3501 1737 τῆς
3527 1670 3704 1739 ἀρρή-

2115 1771 2210 1806 του
2248 1755 2580 1826 σαρκώσεώς
2615 1774 2732 1820 σου,
2764 1757 2825 1810 τδ
2865 1758 3262 1831 ὲκφαντορικδν
3307 1760 3404 1814 καὶ
3430 1762 3700 1828 διασαφη-

2116 1847 2274 1902 τικὸν
2320 1848 2546 1918 δηλαδὴ,
2600 1849 2693 1901 καὶ
2741 1850 3184 1903 ἁνακαλυπτικδν
3235 1853 3335 1920 τῆς
3392 1853 3704 1924 ἀκατανοή-

2115 1957 2210 1994 του
2263 1940 2734 2012 ὲνανθρωπήσεὼς
2781 1958 2876 1994 σου
2901 1957 2915 1972 ⁸
2947 1935 2993 1997 ὧ
3025 1942 3204 1996 τοίνυν
3237 1943 3432 1998 Μέδων
3473 1945 3704 2016 Χριστὶ,

2116 2032 2372 2107 ὕμνησαν
2417 2035 2512 2089 καὶ
2557 2036 2606 2088 οἱ
2641 2037 2918 2106 προφῆται
2956 2033 3057 2107 τὴν
3104 2036 3204 2106 σὴν
3241 2039 3323 2100 εἰς
3359 2039 3510 2107 ἡμᾶς
3550 2038 3704 2108 ἐνδη-

2118 2129 2284 2198 μέαν·
2319 2129 2428 2200 πρὸ
2486 2129 2544 2182 δὲ
2599 2129 2798 2196 αὐτῶν,
2852 2129 2912 2181 τὸ
2963 2129 3162 2190 αὐτοὺς
3219 2131 3497 2202 έμφοροῧν
3541 2131 3703 2198 ἅγιον

2117 2221 2367 2290 Πνεῦμα.
2401 2223 2495 2275 καὶ
2526 2223 2762 2293 ὲμπνέον
2789 2221 2864 2284 ὡς
2887 2223 3073 2287 αὐτοῖς
3095 2223 3452 2294 θεοφθόγγοις
3479 2227 3546 2279 τὰ
3569 2225 3704 2297 ἡμῖν

2117 2318 2384 2387 σωτήρια.

2189 2504 2300 2563 σις’.
2330 2498 2487 2552 Οὕτω
2534 2497 2589 2551 δὲ
2625 2499 2716 2552 καὶ
2745 2497 2940 2553 τούτου
2992 2499 3085 2553 ἐπὶ
3133 2498 3208 2570 τῷ
3242 2500 3480 2570 πέμπτῳ
3528 2500 3700 2570 στίχῳ

2114 2590 2557 2662 τεθεωρημένον,
2610 2589 2638 2642 ὃ
2691 2591 2799 2662 πρὸ
2844 2590 3009 2644 αὑτοῦ
3064 2591 3330 2661 τέταρτος
3371 2587 3433 2646 οὗ
3465 2591 3600 2658 ὕψος
3636 2591 3698 2645 τὸ

2113 2681 3108 2752 ἀκτισιοσυμπλαστουργοσύνθρονον
3169 2683 3349 2750 σέθεν,
3393 2684 3494 2738 οὐκ
3546 2683 3701 2738 ἐστιν

2115 2773 2439 2844 ἀμφιϐολεῖν
2462 2775 2546 2828 ὅτι
2584 2774 2839 2845 σεμνύνει
2871 2775 2993 2829 λίσν
3018 2774 3157 2831 πάνυ
3181 2777 3243 2830 τὸ
3274 2777 3427 2846 ἅγιον
3452 2776 3696 2846 Πνεῦμα,

2115 2862 2196 2930 οἷς
2231 2869 2578 2921 ἐπικοινωνεῖ
2605 2868 2713 2921 τῶν
2758 2868 2939 2922 αὐτῶν
2995 2870 3072 2940 τῷ
3111 2869 3310 2940 "arpi,
3348 2871 3606 2925 ἇκτιστόν
3635 2888 3695 2923 τε

2114 2959 2175 3014 ὃν
2229 2960 2352 3034 κατ’
2385 2963 2593 3016 ἐκεῖνον
2644 2961 2742 3015 καὶ
2785 2962 3278 3032 συμπλαστουργὸν
3331 2963 3543 3032 ἐκείνῳ.
3602 2963 3700 3018 καὶ

2118 3053 2409 3124 σύνθρονον
2445 3053 2587 3107 καθὰ
2618 3052 3010 3124 ὡμολόγηται“⁶
3041 3054 3184 3120 δόξοι
3226 3054 3282 3107 δὲ
3313 3055 3379 3109 ἂν
3411 3055 3701 3125 φιλοτιμή-

429 3141 714 3200 curavisse
765 3148 949 3211 poeta,
999 3136 1166 3193 talem
1218 3131 1540 3190 fasciculum
1584 3129 1918 3195 dictionum,
1955 3137 2015 3182 ut

2121 3147 2318 3199 σασθαι
2358 3145 2386 3198 ὁ
2417 3145 2656 3215 μελῳδὸς
2685 3147 2912 3214 θέμενος
2941 3145 3180 3201 ἐνταῦθα
3209 3147 3477 3216 φάκελλον
3510 3148 3698 3202 τοῦτον

439 3236 546 3293 sibi
601 3235 800 3306 placet,
862 3241 1138 3296 astruens,
1189 3231 1302 3298 jam
1353 3221 1671 3296 huiusmodi
1728 3220 2008 3312 dilectioni

2118 3238 2317 3303 λέξεων
2346 3237 2489 3291 καθὰ
2518 3237 2667 3307 φιλεῖ
2699 3239 2853 3301 αὐτὸ,
2885 3239 2984 3310 ἤδη
3036 3240 3435 3293 συντάσσεσθαι
3481 3240 3558 3312 τῷ
3591 3258 3700 3296 τοι-

431 3342 548 3383 sure
592 3324 946 3380 valedicere:
983 3319 1216 3389 jamjam
1266 3315 1414 3371 enim
1449 3329 1562 3370 non
1595 3313 1671 3368 ita
1712 3310 2012 3381 conspicue

428 3425 722 3489 componet
752 3416 807 3470 in
832 3411 1212 3484 sequentibus.
1246 3407 1560 3479 Neglectus,
1595 3413 1658 3461 ut
1689 3405 1765 3460 ita
1809 3403 2010 3469 dicam,

431 3519 488 3566 ct
516 3508 866 3565 inordinatus
898 3510 983 3560 est
1010 3500 1332 3572 huiusmodi
1369 3513 1588 3561 versus,
1634 3496 1852 3552 duohus
1897 3503 2015 3548 tan-

430 3613 546 3659 tum
581 3604 872 3657 roboratus
903 3598 1081 3651 acutis
1135 3592 1309 3658 tonis,
1352 3599 1408 3646 et
1456 3591 1537 3646 sic
1568 3597 1762 3658 praeter
1794 3588 2016 3641 harmo-

433 3695 580 3750 niam
610 3691 953 3763 dispositus;
1000 3694 1054 3741 et
1104 3685 1223 3740 haec
1261 3691 1512 3755 Spectant
1549 3681 1616 3736 ad
1651 3680 1789 3735 duas
1813 3693 2015 3749 praece-

431 3789 624 3843 dentes
649 3785 902 3855 strophas
957 3788 1010 3836 et
1059 3779 1128 3834 ad
1175 3787 1399 3843 nexum,
1454 3774 1675 3830 aliunde
1719 3776 1864 3829 tonis
1887 3782 2014 3844 apte

433 3879 783 3936 constitutos.
836 3872 990 3928 Talia
1026 3884 1156 3927 vero
1202 3869 1428 3926 omnino
1477 3876 1606 3926 sunt
1652 3868 1896 3923 carmina
1947 3867 2012 3921 ad

433 3973 608 4027 instar
634 3968 833 4026 tabulae
865 3975 1114 4032 extensa,
1146 3963 1307 4034 quale
1350 3971 1433 4017 est
1460 3960 1608 4017 istud
1645 3961 1791 4032 apud
1821 3975 2012 4031 quem-

433 4068 556 4120 dam
582 4081 598 4120 :
627 4065 662 4137 ή
693 4054 1646 4133 ψευδοσεμνοκομπομυθοπλαστὶα.

502 4153 632 4210 207.
676 4150 792 4207 Hoc
815 4159 1025 4214 autem,
1059 4143 1187 4219 ᾖσε,
1219 4145 1487 4202 melodam
1518 4161 1730 4212 vocem,
1781 4146 2014 4200 acrosti-

432 4248 555 4302 chis
602 4246 823 4318 quidem
869 4241 1184 4299 necessario
1231 4239 1524 4311 prazstitit;
1575 4237 1784 4294 diceret
1829 4248 2030 4293 autem.

437 4339 636 4408 aliquis
673 4335 821 4408 quod
857 4351 886 4389 ιι
923 4331 1401 4404 propheticissimo
1438 4338 1598 4401 poeta
1634 4328 1829 4393 David,
1873 4331 2018 4383 velut

434 4449 463 4485 a
496 4439 647 4502 parte
693 4429 1056 4500 dignissima,
1099 4433 1352 4480 amanter
1400 4423 1629 4479 inhaeret
1675 4425 1841 4478 etiam
1895 4422 2018 4477 aliis

2117 3330 2258 3400 ούτῳ
2286 3330 2552 3400 φιλήματι
2599 3329 2763 3383 αὐτοῦ
2784 3346 2797 3360 °
2831 3331 3016 3400 ἡρέμα
3057 3333 3166 3400 γὰρ
3191 3333 3289 3401 οὐχ
3325 3332 3499 3395 οὕτως
3525 3335 3703 3404 ἐμφα-

2119 3420 2224 3484 νῶς
2252 3419 2512 3489 συνθήσει
2547 3423 2605 3473 ὲν
2634 3423 2743 3484 τοῖς
2771 3419 2933 3490 ἑξῆςο
2962 3423 3159 3490 ἀμελὲς
3193 3423 3270 3490 δὲ,
3307 3424 3381 3488 ὡς
3417 3425 3590 3488 οὕτως
3622 3432 3702 3479 ει.

2117 3517 2262 3580 πεῖν,
2289 3514 2384 3568 καὶ
2416 3514 2704 3586 ἄρρυθμον
2735 3515 2795 3568 τὸ
2824 3515 3062 3569 τοιοῦτόν
3093 3516 3243 3570 ἐστιν
3266 3517 3414 3582 ἔπος,
3448 3519 3570 3571 δυσὶ
3603 3520 3700 3589 p.6-

2117 3623 2233 3669 ναις
2277 3607 2620 3676 ῥωννύμενον
2654 3607 2881 3673 ὀξείαις,
2915 3607 3008 3660 καὶ
3043 3605 3186 3660 οὕτω
3225 3609 3361 3678 πρὸς
3401 3610 3702 3680 ἐμμέλειαν

2115 3698 2526 3770 ἀρμοττόμενον
2550 3715 2565 3731 ο
2597 3697 2691 3751 καὶ
2725 3697 2898 3752 ταῦτα
2925 3699 3033 3753 τῶν
3056 3701 3161 3769 πρὸ
3189 3701 3352 3754 αὑτοῦ
3380 3702 3474 3755 δύο
3504 3720 3707 3772 τροπα-

2119 3791 2253 3860 ριων
2275 3792 2369 3843 καὶ
2393 3790 2489 3843 τοῦ
2519 3791 2713 3860 εῐρμοῦ
2744 3791 2921 3853 ἄλλως
2951 3793 3346 3863 διοικουμένων
3381 3796 3497 3856 τοῖς
3528 3797 3704 3859 τόνοις

2117 3881 2409 3952 ἐμμελῶς·
2445 3880 2673 3934 τοιαῦτα
2709 3882 2766 3935 δὲ
2800 3881 3016 3944 πάντως
3050 3883 3117 3936 τὰ
3155 3886 3454 3954 πινακηδὸν
3487 3888 3707 3942 ἀποτει-

2117 3976 2319 4046 νόμενα
2353 3975 2481 4045 ἔπη,
2512 3976 2697 4028 ὁποῖον
2729 3977 2880 4048 παρά
2907 3994 3012 4031 τινι
3044 3978 3142 4032 καὶ
3170 3979 3202 4050 ἡ
3228 3979 3706 4053 ψευδοσεμκοκομ-

2120 4069 2595 4139 πομυθοπλαστία.

2190 4156 2289 4224 σις’.
2329 4160 2402 4212 Τὸ
2440 4159 2494 4213 δὲ
2522 4155 2620 4233 ᾖσε
2669 4162 2767 4228 τὴν
2807 4160 3114 4232 μελῳδικὴν
3140 4161 3287 4226 λέξιν
3318 4165 3348 4234 ἠ
3383 4165 3706 4235 ἀκροστιχτς

2123 4252 2219 4322 μὲν
2255 4253 2570 4321 ἀναγκαίως
2608 4253 2938 4323 ἐπορίσατο’
2972 4254 3112 4307 εῐποι
3143 4255 3200 4308 δὲ
3229 4256 3296 4310 ἄν
3334 4275 3438 4322 τις,
3470 4258 3552 4310 ὅτι
3597 4260 3708 4312 ἀπὸ

2117 4343 2213 4397 τοῦ
2250 4344 2746 4413 προφητικωτάτου
2777 4345 3018 4416 μελῳδοῦ
3060 4345 3156 4399 τοῦ
3194 4349 3374 4415 Δαϐὶδ,
3403 4349 3479 4412 ὡς
3511 4351 3575 4402 ὲκ
3613 4352 3710 4418 μέ·-

2123 4453 2249 4505 ρους
2278 4435 2737 4504 ἁξιολογωτάτου,
2774 4437 3077 4508 φιλητικῶς
3101 4438 3215 4507 ἔχει
3256 4439 3353 4492 καὶ
3381 4442 3492 4504 τοῖς
3525 4441 3707 4506 ἄλλοις

437 4525 720 4596 prophetis
773 4531 954 4593 poeta,
1012 4528 1272 4589 tanquam
1321 4517 1455 4587 ipsis
1504 4516 1668 4571 etiam
1719 4515 2015 4570 concinen-

2126 4525 2434 4595 προφήταις
2470 4528 2497 4579 ὁ
2533 4526 2772 4596 μελῳδὸς
2806 4520 2894 4580 οἶα
2923 4527 3017 4580 καὶ
3043 4529 3229 4591 αὐτοῖς
3253 4529 3460 4600 ᾄδουσι,
3493 4533 3585 4584 καὶ
3617 4532 3708 4584 οὖ-

433 4617 602 4679 tibus,
653 4625 708 4670 et
756 4614 828 4668 ita
877 4613 1079 4684 lyricos
1126 4624 1346 4681 quoque
1393 4608 1601 4680 cogitat
1638 4622 1737 4662 eos
1789 4616 2018 4676 prapter

435 4709 624 4772 David,
663 4706 756 4777 qui
787 4706 1043 4775 desuper,
1078 4705 1224 4772 quod
1269 4710 1354 4756 est
1389 4700 1442 4754 in
1476 4699 1751 4771 principio
1777 4698 2015 4754 Verbum

432 4806 512 4859 sic
543 4804 868 4858 advocans:
932 4799 1141 4854 lnclina
1192 4795 1366 4851 cmlos
1415 4803 1468 4849 et
1512 4791 1806 4858 descende,
1851 4793 2014 4848 etiam

434 4896 632 4951 Filium
669 4892 913 4950 hominis
933 4891 1250 4962 evangelice
1272 4887 1539 4959 praevidit,
1567 4888 1858 4958 ipsumque
1883 4885 2020 4940 dixit

433 4989 461 5038 a
497 4984 657 5043 Putre
695 4983 870 5039 fuisse
905 4981 1248 5042 rohoratum,
1280 4987 1335 5034 et
1366 4978 1525 5033 nobis
1550 4979 1724 5032 visum
1767 4984 1825 5031 ut
1866 4977 2012 5031 elec-

434 5088 548 5132 tutu
590 5077 736 5148 ejus,
779 5085 833 5132 ct
862 5076 1031 5146 ipsius
1065 5074 1165 5128 iter
1222 5077 1274 5127 in
1323 5073 1577 5143 gentibus
1607 5069 1863 5124 omnibus
1898 5085 2019 5124 esse

433 5179 646 5233 notum,
703 5177 1087 5239 spectatasque
1128 5181 1253 5223 esse
1307 5165 1532 5221 semitas
1570 5162 1692 5233 ejus
1722 5162 1912 5232 utique
1961 5163 2016 5214 in

434 5270 580 5316 terra
607 5277 622 5326 ;
654 5260 723 5314 de
754 5258 960 5330 Spiritu
1004 5267 1185 5313 autem
1214 5265 1404 5312 sancto
1456 5255 1660 5332 passim
1711 5254 2018 5320 tlteologice

437 5357 655 5409 locutus
702 5361 810 5417 est,
846 5361 904 5404 ιιι
955 5353 1008 5406 itt
1059 5350 1272 5420 psalmo
1306 5348 1795 5420 quinquagesimo,
1824 5348 2019 5402 videns

433 5446 599 5500 etiam
651 5443 767 5514 ipse
823 5441 1024 5509 factus,
1085 5442 1392 5499 secundum
1429 5438 1660 5496 Joelem.
1715 5439 2014 5496 Sciendum

435 5546 618 5592 autem
647 5543 732 5593 est
763 5537 908 5607 quod
959 5531 1060 5608 ᾖσε
1102 5550 1212 5590 non
1256 5535 1433 5591 solum
1464 5551 1684 5606 acquum
1733 5544 1818 5590 est
1851 5534 2017 5590 verbo

434 5625 695 5696 ἔμελψεν,
731 5637 787 5680 at
832 5627 999 5680 etiam
1032 5625 1112 5696 τῷ
1139 5625 1340 5681 εἰπεῖν.
1372 5625 1449 5680 Ex
1498 5627 1668 5682 verbo
1701 5627 1846 5682 enim
1898 5625 2016 5678 έπω

433 5718 731 5772 formatum
767 5727 852 5773 εει
880 5712 1056 5785 εἶπεν,
1082 5733 1147 5773 ει
1183 5734 1295 5791 quo
1330 5720 1495 5776 etiam
1546 5720 1678 5786 ἔπος
1708 5732 1762 5778 et
1797 5721 2014 5789 ἔννεπε,

432 5824 592 5866 voces
634 5825 853 5882 quoque
880 5811 1130 5882 poeticae.

2121 4633 2228 4678 τως
2265 4617 2606 4687 ᾁσματικοὺς
2633 4611 2731 4671 καῖ
2772 4619 3013 4683 ἐκείνους
3051 4623 3166 4674 νοεῖ
3193 4621 3280 4674 διὰ
3307 4622 3399 4675 τὸν
3432 4622 3616 4687 Δαδίδ,
3649 4623 3708 4686 ὃς

2123 4708 2319 4778 ὑψόθεν
2351 4709 2442 4763 τὸν
2493 4711 2548 4762 ἐν
2587 4712 2730 4781 ἀρχῇ
2762 4710 2891 4766 ὄντα
2928 4711 3086 4780 λόγον
3118 4713 3501 4776 κατακαλέσας
3536 4717 3594 4768 ἐν
3627 4715 3707 4786 τῷ

2120 4831 2191 4840 —-
2222 4801 2420 4853 Κλῖνον
2461 4801 2587 4863 τοὺς
2618 4802 2885 4871 οὐρανοὺς
2919 4803 3016 4856 καὶ
3047 4805 3322 4875 κατάϐηθι
3347 4834 3417 4847 -ι
3438 4808 3533 4860 καὶ
3577 4808 3707 4861 Υἱὸν

2122 4893 2412 4966 ἀνθρώπου
2468 4894 2630 4948 αὑτὸν
2679 4894 3097 4967 προεθεώρησεν
3157 4901 3556 4969 εὐαγγελικῶς,
3611 4902 3709 4955 καὶ

2121 4986 2537 5057 κραταιωθῆναι
2586 4981 2744 5041 εἶπεν
2777 4988 2940 5041 αὐτὸν
2971 4987 3049 5057 τῷ
3081 4989 3277 5060 Πατρὶ,
3312 4967 3417 5045 καὶ
3446 4991 3708 5061 θεαθῆναι
3729 4967 3748 4980 ι

2123 5078 2254 5145 ἡμῖν
2308 5077 2384 5140 ὠς
2419 5076 2678 5130 ἐκλεκτὸν
2712 5075 2900 5141 αὐτοῦ,
2937 5077 3032 5130 καὶ
3087 5079 3398 5150 γνωσθῆναι
3446 5081 3544 5150 τὴν
3590 5082 3711 5136 ὁδὸν

2122 5170 2288 5224 αὐτοῦ
2318 5172 2374 5224 ἐν
2409 5172 2578 5226 πᾶσιν
2608 5170 2809 5238 ἔθνεσι,
2849 5171 2946 5225 καὶ
2971 5171 3318 5244 θεωρηθῆναι
3345 5175 3442 5238 τὰς
3477 5179 3709 5248 πορείας

2121 5262 2287 5316 αὑτοῦ
2326 5267 2384 5318 ἐν
2413 5265 2483 5334 γῇ
2531 5263 2774 5334 δηλαδή·
2823 5265 2918 5318 καὶ
2969 5267 3099 5336 περὶ
3155 5269 3251 5320 τοῦ
3286 5267 3606 5338 Πνεύματος
3650 5272 3709 5323 δὲ

2121 5356 2449 5427 ὲθεολόγησε
2520 5354 2791 5426 πολλαχοῦ
2815 5357 2892 5421 ὡς
2949 5358 3044 5410 καὶ
3104 5360 3162 5412 ὲν
3218 5359 3296 5428 τῷ
3355 5363 3708 5433 πεντηκοστῷ

2120 5447 2342 5518 ψαλμῷ,
2407 5446 2624 5518 βλέπων
2675 5446 2752 5501 ὣν
2807 5452 2901 5501 καὶ
2967 5448 3130 5513 αὐτὸς
3157 5451 3305 5504 κατὰ
3369 5450 3462 5504 τὸν
3533 5451 3705 5522 Ἰωήλ.

2133 5541 2330 5596 Ἰστέον
2357 5541 2413 5594 δὲ
2438 5540 2514 5604 ὡς
2548 5541 2608 5595 τὸ
2633 5537 2767 5614 ᾖσεν
2791 5540 2853 5594 ού
2884 5541 3046 5612 μόνον
3073 5542 3186 5596 ἴσον
3209 5544 3328 5596 ἐστὶ
3351 5543 3430 5615 τῷ
3451 5544 3709 5616 ἔμελψεν,

2121 5632 2257 5687 ἀλλὰ
2287 5632 2384 5686 καὶ
2411 5632 2490 5703 τῷ
2521 5629 2675 5688 εἶπεν
2696 5649 2710 5664 θ
2740 5634 2803 5686 ἐκ
2825 5635 2921 5687 τοῦ
2945 5632 3062 5687 έπω
3095 5634 3204 5706 γὰρ
3230 5634 3518 5705 κεκίνηται
3549 5638 3610 5690 τὺ
3636 5632 3711 5689 εἶ-

2123 5741 2246 5788 πεν,
2285 5725 2344 5790 ἐξ
2383 5719 2444 5780 οὗ
2487 5724 2582 5779 καὶ
2634 5724 2696 5780 τὸ
2734 5725 2886 5794 ἔπος,
2917 5726 3012 5790 καὶ
3043 5726 3107 5782 τὸ
3144 5727 3358 5796 ἔννεπε,
3399 5727 3577 5796 λέξεις
3617 5725 3714 5784 καὶ

2123 5818 2288 5872 αὐταὶ
2312 5817 2616 5889 ποιητικαί.
