4034 6400
389 345 493 410 ’ῖΞἺ

1176 357 1259 416 ΙΝ
1301 356 1628 417 liYMNUM
1666 355 2320 416 PEN'I‘ECOSTALEM
2368 357 2822 418 DAMASCENL

3513 367 3610 426 ἹῘΊ

447 465 550 536 ση’.
578 467 716 530 Τοὺς
757 467 814 520 δὲ
861 473 1385 542 πνευματεμφόρους
1425 475 1519 526 καὶ
1563 473 1942 542 πνευματοφό-
1973 479 2015 533 Α
2113 473 2239 527 208.
2267 473 2406 535 Τοὺς
2431 472 2960 542 πνευματεμερόρους
2989 473 3220 530 dicimus
3251 476 3413 530 etiam
3447 494 3607 530 πνευ-

376 574 503 628 ρους
549 562 748 630 φαμὲν,
803 561 880 624 ὡς
927 562 1085 630 δῆλον
1124 565 1188 618 ἐκ
1231 564 1326 618 τοῦ
1359 595 1427 606 —
1470 564 1945 634 Π-λευματοφόροις

375 651 645 721 μαθηταῖς
690 655 785 708 νῦν
838 656 1292 726 συγχορεύσωμεν
1314 687 1386 697 --
1410 652 1471 712 οὗ
1505 658 1765 724 ἀναλογία
1803 657 1946 709 κατὰ

373 744 434 797 τὸ
462 747 822 815 σημειοψόρος
849 751 943 802 καὶ
975 750 1376 820 τροπαιοφόρος
1399 767 1413 781 ·
1455 745 1534 802 ὧν
1562 750 1654 800 τοῦ
1689 749 1788 816 μὲν
1821 751 1947 801 ἀνά-

371 837 525 900 λυσις
575 839 696 907 ἱερὰ
741 841 800 893 τὸ
852 842 1001 908 σῆμα
1031 841 1283 910 θεότητος
1331 842 1515 911 φέρον,
1545 840 1636 893 τοῦ
1671 840 1726 892 δὲ
1758 841 1944 909 ἐτέρου

373 932 671 1001 ἐξωτερικὴ
723 933 782 984 τὺ
810 963 881 974 --
916 934 1144 1002 Εἱσῆλοε
1197 934 1485 1002 Τραϊανὸς,
1519 935 1609 985 ἐπὶ
1642 935 1748 985 τῶν
1782 932 1946 1001 ὤμων

373 1023 555 1091 φέρων
601 1024 667 1076 τὰ
714 1027 951 1094 τρόπαια
980 1057 1048 1068 --
1076 1026 1135 1079 τὸ
1181 1028 1237 1080 δὲ
1282 1029 1455 1096 στόμα
1502 1027 1608 1080 τῶν
1649 1027 1946 1096 προφητῶν

373 1115 657 1168 καθολικόν
694 1133 746 1169 τι
783 1116 840 1170 ὂν
869 1117 940 1179 ὡς
969 1120 1390 1188 προσηγορικὸν,
1420 1120 1540 1172 ἀντὶ
1579 1118 1944 1188 πληθυντικοῦ

373 1207 628 1274 εἴληπται
657 1221 672 1235 ⁹
707 1210 801 1261 καὶ
831 1209 977 1276 λέγει
1005 1211 1084 1263 ’ὁτι
1117 1211 1348 1275 Ἕλεξαν
1386 1212 1436 1263 οἱ
1467 1212 1946 1278 πνευματέμφοροι

374 1297 675 1366 προφῆται,
705 1301 905 1369 Σῶτερ,
949 1301 1046 1370 τὴν
1078 1303 1383 1372 παρουσίαν
1414 1320 1529 1357 σου.
1566 1303 1761 1356 Ἰστέον
1789 1303 1843 1354 δὲ
1871 1303 1945 1363 ὼς

373 1389 436 1442 ὲκ
469 1390 574 1442 τῶν
601 1390 706 1455 ἔξω
737 1393 1057 1462 είσωδιάσθη
1084 1396 1193 1457 τοῖς
1217 1395 1389 1464 ἁγίοις
1420 1397 1514 1448 καὶ
1539 1399 1565 1449 6
1597 1397 1950 1464 πνευματέμ-

373 1497 572 1550 φοροςο
610 1483 828 1552 πνεῦμα
878 1485 987 1555 γάρ
1025 1486 1288 1555 ὑπόγαιον
1335 1489 1392 1540 ἐν
1437 1488 1661 1556 Δελφοῖς
1713 1489 1946 1554 ἀνέρπον

370 1575 459 1627 διὰ
510 1575 602 1628 τοῦ
655 1577 918 1644 μαντικοῦ
963 1580 1232 1648 τρίποδος,
1267 1574 1310 1648 ᾧ
1359 1582 1666 1644 ἐπεκάθητο
1713 1582 1946 1648 ἠΠυθία

373 1667 662 1734 προφῆτις,
701 1670 1012 1737 ἐνεφορεῖτο
1058 1673 1266 1724 ἐκείνου
1328 1673 1419 1725 καὶ
1450 1671 1594 1725 οὕτω
1627 1674 1830 1737 καινῶς
1864 1676 1946 1725 ὲν-

372 1757 641 1821 θεάζουσα
672 1760 915 1822 ἐξελάλει
945 1761 1254 1833 χρησμούς.

446 2015 542 2068 σθ’.
579 2015 650 2069 Τὸ
702 2016 757 2068 δὲ
811 2020 1156 2086 σωματωδῶς
1203 2021 1325 2074 ἀντὶ
1374 2021 1468 2076 τοῦ
1522 2026 1841 2093 σαρκικῶς·
1887 2028 1947 2080 οὐ

374 2105 796 2174 προσλογιστέον
822 2108 930 2178 γὰρ
959 2109 1193 2163 ἐνταῦθα
1225 2113 1285 2164 τὸ
1310 2113 1409 2180 τῆς
1438 2113 1634 2178 λέξεως
1661 2133 1948 2185 μετουσια-

375 2196 579 2257 στικὸν,
605 2199 678 2260 ὡς
709 2199 961 2254 ἐντεῦθεν
995 2202 1156 2271 δῆθεν
1186 2204 1259 2272 μὴ
1295 2206 1491 2260 ταυτὸν
1514 2205 1653 2263 εἶναι
1683 2226 1946 2278 σωμάτω-

375 2286 480 2351 δῶς
533 2293 708 2343 εἰπεῖν
755 2292 850 2344 καὶ
907 2295 1270 2361 σωματικῶν
1323 2297 1456 2350 ἀλλὰ
1486 2300 1551 2370 τῇ
1608 2299 1702 2352 τοῦ
1746 2302 1946 2368 μέτρου

374 2381 545 2434 εἴκειν
575 2384 855 2438 κάνταῦθα.
883 2384 971 2455 βίᾳ
995 2387 1175 2440 δοτέον
1203 2388 1282 2458 τῷ
1313 2390 1518 2459 μελικῷ
1540 2408 1553 2422 ·
1589 2393 1646 2444 τὸ
1681 2393 1758 2457 δὲ,
1787 2390 1832 2448 ὦ
1859 2397 1950 2464 μὲ-

371 2473 500 2530 δων.
530 2478 729 2546 μετοχή
766 2477 934 2544 ἐστιν,
964 2481 1024 2532 οὐ
1051 2480 1156 2550 μὴν
1186 2485 1471 2552 μετοχικὸν
1501 2485 1642 2538 κατά
1672 2487 1730 2540 τὸ
1756 2490 1782 2540 ὁ
1810 2488 1947 2540 λέων

371 2567 467 2618 τοῦ
501 2567 734 2630 λέοντος,
776 2573 871 2624 καὶ
899 2571 1133 2640 δράκων,
1165 2573 1260 2626 καὶ
1295 2577 1324 2628 6
1356 2575 1629 2646 θεράπων,
1669 2581 1763 2632 καὶ
1789 2583 1816 2634 ὁ
1847 2583 1947 2636 οὐκ

370 2659 583 2728 ἀλέγων
606 2659 700 2712 τοῦ
719 2661 818 2713 οὐκ
835 2662 1148 2731 ἀλέγοντος.
1167 2665 1260 2719 καὶ
1282 2667 1310 2719 6
1333 2667 1572 2722 εὑελθων
1586 2668 1681 2722 τοῦ
1705 2672 1945 2726 εὐελθὸν-

371 2764 460 2807 τος
481 2765 495 2778 ο
533 2749 615 2802 διδ
639 2752 732 2803 καὶ⁸
768 2750 1030 2820 φυλάσσει
1056 2752 1118 2808 τὸ
1145 2771 1190 2808 ω
1213 2755 1313 2824 τῆς
1338 2755 1556 2822 εὐθείας
1587 2760 1646 2812 ἐν
1670 2762 1734 2831 τῇ
1762 2762 1947 2832 κλητι-

373 2841 442 2908 κῇ
466 2855 482 2871 ο
509 2841 557 2893 εί
584 2841 639 2894 δὲ
670 2842 762 2894 καὶ
786 2841 976 2914 κὺριον
1004 2843 1174 2913 δνομα
1221 2846 1452 2918 εὕρηταί
1484 2866 1570 2914 τις
1595 2851 1808 2920 Μέδων,
1853 2856 1945 2907 οὐ-

373 2930 462 2984 δὲν
487 2933 618 3001 ἡμῖν
649 2932 807 2987 τοῦτο
837 2936 972 3006 πρὸς
1000 2937 1060 2990 τὸ
1092 2939 1293 3009 παρόν·
1329 2940 1537 3009 γίνεται
1563 2943 1620 2997 δὲ
1657 2945 1684 2998 6
1711 2947 1834 3001 κατ’
1853 2948 1946 3000 ἄν·

375 3021 594 3091 θρωπον
627 3026 837 3092 Μέδων,
866 3031 928 3080 ὲκ
958 3029 1054 3081 τοῦ
1082 3031 1233 3100 μήδω
1259 3033 1317 3085 τὸ
1342 3031 1670 3102 βουλεύομαι
1711 3040 1940 3109 συστοιῇ

2051 564 2414 632 ματοφὸρους,
2447 571 2505 616 ιιι
2532 571 2678 632 patet
2707 577 2771 617 ex
2809 564 2910 617 hoc
2943 582 2956 617 :
2997 565 3478 635 Πνευματοφόροις
3509 568 3619 620 (lis-

2048 655 2244 722 cipulis
2278 669 2427 708 nunc
2459 655 2862 718 assentiamur;
2900 655 3059 722 cujus
3087 656 3335 725 analogia
3372 668 3455 711 est
3490 671 3616 710 cum

2049 747 2412 816 σημειοφόρος
2470 755 2523 798 ει
2581 746 3007 817 τροπαιοφόρος,
3065 761 3296 815 quorum
3377 748 3622 820 analysis

2049 855 2228 903 sacra,
2261 840 2406 909 quod
2449 839 2514 892 ad
2550 841 2789 909 primum
2844 841 3058 904 attinet,
3098 848 3185 894 est
3232 843 3446 909 signum
3505 841 3624 896 dei-

2048 931 2175 986 tatis
2211 930 2424 995 ferens;
2459 940 2532 994 et,
2593 931 2775 996 quoad
2830 933 3161 996 secundum,
3216 932 3476 1001 profana,
3544 933 3626 987 sic

2050 1022 2315 1076 habetur:
2349 1021 2576 1074 Intravit
2602 1019 2896 1090 Trajanus,
2929 1036 3096 1091 super
3146 1021 3407 1078 humeros
3439 1021 3621 1077 ferens

2049 1121 2270 1181 tropaea.
2319 1110 2391 1165 Os
2420 1120 2602 1164 autem
2636 1110 3046 1179 protihetarutn,
3077 1111 3220 1179 quod
3276 1120 3362 1166 est
3407 1111 3616 1181 aliquid

2050 1205 2360 1260 universale
2438 1213 2698 1272 tanquam
2778 1204 3100 1273 prolationis
3160 1206 3612 1269 instrumentum,

2052 1297 2278 1367 pluralis
2313 1296 2433 1352 loco
2493 1305 2774 1362 sumptum
2812 1307 2916 1351 est.
2947 1295 3011 1350 Et
3049 1297 3184 1350 dicit
3216 1311 3230 1348 :
3263 1296 3456 1352 Locuti
3492 1307 3622 1352 sunt

2049 1387 2536 1458 πνευματέμφοροι
2558 1389 2859 1458 propheta).
2881 1388 3154 1454 Salvator,
3188 1397 3338 1444 tuam
3374 1406 3614 1460 praesen-

2049 1481 2202 1536 tiam.
2223 1479 2518 1534 Sciendum
2544 1489 2726 1533 autem
2748 1481 2893 1549 quod
2921 1495 2986 1534 ex
3012 1480 3216 1535 exteris
3235 1481 3378 1535 inter
3401 1491 3621 1538 sanctos

2046 1569 2193 1624 venit
2224 1571 2386 1623 etiam
2439 1571 2467 1622 6
2513 1571 3028 1640 πνευματέμφορος.
3068 1571 3125 1624 ln
3183 1571 3410 1642 Delphis
3474 1573 3620 1628 enim

2047 1661 2440 1716 subterraneus
2529 1662 2759 1729 spiritus
2831 1677 2929 1730 per
2995 1664 3291 1717 vaticinum
3355 1665 3620 1733 tripodem

2048 1766 2265 1805 sursum
2329 1765 2545 1819 repens,
2584 1752 2674 1805 ubi
2729 1753 2949 1808 sedebat
2996 1751 3191 1824 Pythia
3242 1757 3616 1826 prophetissa.

2053 1841 2307 1910 implebat
2345 1841 2513 1907 illam,
2565 1851 2619 1897 et
2651 1843 2724 1897 ita
2777 1853 3027 1899 recenter
3074 1845 3340 1918 inspirata
3397 1852 3621 1906 oracula

2052 1933 2236 1986 dabat.

2120 2023 2248 2076 209.
2282 2022 2431 2077 Istud
2465 2033 2646 2077 autem
2684 2026 3038 2092 σωματωδῶς
3078 2036 3166 2082 εει
3197 2043 3294 2098 pro
3321 2031 3618 2101 σαρκικῶς.

2049 2115 2168 2169 Non
2197 2113 2342 2168 enim
2375 2114 2461 2168 hic
2487 2114 2923 2182 praemittendum
2961 2126 3044 2171 est
3069 2118 3330 2174 dictionis
3396 2121 3618 2176 deriva-

2053 2208 2275 2274 tionem,
2300 2215 2554 2274 tanquam
2582 2207 2780 2261 exinde
2802 2223 2936 2263 sane
2960 2224 3067 2263 non
3091 2209 3231 2265 idem
3260 2221 3408 2267 esset
3431 2229 3620 2282 σωμα-

2048 2297 2232 2360 τωδῶς
2255 2307 2310 2350 ει
2345 2296 2678 2364 σωματικῶς
2714 2298 2932 2366 dicere;
2963 2301 3060 2354 sed
3092 2303 3502 2358 concedendum
3529 2304 3620 2359 hic

2051 2398 2222 2457 poeta:
2254 2389 2408 2441 metri
2461 2390 2773 2444 necessitati
2819 2390 3189 2460 acquiescere.
3246 2391 3362 2447 Hoc
3414 2405 3622 2463 autem,

2051 2475 2097 2532 ὦ
2122 2481 2320 2548 μέδων,
2346 2481 2695 2551 participium
2726 2491 2832 2546 est,
2883 2497 2991 2537 non
3022 2492 3205 2538 tamen
3229 2499 3350 2539 cum
3377 2487 3428 2540 vi
3456 2487 3622 2555 parti-

2049 2573 2178 2644 cipii
2219 2573 2374 2641 juxta
2407 2573 2537 2628 illud
2566 2591 2580 2627 :
2609 2575 2637 2626 6
2673 2572 2812 2627 λέων
2846 2573 2942 2626 τοῦ
2975 2574 3210 2642 λέοντος,
3241 2585 3296 2630 et
3319 2578 3346 2630 6
3379 2578 3622 2648 δράκων,

2047 2677 2098 2719 et
2129 2667 2158 2718 6
2186 2665 2460 2735 θεράπων,
2501 2675 2555 2720 et
2588 2667 2616 2718 6
2657 2665 2756 2719 οὐκ
2797 2666 3010 2734 ἀλέγων
3039 2665 3135 2721 τοῦ
3171 2669 3272 2722 οὐκ
3304 2670 3620 2739 ἀλέγοντος,

2047 2765 2101 2810 et
2128 2759 2155 2810 6
2189 2757 2426 2810 εὐέλθων
2459 2756 2552 2810 τοῦ
2583 2757 2914 2822 εῠελθόντος.
2950 2759 3078 2814 Ideo
3131 2771 3312 2816 servat
3361 2781 3406 2815 ω
3439 2765 3620 2818 nomi-

2047 2851 2213 2905 nativi
2247 2852 2300 2905 in
2329 2851 2598 2906 vocativo.
2630 2851 2687 2906 Si
2715 2866 2846 2906 vero
2895 2866 3093 2906 nomen
3129 2855 3411 2922 proprium
3445 2856 3613 2910 etiam

2047 2943 2356 2997 inveniatur
2413 2943 2629 3010 Μέδων,
2669 2942 2807 2996 nihil
2859 2944 3032 2998 nostri
3065 2943 3227 2998 refert
3259 2945 3324 2998 ad
3354 2959 3618 3014 praesens.

2045 3035 2148 3101 Qui
2181 3051 2308 3090 vero
2341 3036 2638 3090 secundum
2673 3035 2950 3091 hominem
2993 3045 3078 3090 est
3106 3037 3320 3100 Μέδων,
3351 3037 3431 3092 sic
3473 3038 3614 3094 dici-

371 3114 466 3168 τοῦ
501 3133 535 3188 η
561 3119 640 3180 είς
664 3136 688 3170 ε
709 3135 724 3151 ο
761 3119 1104 3190 βουλευτικὸν
1135 3127 1242 3194 γάρ
1272 3127 1490 3191 πάντως
1523 3130 1616 3182 καὶ
1648 3129 1942 3202 βουλευτὴν

2049 3135 2136 3181 tur
2163 3143 2227 3180 ex
2258 3127 2430 3195 μήδω,
2462 3126 2723 3192 delibero,
2754 3127 3130 3183 contractione
3178 3128 3370 3183 litterae
3397 3147 3428 3198 η
3461 3128 3513 3184 in
3553 3149 3568 3184 t
3595 3147 3610 3185 :

368 3207 464 3260 καὶ
491 3209 580 3262 τὸν
609 3210 834 3280 βασιλέα
862 3213 940 3266 ὅτι
973 3215 1209 3283 μάλιστα
1239 3212 1380 3271 εἶναι
1407 3220 1606 3289 χρεών.

441 3393 529 3442 σι’.
583 3391 651 3442 Ἥ
683 3389 739 3444 δὲ
767 3389 994 3462 ένδημία
1021 3391 1080 3444 οὐ
1109 3393 1279 3463 δῆμον
1311 3395 1409 3449 ’ένα
1436 3397 1588 3468 δηλοῖ
1613 3400 1688 3465 ὡς
1716 3403 1810 3457 ἐπὶ
1848 3423 1942 3458 κο-

369 3481 566 3550 σμικοῦ
595 3482 848 3552 μέδοντος
880 3485 1109 3553 γίνεται,
1144 3486 1280 3541 ἀλλά
1307 3489 1519 3559 δήμους
1545 3495 1806 3564 ἐννόμους
1829 3499 1943 3552 ὅσοι

367 3571 458 3622 τὸν
503 3571 706 3641 κόσμον
749 3575 1171 3644 ἀπαρτίζουσιν,
1200 3571 1264 3630 οὗ
1293 3580 1466 3638 μέδων
1504 3583 1530 3634 6
1564 3584 1943 3652 παμϐασιλεὺς

367 3663 521 3724 Θεός.
553 3663 612 3716 Εἰ
644 3663 700 3718 δὲ
733 3665 907 3735 δῆμόν
935 3685 1111 3735 φαμεν
1142 3669 1232 3722 τδν
1268 3670 1657 3740 Χριστιανικδν
1697 3675 1850 3740 λαὸν,
1881 3678 1940 3731 οὗ

371 3753 646 3822 βασιλεύει
673 3758 700 3810 6
722 3758 874 3822 Θεὸς,
901 3760 1086 3812 καινὸν
1113 3761 1267 3814 οὐδέν
1293 3777 1308 3793 ⁶
1337 3763 1398 3816 οὐ
1427 3765 1535 3836 γάρ
1565 3767 1942 3838 δημοκρατίαν

368 3847 615 3900 ἐντεῦθεν
657 3849 714 3916 ἐξ
741 3851 986 3922 ἀνάγκης
1012 3852 1329 3922 εἰσάγομεν,
1356 3850 1424 3929 ἧς
1455 3857 1483 3908 6
1526 3861 1802 3927 παντάναξ
1841 3865 1937 3931 μό-

367 3955 564 4007 ναρχος
594 3939 844 4003 ἄπεστιν,
879 3942 1014 3994 ἀλλὰ
1055 3943 1114 3996 τὸ
1154 3945 1503 4010 αὐτεξούσιον
1533 3950 1832 4019 δηλοῦμεν·
1879 3954 1939 4006 οὗ

369 4029 544 4092 καλῶς
575 4031 978 4102 φυλαττομένου
1009 4037 1066 4088 έν
1102 4037 1253 4107 ἡμῖν,
1284 4040 1438 4092 οὐδέν
1468 4058 1518 4094 τι
1550 4044 1941 4116 πολυπραγμο-

369 4117 610 4188 νούμεθα
644 4121 748 4174 ὑπὸ
789 4122 883 4176 τοῦ
915 4123 1180 4193 βασιλέως
1211 4126 1368 4193 Θεοῦ,
1401 4129 1538 4186 ἀλλά
1569 4134 1815 4202 φίλτατοι
1846 4139 1941 4190 αὐ-

363 4212 445 4282 τῷ
502 4213 895 4284 ὲγκρινὸμεθαο
935 4219 1029 4271 καὶ
1072 4217 1214 4272 οὕτω
1263 4219 1508 4289 βασιλεία
1546 4227 1641 4280 καὶ⁹
1683 4228 1851 4298 δῆμος
1884 4233 1940 4282 ἐν

367 4304 498 4372 ἡμῖν
556 4306 692 4376 πρὸς
746 4311 1097 4378 μακαρισμὸν
1152 4311 1556 4381 διεκφσιίνετειιι,⁵
1608 4320 1940 4388 κρατοῦντος

363 4398 564 4464 ἄριστα
596 4397 752 4468 ἡμῶν
781 4399 875 4452 τοῦ
903 4401 1238 4471 λογιστικοῦ,
1268 4405 1355 4458 ὅτε
1400 4409 1465 4478 τῇ
1511 4409 1792 4480 ἀντιλήψει
1841 4415 1938 4481 τῆς

2046 3217 2399 3272 consiliosum
2468 3217 2612 3270 enim
2675 3227 2730 3272 et
2795 3219 3205 3274 consiliatorem
3265 3234 3386 3275 esse
3448 3235 3618 3290 quam

2047 3313 2286 3365 maxime
2325 3323 2501 3379 regem
2537 3319 2768 3378 oportet.

2117 3402 2243 3459 2l0.
2288 3402 2354 3454 Ἠ
2387 3417 2512 3455 vero
2547 3402 2775 3472 ὲνδημία
2823 3418 2930 3457 non
2965 3421 3132 3460 unum
3180 3407 3441 3478 populum
3476 3407 3618 3463 indi-

2047 3506 2154 3561 cat,
2194 3505 2254 3550 ut
2287 3495 2353 3549 de
2386 3499 2666 3548 mundano
2703 3510 2826 3564 rege
2857 3495 2933 3561 fit,
2963 3497 3054 3552 sed
3103 3501 3331 3569 populos
3367 3498 3616 3573 (δήμους)

2047 3587 2323 3652 subjectos
2349 3585 2451 3653 legi
2478 3595 2751 3655 quotquot
2783 3586 3100 3654 partiuntur
3133 3591 3418 3655 mundum,
3455 3591 3617 3662 cujus

2045 3688 2131 3731 est
2171 3679 2480 3730 dominator
2511 3692 2801 3745 supremus
2837 3694 2952 3741 rex,
3001 3680 3164 3734 Deus.
3199 3683 3254 3734 Si
3313 3697 3443 3735 vero
3477 3684 3615 3737 dici-

2049 3784 2170 3822 mus
2205 3769 2588 3835 rempublicam
2637 3768 2852 3838 (δῆμον)
2896 3769 3268 3825 Christianum
3331 3767 3619 3843 populum',

2047 3859 2218 3930 (σιὸν)
2267 3875 2430 3927 super
2479 3874 2641 3925 quem
2707 3872 2896 3929 regnat
2941 3861 3107 3927 Dens,
3161 3862 3297 3916 nihil
3360 3865 3557 3918 mirum
3599 3882 3616 3918 :

2046 3968 2154 4004 non
2203 3954 2346 4005 enim
2403 3951 2598 4005 exinde
2636 3954 2947 4007 necessario
3001 3957 3387 4008 democratiant
3448 3957 3619 4011 intro-

2045 4043 2314 4103 ducimus,
2349 4057 2378 4095 a
2404 4057 2511 4111 qua
2540 4057 2789 4096 summus
2837 4043 2990 4097 abest
3012 4048 3325 4107 monarcha,
3360 4046 3452 4099 sed
3489 4046 3623 4102 libe-

2046 4147 2158 4184 ram
2179 4130 2548 4200 signiﬁcamus
2574 4137 2930 4198 potestatem;
2955 4147 3061 4200 qua
3095 4133 3327 4187 ﬁdeliter
3372 4133 3424 4186 in
3465 4135 3622 4188 nobis

2046 4223 2337 4285 custodita,
2389 4223 2614 4276 minime
2644 4223 2879 4292 negotiis
2930 4222 3285 4293 fatigabimur
3340 4226 3442 4280 sub
3498 4241 3622 4298 rege

2049 4313 2182 4380 Deo,
2213 4314 2305 4370 sed
2333 4313 2436 4381 ipsi
2482 4314 2825 4368 dilectissimi
2873 4313 3271 4382 judicabitnur.
3331 4315 3398 4370 Et
3447 4316 3616 4372 sicin

2050 4409 2212 4462 nobis
2238 4407 2383 4476 regia
2417 4405 2894 4475 democraticaqne
2925 4416 3169 4476 potestas
3199 4409 3513 4463 ostenditur
3548 4411 3615 4463 ad

364 4490 751 4561 ἀρχικωτάτης
776 4491 938 4560 ἁγίας
976 4493 1228 4563 Τριάδος,
1265 4497 1359 4550 καὶ
1387 4499 1484 4561 τὰς
1514 4503 1661 4570 τρεῖς
1699 4504 1942 4572 περισώ-

2051 4500 2463 4562 heatitndinem,
2525 4497 2730 4566 optime
2779 4498 3098 4551 dominante
3171 4500 3332 4553 nobis
3383 4499 3620 4566 ratione,

362 4581 530 4651 ξομεν
569 4583 864 4646 ὲπαινετὰς
899 4586 1094 4655 ἀρχὰς,
1145 4590 1246 4658 τήν
1278 4606 1339 4642 τε
1383 4591 1691 4664 βασιλικὴν,
1729 4600 1824 4650 καὶ
1871 4599 1938 4652 δι’

363 4675 536 4739 αὐτῆς
563 4677 663 4747 τὴν
691 4677 748 4728 έν
779 4678 1197 4752 ἀριστοκρατίᾳ,
1225 4681 1347 4735 καθ’
1373 4683 1441 4753 ἦν
1466 4687 1557 4738 καὶ
1594 4688 1622 4739 6
1653 4687 1941 4755 ἀδε).ερικδς

361 4768 535 4838 δῆμος
563 4770 852 4840 ἐμφρόνως
899 4770 1214 4840 ἐξορθοῦται
1263 4775 1344 4838 είς
1393 4776 1640 4845 ἀγαθόν⁶
1689 4779 1718 4832 ὃ
1760 4783 1943 4849 μόνοις

363 4860 493 4930 ἀρτι
545 4865 991 4931 σκιαγριφεῖται,
1043 4863 1120 4927 ὡς
1171 4867 1408 4937 ἐγχωρεῖ
1454 4873 1568 4934 τοῖς
1628 4873 1796 4928 πάλαι
1844 4877 1942 4944 μέν

365 4969 498 5006 ποτε
563 4953 685 5006 κατ’
723 4953 1037 5026 Εὺπρώπην
1072 4957 1330 5023 Ἐνετοίς,
1386 4959 1482 5014 νῦν
1541 4962 1601 5016 δὲ
1661 4967 1942 5031 Οὑενέτοις

366 5044 546 5098 εἰτουν
575 5045 836 5111 Βενέτσις,
870 5039 1007 5118 ὧνὴ
1049 5048 1204 5120 χώρα
1247 5053 1526 5116 Οὐενετία,
1573 5057 1652 5118 είς
1691 5056 1943 5110 Βενετίαν

363 5139 707 5208 τετριμμένη
745 5137 966 5203 κοινῶς,
992 5141 1122 5210 παρ’
1153 5137 1233 5205 οἷς
1257 5143 1317 5196 τὸ
1345 5145 1443 5211 μὲν
1470 5150 1804 5215 μοναρχικὸν
1835 5151 1942 5202 σώ-

365 5228 539 5293 ζεται,
572 5231 658 5283 διὰ
712 5231 808 5284 τοῦ
858 5235 916 5285 ὲν
963 5234 1148 5297 αὐτοῖς
1185 5236 1645 5307 ὑπερκαθημὲνου
1693 5243 1893 5306 Δουκός
1925 5261 1940 5276 ο

365 5321 453 5374 διὰ
487 5320 544 5372 δὲ
588 5321 696 5374 τῶν
731 5321 1056 5387 κονσούλων,
1101 5322 1259 5393 οἵπερ
1309 5325 1448 5378 είσὶν
1482 5327 1759 5382 ἐπίλεκτοι
1804 5330 1945 5400 σύμ·-

367 5409 572 5476 6ουλοι,
603 5411 664 5463 τὸ
701 5412 1159 5481 ἀριστοκρατικόν
1183 5431 1196 5444 ·
1229 5415 1278 5466 ol
1321 5415 1378 5468 δὲ
1436 5417 1567 5487 παρ’
1603 5421 1798 5485 αὐτοὺς
1851 5426 1944 5476 καὶ

375 5504 490 5573 μετ’
522 5504 742 5567 αὐτοὺς,
774 5506 834 5558 τδ
861 5505 1160 5576 δημοτικὸν
1197 5509 1581 5579 συμπληροίσι
1622 5515 1788 5580 φῦλον
1809 5531 1822 5543 ·
1852 5519 1944 5572 καὶ

363 5597 644 5666 τριπλόκῳ
673 5598 890 5668 σχοινίῳ
916 5597 1090 5668 τούτῳ
1144 5599 1433 5671 εὐχρήστῳ
1486 5603 1942 5680 διαπεπλεγμένῳ

367 5687 449 5749 είς
476 5687 779 5759 ἄρρηκτον,
825 5687 924 5758 τὴν
973 5688 1096 5742 κατ’
1125 5690 1324 5754 αὐτοὺς
1376 5693 1734 5764 κληροδοσίαν
1788 5703 1942 5754 συνέ-

371 5794 548 5848 χουσι.

2047 4592 2266 4661 quando
2303 4589 2614 4658 receptione
2669 4587 3145 4658 principalissima:
3191 4599 3400 4645 sancta:
3436 4591 3623 4647 Trini-

2049 4685 2199 4748 tatis,
2226 4696 2278 4737 et
2311 4694 2422 4738 tres
2453 4696 2853 4736 conservamus
2886 4682 3186 4737 Iaulahiles
3215 4693 3538 4753 potestates,
3569 4697 3626 4742 et

2049 4775 2279 4844 regiam,
2315 4783 2370 4829 et
2395 4789 2490 4843 per
2525 4774 2669 4828 hanc
2705 4773 2852 4826 illam
2891 4788 3011 4842 quae
3042 4773 3190 4828 sistit
3227 4775 3281 4828 in
3326 4777 3624 4834 aristocra-

2047 4867 2319 4933 tia,juxta
2355 4879 2520 4935 quam
2583 4864 2866 4919 fraternus
2899 4862 3064 4918 etiam
3128 4865 3412 4936 popularis
3447 4873 3622 4924 status

2049 4961 2347 5029 prudenter
2391 4956 2650 5026 dirigitur
2681 4956 2750 5010 ad
2783 4955 2989 5010 bonum
3025 4973 3039 5010 :
3092 4959 3238 5026 quod
3286 4957 3419 5037 solis
3452 4973 3618 5025 nunc,

2051 5061 2110 5104 nt
2141 5050 2286 5112 licet,
2327 5047 2686 5102 adumbratur
2719 5048 2956 5118 populis.
3007 5047 3135 5101 olim
3192 5049 3375 5114 dictis,
3423 5064 3624 5106 secun-

2049 5143 2177 5195 dum
2233 5141 2532 5209 Europam,
2591 5139 2803 5204 Enetis,
2853 5140 3011 5195 hodie
3058 5155 3188 5195 vero
3225 5141 3442 5196 Venetis
3505 5143 3621 5197 sive

2050 5232 2288 5297 Benetis,
2340 5246 2579 5300 quorum
2638 5239 2723 5286 est
2778 5231 2928 5301 regio
2975 5231 3221 5297 Venetia,
3259 5233 3624 5290 communiter

2047 5326 2100 5379 in
2139 5324 2420 5378 Benetiam
2455 5339 2559 5378 usu
2593 5330 2825 5388 mutata,
2871 5325 3013 5394 apud
3048 5341 3188 5394 quos
3220 5327 3461 5397 regimen
3505 5342 3625 5381 mo-

2049 5417 2378 5471 narchicnm
2412 5416 2633 5483 quidem
2665 5423 2915 5472 servatur
2941 5431 3036 5486 per
3077 5418 3269 5472 ducem
3303 5433 3467 5488 super
3487 5419 3626 5474 alios

2047 5510 2409 5565 constitutum
2439 5523 2454 5573 ;
2515 5507 2954 5562 aristoctatieum
2990 5517 3169 5563 autem
3217 5525 3314 5579 per
3345 5511 3623 5573 consules.

2046 5602 2140 5671 qni
2176 5612 2303 5654 sont
2337 5598 2495 5653 electi
2515 5599 2816 5654 consiliarii
2844 5615 2860 5666 ;
2905 5601 3224 5670 popularem
3261 5617 3392 5654 vero
3423 5602 3623 5655 tribum

2049 5693 2327 5762 complent
2357 5691 2449 5761 qui
2481 5700 2614 5755 sunt
2641 5691 2783 5759 apud
2826 5673 2951 5746 illos
2997 5703 3051 5747 et
3089 5702 3213 5761 post
3249 5693 3390 5746 illos.
3426 5691 3489 5745 Et
3525 5694 3626 5747 hoc

2047 5784 2246 5854 triplici
2291 5783 2542 5838 {uinculo
2575 5785 2629 5838 in
2681 5782 2979 5840 infractum
3032 5784 3189 5854 plexo
3244 5784 3613 5839 baereditatcm

2054 5878 2156 5933 sibi
2190 5876 2438 5932 sortitam
2467 5876 2766 5931 continent.
