4034 6424
435 356 533 418 139

1133 355 1550 417 EUSTATIIII
1591 350 2343 413 TlIESSAlDNlCENSlS
2383 350 2941 410 METROPULITzE

3577 351 3685 412 7‘20

495 467 622 522 ΞΗ.
655 464 770 522 lloc
799 474 978 522 autem
1011 482 1027 520 :
1062 467 1279 518 κόλπων
1315 463 1623 531 πατρικῶν,
1657 463 1994 534 periphrasis

2175 460 2300 514 σια’.
2343 463 2417 514 Τὸ
2462 461 2520 515 δὲ
2571 463 2786 515 κόλπων
2848 462 3130 534 πατρικῶν
3184 463 3515 535 περίφρασις
3567 467 3687 520 ἐστι

431 569 512 615 est
542 559 759 630 patris:
811 557 1176 613 abundantius
1204 555 1426 626 quidem
1462 565 1546 611 est
1584 556 1817 620 dictum,
1854 555 2002 608 simi-

423 653 550 708 liter
579 661 759 706 tamen
791 651 1203 720 interpretatum
1230 665 1244 702 :
1287 663 1504 718 aequum
1533 647 1678 702 enim
1704 656 1787 700 est
1816 646 2001 701 dicere

422 741 694 812 Spiritum
748 755 814 796 ex
872 739 998 794 sinu
1051 739 1231 794 Patris
1265 738 1674 809 procedentem.
1726 737 1831 803 Qui
1873 752 2002 790 vero

427 834 705 889 curiosius
732 831 1006 902 inspicere
1035 831 1270 888 voluerit
1315 830 1480 900 hujus
1523 829 1702 884 Patris
1734 830 1911 892 sinus,
1969 844 1999 882 e

431 924 637 993 quibus
687 923 755 979 ad
786 923 1196 979 accurationem
1242 921 1538 991 perlectam
1574 921 1746 976 Filius
1779 921 1998 991 quidem

425 1015 562 1079 exit,
595 1014 835 1086 Spiritus
866 1025 1048 1071 autem
1096 1014 1363 1085 procedit,
1407 1013 1528 1068 illos
1577 1013 1770 1068 leviter
1802 1020 1856 1066 et
1887 1013 2000 1066 ba:-

428 1109 626 1173 sitans,
661 1107 914 1162 manibus
950 1106 1248 1176 impositis,
1282 1104 1542 1175 palpabit.
1603 1102 1684 1157 Ex
1736 1104 2000 1159 ineﬂ‘abili

428 1213 669 1269 namque
692 1199 817 1254 sinu
846 1199 1220 1268 metaphorice
1259 1197 1462 1253 dicitur
1495 1195 1738 1267 Spllittts‘
1775 1207 2001 1252 sanctus

424 1291 786 1360 processisse,
811 1292 1002 1346 sicute
1031 1305 1132 1344 suo
1159 1289 1326 1344 corde
1357 1287 1594 1344 Verbum
1631 1288 1830 1344 bonum
1857 1289 1998 1344 idem

426 1381 638 1451 absque
693 1381 969 1452 principio
1034 1381 1197 1436 Pater
1251 1379 1544 1436 eructavit.
1582 1377 1775 1434 Sinum
1817 1387 2000 1433 autem

427 1473 595 1526 maris
618 1473 684 1526 dc
716 1475 838 1542 ipso
875 1470 1248 1541 metaphorice
1278 1469 1426 1538 loqui
1461 1470 1752 1534 audemus,
1779 1470 2001 1538 quando

427 1565 696 1616 bonorum
741 1577 806 1618 ex
862 1563 982 1634 ipso
1023 1561 1428 1632 proﬂuentium,
1464 1561 1876 1625 misericordiae,
1907 1575 1999 1614 sa-

428 1655 646 1722 pientiae
701 1664 757 1708 et
808 1667 1158 1719 ca-terorum,
1192 1665 1253 1710 ut
1296 1668 1610 1724 possumus,
1667 1653 2002 1708 immensita-

421 1755 530 1801 tem
561 1747 1000 1814 consideramus,
1036 1746 1340 1802 naviculam
1370 1748 1661 1802 humanam
1681 1745 1734 1799 in
1767 1745 1870 1800 hoc
1901 1747 2002 1800 im-

423 1854 676 1894 mensum
723 1840 946 1911 pelagus
977 1839 1362 1894 immittentes.

492 1931 624 1986 212.
677 1930 811 1986 Vide
864 1940 1047 1986 autem
1103 1931 1249 2000 quod
1321 1944 1420 1998 pro
1465 1945 1480 1983 :
1535 1929 1998 1999 ἐκπορευόμενον,

424 2029 775 2095 προηγμένον
831 2025 953 2080 sine
1010 2023 1256 2095 periculo
1310 2023 1469 2077 dixit.
1521 2022 1791 2088 Quoniam
1841 2023 2002 2093 igitur

419 2118 705 2187 aequaliter
738 2133 862 2172 cum
907 2117 993 2172 bis
1027 2115 1487 2186 expressionibus
1537 2115 1686 2168 venit
1715 2116 1880 2168 etiam
1943 2113 2003 2167 τὸ

429 2209 903 2279 προϐεϐλημένον,
945 2207 1271 2278 capiendum
1299 2205 1579 2276 estquod,
1611 2208 1758 2262 sicut
1801 2207 2002 2260 dicitur

423 2299 588 2355 Pater
629 2298 893 2369 Spiritum
927 2299 1272 2370 ἐκπορεύειν,
1327 2300 1407 2353 sic
1437 2299 1599 2352 etiam
1636 2301 1906 2368 προάγειν
1945 2309 2002 2356 et

423 2390 774 2461 προϐάλλειν.
816 2391 871 2445 In
921 2401 1121 2461 quarto
1173 2399 1357 2445 autem
1395 2405 1580 2456 versu,
1615 2392 1668 2445 in
1706 2407 1817 2461 quo
1854 2393 2001 2462 jacet

427 2481 772 2536 manifestata
805 2482 942 2538 satis
981 2481 1308 2552 compositio
1337 2481 1392 2535 in
1431 2499 1599 2538 unum
1648 2485 1995 2549 coalescens,

425 2573 655 2644 pulchre
707 2581 763 2627 et
798 2573 1031 2628 solerter
1073 2586 1169 2642 per
1194 2573 1652 2644 compositionem
1705 2574 1880 2645 ejecta
1919 2586 2004 2630 est

426 2665 790 2721 immutabilis
825 2663 1002 2720 linalis
1038 2679 1105 2719 ex
1153 2665 1422 2721 vocibus:
1473 2667 1731 2719 ἀκτιστον
1765 2675 1821 2720 et
1862 2683 2002 2734 συμ-

426 2757 834 2827 πλαστουργὸν,
885 2771 955 2812 ne
1009 2757 1173 2812 simul
1229 2772 1355 2811 cum
1418 2759 1566 2812 malo
1623 2767 1796 2812 metro
1834 2759 2003 2814 lector

426 2849 709 2906 olfendens
741 2849 987 2917 linguam
1021 2859 1214 2903 contra
1261 2849 1448 2902 talium
1503 2848 2002 2922 linaliumsucces-

427 2943 638 2998 sionem
690 2940 1112 2995 immutabilium
1168 2941 1334 2996 nimis
1389 2939 1624 2996 laboret.
1662 2939 1776 2995 Vox
1817 2953 2002 2996 autem

427 3035 586 3090 σέθεν
630 3037 863 3106 poetica,
910 3036 1057 3092 sicut
1076 3045 1131 3090 et
1154 3038 1264 3100 σέο,
1299 3038 1448 3104 quod
1478 3035 1652 3106 ipsius
1681 3043 2004 3107 prototypus

428 3138 530 3182 est.
571 3127 822 3181 Sumitur
862 3133 1157 3195 utrumque
1185 3140 1288 3197 pro
1320 3123 1438 3180 σοῦ.
1467 3125 1730 3180 Similiter
1763 3141 1830 3181 ex
1872 3140 1998 3195 pro—
2027 3153 2070 3210 ο

428 3220 656 3275 nomine
693 3217 877 3275 soluto
925 3216 1066 3288 ἐμοῦ
1101 3218 1160 3273 lit
1211 3215 1371 3288 ἐμέο,
1403 3225 1463 3273 et
1509 3217 1709 3271 exinde
1759 3216 1996 3284 ἐμέθεν;

427 3322 566 3368 etex
601 3304 662 3364 οὗ
693 3311 758 3364 ἐο
806 3319 972 3380 atque
1017 3309 1140 3363 ἕθεν
1174 3324 1274 3379 pro
1306 3308 1498 3362 αὑτοῦ.
1544 3309 1669 3372 Ἰεὶς
1720 3319 1902 3364 autem
1933 3323 1999 3363 ex

429 3403 599 3459 verbo
621 3403 784 3473 paulo
814 3410 941 3456 ante
979 3401 1128 3456 dicto
1159 3402 1287 3471 ἴημι
1321 3402 1488 3467 venit,
1521 3401 1684 3473 cujus
1747 3400 2004 3472 imperfe-

437 3506 590 3551 ctum
623 3503 710 3551 est
734 3495 824 3565 την
867 3503 922 3549 et
953 3495 1299 3564 participium
1334 3492 1436 3556 ἱεὶς
1462 3493 1656 3558 ἱέντος,
1693 3493 1840 3562 quod
1875 3507 1999 3547 cum

429 3586 816 3659 prapositione
842 3585 952 3639 ἀπὸ
976 3583 1182 3639 dicitur
1230 3585 1417 3652 ἀφιεὶς
1447 3583 1723 3650 ἀφιέντος.
1756 3581 1835 3636 Ex
1885 3584 2001 3637 sole

429 3691 636 3738 autem,
672 3674 819 3732 velut
851 3675 904 3729 iu
932 3688 1120 3728 arcum
1151 3680 1380 3728 curvato
1414 3671 1713 3726 secundum
1765 3679 2001 3735 veteres,

431 3776 712 3838 sumptum
763 3773 898 3822 est:
941 3764 1079 3818 ἱέναι
1136 3762 1326 3827 σέλας,
1379 3762 1632 3816 emittere
1684 3759 1866 3814 lumen
1935 3759 2002 3814 ad

432 3862 607 3914 instar
649 3857 731 3912 ίοῦ
764 3854 1050 3925 cujusdam
1083 3855 1196 3908 sive
1222 3853 1415 3923 jaculi.
1445 3851 1603 3916 Quod
1646 3851 1791 3904 enim
1842 3852 2004 3904 desu-

433 3964 528 4022 per
554 3950 646 4005 ille
687 3948 864 4003 radiet
905 3946 960 4000 in
1035 3954 1257 4008 terram,
1314 3944 1418 3998 hoc
1469 3943 1790 4012 sagittarum
1833 3942 2003 4009 jactni

435 4046 642 4101 urbane
693 4043 770 4099 illi
830 4040 1248 4104 assimilabant;
1293 4039 1439 4092 unde
1493 4051 1715 4107 quoque
1758 4035 1897 4099 ίήῖον
1951 4035 2003 4086 in

433 4147 670 4211 quatuor
699 4134 924 4206 syllabis
959 4131 1253 4201 allegorice
1277 4129 1548 4184 vocabant
1568 4143 1716 4181 eum.
1761 4123 2006 4180 Vocibus

432 4243 615 4289 autem
646 4227 1123 4299 ἐνανθρωπήσεως
1155 4232 1210 4278 et
1233 4223 1329 4274 τοῦ
1365 4221 1738 4290 ἐνανθρωπεῖν
1788 4234 1896 4271 non
1923 4228 2005 4270 est

432 4327 500 4380 de
532 4323 810 4380 salutifera
858 4315 1062 4374 Christi
1097 4312 1400 4370 Salvatoris
1445 4312 1753 4368 eaconomia
1779 4309 2007 4362 vividio—

434 4432 548 4472 rcm
588 4415 1046 4486 proprioremque
1072 4407 1367 4463 dictionem
1398 4404 1665 4460 invenire.

927 4501 972 4555 H
983 4503 1152 4554 irmus
1185 4502 1299 4554 σάω
1341 4512 1513 4552 ηοηιε.

505 4600 688 4664 Salve,
723 4596 952 4666 Regina,
985 4587 1432 4661 matrivirginalis
1461 4587 1651 4657 gloria,

429 4695 603 4748 Omne
623 4690 768 4746 enim
801 4690 937 4744 bene
973 4685 1230 4746 volubile,
1264 4685 1400 4737 bene
1427 4680 1653 4748 loquens
1693 4695 1754 4732 os

431 4783 724 4840 Rhetorica
752 4791 870 4836 arte
906 4794 1014 4834 non
1048 4782 1228 4848 potest
1265 4785 1314 4827 te
1340 4774 1564 4827 laudare
1590 4771 1772 4839 digne.

429 4877 639 4946 tialigat
662 4883 842 4928 autem
881 4886 1033 4926 mens
1055 4868 1234 4924 omnis
1268 4866 1333 4920 ad
1369 4875 1520 4918 tuum
1555 4873 1769 4932 partum

430 4963 902 5036 COgnoscetidum,
927 4960 1070 5015 unde
1091 4970 1142 5014 te
1161 4971 1285 5014 cum
1311 4953 1582 5011 desiderio
1611 4953 2002 5024 gloriﬁcamus.

503 5059 634 5113 9.15.
699 5055 759 5109 lu
811 5054 934 5108 aliis
985 5050 1203 5122 quidem
1271 5045 1606 5102 carminibus
1659 5045 2005 5113 praecedenti-

434 5150 537 5204 bus
610 5143 942 5200 venerabilis
1001 5155 1163 5208 quem
1225 5147 1524 5210 tractamus
1575 5135 1801 5204 lyricus.
1868 5137 2004 5189 alias

434 5239 813 5308 interponebat
856 5233 1156 5290 sententias
1197 5241 1251 5285 et
1293 5229 1572 5289 historias,
1619 5243 1681 5282 ex
1730 5227 2002 5296 antiquis-

435 5336 592 5391 simis
637 5331 809 5387 sacris
839 5339 893 5384 et
925 5325 1216 5398 praecipuis
1249 5323 1612 5385 carminibus,
1657 5321 1813 5390 juxta
1883 5338 2005 5390 qua:

435 5424 693 5492 strophas
743 5419 1020 5487 expositas
1069 5414 1352 5469 concinuit
1397 5429 1412 5465 :
1468 5413 1560 5466 sed
1619 5428 1815 5464 nonam
1863 5413 2005 5466 hanc

435 5515 620 5577 udam,
656 5505 1056 5579 angustissimae
1110 5503 1354 5572 Deiparae
1399 5510 1694 5560 sacratam,
1736 5501 2003 5568 implevit.

438 5614 498 5659 ut
547 5603 769 5665 licebat,
804 5595 1094 5653 sententiis
1125 5596 1186 5648 ad
1216 5609 1336 5648 eam
1369 5592 1786 5662 pertinentibus.
1808 5591 1886 5644 oEt
1921 5594 2006 5646 hic

436 5697 658 5767 quidem
709 5707 882 5747 nexus
939 5704 1072 5759 pure
1124 5690 1539 5758 speciatimqne,
1606 5698 1866 5742 consueta
1914 5703 2000 5741 se-

433 5789 619 5858 quela,
649 5786 892 5843 celebrat
925 5796 1067 5838 eam.
1103 5782 1354 5852 StrOpha:
1410 5795 1538 5835 vero
1585 5796 1705 5848 qua:
1753 5781 2000 5849 sequitur

2101 554 2198 607 τοῦ
2256 554 2504 625 πατρός·
2565 555 2946 626 περιττότερον
3003 555 3104 623 μὲν
3160 557 3370 610 ἐκείνου
3419 559 3682 627 φρασθὺθ.

2101 643 2365 708 ὡσαύτως
2419 645 2477 697 δέ
2521 647 2998 715 ἐρμηνευόμενονο
3054 647 3244 716 ὅμοιον
3295 649 3404 717 γὰρ
3458 647 3683 716 Πνεῦμα

2103 739 2279 791 εἰπεῖν
2313 737 2532 791 κόλπων
2565 739 2628 790 ἐκ
2662 739 2876 806 Πατρὺς
2908 738 3280 807 προηγμένον.
3325 740 3386 792 '0
3420 739 3476 792 δὲ
3525 757 3684 809 περι--

2104 830 2471 901 εργαζόμενος
2515 831 2746 893 κόλπους
2775 831 2984 900 Πατρδς
3011 831 3201 884 τούτου
3233 826 3308 885 ὧν
3348 835 3377 884 ὁ
3419 832 3523 900 μὲν
3557 833 3686 895 Υἱὸς

2106 922 2344 991 πρόεισι,
2375 923 2435 975 τὸ
2467 923 2523 975 δὲ
2554 923 2776 988 Πνεῦμα
2818 923 3180 993 ἐκπορεύεται
3218 923 3356 992 πρὸς
3399 924 3686 996 ἀκρίϐειαν

2104 1015 2317 1082 ἐντελῆ,
2349 1015 2470 1068 τότε
2501 1016 2630 1080 τοὺς
2656 1017 2935 1078 τοιούτους
2975 1015 3210 1078 κόλπους
3249 1017 3565 1086 ψηλαφήσει
3605 1015 3687 1069 τὼ

2108 1108 2258 1178 χεῖρε
2287 1107 2475 1170 καθεὶς
2497 1105 2584 1160 ἐπ’
2613 1107 2808 1170 αὐτούς
2831 1123 2843 1136 ·
2882 1109 3124 1179 ἀρρήτου
3147 1109 3254 1178 γὰρ
3285 1108 3490 1162 κόλπου
3519 1126 3686 1177 μετα-

2105 1201 2346 1268 φορικῶς
2372 1201 2644 1271 προῆχθαι
2677 1200 2741 1254 τὸ
2769 1199 2923 1268 ἅγιον
2954 1199 3178 1268 Πνεῦμα
3205 1198 3447 1265 λέγεται,
3477 1198 3553 1262 ὠς
3583 1201 3680 1252 καὶ

2103 1293 2168 1343 ἐκ
2198 1292 2299 1360 τῆς
2326 1291 2490 1346 αὐτοῦ
2521 1293 2750 1362 καρδίας
2771 1292 2928 1360 λόγον
2948 1291 3160 1360 ἀγαθὸν
3196 1293 3224 1345 ό
3249 1291 3410 1354 αὐτὸς
3444 1291 3686 1366 ἀναρχος

2105 1379 2295 1449 Πατὴρ
2334 1380 2668 1450 ἐξηρεῦξατο
2697 1399 2710 1413 ο
2738 1381 2938 1434 κόλπον
2983 1381 3041 1435 δὲ
3086 1381 3363 1448 θαλάσσης
3392 1381 3478 1433 ἐπ’
3509 1380 3682 1436 αὐτοῦ

2106 1477 2456 1542 μετενεγκεῖν
2489 1475 2770 1542 τροπικῶς
2804 1474 3192 1545 ἐγχειροῦμεν,
3235 1475 3324 1526 ὅτε
3367 1475 3428 1525 τὸ
3455 1475 3684 1545 ἄπειρον

2103 1565 2211 1616 τῶν
2246 1563 2630 1633 ἀγαθοχυσιῶν
2664 1566 2851 1629 αὐτοῦ,
2883 1569 2976 1619 καὶ
2999 1567 3091 1619 τοῦ
3117 1567 3324 1630 ἐλέους,
3346 1569 3439 1622 καὶ
3464 1570 3563 1635 τῆς
3596 1585 3681 1621 σο-

2104 1654 2257 1724 φίας,
2281 1657 2380 1710 καὶ
2407 1657 2508 1708 ὅσα
2531 1656 2781 1721 τοιαῦτα,
2811 1656 2887 1720 ὼς
2915 1657 3140 1710 δυνατὸν
3179 1659 3549 1728 σκεπτόμεθα,
3585 1662 3684 1713 ἐπ-

2105 1749 2360 1815 αφιέντες
2385 1747 2602 1817 ἀπλέτῳ
2633 1746 2858 1816 πελάγει
2887 1750 3061 1821 τούτῳ
3094 1751 3286 1806 ἁλιάδα
3313 1751 3413 1821 τὴν
3443 1751 3564 1805 κατ’
3587 1754 3682 1806 ἇν-

2035 1812 2077 1868 Β
2107 1812 2349 1910 θρωπον.

2173 1929 2296 2001 σιβ’.
2331 1931 2475 2002 Ὅρα
2496 1931 2552 1985 δὲ
2584 1933 2688 1995 ὄτι,
2715 1933 2834 1984 ἀντὶ
2863 1933 2958 1985 τοῦ
2981 1933 3440 2003 ἐκπορευόμενον,
3471 1953 3682 2005 προηγ-

2105 2024 2266 2094 μένον
2300 2018 2459 2076 εῖπεν
2491 2023 2775 2092 ἀσφαλῶς.
2825 2024 2978 2077 Ἐπεὶ
3027 2021 3122 2078 οῦν
3172 2028 3251 2087 εὶς
3305 2027 3419 2079 ἴσον
3462 2027 3678 2090 τούτοις

2102 2113 2326 2184 ἔρχεται
2359 2115 2454 2168 καὶ
2484 2115 2545 2168 τὸ
2591 2113 3054 2184 προϐεϐλημένον,
3087 2118 3323 2184 ληπτέον
3367 2121 3449 2172 ὃτι
3492 2118 3681 2192 ὥσπερ

2103 2206 2430 2275 ἐκπορεύειν
2465 2209 2493 2259 ὁ
2523 2206 2714 2277 Πατὴρ
2748 2206 2809 2259 τὸ
2845 2206 3073 2274 Πνεῦμα
3109 2209 3350 2278 λέγεται,
3393 2211 3538 2264 οὕτω
3586 2217 3684 2266 καὶ

2107 2297 2374 2367 προάγειν
2406 2298 2503 2351 καὶ
2537 2298 2866 2367 προϐάλλειν
2890 2315 2905 2330 ο
2933 2301 2991 2352 ἐν
3032 2301 3089 2352 δὲ
3117 2301 3196 2370 τῷ
3237 2304 3488 2373 τετάρτῳ
3515 2306 3686 2374 στίχὶρ

2103 2392 2162 2443 ἐν
2192 2383 2235 2458 ᾧ
2263 2393 2296 2462 ἡ
2325 2391 2676 2462 δεδηλωμένη
2721 2392 2974 2456 σύνθεσις
3021 2391 3278 2462 ἐπίτηδες
3322 2396 3352 2462 ἡ
3402 2397 3544 2447 κατά
3582 2396 3689 2466 τὴν

2106 2484 2264 2554 ύφέν,
2301 2483 2484 2547 καλῶς
2517 2488 2612 2537 καὶ
2643 2484 2908 2552 τεχνικῶς
2959 2484 3171 2554 ἐξώσθη
3216 2485 3305 2539 διὰ
3345 2489 3447 2556 τῆς
3491 2488 3686 2540 συνθέ-

2104 2592 2242 2638 σεως
2285 2576 2348 2630 τὸ
2380 2575 2597 2628 τελικὸν
2648 2575 2988 2644 ἀμετάϐολον
3030 2577 3094 2628 ἐκ
3134 2574 3228 2628 τοῦ
3278 2577 3537 2631 ἀκτιστον
3584 2580 3688 2630 καὶ

2105 2668 2622 2739 συμπλαστουργὸν,
2667 2668 2755 2721 ἵνα
2807 2669 2882 2738 μὴ
2915 2669 3014 2722 σὺν
3043 2671 3112 2740 τῇ
3157 2672 3504 2741 κακομετρίᾳ
3533 2672 3626 2726 καὶ
3657 2675 3692 2725 ὀ

2104 2741 2457 2828 ἀναγνωστης
2492 2760 2721 2830 πονῆται
2761 2760 3123 2829 προσπταίων
3171 2761 3270 2827 τὴν
3322 2762 3570 2828 γλῶτταν
3611 2765 3686 2834 τῇ

2105 2850 2212 2902 τῶν
2249 2848 2508 2902 τοιούτων
2537 2847 2896 2916 ἀμεταϐόλων
2941 2849 3265 2918 ἐπαλληλὶα.
3314 2850 3388 2902 Τὸ
3425 2849 3480 2904 δέ
3526 2852 3691 2905 σέθεν

2103 2941 2391 3010 ποιητικόν
2420 2942 2591 3006 ἐστιν,
2623 2937 2814 3008 ὥσπερ
2842 2941 2937 2992 καὶ
2983 2943 3044 2992 τὸ
3093 2943 3184 2992 σέο
3231 2941 3292 2993 τὸ
3328 2943 3690 3012 πρωτότυπον

2103 3032 2292 3086 αὐτοῦ·
2325 3031 2696 3102 λαμϐάνονται
2746 3030 2804 3084 δὲ
2839 3031 3008 3099 ἄμφω
3048 3031 3171 3085 ἀντὶ
3216 3031 3309 3084 τοῦ
3349 3033 3483 3085 σοῦ·
3542 3032 3694 3087 οὕτω

2102 3124 2195 3176 καὶ
2227 3125 2291 3176 ἐκ
2334 3123 2432 3193 τῆς
2479 3121 2614 3192 ἐμοῦ
2647 3123 2993 3190 ἁντωνυμίας
3025 3123 3423 3193 διαλελυμένης
3452 3127 3514 3176 τδ
3558 3125 3694 3194 ἐμέο

2109 3216 2337 3282 γίνεται,
2369 3214 2464 3269 καὶ
2496 3214 2719 3267 ἐκεῖθεν
2749 3216 2809 3266 τὸ
2839 3215 3052 3282 ἐμέθεν,
3096 3217 3185 3266 καί
3221 3217 3284 3269 ἐκ
3311 3216 3404 3268 τυῦ
3428 3209 3488 3269 οὗ
3517 3217 3578 3270 τὸ
3606 3216 3691 3284 ἕο,

2109 3309 2203 3360 καὶ
2226 3306 2350 3360 ἕθεν
2381 3307 2504 3360 ἀντὶ
2541 3304 2638 3358 τοῦ
2665 3305 2853 3360 αὑτοῦ.
2891 3306 2962 3359 Τὸ
2990 3305 3048 3358 δὲ
3078 3307 3179 3368 ἱεὶς
3213 3310 3277 3360 ἐκ
3308 3307 3403 3360 τοῦ
3437 3310 3544 3378 πρὸ
3575 3309 3688 3360 ὀλί-

2103 3415 2219 3469 γων
2252 3397 2506 3468 ῥηθέντος
2534 3397 2658 3465 ἴημι
2689 3397 2923 3465 γίνεται,
2947 3397 3007 3451 οὗ
3038 3415 3113 3451 πα
3126 3400 3414 3468 ρατατικδς
3446 3400 3554 3468 ἴην,
3593 3402 3696 3455 καὶ

2104 3492 2141 3560 ἠ
2184 3487 2388 3558 μετοχὴ
2424 3486 2524 3549 ἱεὶς
2577 3487 2776 3551 ἱέντος,
2824 3487 2852 3540 ὃ
2885 3489 3023 3555 μετὰ
3070 3490 3167 3557 τῆς
3210 3489 3320 3542 ἀπὸ
3369 3489 3694 3558 προθέσεως

2105 3584 2290 3653 ἀφιεὶς
2325 3584 2583 3654 ἀφιέντος
2615 3584 2855 3651 λέγεται·
2885 3583 2944 3647 ἐξ
2969 3585 3118 3653 ἡλίου
3149 3583 3204 3636 δέ
3233 3584 3308 3647 ὡς
3339 3581 3429 3639 οἷα
3461 3586 3690 3652 τοξότου

2108 3675 2249 3728 κατὰ
2295 3675 2422 3738 τοὺς
2477 3675 2742 3736 παλαιοὺς
2793 3677 3052 3743 εἴληπται
3091 3676 3152 3726 τὸ
3205 3675 3346 3728 ίέναι
3396 3677 3556 3738 σέλας
3602 3678 3689 3730 ἰοῦ

2104 3785 2250 3831 τινος
2280 3769 2437 3838 δίκην
2460 3770 2486 3820 ὃ
2510 3771 2659 3821 ἐστιν
2682 3768 2887 3821 dict-06'
2914 3768 2976 3822 τὸ
3004 3769 3116 3838 γὰρ
3147 3770 3515 3823 ἁκτινοϐολείν
3548 3772 3691 3826 ἅνω-

2109 3861 2203 3915 θεν
2227 3863 2436 3914 ἐκεῖνον
2469 3863 2550 3922 εἰς
2581 3861 2704 3930 γῆν,
2740 3860 2925 3931 τοξείᾳ
2959 3860 3182 3924 εἴκαζον
3213 3862 3414 3916 ἐκεῖνοι
3443 3863 3697 3928 ἀστεῐζόο

2111 3971 2284 4022 μενοι.
2317 3954 2479 4007 Ὅθεν
2500 3954 2594 4008 καὶ
2619 3953 2759 4024 ίήῖον
2787 3952 3167 4023 ἀλληγορικῶς
3191 3955 3248 4006 ἐν
3274 3955 3532 4024 τέσσαρσι
3564 3955 3696 4007 συλ-

2107 4045 2301 4108 λαϐαῖς
2335 4046 2568 4098 ἐκάλουν
2611 4046 2794 4098 αὐτόν·
2839 4047 2939 4111 τῆς
2985 4047 3040 4098 δὲ
3088 4045 3562 4116 ἐνανθρωπήσεως
3591 4048 3691 4100 καὶ
3743 4094 3764 4100 -

2108 4135 2202 4189 τοῦ
2231 4136 2604 4205 ἐνανθρωπεῖν
2639 4140 2742 4189 οὑκ
2770 4136 2921 4191 ἐστιν
2949 4137 3043 4190 ἐπὶ
3085 4137 3186 4206 τῆς
3232 4138 3694 4208 κοσμοσωτηρίου

2109 4229 2427 4296 οἰκονομίας
2455 4229 2862 4300 ἐναργεστέραν
2891 4229 2984 4281 καὶ
3027 4229 3374 4299 κυριωτέραν
3411 4228 3557 4294 λέξιν
3599 4231 3692 4283 εύ-

2115 4319 2328 4390 ρέσθαι.

2533 4493 2708 4565 ’ῼδῆς
2738 4493 2998 4562 ἐννὰτης
3028 4495 3250 4564 εἱρμός.

2115 4588 2281 4643 XXV.
2315 4588 2568 4655 Χαίροις,
2597 4588 2834 4651 ἄνασσα,
2870 4585 3318 4658 μητροπάρθενον
3349 4584 3528 4649 κλέος,

2325 4681 2509 4733 ’Ἃπαν
2541 4680 2649 4751 γὰρ
2681 4679 2980 4747 εύδίνητον,
3015 4678 3240 4732 εῦλαλον
3273 4679 3451 4747 στόμα

2335 4771 2654 4841 Ῥητρεῦον,
2685 4773 2744 4824 οὐ
2773 4772 2951 4825 σθένει
2983 4789 3041 4824 σε
3076 4771 3303 4840 μέλπειν
3335 4771 3524 4834 ἀξίως·

2348 4863 2575 4932 ἰλιγγιᾷ
2608 4862 2665 4916 δὲ
2695 4862 2818 4925 νοῦς
2850 4863 2995 4925 ἅπας
3031 4879 3125 4915 σου
3158 4863 3252 4914 τὸν
3279 4863 3439 4915 τόκον

2322 4953 2506 5007 Νοείνο
2534 4956 2658 5007 ὅθεν
2688 4971 2745 5008 σε
2781 4957 2878 5007 σὺν
2916 4955 3068 5021 πόθῳ
3096 4955 3414 5024 δοξάζομεν.

2188 5062 2316 5116 σιγν.
2376 5046 2466 5098 Ἐν
2520 5045 2623 5114 μὲν
2665 5048 2786 5108 ταῖς
2830 5046 2936 5114 πρὸ
2967 5047 3176 5115 ταύτης
3227 5046 3459 5115 μολπαῖς
3506 5048 3534 5100 ὁ
3588 5048 3695 5101 ἀνὰ

2113 5142 2300 5209 χεῖρας
2359 5139 2490 5207 ἡμῖν
2550 5137 2733 5206 τίμιος
2788 5137 3047 5199 ἐποποιὸς
3114 5137 3291 5201 ἄλλως
3341 5139 3693 5208 παρενετίθει

2115 5231 2324 5293 ἐννοίας
2355 5231 2450 5283 καὶ
2478 5229 2723 5299 ἱστορίας
2767 5232 2832 5282 ἐκ
2866 5230 2976 5284 τῶν
3005 5231 3355 5284 παλαιτάτων
3384 5232 3559 5297 ἁγίων
3592 5248 3692 5284 κο-

2115 5325 2360 5390 ρυφαίων
2384 5322 2558 5392 ᾠδῶν,
2592 5322 2728 5391 πρὸς
2758 5320 2824 5384 ἃς
2847 5320 3049 5391 ἐμελψε
3085 5322 3153 5374 τά
3180 5323 3539 5390 ἐκτεθειμένα
3565 5339 3694 5391 τρο-

2113 5416 2311 5482 πόιριαο
2351 5417 2450 5482 τὴν
2483 5414 2538 5465 δὲ
2572 5413 2769 5484 ἐνάτην
2803 5414 3014 5484 ταύτην
3045 5413 3213 5484 ᾠδὴν,
3261 5412 3585 5483 ὠσιωμένην
3621 5416 3690 5483 τῇ

2113 5509 2372 5574 πανάγνῳ
2421 5505 2753 5574 Θεομήτορι,
2801 5507 3114 5575 ἐμέστωσεν
3160 5505 3236 5568 ὡς
3285 5503 3413 5572 ἐξῆν
3455 5503 3692 5566 ἐννοίαις

2109 5600 2226 5658 ταῖς
2260 5601 2340 5660 εἰς
2368 5599 2607 5666 ἐκείνην·
2640 5599 2736 5650 καὶ
2763 5600 2790 5650 ὁ
2826 5599 2926 5667 μὲν
2957 5599 3148 5669 είρμὺς
3180 5599 3436 5667 ἀκράτως
3463 5603 3557 5650 καὶ
3585 5615 3689 5651 καο

2109 5690 2350 5759 ταμόνας
2383 5690 2598 5760 ἐκείνην
2629 5691 2875 5761 εὐφημεῖ
2901 5691 3192 5760 ἀκολουθίᾳ
3230 5691 3475 5760 συνήθει⁶
3523 5691 3600 5758 τῷ
3632 5691 3691 5743 δέ

2117 5779 2240 5850 μετ’
2273 5782 2480 5834 ἐκεῖνον
2521 5780 2804 5850 τροπαρίῳ
2843 5780 3221 5850 παραμίγνυσι
3257 5779 3397 5848 πρὸς
3435 5779 3514 5832 τῶ
3545 5776 3688 5832 τέλει
