4034 6400
359 428 461 494 721

1174 433 1257 492 IN-
1298 432 1637 494 IlYMNUM
1672 431 2330 495 PEN‘TECOSTALEM
2374 435 2834 498 DAMASCENI.

3512 430 3623 498 ’122

361 545 533 619 βραχύ
563 561 616 598 τι
653 543 1052 612 πνευματικὸν,
1084 543 1225 612 πρὸς
1254 541 1426 613 ὄνομα
1476 544 1633 613 μόνον
1673 543 1937 613 μνησθεὶς

2046 543 2232 611 istum,
2263 547 2331 602 ad
2361 548 2545 612 linem,
2570 547 2776 615 aliquid
2818 549 2983 604 breve
3017 549 3084 605 de
3113 549 3326 622 Spiritu
3387 544 3622 603 commi~

353 640 449 695 τοῦ
482 637 881 708 έορταζομένου
910 635 1072 690 Θεοῖν
1115 635 1175 688 τὸ
1215 635 1270 688 δέ
1307 653 1371 704 γε
1405 635 1592 688 λοιπὸν
1635 637 1933 707 τροπάριον

355 734 415 805 ἐξ
445 732 609 805 ὀρθοῦ
641 731 761 784 ἐστι
788 729 1095 800 τριαδικόν·
1140 727 1505 782 ἀνακόλουθον
1534 727 1627 780 οὖν
1671 727 1828 781 τοῦτο
1865 729 1930 797 τῇ

355 803 596 896 ἁρμονίᾳ
618 822 730 877 τῶν
756 821 933 877 ἀλλων
957 821 1204 877 κανόνων
1234 821 1292 875 ὲν
1324 817 1406 884 οἷς
1437 821 1506 873 τά
1541 821 1796 890 τριαδικά
1825 820 1936 873 τῶν

355 916 648 972 θεοτοκίων
679 915 1025 986 πρόκεινται.

438 1098 558 1152 σιδ’.
590 1098 816 1152 Ἕννοια
863 1096 922 1150 δὲ
967 1095 1061 1150 τὸν
1117 1095 1358 1151 ἐνταῦθα
1410 1095 1601 1167 εἱρμὸν
1642 1091 1935 1164 ἀπαρτίζει

353 1191 603 1261 τοιαύτηο
631 1183 945 1261 Χαίροις,ὦ
970 1189 1242 1254 ¹Ἀνασσα,
1281 1188 1732 1260 μητροπάροενον
1754 1188 1933 1256 κλέος,

353 1287 491 1356 ὅπερ
518 1286 637 1338 ἐστὶ
663 1282 1117 1354 περιφραστικῶς
1149 1282 1271 1354 μὲν,
1327 1283 1506 1354 μῆτερ
1540 1281 1637 1335 καὶ
1665 1279 1934 1351 παρθένε,

353 1377 529 1440 ἄλλως
552 1377 630 1442 δὲ,
664 1375 822 1440 κλέος
843 1374 1104 1456 ,μητέρων
1137 1391 1198 1428 τε
1227 1375 1320 1428 καὶ
1345 1373 1657 1442 παρθένων*
1689 1372 1800 1426 τῶν
1835 1371 1936 1442 μὲν

353 1471 440 1524 διά
475 1469 568 1523 τὸν
607 1469 938 1539 γεννηθέντα
979 1469 1114 1522 Θεὸν
1150 1466 1438 1530 ἀνωδύνως
1463 1467 1559 1520 καὶ
1583 1466 1810 1530 ἀλύπως
1849 1466 1938 1520 διὰ

354 1561 415 1614 τὸ
457 1560 580 1630 δίχα
637 1557 845 1614 ὠδίνων
888 1560 983 1614 καὶ
1026 1557 1137 1614 τῶν
1186 1557 1444 1612 ἐντεῦθεν
1473 1558 1678 1612 όδυνῶν
1724 1560 1932 1611 τεκεῖν·

354 1653 544 1708 καθότι
587 1654 680 1707 καὶ
721 1653 852 1706 ἄνευ
899 1652 1099 1722 ἡδονῆς
1149 1650 1412 1705 συνέλαδε
1445 1650 1539 1703 τὸν
1571 1650 1736 1704 αὐτὸν
1778 1649 1936 1716 Θεὸν,

355 1744 450 1799 καὶ
484 1744 614 1798 ἀνευ
645 1743 955 1814 θελήματος
979 1742 1267 1813 σαρκικοῦ,
1296 1734 1372 1795 ὧν
1395 1741 1551 1794 οὐδὲν
1592 1743 1712 1804 ταῖς
1738 1741 1930 1804 ἄλλαις

359 1837 632 1907 μητράσιν
660 1836 1031 1906 ἐνθεωρεϊταιο
1076 1835 1175 1888 καὶ
1203 1830 1348 1886 οὕτω
1382 1832 1483 1902 μὲν
1513 1833 1547 1900 ὴ
1579 1831 1720 1902 ὑπὲρ
1764 1831 1929 1900 φύσιν

355 1929 615 1995 τεκοῦσα,
647 1927 903 1999 μητέρων
930 1926 1089 1990 κλέος
1116 1925 1226 1978 τῶν
1258 1925 1352 1978 καὶ
1389 1925 1448 1979 έν
1484 1923 1683 1986 λύπαις
1713 1939 1933 1976 τικτού-

358 2022 467 2076 σῶν
498 2020 667 2074 τέκνα
694 2020 788 2073 καὶ
810 2019 907 2089 τὴν
936 2017 1131 2088 λοιπὴν
1159 2015 1577 2087 ὲπισυρομένων
1602 2015 1935 2084 έμπάοειαν,

355 2117 533 2186 ὁπόση
571 2114 821 2184 φυσικῶς
850 2114 972 2177 ταῖς
996 2112 1277 2176 τοιαύταις
1311 2114 1683 2184 παρομαρτεῖο
1732 2109 1937 2181 παρθέ-

356 2225 463 2261 νων
490 2207 548 2261 δὲ
576 2206 734 2270 κλέος
763 2207 797 2275 ἠ
828 2205 968 2277 αὑτὴ
995 2204 1089 2258 διά
1108 2204 1171 2258 τὸ
1196 2202 1613 2276 προτιμηθῆναι
1642 2203 1738 2258 καὶ
1765 2201 1938 2270 ὑπερ-

357 2301 584 2370 τεθῆναι
613 2298 707 2354 τοῦ
744 2299 924 2363 ἄλλως
969 2297 1240 2369 μητρικοῦ
1268 2297 1599 2368 αὐχήματος
1634 2294 1697 2347 τὸ
1729 2291 1939 2362 παρθε-

357 2398 531 2451 νικόν·
565 2395 769 2467 στάχυς
799 2413 858 2449 τε
886 2395 998 2464 γάρ
1029 2393 1327 2466 ἀρχέγονος
1357 2392 1566 2453 ἐκεῖνος
1594 2391 1622 2443 ὁ
1647 2387 1940 2456 ἄσπαρτος

359 2491 458 2546 καὶ
483 2491 553 2561 γῆ
610 2490 896 2560 ἀνήροτος,
950 2489 984 2557 ἡ
1034 2486 1421 2557 ἐκθρεψαμένη
1458 2483 1692 2541 ἐκεῖνον,
1726 2482 1784 2543 ὲς
1814 2478 1936 2531 λίαν

363 2584 504 2636 πάνυ
538 2582 704 2635 πλέον
752 2579 1130 2650 θαυμάζονται
1181 2578 1291 2630 τῶν
1342 2579 1405 2631 ὲκ
1451 2576 1556 2646 τῆς
1606 2573 1747 2628 κατά
1778 2571 1943 2640 φύσιν

360 2674 684 2738 ἀκολουθίας
718 2675 812 2727 καὶ
838 2673 1126 2742 γενέσεως,
1159 2672 1253 2724 καὶ
1283 2669 1356 2738 γῆ
1385 2666 1525 2732 αὕτη
1556 2664 1809 2735 ἀστιϐὴς,
1839 2664 1935 2717 καὶ

360 2765 663 2835 ἁπάτητος,
694 2764 791 2816 καὶ
820 2765 899 2825 εἰς
931 2763 994 2814 τὸ
1026 2763 1132 2815 πᾶν
1159 2759 1518 2829 ἀγεώργητος
1547 2757 1616 2810 τά
1650 2757 1708 2818 ές
1741 2753 1904 2824 φύσιν
1925 2769 1938 2781 ·

362 2858 412 2910 εί
439 2857 532 2910 καὶ
563 2856 740 2920 ἄλλως
771 2854 831 2920 ἐξ
860 2854 1065 2925 ἀρετῆς
1101 2855 1182 2916 είς
1209 2853 1479 2923 ὑποδοχὴν
1505 2848 1643 2905 Θεοῦ
1682 2845 1750 2920 ἦν
1785 2845 1942 2900 εὔθε-

361 2966 476 3012 τος·
522 2950 618 3001 καὶ
643 2949 786 3018 ζωῆς
815 2947 871 3000 δὲ
901 2947 1104 3017 στάχυς
1133 2949 1160 2998 ὁ
1191 2945 1249 3012 ἐξ
1285 2946 1479 3013 αὐτῆς,
1514 2943 1583 2998 δι’
1609 2936 1780 3012 οὗπερ
1809 2941 1944 3011 ἡμῖν

363 3047 392 3096 ὁ
421 3041 676 3112 οὐράνιος
709 3041 873 3107 ἄρτος
907 3040 1001 3094 καὶ¹
1033 3041 1205 3108 ἐφάνη
1253 3038 1350 3090 καὶ
1391 3036 1573 3104 ἐδόθη,
1628 3035 1723 3089 καὶ
1766 3049 1946 3103 παρα-

369 3133 524 3202 μένει
571 3132 683 3196 ζῶν
718 3135 810 3186 καὶ
846 3131 1134 3197 ζωοποιὸς,
1189 3132 1291 3186 ούκ
1321 3129 1441 3182 ἔστι
1490 3128 1644 3191 κλέος
1677 3128 1814 3198 ὅπερ
1845 3126 1947 3178 οὐκ

363 3225 432 3280 ἂν
463 3225 565 3278 ὑπε
575 3223 866 3294 ρσαίνοιεν.

431 3322 551 3372 σιεν.
591 3316 716 3372 Ἔτι
739 3317 795 3370 δὲ
829 3316 985 3378 κλέος
1016 3314 1271 3386 μητέρων
1303 3315 1399 3366 καὶ
1430 3310 1774 3383 παρθένωνὴ
1803 3307 1942 3380 αὑτὴ

371 3407 719 3478 μήτρανδρος
763 3408 797 3478 ἡ
841 3407 965 3459 κατ’
1003 3403 1283 3475 ἐξαίρετον
1313 3400 1673 3474 ἀειπάρθενος
1699 3398 1796 3452 καὶ
1825 3397 1942 3451 ἀει-

366 3500 530 3569 κόρη,
563 3500 687 3552 ἐπεὶ
716 3498 782 3552 ἂν
842 3498 988 3562 σώας
1013 3498 1180 3569 ἔχωσι
1211 3499 1416 3568 φρένας
1445 3495 1543 3550 καὶ
1568 3493 1706 3566 πρὸς
1727 3491 1943 3558 ἐκείνην

373 3577 672 3662 μετροῦσαι
703 3591 780 3653 ώς
810 3590 1040 3645 δυνατὸν
1079 3590 1464 3661 παρεξάγωσιν
1492 3587 1712 3649 έαυτάςο
1749 3588 1806 3640 αἱ
1845 3585 1944 3652 μὲν

369 3684 716 3754 θυμούμεναι
750 3684 826 3746 ὡς
873 3683 1134 3750 ἠξίωνται
1183 3681 1420 3752 μητέρες
1469 3675 1628 3745 εἶναι,
1662 3677 1753 3731 καὶ
1785 3677 1946 3731 adut

367 3776 697 3846 πράγματος
747 3774 940 3827 τούτου
1004 3771 1095 3825 καὶ
1155 3771 1419 3841 ὀνόματος
1476 3771 1943 3840 ἐπιτυγχάνουσαι

371 3867 536 3922 καλοῦ
565 3866 660 3920 καὶ
691 3863 924 3933 ἀγαθοῦ·
971 3863 1112 3918 αἰδὲ
1144 3862 1450 3932 παρθενίας
1484 3861 1705 3931 ἔχουσαι
1755 3859 1944 3928 κτῆμα

369 3961 507 4029 ὅπερ
536 3959 564 4011 ό
592 3957 723 4023 Θεὸς
752 3957 1046 4026 ἀγαπήσας
1083 3954 1423 4026 ᾠκειώσατο,
1450 3952 1697 4007 εὒκλειαν
1725 3952 1945 4012 ἑαυταῖς

367 4053 622 4106 ἐντεῦθεν
642 4048 1056 4117 περιποιοῦνται
1102 4048 1443 4118 θαυμαστήν.
1478 4045 1707 4117 Χαίροις
1751 4043 1866 4109 οὖν,
1898 4041 1943 4100 ὦ

373 4139 654 4201 Βασίλεια,
685 4137 841 4201 κλέος
868 4131 944 4192 ὧν
974 4138 1201 4208 εἴπομεν
1231 4138 1528 4205 γυναικῶν.
1555 4136 1652 4190 Διά
1676 4135 1727 4189 τί
1752 4135 1808 4189 δὲ
1827 4139 1944 4205 χαί-

375 4246 487 4302 ροις
516 4232 617 4296 ἀν;
650 4229 822 4285 Τοῦτο
849 4229 913 4300 δὴ
956 4229 1017 4284 τὸ
1057 4229 1150 4282 τοῦ
1181 4227 1423 4300 Γαϐριὴλ
1458 4224 1528 4299 ἦν
1557 4229 1646 4282 ὅτε
1674 4229 1946 4297 ἀγαλλιῶν

376 4321 780 4392 προσφώνημα·
813 4321 946 4375 διότι
995 4323 1105 4375 πᾶν
1150 4319 1424 4391 ἐγκώμιον
1459 4320 1946 4392 ύπεραναϐέδηκας

375 4413 468 4466 διά
509 4414 571 4465 τὸ
603 4411 946 4481 ὑπερϐάλλον
995 4414 1095 4483 τῆς
1141 4415 1380 4484 ἀρετῆς,
1430 4414 1555 4466 καθ’
1597 4413 1663 4484 ἢν
1707 4414 1801 4468 καλ⁵
1839 4415 1946 4468 τῶν

374 4503 646 4575 οὐρανίων
676 4504 976 4574 ταγμάτων
1023 4506 1352 4574 ὑπέρκεισαι
1380 4522 1394 4536 ο
1425 4505 1573 4560 ἀπαν
1614 4505 1723 4575 γάρ
1772 4508 1947 4577 στόμα

377 4595 621 4664 βρότειον
669 4595 980 4666 εὐδίνητον,
1023 4596 1192 4667 ἧγουν
1223 4595 1524 4665 εὔστροφον
1565 4603 1660 4650 καὶ
1696 4595 1941 4664 εὕλαλον,
1978 4581 2021 4636 Ῑ)

373 4687 472 4754 οὐχ
501 4686 710 4753 ἀτελῶς,
742 4687 878 4740 ἀλλὰ
903 4690 994 4742 καὶ
1033 4689 1320 4759 ρητρεῦον,
1350 4688 1470 4760 ἦτοι
1501 4688 1819 4759 ῥητορεῦον,
1846 4691 1947 4744 οὐκ

373 4777 487 4846 ἔχει
513 4777 682 4842 ἀξίως
737 4779 967 4849 μέλπειν
996 4797 1056 4833 σε
1078 4798 1093 4814 ο
1126 4781 1285 4834 τοῦτο
1315 4781 1372 4835 δὲ
1409 4783 1620 4850 γίνεται
1655 4782 1809 4853 παρά
1854 4781 1947 4835 τὸν

379 4870 615 4940 χορηγὸν
645 4871 746 4940 τῆς
799 4873 1088 4942 ῥητορείας
1138 4873 1284 4926 νοῦν.
1328 4873 1484 4926 Ἐπεὶ
1520 4877 1628 4944 γὰρ
1654 4872 1801 4937 ἄπας
1825 4873 1950 4936 νοῦς

380 4961 588 5032 ἰλιγγιᾷ
623 4964 764 5014 νοεῖν
791 4979 883 5015 σου
910 4963 1002 5017 τὸν
1037 4963 1214 5027 τόκον,
1250 4965 1365 5028 πῶς
1396 4965 1463 5018 ἂν
1489 4966 1550 5018 τὸ
1581 4965 1758 5036 στόμα
1789 4968 1950 5038 ῥητο-

378 5052 556 5118 ρεύειν
589 5051 676 5104 ἐπ’
705 5053 855 5121 αύτῷ
887 5053 1141 5119 δύναιτο;
1175 5055 1270 5106 Διὸ
1301 5057 1712 5126 ἀμηχανοῦντες
1746 5057 1950 5110 πλατυ-

374 5143 554 5212 λογεῖν
587 5144 746 5214 μόνον
773 5145 832 5198 τὸ
862 5146 997 5211 Δόξα
1034 5164 1138 5212 σοι,
1171 5147 1516 5218 ἀναϐοῶμεν,
1549 5151 1610 5202 ού
1641 5149 1779 5219 πρὸς
1814 5151 1951 5219 ἀφο-

377 5236 566 5288 σίωσιν
596 5237 693 5289 καὶ
743 5239 934 5307 μόνην,
971 5237 1038 5308 ἢν
1079 5238 1175 5291 καὶ
1217 5238 1588 5309 προσποίητον
1630 5240 1688 5290 ἐν
1739 5241 1950 5302 πολλοῖς

377 5327 601 5396 οἴδαμεν
637 5327 912 5396 γίνεσθαι,
941 5329 1076 5382 ἀλλά
1105 5329 1206 5382 σὺν
1237 5329 1388 5400 πόθῳ
1411 5331 1700 5400 πρέποντι.

453 5594 588 5652 σις’.
643 5589 837 5642 ἰστέον
881 5591 938 5642 δὲ
987 5592 1070 5645 ὅτι
1115 5593 1293 5661 στόμα
1343 5586 1443 5662 μὲν
1496 5597 1670 5649 εἰπεῖν
1725 5595 1950 5652 εύλαλον

381 5680 798 5746 κυριολεκτικόν
843 5683 1028 5735 ἐστιν*
1060 5683 1341 5752 εὑδίνητον
1387 5685 1444 5737 δὲ
1495 5686 1628 5740 αὐτὸ
1669 5691 1834 5754 φάναι
1887 5693 1948 5744 οὐ

382 5774 845 5840 κυριολεκτείται·
881 5775 1018 5829 ἀλλά
1053 5775 1129 5838 ὡς
1179 5777 1288 5830 ἀπὸ
1323 5778 1524 5847 μέρους
1561 5781 1659 5849 τῆς
1697 5783 1946 5854 γλώσσης

380 5859 702 5932 δινουμένης
749 5865 834 5918 ὅτε
880 5865 1153 5936 λαλοῦμεν
1191 5867 1468 5936 εύδίνητον
1515 5873 1608 5924 καὶ
1659 5872 1719 5926 τὸ
1773 5875 1944 5943 στόμα

2044 647 2208 700 scunt,
2235 639 2354 695 solo
2391 640 2615 695 nomine
2648 641 2903 696 celebrati
2927 641 3018 697 Dei
3043 641 3366 698 memoriam
3385 652 3618 711 ponens.

2040 730 2247 786 Catera
2268 746 2398 787 vero
2415 734 2639 801 stmphe
2656 742 2802 787 recte
2819 733 2883 788 de
2907 732 3177 790 Trinitate
3193 744 3296 790 est.
3320 732 3434 788 lloc
3457 731 3623 801 igitur

2041 841 2148 879 non
2179 825 2414 880 cohaeret
2437 840 2560 879 cum
2599 825 2888 880 harmonia
2925 826 3157 881 aliorum
3192 838 3494 888 canonum,
3563 821 3618 875 in

2042 919 2243 987 quibus
2275 933 2398 986 qua:
2419 919 2484 971 de
2517 915 2784 973 Trinitate
2811 927 2964 985 sunt,
2989 932 3054 974 ea
3084 933 3206 988 quae
3225 932 3254 972 a
3290 918 3401 974 Deo
3421 923 3624 971 exeunt

2041 1011 2514 1079 antegrediuntnr.

2117 1101 2241 1158 214.
2274 1094 2424 1158 llunc
2447 1113 2628 1157 autem
2660 1110 2985 1172 praesentem
3009 1117 3210 1159 nexum
3238 1101 3363 1159 talis
3390 1110 3621 1158 senten-

2040 1193 2116 1249 tia
2155 1193 2392 1263 partitur
2423 1212 2436 1248 :
2470 1193 2652 1260 Salve,
2685 1192 2917 1266 Regina,
2950 1193 3398 1266 μητροπάρθενον
3439 1192 3622 1258 κλέος,

2040 1284 2184 1354 quod
2219 1293 2302 1340 est
2361 1299 2459 1354 per
2512 1283 3082 1350 circumlocutionem,
3135 1291 3312 1337 mater
3353 1289 3407 1337 et
3442 1281 3620 1349 virgo,

2040 1385 2409 1447 caeterumque
2432 1386 2668 1433 matrum
2702 1391 2769 1432 ac
2807 1376 3080 1446 virginum
3130 1375 3334 1442 decus;
3389 1374 3620 1429 aliarum

2040 1469 2259 1539 quidem
2285 1477 2507 1540 propter
2537 1468 2688 1523 illum
2724 1484 2884 1536 quem
2919 1467 3104 1538 genuit
3164 1465 3333 1522 Deum
3382 1465 3624 1522 suaviter

2039 1573 2094 1618 et
2120 1565 2260 1627 laete,
2298 1576 2365 1618 eo
2389 1560 2534 1632 quod
2575 1561 2782 1631 absque
2823 1568 3011 1629 partus
3042 1558 3312 1630 angustiis
3345 1566 3397 1612 et
3421 1571 3624 1612 moero-

2042 1655 2198 1711 ribus
2247 1653 2451 1710 exinde
2479 1653 2741 1724 peperit;
2798 1659 3076 1723 quatenus
3138 1650 3390 1706 eumdem
3453 1649 3622 1704 Deum

2043 1748 2163 1803 sine
2186 1747 2466 1817 voluptate
2497 1747 2728 1814 sineque
2758 1744 3047 1800 voluntate
3072 1742 3284 1798 carnali
3331 1739 3623 1809 concepit;

2043 1838 2189 1908 quod
2218 1837 2273 1892 in
2305 1837 2427 1893 aliis
2462 1836 2730 1890 matribus
2759 1834 2908 1890 nullo
2934 1833 3098 1890 modo
3127 1831 3428 1902 reperitur;
3460 1839 3627 1900 atque

2041 1933 2116 1987 ita
2175 1930 2417 2002 quidem,
2474 1943 2598 1984 cum
2646 1942 2810 1998 supra
2862 1936 3114 1982 naturam
3166 1925 3399 1994 peperit,
3457 1924 3630 1977 decus

2040 2033 2126 2081 est
2149 2031 2409 2088 matrum,
2431 2037 2554 2092 qua:
2584 2021 2724 2077 lllios
2749 2020 2802 2076 in
2827 2017 3158 2075 maeroribus
3189 2015 3431 2088 pariunt,
3463 2024 3627 2072 caete-

2041 2133 2246 2188 rosque
2280 2117 2532 2173 turbidos
2572 2129 2764 2172 secum
2791 2113 3021 2170 trahunt
3042 2111 3297 2173 affectus,
3333 2110 3428 2179 qui
3463 2119 3624 2164 natu-

2043 2227 2102 2267 ra
2133 2211 2367 2267 comites
2394 2209 2708 2280 bujusmodi
2765 2208 3036 2262 matribus
3083 2206 3302 2262 adsunt.
3335 2201 3626 2275 Virginum

2041 2309 2223 2356 autem
2253 2300 2419 2355 decus
2459 2298 2650 2354 eadem
2683 2308 2790 2364 est,
2820 2313 2886 2354 eo
2916 2295 3066 2365 quod
3119 2295 3357 2365 praetulit
3389 2309 3454 2349 ac
3485 2309 3627 2364 prte-

2042 2393 2224 2465 posuit
2259 2402 2520 2448 maternae
2548 2391 2861 2463 gloriationi
2889 2390 3213 2462 virgineam.
3247 2388 3445 2460 Spicus
3477 2386 3621 2442 enim

2045 2486 2133 2540 ille
2173 2485 2527 2556 pritnigenius
2563 2484 2681 2540 sine
2725 2485 2957 2548 semine,
3014 2491 3274 2552 terraque
3325 2497 3434 2536 non
3467 2489 3616 2534 arata

2044 2593 2165 2648 quae
2207 2578 2435 2632 nutrivit
2487 2577 2663 2646 illum,
2729 2577 2902 2632 multo
2967 2575 3144 2646 magis
3195 2587 3360 2644 quam
3412 2571 3490 2625 illi
3532 2569 3626 2639 qui

2045 2672 2356 2729 naturalem
2373 2672 2781 2740 generationem
2805 2675 3244 2740 consequuntur,
3278 2665 3623 2722 mirationem

2048 2773 2294 2821 movent.
2327 2764 2394 2820 Et
2423 2764 2527 2820 ista
2561 2774 2702 2819 terra
2727 2779 2836 2820 non
2879 2763 3110 2827 calcata,
3166 2775 3276 2817 non
3330 2760 3478 2820 trita,
3517 2772 3626 2811 non

2046 2857 2272 2913 omnino
2327 2857 2502 2921 culta,
2569 2858 2696 2912 licet
2751 2871 2819 2912 ex
2877 2855 3081 2911 virtute
3140 2854 3249 2908 Deo
3310 2849 3629 2920 recipiendo

2051 2947 2188 3003 bene
2237 2949 2539 3019 disposita,
2598 2949 2834 3019 vitaeque
2887 2947 3074 3016 spicus
3120 2961 3189 3000 ex
3249 2957 3313 2999 ea
3366 2956 3620 3011 surgens,

2049 3054 2138 3109 per
2172 3053 2331 3109 quem
2362 3038 2520 3095 nobis
2552 3039 2709 3106 panis
2746 3037 2984 3094 caelestis
3031 3037 3186 3092 visus
3223 3044 3279 3090 et
3335 3033 3493 3088 datus
3519 3039 3625 3097 est,
3703 3023 3705 3026 ⁴

2047 3138 2438 3201 permanetque
2468 3129 2656 3186 vivens
2698 3136 2755 3184 et
2803 3127 3103 3191 vivillcans,
3164 3139 3275 3181 non
3327 3131 3411 3181 est
3455 3121 3625 3179 decus

1969 3245 2016 3310 ρ
2048 3221 2198 3293 quod
2231 3237 2488 3293 superare
2517 3231 2812 3292 nequeant.

2115 3311 2247 3366 215.
2281 3311 2474 3367 Adhuc
2497 3319 2677 3366 autem
2705 3319 2938 3366 matrum
2960 3325 3024 3366 ac
3053 3309 3325 3380 virginum
3347 3316 3432 3365 est
3457 3307 3627 3363 decus

2045 3403 2232 3459 eadem
2267 3413 2440 3458 mater
2464 3403 2794 3458 excellenter
2852 3417 3067 3473 semper
3098 3404 3252 3475 virgo
3303 3414 3628 3470 semperque

2049 3497 2249 3565 puella,
2285 3495 2582 3550 dummodo
2605 3510 2767 3550 sanas
2801 3493 3040 3549 habeant
3073 3503 3307 3558 mentes,
3339 3501 3394 3549 et
3428 3506 3627 3548 secun-

2047 3590 2176 3642 dum
2234 3588 2407 3652 illam,
2466 3597 2528 3642 ut
2584 3597 2668 3643 est
2729 3587 3009 3656 possibile,
3064 3602 3186 3643 sese
3242 3593 3626 3642 mensurantes

2048 3679 2467 3750 pcrambulent;
2529 3681 2646 3734 alia:
2670 3679 2885 3750 quidem
2936 3679 3288 3735 recordantes
3335 3679 3481 3744 quod
3515 3691 3626 3732 me-

2049 3781 2273 3827 ruerunt
2339 3787 2462 3828 esse
2535 3780 2760 3838 matres,
2827 3770 2995 3840 hujus
3057 3769 3218 3825 oﬂicii
3277 3768 3627 3838 nominisque

2049 3862 2258 3933 pulchri
2289 3878 2351 3920 ac
2385 3862 2512 3918 boni
2537 3862 2692 3918 factae
2717 3863 3053 3932 participes;
3086 3863 3204 3917 aliae
3234 3878 3362 3918 vero
3395 3861 3624 3932 virgini-

2049 3957 2176 4011 tatis
2199 3957 2403 4010 sortitae
2431 3956 2774 4017 thesaurum,
2805 3969 2965 4023 quem
3005 3953 3170 4021 Deus,
3215 3951 3388 4024 ipsius
3437 3967 3626 4008 amore

2047 4058 2257 4116 captus,
2283 4049 2561 4118 proprium
2596 4047 2700 4103 sibi
2738 4045 2893 4114 fecit,
2922 4046 3116 4100 miram
3165 4045 3363 4102 exinde
3392 4045 3622 4117 gloriam

2047 4141 2151 4195 sibi
2188 4141 2503 4211 acquirunt.
2537 4138 2696 4194 Salve
2723 4155 2877 4208 ergo,
2909 4137 3137 4206 Regina,
3164 4139 3455 4194 mulierum
3485 4153 3625 4209 quas

2047 4233 2310 4300 diximus,
2363 4231 2550 4287 decus.
2613 4230 2727 4286 Cur
2773 4240 2955 4285 autem
3015 4230 3120 4285 hoc
3179 4231 3327 4286 salve
3374 4230 3512 4285 tibi?
3568 4240 3628 4286 ut

2047 4324 2176 4394 quid
2216 4323 2319 4378 hoc
2350 4322 2638 4393 gaudeas?
2662 4320 2776 4378 liae
2829 4329 2982 4377 certe
3045 4321 3148 4376 fuit
3179 4321 3309 4376 olim
3343 4322 3628 4378 exsultans

2048 4415 2316 4471 Gahrielis
2347 4415 2629 4476 salutatio,
2665 4413 2927 4483 quoniam
2966 4425 3132 4482 super
3156 4427 3374 4468 omnem
3408 4412 3624 4467 laudem

2050 4524 2107 4564 es
2167 4507 2403 4562 exaltata
2467 4516 2686 4576 propter
2730 4504 3113 4561 excellentiam
3169 4504 3415 4572 virtutis,
3465 4505 3625 4574 juxta

2050 4616 2210 4670 quam
2277 4599 2530 4656 caelestes
2595 4599 2816 4653 ordines
2873 4605 3212 4664 tranSgressa
3273 4612 3393 4658 es:
3463 4611 3629 4653 omne

2062 4709 2298 4760 namque
2328 4707 2389 4748 os
2421 4693 2716 4746 humanum
2744 4689 2996 4756 volubile,
3026 4688 3144 4744 sive
3191 4699 3526 4760 promptum,
3572 4699 3629 4746 et

2049 4784 2270 4854 loquax,
2301 4798 2408 4838 non
2435 4783 2779 4852 simpliciter,
2810 4782 2903 4836 sed
2930 4779 3195 4836 disertum
3222 4789 3276 4835 et
3301 4779 3624 4848 fecundum,

2050 4889 2158 4927 non
2196 4883 2248 4929 te
2277 4874 2438 4944 digne
2491 4875 2766 4928 celebrare
2799 4882 3014 4944 potest:
3047 4875 3149 4928 hoc
3171 4881 3353 4928 autem
3385 4881 3625 4930 mentem

2049 4956 2373 5035 eloquentiae
2436 4965 2647 5028 ,ducem
2705 4973 2951 5036 superat.
3035 4963 3174 5019 Cum
3245 4965 3392 5020 enim
3447 4965 3628 5022 omnis

2051 5072 2205 5110 ιιηιιιε
2253 5063 2435 5125 stnpet
2487 5064 2541 5110 et
2599 5055 2814 5110 haesitat
2875 5055 3116 5126 cogitare
3168 5062 3324 5109 tuum
3380 5062 3622 5125 partum,

2049 5147 2325 5216 quomodo
2377 5159 2540 5215 super
2586 5143 2737 5199 illum
2791 5160 2855 5202 os
2891 5146 3154 5215 eloquens
3202 5159 3325 5201 esse
3373 5145 3630 5216 poterit?

2051 5238 2180 5293 ldeo
2217 5253 2322 5292 non
2353 5237 2598 5294 valentes
2639 5247 2692 5292 te
2741 5237 2965 5293 laudare
2989 5239 3239 5301 multum.
3265 5237 3441 5295 solum
3468 5240 3571 5294 hoc
3606 5256 3620 5294 :

2053 5331 2174 5385 'l'ihi
2207 5329 2398 5397 gloria,
2428 5329 2750 5393 clamamus,
2781 5345 2890 5384 non
2924 5329 2988 5384 ad
3025 5329 3200 5385 solam
3221 5329 3623 5386 absolutionem

2049 5421 2232 5485 cilicii,
2265 5435 2428 5490 quam
2463 5421 2801 5487 simulatam
2836 5422 2890 5476 in
2914 5421 3120 5478 multis
3168 5435 3290 5478 esse
3346 5419 3625 5490 novimus,

2051 5512 2143 5567 sed
2169 5527 2292 5565 cum
2333 5510 2608 5566 desiderio
2637 5507 3005 5566 convenienti.

2121 5600 2248 5654 216.
2278 5601 2570 5657 Sciendum
2614 5613 2794 5657 autem
2827 5605 2976 5673 quod
3027 5620 3090 5661 os
3116 5607 3335 5677 quidem
3400 5605 3627 5660 εὕλαλον

2051 5694 2248 5760 dicere,
2287 5695 2503 5764 propria
2522 5694 2690 5753 dictio
2709 5705 2791 5750 est
2811 5710 2824 5747 :
2845 5697 2972 5751 illud
2999 5707 3175 5752 autem
3198 5699 3474 5769 εύδίνητον
3496 5712 3624 5769 pro-

2052 5788 2431 5853 nuntiare,non
2459 5789 2673 5858 pr0prie
2711 5790 2910 5844 dicitur
2955 5791 3080 5845 :sed
3103 5793 3328 5846 velutex
3343 5799 3499 5860 parte
3517 5789 3624 5844 lin-

2051 5895 2297 5948 guchute
2316 5891 2561 5935 movetur
2592 5881 2806 5950 quando
2836 5880 3128 5953 loquimur,
3156 5897 3216 5937 os
3246 5884 3407 5964 etiam
3429 5881 3625 5938 mobile
