4034 6426
371 412 480 479 7‘23

1081 409 1505 471 EUSTATHlI
1531 405 2279 471 TIIESSALONICENSIS
2317 409 2874 476 METROPOLITIE

3511 399 3619 464 ’724

371 524 545 580 fertur
577 520 659 576 vel
685 519 984 595 εὑδίνητον.
1019 519 1310 590 Εὑδίνητος
1342 530 1524 575 autem
1555 533 1620 575 ea
1645 527 1728 575 est
1759 517 1936 588 lingua

2048 519 2290 588 λέγεται.
2324 523 2617 592 Εὑδίνητος
2643 524 2699 577 δὲ
2726 523 2949 590 γλῶσσα
2995 520 3028 590 ὴ
3061 517 3393 588 συμμέτρως
3425 514 3626 586 ἔχουσα

369 630 493 683 qua:
555 612 943 668 convenienter
978 619 1062 665 est
1102 611 1168 665 ad
1228 612 1611 669 volutandum.
1666 609 1814 665 Talis
1861 618 1945 664 est

364 720 490 776 qua:
517 719 650 767 non,
678 714 735 757 ut
758 701 962 757 urbane
991 701 1202 771 loquar,
1221 712 1306 758 est
1328 703 1546 773 gracilis
1567 701 1688 755 κατ’
1709 697 1947 770 ἔλλειψιν

365 813 461 853 seu
491 795 847 852 derelictione
884 811 898 847 :
940 794 1052 850 haec
1087 796 1232 851 enim
1268 797 1335 851 ad
1370 805 1581 851 motum
1644 803 1825 865 egeret
1857 810 1945 850 ve-

365 899 472 957 cte,
507 890 612 944 alia
649 905 778 944 vero
810 889 1176 960 ligaminevel
1201 889 1311 944 alio
1364 888 1698 944 retinaculo.
1761 888 1947 944 Potest

363 992 544 1038 autem
580 981 853 1052 εὑδίνητον
912 979 1017 1036 dici
1071 981 1272 1051 στόμα,
1313 998 1554 1048 rursum,
1616 982 1761 1054 quod
1795 982 1944 1039 clare

362 1083 628 1142 acuteque
667 1074 931 1145 loquitur,
978 1083 1160 1143 atque,
1219 1069 1300 1129 ut'
1334 1075 1405 1130 ita
1462 1075 1664 1140 dicam,
1718 1074 1942 1145 εὗτορον

363 1175 487 1233 est,
542 1167 597 1221 in
630 1181 697 1222 eo
753 1168 898 1236 quod
965 1167 1148 1235 lingua
1213 1167 1350 1223 bene
1402 1167 1656 1231 volvitur,
1706 1177 1761 1223 et
1805 1169 1943 1224 labia

363 1258 635 1313 concinne
669 1269 980 1314 moventur.
1014 1260 1082 1314 Et
1117 1259 1264 1313 venit
1328 1259 1645 1328 hujusmodi
1712 1260 1939 1314 verbum

364 1365 395 1404 a
432 1349 580 1420 δίνῳ,
610 1349 662 1403 id
713 1363 816 1416 εει,
873 1351 1038 1419 τόρῳ,
1102 1365 1201 1404 seu
1250 1350 1446 1419 τᾶρνῳ,
1511 1363 1576 1404 ex
1633 1365 1743 1418 quo
1776 1349 1939 1404 etiam

361 1445 611 1512 τορεύειν
637 1452 694 1497 et
725 1443 934 1511 τορεία,
966 1457 1086 1510 qua:
1129 1443 1184 1494 lit
1216 1442 1358 1510 apud
1416 1441 1638 1496 Latinos
1661 1455 1941 1508 cavatura,

362 1549 524 1603 quam
556 1536 748 1590 caelant
775 1546 1080 1590 cavatores.
1109 1533 1216 1587 Τοῦ
1242 1534 1388 1588 δίνου
1413 1544 1619 1600 autem,
1655 1535 1745 1603 qui
1769 1535 1935 1589 etiam

361 1623 507 1693 apud
535 1635 742 1680 veteres
767 1625 1091 1680 rotationem
1127 1626 1409 1681 caelestem
1456 1626 1746 1696 significat,
1795 1626 1942 1682 deri-

361 1714 508 1771 vatio
529 1727 612 1771 est
663 1715 805 1785 δίνη,
876 1716 943 1770 de
977 1717 1326 1772 sustollendis
1357 1717 1516 1786 aquis
1545 1717 1711 1782 dicta,
1747 1719 1938 1786 quales

362 1806 550 1862 multa:
574 1817 703 1862 sunt
731 1824 829 1878 per
855 1810 1133 1877 repulsum
1161 1809 1214 1862 in
1244 1809 1380 1862 mari
1414 1819 1467 1863 et
1494 1809 1547 1863 in
1605 1808 1803 1863 ﬂuviis.
1857 1811 1938 1865 Ab

363 1895 678 1966 hujusmodi
736 1897 855 1968 δίνῃ
910 1897 1056 1952 venit
1104 1898 1266 1952 etiam
1328 1898 1528 1953 locutio
1592 1901 1938 1977 ἀργυροδέναι

360 1987 619 2056 ποτάμοι,
652 1986 800 2042 ﬂuvii
828 1987 1028 2043 fluetus
1057 2002 1350 2063 argenteos
1384 1994 1688 2048 volventes.
1830 1977 1836 1982 ’

427 2080 554 2137 9J7.
590 2079 703 2136 Hoc
725 2091 906 2136 autem
934 2081 1163 2135 εύὶαλον
1191 2083 1514 2152 simpliciter
1549 2093 1607 2137 ut
1654 2099 1940 2138 commune

359 2172 608 2243 quidem,
637 2175 802 2230 etiam
835 2174 1064 2244 pulchre
1093 2175 1366 2242 cogitatur
1403 2194 1416 2232 :
1453 2175 1652 2229 tnelius
1703 2184 1786 2229 est
1815 2189 1941 2229 vero

357 2265 601 2335 cogitare
635 2264 741 2320 tale
773 2279 857 2332 os,
914 2265 1046 2319 illud
1107 2266 1249 2334 quod
1314 2266 1687 2322 ChriStianum
1751 2273 1836 2320 est
1888 2276 1943 2320 et

358 2359 498 2414 bene
555 2358 800 2427 loquitur
855 2357 1002 2412 velut
1056 2359 1448 2414 orthodoxum.
1497 2358 1650 2413 Talia
1706 2374 1942 2428 namque

310 2432 659 2505 nconcittunt
715 2447 1023 2514 Deiparatn,
1081 2449 1182 2502 etsi
1249 2464 1363 2511 non
1411 2452 1565 2520 juxta
1619 2449 1938 2520 dignitatem

356 2540 464 2596 hoc
519 2541 701 2594 facere
761 2549 998 2609 queant;
1063 2554 1168 2594 non
1227 2547 1408 2595 tamen
1469 2542 1597 2609 illa,
1657 2557 1778 2611 quae
1817 2543 1942 2612 qui-

356 2633 480 2688 dem
531 2631 671 2687 bene
718 2642 930 2688 versata
965 2641 1094 2687 sunt
1139 2643 1192 2688 et
1223 2633 1452 2700 diserta,
1498 2635 1594 2690 sed
1643 2649 1752 2690 non
1794 2646 1941 2690 recte

355 2726 560 2793 sciunt,
613 2741 783 2780 unum
838 2726 892 2781 in
936 2724 1204 2794 Trinitate
1263 2725 1431 2782 Deum
1495 2737 1550 2784 et
1601 2729 1940 2784 dilectissimi

355 2815 482 2876 Filii
509 2817 834 2879 descensum
872 2818 1016 2889 apud
1045 2833 1170 2882 nos,
1201 2827 1256 2873 et
1289 2835 1355 2874 ex
1387 2821 1620 2891 virgine,
1677 2821 1774 2890 ipsi
1805 2835 1939 2874 con-

356 2909 628 2973 veniente,
649 2910 1074 2980 generationem.
1129 2910 1394 2984 Syucgpte
1411 2927 1541 2966 vero
1571 2911 1665 2967 τοῦ
1702 2911 1939 2982 ρητρεύ-

355 3019 437 3060 ειν
459 3001 759 3058 conformis
781 3012 867 3057 est
895 3002 986 3058 illa
1008 3003 1308 3074 respiciens
1341 3005 1405 3056 ad
1427 3003 1632 3074 ῥῆτρας
1656 3002 1935 3074 ἐξέφηνεν,

355 3105 417 3152 ut
445 3093 650 3152 dictum
681 3105 784 3159 est,
825 3095 1160 3152 illitteratos.
1201 3096 1440 3158 Verbum
1491 3105 1669 3150 autem
1707 3096 1938 3166 μέλπειν

2049 611 2142 664 τοῦ
2173 612 2452 666 δινεῖσθαι·
2479 613 2702 683 τοιαύτη
2730 613 2788 667 δὲ
2819 615 2851 683 ἡ
2898 613 3062 683 μήτε,
3107 609 3372 671 ’Λττικῶς
3425 609 3624 667 εἰπεῖν,

2051 701 2220 772 λίσπη
2269 705 2391 758 κατ’
2421 705 2679 774 ἔλλειψιν·
2723 707 2756 776 ἡ
2805 707 2902 775 μὲν
2953 704 3062 774 γὰρ
3098 701 3298 772 μοχλοῦ
3347 702 3412 754 ἂν
3455 700 3628 752 δέοιτο

2048 795 2394 865 κινήσεσθαι,
2443 799 2476 866 ή
2520 797 2574 850 δὲ
2616 795 3062 866 γλωττοπέδηςῆ
3100 794 3347 864 ἑτεροίας
3397 792 3623 859 ἐποχῆς·

2047 886 2277 942 δύναται
2307 888 2363 941 δὲ
2391 890 2671 959 εὑδίνητον
2698 888 2958 958 λέγεσθαι
2987 889 3188 957 στόμα,
3232 886 3324 938 καὶ
3371 885 3430 937 to
3463 882 3629 948 φθεγ-

2047 978 2281 1048 γόμενον
2314 981 2484 1050 τορῶς
2530 981 2622 1034 καὶ
2677 981 2889 1048 σαφῶς,
2929 980 3026 1032 καὶ
3060 978 3134 1040 ὠς
3176 979 3354 1030 εἰπεῖν
3401 973 3626 1041 εὓτορον

2047 1072 2106 1122 ὲν
2144 1072 2218 1141 τῷ
2247 1074 2342 1124 καὶ
2375 1073 2473 1143 τὴν
2501 1073 2751 1142 γλῶσσαν
2776 1067 2836 1126 εὖ
2872 1071 3228 1142 στρέφεσθαι,
3257 1070 3351 1121 καὶ
3376 1067 3443 1120 τὰ
3474 1067 3625 1136 χείλη

2051 1163 2388 1233 ἑναρμονίως
2421 1164 2730 1218 κινεῖσθαι·
2762 1167 2854 1218 καὶ
2890 1163 3101 1230 γίνεται
3135 1162 3195 1214 τὺ
3246 1159 3489 1214 τοιοῦτον
3516 1159 3628 1210 ἀπὸ

2045 1255 2140 1309 τοῦ
2169 1258 2312 1310 δίνου
2361 1259 2388 1311 ὃ
2424 1260 2540 1312 ἐστι
2585 1260 2745 1328 τόρου
2786 1257 2880 1310 τοῦ
2917 1260 3006 1309 καὶ
3049 1257 3267 1326 τόρνου,
3315 1255 3372 1320 ἐξ
3419 1251 3478 1304 οὗ
3531 1253 3625 1304 καὶ

2024 1342 2314 1416 τορεύειν,
2349 1352 2446 1403 xati.
2493 1352 2681 1422 τορεία
2730 1353 2762 1421 ἡ
2811 1354 2905 1406 καὶ
2950 1349 3265 1419 καῆατοῦρα
3297 1348 3449 1413 παρά
3489 1345 3624 1398 Ῥω-

2047 1442 2252 1510 μαίοις,
2278 1443 2346 1512 ῆν
2374 1445 2859 1514 διαχειρίζονταιοὶ
2885 1442 3228 1511 καϋάτωρες·
3259 1439 3351 1492 τοῦ
3377 1439 3430 1490 δὲ
3457 1437 3623 1501 δίνου,

2045 1533 2104 1594 ὃς
2137 1535 2233 1588 καὶ
2261 1535 2358 1605 τὴν
2389 1535 2644 1604 οὐράνιον
2680 1537 2920 1606 στροφὴν
2957 1536 3217 1605 σημαίνει
3247 1531 3343 1584 ἐπὶ
3373 1532 3484 1592 τοῖς
3517 1546 3624 1581 πα-

2043 1624 2258 1690 λαιοῖς,
2309 1629 2648 1696 παράγωγον
2701 1630 2731 1698 ἡ
2783 1629 2901 1698 δίνη
2953 1627 3224 1695 λεγομένη
3278 1625 3367 1675 ἐπὶ
3417 1622 3626 1675 ὑδάτων

2047 1717 2386 1786 συστροφῆς,
2417 1719 2604 1770 ὁποῖαι
2653 1719 2850 1772 πολλαὶ
2887 1719 3008 1772 κατ’
3051 1717 3401 1787 ἀντίκρουσιν
3447 1718 3539 1766 καὶ
3567 1716 3626 1766 ἐν

2045 1809 2290 1880 θαλάσσῃ
2322 1811 2412 1862 καὶ
2435 1811 2491 1862 ἐν
2517 1813 2778 1881 ποταμοῖς
2804 1813 3067 1877 γίνονται·
3099 1808 3210 1862 ἀπὸ
3237 1807 3291 1860 δὲ
3318 1808 3417 1877 τῆς
3444 1804 3629 1859 τοιαύ-

2042 1917 2140 1968 της
2168 1899 2316 1969 δίνης
2351 1902 2446 1954 xui.
2474 1903 2524 1954 οί
2558 1903 2909 1972 ἀργυροδῖναι
2946 1902 3203 1970 ποταμοί.

2129 2078 2254 2144 σίζ’.
2288 2081 2361 2133 Τὸ
2387 2079 2441 2134 δὲ
2471 2079 2696 2135 εὑλαλον
2725 2084 2819 2134 καὶ
2847 2082 3126 2144 ἁπλοϊκῶς
3159 2079 3257 2149 μὲν
3285 2079 3620 2146 κοινότερον,

2042 2176 2221 2238 καλῶς
2250 2179 2470 2231 νοεῖται·
2504 2177 2722 2232 κάλλιον
2746 2178 2802 2231 δὲ
2826 2178 3016 2247 νοῆται
3057 2175 3232 2244 στόμα
3264 2171 3528 2234 τοιοῦτον,
3560 2173 3620 2222 τὸ

2042 2268 2436 2338 Χριστιανικὸν
2470 2271 2565 2324 καὶ
2599 2265 2659 2324 εὖ
2715 2269 2910 2324 λαλοῦν
2946 2269 3022 2324 ὡς
3064 2265 3370 2342 ’ὀρθόδοξοψ
3415 2265 3482 2316 τὰ
3517 2263 3624 2329 γάρ

2042 2362 2272 2415 τοιαῦτα
2326 2363 2595 2433 μέλπουσι
2650 2362 2748 2430 τὴν
2795 2361 3082 2423 Θεοτόκον,
3118 2359 3166 2412 εἰ
3212 2357 3305 2410 καὶ
3360 2355 3435 2424 μὴ
3489 2353 3625 2422 πρῆς

2043 2455 2200 2518 ἀξίαν
2227 2454 2387 2508 τοῦτο
2417 2457 2590 2508 ποιεῖν
2636 2455 2916 2509 δύνανται·
2969 2453 3032 2505 οὑ
3073 2450 3180 2522 μὴν
3204 2451 3270 2503 τὰ
3302 2447 3491 2509 ἁπλῶς
3529 2445 3627 2515 μὲν

2042 2545 2320 2616 εὕστροφα
2362 2546 2453 2598 καὶ
2486 2545 2780 2617 ῥητορικὰ,
2813 2544 2890 2615 μὴ
2927 2543 3105 2596 εἰδότα
3132 2541 3187 2594 δὲ
3233 2538 3411 2609 ὀρθῶς
3441 2536 3534 2589 τὸν
3569 2539 3628 2587 ὲν

2042 2640 2233 2710 Τριάδι
2264 2640 2362 2693 ἕνα
2394 2640 2526 2692 Θεὸν
2569 2641 2665 2692 καὶ
2693 2643 2793 2710 τὴν
2838 2639 2931 2691 τοῦ
2969 2636 3275 2704 ἀγιωτάτου
3310 2631 3442 2685 Υἱοῦ
3467 2628 3629 2682 κάθο-

2041 2733 2131 2786 δον
2174 2733 2261 2800 ἐφ’
2299 2733 2472 2802 ἡμᾶς,
2531 2731 2628 2785 καὶ
2677 2731 2741 2784 ἐκ
2786 2728 3058 2800 παρθένου
3105 2723 3427 2796 πρεπούσης
3457 2720 3627 2789 αὑτῷ

2041 2824 2318 2893 γέννησιν.
2360 2824 2441 2893 Τῇ
2487 2822 2544 2874 δὲ
2578 2822 2671 2875 τοῦ
2713 2821 3002 2892 ρητρεύειν
3041 2818 3292 2887 συγκοπῇ
3342 2814 3624 2880 σύστοιχος

2043 2914 2138 2967 καὶ
2172 2915 2204 2984 ὴ
2241 2913 2390 2965 κατὰ
2435 2912 2496 2965 τὺ
2545 2911 2755 2982 ρἦρας
2790 2909 3077 2980 ἐξέφηνεν,
3127 2907 3202 2970 ῶς
3247 2903 3470 2976 ἐρρέθη,
3501 2903 3626 2962 to);

2043 3007 2472 3073 ἀγραμμάτους.
2524 3001 2597 3058 Τὸ
2648 3003 2705 3056 δὲ
2756 3002 2986 3072 μέλπειν
3027 3017 3086 3053 σε
3134 2997 3272 3069 μετά
3313 2995 3626 3060 αἰτιατικῆς

2040 3094 2324 3148 κάνταῦθα
2376 3095 2639 3155 τέτακται
2693 3093 2785 3148 διὰ
2828 3093 2888 3146 τὸ
2935 3090 3316 3162 λαμῦάνεσθαι
3364 3088 3489 3141 ἀντὶ
3528 3086 3624 3138 τοῦ

357 3201 418 3244 σε
440 3199 566 3240 cum
595 3186 916 3241 accusativo
952 3185 1041 3240 hic
1075 3187 1440 3250 construitur,
1475 3202 1540 3243 eo
1585 3188 1730 3259 quod
1763 3189 1936 3242 sumi-

2042 3187 2255 3256 ὑμνεῖν,
2292 3185 2388 3238 καὶ
2420 3171 2594 3249 οὑτως
2624 3186 2892 3238 ἐπαινεῖν.
2932 3184 3004 3236 Τὸ
3040 3183 3095 3235 δὲ
3126 3181 3291 3246 ἀξίως
3321 3178 3627 3248 ἀσφαλείας

357 3286 448 3332 lur
473 3289 574 3347 pro
607 3276 819 3354 ὑμνεῖν,
842 3286 897 3334 .et
926 3277 1005 3332 sic
1032 3279 1296 3332 ἐπαινεῖν.
1328 3277 1521 3348 Ἀξίως
1556 3294 1690 3333 vero
1724 3278 1933 3334 Securi-

358 3367 488 3424 tatis
508 3381 674 3424 causa
699 3369 1049 3438 pra-positum
1091 3375 1196 3424 est.
1235 3368 1370 3434 Quis
1397 3369 1542 3423 enim
1593 3385 1698 3423 non
1737 3369 1931 3439 Deipa-

358 3473 432 3520 ra:
462 3456 654 3514 laudes
686 3459 738 3512 in
783 3462 1026 3514 carmine
1057 3459 1343 3516 celebrat?
1377 3461 1634 3513 Attamen
1657 3460 1759 3514 etsi
1817 3474 1936 3513 om-

357 3563 455 3612 nes
483 3549 588 3606 hoc
609 3549 787 3606 facere
815 3553 1118 3617 studemus,
1145 3552 1302 3618 juxta
1321 3549 1638 3620 dignitatem
1669 3551 1936 3621 attingere

355 3641 503 3713 quod
573 3643 852 3704 convenit,
923 3657 1029 3696 non
1115 3658 1428 3711 possumus,
1504 3643 1631 3698 licet
1713 3645 1936 3699 aliunde

355 3733 576 3804 dignius
614 3749 733 3789 eam
785 3735 1126 3792 celebremus
1181 3750 1345 3803 quam
1403 3745 1630 3793 cmteros
1687 3747 1932 3802 sanctos,

354 3825 486 3894 quia
508 3825 733 3896 dignum
764 3834 818 3880 et
848 3826 1056 3896 justum
1083 3837 1170 3881 est
1201 3826 1276 3880 ita
1299 3825 1435 3881 ﬁeri.
1471 3826 1543 3884 Ut
1566 3837 1750 3883 autem
1779 3832 1936 3884 aliter

353 3915 684 3987 breviusque
714 3917 857 3972 idem
922 3919 1121 3984 dicam,
1175 3929 1447 3974 conantur
1479 3922 1697 3990 quidem
1756 3924 1933 3988 multi,

354 4009 654 4080 cunctique
677 4010 913 4079 gestiunt
939 4011 1430 4066 laudabilissimam
1457 4028 1522 4066 ac
1556 4014 1927 4070 beatiSsimam

354 4101 670 4160 celebrare:
703 4102 768 4158 ad
797 4103 901 4158 hoc
925 4115 1106 4158 autem
1147 4104 1294 4174 quod
1335 4104 1561 4176 dignum
1589 4117 1676 4162 est
1722 4109 1933 4177 pertin-

355 4205 482 4268 gere
515 4205 677 4246 nemo
711 4194 855 4246 valet
880 4207 982 4247 nec
1026 4195 1250 4250 valebit.

422 4282 693 4342 2l8.Hoc
721 4300 848 4343 vero
904 4287 1140 4358 ίλιγγιᾷν
1199 4303 1310 4344 non
1363 4289 1639 4360 significat
1709 4293 1933 4349 vorticis

354 4377 683 4436 desiderium
709 4380 776 4435 ad
818 4383 997 4436 instar
1056 4381 1150 4436 τοῦ
1209 4383 1485 4456 μαθητιᾷν
1523 4395 1578 4439 et
1635 4387 1932 4457 τυραννιᾷν

354 4481 406 4529 et
426 4473 684 4528 similium
707 4490 722 4538 ;
748 4473 841 4536 sed
869 4475 1052 4544 passio
1087 4491 1211 4531 cum
1262 4476 1333 4532 sit
1364 4479 1669 4548 corporalis
1707 4484 1779 4534 'et
1805 4480 1930 4550 qui-

2042 3278 2210 3348 χάριν
2247 3277 2618 3346 προτέθειται.
2677 3275 2772 3340 Τίς
2815 3274 2925 3346 γὰρ
2955 3274 3015 3330 οὑ
3051 3275 3244 3343 μέλπει
3276 3275 3340 3344 τῇ
3379 3272 3627 3341 Θεοτὸκῳ

2038 3370 2106 3420 τὰ
2149 3368 2229 3428 εἰς
2276 3350 2535 3433 ἔπαινονς
2595 3367 2742 3439 Πλὴν
2788 3369 2837 3424 εἰ
2871 3368 2964 3421 καὶ
3013 3367 3216 3429 πάντες
3257 3364 3650 3434 ἑπιὸάλλομεν.

2039 3458 2185 3512 οὕτω
2219 3462 2416 3522 ποιεῖν,
2441 3459 2578 3513 ἀλλά
2603 3461 2740 3530 πρὸς
2767 3459 2926 3526 ἀξίαν
2948 3459 3334 3527 ἐπιτυγχάνειν
3363 3457 3456 3510 τοῦ
3482 3456 3630 3514 δέον-

2037 3569 2128 3616 τος
2163 3551 2224 3606 οὑ
2256 3553 2556 3622 δυνάμεθα,
2587 3554 2635 3606 εί
2663 3555 2760 3606 καὶ
2805 3552 2984 3616 ἄλλως
3015 3551 3182 3618 ἀξίως
3214 3550 3385 3620 αὑτὴν
3417 3550 3623 3620 μέλπο-

2040 3661 2140 3715 μεν
2177 3645 2318 3715 ἥπερ
2356 3646 2485 3708 τοὺς
2516 3644 2713 3710 ἄλλους
2749 3646 2966 3714 ἀγίονς,
3019 3645 3108 3698 διὰ
3143 3644 3204 3696 τὸ
3229 3643 3379 3710 ἀξιον
3413 3643 3506 3696 καὶ
3545 3643 3626 3696 δί-

2039 3753 2191 3788 καιον
2225 3735 2367 3792 εἶναι
2415 3737 2557 3790 οὑτω
2591 3738 2864 3801 γίνεσθαι·
2901 3738 3001 3790 καὶ
3049 3738 3256 3806 ἑτέρως
3294 3735 3352 3788 δὲ
3383 3735 3445 3788 τὸ
3489 3735 3622 3788 αὑτὸ

2040 3830 2248 3899 φράσαι
2281 3830 2618 3899 γοργότερον
2650 3831 2901 3884 σθένουσι
2949 3831 3049 3900 μὲν
3081 3829 3290 3889 πολλοὶ,
3326 3829 3524 3890 πάντες
3562 3844 3623 3879 τε

2038 3923 2397 3980 ἐπιϐάλλουσι
2453 3924 2683 3993 μέλπειν
2713 3925 2814 3989 τὴν
2849 3925 3201 3993 πανύμνητον
3245 3922 3339 3975 καὶ
3393 3939 3626 3991 παμμαο

2036 4016 2324 4087 κάριστον·
2357 4018 2454 4071 τοῦ
2491 4017 2630 4087 πρὸς
2660 4018 2819 4084 ἀξίαν
2849 4019 2906 4072 δὲ
2937 4017 3113 4081 οὐδεὶς
3145 4015 3458 4087 ἐφικέσθαι,
3499 4013 3624 4068 οὔτε

2036 4108 2263 4162 δύναται
2299 4109 2424 4168 οὕτε
2447 4111 2760 4181 δυνήσεται.

2111 4297 2240 4362 οιη’.
2275 4291 2348 4344 Τὸ
2383 4291 2439 4343 δὲ
2479 4290 2716 4362 ἱλιγγιᾷν
2742 4291 2802 4344 ού
2838 4289 2992 4360 δηλοῖ
3023 4288 3206 4360 ὄρεξιν
3241 4288 3450 4356 ἰλίγγου
3487 4287 3624 4358 πρὸς

2035 4385 2332 4453 ἀναλογίαν
2384 4384 2479 4437 τοῦ
2536 4384 2810 4455 μαθητιᾷν
2866 4381 2964 4437 καὶ
3019 4383 3314 4452 τυραννιᾷν
3369 4381 3465 4435 καὶ
3515 4381 3625 4435 τῶν

2035 4477 2268 4548 ὁμοίων,
2315 4476 2452 4534 ἀλλὰ
2484 4477 2658 4542 πάθος
2707 4475 2768 4532 ὃν
2816 4475 3155 4546 σωματικὸν,
3202 4475 3378 4538 ἄλλως
3423 4475 3521 4544 μὲν
3560 4473 3623 4526 οὐ

353 4565 474 4618 dem
529 4563 690 4626 aliter
750 4567 918 4620 menti
996 4583 1107 4631 non
1170 4570 1486 4633 conveniat,
1562 4571 1932 4641 metaphorice

2042 4571 2376 4641 προσφύεται
2409 4570 2488 4640 τῷ
2519 4570 2620 4640 νῷ,
2676 4569 2958 4639 τροπικῶς
2998 4569 3055 4621 δὲ
3110 4569 3480 4638 μεταφέρεται
3527 4566 3619 4620 καὶ

353 4663 539 4714 tamen
591 4657 661 4712 ad
718 4658 956 4722 animam
1016 4669 1071 4713 et
1132 4669 1368 4718 mentem
1424 4667 1479 4716 et
1540 4663 1932 4733 cogitationem

352 4748 699 4807 transfertur.
767 4748 923 4825 Quod
984 4759 1168 4806 autem
1234 4753 1536 4824 corporalis
1615 4756 1802 4823 passio
1863 4756 1936 4812 sit

353 4839 580 4910 vertigo,
612 4856 722 4902 non
773 4851 856 4897 est
913 4842 1322 4913 ambigendum,
1365 4844 1637 4916 siquidem
1695 4847 1934 4916 plerum-

350 4947 455 5002 que
488 4934 805 5003 supervenit
857 4944 912 4989 et
967 4936 1070 4991 illis
1102 4938 1196 5006 qui
1257 4937 1576 5008 frequenter
1611 4939 1929 5004 volvuntur,

350 5025 496 5080 unde
526 5037 749 5097 quoque
791 5041 990 5094 nomen
1039 5029 1222 5094 habet,
1259 5031 1405 5088 venit
1447 5029 1594 5086 enim
1643 5045 1673 5089 a
1732 5031 1809 5100 τῷ
1858 5034 1933 5090 εί-

349 5116 579 5183 Αεῐσθαι,
597 5119 626 5171 ό
652 5120 885 5188 ἴλιγγος,
911 5127 965 5174 et
994 5121 1074 5175 eis
1096 5121 1185 5191 qui
1206 5121 1274 5176 ab
1300 5123 1520 5179 excelso
1545 5135 1933 5195 praeruptoque

349 5210 470 5264 loco
502 5209 558 5268 in
583 5208 1013 5281 profunditatem
1050 5227 1304 5284 magnam
1335 5215 1652 5285 despiciunt
1685 5232 1700 5278 ;
1731 5217 1930 5285 quibus

349 5302 514 5356 etiam
599 5317 775 5373 genua
826 5313 973 5358 metu
1025 5317 1444 5367 commoventur
1501 5317 1559 5364 et
1611 5309 1928 5374 ﬂecmntur,

348 5408 458 5454 non
490 5392 664 5450 solum
696 5395 916 5466 quando
942 5395 1078 5450 visio
1127 5409 1426 5466 praesenter
1467 5400 1599 5470 agit,
1636 5400 1732 5458 sed
1762 5384 1927 5458 etiam

345 5485 571 5554 quando
596 5494 722 5556 post
750 5488 1145 5556 experientiam
1177 5489 1560 5546 celsitudinem
1611 5504 1773 5560 atque
1800 5508 1927 5562 pro-

346 5577 669 5632 funditatem
729 5579 1119 5636 recordantur.
1175 5581 1248 5635 Ex
1309 5584 1639 5638 necessitate
1693 5599 1822 5638 vero
1868 5584 1929 5637 τὸ

349 5670 594 5741 ίλιγγιᾷν
628 5670 718 5724 hic
752 5672 997 5741 ponitur,
1055 5674 1198 5729 sicut
1231 5683 1285 5730 et
1313 5675 1367 5730 itt
1398 5676 1650 5744 sequenti
1702 5677 1928 5747 stropha

345 5761 490 5825 ῠδειν
517 5778 615 5833 pro
673 5763 895 5834 ὑμνεῖν;
942 5763 1072 5836 quia
1127 5765 1314 5822 talium
1355 5781 1610 5824 versuum
1649 5767 1826 5837 initia,
1879 5770 1929 5825 vi

2039 4664 2123 4725 εἰς
2154 4662 2336 4733 ψυχὴν
2367 4662 2462 4716 καὶ
2491 4664 2572 4726 εἰς
2609 4659 2734 4715 νοῦν
2767 4660 2859 4713 καὶ
2890 4659 2968 4723 εἰς
2997 4659 3239 4717 διάνοιαν
3263 4676 3278 4690 ο
3313 4661 3399 4712 ὅτι
3427 4658 3484 4711 δὲ
3513 4675 3622 4709 σω-

2041 4754 2272 4826 ματικὸν
2304 4753 2477 4816 πάθος
2528 4755 2556 4808 ὁ
2601 4753 2833 4823 ἴλιγγος,
2879 4753 2980 4806 οὑκ
3016 4751 3084 4805 ἂν
3132 4751 3219 4819 εἴη
3266 4749 3619 4820 ἀμφιϐαλεῖν·

2037 4848 2420 4918 ἐπιγινόμενος
2445 4846 2609 4911 αὐτὸς
2638 4846 2714 4909 ὡς
2743 4845 2986 4916 μάλιστα
3010 4846 3125 4906 τοῖς
3157 4860 3216 4895 τε
3248 4842 3420 4912 συχνὰ
3447 4841 3624 4894 εἱλου-

2041 4940 2247 5012 μένοις,
2289 4941 2413 4994 ὅθεν
2449 4940 2544 4993 καὶ
2578 4938 2823 5009 τοὺνομα
2877 4937 2993 5006 ἔχει
3015 4953 3030 4970 ·
3066 4936 3220 5008 παρά
3260 4937 3322 4989 τὸ
3358 4933 3622 4988 είλεῖσθαι

2041 5032 2152 5102 γὰρ
2175 5034 2202 5083 ό
2231 5032 2462 5098 ἴλιγγος,
2495 5030 2592 5083 καὶ
2617 5031 2729 5092 τοῖς
2758 5027 2854 5098 ἀφ’
2889 5027 3098 5098 ὑψηλοῦ
3142 5028 3235 5080 καὶ
3265 5025 3623 5098 κρημνώδους

2039 5127 2210 5178 τόπου
2234 5124 2315 5185 εἰς
2346 5123 2510 5192 βάθος
2544 5120 2682 5176 πολὺ
2721 5120 3186 5175 καταϐλέπουσιν·
3219 5116 3302 5182 οἷς
3333 5118 3484 5188 φόϐῳ
3527 5117 3623 5171 καὶ

2035 5218 2107 5271 τὰ
2133 5218 2340 5286 γόνατα
2368 5215 2780 5279 κατασείονται,
2827 5215 2890 5267 οὑ
2925 5215 3088 5285 μόνον
3127 5214 3215 5266 ὅτε
3258 5215 3290 5281 ἡ
3335 5212 3434 5265 θέα
3461 5213 3620 5279 ἐνερ-

2033 5310 2238 5377 γεῖται,
2272 5307 2407 5361 ἀλλὰ
2434 5308 2531 5360 καὶ
2554 5307 2646 5360 ὅτε
2681 5307 2818 5376 μετά
2845 5306 2944 5377 τὴν
2971 5308 3167 5376 πεῖραν
3194 5303 3257 5358 τὸ
3288 5303 3422 5374 ὕψος
3447 5304 3622 5361 ἐκεῖνο

2037 5401 2134 5455 καὶ
2165 5402 2227 5452 τὸ
2259 5399 2422 5468 βάθος
2452 5399 2896 5469 ἀναπολὴσουσιν
2923 5415 2937 5432 ·
2976 5397 3399 5466 ἀναγκαστικῶς
3436 5397 3494 5449 δὲ
3527 5400 3622 5450 καὶ

2036 5493 2098 5544 τδ
2126 5491 2360 5562 ἰλιγγιᾷν
2391 5491 2677 5546 κάνταῦθα
2709 5493 2906 5555 κεῖται,
2940 5490 3086 5545 καθά
3112 5490 3206 5543 καὶ
3231 5492 3290 5542 ὲν
3317 5489 3396 5558 τῷ
3422 5488 3621 5558 ἐφεξῆς

2039 5587 2325 5654 τροπαρίῳ
2373 5585 2435 5638 τὸ
2471 5583 2632 5638 eam
2669 5586 2792 5639 ἀντὶ
2849 5583 2946 5637 τοῦ
2989 5585 3201 5653 ὑμνεῖν·
3235 5582 3370 5635 διότι
3415 5583 3472 5635 αί
3511 5583 3620 5637 τῶν

2039 5677 2302 5730 τοιούτων
2361 5677 2566 5748 στίχων
2615 5677 2914 5748 καταρχαὶ,
2971 5680 3039 5748 τῇ
3088 5677 3187 5747 τῆς
3236 5675 3622 5747 ἀκροστιχίδος

2043 5770 2156 5841 βία,
2195 5772 2228 5840 ἡ
2265 5769 2362 5839 μὲν
2391 5771 2452 5822 τδ
2493 5770 2652 5840 ἰῶτα,
2684 5772 2719 5843 ἡ
2757 5771 2815 5824 δὲ
2853 5771 2914 5826 τὸ
2942 5789 2971 5825 υ
3008 5769 3355 5832 ἀπαιτοῦσιν,

346 5857 756 5931 gcrgsticbidis,
789 5875 960 5916 unum
995 5859 1214 5930 quidem
1282 5861 1412 5929 iota,
1447 5861 1677 5918 alterum
1741 5870 1923 5919 autem
1957 5864 2166 5934 ypsilon
2203 5863 2510 5938 requirunt.
