4034 6404
409 371 519 436 725

1213 379 1296 442 IN
1340 381 1685 444 HYMNUM
1730 385 2379 450 PENTECOSTALEM
2413 389 2869 452 DAMASCENI.

3565 394 3669 456 72’}

482 490 604 541 otO'.
638 487 834 542 Ίστέον
861 488 914 544 δὲ
941 489 1013 555 ὡς
1040 492 1090 546 οί
1110 492 1290 548 λοιποὶ
1314 497 1469 566 σοφοὶ
1495 498 1684 564 δεξιῶς
1709 501 1803 552 καὶ
1824 500 1985 569 εὐμε-

2161 502 2291 559 219.
2343 502 2636 561 Sciendum
2691 514 2872 560 autem
2942 503 3089 577 quod
3150 505 3332 562 caeteri
3391 506 3671 577 sapientes

410 578 582 645 εόδως
611 583 727 647 καὶ,
759 583 820 635 τὸ
845 584 964 638 ὅλον
993 588 1192 648 εἰπεῖν,
1218 588 1614 655 διδασκαλικῶς
1635 592 1985 646 ὑποδεικνύν-

403 688 497 736 τες
524 675 640 737 τοῖς
662 678 969 745 φοιτηταῖς,
1005 679 1096 731 τὸν
1130 683 1270 734 κατὰ
1306 682 1466 751 σῶμα
1496 682 1706 752 ἴλιγγον
1734 685 1984 753 γίνεσθαι

405 765 550 820 κατά
585 769 895 839 συστροφὴν
925 769 1116 842 ὑγροῦ,
1165 772 1261 826 τοῦ
1309 775 1408 844 μὲν
1440 777 1569 844 περὶ
1612 775 1710 847 τὴν
1741 777 1984 847 κεφαλὴν

403 855 480 918 ὡς
515 849 626 910 οἷον
676 857 1057 926 λιμνάζοντος,
1112 862 1207 916 τοῦ
1252 865 1309 917 δὲ
1358 865 1740 936 ἀναδιδομένου
1781 865 1856 929 ὡς
1903 869 1983 931 είς

404 946 685 1018 ἐπιϐολὴν,
720 950 820 1014 τὰς
850 952 1112 1023 ἀνωτέρω
1149 955 1409 1026 ῥηθείσας
1450 958 1601 1021 δίνας
1632 958 1743 1012 τῶν
1776 958 1984 1013 ὑδάτων

404 1037 504 1090 οὐκ
552 1039 803 1110 ἔγραψαν
836 1045 960 1113 μὲν,
1013 1045 1190 1110 ἄλλως
1240 1049 1298 1101 δὲ
1347 1051 1616 1119 ἀγράφως
1652 1053 1982 1122 παρέδοσαν,

406 1128 623 1198 ῖλιγγας
656 1131 1060 1204 ἑρμηνεύοντες
1086 1139 1373 1203 ἰδιωτικῶς
1402 1141 1660 1209 λέγεσθαι
1681 1127 1855 1215 ’τύπῳ
1891 1145 1984 1216 Θη-

405 1225 576 1293 λυκῷ,
614 1229 750 1298 πρὸς
781 1231 1016 1297 δήλωσιν
1041 1233 1136 1286 τοῦ
1171 1237 1264 1288 καὶ
1313 1237 1405 1289 τδν
1444 1239 1654 1305 ἴλιγγον
1690 1241 1832 1294 κατά
1859 1257 1984 1292 τινα

405 1319 665 1391 τοιαύτην
696 1322 957 1376 είλεῖσθαι
1005 1326 1247 1396 δίνησινι
1281 1330 1375 1382 καὶ
1407 1331 1548 1382 κατά
1595 1331 1832 1403 σπουδὴν
1875 1332 1979 1401 μὲν

408 1411 582 1474 ούδεὶς
613 1412 687 1484 μὴ
715 1415 996 1483 χυδαῖζειν
1020 1418 1361 1488 προθέμενος
1383 1420 1643 1492 τοιαύτην
1669 1423 1817 1490 λέξιν
1846 1426 1982 1495 ἐρεῖο

413 1508 574 1576 σοφὸς
605 1507 660 1560 δέ
696 1526 780 1571 τις
832 1510 894 1562 οῦ
945 1510 1052 1581 πρὸ
1102 1514 1242 1565 πάνυ
1295 1514 1531 1585 μακροῦ,
1581 1508 1625 1584 ᾧ
1677 1516 1774 1571 καὶ
1824 1519 1986 1588 ἡμεῖς

411 1601 784 1671 ὲφοιτήσαμέν
845 1620 1000 1669 ποτε,
1054 1605 1441 1676 ἀστεῖζόμενος
1493 1609 1584 1661 ἐπί
1635 1627 1742 1662 τινι
1794 1611 1985 1682 ῥήτορι

414 1692 679 1759 ἀγλευκεῖ
721 1693 843 1746 τότε
893 1694 1116 1766 καιροῦ,
1175 1700 1515 1768 σκηπτοῦχον
1567 1701 1656 1753 τὸν
1716 1703 1988 1772 Περικλέα

409 1787 640 1856 φαμένῳ
666 1787 963 1858 ἐγγράφως
995 1789 1086 1842 διὰ
1117 1789 1209 1842 τὸν
1249 1793 1516 1858 σκηπτὸν,
1549 1793 1607 1851 ὃς
1632 1794 1893 1862 ἐμπεσὼν
1917 1797 1980 1865 τῇ

2045 635 2051 641 .
2089 595 2320 648 solerter
2343 606 2398 650 et
2427 597 2840 664 compendiose,
2867 604 2945 662 et,
2987 606 3044 652 ut
3099 607 3271 654 totum
3329 599 3530 666 dicam,
3582 603 3670 658 di-

2088 683 2360 740 dnscalice
2397 686 2815 743 subindicantes
2847 689 3132 759 discipulis
3187 693 3436 759 corporis
3502 695 3666 748 Verti-

2086 780 2264 843 ginem
2295 778 2408 832 ﬁeri
2432 795 2526 850 per
2554 782 2944 838 volutationem
2994 781 3230 849 humidi,
3277 783 3418 839 alius
3441 784 3662 854 quidem

2086 870 2230 925 circa
2261 880 2427 940 caput
2474 874 2639 928 veluti
2696 875 3024 946 stagnantis,
3080 875 3221 932 alius
3287 884 3468 932 autem
3525 877 3672 933 sicut

2091 962 2162 1017 ad
2193 963 2551 1034 irruptionem
2588 967 2945 1038 assurgentis,
2977 969 3230 1038 superius
3257 968 3430 1026 dictas
3494 986 3667 1040 aqua-

2089 1070 2207 1113 rum
2239 1055 2606 1112 volutationes
2636 1072 2744 1111 non
2771 1065 3108 1127 scripserunt
3130 1059 3374 1129 quidem,
3407 1061 3501 1116 sed
3533 1061 3669 1116 alias

2087 1149 2206 1204 sine
2236 1149 2440 1218 scripto
2481 1150 2842 1218 tradiderunt,
2884 1151 3100 1220 ῖλιγγας
3135 1151 3444 1222 (vortices),
3491 1154 3668 1222 expli-

2089 1251 2278 1296 cantes
2309 1242 2530 1298 idiotice
2557 1241 2662 1297 dici
2690 1257 2888 1312 genere
2941 1241 3227 1309 feminino,
3259 1243 3326 1298 ad
3375 1245 3672 1300 ostenden-

2087 1331 2217 1386 dum
2253 1331 2344 1386 τὸν
2372 1331 2581 1401 ἴλιγγον
2636 1330 3004 1401 (vertiginem)
3033 1331 3188 1401 juxta
3249 1331 3539 1400 quamdam
3572 1331 3671 1386 hu-

2084 1423 2324 1492 jusmodi
2351 1423 2740 1479 volutationem
2769 1423 2996 1488 versari,
3049 1431 3107 1478 et
3167 1422 3393 1479 sedulus
3447 1425 3669 1494 quidem

2090 1529 2272 1581 nemo,
2324 1515 2550 1586 vulgare
2595 1515 2744 1586 loqui
2800 1529 2910 1570 non
2975 1514 3291 1586 praeferens,
3357 1516 3673 1586 huiusmodi

2088 1607 2380 1663 dictionem
2409 1608 2714 1678 usurpabit.
2749 1606 2982 1678 Sapiens
3039 1616 3221 1662 autem
3273 1607 3514 1676 quidam,
3561 1624 3672 1664 non

2091 1697 2312 1768 longum
2373 1706 2590 1767 tempus
2621 1698 2796 1764 abest,
2830 1697 2917 1752 cui
2948 1710 3048 1751 nos
3080 1695 3244 1752 etiam
3294 1694 3502 1751 fuimus
3531 1697 3676 1751 assi-

2091 1791 2206 1854 dui,
2235 1790 2444 1845 urbane
2502 1789 2734 1860 loquens
2767 1789 2837 1845 de
2890 1790 3134 1860 quodam
3169 1789 3393 1845 rhetore
3435 1787 3676 1859 insipido

409 1854 621 1929 ἐκείνου
648 1854 818 1946 οἰκία,
861 1854 1038 1948 iota;
1062 1854 1382 1950 ἀπεκάλυιῖέε
1416 1854 1740 1946 πανοπλίας,
1765 1878 1841 1936 ὧν
1871 1854 1986 1936 Eva:

2096 1881 2252 1951 huius
2282 1854 2958 1953 ιεωρονίείσκηπτοῦχον
3014 1882 3202 1939 locuto
3260 1895 3358 1952 per
3409 1854 3674 1952 scriptum

409 1985 507 2021 κεν
537 1968 831 2036 τυραννίδα
865 1971 1099 2040 μελετᾷν
1133 1971 1342 2037 ἐκεῖνος
1399 1974 1710 2046 ἐπεκλήθη·
1760 1975 1850 2030 διὰ
1887 1977 1983 2032 τοῦ

407 2061 655 2114 τοιούτου
689 2063 898 2130 ίλίγγου
929 2063 1152 2129 ἔπαιξεν
1181 2065 1262 2130 είς
1291 2066 1383 2119 τὸν
1423 2067 1668 2135 Σφαλτδν
1710 2069 1988 2140 σκηπτοῦ-

411 2168 542 2222 χονο
577 2146 732 2216 οὗτος
791 2155 1028 2208 ἀνέπλεε
1080 2156 1170 2209 διὰ
1217 2156 1311 2210 τοῦ
1361 2157 1662 2222 Βυζαντίου
1699 2160 1985 2230 πορθμοῦ,

414 2244 740 2315 λουσόμενος
782 2248 835 2301 εἴ
859 2265 962 2300 που
995 2248 1223 2318 εὑρήσει
1279 2250 1486 2318 γλυκέα
1533 2252 1748 2321 θερμάο
1799 2254 1887 2307 καὶ
1913 2254 1988 2315 ὡς

411 2329 519 2387 εἶδε
551 2337 681 2406 περὶ
713 2337 841 2398 τοὺς
883 2337 1168 2404 αἰγιαλοὺς
1214 2339 1537 2408 είλουμένας
1584 2342 1756 2407 δίνας,
1807 2345 1989 2396 ὁποῖαι

416 2425 606 2496 μυρίαι
631 2429 758 2497 περὶ
799 2429 927 2492 τοὺς
959 2429 1233 2493 τοιούτους
1282 2431 1559 2486 δινοῦνται
1587 2435 1984 2505 στρεφόμεναι,

410 2519 674 2572 δάκτυλον
700 2520 1013 2585 ἀπευθύνας
1054 2523 1130 2587 ὼς
1178 2525 1508 2596 ἐπιστρέψαι
1545 2527 1671 2590 τοὺς
1715 2529 1990 2596 ἀκροατὰς

413 2611 551 2679 πρὸς
597 2613 697 2682 τὴν
754 2613 878 2667 καθ’
925 2613 1120 2679 ὓδατος
1168 2619 1386 2686 ἐκείνην
1435 2618 1678 2688 εῖλησιν,
1730 2616 1884 2673 εἷπεν
1916 2620 1990 2682 ὠς

418 2705 590 2776 Εἴπερ
628 2709 655 2759 6
706 2705 852 2760 δεῖνα
901 2711 1086 2777 παρῆν
1121 2708 1385 2774 ἐνταῦθα,
1441 2709 1681 2781 ῖλιγγιᾷν
1731 2708 1885 2764 εἶπεν
1927 2711 1991 2764 ἂν

412 2800 564 2851 τουτὶ
598 2798 656 2850 τὸ
685 2796 852 2870 ὕδωρ.
897 2800 1059 2855 Ἀλλὰ
1091 2800 1246 2855 τοῦτο
1279 2802 1378 2871 μὲν
1421 2801 1495 2863 ὡς
1543 2798 1653 2855 οἷον
1687 2803 1904 2872 ἥδυσμά
1940 2821 1992 2857 τι

413 2893 796 2963 πανηγυρικῆς
827 2893 1039 2956 ἐννοίας
1075 2894 1525 2962 παρεντεθείσθω
1554 2897 1619 2966 τῇ
1653 2895 1765 2966 ᾠδῇ
1790 2895 1991 2967 ταύτῃ,

412 2987 555 3041 κατά
591 2986 928 3058 συγγνώμην
957 2987 1311 3058 ἀγαπητικὴν
1343 2988 1443 3059 τὴν
1472 2987 1529 3042 ἐν
1564 2988 1685 3057 Θεῷ
1708 3004 1722 3018 ⁸
1759 2988 1881 3041 ἐπεί
1911 3005 2008 3040 τοι⁴

413 3080 509 3131 καὶ
532 3079 581 3130 οί
613 3080 680 3132 τά
704 3079 822 3131 Θεῖα
859 3081 1216 3150 ἑορτάζοντες
1247 3081 1305 3134 έν
1342 3080 1706 3150 σεμνοτάταις
1739 3079 1990 3145 ἐννοίαις,

2092 1971 2382 2038 Periclem,
2415 1975 2484 2029 ob
2510 1973 2602 2028 τὸν
2657 1973 2904 2046 σκηπτὸν
2961 1972 3242 2045 (fulmen),
3291 1974 3432 2043 quod
3461 1975 3675 2044 lapsum
3752 2039 3763 2049 ο

2091 2067 2142 2121 in
2179 2066 2351 2137 ipsius
2380 2066 2603 2122 domum
2636 2067 2786 2122 mille
2815 2066 3077 2122 revelavit
3108 2065 3394 2122 universas
3428 2075 3673 2121 armatu-

2091 2173 2204 2221 ras,
2252 2173 2485 2226 quarum
2544 2172 2716 2212 causa
2771 2158 3114 2227 tyrannidem
3182 2157 3440 2214 affectare
3493 2158 3678 2213 dictus

2089 2258 2194 2312 est,
2260 2263 2356 2318 per
2417 2247 2731 2319 huiusmodi
2791 2247 3023 2318 ῐλιγγον,
3104 2248 3252 2303 hunc
3321 2249 3676 2316 Deceptorem

2095 2339 2440 2410 σκηπτοῦχον
2509 2339 2702 2394 irrisit.
2761 2337 2863 2394 llic
2914 2354 2945 2394 e
2996 2347 3152 2409 portu
3214 2339 3510 2395 recedebat
3580 2355 3679 2409 per

2093 2431 2458 2498 Byzantinum
2494 2430 2716 2499 fretum,
2748 2431 2816 2486 ad
2850 2445 2908 2488 se
2935 2430 3258 2497 lavandum,
3318 2429 3496 2488 sicubi
3557 2431 3680 2486 dul-

2094 2523 2482 2580 cesiuveniret
2531 2537 2703 2594 aquas
2749 2522 2986 2590 calidas;
3033 2533 3089 2578 et
3145 2537 3270 2578 cum
3317 2521 3546 2579 vidisset
3611 2524 3679 2577 ad

2097 2618 2277 2672 littora
2339 2618 2554 2674 volutos
2609 2616 2868 2683 vortices,
2931 2617 3122 2689 quales
3181 2615 3326 2688 apud
3381 2615 3486 2672 ista
3533 2615 3681 2670 mille

2097 2709 2320 2767 volutati
2370 2717 2651 2782 gyrantnr,
2715 2709 2884 2780 digito
2910 2707 3227 2781 significans
3280 2716 3340 2763 ut
3395 2705 3681 2763 auditores

2097 2802 2425 2857 verteretad
2457 2801 2619 2855 talem
2689 2817 2844 2871 aqua;
2905 2811 3189 2872 gyrantem
3249 2807 3485 2864 motum,
3557 2799 3674 2854 ait:

2097 2891 2154 2946 Si
2189 2891 2310 2946 talis
2334 2892 2421 2946 ille
2448 2893 2670 2961 quidam
2699 2891 2788 2947 hic
2819 2891 3057 2956 adesset,
3111 2889 3374 2960 ίλιγγιᾷν,
3411 2889 3677 2958 vertigine

2098 2984 2371 3048 laborare,
2427 2983 2633 3039 diceret
2683 2983 2826 3038 hanc
2875 2995 3098 3052 aquam.
3160 2979 3267 3036 Sed
3315 2981 3419 3035 hoc
3455 2980 3676 3050 quidem

2098 3077 2263 3131 veluti
2292 3075 2705 3131 condimentum
2744 3073 2963 3145 aliquod
2995 3073 3337 3144 panegyricte
3395 3072 3681 3129 sententias

414 3171 587 3224 κόπου
615 3170 1071 3241 περιεληλυθότος
1100 3172 1321 3236 αὐτοὺς,
1365 3172 1439 3235 ὡς
1473 3171 1568 3225 καὶ
1610 3171 1862 3236 ὀκλάζειν
1892 3189 1992 3226 κα-

2101 3167 2483 3238 interponatur
2540 3167 2671 3222 huic
2718 3167 2858 3232 odae,
2911 3181 3038 3221 cum
3096 3165 3387 3222 charitatis
3453 3167 3512 3223 in
3568 3158 3717 3232 Deo

413 3264 736 3335 θιζήσαντες
766 3267 858 3318 ἐπὶ
894 3265 1089 3336 βραχὺ,
1141 3267 1237 3318 καὶ
1281 3265 1423 3318 οὕτω
1458 3265 1994 3335 παραμυθησάμενοι

373 3349 502 3408 “τδν
539 3357 706 3409 κόπον
730 3360 785 3408 ἐν
820 3356 897 3427 τῷ
929 3358 1025 3409 καὶ
1054 3355 1240 3411 ἀλλοῖα
1296 3357 1432 3427 μέλη
1483 3355 1949 3426 παρεισκριθῆναι
1973 3397 1988 3422 ,

413 3437 490 3498 ὧν
519 3446 620 3500 οὐκ
666 3447 828 3514 ὀλίγα
870 3448 965 3500 καὶ
995 3449 1027 3517 ή
1069 3449 1243 3516 σεμνὴ
1280 3447 1491 3517 θυμέλη
1524 3447 1990 3516 παρενοσφίσατο,

412 3532 570 3600 αὖθις
601 3537 1025 3604 ἐξαναστάντες,
1057 3539 1158 3609 τῆς
1184 3540 1422 3610 ἀρχῆθεν
1451 3540 1690 3612 σπουδῆς
1721 3537 1990 3610 γίνονται,

412 3631 575 3684 ὁποία
602 3648 686 3694 τις
714 3629 952 3684 ἐνταῦθα
980 3632 1077 3686 καὶ
1111 3631 1244 3700 ἡμῖν
1279 3630 1591 3701 πρόκειται.

2101 3261 2279 3326 venia,
2313 3259 2582 3326 siquidem
2613 3268 2668 3314 et
2703 3258 2780 3313 illi
2833 3257 2925 3327 qui
2957 3258 3142 3314 divina
3175 3258 3464 3314 sententiis
3511 3260 3684 3327 maje-

2099 3363 2240 3408 state
2269 3352 2446 3422 plenis
2466 3351 2764 3416 celebrant,
2791 3349 2983 3406 labore
3029 3349 3495 3406 circumveniente
3535 3349 3681 3418 illos,

2100 3455 2161 3501 ut
2199 3445 2475 3516 paulisper
2505 3446 2560 3501 in
2595 3458 2771 3514 genua
2791 3443 3154 3498 succumbere
3179 3449 3362 3514 cogat,
3383 3450 3674 3511 pestqnam

2101 3539 2174 3592 ita
2221 3538 2461 3591 laborem
2521 3536 2898 3592 demulsernnt
2962 3535 3209 3604 quaedam
3281 3533 3682 3603 interponendo

2102 3626 2319 3683 diversa
2377 3626 2644 3694 carmina,
2706 3641 2938 3696 quorum
3004 3639 3112 3680 non
3181 3639 3351 3694 pauca
3409 3623 3684 3694 subripuit

417 3725 646 3781 honesta
698 3740 884 3794 scena,
939 3741 1158 3781 rursum
1211 3739 1564 3798 assurgente'
1652 3728 1987 3799 primitivam
2022 3732 2315 3783 resumunt
2360 3722 2720 3796 diligentiam,
2761 3723 2940 3795 qualis
2966 3723 3056 3780 hic
3107 3723 3274 3780 etiam
3339 3724 3498 3780 nobis
3555 3739 3681 3792 pro-

416 3813 661 3884 ponitur.

494 3911 599 3962 σκ’.
633 3907 705 3961 Τὸ
725 3906 805 3971 δὲ,
839 3907 962 3971 νοῦς
991 3905 1135 3970 am;
1166 3907 1372 3980 ἰλιγγιᾷ
1398 3908 1490 3962 τὸν
1523 3909 1683 3963 τόκον
1716 3927 1810 3964 σου
1831 3913 1994 3977 νοεῖν,

415 4001 519 4056 οὐκ
563 4001 629 4055 ἂν
678 4003 990 4066 ἀπεικότως
1040 4003 1252 4072 λέγοιτο
1313 4005 1865 4075 συμπεριλαμϐάνειν
1903 4005 1998 4059 καὶ

415 4095 548 4158 τοὺς
575 4097 706 4165 περὶ⁹
750 4095 884 4149 Θεὸν
915 4095 1066 4159 νόας,
1099 4094 1194 4158 οὒς
1234 4095 1326 4149 καὶ
1367 4098 1400 4166 ἡ
1445 4097 1814 4167 ἀκατανόητος
1845 4097 2000 4149 έναν·

418 4185 706 4258 θρώπησις
741 4191 834 4242 τοῦ
875 4189 1130 4258 Σωτῆρος
1174 4187 1418 4258 Χριστοῦ
1471 4187 1657 4242 λαθεῖν
1690 4188 1999 4258 παραδέδο-

419 4299 530 4336 ται·
565 4282 665 4336 οὐκ
691 4281 755 4335 ἂν
780 4281 890 4352 γὰρ
921 4281 1042 4334 οὐδὲ
1075 4283 1273 4335 ἐκεῖνοι
1305 4279 1645 4350 προκύπτειν
1668 4281 1725 4343 ὲς
1749 4281 1809 4334 τι
1832 4279 1996 4346 βάθος

416 4375 511 4428 τοῦ
549 4375 852 4446 μυστηρίου
883 4374 1162 4428 δύνανται.
1207 4373 1264 4426 '0
1301 4373 1436 4436 Θεὸς
1471 4373 1692 4436 πάντως
1720 4375 1747 4426 6
1777 4371 1874 4443 τὴν
1903 4373 1997 4441 ἀρ-

419 4467 520 4539 χὴν
547 4467 773 4539 κρυϐεὶς
802 4467 1022 4532 αὐτοὺς,
1049 4465 1393 4535 ἀνεκάλυψεν
1428 4464 1624 4518 ἑαυτὸν
1658 4462 1888 4526 ἐκείνοις
1909 4477 1924 4492 ·
1971 4464 1998 4515 6

421 4563 514 4614 καὶ
558 4561 685 4624 τοῦς
735 4560 1050 4631 ὀφθαλμοὺς
1098 4557 1463 4628 ἀποκαλύψας
1516 4557 1874 4626 αἰτησαμένῳ
1923 4553 2002 4624 τῷ

424 4653 730 4723 προπάτορι
765 4652 1022 4723 προφήτῃ
1069 4652 1160 4704 καὶ
1213 4650 1468 4720 μελῳδῷ,
1507 4647 1593 4717 ἐφ’
1643 4641 1687 4716 ᾧ
1733 4647 2000 4713 κατανοή“

427 4746 622 4800 σασθαι
657 4747 724 4799 τὰ
759 4746 971 4799 ἐκείνου
1009 4744 1314 4815 θαυμάσια.
1363 4743 1561 4797 ’ἰστέον
1592 4742 1649 4796 δὲ
1694 4745 1787 4796 καὶ
1815 4741 1899 4794 ὅτι
1938 4741 2000 4792 ού

426 4842 577 4910 λέγει
609 4843 635 4894 6
663 4840 900 4911 μελῳδὸς
935 4839 1142 4910 μηδένα
1175 4838 1300 4892 νοῦν
1333 4836 1634 4907 δυνηθῆναι
1666 4835 1732 4888 ἂν
1770 4834 1863 4889 τὸν
1905 4831 2001 4887 τοῦ

427 4937 683 5006 Σωτῆρος
717 4937 861 4988 νοεῖν
889 4935 1069 4997 τόκον,
1109 4933 1248 4988 ἀλλά
1281 4932 1517 5003 ίλιγγιᾷν
1549 4931 1630 4994 εἰς
1661 4930 1760 4997 τὴν
1791 4929 2001 4984 ἐκείνου

424 5029 558 5100 φησὶ
597 5028 933 5098 κατανόησιν
963 5045 979 5060 ·
1035 5029 1137 5080 οὐκ
1189 5026 1247 5091 ἐξ
1295 5025 1542 5093 ἀνάγκης
1594 5023 1701 5093 γὰρ
1734 5024 1762 5075 6
1793 5022 2002 5090 ῐλιγγος

427 5122 633 5189 ἀπάγει
679 5120 773 5174 τοῦ
805 5120 1095 5193 ἀνθρώπου
1125 5120 1185 5173 τὸ
1221 5122 1383 5172 νοεῖν.
1420 5117 1482 5170 Ei
1511 5117 1568 5169 δὲ
1621 5115 1716 5169 καὶ
1754 5114 2006 5182 δώσομεν

431 5211 507 5279 τῷ
541 5212 734 5280 ίλίγγῳ
759 5211 1019 5281 τοιαύτην
1043 5211 1198 5281 ἰσχὺν
1225 5208 1312 5280 ἐφ’
1335 5210 1492 5279 ἡμῶν
1523 5210 1596 5272 ὡς
1630 5211 1808 5262 ποιεῖν
1840 5207 2006 5261 αὐτὸν

431 5306 738 5376 ἀπρακτεῖν
769 5305 974 5367 παντὸς
1009 5304 1136 5356 νοῦν
1161 5302 1456 5373 ἀνθρώπου
1494 5303 1572 5365 είς
1604 5301 1702 5372 τὴν
1733 5299 2006 5369 κατανόη-

433 5414 518 5452 σιν
546 5397 642 5451 τοῦ
695 5397 838 5451 κατά
884 5396 976 5449 τὸν
1030 5397 1262 5464 Σωτῆρα
1307 5395 1545 5465 Χριστὸν
1593 5392 1838 5458 τοκετοῦ,
1888 5393 2006 5445 ἀλλ’

433 5489 542 5544 οὐδ’
589 5489 764 5554 οὕτως
793 5487 1052 5558 ἀληθεύει
1083 5491 1111 5541 δ
1145 5487 1316 5551 λέξων
1377 5485 1624 5556 metu»:
1672 5483 2007 5551 κατανενοῆ-

437 5584 561 5638 σθαι
595 5584 686 5637 τὸν
717 5582 1014 5653 εἰρημένον
1065 5579 1212 5650 ὑπὲρ
1256 5580 1420 5648 φύσιν
1465 5579 1656 5631 τόκον·
1708 5579 1851 5631 πάνυ
1900 5577 2008 5644 γὰρ

429 5675 594 5728 αὐτὸν
621 5675 849 5744 οἱιᾶγιοι
879 5673 1126 5742 Πατέρες
1155 5670 1618 5742 ὲλεπτολόγησανο
1653 5669 1747 5722 καὶ
1775 5668 2008 5738 μάλιστα

430 5767 487 5817 ὲν
521 5761 604 5830 οἷς
640 5767 740 5838 τὴν
776 5765 960 5821 αἰτίαν
992 5763 1161 5820 αὑτοῦ
1212 5761 1462 5829 ἐξέθεντο
1501 5762 1601 5832 τὴν
1639 5760 1732 5816 ἐπὶ
1765 5758 2008 5830 σωτηρίᾳ

429 5856 608 5926 ἡμῶν.

2174 3906 2303 3963 220.
2337 3904 2453 3962 Hoc
2485 3913 2706 3962 autem:
2741 3905 2867 3970 νοῦς
2923 3905 3072 3970 ἅπας
3137 3905 3345 3979 ἰλιγγιᾷ
3380 3907 3474 3962 τὸν
3519 3909 3683 3963 τόκον

2107 4018 2202 4054 σου
2261 4003 2426 4066 νοεῖν,
2479 4014 2585 4054 non
2640 3999 2918 4055 immerito
2957 4000 3169 4056 dicetur
3222 4001 3386 4056 etiam
3436 4017 3686 4073 compre-

2111 4092 2344 4147 hendere
2373 4093 2600 4162 spiritus
2631 4094 2775 4149 circa
2831 4093 2999 4147 Deum
3049 4104 3280 4161 Stantes,
3326 4110 3466 4165 quos
3515 4096 3681 4150 etiam

2109 4185 2400 4240 ineffabilis
2426 4185 2724 4240 Salvatoris
2774 4183 2977 4240 Christi
3009 4185 3316 4241 incarnatio
3351 4189 3524 4241 latere
3579 4196 3688 4242 tra-

2108 4280 2218 4333 dita
2245 4288 2366 4334 est:
2400 4293 2501 4333 nec
2526 4277 2672 4332 enim
2709 4276 2929 4348 quidem
2961 4277 3050 4333 isti
3085 4279 3329 4349 mysterii
3397 4279 3687 4350 profundi-

2105 4380 2269 4424 tatem
2298 4380 2587 4439 penetrare
2634 4378 2887 4439 possunt.
2922 4369 3065 4425 Deus
3093 4373 3188 4438 qui
3242 4385 3469 4442 prorsus
3531 4372 3693 4426 initio

2108 4457 2463 4512 absconditus
2492 4457 2628 4525 ipsis
2655 4466 2793 4522 erat,
2834 4460 3193 4529 St-metipsum
3221 4460 3328 4517 illis
3383 4463 3644 4518 revelavit
3673 4481 3694 4527 ;.

2041 4557 2081 4610 ι)
2111 4550 2202 4618 qui
2231 4549 2395 4603 etiam
2424 4549 2627 4604 detexit
2668 4548 2860 4605 oculos
2915 4549 3130 4620 roganti
3163 4553 3497 4623 progenitori
3557 4570 3690 4625 pro-

2106 4641 2282 4710 phetae
2312 4654 2365 4697 ct
2413 4653 2606 4711 poetae,
2657 4652 2715 4696 ut
2767 4643 3122 4704 meditaretur
3177 4644 3325 4700 illius
3387 4645 3682 4701 mirabilia.

2105 4731 2401 4787 Sciendum
2457 4741 2637 4788 autem
2699 4733 2842 4801 quod
2899 4742 3057 4806 poeta
3118 4749 3228 4788 non
3290 4734 3422 4790 dicit
3482 4736 3688 4790 nullam

2107 4835 2343 4880 mentem
2383 4840 2541 4894 posse
2564 4826 2870 4882 Salvatoris
2901 4827 3145 4898 cogitare
3195 4835 3435 4897 partum,
3493 4830 3586 4884 sed
3617 4828 3700 4883 ad.

2107 4919 2420 4990 hujusmodi
2453 4921 2750 4989 cogitatum
2779 4920 3046 4991 vertigine
3069 4919 3211 4988 capi.
3256 4916 3373 4974 Non
3409 4920 3554 4974 enim
3619 4935 3689 4974 ex

2111 5013 2440 5068 necessitate
2473 5014 2682 5082 vertigo
2709 5011 2848 5067 tollit
2896 5013 2963 5068 ab
2993 5012 3214 5068 homine
3276 5012 3550 5082 cogitandi
3607 4999 3688 5067 fa-

2110 5103 2390 5160 cultatem.
2414 5101 2566 5159 Licet
2596 5119 2726 5159 vero
2753 5103 2913 5159 talem
2937 5103 3132 5160 demus
3154 5103 3407 5174 vertigini
3430 5103 3687 5158 virtutem

2110 5199 2162 5250 in
2200 5213 2324 5264 nos,
2376 5205 2436 5251 ut
2495 5197 2611 5267 ipsa
2665 5211 2896 5266 prorsus
2957 5197 3184 5251 inertem
3233 5194 3396 5251 faciat
3455 5196 3694 5251 hominis

2110 5297 2345 5344 mentem
2377 5289 2443 5343 ad
2470 5289 2880 5359 concipiendam
2925 5287 3222 5343 Salvatoris
3268 5287 3470 5343 Christi
3530 5303 3696 5358 gene-

2114 5385 2382 5440 rationem
2417 5385 2738 5451 humanam,
2770 5399 2878 5440 non
2910 5392 3093 5440 tamen
3144 5383 3225 5440 sic
3273 5399 3399 5439 vera
3446 5385 3690 5454 loquitur

2114 5479 2208 5550 qui
2232 5479 2613 5534 dieitminime
2637 5477 3028 5550 comprehendi
3081 5477 3291 5534 dictum
3323 5492 3486 5548 supra
3535 5486 3693 5532 natu-

2111 5587 2226 5627 ram
2281 5583 2519 5643 partum.
2574 5572 2802 5627 Multum
2870 5572 3016 5626 enim
3073 5571 3222 5626 illum
3284 5569 3461 5626 sancti
3496 5568 3692 5625 Patres

2116 5667 2328 5721 minute
2385 5667 2886 5733 discusserunt;et
2934 5665 3237 5735 prtesertim
3290 5663 3344 5718 in
3395 5663 3497 5718 hoc
3546 5663 3705 5732 quod

2119 5761 2292 5832 ipsius
2317 5773 2540 5816 causam
2569 5757 2622 5814 in
2648 5757 2877 5816 salutem
2916 5765 3158 5815 nostram
3190 5761 3597 5828 exposuerunt!
