4034 6460
335 438 442 506 72⁵1

1044 441 1466 505 EUSTATHII
1507 438 1908 502 THESSALO.

2017 437 2268 499 IENbIS
2311 437 2878 501 ΜΕΤΒΟΡΟΙᾸΤᾸΞ

3484 440 3587 504 728

393 549 524 609 221.
556 551 613 608 Si
643 566 775 608 vero
819 553 1035 607 modum
1085 554 1231 610 illius
1273 552 1645 625 pertingcntes
1680 549 1908 604 maxime

2091 556 2232 621 ρκα’.
2265 551 2325 602 El
2358 549 2414 603 δέ
2443 549 2534 603 τὸν
2562 553 2766 621 τρόπον
2795 549 3011 604 ἐκείνου
3050 566 3474 620 περιερχομενοι
3497 552 3588 604 τδν

325 643 660 706 mirandum,
686 652 744 698 ut
765 657 829 698 ex
856 642 1203 698 immaculata
1226 643 1436 715 virgine
1463 642 1690 697 seminis
1713 653 1901 709 exper-

326 746 397 803 te,
437 743 732 790 renuerunt
761 749 858 805 per
885 743 1056 790 totum
1087 733 1148 788 τδ
1183 734 1458 806 quomodo
1490 733 1748 794 scrutari,
1787 745 1897 785 non

323 836 407 881 est
445 826 548 881 hoc
595 825 900 895 ignorantia
949 841 1122 896 neque
1152 827 1425 898 cogitandi
1492 825 1750 896 privatio,
1804 821 1898 878 sed

324 918 576 984 praedicta
601 918 855 989 vertigo;
909 933 1074 988 quam
1123 919 1408 974 oculorum
1465 915 1895 973 tenebrationem

321 1010 512 1064 dicunt
537 1010 882 1080 interpretes.
899 1009 1005 1076 Qui
1029 1009 1174 1065 enim
1203 1009 1515 1066 didicerunt
1541 1017 1595 1064 et
1624 1015 1897 1063 noverunt

323 1100 520 1155 melius
542 1115 707 1171 quam
740 1114 842 1157 nos
869 1102 1013 1172 quod
1048 1102 1102 1156 in
1135 1100 1371 1157 hominis
1396 1099 1517 1171 puri
1543 1101 1898 1171 generatione

319 1204 430 1243 non
464 1190 688 1246 materia
710 1191 1036 1262 spermatica
1063 1191 1286 1247 humida
1314 1191 1479 1248 efﬁcit
1504 1192 1654 1246 illum
1679 1192 1898 1257 ﬂetum,

319 1281 413 1350 qui
475 1283 657 1350 primo
703 1283 952 1353 quidem,
1001 1283 1158 1352 juxta
1211 1299 1468 1355 magnum
1537 1283 1726 1350 David,
1787 1299 1896 1339 non

321 1383 406 1429 est
447 1373 783 1440 elaboratus,
835 1383 1028 1446 postea
1057 1390 1191 1430 vero
1242 1376 1380 1432 bene
1416 1376 1738 1432 articulatus
1791 1385 1896 1440 est,

319 1476 374 1520 et
427 1465 696 1535 promittit
743 1465 994 1522 ultimum
1053 1466 1352 1534 hominem,
1416 1466 1513 1523 sed
1543 1467 1690 1538 quod
1739 1467 1894 1537 juxta

321 1557 654 1614 locutionem
679 1558 945 1628 ipsorum.
977 1559 1310 1630 spermatica
1369 1560 1512 1616 ratio
1556 1559 1897 1616 intellectua-

321 1649 392 1707 lis
419 1657 473 1707 et
511 1649 800 1708 invisibilis
839 1650 1006 1709 {cetus
1037 1650 1421 1709 formationem
1447 1652 1655 1722 perlicit
1683 1669 1699 1718 ;
1729 1652 1861 1720 quid

322 1743 450 1797 dam
478 1743 658 1798 adhuc
705 1742 869 1798 etiam
904 1743 1079 1814 magis
1111 1743 1499 1811 mysteriosum
1552 1755 1617 1797 ac
1649 1742 1894 1797 divinum

293 1833 576 1900 _scrntati,
603 1835 880 1903 quomodo
906 1834 1220 1890 dicerentur
1249 1847 1356 1888 non
1384 1831 1682 1888 attendisse
1733 1832 1898 1888 modo

321 1925 522 1982 divinae
551 1925 942 1984 incarnationis
967 1926 1041 1982 illi
1070 1927 1139 1982 ab
1190 1925 1311 1998 ipso
1339 1925 1452 1981 Deo
1502 1925 1733 1992 incitati,
1764 1925 1902 1979 divi-

322 2018 408 2074 nis
437 2019 658 2083 initiati,
685 2029 740 2074 et
785 2019 859 2074 ita
889 2033 1054 2091 super
1084 2019 1368 2075 hominem
1403 2020 1681 2090 sapientes
1733 2018 1906 2074 facti?

325 2109 424 2165 llic
453 2118 635 2166 autem
666 2108 965 2166 oﬂiciosius
989 2111 1394 2166 observandum
1422 2109 1698 2180 quomodo
1732 2109 1900 2165 verti-

321 2203 448 2274 gine
469 2203 681 2259 laboret
712 2203 893 2259 omnis
923 2203 1149 2273 spiritus
1191 2202 1595 2258 considerando
1656 2201 1908 2258 iueﬁ‘abi-

321 2299 427 2353 lem
455 2297 580 2351 Filii
610 2297 707 2352 Dei
734 2306 950 2364 partum
981 2311 1048 2352 ex
1079 2294 1315 2366 virgine.
1348 2294 1414 2350 Et
1434 2296 1645 2352 interea
1693 2311 1904 2366 praesu-

324 2391 586 2445 mendum
619 2389 764 2460 quod
795 2405 861 2445 ex
893 2387 1064 2444 verbo
1094 2387 1356 2442 εἰλεῖσθαι
1417 2397 1471 2443 et
1495 2403 1560 2443 ex
1589 2386 1906 2456 huiusmodi

321 2481 534 2536 vortice
603 2481 955 2551 quadamque
1015 2479 1376 2546 volutatione,
1445 2479 1589 2534 dicta
1652 2487 1739 2534 est
1797 2493 1903 2533 vox

325 2573 534 2640 ιλιγγος
558 2571 791 2639 vertigo.
843 2571 1041 2626 Postea
1103 2568 1507 2640 praecidendum
1558 2571 1704 2640 quod
1749 2584 1908 2624 meus

324 2667 589 2730 lunuana,
646 2672 934 2734 postquam
971 2664 1130 2718 vertit
1176 2673 1231 2718 et
1264 2672 1521 2732 tanquam
1581 2663 1636 2717 in
1687 2662 1909 2717 semeti-

323 2773 481 2828 psam
508 2759 738 2830 gyravit,
766 2757 1046 2828 multaque
1075 2765 1131 2813 et
1161 2757 1321 2828 longa
1358 2759 1591 2822 curavit,
1629 2758 1911 2827 multaque

325 2849 556 2906 sollicite
576 2849 804 2922 peregit,
840 2865 907 2904 an
935 2850 1080 2906 forte
1109 2867 1173 2905 ex
1205 2851 1308 2906 hac
1343 2851 1684 2906 volutatione
1721 2859 1910 2921 posset

326 2943 470 2998 idem
494 2945 582 2996 vel
613 2942 824 3012 aliquid
872 2942 1051 2997 simile
1108 2941 1376 3009 invenire,
1406 2943 1459 2996 in
1517 2942 1905 3012 cogitationem

328 3051 571 3104 reversa,
608 3051 819 3091 necnon
860 3044 1172 3091 accuratam
1220 3035 1414 3105 adepta
1465 3033 1909 3104 comprehensio—

330 3143 454 3187 nem
479 3129 625 3198 quod
651 3126 789 3182 nihil
823 3125 1030 3196 aliquid
1064 3127 1170 3180 tale
1194 3125 1298 3180 fuit
1330 3134 1425 3180 aut
1461 3141 1701 3196 unquam
1756 3124 1909 3180 futu-

2016 643 2450 712 παραδοξότατον
2478 644 2568 698 τὸν
2599 647 2662 697 ἐκ
2704 644 2984 715 παρθένου
3023 645 3264 714 ἀφθόρου
3294 647 3393 698 καὶ
3421 645 3588 698 ἀσπό-

2017 753 2134 805 ρου,
2175 737 2521 809 ἀπηνήναντο
2549 737 2828 808 ἐπιζητεῖν
2864 737 2952 790 διὰ
2992 737 3182 800 τέλους
3225 737 3286 790 τδ
3317 737 3457 802 πῶς,
3491 737 3591 790 οὐκ

2014 827 2164 881 ἔστιν
2194 828 2389 896 ἄγνοια
2417 828 2577 881 τοῦτο
2608 829 2788 882 εῐτουν
2827 829 3088 900 στέρησις
3128 828 3222 882 τοῦ
3252 830 3416 892 νοεῖν,
3451 829 3592 881 ἀλλὰ

2014 919 2224 989 ῐλιγγος
2267 923 2294 974 ό
2344 921 2678 993 προρρηθείς
2705 937 2720 952 ο
2761 921 2820 974 ὃν
2872 921 3186 989 σκοτοδίνην
3222 922 3391 991 φασὶν
3420 922 3469 975 οἱ
3496 922 3591 990 ἐρ-

2019 1011 2370 1082 μηνεύοντεςο
2408 1016 2456 1068 οἱ
2506 1014 2616 1084 γὰρ
2665 1015 2936 1085 μαθόντες
2983 1016 3080 1068 καὶ
3131 1016 3334 1078 εἰδότες
3371 1005 3593 1068 κάλλιον

2014 1105 2162 1175 ἤπερ
2188 1107 2370 1176 ἡμεῖς,
2407 1109 2482 1170 ὼς
2514 1109 2608 1161 καὶ
2633 1111 2691 1162 ἐν
2721 1109 2785 1178 τῇ
2815 1109 3029 1176 γενέσει
3059 1112 3124 1179 τῇ
3154 1108 3275 1162 κατ’
3301 1107 3594 1177 ἄνθρωπον

2009 1199 2104 1252 τὸν
2139 1199 2349 1263 ἁπλῶς,
2389 1201 2450 1254 οὗ
2499 1203 2559 1254 τὸ
2587 1201 2768 1255 ὑλαίον
2823 1203 3205 1272 σπερματικὸν
3255 1202 3424 1270 ὑγρὸν
3457 1203 3593 1254 ἀπυ-

2011 1290 2156 1343 τελεῖ
2207 1290 2269 1344 τὸ
2317 1292 2412 1345 τοῦ
2469 1293 2738 1362 ἐμϐρύου,
2785 1295 2978 1363 πρῶτα
3015 1294 3114 1363 μὲν
3157 1295 3592 1363 ἀκατέργαστον,

1985 1385 2152 1435 κατὰ
2184 1383 2274 1436 τὸν
2301 1383 2479 1452 μέγαν
2507 1384 2694 1446 Δαϐὶδ,
2730 1382 2849 1438 εἶτα
2887 1385 3313 1455 εὐδιάρθρωτον,
3359 1385 3386 1438 ὃ
3423 1387 3598 1451 ἐπαγ-

2010 1475 2259 1542 γέλλεται
2287 1476 2380 1530 τὸν
2413 1476 2638 1548 ὕστερον
2671 1479 2960 1548 ἄνθρωπον
2984 1493 2997 1507 ·
3037 1479 3173 1532 ἀλλά
3219 1479 3268 1540 ὁ,
3297 1479 3420 1531 κατ’
3452 1479 3596 1531 ὲκεί-

2008 1584 2134 1631 νους
2155 1570 2354 1638 εἰπεῖν,
2385 1572 2764 1640 σπερματικὸς
2790 1571 2948 1636 λόγος
2969 1572 2996 1624 ὁ
3024 1571 3211 1638 νοητὸς
3239 1572 3334 1623 καὶ
3361 1571 3594 1640 ἀόρατος

2007 1663 2108 1728 τὴν
2138 1660 2620 1730 ἐμϐρυοπλαστίαν
2656 1663 2866 1716 ἐκτελεῖ
2891 1680 2904 1694 ·
2941 1665 3034 1715 καὶ
3072 1661 3484 1732 μυστικώτερον
3513 1661 3595 1714 ἐτι

2012 1753 2418 1821 ἐμϐαθύναντες
2466 1756 2559 1809 καὶ
2603 1755 2900 1826 θειότερον,
2951 1757 3072 1820 πῶς
3113 1757 3358 1828 λεχθεῖεν
3404 1755 3472 1810 ἂν
3520 1756 3595 1826 μὴ

2010 1844 2292 1897 ἐπιϐαλεῖν
2333 1845 2410 1915 τῷ
2446 1845 2638 1918 τρόπῳ
2670 1846 2767 1915 τῆς
2811 1847 2957 1910 θείας
2996 1845 3466 1915 ἐνανθρωπήσεως
3499 1843 3594 1897 ὑπ’

2007 1934 2173 1988 αὐτοῦ
2220 1934 2359 1988 Θεοῦ
2394 1935 2719 2007 ἐναγόμενοι
2763 1938 2858 1991 καὶ
2905 1937 2974 1990 τὰ
3003 1937 3121 1992 θεῖα
3160 1937 3464 2008 μυούμενοι
3499 1936 3595 1990 καὶ

2007 2027 2182 2088 οὕτως
2229 2027 2372 2099 ὑπὲρ
2426 2028 2721 2099 ἄνθρωπον
2775 2027 3161 2101 σοφιζόμενοι;
3212 2029 3482 2084 Ἐνταῦθα
3537 2030 3596 2084 δέ

2013 2118 2317 2189 θεωρητέον
2377 2122 2942 2192 πραγματικώτερον,
3013 2120 3134 2186 πῶς
3193 2121 3402 2193 ίλιγγιᾷ
3467 2119 3595 2182 νοῦς

2011 2212 2158 2273 ἄπας
2180 2215 2322 2265 νοεῖν
2352 2213 2443 2265 τὸν
2481 2215 2542 2266 ἐκ
2568 2214 2847 2282 Παρθένου
2880 2215 3124 2286 ἄρρητον
3154 2214 3315 2267 τόκον
3341 2213 3436 2266 τοῦ
3458 2210 3594 2266 Υἱοῦ

2010 2303 2101 2357 τοῦ
2133 2303 2292 2357 Θεοῦ·
2328 2307 2424 2358 καὶ
2456 2307 2595 2369 τέως
2630 2307 2979 2378 προληπτέον
3001 2307 3077 2371 ὡς
3105 2308 3170 2360 ἐκ
3199 2305 3296 2360 τοῦ
3327 2305 3595 2360 είλεῖσθαι

2019 2396 2116 2448 καὶ
2142 2395 2400 2465 τοιαύτης
2431 2397 2582 2469 δίνης
2633 2398 2730 2450 καὶ
2784 2397 3025 2469 στροφῆς
3081 2414 3249 2462 τινος,
3305 2396 3520 2466 εῐρηκαι
3567 2399 3597 2452 ὁ

2015 2486 2246 2554 ἴλιγγος·
2282 2488 2402 2558 μεθ’
2433 2489 2462 2543 ὃ
2500 2490 2836 2561 ἐπιτμητέον
2885 2490 2969 2544 ὅτι
3012 2491 3038 2542 ό
3080 2488 3429 2561 ἀνθρώπινος
3473 2487 3596 2551 νοῦς

2015 2577 2352 2648 συστρέψας,
2391 2581 2488 2634 καὶ
2517 2577 2631 2633 οἷον
2659 2581 2738 2645 είς
2767 2581 2960 2634 ἐαυτὸν
2991 2580 3252 2651 εἰληθεὶς,
3285 2579 3382 2632 καὶ
3425 2577 3598 2630 πολλὰ

2014 2670 2108 2720 καὶ
2143 2671 2334 2743 μακρὰ
2369 2671 2700 2742 μελετήσας,
2730 2674 2825 2725 καὶ
2852 2672 3025 2725 πολλὰ
3056 2673 3407 2742 μεριμνήσας
3433 2671 3592 2722 εἵπου

2013 2763 2273 2832 τοιαύτης
2303 2764 2568 2834 εἰλήσεως
2624 2765 2875 2835 δυνηθεὶς
2932 2765 3177 2836 ἐξευρεῖν
3230 2763 3264 2832 ἦ
3314 2762 3510 2817 ταυτὸν
3559 2760 3594 2830 ἢ

2015 2853 2152 2908 ἀλλὰ
2185 2855 2374 2923 ὅμοιόν
2406 2872 2482 2921 τι,
2512 2855 2920 2925 ὲπανακάμψας
2951 2857 3027 2918 είς
3069 2856 3257 2922 νόησιν
3300 2855 3398 2907 καὶ
3426 2851 3596 2906 κατά-

2018 2945 2181 3013 ληψιν
2238 2946 2446 3016 ἀκριϐῆ
2499 2946 2594 3016 τὴν
2655 2946 2751 3000 τοῦ
2809 2947 2976 3017 μηδέν
3006 2965 3060 3000 τι
3105 2947 3234 3000 ἄλλο
3279 2944 3518 2998 τοιοῦτον
3561 2942 3595 3014 ἢ

2018 3036 2274 3104 γενέσθαι
2325 3037 2459 3090 ποτέ
2510 3038 2543 3108 ἢ
2601 3038 2932 3109 γενήσεσθαι
2981 3038 3070 3101 ἂν,
3131 3039 3331 3107 πάσχει
3387 3035 3597 3088 ἐκεῖθεν

2019 3128 2235 3197 ἴλιγγον
2263 3129 2574 3200 ἐννουνξκαὶ
2605 3131 2776 3204 κάρον
2806 3131 3070 3202 ἔμφρονα*
3108 3134 3200 3185 καὶ
3231 3129 3448 3191 ἀνεθεὶς
3500 3127 3596 3181 τοῦ

333 3238 453 3277 rum
491 3229 594 3288 est,
625 3221 822 3276 exinde
857 3219 1176 3289 vertiginem
1231 3217 1377 3275 subit
1407 3219 1800 3290 intelligentem
1831 3234 1908 3274 so-

2019 3221 2166 3277 οὕτω
2197 3223 2547 3292 σπουδάζειν,
2587 3225 2844 3297 παρίεται
2887 3226 2988 3296 τῆς
3024 3225 3327 3297 ζητήσεως,
3379 3225 3474 3278 καὶ
3507 3225 3595 3277 δο-

331 3325 629 3382 poremque
655 3311 1017 3381 prudentem;
1058 3321 1114 3365 et
1139 3310 1221 3367 sic
1251 3318 1463 3366 retenta
1493 3325 1524 3364 a
1559 3309 1650 3364 tali
1705 3311 1908 3376 studio,

329 3403 560 3459 remittit
583 3402 652 3458 ab
685 3402 1060 3474 inquisitione,
1097 3410 1152 3457 et
1168 3400 1439 3472 gloriﬁcat
1469 3401 1905 3471 omnipotentem

329 3496 528 3553 Filium
557 3503 613 3551 et
639 3495 788 3551 illam
819 3510 941 3566 quae
969 3507 1165 3564 praeter
1192 3495 1504 3564 Opinionem
1542 3509 1666 3550 eum
1699 3497 1908 3565 genuit.

403 3589 536 3645 222.
572 3587 686 3643 Hoc
708 3603 888 3644 autem
920 3605 934 3640 :
965 3603 1090 3642 cum
1118 3603 1308 3643 amore
1339 3586 1728 3659 gloriﬁcamus,
1792 3596 1912 3641 tan-

334 3699 498 3752 quam
525 3681 730 3752 aliquid
758 3680 1264 3738 extraordinarium
1313 3680 1562 3737 melodus
1597 3679 1910 3750 adscripsit.

335 3779 441 3844 Qui
467 3779 613 3832 enim
645 3791 712 3832 ex
771 3784 885 3831 toto
918 3775 1085 3831 corde
1109 3774 1417 3846 gloriﬁcant
1438 3774 1607 3830 Deum
1631 3774 1914 3845 ipsiusque

335 3873 742 3929 sanctissimam
768 3869 998 3924 Matrem
1050 3879 1217 3938 atque
1248 3877 1488 3936 sanctos,
1518 3866 1674 3937 juxta
1726 3883 1914 3937 quem-

334 3968 458 4022 dam
489 3965 687 4018 mirum
712 3971 990 4031 stuporem
1048 3960 1152 4016 hoc
1201 3960 1429 4024 l‘aciunt,
1483 3960 1743 4014 continuo
1803 3959 1912 4013 cla-

336 4071 546 4116 mantes
585 4074 651 4114 ex
705 4071 902 4112 more:
955 4054 1159 4111 Gloria.
1202 4051 1322 4108 Non
1375 4061 1558 4107 autem
1615 4052 1755 4107 idem
1805 4063 1916 4118 est,

335 4152 528 4226 procul
554 4150 738 4211 dubio,
768 4158 960 4217 stupor
987 4160 1042 4202 et
1063 4161 1234 4212 amor,
1269 4159 1369 4200 nec
1395 4144 1558 4201 simul
1587 4160 1653 4198 ex
1675 4144 1918 4200 necessi-

339 4257 450 4300 tate
482 4244 696 4299 cuuctis
735 4240 1091 4311 stupentibus
1130 4237 1448 4307 supervenit
1476 4236 1567 4290 illa
1597 4235 1916 4292 desiderare

342 4349 436 4406 per
468 4352 590 4407 qua:
617 4337 676 4390 ﬁt
712 4345 922 4405 stupor.
975 4332 1125 4387 Multi
1161 4346 1400 4402 namque
1453 4331 1567 4384 sola
1626 4331 1916 4385 miratione

341 4425 1160 4497 perculsi,constiteruntnihil
1221 4423 1349 4478 inde
1401 4422 1802 4489 desiderantes,
1863 4430 1917 4475 et

337 4521 632 4594 aliquando
660 4520 888 4576 multum
909 4519 1036 4574 odio
1063 4527 1329 4573 tenentes.
1350 4514 1460 4572 Nos
1484 4525 1691 4580 autem,
1716 4513 1915 4584 inquit,

338 4633 372 4668 υ
417 4629 631 4670 summa
680 4612 908 4684 Regina,
961 4620 1014 4666 te
1060 4625 1186 4666 cum
1257 4623 1445 4664 amore
1502 4607 1910 4675 gloriﬁcamus;

341 4720 597 4775 tanquam
667 4719 825 4760 amor
883 4703 1236 4758 mirationem
1300 4701 1568 4766 vinceret,
1633 4699 1916 4767 ipsiusque

338 4802 520 4854 locum
556 4805 885 4867 occuparet;
918 4795 1003 4850 vel
1032 4795 1212 4864 potius
1269 4805 1500 4862 uterque
1551 4800 1794 4846 maneret
1843 4791 1917 4846 si-

341 4889 453 4944 mul
474 4889 621 4958 apud
649 4904 768 4954 nos,
793 4887 1098 4956 eodemque
1121 4885 1283 4940 modo
1311 4885 1600 4941 nobiscum
1627 4883 1918 4941 exsisteret

344 4999 408 5039 ac
464 4983 816 5038 concordiam
866 4982 1135 5036 haberet:
1189 4995 1298 5034 una
1357 4980 1558 5050 quippe
1641 4979 1916 5034 desiderio

343 5075 739 5144 mirationeque
757 5077 1031 5143 capimur.
1063 5071 1190 5127 Ideo
1214 5083 1265 5127 te
1285 5088 1408 5126 cum
1432 5087 1617 5126 amore
1643 5069 1915 5139 gloriﬁca-

347 5181 489 5221 mus.
522 5165 578 5220 In
617 5167 700 5220 his
726 5176 905 5220 autem
929 5166 989 5218 τὸ
1018 5166 1141 5218 ὅθεν
1171 5165 1514 5220 causativum
1547 5174 1653 5229 est,
1705 5172 1762 5218 ut
1791 5179 1918 5219 sen-

343 5274 439 5312 sus
470 5257 644 5326 quinti
672 5271 863 5311 versus
897 5255 1018 5310 talis
1079 5257 1192 5310 sit:
1247 5256 1516 5323 Quoniam
1575 5254 1757 5309 omnis
1807 5253 1921 5308 clo-

341 5353 565 5420 quentia
592 5365 622 5405 a
657 5360 708 5404 te
737 5357 1047 5419 superatur,
1109 5349 1490 5419 augustissima
1547 5347 1776 5416 Deipara
1803 5387 1817 5411 ,
1866 5356 1922 5403 et

342 5441 524 5495 omnis
549 5453 700 5494 lucus
735 5439 1005 5508 vertigine
1036 5437 1248 5491 laborat
1277 5446 1430 5491 tuum
1461 5437 1751 5508 cogitando
1797 5449 1921 5505 par-

348 5546 483 5597 tum,
513 5533 715 5586 idcirco
744 5547 846 5585 nos
870 5531 1238 5598 gloriﬁcamus
1273 5527 1344 5596 te,
1401 5546 1509 5585 non
1576 5529 1921 5598 multiloquio

347 5627 537 5694 sicque
585 5623 738 5690 operi
788 5637 953 5691 supra
1005 5622 1260 5675 virtutem
1291 5621 1509 5688 addicti,
1563 5623 1657 5679 sed
1705 5622 1784 5676 vel
1822 5624 1922 5678 hoc

348 5719 527 5785 ipsum
559 5733 572 5767 :
607 5713 788 5768 Gloria
829 5713 954 5778 tibi,
993 5713 1075 5766 vel
1111 5711 1253 5765 aliud
1291 5713 1418 5781 quid
1459 5711 1786 5776 venerabile,
1840 5712 1925 5767 vel

350 5807 540 5862 saltem
571 5807 673 5860 hoc
727 5804 983 5878 angelicae
1014 5802 1358 5860 salutationis
1391 5820 1403 5858 :
1439 5804 1571 5870 Ave,
1605 5820 1698 5860 seu
1753 5806 1920 5869 salve,

347 5906 652 5956 ωηιῑιυιοε.

2015 3314 2170 3380 ξάζει
2200 3316 2294 3369 τὸν
2341 3317 2782 3388 ἀπειροδύναμον
2822 3319 3052 3390 Κύριον,
3086 3320 3180 3372 καὶ
3223 3319 3323 3388 τὴν
3360 3317 3595 3388 παραδό-

2016 3405 2124 3473 ξως
2159 3405 2430 3462 τεκοῦσαν
2456 3409 2643 3464 αὐτόν.

2089 3587 2228 3658 σκβ’.
2254 3588 2328 3641 Τὸ
2352 3587 2429 3656 δέ,
2457 3589 2554 3644 σὺν
2581 3589 2732 3661 πόθῳ
2757 3590 3076 3661 δοξάζομεν,
3111 3593 3186 3652 ὡς
3217 3593 3521 3662 παράδοξόν
3547 3614 3596 3651 τι

2015 3680 2043 3732 ό
2075 3677 2315 3748 μελῳδὸς
2339 3695 2554 3750 παρεση
2568 3680 2800 3750 μὴνατο’
2831 3682 2880 3735 οἱ
2911 3681 3022 3752 γὰρ
3054 3682 3334 3753 ὁλοψύχως
3353 3684 3600 3750 δοξάζον-

2016 3790 2110 3834 τες
2147 3773 2239 3826 τὺν
2269 3773 2424 3840 Θεὸν,
2461 3774 2557 3826 καὶ
2583 3773 2684 3844 τὴν
2711 3774 3025 3846 ἁγιωτάτην
3055 3775 3222 3828 αὐτοῦ
3257 3778 3472 3846 μητέρα
3502 3781 3597 3830 καὶ

2017 3866 2145 3927 τοὺς
2197 3865 2389 3932 ἁγίους
2421 3863 2612 3930 αὑτοῦ,
2662 3866 2805 3921 κατά
2835 3883 2959 3920 τινα
3006 3867 3304 3936 τεραστίαν
3332 3866 3596 3937 ἔκπληξιν

2018 3955 2180 4011 τοῦτο
2213 3957 2486 4024 ποιοῦσιν,
2529 3957 2907 4028 ἀναϐοώμενοι
2957 3960 3157 4013 αὐτίκα
3207 3960 3300 4013 καὶ
3343 3961 3404 4013 τὸ
3459 3961 3595 4025 Δόξα

2019 4050 2162 4104 κατὰ
2191 4049 2253 4102 τὸ
2281 4050 2535 4122 σύνηθες·
2584 4050 2708 4104 οὕτε
2742 4051 2800 4104 δὲ
2831 4052 3033 4106 ταυτὸν
3081 4055 3495 4124 ἁναντιρῤήτως
3530 4059 3596 4126 τῇ

2017 4141 2279 4212 ἐκπλήξει
2315 4144 2344 4196 ό
2394 4142 2579 4209 πόθος,
2639 4143 2766 4197 οὔτε
2811 4144 3195 4215 συμπάρεστιν
3238 4147 3296 4211 ἐξ
3349 4148 3598 4217 ἀνάγκης

2022 4234 2197 4289 ἅπασι
2229 4237 2344 4299 τοῖς
2385 4237 2856 4308 ἐκπληττομένοις
2885 4239 2945 4291 τὸ
2974 4239 3068 4290 καὶ
3097 4239 3284 4292 ποθεῖν
3311 4239 3495 4292 ἐκεῖνα
3531 4241 3599 4292 δι’

2023 4321 2162 4397 ὦνή
2198 4327 2462 4398 ἔκπληξις
2517 4329 2763 4396 γίνεται·
2814 4330 3003 4384 πολλοὶ
3063 4332 3173 4402 γὰρ
3234 4330 3599 4398 ἐκπλαγέντες

2026 4419 2210 4486 μόνον,
2243 4421 2555 4474 ἐπαύσαντο
2590 4421 2758 4490 μηδέν
2805 4439 2860 4475 τι
2911 4423 3272 4494 ποθήσαντες’
3305 4423 3421 4477 ἐστι
3456 4423 3514 4476 δὲ
3539 4416 3601 4477 οῦ

2021 4511 2116 4564 καὶ
2167 4514 2504 4580 μισήσαντες
2535 4512 2655 4566 λίαν
2705 4516 2872 4568 πάνυ.
2929 4513 3121 4582 Ἡμεῖς
3174 4515 3253 4578 δὲ,
3304 4516 3497 4585 φησὶν,
3553 4510 3601 4569 ὦ

2023 4603 2401 4670 παντὰνασσα,
2436 4604 2533 4657 σὺν
2565 4605 2721 4676 πόοῳ
2749 4605 3048 4676 δοξάζομέν
3079 4623 3138 4660 σε
3163 4624 3176 4638 ·
3204 4606 3283 4670 ὡς
3311 4607 3405 4661 τοῦ
3433 4608 3600 4660 πόθου

2020 4696 2121 4766 τὴν
2173 4697 2441 4768 ἔκπληξιν
2501 4699 2896 4769 ἐκνικήσαντος
2928 4737 2943 4762 ,
2999 4699 3093 4752 καὶ
3149 4699 3603 4769 ἀντεισαχθέντος

2019 4789 2252 4854 ἐκείνου,
2299 4789 2533 4858 μάλιστα
2571 4789 2673 4860 μέν
2703 4785 2798 4844 οῦν
2824 4791 2924 4844 σὺν
2956 4794 3150 4861 ἐκείνῳ
3181 4793 3439 4861 μένοντος
3471 4795 3604 4863 παρ’

2018 4881 2155 4950 ἡμῖν
2191 4881 2287 4933 καὶ
2317 4878 2681 4950 συζυγοῦντος
2707 4883 2765 4934 ἐν
2788 4882 2866 4952 τῷ
2899 4883 3318 4947 συνδυάζεσθαι⁸
3350 4885 3468 4954 ἅμα
3495 4887 3603 4955 γὰρ

2021 4972 2119 5026 καὶ
2155 4974 2453 5043 ποθοῦμεν,
2489 4975 2586 5028 καὶ
2615 4975 3059 5046 ἐκπληττόμεθα·
3096 4976 3180 5030 διὸ
3204 4980 3297 5031 καὶ
3326 4979 3425 5032 σὺν
3454 4979 3605 5048 πόθῳ

2026 5079 2087 5116 σε
2121 5063 2443 5135 δοξάζομεν·
2476 5068 2535 5118 ἐν
2585 5066 2800 5128 τούτοις
2850 5066 2908 5119 δέ
2961 5067 3020 5120 τὸ
3071 5059 3207 5120 ὅθεν’
3241 5068 3605 5136 αίτιολογικόν

2028 5159 2203 5221 ἐστιν,
2236 5158 2324 5209 ἵνα
2360 5159 2387 5210 ὁ
2417 5157 2542 5219 νοῦς
2569 5157 2666 5212 τοῦ
2713 5159 2966 5228 πέμπτου
3005 5159 3171 5222 ἐπους
3205 5159 3290 5229 εἴη
3324 5159 3566 5224 τοιοῦτος
3587 5176 3603 5193 ο

2037 5245 2262 5314 Ἐπειδὴ
2307 5245 2496 5300 ἅπασα
2544 5246 2801 5317 ῥητορεία
2845 5248 3078 5318 ἡττᾶταί
3117 5265 3231 5312 σου,
3267 5242 3312 5303 ὦ
3365 5250 3608 5318 πάναγνε

2026 5338 2284 5404 Θεοτόκε,
2317 5339 2411 5390 καὶ
2460 5338 2587 5401 νοῦς
2613 5337 2672 5391 δὲ
2724 5341 2874 5404 ἄπας
2923 5339 3131 5410 ίλιγγιᾷ
3172 5343 3266 5395 τὸν
3309 5341 3466 5395 τόκον
3512 5359 3608 5394 σου

2027 5434 2192 5497 νοεῖν,
2222 5432 2308 5484 διὰ
2331 5431 2494 5485 τοῦτο
2524 5433 2688 5503 ἡμεῖς
2713 5432 3011 5502 δοξάζομέν
3043 5450 3126 5499 σε,
3155 5434 3215 5487 οὐ
3245 5433 3612 5501 πολυλογοῦν-

2029 5542 2141 5587 τες,
2195 5527 2290 5577 καὶ
2337 5525 2510 5589 οὕτως
2561 5526 2942 5596 ἐγχειροῦντες
2991 5527 3105 5590 τοῖς
3165 5526 3309 5597 ὑπὲρ
3353 5526 3610 5597 δύναμιν,

2031 5621 2167 5673 ἀλλὰ
2196 5620 2228 5689 ἢ
2261 5621 2392 5672 αὐτὸ
2421 5620 2579 5674 τοῦτο
2614 5620 3082 5689 ἀναφθεγγόμενοι
3133 5622 3220 5686 τὸ,
3268 5619 3406 5684 Δόξα
3439 5637 3545 5684 σοι,
3575 5621 3609 5688 ἢ

2032 5714 2161 5768 ἄλλο
2186 5731 2238 5766 τι
2268 5713 2524 5784 γεραρὸν,
2575 5714 2608 5782 ἢ
2645 5714 2781 5766 ἀλλὰ
2811 5714 2941 5767 αὐτὸ
2986 5714 3046 5768 τὸ
3089 5714 3314 5784 Χαίροις
3347 5713 3378 5783 ἢ
3415 5713 3611 5784 Χαῖρε,

2032 5812 2090 5863 τὴ
2119 5808 2413 5876 ἀγγελικδν
2451 5809 2849 5879 προσφώνημα.
