4034 6474
499 446 606 513 729

679 544 1005 637 Τροπξὶριον
1037 570 1270 640 πρῶτον
1301 571 1410 639 τῆς
1441 571 1703 638 ἐννάτης
1735 570 1918 640 ᾠδῆς.

495 659 684 716 XXVI.
712 662 895 713 ’Ὑδειν
921 660 1063 715 ἔοικε
1093 664 1193 732 τὴν
1227 664 1496 730 φυσίζωον
1535 665 1704 734 κόρην
1728 679 1744 694 ⁶

703 749 857 815 Μόνη
888 750 996 822 γὰρ
1028 752 1086 806 ἐν
1109 751 1282 825 δίνῃσι
1311 755 1576 824 κεκρύφει
1602 755 1797 825 Λόγον,

703 840 988 895 Νοσοῦσαν
1016 842 1342 900 ἀλθαίνοντα
1367 845 1467 914 τὴν
1493 845 1701 917 βροτῶν
1729 846 1913 917 φύσιν,

713 934 810 997 ’ος
837 932 1032 998 δεξιοῖς
1065 935 1342 1004 κλισμοῖσι
1376 937 1470 990 νῦν
1500 939 1784 1007 ἱδρυμένος

701 1023 916 1093 Πατρός
941 1025 1196 1096 πέπομφε
1218 1026 1318 1100 τήν
1340 1029 1499 1097 χάριν
1527 1027 1623 1081 τοῦ
1654 1029 1994 1100 Πνεύματος.

559 1120 701 1183 σκγ⁸.
733 1116 826 1179 Εἰς
848 1116 949 1182 τὴν
981 1116 1333 1186 πανύμνητον
1363 1120 1624 1173 Θεοτόκον
1649 1119 1914 1174 ἀπονεῦον
1958 1120 2054 1174 καὶ

485 1209 547 1262 τὸ
573 1207 751 1279 παρὸν
797 1209 1118 1281 τροπάριον,
1170 1210 1247 1273 ὡς
1296 1212 1493 1285 έρῤέθη
1544 1213 1602 1265 ὲν
1632 1215 1745 1275 τοῖς
1785 1214 1912 1285 περὶ
1955 1213 2051 1267 τοῦ

484 1302 703 1372 είρμοῦ,
736 1302 1009 1373 ὲπικρίνει
1057 1303 1177 1357 δέον
1222 1301 1364 1358 εἶναι
1422 1305 1712 1374 ὑμνεῖσθαι
1755 1305 1927 1375 αὑτὴν
1977 1306 2053 1369 ὡς

486 1394 654 1466 μόνην
684 1396 748 1448 ὲκ
778 1396 968 1448 πασῶν
1015 1396 1122 1449 τῶν
1169 1397 1375 1464 γενεῶν
1422 1397 1831 1468 έμφορηθεῖσαν
1883 1398 2069 1461 Θεοῦ...

481 1485 576 1536 καὶ
599 1483 984 1555 ἀγαπηθεϊσαν
1011 1485 1182 1556 αὐτῷ·
1231 1488 1327 1540 καὶ
1359 1486 1541 1540 ἔνθεον
1584 1490 1678 1541 καὶ
1709 1489 1954 1559 θεοδόχον
1986 1491 2048 1544 οὑ

478 1575 624 1627 κατὰ
663 1573 941 1644 διαγωγὴν
973 1577 1251 1647 ἐνάρετον,
1284 1577 1318 1648 ἢ
1362 1580 1506 1633 κατά
1552 1578 1643 1633 τδν
1676 1581 2049 1650 πρεσϐύτατον

480 1665 572 1717 καὶ
600 1664 904 1735 ἁγιώτατον
934 1665 1184 1738 Συμεὼν,
1220 1669 1358 1724 ἀλλὰ
1397 1671 1474 1732 ὡς
1522 1670 1736 1741 ἀληθῶς
1765 1673 1822 1724 έν
1850 1672 2049 1742 γαστρὶ

475 1755 779 1825 δεξαμένην
807 1760 1035 1826 ἐκεῖνον,
1062 1760 1090 1814 ὅ
1123 1762 1239 1813 ἐστι
1265 1763 1709 1831 κυοφορήσασαν·
1744 1762 1890 1817 ἔοικε
1915 1763 2045 1834 γὰρ,

478 1849 667 1916 φησὶν,
698 1849 868 1919 ήγουν
918 1850 1141 1920 πρέπει,
1180 1851 1407 1924 οὐδεμία
1451 1853 1560 1924 γὰρ
1605 1855 1713 1907 τῶν
1746 1854 1923 1909 ἄλλων
1950 1872 2046 1926 ση-

475 1941 687 2009 μασιῶν
734 1941 830 1996 τοῦ
884 1944 1062 1998 ἔοικεν
1113 1946 1397 2017 ἀρμοστέα
1425 1948 1681 2012 ἐνταῦθα,
1729 1948 1878 2002 ὑδειν
1922 1950 2040 2020 ήτοι

471 2032 617 2105 ᾄδειν
645 2036 740 2090 καὶ
764 2036 956 2105 ὑμνεῖν
979 2038 1054 2102 ὡς
1099 2041 1195 2092 καὶ
1246 2042 1595 2112 προεγράφη,
1635 2041 1734 2114 τὴν
1772 2043 2044 2112 φυσέζωον

470 2128 662 2197 κόρην,
695 2129 864 2199 ήγουν
907 2130 1008 2200 τὴν
1054 2132 1527 2202 μητροπάρθενον,
1583 2133 1661 2198 ὡς
1715 2133 1835 2201 μετ’
1883 2134 2042 2203 ὀλίγα

470 2220 774 2290 εἰρήσεται·
817 2221 952 2292 μόνη
1004 2226 1114 2294 γὰρ
1164 2223 1432 2294 κεκρύφει
1486 2225 1657 2296 ἤγουν
1713 2224 1950 2296 ἔκρυψεν
1982 2228 2041 2280 ἐν

469 2316 612 2379 ταῖς,
641 2313 715 2378 ὡς
741 2316 770 2368 6
803 2315 1260 2387 προηγησάμενος
1289 2317 1390 2388 τὴν
1430 2318 1695 2389 ἐξήγησιν
1741 2318 1910 2387 λέγει,
1945 2317 2042 2373 λα-

468 2406 621 2475 γόσιν
655 2408 825 2477 αὐτῆς
849 2447 863 2470 ,
908 2408 975 2471 ἃς
1020 2409 1189 2475 δίνας,
1219 2410 1405 2480 φησὶν,
1440 2408 1695 2479 ὀνομάζει
1727 2413 1755 2463 6
1786 2411 2038 2481 ποιητὴς,

471 2498 629 2565 λόγον
676 2498 771 2551 τὸν
805 2498 1031 2568 κυρίως,
1062 2498 1155 2550 τὸν
1205 2500 1589 2567 ένυπόστατον,
1637 2499 1729 2554 τὸν
1760 2501 1834 2570 τῷ
1864 2499 2041 2573 Πατρὶ

473 2589 912 2658 συγκαθήμενον,
968 2591 1060 2642 τὸν
1096 2589 1424 2645 ἁλθαίνοντα
1476 2588 1597 2663 ἥτοι
1641 2591 2036 2662 θεραπεύοντα,

467 2686 559 2733 καὶ
593 2682 912 2751 ἰατρεύοντα
941 2682 1041 2752 τὴν
1070 2683 1169 2735 καὶ
1210 2685 1525 2754 νοσήσασαν
1579 2683 1691 2737 τῶν
1736 2683 2038 2753 ἀνθρώπων

398 2833 409 2840 δ
465 2772 630 2835 φύσιν
670 2773 763 2825 καὶ
797 2772 1060 2827 νοσοῦσαν
1095 2776 1188 2827 καὶ
1236 2775 1389 2829 οὐδὲν
1439 2777 1791 2846 παυσομένην
1839 2779 2035 2843 νοσεῖν,

466 2866 569 2927 ἕως
630 2866 730 2927 τὰς
783 2867 1165 2937 ἁμαρτητικὰς
1220 2868 1473 2940 καχεξίας
1527 2870 1714 2934 κακῶς
1763 2869 2033 2933 ποιοῦσα,

465 2962 750 3028 προσίεται
788 2963 880 3014 καὶ
915 2963 1290 3028 είσοικίζεται.

444 3128 459 3153 ί
537 3141 669 3195 σκδ’.
707 3142 874 3194 Ἔνθα
904 3140 1212 3210 σημείωσαι
1244 3141 1319 3205 ὡς
1366 3140 1496 3195 ἐπεὶ
1527 3142 1587 3195 έν
1630 3141 1710 3213 τῷ
1755 3138 1949 3212 μόναις
1975 3142 2035 3196 ὲν

463 3235 641 3306 δίκησι
674 3232 939 3303 κεκρύφει
971 3234 1164 3300 Λόγον,
1197 3233 1297 3288 οὐκ
1323 3233 1591 3305 ἐδήλωσεν
1613 3232 1687 3296 ὡς
1717 3234 1889 3304 Λόγον
1923 3233 2028 3308 ἔφη
2066 3270 2113 3333 c

461 3327 550 3379 τὸν
588 3327 713 3380 Υίὸν
749 3325 844 3378 τοῦ
887 3325 1048 3389 Θεοῦ,
1093 3326 1347 3396 ἐπήγαγε
1386 3327 1489 3396 μὲν
1535 3327 1832 3397 σαφηνείας
1879 3328 2040 3399 χάριν

459 3421 520 3468 τδ
547 3418 711 3471 αὐτὴν
746 3417 1026 3471 ἁλθαίνειν
1072 3418 1490 3488 θεραπευτικῶς
1523 3420 1673 3488 ήμᾶς
1726 3418 2038 3485 νοσοῦντας,

461 3506 547 3565 οἷα
570 3509 760 3579 ψυχῶν
787 3509 881 3563 καὶ
914 3509 1183 3579 σωμάτων
1216 3510 1420 3581 ίατρόν.
1461 3508 1618 3563 Ἐπεὶ
1646 3510 1704 3564 δὲ
1736 3511 1826 3563 καὶ
1859 3510 2038 3572 ἄλλως

464 3604 636 3670 λόγοις
666 3601 832 3666 θείοις
858 3601 1045 3655 ἰῶνται
1070 3602 1369 3674 ἄνθρωποι,
1398 3603 1482 3657 δι³ι
1508 3602 1685 3669 τοῦτο,
1710 3602 1842 3675 πρὸς
1867 3603 2038 3657 πλείω

463 3695 555 3748 καὶ
586 3695 1056 3765 είλικρινεστάτην
1091 3697 1414 3767 σαφήνειαν,
1447 3696 1643 3764 ἐπάγει
1691 3697 1785 3750 καὶ
1818 3695 1994 3748 ταῦτα
2019 3710 2035 3727 ⁸

466 3790 562 3850 ’³ος
597 3790 767 3860 ἤγουν
794 3791 822 3844 6
854 3788 1045 3859 ῥηθεὶς
1090 3791 1263 3858 Λόγος
1299 3788 1582 3861 ἱδρυμένος
1611 3788 1708 3845 νῦν
1739 3793 1799 3844 ὲν
1842 3789 2038 3854 δεξιοῖς

463 3880 713 3950 κλισμοῖς
755 3881 783 3934 ὅ
818 3881 935 3934 ἐστι
975 3880 1188 3950 θρόνοις
1226 3880 1620 3951 μεγαλωσύνης
1649 3880 1744 3933 τοῦ
1791 3880 2036 3952 Πατρὸς,

462 3973 601 4028 κατὰ
630 3974 710 4038 τὸ,
729 3973 1014 4027 Ἐκάθισεν
1040 3975 1104 4026 ὲκ
1133 3973 1320 4038 δεξιῶν
1342 3974 1437 4027 τοῦ
1464 3974 1621 4040 Θεοῦ,
1651 3974 1912 4043 πέπομφε
1938 3972 2036 4044 τὴν

466 4069 625 4134 γάριν
655 4065 751 4118 τοῦ
786 4065 1128 4135 Πνεύματος,
1156 4057 1217 4118 οὗ
1255 4066 1353 4135 τὴν
1383 4064 1579 4137 ἑορτὴν
1624 4066 1866 4136 σήμερον
1910 4065 2038 4135 ἄγο-

463 4177 581 4225 μεν.
614 4158 724 4210 Κλὶ
743 4157 803 4211 τὸ
828 4157 930 4227 μὲν
955 4157 1139 4215 ὁλικον
1163 4158 1368 4223 ἀγαθὸν
1389 4157 1489 4226 τῆς
1507 4157 1775 4228 τροπικῆς
1797 4156 2035 4220 ἐννοίας.

457 4246 717 4300 τοιοῦτον·
749 4247 860 4299 τῶν
913 4247 969 4302 δὲ
1021 4246 1164 4302 κατὰ
1216 4238 1365 4314 λέξιν
1398 4247 1458 4301 τὸ
1499 4248 1596 4316 μὲν
1627 4246 1772 4302 ῦδειν
1820 4245 1889 4320 ἦν
1937 4250 2036 4317 μὲν

458 4339 632 4388 εἰπεῖν
659 4338 965 4407 κοινότερον
986 4336 1177 4406 ὑμνεῖν
1199 4336 1519 4406 ἀλυμάντως
1537 4338 1603 4406 τῇ
1629 4336 1982 4408 ἀκροστιχίδι·
2008 4338 2035 4390 6

457 4431 512 4480 δὲ
541 4427 904 4499 παροξύτονος
936 4428 1236 4499 μελῳδικὸς
1261 4429 1411 4492 τόνος
1427 4428 1545 4494 τοῦ,
1566 4429 1813 4499 Χαίροις,
1834 4430 2035 4483 Ἀνασ-

456 4541 543 4588 σα,
591 4523 652 4575 τὸ
707 4522 895 4592 ὑμνεῖν
926 4519 1251 4591 ἀπαγαγὼν,
1305 4522 1367 4574 τὸ
1398 4518 1544 4574 θδειν
1593 4522 2031 4592 ἀντεισήγαγεν’

1272 454 1356 517 ΙΝ
1395 454 1734 517 IIYMNUM
1778 457 2438 517 PENTECOS'I‘ALEM
2486 452 2956 519 DAMASCENI.

2084 574 2134 633 Α

3630 462 3735 526 730

2506 574 2820 641 Troparium
2846 576 3072 645 primunt
3099 576 3214 629 orla,
3243 592 3410 632 uoua‘.

2331 665 2564 720 Cautare
2596 667 2750 721 decet
2783 677 3030 721 naturam
3062 668 3420 722 vivificantem
3454 669 3682 737 puellam
3718 687 3733 724 :

2267 757 2389 811 Sula
2419 758 2561 810 enim
2594 758 2646 811 in
2681 758 2962 826 profundis
2989 760 3283 814 occultavit
3314 759 3576 822 Verbum,

2266 849 2572 921 IEgrotanti
2609 851 2831 906 medens
2867 853 3179 907 mortalium
3210 854 3476 925 uaturtezzl

2257 941 2411 1007 Quod
2445 943 2656 999 dextris
2685 945 2907 999 sedibus
2940 961 3087 1000 nunc
3119 945 3317 1001 sedens

2262 1035 2458 1096 Patris,
2493 1035 2642 1089 misit
2680 1037 2910 1103 gratiam
2946 1035 3211 1104 Spiritus.

2221 1126 2354 1182 225.
2378 1126 2456 1180 Ad
2494 1127 2981 1182 laudabilissimam
3024 1128 3304 1197 Deiparam
3336 1131 3638 1200 respiciens
3669 1140 3723 1186 et

2153 1221 2254 1277 ista
2297 1220 2540 1292 strophe,
2571 1221 2716 1274 sicut
2746 1222 2800 1274 in
2836 1221 2920 1275 his
2950 1236 3072 1288 quae
3111 1231 3352 1288 spectant
3413 1225 3477 1279 ad
3521 1240 3719 1278 nexum

2150 1312 2255 1366 fuit
2275 1313 2503 1375 dictum,
2532 1319 2785 1380 oportere
2812 1310 3055 1366 decernit
3082 1311 3227 1366 illam
3279 1313 3556 1368 celebrare
3575 1315 3724 1368 velu-

2151 1405 2190 1458 ti
2222 1406 2396 1459 solam
2420 1421 2484 1459 ex
2513 1403 2769 1459 omnibus
2804 1404 3252 1472 generationibus
3297 1405 3404 1458 Deo
3456 1405 3716 1475 repletam

2152 1497 2366 1566 ipsique
2396 1495 2848 1560 dilectissimam;
2883 1503 2935 1549 ct
2965 1511 2994 1549 a
3046 1495 3155 1547 Deo
3200 1494 3433 1549 amatam
3466 1511 3530 1551 ac
3591 1496 3723 1551 visi-

2148 1594 2316 1640 tatam
2352 1600 2462 1641 non
2493 1585 2795 1641 secundum
2827 1585 2994 1638 vitam
3036 1583 3235 1639 virtute
3273 1585 3576 1654 praeditam,
3618 1602 3722 1641 nec

2148 1680 2449 1734 secundum
2510 1676 2877 1732 venerabilem
2944 1675 3467 1745 sauctissimumque
3532 1692 3717 1732 senem

2147 1769 2597 1831 Simeonem,sed
2627 1767 2774 1823 velut
2826 1782 2944 1821 eam
2979 1782 3101 1837 qua:
3157 1769 3399 1836 suscepit
3459 1766 3608 1822 illum
3668 1768 3720 1820 iu

2147 1868 2337 1915 ventre
2353 1860 2435 1915 vel
2468 1860 2520 1914 in
2547 1869 2701 1915 utero
2725 1859 2866 1914 tulit.
2901 1861 3108 1926 Ἐοικε,
3135 1859 3292 1915 decet
3320 1857 3489 1927 enim,
3513 1860 3715 1930 inquit,

2152 1954 2267 2010 sive
2293 1952 2574 2017 convenit,
2622 1952 2769 2007 nulla
2827 1952 3099 2021 siquidem
3159 1967 3224 2008 ex
3260 1952 3383 2007 aliis
3444 1951 3722 2022 signiﬁca-

2152 2044 2390 2100 tionibus
2425 2041 2522 2098 τοῦ
2560 2042 2737 2099 ἔοικεν
2766 2042 2857 2097 hic
2889 2054 3126 2111 aptatur,
3185 2041 3330 2095 ὑδειν
3384 2041 3501 2096 sive
3547 2040 3718 2113 ᾅδειν,

2150 2137 2396 2193 carmine
2419 2135 2698 2192 celebrare
2754 2134 3104 2204 hymnisque,
3159 2134 3301 2190 sicut
3348 2132 3551 2188 dictum
3611 2142 3715 2198 est,

2149 2227 2408 2291 exaltare,
2443 2226 2713 2296 φυσίζωον
2739 2226 2932 2295 κόρην,
2971 2225 3087 2280 sive
3138 2225 3400 2294 virginem
3460 2235 3717 2289 matrem,

2148 2330 2208 2374 ut
2233 2320 2394 2390 paulo
2446 2327 2569 2388 post
2605 2317 2869 2375 docetur:
2905 2318 3019 2374 sola
3052 2317 3254 2389 quippe
3281 2316 3550 2385 κεκρύφει
3606 2315 3720 2370 sive

2147 2411 2410 2483 ἔκρυψεν,
2439 2410 2749 2477 abscondit,
2774 2410 2916 2465 sicut
2943 2410 3048 2464 dux
3073 2407 3538 2479 interpretatiouls
3565 2407 3719 2468 dicit,

2147 2506 2202 2560 iu
2233 2505 2396 2560 ilibus
2434 2504 2571 2569 suis,
2622 2518 2745 2572 quae
2799 2504 2949 2566 δίνας
3010 2502 3290 2572 (vortices)
3329 2509 3490 2556 vocat
3538 2510 3718 2570 poeta,

2147 2597 2296 2651 illum
2329 2598 2421 2667 qui
2456 2596 2675 2666 proprie
2733 2604 2817 2651 est
2878 2595 3140 2656 Verbum,
3196 2593 3717 2650 consubstantialem

2146 2701 2210 2740 ac
2269 2700 2655 2741 consessorem
2706 2683 2875 2751 Patri,
2933 2684 3399 2747 τδνάλθαίνοντα,
3459 2684 3573 2737 sive
3622 2682 3719 2751 qui

2146 2787 2301 2834 curat
2334 2792 2398 2832 ac
2427 2787 2588 2833 sanat
2616 2787 2934 2847 azgrotatam
2964 2786 3016 2832 ει
3071 2785 3449 2847 aegrotantem,
3483 2785 3537 2829 οι
3582 2791 3721 2829 llllll-

2149 2885 2309 2938 quam
2339 2871 2406 2924 ab
2428 2871 2783 2938 aegrotatione
2818 2878 3154 2926 cessaturam
3221 2871 3502 2925 hominum
3564 2878 3721 2922 mm-

2147 2974 2288 3022 ram,
2320 2961 2449 3014 dum
2478 2962 2815 3029 peccatorias
2843 2961 3233 3031 dispositiones
3293 2960 3435 3014 male
3491 2959 3717 3019 habens,

2145 3051 2410 3121 accipitur
2428 3058 2482 3106 et
2514 3051 2567 3106 in
2601 3066 2798 3106 novam
2839 3052 3236 3108 habitationem
3261 3051 3501 3122 eligitur.

2210 3142 2338 3198 224.
2374 3141 2473 3198 Hic
2498 3143 2900 3199 observandum
2933 3144 3100 3212 quod,
3137 3144 3396 3213 quoniam
3451 3144 3506 3197 in
3544 3142 3718 3196 .locu-

2145 3235 2291 3292 tione
2324 3253 2338 3291 :
2371 3237 2559 3306 μόναις
2587 3236 2647 3288 ὲν
2679 3236 2858 3307 δίνῃσι
2893 3235 3159 3305 κεκρύφει
3197 3235 3392 3304 Λόγον,
3427 3249 3534 3289 non
3571 3234 3718 3289 clare

2143 3329 2469 3399 signiﬁcavit
2506 3344 2564 3385 se
2601 3329 2781 3385 dicere
2816 3327 3053 3385 Verbum
3089 3327 3287 3383 Filium
3344 3328 3460 3393 Dei,
3522 3328 3721 3396 adjecit

2141 3419 2359 3490 quidem
2387 3419 2672 3474 evidentiae
2695 3434 2860 3475 causa
2895 3420 3045 3473 illum
3084 3429 3273 3473 curate
3320 3433 3420 3472 nos
3451 3426 3717 3487 aegrotan-

2143 3520 2221 3563 tes
2247 3525 2462 3575 sauare,
2498 3521 2758 3579 tanquam
2823 3515 3129 3564 animarum
3165 3525 3229 3564 ac
3261 3523 3554 3579 corpOrum
3593 3526 3712 3564 me-

2140 3600 2325 3655 dicum
2355 3619 2369 3667 ;
2395 3600 2655 3671 quoniam
2687 3613 2872 3657 autem
2906 3602 3125 3657 aliunde
3155 3602 3356 3656 divinis
3390 3602 3572 3657 verbis
3630 3616 3716 3656 sa-

2141 3703 2343 3749 nantur
2368 3694 2642 3763 homines,
2669 3695 2794 3751 ideo
2825 3705 3044 3766 propter
3078 3699 3342 3767 majorem
3373 3694 3716 3750 nitidiorem-

2140 3802 2248 3857 que
2293 3786 2621 3842 evidentiam
2685 3788 2886 3857 adjecit
2908 3796 2963 3842 et
2993 3787 3142 3844 ista:
3194 3788 3298 3854 Qui
3358 3788 3540 3843 dictus
3585 3787 3716 3843 νυτ-

2140 3881 2294 3945 bum,
2336 3896 2485 3936 uunc
2509 3881 2847 3937 constitutus
2898 3880 2952 3935 in
2979 3881 3214 3936 dexteris
3250 3881 3499 3950 κλισμοῖς
3554 3881 3716 3951 (sedi-

2138 3973 2303 4042 libus)
2328 3987 2423 4026 seu
2448 3972 2664 4027 thronis
2697 3971 3088 4044 magnitudinis
3156 3971 3355 4037 Patris,
3407 3974 3712 4027 secundum

2139 4065 2243 4119 hoc
2274 4082 2287 4118 :
2314 4063 2465 4119 Sedit
2494 4063 2558 4117 ad
2582 4063 2864 4120 dexteram
2895 4062 3013 4129 Dei,
3037 4063 3428 4134 misitgratiam
3453 4063 3714 4134 Spiritus,

2137 4154 2296 4223 cujus
2320 4153 2481 4208 hodie
2503 4151 2698 4209 festum
2727 4153 3087 4210 celebramus.
3123 4152 3187 4208 Et
3215 4154 3440 4225 quidem
3499 4153 3604 4208 tale
3628 4162 3717 4214 est

2136 4245 2454 4301 universum
2482 4247 2703 4315 tropica
2737 4246 3022 4302 sententiae
3058 4246 3282 4302 bonum.
3310 4245 3498 4312 Quoad
3531 4256 3713 4303 autem

2136 4337 2456 4403 dictionem,
2479 4337 2705 4392 verbum
2723 4337 2940 4407 quidem
2970 4336 3117 4393 ὑδειν
3140 4338 3488 4394 communius
3521 4337 3717 4394 luisset

2135 4428 2424 4485 dicendum
2457 4427 2651 4499 ὑμνεῖν
2676 4428 3044 4485 acrostichide
3090 4430 3284 4495 salva;
3329 4431 3424 4486 sed
3462 4431 3713 4487 melodus

2136 4530 2297 4576 tonus
2326 4536 2492 4592 super
2518 4521 2869 4590 penultimam
2903 4520 3056 4587 dicti,
3092 4520 3340 4593 Χαίροις,
3371 4522 3604 4585 ἄνασσα,
3634 4539 3718 4578 re-

452 4618 589 4686 ὅπερ
638 4614 743 4668 ἀπὸ
772 4613 866 4667 τοῦ
905 4613 1055 4686 ᾄδειν
1099 4613 1382 4685 παρῆχθαι
1422 4612 1565 4669 κατά
1595 4629 1720 4668 τινα
1772 4613 2027 4683 γλῶσσαν

2142 4628 2365 4666 movens
2414 4611 2644 4666 verbum
2692 4611 2901 4681 ὑμνεῖν,
2947 4608 3010 4663 τὸ
3056 4609 3203 4663 ὕδειν
3254 4612 3308 4664 iu
3361 4613 3483 4682 ejus
3531 4613 3711 4667 lorum

452 4707 618 4776 φασὶν
654 4706 704 4760 οἱ
745 4706 971 4760 ἰιοιλαιολ⁵
1003 4703 1416 4776 δωρικὼτερον.

533 4893 669 4942 σκε’.
716 4885 782 4939 Ἢ
814 4884 873 4939 δὲ
907 4882 1183 4954 φυσίζωος
1229 4886 1390 4956 κόρη,
1433 4880 1609 4946 οὕτως
1657 4881 1727 4938 ἂν
1772 4881 2031 4954 συνθήσει

451 4980 547 5050 τὴν
594 4981 669 5047 ὡς
701 4978 902 5049 ὲρῤέθη
956 4974 1407 5046 μητροπὰρθενον
1436 4990 1450 5004 °
1504 4973 1598 5026 τοῦ
1636 4974 1739 5045 μὲν
1791 4971 1959 5042 φῦσαι
2004 4974 2033 5027 ὅ

457 5078 574 5128 ἐστι
600 5074 884 5142 γεννῆσαι,
909 5072 977 5140 τῇ
1005 5070 1171 5138 μητρὶ
1196 5068 1630 5137 ἁρμοττομένουο
1657 5066 1757 5133 τῆς
1783 5066 1839 5119 δὲ
1863 5066 2030 5137 κόρης

449 5172 532 5232 εἰς
564 5166 760 5221 ταυτὸν
796 5162 981 5232 ίούσης
1006 5168 1073 5234 τῇ
1104 5160 1380 5228 παρθένῳ·
1410 5160 1629 5222 πάντως
1660 5158 1716 5211 δὲ
1750 5160 1780 5228 ἠ
1808 5159 2030 5228 φύσασα

451 5270 510 5320 ἐν
558 5266 636 5334 τῷ
678 5262 865 5332 μένειν
919 5259 1146 5328 τοιαύτη
1192 5256 1368 5327 κόρη,
1430 5256 1528 5325 τὴν
1582 5255 2031 5326 μητροπάρθενον

451 5357 735 5426 σημαίνει·
770 5350 830 5404 τὸ
857 5350 915 5404 δὲ
964 5348 1236 5419 φυσίζωος
1265 5351 1294 5402 6
1326 5348 1427 5417 μὲν
1475 5346 1795 5415 Ἐλληνικξς
1829 5345 2031 5414 γλυκὺς

452 5447 686 5516 ποιητὴς
716 5443 820 5513 γῆς
857 5441 1109 5496 ἐπίθετον
1141 5436 1276 5506 οἶδε,
1307 5440 1615 5509 λεγομένης
1644 5437 1788 5492 οὑτω
1816 5439 1846 5509 ἦ
1880 5439 2031 5508 παρὰ

449 5541 510 5594 τὸ
538 5537 696 5607 φύειν
727 5537 899 5601 ζειὰς,
935 5535 1024 5588 ἵνα
1128 5532 1396 5602 φυσίζωος
1447 5531 1523 5599 γῆ
1561 5531 1636 5595 ὡς
1677 5531 1787 5584 ἀπὸ
1825 5531 2028 5604 μέρους

449 5633 559 5685 τῶν
610 5629 773 5695 ζειῶν
807 5629 929 5696 ἤτοι
974 5625 1353 5696 πάνσπερμος,
1406 5622 1530 5676 ὅθεν
1581 5623 1614 5694 ή
1671 5622 2029 5692 πανσπερμία

453 5722 766 5792 παράγεται
791 5732 803 5748 ·
837 5717 871 5786 ἢ
905 5714 1082 5779 ἄλλως
1129 5713 1401 5782 φυσίζωος
1446 5713 1480 5781 ἡ
1528 5710 1744 5780 φύουσα
1791 5711 1860 5765 τὰ
1892 5712 2030 5783 πρὸς

452 5813 620 5884 ζωήν.
653 5811 924 5881 γράφεται
975 5806 1032 5859 δὲ
1072 5803 1203 5877 παρ’
1231 5805 1428 5872 ἐκείνῳ
1466 5804 1544 5873 τῷ
1574 5806 1772 5873 ποιητῇ
1805 5804 1891 5857 διὰ
1932 5802 2025 5857 τοῦ

448 5925 477 5967 ο
508 5901 705 5980 μικροῦ
740 5903 771 5968 ὴ
810 5900 1202 5971 παραλήγουσα
1232 5898 1327 5967 τῆς
1381 5896 1510 5967 παρ’
1556 5894 1705 5963 αὐτῷ
1741 5894 2023 5965 φυσιζόου,

2135 4703 2404 4771 adduxit;
2443 4704 2587 4775 quod
2616 4718 2647 4758 a
2675 4702 2842 4758 verbo
2870 4701 3020 4774 ᾄδειν
3074 4716 3195 4759 esse
3221 4702 3526 4758 derivatum
3556 4704 3713 4772 juxta

2132 4798 2422 4868 quamdam
2446 4796 2689 4850 doricam
2722 4796 2964 4866 linguam
2996 4795 3148 4849 aiunt
3177 4807 3415 4851 veteres.

2146 4962 2149 4965 _
2205 4886 2335 4943 225.
2405 4886 2476 4938 Ἤ
2512 4885 2569 4939 δὲ
2614 4883 2889 4954 φυσίζωος
2944 4883 3104 4956 κόρη.
3158 4886 3237 4942 sic
3283 4897 3595 4958 componet,
3654 4895 3715 4949 ut

2131 4978 2335 5034 dictum
2366 4983 2471 5041 est,
2500 4974 2768 5046 virginem
2803 4983 3031 5031 matrem
3074 4993 3090 5028 :
3129 4977 3231 5032 hoc
3262 4978 3483 5048 quidem
3520 4981 3710 5046 φύσαι,

2131 5071 2275 5141 quod
2319 5077 2405 5125 est
2466 5069 2760 5138 genuisse,
2819 5068 2982 5121 matri
3030 5077 3281 5138 aptatur;
3342 5070 3484 5125 istud
3527 5081 3709 5126 autem

2132 5163 2268 5234 κόρη
2305 5162 2369 5217 ad
2401 5161 2542 5216 idem
2574 5160 2716 5216 redit
2760 5174 2826 5215 ac
2855 5161 3032 5232 virgo.
3082 5159 3318 5218 Prorsus
3370 5172 3551 5219 autem
3615 5164 3710 5221 illa

2133 5269 2253 5324 qua
2285 5252 2495 5325 genuit,
2531 5252 2653 5307 talis
2701 5251 2854 5322 virgo
2895 5268 3252 5322 permanens,
3291 5253 3559 5323 virginem
3596 5270 3711 5311 ma-

2134 5355 2271 5401 trem
2330 5344 2626 5416 signillcat.
2696 5341 2811 5398 Hoc
2869 5351 3051 5398 autem
3119 5343 3416 5413 φυσίζωος,
3485 5342 3712 5401 Graecus

2134 5440 2224 5493 ille
2247 5437 2429 5493 suavis
2460 5446 2617 5507 poeta
2663 5435 2885 5508 quidem
2942 5436 3245 5506 epitltetum
3300 5446 3459 5493 terretb
3512 5436 3708 5502 novit,

2132 5546 2255 5601 quae
2279 5530 2358 5586 sic
2389 5529 2613 5596 dicitur,
2641 5530 2729 5583 vel
2751 5528 2879 5599 quia
2904 5535 3129 5599 generat
3160 5543 3290 5585 zeas
3320 5528 3471 5600 (φύει
3505 5527 3704 5597 ζειὰς),

2133 5632 2193 5677 ut
2223 5622 2294 5677 sit
2317 5630 2480 5688 terra,
2515 5628 2772 5690 tanquam
2833 5635 2901 5676 ex
2956 5632 3112 5691 parte
3159 5619 3343 5689 ζειῶν,
3409 5621 3706 5691 φυσίζωυς,

2133 5714 2251 5771 sive
2317 5714 2712 5782 πάνσπερμος;
2757 5714 2900 5768 unde
2965 5714 3321 5785 πανσπερμία
3382 5713 3701 5779 derivatur;

2131 5809 2216 5861 vel
2241 5802 2396 5859 aliter
2423 5799 2714 5873 φυσίζωος,
2737 5817 2857 5873 quae
2883 5817 2976 5858 res
3002 5802 3069 5857 ad
3094 5808 3258 5857 vitam
3281 5802 3473 5873 (ζωὴν)
3504 5814 3703 5857 ηθοεερ

2131 5900 2305 5955 sarias
2326 5905 2573 5969 generat.
2604 5894 2877 5953 Scribitur
2906 5901 3088 5949 autem
3122 5894 3267 5972 apud
3302 5895 3447 5949 hunc
3479 5900 3696 5974 poetam
