4034 6470
299 392 401 455 731
971 397 1393 461 EUSTATIIII
1433 400 1879 464 THESSALON

1995 403 2188 464 ENSIS
2225 405 2789 469 ΜΕΤΒΟΡΟΙΛΤᾸΞ
3446 402 3557 467 ’732

285 500 388 572 per
413 520 446 560 0
478 506 635 562 breve
665 508 959 579 penultima
984 511 1135 567 vocis
1167 511 1440 579 φυσιζόου
1490 517 1646 584 juxta
1678 516 1864 588 dacty-

1995 519 2113 572 ιατὰ
2140 519 2404 574 δακτύλου
2449 522 2864 591 ἀπηρτημένον
2891 536 2904 551 ·
2958 518 3053 571 καὶ
3086 516 3184 588 τὴν
3231 517 3410 572 αἰτίαν
3453 517 3557 586 τῆς

293 597 328 651 li
358 597 809 669 dispositionem;
859 611 910 657 et
952 618 1016 657 ex
1088 603 1252 674 hujus
1293 605 1637 661 ordinatione
1686 609 1868 663 brevis

1995 609 2235 682 τοιαύτης
2284 614 2692 682 μικρογραφίας
2732 612 2996 683 ζητητέον
3047 613 3107 663 ὲν
3148 612 3264 672 τοῖς
3316 610 3550 663 ἐκείνου·

291 688 579 756 scripturas
611 688 749 743 ratio
799 691 1090 760 quaerenda
1127 702 1230 748 est.
1291 692 1359 749 Et
1397 695 1469 749 ita
1518 697 1737 763 quidem
1785 707 1871 753 est

1995 702 2073 755 toi.
2098 701 2241 754 οὕτω
2277 703 2378 772 μὲν
2422 705 2456 772 ή
2496 703 2788 774 Ἑλληνικὴ
2823 701 3001 771 εκείνη
3038 700 3150 771 ἔχει
3186 700 3442 769 φυσίζοος
3470 717 3483 731 ·
3517 700 3551 766 ἡ

296 777 386 830 illa
413 777 596 833 (ἴε-ποθ
626 780 902 848 φυσίζοος.
938 780 1164 852 Deipara
1219 801 1347 840 vero
1389 789 1659 854 φυσίζωος
1705 790 1871 858 signi-

1995 792 2029 844 ἱὲ
2086 792 2355 860 φυσίζωος
2391 793 2638 858 θεοτόκος
2686 795 2831 862 ζωῆς
2872 794 3061 862 μήτηρ
3110 791 3365 861 δηλοῦται
3413 785 3555 843 εἶναι

299 869 497 924 licatur
522 886 643 926 esse
675 882 845 927 mater
869 872 1142 943 vitar,quae
1163 886 1288 931 ante
1309 880 1490 933 omnia
1525 888 1627 944 est,
1666 890 1721 934 et
1747 897 1868 948 quae

1995 883 2074 945 ςῆς
2099 883 2206 954 πρὸ
2231 886 2472 945 πάντων,
2498 886 2592 938 καὶ
2624 885 2993 955 μεταδοτικῶς
3025 886 3081 937 ὲν
3113 884 3249 935 πᾶσι
3274 881 3365 934 τοῦ
3388 881 3550 942 Θεοῦ.

299 959 351 1012 in
377 960 631 1016 omnibus
690 963 1045 1033 participatur
1111 967 1229 1034 Dei,
1288 970 1446 1039 cujus
1509 970 1566 1024 in
1627 973 1870 1041 nomine,

297 1049 438 1104 sicut
473 1053 735 1121 scriptum
764 1066 871 1118 est,
902 1058 1070 1110 vitam
1098 1058 1382 1114 habemus.

366 1142 493 1198 236.
551 1145 789 1201 Somnus
841 1157 1021 1203 autem
1073 1150 1382 1207 dominicus
1444 1153 1762 1222 φυσίζωος,
1812 1156 1869 1213 ἰη

299 1233 539 1289 carmine
569 1235 870 1291 beatissimi
903 1239 1097 1294 melodi
1152 1240 1316 1295 Marci
1345 1244 1571 1311 positus,
1620 1260 1872 1317 magnam

303 1325 474 1391 poscit
502 1326 867 1393 mirationem,
896 1344 1002 1383 non
1035 1330 1261 1394 habens,
1296 1341 1446 1402 puto,
1485 1334 1541 1389 in
1601 1339 1869 1393 universo

303 1416 528 1482 mundo,
552 1419 635 1473 vel
666 1420 811 1475 aliud
858 1421 1037 1477 simile
1073 1423 1295 1479 verbum
1318 1426 1570 1498 conjuge,
1606 1429 1685 1484 vel
1739 1430 1875 1487 alias

303 1509 607 1577 comparari
646 1521 861 1579 patens,
893 1522 945 1567 et
992 1515 1047 1568 in
1101 1516 1465 1584 aquilibrium
1499 1519 1627 1588 poni
1677 1520 1873 1587 divini,

300 1597 556 1667 jncnndi,
594 1601 778 1656 suavis
812 1609 865 1655 et
893 1603 1152 1661 divinitus
1184 1603 1340 1662 aﬂlati
1396 1623 1704 1667 successus.
1736 1612 1865 1667 Mihi

303 1700 454 1745 certe
500 1693 807 1747 recordanti
872 1710 1015 1751 nunc
1070 1697 1222 1751 illum
1277 1700 1552 1768 φυσξζωον
1612 1717 1871 1767 somnum

305 1781 618 1850 supervenit
646 1784 989 1853 requiescere
1012 1796 1066 1842 et
1090 1796 1344 1859 tanquam
1362 1790 1602 1848 dormire
1626 1793 1873 1864 volupta-

1978 968 2038 1028 οὗ
2068 974 2128 1027 ἐν
2156 974 2232 1045 τῷ
2266 975 2515 1045 ὀνόματι,
2560 977 2703 1029 καθά
2746 977 3080 1057 γέγραπται,
3136 973 3281 1045 ζωὴν
3322 974 3544 1045 ἔχομεν.

2052 1158 2201 1216 σκς’.
2250 1152 2310 1204 Ὀ
2334 1152 2388 1206 δὲ
2413 1152 2687 1220 φυσίζωος
2738 1152 2906 1215 ὕπνος
2930 1154 2958 1206 ό
2993 1151 3275 1221 κυριακδς,
3306 1153 3333 1203 ό
3367 1150 3557 1221 κείμε-

1979 1262 2067 1306 νος
2097 1246 2154 1298 ὲν
2186 1244 2393 1316 ᾄσματι
2424 1243 2520 1297 τοῦ
2557 1246 2982 1313 μακαριωτάτου
3022 1243 3266 1313 μελῳδοῦ
3301 1243 3556 1307 Μάρκου,

1978 1332 2163 1403 θαῦμα
2190 1334 2363 1386 ἐθέλει
2394 1333 2555 1400 πολὺ,
2590 1334 2690 1386 οὐκ
2723 1333 2862 1403 ἔχων
2892 1335 3098 1395 ἐκεῖνος
3122 1335 3179 1384 ὲν
3208 1335 3336 1401 ὅλῳ,
3377 1327 3555 1397 οἶμαι,

1968 1423 2056 1492 ’τῷ
2086 1422 2279 1493 κόσμῳ
2311 1423 2344 1493 ἢ
2385 1423 2654 1493 συζυγοῦν
2686 1424 2813 1477 ἄλλο
2849 1422 3004 1494 ῥῆμα
3045 1421 3285 1474 τοιοῦτον
3302 1421 3347 1499 Ιῆ
3385 1420 3558 1481 ἄλλως

1980 1513 2482 1583 ἀντιπαρατεθῆναι
2512 1515 2833 1582 δυνάμενον,
2871 1514 2964 1567 καὶ
3014 1513 3447 1577 ταλαντευθῆναι
3477 1513 3556 1574 εἰς

1980 1606 2351 1673 άντισήκωσιν
2381 1606 2673 1675 ἐπιτυχίας
2704 1605 2855 1667 θείας
2885 1606 2981 1658 καὶ
3027 1603 3270 1679 ἀστείας,
3301 1603 3392 1655 καὶ
3424 1602 3551 1670 γλυι

1979 1696 2160 1757 κείας,
2220 1697 2315 1751 καὶ
2365 1698 2737 1765 ὲνθεαστικῆςο
2789 1697 2970 1764 ἔμοιγ’
3000 1692 3091 1748 οὖν
3136 1694 3558 1762 ἐντεθυμημένῳ

1982 1792 2111 1862 ἄρτι
2143 1792 2234 1844 τὸν
2269 1790 2541 1860 φυσίζωον
2577 1794 2782 1844 ἐκεῖνον
2816 1790 3004 1853 ὕπνον,
3040 1789 3273 1856 ἐπῆλθεν
3313 1788 3556 1839 άνείσθιι

305 1880 359 1926 te
383 1882 572 1941 captus
598 1890 615 1942 ;
641 1888 939 1943 pectusque
992 1880 1294 1936 sentiebam
1331 1881 1537 1953 impetu
1593 1859 1770 1939 latum-
1802 1887 1869 1942 ad

1995 1859 2072 1937 ια).
2100 1882 2174 1946 ὡς
2203 1859 2315 1938 οἷον
2345 1883 2549 1937 ὑπνοῦν
2579 1881 2670 1952 ὑφ’
2706 1882 2932 1952 ἡδονῆςο
2968 1882 3063 1934 καὶ
3095 1882 3156 1934 τὸ
3181 1879 3375 1946 στῆθος
3398 1880 3561 1948 ᾐσθὲ-

303 1964 610 2019 exeundum
640 1968 953 2036 pectoribus
979 1978 1038 2024 ut
1056 1964 1199 2041 apud
1224 1971 1508 2029 dominum
1542 1977 1705 2032 istum
1728 1976 1867 2033 Mar-

303 2072 428 2112 cum
460 2072 730 2125 essemus,
781 2063 867 2117 vel
917 2062 1070 2118 illutn
1105 2065 1171 2120 ad
1252 2080 1356 2123 nos
1409 2067 1727 2136 alliciendo,
1791 2072 1876 2126 vel

305 2151 495 2204 saltem
529 2151 670 2220 apud
734 2153 883 2207 illum
917 2159 1211 2213 manendo.
1244 2157 1431 2215 Jaceat
1490 2162 1581 2217 ille
1647 2178 1876 2220 somnus

307 2239 596 2309 φυσίζωος,
624 2250 681 2298 et
718 2245 1017 2313 repositum
1056 2263 1277 2319 corpus,
1313 2251 1401 2305 cui
1429 2253 1687 2323 cegitatio
1724 2254 1873 2310 illius

311 2332 559 2395 inhaeret.
586 2334 697 2405 jam
725 2338 860 2392 satis
917 2339 1089 2393 curati
1148 2341 1219 2396 ab
1279 2342 1364 2397 bis
1420 2344 1873 2414 qui‘secundum

313 2425 481 2478 istum
505 2424 630 2480 vitae
656 2427 838 2496 cupidi
864 2436 1010 2496 sunt,
1043 2429 1319 2498 φιλόζωοι,
1362 2442 1421 2488 ιιι
1474 2436 1546 2489 ita
1575 2435 1773 2504 dicam,
1827 2446 1881 2491 et

314 2513 437 2568 ideo
460 2515 881 2584 pulchritudinis
915 2532 1181 2587 amantes,
1211 2523 1398 2580 statim
1430 2534 1611 2582 autem
1667 2528 1883 2584 honesti

308 2620 527 2676 quoque
558 2618 810 2678 expertes
834 2610 1106 2668 homines.

377 2695 507 2752 227.
535 2697 594 2753 In
622 2700 937 2756 universum
962 2715 1144 2760 autem
1167 2714 1252 2763 est
1272 2708 1408 2780 κόρη
1434 2709 1685 2777 quaelibet
1706 2712 1880 2785 virgo,

308 2788 395 2844 Vel
421 2802 451 2843 a
479 2790 647 2861 κορῶ,
675 2793 821 2862 quod
849 2803 928 2849 est
961 2810 1204 2865 exorno;
1255 2801 1579 2857 naturaliter
1627 2807 1773 2859 enim
1825 2808 1879 2862 in

310 2882 622 2938 ornamenti
672 2899 858 2940 curam
905 2896 990 2942 est
1050 2903 1218 2959 prona
1281 2891 1591 2961 hujnsmodi
1654 2895 1880 2965 puella;

310 2982 374 3027 ut
399 2974 639 3030 ostendit
665 2976 756 3033 ille
790 2980 883 3048 qui
940 2981 1290 3050 reprehendit
1346 2986 1624 3042 hominem
1686 3003 1880 3044 aurum

313 3076 618 3135 gestantem
647 3069 700 3124 in
735 3070 838 3127 hoc
864 3085 879 3127 :
909 3071 989 3128 Ad
1031 3074 1235 3130 bellum
1265 3079 1413 3134 venit
1437 3093 1630 3135 aurum
1663 3091 1884 3152 gestans

1989 1989 2097 2043 μην
2130 1971 2454 2042 ὁρμώμενον
2495 1971 2837 2040 ἑκθρώσκειν
2890 1969 3134 2040 στηθέων
3172 1967 3248 2029 ὠς
3306 1966 3442 2030 πρὸς
3486 1963 3564 2033 τῷ

1984 2064 2158 2135 κυρίῳ
2191 2064 2384 2134 ἐκείνῳ
2408 2064 2621 2135 Μάρκῳ
2646 2062 2922 2132 γενέσθαι,
2956 2062 3051 2114 καὶ
3096 2061 3128 2128 ἢ
3162 2057 3566 2126 ὲφελκύσασθαι

1984 2158 2148 2211 αὐτὸν
2177 2158 2314 2228 πρὸς
2347 2158 2521 2228 ἡμᾶς,
2571 2156 2604 2221 ἢ
2640 2156 2777 2209 ἀλλὰ
2823 2155 2955 2223 παρ’
2982 2151 3177 2222 ἐκείνῳ
3212 2153 3391 2217 μεῖναι
3419 2166 3432 2178 ·
3466 2150 3564 2201 καὶ

1987 2246 2189 2301 κείσθω
2224 2247 2391 2311 ὕπνος
2428 2250 2637 2310 ἐκεῖνος
2668 2249 2695 2301 ὁ
2731 2245 3028 2315 φυσὶζωος,
3078 2244 3173 2296 καὶ
3216 2243 3277 2294 τὸ
3311 2241 3565 2294 λεκτικδν

1991 2340 2173 2408 σῶμα,
2203 2335 2245 2407 ᾧ
2284 2341 2317 2411 ἠ
2350 2340 2470 2394 κατ’
2500 2342 2708 2393 ἐκεῖνον
2732 2338 2914 2390 ἔννοια
2938 2335 3206 2404 ἔγκειται,
3237 2333 3438 2395 ἱκανῶς
3465 2334 3567 2402 ἤδη

1987 2432 2370 2503 τημεληθέντα
2407 2433 2512 2486 ὑπὸ
2545 2432 2654 2485 τῶν
2684 2431 2809 2485 κατ’
2840 2430 3003 2485 αὑτὸν
3032 2430 3335 2498 φιλοξώων,
3374 2429 3448 2490 ὡς
3477 2427 3570 2480 οὖ-

1989 2544 2099 2590 τως
2132 2528 2329 2591 εἰπεῖν,
2360 2527 2454 2579 καὶ
2482 2526 2553 2580 δι’
2582 2526 2714 2579 αὐτὸ
2761 2524 3091 2595 φιλοκάλων,
3138 2524 3337 2579 αὐτίκα
3384 2523 3440 2576 δὲ
3472 2524 3568 2577 καὶ

1990 2615 2377 2685 ἀπειροκάλων
2410 2614 2645 2685 ἀνδρῶν.

2069 2706 2211 2773 σκξ.
2246 2707 2397 2778 Κόρη
2428 2706 2485 2760 δὲ
2512 2705 2744 2759 καθόλου
2771 2706 2922 2757 πᾶσα
2947 2703 3239 2769 παρθένος,
3269 2701 3301 2772 ἢ
3328 2701 3480 2769 παρὰ
3513 2702 3571 2752 τδ

1994 2798 2144 2869 κορῶ
2179 2797 2240 2851 τὸ
2279 2797 2630 2862 καλλωπθζω·
2670 2796 2978 2867 ὲπιρρεπὴς
3012 2795 3122 2862 γὰρ
3148 2793 3308 2860 φύσει
3355 2794 3410 2853 ἐς
3455 2793 3575 2842 ἐπι-

1998 2892 2219 2961 μέλειαν
2249 2888 2646 2959 καλλωπισμοῦ
2681 2890 2716 2958 ή
2746 2886 2971 2954 τοιαύτη
3007 2887 3164 2955 κόρη,
3195 2885 3270 2948 ὡς
3301 2883 3450 2954 δηλοῖ
3473 2882 3570 2935 καὶ

1994 2986 2022 3038 ὁ
2046 2984 2231 3054 ψέγων
2264 2982 2431 3054 ἄνδρα
2460 2982 2793 3053 χρυσοφόρον
2822 2981 2878 3033 ὲν
2901 2978 2981 3046 τῷ
3007 3008 3042 3017 -
3060 2974 3266 3031 Ἦλθεν
3297 2977 3377 3037 είς
3408 2975 3567 3027 πόλε-

2000 3092 2101 3145 μον
2123 3075 2324 3146 χρυσὸν
2351 3076 2491 3145 ἔχων
2522 3073 2658 3144 ἠΰτε
2703 3072 2898 3143 κούρη·
2927 3071 3011 3141 -ἦ
3047 3070 3120 3135 ὡς
3157 3068 3375 3136 καθαρὰ
3419 3067 3568 3136 παρὰ

312 3165 375 3213 ιιι
399 3159 574 3230 puella
600 3177 617 3228 ;
648 3162 732 3216 vel
759 3172 1012 3235 tanquam
1043 3181 1201 3247 pura,
1226 3185 1253 3222 a
1284 3169 1454 3240 κορῶ,
1494 3171 1548 3226 id
1602 3182 1704 3239 est,
1740 3175 1886 3243 puri-

1995 3168 2087 3223 τοῦ
2124 3168 2271 3239 κορῶ
2306 3168 2368 3221 τὸ
2418 3167 2688 3237 καθαίρω,
2737 3165 2793 3231 ἐξ
2841 3154 2903 3217 οὗ
2952 3164 3047 3217 καὶ
3096 3162 3364 3267 νεωκόρος
3401 3162 3443 3267 ὶό
3476 3160 3569 3267 cbo

313 3252 439 3319 lico,
461 3267 526 3309 ex
564 3269 670 3324 quo
700 3256 847 3312 venit
879 3260 1171 3331 νεωκόρος,
1201 3262 1288 3318 ille
1317 3264 1411 3332 qui
1442 3267 1705 3335 templum
1741 3268 1891 3337 puri-

315 3339 445 3397 ﬁcat
472 3352 528 3398 et
574 3344 775 3401 dicitur
807 3349 971 3402 etiam
1007 3354 1305 3422 σηκοκόρος
1368 3365 1591 3426 propter
1641 3359 1888 3413 eamdem

316 3433 608 3489 rationem.
659 3435 894 3492 Aliunde
920 3454 1050 3493 vero
1081 3443 1261 3511 puella
1298 3459 1517 3516 quoque
1573 3447 1700 3503 talis
1758 3449 1891 3503 dici-

317 3532 408 3579 tur
425 3527 493 3580 ad
528 3538 834 3597 respectum
859 3546 980 3586 cum
1011 3532 1099 3603 illa
1135 3552 1257 3604 quae
1285 3548 1515 3593 vocatur
1537 3540 1680 3595 oculi
1709 3543 1889 3611 pupil-

320 3616 372 3671 la
407 3620 674 3690 nobisque
702 3621 1053 3679 dilectissima
1078 3637 1159 3681 est
1193 3646 1205 3683 :
1238 3629 1433 3685 dilecta
1467 3646 1664 3702 nempe
1693 3643 1892 3691 cuncta

321 3706 499 3776 puella
529 3710 683 3781 virgo
708 3719 792 3767 est
818 3721 874 3767 et
908 3713 992 3769 his
1015 3715 1105 3784 qui
1148 3728 1457 3786 genuerunt
1485 3730 1539 3776 et
1580 3722 1663 3777 his
1691 3724 1785 3792 qui
1836 3741 1896 3780 se

319 3810 516 3870 gerunt
540 3809 599 3855 ut
651 3814 1045 3872 amatores;et
1089 3809 1338 3865 custodia
1379 3811 1659 3881 judicatur
1711 3815 1894 3886 digna,

324 3892 665 3963 aliquatenus
697 3895 840 3964 apud
874 3912 974 3952 nos
1019 3898 1073 3951 in
1125 3900 1368 3956 thalamo
1425 3912 1639 3959 servata
1695 3908 1895 3976 puella,

325 3982 470 4038 sicut
496 3983 639 4038 intra
666 3984 954 4054 palpebras
998 3986 1100 4041 ista
1151 3989 1356 4058 pupilla
1395 4005 1410 4042 :
1456 3992 1561 4055 hac.
1612 4008 1734 4063 qua:
1788 3992 1898 4049 fre-

324 4085 555 4145 quenter
624 4075 955 4131 clauduntur
1001 4086 1057 4132 et
1104 4081 1447 4149 aperiuntur,
1523 4085 1749 4154 proprie
1804 4100 1902 4155 per

328 4166 705 4222 ascensionem
729 4181 793 4221 ac
841 4166 1236 4223 demissionem
1288 4171 1524 4241 pupillas
1579 4173 1900 4228 custodiunt

328 4259 589 4312 adversus
619 4258 847 4315 insidias
880 4269 1197 4316 exterarum
1252 4277 1564 4333 corporum,
1595 4280 1717 4335 quae
1790 4274 1900 4320 tres

1991 3261 2116 3314 ναὸν
2148 3260 2444 3329 καθαίρωψ
2475 3262 2502 3313 ὁ
2529 3260 2574 3313 δ’
2625 3259 2791 3321 αὐτὸς
2837 3258 2932 3310 καὶ
2986 3255 3288 3326 σηκθικόρος
3336 3253 3423 3306 διὰ
3472 3254 3565 3306 τὸν

1991 3349 2153 3404 αὐτὸν
2181 3350 2361 3418 λόγον’
2416 3351 2513 3403 καὶ
2546 3347 2721 3411 ἄλλως
2771 3347 2827 3402 δὲ
2878 3346 3015 3416 κόρη
3068 3347 3100 3413 ἡ
3150 3343 3375 3411 τοιαύτη
3426 3353 3571 3395 κατα

1992 3443 2271 3511 ἀναφοράν
2304 3441 2404 3509 τὴν
2438 3440 2575 3511 πρὸς
2625 3441 2797 3509 κόρην
2825 3436 3131 3507 ὀφθαλμοῦ,
3161 3437 3261 3501 τὴν
3308 3436 3574 3503 φιλτάτην

1990 3536 2145 3604 ἡμῖν’
2176 3534 2308 3602 φίλη
2341 3533 2449 3602 γὰρ
2505 3531 2601 3584 κοιλ⁸
2652 3532 2799 3585 πᾶσα
2853 3530 3127 3600 παρθένος
3175 3527 3313 3599 κόρη
3366 3531 3482 3590 τοῖς
3519 3542 3575 3579 τε

1994 3625 2443 3694 γεννησαμένοις,
2479 3624 2575 3677 καὶ
2604 3624 2720 3684 τοῖς
2753 3625 2883 3691 περὶ
2910 3621 3140 3689 ἔρωτας*
3184 3622 3279 3673 καὶ
3331 3620 3574 3688 φυλακῆς

1994 3718 2053 3771 δὲ
2083 3715 2344 3781 ἀξιοῦται,
2378 3716 2523 3769 καθά
2550 3717 2644 3767 καὶ
2672 3712 2802 3781 παρ’
2832 3714 2964 3784 ἡμῖν
2994 3714 3026 3784 ἡ
3068 3713 3230 3783 κόρη,
3261 3709 3574 3778 θαλαμευο-

1999 3808 2136 3879 μένη
2174 3809 2356 3877 ἐκείνη
2387 3806 2574 3875 ὥσπερ
2601 3809 2691 3860 καὶ
2719 3806 2857 3875 αὕτη
2883 3805 3035 3866 ἐντὸς
3072 3804 3178 3857 τῶν
3223 3802 3510 3873 βλεφάρων
3536 3817 3555 3833 ο

1998 3901 2140 3969 ἆπερ
2194 3900 2365 3970 συχνὰ
2412 3898 2703 3970 κλαιόμενα
2750 3896 2847 3951 καὶ
2882 3895 3208 3964 ἀνοιγόμενα
3263 3892 3467 3963 κυρίως
3501 3892 3567 3958 τῇ

1998 3990 2264 4045 ἀναϐάσει
2316 3989 2411 4043 καὶ
2479 3988 2787 4044 καταϐάσει
2840 3987 2941 4052 τὰς
2993 3987 3158 4056 κόρας
3206 3981 3567 4053 συντηροῦσιν

1997 4083 2484 4146 άνεπιϐουλεύτους
2515 4083 2628 4145 τοῖς
2644 4081 2841 4147 ἔξωθεν
2870 4080 3140 4150 φοσεροῖς,
3171 4078 3203 4148 ἢ
3232 4077 3573 4144 πληκτικοῖς,

2001 4176 2033 4244 ἢ
2069 4176 2245 4237 άλλως
2276 4175 2700 4244 λυμαινομένοις
2755 4173 2815 4224 ἐν
2845 4171 2921 4240 τῷ
2952 4167 3397 4240 παρεισδύεσθαι·
3430 4167 3574 4219 καθὰ

2003 4268 2261 4335 συντηρεϊ
2297 4266 2391 4319 καὶ
2427 4265 2525 4328 τὰς
2574 4263 2748 4335 κόρας
2804 4261 3110 4331 παρθένους
3153 4261 3187 4329 ἡ
3235 4259 3573 4328 θαλάμευσις

327 4349 524 4404 menda
555 4359 703 4416 sunt,
731 4350 848 4406 sive
886 4354 1267 4421 percutientia,
1312 4355 1429 4411 sive
1478 4354 1638 4409 aliter
1696 4355 1888 4410 laeden-

2004 4358 2109 4410 ἔσω
2144 4357 2324 4427 θυρῶν
2370 4357 2739 4424 ἑγκλειουσῶν
2776 4356 2944 4416 αύτὰς
2992 4352 3073 4415 είς
3117 4351 3434 4419 δυσόραττον·
3490 4348 3574 4401 δ.ὸ

327 4441 427 4506 tia,
454 4457 577 4497 cum
607 4442 1033 4498 introducunlur
1066 4460 1080 4498 :
1110 4446 1191 4501 sic
1218 4446 1383 4501 etiam
1411 4448 1648 4517 pupillas
1664 4447 1888 4514 virgine:

2006 4448 2326 4518 θαυμασίως
2356 4449 2446 4501 τὸν
2477 4448 2576 4517 τῆς
2617 4448 2926 4516 ἁγιωτάτης
2955 4447 3123 4513 κόρης
3159 4442 3447 4513 μνηστῆρα
3481 4442 3573 4492 τὸν

331 4545 515 4588 servat
556 4533 829 4590 thalamus
852 4535 995 4588 intra
1054 4546 1243 4605 portas
1290 4536 1646 4593 occludentes
1699 4551 1795 4591 eas
1844 4548 1888 4590 ul

2007 4538 2163 4607 ἅγιον
2194 4539 2415 4608 Ἰωσὴφ,
2446 4538 2647 4609 ἐμελψέ
2674 4555 2758 4601 τις
2790 4537 3007 4607 γοργῶς
3041 4535 3156 4603 ἅμα
3184 4536 3276 4588 καὶ
3305 4535 3573 4624 γλνκέως.

330 4624 547 4683 diﬂicile
597 4626 1030 4694 consuiciantur.
1077 4627 1206 4682 Ideo
1267 4629 1628 4683 sanctissima
1687 4628 1888 4698 pupil'a'

2015 4630 2251 4696 φυλάξαι
2284 4632 2385 4701 τὴν
2417 4631 2686 4701 παρθένον
2719 4631 2794 4692 ὡς
2826 4629 2995 4700 κόρην
3023 4627 3328 4697 ὀφθαλμοῦ.

330 4734 581 4790 procum,
612 4730 863 4774 sanetum
896 4719 1124 4790 Joseph,
1149 4719 1350 4792 aliquis
1371 4720 1551 4776 vivide
1584 4720 1748 4775 simul
1782 4736 1847 4775 ac
1877 4726 2120 4777 suaviter
2164 4724 2481 4790 celebravit,
2517 4723 2695 4794 ipsum
2739 4721 3014 4776 custodire
3044 4721 3331 4792 virginem,
3370 4728 3427 4773 nt
3478 4734 3582 4788 pn-

331 4814 516 4885 pillam
539 4813 706 4881 oculi,
732 4814 1052 4870 concinens.

403 4906 528 4962 228.
556 4903 671 4962 Hoc
701 4918 904 4973 autem,
941 4908 1075 4977 μόνη
1105 4906 1213 4976 γὰρ
1245 4904 1395 4968 me;
1424 4903 1688 4975 κεκρύφει
1712 4904 1905 4973 Λόγον,

334 4997 567 5066 intelligi
611 5006 789 5067 potest
826 4997 1193 5068 veluti.pro:
1264 4997 1354 5051 illa
1402 5011 1546 5063 una;
1582 4998 1675 5051 sed
1729 4996 1907 5066 potius

334 5104 458 5161 pro,
517 5089 789 5145 seclusaa
825 5089 1081 5159 conjuge,
1136 5090 1253 5143 sive
1287 5088 1440 5153 viro;
1492 5096 1551 5143 ut
1603 5088 1907 5143 secundum

334 5183 483 5239 istud
514 5197 532 5237 :
565 5183 735 5238 solius
763 5183 1072 5253 unigenitor
1099 5180 1363 5251 unigeniti
1388 5179 1514 5235 Filii
1549 5179 1730 5245 Pater,
1764 5182 1911 5236 sicut

336 5284 464 5328 ante
498 5273 760 5343 scriptum
794 5282 897 5342 est,
948 5274 1393 5328 accommodetur
1422 5272 1496 5326 ibi
1551 5271 1715 5326 etiam
1770 5272 1909 5328 hoc:

340 5365 513 5422 solius
539 5365 867 5434 unigenitrix
897 5364 1166 5434 unigeniti
1212 5362 1334 5418 Filii
1369 5371 1561 5418 mater.
1602 5361 1716 5419 Hoc
1740 5378 1908 5418 vero:

2083 4902 2311 4972 σκη’.Τὸ
2336 4900 2393 4954 δὲ
2420 4930 2439 4940 -
2458 4900 2592 4972 μόνη
2613 4900 2722 4968 γὰρ
2746 4898 2894 4961 ὲντδς
2917 4896 3184 4967 κεκρύφει
3201 4896 3583 4965 λόγον-νοοῖτο

2014 4995 2116 5067 μὲν
2144 4995 2210 5049 ἂν
2245 4994 2342 5048 καὶ
2367 4993 2487 5046 ἀντὶ
2517 4994 2612 5046 τοῦ
2648 4994 2747 5061 μία
2784 4990 2944 5061 αὑτὴ,
2979 4991 3220 5059 μάλιστα
3248 4990 3305 5042 δὲ
3338 4989 3459 5041 άντὶ
3486 4987 3579 5039 τοῦ

2016 5088 2378 5158 μεμονωμένη
2408 5084 2502 5139 τοῦ
2559 5082 2945 5153 συζυγοῦντος,
2982 5083 3041 5146 ὃς
3087 5084 3235 5136 ἐστιν
3269 5082 3446 5151 ἀνήρ’
3494 5078 3583 5133 ἶνα

2013 5176 2157 5228 κατὰ
2188 5176 2268 5242 τὸ,
2308 5177 2470 5245 μόνου
2506 5175 2906 5246 μονογεννῆτορ
2956 5172 3280 5244 μονογενοῦς
3308 5171 3436 5226 Υίοῦ
3475 5170 3589 5224 Πάν

2012 5284 2131 5338 τερ,
2157 5267 2232 5330 ὡς
2262 5267 2357 5320 καὶ
2380 5267 2822 5337 προγέγραπται,
2851 5264 3216 5336 προσαρμόσῃ
3242 5265 3339 5317 καὶ
3362 5258 3464 5317 ὦδε
3494 5262 3581 5329 τὸ,

2018 5360 2181 5427 μόνου
2213 5358 2640 5429 μονογεννήτρια
2693 5356 3019 5427 μονογενοῦς
3077 5357 3212 5409 Υίοῦ
3265 5355 3452 5426 μήτηρ
3476 5370 3493 5387 ν
3523 5353 3587 5407 τὸ

340 5473 399 5512 ιν
433 5452 651 5528 δίνῃσι,
673 5459 718 5511 si
745 5458 869 5527 quis
899 5472 1003 5511 non
1024 5458 1177 5527 juxta
1228 5457 1431 5512 dictam
1459 5466 1700 5512 veterem
1741 5457 1888 5512 inter

2015 5452 2095 5519 δὲ,
2125 5453 2182 5503 ὲν
2208 5450 2406 5522 δίνῃσι,
2443 5449 2495 5504 ei
2513 5466 2597 5514 τις
2620 5449 2680 5502 ού
2710 5448 2852 5503 κατὰ
2879 5450 2979 5519 τὴν
3015 5448 3320 5519 εἰρημένην
3356 5447 3592 5500 παλαιάν

344 5551 705 5622 pretationem
734 5550 789 5605 in
826 5549 1092 5605 feminino
1111 5565 1307 5620 genere
1325 5550 1549 5616 scribat,
1578 5551 1671 5605 sed
1697 5550 1877 5619 potius
1899 5588 1915 5614 ,

347 5647 405 5699 tv
429 5644 673 5706 δίνοισιν,
702 5640 847 5711 quod
873 5640 1015 5697 idem
1042 5653 1123 5697 est
1143 5657 1208 5698 ac
1239 5644 1447 5698 viscera
1482 5642 1596 5696 sive
1627 5640 1913 5704 intestina.

348 5730 528 5787 ionice
549 5729 820 5798 poeticum
879 5737 982 5795 est,
1028 5729 1170 5784 sicut
1214 5738 1371 5786 antea
1401 5730 1463 5783 τὸ
1491 5731 1547 5784 ὲν
1600 5729 1914 5802 γλώσσῃσιν

350 5832 447 5880 aut
467 5819 780 5892 γλώσσαιςς
816 5829 867 5879 ει
888 5822 1113 5881 inferius
1148 5838 1163 5878 :
1192 5823 1500 5897 κλισμοῖσιν
1519 5833 1613 5881 aut
1645 5823 1917 5896 λλισμοῗς.

2019 5545 2282 5614 ἐξήγησιν
2310 5543 2368 5595 ὲν
2401 5543 2551 5610 γένει
2597 5541 2796 5612 γράψει
2833 5540 3072 5613 θηλυκῷ,
3099 5540 3237 5594 ἀλλὰ
3266 5539 3470 5610 μᾶλλον
3501 5540 3591 5591 ὲν-

2021 5637 2269 5703 δίνοισιν,
2290 5634 2319 5689 ὃ
2350 5635 2544 5689 ταυτόν
2563 5636 2681 5688 ὲστι
2703 5633 2782 5706 τῷ
2812 5633 3204 5705 σπλάγχνοισιν
3228 5633 3259 5703 ἦ
3288 5631 3595 5701 ὲγκάτοισι,

2027 5727 2310 5800 ποιητικόν
2363 5729 2513 5781 ἐστιν
2551 5725 2781 5790 ίωνικῶς
2806 5741 2822 5758 ο
2849 5726 2993 5781 καθὰ
3046 5725 3154 5790 πρὸ
3204 5722 3371 5778 αὐτοῦ
3405 5721 3491 5786 τδ,
3537 5724 3597 5773 ἐν

2027 5820 2340 5893 γλώσσῃσιν
2373 5819 2540 5892 ἤγουν
2570 5816 2868 5889 γλώσσαις,
2906 5820 2998 5873 καὶ
3031 5817 3327 5886 κατωτέρω
3356 5815 3437 5899 ’τὸ
3471 5814 3594 5868 κλι-
