4034 6450
344 406 451 472 735

1046 414 1466 477 EUSTATHII
1508 418 2273 486 THESSALONICENSIS
2328 427 2887 489 METROPOLITzE

3480 429 3587 494 736

328 529 458 576 sunt
487 520 712 575 dexteri.
743 520 798 576 Si
833 535 961 577 vero
992 538 1208 593 quoque
1242 526 1329 581 hic
1374 538 1588 597 oportet
1652 530 1904 584 conside-

2017 534 2282 605 ἐλεήμονα
2312 537 2494 603 δεξιὰν
2548 538 2874 606 σκέψασθαι,
2926 530 2995 610 ἦς
3029 536 3087 590 τὸ
3132 535 3294 607 ἔργον
3325 538 3427 592 οὐκ
3461 541 3585 593 ἑπι-

328 625 453 667 rare
480 612 760 666 dexteram
793 629 1011 669 manum
1044 615 1190 670 illam
1244 618 1680 687 misericordem,
1742 622 1903 688 cujus

329 704 705 771 opusnesciet
763 703 1008 768 sinistra,
1064 721 1172 761 non
1233 717 1317 763 est
1380 710 1556 764 solum
1612 711 1903 765 dicendum

327 798 472 867 quod
501 799 610 869 jam
642 801 709 853 ab
731 799 836 854 alio
867 802 1114 871 sapiente
1147 806 1284 860 scite
1331 823 1454 861 cum
1507 810 1757 880 symbolo
1822 811 1908 863 di-

328 898 476 944 ctum
535 901 617 945 est
651 908 666 946 :
705 890 943 962 Utraque
994 910 1156 949 manu
1213 899 1646 953 misericordiam
1700 900 1785 957 fac
1850 912 1905 956 et

328 983 554 1036 exhauri
612 983 829 1039 divitias
864 1002 877 1039 :
913 1002 1018 1039 non
1086 989 1230 1043 enim
1264 991 1337 1044 ita
1368 992 1503 1045 sciet
1535 1001 1625 1047 tua
1684 993 1907 1048 sinistra

329 1074 471 1140 quod
543 1076 762 1129 dextera
816 1089 905 1130 tua
955 1079 1076 1134 facit
1114 1095 1129 1146 ;
1163 1081 1254 1135 sed
1304 1085 1465 1136 ctiam
1495 1099 1515 1136 :
1548 1083 1902 1157 Elecmosyna

327 1164 564 1219 donetur
610 1166 723 1220 sola
778 1168 1018 1234 dextera,
1048 1174 1320 1239 operaria,
1371 1173 1536 1239 virili,
1600 1178 1903 1247 symbolice

331 1255 569 1309 divinam
603 1258 975 1325 operationem
1005 1264 1364 1330 exprimente,
1391 1266 1459 1318 ah
1525 1268 1641 1337 ipsa
1684 1277 1901 1331 natura.

328 1347 472 1398 sicut
501 1347 848 1413 speculantur
865 1350 1074 1420 physici
1094 1354 1389 1421 sapientes,
1415 1356 1706 1422 honorata,
1743 1369 1904 1413 natu-

331 1436 515 1491 raliter
543 1436 609 1491 ad
634 1440 969 1507 operandum
1002 1444 1289 1499 commode
1320 1446 1603 1515 disposita,
1626 1457 1700 1513 et,
1756 1450 1903 1518 quod

329 1528 561 1582 \ividius
585 1537 689 1595 est,
721 1530 811 1586 illa
845 1546 967 1601 quae
1002 1536 1067 1587 ad
1123 1535 1492 1604 recipiendum
1549 1538 1685 1594 bene
1711 1540 1907 1608 proba-

329 1631 440 1676 tur.
471 1622 764 1678 Sinistram
789 1632 972 1678 autem
1010 1628 1159 1681 sinas
1184 1629 1438 1684 omittere
1481 1646 1605 1700 quae
1659 1641 1790 1686 sunt
1835 1632 1905 1686 ad

329 1715 756 1785 clcemosynam,
785 1714 871 1769 cui
905 1729 1045 1784 opus
1071 1725 1155 1770 est
1194 1716 1496 1785 diligentia,
1555 1717 1907 1776 festinatione

334 1805 525 1873 multa,
583 1805 949 1862 concitatione
1010 1809 1125 1862 sive
1182 1812 1579 1877 contentione,
1616 1821 1799 1881 atque,
1843 1821 1906 1866 ut

332 1914 495 1953 oume
516 1906 819 1967 opportune
863 1898 1061 1962 diram,
1095 1899 1436 1965 dexteritate,
1465 1903 1665 1971 quibus
1684 1904 1909 1958 orbator

330 1993 579 2058 sinistra,
617 1999 741 2046 nata
775 1991 991 2058 quidem
1027 2001 1083 2046 et
1133 1991 1248 2060 ipsa
1305 1993 1422 2048 lieri
1477 1996 1728 2060 dextera,
1781 2011 1907 2050 Sero

330 2097 509 2141 autem
549 2084 777 2140 forsitan
822 2083 1020 2154 hujusu
1045 2085 1132 2138 oili
1165 2099 1495 2154 proeperans
1532 2086 1584 2140 iu
1621 2087 1786 2150 bono,
1849 2095 1909 2141 ut

328 2179 757 2233 ambidexterum
795 2178 1040 2247 perficiat
1081 2178 1396 2231 hominem:
1445 2178 1703 2232 tardescit
1760 2179 1908 2234 enim

330 2270 696 2339 segnislzeva,
749 2271 1084 2339 Impeditque
1124 2270 1402 2323 dexteram
1439 2284 1467 2323 a
1521 2270 1685 2336 bono,
1747 2280 1801 2328 et
1854 2272 1910 2328 in

330 2364 453 2416 aliis
487 2362 797 2417 actionibus
826 2361 1029 2430 quibus
1056 2376 1162 2415 non
1193 2370 1317 2430 apte
1357 2361 1513 2424 viret,
1554 2371 1605 2416 ct
1662 2362 1716 2415 in
1770 2362 1911 2416 elee-

333 2470 571 2525 mosyme
588 2462 710 2507 actu
740 2467 901 2522 quem
930 2467 1054 2508 cum
1091 2468 1285 2522 pompa
1317 2462 1372 2506 et
1393 2454 1761 2509 ostentatione
1778 2456 1912 2525 pha-

334 2547 528 2599 risaice
551 2545 935 2612 splendescere
956 2546 1138 2615 gestit.

400 2635 526 2688 232.
556 2634 793 2688 Omnino
818 2648 949 2688 vero
982 2650 1088 2688 non
1128 2635 1180 2688 in
1217 2635 1420 2689 bonum
1462 2635 1738 2691 veteribus
1780 2637 1915 2692 sini.

334 2740 505 2782 Sll'lllil
531 2728 852 2781 habebatur.
884 2725 1037 2792 Quod
1066 2727 1271 2781 malum
1300 2729 1592 2799 augurium
1614 2730 1916 2797 repntarint

334 2821 489 2884 heva,
522 2819 649 2887 quid
677 2828 890 2886 oportet
915 2819 1142 2874 dicere?
1171 2819 1329 2872 Manu
1363 2834 1491 2874 vero
1522 2835 1743 2875 manum
1777 2820 1915 2875 sini-

329 2926 410 2968 str
429 2927 498 2966 -.m
523 2921 766 2980 tangere,
790 2910 1214 2965 abominandum
1244 2921 1361 2965 erat
1385 2929 1397 2965 :
1421 2912 1706 2967 amabatur
1734 2921 1913 2966 autem

333 3007 566 3060 maxime
596 3003 840 3058 dextera.
872 3002 925 3056 lu
960 3005 1130 3072 pactis
1163 3004 1305 3058 sicut
1331 3005 1385 3058 in
1436 3006 1763 3071 iuramentis
1791 3007 1918 3058 dex-

328 3110 500 3157 teram
532 3098 767 3154 dexteris
821 3097 1142 3152 liducialiter
1165 3096 1464 3165 jungebant
1500 3115 1516 3165 ;
1552 3107 1604 3151 et
1637 3112 1809 3167 usque
1840 3097 1906 3150 ad

2010 626 2284 694 γνώσεται
2308 630 2340 697 ἡ
2362 629 2644 698 ἀριστερὰ,
2670 631 2731 682 ού
2757 629 2918 700 μόνον
2939 627 3086 681 ἐστιν
3103 630 3279 682 εἰπεῖν
3294 630 3354 683 rb
3374 630 3589 699 φθάσαν

2010 717 2226 784 εὖφυῶς
2249 719 2351 788 ἢδη
2376 720 2509 789 παρ’
2544 721 2704 773 ἄλλου
2744 720 2913 787 σοφοῦ
2943 720 3178 790 ῥηθῆναι
3217 721 3585 791 συμὸολικῶς,

2011 809 2094 861 ὅτι
2121 808 2483 879 ’Δμφοτέραις
2508 811 2645 863 ἐλέει
2667 813 2761 865 καὶ
2784 810 3027 875 ὲξάντλει
3054 811 3146 865 τὸν
3168 812 3419 867 πλοῦτον·
3444 812 3587 868 οὕτω

2010 900 2119 970 γὰρ
2150 904 2252 955 οὐκ
2278 901 2344 956 ἂν
2373 904 2641 973 ἀριστερά
2674 920 2767 957 σου
2801 904 3055 974 ὶπιγνοίη
3084 905 3111 957 ὅ
3138 922 3193 956 τι
3230 906 3361 958 ποτὲ
3383 908 3415 975 ἡ
3440 907 3591 972 δεξιά

2013 1010 2108 1046 σου
2140 996 2305 1047 ποιεῖ’
2346 993 2484 1051 ἀλλά
2512 999 2606 1049 καὶ
2639 998 2723 1049 ὅτι
2759 997 2914 1068 Μάνῃ
2941 1000 3009 1065 τῇ
3040 996 3191 1069 δεξιᾷ
3224 999 3590 1068 μεταδιδόσθω

1976 1088 2043 1156 -ἡ
2073 1086 2436 1159 ἐλεημοσύνη,
2473 1092 2539 1159 τῇ
2592 1092 2886 1162 ἑργατικῇ,
2940 1093 3008 1161 τῇ
3057 1091 3312 1163 ἀνδρικῇ,
3351 1096 3419 1161 τῇ
3453 1111 3592 1161 συμ-

2012 1179 2429 1252 6ολογραφούσῃ
2480 1181 2635 1237 θείαν
2665 1183 2888 1251 πρᾶξιν,
2937 1185 3006 1254 τῇ
3060 1184 3166 1236 ὑπὸ
3220 1185 3321 1252 τῆς
3373 1186 3591 1261 φύσεως

2014 1273 2185 1341 αὐτῆς
2214 1275 2576 1345 τετιμημένῃ,
2611 1276 2685 1339 ὼς
2722 1276 3024 1343 θεωροῦσιν
3054 1277 3103 1329 οἱ
3149 1278 3374 1344 φυσικοὶ
3408 1277 3589 1343 σοφοὶ,

2010 1369 2077 1436 τῇ
2108 1368 2389 1438 πεφυκυίᾳ
2411 1368 2547 1439 δρᾷν
2572 1368 2855 1438 εὐμαρῶς,
2886 1372 2982 1422 καὶ
3009 1370 3362 1439 θερμότερον,
3400 1373 3466 1441 τῇ
3499 1372 3594 1424 καὶ

2009 1442 2261 1527 δεκτιῆῇ,
2304 1458 2678 1527 εὐαποδίκτῳο
2709 1459 2809 1526 τὴν
2836 1460 2892 1512 δὲ
2918 1459 3073 1512 λαιὶν
3107 1459 3247 1528 ἄφες
3280 1461 3590 1528 ἀπρακτεῖν

2009 1549 2081 1603 τά
2105 1565 2170 1617 γε
2205 1552 2285 1612 είς
2314 1549 2712 1621 ἐλεημοσύνην,
2747 1545 2781 1625 ᾗ
2811 1551 2970 1621 χρεία
3001 1552 3242 1617 σπουδῆς
3277 1551 3370 1604 καὶ
3397 1567 3589 1603 συντοο

2014 1642 2145 1712 μίας
2168 1641 2370 1711 πολλῆς
2400 1643 2495 1697 καὶ
2516 1644 2801 1707 συντονίας
2824 1644 3003 1697 εῐτουν
3031 1644 3361 1707 συντάσεως,
3388 1644 3505 1707 καὶ,
3531 1644 3591 1693 τὸ

2012 1737 2122 1789 πᾶν
2152 1736 2385 1807 καιρίως
2419 1736 2619 1800 εἰπεῖν,
2662 1736 2989 1803 δεξιότητος,
3041 1728 3118 1789 ὧν
3164 1735 3589 1804 ἀποστέρεταιή

2011 1824 2160 1888 λαιά,
2203 1829 2481 1894 πεφυκυῖα
2530 1826 2629 1894 μὲν
2662 1825 2810 1889 δεξιά
2876 1822 3124 1892 γίνεσθαι
3154 1822 3249 1876 καὶ
3299 1821 3456 1890 αὑτὴ,
3491 1821 3589 1889 ὀψὲ

2009 1916 2067 1968 δέ
2103 1934 2233 1969 ποτε
2264 1917 2506 1971 τοιοῦτον
2533 1915 2894 1987 εὐπραγοῦσα
2924 1914 3090 1969 καλὸν
3110 1955 3124 1979 ,
3156 1914 3232 1975 ὼς
3266 1910 3590 1982 ἀμφιδέξιον

2010 2008 2298 2062 ἀποτελεῖν
2321 2008 2411 2062 τὸν
2445 2008 2754 2079 ἄνθρωπον
2786 2006 3117 2079 νωθρεύεται
3149 2005 3258 2075 γὰρ
3290 2004 3524 2058 ὀκνοῦσα
3557 2004 3591 2073 ἡ

2010 2100 2300 2171 ἀριστερὰ,
2330 2102 2427 2156 καὶ
2475 2101 2791 2155 ἀποκωλύει
2843 2100 2941 2170 τὴν
2989 2100 3173 2166 δεξιὰν
3203 2098 3299 2152 τοῦ
3340 2096 3504 2151 καλοῦ
3533 2097 3593 2149 ἓν

2010 2207 2068 2241 τε
2104 2189 2292 2252 ἄλλαις
2321 2190 2559 2261 πράξεσι
2621 2190 2745 2243 καθ’
2780 2188 2846 2251 ἃς
2873 2190 3065 2259 ἀφυῶς
3102 2188 3341 2257 ἐνεργεῖ,
3381 2188 3475 2240 καὶ
3499 2186 3590 2238 ὅτε

2010 2281 2067 2334 δὲ
2126 2282 2228 2346 τὴν
2281 2279 2658 2351 ἐλεημοσύνην
2707 2279 2960 2349 ἐκφαίνει
3024 2277 3441 2349 θριαμϐεύουσα
3494 2276 3593 2331 καὶ

2013 2372 2407 2440 φιλενδεικτεῖν
2436 2372 2669 2427 ποιοῦσα
2701 2371 3069 2441 φαρισαῖκῶς.

2089 2636 2225 2707 σλβ’.
2262 2638 2442 2701 Ὀλως
2470 2637 2527 2690 δὲ
2558 2638 2617 2689 οὐ
2651 2635 2787 2705 πρὸς
2835 2634 3046 2703 ἀγαθοῦ
3082 2635 3198 2698 τοῖς
3246 2635 3503 2699 παλαιοῖς
3530 2634 3593 2687 τὸ

2016 2731 2313 2802 ἀριστερὸν
2344 2731 2573 2784 ὲτίθετο’
2619 2731 2715 2784 καὶ
2761 2730 2837 2792 ὼς
2888 2730 2986 2797 μὲν
3024 2728 3382 2783 δυσοιώνιστα
3408 2729 3592 2797 ἐνομίο

2017 2822 2173 2885 ζοντο
2198 2822 2267 2874 τὰ
2298 2821 2448 2885 λαιὰ,
2484 2823 2537 2873 τί
2568 2820 2678 2892 χρὴ
2724 2822 2818 2873 καὶ
2853 2820 3068 2889 Myso);
3121 2820 3281 2889 Xsth
3310 2819 3368 2873 δὲ
3412 2820 3594 2891 χειρὸς

2016 2915 2257 2985 ἅψασθαι
2288 2914 2606 2983 ἀριστερᾶς,
2654 2911 2951 2981 ἀπώμοτον
2999 2908 3089 2984 ἦν·
3133 2912 3371 2983 ἐφιλεῖτο
3398 2914 3455 2967 δὲ
3493 2912 3598 2982 μά-

2017 3007 2175 3060 λιστα
2204 3008 2238 3076 ἡ
2277 3005 2452 3073 δεξιά·
2490 3006 2589 3059 καὶ
2621 3007 2669 3059 oi
2695 3005 3032 3074 δεξιούμενοι
3060 3007 3121 3059 ὲν
3150 3006 3449 3076 συνθήκαις
3492 3006 3595 3060 ὅσα

2018 3100 2111 3153 καὶ
2140 3099 2328 3168 ὅρκοις
2364 3097 2728 3151 ἐπεποίθεσαν
2760 3099 2882 3159 ταῖς
2912 3096 3136 3161 δεξιαῖς·
3164 3098 3258 3151 καὶ
3292 3100 3456 3167 μέχρι
3499 3097 3596 3149 καὶ

330 3192 648 3245 hodiernum
676 3189 816 3243 diem
855 3186 1083 3242 ﬁdentes
1118 3187 1365 3242 homines
1389 3187 1495 3243 sibi
1531 3195 1723 3242 inutuo
1778 3190 1912 3242 dex-

2020 3192 2212 3262 ἑσάρτι
2244 3188 2601 3260 πιστούμενοι
2643 3188 2944 3260 ἄνθρωποι,
2993 3188 3175 3253 δεξιὰς
3213 3188 3466 3259 ἀλλήλοις
3502 3190 3598 3258 ἐμ-

218 3308 231 3317 ·
327 3296 477 3342 teras
501 3285 805 3357 porrigunt.
853 3283 997 3338 Bene
1026 3298 1156 3338 vero
1228 3296 1466 3353 operans
1523 3292 1741 3347 natura,
1791 3298 1913 3353 qua:

330 3381 567 3435 dexterae
596 3392 815 3447 quoque
866 3375 1143 3432 scribendi
1202 3374 1537 3430 humtionem
1591 3376 1915 3444 assignavit,

335 3486 540 3541 paucas
572 3470 826 3526 sinistras
856 3467 1148 3523 honestare
1181 3468 1316 3521 solet
1376 3466 1691 3537 huiusmodi
1748 3468 1912 3522 bono.

329 3563 536 3617 Bonum
568 3569 651 3618 est
672 3559 1014 3616 mercatoriis
1039 3558 1267 3613 navibus
1296 3556 1488 3613 dexter
1533 3558 1713 3628 paries
1758 3559 1916 3613 incli-

333 3667 535 3722 natos;
587 3662 643 3708 et
674 3653 820 3707 hunc
858 3651 1037 3721 seligit
1064 3650 1413 3720 proverbium
1441 3649 1754 3705 volentibus
1807 3648 1915 3704 sal-

333 3748 471 3802 vari.
511 3746 761 3815 Magnum
800 3752 981 3797 autem
1010 3741 1350 3796 dexteritatis
1387 3747 1471 3796 est
1511 3745 1670 3794 etiam
1724 3740 1915 3805 decus,

332 3840 478 3909 quod
513 3836 806 3894 orientales
831 3833 1017 3889 mundi
1039 3844 1223 3904 partes
1246 3833 1501 3888 dexteras
1531 3846 1654 3887 esse
1672 3838 1918 3887 statuunt

332 3930 632 4001 sapientes.
666 3927 723 3982 Si
750 3943 880 3982 vero
925 3925 1184 3980 laudibus
1242 3933 1457 3995 oportet
1515 3923 1918 3991 superexaltare

332 4024 636 4086 dexteram,
665 4019 787 4074 vide
824 4018 953 4072 mihi
1000 4016 1240 4072 dexterae
1273 4014 1483 4071 Excelsi
1540 4013 1916 4078 mutationem,

333 4125 389 4169 et
421 4113 659 4168 dexterae
689 4110 782 4165 Dei
839 4109 1041 4174 virum,
1097 4121 1258 4179 quem
1326 4107 1381 4161 in
1437 4106 1584 4177 regia
1649 4115 1919 4176 potestate

339 4201 683 4257 conﬁrmavit
739 4201 888 4267 sibi,
944 4201 1337 4267 dexteramque
1395 4212 1619 4251 manum
1676 4196 1914 4259 Domini,

338 4308 461 4363 qua:
485 4292 781 4364 gloriﬁcata
808 4299 891 4346 est
918 4290 971 4344 iu
1029 4290 1249 4353 virtute,
1292 4304 1414 4354 qum
1467 4286 1773 4342 vulneravit
1818 4285 1921 4340 ini-

336 4386 526 4446 micos,
547 4398 800 4455 quaeque,
821 4384 885 4439 ad
903 4381 1294 4436 abundantiam
1314 4380 1497 4451 εισι-λε
1512 4394 1646 4443 suae,
1667 4378 1922 4433 contrivit

337 4476 704 4533 adversarios.

2016 3283 2329 3337 6άλλουσιν’
2378 3276 2438 3334 εὖ
2472 3280 2530 3333 δὲ
2584 3277 2884 3349 ποιοῦσαὴ
2934 3280 3096 3348 φύσις
3144 3278 3330 3334 καὶτὸ
3359 3279 3597 3348 γράφειν

2015 3376 2471 3447 ἀποκληρώσασα
2514 3376 2581 3443 τῇ
2614 3373 2789 3445 δεξιᾷ,
2821 3374 3011 3441 ὀλίγας
3041 3372 3339 3444 ἀριστερὰς
3370 3372 3599 3443 τοιούτῳ

2017 3467 2170 3540 καλῷ
2192 3467 2593 3537 ἀποσεμνύνειν
2622 3467 2818 3520 ὶθέλειο
2850 3467 3018 3520 καλὸν
3042 3467 3099 3520 δὲ
3124 3466 3332 3529 πλοίοις
3364 3470 3598 3536 ἐμπορε-

2016 3563 2136 3625 κοῖς
2160 3561 2341 3630 τοῖχος
2382 3561 2412 3613 ὁ
2459 3559 2662 3624 δεξιός·
2704 3559 2799 3611 καὶ
2854 3560 2886 3629 ὴ
2933 3558 3206 3629 παροιμία
3236 3559 3331 3611 τὸν
3355 3557 3600 3612 τοιοῦτον

2018 3649 2334 3717 ἑπιλέγεται
2375 3649 2490 3712 τοῖς
2526 3648 2804 3701 ἐθέλουσιν
2831 3647 3125 3712 σώζεσθαι.
3170 3649 3331 3717 Μέγα
3366 3647 3424 3702 δὲ
3455 3648 3603 3715 φιλο-

2017 3741 2236 3811 τίμημα
2267 3740 2598 3807 δεξιότητος,
2645 3741 2740 3793 καὶ
2793 3740 2877 3793 ὅτι
2915 3739 2986 3792 τὰ
3032 3740 3125 3793 τοῦ
3161 3740 3372 3807 κόσμου
3411 3741 3603 3792 ἀνατο·

2017 3832 2146 3886 λικά
2185 3830 2337 3896 δεξιά
2388 3831 2632 3887 τίθενται
2666 3827 2804 3885 εἶναι
2836 3832 2884 3884 οῖ
2917 3832 3093 3901 σοφοί·
3133 3833 3181 3884 εί
3222 3831 3279 3884 δὲ
3311 3831 3603 3901 ύπερυψῶ-

2020 3940 2112 3977 σαι
2143 3921 2242 3994 τὴν
2277 3922 2461 3988 δεξιὰν
2486 3922 2595 3992 χρὴ
2626 3922 3012 3987 ἑπαινετικῶς,
3050 3922 3246 3992 θεώρει
3279 3939 3371 3991 μοι
3414 3922 3601 3988 δεξιᾶς

2009 4014 2288 4088 ,Ὑψίστου
2315 4014 2618 4081 ἀλλοίωσιν,
2646 4016 2741 4069 καὶ
2761 4013 2931 4085 ἄνδρα
2950 4014 3130 4080 δεξιᾶς
3156 4013 3294 4066 Θεοῦ
3314 4012 3372 4067 ὃν
3399 4016 3603 4080 ἐκεῖνος

2023 4108 2315 4180 βασιλικῶς
2372 4105 2758 4178 ὲκραταίωσεν
2812 4106 3015 4177 ἑαυτῷ·
3071 4107 3168 4160 καὶ
3204 4106 3387 4173 δεξιὰν
3443 4109 3604 4178 χεῖρα

2023 4202 2234 4273 Κυρίου
2257 4199 2658 4271 δεδοξασμένην
2682 4200 2741 4252 ὲν
2763 4199 2911 4271 ἰσχύϊ
2936 4201 3030 4254 καὶ
3047 4199 3357 4269 θραύουσαν
3377 4200 3606 4271 ἐχθροὺς

2022 4295 2119 4349 καὶ
2145 4295 2223 4365 τῷ
2262 4294 2466 4366 πλήθει
2499 4293 2599 4359 τῆς
2632 4292 2790 4366 δόξης
2822 4292 2992 4347 αὑτοῦ
3037 4293 3430 4366 συντρίϐουσαν
3476 4295 3605 4357 τοὺς

2025 4387 2401 4446 ὑπεναντίους.

403 4568 529 4624 255.
556 4565 612 4622 Si
637 4581 764 4624 vero
784 4581 1000 4638 quoque
1022 4571 1386 4636 repugnantes
1432 4560 1646 4618 Domini
1685 4561 1914 4616 dextera:

2100 4562 2241 4628 σλγ¹.
2279 4560 2344 4614 Et
2371 4559 2428 4613 δὲ
2454 4560 2550 4612 καὶ
2581 4562 2709 4623 τοὺς
2735 4558 3139 4630 ἀνθεστηκότας
3168 4563 3236 4632 τῇ
3263 4561 3357 4615 τοῦ
3394 4561 3604 4631 Κυρίου

337 4661 652 4729 cogitemus,
682 4673 714 4714 a
742 4659 943 4729 quibus
961 4673 1018 4712 se
1045 4657 1563 4724 cu:tudiri,magnus
1596 4650 1765 4707 David
1794 4667 1920 4721 pre-

335 4762 511 4817 catur,
543 4752 801 4823 ipsosque
826 4751 1080 4806 sinistros
1137 4761 1431 4815 ponamus,
1485 4755 1546 4800 ut
1603 4745 1923 4801 consecutio

339 4840 542 4909 poscit,
579 4841 704 4912 quis
727 4855 759 4896 a
794 4840 1033 4896 sinistris
1063 4853 1186 4896 esse
1209 4838 1371 4894 vellet
1420 4845 1516 4892 aut
1565 4836 1812 4891 ordinem
1872 4843 1926 4889 et

336 4933 787 4989 constitutionem
817 4933 890 4988 ita
926 4931 1208 4988 sinistram
1271 4928 1498 4984 laudare
1527 4928 1550 4982 ?
1577 4927 1766 4983 Fidem
1824 4941 1924 4980 au-

336 5035 443 5079 tem
465 5031 522 5080 et
548 5025 664 5096 ipsa
700 5023 862 5080 faciet
893 5024 1190 5095 apostolica
1218 5023 1476 5092 piscatio,
1518 5036 1628 5076 non
1656 5035 1777 5077 esse
1810 5019 1925 5075 l‘ru-

339 5122 487 5173 ctum
518 5129 548 5168 a
572 5114 831 5182 sinistris,
865 5114 1134 5185 siquidem
1160 5113 1421 5184 apostoli,
1456 5128 1580 5168 cum
1605 5127 1634 5166 a
1665 5112 1920 5175 dexteris,

337 5204 495 5274 jussu
551 5203 792 5271 Domini,
850 5205 1185 5262 laxavissent
1234 5210 1370 5268 rete,
1427 5203 1647 5273 copiosa
1703 5212 1926 5273 captura

342 5295 743 5365 mirationeque
777 5297 947 5352 multa
988 5296 1178 5366 repleti
1211 5304 1357 5351 sunt.
1387 5294 1443 5350 Si
1479 5309 1608 5349 vero
1660 5303 1924 5349 exornata

342 5387 498 5453 lmva,
550 5384 730 5440 fucata
791 5396 844 5441 et
911 5398 1194 5444 cerussata
1252 5389 1414 5443 bonis
1465 5387 1669 5453 verbis,
1729 5386 1929 5455 quibus

344 5477 611 5548 ἀριστερὰ
637 5477 858 5533 sinistra
894 5480 1111 5549 quidem
1147 5495 1213 5535 ex
1246 5481 1456 5551 ἀρίστῳ
1490 5488 1679 5532 vocata
1705 5488 1829 5543 est;
1858 5491 1925 5530 ex

348 5568 613 5638 partit-uta
632 5576 812 5622 autem
838 5567 899 5622 εὖ
921 5569 1197 5625 nouiuinata
1221 5579 1305 5624 est
1332 5567 1632 5638 εὐώνυμος,
1652 5567 1719 5622 ad
1753 5568 1926 5621 solem

347 5661 662 5726 extollatur,
690 5662 1099 5734 recogitandum
1132 5671 1215 5718 est
1236 5678 1391 5717 uvam
1428 5660 1590 5728 fellis,
1632 5669 1684 5715 et
1713 5660 1929 5714 botrum

348 5748 755 5820 amaritudinis,
798 5762 851 5809 et
879 5755 1190 5822 sepulcrum
1233 5755 1567 5817 dealbatum,
1619 5762 1674 5807 et
1738 5759 1931 5820 gustus

351 5840 720 5909 doli-amaros,
750 5847 1076 5904 etbarathra
1132 5846 1359 5904 tioribus
1411 5846 1783 5911 circumfusa;
1813 5845 1932 5901 tali-

2022 4650 2173 4720 δεξιᾷ
2204 4649 2593 4719 ὲννοησόμεθα,
2644 4650 2704 4716 ἐξ
2738 4643 2814 4703 ῶν
2853 4649 3196 4719 φυλαχθῆναι
3236 4649 3329 4704 ὁπ’
3366 4651 3538 4705 αὐτοῦ
3564 4655 3594 4706 ὁ

2028 4749 2200 4813 μέγας
2219 4742 2387 4797 Δαϐὶδ
2410 4740 2657 4813 εὔχεται,
2683 4741 2779 4795 καὶ
2801 4741 3127 4811 ἀριστεροὺς
3153 4741 3354 4804 αὐτοὺς
3379 4742 3526 4811 θώμξ
3537 4742 3607 4796 θα

2025 4838 2100 4900 ὡς
2131 4837 2165 4908 ἡ
2190 4836 2302 4890 τῶν
2332 4832 2470 4904 πρός
2503 4851 2558 4888 τι
2587 4833 2817 4889 ἀπαιτεῖ
2852 4831 3174 4898 ἀκολουθία,
3203 4834 3290 4895 τίς
3335 4832 3403 4886 ἂν
3432 4832 3612 4885 ἕλοιτο

2025 4928 2313 4999 ἀριστερὸς
2344 4920 2506 4993 εἶναι,
2534 4926 2568 4996 ἢ
2601 4923 2756 4990 τάξιν
2786 4926 2883 4981 καὶ
2915 4923 3067 4978 θέσιν
3095 4920 3270 4986 οὕτως
3307 4924 3609 4997 ἀριστερὰν

2027 5023 2313 5090 ὲπαινεῖν;
2359 5019 2705 5075 Πιστώσεται
2749 5019 2807 5072 δὲ
2853 5017 2948 5073 καὶ
2994 5017 3333 5089 ἀποστολικὴ
3363 5017 3511 5087 ἄγρα
3545 5020 3609 5071 τὸ

2029 5122 2088 5173 ἐν
2122 5118 2236 5180 τοῖς
2267 5116 2581 5188 ἀριστεροῖς
2623 5111 2982 5185 ἀκάρπωτον,
3028 5110 3079 5165 οἳ
3109 5112 3166 5165 ὲν
3192 5110 3387 5176 δεξιοῖς
3416 5112 3611 5165 δεσποι-

2026 5210 2152 5278 τικῇ
2187 5206 2439 5261 κελεύσει
2467 5203 2830 5275 χαλάσαντες,
2862 5202 3040 5274 ἄγρας
3089 5220 3151 5257 τε
3203 5203 3459 5274 δαψιλοῦς
3516 5204 3610 5258 καὶ

2029 5301 2309 5370 θαύματος
2349 5296 2546 5350 πολλοῦ
2593 5295 2968 5366 ἐπλήσθησαν.
3017 5295 3081 5349 Εἰ
3133 5294 3192 5349 δὲ
3233 5297 3611 5365 κομμωτικῶς

2029 5392 2333 5460 ἐσταλμένη
2363 5388 2763 5463 πεφυκιωμένη
2793 5404 2856 5440 τε
2885 5389 2921 5456 ἡ
2961 5387 3110 5453 λαιὰ,
3158 5386 3252 5441 καὶ
3301 5386 3610 5456 ἐψιμυθιω-

2035 5486 2169 5553 μένη
2202 5482 2432 5549 ἀγαθοῖς
2486 5481 2732 5552 ῥήμασιν
2789 5477 2875 5544 οἷς
2926 5478 3197 5551 ἀριστερά
3252 5479 3351 5549 μὲν
3390 5482 3457 5532 ἐκ
3507 5479 3603 5533 τοῦ

2033 5576 2259 5643 ἀρίστου
2297 5572 2524 5643 ἐκλήθιγ
2562 5575 2628 5627 ὲκ
2663 5572 2720 5626 δὲ
2746 5571 2841 5625 τοῦ
2872 5565 2932 5625 εὖ
2958 5569 3253 5642 ὠνομάσθη
3301 5570 3608 5641 εὐώνυμος,

2032 5660 2378 5715 ἀνατείνεται
2404 5662 2482 5724 εις
2498 5660 2737 5732 ἑξαρμα,
2761 5659 3099 5731 ἐνθυμητέον
3118 5660 3399 5733 σταφυλὴν
3419 5660 3608 5730 χολῆς,

2034 5753 2129 5805 καὶ
2162 5752 2357 5824 βότρυν
2388 5752 2639 5823 πικρίας,
2687 5754 2784 5806 καὶ
2825 5751 2998 5820 τάφον
3041 5751 3457 5822 κεκονιαμένον,
3508 5753 3607 5805 καὶ

2040 5844 2257 5914 γεύσεις
2282 5843 2714 5914 γλυκυπικρους,
2745 5845 2839 5899 καὶ
2871 5841 3123 5915 βάραθρα
3149 5843 3604 5914 περιηνθισμένω
