4034 6418
401 334 502 399 737

1177 325 1259 387 IN
1297 325 1632 387 IIYMNUM
1671 322 2316 386 PENTECOSTALEM
2361 325 2814 390 DAMASCENI.

3537 331 3650 393 738

399 450 495 503 καὶ
526 443 907 516 παραϐλητέον
937 443 1050 508 τοῖς
1102 440 1371 507 τοιούτοις
1416 441 1515 504 τὰς
1564 440 1965 509 ἀγαθωνύμους

2079 439 2282 509 busque
2310 437 2702 494 conferendum
2744 448 2828 494 est
2859 439 3028 495 bonas
3079 440 3321 498 sinistrae
3378 443 3552 502 famas
3602 452 3659 504 et

401 540 499 612 τὴν
535 537 860 610 ἀριστερὰν,
897 538 992 592 καὶ
1034 537 1134 606 τὴν
1181 535 1395 588 ἐκεῖθεν
1449 533 1751 603 εὐώνυμον.
1794 532 1968 587 Ὀκνῶ

399 634 508 706 γὰρ
555 634 653 688 καὶ
706 630 954 701 ἑτεροίας
1001 627 1333 698 παραθεῖναι
1385 626 1586 694 λέξεις,
1624 620 1700 679 ὧν
1725 624 1965 695 τοῦνομα

402 727 503 798 μὲν
528 726 653 796 ἡδὺ,
699 723 761 777 τὸ
807 723 1043 793 πρᾶγμα
1074 718 1300 789 πικρὸν,
1332 719 1428 771 καὶ
1470 719 1504 787 ἡ
1542 717 1836 789 προγραφὴ
1869 719 1967 786 μὲν

397 818 534 888 ζωὴ,
567 816 796 880 Θάνατος
819 816 876 870 δὲ
915 817 982 868 τὰ
1014 812 1183 877 ἐντός·
1219 806 1294 866 ὧν
1327 811 1428 881 μία
1466 810 1563 864 καὶ
1587 812 1647 864 τὸ
1679 811 1821 865 κατὰ
1857 828 1971 863 κοι-

401 910 492 980 νὴν
525 906 816 977 συνήθειαν
863 905 1010 967 ἔλεος
1041 903 1137 958 τοῦ
1186 901 1322 955 Θεοῦ
1368 901 1525 972 παρὰ
1567 904 1680 964 τοῖς
1729 900 1964 962 πολλοῖς·

398 1001 448 1055 οἳ
470 1001 570 1071 τὴν
591 999 781 1053 θεόθεν
805 997 976 1068 ὀργὴν
993 998 1082 1050 διὰ
1105 995 1370 1066 χαλάζης,
1396 996 1492 1048 καὶ
1519 994 1620 1047 ὅσα
1643 993 1700 1046 δὲ
1723 995 1969 1057 τοιαῦτα,

398 1091 537 1146 Θεοῦ
565 1107 735 1161 φασιν
771 1088 943 1154 ἔλεος,
973 1089 1355 1159 εὐφημότερον
1373 1104 1389 1121 ·
1421 1085 1596 1141 οἴδασι
1623 1085 1679 1138 δὲ
1715 1086 1813 1138 καὶ
1838 1085 1970 1153 τρά-

397 1182 554 1252 χηλοι
600 1180 911 1249 ἀνθρώπων
953 1177 1229 1248 ὑγρότητα
1260 1174 1970 1247 πικραίνουσαν’ἀλγήμασι

397 1273 541 1328 κατά
564 1288 618 1325 τι
651 1270 848 1334 πάθος,
878 1270 908 1324 6
942 1268 1173 1323 καλοῦσι
1210 1269 1408 1338 γλυκύ·
1454 1267 1547 1320 καὶ
1576 1262 1695 1321 οῖδα
1744 1267 1843 1336 μὲν
1872 1266 1971 1334 τὴν

398 1363 800 1433 Σολομῶντειον
840 1362 1035 1430 σοφίαν
1063 1360 1249 1429 ἀγαθά
1284 1359 1580 1428 φέρουσαν,
1612 1358 1749 1413 ἀλλὰ
1780 1358 1882 1427 μὲν
1910 1359 1970 1410 ὲν

396 1458 464 1527 τῇ
514 1456 669 1526 δεξιᾷ
711 1454 929 1527 μεγάλα
981 1456 1186 1521 ἐκεῖνα,
1248 1453 1463 1524 ἑτεροῖα
1507 1454 1565 1506 δέ
1617 1469 1741 1507 τινα
1800 1452 1859 1505 ἐν
1901 1454 1969 1524 τῇ

397 1548 684 1619 ἀριστερᾷ·
728 1547 906 1602 ὀκνῶν
957 1547 1015 1601 δὲ
1068 1545 1550 1615 πολυπραγμονεῖν
1586 1545 1678 1597 ἐπὶ
1725 1544 1888 1597 πλέον
1907 1544 1970 1597 τὸ

398 1636 639 1690 τοιοῦτον
670 1636 992 1706 κεφάλαιον,
1022 1635 1268 1689 καθιστῶ
1292 1635 1396 1697 ἕως
1429 1628 1536 1688 ὧδε
1578 1636 1640 1687 τὸ
1670 1633 1966 1703 φιλοδέξιον

398 1728 647 1800 σκέμμα,
670 1727 956 1799 γινόμενος
982 1727 1091 1782 τῶν
1135 1725 1336 1797 ἐφεξῆς
1361 1727 1733 1797 ἑορταστικῶν
1764 1724 1963 1796 μελῶν.

480 1902 613 1957 σλδ’.
655 1902 768 1958 Καὶ
791 1901 857 1973 δὴ
896 1901 1042 1971 λέγω
1073 1902 1150 1966 ὡς
1177 1902 1205 1956 6
1231 1900 1483 1972 κλισμὸς,
1510 1900 1572 1954 ὃν
1616 1899 1803 1970 θρόνον
1830 1900 1979 1953 εῐποο

403 2012 525 2066 μεν.
554 1996 636 2059 εἰς
676 1995 1039 2065 ἀνάκλιντρον
1081 1995 1287 2061 μᾶλλον
1316 1992 1749 2063 κυριολεκτικῶς
1797 1993 1977 2063 ἑρμη-

399 2090 640 2153 νεύεται,
691 2086 721 2140 6
770 2086 983 2155 γίνεται
1030 2087 1095 2140 ἑκ
1134 2085 1231 2140 τοῦ
1265 2085 1595 2140 άνακλίνειν.
1640 2086 1703 2139 El
1733 2085 1791 2138 δὲ
1820 2084 1977 2153 γενό-

400 2195 564 2247 μενος
595 2179 626 2232 6
668 2177 897 2248 κλισμὸς
929 2179 995 2232 ἐκ
1020 2178 1115 2232 τοῦ
1151 2178 1342 2241 κλίνω,
1373 2177 1464 2231 διὰ
1491 2176 1586 2230 τοῦ
1625 2193 1658 2230 σ
1693 2176 1976 2247 προφέρεο

398 2285 514 2337 ται,
541 2270 767 2339 νοητέον
794 2269 871 2333 ὠς
916 2267 1062 2323 οὕτω
1112 2270 1206 2324 καὶ
1257 2269 1324 2323 ὲκ
1374 2267 1471 2322 τοῦ
1521 2267 1737 2339 μολύνω
1768 2269 1976 2338 γίνεται

404 2361 703 2432 μολυσμός.
738 2360 883 2431 Ὅρα
909 2361 968 2416 δὲ
1010 2362 1095 2414 ὅτι
1131 2360 1421 2431 ἐπικρίνας
1452 2360 1482 2413 6
1517 2358 1756 2432 μελῳδὸς
1798 2364 1976 2416 εἰπεῖν

400 2455 461 2507 ἑν
495 2456 746 2524 καταρχῇ
774 2452 871 2507 τοῦ
912 2453 1215 2525 τροπαρίου
1255 2453 1686 2523 ποιητικώτερον
1734 2452 1880 2507 ῦδειν
1912 2453 1976 2507 τὸ

399 2544 615 2613 ὑμνεῖν,
643 2545 839 2613 διέγνω
857 2546 1053 2615 χρῆναι
1080 2544 1177 2598 καὶ⁵
1197 2542 1364 2608 ἄλλας
1392 2547 1774 2616 παρασπεῖραι
1799 2545 1976 2610 λέξεις

399 2636 458 2688 ἐν
486 2634 638 2706 αύτῷ
670 2635 983 2706 ποιητικάς·
1012 2634 1210 2689 οὐκοῦν
1240 2636 1492 2705 ἐπήγαγε
1530 2635 1775 2690 τοιοῦτον
1800 2636 1974 2706 ὄνομα

402 2727 601 2794 σεμνὸν
626 2727 726 2799 τὴν
752 2727 1046 2797 φυσίξωον,
1076 2727 1169 2781 καὶ
1198 2727 1267 2781 τὰ
1303 2726 1504 2793 ἐνδινα,
1552 2728 1645 2781 καὶ
1692 2728 1751 2781 τὸ
1779 2729 1968 2782 ἁλθαί-

398 2836 533 2873 νειν.
580 2818 712 2873 Ἰδοὺ
761 2817 819 2873 δὲ
858 2819 952 2872 καὶ
1000 2819 1127 2880 τοὺς
1163 2817 1450 2887 κλισμούς·
1485 2814 1546 2872 εὖ
1592 2816 1751 2884 εἰδὼς
1802 2820 1969 2882 αὐτὸς

399 2911 549 2974 ὅπως
570 2911 854 2981 ,ἐνδέχεται
880 2910 1306 2981 διαχειρίζεσθαι
1330 2910 1401 2964 τὰ
1438 2910 1639 2980 μελικὰ
1666 2911 1741 2973 ὡς
1768 2915 1972 2975 κοινοῖς

405 3005 504 3073 μὲν
527 3003 882 3076 ἀναπληροῦν
934 3006 1002 3060 τὰ
1036 3006 1217 3069 κοινὰ,
1254 3005 1368 3066 τοῖς
1399 3004 1457 3058 δὲ
1497 3005 1573 3075 μὴ
1609 3004 1875 3066 τοιούτοις
1906 3005 1975 3058 τὰ

399 3096 734 3167 καθήκοντα.

474 3271 603 3329 σλε’.
642 3273 947 3345 Ἰδρυμένος
984 3274 1040 3327 δὲ
1089 3274 1185 3328 καὶ
1226 3271 1464 3326 ἐνταῦθα
1495 3271 1620 3326 ἀντὶ
1649 3272 1744 3327 τοῦ
1787 3274 1975 3338 ἁπλῶς

397 3365 748 3436 καθήμενος·
809 3364 904 3418 καὶ
949 3364 1282 3436 μετήνεκται
1320 3365 1354 3433 ἡ
1401 3363 1548 3428 λέξις
1593 3368 1657 3417 ὲκ
1702 3366 1811 3419 τῶν
1853 3367 1976 3421 καθ’

396 3464 544 3533 ἡμᾶς
592 3462 673 3525 είς
702 3460 797 3514 τὸν
829 3460 1001 3515 Θεόν·
1042 3458 1420 3531 προσαχθεῖσα
1455 3457 1549 3512 ὑπ’
1586 3459 1798 3513 ἐκείνου
1833 3461 1976 3514 καθὰ

396 3553 493 3605 καὶ
547 3550 618 3604 τὰ
660 3549 795 3605 ἄλλα
837 3550 939 3603 ὅσα
968 3551 1034 3604 ὲκ
1080 3550 1190 3603 τῶν
1236 3548 1527 3621 ἡμετέρων
1580 3549 1975 3621 προσήχθησαν

397 3642 587 3713 αὐτῷ·
625 3642 711 3697 ἵνα
758 3642 855 3694 καὶ
902 3642 1154 3696 ἐντεῦθεν
1187 3641 1395 3712 ἠθικῶς
1445 3640 1833 3710 παιδευώμεθα
1867 3643 1974 3707 ὲξι·

395 3731 642 3787 διοῦσθαι
667 3734 761 3786 καὶ
792 3733 940 3804 ἡμᾶς
968 3733 1037 3785 τὰ
1064 3730 1280 3786 ἐκείνου
1305 3731 1662 3802 θεομιμήτως
1695 3730 1791 3784 καὶ
1823 3731 1976 3801 φιλο-

397 3824 556 3891 θέως,
617 3823 874 3894 καθάπερ
933 3824 1144 3888 ἐκεῖνος
1206 3823 1275 3877 τὰ
1332 3821 1627 3894 ἡμέτερα·
1687 3823 1862 3877 εἰπεῖν
1917 3822 1976 3877 δὲ

400 3916 602 3986 μᾶλλον
648 3916 919 3986 άκρισῶς,
970 3915 1132 3987 εἴπερ
1177 3915 1364 3970 ἄλλοθί
1408 3932 1512 3969 που
1565 3913 1687 3985 ἱερὰ
1730 3916 1873 3980 λέξις
1917 3916 1976 3968 τὸ

402 4008 676 4080 ἱδρῦσθαι,
740 4008 885 4063 καθά
935 4010 1034 4063 καὶ
1089 4007 1515 4078 προδεδήλωται,
1579 4003 1684 4063 ὧδε
1742 4007 1977 4076 μάλιστα

395 4100 621 4171 τοιαύτη
663 4100 781 4154 ἐστὶ
807 4101 930 4153 κατ’
960 4098 1214 4152 ἐπίτασιν
1244 4099 1341 4151 ἐπὶ
1369 4096 1466 4151 τοῦ
1506 4097 1641 4151 Υἱοῦ
1674 4096 1770 4151 τοῦ
1814 4097 1973 4151 Θεοῦ.

396 4192 473 4245 Τὸ
497 4191 555 4246 δὲ
580 4191 676 4246 νῦν
709 4192 811 4245 οὐκ
855 4191 1084 4262 ἀφετέον
1139 4189 1504 4260 συντετάχθαι
1530 4189 1609 4258 τῷ
1663 4190 1975 4261 ἱδρυμένος,

396 4284 537 4338 ἀλλὰ
571 4283 968 4354 μεθελκυστέον
993 4283 1073 4345 είς
1103 4282 1164 4336 τὸ
1199 4283 1513 4353 πέπομφεν,
1551 4283 1637 4335 ἵνα
1739 4284 1822 4336 ὅτι
1858 4280 1975 4335 Νῦν

396 4377 688 4446 πέπομφεν
715 4378 743 4430 6
768 4374 959 4447 Σωτὴρ
997 4374 1237 4446 Χριστὸς
1276 4374 1379 4446 τὴν
1408 4375 1566 4447 χάριν
1599 4372 1694 4427 τοῦ
1724 4371 1975 4441 Πνεύμα-

2073 531 2365 586 dit-tionem
2404 532 2599 588 exinde
2621 531 2926 600 εὐώνυμον.
2961 534 3167 590 Omitto
3222 536 3367 591 enim
3428 547 3655 596 caeteras

2071 634 2388 691 comparare
2418 623 2702 684 dictiones,
2737 636 2969 691 quarum
3032 639 3229 679 nomen
3291 632 3376 681 εει
3434 628 3653 697 quidem

2070 712 2248 777 dulce,
2302 730 2388 768 res
2419 722 2598 767 autem
2665 728 2874 780 amara,
2930 724 2984 769 et
3037 731 3384 786 programma
3432 719 3653 788 quidem

2068 806 2198 870 vita,
2233 820 2380 859 mors
2408 815 2587 860 autem
2628 805 2890 861 interiora
2927 824 2942 861 :
2974 823 3211 877 quarum
3261 825 3367 863 una
3431 812 3652 880 quidem

2069 899 2321 965 estjuxta
2352 911 2701 951 communem
2734 911 2940 952 morem
2980 897 3071 952 Dei
3106 899 3481 955 misericordia
3503 901 3648 969 apud

2073 989 2296 1051 multos,
2326 990 2418 1057 qui
2450 988 2689 1040 divinam
2723 988 2859 1042 iram
2895 989 2947 1042 in
2978 991 3270 1057 grandine,
3296 1002 3350 1045 et
3398 1008 3663 1061 quaecun-

2072 1094 2180 1148 que
2192 1087 2387 1134 caetera
2414 1080 2752 1149 hujusmodi,
2775 1078 2870 1133 Dei
2893 1081 3321 1137 misericordiam
3341 1085 3424 1154 pie
3444 1086 3657 1141 dicunt.

2077 1170 2270 1225 Sciunt
2294 1181 2479 1226 autem
2514 1171 2675 1225 etiam
2733 1172 3017 1226 hominum
3071 1175 3212 1229 colla
3279 1177 3659 1233 humiditatent

2069 1277 2403 1331 exasperare
2429 1263 2647 1318 dolores
2678 1264 2745 1317 ad
2773 1263 3064 1333 quamdam
3094 1267 3385 1322 attinentes
3446 1269 3659 1338 passio-

2070 1369 2216 1414 nem,
2250 1369 2411 1424 quam
2448 1356 2663 1409 dulcem
2696 1364 2918 1409 vocant.
2963 1353 3093 1411 Scio
3122 1372 3343 1428 quoque
3402 1359 3654 1415 Salomo-

2072 1449 2158 1499 nis
2189 1447 2510 1516 sapientiam
2547 1447 2703 1511 bona
2732 1447 3013 1512 ferentem,
3060 1450 3154 1504 sed
3199 1451 3301 1504 alza
3339 1451 3556 1523 quidem
3601 1453 3661 1507 in

2071 1536 2293 1593 d.-xtera
2330 1554 2547 1608 magna,
2581 1541 2792 1593 diversa
2818 1556 2948 1594 vero
2991 1542 3242 1609 qumdain
3293 1545 3345 1597 in
3407 1545 3656 1600 sinistra.

2070 1627 2273 1684 Nolens
2299 1640 2478 1684 autem
2515 1631 2830 1700 hnjusmodi
2886 1640 3050 1701 caput
3099 1633 3305 1688 diutius
3348 1635 3657 1705 explorare,

2073 1719 2358 1789 hucusque
2391 1722 2529 1777 sisto
2560 1724 2798 1778 dextera:
2848 1726 3078 1779 amicam
3126 1727 3556 1795 inquisitionem,
3606 1739 3664 1784 et

2002 1788 2047 1849 Β
2077 1812 2142 1866 ad
2161 1788 2453 1881 sequentes
2476 1813 2790 1869 festivitatis
2825 1816 3091 1871 melodias
3113 1788 3300 1871 redeo.

2149 1902 2275 1958 254.
2317 1901 2437 1957 Jam
2472 1919 2600 1958 vero
2634 1904 2755 1958 dico
2779 1906 2923 1975 quod
2958 1909 2986 1958 6
3017 1906 3270 1976 κλισμὸς,
3318 1922 3480 1978 quem
3512 1910 3665 1965 tino-

2077 2010 2208 2049 num
2236 1995 2497 2060 diximus,
2533 1997 2586 2049 in
2615 1996 2968 2068 ἀνάκλιντρον
2988 1999 3191 2069 (torum
3225 2001 3663 2069 reclinatoriuin)

2078 2085 2249 2153 magis
2291 2086 2509 2154 proprie
2538 2086 2850 2155 exponitur,
2896 2091 3035 2156 quoi
3072 2087 3218 2143 venit
3252 2103 3285 2144 a
3330 2090 3492 2144 verbo
3524 2107 3661 2143 avar-

2078 2173 2310 2231 ιιλινειν.
2353 2173 2409 2230 Si
2447 2190 2576 2229 vero
2604 2175 2828 2230 veniens
2852 2178 2880 2228 6
2911 2175 3138 2246 κλισμὸς
3195 2192 3222 2230 a
3277 2181 3443 2232 verbo
3473 2180 3662 2243 κλίναι,

2081 2280 2208 2322 cum
2247 2282 2279 2318 σ
2328 2265 2633 2336 profertur,
2686 2268 3032 2335 cositandum
3084 2279 3166 2324 est
3219 2268 3365 2340 quod
3413 2271 3669 2327 similiter

2076 2372 2145 2415 ex
2177 2357 2397 2428 μολύνω
2424 2357 2484 2412 fit
2517 2358 2818 2427 μολυσμὸς.
2864 2358 2996 2413 Vide
3026 2366 3208 2414 autem
3238 2360 3408 2429 quod,
3442 2362 3488 2415 si
3552 2378 3667 2417 uie-

2075 2448 2235 2505 lodus
2265 2448 2320 2503 in
2351 2448 2510 2504 initio
2536 2450 2776 2519 stropha:
2813 2450 2988 2520 magis
3031 2450 3246 2517 poetice
3296 2451 3479 2505 dicere
3516 2451 3663 2506 ὕδειν

2075 2543 2299 2599 verbum
2367 2543 2584 2614 ὑμνεῖν,
2635 2543 2847 2614 selegit,
2903 2543 3037 2597 scite
3095 2542 3362 2615 judicavit
3409 2555 3665 2613 oportere

2075 2650 2294 2705 quoque
2317 2635 2454 2691 alias
2477 2635 2744 2692 dictiones
2770 2635 2826 2689 in
2861 2650 2924 2690 ea
2946 2650 3202 2704 spargere
3232 2650 3476 2705 poeticas
3504 2655 3519 2690 :
3543 2638 3666 2693 ideo

2076 2726 2380 2782 introduxit
2412 2727 2721 2794 huiusmodi
2764 2728 3134 2782 venerandum
3166 2744 3368 2782 nomen
3400 2730 3500 2798 τὴν
3561 2747 3664 2798 φυ-

2078 2819 2295 2882 σίζωον,
2321 2827 2379 2872 et
2408 2817 2482 2871 τὰ
2511 2818 2709 2882 ένδινα,
2747 2819 2897 2874 etab
2953 2818 3230 2873 ἀλθαίνειν
3263 2859 3279 2885 ,
3344 2835 3554 2876 necnon
3608 2829 3665 2877 et

2073 2910 2201 2973 τοὺς
2260 2910 2575 2980 κλισμούς,
2626 2914 2764 2966 bene
2819 2912 2999 2967 sciens
3049 2913 3324 2981 quomodo
3373 2916 3664 2967 conveniat

2074 3003 2458 3058 administrare
2494 3003 2729 3068 meloda,
2780 3012 2840 3057 ut
2867 3003 3254 3056 communibus
3277 3004 3497 3072 quidem
3561 3003 3666 3057 im-

2000 3129 2043 3186 ο
2077 3092 2327 3163 pleantur
2348 3093 2680 3159 communia,
2712 3109 2818 3147 non
2852 3102 3034 3148 autem
3058 3093 3254 3149 talibus
3277 3110 3400 3162 quae
3442 3096 3661 3150 diversa

2079 3185 2384 3251 requirunt.

2146 3276 2273 3332 255.
2334 3274 2643 3346 Ἱδρυμένος
2683 3283 2862 3331 autem
2906 3276 2997 3330 hic
3040 3276 3279 3331 sumitur
3308 3290 3408 3346 pro
3454 3278 3665 3348 simpli-

2075 3365 2211 3420 citer
2239 3367 2482 3421 sedente.
2515 3358 3083 3420 'l‘ransfertur‘autem
3131 3365 3303 3419 dictio
3355 3381 3421 3420 ex
3456 3368 3665 3422 nostris

2076 3461 2142 3515 ad
2174 3460 2364 3522 Deum,
2396 3460 2635 3515 admissa
2661 3460 2727 3513 ab
2760 3459 2874 3522 illo,
2908 3459 3052 3514 sicut
3074 3465 3131 3512 et
3182 3458 3288 3512 alia
3319 3474 3671 3528 quaecunque

2076 3567 2142 3608 ex
2176 3552 2379 3605 nostris
2410 3552 2511 3620 ipsi
2542 3552 2922 3620 applicantur;
2961 3557 3019 3603 ut
3049 3550 3249 3603 exinde
3281 3565 3501 3619 quoque
3542 3566 3661 3604 mo-

2078 3641 2265 3696 raliter
2295 3640 2576 3695 discamus
2606 3639 2768 3694 nobis
2813 3639 3168 3709 appropriare
3199 3654 3323 3707 quae
3351 3654 3481 3694 sunt
3509 3641 3665 3696 illius

2076 3749 2173 3804 per
2208 3733 2569 3788 imitationem
2609 3748 2675 3787 ac
2706 3732 2988 3802 pietatem,
3024 3734 3168 3788 sicut
3211 3734 3298 3788 iile
3333 3743 3519 3789 nostra
3554 3735 3660 3790 sibi

2076 3823 2293 3893 prOpria
2329 3822 2474 3876 facit.
2507 3820 2603 3903 ν.οι
2628 3832 2810 3878 autem
2855 3826 3170 3879 accuratius
3197 3822 3412 3893 loquar,
3446 3825 3492 3880 si
3525 3840 3663 3893 quo-

2077 3918 2219 3987 piam
2250 3917 2381 3970 alibi
2418 3902 2573 3970 sacra
2611 3915 2779 3970 dictio
2829 3925 2915 3969 est
2961 3915 3024 3967 1:6
3073 3914 3343 3986 ίδρύσθαι,
3391 3919 3466 3969 uti
3527 3931 3663 3984 pra:-

2076 4017 2435 4063 monstratum
2465 4018 2571 4072 est,
2609 4007 2698 4062 hic
2742 4007 2982 4062 maxime
3021 4023 3144 4062 cum
3196 4007 3502 4063 intentione
3534 4010 3661 4064 talis

2075 4111 2159 4157 est
2207 4116 2338 4170 erga
2393 4099 2487 4154 Dei
2541 4097 2767 4153 Filium.
2801 4098 3135 4153 Adverbium
3191 4106 3371 4154 autem
3412 4099 3505 4152 νῦν
3554 4114 3663 4155 non

2075 4195 2365 4249 sinendum
2404 4201 2491 4249 est
2543 4191 2786 4247 ordinari
2842 4206 2969 4246 cum
3015 4192 3185 4247 verbo
3235 4191 3544 4263 ἱδρυμένος,
3565 4194 3663 4249 sed

2077 4285 2514 4341 transferendum
2561 4284 2630 4339 ad
2674 4283 2738 4337 τὸ
2791 4284 3113 4351 πέπομφεν;
3166 4291 3224 4336 ut
3275 4298 3476 4337 sensus
3520 4285 3594 4339 sit
3646 4300 3667 4338 τ

2074 4370 2232 4434 Nunc
2267 4378 2415 4433 misit
2436 4377 2677 4446 Spiritus
2699 4376 2930 4447 gratiam
2964 4373 3218 4429 Salvator
3244 4375 3516 4441 Christus,
3555 4392 3673 4430 non

395 4481 508 4531 τος,
534 4468 637 4520 οὐκ
658 4465 875 4530 ῖδιάζων
897 4468 1088 4535 χωρὶς,
1114 4464 1251 4518 ἀλλὰ
1278 4462 1645 4532 συνεδριάζων
1661 4462 1738 4535 τῷ
1761 4463 1937 4534 Πατρί
1959 4478 1973 4494 ·

2082 4471 2371 4540 separatim
2437 4482 2645 4540 agens,
2704 4467 2799 4523 sed
2856 4466 3151 4523 considens
3200 4466 3371 4522 Patri.
3425 4466 3666 4523 Prorsus

396 4556 616 4619 πάντως
637 4556 694 4609 δὲ
716 4557 811 4609 νῦν
842 4556 1091 4627 πέμψας,
1120 4557 1208 4610 ὅτε
1235 4557 1331 4609 καὶ
1362 4554 1722 4625 ἑορτάζομεν,
1746 4555 1841 4607 καὶ
1871 4553 1979 4624 πρὸ

396 4648 589 4702 τούτου
638 4649 725 4701 ἀεὶ
759 4648 1024 4708 ὡσαύτως
1063 4647 1283 4717 ἔπεμπε
1331 4646 1431 4717 τὴν
1459 4646 1627 4716 αὐτὴν
1671 4644 1833 4716 χάριν
1863 4646 1979 4706 τοῖς

394 4738 574 4803 ἀξίοις
607 4738 779 4806 αὐτῆς
805 4753 819 4769 ·
865 4739 963 4791 καὶ
992 4736 1117 4792 οὐδὲ
1163 4741 1243 4801 είς
1274 4737 1336 4790 τὸ
1369 4736 1500 4806 ἑξῆς
1540 4734 1813 4789 παύσεταί
1845 4749 1979 4786 ποτε

396 4830 540 4885 οὕτω
586 4830 778 4896 ποιῶν,
814 4829 904 4884 ἵνα
947 4830 1316 4902 προσαρμόσει
1351 4829 1445 4881 καὶ
1484 4828 1552 4897 τῇ
1599 4825 1827 4895 τοιαύτη
1857 4823 1980 4895 θείᾳ

396 4922 576 4994 δωρεᾷ
602 4922 662 4977 τὸ
684 4921 805 4987 νῦν,
831 4925 925 4978 καὶ
953 4922 1062 4987 ἀεὶ,
1088 4922 1185 4974 καί
1210 4923 1293 4985 είς
1316 4919 1442 4981 τοὺς
1473 4919 1695 4982 αἰῶνας.

469 5011 611 5079 σλς·’.
654 5014 730 5066 Τὸ
775 5013 832 5066 δὲ
888 5015 1147 5084 πέπομφε
1202 5011 1531 5083 χαρακτῆρα
1584 5009 1700 5079 ἔχει
1757 5008 1980 5064 διπλοῦν

395 5105 674 5175 ὁριστικοῦ
711 5109 1143 5175 παρακειμένου,
1171 5102 1530 5176 ἐνεργητικοῦ
1563 5118 1624 5156 τε
1657 5100 1858 5172 δηλαδὴ
1886 5101 1978 5155 καὶ

401 5199 604 5267 μέσου·
632 5197 990 5267 ὲνεργητικοῦ
1031 5198 1131 5267 μὲν
1168 5197 1256 5251 διὰ
1282 5195 1344 5249 τὸ
1375 5198 1437 5263 φῖ
1464 5194 1525 5247 τὸ
1554 5195 1617 5247 ὲκ
1650 5193 1745 5245 τοῦ
1777 5192 1981 5261 πέμπω

398 5288 624 5359 πέμψω.
652 5290 712 5343 El
742 5290 871 5360 γὰρ,
896 5291 1084 5358 φασὶν,
1113 5291 1143 5343 6
1170 5287 1382 5358 μέλλων
1406 5287 1497 5341 διὰ
1518 5283 1615 5340 τοῦ
1640 5285 1722 5355 ψῖ,
1745 5286 1774 5338 6
1803 5303 1981 5357 παρα-

397 5381 649 5449 κείμενος
679 5381 767 5434 διὰ
794 5382 885 5435 τοῦ
916 5382 978 5449 φῖ
1001 5393 1015 5407 ’
1052 5380 1217 5450 μέσου
1245 5379 1302 5434 δὲ
1327 5378 1417 5432 διὰ
1446 5378 1507 5430 τὸ
1535 5382 1581 5430 o'
1606 5377 1670 5430 τὸ
1700 5376 1914 5447 μικρὸν,
1936 5371 1981 5446 ᾧ

402 5453 785 5542 παραλήγεται
811 5472 972 5542 μέσος
997 5472 1405 5543 παρακείμενος
1433 5488 1461 5523 ο
1489 5469 1630 5539 ἔχων
1662 5469 1980 5523 δισύλλαδον

402 5565 667 5634 μέλλοντα
689 5564 1150 5635 παραληγόμενον
1172 5563 1251 5630 τῷ
1272 5577 1300 5613 ε
1319 5576 1334 5591 ·
1364 5563 1413 5612 εί
1437 5561 1543 5630 γὰρ
1571 5562 1628 5613 ἐν
1652 5558 1978 5628 δισυλλάὸῳ,

400 5665 555 5728 φασ“·,
608 5660 859 5729 μέλλοντι
907 5660 970 5712 τὸ
1010 5676 1035 5712 ε
1089 5656 1309 5729 εὑρεθῇ,
1356 5656 1438 5718 εἰς
1491 5672 1519 5707 ο
1566 5654 1699 5707 αὐτὸ
1731 5656 1922 5723 τρέπει
1952 5655 1980 5707 6

401 5752 566 5822 μέσος
620 5752 1068 5823 παρακείμενος·
1121 5745 1234 5805 οἷον
1285 5746 1476 5818 σπερῶ
1529 5744 1776 5815 ἐσπορα·
1838 5747 1978 5800 κατὰ

2086 4570 2265 4617 autem
2299 4575 2466 4625 nunc,
2503 4560 2723 4630 quando
2752 4558 2951 4613 festum
2984 4558 3220 4628 agimus,
3257 4559 3426 4613 missa
3465 4562 3664 4629 gratia,

2086 4666 2301 4722 semper
2359 4652 2522 4707 etiam
2586 4659 2745 4705 antea
2806 4649 3061 4706 similiter
3119 4648 3367 4704 eamdem
3435 4651 3673 4721 gratiam

2084 4742 2427 4799 merentibus
2489 4742 2677 4809 misit;
2746 4756 2845 4797 nec
2921 4740 2976 4795 in
3041 4740 3288 4795 futurum
3360 4740 3443 4796 sic
3496 4756 3667 4810 agens

2086 4849 2328 4905 unquam
2376 4832 2631 4902 cessabit,
2675 4842 2735 4888 ut
2781 4831 3095 4903 huiusmodi
3146 4832 3345 4887 divinat
3388 4832 3674 4903 largitioni

2085 4928 2380 4982 conveniat
2406 4940 2550 4981 nunc
2576 4935 2630 4981 et
2658 4940 2874 4996 semper
2904 4935 2958 4981 et
2976 4925 3032 4981 in
3062 4926 3280 4981 saecula.

2155 5017 2284 5074 256.
2338 5017 2576 5073 Verbum
2630 5025 2814 5072 autem
2866 5016 3127 5087 πέπομφε
3175 5014 3453 5086 duplicem
3501 5014 3675 5072 habet

2088 5111 2460 5167 characterem
2503 5110 2782 5165 indicativi
2832 5109 3094 5180 perfecti;
3154 5108 3318 5164 activi
3360 5107 3570 5165 scilicet
3612 5120 3669 5161 et

2086 5199 2250 5255 medii
2285 5216 2300 5254 :
2329 5198 2490 5254 activi
2523 5198 2743 5269 quidem
2795 5213 2890 5269 per
2924 5196 2987 5252 τὸ
3017 5200 3100 5265 φῖ,
3140 5196 3285 5266 quod
3326 5204 3411 5253 est
3438 5211 3471 5253 ο
3501 5196 3675 5252 verbo

2089 5292 2293 5361 πέμπω
2350 5290 2583 5360 πέμψω;
2632 5290 2676 5345 si
2722 5290 2894 5357 enim,
2939 5289 3221 5356 inquiunt,
3259 5287 3503 5344 futurum
3552 5287 3670 5342 lor-

2087 5398 2265 5442 matnr
2297 5400 2393 5456 per
2424 5383 2506 5455 ψτ,
2537 5383 2835 5454 perfectum
2866 5398 2962 5453 per
2992 5385 3089 5451 φῖ;
3126 5382 3289 5437 medii
3320 5396 3470 5449 vero,
3518 5396 3616 5452 per
3639 5398 3676 5434 ο

2087 5478 2269 5542 breve,
2300 5475 2447 5546 quod
2495 5475 2549 5528 in
2593 5474 2891 5544 penultitna
2921 5483 3070 5529 tenet
3099 5470 3334 5530 medium
3363 5475 3668 5545 perfectum

2087 5565 2295 5621 habens
2328 5564 2652 5634 disyllabum
2708 5564 2953 5619 futurum
2997 5579 3121 5620 cum
3164 5565 3460 5632 penultima
3490 5581 3517 5616 ε
3552 5580 3566 5616 :
3616 5565 3667 5619 si

2085 5655 2256 5721 enim,
2300 5655 2477 5721 aiunt,
2516 5655 2572 5709 in
2626 5655 2898 5726 disyllabn
2937 5654 3120 5711 futuro
3150 5656 3328 5712 littera
3378 5672 3405 5708 ε
3445 5656 3665 5711 inventa

2087 5748 2271 5816 fuerit,
2301 5748 2474 5820 ipsam
2507 5747 2561 5802 in
2593 5765 2623 5801 ο
2665 5756 2839 5804 vertet
2868 5747 3104 5804 medium
3136 5747 3471 5818 perfectum;
3498 5745 3670 5803 veluti
