  <div class='ocr_page' id='page_1' title='image "/cluster/home/n/w/nwhite01/storage/ocr_20150623/136/coo.31924054870419/375.png"; bbox 0 0 4034 6448; ppageno 0'>
   <div class='ocr_carea' id='block_1_1' title="bbox 348 347 1946 430">
    <p class='ocr_par' dir='ltr' id='par_1_1' title="bbox 348 350 1946 430">
     <span class='ocr_line' id='line_1_1' title="bbox 348 350 1946 430; baseline -0.009 0"><span class='ocrx_word' id='word_1_1' title='bbox 348 365 452 430; x_wconf 77' lang='lat'>739</span> <span class='ocrx_word' id='word_1_2' title='bbox 1089 360 1512 425; x_wconf 82' lang='lat' dir='ltr'>EUSTATHII</span> <span class='ocrx_word' id='word_1_3' title='bbox 1569 359 1673 420; x_wconf 80' lang='grc' dir='ltr'>ΤΗ</span> <span class='ocrx_word' id='word_1_4' title='bbox 1684 358 1862 420; x_wconf 75' lang='lat' dir='ltr'>ESSA</span> <span class='ocrx_word' id='word_1_5' title='bbox 1875 350 1946 416; x_wconf 78' lang='lat' dir='ltr'>LC</span> 
     </span>
    </p>
   </div>
   <div class='ocr_carea' id='block_1_2' title="bbox 2048 347 3617 430">
    <p class='ocr_par' dir='ltr' id='par_1_2' title="bbox 2048 347 3617 419">
     <span class='ocr_line' id='line_1_2' title="bbox 2048 347 3617 419; baseline -0.001 -4"><span class='ocrx_word' id='word_1_6' title='bbox 2048 352 2329 419; x_wconf 26' lang='lat' dir='ltr'>,CENSIS</span> <span class='ocrx_word' id='word_1_7' title='bbox 2370 351 2927 416; x_wconf 69' lang='grc' dir='ltr'>ΜΕΤΒΟΡΟΙΛΤᾹΞ</span> <span class='ocrx_word' id='word_1_8' title='bbox 3509 347 3617 414; x_wconf 78' lang='grc' dir='ltr'>’Ζίο</span> 
     </span>
    </p>
   </div>
   <div class='ocr_carea' id='block_1_3' title="bbox 351 460 1946 547">
    <p class='ocr_par' dir='ltr' id='par_1_3' title="bbox 351 470 1925 547">
     <span class='ocr_line' id='line_1_3' title="bbox 351 470 1925 547; baseline -0.006 -16"><span class='ocrx_word' id='word_1_9' title='bbox 351 477 543 547; x_wconf 81' lang='grc' dir='ltr'>σπερῶ</span> <span class='ocrx_word' id='word_1_10' title='bbox 583 474 815 547; x_wconf 78' lang='grc' dir='ltr'>έσπορα.</span> <span class='ocrx_word' id='word_1_11' title='bbox 870 474 1179 531; x_wconf 87' lang='lat' dir='ltr'><strong>Secundum</strong></span> <span class='ocrx_word' id='word_1_12' title='bbox 1215 474 1380 544; x_wconf 80' lang='lat' dir='ltr'><strong>igitur</strong></span> <span class='ocrx_word' id='word_1_13' title='bbox 1427 472 1565 528; x_wconf 88' lang='lat' dir='ltr'><strong>duas</strong></span> <span class='ocrx_word' id='word_1_14' title='bbox 1610 470 1925 541; x_wconf 86' lang='lat' dir='ltr'><strong>hujusmodi</strong></span> 
     </span>
    </p>
   </div>
   <div class='ocr_carea' id='block_1_4' title="bbox 2048 460 3619 547">
    <p class='ocr_par' dir='ltr' id='par_1_4' title="bbox 2048 460 3619 536">
     <span class='ocr_line' id='line_1_4' title="bbox 2048 460 3619 536; baseline -0.004 -15"><span class='ocrx_word' id='word_1_15' title='bbox 2048 466 2161 536; x_wconf 76' lang='grc' dir='ltr'>(οὖν</span> <span class='ocrx_word' id='word_1_16' title='bbox 2188 468 2315 529; x_wconf 79' lang='grc' dir='ltr'>τοὺς</span> <span class='ocrx_word' id='word_1_17' title='bbox 2345 484 2619 530; x_wconf 83' lang='grc' dir='ltr'>τοιουτους</span> <span class='ocrx_word' id='word_1_18' title='bbox 2650 466 2742 520; x_wconf 84' lang='grc' dir='ltr'>δύο</span> <span class='ocrx_word' id='word_1_19' title='bbox 2766 466 3002 523; x_wconf 70' lang='grc' dir='ltr'>κανόνας</span> <span class='ocrx_word' id='word_1_20' title='bbox 3027 460 3319 533; x_wconf 81' lang='grc' dir='ltr'>δριστικῶν</span> <span class='ocrx_word' id='word_1_21' title='bbox 3347 477 3619 531; x_wconf 85' lang='grc' dir='ltr'>παρακει-</span> 
     </span>
    </p>
   </div>
   <div class='ocr_carea' id='block_1_5' title="bbox 350 546 1946 639">
    <p class='ocr_par' dir='ltr' id='par_1_5' title="bbox 350 564 1931 639">
     <span class='ocr_line' id='line_1_5' title="bbox 350 564 1931 639; baseline -0.004 -16"><span class='ocrx_word' id='word_1_22' title='bbox 350 571 593 639; x_wconf 77' lang='lat' dir='ltr'><strong>regulas,</strong></span> <span class='ocrx_word' id='word_1_23' title='bbox 636 585 759 624; x_wconf 85' lang='lat' dir='ltr'><strong>cum</strong></span> <span class='ocrx_word' id='word_1_24' title='bbox 811 568 920 623; x_wconf 90' lang='lat' dir='ltr'>duo</span> <span class='ocrx_word' id='word_1_25' title='bbox 968 568 1081 623; x_wconf 89' lang='lat' dir='ltr'><strong>sint</strong></span> <span class='ocrx_word' id='word_1_26' title='bbox 1118 583 1181 622; x_wconf 80' lang='lat' dir='ltr'><strong>ex</strong></span> <span class='ocrx_word' id='word_1_27' title='bbox 1234 566 1466 635; x_wconf 86' lang='grc' dir='ltr'>πέμπω,</span> <span class='ocrx_word' id='word_1_28' title='bbox 1503 564 1779 620; x_wconf 83' lang='lat' dir='ltr'><strong>indicativi</strong></span> <span class='ocrx_word' id='word_1_29' title='bbox 1813 578 1931 632; x_wconf 88' lang='lat' dir='ltr'><strong>per-</strong></span> 
     </span>
    </p>
   </div>
   <div class='ocr_carea' id='block_1_6' title="bbox 2048 546 3622 639">
    <p class='ocr_par' dir='ltr' id='par_1_6' title="bbox 2048 546 3622 629">
     <span class='ocr_line' id='line_1_6' title="bbox 2048 546 3622 629; baseline -0.003 -17"><span class='ocrx_word' id='word_1_30' title='bbox 2048 560 2217 628; x_wconf 69' lang='grc' dir='ltr'>μένων</span> <span class='ocrx_word' id='word_1_31' title='bbox 2265 559 2361 613; x_wconf 88' lang='grc' dir='ltr'>δύο</span> <span class='ocrx_word' id='word_1_32' title='bbox 2412 558 2721 629; x_wconf 83' lang='grc' dir='ltr'>γενομένων</span> <span class='ocrx_word' id='word_1_33' title='bbox 2765 557 2831 611; x_wconf 85' lang='grc' dir='ltr'>ἐκ</span> <span class='ocrx_word' id='word_1_34' title='bbox 2870 553 2965 610; x_wconf 78' lang='grc' dir='ltr'>τοῦ</span> <span class='ocrx_word' id='word_1_35' title='bbox 3021 553 3264 624; x_wconf 72' lang='grc' dir='ltr'>πέμπω*</span> <span class='ocrx_word' id='word_1_36' title='bbox 3317 546 3395 610; x_wconf 77' lang='grc' dir='ltr'><strong>ὧν</strong></span> <span class='ocrx_word' id='word_1_37' title='bbox 3441 553 3471 606; x_wconf 85' lang='grc' dir='ltr'>δ</span> <span class='ocrx_word' id='word_1_38' title='bbox 3518 553 3622 624; x_wconf 77' lang='grc' dir='ltr'>μὲν</span> 
     </span>
    </p>
   </div>
   <div class='ocr_carea' id='block_1_7' title="bbox 353 644 1946 731">
    <p class='ocr_par' dir='ltr' id='par_1_7' title="bbox 353 655 1931 731">
     <span class='ocr_line' id='line_1_7' title="bbox 353 655 1931 731; baseline -0.006 -15"><span class='ocrx_word' id='word_1_39' title='bbox 353 662 526 727; x_wconf 80' lang='lat' dir='ltr'><strong>fecla,</strong></span> <span class='ocrx_word' id='word_1_40' title='bbox 556 676 790 731; x_wconf 85' lang='lat' dir='ltr'><strong>quorum</strong></span> <span class='ocrx_word' id='word_1_41' title='bbox 839 662 1070 731; x_wconf 90' lang='lat' dir='ltr'><strong>primum</strong></span> <span class='ocrx_word' id='word_1_42' title='bbox 1104 658 1348 728; x_wconf 89' lang='lat' dir='ltr'><strong>quidem,</strong></span> <span class='ocrx_word' id='word_1_43' title='bbox 1402 657 1659 723; x_wconf 89' lang='lat' dir='ltr'><strong>activum,</strong></span> <span class='ocrx_word' id='word_1_44' title='bbox 1716 663 1802 710; x_wconf 86' lang='lat' dir='ltr'>est</span> <span class='ocrx_word' id='word_1_45' title='bbox 1836 655 1931 708; x_wconf 81' lang='grc' dir='ltr'>πέ-</span> 
     </span>
    </p>
   </div>
   <div class='ocr_carea' id='block_1_8' title="bbox 2048 644 3622 731">
    <p class='ocr_par' dir='ltr' id='par_1_8' title="bbox 2048 644 3622 725">
     <span class='ocr_line' id='line_1_8' title="bbox 2048 644 3622 725; baseline -0.004 -18"><span class='ocrx_word' id='word_1_46' title='bbox 2048 655 2253 725; x_wconf 74' lang='grc' dir='ltr'>πρῶτος</span> <span class='ocrx_word' id='word_1_47' title='bbox 2288 656 2384 709; x_wconf 80' lang='grc' dir='ltr'>καὶ</span> <span class='ocrx_word' id='word_1_48' title='bbox 2415 655 2771 725; x_wconf 61' lang='grc' dir='ltr'>ἐνεργητικὸς</span> <span class='ocrx_word' id='word_1_49' title='bbox 2821 652 3093 721; x_wconf 71' lang='grc' dir='ltr'>πέπεμφα</span> <span class='ocrx_word' id='word_1_50' title='bbox 3141 649 3230 703; x_wconf 74' lang='grc' dir='ltr'>διὰ</span> <span class='ocrx_word' id='word_1_51' title='bbox 3277 644 3372 702; x_wconf 75' lang='grc' dir='ltr'>τοῦ</span> <span class='ocrx_word' id='word_1_52' title='bbox 3413 664 3463 714; x_wconf 87' lang='grc' dir='ltr'>ε,</span> <span class='ocrx_word' id='word_1_53' title='bbox 3506 651 3534 702; x_wconf 85' lang='grc' dir='ltr'>ὁ</span> <span class='ocrx_word' id='word_1_54' title='bbox 3563 647 3622 701; x_wconf 62' lang='grc' dir='ltr'>δὲ</span> 
     </span>
    </p>
   </div>
   <div class='ocr_carea' id='block_1_9' title="bbox 351 744 3623 824">
    <p class='ocr_par' dir='ltr' id='par_1_9' title="bbox 351 744 3623 824">
     <span class='ocr_line' id='line_1_9' title="bbox 351 744 3623 824; baseline -0.005 -16"><span class='ocrx_word' id='word_1_55' title='bbox 351 771 547 823; x_wconf 86' lang='grc' dir='ltr'>πεμφα</span> <span class='ocrx_word' id='word_1_56' title='bbox 602 768 700 822; x_wconf 91' lang='lat' dir='ltr'>per</span> <span class='ocrx_word' id='word_1_57' title='bbox 752 770 778 805; x_wconf 86' lang='grc' dir='ltr'>ε</span> <span class='ocrx_word' id='word_1_58' title='bbox 807 794 822 819; x_wconf 90' lang='grc'>,</span> <span class='ocrx_word' id='word_1_59' title='bbox 882 753 1119 807; x_wconf 91' lang='lat' dir='ltr'><strong>medium</strong></span> <span class='ocrx_word' id='word_1_60' title='bbox 1178 763 1359 805; x_wconf 88' lang='lat' dir='ltr'><strong>autem</strong></span> <span class='ocrx_word' id='word_1_61' title='bbox 1421 750 1689 821; x_wconf 82' lang='grc' dir='ltr'>πέπομφα</span> <span class='ocrx_word' id='word_1_62' title='bbox 1737 763 1830 818; x_wconf 86' lang='lat' dir='ltr'>per</span> <span class='ocrx_word' id='word_1_63' title='bbox 1868 765 1931 812; x_wconf 76' lang='grc' dir='ltr'>ος</span> <span class='ocrx_word' id='word_1_64' title='bbox 2039 748 2203 818; x_wconf 79' lang='grc' dir='ltr'>μέσος</span> <span class='ocrx_word' id='word_1_65' title='bbox 2234 750 2501 818; x_wconf 75' lang='grc' dir='ltr'>πέπομφα</span> <span class='ocrx_word' id='word_1_66' title='bbox 2548 748 2636 800; x_wconf 81' lang='grc' dir='ltr'>διὰ</span> <span class='ocrx_word' id='word_1_67' title='bbox 2683 746 2775 800; x_wconf 85' lang='grc' dir='ltr'>τοῦ</span> <span class='ocrx_word' id='word_1_68' title='bbox 2806 761 2873 824; x_wconf 76' lang='grc' dir='ltr'>ο·</span> <span class='ocrx_word' id='word_1_69' title='bbox 2925 745 3035 815; x_wconf 85' lang='grc' dir='ltr'>ἄρα</span> <span class='ocrx_word' id='word_1_70' title='bbox 3079 745 3107 798; x_wconf 83' lang='grc' dir='ltr'>ὁ</span> <span class='ocrx_word' id='word_1_71' title='bbox 3142 744 3411 811; x_wconf 76' lang='grc' dir='ltr'>πέπομφα</span> <span class='ocrx_word' id='word_1_72' title='bbox 3446 756 3623 809; x_wconf 90' lang='grc' dir='ltr'>παρα-</span> 
     </span>
    </p>
   </div>
   <div class='ocr_carea' id='block_1_10' title="bbox 353 831 1946 915">
    <p class='ocr_par' dir='ltr' id='par_1_10' title="bbox 353 840 1935 915">
     <span class='ocr_line' id='line_1_10' title="bbox 353 840 1935 915; baseline -0.003 -18"><span class='ocrx_word' id='word_1_73' title='bbox 353 845 654 915; x_wconf 76' lang='lat' dir='ltr'><strong>perfectum</strong></span> <span class='ocrx_word' id='word_1_74' title='bbox 691 844 857 914; x_wconf 90' lang='lat' dir='ltr'><strong>igitur</strong></span> <span class='ocrx_word' id='word_1_75' title='bbox 896 845 1164 912; x_wconf 76' lang='grc' dir='ltr'>πέπομφα</span> <span class='ocrx_word' id='word_1_76' title='bbox 1196 841 1570 896; x_wconf 74' lang='lat' dir='ltr'>characterem</span> <span class='ocrx_word' id='word_1_77' title='bbox 1606 840 1771 893; x_wconf 92' lang='lat' dir='ltr'><strong>habet</strong></span> <span class='ocrx_word' id='word_1_78' title='bbox 1799 840 1935 894; x_wconf 80' lang='lat' dir='ltr'><strong>duo-</strong></span> 
     </span>
    </p>
   </div>
   <div class='ocr_carea' id='block_1_11' title="bbox 2048 831 3621 915">
    <p class='ocr_par' dir='ltr' id='par_1_11' title="bbox 2048 831 3621 910">
     <span class='ocr_line' id='line_1_11' title="bbox 2048 831 3621 910; baseline -0.005 -17"><span class='ocrx_word' id='word_1_79' title='bbox 2048 842 2294 910; x_wconf 74' lang='grc' dir='ltr'>κείμενος</span> <span class='ocrx_word' id='word_1_80' title='bbox 2330 840 2422 893; x_wconf 74' lang='grc' dir='ltr'>τὸν</span> <span class='ocrx_word' id='word_1_81' title='bbox 2441 841 2770 910; x_wconf 81' lang='grc' dir='ltr'>χαρακτῆρα</span> <span class='ocrx_word' id='word_1_82' title='bbox 2824 837 2938 907; x_wconf 80' lang='grc' dir='ltr'>ἔχει</span> <span class='ocrx_word' id='word_1_83' title='bbox 2971 836 3080 889; x_wconf 85' lang='grc' dir='ltr'>τῶν</span> <span class='ocrx_word' id='word_1_84' title='bbox 3111 834 3228 901; x_wconf 87' lang='grc' dir='ltr'>δύο,</span> <span class='ocrx_word' id='word_1_85' title='bbox 3263 838 3355 887; x_wconf 76' lang='grc' dir='ltr'>τὸν</span> <span class='ocrx_word' id='word_1_86' title='bbox 3403 835 3502 905; x_wconf 89' lang='grc' dir='ltr'>μέν</span> <span class='ocrx_word' id='word_1_87' title='bbox 3524 831 3621 886; x_wconf 82' lang='grc' dir='ltr'>τοῦ</span> 
     </span>
    </p>
   </div>
   <div class='ocr_carea' id='block_1_12' title="bbox 353 926 1946 1006">
    <p class='ocr_par' dir='ltr' id='par_1_12' title="bbox 353 933 1933 1006">
     <span class='ocr_line' id='line_1_12' title="bbox 353 933 1933 1006; baseline -0.006 -13"><span class='ocrx_word' id='word_1_88' title='bbox 353 955 496 1005; x_wconf 90' lang='lat' dir='ltr'><strong>rum,</strong></span> <span class='ocrx_word' id='word_1_89' title='bbox 527 937 689 992; x_wconf 83' lang='lat' dir='ltr'><strong>activi</strong></span> <span class='ocrx_word' id='word_1_90' title='bbox 716 936 933 1006; x_wconf 78' lang='lat' dir='ltr'>quidem</span> <span class='ocrx_word' id='word_1_91' title='bbox 977 950 1073 1003; x_wconf 90' lang='lat' dir='ltr'>per</span> <span class='ocrx_word' id='word_1_92' title='bbox 1102 935 1184 1003; x_wconf 82' lang='grc' dir='ltr'>φῖ,</span> <span class='ocrx_word' id='word_1_93' title='bbox 1212 933 1374 987; x_wconf 83' lang='lat' dir='ltr'><strong>medii</strong></span> <span class='ocrx_word' id='word_1_94' title='bbox 1405 947 1533 987; x_wconf 89' lang='lat' dir='ltr'><strong>vero</strong></span> <span class='ocrx_word' id='word_1_95' title='bbox 1559 946 1654 1002; x_wconf 88' lang='lat' dir='ltr'>per</span> <span class='ocrx_word' id='word_1_96' title='bbox 1687 948 1716 984; x_wconf 93' lang='grc' dir='ltr'>ο</span> <span class='ocrx_word' id='word_1_97' title='bbox 1751 933 1933 985; x_wconf 83' lang='lat' dir='ltr'>breve.</span> 
     </span>
    </p>
   </div>
   <div class='ocr_carea' id='block_1_13' title="bbox 2048 926 3625 1006">
    <p class='ocr_par' dir='ltr' id='par_1_13' title="bbox 2048 926 3625 1004">
     <span class='ocr_line' id='line_1_13' title="bbox 2048 926 3625 1004; baseline -0.004 -18"><span class='ocrx_word' id='word_1_98' title='bbox 2048 931 2389 1004; x_wconf 64' lang='grc' dir='ltr'>ἐνεργητικοῦ</span> <span class='ocrx_word' id='word_1_99' title='bbox 2432 933 2520 986; x_wconf 79' lang='grc' dir='ltr'>διὰ</span> <span class='ocrx_word' id='word_1_100' title='bbox 2571 933 2632 986; x_wconf 76' lang='grc' dir='ltr'>τδ</span> <span class='ocrx_word' id='word_1_101' title='bbox 2678 933 2759 1001; x_wconf 83' lang='grc' dir='ltr'>φῖ,</span> <span class='ocrx_word' id='word_1_102' title='bbox 2815 932 2905 984; x_wconf 71' lang='grc' dir='ltr'>τὸν</span> <span class='ocrx_word' id='word_1_103' title='bbox 2945 929 3001 982; x_wconf 77' lang='grc' dir='ltr'>δὲ</span> <span class='ocrx_word' id='word_1_104' title='bbox 3030 927 3123 981; x_wconf 80' lang='grc' dir='ltr'>τοῦ</span> <span class='ocrx_word' id='word_1_105' title='bbox 3169 928 3335 995; x_wconf 81' lang='grc' dir='ltr'>μέσου</span> <span class='ocrx_word' id='word_1_106' title='bbox 3374 926 3463 982; x_wconf 84' lang='grc' dir='ltr'>διὰ</span> <span class='ocrx_word' id='word_1_107' title='bbox 3504 927 3565 980; x_wconf 85' lang='grc' dir='ltr'>τδ</span> <span class='ocrx_word' id='word_1_108' title='bbox 3596 943 3625 979; x_wconf 89' lang='grc' dir='ltr'>ο</span> 
     </span>
    </p>
   </div>
   <div class='ocr_carea' id='block_1_14' title="bbox 353 1020 1946 1097">
    <p class='ocr_par' dir='ltr' id='par_1_14' title="bbox 353 1022 1936 1095">
     <span class='ocr_line' id='line_1_14' title="bbox 353 1022 1936 1095; baseline -0.004 -11"><span class='ocrx_word' id='word_1_109' title='bbox 353 1031 482 1084; x_wconf 83' lang='lat' dir='ltr'>Tale</span> <span class='ocrx_word' id='word_1_110' title='bbox 510 1043 690 1083; x_wconf 89' lang='lat' dir='ltr'><strong>autem</strong></span> <span class='ocrx_word' id='word_1_111' title='bbox 724 1036 807 1083; x_wconf 80' lang='lat' dir='ltr'>est</span> <span class='ocrx_word' id='word_1_112' title='bbox 835 1026 1081 1095; x_wconf 83' lang='grc' dir='ltr'>κέκλοφα</span> <span class='ocrx_word' id='word_1_113' title='bbox 1104 1041 1171 1080; x_wconf 82' lang='lat' dir='ltr'><strong>ex</strong></span> <span class='ocrx_word' id='word_1_114' title='bbox 1200 1034 1467 1095; x_wconf 68' lang='lat' dir='ltr'><strong>prazsente</strong></span> <span class='ocrx_word' id='word_1_115' title='bbox 1498 1023 1744 1085; x_wconf 79' lang='grc' dir='ltr'>κλέπτω,</span> <span class='ocrx_word' id='word_1_116' title='bbox 1776 1022 1936 1090; x_wconf 88' lang='lat' dir='ltr'>cujus</span> 
     </span>
    </p>
   </div>
   <div class='ocr_carea' id='block_1_15' title="bbox 2048 1020 3625 1097">
    <p class='ocr_par' dir='ltr' id='par_1_15' title="bbox 2048 1020 3625 1097">
     <span class='ocr_line' id='line_1_15' title="bbox 2048 1020 3625 1097; baseline -0.004 -18"><span class='ocrx_word' id='word_1_117' title='bbox 2048 1026 2259 1097; x_wconf 69' lang='grc' dir='ltr'>μικρὸν.</span> <span class='ocrx_word' id='word_1_118' title='bbox 2294 1026 2548 1079; x_wconf 82' lang='grc' dir='ltr'>Τοιοῦτον</span> <span class='ocrx_word' id='word_1_119' title='bbox 2578 1025 2635 1078; x_wconf 82' lang='grc' dir='ltr'>δέ</span> <span class='ocrx_word' id='word_1_120' title='bbox 2665 1025 2763 1078; x_wconf 75' lang='grc' dir='ltr'>καὶ</span> <span class='ocrx_word' id='word_1_121' title='bbox 2788 1024 2851 1077; x_wconf 76' lang='grc' dir='ltr'>τὸ</span> <span class='ocrx_word' id='word_1_122' title='bbox 2890 1022 3131 1092; x_wconf 86' lang='grc' dir='ltr'>κέκλοφα</span> <span class='ocrx_word' id='word_1_123' title='bbox 3181 1022 3245 1075; x_wconf 76' lang='grc' dir='ltr'>ἐκ</span> <span class='ocrx_word' id='word_1_124' title='bbox 3276 1020 3372 1073; x_wconf 77' lang='grc' dir='ltr'>τοῦ</span> <span class='ocrx_word' id='word_1_125' title='bbox 3401 1031 3625 1074; x_wconf 64' lang='grc' dir='ltr'>κλέπτω</span> 
     </span>
    </p>
   </div>
   <div class='ocr_carea' id='block_1_16' title="bbox 353 1112 1946 1184">
    <p class='ocr_par' dir='ltr' id='par_1_16' title="bbox 353 1114 1936 1184">
     <span class='ocr_line' id='line_1_16' title="bbox 353 1114 1936 1184; baseline -0.006 -10"><span class='ocrx_word' id='word_1_126' title='bbox 353 1123 542 1183; x_wconf 85' lang='lat' dir='ltr'><strong>etiam,</strong></span> <span class='ocrx_word' id='word_1_127' title='bbox 588 1133 711 1173; x_wconf 90' lang='lat' dir='ltr'>cum</span> <span class='ocrx_word' id='word_1_128' title='bbox 746 1116 1071 1171; x_wconf 78' lang='lat' dir='ltr'><strong>naturaliter</strong></span> <span class='ocrx_word' id='word_1_129' title='bbox 1104 1115 1213 1170; x_wconf 94' lang='lat' dir='ltr'>duo</span> <span class='ocrx_word' id='word_1_130' title='bbox 1247 1116 1358 1170; x_wconf 91' lang='lat' dir='ltr'><strong>sint</strong></span> <span class='ocrx_word' id='word_1_131' title='bbox 1405 1115 1667 1184; x_wconf 80' lang='lat' dir='ltr'><strong>perfecta,</strong></span> <span class='ocrx_word' id='word_1_132' title='bbox 1695 1114 1936 1167; x_wconf 89' lang='lat' dir='ltr'><strong>activum</strong></span> 
     </span>
    </p>
   </div>
   <div class='ocr_carea' id='block_1_17' title="bbox 2048 1112 3627 1184">
    <p class='ocr_par' dir='ltr' id='par_1_17' title="bbox 2048 1112 3627 1183">
     <span class='ocr_line' id='line_1_17' title="bbox 2048 1112 3627 1183; baseline -0.004 -15"><span class='ocrx_word' id='word_1_133' title='bbox 2048 1117 2355 1181; x_wconf 61' lang='grc' dir='ltr'>ἐνεστῶτος,</span> <span class='ocrx_word' id='word_1_134' title='bbox 2406 1112 2466 1170; x_wconf 70' lang='grc' dir='ltr'>οὗ</span> <span class='ocrx_word' id='word_1_135' title='bbox 2504 1116 2600 1170; x_wconf 71' lang='grc' dir='ltr'>καλ⁵</span> <span class='ocrx_word' id='word_1_136' title='bbox 2633 1115 2802 1170; x_wconf 83' lang='grc' dir='ltr'>αὐτοῦ</span> <span class='ocrx_word' id='word_1_137' title='bbox 2847 1113 2942 1167; x_wconf 87' lang='grc' dir='ltr'>δύο</span> <span class='ocrx_word' id='word_1_138' title='bbox 2998 1115 3163 1183; x_wconf 87' lang='grc' dir='ltr'>φύσει</span> <span class='ocrx_word' id='word_1_139' title='bbox 3194 1113 3627 1183; x_wconf 66' lang='grc' dir='ltr'>παρακειμένων</span> 
     </span>
    </p>
   </div>
   <div class='ocr_carea' id='block_1_18' title="bbox 354 1202 1939 1277">
    <p class='ocr_par' dir='ltr' id='par_1_18' title="bbox 354 1202 1939 1277">
     <span class='ocr_line' id='line_1_18' title="bbox 354 1202 1939 1277; baseline -0.006 -14"><span class='ocrx_word' id='word_1_140' title='bbox 354 1211 616 1277; x_wconf 80' lang='grc' dir='ltr'>κέκλοφα,</span> <span class='ocrx_word' id='word_1_141' title='bbox 669 1218 722 1263; x_wconf 89' lang='lat' dir='ltr'>et</span> <span class='ocrx_word' id='word_1_142' title='bbox 768 1207 1007 1261; x_wconf 91' lang='lat' dir='ltr'><strong>medium</strong></span> <span class='ocrx_word' id='word_1_143' title='bbox 1063 1204 1327 1271; x_wconf 85' lang='grc' dir='ltr'>κέκλοπα,</span> <span class='ocrx_word' id='word_1_144' title='bbox 1374 1203 1537 1259; x_wconf 80' lang='lat' dir='ltr'><strong>activi</strong></span> <span class='ocrx_word' id='word_1_145' title='bbox 1576 1202 1800 1272; x_wconf 84' lang='lat' dir='ltr'><strong>quidem</strong></span> <span class='ocrx_word' id='word_1_146' title='bbox 1853 1210 1939 1256; x_wconf 92' lang='lat' dir='ltr'>est</span> 
     </span>
    </p>
   </div>
   <div class='ocr_carea' id='block_1_19' title="bbox 352 1286 1940 1369">
    <p class='ocr_par' dir='ltr' id='par_1_19' title="bbox 352 1286 1940 1369">
     <span class='ocr_line' id='line_1_19' title="bbox 352 1286 1940 1369; baseline -0.003 -16"><span class='ocrx_word' id='word_1_147' title='bbox 352 1302 414 1354; x_wconf 82' lang='grc' dir='ltr'>τὸ</span> <span class='ocrx_word' id='word_1_148' title='bbox 438 1305 520 1369; x_wconf 82' lang='grc' dir='ltr'>φῖ,</span> <span class='ocrx_word' id='word_1_149' title='bbox 556 1300 719 1355; x_wconf 86' lang='lat' dir='ltr'><strong>medii</strong></span> <span class='ocrx_word' id='word_1_150' title='bbox 768 1307 952 1353; x_wconf 89' lang='lat' dir='ltr'><strong>autem</strong></span> <span class='ocrx_word' id='word_1_151' title='bbox 981 1297 1042 1349; x_wconf 77' lang='grc' dir='ltr'>τὸ</span> <span class='ocrx_word' id='word_1_152' title='bbox 1081 1314 1133 1350; x_wconf 90' lang='lat' dir='ltr'><strong>o.</strong></span> <span class='ocrx_word' id='word_1_153' title='bbox 1167 1294 1265 1351; x_wconf 81' lang='lat' dir='ltr'>His</span> <span class='ocrx_word' id='word_1_154' title='bbox 1292 1286 1472 1351; x_wconf 85' lang='lat' dir='ltr'><strong>autem</strong></span> <span class='ocrx_word' id='word_1_155' title='bbox 1500 1309 1722 1363; x_wconf 82' lang='lat' dir='ltr'>prorsus</span> <span class='ocrx_word' id='word_1_156' title='bbox 1760 1294 1940 1349; x_wconf 87' lang='lat' dir='ltr'><strong>simile</strong></span> 
     </span>
    </p>
   </div>
   <div class='ocr_carea' id='block_1_20' title="bbox 354 1386 1936 1461">
    <p class='ocr_par' dir='ltr' id='par_1_20' title="bbox 354 1386 1936 1461">
     <span class='ocr_line' id='line_1_20' title="bbox 354 1386 1936 1461; baseline -0.004 -14"><span class='ocrx_word' id='word_1_157' title='bbox 354 1402 439 1447; x_wconf 85' lang='lat' dir='ltr'>est</span> <span class='ocrx_word' id='word_1_158' title='bbox 463 1392 627 1446; x_wconf 87' lang='lat' dir='ltr'><strong>etiam</strong></span> <span class='ocrx_word' id='word_1_159' title='bbox 659 1391 946 1461; x_wconf 86' lang='grc' dir='ltr'>τέτροφεν.</span> <span class='ocrx_word' id='word_1_160' title='bbox 982 1389 1038 1443; x_wconf 91' lang='lat' dir='ltr'><strong>In</strong></span> <span class='ocrx_word' id='word_1_161' title='bbox 1076 1388 1183 1443; x_wconf 86' lang='lat' dir='ltr'><strong>alio</strong></span> <span class='ocrx_word' id='word_1_162' title='bbox 1213 1397 1395 1443; x_wconf 88' lang='lat' dir='ltr'><strong>autem</strong></span> <span class='ocrx_word' id='word_1_163' title='bbox 1424 1388 1620 1441; x_wconf 86' lang='lat' dir='ltr'><strong>ordine</strong></span> <span class='ocrx_word' id='word_1_164' title='bbox 1643 1386 1936 1443; x_wconf 82' lang='lat' dir='ltr'>verborum</span> 
     </span>
    </p>
   </div>
   <div class='ocr_carea' id='block_1_21' title="bbox 358 1479 1940 1555">
    <p class='ocr_par' dir='ltr' id='par_1_21' title="bbox 358 1479 1940 1555">
     <span class='ocr_line' id='line_1_21' title="bbox 358 1479 1940 1555; baseline -0.004 -17"><span class='ocrx_word' id='word_1_165' title='bbox 358 1484 588 1538; x_wconf 87' lang='lat' dir='ltr'><strong>habetur</strong></span> <span class='ocrx_word' id='word_1_166' title='bbox 613 1497 834 1555; x_wconf 82' lang='lat' dir='ltr'><strong>quoque</strong></span> <span class='ocrx_word' id='word_1_167' title='bbox 858 1482 1005 1544; x_wconf 81' lang='grc' dir='ltr'>εἰκὸς</span> <span class='ocrx_word' id='word_1_168' title='bbox 1040 1481 1222 1535; x_wconf 85' lang='lat' dir='ltr'><strong>Ionice</strong></span> <span class='ocrx_word' id='word_1_169' title='bbox 1256 1490 1311 1534; x_wconf 91' lang='lat' dir='ltr'>et</span> <span class='ocrx_word' id='word_1_170' title='bbox 1341 1481 1520 1536; x_wconf 86' lang='lat' dir='ltr'><strong>Attice</strong></span> <span class='ocrx_word' id='word_1_171' title='bbox 1543 1479 1741 1543; x_wconf 67' lang='grc' dir='ltr'>ἔοικεν,</span> <span class='ocrx_word' id='word_1_172' title='bbox 1778 1489 1940 1545; x_wconf 84' lang='lat' dir='ltr'><strong>atque</strong></span> 
     </span>
    </p>
   </div>
   <div class='ocr_carea' id='block_1_22' title="bbox 355 1568 1938 1643">
    <p class='ocr_par' dir='ltr' id='par_1_22' title="bbox 355 1568 1938 1643">
     <span class='ocr_line' id='line_1_22' title="bbox 355 1568 1938 1643; baseline -0.004 -17"><span class='ocrx_word' id='word_1_173' title='bbox 355 1575 580 1643; x_wconf 76' lang='grc' dir='ltr'>λέλογχε</span> <span class='ocrx_word' id='word_1_174' title='bbox 615 1583 669 1628; x_wconf 88' lang='lat' dir='ltr'>et</span> <span class='ocrx_word' id='word_1_175' title='bbox 710 1573 953 1641; x_wconf 79' lang='grc' dir='ltr'><strong>ἐνήνοχε.</strong></span> <span class='ocrx_word' id='word_1_176' title='bbox 1006 1570 1101 1625; x_wconf 88' lang='lat' dir='ltr'>Est</span> <span class='ocrx_word' id='word_1_177' title='bbox 1149 1579 1330 1625; x_wconf 87' lang='lat' dir='ltr'><strong>autem</strong></span> <span class='ocrx_word' id='word_1_178' title='bbox 1381 1568 1486 1623; x_wconf 86' lang='lat' dir='ltr'><strong>alio</strong></span> <span class='ocrx_word' id='word_1_179' title='bbox 1548 1568 1708 1621; x_wconf 86' lang='lat' dir='ltr'><strong>modo</strong></span> <span class='ocrx_word' id='word_1_180' title='bbox 1760 1568 1938 1621; x_wconf 84' lang='lat' dir='ltr'><strong>media</strong></span> 
     </span>
    </p>
   </div>
   <div class='ocr_carea' id='block_1_23' title="bbox 358 1656 1942 1731">
    <p class='ocr_par' dir='ltr' id='par_1_23' title="bbox 358 1656 1942 1731">
     <span class='ocr_line' id='line_1_23' title="bbox 358 1656 1942 1731; baseline -0.004 -14"><span class='ocrx_word' id='word_1_181' title='bbox 358 1663 544 1718; x_wconf 81' lang='lat' dir='ltr'><strong>dicere</strong></span> <span class='ocrx_word' id='word_1_182' title='bbox 593 1662 721 1716; x_wconf 88' lang='lat' dir='ltr'><strong>talia</strong></span> <span class='ocrx_word' id='word_1_183' title='bbox 773 1659 1034 1731; x_wconf 71' lang='lat' dir='ltr'><strong>perfecta.</strong></span> <span class='ocrx_word' id='word_1_184' title='bbox 1091 1661 1219 1730; x_wconf 86' lang='lat' dir='ltr'><strong>quia</strong></span> <span class='ocrx_word' id='word_1_185' title='bbox 1270 1658 1506 1713; x_wconf 88' lang='lat' dir='ltr'><strong>medium</strong></span> <span class='ocrx_word' id='word_1_186' title='bbox 1563 1656 1942 1711; x_wconf 77' lang='lat' dir='ltr'><strong>enuntiatione</strong></span> 
     </span>
    </p>
   </div>
   <div class='ocr_carea' id='block_1_24' title="bbox 361 1746 1939 1822">
    <p class='ocr_par' dir='ltr' id='par_1_24' title="bbox 361 1746 1939 1822">
     <span class='ocr_line' id='line_1_24' title="bbox 361 1746 1939 1822; baseline -0.007 -13"><span class='ocrx_word' id='word_1_187' title='bbox 361 1765 542 1811; x_wconf 76' lang='lat' dir='ltr'><strong>tenent</strong></span> <span class='ocrx_word' id='word_1_188' title='bbox 566 1756 709 1807; x_wconf 90' lang='lat' dir='ltr'><strong>inter</strong></span> <span class='ocrx_word' id='word_1_189' title='bbox 732 1756 904 1807; x_wconf 84' lang='lat' dir='ltr'><strong>activa</strong></span> <span class='ocrx_word' id='word_1_190' title='bbox 930 1753 1148 1822; x_wconf 87' lang='lat' dir='ltr'><strong>proprie</strong></span> <span class='ocrx_word' id='word_1_191' title='bbox 1171 1752 1332 1812; x_wconf 88' lang='lat' dir='ltr'><strong>dicta,</strong></span> <span class='ocrx_word' id='word_1_192' title='bbox 1364 1760 1419 1805; x_wconf 91' lang='lat' dir='ltr'>et</span> <span class='ocrx_word' id='word_1_193' title='bbox 1446 1748 1642 1803; x_wconf 89' lang='lat' dir='ltr'><strong>media.</strong></span> <span class='ocrx_word' id='word_1_194' title='bbox 1683 1746 1748 1801; x_wconf 86' lang='grc' dir='ltr'><strong>Ἦ</strong></span> <span class='ocrx_word' id='word_1_195' title='bbox 1778 1749 1939 1818; x_wconf 76' lang='grc' dir='ltr'>χάρις</span> 
     </span>
    </p>
   </div>
   <div class='ocr_carea' id='block_1_25' title="bbox 360 1820 2016 1916">
    <p class='ocr_par' dir='ltr' id='par_1_25' title="bbox 360 1820 2016 1916">
     <span class='ocr_line' id='line_1_25' title="bbox 360 1820 2016 1916; baseline -0.008 -12"><span class='ocrx_word' id='word_1_196' title='bbox 360 1858 540 1903; x_wconf 83' lang='lat' dir='ltr'><strong>autem</strong></span> <span class='ocrx_word' id='word_1_197' title='bbox 579 1847 813 1916; x_wconf 76' lang='lat' dir='ltr'><strong>Spiritus</strong></span> <span class='ocrx_word' id='word_1_198' title='bbox 858 1820 947 1900; x_wconf 48' lang='lat' dir='ltr'>es</span> <span class='ocrx_word' id='word_1_199' title='bbox 971 1820 1049 1915; x_wconf 72' lang='grc' dir='ltr'>τῷ</span> <span class='ocrx_word' id='word_1_200' title='bbox 1093 1842 1307 1914; x_wconf 77' lang='grc' dir='ltr'>χαίρειν</span> <span class='ocrx_word' id='word_1_201' title='bbox 1348 1843 1646 1908; x_wconf 85' lang='lat' dir='ltr'><strong>derivatur,</strong></span> <span class='ocrx_word' id='word_1_202' title='bbox 1680 1851 1733 1896; x_wconf 90' lang='lat' dir='ltr'>et</span> <span class='ocrx_word' id='word_1_203' title='bbox 1778 1856 1845 1894; x_wconf 80' lang='lat' dir='ltr'>ex</span> <span class='ocrx_word' id='word_1_204' title='bbox 1873 1844 1938 1910; x_wconf 81' lang='grc' dir='ltr'>τῇ</span> <span class='ocrx_word' id='word_1_205' title='bbox 1976 1820 2016 1877; x_wconf 71' lang='grc' dir='ltr'>θ</span> 
     </span>
    </p>
   </div>
   <div class='ocr_carea' id='block_1_26' title="bbox 362 1930 1939 2010">
    <p class='ocr_par' dir='ltr' id='par_1_26' title="bbox 362 1930 1939 2010">
     <span class='ocr_line' id='line_1_26' title="bbox 362 1930 1939 2010; baseline -0.006 -18"><span class='ocrx_word' id='word_1_206' title='bbox 362 1937 528 2010; x_wconf 73' lang='grc' dir='ltr'>χαρᾷ,</span> <span class='ocrx_word' id='word_1_207' title='bbox 586 1952 693 2004; x_wconf 89' lang='lat' dir='ltr'>qua</span> <span class='ocrx_word' id='word_1_208' title='bbox 737 1939 974 2006; x_wconf 79' lang='lat' dir='ltr'><strong>gaudent</strong></span> <span class='ocrx_word' id='word_1_209' title='bbox 1015 1931 1349 2003; x_wconf 92' lang='lat' dir='ltr'><strong>spirituales,</strong></span> <span class='ocrx_word' id='word_1_210' title='bbox 1387 1946 1510 1986; x_wconf 85' lang='lat' dir='ltr'><strong>cum</strong></span> <span class='ocrx_word' id='word_1_211' title='bbox 1565 1930 1939 1986; x_wconf 85' lang='lat' dir='ltr'><strong>desideratum</strong></span> 
     </span>
    </p>
   </div>
   <div class='ocr_carea' id='block_1_27' title="bbox 358 2021 1942 2097">
    <p class='ocr_par' dir='ltr' id='par_1_27' title="bbox 358 2021 1942 2097">
     <span class='ocr_line' id='line_1_27' title="bbox 358 2021 1942 2097; baseline -0.006 -15"><span class='ocrx_word' id='word_1_212' title='bbox 358 2027 664 2097; x_wconf 83' lang='lat' dir='ltr'><strong>possident,</strong></span> <span class='ocrx_word' id='word_1_213' title='bbox 691 2038 743 2082; x_wconf 90' lang='lat' dir='ltr'><strong>et</strong></span> <span class='ocrx_word' id='word_1_214' title='bbox 772 2027 894 2080; x_wconf 83' lang='lat' dir='ltr'><strong>ideo</strong></span> <span class='ocrx_word' id='word_1_215' title='bbox 923 2033 1204 2080; x_wconf 78' lang='lat' dir='ltr'><strong>merentur</strong></span> <span class='ocrx_word' id='word_1_216' title='bbox 1233 2039 1263 2077; x_wconf 88' lang='lat' dir='ltr'>a</span> <span class='ocrx_word' id='word_1_217' title='bbox 1302 2023 1412 2077; x_wconf 88' lang='lat' dir='ltr'><strong>Deo</strong></span> <span class='ocrx_word' id='word_1_218' title='bbox 1442 2022 1742 2077; x_wconf 88' lang='lat' dir='ltr'><strong>secundum</strong></span> <span class='ocrx_word' id='word_1_219' title='bbox 1770 2021 1942 2075; x_wconf 80' lang='lat' dir='ltr'><strong>Evan-</strong></span> 
     </span>
    </p>
   </div>
   <div class='ocr_carea' id='block_1_28' title="bbox 362 2108 1943 2190">
    <p class='ocr_par' dir='ltr' id='par_1_28' title="bbox 362 2108 1943 2190">
     <span class='ocr_line' id='line_1_28' title="bbox 362 2108 1943 2190; baseline -0.004 -18"><span class='ocrx_word' id='word_1_220' title='bbox 362 2108 558 2190; x_wconf 86' lang='lat' dir='ltr'><strong>gelium</strong></span> <span class='ocrx_word' id='word_1_221' title='bbox 594 2119 784 2173; x_wconf 89' lang='lat' dir='ltr'><strong>audire</strong></span> <span class='ocrx_word' id='word_1_222' title='bbox 816 2130 831 2170; x_wconf 89' lang='lat'><strong>:</strong></span> <span class='ocrx_word' id='word_1_223' title='bbox 864 2116 1093 2188; x_wconf 84' lang='lat' dir='ltr'><strong>gaudete</strong></span> <span class='ocrx_word' id='word_1_224' title='bbox 1120 2130 1137 2171; x_wconf 90' lang='lat'><strong>:</strong></span> <span class='ocrx_word' id='word_1_225' title='bbox 1169 2115 1311 2171; x_wconf 85' lang='lat' dir='ltr'><strong>sicut</strong></span> <span class='ocrx_word' id='word_1_226' title='bbox 1333 2116 1480 2169; x_wconf 92' lang='lat' dir='ltr'><strong>enim</strong></span> <span class='ocrx_word' id='word_1_227' title='bbox 1507 2113 1712 2169; x_wconf 90' lang='lat' dir='ltr'><strong>dicitur</strong></span> <span class='ocrx_word' id='word_1_228' title='bbox 1740 2113 1943 2184; x_wconf 78' lang='grc' dir='ltr'>κιθάρα</span> 
     </span>
    </p>
   </div>
   <div class='ocr_carea' id='block_1_29' title="bbox 361 2206 1308 2281">
    <p class='ocr_par' dir='ltr' id='par_1_29' title="bbox 361 2206 1308 2281">
     <span class='ocr_line' id='line_1_29' title="bbox 361 2206 1308 2281; baseline -0.003 -19"><span class='ocrx_word' id='word_1_229' title='bbox 361 2210 605 2281; x_wconf 72' lang='grc' dir='ltr'>κίθαρις,</span> <span class='ocrx_word' id='word_1_230' title='bbox 637 2208 716 2264; x_wconf 86' lang='lat' dir='ltr'>sic</span> <span class='ocrx_word' id='word_1_231' title='bbox 749 2209 915 2263; x_wconf 87' lang='lat' dir='ltr'><strong>etiam</strong></span> <span class='ocrx_word' id='word_1_232' title='bbox 949 2207 1095 2278; x_wconf 76' lang='grc' dir='ltr'>χαρὰ</span> <span class='ocrx_word' id='word_1_233' title='bbox 1122 2206 1308 2277; x_wconf 88' lang='grc' dir='ltr'>χάρις.</span> 
     </span>
    </p>
   </div>
   <div class='ocr_carea' id='block_1_30' title="bbox 787 2381 1522 2453">
    <p class='ocr_par' dir='ltr' id='par_1_30' title="bbox 787 2381 1522 2453">
     <span class='ocr_line' id='line_1_30' title="bbox 787 2381 1522 2453; baseline -0.003 -16"><span class='ocrx_word' id='word_1_234' title='bbox 787 2382 1109 2453; x_wconf 85' lang='lat' dir='ltr'><strong>Troparium</strong></span> <span class='ocrx_word' id='word_1_235' title='bbox 1138 2381 1175 2437; x_wconf 72' lang='lat'><strong>2</strong></span> <span class='ocrx_word' id='word_1_236' title='bbox 1204 2381 1320 2436; x_wconf 70' lang='lat' dir='ltr'><strong>add:</strong></span> <span class='ocrx_word' id='word_1_237' title='bbox 1349 2396 1522 2437; x_wconf 65' lang='lat' dir='ltr'><strong>name.</strong></span> 
     </span>
    </p>
   </div>
   <div class='ocr_carea' id='block_1_31' title="bbox 439 2471 1584 2545">
    <p class='ocr_par' dir='ltr' id='par_1_31' title="bbox 439 2471 1584 2545">
     <span class='ocr_line' id='line_1_31' title="bbox 439 2471 1584 2545; baseline -0.005 -13"><span class='ocrx_word' id='word_1_238' title='bbox 439 2477 813 2545; x_wconf 86' lang='lat' dir='ltr'><strong>Quoscunqne</strong></span> <span class='ocrx_word' id='word_1_239' title='bbox 853 2474 1141 2543; x_wconf 84' lang='lat' dir='ltr'><strong>inspiravit</strong></span> <span class='ocrx_word' id='word_1_240' title='bbox 1164 2471 1359 2529; x_wconf 82' lang='lat' dir='ltr'><strong>deiﬂua</strong></span> <span class='ocrx_word' id='word_1_241' title='bbox 1389 2475 1584 2543; x_wconf 88' lang='lat' dir='ltr'><strong>gratia,</strong></span> 
     </span>
    </p>
   </div>
   <div class='ocr_carea' id='block_1_32' title="bbox 363 2566 1497 2637">
    <p class='ocr_par' dir='ltr' id='par_1_32' title="bbox 363 2566 1497 2637">
     <span class='ocr_line' id='line_1_32' title="bbox 363 2566 1497 2637; baseline -0.004 -13"><span class='ocrx_word' id='word_1_242' title='bbox 363 2567 745 2637; x_wconf 88' lang='lat' dir='ltr'><strong>Splendentes,</strong></span> <span class='ocrx_word' id='word_1_243' title='bbox 782 2566 1142 2635; x_wconf 78' lang='lat' dir='ltr'><strong>fulgurantes,</strong></span> <span class='ocrx_word' id='word_1_244' title='bbox 1181 2567 1497 2635; x_wconf 88' lang='lat' dir='ltr'><strong>permutati,</strong></span> 
     </span>
    </p>
   </div>
   <div class='ocr_carea' id='block_1_33' title="bbox 366 2656 1665 2728">
    <p class='ocr_par' dir='ltr' id='par_1_33' title="bbox 366 2656 1665 2728">
     <span class='ocr_line' id='line_1_33' title="bbox 366 2656 1665 2728; baseline -0.003 -14"><span class='ocrx_word' id='word_1_245' title='bbox 366 2659 659 2714; x_wconf 70' lang='lat' dir='ltr'><strong>Extenuant</strong></span> <span class='ocrx_word' id='word_1_246' title='bbox 687 2656 1168 2728; x_wconf 87' lang='lat' dir='ltr'><strong>permutationem,</strong></span> <span class='ocrx_word' id='word_1_247' title='bbox 1197 2658 1665 2723; x_wconf 85' lang='lat' dir='ltr'><strong>decentissimam,</strong></span> 
     </span>
    </p>
   </div>
   <div class='ocr_carea' id='block_1_34' title="bbox 366 2747 1944 2822">
    <p class='ocr_par' dir='ltr' id='par_1_34' title="bbox 366 2747 1944 2822">
     <span class='ocr_line' id='line_1_34' title="bbox 366 2747 1944 2822; baseline -0.001 -17"><span class='ocrx_word' id='word_1_248' title='bbox 366 2751 840 2822; x_wconf 71' lang='lat' dir='ltr'><strong>Aiqtu&#39;potentem,</strong></span> <span class='ocrx_word' id='word_1_249' title='bbox 858 2747 1245 2802; x_wconf 78' lang='lat' dir='ltr'><strong>indivistbilem</strong></span> <span class='ocrx_word' id='word_1_250' title='bbox 1266 2758 1679 2819; x_wconf 79' lang='lat' dir='ltr'><strong>cognoscentes,</strong></span> <span class='ocrx_word' id='word_1_251' title='bbox 1709 2747 1944 2821; x_wconf 85' lang='lat' dir='ltr'><strong>[catnus.</strong></span> 
     </span>
    </p>
   </div>
   <div class='ocr_carea' id='block_1_35' title="bbox 369 2839 1948 2913">
    <p class='ocr_par' dir='ltr' id='par_1_35' title="bbox 369 2839 1948 2913">
     <span class='ocr_line' id='line_1_35' title="bbox 369 2839 1948 2913; baseline -0.001 -15"><span class='ocrx_word' id='word_1_252' title='bbox 369 2844 680 2913; x_wconf 78' lang='lat' dir='ltr'><strong>Sapientem</strong></span> <span class='ocrx_word' id='word_1_253' title='bbox 719 2839 951 2909; x_wconf 85' lang='lat' dir='ltr'><strong>triplicis</strong></span> <span class='ocrx_word' id='word_1_254' title='bbox 995 2839 1303 2909; x_wconf 81' lang='lat' dir='ltr'><strong>splendoris</strong></span> <span class='ocrx_word' id='word_1_255' title='bbox 1345 2840 1706 2895; x_wconf 85' lang='lat' dir='ltr'><strong>substantiam</strong></span> <span class='ocrx_word' id='word_1_256' title='bbox 1743 2841 1948 2912; x_wconf 76' lang='lat' dir='ltr'><strong>gloriﬁ-</strong></span> 
     </span>
    </p>
   </div>
   <div class='ocr_carea' id='block_1_36' title="bbox 436 2932 1948 3003">
    <p class='ocr_par' dir='ltr' id='par_1_36' title="bbox 436 2932 1948 3003">
     <span class='ocr_line' id='line_1_36' title="bbox 436 2932 1948 3003; baseline -0.001 -15"><span class='ocrx_word' id='word_1_257' title='bbox 436 2934 562 2990; x_wconf 78' lang='lat'><strong>257.</strong></span> <span class='ocrx_word' id='word_1_258' title='bbox 610 2932 869 3003; x_wconf 80' lang='lat' dir='ltr'><strong>Strpphe,</strong></span> <span class='ocrx_word' id='word_1_259' title='bbox 929 2946 1170 3001; x_wconf 70' lang='lat' dir='ltr'><strong>praesens</strong></span> <span class='ocrx_word' id='word_1_260' title='bbox 1225 2940 1309 2986; x_wconf 89' lang='lat' dir='ltr'>est</span> <span class='ocrx_word' id='word_1_261' title='bbox 1368 2932 1606 2986; x_wconf 80' lang='lat' dir='ltr'><strong>mixtura</strong></span> <span class='ocrx_word' id='word_1_262' title='bbox 1662 2932 1948 3002; x_wconf 67' lang='lat' dir='ltr'><strong>theologus</strong></span> 
     </span>
    </p>
   </div>
   <div class='ocr_carea' id='block_1_37' title="bbox 371 3022 1947 3094">
    <p class='ocr_par' dir='ltr' id='par_1_37' title="bbox 371 3022 1947 3094">
     <span class='ocr_line' id='line_1_37' title="bbox 371 3022 1947 3094; baseline -0.001 -14"><span class='ocrx_word' id='word_1_263' title='bbox 371 3025 881 3092; x_wconf 86' lang='lat' dir='ltr'><strong>recordationisque</strong></span> <span class='ocrx_word' id='word_1_264' title='bbox 912 3022 1197 3079; x_wconf 87' lang='lat' dir='ltr'><strong>Trinitatis</strong></span> <span class='ocrx_word' id='word_1_265' title='bbox 1231 3023 1443 3092; x_wconf 82' lang='lat' dir='ltr'><strong>hymni,</strong></span> <span class='ocrx_word' id='word_1_266' title='bbox 1478 3023 1534 3078; x_wconf 88' lang='lat' dir='ltr'>in</span> <span class='ocrx_word' id='word_1_267' title='bbox 1565 3038 1725 3094; x_wconf 87' lang='lat' dir='ltr'><strong>quem</strong></span> <span class='ocrx_word' id='word_1_268' title='bbox 1762 3039 1947 3080; x_wconf 89' lang='lat' dir='ltr'><strong>mora-</strong></span> 
     </span>
    </p>
   </div>
   <div class='ocr_carea' id='block_1_38' title="bbox 373 3113 1943 3193">
    <p class='ocr_par' dir='ltr' id='par_1_38' title="bbox 373 3113 1943 3193">
     <span class='ocr_line' id='line_1_38' title="bbox 373 3113 1943 3193; baseline -0.003 -22"><span class='ocrx_word' id='word_1_269' title='bbox 373 3118 497 3172; x_wconf 85' lang='lat' dir='ltr'><strong>liter</strong></span> <span class='ocrx_word' id='word_1_270' title='bbox 542 3116 746 3172; x_wconf 89' lang='lat' dir='ltr'><strong>desiuit</strong></span> <span class='ocrx_word' id='word_1_271' title='bbox 793 3115 870 3193; x_wconf 33' lang='lat' dir='ltr'><strong>ab.</strong></span> <span class='ocrx_word' id='word_1_272' title='bbox 912 3113 1185 3169; x_wconf 87' lang='lat' dir='ltr'><strong>altissimo</strong></span> <span class='ocrx_word' id='word_1_273' title='bbox 1227 3115 1494 3184; x_wconf 85' lang='lat' dir='ltr'><strong>incipiens</strong></span> <span class='ocrx_word' id='word_1_274' title='bbox 1534 3131 1549 3168; x_wconf 92' lang='lat'><strong>:</strong></span> <span class='ocrx_word' id='word_1_275' title='bbox 1583 3113 1719 3170; x_wconf 89' lang='lat' dir='ltr'><strong>dicit</strong></span> <span class='ocrx_word' id='word_1_276' title='bbox 1748 3115 1892 3168; x_wconf 90' lang='lat' dir='ltr'><strong>enim</strong></span> <span class='ocrx_word' id='word_1_277' title='bbox 1929 3131 1943 3167; x_wconf 90' lang='lat'><strong>:</strong></span> 
     </span>
    </p>
   </div>
   <div class='ocr_carea' id='block_1_39' title="bbox 371 3203 1947 3278">
    <p class='ocr_par' dir='ltr' id='par_1_39' title="bbox 371 3203 1947 3278">
     <span class='ocr_line' id='line_1_39' title="bbox 371 3203 1947 3278; baseline -0.003 -15"><span class='ocrx_word' id='word_1_278' title='bbox 371 3209 802 3278; x_wconf 85' lang='lat' dir='ltr'><strong>Quibuscunque</strong></span> <span class='ocrx_word' id='word_1_279' title='bbox 852 3206 1081 3276; x_wconf 82' lang='lat' dir='ltr'><strong>spiravit</strong></span> <span class='ocrx_word' id='word_1_280' title='bbox 1133 3219 1164 3258; x_wconf 90' lang='lat' dir='ltr'>a</span> <span class='ocrx_word' id='word_1_281' title='bbox 1219 3203 1331 3259; x_wconf 82' lang='lat' dir='ltr'><strong>Deo</strong></span> <span class='ocrx_word' id='word_1_282' title='bbox 1398 3204 1575 3261; x_wconf 83' lang='lat' dir='ltr'><strong>ﬂuens</strong></span> <span class='ocrx_word' id='word_1_283' title='bbox 1632 3206 1826 3276; x_wconf 88' lang='lat' dir='ltr'><strong>gratia,</strong></span> <span class='ocrx_word' id='word_1_284' title='bbox 1880 3203 1947 3259; x_wconf 92' lang='lat' dir='ltr'>ad</span> 
     </span>
    </p>
   </div>
   <div class='ocr_carea' id='block_1_40' title="bbox 379 3298 1950 3371">
    <p class='ocr_par' dir='ltr' id='par_1_40' title="bbox 379 3298 1950 3371">
     <span class='ocr_line' id='line_1_40' title="bbox 379 3298 1950 3371; baseline -0.003 -15"><span class='ocrx_word' id='word_1_285' title='bbox 379 3302 673 3356; x_wconf 87' lang='lat' dir='ltr'><strong>lucendum</strong></span> <span class='ocrx_word' id='word_1_286' title='bbox 715 3309 769 3355; x_wconf 91' lang='lat' dir='ltr'>ct</span> <span class='ocrx_word' id='word_1_287' title='bbox 815 3298 1127 3371; x_wconf 78' lang='lat' dir='ltr'><strong>iulgendutn</strong></span> <span class='ocrx_word' id='word_1_288' title='bbox 1158 3307 1214 3353; x_wconf 87' lang='lat' dir='ltr'>et</span> <span class='ocrx_word' id='word_1_289' title='bbox 1240 3298 1453 3352; x_wconf 84' lang='grc' dir='ltr'>ὀθνείαν</span> <span class='ocrx_word' id='word_1_290' title='bbox 1486 3301 1602 3353; x_wconf 87' lang='lat' dir='ltr'><strong>sive</strong></span> <span class='ocrx_word' id='word_1_291' title='bbox 1633 3308 1950 3353; x_wconf 75' lang='lat' dir='ltr'><strong>extraneam</strong></span> 
     </span>
    </p>
   </div>
   <div class='ocr_carea' id='block_1_41' title="bbox 372 3389 1953 3460">
    <p class='ocr_par' dir='ltr' id='par_1_41' title="bbox 372 3389 1953 3460">
     <span class='ocr_line' id='line_1_41' title="bbox 372 3389 1953 3460; baseline -0.004 -11"><span class='ocrx_word' id='word_1_292' title='bbox 372 3394 732 3449; x_wconf 85' lang='lat' dir='ltr'><strong>mutationem</strong></span> <span class='ocrx_word' id='word_1_293' title='bbox 768 3401 823 3447; x_wconf 91' lang='lat' dir='ltr'><strong>et</strong></span> <span class='ocrx_word' id='word_1_294' title='bbox 854 3389 1426 3445; x_wconf 73' lang='lat' dir='ltr'><strong>convenientissimum</strong></span> <span class='ocrx_word' id='word_1_295' title='bbox 1452 3389 1810 3460; x_wconf 86' lang='lat' dir='ltr'><strong>operandutn,</strong></span> <span class='ocrx_word' id='word_1_296' title='bbox 1840 3391 1953 3460; x_wconf 79' lang='lat' dir='ltr'><strong>glo-</strong></span> 
     </span>
    </p>
   </div>
   <div class='ocr_carea' id='block_1_42' title="bbox 370 3482 1947 3555">
    <p class='ocr_par' dir='ltr' id='par_1_42' title="bbox 370 3482 1947 3555">
     <span class='ocr_line' id='line_1_42' title="bbox 370 3482 1947 3555; baseline -0.003 -13"><span class='ocrx_word' id='word_1_297' title='bbox 370 3488 669 3552; x_wconf 87' lang='lat' dir='ltr'><strong>rilicamus,</strong></span> <span class='ocrx_word' id='word_1_298' title='bbox 694 3493 751 3540; x_wconf 88' lang='lat' dir='ltr'>et</span> <span class='ocrx_word' id='word_1_299' title='bbox 776 3485 1001 3539; x_wconf 85' lang='lat' dir='ltr'><strong>omnino</strong></span> <span class='ocrx_word' id='word_1_300' title='bbox 1029 3482 1338 3555; x_wconf 78' lang='lat' dir='ltr'><strong>gloriﬁcare</strong></span> <span class='ocrx_word' id='word_1_301' title='bbox 1357 3483 1621 3539; x_wconf 87' lang='lat' dir='ltr'><strong>debemus</strong></span> <span class='ocrx_word' id='word_1_302' title='bbox 1648 3484 1947 3553; x_wconf 84' lang='lat' dir='ltr'><strong>sapientem</strong></span> 
     </span>
    </p>
   </div>
   <div class='ocr_carea' id='block_1_43' title="bbox 375 3574 1948 3643">
    <p class='ocr_par' dir='ltr' id='par_1_43' title="bbox 375 3574 1948 3643">
     <span class='ocr_line' id='line_1_43' title="bbox 375 3574 1948 3643; baseline -0.003 -9"><span class='ocrx_word' id='word_1_303' title='bbox 375 3582 719 3635; x_wconf 88' lang='lat' dir='ltr'><strong>trilueentem</strong></span> <span class='ocrx_word' id='word_1_304' title='bbox 755 3580 1146 3643; x_wconf 84' lang='lat' dir='ltr'><strong>substantiam,</strong></span> <span class='ocrx_word' id='word_1_305' title='bbox 1178 3574 1499 3630; x_wconf 87' lang='lat' dir='ltr'><strong>Trinitatem</strong></span> <span class='ocrx_word' id='word_1_306' title='bbox 1535 3575 1765 3639; x_wconf 85' lang='lat' dir='ltr'><strong>scilicet,</strong></span> <span class='ocrx_word' id='word_1_307' title='bbox 1805 3577 1948 3630; x_wconf 85' lang='lat' dir='ltr'><strong>indi-</strong></span> 
     </span>
    </p>
   </div>
   <div class='ocr_carea' id='block_1_44' title="bbox 373 3668 1949 3738">
    <p class='ocr_par' dir='ltr' id='par_1_44' title="bbox 373 3668 1949 3738">
     <span class='ocr_line' id='line_1_44' title="bbox 373 3668 1949 3738; baseline -0.002 -13"><span class='ocrx_word' id='word_1_308' title='bbox 373 3672 643 3727; x_wconf 77' lang='lat' dir='ltr'><strong>visibilem</strong></span> <span class='ocrx_word' id='word_1_309' title='bbox 701 3671 939 3726; x_wconf 82' lang='lat' dir='ltr'><strong>scientes</strong></span> <span class='ocrx_word' id='word_1_310' title='bbox 993 3668 1165 3735; x_wconf 85' lang='lat' dir='ltr'><strong>illam,</strong></span> <span class='ocrx_word' id='word_1_311' title='bbox 1217 3677 1490 3738; x_wconf 83' lang='lat' dir='ltr'><strong>quatenus</strong></span> <span class='ocrx_word' id='word_1_312' title='bbox 1536 3668 1792 3722; x_wconf 89' lang='lat' dir='ltr'><strong>disseeari</strong></span> <span class='ocrx_word' id='word_1_313' title='bbox 1841 3684 1949 3722; x_wconf 87' lang='lat' dir='ltr'>non</span> 
     </span>
    </p>
   </div>
   <div class='ocr_carea' id='block_1_45' title="bbox 369 3762 1945 3835">
    <p class='ocr_par' dir='ltr' id='par_1_45' title="bbox 369 3762 1945 3835">
     <span class='ocr_line' id='line_1_45' title="bbox 369 3762 1945 3835; baseline -0.003 -16"><span class='ocrx_word' id='word_1_314' title='bbox 369 3765 597 3819; x_wconf 89' lang='lat' dir='ltr'><strong>omnino</strong></span> <span class='ocrx_word' id='word_1_315' title='bbox 628 3771 827 3835; x_wconf 85' lang='lat' dir='ltr'><strong>potest,</strong></span> <span class='ocrx_word' id='word_1_316' title='bbox 858 3771 919 3817; x_wconf 90' lang='lat' dir='ltr'>ut</span> <span class='ocrx_word' id='word_1_317' title='bbox 951 3763 1019 3817; x_wconf 89' lang='lat' dir='ltr'>ab</span> <span class='ocrx_word' id='word_1_318' title='bbox 1050 3762 1285 3816; x_wconf 82' lang='lat' dir='ltr'><strong>invicem</strong></span> <span class='ocrx_word' id='word_1_319' title='bbox 1313 3774 1560 3831; x_wconf 59' lang='lat' dir='ltr'><strong>personae</strong></span> <span class='ocrx_word' id='word_1_320' title='bbox 1587 3771 1945 3830; x_wconf 86' lang='lat' dir='ltr'><strong>separentur;</strong></span> 
     </span>
    </p>
   </div>
   <div class='ocr_carea' id='block_1_46' title="bbox 370 3852 1947 3922">
    <p class='ocr_par' dir='ltr' id='par_1_46' title="bbox 370 3852 1947 3922">
     <span class='ocr_line' id='line_1_46' title="bbox 370 3852 1947 3922; baseline -0.004 -9"><span class='ocrx_word' id='word_1_321' title='bbox 370 3859 466 3913; x_wconf 88' lang='lat' dir='ltr'>sed</span> <span class='ocrx_word' id='word_1_322' title='bbox 514 3859 564 3910; x_wconf 93' lang='lat' dir='ltr'><strong>in</strong></span> <span class='ocrx_word' id='word_1_323' title='bbox 607 3872 776 3911; x_wconf 91' lang='lat' dir='ltr'><strong>unum</strong></span> <span class='ocrx_word' id='word_1_324' title='bbox 796 3855 977 3909; x_wconf 81' lang='lat' dir='ltr'><strong>solum</strong></span> <span class='ocrx_word' id='word_1_325' title='bbox 1022 3855 1319 3909; x_wconf 87' lang='lat' dir='ltr'><strong>credantur</strong></span> <span class='ocrx_word' id='word_1_326' title='bbox 1362 3864 1416 3908; x_wconf 90' lang='lat' dir='ltr'>et</span> <span class='ocrx_word' id='word_1_327' title='bbox 1463 3852 1840 3922; x_wconf 73' lang='lat' dir='ltr'><strong>intelligantur</strong></span> <span class='ocrx_word' id='word_1_328' title='bbox 1889 3861 1947 3907; x_wconf 92' lang='lat' dir='ltr'>et</span> 
     </span>
    </p>
   </div>
   <div class='ocr_carea' id='block_1_47' title="bbox 369 3942 1946 4015">
    <p class='ocr_par' dir='ltr' id='par_1_47' title="bbox 369 3942 1946 4015">
     <span class='ocr_line' id='line_1_47' title="bbox 369 3942 1946 4015; baseline -0.004 -10"><span class='ocrx_word' id='word_1_329' title='bbox 369 3951 665 4005; x_wconf 80' lang='lat' dir='ltr'><strong>doceantur</strong></span> <span class='ocrx_word' id='word_1_330' title='bbox 692 3957 803 4002; x_wconf 86' lang='lat' dir='ltr'><strong>tres</strong></span> <span class='ocrx_word' id='word_1_331' title='bbox 829 3949 994 4000; x_wconf 87' lang='lat' dir='ltr'><strong>unius</strong></span> <span class='ocrx_word' id='word_1_332' title='bbox 1039 3945 1264 3999; x_wconf 88' lang='lat' dir='ltr'><strong>Deitatis</strong></span> <span class='ocrx_word' id='word_1_333' title='bbox 1293 3959 1563 4015; x_wconf 66' lang='lat' dir='ltr'><strong>pcrssnaz.</strong></span> <span class='ocrx_word' id='word_1_334' title='bbox 1615 3942 1672 3997; x_wconf 91' lang='lat' dir='ltr'>ln</span> <span class='ocrx_word' id='word_1_335' title='bbox 1713 3943 1799 3998; x_wconf 88' lang='lat' dir='ltr'><strong>his</strong></span> <span class='ocrx_word' id='word_1_336' title='bbox 1846 3958 1946 3998; x_wconf 84' lang='lat' dir='ltr'><strong>au—</strong></span> 
     </span>
    </p>
   </div>
   <div class='ocr_carea' id='block_1_48' title="bbox 376 4030 1944 4114">
    <p class='ocr_par' dir='ltr' id='par_1_48' title="bbox 376 4030 1944 4114">
     <span class='ocr_line' id='line_1_48' title="bbox 376 4030 1944 4114; baseline -0.004 -15"><span class='ocrx_word' id='word_1_337' title='bbox 376 4055 486 4099; x_wconf 87' lang='lat' dir='ltr'>tem</span> <span class='ocrx_word' id='word_1_338' title='bbox 517 4052 694 4114; x_wconf 85' lang='lat' dir='ltr'><strong>potest</strong></span> <span class='ocrx_word' id='word_1_339' title='bbox 717 4042 938 4096; x_wconf 85' lang='lat' dir='ltr'><strong>verbum</strong></span> <span class='ocrx_word' id='word_1_340' title='bbox 975 4030 1276 4110; x_wconf 76' lang='grc' dir='ltr'>δοξάζομεν</span> <span class='ocrx_word' id='word_1_341' title='bbox 1313 4041 1561 4095; x_wconf 90' lang='lat' dir='ltr'><strong>consulte</strong></span> <span class='ocrx_word' id='word_1_342' title='bbox 1592 4041 1822 4111; x_wconf 87' lang='lat' dir='ltr'><strong>cogitari</strong></span> <span class='ocrx_word' id='word_1_343' title='bbox 1856 4058 1870 4093; x_wconf 86' lang='lat'><strong>:</strong></span> <span class='ocrx_word' id='word_1_344' title='bbox 1901 4041 1944 4095; x_wconf 92' lang='lat' dir='ltr'><strong>si</strong></span> 
     </span>
    </p>
   </div>
   <div class='ocr_carea' id='block_1_49' title="bbox 369 4132 1946 4203">
    <p class='ocr_par' dir='ltr' id='par_1_49' title="bbox 369 4132 1946 4203">
     <span class='ocr_line' id='line_1_49' title="bbox 369 4132 1946 4203; baseline -0.001 -14"><span class='ocrx_word' id='word_1_345' title='bbox 369 4150 502 4189; x_wconf 82' lang='lat' dir='ltr'><strong>vero</strong></span> <span class='ocrx_word' id='word_1_346' title='bbox 531 4150 637 4187; x_wconf 88' lang='lat' dir='ltr'>non</span> <span class='ocrx_word' id='word_1_347' title='bbox 660 4132 905 4188; x_wconf 84' lang='lat' dir='ltr'><strong>extendit</strong></span> <span class='ocrx_word' id='word_1_348' title='bbox 945 4133 1323 4203; x_wconf 87' lang='lat' dir='ltr'><strong>penultimam,</strong></span> <span class='ocrx_word' id='word_1_349' title='bbox 1358 4133 1462 4188; x_wconf 88' lang='lat' dir='ltr'>hoc</span> <span class='ocrx_word' id='word_1_350' title='bbox 1508 4133 1703 4188; x_wconf 72' lang='lat' dir='ltr'><strong>ionica:</strong></span> <span class='ocrx_word' id='word_1_351' title='bbox 1733 4132 1946 4188; x_wconf 67' lang='lat' dir='ltr'><strong>indide-</strong></span> 
     </span>
    </p>
   </div>
   <div class='ocr_carea' id='block_1_50' title="bbox 370 4225 1945 4295">
    <p class='ocr_par' dir='ltr' id='par_1_50' title="bbox 370 4225 1945 4295">
     <span class='ocr_line' id='line_1_50' title="bbox 370 4225 1945 4295; baseline -0.001 -16"><span class='ocrx_word' id='word_1_352' title='bbox 370 4227 560 4281; x_wconf 70' lang='lat' dir='ltr'><strong>rentiaa</strong></span> <span class='ocrx_word' id='word_1_353' title='bbox 614 4234 716 4280; x_wconf 88' lang='lat' dir='ltr'><strong>est.</strong></span> <span class='ocrx_word' id='word_1_354' title='bbox 757 4226 946 4290; x_wconf 77' lang='lat' dir='ltr'><strong>Quoad</strong></span> <span class='ocrx_word' id='word_1_355' title='bbox 995 4236 1175 4279; x_wconf 86' lang='lat' dir='ltr'><strong>autem</strong></span> <span class='ocrx_word' id='word_1_356' title='bbox 1222 4225 1400 4295; x_wconf 86' lang='lat' dir='ltr'><strong>reipsa</strong></span> <span class='ocrx_word' id='word_1_357' title='bbox 1460 4225 1848 4280; x_wconf 82' lang='lat' dir='ltr'><strong>indivisibilem</strong></span> <span class='ocrx_word' id='word_1_358' title='bbox 1893 4226 1945 4277; x_wconf 90' lang='lat' dir='ltr'>in</span> 
     </span>
    </p>
   </div>
   <div class='ocr_carea' id='block_1_51' title="bbox 263 4319 1945 4395">
    <p class='ocr_par' dir='ltr' id='par_1_51' title="bbox 263 4319 1945 4395">
     <span class='ocr_line' id='line_1_51' title="bbox 263 4319 1945 4395; baseline 0.004 -23"><span class='ocrx_word' id='word_1_359' title='bbox 263 4380 287 4393; x_wconf 46' lang='grc'>,</span> <span class='ocrx_word' id='word_1_360' title='bbox 370 4319 544 4374; x_wconf 86' lang='lat' dir='ltr'><strong>tribus</strong></span> <span class='ocrx_word' id='word_1_361' title='bbox 592 4319 843 4389; x_wconf 85' lang='lat' dir='ltr'><strong>personis</strong></span> <span class='ocrx_word' id='word_1_362' title='bbox 892 4319 1283 4384; x_wconf 82' lang='lat' dir='ltr'><strong>substantiam,</strong></span> <span class='ocrx_word' id='word_1_363' title='bbox 1338 4329 1395 4374; x_wconf 90' lang='lat' dir='ltr'>et</span> <span class='ocrx_word' id='word_1_364' title='bbox 1441 4320 1649 4376; x_wconf 89' lang='lat' dir='ltr'><strong>dictum</strong></span> <span class='ocrx_word' id='word_1_365' title='bbox 1706 4321 1773 4378; x_wconf 89' lang='lat' dir='ltr'>de</span> <span class='ocrx_word' id='word_1_366' title='bbox 1829 4325 1945 4395; x_wconf 82' lang='lat' dir='ltr'><strong>ipsa</strong></span> 
     </span>
    </p>
   </div>
   <div class='ocr_carea' id='block_1_52' title="bbox 368 4411 1943 4484">
    <p class='ocr_par' dir='ltr' id='par_1_52' title="bbox 368 4411 1943 4484">
     <span class='ocr_line' id='line_1_52' title="bbox 368 4411 1943 4484; baseline 0.004 -20"><span class='ocrx_word' id='word_1_367' title='bbox 368 4425 612 4475; x_wconf 78' lang='lat' dir='ltr'><strong>sensum,</strong></span> <span class='ocrx_word' id='word_1_368' title='bbox 655 4411 1061 4481; x_wconf 78' lang='lat' dir='ltr'><strong>recogitandum</strong></span> <span class='ocrx_word' id='word_1_369' title='bbox 1106 4422 1191 4465; x_wconf 86' lang='lat' dir='ltr'>est</span> <span class='ocrx_word' id='word_1_370' title='bbox 1241 4426 1499 4483; x_wconf 86' lang='lat' dir='ltr'><strong>magnum</strong></span> <span class='ocrx_word' id='word_1_371' title='bbox 1541 4423 1795 4468; x_wconf 85' lang='lat' dir='ltr'><strong>sanctum</strong></span> <span class='ocrx_word' id='word_1_372' title='bbox 1850 4417 1943 4484; x_wconf 91' lang='lat' dir='ltr'><strong>qui</strong></span> 
     </span>
    </p>
   </div>
   <div class='ocr_carea' id='block_1_53' title="bbox 2038 1202 3625 1277">
    <p class='ocr_par' dir='ltr' id='par_1_53' title="bbox 2038 1202 3625 1277">
     <span class='ocr_line' id='line_1_53' title="bbox 2038 1202 3625 1277; baseline -0.003 -17"><span class='ocrx_word' id='word_1_373' title='bbox 2038 1206 2211 1260; x_wconf 74' lang='grc' dir='ltr'>ὄντων</span> <span class='ocrx_word' id='word_1_374' title='bbox 2257 1207 2352 1260; x_wconf 74' lang='grc' dir='ltr'>τοῦ</span> <span class='ocrx_word' id='word_1_375' title='bbox 2419 1208 2662 1275; x_wconf 84' lang='grc' dir='ltr'>κέκλοφα</span> <span class='ocrx_word' id='word_1_376' title='bbox 2725 1204 3083 1277; x_wconf 86' lang='grc' dir='ltr'>ἐνεργητικοῦ</span> <span class='ocrx_word' id='word_1_377' title='bbox 3138 1205 3233 1257; x_wconf 78' lang='grc' dir='ltr'>καὶ</span> <span class='ocrx_word' id='word_1_378' title='bbox 3297 1205 3466 1275; x_wconf 83' lang='grc' dir='ltr'>μέσου</span> <span class='ocrx_word' id='word_1_379' title='bbox 3527 1202 3625 1255; x_wconf 79' lang='grc' dir='ltr'>τοῦ</span> 
     </span>
    </p>
   </div>
   <div class='ocr_carea' id='block_1_54' title="bbox 2039 1293 3627 1368">
    <p class='ocr_par' dir='ltr' id='par_1_54' title="bbox 2039 1293 3627 1368">
     <span class='ocr_line' id='line_1_54' title="bbox 2039 1293 3627 1368; baseline -0.002 -17"><span class='ocrx_word' id='word_1_380' title='bbox 2039 1298 2310 1364; x_wconf 84' lang='grc' dir='ltr'>κέκλοπα,</span> <span class='ocrx_word' id='word_1_381' title='bbox 2338 1296 2432 1351; x_wconf 84' lang='grc' dir='ltr'>τοῦ</span> <span class='ocrx_word' id='word_1_382' title='bbox 2468 1298 2825 1368; x_wconf 80' lang='grc' dir='ltr'>ἐνεργητικοῦ</span> <span class='ocrx_word' id='word_1_383' title='bbox 2861 1298 2960 1367; x_wconf 87' lang='grc' dir='ltr'>μέν</span> <span class='ocrx_word' id='word_1_384' title='bbox 2991 1299 3109 1352; x_wconf 87' lang='grc' dir='ltr'>ἐστι</span> <span class='ocrx_word' id='word_1_385' title='bbox 3137 1296 3199 1350; x_wconf 73' lang='grc' dir='ltr'>τὸ</span> <span class='ocrx_word' id='word_1_386' title='bbox 3221 1300 3301 1364; x_wconf 70' lang='grc' dir='ltr'>φῖ,</span> <span class='ocrx_word' id='word_1_387' title='bbox 3331 1293 3426 1350; x_wconf 79' lang='grc' dir='ltr'>τοῦ</span> <span class='ocrx_word' id='word_1_388' title='bbox 3458 1298 3627 1365; x_wconf 80' lang='grc' dir='ltr'>μέσου</span> 
     </span>
    </p>
   </div>
   <div class='ocr_carea' id='block_1_55' title="bbox 2038 1388 3632 1459">
    <p class='ocr_par' dir='ltr' id='par_1_55' title="bbox 2038 1388 3632 1459">
     <span class='ocr_line' id='line_1_55' title="bbox 2038 1388 3632 1459; baseline 0.001 -17"><span class='ocrx_word' id='word_1_389' title='bbox 2038 1389 2095 1442; x_wconf 79' lang='grc' dir='ltr'>δέ</span> <span class='ocrx_word' id='word_1_390' title='bbox 2138 1390 2201 1442; x_wconf 82' lang='grc' dir='ltr'>τὸ</span> <span class='ocrx_word' id='word_1_391' title='bbox 2253 1405 2320 1442; x_wconf 80' lang='grc' dir='ltr'>οο</span> <span class='ocrx_word' id='word_1_392' title='bbox 2373 1389 2558 1459; x_wconf 85' lang='grc' dir='ltr'>ὅμοιον</span> <span class='ocrx_word' id='word_1_393' title='bbox 2598 1390 2657 1443; x_wconf 84' lang='grc' dir='ltr'>δέ</span> <span class='ocrx_word' id='word_1_394' title='bbox 2703 1389 2915 1453; x_wconf 82' lang='grc' dir='ltr'>τούτοις</span> <span class='ocrx_word' id='word_1_395' title='bbox 2959 1388 3396 1459; x_wconf 71' lang='grc' dir='ltr'>ἀπαραλλάκτως</span> <span class='ocrx_word' id='word_1_396' title='bbox 3437 1391 3530 1441; x_wconf 75' lang='grc' dir='ltr'>καὶ</span> <span class='ocrx_word' id='word_1_397' title='bbox 3566 1388 3632 1443; x_wconf 78' lang='grc' dir='ltr'>τὸ</span> 
     </span>
    </p>
   </div>
   <div class='ocr_carea' id='block_1_56' title="bbox 2041 1480 3632 1555">
    <p class='ocr_par' dir='ltr' id='par_1_56' title="bbox 2041 1480 3632 1555">
     <span class='ocr_line' id='line_1_56' title="bbox 2041 1480 3632 1555; baseline 0.001 -22"><span class='ocrx_word' id='word_1_398' title='bbox 2041 1482 2305 1552; x_wconf 78' lang='grc' dir='ltr'>τέτροφεν</span> <span class='ocrx_word' id='word_1_399' title='bbox 2324 1496 2341 1513; x_wconf 68' lang='grc' dir='ltr'>ο</span> <span class='ocrx_word' id='word_1_400' title='bbox 2370 1482 2430 1536; x_wconf 85' lang='grc' dir='ltr'>ἐν</span> <span class='ocrx_word' id='word_1_401' title='bbox 2453 1481 2594 1554; x_wconf 76' lang='grc' dir='ltr'>ἄλλῃ</span> <span class='ocrx_word' id='word_1_402' title='bbox 2616 1481 2673 1535; x_wconf 71' lang='grc' dir='ltr'>δέ</span> <span class='ocrx_word' id='word_1_403' title='bbox 2703 1480 2934 1555; x_wconf 75' lang='grc' dir='ltr'>συζυγίᾳ</span> <span class='ocrx_word' id='word_1_404' title='bbox 2956 1483 3237 1554; x_wconf 74' lang='grc' dir='ltr'>ῥηματικῇ</span> <span class='ocrx_word' id='word_1_405' title='bbox 3266 1481 3361 1535; x_wconf 77' lang='grc' dir='ltr'>καὶ</span> <span class='ocrx_word' id='word_1_406' title='bbox 3388 1480 3449 1534; x_wconf 88' lang='grc' dir='ltr'>τδ</span> <span class='ocrx_word' id='word_1_407' title='bbox 3481 1481 3632 1545; x_wconf 76' lang='grc' dir='ltr'>είκδς</span> 
     </span>
    </p>
   </div>
   <div class='ocr_carea' id='block_1_57' title="bbox 2040 1572 3634 1643">
    <p class='ocr_par' dir='ltr' id='par_1_57' title="bbox 2040 1572 3634 1643">
     <span class='ocr_line' id='line_1_57' title="bbox 2040 1572 3634 1643; baseline -0.001 -16"><span class='ocrx_word' id='word_1_408' title='bbox 2040 1574 2318 1639; x_wconf 80' lang='grc' dir='ltr'>Ἰωνικῶς,</span> <span class='ocrx_word' id='word_1_409' title='bbox 2335 1575 2431 1627; x_wconf 79' lang='grc' dir='ltr'>καὶ</span> <span class='ocrx_word' id='word_1_410' title='bbox 2456 1573 2517 1626; x_wconf 82' lang='grc' dir='ltr'>τὸ</span> <span class='ocrx_word' id='word_1_411' title='bbox 2535 1574 2711 1627; x_wconf 69' lang='grc' dir='ltr'>ἔοικεν</span> <span class='ocrx_word' id='word_1_412' title='bbox 2749 1574 3045 1637; x_wconf 79' lang='grc' dir='ltr'>’Δττικῶς,·</span> <span class='ocrx_word' id='word_1_413' title='bbox 3064 1574 3160 1626; x_wconf 72' lang='grc' dir='ltr'>καὶ</span> <span class='ocrx_word' id='word_1_414' title='bbox 3177 1573 3236 1626; x_wconf 80' lang='grc' dir='ltr'>τὸ</span> <span class='ocrx_word' id='word_1_415' title='bbox 3257 1572 3505 1643; x_wconf 82' lang='grc' dir='ltr'>λέλογχε,</span> <span class='ocrx_word' id='word_1_416' title='bbox 3537 1575 3634 1627; x_wconf 80' lang='grc' dir='ltr'>καὶ</span> 
     </span>
    </p>
   </div>
   <div class='ocr_carea' id='block_1_58' title="bbox 2041 1663 3633 1738">
    <p class='ocr_par' dir='ltr' id='par_1_58' title="bbox 2041 1663 3633 1738">
     <span class='ocr_line' id='line_1_58' title="bbox 2041 1663 3633 1738; baseline -0.002 -18"><span class='ocrx_word' id='word_1_417' title='bbox 2041 1668 2101 1721; x_wconf 76' lang='grc' dir='ltr'>τὸ</span> <span class='ocrx_word' id='word_1_418' title='bbox 2131 1669 2388 1738; x_wconf 75' lang='grc' dir='ltr'>ἐνήνοχε-,ο</span> <span class='ocrx_word' id='word_1_419' title='bbox 2434 1667 2530 1720; x_wconf 74' lang='grc' dir='ltr'>καὶ</span> <span class='ocrx_word' id='word_1_420' title='bbox 2570 1665 2721 1719; x_wconf 79' lang='grc' dir='ltr'>ἐστιν</span> <span class='ocrx_word' id='word_1_421' title='bbox 2762 1665 2938 1718; x_wconf 80' lang='grc' dir='ltr'>εἰπεῖν</span> <span class='ocrx_word' id='word_1_422' title='bbox 2979 1666 3184 1735; x_wconf 80' lang='grc' dir='ltr'>τρόπον</span> <span class='ocrx_word' id='word_1_423' title='bbox 3224 1663 3382 1717; x_wconf 77' lang='grc' dir='ltr'>ἄλλον</span> <span class='ocrx_word' id='word_1_424' title='bbox 3424 1665 3633 1734; x_wconf 80' lang='grc' dir='ltr'>μέσους</span> 
     </span>
    </p>
   </div>
   <div class='ocr_carea' id='block_1_59' title="bbox 2043 1755 3634 1829">
    <p class='ocr_par' dir='ltr' id='par_1_59' title="bbox 2043 1755 3634 1829">
     <span class='ocr_line' id='line_1_59' title="bbox 2043 1755 3634 1829; baseline -0.001 -18"><span class='ocrx_word' id='word_1_425' title='bbox 2043 1759 2170 1821; x_wconf 82' lang='grc' dir='ltr'>τοὺς</span> <span class='ocrx_word' id='word_1_426' title='bbox 2188 1757 2463 1822; x_wconf 84' lang='grc' dir='ltr'>τοιούτους</span> <span class='ocrx_word' id='word_1_427' title='bbox 2496 1757 2966 1829; x_wconf 81' lang='grc' dir='ltr'>παρακειμένους,</span> <span class='ocrx_word' id='word_1_428' title='bbox 2987 1758 3061 1820; x_wconf 77' lang='grc' dir='ltr'>ὡς</span> <span class='ocrx_word' id='word_1_429' title='bbox 3095 1755 3298 1827; x_wconf 84' lang='grc' dir='ltr'>μεταξύ</span> <span class='ocrx_word' id='word_1_430' title='bbox 3329 1775 3445 1821; x_wconf 88' lang='grc' dir='ltr'>πως</span> <span class='ocrx_word' id='word_1_431' title='bbox 3475 1757 3634 1821; x_wconf 74' lang='grc' dir='ltr'>ὄντες</span> 
     </span>
    </p>
   </div>
   <div class='ocr_carea' id='block_1_60' title="bbox 2047 1848 3635 1921">
    <p class='ocr_par' dir='ltr' id='par_1_60' title="bbox 2047 1848 3635 1921">
     <span class='ocr_line' id='line_1_60' title="bbox 2047 1848 3635 1921; baseline 0 -20"><span class='ocrx_word' id='word_1_432' title='bbox 2047 1852 2112 1920; x_wconf 84' lang='grc' dir='ltr'>τῇ</span> <span class='ocrx_word' id='word_1_433' title='bbox 2145 1851 2418 1921; x_wconf 82' lang='grc' dir='ltr'>προφορᾷ,</span> <span class='ocrx_word' id='word_1_434' title='bbox 2451 1850 2561 1903; x_wconf 84' lang='grc' dir='ltr'>τῶν</span> <span class='ocrx_word' id='word_1_435' title='bbox 2597 1850 2744 1913; x_wconf 77' lang='grc' dir='ltr'>ἰδίως</span> <span class='ocrx_word' id='word_1_436' title='bbox 2777 1849 3151 1921; x_wconf 68' lang='grc' dir='ltr'>ἐνεργητικιῖΝ</span> <span class='ocrx_word' id='word_1_437' title='bbox 3181 1849 3517 1919; x_wconf 84' lang='grc' dir='ltr'>λεγομένων,</span> <span class='ocrx_word' id='word_1_438' title='bbox 3549 1848 3635 1902; x_wconf 76' lang='grc' dir='ltr'>ἔτι</span> 
     </span>
    </p>
   </div>
   <div class='ocr_carea' id='block_1_61' title="bbox 2047 1940 3638 2012">
    <p class='ocr_par' dir='ltr' id='par_1_61' title="bbox 2047 1940 3638 2012">
     <span class='ocr_line' id='line_1_61' title="bbox 2047 1940 3638 2012; baseline -0.001 -18"><span class='ocrx_word' id='word_1_439' title='bbox 2047 1942 2103 1994; x_wconf 82' lang='grc' dir='ltr'>δὲ</span> <span class='ocrx_word' id='word_1_440' title='bbox 2134 1943 2227 1993; x_wconf 70' lang='grc' dir='ltr'>καὶ</span> <span class='ocrx_word' id='word_1_441' title='bbox 2257 1942 2367 1994; x_wconf 85' lang='grc' dir='ltr'>τῶν</span> <span class='ocrx_word' id='word_1_442' title='bbox 2414 1944 2621 2010; x_wconf 71' lang='grc' dir='ltr'>μέσων.</span> <span class='ocrx_word' id='word_1_443' title='bbox 2666 1942 2733 1994; x_wconf 85' lang='grc' dir='ltr'><strong><em>Ἡ</em></strong></span> <span class='ocrx_word' id='word_1_444' title='bbox 2773 1943 2934 2012; x_wconf 86' lang='grc' dir='ltr'>χάρις</span> <span class='ocrx_word' id='word_1_445' title='bbox 2961 1942 3020 1994; x_wconf 80' lang='grc' dir='ltr'>δὲ</span> <span class='ocrx_word' id='word_1_446' title='bbox 3069 1941 3164 1996; x_wconf 77' lang='grc' dir='ltr'>τοῦ</span> <span class='ocrx_word' id='word_1_447' title='bbox 3214 1940 3532 2010; x_wconf 87' lang='grc' dir='ltr'>[Ινεύματος</span> <span class='ocrx_word' id='word_1_448' title='bbox 3570 1945 3638 1993; x_wconf 82' lang='grc' dir='ltr'>ἐκ</span> 
     </span>
    </p>
   </div>
   <div class='ocr_carea' id='block_1_62' title="bbox 2046 2034 3637 2106">
    <p class='ocr_par' dir='ltr' id='par_1_62' title="bbox 2046 2034 3637 2106">
     <span class='ocr_line' id='line_1_62' title="bbox 2046 2034 3637 2106; baseline 0 -22"><span class='ocrx_word' id='word_1_449' title='bbox 2046 2034 2139 2087; x_wconf 80' lang='grc' dir='ltr'>τοῦ</span> <span class='ocrx_word' id='word_1_450' title='bbox 2171 2035 2386 2104; x_wconf 76' lang='grc' dir='ltr'>χαίρειν</span> <span class='ocrx_word' id='word_1_451' title='bbox 2420 2034 2723 2104; x_wconf 79' lang='grc' dir='ltr'>παρῆκται,</span> <span class='ocrx_word' id='word_1_452' title='bbox 2758 2035 2984 2105; x_wconf 73' lang='grc' dir='ltr'>καὶτῆς</span> <span class='ocrx_word' id='word_1_453' title='bbox 3025 2036 3203 2106; x_wconf 78' lang='grc' dir='ltr'>χαρᾶς</span> <span class='ocrx_word' id='word_1_454' title='bbox 3241 2035 3307 2105; x_wconf 73' lang='grc' dir='ltr'>ἢν</span> <span class='ocrx_word' id='word_1_455' title='bbox 3348 2034 3637 2106; x_wconf 74' lang='grc' dir='ltr'>χαίρουσιν</span> 
     </span>
    </p>
   </div>
   <div class='ocr_carea' id='block_1_63' title="bbox 2048 2124 3638 2198">
    <p class='ocr_par' dir='ltr' id='par_1_63' title="bbox 2048 2124 3638 2198">
     <span class='ocr_line' id='line_1_63' title="bbox 2048 2124 3638 2198; baseline 0.001 -22"><span class='ocrx_word' id='word_1_456' title='bbox 2048 2124 2098 2176; x_wconf 85' lang='grc' dir='ltr'>οί</span> <span class='ocrx_word' id='word_1_457' title='bbox 2159 2128 2542 2195; x_wconf 77' lang='grc' dir='ltr'>πνευματικοὶ,</span> <span class='ocrx_word' id='word_1_458' title='bbox 2596 2126 2658 2178; x_wconf 83' lang='grc' dir='ltr'>τὸ</span> <span class='ocrx_word' id='word_1_459' title='bbox 2706 2126 2895 2194; x_wconf 69' lang='grc' dir='ltr'>ἐφετὸν</span> <span class='ocrx_word' id='word_1_460' title='bbox 2947 2126 3182 2198; x_wconf 76' lang='grc' dir='ltr'>ἔχοντες,</span> <span class='ocrx_word' id='word_1_461' title='bbox 3237 2126 3333 2179; x_wconf 75' lang='grc' dir='ltr'>καὶ</span> <span class='ocrx_word' id='word_1_462' title='bbox 3381 2124 3448 2179; x_wconf 83' lang='grc' dir='ltr'>δι’</span> <span class='ocrx_word' id='word_1_463' title='bbox 3500 2125 3638 2178; x_wconf 82' lang='grc' dir='ltr'>αὐτὸ</span> 
     </span>
    </p>
   </div>
   <div class='ocr_carea' id='block_1_64' title="bbox 2049 2217 3633 2289">
    <p class='ocr_par' dir='ltr' id='par_1_64' title="bbox 2049 2217 3633 2289">
     <span class='ocr_line' id='line_1_64' title="bbox 2049 2217 3633 2289; baseline 0.001 -20"><span class='ocrx_word' id='word_1_464' title='bbox 2049 2217 2343 2286; x_wconf 76' lang='grc' dir='ltr'>ἠξιωμένοι</span> <span class='ocrx_word' id='word_1_465' title='bbox 2375 2218 2559 2271; x_wconf 86' lang='grc' dir='ltr'>θεόθεν</span> <span class='ocrx_word' id='word_1_466' title='bbox 2590 2217 2961 2287; x_wconf 83' lang='grc' dir='ltr'>εὐαγγελικῶς</span> <span class='ocrx_word' id='word_1_467' title='bbox 3002 2218 3223 2273; x_wconf 83' lang='grc' dir='ltr'>ἀκούειν</span> <span class='ocrx_word' id='word_1_468' title='bbox 3253 2220 3332 2287; x_wconf 82' lang='grc' dir='ltr'>τὸ,</span> <span class='ocrx_word' id='word_1_469' title='bbox 3363 2219 3589 2289; x_wconf 82' lang='grc' dir='ltr'>χαίρετε</span> <span class='ocrx_word' id='word_1_470' title='bbox 3615 2234 3633 2251; x_wconf 76' lang='grc' dir='ltr'><strong><em>ο</em></strong></span> 
     </span>
    </p>
   </div>
   <div class='ocr_carea' id='block_1_65' title="bbox 2050 2307 3633 2382">
    <p class='ocr_par' dir='ltr' id='par_1_65' title="bbox 2050 2307 3633 2382">
     <span class='ocr_line' id='line_1_65' title="bbox 2050 2307 3633 2382; baseline 0.003 -22"><span class='ocrx_word' id='word_1_471' title='bbox 2050 2307 2125 2370; x_wconf 80' lang='grc' dir='ltr'>ὡς</span> <span class='ocrx_word' id='word_1_472' title='bbox 2153 2310 2262 2379; x_wconf 86' lang='grc' dir='ltr'>γάρ</span> <span class='ocrx_word' id='word_1_473' title='bbox 2295 2327 2428 2378; x_wconf 67' lang='grc' dir='ltr'>φασι</span> <span class='ocrx_word' id='word_1_474' title='bbox 2460 2311 2665 2380; x_wconf 80' lang='grc' dir='ltr'>κιθάρα</span> <span class='ocrx_word' id='word_1_475' title='bbox 2693 2311 2935 2382; x_wconf 85' lang='grc' dir='ltr'>κίθαρις,</span> <span class='ocrx_word' id='word_1_476' title='bbox 2970 2311 3114 2364; x_wconf 78' lang='grc' dir='ltr'>οὕτω</span> <span class='ocrx_word' id='word_1_477' title='bbox 3152 2312 3251 2364; x_wconf 82' lang='grc' dir='ltr'>καὶ</span> <span class='ocrx_word' id='word_1_478' title='bbox 3272 2312 3417 2381; x_wconf 86' lang='grc' dir='ltr'>χαρᾶ</span> <span class='ocrx_word' id='word_1_479' title='bbox 3447 2311 3633 2381; x_wconf 84' lang='grc' dir='ltr'>χάρις.</span> 
     </span>
    </p>
   </div>
   <div class='ocr_carea' id='block_1_66' title="bbox 2209 2402 3490 2474">
    <p class='ocr_par' dir='ltr' id='par_1_66' title="bbox 2209 2402 3490 2474">
     <span class='ocr_line' id='line_1_66' title="bbox 2209 2402 3490 2474; baseline 0.002 -18"><span class='ocrx_word' id='word_1_480' title='bbox 2209 2402 2541 2471; x_wconf 83' lang='grc' dir='ltr'>Τροπάριον</span> <span class='ocrx_word' id='word_1_481' title='bbox 2567 2404 2853 2472; x_wconf 83' lang='grc' dir='ltr'>δεύτερον</span> <span class='ocrx_word' id='word_1_482' title='bbox 2881 2403 2993 2472; x_wconf 83' lang='grc' dir='ltr'>τῆς</span> <span class='ocrx_word' id='word_1_483' title='bbox 3022 2403 3282 2472; x_wconf 69' lang='grc' dir='ltr'>ἐννάτης</span> <span class='ocrx_word' id='word_1_484' title='bbox 3311 2402 3490 2474; x_wconf 84' lang='grc' dir='ltr'>ῷδης.</span> 
     </span>
    </p>
   </div>
   <div class='ocr_carea' id='block_1_67' title="bbox 2123 2492 3457 2568">
    <p class='ocr_par' dir='ltr' id='par_1_67' title="bbox 2123 2492 3457 2568">
     <span class='ocr_line' id='line_1_67' title="bbox 2123 2492 3457 2568; baseline 0.002 -21"><span class='ocrx_word' id='word_1_485' title='bbox 2123 2492 2335 2548; x_wconf 78' lang='lat' dir='ltr'>XXVII.</span> <span class='ocrx_word' id='word_1_486' title='bbox 2376 2493 2566 2558; x_wconf 72' lang='grc' dir='ltr'>Ὀσεις</span> <span class='ocrx_word' id='word_1_487' title='bbox 2592 2495 2857 2549; x_wconf 80' lang='grc' dir='ltr'>ἐπνευσεν</span> <span class='ocrx_word' id='word_1_488' title='bbox 2893 2497 2927 2567; x_wconf 82' lang='grc' dir='ltr'><strong>ή</strong></span> <span class='ocrx_word' id='word_1_489' title='bbox 2956 2495 3249 2567; x_wconf 76' lang='grc' dir='ltr'>θεόρῤυτος</span> <span class='ocrx_word' id='word_1_490' title='bbox 3274 2497 3457 2568; x_wconf 88' lang='grc' dir='ltr'>χάρις,</span> 
     </span>
    </p>
   </div>
   <div class='ocr_carea' id='block_1_68' title="bbox 2368 2585 3591 2661">
    <p class='ocr_par' dir='ltr' id='par_1_68' title="bbox 2368 2585 3591 2661">
     <span class='ocr_line' id='line_1_68' title="bbox 2368 2585 3591 2661; baseline 0.002 -21"><span class='ocrx_word' id='word_1_491' title='bbox 2368 2585 2718 2655; x_wconf 89' lang='grc' dir='ltr'>Δάμποντες,</span> <span class='ocrx_word' id='word_1_492' title='bbox 2747 2587 3174 2655; x_wconf 81' lang='grc' dir='ltr'>ἀστράπτοντες,</span> <span class='ocrx_word' id='word_1_493' title='bbox 3206 2588 3591 2661; x_wconf 76' lang='grc' dir='ltr'>ἠλλοιωμένοι,</span> 
     </span>
    </p>
   </div>
   <div class='ocr_carea' id='block_1_69' title="bbox 2381 2679 3474 2754">
    <p class='ocr_par' dir='ltr' id='par_1_69' title="bbox 2381 2679 3474 2754">
     <span class='ocr_line' id='line_1_69' title="bbox 2381 2679 3474 2754; baseline 0.004 -19"><span class='ocrx_word' id='word_1_494' title='bbox 2381 2679 2632 2735; x_wconf 86' lang='grc' dir='ltr'>Ὀθνείαν</span> <span class='ocrx_word' id='word_1_495' title='bbox 2660 2681 2970 2745; x_wconf 81' lang='grc' dir='ltr'>ἀλλοίωσιν,</span> <span class='ocrx_word' id='word_1_496' title='bbox 2996 2682 3474 2754; x_wconf 78' lang='grc' dir='ltr'>εὐπρεπεστάτην,</span> 
     </span>
    </p>
   </div>
   <div class='ocr_carea' id='block_1_70' title="bbox 2381 2771 3453 2846">
    <p class='ocr_par' dir='ltr' id='par_1_70' title="bbox 2381 2771 3453 2846">
     <span class='ocr_line' id='line_1_70' title="bbox 2381 2771 3453 2846; baseline 0.003 -20"><span class='ocrx_word' id='word_1_497' title='bbox 2381 2771 2811 2840; x_wconf 80' lang='grc' dir='ltr'>Ἰσοσθενοῦσαν,</span> <span class='ocrx_word' id='word_1_498' title='bbox 2844 2774 2945 2845; x_wconf 78' lang='grc' dir='ltr'>τὴν</span> <span class='ocrx_word' id='word_1_499' title='bbox 2975 2774 3221 2846; x_wconf 78' lang='grc' dir='ltr'>ἄτμητον</span> <span class='ocrx_word' id='word_1_500' title='bbox 3250 2776 3453 2840; x_wconf 79' lang='grc' dir='ltr'>είδότες</span> 
     </span>
    </p>
   </div>
   <div class='ocr_carea' id='block_1_71' title="bbox 2368 2863 3455 2939">
    <p class='ocr_par' dir='ltr' id='par_1_71' title="bbox 2368 2863 3455 2939">
     <span class='ocr_line' id='line_1_71' title="bbox 2368 2863 3455 2939; baseline 0.008 -25"><span class='ocrx_word' id='word_1_501' title='bbox 2368 2863 2547 2933; x_wconf 77' lang='grc' dir='ltr'>Σοφὴν</span> <span class='ocrx_word' id='word_1_502' title='bbox 2573 2865 2873 2935; x_wconf 83' lang='grc' dir='ltr'>τρίφεγγον</span> <span class='ocrx_word' id='word_1_503' title='bbox 2899 2866 3091 2921; x_wconf 83' lang='grc' dir='ltr'>οὐσίαν</span> <span class='ocrx_word' id='word_1_504' title='bbox 3131 2864 3455 2939; x_wconf 77' lang='grc' dir='ltr'>δοξάζομεν.</span> 
     </span>
    </p>
   </div>
   <div class='ocr_carea' id='block_1_72' title="bbox 2127 2954 3634 3033">
    <p class='ocr_par' dir='ltr' id='par_1_72' title="bbox 2127 2954 3634 3033">
     <span class='ocr_line' id='line_1_72' title="bbox 2127 2954 3634 3033; baseline 0.005 -24"><span class='ocrx_word' id='word_1_505' title='bbox 2127 2954 2267 3016; x_wconf 77' lang='grc' dir='ltr'>σλζ⁹.</span> <span class='ocrx_word' id='word_1_506' title='bbox 2299 2954 2592 3024; x_wconf 80' lang='grc' dir='ltr'>Θεολογίας</span> <span class='ocrx_word' id='word_1_507' title='bbox 2635 2958 2827 3028; x_wconf 77' lang='grc' dir='ltr'>κρᾶμα</span> <span class='ocrx_word' id='word_1_508' title='bbox 2873 2959 2936 3013; x_wconf 80' lang='grc' dir='ltr'>τὸ</span> <span class='ocrx_word' id='word_1_509' title='bbox 2967 2960 3142 3030; x_wconf 77' lang='grc' dir='ltr'>παρὸν</span> <span class='ocrx_word' id='word_1_510' title='bbox 3190 2962 3515 3033; x_wconf 83' lang='grc' dir='ltr'>τροπάριον-</span> <span class='ocrx_word' id='word_1_511' title='bbox 3538 2963 3634 3017; x_wconf 83' lang='grc' dir='ltr'>καὶ</span> 
     </span>
    </p>
   </div>
   <div class='ocr_carea' id='block_1_73' title="bbox 2054 3047 3636 3127">
    <p class='ocr_par' dir='ltr' id='par_1_73' title="bbox 2054 3047 3636 3127">
     <span class='ocr_line' id='line_1_73' title="bbox 2054 3047 3636 3127; baseline 0.005 -25"><span class='ocrx_word' id='word_1_512' title='bbox 2054 3048 2419 3117; x_wconf 78' lang='grc' dir='ltr'>ὑπομνήσεως</span> <span class='ocrx_word' id='word_1_513' title='bbox 2470 3047 2644 3120; x_wconf 77' lang='grc' dir='ltr'>ὕμνου</span> <span class='ocrx_word' id='word_1_514' title='bbox 2707 3052 3013 3118; x_wconf 81' lang='grc' dir='ltr'>τριαδικοῦ,</span> <span class='ocrx_word' id='word_1_515' title='bbox 3066 3056 3147 3119; x_wconf 87' lang='grc' dir='ltr'>είς</span> <span class='ocrx_word' id='word_1_516' title='bbox 3209 3053 3272 3109; x_wconf 77' lang='grc' dir='ltr'>ὃν</span> <span class='ocrx_word' id='word_1_517' title='bbox 3330 3055 3636 3127; x_wconf 72' lang='grc' dir='ltr'>καταλήγει</span> 
     </span>
    </p>
   </div>
   <div class='ocr_carea' id='block_1_74' title="bbox 1980 3140 3635 3235">
    <p class='ocr_par' dir='ltr' id='par_1_74' title="bbox 1980 3140 3635 3235">
     <span class='ocr_line' id='line_1_74' title="bbox 1980 3140 3635 3235; baseline 0.005 -40"><span class='ocrx_word' id='word_1_518' title='bbox 1980 3176 2025 3235; x_wconf 72' lang='lat' dir='ltr'><strong>c</strong></span> <span class='ocrx_word' id='word_1_519' title='bbox 2054 3142 2263 3213; x_wconf 79' lang='grc' dir='ltr'>ἠθικῶς</span> <span class='ocrx_word' id='word_1_520' title='bbox 2295 3144 2359 3235; x_wconf 74' lang='grc' dir='ltr'>ἐκ</span> <span class='ocrx_word' id='word_1_521' title='bbox 2408 3140 2504 3194; x_wconf 83' lang='grc' dir='ltr'>τοῦ</span> <span class='ocrx_word' id='word_1_522' title='bbox 2539 3143 2880 3214; x_wconf 78' lang='grc' dir='ltr'>ὑψηλοτάτου</span> <span class='ocrx_word' id='word_1_523' title='bbox 2931 3146 3242 3217; x_wconf 75' lang='grc' dir='ltr'>ἀρξάμενον</span> <span class='ocrx_word' id='word_1_524' title='bbox 3266 3164 3281 3179; x_wconf 74' lang='grc' dir='ltr'><strong>ο</strong></span> <span class='ocrx_word' id='word_1_525' title='bbox 3332 3149 3481 3218; x_wconf 83' lang='grc' dir='ltr'>λέγει</span> <span class='ocrx_word' id='word_1_526' title='bbox 3524 3150 3635 3220; x_wconf 76' lang='grc' dir='ltr'>γὰρ</span> 
     </span>
    </p>
   </div>
   <div class='ocr_carea' id='block_1_75' title="bbox 2054 3232 3634 3311">
    <p class='ocr_par' dir='ltr' id='par_1_75' title="bbox 2054 3232 3634 3311">
     <span class='ocr_line' id='line_1_75' title="bbox 2054 3232 3634 3311; baseline 0.008 -25"><span class='ocrx_word' id='word_1_527' title='bbox 2054 3236 2136 3286; x_wconf 87' lang='grc' dir='ltr'>ὅτι</span> <span class='ocrx_word' id='word_1_528' title='bbox 2163 3235 2307 3294; x_wconf 74' lang='grc' dir='ltr'>ὅσοις</span> <span class='ocrx_word' id='word_1_529' title='bbox 2335 3232 2598 3287; x_wconf 79' lang='grc' dir='ltr'>έπνευσεν</span> <span class='ocrx_word' id='word_1_530' title='bbox 2624 3236 2657 3306; x_wconf 83' lang='grc' dir='ltr'><strong>ή</strong></span> <span class='ocrx_word' id='word_1_531' title='bbox 2684 3235 2975 3307; x_wconf 79' lang='grc' dir='ltr'>θεὸρῤυτος</span> <span class='ocrx_word' id='word_1_532' title='bbox 2998 3239 3153 3308; x_wconf 79' lang='grc' dir='ltr'>χάρις</span> <span class='ocrx_word' id='word_1_533' title='bbox 3178 3239 3251 3303; x_wconf 81' lang='grc' dir='ltr'>ὡς</span> <span class='ocrx_word' id='word_1_534' title='bbox 3275 3241 3516 3311; x_wconf 80' lang='grc' dir='ltr'>λάμπειν</span> <span class='ocrx_word' id='word_1_535' title='bbox 3539 3246 3634 3298; x_wconf 73' lang='grc' dir='ltr'>καὶ</span> 
     </span>
    </p>
   </div>
   <div class='ocr_carea' id='block_1_76' title="bbox 2051 3328 3634 3404">
    <p class='ocr_par' dir='ltr' id='par_1_76' title="bbox 2051 3328 3634 3404">
     <span class='ocr_line' id='line_1_76' title="bbox 2051 3328 3634 3404; baseline 0.004 -25"><span class='ocrx_word' id='word_1_536' title='bbox 2051 3328 2386 3398; x_wconf 79' lang='grc' dir='ltr'>ἀστράπτειν</span> <span class='ocrx_word' id='word_1_537' title='bbox 2444 3328 2543 3382; x_wconf 78' lang='grc' dir='ltr'>καὶ</span> <span class='ocrx_word' id='word_1_538' title='bbox 2592 3329 2924 3399; x_wconf 75' lang='grc' dir='ltr'>ἠλλοιῶσθαι</span> <span class='ocrx_word' id='word_1_539' title='bbox 2975 3332 3194 3385; x_wconf 82' lang='grc' dir='ltr'>ὀθνείαν</span> <span class='ocrx_word' id='word_1_540' title='bbox 3248 3334 3419 3404; x_wconf 70' lang='grc' dir='ltr'>ἤγουν</span> <span class='ocrx_word' id='word_1_541' title='bbox 3475 3333 3634 3404; x_wconf 80' lang='grc' dir='ltr'>ξένην</span> 
     </span>
    </p>
   </div>
   <div class='ocr_carea' id='block_1_77' title="bbox 2050 3418 3633 3492">
    <p class='ocr_par' dir='ltr' id='par_1_77' title="bbox 2050 3418 3633 3492">
     <span class='ocr_line' id='line_1_77' title="bbox 2050 3418 3633 3492; baseline 0.003 -21"><span class='ocrx_word' id='word_1_542' title='bbox 2050 3418 2340 3471; x_wconf 75' lang='grc' dir='ltr'>ἀλλοίωσιν</span> <span class='ocrx_word' id='word_1_543' title='bbox 2386 3418 2841 3490; x_wconf 81' lang='grc' dir='ltr'>εὐπρεπεστάτην</span> <span class='ocrx_word' id='word_1_544' title='bbox 2884 3420 3208 3492; x_wconf 78' lang='grc' dir='ltr'>δοξάζομεν,</span> <span class='ocrx_word' id='word_1_545' title='bbox 3261 3423 3358 3477; x_wconf 73' lang='grc' dir='ltr'>καὶ</span> <span class='ocrx_word' id='word_1_546' title='bbox 3386 3422 3633 3489; x_wconf 74' lang='grc' dir='ltr'>δοξάζειν</span> 
     </span>
    </p>
   </div>
   <div class='ocr_carea' id='block_1_78' title="bbox 2051 3511 3635 3590">
    <p class='ocr_par' dir='ltr' id='par_1_78' title="bbox 2051 3511 3635 3590">
     <span class='ocr_line' id='line_1_78' title="bbox 2051 3511 3635 3590; baseline 0.005 -28"><span class='ocrx_word' id='word_1_547' title='bbox 2051 3512 2270 3574; x_wconf 81' lang='grc' dir='ltr'>πάντως</span> <span class='ocrx_word' id='word_1_548' title='bbox 2298 3511 2588 3582; x_wconf 81' lang='grc' dir='ltr'>ὀφείλομεν</span> <span class='ocrx_word' id='word_1_549' title='bbox 2626 3512 2727 3582; x_wconf 82' lang='grc' dir='ltr'>τὴν</span> <span class='ocrx_word' id='word_1_550' title='bbox 2762 3513 2932 3583; x_wconf 80' lang='grc' dir='ltr'>σοφὴν</span> <span class='ocrx_word' id='word_1_551' title='bbox 2956 3516 3253 3585; x_wconf 83' lang='grc' dir='ltr'>τρίφεγγον</span> <span class='ocrx_word' id='word_1_552' title='bbox 3287 3516 3499 3583; x_wconf 85' lang='grc' dir='ltr'>οὐσίαν,</span> <span class='ocrx_word' id='word_1_553' title='bbox 3533 3517 3635 3590; x_wconf 82' lang='grc' dir='ltr'>τὴν</span> 
     </span>
    </p>
   </div>
   <div class='ocr_carea' id='block_1_79' title="bbox 2049 3594 3634 3681">
    <p class='ocr_par' dir='ltr' id='par_1_79' title="bbox 2049 3594 3634 3681">
     <span class='ocr_line' id='line_1_79' title="bbox 2049 3594 3634 3681; baseline 0.006 -26"><span class='ocrx_word' id='word_1_554' title='bbox 2049 3603 2334 3675; x_wconf 72' lang='grc' dir='ltr'>τριαδικὴν</span> <span class='ocrx_word' id='word_1_555' title='bbox 2353 3602 2576 3674; x_wconf 81' lang='grc' dir='ltr'>δηλαδὴ,</span> <span class='ocrx_word' id='word_1_556' title='bbox 2597 3602 2840 3675; x_wconf 78' lang='grc' dir='ltr'>ἄτμητον</span> <span class='ocrx_word' id='word_1_557' title='bbox 2863 3594 3065 3669; x_wconf 74' lang='grc' dir='ltr'>ειδότες</span> <span class='ocrx_word' id='word_1_558' title='bbox 3094 3608 3265 3677; x_wconf 74' lang='grc' dir='ltr'>αὐτὴν</span> <span class='ocrx_word' id='word_1_559' title='bbox 3295 3610 3440 3662; x_wconf 63' lang='grc' dir='ltr'>κατὰ</span> <span class='ocrx_word' id='word_1_560' title='bbox 3464 3610 3525 3663; x_wconf 82' lang='grc' dir='ltr'>τὸ</span> <span class='ocrx_word' id='word_1_561' title='bbox 3554 3613 3634 3681; x_wconf 83' lang='grc' dir='ltr'>μὴ</span> 
     </span>
    </p>
   </div>
   <div class='ocr_carea' id='block_1_80' title="bbox 2049 3695 3633 3772">
    <p class='ocr_par' dir='ltr' id='par_1_80' title="bbox 2049 3695 3633 3772">
     <span class='ocr_line' id='line_1_80' title="bbox 2049 3695 3633 3772; baseline 0.006 -25"><span class='ocrx_word' id='word_1_562' title='bbox 2049 3695 2345 3763; x_wconf 83' lang='grc' dir='ltr'>τέμνεσθαι</span> <span class='ocrx_word' id='word_1_563' title='bbox 2392 3695 2641 3765; x_wconf 73' lang='grc' dir='ltr'>διαμπὰξ</span> <span class='ocrx_word' id='word_1_564' title='bbox 2687 3695 2762 3759; x_wconf 85' lang='grc' dir='ltr'>ὡς</span> <span class='ocrx_word' id='word_1_565' title='bbox 2817 3698 2914 3750; x_wconf 65' lang='grc' dir='ltr'>καὶ⁸</span> <span class='ocrx_word' id='word_1_566' title='bbox 2961 3697 3300 3768; x_wconf 76' lang='grc' dir='ltr'>χωρίζεσθαι</span> <span class='ocrx_word' id='word_1_567' title='bbox 3351 3699 3633 3772; x_wconf 79' lang='grc' dir='ltr'>ἅλλήλωνο</span> 
     </span>
    </p>
   </div>
   <div class='ocr_carea' id='block_1_81' title="bbox 2049 3786 3636 3863">
    <p class='ocr_par' dir='ltr' id='par_1_81' title="bbox 2049 3786 3636 3863">
     <span class='ocr_line' id='line_1_81' title="bbox 2049 3786 3636 3863; baseline 0.006 -23"><span class='ocrx_word' id='word_1_568' title='bbox 2049 3787 2185 3840; x_wconf 73' lang='grc' dir='ltr'>ἀλλὰ</span> <span class='ocrx_word' id='word_1_569' title='bbox 2214 3789 2296 3851; x_wconf 88' lang='grc' dir='ltr'>είς</span> <span class='ocrx_word' id='word_1_570' title='bbox 2348 3788 2520 3858; x_wconf 84' lang='grc' dir='ltr'>μόνον</span> <span class='ocrx_word' id='word_1_571' title='bbox 2561 3789 2688 3841; x_wconf 76' lang='grc' dir='ltr'>ὅσον</span> <span class='ocrx_word' id='word_1_572' title='bbox 2727 3786 3107 3842; x_wconf 86' lang='grc' dir='ltr'>πιστώσασθαι</span> <span class='ocrx_word' id='word_1_573' title='bbox 3149 3793 3244 3844; x_wconf 76' lang='grc' dir='ltr'>καὶ</span> <span class='ocrx_word' id='word_1_574' title='bbox 3279 3792 3494 3863; x_wconf 77' lang='grc' dir='ltr'>νοῆσαι,</span> <span class='ocrx_word' id='word_1_575' title='bbox 3541 3795 3636 3849; x_wconf 81' lang='grc' dir='ltr'>καὶ</span> 
     </span>
    </p>
   </div>
   <div class='ocr_carea' id='block_1_82' title="bbox 2047 3879 3634 3954">
    <p class='ocr_par' dir='ltr' id='par_1_82' title="bbox 2047 3879 3634 3954">
     <span class='ocr_line' id='line_1_82' title="bbox 2047 3879 3634 3954; baseline 0.005 -22"><span class='ocrx_word' id='word_1_576' title='bbox 2047 3879 2255 3944; x_wconf 70' lang='grc' dir='ltr'>διδάξαι</span> <span class='ocrx_word' id='word_1_577' title='bbox 2300 3881 2369 3933; x_wconf 68' lang='grc' dir='ltr'>τὰ</span> <span class='ocrx_word' id='word_1_578' title='bbox 2408 3881 2535 3948; x_wconf 82' lang='grc' dir='ltr'>τρία</span> <span class='ocrx_word' id='word_1_579' title='bbox 2582 3879 2853 3950; x_wconf 78' lang='grc' dir='ltr'>πρότωπα</span> <span class='ocrx_word' id='word_1_580' title='bbox 2896 3884 2997 3950; x_wconf 78' lang='grc' dir='ltr'>τῆς</span> <span class='ocrx_word' id='word_1_581' title='bbox 3053 3883 3185 3951; x_wconf 79' lang='grc' dir='ltr'>μιᾶς</span> <span class='ocrx_word' id='word_1_582' title='bbox 3235 3883 3524 3954; x_wconf 77' lang='grc' dir='ltr'>θεότητοςο</span> <span class='ocrx_word' id='word_1_583' title='bbox 3575 3890 3634 3941; x_wconf 87' lang='grc' dir='ltr'>ἐν</span> 
     </span>
    </p>
   </div>
   <div class='ocr_carea' id='block_1_83' title="bbox 2048 3971 3634 4045">
    <p class='ocr_par' dir='ltr' id='par_1_83' title="bbox 2048 3971 3634 4045">
     <span class='ocr_line' id='line_1_83' title="bbox 2048 3971 3634 4045; baseline 0.006 -22"><span class='ocrx_word' id='word_1_584' title='bbox 2048 3971 2258 4034; x_wconf 77' lang='grc' dir='ltr'>τούτοις</span> <span class='ocrx_word' id='word_1_585' title='bbox 2280 3971 2334 4024; x_wconf 83' lang='grc' dir='ltr'>δέ</span> <span class='ocrx_word' id='word_1_586' title='bbox 2359 3971 2583 4025; x_wconf 87' lang='grc' dir='ltr'>δύναται</span> <span class='ocrx_word' id='word_1_587' title='bbox 2609 3972 2670 4025; x_wconf 78' lang='grc' dir='ltr'>τὸ</span> <span class='ocrx_word' id='word_1_588' title='bbox 2700 3972 2999 4042; x_wconf 75' lang='grc' dir='ltr'>δοξάζομεν</span> <span class='ocrx_word' id='word_1_589' title='bbox 3023 3976 3118 4026; x_wconf 74' lang='grc' dir='ltr'>καὶ</span> <span class='ocrx_word' id='word_1_590' title='bbox 3150 3975 3634 4045; x_wconf 78' lang='grc' dir='ltr'>συμϐουλευτικῶς</span> 
     </span>
    </p>
   </div>
   <div class='ocr_carea' id='block_1_84' title="bbox 2049 4064 3630 4139">
    <p class='ocr_par' dir='ltr' id='par_1_84' title="bbox 2049 4064 3630 4139">
     <span class='ocr_line' id='line_1_84' title="bbox 2049 4064 3630 4139; baseline 0.003 -21"><span class='ocrx_word' id='word_1_591' title='bbox 2049 4064 2320 4118; x_wconf 73' lang='grc' dir='ltr'>νοεῖσθαισ</span> <span class='ocrx_word' id='word_1_592' title='bbox 2377 4067 2427 4117; x_wconf 85' lang='grc' dir='ltr'>εί</span> <span class='ocrx_word' id='word_1_593' title='bbox 2477 4065 2534 4119; x_wconf 89' lang='grc' dir='ltr'>δέ</span> <span class='ocrx_word' id='word_1_594' title='bbox 2591 4066 2669 4135; x_wconf 83' lang='grc' dir='ltr'>μὴ</span> <span class='ocrx_word' id='word_1_595' title='bbox 2722 4065 2956 4119; x_wconf 75' lang='grc' dir='ltr'>ἐκτείνει</span> <span class='ocrx_word' id='word_1_596' title='bbox 3017 4066 3116 4134; x_wconf 82' lang='grc' dir='ltr'>τὴν</span> <span class='ocrx_word' id='word_1_597' title='bbox 3176 4069 3630 4139; x_wconf 78' lang='grc' dir='ltr'>παραλήγουσαν,</span> 
     </span>
    </p>
   </div>
   <div class='ocr_carea' id='block_1_85' title="bbox 2051 4144 3633 4229">
    <p class='ocr_par' dir='ltr' id='par_1_85' title="bbox 2051 4144 3633 4229">
     <span class='ocr_line' id='line_1_85' title="bbox 2051 4144 3633 4229; baseline 0.005 -21"><span class='ocrx_word' id='word_1_598' title='bbox 2051 4156 2274 4226; x_wconf 83' lang='grc' dir='ltr'>ίωνικῆς</span> <span class='ocrx_word' id='word_1_599' title='bbox 2323 4154 2490 4209; x_wconf 76' lang='grc' dir='ltr'>τοῦτο</span> <span class='ocrx_word' id='word_1_600' title='bbox 2531 4144 2867 4226; x_wconf 80' lang='grc' dir='ltr'>ἀδιαφορίας</span> <span class='ocrx_word' id='word_1_601' title='bbox 2907 4156 3076 4213; x_wconf 89' lang='grc' dir='ltr'>ἐστίν.</span> <span class='ocrx_word' id='word_1_602' title='bbox 3126 4158 3221 4224; x_wconf 64' lang='lat' dir='ltr'>Et;</span> <span class='ocrx_word' id='word_1_603' title='bbox 3252 4157 3308 4212; x_wconf 84' lang='grc' dir='ltr'>δὲ</span> <span class='ocrx_word' id='word_1_604' title='bbox 3340 4161 3439 4229; x_wconf 82' lang='grc' dir='ltr'>τὴν</span> <span class='ocrx_word' id='word_1_605' title='bbox 3465 4161 3633 4225; x_wconf 79' lang='grc' dir='ltr'>ὅντως</span> 
     </span>
    </p>
   </div>
   <div class='ocr_carea' id='block_1_86' title="bbox 2046 4247 3709 4322">
    <p class='ocr_par' dir='ltr' id='par_1_86' title="bbox 2046 4247 3709 4322">
     <span class='ocr_line' id='line_1_86' title="bbox 2046 4247 3709 4322; baseline 0.004 -22"><span class='ocrx_word' id='word_1_606' title='bbox 2046 4247 2289 4318; x_wconf 71' lang='grc' dir='ltr'>ἄτμητον</span> <span class='ocrx_word' id='word_1_607' title='bbox 2316 4247 2700 4318; x_wconf 85' lang='grc' dir='ltr'>τριπρόσωπον</span> <span class='ocrx_word' id='word_1_608' title='bbox 2731 4249 2945 4313; x_wconf 83' lang='grc' dir='ltr'>οὐσίαν,</span> <span class='ocrx_word' id='word_1_609' title='bbox 2978 4250 3074 4302; x_wconf 76' lang='grc' dir='ltr'>καὶ</span> <span class='ocrx_word' id='word_1_610' title='bbox 3105 4250 3194 4303; x_wconf 77' lang='grc' dir='ltr'>τὸν</span> <span class='ocrx_word' id='word_1_611' title='bbox 3221 4250 3516 4322; x_wconf 78' lang='grc' dir='ltr'>εἰρημένον</span> <span class='ocrx_word' id='word_1_612' title='bbox 3544 4251 3634 4306; x_wconf 86' lang='grc' dir='ltr'>ἐπ’</span> <span class='ocrx_word' id='word_1_613' title='bbox 3704 4272 3709 4275; x_wconf 87' lang='grc'><strong>·</strong></span> 
     </span>
    </p>
   </div>
   <div class='ocr_carea' id='block_1_87' title="bbox 2048 4336 3630 4415">
    <p class='ocr_par' dir='ltr' id='par_1_87' title="bbox 2048 4336 3630 4415">
     <span class='ocr_line' id='line_1_87' title="bbox 2048 4336 3630 4415; baseline 0.006 -26"><span class='ocrx_word' id='word_1_614' title='bbox 2048 4339 2184 4407; x_wconf 79' lang='grc' dir='ltr'>αὐτῇ</span> <span class='ocrx_word' id='word_1_615' title='bbox 2220 4336 2367 4402; x_wconf 82' lang='grc' dir='ltr'>νοῦν,</span> <span class='ocrx_word' id='word_1_616' title='bbox 2400 4338 2738 4409; x_wconf 89' lang='grc' dir='ltr'>ἐνθυμητέον</span> <span class='ocrx_word' id='word_1_617' title='bbox 2769 4339 2864 4392; x_wconf 82' lang='grc' dir='ltr'>καὶ</span> <span class='ocrx_word' id='word_1_618' title='bbox 2891 4341 2981 4394; x_wconf 69' lang='grc' dir='ltr'>τὸν</span> <span class='ocrx_word' id='word_1_619' title='bbox 3018 4342 3197 4409; x_wconf 88' lang='grc' dir='ltr'>μέγαν</span> <span class='ocrx_word' id='word_1_620' title='bbox 3229 4345 3382 4411; x_wconf 75' lang='grc' dir='ltr'>ἅγιον</span> <span class='ocrx_word' id='word_1_621' title='bbox 3412 4343 3471 4408; x_wconf 81' lang='grc' dir='ltr'>ὃς</span> <span class='ocrx_word' id='word_1_622' title='bbox 3499 4344 3630 4415; x_wconf 76' lang='grc' dir='ltr'>ἔφη,</span> 
     </span>
    </p>
   </div>
   <div class='ocr_carea' id='block_1_88' title="bbox 2047 4427 3631 4508">
    <p class='ocr_par' dir='ltr' id='par_1_88' title="bbox 2047 4427 3631 4508">
     <span class='ocr_line' id='line_1_88' title="bbox 2047 4427 3631 4508; baseline 0.004 -26"><span class='ocrx_word' id='word_1_623' title='bbox 2047 4427 2162 4497; x_wconf 71' lang='grc' dir='ltr'>ἅμα</span> <span class='ocrx_word' id='word_1_624' title='bbox 2185 4428 2263 4498; x_wconf 77' lang='grc' dir='ltr'>τῷ</span> <span class='ocrx_word' id='word_1_625' title='bbox 2289 4429 2496 4497; x_wconf 84' lang='grc' dir='ltr'>τεμεῖν,</span> <span class='ocrx_word' id='word_1_626' title='bbox 2527 4429 2921 4483; x_wconf 86' lang='grc' dir='ltr'>ἐπισυνάπτειν</span> <span class='ocrx_word' id='word_1_627' title='bbox 2944 4431 3012 4483; x_wconf 77' lang='grc' dir='ltr'>τὰ</span> <span class='ocrx_word' id='word_1_628' title='bbox 3039 4431 3238 4501; x_wconf 89' lang='grc' dir='ltr'>ἄτομα,</span> <span class='ocrx_word' id='word_1_629' title='bbox 3268 4433 3436 4503; x_wconf 70' lang='grc' dir='ltr'>ἤγουν</span> <span class='ocrx_word' id='word_1_630' title='bbox 3461 4437 3527 4487; x_wconf 74' lang='grc' dir='ltr'>τὰ</span> <span class='ocrx_word' id='word_1_631' title='bbox 3554 4435 3631 4508; x_wconf 80' lang='grc' dir='ltr'>μὴ</span> 
     </span>
    </p>
   </div>
   <div class='ocr_carea' id='block_1_89' title="bbox 373 4502 1946 4599">
    <p class='ocr_par' dir='ltr' id='par_1_89' title="bbox 373 4502 1942 4569">
     <span class='ocr_line' id='line_1_89' title="bbox 373 4502 1942 4569; baseline 0.002 -14"><span class='ocrx_word' id='word_1_632' title='bbox 373 4503 511 4555; x_wconf 81' lang='lat' dir='ltr'><strong>dixit</strong></span> <span class='ocrx_word' id='word_1_633' title='bbox 538 4502 700 4555; x_wconf 87' lang='lat' dir='ltr'><strong>simul</strong></span> <span class='ocrx_word' id='word_1_634' title='bbox 723 4517 785 4556; x_wconf 84' lang='lat' dir='ltr'>ac</span> <span class='ocrx_word' id='word_1_635' title='bbox 807 4502 1155 4566; x_wconf 74' lang='lat' dir='ltr'><strong>scinduntur,</strong></span> <span class='ocrx_word' id='word_1_636' title='bbox 1182 4502 1345 4556; x_wconf 86' lang='lat' dir='ltr'><strong>etiam</strong></span> <span class='ocrx_word' id='word_1_637' title='bbox 1374 4514 1586 4557; x_wconf 87' lang='lat' dir='ltr'><strong>atomos</strong></span> <span class='ocrx_word' id='word_1_638' title='bbox 1614 4504 1942 4569; x_wconf 86' lang='lat' dir='ltr'><strong>coalescere,</strong></span> 
     </span>
    </p>
   </div>
   <div class='ocr_carea' id='block_1_90' title="bbox 2048 4502 3631 4599">
    <p class='ocr_par' dir='ltr' id='par_1_90' title="bbox 2049 4502 3631 4599">
     <span class='ocr_line' id='line_1_90' title="bbox 2049 4502 3631 4599; baseline 0.006 -28"><span class='ocrx_word' id='word_1_639' title='bbox 2049 4518 2358 4588; x_wconf 78' lang='grc' dir='ltr'>τεμνόμενα</span> <span class='ocrx_word' id='word_1_640' title='bbox 2392 4523 2534 4590; x_wconf 81' lang='grc' dir='ltr'>τομῇ</span> <span class='ocrx_word' id='word_1_641' title='bbox 2581 4521 2914 4592; x_wconf 79' lang='grc' dir='ltr'>διαιρετικῇ,</span> <span class='ocrx_word' id='word_1_642' title='bbox 2946 4523 3140 4575; x_wconf 86' lang='grc' dir='ltr'>ὁποίαν</span> <span class='ocrx_word' id='word_1_643' title='bbox 3188 4502 3427 4595; x_wconf 75' lang='grc' dir='ltr'>ἔφαμεν,</span> <span class='ocrx_word' id='word_1_644' title='bbox 3459 4502 3631 4599; x_wconf 83' lang='grc' dir='ltr'>δι’</span> 
     </span>
    </p>
   </div>
   <div class='ocr_carea' id='block_1_91' title="bbox 369 4594 1942 4664">
    <p class='ocr_par' dir='ltr' id='par_1_91' title="bbox 369 4594 1942 4664">
     <span class='ocr_line' id='line_1_91' title="bbox 369 4594 1942 4664; baseline 0.001 -16"><span class='ocrx_word' id='word_1_645' title='bbox 369 4595 484 4648; x_wconf 84' lang='lat' dir='ltr'><strong>sive</strong></span> <span class='ocrx_word' id='word_1_646' title='bbox 533 4609 639 4648; x_wconf 90' lang='lat' dir='ltr'>non</span> <span class='ocrx_word' id='word_1_647' title='bbox 693 4609 815 4649; x_wconf 87' lang='lat' dir='ltr'><strong>esse</strong></span> <span class='ocrx_word' id='word_1_648' title='bbox 868 4603 1049 4649; x_wconf 89' lang='lat' dir='ltr'><strong>sectos</strong></span> <span class='ocrx_word' id='word_1_649' title='bbox 1106 4604 1323 4649; x_wconf 88' lang='lat' dir='ltr'><strong>sectura</strong></span> <span class='ocrx_word' id='word_1_650' title='bbox 1376 4594 1677 4660; x_wconf 87' lang='lat' dir='ltr'><strong>dividente,</strong></span> <span class='ocrx_word' id='word_1_651' title='bbox 1728 4596 1942 4664; x_wconf 87' lang='lat' dir='ltr'><strong>qualem</strong></span> 
     </span>
    </p>
   </div>
   <div class='ocr_carea' id='block_1_92' title="bbox 367 4686 1944 4756">
    <p class='ocr_par' dir='ltr' id='par_1_92' title="bbox 367 4686 1944 4756">
     <span class='ocr_line' id='line_1_92' title="bbox 367 4686 1944 4756; baseline -0.001 -16"><span class='ocrx_word' id='word_1_652' title='bbox 367 4687 621 4751; x_wconf 82' lang='lat' dir='ltr'><strong>dicimus,</strong></span> <span class='ocrx_word' id='word_1_653' title='bbox 660 4701 766 4754; x_wconf 82' lang='lat' dir='ltr'>qua</span> <span class='ocrx_word' id='word_1_654' title='bbox 800 4686 1093 4756; x_wconf 81' lang='lat' dir='ltr'><strong>ﬁngeretur</strong></span> <span class='ocrx_word' id='word_1_655' title='bbox 1127 4687 1301 4739; x_wconf 86' lang='lat' dir='ltr'><strong>deitas</strong></span> <span class='ocrx_word' id='word_1_656' title='bbox 1347 4686 1401 4739; x_wconf 89' lang='lat' dir='ltr'>in</span> <span class='ocrx_word' id='word_1_657' title='bbox 1439 4687 1744 4741; x_wconf 87' lang='lat' dir='ltr'><strong>substantia</strong></span> <span class='ocrx_word' id='word_1_658' title='bbox 1780 4687 1944 4751; x_wconf 87' lang='lat' dir='ltr'><strong>trina,</strong></span> 
     </span>
    </p>
   </div>
   <div class='ocr_carea' id='block_1_93' title="bbox 370 4778 1948 4851">
    <p class='ocr_par' dir='ltr' id='par_1_93' title="bbox 370 4778 1948 4851">
     <span class='ocr_line' id='line_1_93' title="bbox 370 4778 1948 4851; baseline 0.001 -19"><span class='ocrx_word' id='word_1_659' title='bbox 370 4783 450 4834; x_wconf 86' lang='lat' dir='ltr'>vel</span> <span class='ocrx_word' id='word_1_660' title='bbox 482 4782 533 4833; x_wconf 90' lang='lat' dir='ltr'><strong>in</strong></span> <span class='ocrx_word' id='word_1_661' title='bbox 573 4786 713 4834; x_wconf 88' lang='lat' dir='ltr'><strong>trina</strong></span> <span class='ocrx_word' id='word_1_662' title='bbox 742 4781 943 4834; x_wconf 83' lang='lat' dir='ltr'><strong>deitate</strong></span> <span class='ocrx_word' id='word_1_663' title='bbox 972 4779 1299 4834; x_wconf 82' lang='lat' dir='ltr'><strong>substantia.</strong></span> <span class='ocrx_word' id='word_1_664' title='bbox 1336 4779 1400 4833; x_wconf 77' lang='lat' dir='ltr'>Et</span> <span class='ocrx_word' id='word_1_665' title='bbox 1431 4778 1506 4851; x_wconf 70' lang='lat' dir='ltr'><strong>ita</strong></span> <span class='ocrx_word' id='word_1_666' title='bbox 1538 4778 1761 4848; x_wconf 86' lang='lat' dir='ltr'><strong>quidem</strong></span> <span class='ocrx_word' id='word_1_667' title='bbox 1800 4786 1948 4835; x_wconf 85' lang='lat' dir='ltr'><strong>recte</strong></span> 
     </span>
    </p>
   </div>
   <div class='ocr_carea' id='block_1_94' title="bbox 368 4872 1518 4944">
    <p class='ocr_par' dir='ltr' id='par_1_94' title="bbox 368 4872 1518 4944">
     <span class='ocr_line' id='line_1_94' title="bbox 368 4872 1518 4944; baseline 0.002 -21"><span class='ocrx_word' id='word_1_668' title='bbox 368 4876 593 4944; x_wconf 80' lang='lat' dir='ltr'><strong>ponitur</strong></span> <span class='ocrx_word' id='word_1_669' title='bbox 626 4873 941 4943; x_wconf 87' lang='lat' dir='ltr'><strong>hujusmodi</strong></span> <span class='ocrx_word' id='word_1_670' title='bbox 967 4874 1241 4928; x_wconf 88' lang='lat' dir='ltr'><strong>sententia</strong></span> <span class='ocrx_word' id='word_1_671' title='bbox 1256 4872 1518 4941; x_wconf 68' lang='lat' dir='ltr'><strong>strophae.</strong></span> 
     </span>
    </p>
   </div>
   <div class='ocr_carea' id='block_1_95' title="bbox 436 4964 1946 5021">
    <p class='ocr_par' dir='ltr' id='par_1_95' title="bbox 436 4964 1946 5021">
     <span class='ocr_line' id='line_1_95' title="bbox 436 4964 1946 5021; baseline -0.001 -2"><span class='ocrx_word' id='word_1_672' title='bbox 436 4966 563 5021; x_wconf 74' lang='lat'>238.</span> <span class='ocrx_word' id='word_1_673' title='bbox 610 4964 717 5020; x_wconf 85' lang='lat' dir='ltr'><strong>Sed</strong></span> <span class='ocrx_word' id='word_1_674' title='bbox 763 4966 830 5020; x_wconf 89' lang='lat' dir='ltr'><strong>ad</strong></span> <span class='ocrx_word' id='word_1_675' title='bbox 878 4968 1077 5021; x_wconf 89' lang='lat' dir='ltr'><strong>melius</strong></span> <span class='ocrx_word' id='word_1_676' title='bbox 1135 4968 1316 5021; x_wconf 89' lang='lat' dir='ltr'><strong>adhuc</strong></span> <span class='ocrx_word' id='word_1_677' title='bbox 1364 4965 1756 5021; x_wconf 85' lang='lat' dir='ltr'><strong>attendendum</strong></span> <span class='ocrx_word' id='word_1_678' title='bbox 1803 4971 1888 5019; x_wconf 90' lang='lat' dir='ltr'>est</span> <span class='ocrx_word' id='word_1_679' title='bbox 1929 4980 1946 5017; x_wconf 92' lang='lat'><strong>:</strong></span> 
     </span>
    </p>
   </div>
   <div class='ocr_carea' id='block_1_96' title="bbox 369 5055 1948 5129">
    <p class='ocr_par' dir='ltr' id='par_1_96' title="bbox 369 5055 1948 5129">
     <span class='ocr_line' id='line_1_96' title="bbox 369 5055 1948 5129; baseline -0.002 -18"><span class='ocrx_word' id='word_1_680' title='bbox 369 5058 743 5112; x_wconf 85' lang='lat' dir='ltr'><strong>honorabilem</strong></span> <span class='ocrx_word' id='word_1_681' title='bbox 785 5061 869 5112; x_wconf 89' lang='lat' dir='ltr'>sui</span> <span class='ocrx_word' id='word_1_682' title='bbox 925 5059 1098 5129; x_wconf 87' lang='lat' dir='ltr'><strong>ipsius</strong></span> <span class='ocrx_word' id='word_1_683' title='bbox 1155 5057 1593 5127; x_wconf 72' lang='lat' dir='ltr'><strong>praedicationem</strong></span> <span class='ocrx_word' id='word_1_684' title='bbox 1649 5055 1723 5111; x_wconf 92' lang='lat' dir='ltr'>ibi</span> <span class='ocrx_word' id='word_1_685' title='bbox 1786 5063 1948 5126; x_wconf 87' lang='lat' dir='ltr'><strong>poeta</strong></span> 
     </span>
    </p>
   </div>
   <div class='ocr_carea' id='block_1_97' title="bbox 370 5146 1945 5218">
    <p class='ocr_par' dir='ltr' id='par_1_97' title="bbox 370 5146 1945 5218">
     <span class='ocr_line' id='line_1_97' title="bbox 370 5146 1945 5218; baseline -0.001 -16"><span class='ocrx_word' id='word_1_686' title='bbox 370 5150 613 5218; x_wconf 82' lang='lat' dir='ltr'><strong>exponit,</strong></span> <span class='ocrx_word' id='word_1_687' title='bbox 683 5149 739 5201; x_wconf 92' lang='lat' dir='ltr'>in</span> <span class='ocrx_word' id='word_1_688' title='bbox 797 5148 1187 5203; x_wconf 85' lang='lat' dir='ltr'><strong>communione</strong></span> <span class='ocrx_word' id='word_1_689' title='bbox 1254 5147 1544 5202; x_wconf 80' lang='lat' dir='ltr'><strong>commode</strong></span> <span class='ocrx_word' id='word_1_690' title='bbox 1610 5146 1945 5200; x_wconf 88' lang='lat' dir='ltr'><strong>latitantem.</strong></span> 
     </span>
    </p>
   </div>
   <div class='ocr_carea' id='block_1_98' title="bbox 368 5233 1946 5311">
    <p class='ocr_par' dir='ltr' id='par_1_98' title="bbox 368 5233 1946 5311">
     <span class='ocr_line' id='line_1_98' title="bbox 368 5233 1946 5311; baseline -0.004 -17"><span class='ocrx_word' id='word_1_691' title='bbox 368 5240 633 5297; x_wconf 86' lang='lat' dir='ltr'><strong>Sermone</strong></span> <span class='ocrx_word' id='word_1_692' title='bbox 674 5255 909 5311; x_wconf 86' lang='lat' dir='ltr'><strong>namque</strong></span> <span class='ocrx_word' id='word_1_693' title='bbox 944 5241 1174 5295; x_wconf 88' lang='lat' dir='ltr'><strong>laudans</strong></span> <span class='ocrx_word' id='word_1_694' title='bbox 1217 5252 1312 5293; x_wconf 88' lang='lat' dir='ltr'>eos</span> <span class='ocrx_word' id='word_1_695' title='bbox 1354 5239 1449 5309; x_wconf 92' lang='lat' dir='ltr'><strong>qui</strong></span> <span class='ocrx_word' id='word_1_696' title='bbox 1484 5246 1731 5293; x_wconf 79' lang='lat' dir='ltr'><strong>sanctam</strong></span> <span class='ocrx_word' id='word_1_697' title='bbox 1763 5233 1946 5288; x_wconf 85' lang='lat' dir='ltr'><strong>Trini-</strong></span> 
     </span>
    </p>
   </div>
   <div class='ocr_carea' id='block_1_99' title="bbox 369 5328 1950 5403">
    <p class='ocr_par' dir='ltr' id='par_1_99' title="bbox 369 5328 1950 5403">
     <span class='ocr_line' id='line_1_99' title="bbox 369 5328 1950 5403; baseline -0.004 -16"><span class='ocrx_word' id='word_1_698' title='bbox 369 5342 533 5387; x_wconf 80' lang='lat' dir='ltr'><strong>tatem</strong></span> <span class='ocrx_word' id='word_1_699' title='bbox 575 5334 899 5403; x_wconf 79' lang='lat' dir='ltr'><strong>gloriﬁcant,</strong></span> <span class='ocrx_word' id='word_1_700' title='bbox 951 5333 1008 5386; x_wconf 92' lang='lat' dir='ltr'>in</span> <span class='ocrx_word' id='word_1_701' title='bbox 1061 5346 1353 5387; x_wconf 90' lang='lat' dir='ltr'><strong>commune</strong></span> <span class='ocrx_word' id='word_1_702' title='bbox 1398 5345 1521 5385; x_wconf 83' lang='lat' dir='ltr'><strong>sese</strong></span> <span class='ocrx_word' id='word_1_703' title='bbox 1566 5344 1793 5401; x_wconf 85' lang='lat' dir='ltr'><strong>prorsus</strong></span> <span class='ocrx_word' id='word_1_704' title='bbox 1842 5328 1950 5381; x_wconf 92' lang='lat' dir='ltr'>im-</span> 
     </span>
    </p>
   </div>
   <div class='ocr_carea' id='block_1_100' title="bbox 371 5418 1945 5492">
    <p class='ocr_par' dir='ltr' id='par_1_100' title="bbox 371 5418 1945 5492">
     <span class='ocr_line' id='line_1_100' title="bbox 371 5418 1945 5492; baseline -0.005 -12"><span class='ocrx_word' id='word_1_705' title='bbox 371 5429 564 5480; x_wconf 85' lang='lat' dir='ltr'><strong>miscet</strong></span> <span class='ocrx_word' id='word_1_706' title='bbox 593 5434 851 5492; x_wconf 86' lang='lat' dir='ltr'><strong>tanquam</strong></span> <span class='ocrx_word' id='word_1_707' title='bbox 882 5424 975 5492; x_wconf 87' lang='lat' dir='ltr'>qui</span> <span class='ocrx_word' id='word_1_708' title='bbox 1026 5423 1235 5478; x_wconf 91' lang='lat' dir='ltr'><strong>melode</strong></span> <span class='ocrx_word' id='word_1_709' title='bbox 1260 5433 1314 5477; x_wconf 89' lang='lat' dir='ltr'>et</span> <span class='ocrx_word' id='word_1_710' title='bbox 1354 5421 1766 5490; x_wconf 78' lang='lat' dir='ltr'><strong>magniﬁcenter</strong></span> <span class='ocrx_word' id='word_1_711' title='bbox 1791 5418 1945 5474; x_wconf 90' lang='lat' dir='ltr'><strong>illam</strong></span> 
     </span>
    </p>
   </div>
   <div class='ocr_carea' id='block_1_101' title="bbox 371 5511 1951 5582">
    <p class='ocr_par' dir='ltr' id='par_1_101' title="bbox 371 5511 1951 5582">
     <span class='ocr_line' id='line_1_101' title="bbox 371 5511 1951 5582; baseline -0.005 -10"><span class='ocrx_word' id='word_1_712' title='bbox 371 5517 671 5572; x_wconf 80' lang='lat' dir='ltr'><strong>celebravit</strong></span> <span class='ocrx_word' id='word_1_713' title='bbox 704 5526 757 5569; x_wconf 90' lang='lat' dir='ltr'>et</span> <span class='ocrx_word' id='word_1_714' title='bbox 792 5514 863 5568; x_wconf 89' lang='lat' dir='ltr'>ita</span> <span class='ocrx_word' id='word_1_715' title='bbox 912 5514 1257 5582; x_wconf 83' lang='lat' dir='ltr'><strong>glorillcavit.</strong></span> <span class='ocrx_word' id='word_1_716' title='bbox 1298 5512 1437 5568; x_wconf 86' lang='lat' dir='ltr'><strong>Dicit</strong></span> <span class='ocrx_word' id='word_1_717' title='bbox 1475 5529 1607 5582; x_wconf 86' lang='lat' dir='ltr'><strong>ergo</strong></span> <span class='ocrx_word' id='word_1_718' title='bbox 1654 5528 1670 5567; x_wconf 88' lang='lat'>:</span> <span class='ocrx_word' id='word_1_719' title='bbox 1718 5511 1951 5578; x_wconf 87' lang='lat' dir='ltr'><strong>Quibus-</strong></span> 
     </span>
    </p>
   </div>
   <div class='ocr_carea' id='block_1_102' title="bbox 369 5597 1946 5676">
    <p class='ocr_par' dir='ltr' id='par_1_102' title="bbox 369 5597 1946 5676">
     <span class='ocr_line' id='line_1_102' title="bbox 369 5597 1946 5676; baseline -0.007 -14"><span class='ocrx_word' id='word_1_720' title='bbox 369 5621 588 5676; x_wconf 87' lang='lat' dir='ltr'><strong>eunque</strong></span> <span class='ocrx_word' id='word_1_721' title='bbox 636 5620 705 5660; x_wconf 78' lang='lat' dir='ltr'><strong>ex</strong></span> <span class='ocrx_word' id='word_1_722' title='bbox 761 5602 1217 5672; x_wconf 88' lang='lat' dir='ltr'><strong>nobislspiravit</strong></span> <span class='ocrx_word' id='word_1_723' title='bbox 1278 5602 1517 5671; x_wconf 82' lang='lat' dir='ltr'><strong>Spiritus</strong></span> <span class='ocrx_word' id='word_1_724' title='bbox 1581 5599 1779 5671; x_wconf 86' lang='lat' dir='ltr'><strong>gratia,</strong></span> <span class='ocrx_word' id='word_1_725' title='bbox 1842 5597 1946 5667; x_wconf 90' lang='lat' dir='ltr'><strong>ipsi</strong></span> 
     </span>
    </p>
   </div>
   <div class='ocr_carea' id='block_1_103' title="bbox 372 5695 1953 5772">
    <p class='ocr_par' dir='ltr' id='par_1_103' title="bbox 372 5695 1953 5772">
     <span class='ocr_line' id='line_1_103' title="bbox 372 5695 1953 5772; baseline -0.006 -16"><span class='ocrx_word' id='word_1_726' title='bbox 372 5716 623 5772; x_wconf 86' lang='lat' dir='ltr'><strong>prorsus,</strong></span> <span class='ocrx_word' id='word_1_727' title='bbox 655 5698 980 5768; x_wconf 72' lang='lat' dir='ltr'><strong>huiusmodi</strong></span> <span class='ocrx_word' id='word_1_728' title='bbox 1025 5695 1206 5765; x_wconf 85' lang='lat' dir='ltr'><strong>gratia</strong></span> <span class='ocrx_word' id='word_1_729' title='bbox 1260 5695 1529 5762; x_wconf 89' lang='lat' dir='ltr'><strong>lucentes,</strong></span> <span class='ocrx_word' id='word_1_730' title='bbox 1585 5704 1640 5749; x_wconf 89' lang='lat' dir='ltr'>et</span> <span class='ocrx_word' id='word_1_731' title='bbox 1694 5703 1953 5747; x_wconf 80' lang='lat' dir='ltr'><strong>extranee</strong></span> 
     </span>
    </p>
   </div>
   <div class='ocr_carea' id='block_1_104' title="bbox 372 5786 1944 5862">
    <p class='ocr_par' dir='ltr' id='par_1_104' title="bbox 372 5786 1944 5862">
     <span class='ocr_line' id='line_1_104' title="bbox 372 5786 1944 5862; baseline -0.003 -11"><span class='ocrx_word' id='word_1_732' title='bbox 372 5793 587 5862; x_wconf 86' lang='lat' dir='ltr'><strong>mutati,</strong></span> <span class='ocrx_word' id='word_1_733' title='bbox 639 5802 696 5851; x_wconf 89' lang='lat' dir='ltr'>et</span> <span class='ocrx_word' id='word_1_734' title='bbox 743 5790 1005 5861; x_wconf 81' lang='lat' dir='ltr'><strong>aequalem</strong></span> <span class='ocrx_word' id='word_1_735' title='bbox 1058 5796 1264 5845; x_wconf 80' lang='lat' dir='ltr'><strong>sanctae</strong></span> <span class='ocrx_word' id='word_1_736' title='bbox 1313 5786 1603 5848; x_wconf 86' lang='lat' dir='ltr'><strong>Trinitatis</strong></span> <span class='ocrx_word' id='word_1_737' title='bbox 1649 5790 1944 5857; x_wconf 88' lang='lat' dir='ltr'><strong>potentiam</strong></span> 
     </span>
    </p>
   </div>
   <div class='ocr_carea' id='block_1_105' title="bbox 2045 4607 3628 4686">
    <p class='ocr_par' dir='ltr' id='par_1_105' title="bbox 2045 4607 3628 4686">
     <span class='ocr_line' id='line_1_105' title="bbox 2045 4607 3628 4686; baseline 0.006 -24"><span class='ocrx_word' id='word_1_738' title='bbox 2045 4607 2315 4677; x_wconf 71' lang='grc' dir='ltr'>τριούσιες</span> <span class='ocrx_word' id='word_1_739' title='bbox 2351 4610 2682 4679; x_wconf 76' lang='grc' dir='ltr'>φαντάζοιτο</span> <span class='ocrx_word' id='word_1_740' title='bbox 2734 4611 2804 4665; x_wconf 75' lang='grc' dir='ltr'>ἂν</span> <span class='ocrx_word' id='word_1_741' title='bbox 2861 4611 3056 4680; x_wconf 85' lang='grc' dir='ltr'>θεότης</span> <span class='ocrx_word' id='word_1_742' title='bbox 3097 4613 3130 4683; x_wconf 84' lang='grc' dir='ltr'>ἦ</span> <span class='ocrx_word' id='word_1_743' title='bbox 3177 4615 3336 4668; x_wconf 80' lang='grc' dir='ltr'>οὐσία</span> <span class='ocrx_word' id='word_1_744' title='bbox 3379 4616 3628 4686; x_wconf 79' lang='grc' dir='ltr'>τρέθεος·</span> 
     </span>
    </p>
   </div>
   <div class='ocr_carea' id='block_1_106' title="bbox 2047 4697 3629 4779">
    <p class='ocr_par' dir='ltr' id='par_1_106' title="bbox 2047 4697 3629 4779">
     <span class='ocr_line' id='line_1_106' title="bbox 2047 4697 3629 4779; baseline 0.006 -28"><span class='ocrx_word' id='word_1_745' title='bbox 2047 4700 2144 4751; x_wconf 77' lang='grc' dir='ltr'>καὶ</span> <span class='ocrx_word' id='word_1_746' title='bbox 2191 4697 2335 4751; x_wconf 75' lang='grc' dir='ltr'>οὕτω</span> <span class='ocrx_word' id='word_1_747' title='bbox 2390 4701 2490 4772; x_wconf 76' lang='grc' dir='ltr'>μὶν</span> <span class='ocrx_word' id='word_1_748' title='bbox 2521 4699 2702 4770; x_wconf 66' lang='grc' dir='ltr'>ἀρθῶς</span> <span class='ocrx_word' id='word_1_749' title='bbox 2742 4701 3014 4755; x_wconf 83' lang='grc' dir='ltr'>διάκειται</span> <span class='ocrx_word' id='word_1_750' title='bbox 3043 4705 3075 4773; x_wconf 84' lang='grc' dir='ltr'><strong>ἡ</strong></span> <span class='ocrx_word' id='word_1_751' title='bbox 3106 4705 3331 4777; x_wconf 78' lang='grc' dir='ltr'>τοιαύτη</span> <span class='ocrx_word' id='word_1_752' title='bbox 3381 4707 3476 4761; x_wconf 84' lang='grc' dir='ltr'>τοῦ</span> <span class='ocrx_word' id='word_1_753' title='bbox 3502 4724 3629 4779; x_wconf 84' lang='grc' dir='ltr'>τρο-</span> 
     </span>
    </p>
   </div>
   <div class='ocr_carea' id='block_1_107' title="bbox 2049 4792 2484 4863">
    <p class='ocr_par' dir='ltr' id='par_1_107' title="bbox 2049 4792 2484 4863">
     <span class='ocr_line' id='line_1_107' title="bbox 2049 4792 2484 4863; baseline 0.007 -19"><span class='ocrx_word' id='word_1_754' title='bbox 2049 4793 2249 4863; x_wconf 81' lang='grc' dir='ltr'>παρίου</span> <span class='ocrx_word' id='word_1_755' title='bbox 2283 4792 2484 4849; x_wconf 71' lang='grc' dir='ltr'>ἔννοια.</span> 
     </span>
    </p>
   </div>
   <div class='ocr_carea' id='block_1_108' title="bbox 2119 4963 3634 5045">
    <p class='ocr_par' dir='ltr' id='par_1_108' title="bbox 2119 4963 3634 5045">
     <span class='ocr_line' id='line_1_108' title="bbox 2119 4963 3634 5045; baseline 0.002 -24"><span class='ocrx_word' id='word_1_756' title='bbox 2119 4963 2257 5036; x_wconf 76' lang='grc' dir='ltr'>σλη’.</span> <span class='ocrx_word' id='word_1_757' title='bbox 2325 4967 2631 5022; x_wconf 78' lang='grc' dir='ltr'>Ἐπιὸαλεῖν</span> <span class='ocrx_word' id='word_1_758' title='bbox 2673 4967 2732 5023; x_wconf 74' lang='grc' dir='ltr'>δέ</span> <span class='ocrx_word' id='word_1_759' title='bbox 2777 4969 2947 5023; x_wconf 75' lang='grc' dir='ltr'>εἰσέτι</span> <span class='ocrx_word' id='word_1_760' title='bbox 2975 4970 3228 5025; x_wconf 88' lang='grc' dir='ltr'>κάλλιον·</span> <span class='ocrx_word' id='word_1_761' title='bbox 3291 4972 3493 5045; x_wconf 82' lang='grc' dir='ltr'>σεμνὴν</span> <span class='ocrx_word' id='word_1_762' title='bbox 3536 4989 3634 5026; x_wconf 81' lang='grc' dir='ltr'>πε-</span> 
     </span>
    </p>
   </div>
   <div class='ocr_carea' id='block_1_109' title="bbox 2050 5058 3632 5133">
    <p class='ocr_par' dir='ltr' id='par_1_109' title="bbox 2050 5058 3632 5133">
     <span class='ocr_line' id='line_1_109' title="bbox 2050 5058 3632 5133; baseline 0.005 -24"><span class='ocrx_word' id='word_1_763' title='bbox 2050 5058 2431 5129; x_wconf 83' lang='grc' dir='ltr'>ριαυτολογίαν</span> <span class='ocrx_word' id='word_1_764' title='bbox 2480 5059 2509 5111; x_wconf 83' lang='grc' dir='ltr'>δ</span> <span class='ocrx_word' id='word_1_765' title='bbox 2564 5059 2802 5130; x_wconf 79' lang='grc' dir='ltr'>μελῳδὸς</span> <span class='ocrx_word' id='word_1_766' title='bbox 2850 5060 3086 5116; x_wconf 80' lang='grc' dir='ltr'>ἐνταῦθα</span> <span class='ocrx_word' id='word_1_767' title='bbox 3131 5063 3382 5133; x_wconf 88' lang='grc' dir='ltr'>ἐκτίθησι</span> <span class='ocrx_word' id='word_1_768' title='bbox 3434 5064 3632 5117; x_wconf 74' lang='grc' dir='ltr'>λανθά-</span> 
     </span>
    </p>
   </div>
   <div class='ocr_carea' id='block_1_110' title="bbox 2049 5148 3632 5225">
    <p class='ocr_par' dir='ltr' id='par_1_110' title="bbox 2049 5148 3632 5225">
     <span class='ocr_line' id='line_1_110' title="bbox 2049 5148 3632 5225; baseline 0.006 -25"><span class='ocrx_word' id='word_1_769' title='bbox 2049 5165 2247 5201; x_wconf 82' lang='grc' dir='ltr'>νουσαν</span> <span class='ocrx_word' id='word_1_770' title='bbox 2298 5148 2604 5220; x_wconf 85' lang='grc' dir='ltr'>εὐμεθόδως</span> <span class='ocrx_word' id='word_1_771' title='bbox 2645 5151 2735 5204; x_wconf 84' lang='grc' dir='ltr'>διὰ</span> <span class='ocrx_word' id='word_1_772' title='bbox 2778 5158 3227 5224; x_wconf 76' lang='grc' dir='ltr'>κοινοποιησεως.</span> <span class='ocrx_word' id='word_1_773' title='bbox 3277 5156 3632 5225; x_wconf 70' lang='grc' dir='ltr'>Σεμνολογῶν</span> 
     </span>
    </p>
   </div>
   <div class='ocr_carea' id='block_1_111' title="bbox 2053 5240 3633 5315">
    <p class='ocr_par' dir='ltr' id='par_1_111' title="bbox 2053 5240 3633 5315">
     <span class='ocr_line' id='line_1_111' title="bbox 2053 5240 3633 5315; baseline 0.003 -21"><span class='ocrx_word' id='word_1_774' title='bbox 2053 5240 2164 5310; x_wconf 83' lang='grc' dir='ltr'>γὰρ</span> <span class='ocrx_word' id='word_1_775' title='bbox 2196 5242 2322 5304; x_wconf 83' lang='grc' dir='ltr'>τοὺς</span> <span class='ocrx_word' id='word_1_776' title='bbox 2358 5242 2457 5312; x_wconf 80' lang='grc' dir='ltr'>τὴν</span> <span class='ocrx_word' id='word_1_777' title='bbox 2490 5242 2652 5310; x_wconf 85' lang='grc' dir='ltr'>ἁγίαν</span> <span class='ocrx_word' id='word_1_778' title='bbox 2688 5243 2897 5313; x_wconf 87' lang='grc' dir='ltr'>Τριᾶδα</span> <span class='ocrx_word' id='word_1_779' title='bbox 2924 5244 3271 5312; x_wconf 77' lang='grc' dir='ltr'>δοξάζοντας,</span> <span class='ocrx_word' id='word_1_780' title='bbox 3310 5248 3633 5315; x_wconf 78' lang='grc' dir='ltr'>συνεισάγει</span> 
     </span>
    </p>
   </div>
   <div class='ocr_carea' id='block_1_112' title="bbox 2053 5330 3635 5408">
    <p class='ocr_par' dir='ltr' id='par_1_112' title="bbox 2053 5330 3635 5408">
     <span class='ocr_line' id='line_1_112' title="bbox 2053 5330 3635 5408; baseline 0.005 -26"><span class='ocrx_word' id='word_1_781' title='bbox 2053 5331 2272 5392; x_wconf 88' lang='grc' dir='ltr'>πάντως</span> <span class='ocrx_word' id='word_1_782' title='bbox 2293 5333 2351 5385; x_wconf 79' lang='grc' dir='ltr'>ἐν</span> <span class='ocrx_word' id='word_1_783' title='bbox 2368 5330 2449 5401; x_wconf 83' lang='grc' dir='ltr'>τῷ</span> <span class='ocrx_word' id='word_1_784' title='bbox 2477 5331 2642 5401; x_wconf 89' lang='grc' dir='ltr'>κοινῷ</span> <span class='ocrx_word' id='word_1_785' title='bbox 2667 5335 2760 5386; x_wconf 74' lang='grc' dir='ltr'>καὶ</span> <span class='ocrx_word' id='word_1_786' title='bbox 2790 5335 3012 5401; x_wconf 79' lang='grc' dir='ltr'>ἐαυτὸν,</span> <span class='ocrx_word' id='word_1_787' title='bbox 3036 5336 3113 5399; x_wconf 83' lang='grc' dir='ltr'>ὡς</span> <span class='ocrx_word' id='word_1_788' title='bbox 3140 5338 3435 5407; x_wconf 70' lang='grc' dir='ltr'>ἐμμέτρως</span> <span class='ocrx_word' id='word_1_789' title='bbox 3461 5338 3635 5408; x_wconf 72' lang='grc' dir='ltr'>αὐτὴν</span> 
     </span>
    </p>
   </div>
   <div class='ocr_carea' id='block_1_113' title="bbox 2049 5422 3628 5495">
    <p class='ocr_par' dir='ltr' id='par_1_113' title="bbox 2049 5422 3628 5495">
     <span class='ocr_line' id='line_1_113' title="bbox 2049 5422 3628 5495; baseline 0.004 -18"><span class='ocrx_word' id='word_1_790' title='bbox 2049 5422 2145 5477; x_wconf 75' lang='grc' dir='ltr'>καὶ</span> <span class='ocrx_word' id='word_1_791' title='bbox 2176 5424 2479 5493; x_wconf 83' lang='grc' dir='ltr'>μεγαλείως</span> <span class='ocrx_word' id='word_1_792' title='bbox 2507 5423 2958 5495; x_wconf 82' lang='grc' dir='ltr'>ὐμνολογήσαντα</span> <span class='ocrx_word' id='word_1_793' title='bbox 2988 5429 3083 5481; x_wconf 71' lang='grc' dir='ltr'>καὶ</span> <span class='ocrx_word' id='word_1_794' title='bbox 3112 5427 3255 5482; x_wconf 78' lang='grc' dir='ltr'>οὕτω</span> <span class='ocrx_word' id='word_1_795' title='bbox 3294 5428 3628 5494; x_wconf 81' lang='grc' dir='ltr'>δοξάσαντα.</span> 
     </span>
    </p>
   </div>
   <div class='ocr_carea' id='block_1_114' title="bbox 2051 5508 3632 5593">
    <p class='ocr_par' dir='ltr' id='par_1_114' title="bbox 2051 5508 3632 5593">
     <span class='ocr_line' id='line_1_114' title="bbox 2051 5508 3632 5593; baseline 0.004 -25"><span class='ocrx_word' id='word_1_796' title='bbox 2051 5515 2220 5581; x_wconf 86' lang='grc' dir='ltr'>Λέγει</span> <span class='ocrx_word' id='word_1_797' title='bbox 2254 5508 2351 5593; x_wconf 78' lang='grc' dir='ltr'>οὖν</span> <span class='ocrx_word' id='word_1_798' title='bbox 2393 5515 2476 5569; x_wconf 84' lang='grc' dir='ltr'>ὅτι</span> <span class='ocrx_word' id='word_1_799' title='bbox 2509 5515 2654 5580; x_wconf 80' lang='grc' dir='ltr'>ὅσοις</span> <span class='ocrx_word' id='word_1_800' title='bbox 2701 5518 2760 5584; x_wconf 87' lang='grc' dir='ltr'>ἐξ</span> <span class='ocrx_word' id='word_1_801' title='bbox 2795 5519 2954 5588; x_wconf 79' lang='grc' dir='ltr'>ἡμῶν</span> <span class='ocrx_word' id='word_1_802' title='bbox 2984 5518 3247 5574; x_wconf 74' lang='grc' dir='ltr'>ἐπνευσεν</span> <span class='ocrx_word' id='word_1_803' title='bbox 3275 5522 3431 5590; x_wconf 85' lang='grc' dir='ltr'>ἁγίου</span> <span class='ocrx_word' id='word_1_804' title='bbox 3462 5522 3632 5577; x_wconf 77' lang='grc' dir='ltr'>Πνεύο</span> 
     </span>
    </p>
   </div>
   <div class='ocr_carea' id='block_1_115' title="bbox 2056 5607 3628 5684">
    <p class='ocr_par' dir='ltr' id='par_1_115' title="bbox 2056 5607 3628 5684">
     <span class='ocr_line' id='line_1_115' title="bbox 2056 5607 3628 5684; baseline 0.005 -26"><span class='ocrx_word' id='word_1_805' title='bbox 2056 5607 2267 5677; x_wconf 39' lang='grc' dir='ltr'>ματοςκὲ</span> <span class='ocrx_word' id='word_1_806' title='bbox 2299 5607 2480 5676; x_wconf 84' lang='grc' dir='ltr'>χάρις,</span> <span class='ocrx_word' id='word_1_807' title='bbox 2545 5607 2702 5661; x_wconf 67' lang='grc' dir='ltr'>αὐτοὶ</span> <span class='ocrx_word' id='word_1_808' title='bbox 2764 5610 2985 5673; x_wconf 80' lang='grc' dir='ltr'>πάντως</span> <span class='ocrx_word' id='word_1_809' title='bbox 3044 5612 3497 5684; x_wconf 81' lang='grc' dir='ltr'>λαμπρυνθέντες</span> <span class='ocrx_word' id='word_1_810' title='bbox 3560 5615 3628 5684; x_wconf 79' lang='grc' dir='ltr'>τῇ</span> 
     </span>
    </p>
   </div>
   <div class='ocr_carea' id='block_1_116' title="bbox 2052 5695 3634 5776">
    <p class='ocr_par' dir='ltr' id='par_1_116' title="bbox 2052 5695 3634 5776">
     <span class='ocr_line' id='line_1_116' title="bbox 2052 5695 3634 5776; baseline 0.004 -25"><span class='ocrx_word' id='word_1_811' title='bbox 2052 5695 2282 5768; x_wconf 77' lang='grc' dir='ltr'>τοιαύτῃ</span> <span class='ocrx_word' id='word_1_812' title='bbox 2306 5699 2490 5769; x_wconf 85' lang='grc' dir='ltr'>χάριτι</span> <span class='ocrx_word' id='word_1_813' title='bbox 2521 5700 2615 5753; x_wconf 72' lang='grc' dir='ltr'>καὶ</span> <span class='ocrx_word' id='word_1_814' title='bbox 2660 5699 2824 5765; x_wconf 70' lang='grc' dir='ltr'>ξένοις</span> <span class='ocrx_word' id='word_1_815' title='bbox 2871 5702 3254 5775; x_wconf 79' lang='grc' dir='ltr'>ὴλλοιωμένοι,</span> <span class='ocrx_word' id='word_1_816' title='bbox 3300 5705 3396 5759; x_wconf 75' lang='grc' dir='ltr'>καὶ</span> <span class='ocrx_word' id='word_1_817' title='bbox 3443 5707 3506 5758; x_wconf 85' lang='grc' dir='ltr'>τδ</span> <span class='ocrx_word' id='word_1_818' title='bbox 3534 5709 3634 5776; x_wconf 76' lang='grc' dir='ltr'>τῆς</span> 
     </span>
    </p>
   </div>
   <div class='ocr_carea' id='block_1_117' title="bbox 2054 5790 3633 5868">
    <p class='ocr_par' dir='ltr' id='par_1_117' title="bbox 2054 5790 3633 5868">
     <span class='ocr_line' id='line_1_117' title="bbox 2054 5790 3633 5868; baseline 0.004 -22"><span class='ocrx_word' id='word_1_819' title='bbox 2054 5790 2224 5858; x_wconf 80' lang='grc' dir='ltr'>ἁγίας</span> <span class='ocrx_word' id='word_1_820' title='bbox 2262 5791 2493 5863; x_wconf 90' lang='grc' dir='ltr'>Τριάδος</span> <span class='ocrx_word' id='word_1_821' title='bbox 2543 5792 3080 5868; x_wconf 52' lang='grc' dir='ltr'>ίσοσθενέςτίδότες,</span> <span class='ocrx_word' id='word_1_822' title='bbox 3120 5797 3319 5853; x_wconf 79' lang='grc' dir='ltr'>ταυτὸν</span> <span class='ocrx_word' id='word_1_823' title='bbox 3361 5799 3406 5854; x_wconf 76' lang='grc' dir='ltr'>δ’</span> <span class='ocrx_word' id='word_1_824' title='bbox 3436 5797 3633 5866; x_wconf 78' lang='grc' dir='ltr'>εἰπεῖν,</span> 
     </span>
    </p>
   </div>
  </div>
