4034 6408
406 318 502 380 741

1179 317 1263 378 ΙΝ
1306 317 1644 380 HYMNUM
1688 320 2334 386 PENTECOSTALEM
2384 322 2853 388 DAMASCENI.

3543 321 3648 384 742

384 434 705 500 ὲγνωκότε·,
740 432 813 495 ὡς
845 433 902 484 ὲν
931 431 1008 502 τῷ
1051 432 1234 503 είρμῷ
1262 433 1362 502 τῆς
1393 433 1587 503 τρίτης
1625 433 1769 504 ᾠδῆς
1810 434 1962 504 δεδή-

2076 438 2317 503 tcientes,
2370 439 2484 491 sive
2530 443 2950 507 cognoscentes,
2986 442 3045 489 ut
3096 432 3150 487 in
3193 433 3456 488 carminis
3501 435 3648 489 tertii

385 523 550 575 λωται
568 540 582 554 ο
613 525 734 594 ἥτις
762 524 893 590 ἁγία
914 523 1084 594 Τριάς
1112 524 1210 594 οὐχ
1235 524 1422 586 ἁπλῶς
1451 525 1610 578 οὐσία
1635 526 1806 590 ἐστὶν,
1837 525 1958 579 οὐδὲ

386 615 572 678 ἁπλῶς
601 615 922 684 τρίφεγγος,
957 615 1093 668 ἀλλὰ
1114 615 1257 669 κατά
1279 632 1401 668 τινα
1433 615 1642 685 τρίαξιν
1673 618 1963 686 ἐπιθέτων,

387 707 526 778 σοφὴ
557 708 854 778 τρίφεγγος
905 707 1062 761 οὐσία
1083 724 1096 738 ·
1150 709 1304 761 αὐτοὶ
1338 708 1518 760 τοίνυν
1549 708 1690 760 οὕτω
1723 709 1967 780 λαμπροὶ

384 799 536 863 ὄντες
587 801 684 852 xai.
740 801 806 852 τὰ
846 801 966 853 θεῖα
1022 801 1201 868 σοφοὶ,
1240 801 1466 863 δεόντως
1498 802 1593 854 καὶ
1648 801 1964 871 δοξάζομεν.

389 891 580 952 Καλῶς
611 892 664 944 δὲ
713 893 820 960 ἄρα
870 896 963 946 καὶ
1013 893 1346 960 ἀποστολικῇ
1397 891 1628 961 μεθόδῳ,
1670 892 1727 943 ὲν
1777 894 1967 962 Κυρίῳ

385 987 661 1055 καυχᾶται
684 987 712 1036 ὁ
737 985 878 1047 θεῖος
901 981 1054 1046 οὗτος
1080 971 1318 1054 μελῳδὸς
1346 983 1622 1047 πεποιθὼς
1644 984 1929 1052 ἀληθεύειν
1947 1001 1962 1015 ’

384 1078 480 1129 καί
530 1093 594 1144 γε
647 1077 905 1147 ἀληθεύει
937 1077 1072 1130 Θεοῦ
1115 1078 1335 1146 χάριτι·
1403 1077 1506 1129 οὐκ
1554 1077 1864 1144 ἀπορητέον
1911 1077 1966 1130 δὲ

386 1168 502 1231 πῶς
541 1169 570 1221 ὁ
619 1170 856 1239 μελῳδὸς
891 1167 1158 1238 ἠρκέσθη,
1213 1168 1404 1222 οὐσίαν
1463 1166 1634 1221 εἰπὼν
1679 1167 1776 1237 τὴν
1827 1167 1968 1236 ὑπὲρ

384 1262 788 1314 πᾶσανόύσίαν
833 1262 998 1328 ἁγίαν
1048 1260 1298 1331 Τριάδαο
1354 1259 1469 1312 ἀλλ’
1498 1258 1831 1327 ἐνθυμητέον
1884 1261 1967 1311 ὅτι

385 1352 489 1405 κᾶν
522 1352 596 1422 μὴ
627 1351 953 1423 ύπερούσιον
981 1352 1162 1422 ῥητῶς
1190 1349 1344 1405 εἶπεν
1377 1351 1568 1421 αὐτὴν,
1601 1351 1737 1404 ἀλλὰ
1767 1353 1967 1421 τρόπον

385 1445 544 1498 ἄλλον
593 1443 692 1515 τὴν
746 1444 916 1514 αὐτὴν
966 1444 1176 1497 ἔννοιαν
1229 1443 1607 1514 ὑπεκρούσατο
1669 1443 1964 1512 ἀσφαλῶςσ

384 1533 540 1586 οὐσία
601 1535 710 1606 γὰρ
763 1535 903 1604 σοφὴ
953 1535 1270 1605 τρίφεγγος,
1309 1535 1652 1606 ήάγιωτάτη
1707 1536 1843 1605 μόνη
1876 1535 1968 1588 καὶ

386 1627 646 1698 ἀνωτέρω
679 1629 882 1698 ὲρῤέθη
918 1630 1111 1700 Τριάς.

385 1723 612 1780 tentiam
666 1734 783 1780 tuto
837 1725 1204 1781 subindicavit

384 1819 529 1873 dicta
551 1827 654 1871 est.

2067 546 2209 584 nexu
2265 538 2626 584 monstratum
2679 539 2760 584 est
2792 544 2810 595 ;
2842 543 2961 598 qua:
3011 537 3199 582 sancta
3245 526 3483 580 Trinitas
3539 543 3648 580 nou

2066 623 2387 692 simpliciter
2417 625 2722 678 substantia
2759 631 2864 684 est,
2892 637 2990 676 nec
3017 620 3338 690 simpliciter
3365 621 3647 686 trilncens,

2067 715 2159 768 sed
2206 714 2359 784 juxta
2406 717 2696 784 quamdam
2745 715 2961 768 triaxim
3008 713 3648 781 cpithetorum.sapiens

2070 807 2322 860 trilucida
2360 806 2706 872 Substantia;
2769 807 2866 875 ipsi
2907 805 3131 875 proinde
3167 805 3245 859 sic
3285 803 3554 872 fulgentes
3596 815 3649 856 ‹-ι

2069 898 2121 950 in
2157 896 2358 951 divinis
2382 899 2655 966 sapientes
2685 898 2833 960 lacti,
2875 906 2931 950 nt
2963 903 3195 965 oportet,
3240 895 3403 947 etiam
3445 894 3650 962 glorifi-

2068 1001 2280 1042 camus.
2319 985 2554 1041 Pulchre
2581 988 2800 1057 quidem
2837 989 3004 1057 igitur
3036 985 3334 1055 apostolica
3368 985 3647 1048 mrthodo,

2069 1079 2122 1132 in
2151 1077 2378 1133 Domino
2396 1079 2657 1148 gloriatur
2677 1079 2896 1133 divinus
2925 1079 3014 1132 ille
3042 1078 3312 1142 melodus,
3345 1077 3395 1130 in
3421 1078 3651 1129 veritate

2069 1189 2128 1228 se
2163 1189 2283 1228 esse
2301 1174 2606 1229 confidens.
2638 1175 2872 1228 Etcerte
2901 1176 3072 1241 gratia
3107 1173 3198 1226 Dei
3231 1187 3352 1224 vera
3383 1172 3646 1237 loquitur.

2069 1265 2187 1319 Non
2243 1275 2424 1320 autem
2481 1274 2563 1319 est
2615 1265 2999 1333 ambigendum
3063 1265 3338 1333 quomodo
3402 1263 3649 1318 melodus

2070 1365 2364 1412 contentus
2401 1358 2473 1412 sit
2522 1358 2886 1411 substantiam
2913 1357 3123 1422 dicens,
3162 1357 3308 1410 illam
3338 1371 3458 1424 quae
3490 1371 3655 1424 super

2069 1463 2285 1502 onmem
2328 1448 2689 1502 substantiam
2735 1457 2838 1513 est,
2885 1459 3128 1501 sanctam
3172 1445 3528 1511 Trinitatem;
3557 1445 3650 1499 sed

2069 1539 2480 1608 recogitnndum
2535 1539 2679 1609 quod
2733 1540 2833 1594 etsi
2895 1555 3002 1593 non
3060 1538 3235 1593 verbis
3287 1537 3486 1590 dixerit
3530 1551 3648 1589 eam

2071 1630 2673 1699 supersuhstantialem,
2701 1631 2808 1684 alio
2847 1631 3005 1684 modo
3037 1640 3216 1684 tamen
3250 1630 3495 1683 eamdem
3529 1642 3658 1680 sen-

1259 1742 1275 1781 :
1327 1725 1630 1781 substantia
1704 1740 1939 1794 namque
1983 1726 2227 1796 sapiens,
2261 1725 2545 1794 trilucida,
2573 1727 2710 1796 sola,
2736 1727 3084 1782 sanctissima
3124 1726 3362 1781 Trinitas
3405 1727 3655 1794 superius

457 1907 586 1965 σλίί.
622 1909 765 1979 Ὅρα
819 1908 876 1963 δὲ
923 1908 984 1962 τὸ
1035 1908 1321 1975 ἔπνευσεν,
1376 1907 1703 1979 σεμνότερον
1753 1907 1814 1961 ὃν
1867 1908 1959 1961 τοῦ

2137 1908 2266 1964 259.
2293 1907 2424 1963 Vide
2447 1918 2627 1964 autem
2656 1909 2882 1962 verbum
2911 1909 3192 1971 ἕπνευσεν,
3219 1921 3276 1964 ιιι
3307 1912 3654 1980 pratstantius

385 2007 550 2076 ἔφανε
585 2005 678 2058 καὶ
731 2003 940 2074 ἔλαμψε
973 2003 1071 2056 καὶ
1126 2003 1348 2056 πάντων
1378 2001 1490 2055 τῶν
1538 2000 1819 2064 τοιούτων,
1866 2002 1961 2055 καὶ

385 2099 712 2167 οἰκειότερον
744 2095 822 2166 τῷ
850 2093 1229 2164 ὲορταζομένῳ
1255 2093 1396 2164 ἁγίῳ
1423 2093 1705 2163 Πνεύματι
1726 2109 1740 2124 ο
1768 2092 1828 2146 οὗ
1865 2095 1963 2162 τὴν

384 2170 550 2262 χάριν
583 2189 876 2260 θεόῤῥυτον
908 2186 969 2252 ἐξ
1007 2187 1180 2256 ὑγρᾶς
1212 2185 1494 2240 κάνταῦθα
1525 2185 1734 2255 τροπῆς
1759 2185 1864 2255 ἔφη
1891 2185 1966 2245 ὡς

384 2287 479 2338 καὶ
508 2281 894 2353 ὀμϐρουμένην
929 2279 1137 2334 ἀνωθεν
1167 2280 1261 2332 ἐπὶ
1305 2277 1557 2348 ἀναψυχῇ
1583 2278 1703 2350 τῶν
1735 2277 1964 2341 πιστῶν,

385 2377 482 2429 xxi.
540 2373 848 2427 πλύνουσαν
901 2372 1042 2442 ἁγίῳ
1095 2389 1156 2424 τε
1214 2371 1558 2442 βαπτίσματι
1619 2370 1716 2424 καὶ
1760 2368 1968 2430 λοιποῖς

387 2469 553 2531 θείοις
599 2465 942 2535 καθαρσίοις,
974 2465 1071 2518 καὶ
1122 2463 1463 2533 ἀρδεύουσαν
1507 2461 1755 2524 αὔλακας
1797 2460 1967 2523 θείας,

387 2563 480 2615 καὶ
519 2559 796 2624 αὔξουσαν
828 2557 1181 2628 πνευματικά
1223 2560 1544 2628 σπέρματα,
1578 2558 1671 2608 καὶ
1701 2554 1971 2609 κατακλύ-

389 2657 586 2720 ζουςαν
610 2651 884 2723 ἁμαρτίας
907 2667 922 2682 ο
957 2652 1053 2704 καὶ
1077 2650 1216 2712 ὅλως
1235 2647 1442 2702 ἀνωθεν
1471 2647 1808 2716 ὲκχεομένην
1840 2662 1974 2714 προ-

388 2747 638 2820 φητικῶς
689 2746 778 2798 ἐπ’
833 2742 1024 2813 ἀγαθῷ
1054 2741 1164 2795 τῶν
1215 2740 1308 2794 τοῦ
1355 2737 1600 2793 τοιούτου
1659 2738 1974 2808 Πνεύματος

387 2843 556 2908 ἀξίων
582 2839 772 2910 ψυχῶν
796 2851 811 2867 ⁸
846 2836 1108 2898 τοιούτοις
1137 2833 1193 2887 δὲ
1233 2833 1414 2900 λόγοις
1442 2832 1582 2901 χυτὴ
1614 2829 1680 2884 ἂν
1715 2830 1800 2900 εἴη
1833 2831 1974 2883 ἀνω-

389 2935 480 2988 θεν
531 2931 917 3003 μεταφορικῶς
961 2929 996 2998 ἡ
1061 2926 1182 2979 θεία
1240 2922 1594 2994 πνευματικὴ
1650 2923 1830 2992 χάρις,
1880 2924 1976 2976 καὶ

387 3024 640 3094 ὀμϐρητὴ
667 3023 763 3074 καὶ
810 3019 970 3092 ρυτὴ,
1001 3018 1103 3088 ῆδη
1152 3016 1207 3069 δὲ
1237 3015 1401 3086 ὑγρὸν
1435 3015 1674 3068 πνέουσα
1722 3029 1978 3082 πνευμα-

386 3115 578 3179 τικῶς,
607 3111 660 3165 sl
686 3128 740 3163 τι
788 3112 894 3179 χρὴ
927 3106 1022 3161 καὶ
1069 3105 1211 3159 οὕτω
1242 3106 1449 3174 φράσαι
1499 3103 1799 3174 ἀρχαϊκῶς,
1832 3103 1977 3155 ὥστε

389 3202 686 3273 προσφυῶς
736 3199 798 3252 τὸ
829 3198 1092 3251 ἐπνευσεν
1125 3196 1218 3248 ἐπὶ
1248 3195 1349 3264 τῆς
1397 3192 1694 3266 θεορρύτου
1747 3193 1976 3263 χάριτος

2069 2003 2249 2057 verbis
2284 2001 2450 2072 ἔφανε
2475 2014 2526 2057 ει
2560 2001 2794 2070 ἔλαμψε,
2826 2009 2878 2055 et
2912 2003 3168 2057 omnibus
3200 2004 3491 2071 similibus,
3526 2023 3658 2060 eon-

2068 2095 2484 2162 venientiusque
2552 2093 2828 2146 celebrato
2911 2091 3136 2162 Spiritui
3199 2105 3422 2160 sancto;
3501 2099 3658 2167 cujus

2067 2185 2296 2255 gratiam
2330 2201 2393 2238 ex
2431 2184 2774 2238 humiditatis
2812 2183 2984 2254 figura
3015 2184 3270 2240 ﬂuentem
3313 2203 3342 2241 a
3377 2189 3486 2242 Deo
3518 2189 3660 2244 dixit

2069 2283 2328 2344 tanquam
2413 2274 2641 2328 imbrem
2701 2273 2935 2342 desuper
2987 2284 3297 2327 manantem
3364 2289 3428 2328 ac
3476 2275 3660 2330 fideles

2074 2367 2511 2436 rcfrigerantem,
2572 2374 2875 2434 sanctoque
2940 2364 3264 2432 baptismate
3318 2381 3383 2421 ac
3444 2366 3658 2421 caeteris

2072 2459 2269 2513 divinis
2295 2459 2767 2528 pnrificationibus
2803 2457 3104 2520 lavantem,
3137 2467 3189 2511 et
3213 2456 3432 2512 divinos
3475 2457 3660 2514 sulcos

2073 2550 2412 2621 irrigantcm,
2441 2561 2492 2604 et
2525 2549 2904 2619 spiritualibus
2938 2549 3244 2604 seminibus
3267 2549 3659 2604 incrementum

2075 2641 2316 2705 dantem,
2349 2650 2514 2711 atque
2545 2641 2740 2711 culpas
2768 2641 3110 2709 abluentem;
3145 2658 3254 2698 uno
3287 2642 3473 2709 verbo,
3502 2642 3661 2711 juxta

2077 2735 2392 2804 prophetica
2436 2735 2626 2798 verba,
2681 2733 2916 2789 effusum
2977 2735 3030 2789 in
3089 2736 3292 2790 bonum
3350 2736 3660 2792 animarum

2080 2825 2390 2891 bujusmodi
2418 2824 2656 2895 Spiritus
2683 2827 2858 2894 gratia
2889 2827 3202 2897 dignarum.
3234 2826 3457 2883 Talibus
3480 2838 3661 2884 autem

2079 2918 2384 2973 rationibus
2420 2918 2604 2972 divina
2635 2917 2873 2989 Spiritus
2898 2920 3069 2989 gratia
3104 2921 3476 2988 metaphorice
3510 2922 3664 2978 dice-

2081 3019 2170 3064 tur
2200 3011 2434 3080 desuper
2489 3009 2690 3075 fusilis,
2725 3021 2895 3082 utqne
2942 3012 3114 3066 imber
3158 3011 3333 3067 ﬂuens
3367 3022 3420 3068 et
3466 3015 3664 3070 decur-

2081 3117 2230 3167 rens,
2275 3101 2499 3174 jamque
2558 3104 2919 3173 spiritualitcr
2974 3103 3260 3159 humidum
3319 3107 3555 3175 spirans,
3613 3109 3662 3163 si

2081 3203 2293 3265 Oportet
2331 3196 2402 3250 ita
2437 3210 2653 3266 quoque
2686 3197 2870 3264 prisco
2901 3212 3049 3250 more
3084 3195 3269 3267 loqui;
3303 3198 3375 3251 ita
3408 3208 3468 3252 ut
3499 3210 3662 3253 natu-

389 3261 607 3353 εἷ’πενρ
645 3261 878 3369 μελῳδός
901 3309 914 3325 °
959 3295 1053 3348 xui.
1087 3292 1265 3354 ἄλλως
1306 3261 1369 3343 ’δὲ
1394 3291 1455 3343 τὸ
1493 3261 1642 3342 ⁷αὐτὸ
1685 3261 1969 3357 σεμνύναι,

2081 3287 2267 3340 raliter
2292 3287 2356 3340 de
2385 3287 2558 3356 gratia
2585 3285 2850 3341 divinitus
2881 3296 3138 3342 manante
3176 3291 3398 3342 verbum
3429 3289 3663 3342 ἔπνευσε

370 3394 584 3462 ,ὥσπερ
614 3393 775 3460 ἓρπει
805 3389 941 3460 πρός
969 3404 1091 3440 τινα
1147 3387 1208 3438 τὸ
1253 3385 1477 3454 ὲρπτὸν,
1528 3383 1624 3436 καὶ
1679 3380 1884 3452 βαδίζει
1912 3382 1972 3432 τὸ

393 3485 659 3548 ποδωτὺν,
689 3484 783 3536 καὶ
815 3479 1243 3532 ὲπιπετάννυται
1274 3477 1335 3530 τὸ
1374 3475 1600 3545 πτηνὸν,
1631 3476 1724 3528 καὶ
1747 3473 1973 3544 νήχεταί

393 3595 495 3630 που
529 3577 586 3628 τὸ
616 3575 832 3645 νηκτδν,
865 3570 1011 3625 οὕτω
1042 3573 1259 3632 παντως
1291 3569 1448 3622 πνέει
1497 3567 1592 3627 καὶ
1622 3567 1780 3636 ἀερὶα
1813 3567 1970 3634 πνοὴ,

393 3667 598 3738 φυσικὴ
649 3667 746 3735 μὲν
792 3663 954 3733 αὓτη,
983 3660 1516 3732 συμϐολογραφοῦσα
1567 3658 1623 3710 δὲ
1655 3659 1728 3721 ὼς
1759 3660 1860 3712 οὐκ
1907 3659 1973 3711 ἂν

391 3754 622 3825 ἀντείπῃ
651 3771 732 3816 τις
757 3753 818 3806 τὸ
866 3752 1022 3822 ἀγιον
1054 3751 1302 3820 Πνεῦμα,
1337 3749 1365 3802 ὃ
1417 3751 1512 3801 καὶ
1541 3749 1606 3800 ὲκ
1634 3748 1729 3802 τοῦ
1787 3749 1969 3802 πνέειν

393 3851 487 3904 καὶ
515 3850 612 3921 τῆς
639 3847 758 3902 κατ’
791 3847 924 3900 αὐτὸ
951 3846 1120 3916 πνοῆς
1140 3845 1481 3916 ὠνόμασται.

463 4037 576 4102 σμ’.
609 4030 788 4101 Ilvth
819 4030 876 4084 δέ
909 4045 1051 4100 φημι
1103 4027 1362 4095 ἐνταῦθα,
1397 4026 1521 4080 οὔτε
1563 4025 1662 4096 τὴν
1706 4026 1972 4094 ἁπὸγαιον

390 4131 553 4182 ὁποῖα
589 4128 760 4181 πολλά
793 4127 926 4195 περὶ
963 4125 1112 4194 ἡμᾶς
1143 4123 1403 4176 πνέουσιν
1435 4122 1683 4192 ἀήματα,
1717 4120 1842 4175 οὔτε
1873 4125 1974 4191 τὴν

392 4225 458 4276 ἐκ
489 4222 808 4284 καπνώδους
855 4218 1056 4288 ἀτμοῦ,
1104 4218 1201 4270 καὶ
1251 4215 1395 4270 οὕτω
1429 4214 1636 4284 ξηράν·
1685 4215 1822 4268 ἀλλά
1878 4215 1975 4285 τὴν

390 4316 485 4383 ἀφ’
517 4315 682 4383 ὕψους
731 4316 826 4366 καὶ
875 4314 1036 4377 φύσει
1071 4309 1299 4379 ἕνικμον
1345 4307 1443 4360 καὶ
1485 4307 1692 4377 ὑγράν·
1743 4308 1970 4377 τοιαύτη

391 4409 501 4475 γὰρ
535 4405 629 4458 νῦν
658 4403 987 4474 χρησιμεύει
1034 4401 1114 4468 τῷ
1167 4399 1392 4471 μελῳδῷ
1434 4397 1734 4469 τροπικῶς,
1785 4398 1872 4451 ἴνα
1905 4399 1972 4451 δι’

393 4501 568 4562 αὐτῆς
613 4497 956 4566 φιλοσοφήσῃ
1002 4493 1368 4560 θεολογικῶς·
1423 4491 1504 4544 διὸ
1544 4493 1639 4545 καὶ
1676 4492 1974 4561 δυνάμενος

2075 3380 2278 3436 dixerit
2317 3381 2606 3446 tnelodus;
2652 3380 2744 3436 sed
2790 3389 2849 3435 ut
2893 3381 3046 3434 aliter
3092 3382 3231 3436 idem
3281 3382 3662 3451 honestemus,

2075 3473 2537 3543 quemadmodum
2569 3474 2636 3527 ad
2668 3475 2849 3543 aliqua
2903 3474 3042 3543 repit
3076 3490 3296 3543 repens,
3328 3484 3383 3530 et
3418 3477 3666 3544 graditur

2088 3564 2346 3634 pedestre
2379 3575 2432 3618 et
2465 3565 2612 3618 volat
2649 3575 2972 3634 pennatum,
3008 3577 3061 3620 et
3097 3577 3242 3620 I-atat
3275 3569 3518 3632 natatile,
3581 3570 3664 3624 sic

2076 3672 2303 3727 prorsus
2354 3658 2525 3727 spirat
2560 3658 2704 3712 aeria
2737 3658 2986 3727 spiratio,
3027 3675 3149 3729 qua:
3186 3661 3402 3729 quidem
3439 3662 3665 3732 physica

2076 3758 2180 3814 est,
2216 3750 2309 3802 sed
2337 3749 2662 3822 symbolice,
2697 3750 2838 3803 sicut
2868 3765 3027 3804 nemo
3060 3752 3434 3807 contradicere
3463 3763 3662 3821 potest,

2075 3840 2282 3910 elTingit
2341 3840 2606 3911 Spiritum
2651 3851 2921 3908 sanctum,
2974 3843 3064 3912 qui
3120 3859 3185 3896 ex
3235 3845 3447 3912 spirare
3497 3853 3551 3901 et
3596 3862 3664 3902 ex

2077 3934 2249 4002 ipsius
2279 3934 2521 3988 derivata
2558 3935 2853 4004 spiratione
2883 3951 3080 3990 nomen
3119 3936 3299 3992 habet.

2149 4026 2282 4080 240.
2345 4023 2717 4095 Spirationem
2773 4037 2951 4082 autem
3005 4028 3092 4082 hic
3119 4029 3261 4092 dico,
3318 4046 3426 4084 non
3491 4041 3664 4088 terre-

2080 4129 2276 4186 strem,
2343 4120 2579 4188 qualiter
2618 4120 2783 4174 multa
2821 4112 2965 4175 circa
3018 4136 3118 4176 nos
3153 4122 3364 4191 spirant
3421 4123 3662 4190 ﬂamina,

2077 4227 2178 4266 nec
2201 4213 2347 4266 illam
2367 4228 2431 4266 ex
2453 4212 2801 4266 exhalatione
2819 4212 2952 4266 fumi
2977 4213 3137 4266 simili
3162 4223 3476 4283 surgentem
3501 4228 3553 4270 et
3581 4217 3663 4272 sic

2078 4303 2290 4357 aridam
2311 4302 2427 4358 :sed
2454 4302 2596 4354 illam
2623 4317 2744 4369 quae
2765 4303 2912 4356 venit
2932 4304 3001 4357 ab
3020 4304 3126 4358 alto
3151 4314 3458 4376 naturaque
3479 4307 3662 4363 humi.

2079 4397 2147 4453 da
2174 4408 2335 4469 atque
2357 4399 2570 4452 madida
2591 4397 2852 4454 cst.Talis
2879 4417 3023 4456 nunc
3043 4402 3188 4456 enim
3215 4405 3426 4473 tropice
3446 4404 3663 4459 melodo

2078 4492 2340 4557 deservit,
2366 4499 2422 4545 ut
2438 4507 2533 4560 per
2554 4492 2726 4561 ipsam
2749 4491 3053 4562 theologice
3075 4492 3513 4564 philosophetur.
3539 4495 3662 4548 ideo

393 4590 570 4640 εἰπεῖν
615 4589 759 4649 ὅσοις
795 4585 1054 4638 ἔπνευσεν
1088 4583 1122 4654 ἢ
1155 4581 1442 4636 Θεόϐλυτον
1493 4582 1654 4652 χάριν
1692 4580 1928 4650 ἔφρασεν
1950 4596 1964 4611 ο
2001 4595 2044 4650 ι)
2072 4601 2194 4643 cum
2214 4585 2392 4640 dicere
2411 4595 2592 4654 posset
2614 4602 2629 4638 :
2650 4584 2791 4646 ὅσοις
2809 4583 3665 4658 ἐπνευσενευιέφρασεβυκεεεο

393 4681 568 4747 γῆθεν
607 4679 717 4747 γὰρ
750 4677 810 4730 τὸ
849 4676 1012 4748 βρύον
1057 4677 1152 4730 καὶ
1199 4675 1258 4729 τὸ
1294 4675 1473 4744 βλύον,
1515 4678 1562 4728 εἰ
1597 4674 1694 4728 καὶ
1741 4675 1973 4742 γενικῶς

397 4774 534 4843 ῥυτά
559 4775 665 4825 εἰσι
687 4771 783 4822 καὶ
799 4770 962 4827 αὐτὰ.
989 4770 1285 4840 Προέκρινε
1305 4769 1362 4822 δὲ
1385 4769 1445 4821 τὸ
1471 4769 1763 4840 θεόρῤυτος
1787 4769 1968 4837 χάρις,

396 4867 484 4918 ἵ.α
513 4867 577 4918 ἐκ
617 4862 711 4916 τοῦ
757 4863 984 4916 ἔπνευσε
1011 4863 1106 4914 καὶ
1164 4862 1227 4912 ὲκ
1277 4860 1372 4913 τοῦ
1431 4860 1721 4932 θεόρρυτος
1780 4859 1854 4922 ὡς
1907 4861 1971 4911 ὲκ

394 4953 821 5023 πνευματώδους
870 4952 1103 5023 ὲνύγρου
1158 4951 1356 5020 νέφους
1407 4946 1614 5022 ὑψηλοῦ
1675 4953 1970 5020 πορίσηται

394 5047 492 5100 καὶ
540 5044 889 5116 ἁστραπαίαν
934 5044 1140 5097 ἔννοιαν
1179 5043 1279 5110 τὴν
1327 5045 1383 5096 ὲν
1427 5045 1540 5106 τοῖς
1583 5043 1972 5111 πνευματικῶς

393 5137 771 5205 ἁστρὰπτουσι
801 5139 1036 5199 πιστοῖς,
1065 5135 1161 5188 καὶ
1205 5136 1385 5205 νόημα
1430 5133 1780 5205 λαμπηδόνος
1829 5134 1890 5186 τὸ
1916 5137 1974 5186 ὲν

395 5233 506 5290 τοῖς
541 5227 818 5296 λάμπουσι
872 5225 1166 5296 μαθηταῖς,
1202 5228 1380 5279 κοινὸν
1425 5226 1672 5297 ὑπάρχον
1706 5225 1837 5279 αὐτὸ
1881 5228 1976 5281 καὶ

397 5321 681 5390 ἀστραπῆς
715 5319 1044 5389 λαμπούσης
1074 5320 1168 5371 καὶ
1200 5319 1498 5390 ὑγρότητος
1526 5319 1814 5389 ὀμϐρηρᾶς
1839 5321 1976 5372 ἀπο-

397 5411 701 5478 πλυνούσης
727 5414 822 5462 καὶ
852 5409 1230 5478 λευκανούσης
1263 5411 1355 5461 καὶ
1382 5410 1641 5478 ποιούσης
1665 5409 1808 5463 οὕτω
1839 5411 1977 5480 λάμ-

399 5517 556 5552 πεινο
596 5499 690 5551 καὶ
718 5498 921 5551 κείσθω
949 5498 1045 5550 καὶ
1079 5499 1112 5567 ἡ
1145 5498 1370 5568 τοιαύτη
1406 5498 1601 5567 σκέψις
1637 5500 1731 5552 ἐπὶ
1767 5501 1978 5570 σεμνὼο

402 5609 529 5658 ματι
553 5589 646 5644 τοῦ
672 5589 902 5644 ἔπνευσε
920 5592 1015 5643 καὶ
1033 5589 1160 5659 ἑξῆς
1180 5604 1195 5618 °
1229 5589 1360 5642 ἔνθα
1385 5592 1598 5654 ἑννοίας
1618 5594 1974 5664 παρέφρασεν

396 5682 458 5744 ἃς
510 5683 722 5750 φθάσας
780 5683 890 5736 ἀπὸ
944 5681 1203 5734 τοιούτων
1260 5682 1588 5752 μεταφορῶν
1637 5682 1976 5754 ἐμελῴδησε,

400 5775 562 5838 δεξιὸς
595 5773 670 5828 ῶν
696 5773 840 5828 οὕτω
880 5773 1256 5828 ποικίλλεσθαι
1291 5777 1629 5846 μεταφοραῖς
1665 5776 1759 5830 καὶ
1790 5791 1978 5846 παρα,

2078 4677 2171 4745 sit)
2197 4677 2480 4729 θεὸϐλυτον
2501 4676 2732 4747 gratiam
2759 4692 2771 4729 :
2799 4675 2863 4730 de
2902 4686 3046 4731 terra
3091 4694 3325 4747 namque
3349 4689 3479 4734 sunt
3497 4680 3664 4750 βρύον

2079 4777 2133 4822 ει
2155 4767 2553 4836 βλύον,11(;ει1η
2574 4783 2773 4834 genere
2795 4768 2902 4821 sint
2921 4767 3037 4837 ipsa
3065 4769 3312 4840 (ﬂuenta)
3342 4773 3480 4841 ῥυτά
3503 4789 3518 4834 ;
3546 4786 3660 4824 rna-

2073 4854 2177 4909 luit
2198 4865 2379 4910 tamen
2402 4856 2505 4912 hoc
2531 4873 2545 4909 :
2571 4855 2867 4928 θεὸρρυτος
2899 4860 3080 4929 χάρις,
3101 4869 3158 4913 ut
3178 4876 3243 4914 ex
3271 4862 3436 4915 verbo
3468 4861 3660 4916 ἔπνευ-

2079 4963 2170 5001 σεν
2185 4957 2238 5002 et
2254 4947 2523 5016 adjectivo
2542 4947 2856 5019 θεὸρῤυτος,
2883 4959 3141 5018 tanquam
3167 4965 3231 5005 ex
3254 4951 3475 5005 humido
3493 4960 3546 5006 et
3564 4969 3662 5007 ex-

2081 5039 2229 5094 celso
2265 5039 2694 5109 etspirituformi
2715 5041 2935 5102 nebulo,
2956 5041 3247 5098 deduceret
3282 5042 3513 5112 fulguris
3536 5059 3662 5099 sen-

2083 5131 2333 5196 tentiam,
2366 5133 2418 5185 in
2448 5132 2698 5188 fidelibus
2759 5133 2854 5204 qui
2905 5134 3224 5204 spiritaliter
3261 5135 3558 5206 fulgurant,
3607 5145 3662 5192 et

2083 5224 2399 5294 Splendoris
2441 5226 2763 5295 cogitatum,
2819 5229 2873 5280 in
2969 5226 3254 5297 discipulis
3327 5227 3662 5298 Splendenti-

2082 5316 2206 5383 bus,
2259 5331 2386 5369 cum
2460 5315 2530 5370 sit
2585 5315 2689 5371 hoc
2757 5332 3050 5372 commune
3106 5317 3299 5387 fulguri
3355 5318 3554 5373 lucenti
3608 5326 3664 5373 et

2083 5407 2394 5462 humiditati
2453 5407 2714 5478 pluvioszn
2779 5425 2902 5478 quae
2961 5411 3105 5464 lavat
3135 5419 3190 5465 et
3217 5411 3432 5466 dealbat
3490 5423 3543 5466 et
3585 5412 3658 5466 ita

2083 5500 2268 5556 lucere
2298 5501 2452 5556 facit.
2509 5501 2578 5556 Et
2635 5503 2708 5556 ita
2755 5502 2938 5570 jaceat
2971 5502 3092 5556 talis
3119 5502 3400 5573 inquisitio
3431 5504 3496 5559 de
3526 5519 3660 5559 con-

2083 5593 2356 5647 venientia
2402 5592 2552 5646 verbi
2611 5586 2871 5645 ἔπνευσεν
2929 5601 2978 5646 ει
3020 5594 3393 5662 sequentium.
3421 5593 3496 5648 lbi
3531 5607 3659 5648 sen-

2084 5684 2287 5738 tentias
2319 5683 2748 5740 circumlocutus
2803 5692 2888 5739 est
2940 5698 3078 5753 quas
3110 5686 3480 5754 praecedenter
3525 5687 3660 5764 abs-

2083 5790 2191 5847 que
2224 5775 2710 5833 circumlocutione
2735 5775 2931 5833 cecinit
2959 5792 2976 5845 ;
3023 5777 3198 5833 solers
3230 5777 3302 5831 ita
3338 5777 3658 5831 varietatem
