4034 6404
430 277 538 341 743

1152 276 1574 340 EUSTATHII
1616 278 1715 337 ΤΗ
1725 278 2061 340 ESSALON
2079 278 2374 338 ii‘ENSIS
2398 276 2956 338 METROPOLITAE

3582 280 3691 344 ’144

451 389 715 443 inducere
777 400 874 456 per
941 388 1286 457 n'etaphoras
1340 394 1398 443 et
1443 387 1827 459 paraphrases,
1889 389 1999 459 quis

2121 391 2376 460 φράσεσι,
2407 388 2475 442 δι’
2500 381 2576 443 ὧν
2604 390 2633 458 ἡ
2660 388 2768 442 τῶν
2797 387 3089 459 νοημάτων
3132 389 3395 457 ταυτότης
3432 389 3696 456 ἐξαλλάσ-

430 482 533 536 hus
561 478 957 552 cogitationum
1019 480 1269 549 repetitio
1329 480 1602 535 diversam
1659 480 1838 536 induit
1892 480 2005 535 τοι--

500 666 629 722 ΞΗ.
659 665 955 723 Sciendum
992 675 1171 720 autem
1205 666 1347 735 quod
1378 668 1711 723 c0nvcniens
1730 666 1897 721 dictio
1927 673 2008 720 est

431 760 464 828 ἡ
500 758 698 827 χάριςς
730 769 785 814 et
821 759 1007 829 aliquo
1041 775 1129 813 I|l0
1151 759 1201 812 lo
1234 759 1372 827 ρυτὴ
1406 768 1489 812 est
1515 760 1680 813 etiam
1710 760 1826 829 ipsa
1861 773 2009 812 seor-

433 850 539 903 sim
571 851 738 907 dicta.
792 853 912 904 sine
938 850 1210 920 adjectivo
1270 850 1587 922 θεόρρυτος,
1647 861 1701 905 ct
1731 851 1876 920 quod
1924 859 2012 904 est

428 948 485 992 et
543 924 949 1008 quodannnodo
993 944 1183 1014 χυτή;
1241 944 1509 1014 siquidem
1569 959 1633 998 ex
1702 942 1809 1013 χέω
1861 943 2012 1000 venit

428 1030 661 1100 χαίρειν,
693 1032 836 1087 unde
862 1046 1081 1102 quoque
1112 1036 1297 1104 χάρις,
1341 1050 1464 1104 qua:
1489 1036 1634 1106 χαρᾷ
1668 1050 1764 1105 per
1800 1035 2012 1088 deriva-

429 1120 631 1172 tionem
665 1120 842 1175 amnis
881 1132 988 1177 est.
1011 1121 1093 1189 Qu
1107 1124 1282 1177 ardam
1305 1123 1449 1178 enim
1486 1124 1683 1180 ellusio
1705 1125 1843 1194 esti)
1871 1124 2011 1195 χαρὰ

429 1209 659 1281 (laetitia)
677 1221 729 1265 et
751 1211 799 1281 η’
814 1212 972 1282 χάρις
996 1215 1240 1283 (gratia),
1258 1216 1720 1283 quemadmodum
1749 1217 2011 1287 σύγχυσις

426 1299 684 1365 estquod
739 1299 876 1369 ipsis
924 1302 1242 1371 opponitur.
1292 1301 1419 1357 Ideo
1474 1320 1693 1375 quoque
1754 1307 2009 1376 parabola

426 1388 674 1454 quedam
706 1391 1096 1445 convenienter
1127 1392 1255 1447 huic
1286 1396 1570 1449 sententia:
1589 1411 1810 1451 causam
1834 1397 2009 1470 Iacry~

428 1493 644 1533 marum
741 1482 1037 1550 exquirit:
1115 1486 1310 1554 partim
1368 1489 1585 1556 quidem
1641 1490 1709 1545 ab
1764 1500 2009 1546 extrema

422 1570 719 1640 voluptate,
740 1577 935 1642 partim
960 1586 1139 1630 autem
1170 1580 1239 1633 ab
1260 1578 1550 1635 aillicttouc
1571 1594 2009 1654 prorumpentes,

425 1665 711 1732 spongiam
768 1666 822 1719 in
864 1667 1278 1725 similitudinem
1313 1671 1639 1743 adducunt;
1671 1676 2006 1733 concludens

2110 498 2281 537 σεται.

2185 671 2335 733 σμαν.
2401 664 2601 716 Ἱστέον
2630 663 2689 715 δὲ
2724 664 2818 716 καὶ
2868 665 2949 718 ὅτι
2986 666 3163 737 σεμνὴ
3196 666 3342 731 λέξις
3392 667 3425 735 ἡ
3476 667 3638 736 χάρις
3671 682 3686 697 ⁸

2112 758 2205 810 καί
2246 774 2362 819 πως
2397 756 2534 827 ρυτὴ
2564 758 2658 807 καὶ
2685 755 2825 825 αὑτὴ
2879 756 3004 809 καθ’
3035 758 3208 825 αὐτὴν
3257 759 3502 827 μονήρης
3529 758 3691 824 λεγο-

2114 850 2250 920 μένη
2280 849 2406 919 δίχα
2451 846 2548 902 τοῦ
2577 848 2882 920 θεόρῥυτος
2920 848 3111 901 καθότι
3158 852 3252 901 καὶ
3305 849 3443 917 χυτὴ
3484 849 3692 917 τρόπον

2111 942 2234 994 τινά
2260 958 2274 972 ·
2312 939 2474 1012 εἴπερ
2497 941 2561 993 ἐκ
2589 943 2682 994 τοῦ
2709 941 2819 1008 χέω
2843 941 3057 1007 γίνεται
3086 940 3321 1009 χαίρειν,
3355 940 3480 992 ὅθεν
3510 939 3609 991 καὶ
3650 939 3689 1007 ἠ

2113 1033 2271 1105 χάρις
2299 1035 2333 1103 ἠ
2367 1035 2434 1102 τῇ
2464 1033 2614 1103 χαρᾷ
2641 1032 2976 1101 παρώνυμος
3008 1047 3025 1065 ο
3061 1031 3309 1101 διάχυσις
3339 1031 3448 1101 γάρ
3467 1047 3553 1087 τις
3593 1030 3693 1081 καὶ

2114 1127 2147 1194 ἡ
2191 1128 2335 1196 χαρὰ
2374 1124 2469 1179 καὶ
2513 1126 2546 1196 ἡ
2591 1126 2775 1195 χάρις,
2825 1123 2970 1176 καθὰ
3026 1123 3289 1192 σύγχυσις
3338 1122 3401 1174 τὺ
3446 1121 3693 1174 ἐναντίον

2114 1217 2308 1279 αὐταῖς
2331 1233 2344 1247 ο
2378 1216 2460 1269 διο
2489 1219 2586 1270 καί
2623 1232 2705 1279 τις
2738 1214 3025 1285 παραϐολὴ
3059 1216 3357 1285 προσφυῶς
3390 1217 3459 1284 τῇ
3495 1210 3690 1265 τοιαύ-

2111 1324 2182 1382 τῃ
2241 1309 2427 1378 ἐννοίᾳ
2480 1309 2860 1375 αίτιολογοῦσα
2910 1309 2972 1360 τ),
3018 1308 3288 1376 δάκρυον·
3336 1308 3412 1375 πῆ
3454 1304 3555 1374 μὲν
3595 1301 3693 1371 ὑφ’

2112 1404 2310 1477 ἡδονῆς
2343 1405 2536 1475 προϊὸν
2558 1404 2759 1474 ἄκρας,
2793 1401 2873 1472 πῆ
2897 1401 2954 1455 δὲ
2982 1400 3088 1456 ὑπὸ
3119 1399 3375 1471 θλίψεως,
3406 1398 3495 1452 τὸν
3519 1397 3694 1464 σπόγ-

2113 1511 2211 1564 γον
2241 1495 2509 1567 προφέρει
2541 1495 2599 1558 ἐς
2649 1492 2969 1563 ὁμοιότητα,
3000 1490 3060 1555 ὃς
3104 1490 3272 1560 ὑγρὸν
3329 1487 3566 1557 στέγων,
3609 1486 3691 1554 πῆ

2116 1589 2217 1661 μὲν
2239 1586 2700 1657 ἀναπεπταμένος
2723 1588 2805 1649 είς
2828 1584 3106 1655 πλήσμιον
3133 1581 3470 1652 αὐτόρῤυτον
3511 1580 3692 1632 ἐκεῖνο

2114 1682 2351 1755 προάγει
2384 1678 2646 1751 χεόμενον
2681 1677 2804 1747 δίχα
2835 1674 3096 1747 πιεσμοῦ,
3134 1674 3213 1743 πῆ
3254 1671 3312 1725 δὲ
3357 1670 3426 1724 δι’
3473 1670 3689 1722 ἔνδειαν

432 1753 746 1819 humidum,
774 1758 902 1814 hinc
938 1760 1159 1830 quidem
1193 1763 1487 1833 explicata,
1557 1768 1625 1821 ad
1695 1770 1999 1824 satietatem

2111 1743 2524 1845 σφιγγόμενος·
2562 1774 2638 1835 ὡς
2676 1743 2772 1826 καί
2800 1743 2982 1842 ψυχὴ,
3004 1771 3080 1839 πῆ
3131 1768 3229 1837 μὲν
3258 1765 3581 1837 ἡραιωμένη
3627 1764 3691 1815 ἐν

424 1863 490 1904 ac
519 1849 859 1921 αὐτόῤῥυτας
895 1851 1368 1925 (spontetluentes)
1397 1860 1668 1926 promittit
1701 1861 1821 1915 sine
1846 1877 2002 1933 pres-

423 1955 550 1995 sura
602 1942 789 2009 fusas;
850 1944 1002 1998 illinc
1057 1956 1239 2000 autem
1276 1950 1599 2006 necessario
1654 1953 1844 2008 stricta
1877 1954 2001 2011 :sic

420 2045 475 2088 ct
507 2036 687 2090 anima
742 2045 855 2091 tum
917 2038 1156 2094 arefacta
1209 2055 1301 2109 per
1357 2041 1616 2107 lmtitiam,
1675 2054 1729 2099 et
1774 2046 1855 2101 sic
1906 2062 2000 2116 per

420 2131 809 2198 expansionem
865 2133 1066 2188 emittit
1120 2134 1415 2207 lacrymas,
1463 2148 1579 2193 tum
1618 2156 1747 2196 vero
1778 2141 1997 2208 aiilicta,

418 2220 557 2284 sive,
587 2221 733 2290 quod
758 2221 899 2277 idem
930 2233 1037 2288 est,
1071 2241 1291 2294 pressa;
1319 2230 1540 2285 evidens
1565 2241 1650 2286 est
1677 2233 1820 2287 enim
1855 2236 1998 2305 quod

420 2308 563 2362 idem
587 2319 716 2364 sunt
734 2310 953 2367 afﬂictio
972 2323 1025 2367 et
1044 2329 1320 2382 pressura.
1342 2316 1635 2373 Sciendum
1653 2331 1832 2377 autem
1853 2325 1997 2393 quod

423 2401 777 2471 antiquorum
798 2405 998 2461 divinis
1031 2407 1368 2464 dictionibus
1396 2412 1835 2468 consociantium
1879 2432 2001 2486 gra-

425 2491 578 2554 tiam,
599 2494 950 2549 audacissimi
975 2495 1216 2553 divinam
1237 2497 1489 2555 fecerunt
1506 2502 1677 2570 illam,
1694 2504 1821 2560 etin
1865 2506 1999 2561 tria-

419 2584 543 2640 dem
562 2585 979 2653 ordinaverunt,
999 2598 1113 2645 tres
1137 2591 1489 2650 rationabiles
1526 2595 1845 2667 eiiingentes
1878 2615 1999 2669 gra-

418 2678 549 2743 tias,
572 2689 626 2735 et
644 2691 872 2751 augusta
893 2684 1112 2739 nomina
1131 2684 1211 2740 eis
1243 2688 1608 2755 imponcntcs.
1643 2690 1796 2758 Quod
1815 2705 1995 2749 autem

421 2774 865 2830 honestissimum
886 2775 1032 2834 illius
1053 2784 1159 2842 est,
1188 2794 1347 2835 nemo
1368 2795 1469 2836 nec
1505 2781 1738 2838 aliorum
1778 2786 1999 2856 sapien-

419 2863 684 2931 tium,nec
698 2877 1016 2923 sanctorum
1043 2867 1291 2937 Patrum,
1309 2870 1635 2942 dedignatus
1656 2884 1739 2931 est
1757 2875 1810 2930 in
1830 2875 1998 2932 Deum

421 2955 729 3028 hnjusmodi
750 2958 1041 3015 dictionem
1066 2977 1081 3027 ;
1111 2961 1206 3017 sed
1224 2976 1415 3020 omnes
1438 2964 1818 3035 judicaverunt
1848 2969 1900 3022 in
1922 2969 2001 3039 ip-

419 3060 542 3101 sum
565 3046 714 3101 illam
733 3048 1000 3119 adaptari.
1025 3050 1177 3107 Licet
1202 3052 1367 3122 igitur
1400 3056 1585 3111 dicere
1629 3059 1882 3130 gratiam,
1917 3062 1997 3117 vel

419 3136 823 3208 χαριτώνυμον,
877 3142 963 3197 vel
988 3146 1371 3217 χαριτωμένην
1403 3148 1485 3203 vel
1508 3149 1653 3205 aliud
1685 3153 1814 3221 quid
1850 3155 2000 3208 sitni-

417 3229 493 3295 le,
521 3243 577 3285 et
611 3233 886 3303 negligere
918 3251 1146 3304 prorsus
1185 3240 1328 3308 quod
1361 3241 1566 3297 dictum
1622 3252 1727 3301 est.
1793 3245 1921 3301 Ideo
1971 3249 2000 3300 ό

420 3322 692 3392 χαρίσιος,
742 3325 822 3380 sie
868 3325 1116 3395 placenta
1143 3329 1306 3397 foret,
1359 3332 1475 3388 sive
1512 3334 1696 3400 homo,
1739 3336 1999 3394 honesta-

417 3413 581 3468 batur
626 3415 938 3490 huiusmodi
983 3420 1244 3476 dictione.
1295 3421 1585 3480 Pulchram
1640 3439 1819 3485 autem
1854 3433 1999 3487 illam

2106 1869 2187 1941 τῷ
2231 1869 2452 1940 χαίρειν
2494 1867 2587 1921 καὶ
2619 1865 2796 1927 οὕτως
2829 1861 3276 1925 ἀναπεπτάσθαι,
3336 1858 3564 1927 προΐησι
3592 1855 3685 1909 δά-

2107 1977 2297 2031 κρυον,
2317 1962 2395 2031 πῆ
2424 1959 2481 2013 δὲ
2507 1957 2820 2028 θλιϐομένη,
2848 1954 3043 2010 ταυτὸν
3065 1953 3122 2006 δὲ
3148 1952 3336 2021 φάναι,
3356 1948 3684 2019 πιεζομένηο

2105 2052 2270 2121 δῆλον
2303 2053 2414 2122 γὰρ
2461 2052 2537 2113 ὼς
2568 2050 2890 2114 ταυτίζεται
2925 2050 2958 2118 ἡ
2996 2046 3177 2115 θλίψις
3211 2045 3307 2098 καὶ
3359 2045 3389 2096 ὁ
3423 2041 3688 2109 πιεσμός.

2119 2146 2318 2202 ’ἰστέον
2351 2145 2408 2199 δὲ
2435 2145 2518 2197 ὅτι
2571 2142 2684 2196 τῶν
2714 2141 2966 2196 παλαιῶν
3000 2139 3177 2201 θείαις
3221 2137 3437 2201 λέξεσιν
3493 2135 3690 2187 ἐντασο

2108 2240 2311 2295 σόντων
2338 2237 2441 2308 τὴν
2471 2236 2654 2307 χάριν,
2690 2235 2738 2287 oi
2762 2233 3162 2304 τολμηρότεροι
3197 2230 3292 2284 καὶ
3319 2226 3690 2293 ὲθεοποίησαν

2106 2341 2303 2406 αὐτὴν,
2343 2338 2439 2391 καὶ
2479 2338 2560 2400 είς
2594 2335 2802 2407 Τριάδα
2831 2334 3230 2406 περιέστησαν,
3267 2332 3417 2400 τρεῖς
3444 2327 3689 2395 ὲλλόγως

2105 2431 2550 2493 ἀναπλάσσοντες
2581 2429 2838 2500 χάριτας,
2872 2425 2967 2481 καὶ
2995 2425 3236 2496 ὀνόματα
3292 2421 3468 2493 σεμνά
3499 2421 3689 2473 ὲπιτι-

2107 2526 2300 2589 θέντες
2331 2526 2550 2587 αὑταῖς.
2584 2523 2926 2594 Σεμνότατον
2955 2522 3012 2575 δὲ
3055 2518 3230 2588 αὐτῆς
3277 2515 3456 2571 ἐκεῖνό
3503 2515 3685 2578 ἐστιν,

2103 2618 2187 2672 ὅτι
2216 2615 2397 2679 οὐδεὶς
2442 2612 2565 2667 οὔτε
2597 2612 2709 2667 τῶν
2757 2611 2937 2666 ἄλλων
2968 2608 3172 2678 σοφῶν,
3212 2605 3343 2661 οὔτε
3374 2603 3482 2658 τῶν
3508 2601 3689 2671 ἁγίων

2106 2707 2391 2776 Πατέρων,
2429 2703 2748 2775 ἀπηξίωσεν
2776 2704 2868 2756 ἐπὶ
2901 2700 3039 2755 Θεοῦ
3097 2700 3198 2770 τὴν
3224 2697 3481 2765 τοιαύτην
3511 2695 3687 2758 λέξιν,

2104 2796 2242 2850 ἀλλὰ
2268 2795 2474 2856 πάντες
2507 2795 2789 2863 ἐνέκριναν
2819 2793 2914 2847 καὶ
2944 2793 3033 2845 ἐπ’
3059 2790 3223 2845 αὐτοῦ
3248 2788 3455 2858 ταύτην
3477 2786 3689 2854 ἁρμότ-

2104 2888 2328 2944 τεσθαι*
2369 2886 2568 2942 οὔκουν
2616 2886 2767 2939 ἔστιν
2800 2887 2977 2940 εἰπεῖν
3007 2885 3169 2956 χάριν
3223 2884 3257 2955 ἢ
3291 2880 3684 2953 χαριτὼνυμον

2107 2982 2140 3053 ἢ
2168 2981 2623 3053 κεχαριτωμένην
2649 2979 2681 3050 ἦ
2707 2979 2835 3033 ἄλλο
2862 2990 2914 3032 τι
2939 2977 3208 3042 τοιοῦτον,
3244 2977 3339 3030 καὶ
3363 2972 3688 3045 ἐξαθερίσαι

2025 3087 2072 3151 c
2107 3074 2244 3136 ὅλως
2290 3075 2351 3126 τὸ
2387 3072 2617 3141 λεχθέν·
2658 3071 2739 3124 διὸ
2770 3072 2868 3124 καὶ
2911 3072 2940 3124 ό
2988 3068 3236 3140 χαρίσιος
3273 3068 3386 3121 εῐτε
3435 3063 3686 3127 πλακοῦς

2107 3168 2317 3229 ἐκεῖνος
2347 3166 2460 3218 εἴτε
2493 3164 2785 3233 ἄνθρωπος
2812 3162 3139 3233 ἐσεμνύνετο
3171 3164 3234 3232 τῇ
3258 3161 3485 3229 τοιαύτῃ
3505 3159 3679 3223 λέξει·

2106 3257 2276 3327 καλὴν
2299 3256 2356 3309 δὲ
2381 3257 2553 3327 αὐτὴν
2577 3255 2744 3309 οὖσαν
2778 3254 2952 3326 εὑρὼν
3003 3255 3101 3309 καὶ
3133 3256 3162 3308 ό
3193 3253 3356 3321 σοφὸς
3421 3253 3682 3317 Ἰωάννης

2106 3348 2284 3413 οὗτος,
2322 3348 2675 3415 ἐπλεόνασεν,
2724 3346 2801 3410 ὡς
2832 3348 3025 3419 ἐχρῆν,
3056 3347 3383 3408 καταπάσας
3414 3344 3550 3413 αὐτῇ
3584 3343 3685 3397 τὸν

2115 3440 2419 3511 μελῳδικὸν
2453 3439 2655 3493 πέπλον
2694 3440 2793 3513 ὅσα
2831 3440 2925 3494 καὶ
2954 3437 3276 3510 ποικίλματι
3328 3436 3573 3508 ἀνθηρῷ.

420 3504 706 3560 inveniens
744 3516 796 3559 et
824 3506 941 3576 ipse
985 3511 1208 3579 sapiens
1241 3511 1332 3567 ille
1398 3511 1665 3579 Joannes.
1733 3504 2131 3594 multiplicavit,
2165 3504 2597 3603 tit-oportebat,
2634 3510 2773 3603 ipsa,
2803 3545 3057 3603 tanquam
3125 3504 3386 3587 varietate
3460 3532 3682 3601 ilorum,

418 3598 693 3653 melodum
738 3601 953 3670 peplum
992 3618 1386 3675 conspergens.

489 3691 618 3745 242.
653 3692 958 3750 Liberalius
989 3703 1169 3753 tamen
1215 3709 1474 3770 tanquam
1533 3709 1882 3777 margaritas,
1919 3710 2002 3766 di-

2182 3712 2328 3786 σμβ’.
2378 3716 2789 3788 Ἀφειδέστερον
2840 3716 3025 3787 μέντοι
3055 3717 3154 3770 ὃσα
3185 3719 3281 3769 καὶ
3335 3716 3681 3785 μαργάρους,

420 3784 652 3852 ctiones,
687 3798 746 3840 ut
780 3788 854 3842 ita
893 3787 1096 3858 dicam,
1137 3789 1395 3861 fulgidas,
1429 3807 1618 3866 utp0te
1651 3802 1899 3870 proprias
1950 3812 1999 3859 et

2106 3809 2203 3873 τὰς
2224 3784 2307 3874 Ϋῶς
2335 3784 2509 3872 οὕτως
2537 3784 2715 3865 εἰπεῖν
2746 3784 3073 3881 φωσφόρους
3107 3810 3307 3878 λέξεις,
3359 3784 3448 3864 οἷα
3476 3784 3684 3864 οἰκειο-

424 3877 875 3937 accommodatas
905 3883 1146 3938 maxime
1168 3893 1372 3939 sancta:
1388 3882 1665 3956 Trinitati,
1692 3891 1743 3943 in
1764 3907 1824 3945 va
1836 3895 1999 3963 ricga—

2103 3901 2272 3973 τέρας
2317 3903 2414 3956 καὶ
2443 3877 2897 3975 προσφυεστερας
2932 3877 2999 3977 τῇ
3038 3904 3171 3977 ἁγίᾳ
3193 3905 3411 3974 Τριάδι,
3460 3905 3682 3959 ἐνέθετο

420 3976 540 4021 tum
574 3976 805 4025 texturae
833 3972 1022 4038 decus,
1055 3977 1330 4045 apposuit.
1366 3976 1643 4037 Dictioncs
1669 3994 1849 4039 autem
1877 3988 1999 4044 dico

2104 3972 2187 4057 είς
2249 3972 2507 4048 καλλίονα
2544 3993 2640 4048 τοῦ
2701 3972 2873 4064 ὕφους
2907 3972 3415 4067 ποικιλμόνοτλέγω
3465 3998 3530 4067 δὴ
3575 3999 3679 4063 τάς

422 4058 668 4122 luminis.
737 4061 1069 4131 splendoris,
1104 4063 1264 4134 facis,
1301 4078 1356 4124 et
1405 4070 1800 4141 derivatorum,
1855 4093 1993 4149 pra:-

2103 4084 2195 4138 τοῦ
2222 4084 2424 4153 φωτὸς,
2456 4085 2667 4139 καὶτοῦ
2703 4058 2964 4157 φέγγους,
2992 4089 3203 4142 καὶτοῦ
3227 4089 3418 4157 φάους,
3445 4091 3541 4144 καὶ
3563 4090 3679 4144 τῶν

426 4161 511 4207 ter
571 4142 842 4208 dictiones
872 4157 1087 4225 torridi,
1132 4157 1295 4229 ignis,
1323 4160 1576 4234 fulguris,
1604 4164 1835 4236 iubaris,
1855 4142 1870 4149 I
1890 4187 1995 4226 no-

2103 4173 2161 4242 ιε
2192 4174 2393 4242 αὐτῶν,
2419 4177 2544 4247 δίχα
2566 4193 2631 4246 γε
2662 4178 2770 4231 τῶν
2801 4179 2895 4232 τοῦ
2924 4182 3189 4248 φρυκτοῦ,
3221 4184 3315 4238 καὶ
3343 4182 3441 4235 τοῦ
3476 4183 3668 4254 πυρὸς,

423 4243 669 4313 minique
701 4245 1012 4313 splendoris
1060 4252 1418 4321 analogorum
1445 4272 1460 4319 ;
1490 4256 1562 4311 ita
1596 4267 1653 4313 ut
1684 4261 1877 4318 exinde
1922 4264 1995 4319 sit

2103 4269 2197 4321 καὶ
2222 4268 2320 4337 τῆς
2356 4269 2664 4340 ἀστραπῆς,
2699 4273 2797 4325 καὶ
2824 4270 2919 4325 τοῦ
2955 4273 3172 4337 σέλαος,
3226 4275 3321 4326 καὶ
3367 4275 3477 4327 τῶν
3527 4276 3671 4328 κατὰ

418 4333 553 4388 huic
608 4348 743 4388 voce
798 4350 995 4390 sonora
1055 4338 1273 4395 melodo
1325 4344 1629 4412 spiritualis
1689 4349 1994 4418 pSnImOdia

2103 4357 2162 4408 τὸ
2189 4333 2360 4425 ὄνομα
2383 4333 2483 4427 τῆς
2510 4333 2795 4430 λάμψεως,
2825 4359 2902 4425 ὡς
2933 4333 3186 4417 ἐντεῦθεν
3216 4363 3491 4431 ὁλόφωτον
3544 4381 3666 4434 σχε·

420 4425 579 4493 quasi
614 4433 724 4481 tota
785 4427 988 4482 lucida.
1018 4428 1089 4484 Et
1122 4443 1342 4501 prepter
1392 4433 1508 4491 hate
1554 4437 1608 4491 in
1670 4438 1901 4511 elogium
1944 4443 1994 4497 ei

421 4518 770 4573 tribuendum
823 4529 909 4575 est
967 4522 1218 4587 canonis,
1252 4524 1304 4579 id
1356 4537 1441 4581 est
1474 4531 1736 4587 carminis
1784 4548 1993 4604 expan-

420 4611 651 4674 sionem,
716 4628 825 4668 non
857 4613 1034 4669 solum
1097 4615 1372 4686 lapidibus
1422 4622 1678 4689 pretiosis
1732 4639 1993 4695 consper-

422 4717 541 4756 sam
574 4703 628 4756 in
655 4704 908 4774 cogitatis
941 4705 1009 4761 de
1043 4709 1196 4762 suavi
1226 4710 1424 4779 gratia,
1458 4712 1552 4766 sed
1595 4715 1760 4769 etiam
1793 4733 1857 4771 ex
1884 4716 1994 4773 iul-

417 4794 560 4863 gidis
580 4796 890 4866 margaritis
921 4835 935 4861 ,
961 4808 1023 4860 ut
1054 4797 1262 4854 dictum
1294 4810 1379 4855 est
1406 4841 1421 4864 ,
1456 4803 1759 4863 clarissime
1819 4808 1994 4880 fulgu-

421 4893 633 4939 rantem
644 4925 657 4938 .

486 4973 618 5029 245.
649 4975 823 5032 Decus
854 4989 1035 5032 amem
1068 4979 1231 5034 etiam
1258 4991 1340 5036 est
1370 4984 1559 5051 gratia:
1584 4993 1846 5057 tanquam
1881 4992 1990 5062 ipsi

420 5064 728 5130 cohzerens,
757 5070 904 5136 quod
932 5071 1179 5125 adoratio
1208 5072 1260 5126 in
1298 5075 1496 5142 Spiritu
1533 5084 1588 5130 et
1626 5079 1879 5146 veritate,
1932 5083 1989 5136 in

418 5154 612 5223 spiritu
642 5166 694 5211 et
724 5161 899 5225 gratia
924 5162 1124 5217 dicitur
1149 5163 1438 5235 adoratio;
1473 5169 1731 5238 quodque
1758 5175 1990 5228 canoni—

419 5259 482 5299 ca
515 5249 887 5314 apostolorum
918 5253 1074 5323 signa
1126 5256 1462 5313 sanctissimi
1522 5258 1758 5332 Spiritus
1819 5266 1988 5335 gratia

419 5337 623 5405 signat;
659 5347 715 5393 et
753 5341 895 5409 quod
934 5342 1023 5397 ille
1047 5345 1139 5414 qui
1175 5346 1228 5400 in
1256 5344 1489 5403 Domino
1545 5352 1835 5424 gloriatur,
1888 5358 1991 5413 hoc

417 5428 587 5493 gratia
621 5427 710 5483 Dei
736 5428 917 5484 facere
946 5448 1004 5487 se
1027 5433 1240 5501 dicens,
1273 5450 1564 5497 contentus
1603 5453 1726 5512 est;
1771 5451 1987 5518 etquod

415 5515 483 5570 ad
515 5517 654 5573 idem
680 5519 841 5585 redit,
879 5520 968 5576 Dei
1002 5524 1207 5581 donum
1238 5536 1291 5583 et
1314 5531 1543 5599 gratiam
1582 5531 1706 5599 lari,
1759 5546 1812 5592 et
1840 5515 1985 5609 quod

420 5607 487 5662 ad
526 5608 758 5662 salutem
794 5612 1067 5677 pertinere
1103 5615 1298 5672 dicitur
1326 5619 1421 5674 Dei
1451 5624 1622 5689 gratia
1674 5607 1987 5686 misericor-

424 5696 624 5768 diaque
655 5713 722 5754 ac
750 5700 1098 5773 humanitas;
1125 5716 1180 5762 et
1211 5709 1359 5779 quod
1382 5708 1551 5777 hujus
1599 5718 1787 5786 gratia:
1826 5722 1993 5790 parti-

2097 4444 2187 4498 δόν
2205 4462 2257 4500 τι
2277 4446 2377 4516 τὴν
2402 4450 2787 4520 πνευματικὴν
2820 4450 3146 4522 ψαλμῳδίαν
3185 4450 3324 4510 εῖναι
3349 4455 3426 4526 τῷ
3463 4457 3669 4527 ὑψηλο-

2098 4536 2263 4607 φώνῳ
2293 4540 2520 4612 μελῳδῷ
2548 4560 2562 4573 ·
2595 4542 2690 4596 καὶ
2715 4544 2806 4598 διὰ
2833 4545 2902 4598 τά
2936 4547 3171 4601 τοιαῦτα
3205 4551 3298 4602 καὶ
3335 4553 3415 4615 είς
3454 4553 3667 4620 λογεῖον

2097 4630 2249 4701 αὐτῷ
2282 4631 2622 4700 ἑλλογεῖσθαι
2648 4633 2710 4689 τὸ
2738 4637 2830 4690 τοῦ
2863 4639 3086 4701 κανόνος
3106 4640 3347 4711 ἄπλωμο.
3367 4659 3381 4675 ·
3412 4644 3475 4697 οὐ
3496 4644 3668 4709 λίθοις

2103 4722 2268 4792 μόνον
2306 4726 2755 4797 κατεστρωμένον
2796 4733 3002 4799 τιμίοις
3045 4734 3158 4790 τοῖς
3210 4734 3350 4786 κατὰ
3374 4733 3477 4805 τὴν
3528 4735 3663 4802 γλυ-

2095 4815 2252 4866 κεῖαν
2275 4814 2437 4884 χάριν
2463 4817 2756 4887 νοήμασιν,
2794 4820 2932 4896 ἀλλά
2962 4822 3060 4876 καὶ
3088 4825 3394 4894 μαργάρων
3423 4814 3662 4893 φαεινῶν

2094 4900 2495 4974 ὲξαστράπτον,
2521 4905 2596 4969 ὡς
2618 4907 2843 4978 ἐρρέθη,
2879 4909 3225 4977 φαεινότατα.

2174 4990 2324 5061 σμγ’.
2359 4995 2635 5065 Σέμνωμα
2663 4995 2722 5049 δὲ
2752 4998 2973 5067 χάριτος
3009 5001 3099 5053 καὶ
3121 4998 3351 5055 σύνναον
3382 4995 3495 5055 οἷον
3518 5003 3660 5074 αὐτῇ

2094 5084 2273 5137 καὶτὸ
2306 5085 2405 5153 τὴν
2436 5087 2494 5139 ὲν
2545 5087 2821 5158 πνεύματι
2867 5092 2962 5144 καὶ
3013 5092 3245 5162 ἀληθείᾳ
3295 5093 3573 5164 λατρείαν,
3604 5099 3664 5148 ὲν

2097 5174 2373 5245 πνεύματι
2401 5176 2495 5231 καὶ
2521 5179 2709 5249 χάριτι
2755 5180 3035 5251 λέγεσθαι,
3066 5188 3161 5238 καὶ
3183 5187 3264 5239 ὅτι
3300 5187 3398 5250 τὰς
3448 5205 3663 5241 κανονι-

2096 5265 2208 5325 sub;
2246 5269 2612 5333 άποστολικὰς
2662 5273 2986 5341 σφραγῖδας,
3037 5277 3199 5347 ήτοῦ
3252 5282 3526 5348 παναγίου
3569 5298 3669 5351 ση-

2099 5360 2244 5427 μειοῖ
2275 5357 2592 5426 Πνεύματος
2617 5363 2776 5431 χάρις
2803 5377 2817 5393 θ
2849 5366 2946 5419 καὶ
2971 5368 3053 5421 ὅτι
3086 5370 3114 5422 ό
3143 5371 3201 5421 ἐν
3233 5371 3424 5443 Κυρίῳ
3448 5373 3668 5444 καυχώ-

2097 5466 2286 5518 μενος,
2315 5452 2571 5521 ἀρκεῖται
2631 5454 2803 5508 είπὼν
2851 5458 2985 5513 Θεοῦ
3035 5463 3218 5533 χάριτι
3269 5472 3445 5520 ποιεῖν
3481 5467 3616 5521 αὐτό
3648 5486 3661 5498 ·

2094 5545 2190 5595 καὶ
2222 5543 2304 5597 ὅτι
2336 5545 2392 5607 ἐς
2434 5545 2630 5599 ταυτὸν
2658 5548 2785 5618 ἥκει
2824 5549 2958 5604 Θεοῦ
2990 5552 3202 5618 δωρεὰν
3244 5558 3342 5609 καὶ
3373 5559 3537 5629 χάριν
3583 5561 3665 5611 εἰ-

2097 5634 2220 5684 πεῖν
2251 5649 2264 5663 ·
2298 5632 2395 5687 καὶ
2440 5636 2524 5688 ὅτι
2559 5638 2926 5707 σωτηριὼδες,
2982 5644 3144 5715 χάριν
3192 5647 3285 5699 καὶ
3345 5650 3668 5719 οἰκτιρμοὺς

2103 5724 2201 5779 καὶ
2252 5726 2666 5799 φιλανθρωπίαν
2702 5734 3120 5800 συνεκφωνῆσαι
3150 5736 3285 5791 Θεοῦ
3309 5752 3325 5769 ·
3359 5742 3456 5795 καὶ
3506 5743 3591 5796 ὅτι
3636 5744 3665 5796 ό

2089 5922 2106 5950 ἱ
