4034 6400
384 377 491 440 745

1160 376 1245 437 IN
1311 375 1655 437 IIYAINUM
1696 372 2355 437 PENTECOSTALEM
2398 371 2852 435 DAMASCENI.

3529 371 3635 444 746

384 493 485 563 μὲν
518 487 628 543 ἔσω
657 487 864 560 ταύτης
895 490 990 542 καὶ
1021 487 1277 559 μέτοχος,
1304 488 1437 559 ἡδὺς
1477 488 1561 542 ὅτι
1600 486 1745 557 μάλα
1771 500 1786 517 ·
1819 487 1847 539 ὁ
1903 484 1960 539 δὲ

2075 498 2213 553 teps,
2253 499 2416 553 quam
2450 485 2688 539 maxime
2728 485 3006 552 jucundus
3040 496 3155 552 est;
3187 490 3281 557 qui
3338 504 3469 544 vero
3502 490 3635 547 boni

379 584 474 636 τοῦ
508 580 676 635 καλοῦ
707 580 988 640 ξκπτωτος
1013 578 1190 644 τοῦδε,
1223 579 1377 633 οὐδέν
1408 595 1462 632 τι
1489 578 1732 640 τοιοῦτος
1759 576 1911 629 δοκεί
1936 591 1951 607 ο

380 673 456 735 ὡς
478 673 506 726 ό
534 672 733 742 ἄχαρις
759 670 853 723 καὶ
887 672 916 724 ὸ
952 670 1312 741 ἀχαρίστερος
1342 668 1544 740 δόρπος
1573 667 1607 737 ἢ
1634 668 1793 734 λόγος
1813 682 1831 701 ο
1859 664 1956 718 καὶ

379 763 440 818 τὸ
459 763 828 833 ἀχαρίστατον
855 763 1026 833 ῆγουν
1053 760 1386 829 ἀηδέστατον
1437 760 1534 813 καὶ
1577 758 1721 813 πάνυ
1760 756 1950 827 ἄχαρι,

381 851 477 906 καὶ
508 851 744 921 μάλιστα
774 852 802 902 ὁ
831 849 1109 917 ἐπάρατος
1135 846 1452 916 ἀχάριστος.
1482 845 1607 899 Ὀτι
1632 844 1689 897 δὲ
1719 844 1817 896 καὶ
1841 844 1956 896 ἐτέ-

385 960 507 1015 ραις
540 941 776 1011 ὑψηλαῖς
811 940 1070 1009 ἐφίλησεν
1096 939 1124 989 ὁ
1172 936 1411 1007 μελῳδὸς
1462 934 1813 1002 ἐγκροαίνειν
1861 934 1956 987 λέ-

382 1035 497 1099 ξεσι
517 1033 663 1103 λόγῳ
690 1029 981 1101 ἐπιμονῆς,
1012 1028 1345 1097 εὐχρήστοις
1378 1026 1471 1079 καὶ
1496 1025 1730 1095 ὑψηλαῖς
1767 1025 1817 1077 εἰ
1848 1023 1955 1077 καὶ

386 1128 464 1199 μὴ
487 1127 630 1181 κατά
664 1126 767 1188 τὰς
807 1124 1107 1193 εἰρημένας
1138 1120 1314 1186 λέξεις
1362 1119 1466 1191 τὴν
1518 1120 1682 1190 χάριν
1712 1120 1810 1174 καὶ
1857 1119 1957 1181 -τάς

387 1222 451 1274 ἐκ
473 1217 569 1271 τοῦ
625 1216 824 1285 φωτὸς,
855 1216 953 1267 καὶ
997 1213 1110 1266 τῶν
1137 1212 1262 1266 κατ’
1289 1212 1444 1278 αὐτὸ,
1480 1213 1514 1277 ἡ
1568 1211 1803 1282 περιοχὴ
1860 1210 1957 1263 τοῦ

385 1313 610 1375 κανόνος
643 1308 797 1381 δηλοῖ
817 1310 933 1371 τοῖς
961 1304 1418 1377 περιερχομένοις
1446 1304 1637 1358 αὐτόν.

456 1490 600 1560 σμδ’.
637 1487 803 1543 Ἀλλά
823 1485 935 1558 γὰρ
958 1487 1018 1551 ἐς
1037 1485 1293 1541 τοσοῦτον
1317 1486 1651 1557 συμμέτρως
1674 1483 1774 1554 τὴν
1796 1485 1959 1555 χάριν

382 1580 915 1654 περιεργασάμενοι,
950 1578 1047 1632 καὶ
1096 1576 1391 1647 εὐξάμενοι
1424 1576 1505 1642 τῷ
1553 1572 1672 1644 Θεῷ
1706 1573 1783 1644 μὴ
1814 1573 1958 1627 ἀπο-

386 1676 601 1747 στερεῖν
626 1673 778 1744 ἡμᾶς
798 1669 994 1739 αὐτῆς,
1029 1670 1266 1746 λέγομεν
1296 1667 1391 1722 καὶ
1426 1668 1513 1722 ὅτι
1553 1667 1616 1720 τὸ
1644 1667 1958 1737 λάμποντες

384 1767 797 1841 ἀστράπτοντες
827 1748 1210 1835 numnam
1231 1760 1542 1823 ἀσυνδέτως
1588 1758 1955 1831 προαχθέντα,

2061 574 2209 631 illius
2238 582 2565 644 estexpers,
2599 575 2734 629 nihil
2771 576 2894 632 talis
2920 591 3043 632 esse
3070 579 3333 647 videtur;
3388 581 3557 638 veluti
3608 568 3673 638 ι’

2055 665 2251 736 ἄχαρις
2314 669 2424 721 ειό
2473 667 2838 738 ἀχαρίστερος
2891 667 3094 739 δόρπος
3160 671 3276 725 sive
3330 672 3513 742 λόγος,
3558 686 3636 739 et,

2057 759 2112 813 id
2144 758 2291 829 quod
2356 759 2787 828 ingratissimum
2845 777 2938 815 seu
3004 762 3521 833 injucundissimum
3578 776 3634 822 et

2059 864 2289 919 prorsus
2318 851 2586 906 insulsum
2641 861 2746 915 est,
2798 862 2853 905 et
2918 855 3216 920 praesertim
3268 855 3635 924 detestabilis,

2060 939 2334 1007 ingratus.
2387 937 2539 1005 Quod
2600 949 2780 995 autem
2809 943 2969 997 etiam
3001 944 3127 999 aliis
3149 946 3380 1001 excelsis
3443 945 3637 1001 dictio-

2061 1030 2226 1085 nibus
2303 1030 2507 1085 amavit
2580 1046 2705 1087 cum
2786 1038 3189 1104 perseverantia
3250 1045 3411 1106 poeta
3466 1040 3635 1108 lyram

2060 1134 2364 1189 percutere,
2392 1129 2446 1176 et
2477 1122 2521 1178 si
2569 1138 2677 1177 non
2711 1128 3010 1181 secundum
3039 1129 3140 1183 has
3184 1128 3364 1185 dictas
3398 1129 3637 1184 locutio-

2062 1229 2180 1279 nes,
2234 1215 2492 1286 gratiam,
2544 1224 2884 1288 ceterasque
2935 1232 3002 1274 ex
3053 1219 3264 1287 lumine
3287 1232 3340 1276 et
3372 1221 3638 1277 derivatis

2062 1318 2235 1371 ortas,
2271 1308 2576 1362 commodis
2604 1316 2659 1361 et
2688 1308 2942 1372 excelsis,
2974 1309 3140 1379 hujus
3178 1311 3439 1369 carminis
3466 1327 3638 1382 argu-

2060 1406 2305 1452 mentum
2336 1399 2577 1453 ostendit
2612 1400 3065 1469 percttrrentibus
3096 1400 3251 1457 illud.

2129 1489 2257 1545 ΞΗ.
2290 1491 2359 1544 At
2385 1505 2514 1545 vero
2554 1490 2635 1545 sic
2684 1491 2749 1545 de
2787 1492 2965 1562 gratia
3037 1492 3375 1548 sullicienter
3441 1493 3637 1549 habito

2060 1595 2333 1648 sermone,
2364 1580 2560 1644 Deum,
2589 1596 2656 1636 ne
2685 1592 2784 1637 nos
2814 1584 2968 1638 orbet
3000 1584 3116 1649 illa,
3171 1585 3468 1654 deprecati,
3499 1586 3636 1641 diei-

2059 1687 2183 1728 mus
2213 1677 2355 1744 quod
2389 1674 2553 1729 verba
2577 1674 2913 1743 λάμποντες,
2936 1676 3371 1745 ἀστράπτοντες,
3404 1678 3634 1747 ἠλλοιω-

2064 1766 2237 1836 μόνοι,
2264 1767 2384 1823 sine
2408 1767 2793 1823 coniunctione
2823 1768 3032 1836 prolata
3063 1770 3239 1825 vivide
3285 1770 3640 1840 jucundeque

383 1830 604 1932 γοργῶς
634 1860 733 1912 καὶ
764 1830 1011 1926 γλυκέως
1036 1830 1355 1925 πέφρασται
1374 1868 1389 1883 ’
1424 1854 1491 1923 τῇ
1523 1830 1874 1920 πνευματικῇ
1901 1847 1959 1901 δέ

2075 1858 2203 1913 iicta
2238 1868 2383 1913 sunt.
2422 1857 2703 1929 Spirituali
2738 1870 2871 1915 vero
2896 1860 3213 1915 lucidationi
3260 1875 3489 1931 prorsus
3537 1874 3640 1928 ap-

386 1953 679 2026 φωσφορίᾳ
704 1949 981 2004 ὼκείωται
1014 1948 1239 2011 πάντως
1267 1948 1365 2002 καὶ
1394 1946 1456 1999 τὸ
1489 1945 1733 2010 λάμπειν
1758 1942 1856 1998 καὶ
1896 1942 1958 1995 τὸ

385 2047 751 2117 ἀστράπτειν.
776 2043 935 2097 Ἐστι
972 2042 1031 2095 δέ
1055 2041 1264 2096 τούτων
1308 2039 1372 2093 τὸ
1402 2039 1502 2109 μέν
1544 2036 1736 2108 ἐφετὸν
1768 2035 1955 2105 φύσει,

383 2141 445 2195 τὸ
482 2139 529 2194 δ’
561 2139 624 2193 οὐ
660 2135 905 2191 τοιοῦτον
935 2151 950 2166 ·
999 2134 1084 2188 διὸ
1133 2131 1318 2203 ἱλαρὸν
1351 2131 1450 2201 μέν
1483 2131 1518 2200 ή
1551 2127 1836 2198 λαμπρὰς,
1872 2125 1961 2179 διὰ

386 2233 446 2287 τὸ
480 2232 602 2284 κατ’
634 2229 807 2298 αὐτὴν
836 2228 1012 2295 γλυκῦ
1047 2225 1167 2295 φῶς
1193 2240 1206 2253 ·
1246 2222 1474 2292 φρικτὸν
1510 2220 1572 2274 δὲ
1607 2219 1685 2283 ὠς
1733 2217 1958 2287 πυρόεν,

388 2326 423 2393 ἡ
462 2320 716 2391 ἀστραπή
744 2336 758 2351 ’
795 2320 940 2384 ἀπερ
971 2316 1065 2369 καὶ
1094 2315 1185 2367 ἐπὶ
1212 2311 1307 2365 τοῦ
1337 2307 1471 2363 Θεοῦ
1492 2306 1739 2370 νοοῦντες
1773 2307 1959 2393 ἡμεῖς,

391 2392 552 2483 εἰπερ
583 2409 935 2481 φρονοῦντες,
965 2405 1060 2459 καὶ
1093 2402 1328 2473 φοϐερὸν
1362 2400 1464 2470 μὲν
1495 2393 1641 2451 εἶναι
1687 2394 1781 2447 τὸν
1827 2392 1963 2443 Θεὸν

390 2504 756 2572 λογιζόμενοι,
792 2499 889 2551 καὶ
918 2491 1031 2549 οἷον
1090 2494 1167 2563 μὴ
1206 2492 1529 2562 ἐξευρήσειν
1565 2486 1658 2541 τὸν
1708 2485 1961 2551 ἀντιστη-

394 2599 623 2666 σόμενον
652 2597 720 2663 τῇ
746 2592 939 2660 δικαίᾳ
970 2586 1136 2643 αὑτοῦ
1176 2586 1339 2656 ὀργῇ,
1372 2583 1547 2645 άλλως
1572 2579 1630 2633 δὲ
1654 2580 1750 2632 καὶ
1779 2576 1965 2666 φιλανη

391 2663 744 2757 Ορωπότατον
772 2682 937 2735 αὑτὸν
967 2673 1114 2732 εἶναι
1141 2675 1366 2729 συννοού
1377 2689 1549 2744 μενοι,
1591 2663 1966 2739 φυλαξώμεθα

394 2783 540 2853 ἡμᾶς
572 2780 771 2841 αὐτοὺς
800 2777 876 2840 ὡς
923 2775 956 2846 ἢ
994 2773 1069 2844 μὴ
1105 2768 1447 2841 ἁμαρτάνειν
1471 2762 1964 2853 ἀπαρακαλύπτως

395 2847 540 2926 obsto
590 2869 685 2922 καὶ
733 2864 1037 2934 ἀλογίστως
1082 2862 1178 2914 ἐπὶ
1216 2854 1557 2929 κληρονομίᾳ
1602 2850 1879 2920 δαίμονος,
1933 2847 1966 2917 ἢ

396 2965 530 3022 ἀλλὰ
591 2962 685 3016 καὶ
733 2955 1123 3031 ἡμαρτηκότες
1168 2952 1307 3020 ταχὺ
1371 2942 1830 3015 ἐπιστρέφεσθαι,
1868 2940 1968 3031 τὴν

393 3056 569 3125 καλὴν
620 3030 1008 3109 ἀλλοιωθέντες
1042 3043 1357 3106 ἀλλοίωσιν,
1388 3035 1455 3112 ἧς
1508 3033 1763 3125 ἐνταῦθα
1801 3030 1971 3125 ἐμνή-

2058 1952 2411 2021 propriantur
2441 1950 2503 2003 τὸ
2531 1951 2770 2021 λάμπειν
2808 1961 2863 2007 et
2901 1952 2962 2007 τὸ
3006 1953 3365 2023 ἀστράπτειν.
3420 1952 3496 2008 Ex
3555 1953 3643 2007 Lis

2061 2049 2242 2099 autem
2280 2058 2449 2097 unum
2487 2043 2707 2113 quidem
2732 2052 2931 2098 natura
2960 2052 3044 2100 est
3075 2044 3459 2107 desiderabile,
3494 2042 3643 2097 aliud

2072 2148 2199 2188 vero
2243 2134 2470 2187 minime
2520 2134 2593 2187 ita
2625 2151 2639 2188 :
2687 2137 2945 2201 quoniam
2982 2136 3281 2205 jucundum
3310 2134 3528 2203 quidem
3557 2140 3645 2189 est

2064 2224 2305 2284 lucerna,
2343 2230 2566 2291 propter
2629 2223 2841 2277 dulcem
2890 2223 3063 2293 ipsius
3122 2224 3345 2291 lucem;
3407 2232 3643 2277 tremen-

2054 2313 2194 2369 ‘dum
2229 2324 2412 2369 autem
2443 2315 2609 2369 veluti
2643 2315 2899 2385 ignitum,
2937 2314 3137 2385 fulgur.
3172 2316 3305 2382 Quae
3347 2328 3447 2369 nos
3477 2313 3644 2368 etiam

2066 2406 2133 2459 de
2166 2405 2272 2461 Deo
2301 2405 2629 2477 cogitantes,
2671 2406 2973 2463 dummodo
3008 2406 3304 2477 prodeuntes
3339 2406 3514 2460 simus
3563 2420 3649 2457 rea-

2066 2507 2424 2568 putantesque
2473 2499 2818 2554 tremendum
2861 2514 2982 2556 esse
3036 2500 3207 2556 Deum
3263 2514 3328 2555 ac
3359 2499 3517 2553 tatem
3554 2497 3645 2566 qui

2077 2604 2187 2643 non
2235 2589 2474 2643 inveniat
2515 2588 2687 2658 ipsius
2728 2589 2823 2644 ira:
2862 2591 3025 2660 justa:
3074 2604 3407 2661 quemquam
3427 2589 3653 2640 obstan-

2072 2692 2201 2745 tem,
2233 2680 2369 2735 alias
2401 2689 2582 2736 autem
2616 2683 2768 2735 illum
2804 2695 2927 2737 esse
2964 2681 3416 2750 benignissimum
3449 2679 3651 2732 intelli-

2071 2784 2285 2842 gentes,
2332 2786 2434 2828 nos
2474 2773 2621 2842 ipsos
2651 2773 3053 2838 custodiamus,
3086 2789 3153 2827 ne
3175 2773 3257 2826 vel
3281 2771 3653 2841 imprudenter

2072 2878 2136 2918 ac
2184 2864 2628 2918 irrationabiliter
2663 2864 2718 2917 in
2767 2863 3032 2919 daatnonis
3083 2864 3399 2919 haereditate
3451 2864 3649 2916 fiamus

2070 2963 2384 3025 peccantes,
2411 2955 2491 3008 vel
2515 2955 2704 3009 saltem
2735 2957 2897 3010 etiam
2922 2956 3059 3024 lapsi
3092 2956 3241 3010 brevi
3264 2964 3651 3011 convertamur

2073 3052 2178 3103 hac
2218 3047 2445 3117 pulchra
2484 3049 2835 3101 trauSututati
2868 3049 3192 3113 mutatione,
3227 3049 3385 3117 cujus
3417 3048 3505 3102 Itic
3534 3064 3648 3102 me-

396 3148 500 3219 σθη
573 3142 811 3216 μελῳδὸς
838 3135 1191 3208 παρελκύσας
1214 3131 1383 3200 αὐτὴν
1408 3130 1473 3182 ὲκ
1492 3125 1602 3180 τῶν
1623 3123 1724 3193 τῆς
1748 3121 1966 3192 ἐορτῆς.

2075 3140 2235 3194 ntinit
2276 3149 2439 3210 poeta
2470 3153 2537 3193 ex
2589 3139 2673 3191 his
2720 3143 2785 3193 ad
2828 3138 3032 3194 festum
3083 3141 3446 3196 attincutibus
3498 3140 3648 3195 illam

469 3352 611 3419 atte'.
644 3343 809 3397 Ἐστι
841 3338 951 3410 γὰρ
985 3334 1181 3404 νοῆσαι
1215 3331 1387 3402 ἡμᾶς,
1418 3329 1501 3382 ὅτι
1536 3326 1638 3394 τὴν
1843 3323 1967 3419 νοῦν

394 3415 603 3513 λάμιῖην
634 3437 731 3491 καὶ
754 3434 854 3504 τὴν
882 3427 1174 3500 ἀστραπὴν
1214 3424 1308 3477 καὶ
1335 3422 1435 3492 τὴν
1467 3417 1725 3513 εὐπρεπῆ
1750 3415 1971 3513 όονείαν

395 3506 705 3595 ἀλλοίωσιν,
737 3527 805 3597 ἣν
833 3518 1213 3593 παραγγέλλει
1246 3518 1275 3569 ὁ
1311 3514 1475 3582 σοφὸς
1501 3510 1659 3573 οὗτος
1689 3506 1967 3572 ἐποποιὸς,

395 3626 491 3679 καὶ
521 3619 965 3691 ἐπιμάρτυρεται
1009 3611 1146 3680 ἡμῖν
1176 3605 1253 3669 ὡς
1304 3604 1635 3674 λατρευταῖς
1671 3598 1773 3668 τῆς
1809 3597 1971 3691 ἁγίας

397 3690 653 3783 Τριάδος,
684 3709 794 3771 τοῖς
830 3704 1096 3776 μαθηταῖς
1122 3697 1364 3769 πρώτοις
1393 3693 1756 3765 ἐνεθεώρησε.
1776 3691 1842 3744 Τί
1863 3690 1970 3783 γὰρ

395 3781 654 3861 ἀπαίσιον
688 3795 1060 3870 ἢκάπόφημον
1091 3791 1124 3861 ἢ
1157 3788 1521 3842 ἀνακόλουθον
1558 3788 1625 3856 τῇ
1660 3786 1848 3855 ἑορτῇ,
1877 3781 1974 3835 καὶ

396 3898 652 3968 τοιαύτην
677 3893 840 3964 χάριν
867 3886 1078 3944 ἀνωθεν
1105 3883 1429 3954 πεμφθῆναι
1465 3882 1578 3943 τοῖς
1618 3875 1974 3949 θεοκήρυξιν,

398 3992 487 4045 ἵνα
514 3987 610 4041 τοῦ
640 3983 992 4054 περιέχοντος
1032 3974 1392 4047 λαμπομένου
1427 3973 1665 4042 πυρσαῖς
1700 3968 1975 4038 γλώσσαις

397 4083 495 4139 καὶ⁵
524 4082 595 4151 τῇ
627 4076 839 4132 ἐκεῖθεν
872 4071 1160 4141 φανότητι,
1190 4070 1290 4122 καὶ
1307 4066 1375 4120 τά
1402 4060 1685 4137 μαθητικά
1705 4060 1976 4131 πρόσωπα

399 4177 541 4249 φωτὶ
571 4172 901 4242 λάμποιντο,
938 4166 1032 4220 καὶ
1050 4162 1206 4217 θείαν
1230 4160 1403 4223 οὕτως,
1431 4157 1719 4212 ⁴πλουτοῖεν
1749 4152 1978 4205 ἀλλοίω-

400 4248 522 4332 etv;
556 4267 618 4322 οὐ
657 4267 764 4335 γὰρ
795 4263 861 4317 ἂν
890 4259 1035 4314 είποι
1070 4272 1152 4319 τις
1183 4254 1417 4325 πρέπειν
1441 4251 1534 4305 τὸν
1564 4248 1667 4320 μὲν
1697 4248 1816 4300 ἐκεῖ
1841 4248 1977 4313 ἀέρα

397 4360 742 4434 λάμπεσθαι,
766 4353 1110 4410 κατενώπιον
1134 4350 1191 4403 δὲ
1224 4347 1320 4401 τοῦ
1344 4343 1482 4399 Θεοῦ
1516 4340 1843 4434 ἀποστόλων
1888 4338 1979 4401 ζό-

399 4431 501 4526 φον
528 4453 689 4517 εἶναι,
717 4450 792 4512 ὡς
820 4445 981 4503 νυκτὶ
1007 4442 1248 4499 ἐοικέναι
1277 4440 1430 4510 σφίσι
1466 4437 1535 4491 τά
1561 4434 1788 4526 ὑπώπια
1813 4431 1979 4526 ώχρῳ

2079 3230 2365 3286 deducens
2388 3267 2405 3285 .

2146 3342 2275 3397 245.
2307 3339 2477 3397 Nobis
2503 3341 2647 3396 enim
2673 3341 3029 3410 cegitandum
3087 3343 3232 3413 quod
3257 3342 3404 3397 hunc
3454 3346 3654 3400 mentis

2081 3434 2425 3504 Splendorem
2463 3446 2526 3485 ac
2558 3431 2980 3501 fulgurationetn
3009 3435 3536 3504 convenientemque
3560 3450 3656 3488 ex-

2083 3537 2330 3581 traneatn
2389 3524 2775 3591 mutationem,
2817 3539 2981 3595 quam
3044 3525 3260 3593 sapiens
3309 3524 3399 3580 ille
3463 3535 3656 3581 cantor

2080 3619 2321 3681 nuntiat,
2354 3626 2409 3672 et
2438 3615 2597 3670 nobis
2626 3622 2687 3670 ut
2745 3625 2947 3671 sanctae
3003 3616 3293 3671 Trinitatis
3342 3618 3654 3675 cultoribus

2083 3710 2350 3777 attribuit,
2384 3717 2437 3763 In
2468 3709 2657 3779 primis
2676 3708 2961 3779 discipulis
3012 3710 3325 3778 speculatus
3349 3719 3454 3767 est.
3512 3711 3656 3778 Quid

2081 3804 2225 3857 enim
2254 3801 2466 3857 sinistri
2489 3800 2572 3854 vel
2597 3798 2824 3856 infausti
2864 3800 2949 3855 vel
2976 3801 3339 3871 repugnantis
3369 3800 3655 3857 festivitati

2083 3894 2226 3963 quod
2252 3891 2376 3946 talis
2406 3891 2579 3962 gratia
2608 3891 2842 3961 desuper
2858 3891 3023 3945 etiam
3065 3894 3373 3946 mitteretur
3405 3893 3498 3947 Dei
3523 3908 3661 3959 βιοτε-

2084 3983 2334 4048 conibus,
2366 3990 2448 4048 ut,
2482 3983 2663 4052 capite
2696 3980 2900 4052 linguis
2937 3982 3113 4052 igneis
3147 3995 3203 4037 et
3238 3984 3433 4039 exinde
3479 3984 3663 4055 splen-

2084 4074 2313 4131 doribus
2344 4072 2606 4145 fulgente,
2629 4072 3031 4144 discipulorum
3061 4075 3245 4129 vultus
3264 4075 3427 4130 etiam
3451 4075 3659 4133 lumine

2086 4167 2375 4237 fulgerent,
2404 4178 2457 4220 et
2486 4166 2568 4223 sic
2595 4166 2780 4221 divina
2811 4166 3113 4222 mutatione
3155 4167 3483 4223 ditarentur.
3539 4166 3657 4222 Nun

2085 4262 2228 4314 enim
2249 4260 2371 4329 quis
2396 4259 2581 4315 dicere
2606 4267 2792 4329 posset
2825 4261 3125 4314 convenire
3156 4259 3269 4315 illic
3285 4260 3501 4331 quidem
3533 4274 3660 4316 aera

2088 4352 2317 4422 fulgere,
2344 4352 2439 4407 sed
2473 4367 2660 4407 coram
2692 4351 2801 4406 Deo
2823 4353 3199 4421 apostolorum
3228 4354 3482 4408 tenebras
3516 4368 3661 4419 esse,

2089 4446 2163 4500 ita
2193 4453 2252 4500 ut
2284 4445 2429 4500 nocti
2456 4444 2668 4501 similes
2700 4444 2836 4513 ipsis
2860 4454 3046 4500 essent
3112 4446 3301 4509 facies,
3356 4446 3562 4515 pallore
3590 4461 3659 4500 ex

402 4523 728 4621 βεϐαμμένα
758 4540 836 4611 τῷ
883 4542 948 4593 ἐκ
982 4535 1150 4608 φόϐου
1204 4534 1301 4587 καὶ
1353 4529 1639 4599 συστολῆς,
1688 4523 1799 4621 τοῦ
1842 4525 1968 4595 πρὸς

2087 4544 2233 4591 metu
2257 4546 2311 4590 et
2337 4534 2931 4603 animi,coutractione,
2963 4535 3092 4590 dum
3123 4537 3175 4589 in
3202 4536 3665 4602 pulchritudinem

405 4619 599 4702 κάλλος
629 4635 950 4708 ἐρεύθοντος
982 4631 1214 4700 αἵματος
1241 4643 1257 4659 ·
1288 4626 1322 4698 ἢ
1354 4624 1596 4693 Μωῦσῆς
1630 4621 1732 4692 μὲν
1779 4619 1979 4687 ὑπερε-

401 4732 639 4801 δοξάσθη
669 4731 730 4783 τὸ
768 4728 1062 4797 πρόσωπον
1091 4718 1160 4792 ἦν
1183 4720 1273 4772 ὅτε
1307 4720 1372 4772 ὲκ
1399 4713 1536 4770 Θεοῦ
1563 4711 1712 4766 καθά
1742 4711 1975 4781 πρέπον,

384 4806 451 4879 ‘oi
482 4826 539 4878 δέ
565 4820 812 4895 μαθηταὶ
841 4817 942 4870 οὐκ
970 4811 1114 4887 ἦσαν
1134 4813 1278 4878 ἄξιοι
1315 4807 1469 4877 καλῷ
1518 4803 1753 4874 τοιούτῳ
1780 4801 1982 4895 ἐλλάμῖ

378 4892 647 4989 λψασθαις
680 4914 777 4967 καὶ
818 4912 1005 4981 τυχεῖν
1034 4905 1318 4978 όμαδικῶς
1351 4900 1565 4971 ἀγαθοῦ
1594 4898 1784 4953 ὁποίου
1815 4892 1981 4963 ἐντῷ

404 4988 602 5080 Θαόὼρ
631 5004 1013 5077 ἐπειράθησαν
1054 5001 1204 5073 τρεῖς
1236 4998 1436 5050 ἐκεῖνοι
1473 4993 1755 5047 ἐπίλεκτοι
1805 4988 1983 5058 μα’]η-

404 5106 518 5169 ταὶ,
547 5100 642 5165 οὓς
663 5102 757 5154 καλ⁵
779 5097 980 5159 αὐτοὺς
1014 5096 1042 5147 ό
1069 5092 1165 5146 νῦν
1186 5087 1548 5149 ἀποστολικὸς
1580 5083 1831 5155 περιέχει
1859 5080 1985 5133 σόλ⁸

388 5198 588 5265 -λογος,
639 5193 930 5264 χαίροντας
988 5186 1207 5247 πάντως
1252 5184 1335 5235 ὅτι
1392 5180 1454 5233 τὸ
1492 5179 1704 5232 ίδιάσαν
1750 5174 1859 5245 πρὸ
1889 5170 1983 5224 τοῦ

408 5289 615 5348 πάθους
652 5282 817 5337 καλὸν
848 5280 909 5332 τὸ
934 5280 1174 5349 ἄρρητον
1215 5274 1397 5326 ἐκεῖνο
1428 5270 1567 5339 φῶς,
1612 5267 1982 5320 ἐκοινώσαντο

408 5383 534 5449 ᾶρτι
562 5377 762 5437 πάντες
791 5369 1095 5437 ἁδελφικῶς
1135 5366 1225 5419 διὰ
1270 5363 1367 5417 τοῦ
1430 5360 1587 5429 ἁγίου
1636 5356 1976 5425 Πνεύματος,

409 5472 485 5532 ὡς
517 5469 651 5521 αὐτὸ
681 5463 886 5533 ὲπεμέτ
897 5475 1052 5531 ρησε.

484 5557 636 5631 σμς¹.
671 5557 764 5611 Διὸ
792 5556 909 5609 ἔστι
957 5552 1152 5621 νοῆσαι
1183 5550 1278 5603 καὶ
1329 5547 1507 5599 εἰπεῖν
1568 5542 1771 5614 ὀρθῶς,
1821 5538 1984 5631 ώςοὶ

408 5630 719 5723 λάμποντες
767 5648 911 5701 οὕτω
958 5646 1054 5698 καὶ
1106 5642 1514 5710 ἀστράπτοντες
1564 5636 1653 5688 διὰ
1701 5633 1764 5687 τὸ
1798 5630 1986 5685 θεόθεν

408 5745 729 5811 ὶάγπεσυαι
782 5739 880 5791 καὶ
934 5732 1384 5803 ἀστράπτεσθαι,
1444 5731 1541 5781 καὶ
1593 5726 1855 5796 ⁸ττυρίναις
1927 5723 1988 5776 δὲ

410 5837 684 5909 γλώσσαις
715 5833 1028 5902 ψαυόμεναι
1060 5825 1451 5894 θιγγανούσαις
1479 5815 1591 5874 οἷον
1616 5821 1715 5892 τῆς
1742 5818 1979 5876 ἑκάστου

756 5929 1023 5988 Pamon.
1072 5926 1190 5983 Gtt.
1235 5917 1587 5982 CXXXVI..

2084 4630 2307 4698 sanguis
2338 4627 2605 4683 rubefacit
2650 4628 2854 4683 tinctae.
2911 4626 3165 4695 Nunquid
3200 4627 3403 4700 Moysis
3442 4627 3666 4699 quidem

2086 4722 2267 4777 vultus
2293 4723 2423 4775 olim
2487 4737 2517 4775 a
2570 4720 2679 4775 Deo
2734 4721 3124 4776 cenvenirnter
3162 4721 3496 4791 glorificatus
3559 4734 3666 4785 est,

2086 4813 2339 4883 discipuli
2373 4829 2502 4869 vero
2530 4813 2678 4883 digni
2708 4828 2814 4867 non
2849 4822 3033 4868 essent
3062 4815 3156 4883 qui
3219 4813 3315 4868 tali
3370 4814 3664 4883 splendore

2088 4906 2385 4975 fulgerent,
2442 4905 2669 4974 parique
2692 4905 2818 4974 jure
2850 4906 3053 4958 bonum
3102 4903 3435 4968 obtinerent,
3505 4906 3667 4975 quale

2091 5007 2256 5061 super
2281 4989 2505 5045 Thabor
2522 4992 2729 5060 experti
2768 5001 2897 5046 sunt
2929 4993 3004 5046 illi
3040 5003 3156 5048 tres
3192 4994 3353 5048 electi
3386 4994 3665 5063 discipuli,

2091 5099 2230 5154 quos
2258 5095 2311 5138 et
2333 5084 2483 5153 ipsos
2516 5098 2759 5152 praesens
2782 5084 3115 5154 apostolicus
3152 5086 3531 5154 complectitur
3554 5103 3669 5143 cm-

2092 5184 2204 5242 tus,
2241 5177 2468 5230 omnino
2486 5176 2786 5245 gaudentes
2820 5178 2967 5247 quod
2996 5178 3284 5248 speciatim
3336 5194 3663 5235 concessum

2091 5268 2574 5324 anteoccasioncm
2596 5269 2795 5323 bonum
2828 5271 2957 5324 illttd
2981 5270 3253 5326 itteﬂabile
3292 5272 3494 5338 lumen,
3524 5291 3669 5329 nunc

2092 5376 2282 5415 omnes
2315 5359 2551 5415 fraterne
2579 5376 2673 5431 per
2704 5362 2971 5431 Spiritum
3007 5375 3283 5431 sanetum,
3314 5378 3371 5418 ut
3404 5366 3533 5419 illud
3570 5383 3667 5420 ευ·-

2093 5457 2460 5527 pererogavit,
2493 5457 2545 5510 in
2576 5456 2856 5512 communi
2882 5457 3249 5527 participem?

2164 5548 2293 5604 246.
2323 5545 2533 5603 Idcirco
2552 5558 2699 5603 recte
2729 5549 3080 5618 cogitandum
3106 5559 3159 5602 et
3184 5549 3495 5610 dicendum,
3527 5552 3671 5620 quod

2097 5641 2169 5696 ita
2204 5641 2470 5713 fulgentes
2492 5652 2557 5695 ac
2582 5640 2944 5708 fulgurantes,
2965 5653 3031 5694 eo
3052 5639 3198 5709 quod
3224 5655 3253 5693 a
3288 5638 3397 5693 Deo
3430 5642 3676 5694 lthet't'ttl.

2099 5746 2164 5786 ac
2194 5729 2561 5801 fulgurarent,
2621 5730 2903 5800 igneisqtte
2960 5728 3090 5783 tacti
3150 5728 3352 5797 linguis
3417 5741 3672 5796 tanquam

2103 5824 2536 5896 uniuscujusque
2562 5822 2798 5892 linguam
2836 5821 3250 5890 attingentibus,
3285 5834 3338 5877 et
3362 5822 3435 5876 ita
3458 5820 3675 5876 dulcem

3123 5911 3201 5973 24
