4034 6406
392 342 507 405 ’747

1174 338 1595 399 EUSTATHII
1622 336 2382 399 TllESSALONlCENSIS
2418 338 2985 401 ΜΕΤΒΟΡΟΙᾸΤᾹΞ

3555 331 3687 402 Ἠθ

390 451 721 523 cognitionis
750 448 1050 515 flammam,
1093 455 1150 500 ut
1178 445 1270 501 Dei
1316 446 1516 517 angeli.
1558 446 1958 511 accedentibus,

2078 443 2353 515 γλώσσης.
2381 448 2477 501 καὶ
2511 447 2657 502 οὕτω
2706 449 2965 516 γνώσεως
2988 451 3225 521 πραεῖαν
3258 448 3435 519 φλόγα
3488 451 3662 518 ιμπυ·

388 545 768 599 t'onvenirntia
793 558 924 597 sane
966 540 1347 603 concinerent,
1394 540 1498 595 etsi
1549 540 1971 595 circumstantes

386 635 592 691 ethnici
621 636 761 689 male
781 632 1305 704 comprehenderent
1354 631 1478 686 illos
1513 639 1565 686 et
1593 630 1778 701 aliquo
1805 630 1970 686 modo

386 726 684 781 secundum
716 725 838 779 illos
864 739 894 777 e
927 724 1106 777 medio
1130 721 1273 791 ignis
1302 718 1470 775 Deum
1501 720 1885 775 benedicentes
1906 735 1970 775 ac

384 815 601 884 hymnis
647 813 986 867 celebrantes
1029 820 1085 865 et
1125 810 1385 880 populum
1432 809 1830 864 idololatricum
1864 809 1970 863 cir-

381 912 749 960 cumstantem
771 902 1294 974 obstupefacii-ntes,
1321 916 1512 958 saeros
1536 917 1759 970 pueros,
1786 909 1841 955 et
1862 900 1965 969 ipsi

380 1007 625 1068 agerent.
650 996 763 1052 Non
792 998 956 1067 igitur
974 996 1222 1052 absimile
1246 1010 1348 1051 nec
1370 994 1597 1049 dubium
1618 994 1802 1065 specie
1831 993 1969 1047 luci-

380 1091 640 1148 dissimos
660 1090 823 1144 etiam
844 1090 1121 1159 apostolos
1142 1088 1336 1154 fuisse,
1359 1102 1485 1144 cum
1505 1087 1608 1141 sub
1626 1086 1765 1157 ignis
1786 1087 1968 1155 specie

381 1183 614 1255 desuper
645 1185 751 1240 illis
788 1184 936 1239 venit
974 1166 1215 1253 Spiritus
1240 1180 1593 1243 illuminatio,
1633 1187 1693 1233 ut
1716 1179 1963 1234 interiori

379 1277 585 1331 lumine
608 1278 789 1332 lumen
813 1278 978 1332 etiam
1002 1276 1183 1331 vultus
1209 1274 1471 1329 haberent
1494 1292 1508 1339 ;
1530 1273 1730 1342 illaque
1760 1274 1861 1326 tria
1894 1288 1959 1326 ex

377 1369 582 1426 where
601 1370 847 1424 lucerent
868 1369 1003 1438 ipsis
1019 1368 1251 1431 lumina,
1271 1381 1442 1422 unum
1461 1364 1681 1435 quidem
1703 1378 1766 1419 ex
1788 1364 1962 1432 igneis

382 1462 609 1528 linguis,
632 1462 779 1516 aliud
804 1461 1080 1516 inhaerens
1112 1460 1371 1525 menti,et
1398 1457 1619 1512 tertium
1663 1456 1809 1525 quod
1830 1457 1962 1521 ipsis

381 1553 573 1607 faciem
618 1551 687 1606 ad
724 1551 952 1622 gloriam
991 1561 1194 1606 sanctae
1233 1547 1523 1603 Trinitatis
1579 1546 1961 1617 splendescere

380 1642 526 1695 ferit.

448 1734 574 1787 247.
604 1732 716 1789 lloc
745 1744 927 1788 autem
960 1734 1031 1789 ita
1060 1748 1183 1789 eum
1208 1732 1297 1800 sit,
1322 1742 1508 1805 potest
1564 1732 1763 1804 aliquis
1809 1735 1957 1788 locu-

2080 538 2369 610 ρευούσαι;
2407 539 2482 603 ὡς
2515 540 2651 594 Θεοῦ
2680 540 2956 610 ἀγγέλοις,
2989 538 3228 610 ἔμελπον
3260 537 3327 596 ἂν
3353 541 3424 594 τά
3447 540 3659 605 εἰκότα,

2077 635 2180 701 κᾶν
2202 636 2252 688 οἱ
2282 633 2652 704 περιεστῶτες
2688 635 2894 689 ἐθνικοὶ
2924 635 3227 706 παρενόουν
3285 632 3486 695 αὐτούς
3509 649 3524 664 ⁸
3563 632 3660 687 καί

2075 742 2194 789 πως
2225 725 2369 780 κατά
2415 726 2545 789 τοὺς
2599 727 2664 781 ὲκ
2717 726 2916 795 φλογὸς
2971 725 3147 796 μέσης
3195 726 3288 781 τὸν
3339 725 3476 780 Θεὸν
3506 726 3659 781 εὐλο-

2076 812 2311 880 γοῦντας
2345 815 2439 868 καὶ
2468 814 2777 883 ὑμνοῦντας
2814 815 3004 884 ἁγίους
3032 816 3231 880 παῖδας
3257 816 3524 881 ἐκείνους,
3559 816 3658 871 καὶ

2073 905 2166 958 τὸν
2230 906 2395 977 πέριξ
2446 905 2577 961 λαδν
2623 906 2716 960 τὸν
2767 907 3170 979 είδωλολάτρην
3219 909 3651 978 ὲκπλήττοντας,

2069 993 2399 1049 διετέθειντο
2428 1000 2525 1049 καὶ
2578 996 2771 1065 αὑτοί;
2803 995 3017 1052 υῦκουν
3046 998 3277 1062 ἀπεικὸς
3323 998 3448 1052 οὐδὲ
3479 997 3653 1067 ἀμφί-

2068 1084 2264 1139 λεκτον
2291 1086 2715 1157 λαμπροτάτους
2773 1082 2914 1141 εἶναι
2946 1089 3043 1143 καὶ
3096 1089 3198 1159 τὴν
3260 1090 3484 1161 μορφὴν
3518 1090 3651 1152 τοὺς

2066 1179 2401 1243 ἀποστόλους
2431 1180 2521 1232 ὅτε
2559 1181 2974 1250 πυρσομόρφως
3015 1182 3203 1246 αὑτοῖς
3231 1178 3399 1255 ἦλθεν
3432 1184 3466 1251 ἡ
3505 1182 3651 1237 ἄνω-

2066 1270 2158 1322 θεν
2180 1271 2274 1324 τοῦ
2317 1271 2637 1340 Πνεύματος
2687 1272 2979 1342 ελλαμψις,
3022 1273 3112 1329 ἵνα
3165 1277 3310 1343 φωτὶ
3355 1276 3435 1345 τῷ
3487 1274 3643 1338 ἐντὸς

2067 1362 2184 1431 φῶς
2213 1362 2391 1433 ἔχοιεν
2427 1366 2523 1418 καὶ
2551 1366 2910 1436 προσωπικόν
2930 1382 2945 1398 ·
2980 1367 3076 1420 καὶ¹
3123 1368 3254 1439 τρία
3281 1367 3459 1422 ταῦτα
3491 1368 3649 1437 φῶτα

2063 1454 2401 1524 ὲναιθριάζοι
2436 1456 2621 1518 αὐτοῖς
2652 1456 2715 1510 τὸ
2737 1458 2801 1511 ὲκ
2823 1458 2930 1511 τῶν
2968 1458 3214 1530 πυρίνων
3241 1459 3525 1527 γλωσσῶν.
3550 1459 3649 1514 καὶ

2061 1548 2122 1599 τὺ
2157 1546 2301 1599 κατά
2352 1546 2535 1617 ψυχήν
2562 1562 2576 1578 ·
2610 1549 2707 1602 καὶ
2746 1548 2931 1619 τρίτον
2965 1550 3102 1619 ὅπερ
3138 1550 3325 1614 αὑτοῖς
3370 1551 3472 1621 τὴν
3520 1551 3646 1622 ὄψιν

2060 1638 2140 1701 εἰς
2166 1637 2322 1702 δόξαν
2352 1638 2451 1707 τῆς
2484 1638 2648 1707 ἁγίας
2675 1638 2907 1709 Τριάδος
2936 1641 3222 1709 ὴγλάῖζεν.

2132 1732 2277 1802 σμξ.
2304 1733 2364 1786 Ei
2393 1732 2450 1786 δὲ
2474 1732 2625 1786 τοῦθ’
2666 1732 2841 1797 οὕτως
2876 1733 3015 1804 ἔχει,
3072 1735 3301 1790 δύναταί
3330 1754 3418 1799 τις
3448 1738 3547 1793 καὶ
3582 1740 3644 1795 τὸ

384 1827 629 1883 tionem:
689 1829 1005 1883 «Extranea
1082 1825 1607 1883 convenientissima
1654 1826 1954 1880 mutatione

2058 1825 2274 1879 ὀθνείαν
2303 1825 2595 1880 ἀλλοίωσιν
2652 1826 3122 1897 εὐπρεπεστάτην
3175 1829 3512 1900 ἠλλοιῶσθαι
3545 1834 3648 1888 αὑ-

383 1920 537 1990 ipsos
567 1921 921 1985 commutari,
951 1938 970 1973 ι
1006 1919 1073 1975 ad
1108 1919 1427 1989 huiusmodi
1491 1916 1841 1988 splendorem
1898 1931 1963 1972 ac

379 2016 814 2087 fulgurationem
845 2017 1055 2072 urbane
1088 2014 1316 2085 referre,
1355 2015 1649 2085 dicereque
1715 2013 1862 2084 quod
1887 2013 1960 2067 ibi
1994 2076 2015 2095 φ

376 2124 532 2165 sacer
580 2118 738 2181 poeta
796 2109 989 2165 alludit
1035 2108 1105 2165 ad
1134 2118 1367 2165 veterem
1400 2109 1545 2178 apud
1580 2106 1800 2162 Graecos
1837 2102 1961 2158 vul-

377 2212 469 2257 tus
528 2201 995 2267 immutationem,
1046 2216 1169 2272 quae
1238 2198 1661 2271 superveniebat
1728 2196 1962 2252 heroicae

378 2309 649 2365 personae,
679 2295 747 2350 de
782 2310 892 2366 qua
953 2294 1157 2350 factum
1222 2301 1307 2349 est
1362 2292 1504 2347 istud
1535 2307 1551 2345 ε
1585 2289 1744 2345 Alius
1797 2287 1971 2354 mihi,

379 2384 693 2455 peregrine,
727 2398 922 2439 recens
948 2382 1037 2437 vel
1072 2390 1234 2437 antea
1274 2380 1429 2438 visus
1448 2394 1530 2436 es.
1582 2378 1791 2434 Dicitur
1810 2381 1957 2435 enim

381 2486 513 2531 tunc
544 2475 708 2531 heros
735 2476 819 2530 vir
860 2484 915 2531 et
940 2475 1164 2544 reliquis
1191 2475 1438 2544 corporis
1464 2481 1518 2528 et
1550 2472 1688 2528 facie
1716 2481 1960 2528 recenter

379 2568 553 2623 fuisse
584 2578 855 2624 mutatus.
889 2568 1021 2623 Erat
1047 2568 1212 2623 etiam
1238 2567 1386 2623 illius
1415 2578 1675 2622 extranea
1699 2566 1956 2636 mutatio,

378 2673 488 2715 non
520 2658 740 2730 quidem
809 2659 1154 2730 aliquatenus
1199 2658 1558 2725 conveniens,
1606 2656 1701 2713 sed
1732 2666 1957 2727 aspectu

379 2751 849 2808 deformissimum
907 2752 1063 2809 illum
1111 2752 1502 2808 demonstrans
1566 2766 1704 2822 ruga
1762 2765 1957 2821 nempe

382 2844 764 2901 circumdabat
791 2861 940 2912 eum,
979 2855 1035 2902 et
1059 2846 1219 2916 pellis
1253 2847 1399 2901 sicut
1439 2845 1648 2916 lignum
1707 2844 1956 2900 arefacta

378 2946 518 3006 erat,
547 2948 603 2995 et
625 2939 770 2995 oculi
800 2939 1192 3012 caligaverant,
1246 2940 1351 2996 nisi
1369 2939 1528 3010 pejus
1571 2937 1753 2995 adhuc
1809 2946 1956 2995 esset

378 3031 495 3085 haec
525 3030 779 3086 mutatio.

446 3121 707 3217 24§._Hie
732 3132 915 3178 autem
967 3122 1152 3217 dicere
1179 3130 1369 3217 posset
1389 3128 1549 3217 poeta
1599 3120 1953 3217 quodadexw
1980 3156 2027 3217 ε

2063 1918 2192 1981 τοὺς
2222 1918 2562 1988 συμϐιϐάσαι
2593 1919 2831 1982 ἀστείως
2856 1921 2995 1991 πρὸς
3024 1920 3285 1993 τοιαύτην
3317 1923 3527 1995 λάμψιν
3549 1926 3644 1981 καὶ

2061 2009 2378 2082 ἀστραπὴν,
2411 2010 2507 2064 καὶ
2569 2012 2749 2066 είπεῖν
2799 2011 2886 2066 ὅτι
2940 2014 3270 2084 μυκτηρίζει
3325 2010 3565 2071 ἐνταῦθα
3614 2018 3645 2071 ὁ

2061 2103 2219 2171 ἅγιος
2258 2102 2497 2174 μελῳδὸς
2521 2104 2762 2159 παλαιὰν
2783 2103 2842 2159 ὲν
2865 2103 3035 2178 Ἕλλη
3047 2124 3100 2161 σι
3128 2107 3252 2162 κατ’
3272 2107 3398 2178 ὄψιν
3416 2108 3646 2164 ἀλλοίω-

2064 2211 2171 2260 σιν,
2230 2195 2627 2267 ἑπιγινομένην
2658 2196 2890 2267 ήρωῖκῷ
2940 2198 3225 2271 προσώπῳ
3274 2201 3407 2270 περὶ
3440 2194 3503 2255 οὗ
3536 2217 3643 2255 πε-

2063 2287 2287 2358 ποίηται
2317 2287 2379 2341 τὸ
2406 2316 2435 2329 -
2468 2286 2707 2351 Ἀλλοῖός
2736 2304 2827 2358 μοι
2857 2286 2984 2353 ξεῖν’
3018 2290 3226 2361 ἐφάνης
3248 2290 3371 2345 νέον
3401 2291 3467 2362 ὴὲ
3498 2293 3645 2362 πάρ-

2059 2380 2239 2435 οιθεν·
2264 2411 2288 2422 -
2328 2380 2555 2451 λέγεται
2600 2382 2710 2453 γάρ
2741 2399 2873 2435 ποτε
2916 2382 3071 2453 ἥρως
3100 2384 3241 2454 ἀνὴρ
3271 2384 3641 2449 ἀλλοιωθῆναι

2062 2473 2268 2537 καινῶς
2306 2474 2374 2529 τά
2401 2486 2463 2527 τε
2492 2474 2630 2529 ἄλλα
2658 2474 2756 2529 τοῦ
2788 2473 3066 2546 σώματος,
3099 2478 3198 2531 καὶ
3219 2476 3283 2530 τὸ
3313 2479 3637 2547 πρόσωπον·

2062 2566 2157 2619 καὶ
2186 2560 2255 2637 ἦν
2280 2566 2313 2635 ἢ
2348 2564 2640 2629 ἀλλοίωσις
2669 2565 2853 2621 ὁθνεία
2890 2566 3132 2633 ἐκείνου,
3183 2568 3280 2622 καὶ
3309 2568 3433 2623 οὐδὲ
3464 2568 3638 2639 βραχύ

2056 2674 2111 2710 τι
2141 2657 2273 2726 γοῦν
2309 2657 2632 2729 εὐπρεπὴς.
2662 2658 2802 2713 ἀλλά
2831 2658 3247 2730 είδεχθέστατον
3279 2660 3493 2715 ἐκεῖνον
3520 2660 3640 2714 δια-

2056 2749 2350 2803 δεικνῦσαο
2391 2751 2549 2821 ρυτίς
2576 2767 2638 2805 τε
2676 2751 2787 2822 γάρ
2834 2752 3043 2806 ἐκεῖνον
3082 2752 3448 2824 περιέστειλε,
3478 2751 3576 2807 καὶ
3606 2753 3637 2806 ὁ

2056 2842 2225 2915 χροῦς
2245 2843 2381 2897 ὡσεὶ
2408 2847 2505 2898 καὶ
2534 2842 2747 2915 κάρφος
2768 2843 2947 2915 ἀπεξή
2958 2861 3144 2915 ραντο,
3170 2846 3267 2898 καὶ
3288 2846 3344 2899 oi
3365 2845 3638 2916 ὀφθαλμοὶ

2056 2935 2469 3003 ὲκνυζώθησαν,
2518 2936 2604 2991 ὅτι
2640 2935 2776 3008 μηδδ
2806 2931 2876 3010 ἦν
2926 2938 2961 3008 ἡ
2996 2936 3287 3004 ἀλλοίωσις
3341 2938 3528 3010 εκείνη
3569 2938 3636 2994 ἐκ

2055 3026 2151 3080 τοῦ
2183 3027 2524 3096 κρείττονος.

2139 3115 2291 3187 σμη’.
2353 3118 2620 3175 Ἐνταῦθα
2663 3121 2719 3176 δὲ
2769 3122 2913 3177 είποι
2944 3121 3012 3177 ἂν
3061 3121 3090 3175 ὁ
3142 3121 3380 3193 μελῳδὸς
3407 3121 3489 3178 ὅτι
3534 3122 3637 3192 τῆς

379 3221 493 3269 tera
513 3212 606 3268 Dei
626 3222 875 3269 mutante
889 3214 1187 3284 apostolos,
1207 3214 1287 3270 sic
1306 3214 1499 3269 mutati
1517 3222 1647 3270 sunt
1664 3223 1725 3271 ut
1739 3213 1953 3269 alienus

2057 3208 2239 3273 δεξιᾶς
2268 3209 2364 3263 τοῦ
2400 3210 2538 3266 Θεοῦ
2570 3212 2895 3285 ἀλλοιούσης
2922 3217 3051 3278 τοὺς
3072 3206 3431 3282 ἀποστόλους,
3458 3215 3636 3277 οὕτως

376 3314 523 3361 esset
550 3307 630 3361 eis
655 3306 796 3362 sicut
830 3314 885 3361 et
917 3306 1244 3362 euilibetalii
1272 3321 1521 3376 personae
1542 3305 1832 3376 fulgurans
1854 3306 1956 3359 iste

377 3398 661 3468 splendor,
692 3399 786 3454 sed
812 3398 1401 3465 convenientissimus,
1427 3406 1615 3469 utpote
1642 3398 1879 3453 blandus
1899 3403 1956 3450 et

378 3490 627 3546 alliciens
667 3490 844 3560 ipsum
873 3491 1236 3546 intendentes.
1266 3488 1387 3544 Non
1414 3491 1583 3554 enim,
1613 3499 1673 3543 ut
1726 3488 1779 3543 in
1809 3486 1955 3542 Tha-

374 3583 496 3648 bor,
522 3583 732 3639 lumine
755 3598 920 3654 super
948 3583 1117 3639 solem
1143 3591 1493 3648 coruscante,
1512 3582 1679 3636 veluti
1713 3580 1952 3653 fulgure,

377 3676 828 3746 percellebautur,
849 3675 943 3729 sed
977 3674 1267 3730 sicuttunc
1282 3672 1591 3744 linguarum
1628 3672 1769 3743 ignis
1794 3687 1954 3730 urere

376 3783 485 3822 non
518 3766 755 3832 valebat,
777 3766 859 3822 sic
879 3780 980 3821 nec
1001 3765 1198 3821 exinde
1231 3766 1415 3821 lumen
1439 3779 1716 3821 excaecare
1736 3767 1954 3822 intuen—

375 3868 456 3916 tes
496 3861 596 3914 :in
625 3860 827 3915 bonum
855 3860 1000 3914 enim
1034 3861 1148 3913 haec
1203 3859 1258 3913 in
1314 3857 1613 3913 festivitate
1658 3858 1802 3913 facta
1869 3867 1953 3914 est

376 3954 631 4017 mutatio,
669 3968 776 4007 non
803 3960 985 4006 autem
1017 3952 1087 4007 ad
1108 3951 1413 4007 Iaadendum
1449 3967 1628 4024 neque
1650 3952 1951 4023 discipulos

374 4061 473 4099 nec
500 4044 665 4098 alium
698 4058 1055 4113 quemquam.
1084 4043 1151 4097 Et
1184 4044 1256 4099 ita
1287 4043 1508 4114 quidem
1537 4044 1594 4099 in
1635 4046 1947 4118 exemplum

373 4138 637 4209 apostolis
667 4153 763 4207 per
786 4138 1228 4193 recordationem
1252 4138 1503 4195 adductis
1534 4141 1753 4209 sapiens
1781 4142 1952 4197 melo-

373 4233 476 4286 dus
498 4229 742 4286 Jomnes
772 4230 915 4285 hunc
939 4231 1282 4301 splendorem
1319 4231 1371 4285 in
1439 4246 1540 4287 nos
1588 4232 1948 4301 spiritualiter

371 4323 649 4377 declinare
671 4324 785 4379 vult
815 4339 910 4393 per
935 4332 1134 4380 rectam
1166 4333 1367 4379 sancta:
1397 4321 1685 4381 Trinitatis
1755 4327 1950 4381 adora-

372 4419 596 4475 tionem.

440 4679 571 4736 259.
614 4678 767 4733 Hanc
818 4693 948 4732 vero
1002 4677 1203 4731 dictam
1250 4676 1613 4731 mulationem
1652 4685 1809 4745 poeta
1863 4676 1948 4731 di-

370 4772 449 4825 xit
474 4771 713 4836 ὀθνείαν,
743 4771 857 4826 sive
889 4778 1237 4837 extrancam,
1263 4778 1322 4825 ut
1364 4771 1571 4825 dictum
1634 4782 1741 4838 est,
1773 4779 1827 4826 et
1852 4787 1948 4826 ex-

369 4865 805 4928 traordinariam,
838 4879 970 4919 usus
999 4872 1157 4933 tropo
1182 4864 1274 4933 qui
1300 4864 1500 4919 dicitur
1527 4865 1667 4934 apud
1691 4865 1948 4935 antiquos

372 4960 767 5030 metalepticus,
802 4959 919 5014 sive
941 4957 1095 5026 juxta
1117 4957 1462 5027 metalepsin,
1486 4973 1595 5012 non
1621 4958 1759 5013 hanc
1778 4973 1942 5029 quam

368 5054 624 5110 adhibent
654 5055 938 5124 pedeStres
974 5053 1246 5116 rhetores,
1274 5051 1368 5105 sed
1413 5050 1558 5105 illam
1598 5067 1720 5122 qua:
1767 5052 1946 5122 poetis

368 5154 450 5199 est
479 5145 532 5197 in
576 5161 703 5199 usu.
735 5144 826 5197 Sic
856 5156 1201 5213 supponatur
1241 5144 1411 5199 dictio
1440 5144 1729 5213 requirens
1769 5145 1946 5199 inter-

371 5237 732 5301 pretationem
766 5236 832 5289 ad
860 5235 1203 5302 claritatem;
1246 5245 1299 5290 et
1345 5235 1651 5304 explicetur
1699 5238 1792 5290 illa
1847 5252 1946 5307 per

370 5325 668 5381 dictionem
713 5328 1100 5398 homonymam
1134 5329 1250 5383 sive
1270 5327 1337 5382 ad
1375 5329 1558 5383 minus
1577 5327 1812 5398 δίσημον
1833 5372 1847 5397 ,
1880 5329 1943 5385 id

369 5431 451 5473 est
491 5420 625 5472 «luas
651 5418 937 5472 habentem
999 5435 1026 5472 a
1075 5434 1133 5475 se
1179 5419 1428 5475 diversas
1490 5419 1942 5491 significationes,

370 5502 600 5580 quarum
630 5525 735 5563 una
765 5508 985 5577 quidem
1018 5521 1099 5563 est
1138 5510 1374 5566 maxime
1410 5510 1653 5582 propria,
1698 5513 1840 5567 sicut
1871 5514 1943 5565 vi-

369 5605 546 5665 detur,
578 5603 642 5656 ad
674 5600 1003 5655 afferendam
1030 5603 1287 5675 subjecta:
1335 5603 1559 5660 dictioni
1590 5606 1895 5661 claritatem
1927 5625 1941 5673 ;

369 5695 470 5749 alia
507 5710 636 5750 vero
660 5695 711 5748 vi
777 5692 1013 5749 trahitur
1061 5697 1128 5749 ad
1191 5695 1349 5749 istam
1417 5698 1941 5766 interpretationem,

370 5784 617 5842 auditore
651 5792 846 5841 eoacm
879 5785 1175 5842 transferre
1208 5803 1359 5843 suam
1385 5798 1618 5845 mentem
1655 5807 1683 5846 a
1707 5792 1941 5848 naturali

2055 3303 2438 3376 ὴλλοιὼθησαν
2471 3305 2549 3370 ὡς
2573 3306 2793 3361 ὀθνείαν
2814 3324 2875 3361 τε
2913 3307 3097 3363 αὐτῶν
3123 3307 3269 3363 καθά
3302 3311 3399 3363 καὶ
3425 3308 3633 3372 παντὸς

2054 3394 2218 3448 ἄλλου
2245 3398 2543 3465 προσώπου
2582 3391 2725 3453 εἶναι
2748 3399 2849 3470 τὴν
2875 3399 3237 3471 ἀστραπαίαν
3261 3400 3473 3472 ταύτην
3495 3400 3637 3471 λάμ-

2053 3486 2171 3557 ψιν,
2210 3487 2352 3542 ἀλλά
2382 3489 2480 3542 καὶ
2535 3489 2995 3563 εὐπρεπεστάτην
3049 3487 3141 3546 οἷα
3201 3493 3299 3548 καὶ
3336 3493 3634 3563 ἐπαγωγὸν

2055 3579 2151 3633 καὶ
2189 3580 2419 3649 ἑφολκδν
2450 3580 2561 3634 τῶν
2589 3582 3020 3654 ἑντρανιζόντων
3066 3585 3231 3658 αὐτῇ.
3286 3587 3363 3641 Οὐ
3410 3587 3523 3657 γὰρ
3554 3587 3634 3650 ὡς

2053 3672 2114 3724 έν
2150 3670 2228 3743 τῷ
2257 3671 2457 3744 θαὸὼρ
2500 3672 2643 3743 ὑπὲρ
2682 3674 2837 3746 ἥλιον
2869 3674 2967 3729 τοῦ
3027 3676 3207 3745 φωτὸς
3255 3678 3630 3749 ἐνεργοῦντος.

2055 3764 2509 3836 ὑπερηυγάζοντο
2538 3769 3121 3841 καταστραπτόμενοι,
3154 3771 3295 3826 ἀλλά
3322 3771 3515 3841 ὥσπερ
3557 3775 3632 3828 τὸ

2052 3857 2361 3929 τηνικαῦτα
2391 3857 2505 3931 πῦρ
2540 3859 2650 3913 τῶν
2683 3861 2954 3929 γλωσσῶν
2983 3864 3086 3917 οὐκ
3118 3864 3282 3936 ἤθελε
3312 3866 3510 3934 καίειν,
3535 3866 3631 3920 οῦ·

2049 3965 2162 4010 τως
2197 3949 2323 4002 οὗδὲ
2356 3950 2417 4003 τὸ
2438 3949 2653 4004 ὶκεϊθιν
2683 3952 2801 4020 φῶς
2829 3955 3135 4025 ἐκτυφλοῦν
3151 3958 3280 4021 τοὺς
3306 3957 3627 4029 βλέποντας⁸

2051 4042 2140 4095 ἐπ’
2172 4040 2367 4113 ἀγαθῷ
2420 4044 2530 4114 γάρ
2563 4044 2977 4119 ὲκαινουργήθη
3019 4049 3193 4105 ταῦτα
3229 4053 3291 4107 ὲν
3344 4055 3409 4124 τῇ
3442 4053 3630 4124 ἑορτῇ.

2051 4135 2113 4189 ού
2146 4134 2252 4207 μὴν
2278 4133 2420 4189 ὥστε
2445 4134 2715 4206 βλαὸἧναι
2751 4137 2829 4209 μὴ
2849 4139 2933 4193 ὅτι
2962 4157 3029 4210 γε
3057 4143 3186 4207 τοὺς
3215 4145 3630 4215 μαθητὰς,’ἀλλ’

2050 4227 2172 4280 οὐδὲ
2207 4226 2398 4295 ἕτερόν
2445 4243 2613 4283 τινα*
2649 4230 2747 4283 καὶ
2794 4230 2941 4286 οὕτω
2994 4233 3098 4303 μὲν
3143 4236 3225 4298 είς
3272 4237 3630 4308 παράδειγμα

2050 4319 2179 4382 τοὺς
2207 4318 2545 4382 ἀποστόλους
2564 4321 2883 4394 ὑποστήσας
2912 4323 3004 4379 διὰ
3026 4325 3386 4398 ἀναμνήσεως
3398 4316 3440 4382 ’ὁ
3465 4330 3631 4400 σοφὸς

2057 4410 2277 4482 μελικὸς
2317 4411 2597 4483 Ἰωάννης,
2623 4414 2724 4485 τὴν
2764 4416 2985 4487 ἐκείνην
3014 4418 3225 4489 λάμψιν
3257 4421 3432 4474 ἐθέλει
3465 4438 3634 4486 μετα-

1979 4505 2028 4563 Ι)
2061 4505 2240 4559 κλῖναι
2277 4504 2484 4576 νοητῶς
2521 4506 2602 4569 είς
2635 4508 2811 4579 ἡμᾶς,
2860 4509 2922 4563 ὲν
2951 4508 3031 4579 τῷ
3062 4510 3352 4584 λατρεύειν
3401 4513 3468 4584 τῇ
3499 4512 3634 4583 ἁγίᾳ

2058 4597 2253 4667 Τριάδι
2286 4596 2486 4667 ὀρθῶς.

2125 4688 2275 4759 σμθ’.
2308 4689 2422 4760 Τὴν
2453 4689 2510 4745 δὲ
2539 4692 2803 4761 ῥηθεῖσαν
2834 4695 3123 4751 ἀλλοίωσιν
3153 4697 3370 4755 ὀθνείαν
3397 4702 3426 4755 ὀ
3450 4701 3629 4773 μελῳ-

2050 4780 2140 4843 δὸς
2160 4778 2339 4849 εἶπεν,
2373 4784 2546 4855 ἧγουν
2580 4784 2765 4855 ξένην,
2794 4787 2870 4851 ὼς
2904 4789 3132 4860 ἐρρέθη,
3174 4792 3272 4846 καὶ
3295 4793 3627 4862 παράδοξον,

2047 4874 2238 4943 τρόπῳ
2270 4873 2349 4945 τῷ
2382 4874 2535 4947 παρά
2578 4879 2693 4939 τοῖς
2728 4879 2985 4943 παλαιοῖς
3027 4880 3310 4953 λεγομένῳ
3389 4884 3633 4956 μεταληο

2046 4966 2250 5035 πτικῷ,
2272 4968 2444 5039 ἤγουν
2473 4968 2553 5038 τῷ
2588 4971 2733 5025 κατὰ
2760 4972 3089 5044 μετάληψιν,
3115 4975 3176 5028 οῦ
3206 4976 3307 5047 τὴν
3333 4978 3485 5048 παρά
3514 4981 3629 5043 τοῖς

2048 5058 2373 5129 πεζολόγοις
2403 5062 2691 5133 ῥήτορσιν,
2727 5064 2864 5117 ἀλλά
2893 5066 2992 5136 τὴν
3024 5067 3179 5135 παρά
3223 5070 3338 5129 τοῖς
3372 5074 3630 5141 ποιηταῖς

2046 5153 2370 5228 γινομένην.
2410 5154 2601 5216 Οὕτως
2651 5156 2968 5212 ὑποκείσθω
3008 5158 3157 5224 λέξις
3191 5160 3424 5233 δεομένη
3456 5165 3631 5234 ἑρμη-

2046 5245 2196 5307 νείας
2229 5246 2309 5307 εἰς
2345 5243 2708 5318 διασὰφησιν,
2742 5250 2837 5303 καὶ
2884 5251 3284 5324 ὲρμηνευθήτω
3318 5254 3503 5323 ἐκείνη
3538 5256 3628 5323 διὰ

2044 5332 2248 5398 λέξεως
2276 5334 2597 5407 ὁμωνύμου,
2630 5338 2804 5407 ἤγουν
2834 5339 2898 5392 τὸ
2949 5342 3259 5411 ἐλάχιστον,
3291 5342 3550 5415 δισήμου,
3596 5347 3626 5400 ὅ

2045 5427 2196 5479 ἐστιν
2229 5425 2466 5497 ἐχούσης
2520 5428 2615 5482 δύο
2672 5435 2954 5499 σημασίας
2985 5433 3408 5504 έτεροιουμένας
3457 5437 3625 5507 ἀλλή-

2044 5519 2175 5583 λων,
2211 5512 2286 5571 ὧν
2318 5519 2350 5589 ἡ
2389 5520 2491 5590 μὲν
2525 5521 2624 5590 μία
2678 5524 3013 5594 οἰκειοτάτη,
3074 5526 3151 5589 ὡς
3209 5526 3359 5588 εἰκὸς
3398 5528 3626 5583 αὐτόθεν

2047 5610 2168 5664 ἐστὶ
2202 5614 2266 5683 τῇ
2322 5613 2667 5689 ὑποκειμένῃ
2720 5617 2803 5681 είς
2849 5616 3220 5688 διασάφησιν·
3269 5621 3303 5690 ἡ
3348 5620 3405 5673 δὲ
3459 5621 3623 5691 ἑτέρα

2049 5702 2241 5773 βιαίως
2275 5705 2498 5760 ἕλκεται
2532 5709 2611 5771 είς
2640 5709 2940 5779 ἑρμηνείαν
2969 5712 3210 5783 ἐκείνην,
3245 5712 3621 5782 ἐξωθουμένου

2045 5795 2143 5850 τοῦ
2186 5796 2463 5868 ἀκροατοῦ
2514 5802 2849 5871 μεταγαγεῖν
2882 5801 2973 5859 τὸν
3004 5801 3169 5858 αὐτοῦ
3225 5801 3352 5857 νοῦν
3379 5803 3489 5859 ἀπὸ
3520 5805 3620 5875 τῆς
