4034 6432
397 376 504 443 ’749

399 583 530 652 μίας
580 584 1150 654 ἀντιπαρακειμένην,
1205 584 1300 636 καὶ
1350 583 1744 653 προσαρμόσαι
1801 584 1970 653 αὐτὴν

397 678 478 740 εἰς
499 677 800 746 ἑρμηνείαν
836 678 935 746 τῆς
977 677 1351 750 προκειμένης
1386 677 1586 742 λέξεως
1611 693 1626 709 ·
1661 671 1774 730 οἷον
1829 677 1971 730 ἔστω

397 770 628 840 δεομένη
653 769 948 842 ἑρμηνείας
969 769 1114 835 λέξις
1143 771 1176 841 ἡ
1203 770 1377 840 γλήνη
1408 772 1465 823 ὲν
1484 768 1792 841 τῷ-Ἕρρε,
1821 769 1970 838 κακὴ

398 864 572 933 γλήνη
596 879 611 895 ο
641 893 667 907 ο
695 864 793 916 καλ⁸
820 865 1192 935 ὲρμηνευτέον
1221 865 1391 934 αὐτὴν
1418 864 1506 918 διὰ
1537 864 1631 918 τοῦ
1655 866 1815 936 κόρη.
1847 867 1972 919 Ἐπὶ

398 953 492 1010 οὖν
529 957 666 1026 κόρη
724 956 824 1026 μὲν
855 958 949 1011 καὶ
979 959 1013 1027 ή
1064 959 1205 1011 κατά
1256 957 1349 1011 τὸν
1381 956 1690 1027 ὀφθαλμὸν,
1729 957 1865 1027 κόρη
1915 957 1972 1011 δὲ

396 1048 706 1119 ὁμωνύμως
745 1049 888 1102 κατὰ
913 1048 1163 1120 ὲτεροίαν
1203 1049 1485 1118 σημασίαν
1516 1049 1612 1102 καὶ
1668 1049 1728 1101 τὸ
1775 1051 1971 1120 νεαρὸν

397 1143 776 1211 γυναικάριον,
812 1144 840 1194 ὁ
879 1141 978 1212 μὶν
1001 1142 1288 1213 προσάψας
1317 1145 1386 1212 τῇ
1413 1143 1589 1214 γλήνῃ
1615 1142 1713 1212 τὴν
1746 1143 1972 1212 πρώτην

398 1232 570 1299 κόρην
595 1232 694 1300 τὴν
730 1231 853 1286 κατ’
883 1231 1028 1302 ὄψιν,
1058 1232 1148 1286 ἴνα
1177 1234 1312 1305 λέγῃ
1335 1235 1417 1286 ὅτι
1441 1234 1635 1305 Ἕρρε,
1672 1233 1820 1303 κακὴ
1848 1235 1968 1298 θέα,

399 1324 566 1390 ἤγουν
615 1325 783 1394 Ἀνερ
833 1326 909 1396 μὴ
959 1326 1266 1392 ἀξιοθέατε,
1325 1326 1544 1388 οἰκείως
1597 1327 1972 1396 ήρμήνευσεν,

400 1415 578 1467 είτουν
608 1416 908 1485 προσφυῶς
931 1433 945 1446 ·
979 1419 1008 1470 δ
1053 1417 1110 1470 δὲ
1147 1416 1472 1488 μεταλαϐὼν
1517 1419 1691 1489 ἤγουν
1732 1418 1973 1484 ἀλλάξας

397 1507 499 1576 τὴν
535 1505 666 1560 θέαν
723 1508 816 1561 καὶ
859 1507 1029 1562 είπὼν
1062 1509 1510 1578 μεταληπτικῶς,
1551 1510 1743 1581 Ἔρρε,
1774 1510 1944 1565 κακὸν

405 1601 689 1668 κοράσιον,
719 1602 886 1672 ήγουν
915 1599 985 1655 Ὦ
1015 1601 1274 1670 γυναικία
1295 1602 1390 1655 καὶ
1419 1602 1692 1656 δειλότατε
1720 1602 1873 1671 ἀνερ,
1911 1602 1971 1654 οὑ

402 1695 584 1757 καλῶς
621 1695 718 1762 μὲν
749 1696 1069 1765 ἡρμήνευσε
1096 1711 1111 1726 ο
1161 1695 1310 1749 δοκεῖ
1337 1695 1394 1749 δὲ
1446 1695 1636 1766 βιαίως
1664 1694 1974 1763 ἀναγκάζε-

405 1786 548 1852 σθαι,
582 1785 654 1849 ὡς
685 1781 797 1838 οἷον
827 1787 1207 1857 ὲναπαιτήσει,
1236 1787 1321 1840 ὅτι
1347 1786 1441 1840 ἐπὶ
1472 1787 1678 1856 γλήνην
1700 1787 1835 1856 ἔφης
1872 1786 1973 1856 τὴν

403 1877 606 1948 κόρην·
649 1877 786 1948 κόρη
840 1877 897 1932 δὲ
927 1878 1110 1931 καὶτὸ
1143 1879 1426 1947 κοράσιον,
1459 1877 1754 1942 κατάδεξαι
1789 1879 1968 1932 εἰπεῖν

403 1967 822 2037 ἑρμηνευτικῶς
859 1969 954 2023 καὶ
977 1968 1042 2022 τὺ
1069 1998 1097 2009 -
1119 1969 1315 2040 Ἔρρε.
1353 1969 1500 2039 κακὴ
1555 1970 1752 2040 γλήνη,
1789 1996 1813 2010 ο
1850 1971 1975 2024 ἀντὶ

401 2059 495 2114 τοῦ
530 2060 770 2132 φθάρηθι
807 2055 854 2115 ὦ
885 2062 1217 2131 γυναικάνερ
1247 2061 1334 2115 διὰ
1360 2061 1583 2116 δειλίαν.
1621 2060 1865 2132 Τοιούτῳ
1908 2061 1976 2130 δή

401 2171 508 2207 τινι
536 2155 682 2225 λόγῳ
712 2155 807 2208 καὶ
837 2154 867 2207 ὁ
906 2153 1144 2224 μελῳδὸς
1178 2153 1465 2224 ἐγγράψας
1494 2157 1560 2224 τῇ
1596 2153 1768 2225 ψυχῇ,
1817 2152 1975 2224 ξένην

403 2243 691 2297 ἀλλοίωσιν
719 2244 897 2297 εἰπεῖν
928 2242 1028 2314 τὴν
1062 2244 1126 2296 ὲκ
1179 2243 1274 2297 τοῦ
1309 2243 1472 2312 ἁγίου
1520 2243 1865 2314 Πνεύματος,
1918 2245 1978 2297 ὲν

403 2333 480 2402 τῷ
519 2333 705 2384 λαϐεῖν
753 2330 882 2394 ίσως
906 2331 1040 2385 αὐτὸ
1088 2333 1153 2385 ὲκ
1199 2333 1297 2385 τοῦ
1326 2361 1350 2374 -
1387 2332 1631 2395 Ἀλλοῖός
1665 2349 1782 2401 μοι,
1821 2329 1974 2399 ξεῖν’,

403 2425 610 2493 ἐφάνης
638 2424 756 2477 ν’έον
790 2423 856 2494 ὴὲ
889 2422 1153 2492 πάροιθεν
1180 2439 1194 2452 ·
1226 2453 1249 2463 -
1277 2425 1374 2477 καὶ
1420 2423 1578 2487 εἰδὼς
1629 2422 1792 2492 ξένην
1823 2424 1977 2492 λέγε-

407 2517 529 2571 σθαι
561 2517 622 2569 οὐ
662 2515 824 2585 μόνον
854 2514 954 2586 τήν
999 2515 1318 2582 ξενίζουσαν
1351 2517 1446 2570 καὶ
1477 2515 1806 2585 παράδοξον,
1840 2517 1978 2584 ὅπερ

407 2607 626 2678 ἀληθῶς
654 2606 919 2676 ἁρμόττει
947 2606 1205 2672 ἐνταῦθα,
1234 2605 1370 2660 ἀλλὰ
1412 2607 1511 2677 τὴν
1557 2607 1774 2660 όθνείαν
1807 2608 1978 2676 ἧγουν

406 2700 719 2770 ἀλλοτρίαν,
738 2699 997 2770 ἀπῃτήθη
1015 2699 1438 2768 ἀναγκαστικῶς
1461 2699 1567 2752 ὑπὸ
1586 2698 1688 2768 τῆς
1711 2699 1980 2770 μετρικῆς

408 2793 816 2866 ἁκροστιχίδος·
872 2792 1189 2858 ξενίζουσαν
1224 2791 1326 2860 μὲν
1382 2791 1468 2863 μὴ
1500 2793 1714 2845 εἰπεῖν’
1763 2791 1980 2844 όθνείαν

408 2888 466 2940 δὲ
501 2887 558 2955 ὲξ
593 2888 864 2957 ἀνάγκης,
908 2885 1045 2939 διότι
1091 2886 1121 2954 ή
1184 2884 1310 2956 ξένη
1359 2884 1649 2948 ἀλλοίωσις
1696 2884 1981 2954 όμοτίμως

407 2980 599 3053 ὥσπερ
623 2981 724 3051 τήν
750 2978 1053 3051 παράδοξον
1080 2977 1224 3033 οὕτω
1255 2978 1351 3032 καὶ
1383 2978 1482 3049 τὴν
1516 2977 1734 3032 όθνείαν
1763 2977 1976 3047 ἐδήλου.

484 3252 580 3310 ον’.
618 3253 730 3308 Καὶ
763 3252 942 3307 τοίνυν
977 3253 1124 3306 ποιεῖ
1156 3249 1316 3304 τοῦτο
1352 3249 1504 3305 ἄκων
1527 3265 1540 3279 ·
1576 3245 1636 3302 εὖ
1667 3248 1767 3319 μὲν
1822 3246 1984 3312 εἰδὼς

417 3350 750 3417 παραποιεῖν
777 3345 836 3399 τὸ
865 3348 978 3408 τοῖς
1034 3343 1423 3413 προκειμένοις
1468 3342 1800 3396 ἀκόλουθον*
1845 3342 1985 3396 ἀνα-

413 3443 584 3504 τιθεὶς
613 3441 670 3494 δὲ
712 3439 846 3494 αὐτὸ
869 3440 1071 3510 γρίφου
1122 3437 1278 3507 δίκην
1317 3435 1469 3506 παρά
1519 3435 1831 3503 εὐγνώμοσι
1867 3452 1988 3505 κρι-

414 3537 624 3596 τικοῖς·
656 3535 722 3603 τῇ
781 3531 930 3585 ἐστιν
986 3531 1074 3584 ὅτε
1115 3531 1238 3583 κατ’
1286 3529 1536 3599 ἀνάγκην
1583 3527 1987 3598 διθυραμόώδει

420 3624 793 3695 μεταχειρίσει
827 3624 925 3692 τῆς
956 3621 1255 3691 ποιήσεως,
1294 3619 1669 3686 ἀλλαξάμενος
1703 3619 1802 3690 τῆς
1857 3619 1987 3672 καθ’

416 3717 716 3787 ἑρμηνείαν
745 3713 1050 3786 προσεχοῦς
1093 3712 1296 3777 λέξεως
1335 3713 1434 3782 τὴν
1469 3712 1832 3783 πορρωτέρω,
1880 3729 1987 3765 πα-

420 3807 674 3877 ραδοξίας
705 3807 868 3876 χάριν
915 3806 1013 3860 καὶ
1056 3805 1506 3876 γλαφυρότητος·
1540 3805 1608 3858 δι’
1641 3805 1708 3874 ἢν
1738 3805 1836 3858 καὶ
1888 3804 1988 3858 ἀλα

416 3900 568 3963 λοίας
615 3903 673 3953 ὲν
707 3901 918 3970 ἑτέροις
963 3897 1448 3971 παραδοξοφωνίας
1479 3898 1795 3968 ἐμάθομεν·
1844 3895 1988 3951 ὥστε

416 3993 600 4047 όθνεία
653 3993 749 4045 νῦν
794 3991 1104 4057 ἀλλοίωσις,
1150 3993 1184 4061 ή
1243 3990 1368 4060 ξένη
1402 3992 1496 4043 καὶ
1534 3990 1986 4061 παρηλλαγμένη,

418 4083 726 4153 φρασθεῖσα
757 4081 900 4136 οὕτω
939 4080 1211 4152 ποιητικῷ
1247 4081 1646 4152 μεταληπτικῷ
1671 4083 1858 4153 τρόπῳ
1903 4081 1990 4136 δε·

415 4177 628 4246 δομένῳ
660 4177 774 4238 τοῖς
824 4176 1108 4238 ἐποποιοῖς
1134 4189 1148 4206 °
1189 4177 1285 4228 καὶ
1329 4174 1508 4239 ἄλλως
1543 4174 1600 4228 δὲ
1627 4164 1991 4243 ’διασαφῆσαι

416 4269 480 4321 τὸ
520 4265 760 4320 τοιοῦτον
813 4267 1207 4336 καινόσχημον,
1265 4265 1513 4334 φαίνεται
1568 4266 1602 4335 ἠ
1656 4266 1732 4328 ὡς
1785 4264 1989 4337 ἐρρέθη

418 4360 603 4412 όθνεία
657 4358 828 4426 ήγουν
884 4357 1010 4428 ξένη
1061 4357 1369 4423 ἀλλοίωσις,
1417 4358 1693 4429 προῆχθαι
1749 4358 1896 4412 κατά
1935 4377 1991 4413 τι

419 4452 596 4520 νόημα
641 4449 956 4520 σοφιστικὸν
992 4452 1116 4520 μὲν,
1178 4452 1273 4504 καὶ
1318 4449 1417 4520 οὐχ
1467 4449 1642 4518 ὑγιὲς,
1694 4450 1890 4504 δοκοῦν
1933 4451 1993 4504 δὲ

1199 375 1285 434 ΙΝ
1323 375 1663 436 IIYMNUM
1701 375 2350 448 PENTECOSTALEM
2398 388 2865 449 DAMASCENI.

399 491 712 563 προσφυοῦς
749 491 1048 562 ἑρμηνείας
1082 491 1162 555 είς
1198 493 1298 561 τὴν
1324 491 1496 560 ἀλλην
1527 492 1626 560 τὴν
1656 491 1715 554 ἑξ
1753 493 1965 560 όμωνυ-
1993 541 1999 551 ,

2094 501 2520 568 interpretatione
2548 502 2614 555 ad
2647 501 2831 563 aliam,
2867 514 2987 569 quae
3023 513 3088 553 ex
3147 498 3500 570 bomonymia
3537 512 3643 566 est,

2000 1837 2048 1899 B

3533 385 3643 450 750

2138 549 2517 568 ηκ-τ---ν---νη
2548 549 2614 555 ---
2648 549 2831 563 -------,
2871 549 2985 569 της
3030 549 3088 553 ν-
3151 549 3500 570 παθη-,νη
3542 549 3643 566 -ν-.

2077 587 2372 654 diversam,
2397 600 2450 644 et
2479 592 2739 659 adaptare
2785 591 2944 644 istam
3013 588 3079 642 ad
3138 549 3689 658 interpretatimtem/

2076 677 2333 747 subjectae
2362 679 2640 734 dictionis.
2669 679 2723 732 lu
2753 679 3062 748 exemplum
3087 679 3160 732 sit
3187 693 3356 747 egens
3381 679 3649 746 interpre-

2076 768 2279 825 tatione
2300 771 2469 825 dictio
2495 773 2529 842 ή
2561 772 2730 841 γλήνη
2760 771 2813 825 in
2845 773 2948 826 hoc
2976 789 2991 826 :
3047 769 3170 834 Abi,
3232 769 3373 823 mala
3431 769 3644 838 γλήνης

2075 869 2128 914 et
2158 861 2528 930 interpretatio
2563 862 2657 917 ﬁat
2710 877 2806 932 per
2867 876 3050 916 vocem
3078 860 3238 931 κόρη.
3295 860 3432 916 Cum
3479 860 3647 928 igitur

2073 963 2160 1008 est
2193 955 2410 1023 quidem
2435 957 2572 1027 κόρη
2623 955 2769 1010 oculi
2795 956 3024 1023 pupilla,
3062 955 3198 1024 κόρη
3249 968 3380 1008 vero
3417 968 3515 1023 per
3543 952 3646 1006 lto-

2074 1049 2407 1120 nonymiam
2435 1058 2519 1105 est
2545 1049 2706 1104 etiam
2730 1064 2852 1104 cum
2880 1048 2984 1104 alia
3010 1047 3646 1120 signiﬁcationejuvenis

2076 1142 2298 1209 mulier,
2333 1142 2425 1197 ille
2459 1144 2680 1213 quidem
2731 1144 2823 1212 qui
2851 1145 2914 1213 τῇ
2941 1143 3114 1214 γλήνη
3181 1141 3461 1210 adoptavit
3495 1142 3647 1212 prio-

2077 1251 2191 1292 rem
2221 1235 2394 1306 κόρην
2425 1235 2493 1290 ad
2527 1237 2747 1291 oculum
2785 1235 3191 1304 respicientem,
3221 1243 3282 1290 ut
3310 1235 3459 1289 dicat
3485 1251 3499 1288 :
3530 1235 3644 1291 abi.

2076 1328 2217 1382 mala
2253 1327 2415 1392 visio,
2464 1327 2583 1382 sive
2613 1327 2776 1382 homo
2796 1327 2918 1382 visu
2953 1326 3208 1396 indigne;
3273 1327 3494 1396 proprie
3544 1342 3641 1381 seu

2077 1419 2401 1474 naturaliter
2432 1418 2826 1488 interpretatus
2858 1425 2962 1473 est.
2987 1414 3081 1470 llle
3106 1430 3235 1471 vero
3262 1416 3378 1486 qui,
3413 1415 3646 1470 transfe-

2077 1525 2204 1566 rens
2227 1509 2342 1566 sive
2367 1519 2714 1565 commutatis
2747 1508 3039 1572 visionem,
3065 1522 3160 1576 per
3192 1507 3528 1575 metalepsim
3561 1509 3646 1560 di-

2075 1601 2156 1656 xit
2183 1619 2198 1656 :
2229 1601 2337 1663 abi.
2361 1601 2532 1655 κακὺν
2570 1602 2846 1669 κοράσιον,
2872 1616 2966 1655 seu
2997 1600 3368 1655 omnliercula
3399 1608 3452 1653 et
3480 1599 3647 1666 igna-

2075 1693 2298 1750 vissime
2321 1693 2506 1757 homo,
2543 1707 2649 1748 non
2678 1694 2812 1748 bene
2837 1693 3058 1762 quidem
3095 1692 3488 1761 interpretatus
3523 1698 3648 1752 est;

2076 1785 2172 1841 sed
2224 1785 2439 1839 videtur
2482 1785 2535 1840 vi
2592 1784 2734 1855 cogi,
2780 1793 3040 1855 tanquam
3100 1784 3398 1856 petitione,
3438 1797 3537 1836 cur
3579 1777 3651 1836 ad

2075 1879 2282 1948 γλήνην
2334 1877 2522 1933 dixisti
2572 1878 2672 1947 τὴν
2725 1876 2939 1949 κόρηνῖ
2980 1877 3115 1949 κόρη
3152 1891 3284 1932 vero
3334 1877 3535 1931 dicitur
3597 1883 3654 1929 et

2073 1970 2134 2024 τδ
2168 1970 2445 2041 κοράσιον,
2489 1969 2776 2026 ostendere
2814 1969 3268 2038 interpretatione
3329 1976 3380 2023 te
3441 1967 3648 2022 dixisse

2076 2063 2220 2119 istud
2263 2080 2276 2117 :
2313 2064 2466 2134 ἔρρε,
2502 2063 2646 2132 κακὴ
2683 2061 2882 2132 γλήνη,
2915 2075 3014 2131 pro
3066 2062 3170 2116 hoc
3201 2078 3216 2116 :
3244 2075 3456 2130 pereas,
3487 2060 3653 2113 homo

2075 2155 2402 2212 muliercula
2453 2164 2676 2226 propter
2707 2153 3010 2224 ignaviam.
3063 2150 3260 2218 Porro,
3313 2151 3478 2206 simili
3519 2165 3660 2220 qua-

2077 2248 2202 2304 dam
2266 2247 2502 2313 ratione,
2561 2255 2743 2317 poeta,
2793 2257 3085 2318 postquam
3122 2244 3178 2298 in
3225 2244 3411 2299 animo
3461 2242 3658 2298 inscri-

2077 2347 2266 2410 pserat
2295 2338 2452 2409 ξένην
2490 2338 2844 2393 mutationem
2875 2337 3059 2393 dicere
3090 2354 3210 2408 qua:
3237 2337 3294 2392 lit
3323 2353 3388 2392 ex
3444 2336 3659 2407 Spiritu

2079 2439 2295 2496 sancto,
2317 2429 2422 2484 hoc
2450 2429 2592 2485 forte
2617 2444 2842 2485 sumens
2871 2445 2938 2484 ex
2964 2429 3068 2484 isto
3107 2445 3121 2482 :
3147 2427 3385 2492 Ἀλλοῖός
3413 2444 3503 2496 μοι
3527 2423 3657 2493 ξεῖν’

2079 2525 2287 2594 ἐφάνης
2313 2524 2431 2577 νέον
2459 2523 2523 2592 ήὲ
2557 2521 2819 2594 πάροιθεν
2870 2536 2886 2576 :
2940 2521 3094 2576 Alius
3123 2521 3256 2574 mihi
3289 2559 3306 2585 ,
3329 2521 3522 2585 amice,
3555 2533 3658 2572 uu-

2080 2626 2177 2686 per
2199 2613 2284 2668 vel
2319 2623 2478 2667 antea
2506 2611 2658 2667 visus
2690 2626 2783 2677 es;
2810 2610 3101 2680 sciensque
3144 2609 3308 2677 ξένην
3357 2607 3466 2662 dici
3543 2622 3655 2661 nou

2081 2707 2265 2762 solum
2303 2715 2620 2761 extraneam
2679 2704 2801 2759 visu
2826 2710 2881 2757 et
2932 2690 3450 2766 extraordinariam,
3509 2698 3656 2769 quod

2083 2801 2175 2856 bis:
2201 2814 2328 2854 vere
2357 2799 2634 2861 convenit,
2667 2797 2760 2852 sed
2788 2798 2887 2864 τὴν
2946 2795 3184 2860 ὁθνείαν,
3257 2795 3374 2849 sive
3397 2795 3660 2860 alienam,

2084 2891 2413 2946 necessitate
2443 2900 2671 2945 coactus
2699 2901 2781 2944 est
2817 2887 3204 2944 acrostichidis
3242 2897 3443 2949 metro,
3509 2886 3654 2952 ξενί-

2084 2983 2284 3047 ζουσαν
2309 2982 2527 3052 quidem
2550 2996 2659 3037 non
2689 2981 2890 3048 dicere,
2927 2980 3024 3036 sed
3054 2979 3294 3045 ὀθνείαν,
3328 2979 3585 3048 quoniam
3622 2980 3656 3050 ή

2086 3074 2215 3144 ξένη
2276 3073 2563 3135 ἀλλοίωσις
2604 3071 2981 3142 pariter'sicut
3020 3070 3538 3138 extraordinariam,
3575 3070 3657 3126 sic

2009 3179 2054 3240 (ς
2087 3167 2251 3223 etiam
2276 3165 2508 3221 alienam
2550 3165 2912 3235 signiﬁcabat.

2161 3260 2289 3316 250.
2325 3260 2390 3313 Et
2421 3267 2602 3312 tamen
2646 3257 2778 3312 facit
2831 3258 2932 3312 hoc
2965 3256 3199 3322 invitus;
3240 3255 3379 3311 bene
3439 3254 3661 3324 quidem

2091 3353 2274 3412 sciens
2338 3351 2578 3406 alienare
2632 3349 2777 3420 quod
2845 3349 3110 3419 subjectis
3165 3357 3248 3402 est
3307 3347 3659 3416 adjunctum;

2090 3447 2372 3518 applicans
2397 3453 2578 3498 autem
2615 3441 2747 3496 illud
2783 3442 2850 3497 ad
2873 3442 3092 3495 modum
3135 3440 3440 3510 aenigmatis
3475 3453 3660 3494 coram

2091 3537 2371 3593 benevolis
2403 3534 2649 3600 criticis;
2688 3533 2780 3588 tali
2814 3535 2976 3587 modo
3007 3535 3341 3602 quandoque
3373 3549 3440 3589 ex
3473 3546 3664 3585 neces.

2092 3630 2254 3684 sitate
2279 3627 2334 3681 in
2369 3626 2768 3697 ditbyrambica
2806 3639 3035 3694 poeseos
3089 3625 3436 3687 tractatione,
3469 3623 3666 3678 dictio-

2095 3737 2218 3776 nem
2274 3718 2718 3788 interpretationi
2750 3719 3114 3788 propinquam
3153 3735 3278 3774 cum
3347 3718 3663 3787 longinqua,

2095 3809 2407 3866 mirationis
2436 3819 2488 3863 et
2540 3809 2823 3878 elegantiae
2857 3823 3044 3873 causa,
3098 3818 3348 3876 mutans;
3385 3809 3475 3862 ubi
3529 3808 3666 3878 alias

2095 3907 2150 3960 in
2188 3903 2312 3959 aliis
2366 3901 2830 3957 extraordinarias
2864 3916 3026 3955 voces
3085 3901 3430 3968 didicimus;
3476 3901 3551 3952 ita
3605 3911 3666 3951 ut
3710 3939 3716 3946 .

2091 3986 2278 4051 ὀθνεία
2305 3995 2377 4051 sit
2407 4010 2556 4049 nunc
2576 3995 2826 4058 mutatio,
2851 4009 2970 4064 qua:
3001 4002 3261 4048 extranea
3284 3995 3396 4047 sive
3419 4002 3663 4048 extraor-

2093 4089 2308 4146 dinaria
2345 4099 2454 4151 est,
2503 4087 2582 4141 sic
2623 4086 2840 4155 poetico
2893 4086 3210 4155 metalepsis
3263 4096 3422 4154 tropo
3483 4085 3668 4156 lyricis

2093 4195 2364 4238 concesso
2399 4179 2571 4234 dicta.
2605 4176 2687 4230 Ad
2725 4176 2888 4231 aliter
2937 4185 3118 4230 autem
3170 4176 3333 4230 etiam
3393 4175 3671 4244 explican-

2095 4277 2224 4330 dum
2262 4287 2461 4327 novam
2493 4270 2814 4339 bujusmodi
2849 4268 3107 4335 formam,
3136 4269 3355 4323 videtur
3378 4269 3501 4335 ista,
3528 4269 3673 4323 sicut

2096 4368 2305 4423 dictum
2359 4372 2464 4430 est,
2502 4363 2688 4416 ὀθνεία
2741 4362 2856 4417 sive
2892 4372 3153 4417 extranea
3200 4363 3432 4417 mutatio
3464 4363 3671 4430 prolata

2096 4461 2266 4515 fuisse
2293 4457 2443 4529 juxta
2468 4455 2742 4526 quoddam
2768 4463 3125 4525 conceptum,
3159 4454 3522 4522 sepltisticum
3549 4455 3675 4523 qui-

416 4539 558 4596 εἶναι
589 4542 998 4611 συλλογιστικὸν
1056 4542 1298 4595 τοιοῦτον
1328 4541 1391 4594 τὸ
1434 4541 1664 4609 ὀθνεῖον,
1715 4541 1864 4607 ξένον
1895 4543 1992 4615 δη-

2097 4551 2218 4606 dem
2251 4559 2308 4606 et
2353 4564 2460 4604 non
2517 4563 2736 4613 sanum,
2783 4546 2880 4601 sed
2917 4547 3094 4600 visum
3140 4546 3452 4614 bujusmodi
3506 4546 3674 4616 syllo-

418 4637 503 4688 λοῖ
524 4653 537 4665 ο
575 4636 723 4699 ξένον
752 4635 808 4688 δὲ
843 4637 904 4689 τὸ
938 4635 1280 4706 παράδοξον*
1315 4635 1528 4688 ὀθνεῖον
1567 4634 1673 4705 ἄρα
1715 4636 1776 4691 τὸ
1809 4637 1993 4708 παρά-

418 4727 572 4794 δοξον
600 4745 614 4761 ο
654 4731 745 4781 καὶ
782 4729 993 4782 ἐκεῖθεν
1032 4729 1324 4792 ἀλλοίωσις
1363 4727 1548 4782 όθνεία
1579 4729 1612 4798 ή
1644 4729 1951 4800 παράδοξος
1976 4746 1992 4761 θ

419 4817 564 4870 οὕτω
593 4820 689 4870 καὶ
721 4818 888 4887 γλήνη
928 4820 960 4888 ἡ
995 4821 1132 4889 κάρη
1161 4833 1173 4848 ’
1227 4819 1362 4890 κόρη
1397 4818 1456 4871 δὲ
1499 4819 1682 4899 ἅπαλῄ
1721 4837 1802 4882 τις
1834 4821 1991 4892 γυνὴ’

422 4910 578 4980 καὶὴ
612 4909 785 4981 γλήνη
824 4911 933 4980 ἀρα
969 4911 1180 4981 κόριον.

498 5095 632 5142 σνα.’.
671 5087 893 5142 Τούτων
925 5089 982 5142 δὲ
1003 5089 1318 5160 ἀρκούντως
1338 5090 1480 5145 οὕτω
1505 5091 1804 5163 ῥηθέντων,
1840 5093 1894 5146 εἴ
1914 5111 1998 5158 τις

423 5182 712 5236 ἀλλοίωσιν
740 5181 958 5235 όθνείαν
993 5182 1234 5236 ἐνταῦθα
1259 5183 1409 5251 λέγει
1437 5183 1537 5253 τὴν
1565 5185 1621 5251 ἐξ
1651 5185 1812 5254 όρθοῦ
1844 5185 1999 5239 ἀλλο-

421 5275 602 5346 τρίαν,
635 5275 736 5327 οὐκ
767 5273 834 5327 ἂν
867 5273 1089 5342 εὑρήσει
1143 5275 1347 5344 ῥᾳδίως
1378 5273 1522 5328 οὕτω
1555 5277 1652 5328 καὶ
1708 5277 2000 5346 ἀπραγμό-

429 5385 536 5428 νως
573 5366 740 5418 ποθὲν
772 5368 1072 5436 προσοχὴν.
1111 5367 1236 5429 Πῶς
1263 5367 1373 5437 γὰρ
1406 5367 1670 5437 ἀλλοτρία
1709 5370 1742 5436 ή
1767 5370 1824 5422 ἐν
1859 5369 2001 5439 ἀγίῳ

431 5456 707 5527 ΙΙνεύμοιτι
746 5455 841 5510 νῦν
873 5456 1148 5529 μεταϐολὴ
1179 5459 1273 5512 καὶ
1303 5459 1594 5523 ἀλλοίωσις
1627 5463 1691 5513 ἑκ
1725 5463 1824 5532 τῆς
1849 5463 2002 5532 παρὰ

429 5549 596 5617 φύσιν
645 5551 846 5613 κακίας
895 5551 992 5602 καὶ
1044 5549 1321 5620 ἁμαρτίας
1379 5553 1461 5614 εἰς
1507 5551 1607 5622 τὴν
1644 5552 1784 5608 κατὰ
1839 5555 2002 5623 φύσιν

429 5639 850 5710 ἁναμοιρτησίαν
881 5641 976 5695 καὶ
1010 5643 1240 5712 ἀρετὴν,
1285 5643 1395 5696 εἴτε
1431 5645 1573 5696 κατά
1594 5645 1654 5696 τὸ
1695 5645 1874 5699 κοινὸν
1907 5667 2004 5717 ση-

435 5735 766 5802 μαινόμενον
796 5733 896 5804 τῆς
927 5734 1231 5804 εἰρημένης
1261 5734 1482 5801 λέξεως,
1519 5736 1644 5788 καθ’
1689 5737 1756 5808 ἣν
1799 5739 2007 5793 ὀθνεῖον

433 5823 586 5894 λέγει
642 5841 730 5888 τις
776 5825 872 5879 καὶ
924 5821 1234 5896 ἀλλότριον,
1273 5829 1443 5899 ήγουν
1501 5827 1576 5900 μὴ
1630 5829 1853 5898 οίκεῖον,
1891 5831 2004 5887 ειίτε

2099 4643 2354 4714 gisticuut
2381 4657 2395 4695 :
2426 4639 2485 4693 τδ
2511 4640 2738 4703 ὀθνεῖον,
2797 4648 3119 4692 extraneum
3152 4637 3459 4702 signiﬁcat;
3493 4647 3679 4692 extra-

2097 4751 2260 4788 neum
2292 4741 2475 4787 autem
2533 4740 2614 4786 est
2659 4728 2806 4798 quod
2838 4737 2922 4784 est
2946 4728 3442 4783 extraordinarium
3475 4745 3490 4782 :
3529 4729 3676 4786 unde

2097 4825 2280 4880 ὀθνεία
2335 4831 2416 4880 εει
2469 4822 2701 4877 mutatio
2749 4837 2869 4891 quae
2930 4821 3367 4875 extraordinaria
3425 4831 3530 4878 est.
3580 4822 3674 4878 Sic

2099 4917 2262 4972 etiam
2298 4931 2312 4967 :
2342 4916 2516 4985 γλήνη
2554 4915 2587 4983 ή
2619 4913 2788 4982 κόρη;
2817 4912 2957 4982 κόρη
2997 4927 3124 4966 vero
3153 4921 3239 4967 est
3268 4913 3514 4981 quaedam
3551 4931 3674 4970 mu-

2099 5009 2200 5063 lier
2233 5008 2462 5072 tenella;
2493 5008 2676 5076 ergoi)
2711 5005 2884 5075 γλήνη
2931 5015 3015 5060 est
3043 5007 3205 5060 etiam
3234 5007 3435 5076 puella.

2170 5099 2298 5154 251.
2330 5098 2427 5152 llis
2461 5110 2642 5151 autem
2668 5096 3006 5152 sufﬁcienter
3035 5098 3105 5152 ita
3133 5098 3320 5164 dictis,
3345 5101 3388 5155 si
3423 5103 3546 5171 quis
3576 5104 3668 5158 ἀλ-

2100 5191 2318 5243 λοίωσιν
2366 5188 2580 5241 ὀθνείαν
2629 5186 2716 5240 bic
2749 5186 2883 5241 dicit
2926 5188 3076 5242 illam
3114 5205 3236 5260 qum
3268 5207 3336 5246 ex
3397 5203 3546 5249 recto
3591 5207 3675 5249 est

2103 5284 2302 5347 aliena,
2334 5297 2444 5335 non
2494 5281 2569 5334 ita
2605 5281 2764 5334 facile
2789 5282 3191 5352 commodeque
3221 5285 3324 5338 sibi
3358 5288 3681 5344 conciliabit

2106 5375 2462 5429 attentionem
2497 5391 2510 5404 ·
2547 5373 2825 5443 quomodo
2861 5375 3009 5429 enim
3049 5375 3230 5430 aliena
3259 5389 3403 5432 esset
3439 5397 3680 5449 praesens

2105 5467 2158 5523 in
2213 5466 2420 5535 Spiritu
2452 5474 2644 5520 sancto
2688 5467 2918 5520 mutatio
2949 5476 3114 5532 atque
3155 5468 3571 5526 transformatio
3611 5491 3679 5527 ex

2108 5558 2316 5611 umlitia
2344 5567 2399 5609 et
2431 5555 2590 5626 culpa
2642 5565 2834 5610 contra
2869 5550 3149 5622 naturam,
3194 5561 3250 5614 in
3294 5561 3569 5630 justitiam
3625 5576 3680 5618 et

2107 5650 2369 5703 virtutem
2407 5647 2566 5718 juxta
2623 5658 2902 5717 naturam,
2949 5652 3062 5705 sive
3097 5655 3395 5708 secundum
3434 5671 3682 5710 commu-

2108 5757 2232 5796 nem
2265 5750 2583 5795 memoratzc
2611 5742 2766 5796 vocis
2822 5744 3478 5814 signiﬁcationem,juxta
3512 5763 3678 5817 quant

2108 5833 2317 5888 ὀθνεῖον
2353 5832 2491 5889 dicit
2524 5833 2689 5889 etiam
2718 5833 2919 5906 aliquis
2949 5837 3247 5908 ἀλλότριον.
3285 5853 3382 5895 seu
3415 5854 3523 5894 nou
3555 5854 3682 5910 pro-
