4034 6426
374 344 474 409 751

1115 343 1534 404 .EUSTATIHI
1575 343 2327 405 TIIESSALONICENSIS
2362 342 2933 404 METRUPULITE

3534 341 3642 403 752

374 453 576 522 prium,
607 453 722 509 sive
749 454 1046 509 secundum
1089 454 1448 524 srriptionem
1492 470 1601 525 qua
1649 454 1946 522 ἀλλόφυλοι

2069 455 2199 510 ιατά
2229 454 2293 507 τὸ
2321 455 2595 524 γραφικδν
2618 456 2676 508 έν
2695 447 2736 521 ᾧ
2765 454 3060 523 ἀλλόφυλοι
3079 453 3388 524 ἐρρέθησαν
3415 454 3462 504 οἱ
3486 453 3645 504 ἀλλό-

375 546 506 601 tlicli
535 555 666 602 sunt
713 547 764 599 οἱ
802 545 1111 617 ἀλλότριοιῗ
1162 564 1270 611 npn
1328 559 1416 603 est
1461 548 1606 602 enim
1651 548 1813 603 nobis
1844 548 1949 601 im-

378 642 597 712 pr0pria
636 642 689 695 in
752 640 957 695 bonum
1015 656 1080 694 ex
1132 642 1278 695 malo
1330 642 1588 705 mutatio,
1651 657 1806 697 neca
1842 642 1952 697 Deo

376 734 582 789 alienat
611 748 708 789 eos
746 733 836 803 qui
868 734 1169 787 secundum
1208 733 1381 803 ipsam
1428 743 1753 789 mutantur:
1808 734 1954 787 unde

378 840 484 881 non
514 836 599 880 cst
625 825 929 895 cpitbetum
955 825 1270 896 lmjusmodi
1303 827 1736 896 conversionisi}
1770 827 1954 880 ὀθνεία

375 916 490 969 sive
537 915 661 983 ξένη
724 923 983 983 tanquam
1014 915 1304 985 ἀλλοτρία;
1352 926 1406 969 et
1444 918 1514 970 ita
1565 916 1790 986 quidem
1819 916 1952 971 sub-

376 1007 612 1062 invisum
634 1013 723 1062 est
754 1008 1047 1078 ἀλλοτρίαν
1079 1010 1358 1082 (alienam)
1383 1009 1479 1080 τὴν
1505 1009 1721 1062 ὀθνείοιν
1746 1009 1953 1081 (ettra-

376 1101 558 1168 neam)
594 1100 973 1171 interpretari.

444 1196 574 1251 252.
612 1195 669 1250 Si
700 1196 827 1264 quis
860 1204 1045 1249 autem
1079 1195 1226 1249 dicat
1253 1196 1400 1250 illius
1441 1196 1541 1249 aevi
1566 1205 1792 1251 sanctos
1833 1198 1953 1267 spio

374 1289 649 1345 ritualiter
677 1296 919 1343 mutatos
962 1287 1137 1343 fuisse
1173 1288 1299 1360 ξένῃ
1342 1288 1652 1355 ἀλλοιώσει,
1702 1306 1826 1360 qute
1859 1290 1949 1342 ὸθο

372 1383 491 1437 vel:
513 1382 631 1439 sive
664 1380 926 1451 ἀλλοτρία
955 1388 1076 1435 erat
1106 1396 1281 1450 usque
1311 1383 1379 1436 ad
1434 1384 1609 1451 ipsos,
1639 1384 1723 1438 vel
1768 1399 1798 1438 a
1842 1400 1955 1447 qua

374 1475 529 1546 prius
557 1475 662 1545 ipsi
693 1474 915 1528 alienati
947 1482 1113 1544 atque
1144 1476 1405 1543 disiuncti
1443 1474 1689 1542 fuerant,
1722 1486 1809 1533 est
1833 1481 1958 1548 qui-

376 1572 501 1624 dem
540 1568 766 1623 violenli
806 1567 1081 1638 quoddam
1124 1568 1240 1623 haec
1297 1569 1628 1638 expressio;
1680 1568 1960 1624 benevolis

375 1668 560 1715 autem
582 1659 927 1715 auditoribus
958 1659 1298 1730 accipietur;
1329 1662 1357 1713 ὁ
1389 1660 1596 1723 ὀθνεῖος
1624 1677 1756 1715 vero
1798 1676 1955 1715 masn

379 1753 651 1819 culinum,
682 1766 748 1806 ex
783 1767 894 1821 quo
927 1752 960 1823 ἠ
990 1751 1199 1817 ὀθνεῖα,
1231 1767 1261 1808 e
1295 1768 1426 1806 voce
1454 1751 1608 1816 νόθος
1638 1753 1954 1820 derivatur;

2054 565 2239 619 τριοι;
2278 548 2404 603 οὔτε
2427 550 2539 619 γὰρ
2567 549 2835 610 ἀνοίκειος
2859 551 2992 617 ἡμῖν
3027 549 3059 616 ἡ
3099 551 3164 601 ἐκ
3197 545 3374 601 κακοῦ
3418 551 3500 612 εἰς
3540 567 3644 603 κα-

2054 640 2146 693 λὸν
2174 639 2472 709 μεταϐολὴ,
2507 638 2633 692 οὐτε
2689 638 2785 691 τοῦ
2817 637 2953 691 Θεοῦ
3008 637 3291 707 ἀλλοτριοί
3339 639 3468 700 τοὺς
3520 638 3648 692 κατ’

2054 733 2227 802 αὐτὴν
2278 731 2703 800 ἀλλοιουμένους
2733 746 2748 762 ’
2798 728 2941 783 ὥστε
2999 730 3122 784 οὐδὲ
3182 729 3336 783 ἔστιν
3387 728 3647 784 ἐπίθετον

2053 823 2399 887 ἀλλοιώσεως
2429 824 2689 888 τοιαύτης
2711 825 2744 892 ἡ
2774 823 2960 875 ὀθνεία
2991 820 3163 894 ῆγουν
3200 822 3331 893 ξένη
3367 822 3446 887 ὡς
3477 824 3649 877 ἀλλο-

2053 916 2225 985 τρία.’
2280 917 2380 969 καὶ
2420 914 2567 969 οὕτω
2629 916 2731 984 μὲν
2774 915 3132 970 ὐποδίσκολον
3184 916 3245 969 τὸ
3299 915 3649 987 ἑρμηνεῦσαι

2056 1010 2344 1082 ἀλλοτρίαν
2372 1009 2472 1081 τὴν
2512 1009 2754 1063 ὀθνείαν.

2130 1189 2265 1259 σνβ’.
2306 1189 2367 1242 Εἰ
2394 1188 2453 1242 δέ
2484 1205 2569 1251 τις
2592 1190 2741 1242 εἴποι
2762 1190 2888 1253 τοὺς
2914 1190 3041 1243 τότε
3096 1189 3287 1258 ἁγίους
3323 1187 3648 1260 ἠλλοιωμέ-

2058 1299 2184 1344 νους
2234 1278 2628 1349 πνευματικῶς
2673 1277 2835 1350 ξένην
2895 1280 3208 1343 ἀλλοίωσιν,
3265 1281 3366 1334 καὶ
3422 1280 3647 1335 ὀθνείαν

2058 1376 2179 1445 ἦτοι
2227 1375 2521 1446 ἀλλοτρίαν
2559 1375 2726 1446 μέχρι
2785 1375 2886 1429 καὶ
2931 1374 3055 1428 τότε
3096 1373 3304 1441 αὐτῶν,
3357 1374 3533 1445 ἧγουν
3571 1368 3647 1441 ἧς

2058 1469 2191 1540 πρὶν
2220 1469 2381 1520 αὐτοὶ
2431 1465 2778 1532 ἀπεξένωντο
2801 1467 2899 1520 καὶ
2932 1466 3321 1538 ὴλλοτρίωντο,
3378 1467 3496 1520 ἔστι
3536 1467 3641 1537 μὲν

2060 1561 2285 1631 βιαστόν
2339 1580 2392 1616 τι
2446 1562 2600 1617 τουτὶ
2646 1560 2709 1614 τὸ
2765 1560 2975 1631 ὄνομα·
3030 1560 3513 1632 προσθεχθήσεται
3581 1559 3642 1612 δὲ

2059 1657 2359 1725 ἀκροαταῖς
2391 1653 2771 1724 εὐγνώμοσιν·
2826 1656 2855 1706 6
2887 1654 3096 1716 ὀθνεῖος
3130 1654 3189 1706 δὲ
3235 1653 3530 1721 ἀρσενικὸν
3576 1651 3641 1715 ἐξ

2059 1739 2123 1800 οὗ
2148 1748 2181 1816 ἡ
2225 1745 2411 1798 ὁθνεία
2451 1747 2514 1798 ἐκ
2543 1744 2639 1798 τοῦ
2667 1744 2822 1808 νόθος
2852 1744 3178 1815 παρῆκται·
3206 1744 3299 1814 ἀφ’
3334 1744 3397 1798 οὗ
3451 1743 3646 1815 ὥσπερ

380 1861 410 1900 a
447 1859 555 1915 qua
581 1846 725 1900 sicut
748 1820 969 1916 Κάδμος
997 1846 1279 1916 καδμεῖος,
1312 1846 1394 1900 sic
1443 1847 1599 1909 νόθος
1630 1849 1861 1910 νοθεῑος,
1905 1857 1962 1903 et
1995 1820 2036 1877 Β
2066 1839 2291 1907 Κάδμος
2324 1838 2612 1908 καδμεῖος,
2661 1836 2807 1892 οὕτω
2855 1838 3011 1901 νόθος
3056 1837 3285 1902 νοθείος,
3322 1837 3419 1892 καὶ
3475 1855 3645 1907 μετα-

380 1936 576 1992 litterae
601 1938 1028 2008 transpositione
1050 1939 1290 2005 ὀθνεῖος;
1324 1949 1377 1993 et
1400 1940 1543 1994 forte
1565 1940 1668 1994 hoc
1695 1949 1779 1995 est
1810 1939 1960 2010 quod

378 2029 547 2083 etiam
590 2028 663 2083 ibi
694 2028 822 2084 fecit
853 2029 922 2084 de
946 2028 1134 2098 ὀθνείᾳ
1184 2029 1491 2085 mutatione
1521 2030 1959 2101 ambiguitatem.

376 2121 515 2178 Cum
551 2121 696 2178 enim
725 2121 881 2185 νόθος
918 2122 1141 2192 proprie
1174 2122 1394 2192 quidem
1423 2131 1508 2178 est
1538 2121 1684 2179 ﬁlius
1713 2124 1807 2193 qui
1851 2140 1959 2178 non

375 2222 459 2269 cst
491 2228 785 2285 germanus
811 2222 866 2269 et
892 2213 1525 2284 legitimusgcneratori,
1567 2216 1835 2285 praevenit
1862 2232 1962 2271 au-

378 2315 489 2362 tem
525 2308 614 2360 illa
646 2306 816 2361 dictio
850 2303 983 2376 poni
1014 2306 1081 2361 de
1116 2306 1283 2360 rebus
1322 2306 1650 2378 simpliciter
1680 2309 1963 2370 extraneis

378 2408 434 2454 et
452 2399 531 2454 sic
558 2398 787 2465 alienis;
821 2398 1018 2454 deinde
1042 2413 1173 2453 vero
1190 2398 1427 2455 deducta
1448 2407 1581 2455 sunt
1599 2400 1764 2456 etiam
1799 2403 1960 2456 verba

379 2493 408 2544 ὀ
461 2491 673 2556 ὁθνεῖος
722 2502 776 2545 et
830 2501 1031 2547 caetera
1083 2492 1353 2559 derivata,
1393 2493 1634 2564 propria:
1694 2494 1959 2550 dicti0nis

379 2583 527 2637 illius
579 2582 891 2638 immutatio
945 2584 1313 2638 commutavit
1365 2584 1531 2639 etiam
1573 2597 1839 2655 concepta
1900 2588 1952 2641 iu

378 2676 582 2747 quibus
631 2676 737 2731 illa:
785 2690 949 2730 voces
1006 2676 1428 2745 spargebantur,
1461 2683 1517 2731 et
1550 2678 1856 2747 praesertim
1910 2679 1962 2733 in

380 2767 746 2838 dispositione
777 2769 1015 2839 poetica.

447 2858 578 2913 255.
626 2857 955 2916 Laudandus
1001 2873 1167 2930 porro
1198 2868 1355 2931 poeta
1410 2868 1493 2915 est
1542 2860 1712 2931 quod,
1768 2877 1964 2916 neces-

379 2952 597 3010 sitatem
628 2953 837 3007 habens
873 2951 928 3006 in
964 2952 1132 3007 tertio
1154 2967 1318 3008 versu
1348 2951 1459 3022 jam
1492 2954 1708 3009 tractati
1744 2955 1964 3008 initium

380 3044 449 3099 ab
474 3061 503 3097 ο
535 3045 682 3100 brevi
713 3043 972 3114 ponendi,
1004 3043 1163 3099 talem
1210 3044 1267 3098 in
1330 3044 1493 3099 metri
1524 3046 1855 3101 necessitate
1886 3047 1967 3099 di-

381 3140 619 3191 ctionem
653 3136 882 3193 invenit.
907 3136 1374 3192 Considerandum
1408 3148 1494 3193 est
1524 3150 1704 3195 autem
1734 3155 1804 3193 an
1828 3139 1966 3196 forte
1988 3173 2037 3238 ο

384 3245 490 3283 non
548 3230 621 3284 sit
671 3228 865 3283 melius
923 3229 1166 3285 scribere
1200 3230 1559 3285 mutationem
1620 3230 1832 3284 ὀθνεῖον
1891 3232 1961 3287 ab

380 3323 548 3377 attico
600 3321 940 3377 nominativo
974 3323 1009 3392 ἡ
1075 3322 1311 3386 ὀθνεῖος.
1368 3321 1564 3379 Dicere
1619 3340 1811 3394 nempe
1864 3327 1963 3397 τὴν

380 3416 596 3469 ὀθνείαν
632 3417 687 3469 in
728 3414 1124 3471 communibus
1164 3414 1363 3470 iambis
1415 3429 1526 3470 non
1584 3427 1671 3472 est
1725 3432 1963 3474 consue-

380 3515 537 3573 tum;
589 3517 850 3575 tanquam
886 3504 1173 3574 spondam,
1213 3520 1281 3560 ex
1331 3505 1520 3576 regula
1579 3511 1962 3577 grammatica,

378 3599 645 3653 eradente
675 3597 918 3654 secundo
950 3596 1107 3667 pede,
1144 3606 1369 3668 propter
1398 3599 1613 3671 longam
1642 3602 1795 3658 vocis
1823 3602 1962 3657 ﬁna-

381 3690 485 3744 lem
514 3688 775 3761 ήὸθνεία.
812 3687 970 3743 Sicut
1015 3688 1163 3744 enim
1222 3704 1289 3745 ex
1322 3691 1419 3744 τοῦ
1466 3691 1613 3745 θείου
1653 3694 1754 3764 τὴν
1808 3695 1962 3749 θείαν

380 3782 747 3838 communiter
771 3780 1147 3847 extendimus,
1182 3781 1267 3836 sic
1300 3784 1467 3838 etiam
1505 3799 1568 3839 ex
1603 3786 1700 3839 τοῦ
1745 3787 1959 3842 ὀθνείου

379 3874 478 3945 τὴν
551 3873 789 3928 ὀθνείαν.
863 3872 921 3927 Si
1008 3888 1139 3929 vero
1217 3874 1359 3929 forte
1413 3887 1572 3946 poeta
1635 3880 1960 3937 recordatus

384 3967 526 4022 istud
556 3982 570 4019 :
602 3969 669 4036 τῇ
698 3967 885 4036 μακρᾷ
918 3966 1150 4039 πέμπτῃ
1179 3966 1392 4038 μακρὸν
1433 3968 1602 4037 ὕμνον
1632 3970 1828 4042 ὲξᾲδω,
1865 3989 1955 4029 se-

383 4059 621 4114 cundum
656 4059 804 4114 hunc
858 4058 1104 4113 iambum
1153 4073 1380 4114 mensus
1414 4070 1500 4116 est
1545 4078 1764 4134 quoque
1822 4080 1960 4136 pra:-

385 4164 624 4217 seatem,
660 4165 770 4205 non
806 4149 1081 4206 inutiliter
1132 4153 1222 4207 hic
1252 4156 1713 4224 contradicimus,
1761 4160 1857 4215 sed
1908 4160 1965 4215 in

387 4245 709 4299 memoriam
741 4240 1069 4300 revocamus
1098 4246 1245 4318 quod
1288 4248 1547 4304 similiter
1576 4250 1708 4307 fecit
1735 4264 1962 4309 sanctus

389 4341 475 4422 ille
500 4336 741 4394 Ioannes
777 4339 924 4393 etin
986 4338 1091 4395 hoc
1142 4355 1160 4397 :
1219 4343 1646 4414 ὲπισφραγίζων
1704 4348 1771 4417 τῇ
1814 4346 1964 4410 ζέσει

383 4431 477 4484 τοῦ
520 4429 863 4502 Πνεύματος.
899 4431 1032 4487 Nam
1062 4433 1212 4488 verbi
1261 4436 1586 4507 σφραγίζειν
1629 4438 1854 4495 initialis
1883 4449 1966 4496 est

2067 1930 2218 1985 θέσει
2248 1933 2519 2001 στοιχείου
2542 1932 2748 1991 ὀθνεῖος
2779 1948 2793 1963 ο
2825 1929 2923 1984 καὶ
2955 1930 3098 2000 τάχα
3119 1930 3282 1985 τοῦτό
3310 1931 3432 1984 ἐστι
3455 1930 3517 1983 τὸ
3547 1932 3649 1984 καὶ

2066 2025 2303 2081 ἐνταῦθα
2350 2025 2662 2093 πεποιηκὸς
2712 2024 2811 2094 τὴν
2859 2027 2951 2078 ἐπὶ
2995 2028 3063 2095 τῇ
3108 2024 3294 2097 ὀθνείᾳ
3356 2024 3648 2079 ἀλλοιώσει

2067 2118 2513 2190 στρεϐλολογίαν.
2555 2119 2712 2171 Ἐπεὶ
2751 2119 2858 2187 γὰρ
2892 2118 3047 2181 νόθος
3090 2119 3191 2187 μὲν
3217 2116 3429 2188 κυρίως
3459 2117 3577 2182 υίὸς
3620 2118 3649 2168 6

2068 2211 2145 2282 μὴ
2172 2214 2394 2282 γνήσιος
2427 2212 2519 2264 καὶ
2546 2209 2774 2281 ἔννομος
2808 2210 2887 2280 τῷ
2914 2210 3311 2280 γεννησαμένῳ
3346 2226 3361 2241 ·
3396 2209 3536 2280 ἔφθη
3588 2209 3651 2264 δὲ

2067 2308 2100 2377 ἡ
2136 2306 2283 2370 λέξις
2311 2307 2543 2377 τεθῆναι
2572 2305 2671 2359 καὶ
2703 2304 2797 2358 ἐπὶ
2828 2304 2939 2357 τῶν
2991 2304 3178 2377 ἁπλῶς
3211 2303 3379 2368 ξένων
3414 2303 3510 2357 καὶ
3555 2304 3650 2355 οὖ-

2067 2376 2174 2465 τως
2203 2401 2506 2472 ἀλλοτρίων
2532 2414 2548 2431 ·
2581 2400 2792 2453 ἐκεῖθεν
2827 2399 2884 2451 δὲ
2919 2376 3208 2469 κεκίνηται
3244 2399 3338 2451 καὶ
3366 2399 3395 2452 6
3438 2397 3653 2460 ὁθνεῖος

2066 2493 2163 2545 καὶ
2187 2494 2253 2545 τά
2277 2492 2335 2557 ἐξ
2352 2492 2538 2557 αὐτοῦ,
2627 2492 2730 2560 τῆς
2756 2491 3103 2560 κυριολεξίας
3151 2491 3366 2560 ἐκείνης
3400 2489 3652 2560 ὲκτροπὴ

2069 2585 2487 2655 συνεξέστρεψε,
2515 2585 2609 2638 καὶ
2631 2584 2699 2638 τὰ
2725 2586 2978 2656 νοήματα
3001 2587 3059 2638 ὲν
3087 2579 3170 2649 οἷς
3191 2584 3444 2639 τοιαῦται
3467 2584 3651 2649 λέξεις

2067 2679 2528 2748 κατεσπάρησαν,
2554 2677 2660 2732 καὸ
2692 2678 2959 2731 κάλλιστα
3003 2679 3062 2733 ὲν
3095 2678 3337 2733 διαθέσει
3361 2680 3651 2749 ποιητικῇ.

2139 2854 2277 2923 σνγ’.
2317 2838 2666 2909 Ἐπαινετέον
2701 2855 2766 2927 δὴ
2820 2857 2918 2910 τὸν
2976 2856 3219 2926 μεληδὸν
3262 2859 3347 2911 ὅτι
3398 2858 3655 2927 ἀνάγκην

2069 2949 2209 3020 ἔχων
2240 2951 2298 3001 ὲν
2320 2948 2400 3020 τῷ
2426 2950 2596 3020 τρίτῳ
2628 2950 2797 3020 στίχῳ
2843 2950 2938 3003 τοῦ
2973 2952 3504 3022 προκεχειρισμένον
3540 2954 3657 3006 ἀπὸ

2068 3043 2163 3094 τοῦ
2195 3040 2236 3094 ο⁹
2269 3041 2470 3112 μικροῦ
2502 3041 2695 3095 θέσθαι
2731 3044 2929 3112 ἀρχὴν,
2970 3042 3162 3113 ἐξεῦρε
3187 3044 3448 3114 τοιαύτην
3496 3045 3656 3113 λέξιν

2073 3138 2129 3190 ἐν
2166 3136 2384 3206 ἀνάγκη
2416 3138 2686 3206 μετρικῇ.
2728 3137 3043 3205 Σκοπητέον
3076 3137 3151 3190 δὲ·
3183 3140 3395 3207 μήποτε
3426 3138 3657 3193 κάλλιόν

2072 3231 2187 3282 ἐστι
2220 3230 2432 3300 γράψαι
2454 3229 2667 3283 ὀθνεῖον
2696 3231 3010 3295 ἀλλοίωσιν,
3059 3233 3169 3285 ἀπὸ
3212 3233 3432 3298 εὐθείας
3473 3236 3659 3288 ’Δττι-

2072 3321 2179 3390 κῆς
2210 3321 2311 3389 τῆς
2345 3324 2378 3391 ἠ
2419 3322 2628 3386 ὀθνείος
2649 3337 2663 3352 ⁸
2691 3323 2793 3392 τὴν
2850 3323 3068 3378 ὁθνείαν
3112 3325 3223 3398 γὰρ
3252 3327 3429 3380 εἰπεῖν
3461 3328 3522 3381 οὐ
3552 3328 3652 3381 σύ-

2072 3416 2235 3485 νηθες
2285 3415 2342 3468 ὲν
2375 3414 2651 3485 ἰαμϐείοις
2713 3417 2952 3477 κοινοίς’
2997 3410 3088 3469 οἷα
3134 3420 3421 3473 σπονδείου
3462 3420 3655 3475 κανόνι

2072 3509 2452 3580 γραμματικῷ
2479 3507 2912 3572 ἀπεκϐαίνοντος
2944 3510 3038 3564 τοῦ
3057 3511 3317 3583 δευτέρου
3349 3513 3532 3578 ποδὸς,
3558 3513 3652 3569 διὰ

2072 3602 2172 3668 τὴν
2198 3597 2476 3668 λήγουσαν
2516 3597 2613 3651 τοῦ
2641 3600 2673 3668 ἡ
2702 3598 2911 3654 ὀθνεία.
2960 3601 3045 3666 Ὠς
3094 3604 3203 3675 γὰρ
3234 3606 3300 3657 ὲκ
3346 3604 3441 3658 τοῦ
3499 3606 3648 3661 θείου

2070 3695 2171 3759 τὴν
2209 3691 2362 3745 θείαν
2387 3691 2707 3761 ὲκτείνομεν
2739 3693 3069 3763 κοινόνερον,
3097 3693 3273 3758 οὕτως
3303 3700 3402 3752 καὶ
3443 3700 3509 3752 ἐκ
3544 3699 3641 3755 τοῦ

2069 3783 2281 3836 ὀθνείου
2312 3781 2410 3853 τὴν
2436 3780 2668 3837 ὀθνείαν.
2701 3783 2763 3835 Et
2803 3783 2861 3836 δὲ
2899 3787 3029 3848 ἴσως
3055 3788 3083 3838 6
3113 3786 3352 3858 μελῳδος
3413 3789 3652 3860 ἐνθυμη-

2072 3875 2187 3939 θεὶς
2209 3874 2271 3928 τὺ
2300 3878 2366 3947 τῇ
2396 3876 2585 3947 μακρᾷ
2609 3876 2837 3948 πέμπτῃ
2860 3882 3069 3950 μακρὸν
3092 3879 3262 3950 ὕμνον
3282 3879 3473 3955 ὲξᾴδω,
3511 3885 3650 3953 πρὸς

2071 3969 2250 4023 ἐκεῖνο
2279 3969 2340 4021 τὸ
2371 3969 2623 4040 ἰαμϐεῖον
2658 3970 2876 4024 ὲπόδισε
2912 3973 3082 4025 καὶτὸ
3115 3975 3314 4045 παρὸν,
3361 3976 3461 4029 οὐκ
3493 3978 3651 4031 ἀντι-

2072 4060 2346 4130 πίπτομεν
2398 4062 2479 4126 είς
2527 4061 2683 4116 οὐδὲν
2713 4063 2855 4129 δέον,
2912 4066 3415 4139 ὑπομιμνήσκομεν
3465 4069 3522 4123 δὲ
3569 4069 3650 4133 ὡς

2069 4156 2257 4225 ὅμοιον
2284 4154 2592 4224 πεποίηκεν
2621 4154 2648 4207 6
2676 4155 2822 4226 ἱερὸς
2871 4155 3131 4228 Ἰωάννης
3159 4157 3340 4225 οὗτος,
3369 4160 3466 4214 καὶ
3488 4162 3547 4215 ἐν
3571 4162 3650 4232 τῷ

2072 4244 2490 4317 ὲπισρραγίζων
2541 4250 2608 4318 τῇ
2660 4248 2807 4312 ζέσει
2836 4248 2930 4301 τοῦ
2985 4249 3329 4319 Πνεύματος.
3377 4253 3487 4308 Τοῦ
3539 4259 3652 4327 γάρ

2073 4338 2401 4408 σφραγίζειν
2451 4339 2744 4393 ἐκτέταται
2776 4342 2810 4411 ἡ
2845 4340 3116 4412 ἄρχουσα,
3145 4346 3293 4401 καθὰ
3341 4351 3438 4401 καὶ
3486 4349 3654 4421 ἡτῆς

2074 4432 2395 4499 σφραγῖδος,
2428 4431 2504 4495 ὡς
2535 4433 2637 4486 οὐκ
2684 4432 2835 4486 ἔστιν
2873 4436 3209 4505 ἀμφιϐαλεῖν
3250 4437 3423 4510 ἄνδρα
3471 4459 3655 4514 γραμ-

383 4533 632 4587 extensa,
667 4524 814 4579 sicut
849 4524 1000 4580 vocis
1050 4526 1372 4597 σφραγῖδος,
1407 4537 1465 4582 ιιι
1512 4543 1623 4583 non
1658 4539 1744 4585 est
1781 4530 1959 4586 ambi-

2073 4526 2321 4595 ματικόν.
2355 4527 2475 4580 Ὀτι
2494 4527 2552 4581 δὲ
2582 4528 2921 4599 ἡρωῖςοντες
2953 4531 3125 4587 πολλὰ
3154 4534 3251 4588 καὶ
3289 4537 3520 4594 τοιαῦτα
3550 4541 3653 4609 θη-

392 4617 628 4685 gendum
685 4616 894 4672 homini
928 4619 1314 4688 grammatico.
1347 4619 1506 4686 Quod
1538 4630 1720 4677 autem
1756 4623 1967 4678 heroici

386 4707 557 4765 inuita
587 4708 969 4779 quoqueotalia
1008 4708 1234 4763 nomina
1271 4708 1541 4767 feminina
1590 4712 1645 4766 in
1681 4711 1843 4782 alpha
1871 4712 1969 4767 de-

384 4795 626 4852 sinentia
664 4812 733 4852 ex
789 4784 1047 4868 génitivis
1078 4813 1177 4870 per
1211 4799 1430 4870 longam
1489 4802 1803 4868 terminatis
1832 4817 1969 4857 con-

390 4889 639 4957 trahunt,
674 4904 784 4944 non
844 4900 930 4944 est
974 4890 1466 4949 contradicendum
1534 4903 1878 4962 constanter,
1919 4896 1969 4951 si

382 4985 506 5052 quis
530 4993 793 5052 expertus
825 4985 920 5040 sit.
951 4981 1160 5040 Vocem
1200 4998 1335 5039 vero
1366 4986 1830 5059 εὐπρεπεστάτην
1868 5002 1969 5058 pro

386 5074 562 5145 καλὴν
594 5077 882 5146 usurpavit
910 5078 1180 5145 melodus,
1214 5080 1352 5134 bene
1368 5093 1587 5150 quoque
1609 5080 1685 5135 ibi
1713 5081 1966 5137 locutus:

388 5168 432 5218 si
471 5167 623 5220 enim
670 5168 831 5238 juxta
903 5171 1197 5239 quemdam
1252 5169 1549 5234 dicentem,
1603 5171 1834 5241 pulchra
1886 5183 1971 5227 est

388 5259 621 5313 mutatio
649 5259 893 5316 dextera
943 5261 1189 5326 Excelsi,
1226 5265 1393 5319 etiam
1442 5265 1968 5321 convenientissima

387 5357 555 5405 us:et.
587 5347 699 5413 Hoc
727 5361 908 5407 autem
949 5352 1298 5425 demonstrat
1348 5355 1447 5426 τὴν
1496 5355 1714 5411 ὀθνείαν
1760 5358 1969 5413 intelli-

388 5443 622 5511 gendum
659 5459 782 5498 esse
810 5459 921 5500 non
978 5447 1233 5511 alienam,
1291 5448 1389 5503 sed
1420 5450 1913 5506 extraordinariam
1950 5470 1966 5507 :

389 5537 513 5589 lalzs
542 5537 687 5590 enim
746 5546 832 5592 est
865 5537 981 5592 haec
1013 5539 1266 5607 mutatio,
1312 5540 1523 5596 diceret
1568 5543 1793 5612 aliquis,
1846 5560 1967 5599 am-

391 5628 713 5696 plitudinem
779 5630 869 5685 hic
927 5632 1097 5685 etiam
1157 5634 1481 5689 ostendente
1548 5637 1964 5706 praepositione.

389 5717 751 5775 Uommumus
810 5728 993 5775 tamen
1035 5720 1225 5790 sicque
1280 5724 1463 5780 notius
1490 5734 1573 5780 est
1625 5726 1968 5797 ἡεύπρεπε-

390 5810 583 5881 στάτη.
631 5812 749 5868 Non
809 5813 1059 5885 ignotum
1102 5822 1186 5868 cst
1241 5823 1423 5873 autem
1465 5818 1611 5889 quini
1661 5820 1969 5891 pulchritu-

2071 4618 2214 4672 λυκά
2241 4619 2489 4691 ὀνόματα
2519 4622 2602 4685 είς
2630 4622 2776 4692 ἄλφα
2824 4624 3065 4697 λήγοντα
3104 4630 3170 4683 ὲκ
3217 4634 3655 4706 μακροκαταλή-

2072 4729 2217 4766 κτων
2267 4713 2510 4782 γενικῷν
2568 4716 2978 4787 συστέλλουσιν,
3022 4720 3124 4772 οὐκ
3168 4721 3323 4778 ἐστιν
3368 4725 3654 4783 ἀντειπεῖν

2073 4805 2375 4877 σταθερῶς,
2413 4806 2575 4869 εἴτις
2610 4809 2974 4873 πεπείραται.
3007 4812 3080 4865 Τὸ
3103 4812 3159 4867 δὲ
3192 4817 3654 4895 εὐπρεπεστάτην

2070 4900 2193 4953 ἀντὶ
2218 4897 2316 4953 τοῦ
2356 4901 2531 4971 καλὴν
2562 4898 2759 4955 ἐλαϐεν
2802 4903 2833 4954 6
2879 4904 3140 4974 μελῳδὸς,
3180 4908 3241 4962 εὖ
3285 4913 3379 4965 καὶ
3409 4915 3653 4970 ἐνταῦθα

2073 4990 2250 5043 λαλῶν
2271 5010 2284 5027 ι
2324 4994 2373 5045 εἰ
2407 4995 2517 5064 γὰρ
2547 4999 2693 5049 κατὰ
2717 5011 2809 5048 τον
2846 5000 3083 5054 εἰπόντα
3119 5001 3263 5074 καλὴ
3290 5003 3586 5072 ἀλλοίωσις
3611 5012 3646 5081 ἡ

2069 5082 2175 5152 τῆς
2214 5083 2398 5152 δεξιᾶς
2418 5085 2514 5138 τοῦ
2531 5085 2814 5155 Ὑψίστου,
2845 5091 2940 5144 καὶ
2969 5092 3392 5168 εὐπρεπεστάτη
3421 5098 3486 5152 ἂν
3522 5100 3609 5171 εἴη
3632 5117 3649 5133 ·

2071 5175 2231 5228 τοῦτο
2257 5174 2316 5227 δὲ
2340 5174 2745 5247 διασαφητικόν
2775 5181 2892 5236 ἐστι
2916 5184 3011 5237 τοῦ
3033 5184 3133 5248 τὴν
3161 5185 3386 5242 ὀθνείαν
3420 5194 3497 5261 μὴ
3547 5193 3648 5244 ἀλ-

2070 5265 2292 5337 λοτρίαν
2325 5271 2527 5339 χρῆναι
2557 5269 2603 5324 δ’
2629 5271 3005 5339 ὑπονοεῖσθαι,
3053 5275 3194 5331 ἀλλὰ
3223 5278 3549 5346 ξενίζουσαν
3572 5300 3584 5313 ·
3614 5285 3647 5355 η

2070 5359 2296 5428 τοιαύτη
2320 5362 2431 5432 γὰρ
2462 5362 2754 5428 ἀλλοίωσις
2783 5364 2935 5434 λέγοι
2970 5383 3054 5430 τις
3091 5369 3182 5436 ἀν,
3230 5372 3486 5428 ἐπίτασιν
3520 5379 3653 5430 κάν-

2071 5450 2241 5505 ταῦθα
2273 5452 2542 5525 δηλούσης
2566 5458 2666 5526 τῆς
2703 5456 3017 5526 προθέσεως
3043 5476 3060 5493 ο
3092 5461 3405 5534 κοινότερον
3445 5468 3548 5537 μέν
3572 5485 3653 5522 τοι

2071 5541 2166 5596 καὶ
2214 5540 2360 5595 οὕτω
2410 5544 2841 5617 γνωριμώτερον
2892 5550 3042 5603 ἔστιν
3091 5552 3125 5622 ἡ
3174 5553 3603 5628 εὐπρεπεστάτη
3637 5575 3651 5590 ·

2070 5636 2170 5688 οὐκ
2203 5635 2398 5705 ἄδηλον
2444 5638 2505 5691 δὲ
2548 5639 2631 5693 ὅτι
2672 5641 2941 5714 καλλονήν
2972 5662 3098 5699 τινα
3148 5652 3414 5720 σημαίνει
3456 5654 3555 5706 καὶ
3590 5654 3652 5709 τὸ

2071 5728 2302 5823 πρέπον,
2333 5732 2428 5785 καὶ
2461 5733 2489 5785 6
2522 5734 2834 5807 εὐπρεπὴς,
2864 5740 2962 5791 καὶ
3016 5741 3046 5794 6
3079 5742 3391 5815 ἐκπρεπὴς,
3445 5746 3546 5799 καὶ
3592 5748 3656 5801 τὸ
3692 5811 3705 5823 _

2072 5821 2426 5895 ἐπιπρέπειν,
2463 5823 2558 5881 καὶ
2590 5827 2624 5897 ἡ
2659 5827 2968 5899 εὐπρέπεια
2990 5847 3007 5865 ·
3051 5832 3267 5902 γίνεται
3306 5834 3364 5888 δὲ
3408 5836 3521 5891 ἀπὸ
3554 5837 3655 5892 τοῦ
