4034 6398
347 403 456 469 753

1175 402 1259 464 ΙΝ
1303 401 1642 464 IIYMNUM
1679 402 2327 465 PENTECOSTALEM
2377 406 2830 470 DABIASCEYI.

3514 402 3626 467 754

347 513 683 586 περιέπεινσ
744 511 813 567 τὰ
856 513 965 585 γὰρ
1027 513 1257 570 τοιαῦτα
1320 515 1395 579 ὡς
1442 515 1585 570 καλὰ
1654 516 1981 587 περιέπονκ

2061 516 2237 572 dinem
2271 518 2570 587 quamdam
2606 518 2884 589 signiﬁcat
2908 517 2972 586 τὸ
3015 516 3247 591 πρέπον,
3276 524 3330 573 et
3367 519 3395 573 ὁ
3425 517 3626 591 εὐπρε-

349 627 468 666 ται.

420 875 547 930 σνδθ.
585 875 902 945 Σημείωσαι
953 878 1010 928 δε
1059 875 1155 927 καὶ
1202 873 1288 928 ὅτι
1332 866 1669 942 ἐπιλογικῶς
1719 869 1834 928 οἷον
1880 874 1944 927 τὸ

349 971 468 1027 ὅλον
502 971 688 1040 θαῦμα
733 972 834 1038 τῆς
876 969 1000 1037 ἄρτι
1035 968 1234 1039 ἑορτῆς
1262 970 1290 1022 ό
1324 968 1567 1038 μελῳδὸς
1610 971 1667 1021 ἐν
1715 968 1794 1038 τῷ
1837 987 1942 1022 πα-

353 1067 498 1137 ρόντι
523 1064 975 1133 ἐκεφαλαιώσατο
1006 1067 1313 1136 τροπαρίῳ.
1344 1065 1418 1117 Τὸ
1453 1062 1553 1132 μὲν
1575 1062 1685 1133 γὰρ
1708 1062 1943 1115 ἔπνευσε

349 1160 437 1212 sta
457 1158 555 1226 τὴν
580 1156 763 1228 βιαίαν
795 1155 1000 1228 ἐρρέθη
1032 1155 1204 1227 πνοήν
1229 1171 1242 1188 ο
1295 1155 1330 1226 ἡ
1361 1156 1417 1208 δὲ
1449 1154 1748 1225 θεόρρυτος
1782 1154 1942 1223 χάρις

351 1254 439 1305 διὰ
481 1251 542 1304 τὸ
580 1250 791 1320 ἐκχέωο
848 1246 979 1302 ἔνθα
1011 1248 1267 1302 ἐπίτασιν
1300 1250 1334 1319 ἡ
1367 1247 1632 1319 πρόθεσις
1664 1247 1834 1313 δηλοῖ,
1870 1245 1946 1307 ὡς

351 1344 501 1397 δοκεῖ
528 1340 855 1413 ἑρμηνεύειν
900 1341 1092 1412 ἕτερος
1153 1341 1391 1411 μελῳδὸς
1435 1337 1636 1405 είπὼν,
1666 1338 1946 1402 Πλουσίως

354 1437 609 1506 ἐξέχεαν
664 1434 730 1487 ἐκ
783 1432 878 1487 τοῦ
936 1432 1254 1504 Πνεῦματος
1308 1433 1408 1503 μὲν
1454 1434 1613 1503 χέας.
1659 1431 1734 1495 ὥς
1778 1448 1947 1502 φησιν

365 1526 524 1599 Ἰωήλ
547 1540 562 1555 ⁶
599 1526 774 1589 ἄλλως
799 1526 856 1579 δὲ
884 1526 1085 1596 ἐκχέας
1113 1526 1195 1589 είς
1224 1525 1541 1596 ἀμέτρητον
1563 1540 1579 1556 ο
1633 1524 1694 1576 τὸ
1722 1523 1779 1576 δέ
1806 1523 1947 1593 λάμ-

356 1639 550 1686 παντες
591 1622 1025 1694 ἀστράπτοντες,
1056 1621 1426 1690 κεφαλαίωσίς
1457 1623 1577 1674 ἐστι
1605 1620 1703 1690 τῆς
1743 1607 1976 1690 ἁναμε-’

359 1716 631 1786 μιγμένης
658 1717 724 1784 τῇ
754 1717 887 1785 πνοῇ
916 1717 1012 1767 καὶ
1041 1712 1425 1786 ἐλλαμπούσης
1448 1712 1753 1782 πυρώσεως
1773 1726 1788 1742 ο
1815 1712 1938 1765 κιίν

357 1812 425 1879 ἣν
454 1808 488 1880 ἢ
522 1808 770 1876 γλῶσσαι
828 1807 1138 1879 πυρσώδεις
1183 1807 1434 1874 ἐλέγοντο
1464 1804 1555 1861 -ἂν
1603 1806 1662 1859 αἱ
1718 1807 1864 1869 τότε,
1911 1803 1945 1872 ἢ

358 1872 510 1973 πυρά
535 1872 745 1954 -ἐκεῖνα
797 1872 1171 1970 γλωσσοειδῆο
1224 1872 1298 1952 τδ-
1336 1897 1392 1952 δὲ
1441 1896 1799 1971 ἠλλοιωμένοι
1845 1896 1949 1967 τὴν
1979 1872 2024 1931 Β

357 1993 723 2062 ἀποστολικὴν
785 1992 1076 2062 κεφαλαιοῖ
1138 1990 1449 2062 μεταϐολὴν
1517 1990 1597 2053 είς
1673 1988 1950 2059 θειοτέραν

360 2090 505 2159 ᾗπερ
538 2088 846 2158 πρότερον
892 2087 954 2139 τὸ
999 2085 1057 2140 δὲ
1089 2085 1306 2139 ὀθνείαν
1349 2083 1658 2154 ἀνάμνησιν
1711 2084 1950 2136 ποιεῖται

357 2181 460 2251 τῆς
486 2182 543 2234 ἐν
570 2179 747 2246 ξέναις
772 2178 1050 2247 γλώσσαις
1074 2177 1269 2240 λαλιᾶς
1291 2192 1307 2208 ο
1332 2176 1392 2229 τὸ
1417 2175 1475 2229 δὲ
1496 2172 1951 2245 εὐπρεπεστάτην

362 2271 549 2340 ἐνάγει
593 2270 686 2324 τὸν
728 2269 1007 2340 ψάλλοντα
1056 2269 1130 2340 μὴ
1188 2269 1278 2322 ἐπ’
1327 2267 1618 2339 ἀλλοτρίας
1666 2268 1810 2321 νοεῖν
1852 2268 1953 2339 τὴν

362 2362 577 2417 όθνείαν
608 2360 816 2432 ταύτην
838 2376 854 2392 ο
890 2361 1076 2431 ἐκείνη
1107 2360 1217 2431 γάρ
1248 2361 1558 2432 εὐπρεπής.
1593 2360 1668 2414 Τὸ
1693 2360 1750 2414 δέ
1782 2362 1954 2430 σοφὴν

362 2454 554 2511 οὐσίαν
593 2453 688 2509 τοῦ
737 2453 1063 2525 σοφισθῆναι
1106 2455 1229 2517 τοὺς
1276 2453 1608 2520 ἀποστόλους
1652 2452 1955 2523 τηνικαῦτα

367 2548 526 2619 μνεία
555 2546 671 2601 ἐστί
693 2563 706 2579 ·
743 2547 806 2603 τὸ
854 2547 910 2600 δέ
950 2546 1360 2613 ίσοσθενοῦσαν,
1411 2547 1757 2616 προέγνωται
1788 2546 1845 2599 ἐν
1878 2544 1956 2617 τῷ

376 2639 675 2702 Ἰσοσθενές
707 2637 948 2709 πνεῦμα.
977 2637 1135 2693 Οὕτω
1163 2638 1222 2691 δὲ
1246 2637 1662 2708 προδεδήλωται
1693 2639 1790 2693 καὶ
1824 2639 1954 2706 περὶ

362 2732 484 2799 τοῦ,
529 2732 681 2803 Σοφὴ
708 2732 1003 2804 τρίφεγγος
1036 2732 1195 2785 οὐσία
1226 2732 1321 2784 καὶ
1358 2731 1433 2794 ὡς
1466 2732 1499 2801 ἡ
1530 2731 1825 2802 τρίφεγγος
1860 2729 1956 2784 καὶ

249 2856 255 2862 “
362 2824 665 2894 τριφεγγὴς
696 2824 938 2892 λέγεται.
971 2823 1037 2878 Ἥ
1063 2824 1140 2891 δέ,
1170 2823 1246 2888 ὡς
1276 2824 1500 2894 ἐρρέθη,
1534 2824 1777 2894 ἄτμητος
1799 2821 1955 2877 οὐσία

2044 610 2175 681 πὴς,
2207 618 2262 664 et
2293 610 2321 662 ό
2345 609 2653 681 ἐκπρεπὴς,
2698 620 2751 665 et
2779 610 2842 665 τὸ
2879 613 3236 684 ἐπιπρέπειν,
3268 617 3324 665 et
3358 610 3393 680 ὴ
3422 610 3630 680 εὐπρέ-

2046 718 2213 756 πειαι
2247 701 2397 757 venit
2426 713 2608 757 autem
2642 718 2671 758 a
2702 704 2989 774 περιέπειν
3019 719 3032 756 :
3073 703 3199 758 talia
3236 716 3474 773 namque
3491 702 3633 759 sicut

2047 792 2191 847 bona
2226 792 2586 862 περιέπονται
2622 792 2967 865 (curantur).
3462 786 3466 790 Α

2118 883 2247 938 254.
2280 883 2595 940 Notandum
2646 894 2730 940 est
2785 897 2969 942 autem
3017 884 3168 957 quod
3213 883 3365 942 velut
3406 884 3626 957 epilogo

2048 984 2223 1030 totum
2280 977 2445 1044 huius
2510 974 2831 1034 festivitatis
2886 978 3197 1049 prodigium
3276 977 3524 1033 melodus
3579 978 3632 1032 in

2049 1067 2304 1136 praesenti
2357 1068 2585 1139 strophe
2634 1069 2952 1124 summatim
3005 1071 3328 1139 resumpsit.
3391 1069 3629 1127 Verbum

2049 1159 2194 1214 enim
2227 1158 2459 1213 ἔπνευσε
2486 1175 2585 1230 per
2613 1161 2799 1231 βιαίαν
2834 1161 3233 1232 πνοὴνιίίοιιιιιι
3271 1170 3384 1229 est;
3407 1164 3441 1233 ἡ
3475 1163 3633 1236 θεόῤ-

2050 1250 2213 1320 ρυτος
2244 1250 2419 1320 gratia
2448 1265 2547 1321 per
2575 1253 2804 1307 verbum
2837 1253 3047 1323 ἐκχέως
3083 1253 3177 1309 ubi
3209 1253 3631 1324 amplitudinem

2050 1343 2373 1412 praepositio
2420 1344 2789 1411 demonstrat,
2834 1355 2896 1399 ut
2949 1344 3167 1401 videtur
3208 1346 3346 1401 alter
3382 1346 3634 1400 melodus

2050 1436 2428 1507 interpretari,
2467 1437 2658 1493 dicens
2696 1451 2711 1489 :
2757 1436 3036 1500 Πλουσίως
3063 1436 3284 1508 ἐξέχεας
3337 1437 3634 1507 (ditissime

2052 1528 2266 1601 fudisti)
2301 1530 2368 1586 de
2421 1530 2627 1600 Spiritu
2678 1530 2898 1601 quidem
2951 1529 3164 1594 fudisti,
3195 1531 3341 1585 sicut
3377 1530 3454 1584 ait
3480 1528 3635 1595 Joel;

2052 1620 2189 1675 alias
2216 1627 2399 1675 autem
2444 1621 2499 1674 in
2553 1621 2887 1676 immensum
2940 1620 3210 1677 ell'udisti.
3247 1618 3363 1676 lloc
3401 1630 3585 1677 autem
3618 1639 3634 1676 :

2051 1711 2300 1768 lucentes
2351 1711 2716 1783 fulgurantes,
2746 1713 2836 1768 est
2882 1728 3099 1769 summa
3145 1712 3296 1768 illius
3343 1713 3634 1784 spirationi

2055 1808 2241 1861 mixtae
2269 1808 2645 1879 fulgentisque
2697 1809 3074 1874 incensionis;
3129 1807 3434 1863 secundum
3468 1823 3636 1878 quam

2056 1901 2159 1956 illa:
2192 1902 2392 1972 linguae
2447 1900 2555 1956 dici
2594 1910 2848 1971 poterant
2881 1902 3232 1971 igniiormes,
3267 1909 3325 1955 et
3370 1901 3524 1972 ignes
3561 1901 3640 1955 illi

2054 1994 2367 2067 linguarum
2405 1993 2641 2049 formam
2691 1995 3088 2065 exprimentes.
3131 1993 3244 2048 Vox
3273 1993 3636 2064 ἡλλοιωμένοι

2054 2087 2288 2142 resumit
2326 2087 2682 2156 apos:olicam
2730 2086 3263 2156 tmnsformationem
3317 2087 3376 2140 in
3407 2086 3641 2139 divinio-

2056 2195 2166 2234 rem
2219 2196 2380 2250 quam
2451 2189 2639 2235 antea.
2702 2179 2881 2235 Dictio
2928 2178 3142 2234 ὀθνείαν
3201 2179 3255 2234 tn
3313 2178 3638 2234 memoriam

2056 2284 2277 2328 revocat
2313 2275 2366 2328 in
2405 2274 2604 2344 linguis
2648 2273 2927 2329 extraneis
2968 2272 3339 2340 locutionem;
3387 2286 3491 2327 vox
3544 2286 3643 2326 au-

2054 2376 2165 2422 tem
2202 2367 2688 2438 εὐπρεπεστάτην,
2728 2366 2939 2422 inducit
2964 2366 3292 2437 psallentem
3321 2375 3380 2421 ut
3426 2366 3485 2421 in
3515 2365 3644 2421 alie-

2056 2475 2185 2514 nam
2214 2474 2325 2515 non
2356 2468 2576 2530 reputet
2607 2462 2752 2515 hanc
2784 2458 3000 2514 ὀθνειαν
3029 2476 3049 2516 :
3077 2458 3184 2514 hoc
3211 2461 3358 2516 enim
3385 2467 3471 2515 est
3512 2474 3645 2516 con-

2073 2552 2510 2607 venientissima.
2570 2552 2751 2624 Σοφὴν
2805 2562 2987 2608 autem
3045 2553 3260 2618 οὐσίαν,
3309 2556 3457 2623 quod
3513 2562 3642 2612 tunc

2072 2642 2305 2711 apostoli
2329 2643 2600 2711 sapientia
2630 2642 2822 2713 repleti
2847 2651 2997 2707 sunt,
3024 2651 3111 2697 est
3141 2645 3600 2699 commemoratio
3625 2663 3639 2700 :

2071 2736 2175 2791 hoc
2211 2750 2345 2792 vero
2387 2735 2791 2802 ίσοσθενοῦσαν,
2825 2735 2939 2803 jam
2968 2735 3248 2806 cognitum
3278 2745 3365 2792 est
3410 2738 3466 2792 in
3502 2738 3641 2794 hoc:

2062 2827 2341 2891 ίσοσθενές
2369 2827 2612 2899 πνεῦμα.
2652 2827 2745 2883 Sic
2775 2837 2963 2884 autem
2990 2838 3119 2883 ante
3145 2837 3511 2886 monstratum
3559 2840 3646 2887 est

365 2919 774 2987 παρακείμενον
797 2917 933 2987 αὐτὴ
954 2916 1155 2987 ἔχουσα
1176 2919 1241 2969 τὸ
1269 2915 1672 2981 ίσοσθενοῠσαν,
1698 2917 1957 2984 ἐμφαίνει
2066 2920 2135 2973 de
2166 2917 2267 2973 hoc
2292 2936 2306 2974 :
2340 2919 2487 2989 Σοφὴ
2517 2920 2816 2990 τρίφεγγος
2850 2919 3032 2988 οὐσία,
3069 2929 3125 2977 et
3153 2923 3432 2992 quomodo
3459 2922 3493 2994 ἠ
3525 2939 3643 2993 τρι-

368 3009 464 3062 xui.
498 3007 560 3061 τὸ
595 3007 858 3079 ὑπερλίαν
915 3008 1182 3080 κραταιὸν
1239 3009 1337 3073 τῆς
1373 3006 1538 3075 ἁγίας
1595 3007 1864 3078 de/304'
1920 3007 1954 3075 ἢ

2061 3030 2262 3084 φεγγος
2279 3016 2659 3086 θιτριφεγγὴς
2690 3015 2915 3071 dicitur.
2952 3014 3077 3071 Haec
3101 3023 3308 3081 autem,
3338 3026 3399 3071 ut
3429 3016 3640 3073 dictum

365 3099 477 3171 γὰρ
527 3098 791 3169 ἀτμήτως
820 3098 1133 3167 τεμνομένη
1168 3096 1475 3168 τριφεγγὴς
1503 3097 1681 3160 οὐσία,
1718 3095 1957 3150 πανσθε-

2061 3113 2163 3171 est,
2195 3106 2442 3172 ἄτμητος
2484 3105 2646 3159 οὐσία
2699 3103 2959 3177 (indivisa
2994 3106 3327 3178 substantia)
3373 3122 3497 3178 qua:
3524 3123 3647 3163 ver-

363 3191 600 3262 νεστάτη
634 3191 856 3254 πάντως
895 3192 1070 3257 ἐστὶν,
1104 3188 1181 3254 ὡς
1211 3188 1355 3260 ἁρχὴ
1392 3188 1625 3259 μεγίστη
1680 3187 1953 3257 μηδέποτε

2061 3200 2188 3251 bum
2222 3195 2615 3251 ίσοσθενούσαν
2644 3199 2955 3268 appositum
2992 3197 3110 3267 ipsa
3148 3198 3334 3262 habet.
3366 3214 3636 3255 summam

366 3284 704 3356 μεριξομένη
730 3286 816 3353 ἐφ’
869 3282 1072 3354 ἑαυτὴν
1111 3283 1205 3337 καὶ
1237 3281 1380 3336 οὕτω
1409 3283 1843 3350 ἀκαταπὸνητος.
1881 3281 1955 3335 Τὸ

2061 3301 2268 3343 sanetae
2291 3286 2581 3344 Trinitatis
2614 3298 2943 3359 potestatem
2977 3291 3275 3362 expandit:
3310 3292 3405 3347 illa
3434 3306 3635 3361 nempe

363 3379 421 3432 δέ
452 3377 653 3441 εἰδότες
696 3377 854 3447 δηλοῖ
901 3376 1001 3447 μὲν
1031 3374 1236 3444 γνῶσιν
1284 3375 1382 3446 τὴν
1430 3375 1531 3445 οὐχ
1573 3372 1789 3436 ἁπλῶς,
1823 3372 1960 3426 ἀλλὰ

2062 3380 2378 3436 substantia
2424 3397 2545 3450 qua:
2594 3383 2717 3437 sine
2768 3383 3042 3440 divisione
3084 3386 3394 3458 τριφεγγὴς
3441 3385 3644 3441 distin-

364 3469 653 3540 θειοτάτην
709 3470 805 3521 καὶ
853 3467 1231 3539 ἀληθεστάτην
1267 3465 1447 3519 εῐτουν
1494 3467 1953 3535 ἐπιστημονικὴν,

366 3560 444 3625 ὥς
485 3578 591 3614 που
636 3561 732 3614 καὶ
769 3559 1194 3631 παρεσημάνθη,
1230 3559 1374 3612 καθὰ
1409 3557 1568 3629 δῆλον
1601 3558 1697 3612 καὶ
1728 3559 1793 3612 ἐκ
1820 3558 1915 3612 τοῦ
1942 3578 1956 3592 ·

368 3654 571 3717 ειδότες
604 3653 684 3707 ὅτι
722 3653 751 3707 ό
788 3653 990 3724 Κύριός
1036 3653 1211 3706 ἐστιν.

2067 3471 2296 3541 guitur,
2350 3471 2886 3542 onmipotentissima
2937 3487 3163 3543 prorsus
3206 3485 3329 3543 est,
3383 3483 3645 3546 tanquam

2061 3561 2359 3615 maximum
2396 3562 2755 3633 principium,
2802 3566 2947 3634 quod
2979 3566 3032 3620 in
3064 3566 3310 3637 seipsum
3355 3582 3639 3639 nunquam

2061 3654 2326 3708 dividitur
2356 3663 2410 3709 et
2445 3657 2527 3710 sic
2558 3666 2645 3711 est
2693 3655 3036 3713 invincibile.
3061 3656 3178 3715 Hoc
3222 3670 3410 3715 autem
3435 3660 3645 3721 ειδότες

385 3753 659 3824 signiﬁcat
690 3752 910 3822 quidem
939 3751 1307 3822 cognitionem
1358 3765 1470 3805 non
1503 3749 1808 3822 simplicem
1861 3750 1956 3805 sed
1989 3748 2391 3806 divinissimam
2456 3754 2918 3823 verissimamque
2967 3755 3083 3810 sive
3139 3756 3531 3824 certissimam,
3589 3765 3652 3810 ut

375 3847 577 3904 alicubi
617 3854 987 3903 monstratum
1025 3854 1129 3908 est,
1164 3846 1312 3900 sicut
1360 3843 1586 3899 evidens
1639 3851 1725 3899 est
1776 3843 1943 3897 etiam
1974 3858 2041 3903 ex
2075 3844 2215 3899 hoc:
2250 3846 2456 3908 εἰδότες
2494 3846 2757 3916 quoniam
2791 3847 3057 3904 Dominus
3086 3859 3193 3905 est.

443 3952 572 3999 σνε’.
614 3942 872 4014 Αἰσχύνει
924 3942 981 3995 δέ
1029 3941 1179 4010 ἡμᾶς
1209 3939 1541 4010 deum“,
1574 3942 1736 4011 εἴπερ
1766 3939 1961 4010 ὁμολο-

370 4038 595 4109 γοῦντες
623 4036 823 4090 ειδέναι
877 4032 979 4102 τὴν
1032 4033 1343 4105 ἁγιωτάτην
1391 4032 1693 4105 Τριαδικὴν
1748 4033 1961 4092 οὐσίαν,

2141 3939 2275 3994 255.
2314 3939 2495 3995 Pudet
2525 3952 2705 3998 autem
2740 3958 2840 4000 nos
2876 3944 3194 4012 psallentes,
3231 3946 3500 4016 siquidem
3548 3966 3653 4006 no-

2075 4047 2231 4087 scere
2257 4032 2584 4089 coniitcntes
2612 4035 3030 4091 sanctissimam
3065 4035 3410 4109 Trinitatem,
3433 4043 3648 4111 qualem

371 4131 563 4186 ὁποίαν
608 4131 667 4182 ἐν
700 4128 776 4200 τῷ
818 4126 1050 4199 παρόντι
1089 4126 1197 4193 ὅλῳ
1231 4125 1422 4179 κανόνι
1461 4125 1808 4196 ἐμὲλψαμεν,
1842 4120 1964 4178 εἶτα

2067 4126 2121 4178 in
2175 4132 2288 4179 toto
2344 4128 2600 4195 praesenti
2668 4128 2917 4183 carmine
2965 4128 3395 4200 celebravimus,
3453 4132 3652 4189 deinde

371 4209 653 4294 λυποῦμῖεν
688 4222 747 4275 τὸ
782 4218 1010 4291 Πνεῦμα
1037 4219 1097 4271 τὸ
1131 4217 1314 4286 ἅγιον,
1350 4216 1837 4287 ἀλλοφρονοῠντες,
1870 4219 1964 4270 καὶ

2067 4216 2498 4271 coustristamur
2578 4217 2850 4287 Spiritum
2920 4230 3174 4274 sanctum
3248 4220 3431 4277 aliena
3499 4224 3650 4294 cogi-

373 4318 539 4387 σοφὸν
589 4314 946 4383 ἐπιστάμενοι
1001 4312 1093 4366 τὸν
1143 4312 1275 4364 Θεὸν
1327 4311 1421 4365 καὶ
1472 4310 1763 4380 σοφίζονται
1814 4312 1964 4381 ἡμᾶς

2069 4312 2284 4371 tantes;
2340 4308 2763 4377 sapientemque
2811 4323 2936 4364 esse
3005 4307 3173 4364 Deum
3228 4314 3647 4370 communicau-

376 4408 745 4481 μεταδοτικῶς
777 4405 866 4459 διὰ
893 4405 994 4475 τὴν
1020 4402 1185 4458 αὐτοῦ
1222 4402 1562 4472 ἀγαθότητα,
1605 4402 1961 4473 καθιστῶμεν

2065 4406 2287 4470 temque
2321 4402 2479 4456 nobis
2528 4402 2778 4459 bonitate
2805 4418 2906 4459 sua
2960 4406 3292 4475 sapientiam
3332 4421 3645 4482 noscentes,

374 4500 607 4563 ἑαυτοὺς
649 4499 893 4568 ἀσόφους
944 4498 1040 4551 καὶ
1081 4496 1382 4559 ἀσυνέτους
1421 4498 1516 4549 καὶ
1574 4494 1838 4565 ἄφρονας,
1886 4494 1962 4558 ὡς

2070 4507 2170 4547 nos
2205 4494 2355 4561 ipsos
2388 4494 2666 4551 reddimus
2694 4496 3043 4566 insipientes,
3066 4507 3122 4554 et
3157 4510 3426 4570 amentes,
3459 4513 3512 4558 et
3546 4505 3650 4560 im-

377 4590 825 4663 ἀνεπιγνώμονες
871 4588 969 4642 τοῦ
1009 4587 1212 4641 καλοῢο
1260 4587 1293 4658 ἢ
1339 4587 1540 4658 μᾶλλον
1587 4587 1962 4656 ἐπιγνώμονες

2070 4585 2393 4655 prudentes,
2418 4596 2677 4658 tanquam
2702 4590 2905 4643 bonum
2941 4588 3300 4660 ignorﬁmus:
3334 4594 3418 4649 vel
3440 4596 3646 4664 potius,

375 4686 500 4752 μὲν,
530 4682 806 4754 ἁμεληταὶ
838 4680 920 4749 δὲ,
964 4675 1046 4742 οἷς
1076 4679 1197 4732 οὐδὲ
1231 4680 1333 4748 μία
1361 4680 1542 4751 χάρις,
1575 4680 1697 4732 οὐδέ
1728 4681 1777 4733 εί
1806 4679 1963 4744 δοξάυ

2072 4679 2219 4734 illius
2245 4680 2468 4750 quidem
2498 4695 2690 4736 sumus
2722 4680 3062 4750 cognitores,
3088 4683 3183 4738 sed
3208 4699 3318 4739 non
3352 4701 3648 4759 memores,

376 4777 544 4847 ζομεν
574 4775 665 4828 τὸν
697 4774 853 4841 Θεὸν,
895 4769 1039 4825 οὕτω
1070 4770 1262 4839 φαῦλοι
1293 4770 1467 4834 ὄντες,
1502 4771 1596 4822 καὶ
1625 4769 1831 4840 χείλεσι
1865 4771 1966 4840 μὲν

376 4867 646 4939 τιμῶντες
680 4864 775 4920 καὶ
801 4864 1136 4935 ἐγγίζοντες,
1175 4865 1247 4934 στῇ
1273 4863 1329 4915 δὲ
1359 4863 1557 4933 καρδίᾳ
1606 4862 1797 4935 πόρρω
1827 4864 1965 4915 ἀπέ-

378 4976 563 5029 χοντες
591 4956 686 5013 ἀπ’
739 4955 905 5012 αὐτοῦ
928 4971 946 4989 ⁸
1002 4955 1100 5009 καὶ
1124 4955 1197 5008 δι’
1220 4954 1355 5008 αὐτὸ
1390 4956 1487 5024 τῆς
1545 4954 1643 5024 μὲν
1692 4953 1836 5013 καθὰ
1873 4954 1967 5006 καὶ

378 5051 705 5121 προεγράφη
751 5046 1091 5127 τριφεγγούς
1131 5045 1165 5118 ἢ
1207 5047 1385 5111 ἄλλως
1432 5047 1732 5116 τριφέγγου
1778 5044 1967 5108 οὐσίας

380 5142 792 5212 ἀφοριζόμενοι,
819 5139 897 5210 τῷ
925 5140 982 5194 δὲ
1013 5140 1333 5210 ἀπευκταίῳ
1362 5139 1565 5209 αίωνίῳ
1587 5139 1764 5209 σκότῳ
1792 5156 1968 5209 παρα-

379 5231 748 5302 πεμπόμενοι,
797 5225 874 5285 ὧν
914 5225 999 5295 εἷς
1031 5231 1132 5284 καὶ
1163 5229 1275 5298 ἐγὼ
1307 5229 1493 5297 αὐτὸς,
1530 5230 1559 5282 ό
1589 5230 1677 5282 διὰ
1706 5229 1964 5283 τοσούτου

385 5327 482 5394 μέν
513 5324 692 5395 φωτὸς
721 5323 848 5393 ᾶρτι
878 5322 1073 5389 ἐλθὼν,
1104 5325 1357 5386 σκοταῖος
1378 5322 1435 5376 δέ
1458 5322 1535 5375 ὢν
1566 5323 1686 5385 ὅλος
1720 5321 1815 5377 καὶ
1846 5325 1968 5386 ταῖς

383 5413 590 5468 ἐκεῖθεν
616 5417 912 5485 προσήκων
942 5414 1251 5469 κολάσεσιν.
1312 5413 1474 5469 Ἀλλά
1509 5413 1584 5485 μὴ
1618 5415 1741 5482 ἐμὲ,
1770 5413 1966 5484 Κύριε,

389 5507 462 5577 μὴ
494 5506 616 5575 ἐμὲ,
648 5506 785 5561 ἀλλὰ
813 5507 908 5559 τὸν
959 5506 1034 5577 μὴ
1068 5507 1370 5562 πεποιθότα
1412 5509 1506 5562 ἐπὶ
1540 5509 1618 5573 σέ,
1652 5511 1746 5562 καὶ
1781 5509 1965 5579 μόνον,

384 5598 520 5666 ἄφες
555 5600 811 5653 ἐκπεσεῖν
844 5598 952 5652 ἀπὸ
980 5599 1096 5653 σοῦ.

460 5689 697 5755 Ἥνυσα,
747 5684 793 5742 ὢ
843 5690 1021 5759 φίλος,
1060 5691 1120 5744 τὸ
1169 5690 1331 5762 ἔργον
1384 5691 1459 5754 ὼς
1510 5690 1815 5757 ἐπέταξαςο
1870 5693 1964 5744 καὶ

383 5779 595 5847 γένοιτο
640 5781 875 5849 ἀρέσκον
909 5783 1044 5835 αὐτὸ
1092 5783 1346 5853 φανῆναι,
1398 5783 1485 5836 ἵνα
1535 5784 1730 5852 μισθὸν
1774 5784 1966 5854 ἄρκιον

382 5868 626 5941 ληψομαι
651 5910 667 5935 ,
692 5870 790 5942 τὴν
822 5872 921 5943 σὴν
939 5872 1098 5940 ἁγίαν
1128 5874 1294 5945 εὐχήν
1313 5893 1327 5908 ·
1357 5876 1423 5944 ἣν
1447 5874 1542 5927 καὶ
1563 5876 1648 5940 εἴη
1678 5874 1969 5945 ἐκπληρῶν

386 5958 417 6010 ὁ
452 5957 608 6025 Θεὸς,
636 5962 663 6014 ό
683 5958 758 6016 ὢν
791 5962 1083 6034 εὐλογητὸς
1116 5966 1197 6028 εἰς
1222 5965 1351 6029 τοὺς
1381 5964 1602 6033 αἰῶνας.
1629 5964 1824 6037 ’Λμήν.

2070 4786 2136 4824 eo
2190 4771 2333 4841 quod
2365 4786 2471 4827 non
2537 4780 2622 4827 est
2668 4772 2779 4826 ulla
2832 4773 3032 4844 gratia,
3092 4773 3222 4829 licet
3280 4775 3653 4845 gloriticemus

2074 4864 2266 4927 Deum,
2306 4862 2381 4917 ita
2411 4864 2536 4919 facti
2573 4863 2731 4929 viles,
2766 4863 2925 4919 labiis
2952 4865 3173 4935 quidem
3217 4867 3549 4927 honorantes
3598 4882 3656 4927 et

2072 4954 2523 5031 propinquantes,
2571 4956 2669 5011 sed
2703 4956 2772 5011 ab
2800 4956 2894 5014 illo
2925 4972 3021 5013 cor
3054 4959 3242 5027 procul
3274 4960 3573 5029 habentes;
3602 4973 3655 5019 et

2073 5048 2197 5101 ideo
2220 5048 2287 5103 ab
2318 5047 2439 5110 hac,
2476 5048 2619 5103 sicut
2673 5048 2881 5104 dictum
2909 5058 3013 5115 est,
3070 5053 3367 5120 τριφεγγετ
3394 5061 3490 5108 aut
3518 5055 3654 5112 alias

2073 5138 2358 5209 τριφέγγῳ
2407 5139 2728 5196 subStantia
2747 5141 3041 5212 segregati,
3079 5142 3332 5199 horribili
3390 5160 3521 5202 vero
3568 5155 3653 5203 te-

2073 5227 2364 5281 nebraruut
2394 5228 2596 5283 saeculo
2620 5230 2883 5301 relegati;
2914 5245 3154 5302 quorum
3189 5247 3330 5289 unus
3364 5250 3468 5306 ego
3501 5251 3648 5304 sum,

2073 5318 2167 5390 qui
2226 5335 2322 5389 per
2379 5329 2587 5375 tantam
2634 5323 2859 5392 quidem
2913 5323 3092 5378 lucem
3137 5340 3289 5380 nunc
3323 5327 3472 5395 veni,
3504 5336 3653 5383 totus

2071 5422 2254 5465 autem
2309 5414 2633 5470 tenebrosus
2694 5427 2841 5480 sum,
2882 5424 2936 5470 et
3004 5414 3200 5471 exinde
3274 5418 3654 5487 punitioniltus
3708 5446 3719 5457 κ

2069 5503 2367 5559 obnoxius.
2398 5505 2655 5560 Attamen
2689 5519 2796 5560 non
2833 5520 2944 5572 me,
2976 5505 3228 5575 Domine,
3262 5523 3372 5564 non
3414 5526 3523 5578 me,
3555 5519 3653 5587 sed

2072 5597 2127 5650 in
2154 5605 2208 5650 te
2248 5610 2355 5650 non
2387 5597 2753 5653 conﬁdentem
2802 5598 2979 5654 solum
3029 5615 3060 5654 ιι
3112 5607 3165 5656 te
3188 5603 3342 5657 sinas
3378 5603 3651 5660 excidere.

2146 5687 2349 5755 Finivi,
2397 5689 2620 5754 dilecte,
2673 5705 2834 5761 opus,
2888 5700 2947 5746 ut
2980 5690 3194 5761 inasistl
3233 5709 3246 5745 :
3293 5692 3506 5748 utinam
3552 5696 3657 5751 hoc

2078 5772 2301 5849 placens
2333 5792 2617 5851 appar-eat,
2646 5793 2705 5838 ut
2745 5784 3055 5841 mercedem
3096 5784 3516 5839 convenientem
3560 5801 3655 5839 ae-

2074 5874 2302 5944 cipiam,
2327 5883 2447 5929 tuas
2475 5887 2696 5930 sanctas
2729 5890 2956 5945 preces;
2987 5889 3126 5947 quas
3154 5875 3454 5946 adimplcat
3489 5876 3656 5945 Deus,

2073 5966 2166 6038 qui
2205 5967 2528 6043 benedictus
2554 5969 2723 6051 estin
2748 5969 2972 6045 menta.
3010 5970 3207 6025 Amen.
