  <div class='ocr_page' id='page_1' title='image "/cluster/home/n/w/nwhite01/storage/ocr_20150623/136/coo.31924054870419/383.png"; bbox 0 0 4034 6400; ppageno 0'>
   <div class='ocr_carea' id='block_1_1' title="bbox 423 421 3663 478">
    <p class='ocr_par' dir='ltr' id='par_1_1' title="bbox 423 421 3663 478">
     <span class='ocr_line' id='line_1_1' title="bbox 423 421 3663 478; baseline -0.005 0"><span class='ocrx_word' id='word_1_1' title='bbox 423 421 3663 478; x_wconf 48' lang='grc' dir='ltr'>ω</span> 
     </span>
    </p>
   </div>
   <div class='ocr_carea' id='block_1_2' title="bbox 1658 590 2431 638">
    <p class='ocr_par' dir='ltr' id='par_1_2' title="bbox 1658 590 2431 638">
     <span class='ocr_line' id='line_1_2' title="bbox 1658 590 2431 638; baseline -0.008 0"><span class='ocrx_word' id='word_1_2' title='bbox 1658 592 2011 638; x_wconf 78' lang='lat' dir='ltr'><strong>DESINENTE</strong></span> <span class='ocrx_word' id='word_1_3' title='bbox 2041 590 2289 638; x_wconf 68' lang='lat' dir='ltr'><strong>SECULO</strong></span> <span class='ocrx_word' id='word_1_4' title='bbox 2320 591 2408 634; x_wconf 76' lang='lat' dir='ltr'><strong>Ill</strong></span> <span class='ocrx_word' id='word_1_5' title='bbox 2421 622 2431 633; x_wconf 95' lang='lat'><strong>.</strong></span> 
     </span>
    </p>
   </div>
   <div class='ocr_carea' id='block_1_3' title="bbox 1044 586 2853 972">
    <p class='ocr_par' dir='ltr' id='par_1_3' title="bbox 1223 590 2853 972">
     <span class='ocr_line' id='line_1_3' title="bbox 1223 590 2853 972; baseline -0.004 -4"><span class='ocrx_word' id='word_1_6' title='bbox 1223 590 2853 972; x_wconf 56' lang='grc' dir='ltr'><strong>Ευὶῗῖἶῖῗιῖᾗυδ</strong></span> 
     </span>
    </p>
   </div>
   <div class='ocr_carea' id='block_1_4' title="bbox 541 1019 3620 1362">
    <p class='ocr_par' dir='ltr' id='par_1_4' title="bbox 541 1019 3620 1362">
     <span class='ocr_line' id='line_1_4' title="bbox 541 1019 3620 1362; baseline -0.005 -88"><span class='ocrx_word' id='word_1_7' title='bbox 541 1103 3518 1362; x_wconf 77' lang='lat' dir='ltr'><strong>NEOPATRARUM_METROPOLITA.</strong></span> <span class='ocrx_word' id='word_1_8' title='bbox 3615 1019 3620 1024; x_wconf 65' lang='grc'><em>’</em></span> 
     </span>
    </p>
   </div>
   <div class='ocr_carea' id='block_1_5' title="bbox 1705 1441 2362 1558">
    <p class='ocr_par' dir='ltr' id='par_1_5' title="bbox 1705 1441 2362 1558">
     <span class='ocr_line' id='line_1_5' title="bbox 1705 1441 2362 1558; baseline -0.003 -1"><span class='ocrx_word' id='word_1_9' title='bbox 1705 1441 2362 1558; x_wconf 89' lang='lat' dir='ltr'><strong>NOTlTlA.</strong></span> 
     </span>
    </p>
   </div>
   <div class='ocr_carea' id='block_1_6' title="bbox 1388 1665 2693 1730">
    <p class='ocr_par' dir='ltr' id='par_1_6' title="bbox 1388 1665 2693 1730">
     <span class='ocr_line' id='line_1_6' title="bbox 1388 1665 2693 1730; baseline -0.002 -13"><span class='ocrx_word' id='word_1_10' title='bbox 1388 1666 1546 1728; x_wconf 74' lang='lat' dir='ltr'><strong>(Tafol</strong></span> <span class='ocrx_word' id='word_1_11' title='bbox 1576 1667 1653 1720; x_wconf 90' lang='lat' dir='ltr'><strong>De</strong></span> <span class='ocrx_word' id='word_1_12' title='bbox 1681 1667 2034 1718; x_wconf 76' lang='lat' dir='ltr'><strong>Thessalonica</strong></span> <span class='ocrx_word' id='word_1_13' title='bbox 2066 1668 2277 1730; x_wconf 85' lang='lat' dir='ltr'><strong>ejusqne</strong></span> <span class='ocrx_word' id='word_1_14' title='bbox 2310 1679 2446 1730; x_wconf 81' lang='lat' dir='ltr'><strong>agro,</strong></span> <span class='ocrx_word' id='word_1_15' title='bbox 2490 1681 2540 1730; x_wconf 91' lang='lat' dir='ltr'><strong>p.</strong></span> <span class='ocrx_word' id='word_1_16' title='bbox 2563 1665 2693 1727; x_wconf 77' lang='grc'>592.)</span> 
     </span>
    </p>
   </div>
   <div class='ocr_carea' id='block_1_7' title="bbox 484 1835 3676 1916">
    <p class='ocr_par' dir='ltr' id='par_1_7' title="bbox 484 1835 3676 1916">
     <span class='ocr_line' id='line_1_7' title="bbox 484 1835 3676 1916; baseline -0.002 -18"><span class='ocrx_word' id='word_1_17' title='bbox 484 1843 762 1916; x_wconf 81' lang='lat' dir='ltr'><strong>Euthymii</strong></span> <span class='ocrx_word' id='word_1_18' title='bbox 788 1843 1171 1914; x_wconf 82' lang='lat' dir='ltr'><strong>Eustathiique</strong></span> <span class='ocrx_word' id='word_1_19' title='bbox 1193 1841 1518 1906; x_wconf 75' lang='lat' dir='ltr'><strong>amicitiam,</strong></span> <span class='ocrx_word' id='word_1_20' title='bbox 1543 1857 1708 1910; x_wconf 83' lang='lat' dir='ltr'><strong>quam</strong></span> <span class='ocrx_word' id='word_1_21' title='bbox 1739 1843 2138 1910; x_wconf 90' lang='lat' dir='ltr'><strong>permultarum</strong></span> <span class='ocrx_word' id='word_1_22' title='bbox 2180 1843 2534 1912; x_wconf 80' lang='lat' dir='ltr'><strong>epistolarutn</strong></span> <span class='ocrx_word' id='word_1_23' title='bbox 2565 1837 2897 1895; x_wconf 88' lang='lat' dir='ltr'><strong>commercio</strong></span> <span class='ocrx_word' id='word_1_24' title='bbox 2925 1851 3022 1892; x_wconf 91' lang='lat' dir='ltr'><strong>eos</strong></span> <span class='ocrx_word' id='word_1_25' title='bbox 3060 1835 3264 1892; x_wconf 79' lang='lat' dir='ltr'><strong>fovisse</strong></span> <span class='ocrx_word' id='word_1_26' title='bbox 3319 1851 3385 1892; x_wconf 77' lang='lat' dir='ltr'><strong>ex</strong></span> <span class='ocrx_word' id='word_1_27' title='bbox 3423 1835 3676 1892; x_wconf 80' lang='lat' dir='ltr'><strong>Monodia</strong></span> 
     </span>
    </p>
   </div>
   <div class='ocr_carea' id='block_1_8' title="bbox 425 1925 3671 2002">
    <p class='ocr_par' dir='ltr' id='par_1_8' title="bbox 425 1925 3671 2002">
     <span class='ocr_line' id='line_1_8' title="bbox 425 1925 3671 2002; baseline -0.002 -17"><span class='ocrx_word' id='word_1_28' title='bbox 425 1931 566 1986; x_wconf 77' lang='lat' dir='ltr'><strong>inira</strong></span> <span class='ocrx_word' id='word_1_29' title='bbox 596 1933 745 1986; x_wconf 88' lang='lat' dir='ltr'><strong>edita</strong></span> <span class='ocrx_word' id='word_1_30' title='bbox 776 1933 1062 1996; x_wconf 91' lang='lat' dir='ltr'><strong>discimus,</strong></span> <span class='ocrx_word' id='word_1_31' title='bbox 1102 1940 1297 2002; x_wconf 64' lang='lat' dir='ltr'><strong>praeter</strong></span> <span class='ocrx_word' id='word_1_32' title='bbox 1329 1941 1572 1987; x_wconf 89' lang='lat' dir='ltr'><strong>nostram</strong></span> <span class='ocrx_word' id='word_1_33' title='bbox 1602 1930 1905 1984; x_wconf 89' lang='lat' dir='ltr'><strong>orationem</strong></span> <span class='ocrx_word' id='word_1_34' title='bbox 1949 1933 2186 1985; x_wconf 70' lang='lat' dir='ltr'><strong>maxime</strong></span> <span class='ocrx_word' id='word_1_35' title='bbox 2212 1938 2490 1984; x_wconf 89' lang='lat' dir='ltr'><strong>testantur</strong></span> <span class='ocrx_word' id='word_1_36' title='bbox 2533 1928 2654 1981; x_wconf 76' lang='lat' dir='ltr'><strong>dua:</strong></span> <span class='ocrx_word' id='word_1_37' title='bbox 2690 1927 2763 2002; x_wconf 91' lang='lat' dir='ltr'><strong>i_l|i</strong></span> <span class='ocrx_word' id='word_1_38' title='bbox 2794 1925 2864 1980; x_wconf 90' lang='lat' dir='ltr'><strong>ab</strong></span> <span class='ocrx_word' id='word_1_39' title='bbox 2898 1925 3186 1981; x_wconf 85' lang='lat' dir='ltr'><strong>Eustathio</strong></span> <span class='ocrx_word' id='word_1_40' title='bbox 3217 1925 3356 1980; x_wconf 72' lang='lat' dir='ltr'><strong>data:</strong></span> <span class='ocrx_word' id='word_1_41' title='bbox 3408 1927 3671 1994; x_wconf 64' lang='lat' dir='ltr'><strong>epistolae.</strong></span> 
     </span>
    </p>
   </div>
   <div class='ocr_carea' id='block_1_9' title="bbox 417 1997 3670 2090">
    <p class='ocr_par' dir='ltr' id='par_1_9' title="bbox 417 1997 3670 2090">
     <span class='ocr_line' id='line_1_9' title="bbox 417 1997 3670 2090; baseline -0.002 -18"><span class='ocrx_word' id='word_1_42' title='bbox 417 2019 647 2090; x_wconf 72' lang='lat' dir='ltr'><strong>Reliqua</strong></span> <span class='ocrx_word' id='word_1_43' title='bbox 686 2021 848 2088; x_wconf 82' lang='lat' dir='ltr'><strong>huius</strong></span> <span class='ocrx_word' id='word_1_44' title='bbox 879 1997 1133 2075; x_wconf 65' lang='lat' dir='ltr'><strong>amicitia:</strong></span> <span class='ocrx_word' id='word_1_45' title='bbox 1168 2029 1527 2074; x_wconf 88' lang='lat' dir='ltr'><strong>monumenta</strong></span> <span class='ocrx_word' id='word_1_46' title='bbox 1557 2019 1908 2073; x_wconf 88' lang='lat' dir='ltr'><strong>intercidisse</strong></span> <span class='ocrx_word' id='word_1_47' title='bbox 1931 2019 2208 2074; x_wconf 78' lang='lat' dir='ltr'><strong>videntur.</strong></span> <span class='ocrx_word' id='word_1_48' title='bbox 2237 2015 2363 2071; x_wconf 85' lang='lat' dir='ltr'><strong>Fuit</strong></span> <span class='ocrx_word' id='word_1_49' title='bbox 2395 2027 2580 2072; x_wconf 91' lang='lat' dir='ltr'><strong>autem</strong></span> <span class='ocrx_word' id='word_1_50' title='bbox 2611 1997 2960 2085; x_wconf 69' lang='lat' dir='ltr'><strong>Euthymius,</strong></span> <span class='ocrx_word' id='word_1_51' title='bbox 3015 2026 3076 2069; x_wconf 94' lang='lat' dir='ltr'><strong>ut</strong></span> <span class='ocrx_word' id='word_1_52' title='bbox 3131 2012 3476 2078; x_wconf 75' lang='lat' dir='ltr'><strong>Eustathius,</strong></span> <span class='ocrx_word' id='word_1_53' title='bbox 3509 2014 3670 2083; x_wconf 76' lang='lat' dir='ltr'><strong>Cpnli</strong></span> 
     </span>
    </p>
   </div>
   <div class='ocr_carea' id='block_1_10' title="bbox 410 2103 3674 2176">
    <p class='ocr_par' dir='ltr' id='par_1_10' title="bbox 410 2103 3674 2176">
     <span class='ocr_line' id='line_1_10' title="bbox 410 2103 3674 2176; baseline -0.001 -18"><span class='ocrx_word' id='word_1_54' title='bbox 410 2107 470 2160; x_wconf 89' lang='lat' dir='ltr'><strong>in</strong></span> <span class='ocrx_word' id='word_1_55' title='bbox 506 2106 701 2161; x_wconf 87' lang='lat' dir='ltr'><strong>litteris</strong></span> <span class='ocrx_word' id='word_1_56' title='bbox 723 2106 992 2170; x_wconf 87' lang='lat' dir='ltr'><strong>eruditus,</strong></span> <span class='ocrx_word' id='word_1_57' title='bbox 1018 2107 1216 2161; x_wconf 88' lang='lat' dir='ltr'><strong>deinde</strong></span> <span class='ocrx_word' id='word_1_58' title='bbox 1251 2105 1320 2158; x_wconf 85' lang='lat' dir='ltr'><strong>ad</strong></span> <span class='ocrx_word' id='word_1_59' title='bbox 1351 2107 1611 2159; x_wconf 89' lang='lat' dir='ltr'><strong>thronutn</strong></span> <span class='ocrx_word' id='word_1_60' title='bbox 1641 2103 2038 2174; x_wconf 81' lang='lat' dir='ltr'><strong>NeOpatrarum</strong></span> <span class='ocrx_word' id='word_1_61' title='bbox 2077 2105 2555 2176; x_wconf 65' lang='lat' dir='ltr'><strong>metropolitanum</strong></span> <span class='ocrx_word' id='word_1_62' title='bbox 2584 2114 2831 2170; x_wconf 81' lang='lat' dir='ltr'><strong>evectus,</strong></span> <span class='ocrx_word' id='word_1_63' title='bbox 2864 2112 2988 2172; x_wconf 90' lang='lat' dir='ltr'><strong>post</strong></span> <span class='ocrx_word' id='word_1_64' title='bbox 3020 2103 3284 2168; x_wconf 91' lang='lat' dir='ltr'><strong>medium,</strong></span> <span class='ocrx_word' id='word_1_65' title='bbox 3318 2113 3469 2172; x_wconf 90' lang='lat' dir='ltr'><strong>puto,</strong></span> <span class='ocrx_word' id='word_1_66' title='bbox 3498 2119 3674 2156; x_wconf 66' lang='lat' dir='ltr'><strong>saecu-</strong></span> 
     </span>
    </p>
   </div>
   <div class='ocr_carea' id='block_1_11' title="bbox 417 2190 3676 2263">
    <p class='ocr_par' dir='ltr' id='par_1_11' title="bbox 417 2190 3676 2263">
     <span class='ocr_line' id='line_1_11' title="bbox 417 2190 3676 2263; baseline -0.002 -18"><span class='ocrx_word' id='word_1_67' title='bbox 417 2196 528 2246; x_wconf 89' lang='lat' dir='ltr'><strong>lum</strong></span> <span class='ocrx_word' id='word_1_68' title='bbox 562 2194 962 2249; x_wconf 79' lang='lat' dir='ltr'><strong>tluodecimum.</strong></span> <span class='ocrx_word' id='word_1_69' title='bbox 1001 2195 1296 2248; x_wconf 86' lang='lat' dir='ltr'><strong>Eustathio</strong></span> <span class='ocrx_word' id='word_1_70' title='bbox 1328 2206 1456 2248; x_wconf 83' lang='lat' dir='ltr'><strong>natu</strong></span> <span class='ocrx_word' id='word_1_71' title='bbox 1484 2195 1768 2263; x_wconf 84' lang='lat' dir='ltr'><strong>aliquanto</strong></span> <span class='ocrx_word' id='word_1_72' title='bbox 1825 2194 2086 2262; x_wconf 87' lang='lat' dir='ltr'><strong>majorem</strong></span> <span class='ocrx_word' id='word_1_73' title='bbox 2145 2193 2319 2249; x_wconf 79' lang='lat' dir='ltr'><strong>fuisse</strong></span> <span class='ocrx_word' id='word_1_74' title='bbox 2379 2191 2628 2261; x_wconf 86' lang='lat' dir='ltr'><strong>conjicio</strong></span> <span class='ocrx_word' id='word_1_75' title='bbox 2657 2206 2719 2244; x_wconf 79' lang='lat' dir='ltr'><strong>ex</strong></span> <span class='ocrx_word' id='word_1_76' title='bbox 2753 2191 2838 2246; x_wconf 88' lang='lat' dir='ltr'><strong>his</strong></span> <span class='ocrx_word' id='word_1_77' title='bbox 2895 2205 3018 2263; x_wconf 71' lang='lat' dir='ltr'><strong>qua:</strong></span> <span class='ocrx_word' id='word_1_78' title='bbox 3048 2191 3115 2245; x_wconf 90' lang='lat' dir='ltr'><strong>de</strong></span> <span class='ocrx_word' id='word_1_79' title='bbox 3153 2206 3220 2245; x_wconf 93' lang='lat' dir='ltr'><strong>eo</strong></span> <span class='ocrx_word' id='word_1_80' title='bbox 3249 2190 3402 2245; x_wconf 81' lang='lat' dir='ltr'><strong>aﬂ‘ert</strong></span> <span class='ocrx_word' id='word_1_81' title='bbox 3443 2190 3676 2244; x_wconf 75' lang='lat' dir='ltr'><strong>Michael</strong></span> 
     </span>
    </p>
   </div>
   <div class='ocr_carea' id='block_1_12' title="bbox 415 2278 3670 2349">
    <p class='ocr_par' dir='ltr' id='par_1_12' title="bbox 415 2278 3670 2349">
     <span class='ocr_line' id='line_1_12' title="bbox 415 2278 3670 2349; baseline -0.002 -15"><span class='ocrx_word' id='word_1_82' title='bbox 415 2279 747 2349; x_wconf 83' lang='lat' dir='ltr'><strong>Lequienius</strong></span> <span class='ocrx_word' id='word_1_83' title='bbox 778 2281 832 2334; x_wconf 91' lang='lat' dir='ltr'><strong>in</strong></span> <span class='ocrx_word' id='word_1_84' title='bbox 870 2279 1089 2336; x_wconf 79' lang='lat' dir='ltr'><strong>Oriente</strong></span> <span class='ocrx_word' id='word_1_85' title='bbox 1111 2279 1435 2343; x_wconf 79' lang='lat' dir='ltr'><strong>Christiano,</strong></span> <span class='ocrx_word' id='word_1_86' title='bbox 1464 2280 1574 2335; x_wconf 89' lang='lat' dir='ltr'><strong>vol.</strong></span> <span class='ocrx_word' id='word_1_87' title='bbox 1602 2279 1668 2345; x_wconf 88' lang='lat' dir='ltr'><strong>ll,</strong></span> <span class='ocrx_word' id='word_1_88' title='bbox 1698 2294 1821 2349; x_wconf 69' lang='lat' dir='ltr'><strong>pag.</strong></span> <span class='ocrx_word' id='word_1_89' title='bbox 1859 2278 1985 2343; x_wconf 72' lang='grc'><strong>125,</strong></span> <span class='ocrx_word' id='word_1_90' title='bbox 2027 2280 2151 2346; x_wconf 67' lang='grc' dir='ltr'><strong>ηδ,</strong></span> <span class='ocrx_word' id='word_1_91' title='bbox 2192 2281 2282 2336; x_wconf 89' lang='lat' dir='ltr'><strong>ubi</strong></span> <span class='ocrx_word' id='word_1_92' title='bbox 2345 2281 2617 2335; x_wconf 76' lang='lat' dir='ltr'><strong>Novarum</strong></span> <span class='ocrx_word' id='word_1_93' title='bbox 2676 2278 2966 2334; x_wconf 86' lang='lat' dir='ltr'><strong>Patrarum</strong></span> <span class='ocrx_word' id='word_1_94' title='bbox 3028 2281 3359 2348; x_wconf 84' lang='lat' dir='ltr'><strong>metrOpolin</strong></span> <span class='ocrx_word' id='word_1_95' title='bbox 3416 2282 3670 2346; x_wconf 80' lang='lat' dir='ltr'><strong>exponit,</strong></span> 
     </span>
    </p>
   </div>
   <div class='ocr_carea' id='block_1_13' title="bbox 412 2366 3671 2439">
    <p class='ocr_par' dir='ltr' id='par_1_13' title="bbox 412 2366 3671 2439">
     <span class='ocr_line' id='line_1_13' title="bbox 412 2366 3671 2439; baseline -0.002 -15"><span class='ocrx_word' id='word_1_96' title='bbox 412 2369 685 2438; x_wconf 90' lang='lat' dir='ltr'><strong>simulque</strong></span> <span class='ocrx_word' id='word_1_97' title='bbox 717 2369 786 2424; x_wconf 90' lang='lat' dir='ltr'><strong>de</strong></span> <span class='ocrx_word' id='word_1_98' title='bbox 816 2379 1003 2424; x_wconf 92' lang='lat' dir='ltr'><strong>nostro</strong></span> <span class='ocrx_word' id='word_1_99' title='bbox 1039 2369 1330 2439; x_wconf 87' lang='lat' dir='ltr'><strong>Euthymio</strong></span> <span class='ocrx_word' id='word_1_100' title='bbox 1359 2369 1802 2438; x_wconf 86' lang='lat' dir='ltr'><strong>scriptorumque</strong></span> <span class='ocrx_word' id='word_1_101' title='bbox 1837 2366 1956 2435; x_wconf 91' lang='lat' dir='ltr'><strong>ejus</strong></span> <span class='ocrx_word' id='word_1_102' title='bbox 1987 2370 2233 2438; x_wconf 82' lang='lat' dir='ltr'><strong>vestigiis</strong></span> <span class='ocrx_word' id='word_1_103' title='bbox 2263 2368 2397 2438; x_wconf 81' lang='lat' dir='ltr'><strong>agit.</strong></span> <span class='ocrx_word' id='word_1_104' title='bbox 2429 2367 2659 2434; x_wconf 87' lang='lat' dir='ltr'><strong>Quando</strong></span> <span class='ocrx_word' id='word_1_105' title='bbox 2689 2368 3106 2432; x_wconf 82' lang='lat' dir='ltr'><strong>diem&#39;obierit,</strong></span> <span class='ocrx_word' id='word_1_106' title='bbox 3166 2367 3406 2420; x_wconf 87' lang='lat' dir='ltr'><strong>nondum</strong></span> <span class='ocrx_word' id='word_1_107' title='bbox 3463 2369 3671 2418; x_wconf 63' lang='lat' dir='ltr'><strong>inveni.</strong></span> 
     </span>
    </p>
   </div>
   <div class='ocr_carea' id='block_1_14' title="bbox 412 2453 3678 2526">
    <p class='ocr_par' dir='ltr' id='par_1_14' title="bbox 412 2453 3678 2526">
     <span class='ocr_line' id='line_1_14' title="bbox 412 2453 3678 2526; baseline -0.002 -15"><span class='ocrx_word' id='word_1_108' title='bbox 412 2457 599 2511; x_wconf 84' lang='lat' dir='ltr'><strong>Putem</strong></span> <span class='ocrx_word' id='word_1_109' title='bbox 628 2465 832 2524; x_wconf 87' lang='lat' dir='ltr'><strong>tamen,</strong></span> <span class='ocrx_word' id='word_1_110' title='bbox 865 2460 968 2513; x_wconf 88' lang='lat' dir='ltr'><strong>hoe</strong></span> <span class='ocrx_word' id='word_1_111' title='bbox 998 2458 1198 2513; x_wconf 79' lang='lat' dir='ltr'><strong>factum</strong></span> <span class='ocrx_word' id='word_1_112' title='bbox 1229 2470 1350 2512; x_wconf 82' lang='lat' dir='ltr'><strong>esse</strong></span> <span class='ocrx_word' id='word_1_113' title='bbox 1378 2456 1589 2512; x_wconf 82' lang='lat' dir='ltr'><strong>ultimis</strong></span> <span class='ocrx_word' id='word_1_114' title='bbox 1621 2455 1804 2512; x_wconf 73' lang='lat' dir='ltr'><strong>saeculi</strong></span> <span class='ocrx_word' id='word_1_115' title='bbox 1835 2469 1913 2510; x_wconf 79' lang='lat' dir='ltr'><strong>xu</strong></span> <span class='ocrx_word' id='word_1_116' title='bbox 1941 2456 2123 2522; x_wconf 86' lang='lat' dir='ltr'><strong>annis,</strong></span> <span class='ocrx_word' id='word_1_117' title='bbox 2149 2457 2299 2512; x_wconf 83' lang='lat' dir='ltr'><strong>brevi</strong></span> <span class='ocrx_word' id='word_1_118' title='bbox 2330 2465 2455 2526; x_wconf 88' lang='lat' dir='ltr'><strong>post</strong></span> <span class='ocrx_word' id='word_1_119' title='bbox 2481 2457 2829 2510; x_wconf 82' lang='lat' dir='ltr'><strong>Eustathium</strong></span> <span class='ocrx_word' id='word_1_120' title='bbox 2869 2470 3053 2522; x_wconf 89' lang='lat' dir='ltr'><strong>suum,</strong></span> <span class='ocrx_word' id='word_1_121' title='bbox 3079 2457 3164 2510; x_wconf 91' lang='lat' dir='ltr'><strong>cui</strong></span> <span class='ocrx_word' id='word_1_122' title='bbox 3185 2455 3394 2509; x_wconf 86' lang='lat' dir='ltr'><strong>honora</strong></span> <span class='ocrx_word' id='word_1_123' title='bbox 3425 2453 3678 2506; x_wconf 85' lang='lat' dir='ltr'><strong>oratione</strong></span> 
     </span>
    </p>
   </div>
   <div class='ocr_carea' id='block_1_15' title="bbox 416 2546 1044 2614">
    <p class='ocr_par' dir='ltr' id='par_1_15' title="bbox 416 2546 1044 2614">
     <span class='ocr_line' id='line_1_15' title="bbox 416 2546 1044 2614; baseline 0.003 -16"><span class='ocrx_word' id='word_1_124' title='bbox 416 2554 737 2614; x_wconf 84' lang='lat' dir='ltr'><strong>parentasse</strong></span> <span class='ocrx_word' id='word_1_125' title='bbox 768 2546 1014 2601; x_wconf 82' lang='lat' dir='ltr'><strong>videmus</strong></span> <span class='ocrx_word' id='word_1_126' title='bbox 1028 2585 1044 2600; x_wconf 96' lang='lat'><strong>.</strong></span> 
     </span>
    </p>
   </div>
   <div class='ocr_carea' id='block_1_16' title="bbox 491 2630 3676 2706">
    <p class='ocr_par' dir='ltr' id='par_1_16' title="bbox 491 2630 3676 2706">
     <span class='ocr_line' id='line_1_16' title="bbox 491 2630 3676 2706; baseline -0.002 -19"><span class='ocrx_word' id='word_1_127' title='bbox 491 2632 662 2688; x_wconf 84' lang='lat' dir='ltr'><strong>Sedes</strong></span> <span class='ocrx_word' id='word_1_128' title='bbox 695 2634 816 2701; x_wconf 87' lang='lat' dir='ltr'><strong>ejus</strong></span> <span class='ocrx_word' id='word_1_129' title='bbox 845 2632 1183 2698; x_wconf 81' lang='lat' dir='ltr'><strong>Thessalica,</strong></span> <span class='ocrx_word' id='word_1_130' title='bbox 1235 2633 1392 2690; x_wconf 73' lang='lat' dir='ltr'><strong>Nam</strong></span> <span class='ocrx_word' id='word_1_131' title='bbox 1413 2634 1614 2700; x_wconf 72' lang='lat' dir='ltr'><strong>Patraz,</strong></span> <span class='ocrx_word' id='word_1_132' title='bbox 1646 2649 1786 2706; x_wconf 86' lang='lat' dir='ltr'><strong>quos</strong></span> <span class='ocrx_word' id='word_1_133' title='bbox 1815 2633 2130 2690; x_wconf 78' lang='lat' dir='ltr'><strong>conditores</strong></span> <span class='ocrx_word' id='word_1_134' title='bbox 2164 2634 2440 2700; x_wconf 88' lang='lat' dir='ltr'><strong>habuerit,</strong></span> <span class='ocrx_word' id='word_1_135' title='bbox 2501 2649 2610 2690; x_wconf 87' lang='lat' dir='ltr'><strong>non</strong></span> <span class='ocrx_word' id='word_1_136' title='bbox 2677 2643 2913 2688; x_wconf 87' lang='lat' dir='ltr'><strong>constat.</strong></span> <span class='ocrx_word' id='word_1_137' title='bbox 2977 2630 3208 2686; x_wconf 87' lang='lat' dir='ltr'><strong>Turcice</strong></span> <span class='ocrx_word' id='word_1_138' title='bbox 3259 2647 3405 2686; x_wconf 90' lang='lat' dir='ltr'><strong>nunc</strong></span> <span class='ocrx_word' id='word_1_139' title='bbox 3466 2631 3676 2684; x_wconf 78' lang='lat' dir='ltr'><strong>dicitur</strong></span> 
     </span>
    </p>
   </div>
   <div class='ocr_carea' id='block_1_17' title="bbox 413 2717 3672 2795">
    <p class='ocr_par' dir='ltr' id='par_1_17' title="bbox 413 2717 3672 2795">
     <span class='ocr_line' id='line_1_17' title="bbox 413 2717 3672 2795; baseline -0.002 -23"><span class='ocrx_word' id='word_1_140' title='bbox 413 2719 789 2786; x_wconf 78' lang='lat' dir='ltr'><strong>Patradsclu‘k,</strong></span> <span class='ocrx_word' id='word_1_141' title='bbox 810 2721 936 2776; x_wconf 92' lang='lat' dir='ltr'><strong>coll.</strong></span> <span class='ocrx_word' id='word_1_142' title='bbox 969 2721 1149 2777; x_wconf 83' lang='lat' dir='ltr'><strong>Melet.</strong></span> <span class='ocrx_word' id='word_1_143' title='bbox 1185 2739 1370 2793; x_wconf 81' lang='lat' dir='ltr'><strong>geogr.</strong></span> <span class='ocrx_word' id='word_1_144' title='bbox 1403 2725 1492 2780; x_wconf 87' lang='lat' dir='ltr'><strong>ed.</strong></span> <span class='ocrx_word' id='word_1_145' title='bbox 1528 2723 1658 2778; x_wconf 81' lang='lat' dir='ltr'><strong>Gaz.</strong></span> <span class='ocrx_word' id='word_1_146' title='bbox 1691 2727 1801 2779; x_wconf 91' lang='lat' dir='ltr'><strong>vol.</strong></span> <span class='ocrx_word' id='word_1_147' title='bbox 1840 2723 1900 2783; x_wconf 90' lang='lat' dir='ltr'><strong>ll.</strong></span> <span class='ocrx_word' id='word_1_148' title='bbox 1939 2736 1999 2791; x_wconf 83' lang='grc' dir='ltr'><strong>ρ.</strong></span> <span class='ocrx_word' id='word_1_149' title='bbox 2026 2724 2162 2778; x_wconf 75' lang='grc'><strong>458.</strong></span> <span class='ocrx_word' id='word_1_150' title='bbox 2192 2722 2384 2779; x_wconf 75' lang='lat' dir='ltr'><strong>Judiee</strong></span> <span class='ocrx_word' id='word_1_151' title='bbox 2437 2722 2638 2777; x_wconf 84' lang='lat' dir='ltr'><strong>Leakio</strong></span> <span class='ocrx_word' id='word_1_152' title='bbox 2669 2722 2906 2793; x_wconf 74' lang='grc' dir='ltr'><strong>(Τναυειε</strong></span> <span class='ocrx_word' id='word_1_153' title='bbox 2937 2721 2993 2773; x_wconf 83' lang='lat' dir='ltr'><strong>in</strong></span> <span class='ocrx_word' id='word_1_154' title='bbox 3044 2719 3240 2773; x_wconf 80' lang='lat' dir='ltr'><strong>North.</strong></span> <span class='ocrx_word' id='word_1_155' title='bbox 3276 2718 3372 2773; x_wconf 82' lang='lat' dir='ltr'><strong>Gr.</strong></span> <span class='ocrx_word' id='word_1_156' title='bbox 3424 2719 3542 2772; x_wconf 87' lang='lat' dir='ltr'><strong>Vol.</strong></span> <span class='ocrx_word' id='word_1_157' title='bbox 3603 2717 3672 2795; x_wconf 79' lang='grc' dir='ltr'><strong>ΙΙ⁹</strong></span> 
     </span>
    </p>
   </div>
   <div class='ocr_carea' id='block_1_18' title="bbox 408 2807 3675 2882">
    <p class='ocr_par' dir='ltr' id='par_1_18' title="bbox 408 2807 3675 2882">
     <span class='ocr_line' id='line_1_18' title="bbox 408 2807 3675 2882; baseline -0.001 -19"><span class='ocrx_word' id='word_1_158' title='bbox 408 2825 534 2879; x_wconf 84' lang='lat' dir='ltr'><strong>pag.</strong></span> <span class='ocrx_word' id='word_1_159' title='bbox 566 2810 778 2880; x_wconf 72' lang='lat'><strong>19-25),</strong></span> <span class='ocrx_word' id='word_1_160' title='bbox 811 2809 1130 2865; x_wconf 68' lang='lat' dir='ltr'><strong>Neo-Patrae</strong></span> <span class='ocrx_word' id='word_1_161' title='bbox 1164 2811 1500 2880; x_wconf 80' lang='lat' dir='ltr'><strong>respondent</strong></span> <span class='ocrx_word' id='word_1_162' title='bbox 1531 2809 1828 2868; x_wconf 61' lang='lat' dir='ltr'><strong>Aﬁnianum</strong></span> <span class='ocrx_word' id='word_1_163' title='bbox 1862 2813 2174 2882; x_wconf 87' lang='lat' dir='ltr'><strong>metropoli,</strong></span> <span class='ocrx_word' id='word_1_164' title='bbox 2204 2813 2426 2868; x_wconf 82' lang='lat' dir='ltr'><strong>nomine</strong></span> <span class='ocrx_word' id='word_1_165' title='bbox 2453 2810 2691 2882; x_wconf 80' lang='lat' dir='ltr'><strong>Hypata,</strong></span> <span class='ocrx_word' id='word_1_166' title='bbox 2723 2813 2790 2864; x_wconf 87' lang='lat' dir='ltr'><strong>ad</strong></span> <span class='ocrx_word' id='word_1_167' title='bbox 2824 2811 3036 2864; x_wconf 88' lang='lat' dir='ltr'><strong>radices</strong></span> <span class='ocrx_word' id='word_1_168' title='bbox 3064 2807 3216 2863; x_wconf 64' lang='lat' dir='ltr'><strong>(lita:</strong></span> <span class='ocrx_word' id='word_1_169' title='bbox 3239 2809 3464 2874; x_wconf 90' lang='lat' dir='ltr'><strong>montis,</strong></span> <span class='ocrx_word' id='word_1_170' title='bbox 3504 2823 3675 2878; x_wconf 82' lang='lat' dir='ltr'><strong>prope</strong></span> 
     </span>
    </p>
   </div>
   <div class='ocr_carea' id='block_1_19' title="bbox 410 2897 3673 2974">
    <p class='ocr_par' dir='ltr' id='par_1_19' title="bbox 410 2897 3673 2974">
     <span class='ocr_line' id='line_1_19' title="bbox 410 2897 3673 2974; baseline -0.002 -22"><span class='ocrx_word' id='word_1_171' title='bbox 410 2899 479 2952; x_wconf 86' lang='lat' dir='ltr'><strong>ad</strong></span> <span class='ocrx_word' id='word_1_172' title='bbox 503 2900 725 2952; x_wconf 88' lang='lat' dir='ltr'><strong>lluvium</strong></span> <span class='ocrx_word' id='word_1_173' title='bbox 757 2899 1091 2969; x_wconf 83' lang='lat' dir='ltr'><strong>Spercheum</strong></span> <span class='ocrx_word' id='word_1_174' title='bbox 1129 2898 1454 2971; x_wconf 88' lang='lat' dir='ltr'><strong>(Ilelladam)</strong></span> <span class='ocrx_word' id='word_1_175' title='bbox 1491 2902 1861 2969; x_wconf 84' lang='lat' dir='ltr'><strong>superiorem.</strong></span> <span class='ocrx_word' id='word_1_176' title='bbox 1900 2903 2059 2974; x_wconf 82' lang='lat' dir='ltr'><strong>Apud</strong></span> <span class='ocrx_word' id='word_1_177' title='bbox 2094 2902 2392 2972; x_wconf 81' lang='lat' dir='ltr'><strong>scriptores</strong></span> <span class='ocrx_word' id='word_1_178' title='bbox 2427 2901 2590 2960; x_wconf 85' lang='lat' dir='ltr'><strong>medii</strong></span> <span class='ocrx_word' id='word_1_179' title='bbox 2614 2900 2717 2954; x_wconf 74' lang='lat' dir='ltr'><strong>aevi</strong></span> <span class='ocrx_word' id='word_1_180' title='bbox 2741 2898 2966 2954; x_wconf 62' lang='lat' dir='ltr'><strong>Graecos</strong></span> <span class='ocrx_word' id='word_1_181' title='bbox 2992 2897 3234 2952; x_wconf 90' lang='lat' dir='ltr'><strong>occurrit</strong></span> <span class='ocrx_word' id='word_1_182' title='bbox 3284 2911 3504 2964; x_wconf 85' lang='lat' dir='ltr'><strong>quoque</strong></span> <span class='ocrx_word' id='word_1_183' title='bbox 3537 2912 3673 2948; x_wconf 79' lang='lat' dir='ltr'><strong>sun—</strong></span> 
     </span>
    </p>
   </div>
   <div class='ocr_carea' id='block_1_20' title="bbox 416 2981 3671 3061">
    <p class='ocr_par' dir='ltr' id='par_1_20' title="bbox 416 2981 3671 3061">
     <span class='ocr_line' id='line_1_20' title="bbox 416 2981 3671 3061; baseline -0.001 -22"><span class='ocrx_word' id='word_1_184' title='bbox 416 2987 544 3055; x_wconf 87' lang='lat' dir='ltr'><strong>plici</strong></span> <span class='ocrx_word' id='word_1_185' title='bbox 569 2985 859 3040; x_wconf 85' lang='lat' dir='ltr'><strong>Patrarum</strong></span> <span class='ocrx_word' id='word_1_186' title='bbox 891 2987 1112 3041; x_wconf 85' lang='lat' dir='ltr'><strong>nomine</strong></span> <span class='ocrx_word' id='word_1_187' title='bbox 1145 3004 1158 3041; x_wconf 91' lang='lat'>:</span> <span class='ocrx_word' id='word_1_188' title='bbox 1196 2987 1301 3042; x_wconf 84' lang='lat' dir='ltr'><strong>fuit</strong></span> <span class='ocrx_word' id='word_1_189' title='bbox 1332 2995 1511 3042; x_wconf 87' lang='lat' dir='ltr'><strong>autem</strong></span> <span class='ocrx_word' id='word_1_190' title='bbox 1551 2988 1636 3041; x_wconf 88' lang='lat' dir='ltr'><strong>vel</strong></span> <span class='ocrx_word' id='word_1_191' title='bbox 1667 2995 1782 3042; x_wconf 91' lang='lat' dir='ltr'><strong>tum</strong></span> <span class='ocrx_word' id='word_1_192' title='bbox 1815 3004 2074 3061; x_wconf 85' lang='lat' dir='ltr'><strong>magnum</strong></span> <span class='ocrx_word' id='word_1_193' title='bbox 2097 2988 2218 3058; x_wconf 88' lang='lat' dir='ltr'><strong>ejus</strong></span> <span class='ocrx_word' id='word_1_194' title='bbox 2250 2994 2608 3042; x_wconf 89' lang='lat' dir='ltr'><strong>momentum.</strong></span> <span class='ocrx_word' id='word_1_195' title='bbox 2635 2986 2710 3040; x_wconf 89' lang='lat' dir='ltr'><strong>De</strong></span> <span class='ocrx_word' id='word_1_196' title='bbox 2742 2985 2879 3040; x_wconf 85' lang='lat' dir='ltr'><strong>urbe</strong></span> <span class='ocrx_word' id='word_1_197' title='bbox 2915 2984 3122 3056; x_wconf 82' lang='lat' dir='ltr'><strong>Hypata</strong></span> <span class='ocrx_word' id='word_1_198' title='bbox 3177 2994 3372 3054; x_wconf 86' lang='lat' dir='ltr'><strong>praeter</strong></span> <span class='ocrx_word' id='word_1_199' title='bbox 3405 2981 3671 3036; x_wconf 79' lang='lat' dir='ltr'><strong>Leakiunt</strong></span> 
     </span>
    </p>
   </div>
   <div class='ocr_carea' id='block_1_21' title="bbox 413 3070 3671 3149">
    <p class='ocr_par' dir='ltr' id='par_1_21' title="bbox 413 3070 3671 3149">
     <span class='ocr_line' id='line_1_21' title="bbox 413 3070 3671 3149; baseline -0.001 -22"><span class='ocrx_word' id='word_1_200' title='bbox 413 3073 502 3128; x_wconf 82' lang='lat' dir='ltr'><strong>udi</strong></span> <span class='ocrx_word' id='word_1_201' title='bbox 535 3090 754 3144; x_wconf 86' lang='lat' dir='ltr'><strong>quoque</strong></span> <span class='ocrx_word' id='word_1_202' title='bbox 774 3074 1118 3130; x_wconf 82' lang='lat' dir='ltr'><strong>Mannerlum</strong></span> <span class='ocrx_word' id='word_1_203' title='bbox 1155 3073 1344 3146; x_wconf 85' lang='lat' dir='ltr'><strong>Geogr.</strong></span> <span class='ocrx_word' id='word_1_204' title='bbox 1377 3075 1487 3130; x_wconf 86' lang='lat' dir='ltr'><strong>vol.</strong></span> <span class='ocrx_word' id='word_1_205' title='bbox 1512 3072 1626 3139; x_wconf 87' lang='lat' dir='ltr'><strong>VII,</strong></span> <span class='ocrx_word' id='word_1_206' title='bbox 1648 3090 1770 3145; x_wconf 77' lang='lat' dir='ltr'><strong>pag.</strong></span> <span class='ocrx_word' id='word_1_207' title='bbox 1800 3078 1905 3134; x_wconf 74' lang='grc'><strong>629</strong></span> <span class='ocrx_word' id='word_1_208' title='bbox 1928 3095 1945 3146; x_wconf 89' lang='lat'><strong>;</strong></span> <span class='ocrx_word' id='word_1_209' title='bbox 1969 3091 2279 3149; x_wconf 79' lang='lat' dir='ltr'><strong>quanquam</strong></span> <span class='ocrx_word' id='word_1_210' title='bbox 2299 3076 2495 3130; x_wconf 83' lang='lat' dir='ltr'><strong>doctus</strong></span> <span class='ocrx_word' id='word_1_211' title='bbox 2514 3083 2744 3144; x_wconf 88' lang='lat' dir='ltr'><strong>uterque</strong></span> <span class='ocrx_word' id='word_1_212' title='bbox 2765 3073 3167 3128; x_wconf 86' lang='lat' dir='ltr'><strong>memorabilem</strong></span> <span class='ocrx_word' id='word_1_213' title='bbox 3199 3070 3671 3125; x_wconf 87' lang='lat' dir='ltr'><strong>llelioduriloenm</strong></span> 
     </span>
    </p>
   </div>
   <div class='ocr_carea' id='block_1_22' title="bbox 413 3160 2006 3233">
    <p class='ocr_par' dir='ltr' id='par_1_22' title="bbox 413 3161 2006 3233">
     <span class='ocr_line' id='line_1_22' title="bbox 413 3161 2006 3233; baseline 0 -17"><span class='ocrx_word' id='word_1_214' title='bbox 413 3161 865 3231; x_wconf 71' lang='lat' dir='ltr'><strong>utnisit/Ethiop.</strong></span> <span class='ocrx_word' id='word_1_215' title='bbox 902 3161 966 3225; x_wconf 88' lang='lat' dir='ltr'><strong>ll,</strong></span> <span class='ocrx_word' id='word_1_216' title='bbox 1014 3162 1084 3216; x_wconf 72' lang='grc'><strong>54</strong></span> <span class='ocrx_word' id='word_1_217' title='bbox 1135 3162 1245 3233; x_wconf 88' lang='lat' dir='ltr'><strong>(ed.</strong></span> <span class='ocrx_word' id='word_1_218' title='bbox 1297 3161 1584 3232; x_wconf 84' lang='lat' dir='ltr'><strong>Bipont.):</strong></span> <span class='ocrx_word' id='word_1_219' title='bbox 1623 3165 1685 3215; x_wconf 83' lang='grc' dir='ltr'>οι</span> <span class='ocrx_word' id='word_1_220' title='bbox 1742 3163 1842 3232; x_wconf 82' lang='grc' dir='ltr'>μὲν</span> <span class='ocrx_word' id='word_1_221' title='bbox 1896 3167 2006 3220; x_wconf 81' lang='lat' dir='ltr'><strong>Alw</strong></span> 
     </span>
    </p>
   </div>
   <div class='ocr_carea' id='block_1_23' title="bbox 2170 3160 3763 3233">
    <p class='ocr_par' dir='ltr' id='par_1_23' title="bbox 2170 3160 3763 3232">
     <span class='ocr_line' id='line_1_23' title="bbox 2170 3160 3763 3232; baseline -0.006 -14"><span class='ocrx_word' id='word_1_222' title='bbox 2170 3182 2226 3228; x_wconf 74' lang='grc' dir='ltr'><strong>ς.</strong></span> <span class='ocrx_word' id='word_1_223' title='bbox 2256 3203 2269 3218; x_wconf 94' lang='grc'><strong>.</strong></span> <span class='ocrx_word' id='word_1_224' title='bbox 2305 3201 2320 3218; x_wconf 90' lang='grc'><strong>.</strong></span> <span class='ocrx_word' id='word_1_225' title='bbox 2353 3161 2688 3232; x_wconf 81' lang='grc' dir='ltr'><strong>Θετταλικῆς</strong></span> <span class='ocrx_word' id='word_1_226' title='bbox 2753 3163 2872 3214; x_wconf 78' lang='grc' dir='ltr'><strong>ἐστι</strong></span> <span class='ocrx_word' id='word_1_227' title='bbox 2918 3161 3117 3232; x_wconf 73' lang='grc' dir='ltr'><strong>μοίρας</strong></span> <span class='ocrx_word' id='word_1_228' title='bbox 3163 3161 3224 3212; x_wconf 81' lang='grc' dir='ltr'><strong>τὸ</strong></span> <span class='ocrx_word' id='word_1_229' title='bbox 3253 3160 3671 3227; x_wconf 78' lang='grc' dir='ltr'><strong>εὐγενέστατον,</strong></span> <span class='ocrx_word' id='word_1_230' title='bbox 3759 3205 3763 3208; x_wconf 86' lang='grc'>.</span> 
     </span>
    </p>
   </div>
   <div class='ocr_carea' id='block_1_24' title="bbox 411 3254 3672 3329">
    <p class='ocr_par' dir='ltr' id='par_1_24' title="bbox 411 3254 3672 3329">
     <span class='ocr_line' id='line_1_24' title="bbox 411 3254 3672 3329; baseline -0.001 -22"><span class='ocrx_word' id='word_1_231' title='bbox 411 3257 507 3308; x_wconf 73' lang='grc' dir='ltr'><strong>καὶ</strong></span> <span class='ocrx_word' id='word_1_232' title='bbox 530 3255 772 3325; x_wconf 73' lang='grc' dir='ltr'><strong>ἀκριϐῶς</strong></span> <span class='ocrx_word' id='word_1_233' title='bbox 821 3254 1161 3325; x_wconf 77' lang='grc' dir='ltr'><strong>Ἑλληνικὸν,</strong></span> <span class='ocrx_word' id='word_1_234' title='bbox 1186 3256 1283 3323; x_wconf 75' lang='grc' dir='ltr'><strong>ἀφ’</strong></span> <span class='ocrx_word' id='word_1_235' title='bbox 1315 3256 1582 3326; x_wconf 76' lang='grc' dir='ltr'><strong>Ἕλληνος</strong></span> <span class='ocrx_word' id='word_1_236' title='bbox 1615 3255 1709 3308; x_wconf 76' lang='grc' dir='ltr'><strong>τοῦ</strong></span> <span class='ocrx_word' id='word_1_237' title='bbox 1737 3259 2140 3323; x_wconf 78' lang='grc' dir='ltr'><strong>Δευκαλίωνος,</strong></span> <span class='ocrx_word' id='word_1_238' title='bbox 2178 3259 2240 3312; x_wconf 81' lang='grc' dir='ltr'><strong>τὸ</strong></span> <span class='ocrx_word' id='word_1_239' title='bbox 2272 3258 2371 3329; x_wconf 77' lang='grc' dir='ltr'>μὲν</span> <span class='ocrx_word' id='word_1_240' title='bbox 2400 3257 2529 3311; x_wconf 77' lang='grc' dir='ltr'><strong>ἄλλο</strong></span> <span class='ocrx_word' id='word_1_241' title='bbox 2558 3257 2638 3327; x_wconf 83' lang='grc' dir='ltr'><strong>τῷ</strong></span> <span class='ocrx_word' id='word_1_242' title='bbox 2692 3255 2964 3325; x_wconf 80' lang='grc' dir='ltr'><strong>Μαλιακῴ</strong></span> <span class='ocrx_word' id='word_1_243' title='bbox 3020 3255 3211 3323; x_wconf 80' lang='grc' dir='ltr'>κόλπῳ</span> <span class='ocrx_word' id='word_1_244' title='bbox 3273 3255 3672 3324; x_wconf 74' lang='grc' dir='ltr'><strong>παρατεινόμε-</strong></span> 
     </span>
    </p>
   </div>
   <div class='ocr_carea' id='block_1_25' title="bbox 411 3351 3673 3425">
    <p class='ocr_par' dir='ltr' id='par_1_25' title="bbox 411 3351 3673 3425">
     <span class='ocr_line' id='line_1_25' title="bbox 411 3351 3673 3425; baseline 0 -22"><span class='ocrx_word' id='word_1_245' title='bbox 411 3368 524 3418; x_wconf 81' lang='grc' dir='ltr'>νον,</span> <span class='ocrx_word' id='word_1_246' title='bbox 559 3351 896 3423; x_wconf 74' lang='grc' dir='ltr'><strong>μητρόπολιν</strong></span> <span class='ocrx_word' id='word_1_247' title='bbox 919 3351 976 3404; x_wconf 80' lang='grc' dir='ltr'>δὲ</span> <span class='ocrx_word' id='word_1_248' title='bbox 1003 3353 1402 3422; x_wconf 84' lang='grc' dir='ltr'><strong>σεμνυνόμενον</strong></span> <span class='ocrx_word' id='word_1_249' title='bbox 1454 3351 1724 3417; x_wconf 85' lang='grc' dir='ltr'><strong>Ὑπάταν,</strong></span> <span class='ocrx_word' id='word_1_250' title='bbox 1756 3353 1831 3417; x_wconf 82' lang='grc' dir='ltr'><strong>ὡς</strong></span> <span class='ocrx_word' id='word_1_251' title='bbox 1885 3354 1987 3425; x_wconf 83' lang='grc' dir='ltr'>μὲν</span> <span class='ocrx_word' id='word_1_252' title='bbox 2027 3357 2184 3409; x_wconf 72' lang='grc' dir='ltr'><strong>αὐτοὶ</strong></span> <span class='ocrx_word' id='word_1_253' title='bbox 2240 3355 2542 3422; x_wconf 83' lang='grc' dir='ltr'><strong>βούλονται,</strong></span> <span class='ocrx_word' id='word_1_254' title='bbox 2582 3354 2691 3406; x_wconf 72' lang='grc' dir='ltr'><strong>ἀπὸ</strong></span> <span class='ocrx_word' id='word_1_255' title='bbox 2733 3351 2825 3406; x_wconf 83' lang='grc' dir='ltr'><strong>τοῦ</strong></span> <span class='ocrx_word' id='word_1_256' title='bbox 2864 3353 2972 3406; x_wconf 85' lang='grc' dir='ltr'>τῶν</span> <span class='ocrx_word' id='word_1_257' title='bbox 3010 3353 3185 3406; x_wconf 79' lang='grc' dir='ltr'>ἄλλων</span> <span class='ocrx_word' id='word_1_258' title='bbox 3227 3353 3523 3406; x_wconf 68' lang='grc' dir='ltr'>ὑπατεύειν</span> <span class='ocrx_word' id='word_1_259' title='bbox 3573 3352 3673 3405; x_wconf 75' lang='grc' dir='ltr'><strong>καὶ</strong></span> 
     </span>
    </p>
   </div>
   <div class='ocr_carea' id='block_1_26' title="bbox 407 3442 3672 3518">
    <p class='ocr_par' dir='ltr' id='par_1_26' title="bbox 407 3442 3672 3518">
     <span class='ocr_line' id='line_1_26' title="bbox 407 3442 3672 3518; baseline 0.001 -24"><span class='ocrx_word' id='word_1_260' title='bbox 407 3442 596 3513; x_wconf 69' lang='grc' dir='ltr'>ἄρχειν</span> <span class='ocrx_word' id='word_1_261' title='bbox 637 3443 1054 3515; x_wconf 63' lang='grc' dir='ltr'>ὠνομασμένην</span> <span class='ocrx_word' id='word_1_262' title='bbox 1107 3444 1183 3508; x_wconf 80' lang='grc' dir='ltr'><strong>ὡς</strong></span> <span class='ocrx_word' id='word_1_263' title='bbox 1216 3444 1272 3497; x_wconf 82' lang='grc' dir='ltr'><strong>δὲ</strong></span> <span class='ocrx_word' id='word_1_264' title='bbox 1320 3445 1530 3513; x_wconf 79' lang='grc' dir='ltr'><strong>ἑτέροις</strong></span> <span class='ocrx_word' id='word_1_265' title='bbox 1579 3443 1746 3509; x_wconf 82' lang='grc' dir='ltr'>δοκεῖ,</span> <span class='ocrx_word' id='word_1_266' title='bbox 1775 3444 2020 3517; x_wconf 80' lang='grc' dir='ltr'>διότιπερ</span> <span class='ocrx_word' id='word_1_267' title='bbox 2054 3446 2159 3499; x_wconf 87' lang='grc' dir='ltr'><strong>ὑπὸ</strong></span> <span class='ocrx_word' id='word_1_268' title='bbox 2186 3449 2252 3518; x_wconf 77' lang='grc' dir='ltr'><strong>τῇ</strong></span> <span class='ocrx_word' id='word_1_269' title='bbox 2287 3447 2417 3518; x_wconf 80' lang='grc' dir='ltr'><strong>Οἴτῃ</strong></span> <span class='ocrx_word' id='word_1_270' title='bbox 2437 3445 2514 3515; x_wconf 84' lang='grc' dir='ltr'><strong>τῷ</strong></span> <span class='ocrx_word' id='word_1_271' title='bbox 2538 3443 3030 3515; x_wconf 74' lang='grc' dir='ltr'>ὅρεικατῴκισται.</span> <span class='ocrx_word' id='word_1_272' title='bbox 3058 3444 3186 3499; x_wconf 87' lang='lat' dir='ltr'><strong>Mihi</strong></span> <span class='ocrx_word' id='word_1_273' title='bbox 3217 3444 3432 3497; x_wconf 76' lang='grc' dir='ltr'><strong>’Υπάτα</strong></span> <span class='ocrx_word' id='word_1_274' title='bbox 3457 3446 3672 3515; x_wconf 79' lang='lat' dir='ltr'><strong>simpli-</strong></span> 
     </span>
    </p>
   </div>
   <div class='ocr_carea' id='block_1_27' title="bbox 409 3539 3668 3614">
    <p class='ocr_par' dir='ltr' id='par_1_27' title="bbox 409 3539 3668 3614">
     <span class='ocr_line' id='line_1_27' title="bbox 409 3539 3668 3614; baseline 0 -18"><span class='ocrx_word' id='word_1_275' title='bbox 409 3542 543 3596; x_wconf 86' lang='lat' dir='ltr'><strong>citer</strong></span> <span class='ocrx_word' id='word_1_276' title='bbox 569 3551 796 3598; x_wconf 79' lang='lat' dir='ltr'><strong>montem</strong></span> <span class='ocrx_word' id='word_1_277' title='bbox 821 3558 867 3596; x_wconf 93' lang='lat' dir='ltr'><strong>s.</strong></span> <span class='ocrx_word' id='word_1_278' title='bbox 896 3541 1082 3595; x_wconf 83' lang='lat' dir='ltr'><strong>collem</strong></span> <span class='ocrx_word' id='word_1_279' title='bbox 1135 3541 1441 3612; x_wconf 75' lang='lat' dir='ltr'><strong>signiﬁcare</strong></span> <span class='ocrx_word' id='word_1_280' title='bbox 1485 3539 1719 3603; x_wconf 88' lang='lat' dir='ltr'><strong>videtur,</strong></span> <span class='ocrx_word' id='word_1_281' title='bbox 1751 3551 1809 3594; x_wconf 87' lang='lat' dir='ltr'><strong>ut</strong></span> <span class='ocrx_word' id='word_1_282' title='bbox 1840 3542 2087 3610; x_wconf 68' lang='grc' dir='ltr'><strong>Κολῳνὸς</strong></span> <span class='ocrx_word' id='word_1_283' title='bbox 2120 3554 2174 3598; x_wconf 90' lang='lat' dir='ltr'><strong>et</strong></span> <span class='ocrx_word' id='word_1_284' title='bbox 2203 3544 2310 3598; x_wconf 85' lang='lat' dir='ltr'><strong>alia</strong></span> <span class='ocrx_word' id='word_1_285' title='bbox 2339 3544 2554 3598; x_wconf 88' lang='lat' dir='ltr'><strong>urbium</strong></span> <span class='ocrx_word' id='word_1_286' title='bbox 2595 3557 2968 3614; x_wconf 75' lang='lat' dir='ltr'><strong>pagorumque</strong></span> <span class='ocrx_word' id='word_1_287' title='bbox 3003 3543 3248 3596; x_wconf 88' lang='lat' dir='ltr'><strong>nomina.</strong></span> <span class='ocrx_word' id='word_1_288' title='bbox 3305 3541 3480 3597; x_wconf 81' lang='lat' dir='ltr'><strong>Habet</strong></span> <span class='ocrx_word' id='word_1_289' title='bbox 3535 3542 3668 3597; x_wconf 86' lang='lat' dir='ltr'><strong>urbs</strong></span> 
     </span>
    </p>
   </div>
   <div class='ocr_carea' id='block_1_28' title="bbox 411 3625 1930 3696">
    <p class='ocr_par' dir='ltr' id='par_1_28' title="bbox 411 3625 1930 3696">
     <span class='ocr_line' id='line_1_28' title="bbox 411 3625 1930 3696; baseline -0.001 -12"><span class='ocrx_word' id='word_1_290' title='bbox 411 3629 576 3684; x_wconf 70' lang='lat' dir='ltr'><strong>situm</strong></span> <span class='ocrx_word' id='word_1_291' title='bbox 608 3631 742 3686; x_wconf 79' lang='lat' dir='ltr'><strong>satis</strong></span> <span class='ocrx_word' id='word_1_292' title='bbox 787 3631 1014 3696; x_wconf 86' lang='lat' dir='ltr'><strong>editum,</strong></span> <span class='ocrx_word' id='word_1_293' title='bbox 1057 3632 1196 3684; x_wconf 91' lang='lat' dir='ltr'><strong>inter</strong></span> <span class='ocrx_word' id='word_1_294' title='bbox 1229 3628 1422 3684; x_wconf 73' lang='lat' dir='ltr'><strong>(Etam</strong></span> <span class='ocrx_word' id='word_1_295' title='bbox 1452 3640 1507 3683; x_wconf 91' lang='lat' dir='ltr'><strong>et</strong></span> <span class='ocrx_word' id='word_1_296' title='bbox 1567 3625 1930 3695; x_wconf 84' lang='lat' dir='ltr'><strong>Spercheum.</strong></span> 
     </span>
    </p>
   </div>
   <div class='ocr_carea' id='block_1_29' title="bbox 2383 3762 2541 3773">
    <p class='ocr_par' dir='ltr' id='par_1_29' title="bbox 2383 3762 2541 3773">
     <span class='ocr_line' id='line_1_29' title="bbox 2383 3762 2541 3773; baseline 0 0"><span class='ocrx_word' id='word_1_297' title='bbox 2383 3762 2541 3773; x_wconf 70' lang='lat'><strong>————-</strong></span> 
     </span>
    </p>
   </div>
   <div class='ocr_carea' id='block_1_30' title="bbox 1419 3763 1864 3774">
    <p class='ocr_par' dir='ltr' id='par_1_30' title="bbox 1419 3763 1864 3774">
     <span class='ocr_line' id='line_1_30' title="bbox 1419 3763 1864 3774; baseline 0 -2"><span class='ocrx_word' id='word_1_298' title='bbox 1419 3763 1864 3774; x_wconf 68' lang='lat'><strong>——-—____—.</strong></span> 
     </span>
    </p>
   </div>
   <div class='ocr_carea' id='block_1_31' title="bbox 428 3759 3655 3795">
    <p class='ocr_par' dir='ltr' id='par_1_31' title="bbox 428 3759 3655 3795">
     <span class='ocr_line' id='line_1_31' title="bbox 428 3759 3655 3795; baseline 0.002 -7"><span class='ocrx_word' id='word_1_299' title='bbox 428 3759 3655 3795; x_wconf 47' lang='grc' dir='ltr'><em>Μ</em></span> 
     </span>
    </p>
   </div>
   <div class='ocr_carea' id='block_1_32' title="bbox 1157 3851 2846 3975">
    <p class='ocr_par' dir='ltr' id='par_1_32' title="bbox 1157 3851 2846 3975">
     <span class='ocr_line' id='line_1_32' title="bbox 1157 3851 2846 3975; baseline 0.006 -11"><span class='ocrx_word' id='word_1_300' title='bbox 1157 3951 1184 3964; x_wconf 84' lang='grc'><strong>-</strong></span> <span class='ocrx_word' id='word_1_301' title='bbox 1213 3851 1732 3972; x_wconf 77' lang='grc' dir='ltr'><strong>ΜΟΝΩΔΙΑ</strong></span> <span class='ocrx_word' id='word_1_302' title='bbox 1831 3885 2060 3972; x_wconf 82' lang='grc' dir='ltr'><strong>ΤΟΥ</strong></span> <span class='ocrx_word' id='word_1_303' title='bbox 2167 3884 2846 3975; x_wconf 76' lang='grc' dir='ltr'><strong>ΣΟΦΩΤΑΤΟΥ</strong></span> 
     </span>
    </p>
   </div>
   <div class='ocr_carea' id='block_1_33' title="bbox 983 4045 3200 4306">
    <p class='ocr_par' dir='ltr' id='par_1_33' title="bbox 983 4045 3200 4306">
     <span class='ocr_line' id='line_1_33' title="bbox 983 4045 3200 4306; baseline 0.004 -53"><span class='ocrx_word' id='word_1_304' title='bbox 983 4045 1820 4258; x_wconf 86' lang='grc' dir='ltr'><strong>ΚΥΡΙΟΥ</strong></span> <span class='ocrx_word' id='word_1_305' title='bbox 1913 4083 3094 4262; x_wconf 83' lang='grc' dir='ltr'>ΕΥΘΥΜΙΟΥ</span> <span class='ocrx_word' id='word_1_306' title='bbox 3187 4295 3200 4306; x_wconf 32' lang='grc'><em>,</em></span> 
     </span>
    </p>
   </div>
   <div class='ocr_carea' id='block_1_34' title="bbox 516 4355 3560 4432">
    <p class='ocr_par' dir='ltr' id='par_1_34' title="bbox 516 4355 3560 4432">
     <span class='ocr_line' id='line_1_34' title="bbox 516 4355 3560 4432; baseline 0.006 -20"><span class='ocrx_word' id='word_1_307' title='bbox 516 4355 1036 4412; x_wconf 70' lang='grc' dir='ltr'><strong>ΔΝΑΓΝΩΣΘΕΙΣΔ</strong></span> <span class='ocrx_word' id='word_1_308' title='bbox 1098 4358 1213 4412; x_wconf 81' lang='lat' dir='ltr'><strong>EH]</strong></span> <span class='ocrx_word' id='word_1_309' title='bbox 1267 4360 1356 4430; x_wconf 79' lang='grc' dir='ltr'><strong>Τῼ</strong></span> <span class='ocrx_word' id='word_1_310' title='bbox 1401 4361 1576 4432; x_wconf 80' lang='grc' dir='ltr'>ΤΛΦῼ</span> <span class='ocrx_word' id='word_1_311' title='bbox 1616 4361 1756 4417; x_wconf 75' lang='grc' dir='ltr'><strong>ΤΟΥ</strong></span> <span class='ocrx_word' id='word_1_312' title='bbox 1806 4362 2200 4418; x_wconf 79' lang='grc' dir='ltr'><strong>ΔῘἸΩΤΑΤΟΥ</strong></span> <span class='ocrx_word' id='word_1_313' title='bbox 2253 4364 2784 4420; x_wconf 65' lang='grc' dir='ltr'><strong>ΘΕΣΣΑᾹΟΝΙΚΙΙΣ</strong></span> <span class='ocrx_word' id='word_1_314' title='bbox 2852 4366 3115 4422; x_wconf 83' lang='grc' dir='ltr'><strong>ΚΥΡΙΟΥ</strong></span> <span class='ocrx_word' id='word_1_315' title='bbox 3173 4372 3560 4432; x_wconf 70' lang='grc' dir='ltr'><strong>ΕΥΣΤΑΘῘΟΥ</strong></span> 
     </span>
    </p>
   </div>
   <div class='ocr_carea' id='block_1_35' title="bbox 1185 4471 2884 4536">
    <p class='ocr_par' dir='ltr' id='par_1_35' title="bbox 1185 4471 2884 4536">
     <span class='ocr_line' id='line_1_35' title="bbox 1185 4471 2884 4536; baseline 0.006 -11"><span class='ocrx_word' id='word_1_316' title='bbox 1185 4471 1380 4528; x_wconf 76' lang='grc' dir='ltr'><strong>ΜΕΤΑ</strong></span> <span class='ocrx_word' id='word_1_317' title='bbox 1434 4474 1642 4530; x_wconf 83' lang='grc' dir='ltr'><strong>ΤΙΝΑΣ</strong></span> <span class='ocrx_word' id='word_1_318' title='bbox 1689 4476 1970 4530; x_wconf 81' lang='grc' dir='ltr'><strong>ΗΜΕΡΑΣ</strong></span> <span class='ocrx_word' id='word_1_319' title='bbox 2014 4477 2152 4532; x_wconf 79' lang='grc' dir='ltr'><strong>ΤΗΣ</strong></span> <span class='ocrx_word' id='word_1_320' title='bbox 2205 4479 2440 4533; x_wconf 81' lang='grc' dir='ltr'><strong>ΑΥΤΟΥ</strong></span> <span class='ocrx_word' id='word_1_321' title='bbox 2496 4480 2884 4536; x_wconf 81' lang='grc' dir='ltr'><strong>ΤΕΛΕΥἸἪΣ.</strong></span> 
     </span>
    </p>
   </div>
   <div class='ocr_carea' id='block_1_36' title="bbox 1556 4666 2526 4732">
    <p class='ocr_par' dir='ltr' id='par_1_36' title="bbox 1556 4666 2526 4732">
     <span class='ocr_line' id='line_1_36' title="bbox 1556 4666 2526 4732; baseline 0.004 -5"><span class='ocrx_word' id='word_1_322' title='bbox 1556 4666 1907 4730; x_wconf 85' lang='lat' dir='ltr'><strong>MONODIA</strong></span> <span class='ocrx_word' id='word_1_323' title='bbox 1943 4667 2526 4732; x_wconf 86' lang='lat' dir='ltr'><strong>SAPIENTISSIMI</strong></span> 
     </span>
    </p>
   </div>
   <div class='ocr_carea' id='block_1_37' title="bbox 878 4854 3188 5097">
    <p class='ocr_par' dir='ltr' id='par_1_37' title="bbox 878 4854 3188 5097">
     <span class='ocr_line' id='line_1_37' title="bbox 878 4854 3188 5097; baseline 0.004 -67"><span class='ocrx_word' id='word_1_324' title='bbox 878 4854 1787 5036; x_wconf 86' lang='lat' dir='ltr'><strong>DOMINI</strong></span> <span class='ocrx_word' id='word_1_325' title='bbox 1927 4855 3188 5097; x_wconf 87' lang='lat' dir='ltr'><strong>EUTHYMII</strong></span> 
     </span>
    </p>
   </div>
   <div class='ocr_carea' id='block_1_38' title="bbox 490 5160 3587 5238">
    <p class='ocr_par' dir='ltr' id='par_1_38' title="bbox 490 5160 3587 5238">
     <span class='ocr_line' id='line_1_38' title="bbox 490 5160 3587 5238; baseline 0.005 -14"><span class='ocrx_word' id='word_1_326' title='bbox 490 5160 1036 5224; x_wconf 78' lang='lat' dir='ltr'><strong>PRONUNTIATA</strong></span> <span class='ocrx_word' id='word_1_327' title='bbox 1070 5164 1154 5224; x_wconf 90' lang='lat' dir='ltr'><strong>IN</strong></span> <span class='ocrx_word' id='word_1_328' title='bbox 1221 5163 1543 5225; x_wconf 77' lang='lat' dir='ltr'><strong>TUMULO</strong></span> <span class='ocrx_word' id='word_1_329' title='bbox 1619 5163 2109 5225; x_wconf 81' lang='lat' dir='ltr'><strong>SANCTISSIMI</strong></span> <span class='ocrx_word' id='word_1_330' title='bbox 2173 5164 2768 5228; x_wconf 66' lang='lat' dir='ltr'><strong>THESSALONIQ‘E</strong></span> <span class='ocrx_word' id='word_1_331' title='bbox 2819 5169 3105 5230; x_wconf 80' lang='lat' dir='ltr'><strong>DOMINI</strong></span> <span class='ocrx_word' id='word_1_332' title='bbox 3175 5173 3587 5238; x_wconf 78' lang='lat' dir='ltr'><strong>EUSTA&#39;l‘iIll</strong></span> 
     </span>
    </p>
   </div>
   <div class='ocr_carea' id='block_1_39' title="bbox 1242 5281 2841 5348">
    <p class='ocr_par' dir='ltr' id='par_1_39' title="bbox 1242 5281 2841 5348">
     <span class='ocr_line' id='line_1_39' title="bbox 1242 5281 2841 5348; baseline 0.003 -6"><span class='ocrx_word' id='word_1_333' title='bbox 1242 5285 1426 5344; x_wconf 80' lang='lat' dir='ltr'><strong>PUST</strong></span> <span class='ocrx_word' id='word_1_334' title='bbox 1469 5283 1929 5344; x_wconf 85' lang='lat' dir='ltr'><strong>NONNULLOS</strong></span> <span class='ocrx_word' id='word_1_335' title='bbox 1966 5281 2142 5340; x_wconf 85' lang='lat' dir='ltr'><strong>DIES</strong></span> <span class='ocrx_word' id='word_1_336' title='bbox 2179 5282 2278 5340; x_wconf 91' lang='lat' dir='ltr'><strong>AB</strong></span> <span class='ocrx_word' id='word_1_337' title='bbox 2318 5282 2503 5344; x_wconf 80' lang='lat' dir='ltr'><strong>EJUS</strong></span> <span class='ocrx_word' id='word_1_338' title='bbox 2559 5286 2841 5348; x_wconf 77' lang='grc' dir='ltr'><strong>ΜΟΡιΤΕ.</strong></span> 
     </span>
    </p>
   </div>
   <div class='ocr_carea' id='block_1_40' title="bbox 2012 5395 2079 5406">
    <p class='ocr_par' dir='ltr' id='par_1_40' title="bbox 2012 5395 2079 5406">
     <span class='ocr_line' id='line_1_40' title="bbox 2012 5395 2079 5406; baseline -0.03 0"><span class='ocrx_word' id='word_1_339' title='bbox 2012 5395 2079 5406; x_wconf 72' lang='grc'><strong>...-</strong></span> 
     </span>
    </p>
   </div>
   <div class='ocr_carea' id='block_1_41' title="bbox 487 5472 2080 5566">
    <p class='ocr_par' dir='ltr' id='par_1_41' title="bbox 487 5472 1977 5543">
     <span class='ocr_line' id='line_1_41' title="bbox 487 5472 1977 5543; baseline 0 -15"><span class='ocrx_word' id='word_1_340' title='bbox 487 5480 543 5534; x_wconf 79' lang='grc'><strong>1.</strong></span> <span class='ocrx_word' id='word_1_341' title='bbox 578 5473 658 5530; x_wconf 80' lang='lat' dir='ltr'><strong>Me</strong></span> <span class='ocrx_word' id='word_1_342' title='bbox 691 5475 873 5529; x_wconf 81' lang='lat' dir='ltr'><strong>forsan</strong></span> <span class='ocrx_word' id='word_1_343' title='bbox 928 5473 1212 5528; x_wconf 84' lang='lat' dir='ltr'><strong>mirabitur</strong></span> <span class='ocrx_word' id='word_1_344' title='bbox 1252 5474 1378 5543; x_wconf 86' lang='lat' dir='ltr'><strong>quis</strong></span> <span class='ocrx_word' id='word_1_345' title='bbox 1441 5472 1601 5526; x_wconf 65' lang='lat' dir='ltr'><strong>modo</strong></span> <span class='ocrx_word' id='word_1_346' title='bbox 1665 5472 1977 5542; x_wconf 84' lang='lat' dir='ltr'><strong>loquentem</strong></span> 
     </span>
    </p>
   </div>
   <div class='ocr_carea' id='block_1_42' title="bbox 2074 5472 3667 5566">
    <p class='ocr_par' dir='ltr' id='par_1_42' title="bbox 2163 5476 3667 5566">
     <span class='ocr_line' id='line_1_42' title="bbox 2163 5476 3667 5566; baseline 0.013 -37"><span class='ocrx_word' id='word_1_347' title='bbox 2163 5476 2231 5531; x_wconf 84' lang='grc' dir='ltr'><strong>α’.</strong></span> <span class='ocrx_word' id='word_1_348' title='bbox 2278 5479 2406 5548; x_wconf 82' lang='grc' dir='ltr'>Ἐμὲ</span> <span class='ocrx_word' id='word_1_349' title='bbox 2452 5479 2508 5533; x_wconf 84' lang='grc' dir='ltr'><strong>δὲ</strong></span> <span class='ocrx_word' id='word_1_350' title='bbox 2541 5481 2634 5535; x_wconf 70' lang='grc' dir='ltr'><strong>καὶ</strong></span> <span class='ocrx_word' id='word_1_351' title='bbox 2666 5483 3010 5550; x_wconf 77' lang='grc' dir='ltr'><strong>θαυμάσεταί</strong></span> <span class='ocrx_word' id='word_1_352' title='bbox 3041 5505 3123 5552; x_wconf 76' lang='grc' dir='ltr'><strong>τις</strong></span> <span class='ocrx_word' id='word_1_353' title='bbox 3172 5491 3298 5560; x_wconf 79' lang='grc' dir='ltr'><strong>ἄρτι</strong></span> <span class='ocrx_word' id='word_1_354' title='bbox 3357 5495 3667 5566; x_wconf 76' lang='grc' dir='ltr'><strong>φθεγγόμε-</strong></span> 
     </span>
    </p>
   </div>
   <div class='ocr_carea' id='block_1_43' title="bbox 413 5562 2006 5660">
    <p class='ocr_par' dir='ltr' id='par_1_43' title="bbox 413 5562 1979 5639">
     <span class='ocr_line' id='line_1_43' title="bbox 413 5562 1979 5639; baseline -0.004 -16"><span class='ocrx_word' id='word_1_355' title='bbox 413 5587 574 5639; x_wconf 80' lang='lat' dir='ltr'><strong>quem</strong></span> <span class='ocrx_word' id='word_1_356' title='bbox 623 5574 920 5635; x_wconf 79' lang='lat' dir='ltr'><strong>oporteret,</strong></span> <span class='ocrx_word' id='word_1_357' title='bbox 972 5565 1185 5634; x_wconf 77' lang='lat' dir='ltr'><strong>iacente</strong></span> <span class='ocrx_word' id='word_1_358' title='bbox 1217 5563 1414 5628; x_wconf 87' lang='lat' dir='ltr'><strong>amico,</strong></span> <span class='ocrx_word' id='word_1_359' title='bbox 1466 5562 1605 5616; x_wconf 82' lang='lat' dir='ltr'><strong>labia</strong></span> <span class='ocrx_word' id='word_1_360' title='bbox 1646 5565 1810 5617; x_wconf 86' lang='lat' dir='ltr'><strong>etiam</strong></span> <span class='ocrx_word' id='word_1_361' title='bbox 1844 5581 1979 5634; x_wconf 57' lang='lat' dir='ltr'><strong>prae-</strong></span> 
     </span>
    </p>
   </div>
   <div class='ocr_carea' id='block_1_44' title="bbox 2072 5562 3665 5660">
    <p class='ocr_par' dir='ltr' id='par_1_44' title="bbox 2092 5562 3665 5660">
     <span class='ocr_line' id='line_1_44' title="bbox 2092 5562 3665 5660; baseline 0.013 -39"><span class='ocrx_word' id='word_1_362' title='bbox 2092 5588 2200 5633; x_wconf 82' lang='grc' dir='ltr'>νον,</span> <span class='ocrx_word' id='word_1_363' title='bbox 2255 5571 2313 5623; x_wconf 75' lang='grc' dir='ltr'>ὃν</span> <span class='ocrx_word' id='word_1_364' title='bbox 2374 5571 2481 5626; x_wconf 77' lang='grc' dir='ltr'>ἔδει</span> <span class='ocrx_word' id='word_1_365' title='bbox 2518 5577 2612 5628; x_wconf 82' lang='grc' dir='ltr'><strong>τοῦ</strong></span> <span class='ocrx_word' id='word_1_366' title='bbox 2662 5579 2941 5647; x_wconf 80' lang='grc' dir='ltr'>συμπνόου</span> <span class='ocrx_word' id='word_1_367' title='bbox 2981 5584 3238 5650; x_wconf 80' lang='grc' dir='ltr'><strong>κειμένου</strong></span> <span class='ocrx_word' id='word_1_368' title='bbox 3279 5587 3376 5638; x_wconf 72' lang='grc' dir='ltr'><strong>καὶ</strong></span> <span class='ocrx_word' id='word_1_369' title='bbox 3399 5562 3479 5640; x_wconf 19' lang='grc' dir='ltr'><strong>τὰν</strong></span> <span class='ocrx_word' id='word_1_370' title='bbox 3508 5562 3665 5660; x_wconf 52' lang='grc' dir='ltr'>χειλη</span> 
     </span>
    </p>
   </div>
   <div class='ocr_carea' id='block_1_45' title="bbox 413 5654 2006 5747">
    <p class='ocr_par' dir='ltr' id='par_1_45' title="bbox 413 5654 1970 5727">
     <span class='ocr_line' id='line_1_45' title="bbox 413 5654 1970 5727; baseline -0.006 -10"><span class='ocrx_word' id='word_1_371' title='bbox 413 5663 653 5727; x_wconf 79' lang='lat' dir='ltr'><strong>cludere,</strong></span> <span class='ocrx_word' id='word_1_372' title='bbox 680 5669 733 5714; x_wconf 84' lang='lat' dir='ltr'><strong>et</strong></span> <span class='ocrx_word' id='word_1_373' title='bbox 766 5667 935 5712; x_wconf 89' lang='lat' dir='ltr'><strong>totum</strong></span> <span class='ocrx_word' id='word_1_374' title='bbox 969 5656 1222 5712; x_wconf 77' lang='lat' dir='ltr'><strong>exhalare</strong></span> <span class='ocrx_word' id='word_1_375' title='bbox 1269 5654 1542 5725; x_wconf 89' lang='lat' dir='ltr'><strong>spiritum.</strong></span> <span class='ocrx_word' id='word_1_376' title='bbox 1576 5654 1677 5710; x_wconf 89' lang='lat' dir='ltr'><strong>Sed</strong></span> <span class='ocrx_word' id='word_1_377' title='bbox 1718 5658 1846 5726; x_wconf 81' lang='lat' dir='ltr'><strong>quid</strong></span> <span class='ocrx_word' id='word_1_378' title='bbox 1876 5673 1970 5726; x_wconf 71' lang='lat' dir='ltr'><strong>pn-</strong></span> 
     </span>
    </p>
   </div>
   <div class='ocr_carea' id='block_1_46' title="bbox 2067 5654 3660 5747">
    <p class='ocr_par' dir='ltr' id='par_1_46' title="bbox 2085 5654 3660 5747">
     <span class='ocr_line' id='line_1_46' title="bbox 2085 5654 3660 5747; baseline 0.013 -34"><span class='ocrx_word' id='word_1_379' title='bbox 2085 5664 2530 5734; x_wconf 74' lang='grc' dir='ltr'><strong>συγκαταμύσαι,</strong></span> <span class='ocrx_word' id='word_1_380' title='bbox 2563 5667 2657 5721; x_wconf 77' lang='grc' dir='ltr'><strong>καὶ</strong></span> <span class='ocrx_word' id='word_1_381' title='bbox 2704 5668 2873 5739; x_wconf 80' lang='grc' dir='ltr'>πνοὴν</span> <span class='ocrx_word' id='word_1_382' title='bbox 2923 5672 3052 5742; x_wconf 78' lang='grc' dir='ltr'>ὃλην</span> <span class='ocrx_word' id='word_1_383' title='bbox 3105 5654 3660 5747; x_wconf 51' lang='grc' dir='ltr'><strong>συγκατερεύξαᾶοαιξ</strong></span> 
     </span>
    </p>
   </div>
  </div>
