4034 6440
447 406 558 472 757

1436 417 1826 480 LAUDATIO
1867 420 2260 481 FUNEBRIS
2300 422 2740 489 EUSTATHIL

3593 426 3696 489 758

462 518 625 572 ’Λλλὰ
648 519 702 572 τί
733 518 930 588 πάθω;
966 519 1227 576 Ἐπόοουν
1273 523 1403 577 ίδεῖν
1434 524 1524 577 τὸν
1572 526 1673 595 ἐμὲ
1725 527 2019 593 ποθοῦντα,

2127 529 2232 585 tior
2252 530 2275 593 τ
2297 530 2680 587 Desiderabam
2703 533 2888 589 videre
2912 548 2999 590 me
3023 534 3448 597 desiderantem,
3474 542 3527 588 et
3557 549 3695 604 quo-

449 610 544 663 καὶ¹
571 612 693 675 ταῖς
715 610 1110 684 καθημεριναῖς
1138 615 1348 671 ἐλπίσιν
1378 617 1836 688 ὲϐουκολούμεθα,
1860 620 1889 673 ό
1922 619 2022 690 μὲν

447 701 540 755 τὸν
576 703 807 773 ἀδελφὸν
847 706 1213 773 ὑποδέξασθαι
1262 709 1356 763 καὶ
1411 710 1852 781 φιλενδεικτῆσαι
1892 713 2022 783 περὶ

446 794 538 847 τὸν
562 793 755 863 ξένιον,
774 796 886 866 ἐγὼ
911 797 970 851 δὲ
1022 798 1101 870 τῷ
1146 803 1456 873 φιλουμένῳ
1510 804 1870 875 περιχυθῆναι
1929 806 2023 859 καὶ

447 884 857 951 ἀφοσιώσασθαι
879 889 930 941 οἱ
964 889 1055 942 τὸν
1084 890 1278 959 φίλιον.
1326 892 1465 946 Ἀλλ’
1493 895 1640 963 οἴμοι
1668 897 1679 947 l
1733 893 1928 961 φθάνει
1962 896 2022 948 τὸ

447 975 538 1028 τοῦ
573 977 805 1032 θανάτου
835 981 1139 1050 ταχυπετὲς
1180 982 1274 1035 καὶ
1317 984 1635 1056 όξύδρομον.
1680 985 1791 1039 Καὶ
1844 988 2021 1039 κεῖται

450 1067 550 1135 μὲν
577 1068 605 1120 ό
638 1070 1018 1140 πεποθημένος
1056 1072 1315 1140 ἄφαντος,
1340 1075 1564 1139 ἄναυδος
1598 1091 1612 1106 ·
1668 1077 1799 1145 ἐγὼ,
1821 1076 1879 1130 δὲ
1925 1078 2023 1131 τά-

447 1174 548 1224 φον
583 1159 947 1229 περιίσταμαι
978 1160 1190 1230 τοῦτον,
1223 1163 1283 1217 ὃν
1314 1166 1415 1220 οὐκ
1441 1162 1707 1229 οἶδ”ὃπως
1737 1167 1830 1221 καὶ
1857 1184 2021 1237 προσ-

447 1247 576 1302 ιδεῖν
637 1249 1005 1324 ἐκαρτέρησα.
1051 1254 1186 1308 Οὐδὲ
1249 1256 1360 1325 γὰρ
1406 1256 1499 1311 ἐπὶ
1533 1258 1705 1326 τάφον
1749 1259 2021 1329 ἠρχόμην,

445 1340 555 1393 οὐδ’
579 1343 670 1394 ἐπὶ
704 1345 930 1409 πένθους
962 1348 1241 1423 ὑπόθεσιν,
1276 1349 1393 1403 ἀλλ’
1416 1350 1511 1404 ἐπὶ
1561 1350 1804 1421 λειμῶνα
1852 1352 2021 1421 Χαρί-

444 1450 574 1496 των,
608 1436 703 1489 ἐπὶ
727 1440 968 1506 τερπνὴν
988 1442 1335 1512 ἀγαλλίασιν.
1363 1507 1367 1512 ,
1393 1444 1505 1497 Καὶ
1536 1441 1666 1511 γοῦν
1695 1461 1786 1513 μοι
1814 1444 1885 1497 τὰ
1922 1444 2021 1515 μὲν

444 1524 545 1591 τῆς
577 1521 757 1595 ζώσης
785 1530 1118 1598 προσλαλιᾶς
1148 1535 1177 1586 ὁ
1226 1534 1433 1603 χάρτης
1480 1532 1636 1597 οὗτος
1687 1536 2018 1606 ἀναπληροῖ,

445 1615 505 1677 δς
534 1616 630 1670 καὶ
654 1618 761 1672 ἀπὸ
790 1621 890 1691 τῆς
920 1623 1013 1677 τοῦ
1045 1625 1252 1690 πάθους
1299 1626 1528 1694 αἰθάλης
1582 1628 1783 1697 μᾶλλον
1834 1629 1867 1699 ἢ
1924 1631 2021 1684 τοῦ

450 1709 716 1779 συνήθους
757 1712 1043 1784 βάμματος
1088 1719 1490 1788 μεμελάνωται.
1550 1721 1662 1775 Καὶ
1711 1721 2018 1791 φθέγγομαι

452 1799 571 1866 μὶν,
607 1800 723 1852 ἀλλ’
764 1804 862 1875 οὐχ
893 1801 980 1859 οἷα
1009 1807 1103 1860 καὶ
1142 1807 1233 1862 τὸν
1283 1810 1512 1878 ἀδελφὸν
1568 1811 1877 1866 ὑπακούσαι
1925 1814 2019 1867 καὶ

452 1890 760 1947 ἀντιδοῦναι
812 1872 1035 1966 φθέγμα
1065 1872 1436 1971 προσήγορον,
1464 1901 1583 1955 ἀλλ’
1609 1896 1699 1957 οἷα
1728 1903 1900 1972 τάφον
1930 1904 2023 1974 μό·
2051 1872 2095 1927 Β

451 1997 541 2033 νον
598 1983 982 2055 περιλαλῆσαι,
1039 1991 1284 2054 καὶτοῖς
1337 1993 1685 2064 παρεστῶσιν
1724 1996 2021 2065 -άνεγεῖραι

450 2073 749 2145 κλαυθμόν.
807 2077 871 2131 Εἰ
926 2078 1104 2134 δὲκαὶ
1159 2081 1259 2153 τὴν
1307 2082 1602 2156 ἀδελφικὴν
1634 2086 1817 2140 ἑστίαν
1866 2088 2025 2153 ἔδοξά

454 2179 570 2227 πως
594 2164 940 2235 καταλαϐεῖν,
974 2169 1091 2223 ἀλλ’
1120 2168 1245 2226 οὔτε
1280 2189 1369 2243 μοι
1395 2177 1860 2244 προσυπαντῶντα
1902 2177 2021 2249 βλέ-

449 2253 538 2322 ψω
564 2254 655 2309 τὸν
676 2257 922 2326 ἀδελφὸν,
955 2258 1078 2314 οὔτε
1125 2262 1231 2332 μὴν
1264 2265 1359 2317 τὸν
1409 2263 1656 2337 θυρωρδν
1705 2268 2025 2337 ὑπανοίγου-

450 2362 519 2398 τα
548 2362 562 2377 ο
586 2344 791 2416 ἕστηκα
824 2349 883 2402 δὲ
916 2350 1129 2420 μακρὸν
1161 2352 1475 2424 κεκραγὼς,
1526 2359 1624 2430 καὶ
1664 2357 1879 2426 κρούων
1923 2359 2023 2429 τὴν

454 2435 647 2505 θύραν,
672 2439 765 2492 καὶ
788 2441 886 2511 οὐχ
916 2441 1209 2497 ὑπακούων
1235 2444 1434 2509 οὐδείς.

527 2528 594 2599 β’.
624 2528 790 2598 ’Δλλ’,
821 2525 866 2585 ὧ
895 2533 1198 2603 ἀρχιερέων
1228 2536 1471 2591 θειότατε
1497 2538 1592 2591 καὶ
1627 2539 1925 2609 σοφώτατε,
1948 2544 2023 2612 μή

450 2619 502 2672 τί
531 2636 624 2672 σου
652 2623 747 2677 καὶ
785 2623 880 2678 νῦν
926 2624 1135 2696 βιϐλίον
1188 2630 1246 2683 ἐν
1293 2631 1358 2701 τῇ
1408 2631 1572 2702 χειρὶ,
1627 2634 1722 2686 καὶ
1758 2635 1851 2688 τὸν
1899 2634 2026 2688 νοῦν

450 2711 629 2764 ἐκεῖσε
652 2713 857 2784 τρέψας
892 2717 1029 2786 πρὸς
1053 2717 1145 2774 τὸν
1179 2719 1417 2790 φθόγγον
1453 2724 1829 2792 ἀνηκουστεῖς,
1886 2729 2024 2798 μηδὲ

453 2802 544 2856 καὶ
574 2806 822 2876 γράφων,
858 2808 958 2862 ὅσα
989 2810 1125 2882 πρὸς
1152 2815 1528 2885 καταρτισμὸν
1558 2814 1653 2869 τοῦ
1684 2820 1960 2889 ποιμνίου,
1989 2821 2024 2892 ἦ

450 2894 601 2962 βίους
627 2901 935 2964 σκοτεινοὺς
959 2903 1290 2973 ὲρεϐοδιφῶν
1310 2908 1407 2960 καὶ
1431 2908 1814 2977 ἀναπτύσσων,
1849 2912 2025 2966 ὁπόσα

451 2986 679 3057 κρύφια,
709 2989 742 3060 ἢ
785 2992 1069 3061 βασιλεῦσι
1102 2996 1314 3052 πλέκων
1343 2999 1623 3069 ἐγκώμια,
1654 3002 1687 3073 ἢ
1721 3002 1896 3072 φίλοις
1929 3007 2025 3073 ὲγ·

448 3082 733 3146 χαράττων
757 3084 1046 3149 ἐπιστολὰς
1076 3086 1273 3156 (ταῦτα
1321 3089 1386 3159 δή
1441 3107 1524 3145 σοι
1586 3092 1657 3146 τὰ
1714 3095 2026 3165 προσευχῆς

2125 620 2325 676 tidiana
2359 637 2456 692 spe
2484 623 2879 680 deludebamur
2907 642 2920 680 :
2958 626 3045 682 ille
3080 628 3298 697 quidem
3351 626 3605 695 sperabat
3639 641 3699 681 se

2124 711 2343 767 fratrem
2403 724 2785 785 suscepturum
2854 718 3015 788 eique
3087 719 3429 789 splendidum
3501 717 3698 772 offerre

2122 802 2447 871 hospitium;
2476 824 2576 879 ego
2607 818 2785 863 autem
2821 824 2908 865 me
2933 809 3171 865 sodalem
3204 818 3445 865 amatum
3477 812 3695 863 suavia-

2123 902 2410 961 turum,et
2436 913 2560 967 erga
2613 900 2763 954 illum
2794 900 3047 955 amiciti-ae
3106 900 3423 956 functurum
3475 900 3692 954 ofliciis.

2121 986 2225 1041 Sed
2258 989 2358 1043 heu
2381 990 2393 1043 ί
2422 990 2628 1045 interiit
2651 1001 2824 1045 morte
2843 992 3122 1059 repentina
3145 992 3429 1061 velocique
3452 1000 3693 1060 ereptus.

2121 1074 2276 1131 Nunc
2318 1078 2537 1147 quidem
2585 1080 2731 1149 jacet
2763 1078 3123 1145 desideratus,
3176 1081 3293 1135 sine
3334 1079 3531 1142 forma,
3570 1081 3693 1133 sine

2120 1182 2294 1234 voce;
2331 1184 2429 1238 ego
2469 1184 2599 1225 vero
2643 1171 2731 1226 isti
2779 1171 2988 1226 tumulo
3042 1171 3202 1225 adsto
3251 1184 3352 1225 nec
3396 1170 3532 1224 satis
3584 1170 3699 1222 seio

2122 1273 2231 1328 quo
2284 1269 2445 1329 pacto
2497 1276 2620 1317 eum
2670 1262 2917 1330 aspicere
2966 1262 3225 1316 sustinui.
3290 1260 3369 1315 Ad
3429 1259 3695 1314 tumulum

2121 1350 2265 1405 enim
2306 1366 2649 1422 nequaquam
2691 1354 2833 1419 veni,
2868 1368 2969 1408 nec
2997 1353 3062 1405 ad
3093 1353 3345 1407 maeroris
3382 1352 3695 1414 materiam,

2122 1441 2214 1496 sed
2243 1442 2309 1496 ad
2343 1442 2557 1496 hortum
2587 1441 2923 1506 Gratiarum,
2963 1441 3031 1496 ad
3065 1440 3287 1496 hilarem
3321 1440 3687 1496 festivitatem.

2120 1532 2254 1587 Mihi
2284 1547 2412 1603 ergo
2442 1534 2559 1590 haec
2616 1534 2803 1588 charta
2854 1534 3032 1588 vivam
3069 1533 3313 1603 suppleat
3362 1547 3485 1602 quae
3532 1533 3701 1603 magis

2120 1624 2326 1680 doloris
2359 1623 2583 1694 fuligine
2615 1641 2775 1695 quam
2803 1625 2964 1680 solito
2990 1625 3199 1681 fuscata
3232 1624 3330 1680 fuit
3364 1633 3691 1679 atramento.

2122 1713 2339 1785 Loquar
2363 1716 2603 1784 quidem,
2638 1717 2729 1770 sed
2781 1730 2889 1769 non
2924 1716 3162 1786 qualiter
3189 1715 3345 1784 juvat
3373 1728 3492 1768 cum
3526 1711 3696 1768 fratre

2123 1806 2456 1871 conversari,
2511 1818 2571 1860 ut
2624 1806 2692 1860 ab
2743 1821 2809 1860 eo
2859 1819 3182 1875 responsum
3229 1802 3545 1871 accipiatur.
3584 1799 3701 1856 Vox

2125 1904 2305 1952 autem
2322 1911 2440 1952 mea
2464 1897 2636 1953 solum
2662 1896 2979 1966 personabit
3002 1894 3361 1965 sepulchrum
3385 1901 3439 1947 et
3460 1893 3701 1948 cireum-

2125 1987 2394 2044 stantibus
2426 1988 2682 2043 excitabit
2735 1987 2989 2059 gemitus,
3048 1985 3103 2040 Si
3157 1999 3380 2041 rursum
3428 1983 3702 2039 fraternas

2124 2079 2268 2134 aedes
2297 2080 2449 2134 adire
2478 2070 2763 2149 placuerit,
2796 2078 2926 2133 mihi
2958 2085 3337 2133 occurrentem
3369 2090 3476 2130 non
3508 2075 3700 2129 videbo

2124 2167 2344 2224 fratrem
2372 2184 2475 2224 nec
2525 2170 2658 2224 mihi
2709 2169 2856 2225 fores
2899 2169 3268 2239 pandentem;
3299 2166 3395 2223 sed
3429 2166 3553 2221 steti
3603 2165 3698 2219 diu

2124 2260 2367 2317 clamans
2397 2268 2452 2317 et
2480 2271 2689 2333 portam
2726 2260 2972 2332 pulsans,
3001 2274 3104 2316 nec
3135 2258 3342 2315 audivit
3371 2257 3541 2312 ullus.

2192 2530 2249 2586 2.
2286 2529 2414 2597 Sed,
2449 2544 2484 2587 ο
2516 2529 2833 2601 pontiﬁcum
2891 2509 3235 2584 divinissime
3293 2533 3347 2581 et
3401 2524 3702 2595 sapientis-

2125 2624 2283 2692 sime,
2347 2623 2613 2694 numquid
2664 2622 2792 2693 quia
2855 2636 3017 2676 manu
3074 2630 3266 2676 tenens
3314 2618 3516 2674 librum
3579 2617 3703 2671 inde

2125 2724 2360 2770 mentem
2390 2715 2688 2780 nutriebas,
2714 2716 2781 2768 ad
2814 2728 3011 2770 sonum
3037 2727 3145 2767 non
3175 2710 3451 2766 attendisti
3481 2725 3496 2776 ;
3538 2724 3700 2762 num-

2125 2807 2254 2877 quid
2284 2808 2410 2877 quia
2442 2806 2722 2862 scribebas
2766 2820 2831 2860 ea
2885 2819 3008 2875 quae
3037 2807 3091 2859 in
3126 2818 3288 2875 grege
3321 2817 3506 2871 pacem
3545 2801 3704 2856 resti-

2125 2904 2304 2961 tuant,
2338 2899 2421 2952 vel
2461 2897 2590 2968 quia
2621 2898 2760 2953 vitas
2782 2896 3050 2953 obscuras
3079 2904 3356 2952 scrutatus
3388 2894 3702 2964 explicabas

2126 2990 2275 3044 velut
2302 2990 2695 3056 secretissima,
2735 2990 2821 3045 vel
2863 2990 3291 3060 imperatoribus
3347 2990 3574 3044 texebas
3600 3003 3703 3043 eu-

2126 3083 2303 3137 comia
2329 3092 2424 3138 aut
2463 3082 2657 3138 amicis
2685 3083 2952 3138 exarabas
2977 3082 3236 3153 epistolas
3274 3082 3383 3153 (his
3409 3080 3556 3136 enim
3595 3090 3700 3135 tuae

449 3174 544 3272 καὶ
573 3174 844 3244 μερίμνης
878 3176 1014 3248 ἀεὶ),
1050 3180 1380 3245 άπέκλεισάς
1413 3200 1508 3237 σου
1560 3187 1659 3253 τὴν
1699 3186 1897 3255 θύραν,
1942 3187 2017 3250 ὡς

2127 3188 2297 3241 ουτω,
2326 3183 2415 3230 tua
2446 3174 2755 3229 sollicitudo
2786 3174 3086 3241 continua)
3119 3183 3266 3228 tuam
3314 3174 3582 3229 obserasti
3611 3173 3698 3242 jac

451 3263 528 3331 μή
556 3280 637 3315 σοι
668 3267 1013 3338 ἑπιταραχθῇ
1044 3268 1104 3322 τὸ
1157 3269 1453 3341 ὲμπόνημα
1487 3289 1505 3340 ;
1549 3273 1695 3327 Ἀλλ’
1742 3276 1837 3328 ἐπὶ
1892 3277 2016 3329 τού-

2125 3277 2286 3318 uuam
2325 3276 2395 3318 ne
2424 3263 2503 3317 tui
2544 3264 2835 3318 turbentur
2886 3262 3149 3318 labores?
3181 3262 3248 3317 Et
3304 3261 3431 3316 inde
3482 3275 3581 3315 nec
3610 3275 3698 3315 me

453 3370 566 3418 τοις
591 3357 798 3419 ἀδικεῖς
837 3358 937 3426 μὲν
960 3360 1081 3429 ἐμὲ,
1117 3361 1296 3432 μάτην
1329 3363 1423 3416 ἐπὶ
1454 3364 1515 3418 σὲ
1546 3365 1622 3435 τῷ
1668 3366 1853 3438 δρόμῳ
1881 3384 2019 3439 χρη-

452 3446 709 3515 σάμενον,
738 3441 798 3501 οὗ
829 3450 926 3504 καὶ
948 3451 1046 3522 τὴν
1070 3451 1199 3506 θέαν
1248 3455 1623 3527 ἑκαραδόκεις,
1654 3452 1699 3528 ᾧ
1747 3462 1843 3514 καὶ
1888 3462 2021 3531 τρά-

452 3540 628 3605 πεζαν
662 3543 757 3595 καὶ
785 3543 975 3607 κλίνην
1004 3545 1359 3616 ηὑτρέπιζες,
1391 3551 1486 3604 καὶ
1515 3553 1639 3623 οὐχὶ
1673 3553 1800 3617 τοὺς
1829 3554 2023 3608 ὑποδε-

459 3630 716 3698 ξομένους
747 3633 1169 3701 ἁνεπετάννυες,
1201 3636 1335 3691 ἀλλὰ
1364 3639 1459 3692 καὶ
1509 3641 1687 3711 ψυχῆς
1726 3642 1898 3714 αὐτῆς
1922 3644 2024 3697 ὑπ-

455 3725 671 3793 ήνοιγες
703 3726 765 3779 τὸ
805 3725 1043 3795 θυρίδιον
1076 3745 1091 3759 ⁸
1119 3729 1330 3793 ἀδικεῖς
1361 3732 1418 3785 δὲ
1448 3736 1545 3789 καὶ
1565 3737 1664 3804 τὴν
1689 3735 1788 3806 σὴν
1816 3735 2023 3809 ταύτην

452 3818 627 3881 πόλιν,
654 3819 729 3888 μὴ
761 3819 975 3889 θρήνων
997 3821 1204 3875 ἐπαΐων
1225 3822 1334 3877 τῶν
1368 3826 1717 3896 πανοδύρτων
1770 3827 1863 3891 οὓς
1898 3830 2025 3882 ἔπι-

453 3907 624 3961 λείϐει
657 3925 751 3961 σου
777 3912 844 3980 τῇ
878 3909 1021 3980 σορῷ
1052 3912 1342 3981 παννύχιός
1371 3933 1432 3968 τε
1494 3917 1590 3969 καὶ
1642 3920 1983 3990 πανημέριος
2006 3937 2022 3953 ο

452 3997 527 4061 ὡς
552 4000 729 4066 ἔγωγε
759 4000 969 4069 ταύτην
1006 4002 1096 4054 καὶ
1128 4001 1283 4067 ἐλεῶ,
1318 4003 1575 4059 τοσοῦτον
1623 4006 1834 4078 κόσμον
1885 4010 2025 4064 ἁπο-

452 4090 711 4158 θεμένην,
743 4090 838 4142 καὶ¹
865 4089 1088 4160 τηλίκον
1119 4091 1433 4146 ὑποστάσαν
1472 4094 1818 4167 δυστύχημα.
1866 4099 2028 4155 Οὕτω

454 4182 546 4236 καὶ
574 4183 703 4235 ναῦν
729 4183 988 4243 πολλάκις
1013 4183 1220 4255 ἠλέησα
1243 4186 1335 4239 τὸν
1355 4186 1697 4260 κυϐερνήτην
1722 4191 2045 4264 άποϐαλοῦιε

454 4292 570 4338 σαν,
602 4274 747 4328 οὕτω
775 4276 869 4338 καὶ
900 4277 1158 4347 στρατιὰν
1183 4278 1276 4331 τὸν
1311 4280 1617 4350 στρατηγὸν
1641 4281 1986 4338 ἀπολέσασαν
2008 4301 2022 4316 ·

452 4366 544 4418 ἐπὶ
571 4367 628 4419 δὲ
655 4365 869 4437 σώματι
899 4366 1048 4436 καλῷ
1082 4368 1177 4421 καὶ
1225 4369 1438 4441 κοσμίῳ
1466 4370 1565 4440 τὴν
1605 4372 1847 4443 κεφαλὴν
1896 4375 2034 4429 ἀπο-

451 4459 709 4529 τμηθέντι
734 4460 829 4513 καὶ
858 4459 1224 4530 ὲπεδάκρυσα.

2119 3353 2365 3426 dignaris
2399 3354 2680 3423 suscipere
2708 3355 2803 3425 qui
2829 3354 2896 3410 ad
2927 3363 2978 3410 te
3025 3354 3284 3409 velociter
3332 3351 3699 3417 cucurri,.cu-

2116 3445 2206 3516 jus
2230 3455 2509 3513 aspectum
2560 3443 2816 3500 ardenter
2867 3443 3116 3514 optabas,
3143 3444 3230 3498 cui
3276 3457 3516 3497 mensam
3541 3450 3594 3496 ct
3625 3441 3703 3496 le-

2122 3537 2329 3590 ctulum
2372 3551 2682 3605 paraveras,
2716 3536 2801 3589 cui
2840 3550 2945 3589 non
2980 3543 3191 3590 tantum
3226 3534 3516 3603 tlctegebas
3567 3534 3705 3586 reci-

2121 3629 2369 3698 piendos,
2397 3627 2490 3683 sed
2525 3628 2697 3697 ipsius
2723 3628 2883 3683 etiam
2907 3629 3100 3695 anitme
3133 3632 3344 3696 portam
3378 3623 3702 3692 aperiebas;

2122 3736 2225 3776 nec
2249 3721 2496 3792 accipere
2543 3720 2790 3788 dignaris
2818 3719 2990 3788 ipsam
3038 3727 3186 3772 tuam
3223 3717 3520 3777 civitatem,
3551 3712 3707 3768 ﬂebi-

2124 3811 2265 3867 libus
2298 3812 2415 3882 ejus
2445 3826 2553 3865 non
2621 3811 2821 3866 auditis
2867 3810 3164 3881 gemitibus
3193 3822 3333 3879 quos
3387 3815 3501 3861 tota
3538 3815 3714 3883 nocte

2125 3912 2347 3973 totaque
2396 3904 2483 3959 die
2532 3904 2645 3958 edit
2703 3905 2756 3957 in
2794 3911 2886 3957 tuo
2946 3900 3217 3970 sepulcro.
3275 3899 3550 3965 Quantum
3606 3912 3704 3967 ego

2125 3996 2241 4065 ipse
2271 4011 2388 4051 eam
2425 3995 2570 4050 dolui
2607 4011 2728 4066 qua:
2772 4002 2921 4050 tanto
2967 3993 3195 4063 spoliata
3254 4002 3451 4046 ornatu
3496 4000 3702 4045 tantam

2128 4085 2348 4141 sustulit
2380 4102 2702 4142 azrumnam.
2732 4086 2887 4141 Sicut
2924 4086 3076 4139 navis
3116 4098 3259 4153 saepe
3294 4084 3550 4138 misertus
3577 4098 3697 4137 sum

2129 4177 2497 4246 gubernatore
2518 4177 2811 4244 destitutae,
2849 4177 2993 4233 sicut
3019 4175 3291 4231 exercitus
3333 4174 3471 4229 duce
3507 4175 3707 4237 orbati,

2130 4268 2205 4322 ita
2238 4269 2288 4321 in
2327 4282 2561 4339 corpore
2586 4269 2816 4340 pulchro
2847 4279 2901 4324 et
2922 4268 3171 4338 specioso
3197 4276 3359 4337 caput
3383 4264 3701 4335 ademptum

2129 4360 2340 4417 deﬂevL

521 4555 592 4618 γ’.
634 4550 725 4619 Τῷ
754 4550 869 4604 ὄντι
894 4550 951 4604 δὲ
988 4550 1105 4617 ν’ύν,
1140 4552 1300 4622 είπερ
1337 4553 1528 4608 ἄλλοτέ
1558 4572 1716 4620 ποτε,
1744 4555 2025 4630 γέγονενή

2197 4549 2254 4603 5.
2290 4547 2495 4618 Utique
2525 4548 2777 4620 praesenti
2819 4557 3082 4617 tempore,
3118 4549 3166 4604 si
3206 4566 3467 4620 unquam,
3498 4550 3709 4620 captiva

453 4638 898 4694 Θεσσαλονικέων
929 4641 1081 4704 πόλις
1123 4642 1492 4712 αἰχμάλωτος,
1531 4647 1628 4699 καὶ
1666 4645 1907 4715 πολέμου
1942 4647 2022 4699 δί-

452 4747 521 4799 χα
552 4732 646 4783 καὶ
683 4729 988 4800 Βαρϐάρων
1010 4731 1314 4803 ἐπιδρομῆς
1336 4734 1610 4806 ὲσκυλήθη
1656 4738 1766 4791 τῶν
1828 4738 2026 4806 ἑαυτῆς

452 4820 773 4891 κειμηλίων,
803 4822 831 4875 ὅ
866 4839 1029 4893 τιπερ
1054 4824 1366 4893 κράτιστον.
1429 4827 1589 4879 Δοκεί
1645 4843 1737 4897 μοι
1789 4829 1884 4881 καὶ
1920 4832 1948 4882 ὁ
1971 4832 2028 4880 ὲν

457 4914 699 4983 μάρτυσι
727 4915 1095 4985 μυροϐλύτης,
1124 4915 1226 4987 τὴν
1269 4917 1365 4969 τοῦ
1419 4917 1641 4987 ῥείθρου
1686 4918 2029 4990 πλημμύραν

455 5003 735 5073 ἀνακύψας
759 5007 854 5059 ἐπὶ
888 5005 1107 5076 μικρὸν,
1155 5007 1256 5076 τῆς
1301 5007 1510 5070 οἰκείας
1565 5006 1772 5071 πόλεως
1834 5010 2028 5077 ἐπιση-

458 5097 624 5164 μῆναι
660 5098 760 5167 τὴν
787 5097 1101 5169 συμφοράν.
1145 5098 1206 5152 '0
1234 5097 1293 5153 δὲ
1331 5100 1431 5169 τὴν
1474 5097 1629 5151 πόλιν
1685 5098 2031 5168 περικλύζων

455 5189 710 5260 δεύτερος
738 5191 1004 5261 ποταμὸς,
1026 5190 1087 5244 οὗ
1120 5191 1180 5245 τὸ
1208 5191 1392 5262 ῥεῦμα
1420 5191 1530 5244 τῶν
1572 5191 1746 5258 λόγων
1790 5191 1885 5245 καὶ
1935 5193 2029 5244 τοῦ

458 5282 654 5336 Νείλου
687 5283 1041 5351 καταράκτας
1068 5284 1412 5356 ἀπέκρυψεν,
1444 5282 1724 5337 ἐπαύσατο
1751 5283 1912 5353 ῥέων,
1936 5286 2031 5338 καὶ

454 5376 482 5426 ὁ
512 5375 680 5437 πολὺς
707 5377 913 5439 ἐκεῖνος
951 5376 1127 5443 ῥοῖζος
1160 5378 1438 5449 ἐσίγησεν.
1484 5376 1594 5430 Καὶ
1644 5376 1738 5430 νῦν
1795 5377 1845 5430 οἱ
1903 5377 2033 5448 χθὲς

456 5468 645 5534 χανδὸν
673 5468 1053 5538 ὲκροφοῦντες,
1080 5470 1176 5523 καὶ
1218 5469 1296 5538 τῷ
1355 5469 1596 5541 μελιχρῷ
1636 5470 1731 5525 τοῦ
1790 5471 2031 5539 νάματος

460 5556 1133 5629 γλυκαζὸμενοι,αύαλέοι
1180 5562 1421 5632 σήμερον
1473 5563 1569 5614 καὶ
1608 5565 1894 5632 περικαεῖς
1954 5562 2032 5632 τῷ

458 5651 590 5720 πυρὶ
620 5652 717 5721 τῆς
745 5650 903 5723 δίψης
934 5650 1342 5722 καμινεύονται.
1367 5653 1663 5723 Διψήσουσι
1691 5654 1734 5707 δ’
1760 5649 1915 5724 οἶμαι
1936 5655 2031 5708 καὶ

459 5740 592 5793 πολύ
632 5758 686 5793 τι
721 5742 883 5811 μέρος
907 5743 1006 5813 τῆς
1037 5745 1383 5815 οἰκουμένης,
1414 5745 1528 5796 ὅσοι
1562 5745 1672 5798 τῶν
1698 5745 1792 5797 τοῦ
1846 5745 2024 5815 μάκα-

464 5847 560 5898 ρος
600 5833 857 5903 ναμάτων
887 5835 1182 5902 ἐγεύσαντο
1218 5849 1233 5868 ο
1265 5835 1313 5888 οἱ
1345 5835 1446 5906 μὲν
1476 5839 1540 5892 ὲκ
1574 5835 1669 5890 τοῦ
1718 5835 1903 5908 σχεδὸν
1930 5838 2028 5909 τῆς

2129 4640 2276 4697 facta
2317 4653 2403 4697 est
2460 4641 3026 4698 Thessalonicensium
3091 4643 3325 4710 civitas,

2128 4734 2370 4797 bellum,
2448 4735 2730 4788 incursum
2817 4732 3180 4789 Barbarorum
3273 4750 3494 4790 suarum
3588 4751 3710 4806 prc-

2132 4826 2425 4880 tiosissima
2502 4839 2841 4896 gemmarum
2892 4823 2991 4878 fuit
3044 4836 3233 4881 exuta.
3284 4824 3507 4881 Videtur
3574 4829 3708 4883 mihi

2128 4916 2218 4972 ille
2258 4918 2396 4971 inter
2428 4926 2695 4987 martyres
2723 4915 3086 4986 Myrostillans
3118 4916 3398 4985 paululum
3445 4932 3710 4986 suspenso

2130 5009 2276 5063 ﬂuxu
2311 5025 2533 5078 prorsus
2559 5008 2851 5074 odorifero,
2886 5009 3037 5063 urbis
3073 5008 3420 5078 significasse
3451 5010 3707 5064 exitium.

2130 5100 2407 5154 Posterior
2456 5100 2647 5154 urbem
2682 5100 2913 5169 irrigans
2948 5099 3164 5163 ﬂuvius,
3194 5099 3353 5169 cujus
3382 5115 3703 5154 sermonum

2129 5189 2331 5246 ﬂuento
2362 5189 2465 5244 Nili
2510 5191 2678 5260 ipsius
2712 5190 2915 5245 cedunt
2937 5200 3260 5258 cataractae;
3298 5189 3469 5245 ﬂuere
3520 5191 3704 5256 desiit,

2130 5291 2183 5335 ct
2214 5296 2440 5351 magnus
2476 5281 2564 5336 ille
2593 5281 2775 5351 fragor
2804 5282 2979 5335 siluit.
3016 5280 3081 5335 Et
3115 5295 3258 5335 nunc
3288 5282 3379 5350 qui
3407 5280 3519 5335 heri
3544 5281 3706 5350 pleno

2130 5388 2226 5427 ore
2286 5374 2536 5429 bibentes
2588 5388 2750 5428 amne
2803 5372 3061 5428 mcllilluo
3102 5373 3536 5435 delectabantur.
3572 5373 3703 5426 sicci

2130 5467 2291 5522 hodie
2319 5474 2372 5520 et
2405 5466 2598 5522 torridi
2656 5468 2778 5521 sitis
2823 5467 2947 5538 igne
2978 5474 3233 5521 uruntur.
3263 5465 3463 5521 Sitient
3515 5466 3702 5533 etiam,
3778 5468 3781 5471 ‘

2132 5575 2218 5614 me
2271 5558 2473 5627 judice,
2531 5560 2684 5615 multi
2736 5559 2942 5614 telluris
2992 5560 3180 5614 incola:
3236 5568 3503 5629 quotquot
3557 5559 3708 5614 Beati

2135 5653 2306 5708 nostri
2339 5651 2535 5707 ﬂuenta
2572 5662 2967 5733 gustaverunt;
3029 5662 3138 5706 tum
3179 5653 3270 5722 qui
3330 5652 3511 5722 lingua
3540 5667 3706 5707 aurea

2142 5745 2366 5816 propius
2416 5745 2757 5811 gaudebant,
2815 5753 2927 5797 tmn
2994 5745 3085 5812 qui
3128 5745 3321 5813 procul
3365 5748 3501 5800 echo
3529 5746 3707 5816 perci-

2135 5838 2374 5909 piebant.
2395 5835 2510 5892 Non
2533 5838 2675 5891 enim
2702 5838 2905 5893 tonitru
2932 5836 3203 5907 indignior
3218 5852 3530 5894 sermonum
3560 5837 3709 5893 illius

3406 4654 3462 4698 et
3518 4653 3710 4714 pratter
