4034 6464
318 412 428 477 759

1152 412 1368 472 EUTH
1382 411 1549 470 YMU
1588 406 2169 469 NEOPATRARUM
2209 403 2775 465 METROPOLI'NE

3481 397 3591 462 760

317 525 455 578 echo
482 523 555 578 ita
599 532 657 578 ιιι
687 538 716 578 ιι
754 521 955 578 ﬁnibus
995 530 1155 577 terra:
1186 524 1252 577 ad
1297 523 1433 580 lines
1474 524 1853 594 percrebraret
1880 560 1934 589 ,ε

2023 520 2219 591 (ρυσῆς
2253 518 2690 581 ἀπολελαυκότες
2717 518 2991 586 γλώττης.
3024 516 3074 570 oi
3107 515 3167 570 δὲ
3215 513 3309 567 καὶ
3373 511 3590 583 πόρρω-

319 626 369 670 et
399 614 781 691 contradicere
832 614 1092 669 audentes
1131 614 1349 668 timidos
1387 614 1644 680 ellieeret,
1692 629 1903 670 necnon

324 708 570 774 trepidos
601 705 829 761 auribus
844 719 1041 760 manus
1075 706 1376 761 inserentes
1417 717 1474 763 et
1499 707 1657 778 quasi
1685 717 1907 777 stupore

329 805 630 862 torpentes.
665 791 776 851 Nec
805 810 976 850 sonus
1008 796 1220 866 fulgure
1245 798 1529 853 obscurior
1576 799 1650 853 ita
1704 808 1760 855 ut
1790 799 1905 853 ubi-

324 902 430 954 que
471 886 635 942 simul
675 896 961 955 appareret
1008 897 1063 942 et
1098 899 1177 943 tot
1226 890 1544 946 fulminaret
1594 901 1727 961 quot
1760 891 1907 945 circa

321 974 503 1028 audita
561 990 669 1029 non
723 987 1012 1045 saperent;
1053 977 1191 1033 adeo
1247 979 1477 1047 utquod
1531 978 1598 1032 de
1647 978 1909 1048 apostolis

326 1066 595 1132 prolatum
646 1076 730 1122 est
767 1085 781 1121 :
846 1068 900 1121 in
943 1083 1159 1122 omnem
1194 1079 1394 1124 terram
1444 1070 1681 1125 exivisse
1712 1084 1906 1124 sonum

323 1170 513 1210 eorum
533 1156 666 1211 etin
692 1157 826 1211 lines
856 1157 1006 1215 orbis
1037 1170 1190 1213 terra;
1228 1160 1391 1213 verba
1438 1174 1652 1226 eorum,
1685 1176 1783 1227 ego
1810 1177 1907 1217 an-

324 1242 509 1309 derem
567 1244 784 1314 egregio
836 1245 922 1299 isti
958 1246 1228 1315 applicare
1262 1248 1454 1302 lumini
1482 1259 1535 1304 et
1554 1264 1683 1304 vero
1706 1251 1908 1307 Christi

327 1334 623 1402 discipulo.
654 1334 881 1389 Terram
910 1337 1129 1406 quidem
1158 1354 1263 1394 non
1297 1348 1417 1395 erat
1459 1355 1785 1410 percurrens
1809 1359 1911 1401 nec

329 1425 618 1493 perlegens
644 1426 916 1489 civitates,
944 1442 1045 1482 nec
1072 1427 1143 1483 ab
1167 1429 1269 1483 alia
1302 1431 1357 1484 in
1388 1431 1613 1487 alteram
1638 1436 1911 1493 transiens

329 1525 495 1585 prout
526 1519 883 1572 mandaverat
921 1517 1206 1584 Dominus,
1241 1537 1345 1576 nec
1387 1522 1527 1576 fama
1559 1524 1755 1595 aligera
1783 1541 1909 1580 eum

331 1611 532 1678 ubique
585 1608 1049 1677 circumferebat;
1092 1610 1283 1666 habuit
1303 1623 1485 1667 autem
1519 1613 1911 1669 Thessalonica

331 1699 689 1765 scribentem,
720 1698 884 1758 urbes
916 1714 1043 1753 vero
1080 1711 1309 1767 caeteras,
1349 1702 1401 1756 in
1434 1702 1636 1772 quibus
1665 1704 1911 1758 nonnulli

331 1790 639 1846 litterarum
678 1790 882 1846 alumni
916 1800 972 1851 et
1024 1792 1360 1848 humanitate
1411 1794 1586 1864 politi,
1629 1810 1910 1850 sermones

332 1882 403 1941 ad
427 1896 487 1939 se
517 1884 915 1950 convocabant,
948 1884 1040 1954 qui
1079 1894 1237 1939 erant
1262 1901 1387 1941 vere
1411 1887 1633 1954 pennati
1658 1888 1912 1943 velociter

333 1977 400 2028 ad
432 1984 692 2030 vocantes
721 1977 1191 2045 transmigrantes.
1228 1978 1398 2045 Igitur
1427 1980 1544 2034 haec
1573 1980 1788 2048 quidem
1833 1983 1912 2036 ci-

332 2065 473 2119 vitas
504 2065 794 2122 doctorum
851 2066 999 2122 Beati
1057 2069 1230 2124 nostri
1262 2072 1591 2140 scriptorum
1627 2072 1783 2141 copia
1821 2088 1911 2128 rc~

334 2161 472 2213 ferta
504 2167 608 2224 est,
640 2158 839 2215 referta
871 2161 1033 2215 etiam
1075 2162 1355 2219 civitatum
1405 2165 1590 2232 regina
1644 2180 1764 2230 quae
1791 2165 1912 2235 ejus

334 2265 621 2307 sermones
653 2252 895 2321 collegit.
929 2251 985 2308 Si
1018 2270 1147 2308 vero
1178 2256 1245 2308 ad
1287 2257 1426 2310 alias
1454 2256 1758 2322 transieris,
1791 2259 1914 2311 nul-

334 2344 444 2403 lum
475 2343 779 2399 litterarum
817 2346 1133 2414 participem
1162 2348 1408 2403 invenies
1440 2347 1707 2405 Eustathii
1747 2351 1914 2406 Musae

335 2435 610 2503 ignarum.
647 2437 803 2505 Apud
840 2452 925 2495 tne
956 2438 1135 2492 adhuc
1161 2439 1316 2492 multi
1351 2441 1705 2508 cpistolarum
1738 2444 1915 2500 fasces

335 2528 504 2582 multa
532 2528 722 2597 repleti
754 2530 1024 2598 sapientia
1049 2540 1103 2584 et
1135 2546 1354 2585 onmem
1382 2534 1644 2589 malitiam
1685 2536 1914 2608 ignomi-

334 2621 427 2683 nia
464 2617 778 2683 allicientes,
828 2622 1027 2690 quibus
1064 2636 1163 2693 ego
1197 2638 1291 2677 cor
1332 2624 1525 2692 saepius
1561 2625 1679 2681 scio
1706 2628 1916 2684 exstin-

341 2717 490 2769 xisse
517 2725 757 2768 aestuans
788 2721 841 2768 et
871 2713 1215 2770 immodicam
1254 2716 1527 2772 tristitiam
1569 2717 1815 2787 ejecisse.
1852 2718 1916 2773 Et

336 2806 563 2861 otnnino
599 2805 846 2875 magistri
882 2807 1012 2861 mihi
1040 2809 1334 2878 apparebat
1362 2807 1778 2865 litterula.Nam
1804 2826 1911 2864 non

336 2905 548 2949 tantum
598 2895 651 2950 in
718 2897 1087 2951 testimonium
1146 2898 1351 2954 amoris
1408 2903 1757 2965 cxarabatur,
1818 2901 1911 2954 sed

334 2989 498 3042 etiam
535 2989 690 3043 malis
716 2990 993 3044 inlamiam
1020 2991 1270 3045 inurebat
1298 3001 1353 3046 et
1382 2992 1559 3046 bonos
1590 2994 1911 3049 mirabatur.

334 3079 487 3134 Alios
517 3079 734 3148 quidem
783 3081 1156 3136 vehementius
1192 3083 1587 3148 insectabatur,
1623 3085 1715 3153 qui
1747 3085 1913 3139 urbes

336 3173 577 3227 lacerant
606 3183 659 3227 et
681 3173 945 3229 ecclesias
976 3175 1267 3241 scindunt;
1299 3176 1559 3229 mundum
1592 3191 1720 3231 vero
1750 3175 1913 3230 delle-

337 3264 430 3317 bat
493 3265 546 3318 in
602 3265 842 3333 maligno
893 3268 1125 3336 positum
1188 3278 1457 3334 quatenus
1529 3266 1913 3338 iniquitatibus

338 3358 545 3412 nostris
572 3360 840 3426 perditum
872 3369 925 3414 et
961 3360 1326 3428 inquinatum.

2009 613 2100 665 θεν
2155 612 2280 670 τοὺς
2335 611 2502 681 ἤχους
2563 610 2861 680 δεχόμενοι.
2930 607 3069 662 Οὐδὲ
3123 608 3234 675 γάρ
3285 605 3589 673 ἀτιμοτέρα

2008 703 2241 772 βροντῆς
2285 704 2318 772 ἡ
2365 702 2476 755 τῶν
2510 703 2723 755 ἐκείνου
2774 701 2950 769 λόγων
2992 699 3130 770 ἠχὼ,
3181 696 3257 760 ὡς
3300 696 3376 765 μὴ
3410 696 3504 747 καὶ
3525 697 3590 746 ὲκ

2010 796 2269 861 περάτων
2311 794 2542 847 διαθέειν
2577 795 2658 856 εἰς
2688 794 2923 861 πέρατα,
2970 793 3066 845 καὶ
3098 791 3226 853 τοὺς
3284 786 3591 852 ἀντιλέγειν

2009 886 2325 956 τολμῶντας
2367 884 2578 947 δειλοὺς
2610 883 2967 954 ἐργάζεσθαι,
3009 882 3105 935 καὶ
3152 879 3428 947 περιδεεῖς
3476 878 3589 937 τοῖς

2007 978 2113 1031 ὠσὶ
2138 976 2235 1039 τὰς
2287 978 2475 1045 χεῖρας
2525 976 2894 1039 ἐπιτιθέντας,
2951 974 3046 1027 καὶ
3099 972 3160 1025 τὺ
3222 968 3593 1038 ὲμσρόντητον

2010 1068 2440 1132 ὑποπτεύοντας.
2470 1069 2605 1121 Οὐδὲ
2636 1068 2664 1120 6
2693 1067 2934 1136 φθόγγος
2985 1063 3277 1135 ἀστραπῆς
3343 1062 3594 1130 ἀμαυρὸ-

2009 1177 2187 1230 τερος,
2218 1161 2294 1222 ὡς
2328 1159 2404 1229 μὴ
2439 1159 2767 1229 προφαίνειν
2801 1155 3141 1227 ἁπανταχοῦ,
3172 1155 3347 1214 ἐνίους
3394 1151 3453 1203 δὲ
3497 1155 3592 1202 καὶ

2010 1256 2290 1325 πιμπρᾷν,
2343 1253 2459 1305 ὅσοι
2513 1252 2642 1321 περὶ
2684 1252 2783 1319 τὴν
2831 1250 2999 1319 ἀκοὴν
3042 1251 3144 1302 οὐκ
3201 1245 3542 1314 εὐγνώμονες
3575 1258 3590 1273 ⁶

2009 1347 2150 1398 ὥστε
2188 1345 2302 1407 καὶ,
2331 1345 2468 1412 ὅπερ
2514 1339 2581 1414 ἦν
2622 1345 2734 1404 τοῖς
2786 1341 3107 1402 ἀποστόλοις
3157 1338 3456 1403 ἐξαίρετον,
3504 1336 3595 1399 εις

2013 1436 2224 1492 πᾶσαν
2244 1437 2358 1503 τὴν
2385 1434 2503 1505 γῆν
2521 1436 2793 1498 ἐξελθεῖν
2817 1434 2927 1486 τὸν
2950 1432 3218 1501 φθόγγον
3236 1426 3457 1489 αὐτῶν,
3491 1424 3591 1477 καὶ

2009 1530 2098 1593 εἰς
2126 1527 2201 1581 τὰ
2224 1526 2451 1594 πέρατα
2484 1526 2596 1591 τῆς
2638 1524 2999 1593 οἰκουμένης
3037 1522 3111 1575 τὰ
3170 1519 3436 1587 ῥήματα,
3492 1516 3594 1568 οὐκ

2010 1618 2077 1672 ἂν
2140 1616 2254 1686 ἐγὼ
2303 1617 2722 1686 φοϐηθησοίμην
2762 1616 2857 1668 καὶ
2911 1614 2987 1683 τῷ
3035 1612 3189 1681 καλῷ
3250 1608 3594 1679 συναρμόσαι

2015 1710 2193 1780 τούτῳ
2228 1709 2482 1778 φωστῆρι
2517 1709 2612 1762 καὶ
2663 1706 2882 1776 ἀληθῶς
2928 1705 3021 1758 τοῦ
3071 1701 3309 1774 Χριστοῦ
3350 1698 3593 1767 μαθητῇ.

2014 1802 2124 1871 Γῆν
2150 1800 2252 1868 μὲν
2280 1801 2390 1871 γὰρ
2416 1801 2518 1853 οὐκ
2557 1798 2626 1869 ἦν
2667 1798 3038 1868 περιτρέχων,
3077 1794 3200 1848 οὐδὲ
3249 1796 3349 1855 τὰς
3405 1790 3595 1851 πόλεις

2016 1892 2362 1963 ἀναμετρῶν,
2397 1893 2495 1945 καὶ
2527 1891 2637 1945 ἀπὸ
2674 1888 2879 1959 ταύτης
2921 1887 3056 1956 πρὸς
3089 1886 3286 1956 ἑτέραν
3342 1899 3594 1950 μεταχω-

2014 1987 2124 2057 ρῶν
2152 1985 2298 2038 κατὰ
2342 1985 2405 2038 τὸ
2438 1983 2532 2037 τοῦ
2573 1984 2779 2053 Κυρίου
2831 1978 3200 2048 παράγγελμα
3233 1992 3249 2010 ο
3304 1974 3429 2027 οὔτε
3487 1973 3595 2041 μὴν

2015 2079 2177 2148 φήμη
2213 2076 2629 2148 πτερυσσομένη
2656 2072 2934 2143 πανταχοῦ
2976 2071 3171 2124 τοῦτον
3225 2066 3584 2136 παρέπεμπε.

2014 2171 2126 2224 Καὶ
2151 2164 2264 2238 εἶχε
2302 2169 2404 2239 μὲν
2425 2166 2867 2221 Θεσσαλονικέων
2898 2164 2982 2217 τὸν
3031 2159 3505 2229 λογογραφοῦντα,
3540 2156 3595 2207 αἱ

2015 2262 2072 2315 δὲ
2100 2261 2289 2315 λοιπαὶ
2334 2260 2445 2313 τῶν
2482 2260 2710 2326 πόλεων,
2746 2261 2803 2310 ὲν
2851 2253 2936 2321 αἶς
2960 2259 3057 2309 καὶ
3106 2256 3284 2322 λόγων
3336 2252 3595 2322 τρόφιμοι

2017 2371 2162 2416 τινες
2190 2354 2284 2406 καὶ
2309 2351 2611 2421 φιλόκαλοι,
2648 2349 3047 2418 μετεκαλοῦντο
3079 2347 3205 2409 τοὺς
3236 2346 3430 2410 λόγους
3454 2358 3470 2373 ⁶
3500 2340 3595 2395 καὶ

2013 2439 2155 2515 ἦσαν
2183 2443 2352 2505 ὅντως
2388 2444 2739 2513 πτερόεντες,
2782 2441 2990 2511 ταχέως
3024 2439 3162 2509 πρὸς
3198 2437 3323 2499 τοὺς
3369 2434 3594 2487 καλοῦν-

2017 2553 2115 2608 τας
2148 2536 2606 2605 μεταφερόμενοι.
2642 2534 2852 2586 Οὐκοῦν
2886 2534 3049 2602 γέμει
3080 2531 3179 2600 μὲν
3208 2531 3239 2598 ἠ
3275 2529 3428 2587 πόλις
3452 2524 3594 2595 αὕτη

2018 2627 2129 2680 τῶν
2158 2627 2340 2695 σοφῶν
2367 2626 2461 2679 τοῦ
2512 2626 2763 2695 μάκαρος
2811 2623 3283 2693 συγγραμμάτων,
3341 2618 3504 2687 γέμει
3538 2616 3596 2669 δὲ

2017 2722 2106 2773 καὶ
2176 2721 2210 2790 ἠ
2276 2720 2386 2773 τῶν
2446 2719 2655 2772 πόλεων
2732 2717 2942 2788 βασιλὶς
2973 2758 2987 2778 ,
3058 2715 3180 2767 ὅθεν
3233 2712 3356 2774 τοὺς
3405 2709 3599 2777 λόγους

2016 2812 2303 2881 capt-eam.
2333 2813 2395 2865 Εἰ
2427 2813 2482 2865 δὲ
2526 2812 2621 2865 καὶ
2653 2810 2787 2882 πρὸς
2813 2811 3007 2879 ἐτέρας
3060 2807 3356 2876 βαδίσειας,
3389 2805 3492 2857 οὐκ
3524 2803 3590 2856 ἂν

2018 2906 2277 2974 εὑρήσοις
2308 2904 2404 2957 τοῦ
2436 2904 2595 2970 λόγου
2636 2904 2863 2971 μέτοχον
2892 2901 2989 2969 τῆς
3018 2899 3323 2955 Εὐσταοίου
3373 2896 3595 2966 Μούσης

2019 2997 2288 3067 ἀμύητον.
2325 2995 2464 3065 Παρ’
2487 2997 2611 3064 ἐμοὶ
2639 2994 2695 3047 δὲ
2728 2994 2835 3061 ἄρα
2861 2994 2957 3045 καὶ
2987 2989 3247 3059 φάκελλοι
3271 2988 3460 3041 πολλοὶ
3483 2986 3593 3040 τῶν

2017 3087 2337 3153 ἐπιστολῶν,
2374 3089 2568 3156 σοφίαν
2600 3104 2660 3138 τε
2700 3085 2899 3154 πολλὴν
2948 3079 3446 3151 ὲμπεφορτισμένοι
3500 3077 3598 3130 καὶ

2018 3183 2220 3237 κακίαν
2255 3183 2472 3236 ἃπασαν
2491 3180 2892 3251 στηλιτεύοντες
2914 3194 2930 3209 ·
2957 3178 3048 3247 ὑφ’
3074 3173 3149 3232 ὧν
3171 3175 3281 3245 ἐγὼ
3300 3177 3392 3230 καὶ
3424 3173 3599 3242 θυμὸν

2014 3275 2278 3339 πολλάκις
2300 3270 2418 3328 οἶδα
2440 3276 2638 3337 σϐέσας
2664 3273 3089 3342 φλεγμαίνοντα,
3122 3271 3217 3323 καὶ
3246 3270 3427 3338 λύπης
3459 3272 3601 3336 άμε-

2013 3366 2174 3434 τρίαν
2203 3366 2667 3435 ἀποσεισάμενος.
2699 3368 2809 3420 Καὶ
2836 3365 2973 3427 ὅλως
3001 3363 3326 3418 διδασκάλου
3378 3360 3598 3429 ἐφαίνε-

339 3452 405 3507 τό
435 3470 526 3521 μοι
560 3454 621 3507 τὸ
641 3454 970 3508 ἐπιστόλιον.
1004 3454 1139 3508 Οὐδὲ
1170 3455 1278 3522 γάρ
1316 3457 1396 3518 εἰς
1445 3454 1668 3525 ἀγάπης
1710 3455 1908 3525 δεῖγμα
1946 3458 2107 3527 μόνον
2134 3460 2488 3530 ἐχαράττετο,
2519 3460 2656 3513 ἀλλά
2691 3461 2786 3512 καὶ
2881 3461 3084 3522 κακοὺς
3140 3460 3424 3527 ἐλοιδόρει,

3506 3455 3601 3509 καὶ

341 3548 588 3616 ἀγαθοὺς
640 3548 1032 3617 ἀπεθαύμασε.
1093 3550 1203 3603 Καὶ
1262 3549 1467 3620 ἑτέρων
1522 3550 1624 3621 μὲν
1684 3553 1925 3620 ἐπετίμα
1959 3556 2079 3617 ταῖς
2101 3556 2528 3626 ἀπληστίαις,οἳ
2559 3557 2659 3618 τάς
2726 3554 2910 3616 πόλεις
2992 3551 3441 3614 καταλωόῶνται,
3498 3549 3593 3601 καὶ

345 3644 444 3706 τὰς
492 3642 794 3715 ἐκκλησίας
847 3642 985 3695 Θεοῦ
1037 3642 1392 3712 λυμαίνονται
1423 3659 1436 3673 ·
1497 3643 1829 3696 ἀπεκλαίετο
1869 3645 1925 3697 δὲ
1958 3648 2052 3700 καὶ
2082 3648 2289 3715 κόσμον
2318 3651 2418 3703 οὐκ
2456 3652 2514 3702 ὲν
2545 3648 2696 3719 καλῷ
2724 3649 3004 3717 κείμενον,
3031 3644 3127 3699 ἆτε
3157 3644 3224 3713 δὴ
3278 3644 3397 3705 ταῖς
3457 3645 3597 3712 ἡμε-

341 3738 531 3803 τέραις
566 3738 823 3807 ἀνομίαις
848 3737 1343 3806 συναχρειούμενον
1393 3738 1489 3789 καὶ
1535 3738 2076 3807 συναμαυρούμενον.

414 3832 469 3886 4.
511 3828 707 3885 Verum
751 3839 963 3885 tantum
1014 3830 1341 3900 eloquentiae
1379 3840 1430 3883 et
1457 3831 1738 3900 sapientia:
1770 3832 1916 3885 dono

343 3926 628 3991 speciosus
679 3925 782 3979 iste
836 3922 1082 3993 pontifex
1141 3924 1445 3977 ornabatur
1473 3935 1532 3977 ut
1582 3923 1703 3994 ejus
1739 3924 1921 3994 lingua

344 4030 541 4070 omnes
575 4023 686 4069 tum
738 4028 1020 4067 musarum
1060 4021 1173 4065 tum
1227 4012 1509 4067 rhetoricae
1566 4014 1724 4066 amici
1765 4028 1924 4082 cape-

343 4114 555 4171 rentur,
618 4118 717 4158 nec
759 4117 940 4157 ceram
980 4102 1207 4155 auribus
1263 4100 1568 4157 insererent
1616 4104 1681 4155 ad
1744 4102 1922 4157 instar

344 4197 716 4269 navigantium
744 4194 899 4262 juxta
940 4192 1184 4259 Sirenas,
1222 4210 1330 4264 quo
1370 4196 1552 4249 minus
1586 4205 1749 4250 cantu
1790 4196 1926 4250 deti-

346 4298 625 4345 nerentur.
678 4285 941 4341 Volebant
995 4295 1174 4341 autem
1244 4285 1427 4340 statim
1509 4295 1628 4357 post
1678 4285 1921 4340 auditum

346 4382 520 4450 obire,
552 4391 605 4435 et
636 4381 689 4434 in
732 4380 851 4450 ipsa
880 4378 1099 4433 interire
1124 4378 1487 4447 jurunditate.
1530 4379 1740 4432 Morum
1772 4378 1927 4446 lepor

346 4482 403 4533 et
440 4475 726 4529 urbanitas
782 4472 1060 4542 proboque
1101 4472 1295 4541 agendi
1355 4472 1492 4524 ratio
1541 4470 1628 4524 ctti
1678 4470 1926 4525 omnium

347 4567 491 4624 velut
519 4567 634 4628 isti,
687 4580 898 4621 necnon
957 4564 1265 4619 amabilitas
1320 4564 1672 4634 gravitasque
1721 4578 1930 4618 sermo-

351 4660 535 4715 num?
589 4659 723 4714 Aliis
761 4658 977 4729 quidem
1030 4657 1175 4712 aliud
1229 4649 1577 4711 laudatorum
1614 4656 1844 4721 donum,
1874 4664 1930 4709 ct

345 4754 437 4827 qui
479 4751 697 4817 duobus
760 4749 959 4819 gaudet
1012 4748 1101 4801 hic
1154 4748 1314 4801 nobis
1363 4749 1604 4816 optimus
1664 4746 1929 4815 valdeque

2093 3836 2158 3888 δ’.
2195 3836 2352 3888 Ἀλλὰ
2388 3837 2549 3903 λόγου
2586 3838 2683 3906 μὲν
2712 3836 2805 3889 κοιλ⁵
2836 3834 3027 3901 σοφίας
3061 3831 3234 3893 οὕτως
3271 3827 3418 3899 εἶχεν
3444 3829 3473 3881 6
3502 3845 3595 3880 κα-

2026 3927 2115 3991 λὸς
2148 3922 2301 3992 οὗτος
2326 3930 2634 4000 ἀρχιερεὺς,
2662 3928 2737 3991 ὡς
2767 3928 2868 3995 τῆς
2899 3926 3064 3980 αὑτοῦ
3091 3924 3338 3992 γλώττης
3385 3921 3597 3979 πάντας

2027 4004 2359 4090 ἓξηρτῆσθαι
2390 4020 2754 4091 φιλομούσους
2783 4019 2900 4088 ἃμα
2939 4015 3041 4076 καὶ
3090 4015 3478 4086 φιλορὴτορας,
3511 4012 3605 4063 καὶ

2031 4111 2169 4182 μηδὲ
2210 4111 2383 4181 κηροῦ
2411 4112 2619 4165 δεῖσθαι
2647 4114 2765 4175 ταῖς
2821 4111 3014 4172 άκοαῖς
3048 4108 3189 4161 κατά
3236 4107 3365 4169 τοὺς
3390 4104 3460 4158 τὰ
3489 4103 3607 4156 Σει-

2031 4205 2191 4274 ρήνια
2224 4203 2664 4272 παραπλέοντας,
2719 4205 2795 4267 ὠς
2826 4205 2903 4272 μὴ
2946 4203 3064 4266 ταῖς
3099 4200 3387 4270 μελῳδίαις
3413 4201 3609 4253 ἐναπο-

2034 4296 2289 4366 μεὶνειεν.
2334 4297 2562 4350 Ἤθελον
2600 4297 2658 4349 δὲ
2689 4299 2756 4367 τῇ
2792 4296 3055 4366 ἀκροάσει
3087 4295 3181 4347 καὶ
3213 4291 3602 4352 ἐπαποθανεῖν,

2032 4390 2128 4444 καὶ
2157 4390 2295 4460 αὐτῇ
2353 4390 2749 4443 συναποθανεῖν
2794 4392 2860 4459 τῇ
2914 4386 3237 4457 γλυκύτητι.
3291 4384 3496 4445 Ἥθους
3550 4382 3608 4434 δὲ

2030 4482 2328 4551 κοσμιότης
2389 4484 2484 4535 καὶ
2537 4482 2844 4551 χρηστότης
2882 4480 3087 4550 τρόπου
3139 4477 3234 4532 καὶ
3284 4475 3610 4546 προαίρεσις

2029 4569 2349 4633 ὲθελόκαλος
2377 4570 2483 4623 τινι
2516 4570 2624 4623 τῶν
2649 4571 2905 4624 ἁπάντων
2950 4568 3028 4631 ὡς
3085 4568 3260 4638 τούτῳ
3295 4568 3392 4618 καὶ
3454 4564 3612 4632 φίλον

2029 4662 2218 4731 χρῆμα
2252 4664 2345 4714 καὶ
2393 4663 2781 4732 σεμνολόγημα
2814 4678 2831 4731 ;
2863 4662 3040 4728 Ἀλλῳ
3072 4660 3170 4730 μὲν
3226 4660 3336 4729 γάρ
3397 4656 3527 4712 ἄλλο
3556 4673 3613 4710 τι

2029 4754 2139 4805 τῶν
2171 4756 2587 4823 ἐπαινουμένων
2619 4753 2956 4823 κατόρθωμα
2981 4768 2997 4784 °
3023 4756 3050 4806 6
3078 4752 3136 4806 δὲ
3169 4755 3268 4807 καὶ
3300 4749 3454 4804 δυσὶν
3485 4750 3615 4817 ἀρε-

347 4842 653 4905 mlraudus.
686 4839 974 4895 Eustathio
1005 4848 1184 4893 autem
1218 4854 1445 4907 prorsus
1490 4838 1674 4892 omnia
1719 4838 1925 4908 optima

2033 4849 2232 4897 ταίνων
2256 4848 2480 4912 ἄριστος
2509 4839 2664 4907 οὗτος
2694 4845 2826 4914 παρ’
2852 4845 2986 4915 ἡμῖν
3008 4843 3102 4897 καὶ
3131 4842 3459 4911 θαυμάσιος.
3512 4840 3615 4893 Εὐ-

347 4937 511 4994 simul
550 4934 928 4991 convenientia
975 4933 1198 4987 ﬂoreum
1238 4932 1583 5001 perfecerunt
1611 4932 1923 5001 paradisum

350 5031 610 5085 omnibus
642 5030 908 5084 virtutum
934 5026 1130 5085 formis
1163 5026 1420 5082 refertum
1443 5026 1926 5092 etconcinnatnm,

349 5121 622 5176 fructibus
670 5121 900 5175 maturis
968 5120 1381 5183 luxuriantem,
1437 5118 1694 5173 ferentem
1761 5120 1926 5172 etiam

352 5214 558 5284 lignum
614 5214 880 5279 scientiae,
922 5212 1150 5277 muliere
1191 5223 1551 5281 stzrgrenteque
1591 5215 1851 5281 exceptis.
1888 5210 1932 5266 Ο

352 5322 528 5375 novus
554 5306 640 5359 hic
659 5304 947 5374 paradisus
969 5303 1023 5358 in
1049 5319 1157 5373 quo
1185 5303 1383 5357 invidia
1415 5304 1635 5369 quidem
1665 5318 1771 5357 non
1791 5312 1931 5366 erat,

353 5397 450 5451 sed
512 5410 615 5450 ncc
663 5396 889 5463 querela
936 5408 1036 5447 nec
1071 5396 1416 5446 mendacium
1459 5408 1636 5463 neque
1671 5394 1929 5447 nuditas!

355 5488 592 5557 Frucms
648 5488 811 5541 etiam
844 5486 1087 5555 scientiae
1123 5500 1466 5554 nequaquam
1520 5486 1934 5554 prohibebatur,

356 5593 544 5632 verum
583 5578 736 5630 multi
764 5578 831 5631 de
864 5590 929 5630 eo
956 5575 1154 5643 epulati
1190 5585 1320 5630 sunt
1347 5585 1401 5630 et
1429 5577 1684 5639 saturati,
1709 5576 1938 5645 jubenle

359 5670 677 5735 hortulano,
709 5683 810 5722 nec
839 5683 869 5722 a
907 5669 1051 5737 ligno
1095 5666 1216 5720 vita:
1245 5668 1468 5722 fuerunt
1494 5671 1792 5725 interdicti.
1821 5669 1939 5725 Cae-

361 5771 513 5816 teros
535 5770 715 5815 autem
759 5761 904 5816 horti
932 5762 1136 5832 gratias
1168 5762 1442 5830 quomodo
1461 5763 1804 5831 explanarem
1841 5766 1941 5817 do-

360 5855 476 5921 lore
532 5854 861 5910 concisws?
892 5853 936 5908 0
980 5868 1134 5925 mens
1171 5852 1444 5908 caelestis!
1495 5869 1527 5907 o
1576 5869 1671 5911 cor
1703 5854 1938 5912 fortissi-

2040 4937 2240 5005 σταθίῳ
2271 4937 2327 4990 δὲ
2358 4937 2438 5005 τῷ
2469 4936 2609 4989 πάνυ
2642 4936 2802 4988 πάνθ’
2827 4936 2965 5006 ὁμοῦ
2996 4935 3066 4989 τά
3104 4935 3372 4988 κάλλιστα
3429 4930 3617 4985 συνελ-

2039 5030 2199 5083 θόντα
2231 5030 2431 5098 εὐθαλῆ
2467 5029 2800 5099 παράδεισον
2840 5029 3200 5092 ἀπετέλεσαν,
3248 5025 3455 5087 πάσαις
3521 5022 3617 5093 μὲν

2042 5123 2252 5195 ἀρετῶν
2287 5122 2454 5184 ἰδέαις
2497 5120 2789 5193 περιὸριθῆ
2831 5122 2929 5175 καὶ
2981 5120 3318 5190 κατάκομον,
3385 5117 3618 5187 καρποῖς

2041 5212 2262 5281 ὡραίοις
2295 5212 2778 5281 ὲνευθηνούμενον,
2828 5212 3063 5282 φέροντα
3126 5209 3183 5262 δὲ
3225 5208 3361 5263 ἀλλὰ
3421 5207 3516 5261 καὶ
3560 5204 3620 5257 τὸ

2041 5305 2137 5372 τῆς
2162 5302 2417 5369 γνώσεως
2450 5304 2626 5370 ξύλον,
2656 5303 2919 5371 γυναικὸς
2947 5304 3006 5356 δὲ
3036 5303 3155 5373 δίχα
3184 5302 3276 5356 καὶ
3317 5300 3515 5369 ὄφεως.
3551 5294 3622 5350 Ὦ

2047 5397 2236 5461 καινὸς
2264 5392 2419 5459 οὗτος
2453 5399 2805 5467 παράδεισος,
2826 5398 2888 5449 ὲν
2920 5388 2965 5463 ᾧ
2998 5396 3195 5465 φθόνος
3219 5393 3317 5465 μὲν
3342 5394 3512 5463 ἀπῆν,
3536 5394 3624 5461 ψι-

2047 5489 2308 5558 θυρισμῧς
2347 5489 2404 5542 δὲ
2449 5491 2547 5543 οὐκ
2596 5485 2686 5561 ἦν,
2742 5489 2863 5542 οὐδὲ
2914 5488 3099 5557 ἀπάτη
3149 5488 3244 5539 καὶ
3304 5482 3620 5553 γύμνωπιςῖ

2044 5582 2117 5632 Οὐ
2154 5581 2260 5650 μὴν
2286 5581 2399 5633 ἀλλ’
2429 5580 2551 5634 οὐδὲ
2575 5584 2602 5634 ό
2620 5585 2719 5650 τῆς
2744 5579 3000 5648 γνώσεως
3021 5581 3234 5651 καρπὸς
3257 5576 3626 5647 ἀπηγόρευτο.

2052 5673 2168 5725 ἀλλ’
2200 5675 2512 5742 ἐτρύγησαν
2551 5674 2649 5743 μὲν
2674 5675 2721 5725 οἱ
2752 5674 2962 5737 πολλοὶ,
2995 5673 3086 5726 καὶ
3110 5675 3189 5734 εἰς
3246 5672 3410 5739 κόρον
3454 5668 3629 5737 €690)-

2050 5766 2367 5835 ματίσαντο,
2399 5765 2492 5817 τοῦ
2524 5767 2840 5836 φυτηκόμου
2875 5765 3216 5826 κελεύοντος,
3264 5762 3360 5815 καὶ
3382 5759 3505 5813 οὐδὲ
3533 5755 3630 5810 τοῦ

2053 5857 2211 5922 ξύλου
2236 5859 2329 5923 τῆς
2360 5858 2507 5923 ζωῆς
2539 5857 3002 5921 ἀπεκλείσθησαν,
3034 5857 3146 5919 Τὴν
3195 5854 3253 5910 δὲ
3289 5852 3486 5915 λοιπὴν
3536 5847 3633 5901 τοῦ
