4034 6404
307 366 414 430 761

1096 376 1494 439 LAUDATIO
1535 380 1936 444 FUNEBRIS
1960 384 2389 446 EUSTATHll
2429 389 2791 451 TIIESSAL.

3472 394 3577 455 ’ίΐὲ

306 490 574 561 λειμῶνος
602 490 764 561 χάριν
806 490 923 555 πῶς
959 491 1026 546 ειν
1054 493 1342 566 ἀφηγησαί
1351 514 1480 568 μην,
1508 498 1615 553 ὑπὸ
1656 500 1753 554 τοῦ
1782 501 1887 556 πά-

2014 506 2169 558 uum!
2203 521 2235 558 ο
2271 506 2578 564 intellectus
2637 508 2992 578 magnitudo!
3042 525 3076 566 o
3113 509 3376 567 lahiorum
3410 528 3575 569 amm-

311 582 436 644 θους
465 583 907 654 ἀνακοπτόμενος
939 600 957 653 ;
986 581 1056 638 Ὦ
1093 586 1217 649 νοῦς
1253 587 1527 658 αἱθέριοςί
1586 585 1631 643 ὧ
1689 592 1890 663 φρένες

312 676 620 744 στερέμηοι
649 676 662 729 !
697 669 741 728 ὦ
774 677 1087 748 φρονήσεως
1117 678 1379 747 μέγεθοςί
1412 672 1457 732 ὧ
1484 680 1705 749 χειλέων
1755 682 1891 751 γλυο

313 766 544 836 κύτητες
578 767 738 836 μέχρι
774 771 868 820 καὶ
906 769 1068 837 μόνου
1121 773 1552 841 προσρήματοςί
1605 767 1651 827 ὦ
1711 778 1892 842 χεῖρες

312 860 472 912 κἰλαὶ
502 861 769 929 gemmea
795 863 894 920 τὰς
926 865 1062 935 πρὸς
1088 864 1220 918 Θεὸν
1249 867 1525 929 ἐκτάσεις,
1561 861 1643 930 οἷς
1668 866 1747 937 τῷ
1773 868 1889 937 λαῷ

312 950 402 1004 τὸν
429 953 630 1021 Κύριον
662 952 1044 1024 ὲξηυμὲνιζον,
1097 956 1260 1010 καλαὶ⁸
1309 957 1365 1009 δὲ
1397 957 1495 1010 καὶ
1542 958 1638 1011 τὸν
1670 960 1893 1030 κρουνὸν

314 1044 408 1095 τοῦ
440 1044 642 1107 ἐλέους,
678 1044 735 1098 ὃν
766 1047 1085 1115 πενομένοις
1112 1047 1393 1119 ἐπήγαζον
1423 1050 1436 1104 ί
1469 1044 1540 1103 Ὦ
1568 1049 1712 1102 καλὰ
1751 1050 1893 1105 πάνο

313 1154 382 1189 τα
417 1138 509 1189 καὶ
544 1137 680 1206 πρὶς
706 1138 874 1193 ἑαυτὰ
903 1140 998 1192 καὶ
1025 1141 1158 1210 πρδς
1202 1141 1428 1211 ἄλληλα,
1490 1148 1587 1195 καὶ
1640 1141 1715 1205 ὡς
1757 1141 1897 1210 λύρα

314 1245 399 1291 τις
427 1227 460 1293 ἢ
493 1228 695 1297 κιθάρα
713 1227 892 1292 καλῶς
929 1230 1064 1299 πρὸς
1089 1232 1356 1300 ἁρμονίαν
1393 1233 1524 1302 μίαν
1560 1232 1896 1304 ξυναρμοζό-

321 1335 458 1387 μενα
488 1320 501 1373 l
534 1314 604 1371 Ὦ
630 1318 857 1387 γλυκεῖα
888 1321 1197 1390 προσλαλιὰ
1226 1323 1322 1375 καὶ
1352 1321 1574 1392 βλέμμα
1624 1323 1897 1393 προσηνὲς

319 1412 416 1463 καὶ
444 1410 738 1480 μειλίχιονι
766 1412 825 1464 ΕΞ
849 1411 897 1464 δ’
922 1412 1074 1466 ἐστιν
1123 1413 1183 1466 οὗ
1216 1415 1308 1466 καὶ
1359 1415 1496 1483 πρὸς
1549 1416 1729 1479 ἐνίους
1767 1417 1899 1470 ὑπε-

320 1503 674 1573 δριμύσσετο.
706 1503 843 1558 ἀλλά
877 1504 1111 1559 ἐνταῦθα
1164 1505 1225 1559 τὸ
1282 1507 1512 1578 ἀρχικὸν
1557 1508 1901 1579 ὑπεραπολο-

322 1601 501 1664 γεῖται
562 1596 716 1650 τοῦδε
749 1597 840 1651 τοῦ
876 1596 1203 1668 θαυμασίου,
1236 1600 1330 1653 καὶ
1359 1600 1420 1653 τὸ
1450 1600 1591 1665 τέως
1644 1600 1903 1671 ἔγκλημα

324 1691 438 1751 τοῖς
469 1686 866 1758 κατορθώμασι
891 1690 1323 1761 συνεισέρχεται.
1371 1689 1582 1762 Ῥάϐδῳ
1638 1693 1739 1763 μὲν
1791 1693 1898 1761 γάρ

319 1782 420 1834 οὐκ
449 1776 517 1852 ἦν
537 1781 842 1851 χρήσασθαι
874 1782 965 1835 τὸν
986 1783 1065 1844 είς
1117 1782 1428 1854 βακτηρίαν
1472 1785 1679 1856 ταύτην
1724 1787 1904 1855 ἐγχει-

1998 598 2141 652 nitas
2186 599 2349 654 etiam
2392 602 2444 655 in
2500 602 2620 657 solo
2648 602 2855 657 verbo!
2908 616 2943 655 0
2999 619 3192 659 manus
3239 605 3479 673 pulchra).
3509 609 3575 660 al

1994 686 2162 742 Deum
2194 700 2428 747 extenta:
2467 708 2588 762 qua:
2627 692 2793 749 Deum
2829 696 3032 765 popqu
3096 696 3418 765 placebant;
3457 697 3575 767 pul-

1998 779 2147 833 chrae
2177 781 2339 834 etiam
2373 796 2439 836 ex
2481 781 2630 838 fonte
2663 784 3056 840 misericordia:
3094 788 3185 854 qui
3221 789 3343 842 inde
3386 798 3578 843 scatu-

1996 871 2173 924 tiebat
2200 872 2606 942 indigentibus!
2662 874 2706 929 Ο
2736 875 2876 931 bona
2905 879 3090 931 omnia
3131 886 3243 932 tum
3286 877 3339 932 in
3377 878 3579 948 seipsis

1997 972 2110 1014 tum
2142 978 2269 1032 erga
2310 964 2412 1017 alia
2439 1005 2454 1030 ,
2507 974 2559 1020 et
2590 968 2744 1034 quasi
2796 968 2907 1039 lyra
2944 969 3027 1023 vel
3067 971 3279 1025 cithara
3323 973 3375 1024 in
3408 986 3569 1024 unam

2000 1051 2338 1107 harmoniam
2382 1055 2735 1129 coordinata!
2773 1058 2817 1114 Ο
2844 1060 3018 1115 dulcis
3098 1061 3353 1131 loquela!
3413 1076 3445 1116 o
3492 1063 3579 1132 ju-

1999 1142 2175 1197 cunde
2204 1154 2256 1198 et
2284 1146 2471 1200 suavis
2511 1148 2700 1202 ocule!
2751 1148 2855 1215 Qui
2895 1151 2940 1204 si
2974 1166 3001 1203 a
3029 1152 3308 1206 nonnullis
3347 1163 3581 1220 puuctus

2004 1233 2173 1288 fuerit
2197 1274 2213 1301 ,
2246 1235 2301 1289 in
2345 1238 2448 1291 hoc
2486 1241 2793 1307 praesertim
2849 1242 3027 1311 capite
3072 1243 3431 1299 admiratione
3465 1260 3582 1298 um-

2003 1326 2134 1382 nino
2166 1327 2368 1397 dignus
2403 1342 2508 1395 εει,
2537 1339 2585 1385 et
2614 1332 2891 1387 accusatio
2919 1336 2973 1387 in
3007 1336 3128 1403 ejus
3159 1335 3386 1406 gloriam
3418 1337 3584 1390 verti-

2002 1426 2110 1473 tur.
2150 1417 2286 1473 Nam
2317 1423 2396 1476 uti
2428 1423 2573 1489 virga
2601 1438 2709 1477 non
2746 1438 2970 1481 necesse
3000 1436 3120 1481 erat
3155 1437 3209 1481 ut
3242 1428 3584 1483 adversarios

2005 1519 2294 1574 everteret,
2329 1511 2425 1566 sed
2456 1513 2626 1566 verbo
2676 1523 2729 1566 et
2777 1522 2999 1583 aSpectu
3037 1525 3347 1582 protervum
3373 1527 3584 1572 sterne-

2007 1601 2120 1666 bat,
2148 1609 2203 1655 et
2235 1601 2355 1657 sine
2385 1601 2578 1658 labore
2614 1603 2902 1674 frangebat
2936 1605 3426 1676 supplantatorem.
3473 1605 3586 1663 lloc

2005 1702 2058 1747 et
2081 1692 2339 1750 Christus
2368 1694 2601 1750 faciebat
2659 1696 2802 1751 circa
2857 1697 3237 1768 delinquentes
3264 1699 3317 1753 in
3362 1700 3587 1770 templo.

2006 1787 2221 1843 Nullam
2249 1801 2380 1842 tunc
2416 1784 2725 1856 proferebat
2753 1801 2941 1844 vocent
2965 1792 3194 1846 omnino
3219 1790 3470 1845 acerbam
3505 1793 3588 1845 vel

325 1875 578 1944 ρισθέντα
606 1874 702 1926 καὶ
748 1873 857 1925 τῶν
901 1872 1364 1928 ἐπιϐουλευόντων
1403 1875 1713 1945 ἐλάτειραν,
1757 1876 1899 1946 λόγῳ

2014 1877 2474 1941 contumeliosam,
2505 1878 2619 1934 sive
2663 1878 2925 1949 subjectis
2952 1884 3198 1945 noxium,
3229 1883 3345 1936 sive
3369 1883 3542 1950 priuci
3563 1911 3583 1923 -

324 1967 383 2020 δὲ
415 1967 509 2018 καὶ
531 1965 806 2036 βλέμματι
838 1965 1038 2033 πλῆξαι
1060 1966 1151 2019 τὸν
1172 1966 1535 2034 ἀτακτοῦντα,
1562 1968 1657 2021 καὶ
1684 1968 1900 2031 ἀπόνως

324 2058 592 2128 ἀρτιῶσαι
650 2058 742 2110 τὸν
787 2058 1186 2127 ὑποσχάζοντα.
1236 2059 1409 2113 Τοῦτο
1459 2061 1515 2114 δὲ
1565 2062 1701 2115 ἁλλά
1751 2063 1846 2114 καὶ
1875 2063 1903 2116 δ

322 2148 559 2218 Χριστὸς
588 2148 761 2202 ἐποίει
827 2152 955 2218 περὶ
992 2150 1119 2210 τοὺς
1162 2149 1619 2214 ἀπαιδευτοῦντας
1655 2153 1800 2222 ἀμφὶ
1844 2155 1903 2206 τὺ

326 2242 492 2311 ίερόν.
527 2243 603 2296 Οὐ
639 2242 713 2311 μὴ
743 2243 908 2296 πῖέον
929 2240 995 2313 ἦν
1017 2242 1135 2297 ἐκεῖ
1159 2242 1220 2297 τὸ
1250 2245 1603 2315 φραγγέλιον,
1635 2245 1710 2307 ὡς
1756 2247 1902 2315 τότε,

324 2331 610 2396 παντελῶς
642 2332 952 2402 ἀνάλγητον
984 2332 1080 2385 καὶ
1102 2335 1524 2405 ἀνεπιτίμητον,
1558 2339 1670 2399 τοῖς
1717 2337 1775 2390 δὲ
1799 2338 1901 2407 ἀρ-

323 2422 574 2493 χομένοις
612 2423 828 2485 πάντως
861 2425 1180 2490 ὲπιὸλαὸὲς,
1208 2428 1304 2478 καὶ
1333 2428 1455 2480 οὐδὲ
1484 2430 1596 2490 τοῖς
1644 2428 1904 2498 ἄρχουσιν

327 2516 635 2580 αἱνέσιμον.
665 2516 738 2569 ’Ἡ
767 2516 877 2585 γὰρ
907 2515 972 2569 ἂν
1004 2520 1100 2572 καὶ
1121 2519 1149 2570 ὁ
1178 2519 1331 2590 παρά
1360 2521 1453 2571 τὸν
1485 2520 1650 2588 νόμον
1675 2521 1904 2583 παλαιὸς

337 2608 528 2678 ἱερέων
558 2607 775 2677 ἔμεινεν
798 2611 1188 2679 ἁκατὰκριτος,
1221 2613 1601 2682 παρανομοῦσι
1622 2616 1733 2678 τοῖς
1764 2614 1905 2668 υἱέσι

326 2702 463 2771 μηδὲ
497 2701 671 2774 βραχύ
732 2719 861 2755 ποτε
906 2704 1332 2774 δριμυξάμενος.
1386 2701 1455 2758 Ὧ
1520 2705 1907 2769 ταπεινώσεως

326 2793 387 2860 ὓνζ
403 2810 462 2858 ος
485 2795 629 2847 κατὰ
656 2793 917 2848 τοσούτου
949 2795 1190 2865 πλήθους
1218 2796 1328 2849 τῶν
1357 2797 1591 2867 ἀρετῶν,
1633 2793 1716 2860 οἷς
1768 2798 1907 2851 όπα-

325 2888 407 2939 δεῖ
437 2889 499 2940 τδ
528 2888 869 2958 μεγάλαυχον
902 2889 915 2942 l
946 2886 1088 2943 Οὔτε
1109 2889 1219 2958 γὰρ
1267 2888 1329 2942 τὸ
1365 2890 1496 2960 περὶ
1542 2890 1638 2959 τῆς
1688 2890 1905 2960 σοφίας,

217 3031 223 3035 _
270 2966 279 2972 ’
328 2976 452 3030 οὔτε
482 2977 542 3030 τὸ
573 2976 671 3047 τῆς
698 2983 967 3042 συνέσεως
998 2979 1360 3047 ὑπερὸάλλον,
1392 2982 1453 3034 τὸ
1492 2980 1584 3034 τοῦ
1611 2980 1727 3048 βίου
1755 2980 1907 3049 φιλό-

332 3088 519 3139 σοφον,
544 3070 658 3124 οὔτ’
683 3070 810 3124 ἄλλο
843 3088 898 3123 τι
930 3071 1039 3124 τῶν
1081 3072 1528 3142 κατορθωμάτων
1553 3073 1706 3127 οὐδὲν
1739 3073 1820 3135 είς
1847 3074 1908 3126 τὸ

2002 1971 2161 2041 pibus
2207 1970 2537 2025 irreverens.
2580 1968 2710 2024 Sine
2744 1970 2953 2041 judicio
2995 1974 3396 2029 condemnatus
3447 1974 3590 2028 exiit

2006 2064 2060 2117 in
2115 2064 2228 2133 lege
2267 2060 2452 2118 senior
2506 2062 2597 2118 ille
2652 2066 2999 2120 sacerdotum
3037 2065 3290 2136 (llelias),
3341 2068 3432 2137 qui
3486 2083 3586 2121 nec

2006 2154 2200 2210 leviter
2228 2153 2452 2224 quidem
2519 2154 2660 2209 ﬁlios
2711 2154 3090 2225 delinquentes
3146 2159 3490 2228 vituperavit.
3543 2158 3591 2216 0

2007 2246 2331 2303 humilitatis
2392 2247 2624 2302 altitudo
2671 2248 2726 2301 in
2777 2255 2926 2303 tanta
2959 2250 3220 2305 virtutum
3249 2253 3402 2320 copia
3435 2269 3576 2322 quas

2007 2339 2271 2408 subsequi
2300 2340 2437 2394 solet
2468 2341 2784 2410 arrogantia
2818 2341 2830 2395 !
2863 2339 2974 2397 Nec
2996 2344 3142 2396 enim
3172 2345 3460 2412 sapientia,
3495 2360 3593 2401 nec

2010 2431 2288 2487 excellens
2319 2431 2658 2496 intellectus,
2692 2446 2796 2488 nec
2826 2432 2933 2487 vita
2965 2434 3286 2504 philosopho
3306 2450 3547 2503 congrua
3569 2414 3590 2500 ’,

2010 2539 2108 2577 nec
2134 2523 2432 2593 quicquam
2454 2524 2600 2578 aliud
2632 2525 3046 2599 commodorum
3077 2526 3225 2580 illum
3246 2528 3298 2581 in
3327 2529 3597 2598 superbia:

2018 2615 2337 2670 barathrum
2380 2616 2714 2685 praecipitem
2753 2618 2882 2688 egit.
2915 2616 3104 2687 Neque
3149 2620 3429 2690 dignitatis
3473 2638 3594 2675 rna-

2017 2708 2268 2777 gnitudo,
2307 2724 2483 2774 neque
2533 2709 2680 2764 sedis
2730 2725 2906 2765 nonor
2971 2726 3070 2766 nec
3113 2727 3451 2782 quaecunque
3486 2714 3592 2767 alia

2012 2797 2268 2867 praeclara
2296 2797 2495 2866 quibus
2529 2797 2707 2850 sortiti
2736 2798 3006 2866 stipantur
3042 2814 3165 2853 eum
3189 2799 3382 2853 inﬂare
3404 2809 3595 2870 potuc-

2011 2898 2162 2943 ruut.
2196 2888 2299 2943 Sed
2332 2896 2450 2942 erat
2472 2889 2725 2944 excelsus
2746 2891 3026 2959 operibus,
3053 2890 3385 2946 conscientia
3408 2901 3589 2945 autem

2013 2983 2260 3048 humilis,
2310 2982 2543 3038 interius
2605 2981 2824 3052 quidem
2865 2996 3094 3053 magnus
3151 2982 3224 3038 ita
3259 2991 3317 3037 ut
3366 2983 3597 3053 quilibet

2012 3076 2328 3145 intelligens
2370 3074 2682 3143 obstupeat,
2715 3080 2769 3129 et
2807 3088 2931 3128 eum
2969 3073 3158 3128 Libani
3212 3074 3376 3144 lignis
3404 3076 3594 3129 conre-

327 3164 499 3229 τέςου
526 3162 800 3232 βάραθρον
833 3162 998 3215 αὐτὸν
1024 3165 1460 3234 ἀπεκρήμνισεν.
1507 3165 1582 3220 Οὐ
1624 3164 1731 3235 μὴν
1782 3163 1905 3217 οὐδὲ

2016 3177 2126 3234 rat;
2151 3168 2393 3224 exterius
2431 3181 2562 3221 vero
2604 3181 2805 3236 parvus
2834 3177 2891 3221 et
2923 3165 3171 3237 abjectus
3198 3166 3270 3221 ita
3308 3175 3368 3219 ttt
3400 3181 3597 3223 occur-

328 3257 387 3309 s?)
416 3258 511 3324 τῆς
536 3257 692 3321 ἀξίας
723 3255 874 3325 ὕψος,
906 3257 1015 3311 οὐδ’
1051 3258 1078 3310 ό
1107 3255 1385 3327 περίδοξος
1426 3256 1643 3325 θρόνος,
1678 3256 1774 3310 καὶ
1812 3256 1913 3309 ὅσα

328 3368 357 3404 τ
378 3354 438 3410 ,ῖς
470 3350 539 3402 τὰ
583 3350 791 3418 μεγάλα
821 3350 1212 3422 κληρουμένοις
1240 3348 1569 3419 παρέπεται,
1594 3347 1913 3417 κατοφρυῶ-

332 3458 421 3494 σαι
446 3444 634 3493 τοῦτον
666 3440 1035 3509 δεδυνάμωτο.
1079 3439 1221 3493 Ἀλλ’
1253 3434 1321 3510 ἦν
1366 3438 1570 3509 ὑψηλὸς
1630 3439 1730 3507 μὲν
1800 3439 1912 3501 τοῖς

330 3533 538 3603 ἔργοις,
574 3535 829 3595 ταπεινὸς
852 3532 909 3586 δὲ
939 3532 1017 3603 τῷ
1051 3533 1384 3602 φρονήματι,
1437 3534 1530 3586 καὶ
1582 3533 1758 3601 μέγας
1815 3532 1915 3601 μὲν

332 3627 480 3688 ἐντὸς
516 3628 610 3677 καὶ
643 3620 758 3678 οἷον
804 3626 869 3679 ἄν
910 3642 991 3684 τις
1043 3624 1347 3695 ἐκπλαγείη
1409 3627 1776 3694 κατανοήσας,
1822 3625 1918 3678 καὶ

332 3718 449 3780 τοῖς
481 3715 576 3769 τοῦ
609 3715 847 3771 Λιϐάνου
887 3715 1123 3783 δένδροις
1188 3714 1643 3785 συγκαταλέξειεν
1669 3732 1683 3746 ·
1719 3714 1918 3779 ἔξωθεν

333 3811 390 3865 δὲ
418 3811 613 3882 μικρός
641 3826 702 3862 τε
748 3809 844 3862 καὶ
873 3806 1215 3878 περιπέζιος,
1248 3808 1345 3862 καὶ
1385 3802 1499 3872 οἷος
1548 3807 1912 3877 ἐξαπατῆσαι,

331 3903 429 3958 καὶ
459 3902 540 3966 είς
586 3899 985 3971 περιφρόνησιν
1046 3900 1426 3970 παρακινῆσαι
1466 3898 1595 3961 τοὺς
1646 3898 1917 3968 ἐντυγχά-

332 4009 547 4057 νοντας.
573 3994 882 4065 Δορυφορία
910 4007 969 4045 τε
994 3991 1101 4060 γάρ
1129 3991 1307 4060 ἀπῆν,
1341 3991 1435 4045 καὶ
1466 3989 1658 4044 ὀπαδοὶ
1683 3990 1778 4043 καὶ
1825 3989 1919 4042 κό-

332 4086 498 4149 λακες
520 4087 580 4137 οὐ
610 4086 964 4156 παρείποντο.
997 4082 1177 4137 Μόνον
1223 4082 1283 4135 τὸ
1314 4081 1563 4147 συνήθως
1612 4097 1917 4151 προπορευ-

333 4179 531 4234 όιιενον
568 4176 685 4245 φῶς
711 4178 806 4230 καὶ
828 4177 863 4246 ἡ
898 4175 1124 4242 λαμπὰς
1150 4175 1184 4242 ἡ
1214 4174 1538 4242 προάγουσα
1567 4171 1659 4226 τδν
1708 4173 1769 4227 ὲν
1819 4173 1919 4241 ἁρ-

334 4269 584 4342 χιερεῦσι
630 4270 804 4340 μέγαν
839 4267 1124 4337 ἐσέμνυνε,
1146 4265 1466 4330 διδάσκαλος
1515 4267 1615 4335 τῆς
1664 4262 1812 4317 ἔνδον
1840 4266 1919 4316 oi-

338 4352 648 4433 κουρούσης
674 4359 1080 4431 λαμπρότητος,
1106 4359 1201 4413 καὶ
1235 4357 1331 4412 τοῦ
1355 4356 1532 4424 φωτὸς
1587 4356 1696 4410 τῶν
1739 4355 1920 4428 ἔργων

335 4456 705 4527 προάγγελος.
732 4456 794 4509 El
837 4454 895 4508 δὲ
935 4453 1029 4508 καὶ
1058 4454 1312 4508 πλουτεῖν
1358 4452 1573 4523 ἠγάπα,
1626 4453 1674 4505 εί
1721 4450 1780 4504 δὲ
1822 4450 1917 4504 καὶ

2017 3271 2198 3315 rentes
2276 3258 2558 3314 deluderet
2607 3268 2663 3315 et
2732 3258 2802 3314 ad
2864 3260 3236 3329 contemplum
3318 3259 3591 3313 incitaret.

2016 3352 2229 3421 Quippe
2269 3352 2532 3407 satellites
2555 3351 2800 3415 aberant,
2832 3364 3041 3404 necnon
3079 3350 3302 3405 comites
3324 3360 3379 3403 et
3406 3348 3596 3403 adula-

2019 3454 2165 3501 tores
2198 3460 2481 3513 nunquam
2515 3445 2916 3511 sequebantur.
2949 3441 3182 3498 Solitum
3211 3451 3392 3497 autem
3415 3442 3593 3496 solum

2020 3541 2253 3609 praeicns
2298 3537 2481 3592 lumen
2520 3545 2573 3591 et
2622 3537 2830 3607 lampas
2861 3536 3189 3591 antecedens
3240 3536 3392 3589 illum
3456 3537 3599 3588 inter

2019 3626 2306 3697 pontiﬁces
2343 3641 2601 3696 magnum
2665 3626 2998 3688 illustrabat,
3051 3625 3308 3696 magistra
3368 3625 3599 3678 internae

2020 3716 2313 3782 claritatis,
2346 3726 2399 3771 et
2454 3716 2593 3772 lucis
2615 3726 2840 3786 operum
2888 3716 3218 3787 praenuntia.
3247 3715 3399 3782 Quod
3434 3716 3479 3769 si
3513 3715 3601 3769 di-

2020 3820 2229 3865 tescere
2281 3808 2540 3877 amabat,
2610 3808 2654 3864 si
2685 3824 2852 3880 opum
2911 3823 3141 3865 acervos
3192 3809 3599 3880 congregabat,

2024 3910 2267 3959 vestrum
2324 3902 2507 3971 poscit
2554 3903 2925 3957 testimonium
2975 3900 3120 3956 inter
3177 3916 3320 3972 quos
3385 3915 3603 3971 semper

2019 3996 2176 4062 vixit,
2206 4009 2422 4065 semper
2449 4002 2811 4050 conversatus
2852 4002 2954 4048 est.
2988 3993 3129 4059 Quid
3160 3994 3331 4064 ergo?
3364 3992 3603 4047 muneri-

2021 4088 2126 4142 bus
2163 4102 2360 4141 manus
2389 4085 2637 4156 implerit
2666 4085 2689 4139 Ἰ
2717 4084 2858 4151 Quid
2882 4099 3014 4155 ergo
3041 4086 3066 4140 ?
3093 4081 3303 4138 Oblatis
3337 4083 3604 4151 donisque

2023 4178 2404 4235 delectabatur
2467 4178 2541 4232 ita
2598 4185 2659 4231 ut
2725 4175 3031 4246 spiritualia
3071 4174 3382 4229 volentibus
3429 4175 3603 4241 pretio

2024 4270 2311 4327 tradiderit
2362 4277 2417 4325 et
2472 4268 2678 4325 illicitis
2704 4268 2873 4323 lucris
2902 4283 3101 4323 manus
3130 4266 3422 4337 polluerit?
3462 4266 3606 4321 Sane

2024 4364 2151 4433 quis
2179 4361 2317 4417 adeo
2333 4360 2565 4416 mendax
2586 4370 2639 4415 et
2658 4360 2900 4415 insolens
2932 4368 2988 4414 ut
3015 4360 3191 4415 taliter
3213 4359 3359 4428 loqui
3387 4359 3605 4422 audeat,

2024 4465 2081 4513 et
2134 4453 2353 4510 sordem
2406 4452 2694 4508 munditias
2732 4451 3029 4516 immittat,
3058 4464 3113 4507 et
3157 4453 3333 4507 lucem
3372 4451 3608 4519 appellet

338 4549 553 4619 σωροὺς
573 4548 875 4618 χρημάτων
898 4545 1346 4612 ὲπεστοιϐάσατο,
1374 4543 1530 4615 ξητεί
1553 4543 1651 4614 τὴν
1675 4542 1736 4609 ἐξ
1763 4541 1909 4614 ὑμῶν

2029 4547 2301 4613 tenebras,
2330 4555 2385 4601 et
2432 4547 2603 4599 l'aceut
2653 4554 2810 4599 vocet
2865 4544 3153 4613 caliginem
3179 4546 3203 4599 ?
3232 4544 3427 4599 Manus
3458 4542 3603 4597 enim

341 4641 674 4712 μαρτυρίαν,
702 4633 783 4704 οἷς
829 4633 1004 4710 ἦνὰεὶ
1044 4639 1140 4693 καὶ
1179 4636 1425 4700 σύνοικος
1481 4635 1579 4691 καὶ
1607 4636 1915 4707 συνόμιλος.

336 4733 481 4787 Τίδὲ
515 4751 530 4800 ;
583 4716 891 4801 λημμάτων
951 4728 1259 4799 ἐπληροῦτο
1312 4731 1414 4791 τὰς
1445 4732 1635 4800 χεῖρας
1659 4746 1676 4797 ;
1730 4728 1796 4781 Τί
1823 4728 1920 4795 δὲ;

337 4825 533 4892 ξενίοις
564 4826 658 4879 καὶ
695 4823 889 4892 δώροις
910 4822 1153 4892 ἔχαιρεν,
1197 4821 1273 4885 ὡς
1321 4824 1419 4875 καὶ
1455 4822 1523 4874 τὰ
1568 4821 1922 4891 πνευματικά

334 4919 450 4979 τοῖς
514 4914 861 4985 βουλομένοις
920 4912 1071 4969 ἔστιν
1117 4912 1207 4969 ὅτε
1253 4913 1764 4984 καταχαρίζεσθαι.
1824 4915 1922 4965 καὶ

341 5005 591 5078 μολύκειν
620 5008 808 5076 χεῖρας
849 5005 1112 5073 ἀθέσμοις
1142 5005 1394 5075 λήμμασι
1422 5021 1439 5072 ;
1500 5005 1608 5059 Καὶ
1634 5004 1716 5068 τίς
1768 5004 1935 5074 οὕτω,

335 5100 645 5173 ψευδοεπὴς
720 5101 817 5153 καὶ
900 5098 1326 5170 θρασύστομος,
1400 5098 1477 5160 ὡς
1560 5098 1926 5169 ὲπιθαρῤἧσαι

338 5192 566 5262 τοιούτῳ
595 5193 823 5262 ῥήματι,
865 5191 960 5244 καὶ
994 5191 1085 5243 τὸν
1117 5192 1304 5244 σπῖλον
1328 5188 1612 5260 ἐπιτρίψαι
1635 5188 1713 5258 τῷ
1744 5188 1917 5243 καθα-

347 5285 448 5356 ρῷ,
470 5285 567 5339 καὶ
589 5284 650 5336 τὸ
682 5283 799 5352 φῶς
829 5282 1101 5350 ὀνομάσαι
1133 5283 1346 5346 σκότος,
1376 5282 1471 5336 καὶ
1530 5283 1623 5337 τὸν
1665 5283 1924 5352 λυχνίτην

340 5378 573 5431 καλέσαι
605 5375 885 5446 κάχληκα;
919 5375 1120 5442 Χείρες
1174 5375 1285 5445 γὰρ
1327 5370 1469 5445 ἦσαν
1523 5374 1735 5429 ἐκείνου
1782 5374 1924 5427 λεῖαι

346 5470 446 5537 μὲν
481 5470 568 5522 ἀεὶ
602 5469 699 5522 καὶ
731 5466 971 5535 καθαραὶ
1009 5466 1147 5534 μετά
1185 5466 1286 5537 τῆς
1325 5465 1522 5520 Ἰακὼό
1570 5465 1878 5536 ἀπληστίας
1907 5479 1924 5497 ⁸

347 5560 694 5628 μεταπλάσαι
737 5558 794 5611 δὲ
844 5557 1046 5619 ταύτας
1087 5558 1167 5619 είς
1228 5560 1291 5611 τὸ
1331 5557 1650 5626 ἀμφιλαφὲς
1687 5557 1794 5610 οὐκ»
1835 5559 1926 5627 ἠν-

345 5653 554 5722 έσχετο,
585 5650 659 5714 ὡς
690 5650 756 5704 ἂν
780 5651 839 5703 τὸ
861 5650 1057 5718 ἀληθὲς
1077 5650 1487 5720 ὲπικρύπτοιτο.
1509 5649 1676 5703 Φύσει
1696 5650 1806 5719 γὰρ
1834 5651 1927 5703 καὶ

344 5746 404 5797 τὸ
451 5743 749 5797 ἐπίκλοπον
808 5744 1013 5814 ἐμίσει,
1078 5745 1171 5796 καὶ
1219 5744 1284 5796 το
1329 5741 1503 5797 δόλιον
1528 5743 1925 5815 ἀπεστρέφετο.

2027 4640 2176 4696 illius
2208 4646 2368 4695 erant
2407 4637 2569 4693 laevos
2615 4645 2670 4693 et
2715 4651 2866 4706 purae.
2913 4650 3038 4691 cum
3073 4637 3370 4707 cupiditate
3415 4634 3606 4692 Jacob.

2028 4731 2136 4786 Eas
2162 4730 2216 4785 in
2250 4730 2476 4800 ancipiti
2503 4729 2798 4785 extendere
2831 4744 2939 4783 non
2968 4730 3277 4800 patiebatur
3318 4739 3378 4784 ut
3407 4729 3609 4784 veritas

2028 4824 2336 4879 cmlaretur.
2386 4821 2519 4876 Nam
2559 4830 2753 4883 natura
2810 4820 3057 4875 fraudem
3111 4822 3298 4875 oderat
3339 4833 3394 4872 et
3424 4820 3607 4873 dolum

2027 4916 2411 4972 aversabatur.
2450 4914 2516 4968 Et
2556 4914 2604 4969 si
2641 4914 2766 4983 quis
2809 4927 3048 4982 unquam
3101 4912 3201 4980 ipsi
3238 4910 3437 4965 talibus
3473 4926 3609 4979 gau-

2026 5006 2162 5061 dens
2189 5007 2597 5070 ostenderetur,
2648 5005 2775 5059 huic
2800 5003 2854 5058 in
2884 5004 3163 5058 inimicum
3194 5003 3522 5064 vertebatur,
3554 5011 3612 5057 et

2027 5097 2270 5167 perfecto
2312 5097 2441 5153 odio
2462 5098 2655 5153 oderat
2680 5112 2828 5151 eum.
2864 5096 2983 5166 Ipse
3012 5096 3157 5150 enim
3206 5096 3259 5150 iu
3295 5095 3609 5149 innocentia

2029 5192 2212 5246 cordis
2238 5192 2294 5246 in
2324 5191 2501 5245 tuedio
2537 5192 2736 5246 domus
2760 5189 3098 5253 ambulabat,
3143 5203 3243 5242 uec
3265 5202 3295 5241 a
3329 5186 3612 5256 iuventute

2032 5281 2356 5351 ambagibus
2391 5292 2445 5335 et
2479 5282 2800 5337 circnitibus
2833 5280 2936 5336 fuit
2961 5280 3281 5345 delectatus,
3303 5276 3612 5346 necjanuas

2031 5378 2259 5431 divitum
2294 5377 2466 5446 magis
2508 5391 2670 5446 quam
2710 5374 2995 5430 doctorum
3029 5373 3283 5444 pulsavit.
3319 5370 3423 5425 Sed
3453 5370 3609 5441 quasi

2016 5485 2221 5527 senem
2255 5469 2531 5524 houoraus
2564 5467 2848 5523 veritatem
2871 5481 3035 5536 quam
3059 5480 3184 5519 cum
3218 5465 3328 5519 Deo
3360 5461 3614 5518 confero-

2034 5563 2147 5629 bat,
2177 5561 2437 5616 facientes
2463 5560 2805 5615 mendacium
2842 5559 3032 5613 oderat
3093 5566 3147 5613 et
3190 5566 3387 5613 contra
3430 5553 3613 5625 proxi-

2038 5666 2188 5706 mum
2242 5660 2456 5707 secreto
2499 5649 2886 5705 maledicentes
2934 5660 2988 5705 et
3018 5655 3427 5705 murmurantes
3466 5647 3616 5701 inse-

2042 5745 2313 5801 ctabatur.

350 5837 458 5901 Καὶ
483 5837 536 5891 εί
561 5836 693 5892 ποτέ
721 5854 802 5900 τις
834 5837 990 5908 αὐτῷ
1020 5840 1134 5899 τοῖς
1165 5837 1428 5899 τοιούτοις
1462 5836 1669 5906 χαίρων
1696 5835 2045 5905 ἐπεφώρατο,
2100 5838 2181 5899 εἰς
2240 5835 2437 5906 ἐχθρὸν
2487 5834 2705 5906 ἐγένετό
2764 5835 2835 5899 οί,
2893 5834 2985 5887 καὶ
3038 5832 3193 5901 μῖσος
3249 5828 3439 5919 τοῦτον
3490 5826 3610 5899 ἑμί-
