4034 6436
437 408 545 472 Ἷθ3
1185 408 1581 472 EUTHYMII
1624 406 2016 468 LAUDATIO
2070 407 2468 470 FUNEBRIS
2509 408 2932 470 EUSTATHII
3603 403 3717 470 76$

443 537 526 572 σει
561 517 789 572 τέλειον.
821 517 991 584 Αὐτὸς
1026 517 1125 584 μὲν
1164 519 1274 590 γὰρ
1330 519 1388 572 ἐν
1442 518 1650 586 ἀκακία
1706 513 1934 586 καρδίας
1967 513 2024 564 ἐν
2055 512 2207 584 μέσῳ
2234 514 2332 585 τῆς
2359 515 2533 580 οἰκίας
2603 516 2976 588 διεπορεύετο,
3039 515 3150 587 ὅσῳ
3191 515 3440 587 προόδοις
3487 532 3549 569 τε
3613 517 3716 569 καὶ

441 612 711 682 περιόδοις
760 613 860 667 οὐκ
894 611 1242 681 ἐνησμένιζεν
1293 613 1357 667 ἐκ
1404 614 1676 682 νεότητος,
1733 609 1855 664 οὐδὲ
1907 607 2082 677 θύρας
2150 608 2421 664 πλουσίων
2477 611 2679 682 μᾶλλον
2729 615 2763 682 ἢ
2827 611 2936 664 τῶν
2990 611 3189 678 λογίων
3247 610 3510 681 ἐξέτριθε.
3574 612 3718 678 Πρε-

445 704 656 758 σσεύων
694 704 749 758 δὲ
780 706 916 758 ἀλλὰ
963 707 1057 760 καὶ
1085 705 1185 776 τὴν
1214 706 1494 776 ἀλήθειαν,
1531 705 1624 758 καὶ
1646 704 1794 772 ἄγων
1819 703 1907 754 tau
1939 695 2079 765 Θεῷ,
2110 699 2236 764 τοὺς
2268 702 2558 767 ποιοῦντας
2587 703 2926 775 παραϐάσεις
2979 703 3179 774 ἐμίσει,
3227 705 3320 758 καὶ
3358 705 3484 766 τοὺς
3537 703 3720 774 λάθρα

443 798 535 850 τοῦ
573 797 802 866 πλησίον
849 797 1284 859 καταλαλοῦντας
1351 798 1446 852 καὶ
1488 796 1873 867 ψιθυρίζοντας
1931 787 2235 855 ἐξεδίωκεν,

515 886 570 939 5.
599 887 643 939 0
671 887 800 957 quid
841 889 914 941 tui
971 890 1121 958 prius
1171 887 1408 951 deﬂebo,
1453 888 1619 942 frater
1646 881 2017 941 divinissime?

2191 882 2332 940 ε’.Ὦ
2355 887 2407 940 τί
2433 904 2528 940 σου
2557 887 2771 957 πρῶτον
2798 887 3239 956 ἁποκλαύσομαι,
3272 887 3516 942 θειότατε
3557 890 3718 942 ἀδελ·

443 976 582 1042 Quid
616 979 691 1033 lui
727 979 1045 1052 lacrymabo
1099 980 1417 1051 posterius?
1450 979 1780 1034 Gravitatem
1819 985 1872 1030 et
1900 975 2016 1044 phi-

444 1066 772 1137 l030phiam,
798 1069 884 1123 vel
914 1070 1229 1124 societatem
1251 1078 1410 1139 atque
1434 1065 1797 1122 charitatem?
1824 1065 2020 1133 linguae

444 1157 809 1226 prudentiam,
847 1172 942 1214 aut
972 1161 1293 1215 suavitatem
1335 1167 1390 1214 et
1417 1159 1692 1230 gratiam?
1717 1157 2021 1226 pontificia-

444 1250 551 1305 lem
583 1253 874 1316 honorem,
909 1260 1006 1306 aut
1040 1252 1316 1321 politicam
1349 1251 1818 1305 conversationem
1849 1250 1869 1300 i
1895 1247 2023 1302 0m-

446 1343 536 1398 nia
574 1345 717 1399 enim
765 1344 928 1400 simul
977 1344 1201 1399 collecta
1252 1358 1376 1414 quae
1419 1342 1692 1398 hominem
1745 1343 2024 1396 adornant

447 1436 591 1489 inter
625 1449 684 1490 se
706 1435 910 1504 optime
943 1435 1261 1490 coordinata
1300 1435 1614 1505 temperasti
1644 1445 1696 1488 et
1725 1435 1778 1487 in
1809 1447 2028 1502 compo-

447 1528 701 1582 sitionem
766 1525 1043 1596 perfecisti
1105 1541 1268 1597 quam
1321 1537 1440 1581 arte
1495 1526 1781 1581 eﬂ'ormant
1845 1527 2026 1580 omnis

449 1619 670 1687 generis
717 1618 878 1673 ﬂores
933 1628 1097 1687 atque
1133 1619 1370 1674 colores.
1407 1617 1454 1676 Ο
1493 1628 1710 1688 quantae
1737 1619 1924 1688 gratia:
1951 1619 1964 1672 ί
1995 1634 2026 1672 o

451 1722 690 1777 quantus
744 1711 932 1776 decor,
992 1720 1320 1782 quantaeque
1374 1711 1648 1768 virtutes!
1685 1727 1717 1767 o
1747 1713 1830 1765 vir
1862 1713 2028 1767 etiam

451 1810 580 1856 ante
623 1802 785 1856 finem
822 1803 1180 1869 beatificatus,
1220 1813 1274 1860 et
1318 1814 1442 1875 post
1491 1805 1650 1860 finem
1692 1814 1910 1876 propter
1947 1807 2030 1874 ja-

453 1905 663 1948 cturam
699 1895 922 1965 quidem
973 1896 1225 1966 deﬂetus,
1263 1899 1355 1954 sed
1388 1909 1611 1968 propter
1640 1898 1868 1953 virtutes
1893 1899 2032 1954 cele-

453 1984 676 2040 bratus!
703 1984 746 2042 Ο
773 1987 1027 2058 juventus
1048 1990 1290 2061 gloriosa
1310 1991 1324 2046 ι
1346 2007 1378 2045 o
1400 2001 1650 2047 senectus
1671 1991 2028 2046 concinendal

460 2075 592 2130 Nam
616 2083 874 2147 juvenem
914 2081 1104 2136 habuit
1130 2096 1254 2137 eum
1298 2083 1601 2137 litterarum
1635 2082 1852 2145 civitas,
1884 2081 2033 2136 Con-

2125 979 2192 1046 φέ
2215 979 2313 1045 ;Τί
2342 979 2399 1032 δέ
2421 997 2513 1032 σου
2537 980 2792 1050 δακρύσω
2812 979 3096 1050 δεύτερονς
3126 981 3199 1032 Τὸ
3221 980 3481 1050 ἐμϐριθὲς
3509 982 3604 1034 κα)⁸
3632 1000 3725 1050 φι-

2125 1070 2374 1138 λόσοφον,
2398 1071 2430 1141 ἦ
2455 1071 2515 1124 τὸ
2543 1072 2860 1124 κοινωνικὸν
2880 1073 2972 1124 καὶ
2998 1072 3321 1140 φιλάλληλον
3356 1089 3370 1136 ;
3403 1073 3474 1126 Τὸ
3501 1074 3723 1143 σῶφρον

2126 1162 2229 1231 τῆς
2256 1163 2522 1232 γλώττης,
2554 1163 2585 1233 ἢ
2611 1165 2668 1214 τὺ
2693 1163 2864 1231 γλυκύ
2890 1181 2947 1216 τε
2971 1165 3066 1217 xui
3089 1164 3429 1234 χάριςνετὴν
3459 1167 3728 1236 ἀρχιερα-

2127 1254 2288 1325 τικὴν
2318 1254 2690 1324 εύκοσμίαν,ἢ
2719 1255 2816 1324 τὴν
2843 1255 3120 1325 πολιτικὴν
3144 1257 3467 1325 ἐπιφάνειαν
3495 1259 3614 1319 ﬂii
3649 1277 3724 1310 τοι

2130 1347 2239 1413 γὰρ
2270 1347 2405 1416 όμοῦ
2439 1347 2739 1410 συλλαϐὼν,
2779 1349 2880 1400 ὅσα
2903 1365 2958 1400 τε
2986 1349 3153 1410 ὅντως
3173 1348 3469 1416 κοσμοῦσιν
3503 1348 3724 1416 ἅνθρω-

2131 1453 2253 1502 πον,
2287 1436 2540 1506 ἀλλήλοις
2566 1439 2742 1491 ταῦτα
2760 1439 2939 1502 καλῶς
2976 1439 3323 1510 συνήρμοσάς
3346 1457 3404 1492 τε
3429 1441 3525 1493 καὶ
3557 1458 3723 1492 συνε-

2131 1529 2392 1597 κέρασας,
2422 1531 2517 1583 καὶ
2547 1533 2628 1593 είς
2653 1530 2974 1600 οἰκονομίαν
3026 1531 3400 1601 ἐξετελέσθης,
3439 1533 3506 1603 ἢν
3537 1551 3723 1602 τεχνι-

2133 1621 2247 1694 κῷς
2283 1621 2680 1692 ἐμορφὼσαντο
2702 1623 3026 1676 παντοδαπὰ
3061 1625 3157 1676 καὶ
3189 1623 3325 1692 ἄνθη
3353 1627 3447 1676 καὶ
3496 1626 3727 1694 χρώμα-

2134 1727 2224 1766 τα.
2253 1706 2324 1765 Ὦ
2366 1712 2703 1781 τηλικούτων
2751 1713 3034 1784 χαρίτωνί
3089 1708 3134 1768 ὦ
3179 1713 3447 1767 τοσούτου
3511 1716 3722 1784 κόσμου

2136 1805 2232 1858 καὶ
2266 1803 2475 1875 ἀρετῶν
2531 1805 2544 1858 ι
2581 1799 2626 1858 ὧ
2657 1805 2944 1874 ἄνθρωπος
2984 1806 3076 1858 καὶ
3105 1807 3212 1875 πρὸ
3247 1806 3502 1875 τελευτῆς
3551 1808 3727 1871 ὅντως

2143 1896 2608 1966 μακαριζόμενος,
2647 1898 2743 1950 καὶ
2776 1897 2914 1966 μετὰ
2934 1896 3194 1966 τελευτὴν
3223 1897 3310 1948 διὰ
3345 1896 3441 1964 μὲν
3467 1899 3566 1967 τὴν
3622 1898 3726 1964 ζη-

2146 1988 2279 2058 μίαν
2319 1988 2713 2058 θρηνούμενος,
2742 1989 2831 2042 διά
2856 1989 2912 2041 δὲ
2937 1989 3038 2052 τὰς
3063 1988 3263 2059 ἀρετὰς
3288 1989 3726 2058 ἐξυμνούμενοςῑ

2139 2075 2211 2135 Ὦ
2247 2080 2439 2149 νεότης
2491 2079 2806 2150 περίδοξοςί
2850 2074 2896 2134 ὦ
2946 2082 3124 2151 γῆρας
3180 2081 3459 2148 ἀοίδιμονί
3518 2080 3730 2147 Ἀκμά-

456 2169 880 2241 stantinnpolis,
944 2182 996 2227 et
1051 2173 1231 2230 omnis
1291 2173 1548 2242 juventus
1596 2174 1792 2229 litteris
1855 2174 2033 2229 dedita

2148 2169 2307 2232 ζοντα
2341 2172 2439 2240 μὲν
2478 2172 2586 2241 γὰρ
2611 2167 2725 2242 εἶχέ
2753 2173 2871 2242 τεή
2913 2171 3023 2225 τῶν
3052 2171 3226 2239 λόγων
3267 2170 3441 2233 πόλις,
3479 2173 3510 2239 ἡ
3572 2173 3734 2224 Κων-

454 2260 598 2316 circa
644 2234 826 2330 illum;
893 2263 1169 2321 Musarum
1223 2234 1372 2322 velut
1430 2266 1689 2337 templum
1725 2273 1881 2332 erat;
1932 2267 2037 2321 alia

2148 2261 2452 2323 σταντίνου,
2491 2263 2588 2314 καὶ
2612 2265 2646 2333 ἡ
2679 2262 2964 2330 φιλολόγος
2992 2263 3210 2315 νεολαία
3250 2263 3398 2314 πᾶσα
3462 2263 3588 2331 περὶ
3632 2263 3734 2314 αύ-

458 2355 705 2422 quzrdam
735 2355 1049 2420 Academia,
1081 2357 1399 2414 Porticusve
1448 2367 1502 2413 et
1546 2358 2028 2427 Peripateticorum

461 2447 987 2504 deambulatorium.
1040 2450 1194 2507 Alios
1248 2451 1466 2520 quidem
1553 2451 1929 2505 introducebat
1985 2452 2036 2504 in

459 2539 926 2606 grammaticam,
989 2542 1044 2596 in
1082 2551 1256 2598 metra
1319 2551 1478 2612 atque
1521 2542 1748 2612 pocsim,
1791 2551 1938 2597 tanta
1971 2543 2039 2597 de

460 2627 572 2682 illis
611 2629 840 2683 scientia
897 2632 1158 2701 praeditus
1214 2640 1273 2688 ut
1323 2633 1475 2687 nullo
1529 2634 1689 2687 modo
1742 2633 1810 2687 ab
1848 2648 2037 2688 earum

460 2720 925 2790 exeogitatoribus
978 2734 1266 2796 superatus
1306 2725 1536 2794 fuisset;
1587 2726 1725 2782 alios
1762 2741 1892 2781 vero
1936 2727 2042 2780 lin-

461 2827 625 2881 gnam
657 2815 906 2882 docebat,
938 2818 1005 2872 ad
1054 2817 1381 2873 rhetoricam
1421 2819 1636 2886 ductos,
1664 2829 1716 2874 et
1750 2820 1885 2874 alios
1919 2819 2041 2874 aliis

462 2906 756 2960 exercebat
804 2915 916 2962 tum
954 2908 1397 2966 institutionibus
1446 2921 1556 2966 tum
1609 2911 1900 2968 doctrinis.
1935 2911 2040 2966 Sed

463 3010 533 3052 eo
556 2997 842 3068 juventam
875 3011 1235 3070 transgresso,
1274 3013 1328 3060 et
1352 3005 1404 3058 in
1435 3004 1728 3074 pontificis:
1764 3004 2043 3075 dignitatis

469 3090 817 3146 altitudinem
851 3096 1203 3164 ascendente,
1237 3097 1366 3167 quid
1396 3113 1621 3154 necesse
1643 3099 1800 3168 plura
1819 3099 2042 3154 dicere?

469 3183 629 3258 Unus
677 3188 732 3242 in
764 3190 1144 3258 pontificibus,
1185 3209 1330 3250 unus
1360 3194 1413 3248 in
1445 3195 1784 3265 sapientibus
1812 3193 2046 3250 Thessa-

467 3277 762 3335 lonicensis
791 3282 1082 3353 episcopus
1124 3284 1192 3340 ab
1214 3286 1471 3342 omnibus
1520 3285 1942 3356 praadicabatur.
1981 3287 2047 3341 Et

469 3383 616 3424 nunc
643 3370 752 3423 vita
775 3371 1091 3430 defunctum
1127 3375 1303 3446 plorat
1335 3385 1480 3433 totus
1505 3377 1790 3452 doctorum
1824 3379 2046 3444 chorus,

467 3467 522 3512 et
556 3460 791 3530 amplius
845 3462 966 3519 istis
1014 3465 1288 3536 sapientes
1343 3467 1464 3537 ejus
1527 3467 1824 3538 discipuli;
1874 3467 2051 3536 plorat

2141 2351 2371 2418 τὸν,καὶ
2403 2348 2471 2420 ἦν
2514 2353 2762 2418 μουσεῖον
2795 2350 3062 2419 ἄντικρυς
3123 2350 3184 2401 τὸ
3235 2349 3526 2417 δωμάτιον,
3591 2347 3734 2418 ἄλλη

2140 2461 2222 2507 τις
2263 2443 2570 2512 Ἀκαδημία
2595 2444 2690 2496 καὶ
2720 2442 2861 2496 Στοὰ
2890 2443 2986 2495 xui.
3014 2441 3346 2511 Περίπατος.
3377 2440 3486 2492 Καὶ
3511 2433 3591 2503 οἷς
3630 2440 3733 2507 μὲν

2145 2538 2402 2608 ἐχορήγει
2437 2537 2840 2608 γραμματικὴν
2863 2537 2960 2589 καὶ
2991 2537 3165 2606 μέτρα
3211 2533 3307 2587 xui.
3352 2532 3591 2601 ποίησιν,
3649 2550 3736 2585 το-

2146 2630 2354 2701 σαύτην
2378 2629 2516 2700 ιχων
2551 2630 2760 2684 τούτων
2785 2629 2885 2701 τὴν
2915 2629 3111 2698 ἐπιστή
3125 2645 3251 2696 μην,
3278 2627 3354 2688 ὡς
3403 2626 3572 2695 μηδὲν
3617 2626 3735 2679 τῶν

2145 2719 2658 2790 ἀρξαμένων.σφῶν
2705 2719 2979 2790 εὑρέσεως
3032 2717 3470 2771 ἀπολείπεσθαι⁶
3533 2709 3614 2776 οἷς
3677 2715 3737 2768 δὲ

2142 2813 2519 2884 τὴνῗγλῶτταν
2567 2813 2776 2881 ἠκόνει,
2843 2811 3154 2883 ῥητορικῶς
3195 2808 3586 2878 ἐξηγούμενος,
3639 2807 3742 2861 καὶ

2144 2903 2339 2966 ἄλλους
2361 2904 2542 2969 ἄλλοις
2572 2905 2792 2974 ἐνήσκει
2825 2904 2921 2958 καὶ
2957 2902 3290 2972 παιδεύμασι
3342 2901 3438 2955 καὶ
3470 2899 3742 2970 μαθήμα-

2147 3014 2254 3051 σιν.
2284 2996 2448 3049 Ὅθεν
2477 2997 2572 3049 xui
2603 2995 2760 3058 κλέος
2778 2993 2935 3064 ἔσχεν
2964 2993 3122 3063 εὐρὺ,
3152 2993 3265 3050 τοῖς
3293 2991 3554 3044 ἁπάντων
3610 2987 3736 3040 κεί-

2149 3110 2309 3162 μενος
2341 3092 2599 3162 στόμασι.
2648 3089 3012 3159 Παραμείψας
3045 3087 3104 3141 δὲ
3131 3086 3224 3140 τδν
3249 3085 3395 3152 νέον,
3431 3084 3527 3138 καὶ
3555 3084 3636 3146 είς
3671 3084 3736 3136 τδ

2147 3185 2247 3254 τῆς
2313 3176 2724 3254 ἀρχιερωσύνης
2775 3181 2904 3251 ὕψος
2968 3177 3328 3249 ἀναδραμὼν,
3361 3179 3416 3232 τί
3457 3179 3538 3230 δεῖ
3564 3174 3744 3229 πολλὰ

2149 3278 2332 3348 λέγειν
2362 3295 2377 3344 ;
2414 3273 2510 3341 Εἷς
2539 3279 2595 3330 ἐν
2615 3274 2989 3346 ἀρχιερεῦσιν,
3029 3268 3110 3337 εἷς
3138 3275 3196 3326 ἐν
3232 3273 3418 3340 σοφοῖς
3463 3274 3492 3324 ό
3530 3271 3746 3323 Θεσσα-

2149 3370 2368 3441 λονίκης
2396 3369 2548 3440 παρὰ
2576 3370 2744 3422 πᾶσιν
2763 3366 3185 3438 ἀνεκηρύττετο.
3225 3364 3338 3417 Καὶ
3358 3362 3454 3418 νῦν
3479 3365 3578 3432 μὲν
3603 3363 3744 3417 ἀπο-

2149 3463 2380 3518 λιπόντα
2406 3462 2496 3515 τὸν
2525 3461 2642 3530 βίον
2670 3461 2860 3532 θρηνεῖ
2886 3460 2983 3529 μὲν
3014 3460 3042 3512 ό
3070 3457 3287 3526 λογικὸς
3339 3457 3502 3528 χορὸς
3565 3457 3742 3522 ἅπας,

467 3548 628 3602 ctiam
668 3552 804 3606 ordo
838 3554 1151 3620 pontiﬁcum
1187 3572 1287 3612 suo
1324 3567 1664 3622 ornamento,
1719 3573 1820 3612 suo
1849 3558 2038 3612 decore

2157 3557 2253 3608 καὶ
2292 3554 2500 3608 τούτων
2539 3552 2702 3606 πλέον
2735 3553 2785 3604 oi
2820 3552 2976 3619 σοφοὶ
3015 3549 3259 3621 μαθηταί
3293 3565 3306 3580 ο
3329 3548 3520 3619 θρηνεῖ
3547 3548 3605 3602 δὲ
3643 3552 3747 3602 καὶ

467 3650 690 3709 exutus,
725 3651 782 3698 et
825 3647 1060 3715 amplius
1091 3647 1208 3702 istis
1236 3663 1334 3719 ego
1372 3649 1494 3718 ejus
1530 3651 1690 3706 annis
1731 3650 1958 3720 aequalis
1991 3655 2046 3705 et.

470 3733 813 3790 educationis
844 3740 1024 3793 socius
1050 3754 1260 3794 necnon
1288 3741 1595 3796 studiorum
1619 3742 2045 3812 condiscipulus,

469 3825 562 3891 qui
595 3841 756 3881 omne
803 3827 1113 3897 juventutis
1166 3841 1382 3902 tempus
1431 3850 1554 3888 cum
1600 3834 1722 3904 ipso
1751 3834 1806 3889 in
1858 3836 2046 3891 eadem

480 3915 644 3970 domo
700 3929 1063 3976 conversatus
1098 3925 1377 3994 transegi;
1439 3933 1493 3979 et
1539 3935 1596 3981 ut
1633 3927 1814 3981 omnia
1851 3929 1903 3982 in
1939 3943 2049 3982 uno

473 4006 748 4074 colligam,
785 4009 840 4062 in
869 4026 1032 4066 unam
1059 4015 1220 4072 ambo
1249 4015 1490 4071 animam
1523 4019 1829 4074 confirmati
1859 4035 2051 4076 sumus

474 4107 531 4151 et
565 4103 947 4169 conglutinati.

549 4277 604 4334 6.
635 4280 760 4336 Haec
791 4285 1043 4342 manibus
1079 4287 1185 4343 tuis
1215 4288 1471 4358 libamus,
1519 4306 1553 4348 o
1601 4292 1786 4348 divum
1827 4301 1880 4349 et
1916 4293 2051 4348 mihi

476 4371 868 4427 amicissimum
934 4386 1118 4446 caput.
1175 4377 1303 4436 Hazc
1355 4391 1483 4437 sunt
1541 4397 1663 4453 quae
1718 4383 1814 4437 tibi
1869 4382 2054 4453 lingua

480 4462 684 4516 sodalis
710 4465 908 4520 dilecta
954 4468 1132 4535 oﬂ'ert,
1166 4487 1329 4541 quam
1373 4474 1503 4528 olim
1560 4475 1868 4546 loquentem
1907 4489 2056 4529 ama-

478 4554 601 4618 bas,
631 4572 774 4613 nunc
806 4574 936 4615 vero
974 4562 1160 4618 dolore
1194 4567 1431 4623 ardentis
1461 4567 1581 4637 ejus
1607 4583 1713 4622 non
1746 4567 2046 4634 misereris,

480 4663 582 4704 nec
617 4664 684 4702 ex
737 4652 861 4707 sinu
911 4657 1233 4724 patriarcha:
1276 4660 1328 4712 in
1381 4675 1488 4728 quo
1517 4661 1751 4730 portaris
1785 4661 2054 4716 roscidam

478 4743 745 4809 guttulam
783 4747 942 4802 nobis
967 4749 1172 4804 emittis
1206 4750 1440 4805 tristitiae
1486 4753 1608 4822 igne
1663 4753 2050 4808 aestuantibus.

2154 3649 2182 3701 ό
2204 3647 2314 3701 τῶν
2344 3646 2650 3718 ἀρχιερέων
2681 3643 3011 3712 κατάλογος,
3061 3643 3121 3697 ὃν
3152 3639 3266 3712 εἶχε
3321 3641 3589 3712 καύχημα
3644 3641 3747 3720 καὶ

2155 3741 2360 3810 κόσμον
2384 3737 2697 3800 ἀποϐαλὼν,
2733 3738 2829 3790 καὶ
2858 3735 3066 3789 τούτων
3100 3733 3262 3787 πλέον
3304 3731 3412 3800 ἐγὼ
3445 3735 3473 3784 ό
3522 3731 3748 3802 συνηλι-

2155 3833 2365 3904 κιὼτης
2394 3832 2488 3885 καὶ
2522 3831 2849 3900 σύντροφος,
2887 3829 2946 3892 ὃς
2983 3828 3079 3882 καὶ
3129 3827 3473 3897 μαθημάτων
3523 3844 3748 3897 συμμε-

2156 3928 2350 3996 τέσχον
2374 3924 2545 3994 αὐτῷ,
2591 3925 2686 3976 καὶ
2714 3923 2806 3975 τὸν
2851 3923 3034 3974 πάντα
3091 3919 3193 3990 τῆς
3243 3921 3498 3989 νεότητος
3547 3921 3747 3990 χρόνον

2159 4016 2523 4088 συνηυλίσθην
2549 4033 2608 4068 τε
2651 4017 2746 4068 καὶ
2788 4013 3089 4081 συνέζησα,
3129 4014 3223 4064 καὶ
3269 4011 3356 4066 ἵνα
3391 4011 3629 4065 συνελὼν
3668 4011 3750 4064 εῖ-

2158 4126 2267 4175 πω,
2315 4112 2392 4173 εἰς
2455 4108 2586 4177 μίαν
2642 4107 2812 4177 ἄμφω
2851 4104 3030 4176 ψυχὴν
3076 4103 3606 4176 συνεκράθημέν’τε
3650 4107 3750 4158 καὶ

2162 4200 2422 4269 συνεδέθη
2432 4217 2552 4270 μεν.
3425 4256 3430 4258 _

2236 4300 2311 4359 ς’.
2346 4291 2518 4347 Αὖταί
2551 4308 2632 4345 σοι
2671 4290 2913 4361 κειμένῳ
2963 4289 3092 4359 παρ’
3124 4289 3280 4358 ἡμῶν
3311 4290 3367 4343 αἱ
3417 4289 3564 4359 χοαὶ,
3621 4286 3752 4342 θεία

2161 4387 2256 4440 καὶ
2305 4384 2539 4454 φιλτάτη
2574 4402 2664 4453 μοι
2689 4383 2929 4453 κεφαλή.
2959 4380 3149 4435 Ταῦτά
3177 4399 3261 4434 σοι
3288 4382 3356 4455 τὰ
3415 4383 3513 4451 τῆς
3550 4379 3750 4450 φιλου-

2166 4480 2334 4550 μένης
2365 4477 2613 4545 γλώττης
2661 4477 2759 4528 καὶ
2793 4475 2985 4545 ἥλικος
3033 4475 3402 4544 ἐναγίσματα,
3448 4474 3516 4544 ἢν
3581 4471 3784 4527 πάλαι

2168 4571 2265 4639 μὲν
2295 4569 2570 4624 λαλοῦσαν
2593 4568 2840 4638 ἠγάπας,
2869 4563 2966 4619 νῦν
2998 4563 3056 4617 δὲ
3084 4564 3161 4634 τῷ
3204 4564 3368 4618 πάθει
3401 4564 3754 4635 φλεγομένην

2164 4664 2267 4718 οὐκ
2299 4661 2470 4724 ἐλεεῖς
2501 4676 2515 4690 '
2555 4659 2679 4712 ούδέ
2709 4659 2818 4712 ἀπὸ
2846 4657 2940 4712 τοῦ
2988 4657 3250 4728 φέροντός
3298 4673 3358 4708 σε
3416 4656 3624 4709 κόλπου
3655 4655 3752 4708 τοῦ

2167 4749 2570 4824 πατριαρχικοῦ
2609 4751 2705 4803 καὶ
2775 4749 3110 4818 δροσόεσσαν
3175 4747 3364 4816 ρανίδα
3407 4747 3754 4814 ἐπιπέμπεις

2167 4842 2299 4911 ἡμῖν
2335 4839 2748 4910 φλογιζομένοις
2783 4837 2862 4908 τῷ
2888 4837 2990 4906 τῆς
3022 4836 3201 4906 λύπης
3237 4837 3394 4906 πυρί.

551 4921 748 4990 Accipe
791 4937 919 4993 ergo
949 4923 1065 4979 haec
1105 4939 1135 4979 a
1168 4925 1348 4990 nobis,
1397 4941 1566 4996 pauca
1603 4927 1825 4996 quidem
1859 4943 1920 4983 ac
1955 4928 2036 4998 spi

2238 4931 2328 4984 Σοὶ
2361 4931 2460 5000 μὲν
2487 4928 2580 4984 οὖν
2618 4929 2792 4982 ταῦτα
2829 4927 2960 4999 παρ’
3001 4929 3156 4998 ημῖν,
3192 4926 3348 4995 ὀλίγα
3398 4925 3499 4994 μὲν
3532 4926 3631 4979 καὶ
3675 4927 3754 4996 τῷ

480 5013 591 5066 ritu
649 5015 942 5070 anhelante
996 5020 1323 5086 composita.
1378 5021 1666 5083 Quomodo
1722 5020 1868 5074 enim
1922 5037 2038 5090 eqt-n

2169 5022 2264 5076 τοῦ
2302 5021 2508 5091 δρόμου
2566 5019 2807 5088 ἄσθματι
2870 5019 3071 5089 μικροῦ
3119 5017 3572 5087 συμπνιγόμενασ
3637 5017 3756 5078 πῶς

480 5106 604 5172 quis
636 5107 878 5163 insidens
931 5111 1132 5178 stylum
1186 5111 1590 5179 exerceat?qui
1645 5112 1820 5180 capite
1878 5112 2034 5166 dolen

2175 5117 2285 5184 γὰρ
2317 5114 2410 5166 καί
2441 5113 2528 5182 ἐφ’
2558 5112 2728 5164 ἵππου
2762 5111 2966 5182 βαίνων
3004 5127 3090 5172 τις
3122 5111 3215 5161 καὶ
3247 5109 3754 5178 λογογραφήσειενς

482 5210 537 5255 et
565 5203 722 5257 annis
746 5205 927 5273 gravis
958 5207 1194 5260 amicum
1223 5215 1396 5261 morte
1417 5216 1657 5274 ereptum
1681 5207 1844 5274 digne
1865 5206 2023 5261 ﬂeam

2173 5208 2292 5269 πῶς
2323 5207 2378 5260 δὲ
2410 5207 2502 5260 καὶ
2543 5205 2730 5276 δρόμῳ
2780 5204 3024 5270 κεφαλὴν
3070 5203 3402 5272 τεινόμενος,
3463 5201 3559 5253 καὶ
3607 5205 3755 5271 γήρᾳ

484 5293 594 5346 Nos
626 5309 843 5363 quoque
865 5297 1156 5365 aliquando
1187 5305 1346 5351 terrae
1372 5298 1607 5352 creditos
1645 5299 1805 5352 amici
1833 5299 2038 5352 circum

2176 5299 2594 5368 καμπτόμενος,
2634 5297 2768 5366 πρὸς
2803 5297 2960 5362 ἀξίαν
3009 5295 3272 5365 θρηνήσει
3305 5294 3398 5346 τὸν
3444 5293 3595 5361 φίλον
3641 5296 3755 5346 κεί-

486 5382 711 5436 stabttnt
753 5385 931 5449 multi,
965 5387 1060 5440 sed
1099 5387 1241 5440 nulla
1281 5403 1384 5442 vox
1433 5389 1611 5458 qualis
1654 5400 1742 5442 tua
1792 5391 1915 5453 fuit,
1967 5405 2036 5443 no

2177 5407 2340 5461 μενον
2365 5406 2381 5456 ;
2409 5391 2555 5458 ἡμᾶς
2593 5389 2649 5441 δὲ
2683 5388 2821 5458 μετά
2858 5388 2917 5440 σὲ
2947 5387 3232 5455 κειμένους
3260 5385 3403 5454 φίλοι
3458 5387 3558 5454 μὲν
3625 5385 3757 5448 ἴσως

487 5473 824 5530 celebrabit:
859 5486 915 5531 et
953 5478 1054 5532 hoc
1084 5479 1303 5548 quidem
1333 5479 1503 5550 priori
1545 5481 1840 5536 calamitati
1872 5497 2038 5538 secuu

2177 5481 2364 5534 πολλοὶ
2391 5481 2842 5551 περιστήσονται,
2872 5478 3099 5541 γλῶσσα
3129 5475 3184 5528 δὲ
3227 5477 3446 5536 πάντως
3501 5476 3562 5527 ού
3605 5493 3758 5545 περι-

490 5562 618 5617 dum
649 5565 863 5619 additur
892 5565 1272 5623 infortunium.
2173 5573 2397 5641 λαλήσει
2465 5571 2558 5623 τὸν
2601 5570 2832 5640 τύμϐον,
2885 5570 3003 5622 οἵαν
3050 5568 3150 5635 τὴν
3203 5568 3304 5637 σὴν
3353 5567 3756 5637 ἐγνωρίσαμεν.

2179 5666 2289 5716 Καὶ
2319 5662 2473 5717 ἔσται
2521 5680 2610 5732 μοι
2641 5663 2737 5716 καὶ
2781 5661 2940 5715 τοῦτο
2984 5661 3122 5730 μετὰ
3178 5659 3276 5729 τὴν
3327 5659 3422 5713 νῦν
3469 5661 3758 5729 συμφορὰν

2176 5751 2499 5823 δυστύχημα
2524 5751 2799 5822 δεύτερον.
3140 5759 3145 5764 ”
