4034 6472
362 430 473 496 767

1610 418 1860 481 ΑΝΤΟΝ
1879 421 1934 480 il
1977 416 2326 481 MELISSE

3537 406 3649 471 763

360 544 424 598 lit
482 551 539 596 et
592 538 707 609 ipse
756 536 824 592 de
882 531 1261 606 primogenitis
1299 529 1482 584 ovium
1514 544 1739 583 suarum
1764 540 1815 584 et
1875 530 1942 583 de

2086 535 2151 588 ιαὶ
2181 534 2364 601 αὐτὸς,
2400 533 2507 587 ἀπὸ
2539 534 2648 586 τῶν
2682 531 3046 604 πρωτοτόκων
3084 528 3197 591 τῶν
3225 527 3515 610 προϐάτιον
3543 529 3643 581 αὖ·

365 638 616 708 adipibus
666 646 879 688 earum.
922 629 987 682 Et
1020 627 1258 697 respexit
1299 625 1443 680 Deus
1484 624 1551 679 ad
1608 624 1740 678 Αιμιι
1793 630 1847 677 et
1891 623 1958 676 ad

2086 627 2179 694 κοῦ,
2207 628 2301 681 καλ⁵
2327 626 2437 680 ἀπὸ
2460 625 2571 679 τῶν
2603 626 2845 680 στεάτων
2867 622 3071 677 αὐτῶν·
3101 624 3197 675 καὶ
3219 621 3433 675 ἐπεῖδεν
3454 622 3483 673 6
3504 618 3644 679 Θεὸς

373 743 599 784 munera
653 726 795 794 ejus.
844 722 924 777 Ad
952 719 1083 777 Cain
1114 728 1295 775 autem
1345 727 1399 773 et
1449 717 1516 771 ad
1545 716 1815 771 sacrilicia
1845 716 1963 787 ejus

2086 722 2157 774 πὶ
2192 719 2378 783 Ἅϐελ,
2407 718 2501 770 καὶ
2535 716 2629 770 ἐπὶ
2673 718 2786 788 τοῖς
2825 714 3017 785 δώροις
3047 713 3236 777 αὐτοῦ,
3287 713 3382 767 ἐπὶ
3410 711 3466 766 δὲ
3498 712 3643 765 Κάἶν

371 839 476 876 ιιοη
496 818 753 875 attendit.

437 915 567 969 Gen.
586 909 931 980 v.Etplacuit
959 909 1147 964 Enoclt
1166 906 1298 973 Deo,
1316 913 1373 961 et
1406 919 1515 961 non
1559 900 1961 972 inveniebatur,

368 1009 493 1079 quia
521 1004 796 1059 transtulit
820 1002 972 1055 illum
1010 1000 1175 1055 Deus.

438 1100 568 1156 Gen.
591 1114 665 1152 vr.
725 1094 835 1150 Noe
870 1090 1323 1162 invenitgratiam
1348 1102 1533 1143 coram
1566 1085 1795 1139 Domino
1827 1084 1954 1137 Deo.

440 1182 942 1244 Ibid.Etl'ecitNoe
959 1183 1166 1248 omnia,
1227 1193 1571 1250 quacunque
1610 1176 1867 1246 praecopit
1908 1176 1959 1231 ei

373 1285 534 1344 Deus,
556 1286 634 1335 sic
686 1278 838 1333 fecit.
1722 1336 1727 1341 _

438 1373 581 1429 lbtd.
603 1370 713 1424 Noe
729 1370 890 1422 homo
907 1365 1117 1434 justus,
1135 1360 1410 1431 perfectus
1423 1357 1700 1414 exsistens
1724 1356 1777 1411 in
1795 1370 1958 1427 gene-

375 1469 582 1522 ratione
600 1477 721 1517 sua.
753 1459 861 1513 Deo
885 1455 1085 1524 placuit
1110 1453 1244 1508 Noe.

445 1557 574 1613 Con.
609 1568 740 1607 xvu.
772 1550 914 1603 Dixit
948 1547 1209 1601 Dominus
1246 1544 1384 1598 Deus
1412 1544 1479 1599 ad
1503 1542 1772 1597 Abraham
1802 1561 1815 1596 :
1844 1540 1959 1609 Ego

374 1669 492 1708 sum
520 1647 779 1702 Dominus
806 1642 948 1696 Deus
965 1650 1112 1704 tuus,
1134 1638 1415 1709 complace
1435 1652 1618 1692 coram
1641 1651 1746 1698 me,
1770 1644 1819 1688 et
1838 1642 1957 1688 esto

375 1735 887 1806 irreprebensibilis.

446 1835 574 1891 Gen.
597 1848 684 1888 xv.
707 1826 953 1884 Credidit
979 1823 1249 1880 Abraham
1274 1822 1403 1888 Deo,
1430 1830 1485 1876 et
1533 1827 1840 1890 repulatum
1869 1826 1955 1874 est

378 1929 451 1983 illi
478 1926 542 1981 ad
591 1921 880 1992 justitiam.

450 2018 621 2071 Exod.
648 2030 741 2068 xx.
770 2012 879 2079 Ego
902 2024 1021 2064 sum
1055 2005 1311 2061 Dominus
1340 2005 1483 2059 Deus
1514 2013 1665 2067 tuus,
1684 2002 1773 2071 qui
1804 2000 1969 2055 eduxi

381 2121 431 2164 tu
477 2115 541 2162 de
570 2118 710 2160 terra
765 2101 1007 2172 Egnati,
1042 2099 1109 2153 de
1137 2100 1298 2151 domo
1334 2095 1635 2149 servitutis.
1661 2093 1776 2147 Non
1808 2102 1969 2147 erunt

379 2202 477 2258 tibi
510 2200 581 2253 dii
613 2196 707 2252 alii
735 2203 928 2265 praeter
965 2205 1075 2245 me.
1104 2190 1222 2245 Non
1253 2188 1419 2242 facies
1452 2186 1545 2240 tibi
1592 2185 1821 2247 idolum,
1870 2200 1968 2237 ne-

381 2309 489 2364 que
506 2292 671 2346 ullius
693 2285 1071 2346 simulacrum,
1094 2294 1434 2351 quaecunque
1466 2279 1521 2332 in
1553 2278 1695 2331 cmlo
1727 2288 1969 2341 surSum,

379 2394 435 2438 et
463 2392 806 2451 quaecunque
836 2376 889 2428 in
929 2381 1072 2427 terra
1105 2372 1387 2435 deorsum,
1425 2377 1479 2424 et
1509 2383 1848 2439 quaecunque
1907 2368 1964 2421 iu

383 2472 541 2544 aquis
569 2471 671 2527 sub
707 2480 873 2523 terra.
895 2464 1011 2521 Non
1043 2464 1296 2519 adorabis
1319 2477 1406 2529 ea,
1430 2476 1607 2530 neque
1632 2460 1839 2517 servies
1869 2459 1971 2515 eis.

457 2657 671 2713 Deuter.
707 2669 763 2708 ι.
806 2652 1095 2705 Dominum
1130 2648 1301 2704 Deum
1340 2655 1494 2701 tuum
1530 2644 1766 2710 timebis,
1794 2653 1848 2698 et
1894 2643 1968 2697 illi

386 2753 488 2807 soli
507 2750 731 2813 servies,
758 2756 811 2801 et
834 2747 911 2801 illi
933 2743 1259 2805 adita-rebis,
1285 2753 1339 2796 et
1363 2744 1414 2795 in
1442 2739 1662 2794 nomine
1685 2736 1974 2808 ejusjurac

385 2845 493 2899 bis.
520 2841 635 2911 Ipse
660 2837 915 2910 gloriatio
939 2846 1053 2900 ιιιι,
1082 2836 1199 2904 ipse
1219 2835 1361 2888 Deus
1381 2841 1528 2886 tuus.

457 3029 599 3083 Ibid.
633 3025 699 3079 Et
733 3040 897 3085 nunc,
934 3021 1126 3086 Israel,
1162 3019 1293 3089 quid
1358 3015 1620 3073 Dominus
1666 3013 1812 3068 Deus
1847 3021 1974 3066 tuus

385 3124 519 3191 petit
554 3136 581 3174 a
620 3129 669 3174 te
699 3117 801 3173 nisi
845 3126 902 3170 ut
931 3115 1124 3169 timeas
1166 3128 1313 3176 eum,
1351 3120 1406 3164 ut
1435 3109 1682 3165 ambules
1714 3107 1767 3160 in
1796 3104 1976 3161 omni-

2062 813 2156 865 κα“ι
2182 811 2273 863 ἐπὶ
2307 812 2427 873 ταῖς
2459 809 2671 871 θυσίαις
2706 809 2871 862 αὐτοῦ
2903 809 2963 860 οὐ
2994 806 3323 877 προσέσχεν.

2145 904 2316 975 Ἑνὼχ
2343 902 2684 975 εὐηρέστησε
2715 902 2793 971 τῷ
2846 900 2989 970 Θεῷ,
3038 902 3135 955 καὶ
3178 899 3279 969 οὐχ
3330 898 3646 965 εὑρίσκετο,

2059 1000 2200 1053 διότι
2237 997 2540 1065 μετέθηκεν
2562 997 2724 1051 αὐτὸν
2762 998 2790 1049 6
2822 996 2978 1059 Θεὸς.

2133 1090 2257 1144 Νῶε
2293 1084 2420 1158 εὗρε
2448 1090 2610 1159 χάριν
2637 1088 2868 1142 ἐνώπιον
2899 1088 3106 1161 Κυρίου
3136 1087 3229 1143 τοῦ
3269 1088 3426 1143 Θεοῦ.

2129 1188 2239 1239 Καὶ
2261 1185 2486 1255 ἐποίησε
2513 1184 2637 1237 Νῶε
2664 1184 2844 1239 πάντα
2872 1184 2973 1237 ὅσα
3005 1181 3165 1238 εἶπεν
3193 1182 3342 1254 αὐτῷ
3378 1182 3584 1254 Κύριος
3616 1185 3649 1236 6

2058 1279 2214 1341 Θεὸς.
2240 1277 2411 1340 οὕτως
2443 1276 2687 1345 εποίησε.

2128 1369 2254 1424 Νῶε
2301 1369 2583 1437 ἄνθρωπος
2616 1367 2821 1429 δίκαιος
2874 1366 2973 1429 ὢν,
3022 1366 3226 1430 τέλειος
3270 1368 3329 1419 ὲν
3363 1368 3429 1437 τῇ
3475 1366 3646 1436 γενεᾷ

2059 1461 2244 1517 αὐτοῦ.
2277 1460 2369 1531 Τῷ
2401 1458 2519 1527 Θεῷ
2549 1458 2886 1528 εὐηρέστησε
2923 1455 3075 1510 Νῶε.

2126 1549 2296 1607 Εἶπεν
2343 1550 2603 1620 Κύριοςὸ
2634 1549 2768 1612 Θεὸς
2813 1547 2890 1618 τῷ
2928 1547 3203 1616 Ἀϐραὰμ,
3255 1558 3279 1597 ι
3330 1543 3651 1614 Ἐγώέίμι

2068 1647 2276 1717 Κύριος
2327 1646 2356 1697 6
2403 1643 2535 1705 Θεὸς
2583 1658 2701 1708 σου,
2757 1640 3046 1710 εὐαρέστει
3080 1637 3321 1692 ἐναντίον
3370 1655 3493 1708 μου,
3546 1636 3648 1691 καὶ

2063 1743 2218 1808 γίνου
2253 1739 2567 1808 ἄμεμπτος.
2609 1753 2629 1788 ι

2149 1830 2505 1884 Ἐπίστευσεν
2541 1825 2797 1897 Ἀϐραὰμ
2821 1833 2899 1897 τῷ
2926 1823 3065 1897 Θεῷ,
3093 1823 3188 1877 καὶ
3210 1821 3467 1892 ἐλογίσθη
3496 1820 3651 1889 αὐτῷ

2070 1929 2167 1989 eiet
2181 1921 2547 1991 δικαιοσύνην.

2143 2038 2162 2071 ι
2212 2016 2352 2084 Ἐγώ
2386 2018 2501 2085 εἰμι
2526 2014 2730 2084 Κύριος
2756 2014 2782 2065 6
2810 2011 2942 2074 Θεός
2973 2027 3089 2075 σου,
3117 2009 3144 2062 6
3172 2005 3457 2076 ἐξαγαγών
3490 2024 3551 2060 σε
3584 2008 3652 2061 ἐκ

2073 2111 2174 2181 τῆς
2209 2108 2516 2177 Δίγύπτου,
2560 2104 2620 2170 ἐξ
2649 2104 2800 2157 οἴκου
2829 2098 3093 2165 δοῦλείας.
3142 2101 3256 2153 Οὐκ
3295 2098 3509 2154 ἔσονταί
3565 2114 3654 2152 σοι

2076 2201 2191 2255 θεοὶ
2226 2199 2404 2266 ἕτεροι
2433 2195 2573 2266 πλὴν
2609 2193 2766 2264 ἐμοῦ.
2795 2192 2868 2245 Οὐ
2893 2192 3139 2261 ποιήσεις
3166 2188 3374 2257 σεαυτῷ
3402 2187 3649 2251 εἴδωλον,

2074 2292 2197 2345 οὐδὲ
2229 2290 2429 2352 παντὸς
2459 2288 2713 2356 ὁμοίωμα
2756 2285 2855 2339 ὅσα
2904 2284 2964 2337 ἐν
2995 2283 3072 2351 τῷ
3104 2279 3322 2350 οὐρανῷ
3368 2280 3505 2343 ἄνω,
3551 2286 3654 2332 καὶ

2073 2386 2174 2438 ὅσα
2203 2387 2261 2436 ὲν
2295 2385 2361 2452 τῇ
2394 2383 2465 2452 γῇ
2495 2380 2666 2445 κάτω,
2696 2378 2790 2432 καὶ
2818 2379 2917 2431 ὅσα
2942 2378 3001 2429 ὲν
3022 2376 3134 2437 τοῖς
3175 2372 3363 2426 ῦδασιν
3386 2372 3654 2426 ὑποκάτω

2073 2477 2172 2545 τῆς
2209 2475 2332 2543 γῆς.
2367 2475 2440 2526 Οὐ
2477 2471 2878 2542 προσκυνήσεις
2911 2467 3117 2530 αὐτοῖς,
3153 2462 3272 2516 οὐδὲ
3306 2462 3383 2534 μὴ
3418 2461 3657 2533 λατρεύ-

2079 2583 2191 2629 σεις
2221 2567 2425 2627 αὐτοῖς.
2470 2582 2489 2617 ι

2144 2657 2350 2729 Κύριον
2378 2658 2469 2711 τὸν
2499 2657 2631 2710 Θεόν
2654 2673 2748 2710 σου
2779 2654 3087 2726 φοϐηθήσῃ,
3111 2654 3204 2708 καλ⁵
3232 2653 3394 2707 αὐτὸν
3418 2649 3654 2721 λατρεύα

2080 2768 2216 2815 σεις,
2251 2750 2349 2805 καὶ
2376 2749 2513 2818 πρὸς
2541 2749 2704 2803 αὐτὸν
2728 2747 3061 2819 κολληθήσῃ,
3095 2747 3191 2800 καὶ
3218 2746 3312 2799 ἐπὶ
3343 2743 3418 2813 τῷ
3452 2743 3655 2809 ὀνόμα-

2077 2860 2130 2897 τι
2163 2842 2325 2896 αὐτοῦ
2355 2843 2488 2915 ὁμῇ.
2514 2842 2689 2907 Αὐτὸς
2727 2840 2991 2911 καύχημά
3022 2852 3137 2906 σου,
3187 2838 3280 2891 καὶ
3314 2835 3475 2900 αὐτὸς
3512 2834 3653 2898 Θεός

2080 2955 2197 2994 σου.

2153 3032 2265 3087 Καὶ
2289 3032 2407 3102 νῦν,
2456 3030 2696 3101 Ἰσραὴλ,
2731 3029 2785 3083 τί
2815 3028 3017 3097 Κύριος
3062 3030 3090 3081 6
3119 3027 3250 3090 Θεός
3290 3042 3385 3078 σου
3430 3024 3658 3076 ἀπαιτεῖ

2082 3127 2229 3197 παρὰ
2261 3126 2378 3191 σοῦ,
2414 3124 2530 3179 ἀλλ’
2561 3124 2594 3196 ἢ
2636 3121 2919 3192 φοϐεῖσθαι
2965 3121 3152 3183 αὐτὸν,
3192 3119 3288 3172 καὶ
3321 3116 3655 3186 πορεύεσθαι

387 3211 485 3263 luis
519 3208 623 3261 viis
649 3205 786 3277 ejus,
833 3214 886 3259 et
946 3204 1137 3270 diligas
1181 3218 1330 3269 eum,
1386 3209 1442 3255 et
1487 3199 1693 3254 servias
1739 3195 1968 3250 Domino

2086 3221 2138 3274 ὲν
2162 3220 2363 3282 πάσαις
2394 3218 2514 3280 ταῖς
2547 3218 2687 3279 ὁδοῖς
2721 3214 2910 3276 αὐτοῦ,
2946 3214 3041 3267 καὶ
3076 3213 3297 3282 ἀγαπᾷν
3327 3210 3512 3271 αὐτὸν,
3548 3208 3649 3261 καὶ

388 3298 498 3354 Deo
525 3308 722 3364 tuo,ex
748 3305 859 3352 toto
880 3297 1043 3350 corde
1067 3304 1182 3358 tua,
1212 3302 1261 3350 et
1285 3309 1350 3349 ex
1374 3302 1489 3348 tota
1519 3290 1701 3347 anima
1722 3298 1811 3343 tua
1844 3287 1868 3340 Υ

466 3482 583 3540 Job.
600 3494 793 3538 xxvn'.
818 3481 958 3537 Ecce
979 3482 1150 3551 pietas
1169 3489 1252 3535 est
1276 3479 1565 3547 sapientia.

473 3575 614 3631 Psal.
641 3572 1415 3644 xxxulﬂlcctumestverbum
1438 3569 1677 3633 Domini,
1700 3575 1754 3623 et
1791 3563 1970 3621 omnia

389 3684 552 3738 opera
569 3667 759 3737 ejusin
795 3665 921 3719 (ide.

464 3760 610 3815 Psal.
642 3771 694 3814 ο.
719 3756 1002 3814 Oculimei
1020 3755 1087 3812 ad
1110 3753 1297 3809 ﬁdeles
1332 3763 1510 3816 teme,
1540 3748 1847 3805 utsedeant
1867 3746 1971 3818 ipsi

391 3868 626 3908 mecum.

464 3944 732 4000 Salomon.
768 3939 1075 3995 Exhibitam
1124 3945 1181 3993 et
1221 3942 1425 3991 certam
1484 3933 1642 3988 [idem
1686 3932 1976 3987 annuntiat

389 4042 597 4111 justus.

471 4132 628 4184 Prov.
666 4145 705 4184 ι.
736 4127 915 4182 Pietas
945 4124 1001 4180 in
1036 4121 1208 4179 Deum
1248 4122 1460 4176 initium
1496 4137 1696 4177 sensus
1754 4120 1835 4175 vel
1889 4136 1976 4176 sa-

397 4222 637 4295 pientiu‘.

473 4311 630 4366 Prov.
654 4326 742 4367 xv.
771 4305 1045 4361 Desideria
1081 4305 1296 4375 piorum
1328 4303 1597 4359 delectant
1629 4307 1861 4361 animas.

466 4403 611 4465 Osee,
656 4418 728 4455 νι.
763 4398 1193 4455 Misericordiam
1230 4395 1349 4449 volo
1382 4406 1435 4450 et
1467 4411 1574 4451 non
1623 4397 1977 4465 sacrificium,

396 4501 448 4576 2
471 4509 523 4553 ct
566 4494 808 4549 notitiam
840 4493 931 4547 Dei
974 4491 1144 4562 [uagis
1173 4506 1335 4558 quam
1361 4487 1700 4545 holocausta.

463 4589 579 4645 lsa.
618 4601 767 4642 xxw.
795 4584 888 4641 Via
916 4583 1129 4653 piorum
1166 4590 1312 4634 recta
1355 4587 1410 4636 et
1438 4589 1622 4649 parata
1645 4588 1751 4636 est.

464 4772 544 4828 Pii
568 4769 859 4841 prudenter
878 4763 1300 4827 consuluerunt,
1316 4768 1373 4815 et
1391 4758 1677 4819 consilium
1706 4734 1837 4819 iilud
1864 4780 1981 4820 ma-

395 4876 513 4921 net.

464 4956 661 5011 Jerem.
686 4971 740 5010 ν.
774 4953 831 5010 Si
863 4956 1061 5023 estqui
1097 4956 1262 5012 faciat
1282 4956 1549 5024 judicium
1584 4963 1639 5009 et
1679 4951 1876 5017 quaerit
1920 4951 1982 5006 li-

397 5048 546 5112 di-m,
573 5046 843 5115 propitius
874 5045 951 5099 illi
977 5061 1092 5109 ero,
1111 5048 1244 5103 dicit
1272 5048 1558 5105 Dominus.

469 5137 598 5206 Sap.
630 5154 668 5193 ι.
703 5137 938 5206 οἰιίεἰιεξ
968 5138 1259 5207 justitiam,
1286 5141 1377 5210 qui
1437 5137 1698 5210 judicatis
1735 5144 1930 5191 terram
1962 5151 1979 5204 ;

397 5232 593 5286 sumite
619 5230 685 5283 de
704 5228 933 5284 Domino
961 5231 1015 5286 in
1035 5232 1293 5297 bonitate,
1322 5242 1375 5286 et
1398 5233 1451 5285 in
1483 5229 1832 5298 simplicitate
1860 5242 1982 5282 cor-

396 5326 481 5376 ιιιε
507 5322 735 5390 quaerite
761 5321 911 5376 illum
939 5340 954 5377 :
983 5331 1208 5393 apparet
1231 5325 1375 5378 enim
1402 5323 1490 5388 iis,
1512 5322 1602 5392 qui
1621 5321 1695 5375 illi
1714 5336 1821 5376 non
1843 5319 1977 5375 ditii-

396 5414 554 5467 dum.

471 5502 636 5557 Eccli.
661 5518 804 5557 xuv.
827 5501 1082 5557 Omnium
1122 5503 1496 5572 potentissima
1529 5514 1611 5559 est
1638 5504 1830 5574 pietas.

473 5592 634 5646 Ecclt'.
670 5607 828 5645 χχιιι.
851 5590 1164 5647 Thesaurus
1180 5608 1455 5663 nunquam
1486 5593 1761 5663 periturus
1812 5593 1982 5648 timor

399 5684 638 5739 Domini.

468 5773 641 5830 Crede
672 5773 805 5840 Deo,
828 5785 883 5829 et
904 5786 1251 5839 recuperauit
1279 5796 1350 5830 te.

473 5864 647 5945 Eccle.
664 5881 731 5921 ιι.
748 5864 961 5922 Donum
986 5861 1194 5920 Domini
1216 5874 1493 5938 permanet
1539 5880 1661 5920 cum
1715 5865 1841 5935 piis.

2004 4600 2052 4656 υ

2072 3311 2353 3384 λατρεύειν
2382 3312 2574 3382 Κυρίῳ
2600 3309 2679 3381 τῷ
2721 3308 2843 3378 Θεῷ
2884 3307 2944 3373 ἐξ
2972 3307 3104 3382 δλης
3132 3306 3231 3376 τῆς
3267 3304 3492 3376 καρδίας
3520 3318 3645 3369 σου,

2072 3407 2165 3459 καὶ
2190 3406 2247 3471 ἐξ
2277 3406 2404 3474 ὅλης
2431 3404 2530 3472 τῆς
2568 3404 2744 3474 ψυχῆς
2767 3420 2859 3456 σου
2887 3418 2904 3470 ;

2153 3497 2282 3551 ’1δού
2309 3500 2339 3567 ἡ
2362 3496 2640 3550 θεοσέϐειά
2672 3497 2787 3549 ἐστι
2821 3493 3006 3563 σοφία.

2145 3587 2320 3649 Εὐθὺς
2356 3586 2566 3655 ὀλόγος
2619 3586 2710 3640 τοῦ
2760 3586 2990 3656 Κυρίου,
3034 3581 3131 3637 καὶ
3175 3581 3354 3638 πάντα
3396 3581 3465 3636 τὰ
3509 3580 3655 3653 ἔργα

2075 3678 2241 3734 αὐτοῦ
2273 3678 2331 3730 ἐν
2363 3677 2572 3734 πίστει.

2146 3772 2207 3823 Οἱ
2238 3769 2506 3838 ὀφθαλμοί
2554 3786 2654 3836 μου
2689 3770 2788 3823 ἐπὶ
2816 3769 2943 3831 τοὺς
2987 3767 3220 3833 πιστοὺς
3249 3770 3352 3839 τῆς
3382 3768 3508 3839 γῆς,
3552 3768 3651 3823 τοῦ

2078 3861 2458 3931 συγκαθῆσθαι
2479 3862 2677 3923 αὐτοὺς
2703 3860 2820 3927 μετ’
2850 3858 3009 3929 ἐμοῦ.

2161 3955 2646 4025 Ἐπιδεικνυμένην
2678 3954 2861 4009 πίστιν
2898 3952 3204 4023 ἀπαγγελεῖ
3235 3952 3466 4016 δίκαιος.

2150 4132 2416 4189 Εὐσέϐεια
2446 4135 2525 4197 εις
2562 4132 2695 4187 Θεὸν
2724 4134 2867 4205 ἀρχὴ
2899 4132 3221 4205 αἰσθήσεως.

2164 4315 2483 4384 Ἐπιθυμίαι
2509 4314 2751 4369 εὐσεϐῶν
2777 4314 3030 4386 ἡδύνουσι
3060 4314 3259 4384 ψυχάς.

2162 4405 2351 4457 Ἐλεον
2383 4405 2543 4470 θέλω,
2575 4407 2668 4459 καὶ
2698 4406 2758 4458 οὐ
2785 4403 2997 4470 θυσίαν,
3031 4406 3128 4458 καὶ
3161 4405 3458 4473 ἐπίγνωσιν
3490 4403 3650 4469 Θεοῦ,

2083 4494 2116 4565 ἦ
2139 4494 2587 4566 ὁλοκαυτώματα.

2161 4588 2306 4651 Ὁδὸς
2351 4587 2592 4641 εὐσεϐῶν
2643 4587 2829 4641 εὐθεῖα
2880 4584 3095 4653 ἐγένετο
3147 4586 3244 4640 καὶ
3299 4603 3652 4658 παρεσκευα-

2084 4680 2278 4749 σμένη.

2154 4772 2218 4824 Οἱ
2272 4771 2516 4834 εὐσεϐεῖς
2570 4770 2762 4824 συνετὰ
2812 4771 3223 4836 ἐϐουλεύσαντο,
3282 4772 3377 4824 καὶ
3420 4770 3560 4844 αὕτη
3618 4774 3651 4842 ἡ

2086 4862 2253 4933 βουλὴ
2281 4864 2454 4931 μενεῖ.

2162 4975 2180 5005 ι
2222 4956 2282 5007 Εἰ
2344 4955 2676 5008 ἐποποιῶν
2724 4956 2931 5022 πίστιν,
2970 4956 3127 5020 ἵλεως
3181 4955 3376 5027 ἔσομαι
3404 4957 3580 5027 αὐτῷ,
3630 4975 3650 5009 ι

2084 5047 2233 5115 λέγει
2271 5047 2497 5117 Κύριος.

2170 5140 2521 5208 Ἀγαπήσατε
2583 5138 2953 5209 δικαιοσύνην,
2984 5141 3032 5192 οἱ
3081 5140 3358 5209 κρίνοντες
3394 5140 3494 5209 τὴν
3531 5143 3657 5211 γῆν,

2085 5233 2394 5300 φρυινήσατε
2414 5232 2566 5299 επερὶ
2601 5229 2695 5284 τοῦ
2733 5230 2936 5301 Κυρίου
2972 5232 3029 5284 ὲν
3070 5230 3366 5300 ἀγαθότητι
3404 5234 3657 5302 καρδίας,

2085 5323 2178 5374 καὶ
2226 5321 2565 5391 ὲκζητήσατε
2600 5324 2790 5377 αὐτόν.
2834 5319 3229 5393 Ἐμφανίζεται
3275 5324 3385 5394 γὰρ
3431 5326 3545 5389 τοῖς
3579 5326 3661 5397 μὴ

2085 5409 2407 5464 ἀπιστοῦσιν
2436 5413 2618 5466 αὐτόν.

2159 5502 2201 5554 II
2213 5504 2362 5565 mb;
2388 5502 2736 5575 δυνατωτέρα
2766 5506 2917 5561 ἐστὶν
2942 5505 2976 5575 ή
3008 5504 3282 5559 εὐσέϐεια.

2155 5594 2444 5664 Θησαυρὸς
2472 5595 2813 5660 ἀδιάπτωτος
2843 5598 2877 5668 ή
2906 5596 3205 5652 θεοσέϐεια.

2157 5771 2454 5823 Πίστευσον
2481 5770 2557 5842 τῷ
2593 5771 2733 5840 Θεῷ,
2770 5771 2866 5825 καὶ
2894 5771 3248 5842 ἀντιλήψεταί
3277 5790 3394 5829 σου.

2159 5865 2312 5925 Δόσις
2348 5864 2554 5932 Κυρίου
2591 5864 2891 5931 παραμένει
2928 5864 3231 5919 εὐσεϐέσιν.
