4034 6404
362 341 470 404 769

431 454 691 525 Διήγησις
722 451 985 516 εὐσεϐοῦς
1006 450 1096 529 διὰ
1132 449 1333 509 παντὸς
1365 448 1546 516 σοφία.

446 541 534 591 Ἑν
564 541 792 609 στόματι
818 539 1061 593 εὐσεόὦν
1089 538 1531 609 πληθυνθήσεται
1558 535 1870 607 ἄνθρωπος.

431 632 753 703 Ἀνθρωπος
784 631 1016 700 εὐσεϐὴς
1040 632 1097 683 ὲν
1124 629 1291 702 σοφίᾳ
1334 629 1507 699 μένει,
1547 629 1624 691 ὡς
1652 630 1680 682 ὁ
1704 630 1879 701 ἥλιος.

434 814 624 877 Πίστις
657 815 737 879 είς
760 814 855 869 τὸν
882 814 1054 869 αίῶνα
1086 814 1439 883 σταθήσεται.

445 907 617 977 Ἀμὴν
651 908 798 978 ἀμὴν
827 907 972 976 λέγω
997 909 1147 977 ὑμῖν,
1172 908 1266 961 ἐὰν
1287 907 1447 978 ἔχητε
1474 908 1659 960 πίστιν
1694 906 1771 968 ὡς
1801 908 1936 961 κόκ-

364 1017 459 1053 κον
494 1000 782 1062 σινάπεως,
824 999 1002 1067 ἐρεῖτε
1038 998 1116 1068 τῷ
1149 997 1266 1070 ὄρει
1293 997 1471 1069 τούτῳ
1494 1014 1507 1029 ο
1534 997 1821 1068 Μετάϐηθι
1854 1002 1941 1051 ὲν-

363 1092 554 1146 τεῦθεν
576 1092 712 1156 ἐκεῖ,
736 1091 830 1145 καὶ
857 1091 1257 1160 μεταϐήσεται.

448 1183 793 1253 ’Δποκριθεὶς
844 1183 903 1235 δὲ
950 1184 1161 1253 Πέτρος
1213 1177 1341 1236 εἷπε
1390 1182 1468 1252 τῷ
1522 1182 1739 1251 Ἰησοῦ·
1806 1183 1940 1237 Ἰδοὺ

365 1280 527 1349 ἡμεῖς
557 1278 851 1348 ἀφήκαμεν
884 1278 1085 1340 πάντα,
1117 1276 1214 1329 καὶ
1246 1275 1695 1347 ἠκολουθήσαμέν
1727 1292 1810 1329 σοι
1830 1293 1847 1307 ·
1887 1275 1941 1330 τί

367 1372 477 1439 ἄρα
528 1369 679 1422 ἔσται
748 1370 917 1439 ήμῖν;
981 1369 1043 1421 '0
1098 1368 1156 1422 δὲ
1233 1368 1443 1438 Ἰησοῦς
1503 1365 1658 1423 εἶπεν
1716 1368 1937 1432 αὐτοῖς*

376 1480 395 1514 ι
440 1461 615 1531 ’Δμὴν
645 1461 791 1532 ἀμὴν
815 1460 958 1529 λέγω
988 1462 1140 1531 ὑμῖν,
1168 1461 1252 1515 ὅτι
1282 1461 1442 1532 ὑμεῖς
1464 1463 1513 1516 οἱ
1539 1462 1941 1533 ἀκολουθήσαν-

368 1553 458 1615 τές
488 1570 599 1622 μοι,
635 1553 692 1606 ὲν
717 1554 782 1623 τῇ
811 1551 1223 1625 παλιγγενεσία,
1247 1552 1378 1606 ὅταν
1406 1553 1606 1627 καθίσῃ
1637 1554 1665 1607 ό
1693 1555 1823 1618 Υίδς
1845 1553 1940 1608 τοῦ

372 1646 664 1718 ἀνθρώπου
717 1646 810 1699 ἐπὶ
864 1645 959 1700 τοῦ
1004 1645 1195 1717 θρόνου
1237 1646 1396 1717 δόξης
1435 1644 1623 1713 αὐτοῦ,
1674 1649 1795 1703 τότε
1849 1648 1941 1702 καὶ

373 1740 531 1811 ὑμεῖς
583 1737 876 1793 καθίσεσθε
924 1739 1020 1793 ἐπὶ
1072 1738 1282 1793 δώδεκα
1338 1739 1562 1811 θρόνους
1589 1779 1605 1804 ,
1662 1740 1942 1811 κρίνοντες

373 1831 469 1891 τὰς
490 1828 697 1883 δώδεκα
720 1828 891 1897 φυλὰς
910 1829 1003 1882 τοῦ
1043 1830 1281 1901 Ἰσραήλ.
1305 1831 1415 1884 Καὶ
1433 1832 1538 1895 πᾶς
1558 1820 1705 1896 ὅστις
1731 1833 1944 1901 ἀφῆκεν

372 1921 587 1986 οἰκίαν,
616 1921 649 1991 ἦ
680 1920 985 1990 ἀδελφοὺς,
1036 1920 1068 1991 ῆ
1114 1921 1366 1991 ἀδελφὰς,
1402 1921 1434 1992 ἦ
1473 1922 1708 1993 πατέρα,
1758 1923 1792 1995 ἢ
1833 1940 1943 1994 μη-

372 2014 529 2083 τέρα,
576 2012 611 2082 ἢ
645 2014 900 2081 γυναῖκα,
958 2012 991 2083 ἢ
1036 2013 1294 2083 τέκνα,ἢ
1351 2014 1555 2084 ἀγροὺς
1600 2015 1790 2069 ἕνεκεν
1848 2014 1944 2068 τοῦ

373 2106 641 2176 ὀνόματός
676 2123 801 2177 μου,
834 2106 1371 2161 ἑκατονταπλασίονα
1398 2107 1648 2178 λήψεται,
1680 2108 1773 2161 καὶ
1800 2107 1945 2177 ζωὴν

374 2197 590 2252 αξώνιον
619 2198 719 2265 κλη
729 2198 868 2268 ρομή
878 2214 981 2253 σει.
1022 2216 1044 2251 ι

446 2290 634 2355 Οὕτως
654 2291 943 2362 ἠγάπησεν
968 2293 995 2345 ό
1016 2290 1146 2357 Θεὸς
1164 2291 1258 2345 τὸν
1281 2292 1506 2361 κόσμον,
1528 2292 1668 2346 ὥστε
1698 2292 1790 2346 τὸν
1818 2294 1947 2347 Υίδν

375 2381 542 2435 αὐτοῦ
578 2383 670 2435 τὸν
699 2381 966 2452 μονογενῆ
990 2382 1213 2449 ἔδωκεν,
1249 2383 1335 2438 ἵνα
1365 2385 1472 2449 πᾶς
1506 2388 1533 2438 ὁ
1571 2384 1844 2439 πιστεύων
1867 2386 1947 2448 εἰς

377 2474 542 2529 αὐτὸν
573 2475 649 2546 μὴ
678 2476 969 2545 ἀπόληται.

449 2586 469 2621 ι
512 2567 576 2623 '0
604 2568 877 2623 πιστεύων
906 2570 986 2634 είς
1021 2570 1145 2640 ἐμὲ,
1185 2571 1255 2623 τὰ
1280 2571 1418 2639 ἔργα
1441 2570 1478 2624 ἃ
1506 2572 1617 2639 ἐγὼ
1649 2570 1809 2636 ποιῶ,
1851 2571 1950 2625 κά-

378 2661 552 2723 κεῖνος
578 2660 819 2730 ποιήσει,
853 2662 948 2714 καὶ
987 2660 1215 2731 μείζονα
1239 2661 1449 2715 τούτων
1482 2662 1727 2732 ποιήσει.
1755 2682 1777 2715 ι

454 2770 475 2805 ι
510 2751 791 2822 Μακάριοι
813 2753 863 2805 oi
898 2752 972 2825 μὴ
1002 2751 1202 2815 ἰδόντες
1227 2753 1327 2807 κατε
1351 2754 1764 2819 πιστεύσαντες.
1815 2771 1836 2807 ι

460 2844 589 2898 Ἐὰν
613 2845 960 2918 ὁμολογήσῃς
989 2847 1050 2900 ὲν
1090 2847 1169 2916 τῷ
1205 2848 1433 2918 στόματί
1479 2865 1596 2916 σου,
1634 2849 1717 2903 ὅτι
1748 2849 1948 2919 Κύριος

342 2934 599 3005 ..Ἰησοῦς
628 2937 888 3007 Χριστὸς,
918 2939 1014 2993 καὶ
1047 2939 1349 3012 πιστεύσῃς
1390 2941 1449 2995 ὲν
1483 2944 1546 3013 τῇ
1584 2942 1783 3013 καρδίᾳ
1829 2959 1948 3008 σου,

377 3029 463 3081 ὅτι
492 3030 520 3082 ὁ
548 3029 681 3094 Θεὸς
708 3030 930 3103 ἤγειρεν
958 3030 1121 3085 αὐτὸν
1154 3033 1218 3084 ἐκ
1246 3034 1479 3102 νεκρῶν,
1511 3034 1752 3107 σωθήσῃ.
1801 3034 1950 3106 Καρ-

379 3120 468 3193 δίᾳ
498 3124 607 3192 γὰρ
653 3122 971 3179 πιστεύεται
1021 3126 1103 3188 είς
1165 3125 1551 3198 δικαιοσύνην,
1609 3127 1839 3198 στόματι
1892 3127 1949 3180 δὲ
1976 3160 2020 3217 C

378 3213 725 3282 ὁμολογεῖται
754 3216 833 3278 είς
862 3215 1163 3287 σωτηρίαν.

467 3308 555 3361 Ἐν
585 3308 807 3380 Χριστῷ
852 3308 1028 3378 Ἰησοῦ
1060 3308 1187 3364 οὔτε
1226 3312 1499 3381 περιτομή
1528 3310 1582 3364 τί
1616 3312 1783 3375 ἐστιν,
1826 3310 1950 3364 οὔτε

338 3417 349 3423 ·
383 3398 741 3469 ἀκροϐυστία,
773 3401 909 3455 ἀλλά
941 3401 1123 3466 πίστις
1148 3403 1217 3456 δι’
1248 3404 1468 3470 ἀγάπης
1496 3405 1886 3475 ἐνεργουμένη.

456 3494 613 3548 Ἔστι
656 3493 716 3548 δὲ
747 3493 929 3560 πίστις
976 3496 1343 3566 ἐλπιζομένων
1372 3498 1669 3562 ὑπόστασις
1695 3499 1954 3570 πραγμά-

382 3602 514 3653 των,
545 3586 765 3658 ἑλεγχος
788 3587 849 3640 οὐ
882 3587 1256 3659 βλεπομένων.

461 3765 641 3832 Χωρὶς
667 3764 907 3828 πίστεως
936 3764 1199 3819 ἀδύνατον
1229 3766 1626 3838 εὐαρεστῆσαι.
1661 3766 1956 3822 Πιστεῦσαι

387 3860 496 3927 γὰρ
524 3858 606 3911 δεῖ
636 3858 727 3912 τὸν
756 3859 1197 3929 προσερχόμενον
1231 3858 1308 3931 τῷ
1377 3858 1517 3931 Θεῷ,
1552 3861 1632 3915 ὅτι
1678 3860 1819 3931 ἐστι,
1865 3861 1959 3915 καὶ

387 3953 498 4015 τοῖς
530 3951 858 4023 ἐκζητοῦσιν
886 3952 1049 4006 αὐτὸν
1081 3952 1483 4025 μισθαποδότης
1516 3954 1748 4049 γίνεται.

460 4128 659 4199 Χάριτί
682 4129 805 4182 ἐστε
836 4129 1192 4199 σεσωσμένοι.
1425 4200 1433 4206 _

463 4222 714 4296 Γύμναζε
744 4223 971 4276 σεαυτὸν
1019 4221 1159 4290 πρὸς
1188 4219 1492 4275 εὐσέϐειαν.
1539 4218 1607 4273 Ἦ
1637 4219 1744 4290 γὰρ
1773 4235 1962 4288 σωμα-

391 4319 519 4388 τικὴ
565 4315 843 4387 γυμνασία
880 4313 1021 4385 πρὸς
1053 4313 1236 4379 ὀλίγον
1279 4310 1428 4365 ἐστὶν
1464 4309 1775 4380 ὠφέλιμοςο
1829 4311 1863 4378 ή
1906 4307 1964 4361 δὲ

1223 337 1387 397 LOCI
1431 336 1968 399 COMMUNES.“
2012 337 2206 395 PARS
2251 335 2301 396 Ι.
2346 333 2605 406 ΞΕΒΙᾉΞΟ
2644 334 2694 395 Ι.

3508 336 3614 398 770

1961 464 2004 515 Α
2113 445 2276 500 Eccli.
2305 460 2474 499 xxv".
2511 443 2590 498 Pii
2619 444 2795 499 oratio
2824 459 2971 498 mera
3003 457 3085 500 eSt
3107 446 3396 515 sapientia.

2111 536 2167 589 lu
2197 551 2293 590 ore
2317 538 2525 602 piorum
2560 536 3012 603 multiplicabitur
3039 537 3184 591 laus.

2112 628 2282 683 Eccli.
2307 645 2473 683 xxvu.
2500 628 2674 683 ilomo
2697 628 2819 698 pius
2848 628 2900 682 in
2929 630 3197 698 sapientia
3221 641 3504 701 permanet
3559 642 3618 687 ιιι

2040 721 2120 776 sol
2132 760 2145 773 .

2110 810 2280 866 Eccli.
2303 827 2391 865 XL.
2416 810 2575 868 Fides
2595 812 2648 866 in
2674 813 2934 867 sazculum
2968 815 3154 870 stabit.

2116 902 2305 956 Matth.
2338 919 2472 958 xvu.
2501 906 2669 958 Amen
2710 904 2835 959 dico
2864 906 3038 972 vobis,
3071 908 3115 962 si
3140 908 3433 963 habueritis
3455 907 3615 961 ﬁdem

2042 1000 2102 1045 ttt
2123 1007 2348 1063 granum
2373 994 2602 1063 sinapis,
2633 995 2826 1051 dicetis
2859 997 3032 1052 monti
3059 1000 3216 1053 huic:
3237 998 3432 1053 Transi
3466 999 3616 1064 hinc,

2039 1093 2095 1140 et
2124 1084 2401 1139 transibit.

2113 1174 2309 1230 Matth.
2371 1192 2486 1232 xxx.
2516 1175 2688 1241 ,Tunc
2724 1180 3056 1247 respondens
3082 1182 3297 1249 Petrus,
3362 1183 3500 1238 dixit
3553 1185 3622 1239 ad

2038 1264 2223 1323 Jesum
2261 1286 2274 1321 :
2310 1269 2449 1323 Ecce
2482 1284 2582 1324 nos
2608 1270 2936 1337 reliquimus
2964 1274 3167 1335 omnia,
3201 1282 3255 1328 et
3300 1276 3470 1329 secuti
3530 1292 3624 1330 su-

2044 1373 2167 1415 mus
2196 1365 2248 1415 te
2280 1378 2293 1414 :
2326 1359 2457 1430 quid
2486 1376 2618 1432 ergo
2656 1363 2762 1414 erit
2795 1361 2950 1417 nobis
2974 1362 2999 1415 7
3022 1360 3184 1419 Jesus
3235 1373 3417 1418 autem
3479 1364 3622 1419 dixit

2041 1449 2387 1506 illis:Ameu
2413 1451 2537 1505 dico
2566 1451 2743 1516 vobis,
2775 1452 2918 1520 quod
2956 1467 3073 1518 vos,
3114 1453 3206 1522 qui
3252 1455 3425 1508 secuti
3487 1455 3624 1509 estis

2042 1556 2150 1605 me,
2184 1542 2239 1596 iu
2276 1543 2704 1612 regeneratione,
2735 1556 2861 1597 cum
2920 1544 3120 1600 sederit
3165 1544 3340 1600 Filius
3390 1547 3627 1601 hominis

2043 1632 2098 1686 in
2125 1633 2253 1688 sede
2283 1632 2584 1702 majestatis
2615 1648 2747 1699 suae,
2773 1632 3035 1690 sedebitis
3057 1648 3110 1690 et
3141 1650 3239 1689 vos
3265 1650 3433 1703 super
3463 1635 3622 1691 Sedes

2042 1724 2354 1789 duodecim,
2387 1724 2694 1794 iudicantes
2757 1725 3043 1782 duodecim
3108 1727 3285 1782 tribus
3345 1727 3528 1782 Israel.
3562 1729 3629 1783 Et

2044 1816 2219 1872 ointtis
2246 1818 2337 1887 qui
2360 1818 2643 1888 reliquerit
2672 1818 2889 1883 domos,
2909 1827 3004 1874 aut
3028 1819 3245 1883 fratres,
3266 1828 3357 1874 aut
3381 1835 3626 1883 sorores,

2042 1920 2134 1965 aut
2158 1920 2389 1981 patrem,
2425 1922 2520 1965 aut
2543 1919 2791 1975 matrem,
2820 1919 2919 1965 aut
2941 1909 3103 1976 ﬁlios,
3135 1922 3230 1964 aut
3265 1928 3425 1980 agros
3495 1927 3624 1979 pro-

2044 2015 2164 2076 pter
2205 2019 2402 2061 nomen
2469 2018 2672 2071 meum,
2720 2004 3031 2074 centuplum
3096 2003 3346 2075 accipiet,
3395 2006 3629 2060 etwitze

2042 2111 2256 2151 aezeruat
2287 2095 2545 2151 sortietur
2574 2095 2976 2153 haereditatcm.

2112 2273 2271 2327 Joan.
2309 2290 2390 2331 ιιι.
2427 2273 2517 2330 Sic
2557 2273 2702 2332 Deus
2752 2275 2944 2332 dilexit
2994 2276 3282 2342 mundum,
3338 2287 3399 2332 ιιι
3429 2276 3625 2332 Filium

2044 2380 2203 2420 Suum
2225 2368 2559 2437 unigenitum
2584 2367 2756 2435 daret,
2776 2377 2835 2425 ιιι
2860 2370 3042 2426 omnis
3069 2371 3164 2442 qui
3187 2370 3360 2427 credit
3384 2372 3435 2425 in
3472 2387 3622 2436 cum,

2046 2460 2101 2513 in
2137 2461 2374 2515 tenebris
2391 2474 2495 2514 non
2515 2470 2754 2517 maneat.

2114 2553 2273 2608 Joan.
2306 2569 2420 2609 xiv.
2451 2555 2551 2622 Qui
2579 2556 2755 2611 credit
2777 2555 2832 2610 in
2853 2570 2962 2622 me,
2994 2572 3158 2628 opera
3186 2573 3308 2628 quas
3332 2573 3433 2630 ego
3462 2558 3626 2627 facio,

2048 2659 2101 2702 et
2127 2646 2239 2715 ipse
2269 2646 2455 2711 faciet,
2487 2657 2541 2702 et
2564 2649 2770 2720 majora
2796 2650 2883 2707 bis
2906 2650 3096 2706 faciet.

2118 2737 2280 2794 Joan.
2311 2756 2401 2794 xx.
2427 2741 2574 2796 Beati
2602 2741 2694 2812 qui
2716 2757 2826 2798 non
2844 2743 3118 2811 viderunt,
3148 2754 3206 2801 et
3258 2747 3631 2802 crediderunt.

2122 2831 2280 2886 Rom.
2318 2847 2372 2887 ι.
2409 2831 2466 2888 Si
2500 2834 2787 2899 confessus
2831 2834 3003 2892 fueris
3049 2852 3144 2893 ore
3204 2848 3301 2895 tuo
3344 2841 3631 2895 Dominum

2050 2924 2237 2980 Jesum
2266 2925 2571 2992 Christum,
2601 2936 2656 2981 et
2683 2929 2983 2986 credideris
3015 2930 3069 2986 in
3091 2933 3258 2987 corde
3311 2944 3428 2999 tuo,
3483 2935 3632 3002 quod

2054 3018 2193 3072 Deus
2232 3018 2383 3071 illum
2417 3019 2678 3074 excitavit
2701 3037 2730 3074 a
2768 3022 3020 3088 mortuis,
3075 3024 3400 3081 salvaberis.
3457 3024 3637 3082 Corde

2051 3108 2197 3162 enim
2226 3107 2468 3162 creditur
2491 3108 2861 3179 adjustitiam,
2886 3125 2982 3166 ore
3013 3122 3193 3168 autem
3248 3115 3309 3167 lit
3361 3116 3637 3170 confessio

2054 3198 2121 3253 ad
2157 3199 2409 3253 salutem.

2128 3289 2308 3344 Galat.
2338 3307 2389 3344 ν.
2424 3290 2481 3347 In
2518 3292 2738 3349 Christo
2767 3293 2897 3350 Jesu
2931 3311 3031 3354 nee
3061 3297 3407 3383 cireumcisio
3436 3311 3518 3355 est
3538 3317 3638 3357 nec

2059 3384 2405 3452 praeputium,
2433 3384 2527 3439 sed
2552 3385 2685 3441 lides
2725 3402 2819 3455 per
2852 3390 3175 3445 charitatem
3210 3406 3468 3460 operaus.

2131 3475 2298 3532 Hebr.
2329 3492 2406 3533 ιι.
2464 3477 2560 3533 Est
2606 3490 2784 3536 autem
2838 3482 2970 3539 ﬁdes
3022 3499 3204 3539 rerum
3248 3489 3636 3556 sperandarutn

2059 3570 2458 3638 substantia,et
2480 3582 2856 3643 argumentum
2889 3589 3245 3646 eorum,quae
3290 3594 3396 3645 non
3450 3582 3639 3635 viden.

2061 3676 2171 3719 tur.

2130 3756 2268 3812 Ibid.
2300 3756 2427 3813 Sine
2460 3759 2563 3813 lide
2592 3760 2702 3815 ﬁeri
2732 3775 2835 3815 non
2862 3771 3128 3831 pistest,ttt
3149 3763 3270 3831 quis
3299 3764 3370 3818 illi
3406 3766 3637 3834 plaerat.

2060 3846 2194 3903 Nam
2220 3850 2313 3918 qui
2355 3852 2564 3906 accedit
2584 3855 2648 3906 ad
2683 3853 2870 3919 Deum,
2933 3855 3077 3909 hunc
3127 3857 3347 3911 credere
3385 3870 3638 3930 -0pttl'lel,

2065 3942 2209 4013 quod
2231 3944 2375 3999 Deus
2394 3946 2488 4011 sit,
2508 3946 2567 4000 et
2590 3946 2735 4014 quod
2770 3956 3147 4004 remunerator
3173 3950 3240 4005 sit
3268 3956 3640 4022 quarentibus

2063 4038 2116 4110 3
2153 4038 2350 4106 ipsum.
2710 4104 2717 4115 _

2140 4131 2333 4200 Ephes.
2364 4147 2424 4189 ll.
2445 4132 2630 4189 Gratia
2659 4135 2790 4190 estis
2815 4135 3036 4191 servati.

2138 4223 2168 4279 Ι
2197 4224 2331 4280 Tim.
2359 4240 2434 4280 tv.
2462 4226 2665 4281 Exeree
2687 4227 3028 4298 temetipsum
3065 4229 3130 4284 ad
3177 4231 3452 4300 pietatem.
3506 4232 3639 4291 Nam

2067 4321 2370 4390 corporalis
2399 4322 2722 4377 exercitatio
2759 4324 3038 4392 paululum
3073 4324 3229 4380 habet
3262 4330 3515 4387 utilitatis
3549 4343 3645 4386 :at

393 4409 651 4464 εὐσέϐεια
695 4407 834 4477 πρὸς
876 4408 1055 4461 πάντα
1101 4404 1378 4475 ὠφέλιμός
1420 4406 1589 4468 ἐστιν,
1633 4402 1954 4472 ἐπαγγελίαι

2070 4413 2242 4483 pietas
2280 4416 2346 4467 ad
2378 4413 2561 4468 omnia
2588 4414 2737 4470 utilis
2769 4424 2875 4480 est,
2901 4426 2960 4471 ut
2984 4432 3110 4488 quae
3134 4421 3524 4490 promissioncs
3546 4428 3640 4479 ha-

394 4502 591 4573 εχουσα
616 4500 762 4571 ζωῆς
787 4498 888 4570 τῆς
912 4497 1007 4553 νῦν
1035 4498 1128 4551 καὶ
1164 4497 1263 4566 τῆς
1294 4495 1619 4566 μελλούσης.

475 4593 541 4647 Ἦ
571 4593 754 4656 πίστις
782 4593 876 4646 ἐὰν
909 4591 984 4661 μὴ
1016 4589 1114 4662 ἔχῃ
1140 4588 1298 4659 ἔργα,
1326 4588 1497 4661 νεκρά
1528 4590 1647 4642 ἐστι
1682 4586 1805 4642 καθ’
1832 4587 1967 4705 ἐξυ-

396 4682 518 4751 τήν.
1844 4687 1848 4692 ‘

473 4774 819 4829 Σπουδάσατε
872 4772 963 4827 διὰ
990 4771 1106 4831 τῶν
1129 4771 1312 4826 καλῶν
1339 4772 1519 4844 ἔργων
1562 4772 1791 4843 βεϐαίαν
1814 4772 1969 4843 ὐμῶν

397 4868 495 4937 τὴν
527 4864 724 4935 κλῆσιν
782 4867 878 4920 καὶ
929 4863 1158 4937 ἐκλογὴν
1206 4865 1564 4934 ποιήσασθαι.
1621 4863 1809 4929 Οὖτως
1860 4864 1971 4936 γὰρ

402 4962 533 5030 ἡμῖν
567 4958 840 5023 πλουσίως
896 4959 1436 5030 ἐπιχορηγηθήσεται
1467 4959 1501 5029 ή
1534 4957 1735 5023 εἴσοδος
1766 4961 1846 5019 είς
1872 4960 1972 5028 τὴν

403 5052 621 5106 αἰώνιον
673 5049 956 5121 βασιλείαν
1010 5050 1106 5107 τοῦ
1144 5051 1349 5123 Κυρίου
1403 5051 1563 5123 ἡμῶν
1626 5050 1801 5121 Ἰησοῦ
1833 5053 1973 5123 Χρι-

404 5161 551 5198 στου.

474 5235 687 5306 Ὠσπερ
719 5236 767 5288 οί
802 5233 1176 5306 βλέποντεςτδ
1204 5235 1319 5302 φῶς
1348 5235 1497 5298 ἐντός
1519 5236 1623 5288 είσι
1653 5234 1748 5289 τοῦ
1772 5236 1972 5303 φωτὸς,

403 5328 498 5381 καὶ
530 5330 637 5399 τῆς
659 5329 1049 5399 λαμπρότητος
1100 5325 1267 5381 αὐτοῦ
1319 5327 1641 5397 μετέχουσιν
1662 5344 1676 5360 ⁸
1723 5327 1893 5390 οῦτως
1924 5328 1976 5380 oi.

407 5402 697 5485 βλήοντες
741 5420 831 5473 τὸν
857 5420 994 5473 Θεὸν
1027 5419 1180 5482 ἐντὸς
1209 5421 1450 5488 γίνονται
1480 5419 1577 5473 τοῦ
1609 5419 1770 5483 Θεοῦ,
1812 5420 1975 5489 μετέ-

405 5529 591 5581 χοντες
618 5511 785 5565 αὐτοῦ
815 5513 909 5581 τῆς
947 5512 1356 5583 λαμπρότητος.
1405 5513 1559 5582 Ζωῆς
1588 5512 1684 5567 οῦν
1718 5512 1977 5584 μεθέξου-

408 5620 494 5655 σιν
525 5604 572 5656 oi
600 5603 838 5673 ὁρῶντες
870 5604 1025 5657 Θεόν.

480 5695 668 5758 Πίστις
697 5695 937 5765 ἡγείσθω
968 5694 1077 5748 τῶν
1105 5693 1235 5765 περὶ
1262 5694 1398 5748 Θεοῦ
1423 5694 1627 5762 λόγων
1661 5694 1865 5759 πίστις,
1885 5697 1982 5748 καὶ

414 5785 491 5857 μη
522 5786 826 5854 ἀπόδειξις*
864 5787 1106 5859 πίστιςή
1141 5787 1282 5859 ὑπὲρ
1309 5789 1408 5854 τὰς
1436 5788 1660 5859 λογικὰς
1697 5789 1978 5861 μεθόδους,

1995 4516 2041 4570 D
2071 4506 2199 4563 beat
2228 4505 2348 4561 vitae
2373 4509 2654 4575 prmsentis
2684 4515 2740 4561 et
2762 4508 2979 4564 futurae.

2137 4599 2323 4655 Iacob.
2351 4598 2607 4668 tt.Fides,
2633 4601 2680 4656 si
2710 4601 2852 4658 facta
2878 4619 2983 4659 non
3013 4605 3287 4677 habuerit,
3329 4618 3543 4666 mortua
3564 4624 3648 4669 est

2073 4706 2167 4762 per
2199 4707 2278 4746 se.

2143 4781 2204 4837 11
2230 4784 2376 4839 Petr.
2410 4799 2446 4839 ι.
2496 4783 2725 4855 Operam
2754 4787 2901 4851 date,
2932 4799 2991 4842 ut
3020 4793 3361 4850 vocationem
3428 4808 3482 4852 et
3537 4800 3647 4854 cle-

2072 4874 2306 4930 ctionem
2331 4887 2563 4931 vestram
2586 4876 2798 4931 ﬁrmam
2820 4878 3084 4935 eiiieiatis.
3107 4882 3385 4952 Siquidem
3409 4888 3475 4942 ad
3502 4889 3648 4945 hunc

2074 4967 2295 5022 modum
2326 4967 2537 5021 abunde
2570 4968 3076 5028 suluninistrabitur
3097 4974 3251 5029 vobis
3279 4976 3535 5034 introitus
3597 4983 3649 5036 in

2084 5070 2348 5116 aeternum
2382 5062 2834 5132 regnumDontini
2872 5065 3046 5119 nostri
3073 5063 3201 5121 Jesu
3224 5065 3450 5124 Christi.

2147 5237 2360 5295 Irenwi.
2387 5238 2852 5306 Quemadmodum
2882 5243 2970 5310 qui
3007 5243 3184 5300 lumen
3216 5245 3517 5313 intuentur,
3572 5251 3652 5304 in-

2080 5342 2162 5386 tra
2192 5332 2375 5386 lumen
2408 5341 2536 5387 sunt
2586 5346 2658 5386 ac
2698 5332 2817 5402 ejus
2865 5335 3155 5402 splendore
3205 5336 3506 5409 fruuntur;
3569 5348 3652 5396 sic

2078 5425 2171 5495 qui
2206 5424 2374 5480 Deum
2404 5423 2610 5488 vident,
2645 5424 2787 5479 intra
2823 5425 2989 5482 Deum
3019 5428 3317 5496 exsistunt,
3353 5434 3655 5501 splendoris

2080 5514 2252 5585 ipsius
2280 5513 2754 5584 particlpes.Vitae
2800 5531 2931 5588 ergo
2984 5518 3277 5589 participes
3323 5533 3504 5588 erunt,
3559 5526 3654 5592 qui

2082 5608 2249 5662 Deum
2272 5605 2494 5658 vident;

2149 5696 2365 5752 Basilii.
2394 5695 2553 5752 Fides
2585 5712 2797 5764 eorum,
2833 5714 2953 5769 quae
2984 5699 3053 5757 de
3083 5699 3191 5756 Deo
3216 5700 3496 5766 dicuntur,
3545 5703 3656 5759 dux

2082 5792 2154 5850 sit
2179 5806 2198 5863 ς
2233 5788 2384 5858 ﬁdes,
2421 5800 2475 5846 et
2506 5803 2615 5844 non
2648 5791 3077 5863 demonstratio;
3108 5793 3262 5863 lides,
3290 5809 3412 5866 quae
3438 5808 3656 5855 omnem
