4034 6404
416 343 522 407 771

1680 342 2003 404 ANTUNII
2035 343 2380 402 MELISS/E

3481 355 3484 359 '
3583 350 3690 412 772

416 457 645 513 rationis
675 455 992 512 methodum
1007 471 1275 527 superans
1312 468 1546 512 mentem
1578 458 1643 512 ad
1671 472 1998 513 consensum

2119 461 2207 530 τὴν
2243 460 2426 531 ψυχὴν
2470 460 2550 524 είς
2596 461 2998 530 συγκατάθεσιν
3044 462 3314 517 ἕλκουσα·
3355 464 3537 528 πίστις
3569 460 3692 536 οὐχὶ

415 567 470 611 et
503 554 946 624 approbationem
981 554 1164 608 trahit.
1202 551 1386 617 Fides,
1417 555 1664 618 inquam,
1721 568 1828 606 non
1872 567 1999 622 geo-

419 649 642 703 meti‘ica
669 647 852 717 aliqua
879 645 1220 709 necessitate,
1273 647 1365 700 sed
1417 644 1654 715 Spiritus
1701 644 1894 700 eﬁ‘ectu
1951 653 2005 699 et

417 741 736 812 operatione
791 740 990 794 animis
1044 739 1360 792 innascens.

492 831 800 901 Theologiaa
842 829 1158 900 mysterium
1191 829 1313 882 ﬁdei
1348 827 1484 882 nihil
1529 828 1762 883 sollicite
1821 828 2004 897 inqui-

422 924 593 978 rentis
660 922 1035 977 assensionem
1099 920 1349 991 requirit.
1417 922 1584 974 Deum
1652 921 1798 975 enim
1861 937 1982 974 esse

422 1019 646 1070 omnino
677 1015 1008 1069 credendum
1043 1024 1164 1078 est;
1197 1013 1328 1083 quid
1364 1027 1492 1066 vero
1522 1013 1613 1068 ille
1650 1016 1740 1078 sit,
1803 1030 2006 1083 nequa-

419 1122 583 1176 quam
618 1106 895 1176 inquirere
922 1116 1016 1158 aut
1047 1103 1330 1174 disputare
1354 1105 1633 1158 convenit.
1682 1103 1926 1174 Denique
1960 1107 2004 1159 si

423 1200 555 1254 ﬁdes
578 1215 766 1253 earum
803 1214 1015 1262 rerum,
1049 1212 1174 1267 qua:
1194 1205 1504 1266 sperantur,
1538 1197 1840 1250 substantia
1901 1209 2005 1264 est,

421 1304 469 1348 el
499 1301 880 1363 argumentum
917 1305 1106 1344 eorum
1151 1305 1270 1360 qua
1295 1304 1405 1343 non
1433 1299 1719 1360 apparent,
1757 1305 1822 1344 ue
1870 1305 2004 1343 con-

425 1387 665 1441 tenderis
697 1400 760 1439 ea
793 1398 940 1438 nunc
963 1383 1168 1445 videre,
1211 1396 1328 1449 quae
1361 1380 1552 1450 procul
1612 1380 1804 1435 dissita
1855 1391 2004 1444 sunt,

423 1491 597 1545 neque
621 1476 673 1528 in
703 1474 928 1528 dubium
959 1471 1172 1526 vocaris
1189 1485 1248 1525 ea
1278 1486 1399 1540 quae
1428 1478 1736 1540 sperantur,
1771 1486 1837 1526 eo
1863 1470 2005 1541 quod

423 1569 540 1635 ipsa
573 1565 884 1636 cognitione
914 1562 1155 1616 nondum
1188 1562 1404 1631 assequi
1437 1575 1628 1629 queas.

495 1658 656 1732 Fides
690 1668 775 1713 est
803 1670 1065 1711 assensus
1095 1654 1160 1708 de
1210 1653 1276 1707 iis
1336 1667 1457 1721 quae
1505 1651 1692 1706 auditu
1740 1652 2006 1722 percepit,

424 1754 560 1807 nihil
589 1753 891 1820 ambigens,
921 1765 1042 1804 cum
1070 1757 1218 1802 certe
1242 1744 1604 1816 persuasione
1633 1744 1876 1799 veritatis
1915 1761 2008 1798 ca-

2109 554 2516 621 γεωμετρικαῖς
2564 554 2858 621 ἀνάγκαις,
2889 555 3026 609 ἀλλὰ
3056 558 3178 619 ταῖς
3223 555 3321 610 τοῦ
3374 557 3696 629 Πνεύματος

2110 644 2415 715 ἐνεργείαις
2446 647 2804 718 ἐγγινομένη.

2183 823 2256 876 Τὸ
2281 825 2378 893 τῆς
2407 824 2686 894 θεολογίας
2723 827 3023 898 μυστήριον
3048 827 3146 900 τὴν
3175 831 3239 884 ὲκ
3271 831 3371 901 τῆς
3429 833 3698 888 ἀϐασανί-

2113 932 2240 969 στου
2297 918 2536 984 πίστεως
2595 919 2846 990 ἐπιζητεῖ
2905 923 3331 989 συγκατάθεσιν.
3394 926 3696 982 Πιστεῦσαι

2111 1007 2222 1078 γὰρ
2250 1008 2329 1062 δεῖ
2354 1009 2436 1062 ὅτι
2466 1010 2581 1064 ἔστι
2623 1010 2777 1079 Θεὸς,
2811 1013 2932 1084 οὐχὶ
2964 1014 3201 1085 ζητῆσαι
3237 1017 3330 1071 καὶ
3359 1018 3680 1092 λογομαχῆ-

2115 1116 2205 1151 σαι
2229 1100 2312 1167 τὸ,
2349 1100 2400 1152 τί
2443 1103 2578 1156 ἐστι.
2609 1102 2718 1156 Καὶ
2750 1103 2886 1166 ὅλως
2920 1107 2968 1158 εί
2998 1109 3031 1178 ἠ
3068 1109 3257 1172 πίστις
3286 1112 3436 1164 ἐστὶν
3470 1112 3692 1178 ἐλπιζο-

2117 1191 2296 1260 μένων
2321 1192 2623 1257 ὑπόστασις
2652 1198 3021 1266 πραγμάτων,
3062 1201 3286 1273 ἐλεγχος
3317 1205 3377 1258 οὐ
3413 1193 3692 1276 βὶῗεπομέ-

2113 1299 2238 1343 νων,
2261 1282 2335 1352 μὴ
2366 1283 2662 1349 φιλονείκει
2694 1286 2824 1340 ἰδεῖν
2847 1288 2948 1360 ἤδη
2973 1293 3042 1344 τά
3062 1295 3282 1364 μακρὰν
3301 1297 3693 1366 ἀπῳκισμένα,

2117 1374 2257 1444 μήτε
2288 1375 2356 1426 τὰ
2384 1374 2719 1447 ἐλπιζόμενα
2749 1379 3036 1450 ἀμφίϐολα
3081 1387 3460 1461 καταστήσῃς,
3509 1389 3598 1444 διὰ
3633 1392 3695 1444 τὸ

2117 1469 2285 1535 μήπω
2333 1467 2516 1522 αὐτῶν
2567 1469 2832 1526 δύνασθαι
2865 1475 3010 1531 κατά
3055 1477 3154 1549 τὴν
3196 1479 3402 1549 γνῶσιν
3451 1483 3695 1551 ἐφάπτε-

2117 1561 2265 1613 σθαι.

2186 1653 2374 1717 Πίστις
2419 1654 2536 1708 ἐστὶ
2588 1657 2988 1724 συγκατάθεσις
3021 1661 3336 1733 ἀδιάκριτος
3367 1665 3477 1719 τῶν
3522 1668 3692 1722 ἀκου-

2117 1744 2354 1798 σθέντων
2379 1748 2436 1800 ὲν
2467 1749 2810 1822 πληροφορίᾳ
2833 1753 2932 1820 τῆς
2954 1753 3231 1822 ἀληθείας,
3253 1757 3362 1810 τῶν
3386 1761 3694 1831 κηρυχθέν-

426 1864 540 1900 rum
573 1860 778 1910 rerum,
809 1857 931 1913 quae
960 1841 1051 1895 Dei
1085 1841 1257 1910 gratia
1283 1838 1590 1908 praedicata:
1623 1848 1770 1893 sunt.
1837 1836 2008 1907 Hujus

2119 1853 2222 1890 των
2275 1839 2409 1892 Θεοῦ
2485 1844 2693 1912 χάριτι,
2749 1845 2943 1913 ἥντινα
3010 1821 3325 1914 ἐπεδείξατο
3398 1821 3691 1924 ’Ᾰϐρυάάμ,

423 1939 732 2008 exemplum
766 1945 861 1990 aut
916 1933 1194 2004 specimen
1249 1930 1498 1985 exhibuit
1556 1929 1855 1996 Abraham,
1917 1937 2010 1998 qui

420 2034 572 2102 juxta
601 2029 897 2098 Scriptura!
937 2023 1304 2080 testimonium
1331 2037 1437 2076 non
1468 2021 1735 2076 dubitavit
1782 2036 1879 2091 per
1935 2021 2015 2075 in-

422 2123 823 2185 credulitatem,
853 2117 946 2174 sed
995 2116 1098 2170 ﬁde
1126 2114 1484 2169 conﬁrmatus
1515 2121 1618 2179 est,
1648 2111 1758 2166 Deo
1783 2111 2007 2184 gloriam

426 2215 697 2278 tribuens,
727 2222 780 2267 et
807 2223 955 2266 certa
1005 2206 1174 2263 animi
1228 2204 1429 2260 ﬁducia
1491 2219 1808 2276 persuasus,
1865 2203 2012 2275 quod

424 2321 546 2376 qua
573 2301 824 2374 promisit
854 2301 1019 2365 Deus,
1049 2297 1237 2353 eadem
1271 2305 1324 2352 et
1352 2305 1612 2366 praestare
1644 2297 1837 2365 possit.

496 2396 655 2467 Greg.
677 2393 1084 2461 Thaumaturgi.
1110 2391 1444 2462 Pracipuam
1469 2389 1686 2458 pietatis
1715 2402 1902 2443 curam
1922 2387 2012 2442 lia-

427 2489 554 2543 bere
586 2483 863 2547 convenit,
899 2495 1064 2552 quam
1094 2495 1204 2534 non
1253 2479 1528 2534 immerito
1585 2479 1844 2533 virtutum
1910 2494 2010 2549 pa-

427 2588 637 2636 rentem
674 2575 984 2641 nominaut.
1045 2571 1168 2627 Haec
1224 2572 1370 2628 enim
1421 2571 1669 2626 omnium
1737 2571 2004 2626 virtutum

429 2670 758 2744 principium
791 2677 845 2723 et
876 2667 1001 2722 ﬁnis
1029 2673 1134 2720 est.

505 2761 578 2819 Ut
625 2762 794 2816 Deum
839 2769 894 2814 et
917 2773 1138 2814 causam
1187 2756 1369 2812 omnia
1391 2755 1755 2811 continentem
1786 2754 2022 2811 efﬁcien-

2118 1931 2526 2002 μαρτυρηθεὶς,
2578 1934 2661 1988 ὅτι
2721 1936 2782 1989 οὐ
2835 1936 3078 2010 διεκρίθη
3129 1944 3195 2013 τῇ
3247 1943 3514 2014 ἀπιστίᾳ,
3567 1947 3688 2000 ἀλλ’

2115 2021 2495 2096 ἐνεδυναμώθη
2548 2027 2614 2098 τῇ
2667 2025 2885 2094 πίστει,
2937 2030 3061 2094 δοὺς
3109 2030 3268 2098 δόξαν
3312 2033 3393 2104 τῷ
3424 2035 3565 2106 Θεῷ,
3597 2039 3696 2094 καὶ

2119 2112 2559 2187 πληροφορηθεὶς
2587 2118 2670 2172 ὅτι
2698 2119 2728 2173 δ
2760 2121 3098 2193 ἐπήγγελται
3127 2124 3279 2190 Θεὸς,
3315 2126 3537 2194 δυνατός
3571 2132 3693 2185 ἐστι

2116 2211 2210 2264 καὶ
2240 2212 2484 2282 ποιῆσαι.

2190 2389 2490 2456 Εὑσεϐείας
2517 2391 2611 2446 ἐπὶ
2643 2394 2779 2449 πᾶσι
2811 2400 3183 2468 φροντιστέον,
3219 2403 3286 2474 ἢν
3316 2405 3530 2478 μητέρα
3559 2410 3694 2479 φασὶ

2119 2482 2228 2537 τῶν
2261 2484 2494 2555 ἀρετῶν,
2523 2486 2700 2557 ὀρθῶς
2725 2487 2998 2557 λέγοντες.
3031 2492 3183 2566 Αὕτη
3217 2496 3325 2568 γάρ
3371 2499 3520 2554 ἐστιν
3549 2501 3694 2573 ἀρχὴ

2122 2575 2216 2628 καὶ
2244 2576 2470 2649 τελευτὴ
2500 2578 2689 2634 πασῶν
2721 2579 2830 2636 τῶν
2867 2584 3104 2655 ἀρετῶν.

2192 2754 2268 2810 Τὸ
2321 2756 2520 2811 ειδέναι
2563 2756 2696 2812 Θεὸν
2725 2760 2818 2813 καὶ
2848 2759 2946 2831 τὴν
2993 2762 3217 2818 πάντων
3263 2771 3594 2843 συνεκτικὴν
3630 2791 3692 2828 τε

430 2863 652 2926 temque
696 2865 1119 2922 cognoscamus,
1161 2859 1273 2905 tum
1323 2849 1446 2903 visu
1491 2857 1605 2903 tum
1652 2855 1861 2903 naturae
1902 2847 2011 2918 lege

2121 2849 2218 2902 καὶ
2251 2850 2546 2920 ποιητικὴν
2580 2854 2784 2919 αἰτίαν,
2843 2855 2939 2908 καὶ
2986 2855 3109 2926 ὄψις
3147 2857 3489 2926 διδάσκαλος,
3535 2865 3629 2918 καὶ
3661 2867 3692 2919 ό

425 2951 688 3006 docemur
719 2964 734 3001 :
764 2946 858 3000 illo
893 2943 1174 3008 nimirum,
1199 2943 1327 2997 dum
1358 2955 1446 2996 res
1472 2940 1716 2995 visibiles
1732 2948 1785 2994 et
1811 2939 2011 2994 solidas

2122 2942 2350 3011 φυσικὸς
2373 2943 2571 3014 νόμος“
2604 2946 2638 3016 ἡ
2665 2945 2762 3016 μὲν
2793 2949 2906 3011 τοῖς
2932 2949 3234 3019 ὁρωμένοις
3266 2957 3692 3024 προσϐάλλουσα

425 3050 632 3112 spectat
666 3057 683 3108 ;
720 3041 821 3096 hac
843 3054 996 3104 vero,
1025 3037 1153 3094 dum
1187 3051 1256 3092 ex
1288 3037 1407 3091 visu
1469 3033 1698 3104 cognitis
1726 3043 1780 3089 et
1826 3033 2011 3090 ordine

2119 3035 2217 3088 καὶ
2261 3036 2590 3107 πεπηγόσιν,
2641 3041 2669 3092 ό
2711 3038 2770 3092 δὲ
2800 3039 2870 3093 δι’
2913 3042 3094 3096 αὐτῶν
3124 3045 3234 3100 τῶν
3264 3050 3562 3118 ὁρωμένων
3595 3055 3696 3106 καὶ

424 3135 706 3205 dispositis
729 3146 1004 3188 summum
1035 3130 1228 3184 ducem
1277 3137 1332 3185 et
1377 3127 1626 3197 opiﬁcem
1690 3125 2011 3182 considerat.

2121 3129 2470 3199 τεταγμένων
2503 3129 2594 3184 τὸν
2633 3131 2880 3202 ἀρχηγὸν
2919 3134 3109 3190 τοῦτον
3149 3137 3624 3212 συλλογιζόμενος.

496 3229 663 3284 Tecto
699 3227 852 3296 pulsa
886 3233 938 3278 et
965 3223 1067 3278 sub
1085 3221 1178 3276 dio
1209 3235 1377 3290 agens
1406 3219 1558 3283 ﬁdes,
1598 3216 1654 3290 4
1699 3226 2017 3287 sumptuosa

427 3321 700 3390 impietate
729 3315 1078 3387 praestantior
1107 3322 1213 3376 est,
1233 3320 1290 3367 et
1320 3320 1430 3366 tres
1457 3311 1513 3364 in
1542 3311 1763 3365 nomine
1795 3309 2015 3364 Domini

425 3409 757 3482 congregati,
795 3405 980 3462 multis
1002 3404 1342 3461 divinitatem
1389 3401 1718 3472 negantibus
1780 3400 2021 3456 antecel-

427 3507 569 3560 lunt.

495 3596 640 3653 Nihil
670 3608 856 3651 coram
903 3591 1017 3648 Deo
1066 3605 1221 3662 aeque
1267 3587 1617 3659 magniﬁcum
1671 3597 1773 3651 est,
1847 3596 2016 3658 atque

428 3704 608 3745 sermo
632 3701 822 3757 purus,
839 3695 893 3741 et
918 3683 1164 3740 veritatis
1184 3680 1528 3752 degmatibus
1551 3677 1789 3747 perfecta
1815 3681 2018 3736 anima.

499 3874 625 3928 Sola
659 3871 830 3940 pietas
861 3867 1057 3922 stabile
1081 3874 1136 3920 et
1165 3866 1382 3918 ﬁrmum
1416 3864 1620 3918 bonum
1684 3873 1790 3918 est.
1859 3862 2018 3929 Quod

428 3967 576 4022 enim
611 3961 882 4030 acquisitu
921 3957 1263 4028 impossibile
1296 3965 1401 4020 est,
1438 3955 1580 4010 idem
1614 3965 1835 4026 propter
1873 3957 2017 4010 invi-

427 4059 568 4112 diam
610 4052 925 4110 incredibile
976 4050 1140 4105 etiam
1199 4048 1497 4118 iudicatur.
1549 4047 1716 4118 Atqui
1771 4047 2012 4118 profana:

428 4157 635 4204 mentes
661 4145 864 4198 nullam
890 4157 1024 4208 rem,
1056 4156 1177 4212 qua:
1208 4142 1349 4195 bona
1376 4148 1430 4195 et
1464 4141 1694 4196 honesta
1746 4147 1850 4207 est,
1904 4140 2011 4196 ﬁde

432 4241 654 4310 dignam
682 4234 1017 4290 existimant.

502 4294 776 4401 illirysost.
806 4326 920 4381 Hoc
939 4323 1060 4378 ﬁdei
1088 4320 1323 4378 maxime
1339 4318 1618 4390 proprium
1642 4325 1746 4382 est,
1775 4319 2013 4376 rationes

426 4437 616 4480 eorum
642 4432 764 4489 quae
791 4415 925 4469 ﬁunt
951 4427 1060 4468 non
1107 4412 1403 4483 inquirere,
1480 4408 1575 4464 sed
1631 4410 2013 4480 obtemperare

430 4514 781 4586 praescriptis.

501 4609 653 4664 Pium
696 4616 751 4662 et
777 4607 984 4662 iidelem
1021 4605 1197 4661 virum
1232 4613 1339 4659 tam
1409 4602 1568 4658 ﬁrmo
1628 4612 1684 4660 et
1737 4599 2010 4657 constanti

427 4716 556 4771 erga
594 4697 685 4752 Dei
721 4699 1116 4768 promissiones
1145 4695 1331 4750 animo
1365 4695 1653 4764 praeditum
1681 4709 1802 4749 esse
1847 4706 2012 4762 opor-

430 4799 523 4854 tet,
554 4800 610 4843 ut
639 4789 763 4844 licet
791 4789 892 4844 sibi
926 4788 1058 4858 ipsis
1088 4787 1363 4842 contraria
1391 4799 1513 4840 esse
1548 4785 1838 4840 videantur
1888 4795 2010 4852 quae

2195 3222 2468 3291 Κρεῐσσον
2501 3222 2790 3294 ὑπαίθριος
2824 3225 3009 3290 πίστις
3041 3229 3372 3296 πολυτελοῦς
3413 3236 3695 3305 ἀσεϐείας,

2123 3311 2218 3366 καὶ
2275 3314 2428 3382 τρεῖς
2485 3317 2819 3385 συνηγμένοι
2859 3316 2919 3370 ἑν
2948 3318 3174 3389 ὀνόματι
3225 3321 3429 3396 Κυρίου
3479 3329 3699 3387 πολλῶν

2122 3406 2476 3477 ἀρνουμένων
2506 3405 2758 3479 θεότητα.

2193 3581 2358 3636 Οὐδὲν
2388 3579 2532 3635 οὕτω
2556 3579 2635 3651 τῷ
2659 3579 2778 3652 Θεῷ
2807 3582 3251 3656 μεγαλοπρεπὲς,
3296 3587 3372 3653 ὡς
3406 3589 3559 3661 λόγος
3599 3612 3699 3649 κε-

2123 3673 2492 3744 καθαρμένος,
2547 3674 2643 3725 καὶ
2680 3671 2826 3744 ψυχὴ
2882 3674 3068 3730 τελεία
3108 3679 3224 3742 τοῖς
3277 3683 3379 3751 τῆς
3429 3684 3694 3757 ἀληθείας

2121 3763 2401 3833 δόγμασιν.

2120 3897 2128 3908 .
2194 3860 2370 3915 Μόνον
2420 3863 2816 3933 ἀμετάπτωτον
2877 3869 3088 3938 ἀγαθὸν
3143 3875 3241 3929 καὶ
3295 3878 3616 3948 παραμένον
3659 3880 3696 3950 ἡ

2120 3950 2394 4009 εὐσέϐεια.
2437 3955 2509 4008 Τὸ
2535 3960 2640 4028 γὰρ
2665 3960 2765 4012 οὐκ
2787 3961 3007 4031 ἐφικτὸν
3030 3965 3155 4020 οὐδὲ
3205 3973 3420 4037 πιστὸν,
3452 3971 3569 4032 πῶς
3605 3970 3697 4024 διὰ

2118 4048 2236 4206 Ξένό
2255 4049 2482 4119 φθόνον;
2515 4051 2712 4124 ψυχαῖς
2743 4054 2851 4125 γάρ
2909 4053 3169 4129 βεϐήλαις
3194 4060 3350 4116 οὐδὲν
3377 4061 3486 4119 τῶν
3507 4063 3697 4118 καλῶν

2191 4162 2205 4194 ι
2242 4157 2452 4197 πιστόν.

2191 4157 2452 4197 ιοπιστον.

2187 4329 2358 4384 Τοῦτο
2393 4330 2626 4401 μάλιστα
2665 4333 2918 4397 πίστεως,
2953 4333 3028 4404 μὴ
3062 4333 3246 4406 ζητεῖν
3296 4336 3529 4403 εὐθύνας
3579 4339 3691 4393 τῶν

2117 4424 2528 4496 πραττομένων,
2553 4422 2688 4478 ἀλλὰ
2718 4424 2995 4481 πείθεσθαι
3026 4429 3139 4492 τοῖς
3177 4430 3646 4500 ἐπιταττομένοις.

2184 4603 2288 4655 Τὸν
2320 4599 2520 4669 εὐσεϐῆ
2561 4599 2658 4653 καὶ
2705 4600 2896 4655 πιστὸν
2933 4601 3103 4672 ἄνδρα
3135 4604 3278 4659 οὓτω
3311 4606 3550 4675 βεϐαίως
3575 4608 3695 4663 δια-

2112 4693 2328 4748 κεῖσθαι
2361 4692 2468 4764 χρὴ
2522 4693 2660 4762 πρὸς
2689 4693 2789 4757 τὰς
2844 4696 3180 4763 ἐπαγγελίας
3210 4700 3305 4751 τοῦ
3355 4699 3512 4766 Θεοῦ,
3549 4701 3693 4755 ὥστε

2112 4785 2219 4839 κᾶν
2249 4786 2470 4838 ἐναντία
2502 4784 2686 4850 αὐτοῖς
2715 4785 2974 4856 φαίνηται
2999 4788 3069 4841 τὰ
3111 4791 3392 4860 γινόμενα,
3436 4794 3571 4864 μηδὲ
3601 4795 3695 4848 οῦ-

428 4884 582 4945 iiunt,
617 4895 684 4936 ne
714 4881 794 4936 sic
825 4891 1006 4935 tamen
1035 4881 1117 4934 vel
1141 4879 1326 4932 animo
1382 4878 1590 4932 turbari
1661 4878 1858 4946 possit,
1922 4875 2009 4929 vel

2119 4895 2219 4942 τως
2250 4878 2636 4948 ταράττεσθαι,
2693 4878 2828 4948 μηδὲ
2870 4880 3278 4948 ἀπογινώσκειν
3310 4884 3408 4955 τὴν
3443 4885 3692 4944 ἔκϐασιν.

426 4975 494 5027 de
525 4983 718 5027 eventu
749 4974 1016 5040 desperet.
1049 4971 1285 5026 Fidelem
1325 4971 1597 5025 Abraham
1630 4973 1814 5041 itaque
1841 4971 2012 5040 inspi-

428 5070 557 5130 cito,
591 5066 805 5134 qualem
837 5066 1091 5119 nimirum
1129 5057 1546 5133 promissionem
1575 5064 1690 5132 ipse
1710 5065 2003 5132 acceperit,

426 5167 482 5211 et
513 5172 760 5226 quaenam
794 5157 908 5226 ipse
929 5156 1109 5210 facere
1140 5163 1359 5210 coactus
1385 5155 1477 5210 sit.

501 5247 660 5302 Fides
698 5248 957 5301 virtutum
985 5257 1176 5310 mater,
1206 5261 1405 5301 corona
1435 5254 1488 5300 et
1544 5242 1806 5315 perfectio
1835 5253 1936 5299 est.

497 5423 801 5478 Athanasii.
836 5422 1025 5479 Melius
1058 5433 1143 5478 est
1178 5425 1577 5480 dubitationem
1629 5425 1877 5481 obortam
1935 5426 2006 5480 si-

428 5515 594 5568 lentio
627 5515 922 5583 reprimere
952 5524 1006 5570 et
1033 5517 1278 5582 credere,
1310 5533 1471 5587 quam
1525 5530 1743 5588 propter
1795 5521 2010 5575 dubita—

430 5608 632 5661 tionem
664 5606 922 5663 diﬂidere.

497 5695 652 5770 Greg.
691 5695 864 5754 Omne
891 5697 1035 5768 quod
1065 5708 1304 5754 creatum
1339 5711 1440 5769 est,
1467 5712 1618 5760 extra
1645 5704 1880 5759 divinam
1915 5721 2011 5760 na-

426 5801 602 5850 turam
633 5802 728 5850 aut
747 5793 1045 5854 essentiam
1075 5806 1194 5852 esse
1221 5793 1468 5865 judicare
1525 5798 1704 5876 cdocti
1764 5814 1955 5856 sumus
1990 5817 2006 5856 :

2115 4966 2257 5034 Ὅρα
2313 4965 2466 5034 γοῦν,
2508 4968 2536 5018 ό
2565 4964 2755 5028 πιστὸς
2799 4965 3048 5036 Ἀϐραὰμ
3096 4967 3216 5020 τίνα
3261 4970 3362 5037 μὲν
3401 4971 3696 5042 ὑπόσχεσιν

2113 5057 2353 5120 ἐδέξατο,
2384 5055 2506 5108 τίνα
2545 5055 2601 5107 δὲ
2629 5058 2893 5124 πράττειν
2923 5058 3286 5128 ἠναγκάζετο.

2189 5238 2377 5300 Πίστις
2402 5239 2588 5308 μήτηρ
2621 5238 2715 5291 καὶ
2753 5239 2995 5309 στεφάνη
3027 5240 3121 5296 καὶ
3146 5241 3565 5311 συμπεραίωσις
3581 5239 3692 5295 τῶν

2111 5329 2323 5399 ἀρετῶν
2354 5331 2611 5402 ὑπάρχει.

2191 5422 2409 5476 Βέλτιον
2468 5423 2812 5491 ἀποροῦντας
2867 5428 3082 5498 σιωπᾷν
3135 5427 3235 5482 καὶ
3289 5428 3601 5498 πιστεύειν,
3656 5429 3690 5498 ἢ

2111 5512 2366 5565 ἀπιστεῖν
2394 5512 2482 5566 διὰ
2517 5514 2576 5566 τὸ
2605 5516 2854 5584 ἀπορεῖν.

2189 5710 2303 5762 Πᾶν
2327 5709 2386 5762 τὸ
2413 5710 2633 5764 κτιστὸν
2661 5710 2767 5777 ἔξω
2791 5711 2895 5781 τῆς
2937 5711 3088 5776 θείας
3125 5713 3340 5782 φύσεως
3377 5711 3519 5768 εἶναι
3551 5717 3694 5772 νοεῖν

2114 5801 2513 5873 ἐπαιδεύθημεν
2541 5819 2554 5834 ο
2613 5804 2783 5875 μόνην
2831 5803 2889 5858 δὲ
2937 5803 3038 5876 τὴν
3087 5805 3345 5862 ἄκτιστον
3394 5805 3558 5875 φύσιν
3597 5805 3693 5862 λα·
