4034 6410
360 311 473 373 773

1254 328 1425 389 LOCI
1466 330 2008 398 COMMUNES.-
2049 333 2268 400 PARS.
2316 339 2362 400 ἶ.
2408 340 2666 402 SEBMO
2698 342 2780 403 II.

3528 350 3635 416 774

356 427 574 499 τρεύειν
613 430 709 482 καὶ
749 430 1024 493 σέϐεσθαι,
1070 428 1137 505 ἧς
1175 439 1466 520 χαρακτήρ
1506 441 1753 495 ἐστικαὶ
1793 441 1982 509 γνῶ-Δ

2059 458 2151 498 :am
2198 460 2327 501 vero
2382 448 2731 504 solummodo
2764 457 3039 514 naturam,
3071 464 3191 520 qum
3226 452 3469 510 increata
3522 469 3634 519 est.

360 535 533 588 ρισμα
561 520 622 572 τὸ
656 522 794 594 μήτε
822 523 1083 596 ἄρχεσθαι
1114 526 1207 580 τοῦ
1233 514 1374 582 εἷναί
1410 548 1561 598 ποτε,
1599 535 1736 604 μήτε
1762 534 1932 590 παύε-

361 608 506 663 σθαι.

436 700 629 764 Πίστις
677 704 815 776 μόνη
847 710 1042 777 κρατεῖ
1077 708 1170 763 τὸν
1196 712 1545 784 ἀκράτητον*
1584 715 1765 779 πίστις
1799 717 1934 790 μόνη

366 796 623 846 κατανοεί
667 796 759 848 τὸν
814 799 1074 855 ἀθέατονο
1125 803 1313 867 πίστις
1380 806 1517 877 μόνη
1565 809 1935 874 προσπελάζει

363 886 442 955 τῷ
474 888 928 963 ἀπροσπελάστῳ,
954 893 1076 947 ὅσον
1099 895 1337 967 ἐγχωρεῖ
1353 897 1451 951 καὶ⁵
1476 898 1598 952 ὅσον
1629 900 1931 970 ἐνδέχεται.

446 980 667 1050 Ἐπειδὴ
713 985 1043 1050 ἀνεπίϐατός
1090 988 1522 1060 ἐπιλογισμοῖς
1564 990 1937 1062 ἀνθρωπίνοις

362 1073 467 1140 τῆς
521 1074 930 1148 ὑπερκειμένης
981 1081 1197 1149 φύσεως
1250 1083 1283 1154 ἡ
1338 1083 1683 1154 κατάληψις,
1738 1086 1933 1140 τούτου

363 1163 524 1232 χάριν
572 1167 823 1235 ήπίστις
870 1172 992 1224 ἀντὶ
1031 1173 1311 1243 λογισμῶν
1358 1175 1591 1242 γίνεται,
1639 1180 1752 1240 τοῖς
1795 1178 1939 1250 ὑπὲρ

362 1254 526 1321 λόγον
560 1259 654 1311 καὶ
682 1261 990 1332 κατάληψιν
1027 1266 1227 1337 ἑαυτὴν
1257 1266 1676 1338 ὑπερτείνουσα.

435 1345 508 1397 Τὸ
544 1346 730 1400 πίστει
777 1353 1119 1421 παραδεκτδν
1141 1392 1157 1420 ,
1199 1357 1768 1431 ἀπολυπραγμόνητον
1799 1359 1939 1416 εἶναι

365 1438 491 1506 χρή.
527 1439 599 1491 Τὸ
631 1442 740 1512 γάρ
772 1460 856 1497 τοι
910 1444 1338 1519 βασανιζόμενον
1372 1451 1490 1516 πῶς
1534 1451 1613 1507 ἔτι
1650 1455 1942 1511 πεπίστευ-

364 1545 449 1582 ται
472 1547 488 1596 ;

447 1715 512 1768 Ἦ
551 1717 652 1786 μὲν
695 1720 879 1785 πίστις
928 1723 1193 1795 σύντομός
1237 1728 1408 1795 ἐστιν,
1455 1731 1532 1794 ὡς
1582 1734 1781 1798 εἰπεῖν,
1829 1736 1938 1792 τῶν

367 1812 807 1880 κατεπειγόντων
837 1817 1058 1883 γνῶσις.
1104 1821 1170 1873 Ἥ
1201 1821 1400 1889 γνῶσις
1429 1824 1504 1886 δὲ.
1532 1827 1805 1895 ἀπόδειξις
1829 1830 1937 1884 τῶν
1965 1804 2011 1866 Β

365 1899 453 1953 διὰ
486 1905 722 1970 πίστεως
747 1912 1211 1983 παρειλημμένων
1241 1916 1437 1986 ἰσχυρὰ
1467 1918 1563 1972 καὶ
1595 1919 1810 1990 βεϐαία.

443 2086 552 2157 Οὐχ
586 2090 614 2144 ό
643 2092 806 2144 παντὶ
838 2093 1109 2148 πιστεύων
1141 2096 1332 2161 πιστὸς
1352 2096 1606 2166 λέγεται*
1632 2101 1800 2155 ἀλλ’ὁ
1819 2102 1939 2172 Θεῷ

370 2183 667 2249 πιστεύων,
704 2184 869 2248 αὐτὸς
902 2187 1062 2255 μόνος
1086 2190 1277 2253 πιστὸς
1305 2192 1400 2244 καὶ
1435 2192 1551 2246 ἔστι
1579 2195 1670 2246 καὶ
1699 2194 1936 2263 λέγεται.

456 2273 524 2326 Ἦ
553 2274 759 2345 ἀληθὴς
794 2277 1050 2348 ίεραρχία
1078 2282 1163 2343 τίς
1203 2280 1271 2335 ἂν
1301 2281 1410 2354 εἴη,
1446 2285 1588 2354 πλὴν
1615 2285 1792 2356 ψυχῆς
1824 2287 1943 2341 θεο-

371 2364 560 2434 φιλοῦς
609 2367 903 2437 εὐσέϐεια;
956 2365 1025 2441 ἧς
1074 2371 1136 2425 τδ
1189 2373 1513 2445 εὐχάριστον
1555 2378 1942 2451 ἀθανατίζεται

369 2459 526 2528 παρὰ
558 2460 636 2530 τῷ
660 2460 801 2531 Θεῷ,
835 2464 1241 2530 συνδιαιωνίζον
1276 2466 1437 2539 ἡλίῳ,
1470 2471 1566 2523 καὶ
1595 2469 1817 2545 σελήνῃ,
1850 2474 1944 2527 καὶ

367 2550 446 2619 τῷ
474 2551 635 2605 παντὶ
664 2553 875 2623 κόσμῳ.

449 2642 620 2715 ’Δρχὴ
651 2644 863 2733 ἀρίστη.
893 2645 1117 2702 πάντων
1164 2647 1265 2721 μὲν
1293 2651 1321 2704 ὀ
1350 2650 1504 2718 Θεὸς,
1527 2652 1739 2725 ἀρετῶν
1767 2653 1823 2708 δὲ
1854 2655 1944 2708 εὐ-

371 2735 581 2793 σέϐεια.

447 2831 662 2901 ’Ὠσπερ
696 2832 862 2902 φασὶν
909 2833 971 2888 ὲν
1026 2834 1270 2906 ἰατρικῇ,
1320 2836 1389 2890 τὰ
1445 2837 1521 2908 μὴ
1568 2839 1787 2911 καθαρὰ
1835 2840 1946 2895 τῶν

376 2925 647 2994 σωμάτων
683 2927 869 2998 ὁπόσῳ
915 2925 982 2981 ἂν
1030 2926 1257 3000 θρέψῃς,
1295 2929 1495 3000 μᾶλλον
1521 2930 1770 3000 βλάψεις,
1810 2933 1947 3003 ὓλην

376 3016 664 3071 ὑποϐαλὼν
694 3020 761 3088 τῇ
802 3019 1151 3092 κακοχυμίᾳ·
1201 3020 1376 3087 οὕτως
1411 3024 1507 3077 καὶ
1533 3023 1712 3094 ψυχὴν
1752 3026 1950 3097 μοχθηο

2040 537 2218 592 colere
2243 546 2298 594 et
2333 542 2579 595 venerari
2613 543 2924 609 didicimus,
2954 544 3112 613 cuju's
3134 555 3259 600 nota
3293 555 3349 602 et
3372 548 3632 604 iudicium

2041 638 2144 692 est,
2178 646 2276 685 nec
2311 647 2551 701 unquam
2583 637 2839 704 coepisse,
2872 652 2971 692 nec
3002 654 3243 707 unquam
3302 641 3557 696 deﬁcere.

2112 721 2236 778 Sola
2261 724 2393 781 ﬁdes
2417 727 2825 797 comprehendit
2844 730 3472 797 incomprehensibilem.
3501 733 3649 806 Sola_

2038 812 2172 870 ﬁdes
2199 815 2525 872 invisibilem
2560 821 2806 889 percipit.
2840 821 2963 875 Sola
3012 821 3144 876 ﬁdes
3172 823 3508 880 inaccessum
3540 841 3636 881 ac-

2037 907 2201 970 cedit,
2244 911 2423 978 quoad
2456 911 2577 979 ejus
2605 912 2716 965 ﬁeri
2751 920 2928 982 potest
2960 923 3014 968 et
3041 914 3188 968 licet.

2114 999 2567 1069 Quandoquidem
2622 1019 2871 1072 superna?
2942 1014 3150 1059 natura:
3215 1006 3631 1075 comprehensio

2042 1089 2298 1147 humanis
2323 1094 2627 1148 rationibus
2656 1095 2811 1165 longe
2834 1104 2919 1150 est
2952 1097 3224 1165 superior,
3260 1098 3464 1153 ideirco
3498 1096 3632 1152 ﬁdes

2042 1182 2317 1237 rationum
2355 1184 2531 1238 locum
2557 1186 2759 1255 explet,
2782 1202 2944 1256 super
2989 1203 3052 1242 ea
3111 1204 3232 1255 quae
3270 1188 3534 1244 rationem
3574 1200 3632 1244 et

2042 1276 2380 1331 intellectum
2417 1288 2697 1345 superant,
2749 1279 3095 1347 semetipsam
3130 1282 3453 1337 extendens.

2116 1366 2420 1424 Clementis.
2464 1369 2617 1435 Quod
2650 1370 2754 1424 ﬁde
2789 1380 3100 1440 perceptum
3162 1380 3268 1437 est,
3324 1386 3355 1426 a
3415 1372 3632 1428 curiosa

2042 1461 2402 1528 inquisitione
2438 1463 2678 1515 alienum
2737 1463 2809 1516 sit
2867 1471 3100 1532 oportet.
3162 1462 3317 1526 Quod
3360 1464 3505 1518 enim
3565 1465 3629 1517 ad

2042 1555 2302 1608 amussim
2332 1554 2925 1622 studioseexploratum
2954 1563 3057 1621 est,
3082 1555 3354 1624 quomodo
3386 1554 3491 1610 ﬁde
3509 1572 3633 1627 per-

2042 1655 2255 1712 ceptum
2292 1654 2387 1698 aut
2413 1644 2680 1721 creditum
2717 1660 2839 1699 esse
2869 1644 3133 1699 dicetur?

2117 1736 2275 1791 Fides
2315 1739 2493 1792 brevis
2516 1750 2568 1792 et
2594 1739 3002 1803 compendiosa,
3021 1748 3077 1792 ut
3106 1740 3180 1793 ita
3214 1739 3412 1806 dicam,
3440 1754 3628 1794 rerum

2040 1828 2474 1887 necessariarum
2503 1839 2586 1884 est
2621 1830 2880 1897 cognitio.
2909 1830 2977 1883 At
3012 1831 3252 1900 cognitio
3280 1839 3540 1887 constans
3570 1842 3626 1886 et

2040 1921 2192 1975 ﬁrma
2212 1929 2525 1988 esteorum,
2542 1938 2661 1992 quae
2689 1908 2960 1992 per‘ﬁdem
2977 1931 3197 1990 accepta
3222 1931 3372 1988 sunt,
3396 1923 3628 1978 demon-

2038 2010 2252 2065 stratio.
3589 2027 3594 2031 ’

2111 2100 2367 2157 Severini.
2400 2101 2518 2156 Non
2550 2103 2641 2170 qui
2677 2101 2854 2159 cuivis
2872 2104 3043 2159 credit
3063 2104 3240 2162 ﬁdelis
3268 2104 3490 2167 dicitur,
3526 2104 3621 2160 sed

2040 2193 2132 2262 qui
2167 2191 2279 2247 Deo
2304 2194 2497 2260 credit,
2534 2195 2620 2248 hic
2649 2194 2801 2250 solus
2843 2194 3017 2250 ﬁdelis
3045 2207 3129 2251 est
3177 2204 3231 2251 et
3297 2196 3518 2252 dicitur.

2117 2283 2378 2339 Philonis.
2400 2285 2539 2340 Vera
2573 2285 2875 2341 hierarchia
2906 2302 3150 2355 quaenam
3173 2288 3296 2348 alia,
3321 2303 3481 2357 quam
3504 2286 3625 2342 ani-

2044 2390 2144 2431 mae
2169 2374 2277 2431 Deo
2300 2376 2509 2431 dilectae
2531 2377 2722 2446 pietas,
2759 2376 2967 2433 fuerit?
2995 2377 3154 2449 cujus
3185 2379 3459 2449 gratitudo
3481 2379 3626 2449 apud

2043 2469 2213 2526 Deum
2241 2472 2565 2527 immortalis
2597 2481 2704 2538 est,
2757 2488 2997 2544 perenne
3053 2489 3229 2529 aevum
3293 2488 3418 2530 cum
3486 2474 3624 2537 sole,

2045 2561 2096 2633 5
2136 2563 2267 2618 luna
2308 2575 2361 2620 et
2410 2572 2521 2619 toto
2553 2564 2756 2620 mundo
2784 2565 3102 2620 extendens.

2113 2655 2438 2712 Aristotelis.
2494 2655 2753 2713 Omnium
2813 2658 3031 2728 quidem
3087 2655 3416 2728 principium
3468 2656 3615 2727 opti-

2045 2744 2211 2804 mum‘
2232 2748 2373 2804 Deus
2405 2757 2509 2815 est,
2539 2749 2804 2803 virtutum
2841 2764 2968 2804 vero
3002 2750 3194 2818 pietas.

2117 2843 2583 2910 Quemadmodum
2617 2843 2671 2896 in
2705 2842 2974 2897 medicina
3005 2842 3120 2895 ﬁeri
3152 2841 3367 2906 dicunt,
3400 2846 3461 2895 ut
3488 2853 3614 2894 cor-

2047 2949 2181 3004 pora
2211 2949 2316 2989 non
2355 2949 2493 3001 pura
2550 2949 2660 3003 quo
2720 2933 2894 3004 magis
2948 2932 3265 3001 nutriveris,
3340 2946 3405 2986 eo
3451 2930 3624 3001 magis

2051 3028 2236 3093 laedas,
2297 3026 2584 3081 materiam
2646 3026 2907 3080 nimirum
2968 3024 3244 3093 corruptis
3302 3023 3627 3077 humoribus

377 3109 494 3179 ροϊς
520 3107 754 3177 δόγμασι
781 3112 1353 3185 προκατειλημμένην,
1384 3116 1565 3185 ὁπόσῳ
1609 3118 1681 3172 ἂν
1705 3119 1945 3191 διδάξῃς,
1974 3150 1982 3192 4

2059 3134 2350 3193 suggerens
2382 3135 2399 3178 :
2440 3119 2521 3175 sic
2547 3119 2729 3188 pravis
2768 3117 3123 3188 opinionibus
3180 3126 3615 3187 praeoccupatam

381 3201 584 3269 μᾶλλον
616 3202 863 3273 βλάψεις,
896 3205 1153 3276 μείζονας
1174 3209 1345 3279 ἀρχὰς
1383 3210 1521 3282 αὐτῇ
1561 3212 1665 3283 τῆς
1698 3211 1950 3283 ψευδοδο·

379 3292 497 3359 ξίας
522 3296 805 3368 παρέχων.
1735 3296 1741 3300 ’

994 3501 1216 3556 ΛΟΓΟΣ
1267 3499 1346 3560 B'.

380 3591 523 3662 Περὶ
578 3592 699 3648 τῶν
756 3595 1256 3663 παραϐεϐηκότων
1304 3595 1421 3663 τὴν
1487 3597 1807 3653 εὐσέϐειαν
1855 3598 1956 3654 καὶ

629 3665 860 3729 πίστιν,
888 3664 987 3719 καὶ
1008 3667 1096 3731 εἰς
1118 3665 1267 3719 Θεὸν
1298 3666 1701 3722 ἀσεϐούντων.

462 3756 609 3811 Ἰδὼν
643 3758 672 3811 δ
695 3757 824 3822 λαὸς
854 3758 936 3811 ὅτι
958 3757 1245 3829 κεχρόνικε
1268 3759 1511 3828 Μωῦσῆς
1555 3760 1863 3830 καταϐῆναι
1893 3760 1958 3815 ἐκ

380 3849 477 3904 τοῦ
507 3850 691 3922 ὅρους,
717 3849 949 3920 συνέστη
1008 3851 1105 3902 ἐπὶ
1144 3849 1380 3920 Ἀαρὼν,
1414 3852 1511 3905 καὶ⁵
1556 3852 1706 3920 λέγει
1756 3852 1904 3922 αὐτῷ
1939 3869 1954 3884 ⁶

395 3942 805 4011 Ἀνάστηθικαὶ
832 3941 1057 4011 ποίησον
1123 3944 1256 4012 ἡμῖν
1314 3943 1492 4010 θεοὺς,
1544 3942 1594 3997 οἳ
1652 3943 1958 4014 προπορεύ-

385 4051 569 4090 σονται
591 4036 771 4104 ἡμῶν.
806 4036 868 4089 '0
900 4035 1010 4105 γὰρ
1052 4036 1293 4107 Μωῦσῆς
1326 4030 1481 4100 οὗτος
1510 4036 1538 4089 ὁ
1564 4035 1848 4104 ἄνθρωπος
1901 4035 1960 4101 ὃς

383 4124 652 4193 ἐξήγαγεν
673 4126 819 4195 ἡμᾶς
850 4125 909 4190 ἐξ
937 4124 1239 4191 Αἰγύπτου,
1273 4124 1375 4180 οὒκ
1402 4125 1624 4195 οἴδαμεν
1653 4125 1705 4179 τί
1733 4126 1959 4194 γέγονεν

384 4218 552 4288 αὐτῷ.
587 4217 695 4270 Καὶ
715 4217 864 4286 λέγει
893 4218 1078 4281 αὐτοῖς
1124 4214 1340 4289 ’Δαρών
1372 4233 1387 4248 ·
1414 4216 1738 4286 Περιέλεσθε
1786 4217 1855 4270 τὰ
1877 4217 1962 4268 ὲν-

383 4310 525 4364 ώτια
551 4311 620 4366 τὰ
649 4312 829 4380 χρυσᾶ
857 4310 925 4373 τᾲ
958 4309 1015 4361 έν
1037 4309 1152 4372 τοῖς
1190 4306 1294 4360 ὠσὶ
1322 4306 1433 4359 τῶν
1477 4305 1752 4374 γυναικῶν
1786 4304 1959 4376 ὑμῶν,

385 4404 479 4455 καὶ
507 4401 824 4472 θυγατέρων
856 4400 1033 4470 ὑμῶν,
1090 4399 1185 4453 καὶ
1228 4397 1494 4467 ἐνέγκατε
1552 4397 1689 4468 πρὸς
1723 4397 1812 4464 μέ.
1854 4398 1963 4450 Καὶ

2052 3215 2312 3278 animam,
2354 3227 2466 3282 quo
2493 3212 2614 3282 plus
2645 3211 2917 3279 docueris,
2950 3225 3016 3265 eo
3068 3210 3238 3280 magis
3270 3208 3450 3273 laedes,
3506 3219 3628 3259 ma-

2051 3308 2197 3378 jores
2232 3305 2466 3361 subinde
2503 3304 2645 3359 male
2695 3315 2751 3360 et
2785 3316 3071 3373 perperam
3131 3301 3406 3358 sentiendi
3457 3315 3626 3359 occa-

2056 3399 2239 3455 siones
2271 3397 2650 3468 suppeditans.

2486 3502 2720 3559 SERMO
2745 3503 2788 3558 ll
2820 3502 2921 3574 [αι.
2975 3501 3161 3576 CLXI]
3181 3541 3198 3558 .

2057 3597 2137 3652 De
2161 3596 2270 3651 illis
2304 3597 2393 3668 qui
2421 3597 2669 3668 pietatem
2700 3613 2762 3650 ac
2799 3595 2961 3668 ﬁdem?
2991 3597 3435 3668 prafvarirantur,
3470 3601 3522 3650 et
3574 3595 3630 3651 in

2584 3666 2749 3719 Deum
2783 3676 2904 3720 sunt
2944 3667 3117 3736 impii.

2130 3758 2303 3814 Exod.
2366 3773 2543 3829 χχιιι.
2594 3756 2798 3813 Videns
2861 3760 3119 3828 populus,
3189 3758 3333 3828 quod
3396 3757 3630 3813 tardavit

2061 3849 2274 3922 Moyses
2304 3850 2641 3906 descendere
2678 3849 2747 3905 de
2793 3860 2999 3911 monte,
3027 3857 3390 3920 congregatus
3435 3858 3520 3904 est
3559 3850 3627 3904 ad

2059 3943 2350 4008 Aaronem,
2376 3953 2433 3997 et
2478 3940 2611 3996 dicit
2658 3941 2706 3995 ei
2741 3941 2992 4013 gSurge,
3043 3950 3095 3995 et
3124 3940 3207 3995 iac
3250 3942 3409 3995 nobis
3474 3940 3629 4007 deos,

2061 4036 2154 4105 qui
2185 4035 2491 4105 praecedant
2536 4047 2658 4089 nos.
2688 4031 2823 4087 Nam
2882 4032 3095 4099 Moyses
3147 4033 3235 4089 hic
3296 4034 3481 4097 homo,
3540 4031 3632 4103 qui

2060 4128 2248 4183 eduxit
2286 4141 2386 4182 nos
2446 4128 2512 4183 de
2571 4134 2718 4180 terra
2772 4125 3020 4196 Egypti,
3070 4141 3179 4180 non
3234 4126 3439 4180 scimus
3498 4125 3629 4193 quid

2063 4218 2265 4275 factum
2300 4228 2386 4275 est
2416 4219 2514 4273 illi.
2552 4216 2617 4274 Et
2647 4217 2782 4274 dicit
2816 4219 2924 4272 illis
2957 4220 3136 4273 Aaron
3175 4234 3191 4274 :
3222 4215 3420 4271 Tollite
3477 4219 3633 4270 inau-

2063 4326 2152 4366 res
2185 4324 2400 4373 aureas,
2446 4317 2581 4379 quae
2614 4309 2667 4362 in
2701 4308 2925 4363 auribus
2983 4292 3270 4363 mulierum
3326 4318 3632 4362 vestrarum

2065 4413 2121 4459 et
2156 4402 2384 4456 ﬁliarum
2401 4410 2727 4464 vestrarum,
2755 4409 2807 4454 et
2845 4398 3037 4453 aﬁ'erte‘
3071 4401 3134 4453 ad
3165 4415 3269 4454 me.
3298 4398 3364 4454 Et
3397 4400 3639 4455 abstule-

386 4493 725 4566 περιείλοντο
753 4494 859 4555 πᾶς
876 4494 904 4546 ὁ
928 4490 1053 4553 λαὸς
1076 4490 1147 4545 τὰ
1181 4489 1381 4543 ἐνώτια
1408 4488 1475 4541 τὰ
1505 4490 1703 4558 χρυσᾶ,
1774 4490 1866 4542 καὶ
1893 4489 1958 4560 ῆ-

2066 4505 2190 4550 runt
2221 4493 2401 4548 omnis
2459 4490 2687 4561 populus
2720 4490 2940 4544 inaures
2973 4504 3190 4556 aureas,
3233 4500 3287 4544 et
3336 4493 3639 4547 attulerunt

386 4604 558 4655 εγκαν
588 4587 725 4656 πρὸς
758 4586 970 4656 Ἀαρών
991 4602 1005 4617 ο
1039 4584 1135 4638 καὶ
1164 4583 1422 4652 ἐποίησεν
1450 4581 1588 4635 αὐτὰ
1620 4582 1819 4651 μόσχον
1850 4598 1958 4651 χω-

387 4680 594 4747 νευτὸν,
618 4682 712 4734 καὶ
742 4674 898 4732 εἶπεν
924 4693 940 4708 ·
979 4676 1148 4731 Οὗτοι
1190 4676 1241 4729 oi
1271 4674 1382 4729 θεοί
1414 4692 1531 4743 σου,
1572 4674 1965 4747 Ἶσραὴλ,οἴτι-

389 4790 478 4836 νες
509 4770 841 4825 ἀνεϐίϐασαν
871 4787 931 4824 σε
961 4770 1026 4823 ὲκ
1055 4769 1157 4839 γῆς
1187 4767 1485 4837 Αἰγύπτου.

471 4864 571 4915 Διὰ
601 4862 700 4930 τὴν
735 4860 998 4914 ἀσέϐειαν
1027 4858 1135 4912 τῶν
1156 4857 1327 4912 ἐθνῶν
1374 4856 1579 4911 τούτων
1616 4855 1823 4926 Κύριος
1874 4853 1965 4921 ἐξ·

391 4955 704 5024 ολοθρεύσει
729 4954 926 5015 αὐτοὺς
954 4953 1059 5022 πρὸ
1094 4950 1392 5022 προσώπου
1417 4966 1512 5002 σου
1548 4962 1562 4978 ⁸
1608 4948 1668 5002 οὐ
1722 4947 1811 5000 διὰ
1866 4948 1966 5017 τὴν

392 5051 648 5117 ὁσιότητα
682 5046 783 5112 τῆς
809 5046 1037 5116 καρδίας
1072 5057 1167 5097 σου
1216 5043 1519 5115 είσπορεύῃ
1555 5041 1965 5113 κληρονομῆσαι

392 5143 492 5213 τὴν
544 5141 649 5209 γῆν
695 5138 901 5206 αὐτῶν,
956 5136 1099 5191 ἀλλὰ
1137 5137 1227 5190 διὰ
1248 5134 1344 5206 τὴν
1375 5134 1609 5204 ἀνομίαν
1642 5133 1752 5185 τῶν
1796 5130 1968 5184 ὲθνῶν

308 5284 313 5289 .
395 5236 623 5299 τούτων,
659 5231 866 5303 Κύριος
915 5227 1288 5300 ὲξολοθρεύσει
1342 5226 1541 5289 αὐτοὺς
1588 5224 1696 5295 πρὸ
1747 5223 1969 5294 προσώ-

399 5344 503 5379 που
536 5342 654 5379 σου.

471 5413 639 5472 Εἴπεν
662 5414 866 5487 Κύριος
895 5415 1008 5477 τοῖς
1041 5412 1179 5476 υἱοῖς
1207 5410 1444 5482 Ἰσραὴλ,
1488 5429 1507 5462 t
1529 5410 1715 5478 Ὑμεῖς
1767 5411 1971 5478 ἐγκατ-

403 5507 622 5562 ελίπατέ
683 5525 790 5577 με,
848 5509 945 5560 καὶ⁵
996 5503 1349 5558 ἐδουλεύσατε
1436 5502 1575 5563 Θεοῖς
1631 5501 1841 5567 ἑτέροις
1885 5497 1973 5551 διὰ

401 5601 561 5654 τοῦτο
587 5599 649 5653 οὐ
685 5595 980 5669 προσθήσω
1008 5595 1102 5649 τοῦ
1137 5596 1309 5649 σῶσαι
1346 5593 1514 5661 ὑμᾶς.
1576 5592 1833 5657 Βαδίζετε
1881 5591 1974 5643 καὶ

408 5691 566 5763 βοᾶτε
598 5690 735 5760 πρὸς
767 5690 893 5753 τοὺς
927 5688 1083 5751 θεοὺς
1113 5686 1208 5751 οὓς
1240 5684 1559 5753 ἐξελέξασθε
1595 5684 1828 5751 ἑαυτοῖς,
1879 5684 1974 5738 καὶ

408 5783 562 5837 αὐτοὶ
586 5769 923 5838 ’σωσάτωσαν
948 5781 1092 5854 ὑμᾶς
1120 5779 1178 5835 ὲν
1209 5775 1386 5849 καιρῷ
1411 5772 1662 5844 θλίψεως.
1706 5791 1724 5825 ι
1752 5840 1763 5847 .

2064 4589 2130 4642 ad
2183 4590 2361 4643 Aaron
2407 4601 2423 4650 ;
2470 4592 2526 4640 et
2580 4582 2705 4636 fecit
2738 4597 2831 4636 eas
2888 4582 3118 4635 vitulum
3162 4582 3510 4638 conﬁatilem.
3572 4586 3638 4640 Et

2062 4679 2321 4734 dixerunt
2368 4692 2384 4734 :
2442 4674 2536 4730 lsti
2582 4673 2659 4727 dii
2694 4673 2795 4741 tui,
2821 4671 3008 4738 Israel,
3040 4672 3457 4742 quieduxerunt
3484 4683 3538 4731 te
3572 4676 3641 4731 de

2065 4779 2208 4825 terra
2257 4766 2493 4838 Egypti.

2178 4859 2329 4916 Deut.
2366 4874 2440 4914 Ix.
2475 4857 2703 4927 PrOptcr
2766 4854 3100 4926 impietatem
3138 4855 3377 4925 gentium
3445 4855 3638 4909 harum

2065 4953 2352 5010 exscindet
2385 4944 2508 5007 eos‘
2541 4951 2801 5004 Dominus
2864 4957 2990 5002 ante
3039 4946 3230 5002 faciem
3285 4955 3455 5001 tuam.
3521 4947 3639 5001 Non

2066 5052 2291 5114 propter
2348 5040 2769 5096 sanctimoniam
2824 5041 3007 5093 cordis
3058 5039 3134 5092 tui
3193 5047 3250 5092 tu
3283 5038 3631 5108 ingredieris,

2069 5141 2129 5188 ut
2166 5131 2448 5202 possideas
2476 5139 2676 5185 terram
2724 5144 2938 5194 earum,
2972 5127 3068 5184 sed
3114 5140 3334 5199 prepter
3379 5129 3641 5199 iniquita-

2070 5233 2177 5279 tem
2217 5224 2454 5294 gentium
2509 5223 2704 5277 harum
2757 5221 3020 5277 Dominus
3064 5222 3347 5277 exscindet
3371 5236 3468 5276 eos
3517 5230 3644 5275 ante

2072 5315 2268 5371 faciem
2322 5322 2496 5372 tuam.

2173 5403 2356 5459 Judic.
2391 5421 2444 5458 ιι.
2476 5403 2542 5458 Et
2592 5402 2732 5459 dixit
2793 5400 3058 5458 Dominus
3108 5400 3176 5456 ad
3226 5399 3374 5456 ﬁlios
3420 5399 3634 5456 Israel:

2073 5497 2184 5554 Vos
2221 5496 2517 5566 reliquistis
2549 5510 2635 5550 me
2662 5505 2715 5549 et
2746 5493 2992 5550 coluistis
3020 5495 3151 5548 deos
3177 5492 3407 5547 alienos.
3466 5491 3639 5547 Idcir-

2073 5607 2139 5647 co
2168 5604 2272 5644 non
2297 5588 2514 5652 addam,
2547 5594 2607 5641 ut
2642 5585 2867 5641 liberem
2920 5599 3041 5641 vos.
3090 5583 3169 5639 lte
3197 5594 3252 5639 et
3300 5583 3532 5640 clamate
3574 5584 3643 5637 a‘tl

2074 5683 2205 5738 deos
2234 5694 2373 5750 quos
2402 5677 2642 5750 elegistis
2671 5676 2849 5746 vobis,
2875 5685 2929 5733 et
2973 5676 3076 5748 ipsi
3126 5676 3360 5731 liberent
3421 5666 3518 5730 vos
3581 5673 3640 5727 in

2081 5782 2324 5842 tempore
2349 5767 2686 5825 aﬁlictiouis.
