4034 6396
449 353 560 414 775

1710 356 2028 416 ANTONII
2073 356 2419 418 MELISSE

3597 361 3715 425 77C-

519 468 622 521 Job
679 483 771 521 xx.
830 466 1102 525 Gaudium
1162 469 1456 537 impiorum
1528 470 1686 523 ruina
1750 470 2027 534 indecens,

2207 470 2531 540 Εὑφροσύνη
2564 472 2777 525 ἀσεϐῶν
2815 472 3015 541 πτῶμα
3053 472 3288 539 ἐξαίσιον
3324 486 3339 502 ⁸
3372 474 3626 545 χαρμονὴ
3656 478 3716 529 δὲ

450 559 634 614 Ιωιίιὶιι
665 568 847 614 autem
884 561 1190 628 iniquorum
1246 560 1503 630 perditio.
1564 559 1621 615 Si
1676 562 2028 617 ascenderint

447 653 502 705 in
537 652 734 706 etclam
782 650 903 720 ejus
954 652 1120 717 dona,
1171 660 1227 706 et
1278 650 1611 708 sacriﬁcium
1666 653 1789 721 ejus
1853 655 2026 709 nubes

445 745 704 814 attigerit,
734 752 791 799 et
817 743 968 798 visus
999 743 1163 798 fuerit
1192 744 1303 812 jam
1342 745 1593 800 firmatus
1617 758 1761 807 esse,
1811 752 1942 799 tunc
1971 744 2026 798 in

445 838 760 892 universum
795 837 989 906 peribit
1019 876 1034 898 .
1090 846 1140 891 ct
1172 837 1263 907 qui
1306 845 1674 907 cognoverant
1704 835 1906 906 ipsum,
1938 835 2028 891 di-

444 941 568 985 ceut
600 947 613 983 :
648 929 747 985 Ubi
781 931 907 984 est?

516 1021 662 1077 Ibid.
694 1039 782 1079 xc.
818 1022 1008 1079 Facies
1035 1023 1327 1092 impiorum
1364 1020 1668 1092 ignominia
1717 1020 2027 1093 implebun-

444 1124 557 1169 tur.

524 1205 665 1261 Ibid.
701 1223 816 1263 ιιι.
846 1206 1048 1261 Lumen
1084 1204 1375 1272 impiorum
1408 1202 1805 1272 exstinguetur.

521 1303 665 1359 Ibid.
713 1316 803 1355 xv.
848 1297 1039 1354 Omnis
1101 1297 1207 1350 vita
1258 1294 1409 1358 impii
1462 1293 1611 1349 curis
1662 1292 2022 1362 transigitur:

445 1406 499 1452 et
525 1409 647 1450 cum
677 1394 830 1447 visus
864 1388 1027 1443 fuerit
1057 1388 1167 1458 jam
1225 1386 1280 1440 in
1320 1399 1455 1457 pace
1496 1398 1682 1456 agere,
1747 1385 1931 1441 veniet
1972 1386 2022 1441 ei

448 1486 763 1544 subversio.

521 1578 662 1632 Ibid.
702 1593 781 1633 xi.
811 1574 946 1644 Spes
985 1573 1334 1715 impiil'perit.

527 1665 668 1715 Ibid.
704 1681 813 1715 xxi.
836 1662 1124 1715 lmniorum
1176 1676 1334 1715 ucern

525 1665 668 1721 Ibid.
704 1681 813 1721 xxt.
836 1662 1124 1732 lmpiorum
1153 1660 1375 1715 lucerna
1401 1660 1802 1730 exstinguetur,
1832 1673 2023 1725 super-

449 1759 627 1813 veniet
653 1766 830 1811 autezu
868 1756 975 1810 illis
1024 1753 1331 1821 suhversio,
1361 1760 1419 1808 et
1446 1761 1611 1807 erunt
1658 1751 1806 1807 sicut
1847 1751 2015 1823 palea:

450 1861 613 1905 vento
644 1853 880 1919 agitatae.

525 1943 658 1998 Ibid.
696 1960 769 1998 χι.
799 1942 956 1998 Oculi
1003 1943 1294 2014 impiorum
1353 1940 1657 1996 tabescent.
1702 1935 1839 1992 Nam
1897 1954 2024 2008 spes

445 2051 634 2091 eorum
668 2035 918 2105 perditio.

515 2130 573 2200 6
605 2127 752 2181 Psal.
782 2143 911 2181 xvn.
947 2125 1068 2179 Filii
1107 2126 1266 2179 alieni
1317 2123 1528 2177 mentiti
1555 2131 1684 2177 sunt
1710 2120 1864 2176 mihi.
1900 2119 2023 2173 Filii

444 2222 607 2276 alieni
660 2220 948 2276 inveterati
1001 2230 1153 2286 sunt,
1183 2230 1237 2272 ct
1287 2217 1733 2273 claudicaverunt
1775 2229 1806 2269 a
1853 2212 2017 2269 semi-

447 2312 515 2367 tis
542 2312 677 2366 suis.

520 2400 657 2455 Ibid.
684 2416 868 2456 χχχιιι.
902 2400 1109 2454 Inimici
1147 2398 1359 2453 Domini
1399 2412 1527 2452 mox
1574 2406 1631 2449 ut
1664 2393 2015 2448 ltouorilicnti

444 2506 499 2549 ct
543 2496 764 2550 cxaltati
824 2493 1049 2560 fuerint,
1088 2491 1404 2548 deﬁcientes
1438 2487 1895 2561 quemadmodum
1938 2484 2024 2539 fu-

447 2603 570 2642 mus
598 2587 935 2641 defecerunt.

519 2678 658 2733 Ibid.
693 2678 817 2733 Vidi
867 2677 1093 2747 impium
1147 2675 1610 2745 superexaltatum
1640 2681 1695 2726 et
1746 2670 2016 2743 eleyatum

446 2770 591 2824 sicut
616 2769 808 2824 cedrus
841 2766 1058 2824 Libani.
1088 2767 1152 2821 Et
1185 2766 1438 2829 transivi,
1469 2773 1525 2818 et
1557 2777 1683 2818 ecce
1722 2777 1827 2816 non
1878 2769 2018 2823 erat,

444 2871 499 2916 et
523 2861 744 2931 quatsivi
773 2875 920 2928 eum,
966 2867 1022 2915 et
1059 2873 1166 2915 non
1189 2873 1273 2914 est
1306 2859 1555 2912 inventus
1588 2856 1742 2911 locus
1786 2854 1924 2923 ejus.

517 3039 659 3094 Ibid.
690 3055 860 3095 Lxxu.
890 3039 991 3107 Qui
1025 3038 1283 3107 elongant
1320 3051 1379 3092 se
1424 3050 1457 3091 a
1488 3044 1562 3101 le,
1589 3032 1868 3103 peribunt.
1890 3029 2020 3084 Per-

446 3133 631 3189 didisti
670 3147 883 3198 omnes,
918 3133 1011 3203 qui
1054 3131 1401 3187 fornicamur
1435 3127 1532 3183 abs
1562 3136 1635 3182 te.

520 3313 676 3368 Prov.
710 3329 783 3368 IV.
812 3312 925 3368 Viae
950 3312 1238 3383 impiorum
1270 3311 1593 3374 tenebrosae,
1625 3316 1679 3363 et
1702 3319 1813 3362 non
1837 3304 2021 3360 sciunt

447 3409 504 3461 in
538 3421 650 3474 quo
680 3405 984 3460 oﬂ'cnduut.
1482 3410 1485 3421 '

523 3496 663 3551 Ibid.
699 3513 772 3550 si.
817 3495 1013 3550 Facilis
1043 3504 1096 3549 et
1126 3493 1365 3563 jucunda
1414 3490 1473 3546 lit
1510 3490 1806 3558 impiorum
1841 3484 2021 3557 pcrdi-

447 3587 549 3657 tio.

525 3679 698 3734 Vitam
753 3678 1041 3747 impiorum
1092 3675 1368 3729 subvertet
1419 3672 1699 3727 Dominus.

522 3772 660 3828 Ibid.
692 3788 745 3825 χ.
770 3770 1006 3825 Fructus
1038 3768 1329 3836 impiorum
1376 3762 1630 3833 perditio.

530 3860 668 3915 Ibid.
707 3876 768 3915 ιι.
794 3860 969 3929 Opera
998 3858 1203 3926 iniusta
1234 3856 1363 3910 facit
1390 3852 1611 3922 impius.

524 3954 667 4008 Ibid.
698 3969 756 4008 ιι.
786 3951 899 4007 Vite
928 3950 1220 4019 impiorum
1251 3949 1320 4003 de
1367 3955 1509 4001 terra
1540 3945 1816 4016 peribunt.

520 4048 662 4101 Ibid.
690 4062 749 4100 ιι.
781 4042 1093 4100 Persecutio
1119 4041 1409 4109 impiorum
1446 4039 1510 4093 ad
1540 4048 1796 4094 mortem.

521 4138 662 4194 Ibid.
690 4153 803 4191 ιιι.
837 4135 1042 4204 Impius
1073 4141 1324 4189 servatur
1352 4131 1406 4185 in
1438 4131 1579 4184 diem
1604 4128 1832 4183 malum.

523 4229 670 4285 Ibid.
698 4243 884 4283 xxvm.
914 4226 1074 4298 Fugit
1128 4224 1331 4295 impius
1376 4224 1596 4278 nemine
1635 4228 2019 4291 persequente.

519 4323 728 4378 Animae
764 4318 920 4390 impii
953 4331 1114 4373 nemo
1143 4315 1492 4372 miserebitur
1527 4312 1870 4368 mortalium.

517 4511 673 4566 Prov.
707 4524 863 4564 xvm.
898 4505 1034 4561 Cum
1084 4503 1300 4559 venerit
1357 4501 1557 4571 impius
1612 4501 1664 4554 in
1690 4498 2015 4570 profundum
2052 4521 2095 4577 ο

444 4609 737 4665 malorum,
765 4600 1087 4657 contemnit.

514 4696 651 4752 Ibid.
736 4710 836 4750 xu.
920 4692 1143 4749 Viscera
1217 4693 1514 4765 impiorum
1604 4688 1849 4745 misereri
1921 4701 2021 4742 ne-

442 4791 648 4845 si-iunt.

519 4881 673 4937 Osee.
701 4876 1005 4934 Maledictio
1029 4876 1246 4933 Domini
1294 4877 1349 4932 in
1399 4876 1657 4933 domibus
1698 4873 2015 4944 impiorum.

440 4976 584 5030 Anni
617 4976 903 5044 impiorum
934 4972 1090 5042 pauci
1122 4980 1302 5028 erunt.

515 5068 661 5124 Osee.
694 5081 792 5120 vn.
824 5066 913 5121 Va:
940 5065 1040 5130 eis,
1070 5064 1326 5133 quoniam
1363 5061 1676 5117 resilicrunt
1703 5074 1732 5112 a
1786 5072 1891 5111 me.
1916 5055 2019 5110 Mi-

442 5160 547 5214 seri
576 5166 723 5224 suut,
763 5156 1022 5226 quoniam
1073 5154 1224 5225 impii
1260 5152 1482 5208 fuerunt
1520 5153 1576 5206 in
1626 5166 1729 5205 me.
1758 5148 1871 5219 Ego
1914 5162 2016 5201 au-

445 5267 550 5306 tem
591 5251 941 5311 rcdemieos,
978 5258 1032 5304 et
1090 5249 1193 5318 ipsi
1247 5248 1417 5302 locuti
1484 5254 1613 5301 sunt
1673 5254 1860 5299 contra
1932 5258 2020 5299 me

443 5343 747 5398 tinetidacia.
973 5340 981 5354 '

518 5433 725 5487 Ilabac.
746 5449 787 5488 ι.
820 5432 1241 5487 lnlirmabuntur
1273 5432 1445 5502 impii,
1469 5440 1521 5486 et
1548 5430 1791 5485 auferam
1816 5430 2015 5501 impius

443 5540 472 5579 a
519 5525 657 5579 facie
709 5533 889 5587 terra,
922 5523 1056 5577 dicit
1106 5521 1387 5578 Dominus-

514 5614 626 5671 Isa.
662 5631 700 5671 ι.
741 5616 904 5680 Audi,
940 5615 1162 5681 cmlum,
1222 5624 1276 5669 et
1310 5628 1473 5684 terra,
1507 5617 1732 5671 auribus
1795 5615 2016 5687 percipe

445 5707 612 5778 verba
646 5707 759 5763 oris
785 5708 912 5775 mei,
945 5709 1205 5779 quoniam
1243 5707 1510 5768 Dominus
1538 5710 1754 5766 locutus
1782 5717 1868 5765 est
1907 5706 2017 5762 :Fi-

450 5798 555 5853 tios
582 5800 765 5871 genui,
796 5810 903 5859 etc.

2132 565 2470 633 παρανόμων
2503 566 2770 620 ἀπώλεια.
2816 565 2942 618 Ἐὰν
2977 566 3154 635 ἀναϐῇ
3186 563 3357 618 αὐτοῦ
3410 568 3491 628 είς
3549 566 3691 637 οὖρα

2130 656 2222 708 νδν
2246 656 2314 708 τὰ
2341 655 2516 725 δῶρα,
2549 655 2664 724 ἠδὲ
2698 655 2859 710 θυσία
2894 654 3063 710 αὐτοῦ
3114 656 3297 725 νεφῶν
3333 654 3564 726 ἅψηται,
3619 657 3719 709 καὶ

2129 747 2258 817 δοκῇ
2290 748 2389 817 ἤδη
2417 748 2873 819 κατεστηρίχθαι,
2905 749 3028 801 τότε
3080 751 3161 812 είς
3191 748 3345 809 τέλος
3400 746 3715 823 ἁπολεῖςαι.

2128 837 2196 894 Ol
2228 839 2284 893 δὲ
2319 839 2520 903 ἰδόντες
2553 840 2716 894 αὑτὸν
2745 840 2950 911 ἐροῦσι,
2988 841 3097 894 Ποῦ
3127 844 3276 894 ἐστιν
3314 857 3329 907 ;

2201 1019 2475 1089 Πρόσωπα
2509 1019 2721 1074 ἀσεϐῶν
2750 1021 2976 1091 ἀτιμίας
3000 1021 3505 1092 ἑμπλησθήσονται.

2196 1199 2318 1259 Φῶς
2341 1200 2553 1253 ἀσεϐῶν
2583 1199 2966 1271 σϐεσθήσεται.

2198 1296 2315 1359 Πᾶς
2339 1299 2367 1350 ὁ
2404 1296 2517 1365 βίος
2548 1295 2781 1361 ἀσεϐοῦς
2811 1300 2869 1351 ὲν
2891 1297 3154 1371 φροντίδι.
3197 1299 3369 1355 Ὅταν
3394 1299 3524 1371 δοκῇ
3559 1300 3716 1368 εἰρη-

2125 1389 2326 1457 νεύειν,
2360 1390 2480 1461 ἥξει
2501 1388 2653 1461 αὑτῷ
2678 1391 2711 1461 ή
2737 1392 3117 1464 καταστροφή.

2194 1573 2383 1637 Ἐλπὶς
2411 1571 2648 1635 ἀσεϐοῦς
2670 1571 2977 1627 ἀπολεῖται.

2207 1663 2444 1731 ’Λᾳεϐῶν
2468 1662 2663 1734 λύχνος
2698 1663 3083 1731 σϐεσθήσεται.
3140 1660 3453 1716 Ἐλεύσεται
3502 1664 3560 1717 δὲ
3604 1663 3707 1718 αῦ-

2122 1757 2235 1818 τοῖς
2264 1758 2299 1824 ἡ
2330 1752 2703 1826 καταστροφὴ,
2742 1754 2837 1808 καὶ
2870 1752 3079 1808 ἔσονται
3116 1751 3310 1822 ὥσπερ
3367 1753 3548 1824 ἄχυρα
3601 1755 3711 1809 ὑπὸ

2127 1847 2352 1912 ἀνέμου.

2210 1937 2516 2008 Ὀφθαλμοὶ
2538 1934 2755 1992 ἀσεϐῶν
2775 1936 3124 2007 τακήσονται.
3170 1935 3236 1989 Ἦ
3269 1935 3380 2006 γὰρ
3412 1933 3567 1999 ἐλπὶς
3606 1935 3709 1988 αὑ-

2125 2033 2234 2084 τῶν
2262 2030 2530 2086 ἀπώλεια.

2197 2121 2317 2174 Υἱοὶ
2348 2122 2620 2194 ἀλλότριοι
2652 2121 2954 2191 ἐψεύσαντό
2979 2138 3091 2190 μοι.
3128 2120 3250 2175 Υἱοὶ
3278 2119 3544 2191 ἀλλότριοι
3567 2120 3711 2173 ἑπα-

2124 2214 2459 2282 λαιῶοησαν,
2494 2214 2590 2267 καὶ
2616 2214 2897 2284 ὲχώλαναν
2921 2213 3029 2267 ἀπὸ
3056 2213 3165 2267 τῶν
3186 2211 3389 2283 τρίϐων
3411 2212 3617 2266 αὐτῶν.

2189 2397 2255 2449 Οἱ
2285 2395 2467 2464 ἐχθροὶ
2493 2394 2589 2449 τοῦ
2613 2393 2823 2464 Κυρίου
2857 2395 2975 2463 ἅμα
3020 2393 3098 2463 τῷ
3140 2394 3460 2464 δοξασθῆναι
3506 2394 3708 2457 αὐτοὺς

2123 2493 2217 2543 καὶ
2249 2488 2551 2559 ὑψωθῆναι,
2588 2486 2929 2550 ἐκλείποντες
2957 2487 3091 2540 ὡσεὶ
3115 2487 3322 2552 καπνὸς
3352 2486 3621 2555 ἐξέλιπον.

2196 2664 2353 2720 Εἶδον
2382 2667 2474 2719 τὸν
2506 2665 2678 2732 ἀσεϐῆ
2720 2664 3167 2735 ὑπερυψούμενον
3198 2666 3290 2720 καὶ⁴
3317 2667 3706 2735 ἐπαιρόμενον,

2120 2762 2195 2822 ὼς
2248 2759 2343 2820 τὰς
2396 2758 2622 2825 κέδρους
2670 2757 2766 2809 τοῦ
2802 2756 3058 2809 Λιϐάνου.
3120 2757 3230 2809 Καὶ
3279 2758 3576 2826 παρῆλθον.
3611 2762 3705 2812 καὶ

2126 2849 2239 2901 ίδοὺ
2271 2846 2371 2899 οὐκ
2404 2842 2473 2917 ἦν
2505 2863 2520 2877 ·
2555 2848 2645 2898 καὶ
2667 2843 2908 2915 ἐζήτησα
2940 2845 3123 2910 αὐτὸν,
3159 2846 3253 2899 καλ¹
3279 2847 3378 2916 οὐχ
3437 2847 3636 2918 εὑρέθη
3676 2851 3706 2902 ὁ

2120 2939 2288 3001 τόπος
2329 2937 2519 2991 αὑτοῦ.

2210 3029 2338 3084 Ἰδοὺ
2372 3033 2421 3086 ot
2452 3033 2829 3104 μακρύνοντες
2868 3032 3095 3096 ἑαυτοὺς
3148 3032 3254 3088 ἀπὸ
3289 3031 3386 3087 σοῦ
3438 3024 3702 3088 ἀπολοῦν-

2124 3143 2235 3181 ται.
2303 3125 2739 3197 Ἐξωλόθρευσας
2800 3128 2977 3182 πάντα
3040 3126 3134 3181 τὸν
3211 3128 3545 3201 πορνεύοντα
3594 3128 3708 3182 ἀπὸ

2126 3220 2241 3275 σοῦ.
3064 3286 3071 3293 κ

2198 3318 2267 3372 Ai
2320 3320 2434 3375 ὁδοὶ
2472 3321 2581 3375 τῶν
2626 3322 2840 3375 ἀσεϐῶν
2890 3323 3188 3388 σκοτειναὶ,
3240 3322 3335 3376 καὶ
3374 3322 3475 3375 οὐκ
3521 3319 3707 3375 οἴδασι

2123 3411 2242 3474 πῶς
2269 3414 2722 3481 προσκόπτουσιν.

2199 3505 2495 3576 Πρόχειρος
2534 3506 2744 3576 γίνεται
2791 3508 2885 3560 καὶ
2934 3506 3231 3575 ἐπίχαρτος
3287 3505 3502 3561 ἀσεϐῶν
3550 3506 3708 3560 ἀπώ-

2123 3597 2265 3653 λεια.

2198 3690 2353 3761 Ζωὴν
2387 3693 2601 3748 ἀσεϐῶν
2626 3693 2955 3765 ἀναστρέψει
2981 3694 3211 3767 Κύριος.

2196 3787 2413 3857 Καρποὶ
2432 3788 2647 3842 ἀσεϐῶν
2674 3789 2938 3845 ἀπώλεια.

2191 3879 2423 3950 Ἀσεϐὴς
2448 3883 2592 3936 ποιεῖ
2630 3883 2770 3952 ἔργα
2799 3885 2983 3939 ἄδικα.

2206 3972 2348 4026 Ὀδοὶ
2370 3975 2580 4028 ἀσεϐῶν
2614 3976 2676 4029 ἐκ
2707 3976 2809 4044 γῆς
2832 3977 3100 4034 ὀλοῦνται.

2209 4064 2269 4116 '0
2299 4064 2541 4134 διωγμὸς
2570 4067 2782 4120 ἀσεϐῶν
2806 4071 2885 4127 εἰς
2914 4069 3161 4125 θάνατον.

2195 4156 2531 4209 Φυλάσσεται
2561 4156 2589 4209 ὁ
2628 4157 2831 4227 ἀσεϐὴς
2866 4160 2945 4222 εἰς
2978 4160 3190 4230 ἡμέραν
3216 4161 3412 4231 κακήν.

2197 4248 2394 4316 Φεύγες
2428 4248 2629 4319 ἀσεϐὴς
2660 4250 2887 4320 μηδενὸς
2907 4251 3215 4317 διώκοντος.

2196 4344 2358 4413 Ψυχὴ
2390 4344 2620 4408 ἀσεϐοῦς
2660 4346 2760 4398 οὐκ
2795 4346 3155 4417 ἐλεηθήσεται
3202 4348 3293 4402 ὑπ’
3320 4347 3537 4410 οὐδενὸς
3585 4349 3701 4404 τῶν

2125 4436 2447 4507 ἀνθρώπων.

2196 4528 2423 4599 Ἀσεϐὴς
2454 4530 2624 4583 ἐλθὼν
2657 4532 2738 4595 εἰς
2776 4531 2939 4602 βάθος
2969 4532 3157 4587 κακῶν
3183 4536 3528 4605 καταφρονεῖ.

2192 4703 2275 4762 Τὰ
2313 4708 2601 4779 σπλάγχνα
2631 4711 2740 4765 τῶν
2767 4712 2981 4766 ἀσεϐῶν
3017 4711 3376 4782 ἀνελεήμοηα.

2194 4893 2425 4963 Κατάρα
2484 4894 2688 4964 Κυρίου
2723 4898 2780 4948 ὲν
2825 4896 2994 4960 οἴκοις
3040 4896 3431 4968 ἀσεϐῶν.”ίῐτη
3484 4898 3700 4955 ἀσεϐῶν

2120 4986 2292 5055 ὀλίγα.

2193 5079 2331 5131 Οὐαὶ
2361 5080 2565 5143 αὐτοῖς,
2592 5080 2672 5134 ὅτι
2696 5080 3058 5151 ἀπεπήδησαν
3093 5082 3192 5136 ἀπ’
3232 5085 3366 5146 ἐμοῦ
3400 5103 3413 5118 ο
3473 5083 3703 5139 δείλαιοι

2121 5173 2276 5234 εἰσιν,
2307 5172 2388 5224 ὅτι
2420 5172 2697 5241 ἠσέϐησαν
2728 5174 2807 5237 είς
2846 5175 2967 5241 ἐμέ.
3013 5174 3156 5243 Ἐγὼ
3198 5176 3253 5227 δὲ
3305 5175 3705 5246 ἐλυτρωσάμην

2121 5260 2318 5324 αὐτούς
2366 5276 2377 5289 ’
2408 5262 2563 5314 αὐτοὶ
2596 5261 2652 5314 δὲ
2685 5262 3061 5334 κατελά).ησαν
3100 5265 3221 5318 κατ’
3250 5264 3380 5334 ἐμοῦ
3408 5265 3603 5334 ψευδῆ.

2191 5442 2612 5513 Ἀσῦενήσουσιν
2655 5443 2704 5495 οἱ
2747 5444 2984 5507 ἀσεϐεῖς,
3017 5445 3111 5498 καὶ
3156 5443 3338 5513 ὲξαρῶ
3386 5444 3510 5505 τοὺς
3568 5444 3702 5495 ἅσεο

2124 5539 2239 5598 ϐεἰς
2271 5537 2379 5588 ἀπὸ
2415 5535 2710 5602 προσώπου
2743 5536 2843 5606 τῆς
2866 5539 2990 5607 γῆς.
3021 5540 3166 5606 λέγει
3200 5539 3423 5608 Κύριος.

2193 5630 2415 5689 Ἀκουε,
2445 5628 2662 5698 οὐρανὲ,
2712 5629 2805 5681 καὶ
2851 5630 3128 5698 ὲνωτίζου,
3161 5631 3195 5700 ἡ
3226 5629 3319 5698 γῇ,
3364 5629 3433 5682 τὰ
3479 5631 3703 5699 ῥήματα

2117 5718 2212 5770 τοῦ
2268 5717 2535 5787 στόματός
2594 5735 2719 5788 μου,
2749 5720 2831 5771 ὅτι
2896 5720 3101 5789 Κύριος
3157 5719 3445 5792 ἐλάλησεν,
3485 5720 3699 5784 «Υἰοὺς

2118 5807 2403 5876 ἐγέννησα.
2448 5825 2467 5857 ι
