4034 6394
426 329 530 391 779
1694 326 2016 387 ΑΝΤΟΝΠ

2136 324 2416 386 ELISSE

3573 319 3685 382 730

427 453 480 494 et
510 441 556 496 si
599 441 911 506 nascimiui,
937 440 990 494 in
1047 440 1480 496 maledictionem
1536 441 1589 495 id
1656 440 1788 496 flet:
1855 441 1975 496 etsi

2141 442 2199 495 αὶ
2223 442 2318 496 ὲάν
2346 440 2667 512 γεννηθῆτε,
2696 441 2776 504 είς
2804 441 3052 508 κατάραν
3106 433 3532 505 γεννηθήσεσθε,
3587 435 3688 487 καὶ

426 532 695 598 obii-ritis,
730 532 784 585 in
812 531 1241 587 maledirtionetn
1283 533 1441 587 divisi
1476 533 1649 589 erilis.

501 622 669 677 Eccli.
704 639 835 676 χχιι.
882 620 1085 676 Luctus
1141 624 1338 677 mortui
1390 634 1595 693 septem
1660 626 1799 692 dies,
1848 629 2000 685 stulti

430 725 613 768 autem
650 722 702 766 et
731 712 878 782 impii
908 728 1101 766 omnes
1142 714 1261 769 dies
1295 714 1415 768 vita:
1455 714 1625 769 illius.

509 807 675 859 Eccli.
712 804 1232 861 xxxtv.0blatioues
1292 806 1588 877 impiorum
1637 823 1747 864 non
1806 811 2004 879 probat

430 899 769 953 Altissimus.

506 990 702 1044 Matth.
735 1006 786 1042 x.
827 988 1160 1055 Quicunque
1205 989 1482 1058 negaverit
1537 1002 1627 1043 me
1673 1002 1859 1043 coram
1898 989 2000 1043 bo-

432 1083 694 1146 minibus,
728 1080 932 1150 negabo
974 1087 1028 1133 et
1071 1095 1172 1149 ego
1221 1080 1371 1133 illum
1428 1094 1613 1134 coram
1659 1079 1818 1135 Patre
1862 1095 2009 1147 meo,

431 1175 522 1244 qui
548 1176 599 1226 iu
629 1173 781 1229 cmlis
813 1184 915 1227 est.

506 1265 675 1319 Hebr.
714 1281 786 1320 vt.
832 1262 972 1318 Fieri
1026 1280 1132 1317 non
1180 1272 1378 1332 potest,
1408 1271 1467 1318 ut
1522 1263 1610 1332 qui
1669 1265 1838 1320 semel
1899 1264 2017 1320 fue-

437 1357 549 1410 rint
578 1355 889 1419 illuminati,
940 1357 1391 1423 gustaverintque
1442 1356 1650 1410 donum
1686 1356 1926 1418 cmleste,
1960 1364 2015 1409 et

437 1446 731 1513 participes
763 1445 892 1499 faeti
927 1445 1128 1498 fuerint
1159 1445 1394 1513 Spiritus
1437 1448 1628 1508 sancti.
1658 1448 2017 1516 gustaveriut-

437 1553 544 1604 que
570 1537 771 1590 bonum
804 1536 895 1590 Dei
928 1540 1151 1591 verbum
1185 1552 1247 1591 ac
1274 1538 1503 1594 virtutes
1544 1538 1713 1592 futuri
1741 1538 1950 1603 seaculi,
1973 1539 2018 1592 si

438 1628 819 1696 prolabantur,
853 1629 1031 1682 deum;
1066 1639 1392 1683 renoventur
1419 1629 1477 1698 8
1507 1645 1601 1697 per
1627 1630 2019 1697 paenitentiam,

442 1719 509 1770 ab
540 1718 753 1786 integro
789 1718 1171 1788 crucifigentes
1200 1719 1556 1788 subimetipsis
1580 1717 1779 1773 Filium
1816 1719 1931 1782 Dei,
1967 1728 2017 1773 et

444 1806 684 1863 ludibrio
708 1819 1063 1880 exponentes.
1104 1809 1383 1879 Siquidem
1431 1820 1745 1881 terra,quae
1790 1811 2018 1866 imbrem

444 1900 642 1968 saepius
668 1899 721 1953 in
756 1917 815 1956 se
854 1904 1159 1957 venientem
1207 1902 1554 1969 combiberit,
1577 1911 1630 1957 et
1665 1903 2019 1973 progenuerit

447 1990 668 2042 herbam
706 1993 1115 2045 accommodam
1133 1990 1233 2057 eis,
1262 2006 1427 2062 opera
1460 2008 1693 2063 quorum
1722 1999 1775 2045 et
1799 1992 2015 2054 colitur,

446 2081 641 2148 recipit
674 2080 1108 2135 benedictionem
1164 2096 1193 2136 a
1234 2082 1362 2137 Deo.
1409 2082 1479 2138 At
1527 2098 1648 2153 qua:
1699 2082 2020 2152 produxerit

444 2173 633 2239 spinas
681 2182 737 2227 et
789 2173 1038 2238 tribulos,
1106 2172 1335 2243 reproba
1400 2184 1485 2229 est
1530 2184 1585 2231 et
1652 2175 2018 2230 maledictioni

445 2264 700 2330 confinis,
740 2266 898 2333 cujus
939 2267 1114 2320 exitus
1163 2266 1267 2321 huc
1296 2266 1487 2329 tendit,
1509 2275 1569 2322 ut
1595 2278 1875 2322 exuratur.

518 2355 727 2410 Basilii.
758 2356 1013 2424 Impietas
1052 2358 1271 2426 proprie
1304 2357 1528 2425 dicitur,
1554 2358 1700 2429 quod
1725 2360 1779 2414 in
1803 2338 1818 2358 ’
1844 2358 2018 2415 Deum

448 2444 810 2503 commissum
851 2459 935 2505 est
974 2460 1283 2518 peccatum.
1638 2472 1641 2475 ν

523 2535 664 2590 Fieri
701 2551 809 2590 non
831 2546 1023 2605 potest.
1057 2546 1170 2591 uta
1207 2539 1356 2609 justa
1376 2540 1459 2596 via
1509 2542 1837 2607 exorbiteut,
1885 2558 2023 2612 quo-

451 2643 569 2681 rum
600 2627 764 2681 animi
797 2628 885 2683 Dei
908 2629 1181 2684 oblivione
1221 2647 1329 2685 non
1355 2633 1737 2687 laboraverint.

519 2720 713 2774 Nullus
731 2735 918 2775 eorum
942 2723 1032 2792 qui
1057 2723 1223 2778 falsas
1248 2734 1301 2778 et
1321 2739 1516 2793 pravas
1546 2741 1576 2780 a
1638 2726 1746 2780 Deo
1802 2727 2019 2796 opinio-

451 2826 549 2869 nes
581 2823 973 2881 conceperunt,
1008 2829 1135 2870 suas
1186 2815 1241 2870 in
1303 2815 1621 2885 psalmodiis
1678 2817 1865 2873 laudes
1912 2816 2022 2872 Deo

452 2914 702 2975 acceptas
734 2904 847 2961 fore
873 2906 1167 2961 existimet.

526 2996 616 3048 Dei
651 2995 979 3065 ignorantia,
1016 2996 1211 3050 animae
1239 3010 1387 3052 mors
1415 3004 1520 3053 est.

527 3088 792 3160 Theologi.
840 3089 897 3143 Si
948 3104 1183 3158 namque
1234 3089 1373 3146 Deus
1438 3092 1651 3146 medius
1701 3101 2021 3162 assumptus

455 3183 541 3238 vel
585 3183 963 3252 interpositus,
989 3198 1053 3238 ea
1082 3197 1204 3253 qua:
1251 3184 1561 3239 hominibus
1587 3184 1687 3239 sibi
1718 3192 1908 3239 mutuo
1936 3183 2024 3237 iit-

457 3275 763 3343 tercedunt,
810 3286 1075 3330 conventa
1109 3274 1419 3340 confirmat,
1452 3292 1617 3346 quam
1656 3277 2023 3347 periculosum

456 3370 561 3425 erit
587 3412 603 3436 ,
634 3370 678 3425 si
708 3384 769 3424 ea
798 3370 1126 3436 transgressi
1163 3368 1333 3426 fuisse
1361 3369 1853 3438 deprchendemur,
1899 3385 2022 3438 qua:

457 3477 582 3517 cum
632 3463 750 3531 ipso
783 3464 938 3516 nobis
982 3463 1114 3515 inita
1155 3471 1301 3525 sunt,
1355 3462 1660 3529 prazscrtim
1718 3476 1844 3515 cum
1885 3461 2032 3515 nulla

458 3554 529 3609 sit
557 3551 896 3623 regeneratio
933 3551 1014 3604 vel
1042 3548 1385 3613 reformatio,
1416 3563 1517 3603 nee
1567 3550 1747 3619 aliqua
1796 3550 2033 3621 antiqua:

461 3643 794 3698 conditionis
829 3640 1125 3694 restitutio.

533 3732 637 3800 Qui
672 3732 947 3787 diversum
991 3744 1155 3799 quam
1198 3744 1297 3784 nos
1324 3729 1588 3796 sentiunt,
1626 3743 1719 3785 eos
1751 3744 1848 3785 ceu
1898 3729 2037 3784 veri-

460 3827 591 3880 tatis
625 3825 768 3879 luem
802 3835 1171 3885 assumamus,
1218 3831 1273 3875 et
1321 3836 1580 3878 curemus
1632 3822 1810 3893 quoad
1859 3830 2037 3892 pOIest

462 3919 624 3984 fieri;
671 3932 767 3973 eos
824 3930 976 3983 vero,
1009 3913 1104 3985 qui
1163 3913 1490 3970 incurabiles
1538 3924 1665 3969 sunt
1702 3931 2034 3980 aversemur,

463 4028 531 4066 ne
569 4011 719 4080 prius
748 4011 990 4078 ipsorum
1045 4008 1297 4077 contagio
1336 4008 1437 4077 ipsi
1492 4008 1822 4072 inficiamur,
1876 4022 2036 4077 quam

464 4114 665 4159 nosti-re
701 4102 776 4156 illi
807 4102 1055 4156 sanitatis
1088 4115 1186 4169 per
1214 4116 1312 4156 nos
1340 4100 1633 4170 participes
1665 4100 1817 4154 fiant.

539 4195 806 4248 Malorum
869 4192 1139 4248 inventrix
1193 4201 1276 4247 est
1329 4193 1601 4263 impietas,
1634 4200 1690 4247 et
1738 4193 1806 4246 ad
1849 4206 2039 4262 aggre-

465 4291 724 4346 diendum
758 4289 913 4357 longe
943 4286 1326 4341 audacissima.

538 4383 695 4453 Greg.
752 4381 979 4451 Nysam.
1014 4378 1250 4433 Primam
1287 4377 1396 4432 Deo
1439 4392 1653 4448 ptenam
1671 4378 1826 4433 debet
1859 4379 2039 4441 homo,

2106 537 2200 589 ἐὰν
2231 535 2562 605 ἀποθάνητε,
2604 536 2685 599 εἰς
2713 534 2958 604 κατάραν
2989 526 3414 602 μερισθήσεσθε.

2174 628 2377 691 Πένθος
2411 626 2607 699 νεκροῦ
2640 627 2780 680 ἔπτά
2812 623 3043 694 ἡμέραι,
3096 621 3191 675 τοῦ
3244 620 3302 673 δὲ
3353 617 3541 690 μωροῦ
3587 614 3687 673 καὶ

2106 722 2337 783 ἀσεϐοῦς
2369 724 2538 773 πᾶσαι
2574 720 2631 773 αἱ
2674 718 2876 788 ἡμέραι
2903 717 3001 786 τῆς
3032 716 3179 786 ζωῆς
3208 714 3401 768 αὐτοῦ.

2175 814 2290 868 Οὐκ
2321 812 2531 866 εὐδοκεῖ
2553 813 2581 864 ό
2614 811 2877 881 ’Υψιστος
2906 812 2966 865 ὲν
2998 809 3339 881 προσφοραῖς
3371 804 3608 860 ἀσεϐῶν.

2188 993 2378 1056 Ὅστις
2406 992 2704 1061 ἁρνήσεταί
2754 1007 2822 1061 με
2854 989 3165 1060 ἔμπροσθεν
3203 988 3314 1042 τῶν
3351 986 3690 1056 ἀνθρώπων,

2111 1089 2425 1158 ἀρνήσομαι
2460 1084 2613 1151 κάγὼ
2644 1086 2802 1138 αὐτὸν
2826 1085 3141 1154 ἔμπροσθεν
3181 1081 3278 1136 τοῦ
3327 1081 3543 1151 Πατρός
3586 1097 3693 1150 μου

2113 1177 2206 1231 τοῦ
2241 1179 2298 1229 ὲν
2323 1176 2590 1247 οὐρανοῖς.

2191 1270 2480 1324 Ἀδύνατον
2522 1269 2648 1329 τοὺς
2675 1268 2821 1334 ἅπαξ
2852 1266 3246 1335 φωτισθέντας,
3317 1263 3698 1332 γευσαμένους

2117 1380 2176 1417 τε
2202 1364 2298 1431 τῆς
2325 1361 2535 1429 δωρεᾶς
2558 1358 2659 1426 τῆς
2699 1358 3050 1427 ἐπουρανίου,
3082 1356 3179 1410 καὶ
3225 1356 3489 1424 μετόχους
3533 1370 3698 1424 γενη-

2119 1456 2310 1517 θέντας
2346 1453 2665 1521 Πνεύματος
2697 1452 2879 1519 ἁγίου,
2940 1451 3035 1504 καὶ
3084 1449 3251 1504 καλὸν
3316 1446 3700 1516 γευσαμένους

2120 1546 2257 1601 Θεοῦ
2311 1548 2484 1616 ῥῆμα,
2540 1543 2798 1611 δυνάμεις
2851 1558 2911 1594 τε
2980 1541 3267 1609 μέλλοντος
3327 1540 3551 1606 αἰῶνος,
3597 1537 3700 1593 καὶ

2124 1635 2565 1707 παραπεσόντας,
2603 1632 2766 1685 πάλιν
2826 1631 3198 1694 ἀνακαινίζειν
3246 1631 3327 1694 είς
3379 1630 3695 1699 μετάνοιαν,

2128 1725 2605 1796 ἀνασταυροῦντας
2659 1723 2878 1784 ἑαυτοῖς
2926 1725 3018 1775 τὸν
3046 1722 3172 1775 Υίὸν
3231 1720 3327 1774 τοῦ
3380 1719 3537 1783 Θεοῦ,
3601 1722 3699 1773 καὶ

2060 1800 2101 1855 Β
2133 1814 2747 1889 παραδειγματίζοντας.
2782 1814 2857 1882 Γῆ
2880 1813 2987 1880 γὰρ
3015 1814 3048 1882 ή
3092 1812 3324 1864 ποιοῦσα
3359 1810 3450 1862 τὸν
3479 1810 3567 1863 ἐπ’
3598 1809 3702 1863 αὐ-

2124 1913 2189 1982 τῇ
2218 1908 2473 1970 πολλάκις
2510 1906 2685 1971 ὐετὸν,
2715 1906 2810 1959 καὶ
2839 1905 3103 1957 τίκτουσα
3165 1903 3396 1973 βοτάνην
3447 1900 3697 1965 εὔθετον,

2125 2003 2360 2062 ἐκείνοις
2383 1999 2450 2055 δι’
2479 1999 2574 2064 οὒς
2601 1999 2698 2052 καὶ
2722 1999 3077 2067 γεωργεῖται,
3112 1994 3516 2065 μεταλαμϐάνει
3545 1995 3701 2048 εὐλο-

2125 2098 2249 2163 γίας
2279 2094 2385 2147 ἀπὸ
2415 2091 2552 2145 Θεοῦ
2581 2108 2594 2124 ·
2644 2091 2952 2159 ἐκφέρουσα
2985 2086 3043 2140 δὲ
3076 2086 3321 2150 ἀκάνθας
3362 2086 3456 2138 καὶ
3519 2084 3705 2154 τριεό⁴

2126 2188 2273 2248 λους,
2306 2185 2565 2255 ἀδόκιμος
2588 2183 2680 2237 καὶ
2705 2182 2949 2250 κατάρας
2975 2182 3164 2250 ἐγγὺς,
3197 2174 3265 2252 ἦς
3307 2179 3369 2233 τὸ
3415 2178 3569 2240 τέλος
3618 2177 3703 2239 είς

2126 2277 2351 2333 καῦσιν.
2879 2273 2888 2283 ’
3372 2314 3375 2315 ν

2213 2365 2462 2422 Ἀσέόεια
2498 2365 2707 2436 κυρίως
2738 2365 2960 2435 λέγεται
2988 2365 3022 2436 ή
3057 2365 3139 2430 είς
3159 2364 3294 2419 Θεὸν
3321 2364 3590 2435 ἁμαρτία.

2212 2556 2520 2625 Ἀμήχανον
2549 2552 2892 2624 ἐκτραπῆναι
2939 2553 3038 2622 τῆς
3066 2553 3285 2617 δικαίας
3329 2550 3474 2617 ὀδοῦ,
3507 2551 3585 2623 μὴ
3611 2550 3708 2621 λή-

2128 2650 2227 2720 θην
2249 2648 2386 2709 Θεοῦ
2414 2650 2537 2708 ταῖς
2576 2645 2775 2714 ψυχαῖς
2803 2646 3165 2712 νοσήσαντας.

2197 2738 2404 2807 Μηδεὶς
2437 2735 2636 2789 οἰέσθω
2663 2735 2771 2789 τῶν
2803 2734 3152 2804 ἐσφαλμένας
3196 2734 3325 2805 περὶ
3361 2730 3498 2786 Θεοῦ
3554 2731 3709 2803 ἑχόν-

2131 2848 2241 2885 των
2277 2831 2377 2892 τάς
2414 2826 2738 2897 ὑπολήψεις,
2769 2828 2851 2880 ὅτι
2917 2826 3109 2880 δεκταί
3146 2827 3288 2881 είσιν
3335 2823 3506 2879 αὐτοῦ
3542 2825 3597 2878 al
3637 2826 3702 2877 ιν

2130 2922 2333 2994 ψαλμῷ
2369 2921 2681 2980 διαινέσεις.

2202 3014 2338 3068 Θεοῦ
2370 3012 2565 3081 άγνοια
2592 3011 2825 3073 θάνατός
2858 3011 2972 3064 ἔστι
3002 3008 3204 3080 ψυχῆς.

2198 3107 2263 3162 Εί
2314 3105 2424 3176 γὰρ
2460 3106 2556 3167 τὰς
2597 3105 2734 3173 πρὸς
2780 3102 3101 3173 ἀνθρώπους
3164 3100 3438 3173 συνθήκας
3478 3099 3711 3171 ἔμπεδοί

2131 3201 2287 3267 Θεὸς,
2342 3200 2508 3269 μέσος
2544 3195 2950 3266 παραληφθεὶς,
2974 3194 3140 3258 πόσος
3175 3194 3422 3257 κίνδυνος
3461 3186 3536 3248 ὧν
3572 3193 3711 3264 πρὸς

2130 3293 2297 3347 αὐτὸν
2332 3289 2595 3361 temer
2617 3288 2922 3357 συνθηκῶν,
2972 3287 3180 3341 τούτων
3232 3287 3565 3357 παραὸάτας
3618 3286 3713 3339 εὐα-

2135 3384 2445 3458 ρίσκεσθαι,
2505 3382 2601 3435 καλ⁵
2634 3382 2808 3435 ταῦτα
2839 3381 2942 3434 οὐκ
2960 3378 3128 3451 οὔσης
3156 3379 3420 3451 δευτέρας
3477 3380 3715 3449 ἀναγεν-

2133 3479 2363 3546 νήσεως,
2390 3474 2507 3527 οὐδὲ
2535 3472 2914 3537 ἀναπλάσεως,
2954 3472 3074 3527 οὐδὲ
3099 3472 3179 3538 είς
3208 3472 3270 3527 τὸ
3295 3472 3525 3544 ἀρχαῖον
3572 3471 3708 3526 ἀπο-

2136 3564 2550 3628 καταστάσεως.

2222 3750 2359 3812 Τούς
2383 3748 2586 3819 ἑτέρως
2612 3747 2940 3820 φρονοῦντας
2972 3747 3049 3811 ὡς
3071 3747 3251 3816 λύμην
3281 3747 3383 3816 τῆς
3421 3746 3712 3819 ἀληθείας,

2136 3842 2241 3905 ἕως
2274 3842 2372 3909 μὲν
2428 3840 2496 3895 ἂν
2528 3835 2832 3915 ᾗδυνατὸν,
2872 3836 3429 3910 προσλαμϐανώμεθα
3473 3840 3570 3894 καὶ
3620 3841 3714 3893 θε-

2142 3934 2531 4005 ραπεύσωμεν,
2560 3932 2635 4003 μὴ
2667 3932 2768 4002 τῆς
2815 3931 2972 3984 νόσου
3003 3929 3399 4000 μεταλάὸωμεν
3437 3931 3568 4002 πρὶν
3614 3945 3717 4001 pe-

2140 4022 2390 4078 ταδοῦναι
2417 4022 2518 4092 τῆς
2552 4023 2763 4076 ἑαυτῶν
2791 4020 3004 4091 ὑγείας.

2213 4198 2440 4266 Εὐρέτις
2481 4197 2664 4251 κακῶν
2688 4197 2933 4264 ἀσέϐεια,
2990 4197 3085 4251 καὶ
3147 4195 3269 4251 λίαν
3318 4196 3591 4268 τολμηρὸν
3633 4197 3719 4261 είς

2142 4291 2481 4342 ὲγνείοησιν.

2248 4307 2294 4342 ει
2377 4307 2481 4342 σιν.

2173 4307 2454 4453 Ὁίιρῇὲην
2476 4380 2692 4450 ὥφλησε
2734 4397 3004 4451 τιμωριαν
3035 4381 3063 4435 ὁ
3095 4380 3383 4452 ἄνθρωπος
3433 4381 3511 4452 τῷ
3571 4381 3719 4453 Θεῷ,

465 4478 608 4548 quod
637 4492 667 4529 a
697 4484 944 4530 creatore
966 4487 1065 4529 suo
1086 4471 1331 4537 descivit,
1356 4481 1404 4524 et
1421 4471 1487 4524 ad
1510 4470 1881 4525 adversarium
1899 4470 2029 4539 ejus-

2148 4473 2228 4526 ὅτι
2260 4473 2570 4542 ἀπέστησεν
2596 4472 2789 4526 ἑαυτὸν
2827 4470 2923 4525 τοῦ
2950 4473 3295 4543 ποιήσαντος,
3333 4473 3427 4527 καί⁵
3469 4473 3605 4543 πρὸς
3625 4474 3722 4527 τὸν

465 4573 587 4627 dem
606 4569 916 4638 transfugit,
939 4566 1197 4635 fugitivus
1216 4577 1271 4619 et
1286 4564 1533 4618 desertor
1546 4561 1760 4617 Domini
1780 4564 2045 4618 naturalis

470 4667 648 4720 factus
681 4680 695 4718 :
728 4663 957 4716 alteram
989 4672 1139 4721 vero,
1172 4656 1317 4725 quod
1368 4655 1714 4727 miserampet
1760 4654 2042 4711 infelicem

468 4752 672 4824 peccati
695 4751 1009 4806 servitutem
1052 4762 1150 4818 pro
1182 4747 1355 4801 libero
1383 4748 1467 4801 sui
1515 4745 1656 4814 juris
1688 4745 1914 4802 arbitrio
1944 4763 2043 4803 ceu

468 4858 787 4917 permutans
818 4841 1055 4912 accepit,
1101 4839 1466 4907 praestabilius
1501 4837 1761 4893 nimirum
1796 4854 1916 4894 esse
1941 4839 2045 4894 du-

467 4954 599 4995 cens
648 4938 965 5008 perniciosa:
995 4945 1051 4990 et
1101 4933 1339 4989 exitialis
1389 4933 1645 5002 potentiae
1706 4933 2043 5003 tyrannidem

470 5034 577 5104 puti
609 5045 774 5100 quam
820 5029 930 5083 Deo
963 5028 1193 5083 Servire.

546 5122 587 5177 Τ
591 5122 838 5190 hwphili.
878 5119 1041 5191 Atqui
1084 5126 1335 5173 terrenus
1363 5119 1563 5189 aliquis
1598 5135 1691 5175 rex
1716 5135 1837 5176 esse
1861 5118 2043 5175 credi-

473 5226 581 5280 tur,
619 5212 745 5267 liet-t
784 5228 890 5265 non
929 5210 1174 5264 omnium
1210 5209 1382 5265 oculis
1418 5210 1745 5278 conSpicuus
1797 5209 1887 5264 sit.
1946 5210 2047 5264 Per

472 5306 618 5374 leges
645 5305 787 5357 enim
841 5305 1033 5373 ipsius,
1072 5310 1275 5357 statuta
1322 5303 1576 5375 denique,
1620 5311 1944 5372 potestatem
1992 5310 2046 5356 et

478 5396 736 5449 virtutem
765 5403 928 5462 atque
958 5396 1221 5463 imagines
1252 5394 1568 5461 percipitur.
1596 5391 1676 5446 Tu
1716 5407 1842 5448 vero
1876 5391 2044 5447 Deum

475 5504 538 5542 ex
581 5489 696 5542 suis
724 5488 976 5556 operibus
1016 5496 1073 5541 et
1114 5484 1407 5541 virtutibus
1439 5486 1740 5556 intelligere
1786 5502 1892 5540 non
1944 5487 2043 5540 vis.

549 5575 851 5643 Serapionis
930 5573 1217 5644 Nunquam
1269 5575 1448 5645 alqua
1493 5576 1717 5632 heresis
1746 5577 2046 5633 Ecclesiatu

481 5671 778 5736 superavit,
825 5669 917 5723 sed
952 5667 1084 5721 furit
1126 5666 1342 5736 quidem
1404 5682 1638 5735 semper,
1691 5669 2047 5741 aliquousque

484 5768 663 5815 autem
694 5777 978 5833 progressa
1004 5760 1187 5818 statim
1221 5760 1552 5817 dissolvitur.

2148 4564 2393 4619 ἐναντίον
2411 4566 2858 4636 ἀπηυτομόλησε,
2901 4565 3176 4637 δραπέτης
3214 4565 3308 4621 τοῦ
3372 4569 3512 4621 κατά
3551 4566 3722 4636 φύσιν

2146 4658 2407 4712 δεσπότου
2456 4659 2552 4710 καὶ
2602 4658 2917 4728 ἀποστάτης
2959 4657 3290 4728 γενόμενος’
3335 4658 3596 4727 δευτέραν
3638 4659 3720 4723 δὲ,

2146 4749 2227 4803 ὅτι
2251 4748 2347 4820 τὴν
2381 4748 2624 4822 πονηρὰν
2649 4750 2744 4817 τῆς
2771 4749 3053 4820 ἁμαρτίας
3108 4748 3371 4816 δουλείαν,
3439 4751 3567 4805 ἀντὶ
3619 4754 3722 4823 τῆς

2148 4842 2495 4907 αὐτεξουσίου
2518 4842 2833 4911 ἐλευθερίας
2881 4842 3174 4913 ἠλλάξατο,
3231 4843 3325 4895 καὶ
3381 4841 3722 4912 προετίμησε

2146 4932 2241 4986 τοῦ
2267 4931 2540 4986 δουλεύειν
2564 4931 2685 5002 Θεῷ
2706 4933 2766 4985 τὸ
2824 4934 3213 5003 τυραννεῖσθαι
3251 4931 3364 4987 ἀπὸ
3408 4932 3510 5003 τῆς
3553 4951 3724 4987 κατα-

2148 5024 2479 5096 φθειρούσης
2537 5024 2842 5089 δυνάμεως.

2217 5110 2350 5168 Εἶτα
2378 5112 2630 5184 βασιλεὺς
2663 5114 2762 5184 μὲν
2785 5114 3023 5181 ἐπίγειος
3060 5116 3378 5169 πιστεύεται
3405 5110 3567 5178 εἶναι,
3599 5114 3725 5167 καίη

2150 5223 2255 5277 περ
2285 5206 2358 5277 μὴ
2380 5207 2513 5259 πᾶσι
2541 5205 2904 5276 βλεπόμενος·
2936 5205 3025 5259 διὰ
3067 5205 3124 5259 δὲ
3170 5207 3337 5276 νόμου
3392 5208 3487 5261 καὶ
3530 5207 3719 5261 διατά-

2151 5298 2288 5366 ξεων
2316 5297 2505 5363 αὐτοῦ,
2541 5299 2636 5352 καὶ
2662 5298 2947 5364 ἐξουσιῶν,
2977 5300 3071 5351 καὶ
3102 5299 3417 5368 δυνάμεων,
3447 5298 3544 5353 καὶ
3576 5298 3721 5351 εικό-

2150 5408 2277 5455 νων,
2313 5392 2534 5445 νοεῖται.
2561 5389 2664 5442 Τὸν
2685 5389 2742 5443 δὲ
2776 5389 2909 5443 Θεὸν
2931 5390 2992 5442 οὐ
3021 5389 3187 5461 βούλῃ
3224 5388 3289 5442 σὺ
3317 5388 3507 5460 νοῆσαι
3534 5389 3604 5444 δι’
3635 5390 3723 5463 ἔρ-

2150 5503 2264 5555 γων
2290 5486 2384 5537 καὶ
2408 5483 2715 5551 δυνάμεων.

2216 5575 2486 5631 Οὐδέποτε
2519 5575 2733 5646 αἵρεσις
2776 5575 2875 5646 τήν
2900 5572 3235 5645 Ἐκκλησίαν
3274 5574 3551 5646 ἐνίκησεν,
3606 5574 3723 5630 ἀλλ’

2149 5670 2236 5722 ἀεὶ
2268 5668 2541 5738 μαίνεται,
2579 5669 2673 5722 καὶ
2714 5666 2835 5723 κατ’
2888 5666 3069 5735 ὀλίγον
3121 5665 3465 5737 προελθοῦσα
3520 5666 3725 5731 εὐθέως

2151 5763 2352 5815 λύεται.
