4034 6404
413 340 516 407 .781

1305 348 1479 409 LOCI
1519 350 2053 416 COMMUNES.-
2085 358 2279 418 PARS
2316 362 2358 420 Ι.
2395 361 2651 422 SERMO
2690 365 2802 424 III.

3559 371 3667 434 782

482 459 693 529 Ὥσπερ
725 457 1004 530 ὀφθαλμδς
1032 463 1463 533 τεταραγμένος,
1489 464 1633 517 οὕτω
1655 467 1746 518 καί
1786 467 1817 536 ή
1845 468 1985 537 ψυχὴ

2167 473 2632 541 Quemadmodum
2689 486 2880 535 oculus
2937 483 3308 550 perturbatur,
3374 485 3455 541 sic
3501 489 3662 544 etiam

415 552 528 614 τοῖς
561 550 713 622 παρὰ
738 551 903 621 φύσιν
934 553 1230 609 θολωθεϊσα
1257 554 1546 624 δόγμασιν,
1568 557 1663 627 οὐχ
1699 557 1788 611 οἵα
1844 575 1902 611 τε
1931 562 1990 612 τὸ

421 644 530 712 φῶς
556 643 655 713 τῆς
683 642 947 714 ἀληθείας
975 645 1198 700 εἰδέναι.

1036 734 1253 786 ΛΟΓΟΣ
1290 733 1365 788 Γ’.

424 822 556 893 Περὶ
609 821 847 892 ἀγάπης
890 821 985 876 καὶ
1029 823 1216 877 πάλιν
1247 827 1436 893 φόϐου
1471 828 1621 894 πρὸς
1665 829 1775 884 τόν
1821 832 1987 887 Θεόν.

501 913 789 967 Ἐκάλεσεν
837 913 1067 981 ἄγγελος
1103 915 1310 985 Κυρίου
1365 918 1429 969 ὲκ
1468 917 1561 970 τοῦ
1610 919 1841 986 ούρανοῦ
1898 923 1990 976 τὸν

428 1004 699 1074 ’Δϐραὰμ,
752 1006 845 1059 καὶ
891 1002 1044 1058 εἶπεν
1090 1005 1261 1075 αὐτῷ’
1297 1008 1343 1059 i‘
1368 1007 1619 1078 Ἀϐραὰμ
1657 1011 1927 1082 Ἀϐραάμ.
1962 1032 1981 1066 ι

423 1095 485 1150 '0
512 1095 569 1149 δὲ
615 1094 767 1150 εἶπεν
789 1114 803 1128 ο
837 1114 858 1149 ι
911 1096 1041 1151 Ἰδοὺ
1071 1096 1204 1164 ἐγώ.
1241 1118 1260 1150 ι
1294 1101 1404 1153 Καὶ
1450 1096 1603 1154 εἶπεν
1628 1116 1644 1131 ⁸
1686 1119 1704 1155 ι
1747 1104 1839 1172 Μὴ
1864 1106 1988 1157 ἐπι-

414 1188 584 1259 ϐἁλῃς
616 1188 714 1259 τὴν
764 1189 924 1259 χεῖρά
952 1206 1045 1241 σου
1090 1190 1182 1242 ἐπὶ
1208 1189 1269 1243 τὸ
1307 1192 1615 1263 παιδάριον,
1662 1195 1800 1263 μήτε
1832 1197 1989 1265 ποιή-

414 1296 517 1350 σῃς
548 1279 699 1349 αύτῷ
753 1279 946 1351 μηθέν.
975 1281 1089 1334 Νῦν
1119 1281 1228 1351 γὰρ
1273 1282 1447 1350 ἔγνων
1496 1284 1576 1338 ὅτι
1622 1288 1760 1357 φοϐῇ
1800 1289 1863 1341 σὺ
1896 1288 1988 1341 τὸν

416 1372 571 1434 Θεὸν,
599 1371 694 1428 καὶ
724 1373 827 1427 οὐκ
856 1373 1058 1442 ἐφείσω
1086 1373 1180 1427 τοῦ
1211 1368 1329 1427 υἱοῦ
1356 1376 1451 1428 σοῦ
1476 1375 1573 1431 τοῦ
1599 1377 1884 1450 ἀγηπητοῦ
1918 1380 1987 1433 δι’

410 1465 536 1537 iud.
1316 1502 1319 1505 -

494 1558 555 1613 '0
597 1558 729 1623 Θεὸς
756 1559 785 1613 ό
819 1556 1103 1628 φυλάττων
1146 1560 1247 1631 τὴν
1290 1561 1558 1636 διαθήκην
1601 1563 1769 1619 αὐτοῦ
1806 1566 1900 1619 καὶ
1927 1565 1988 1619 τὸ

413 1650 561 1715 ἕλεος
587 1655 701 1716 τοῖς
733 1652 1020 1720 ἀγαπῶσιν
1047 1653 1230 1718 αὑτὸν,
1254 1657 1351 1709 καὶ
1375 1657 1491 1720 τοῖς
1519 1657 1855 1727 φυλάσσουσι
1886 1658 1986 1730 τὴν

412 1746 679 1817 διαθήκην
710 1745 900 1810 αὐτοῦ,
934 1747 1014 1811 είς
1044 1746 1220 1817 χιλίας
1251 1751 1462 1814 γενεάς.

2094 567 2272 623 anima
2301 570 2670 639 opinionibus,
2703 587 2827 641 qua:
2865 581 3118 628 naturam
3151 576 3445 643 excedunt,
3480 581 3666 637 turba-

2091 670 2167 727 ta,
2201 660 2446 716 veritatis
2474 663 2648 715 lucem
2676 663 2858 718 videre
2896 679 3003 719 non
3040 674 3237 734 potest.

2475 751 2532 820 9
2558 752 2785 809 sermo
2819 754 2885 810 In
2916 754 3013 828 [αι.
3059 755 3311 830 CLXIII].

2444 843 2525 897 De
2551 845 2831 900 dilectione
2861 857 2911 902 et
2959 850 3144 904 timore
3194 850 3307 907 Dei.

2162 934 2456 991 Gemxxn.
2486 936 2713 992 Vocavit
2761 940 2986 1011 angelus
3032 942 3241 997 Domini
3291 945 3659 1002 Abrahamum

2092 1027 2327 1091 coalitus,
2346 1038 2398 1083 et
2427 1028 2586 1084 dixit:
2617 1030 2913 1099 Abraham,
2941 1033 3238 1087 Abraham.
3266 1034 3360 1091 Ille
3386 1052 3518 1093 vero
3542 1038 3617 1093 ait
3642 1057 3658 1094 :

2095 1116 2230 1172 Ecce
2262 1133 2382 1188 ego.
2418 1119 2480 1172 Et
2510 1120 2675 1175 dixit:
2702 1119 2781 1176 Ne
2815 1122 3016 1178 inferas
3046 1140 3264 1180 manum
3289 1137 3433 1182 tuam
3466 1145 3658 1199 puero.

2092 1224 2192 1264 nec
2227 1209 2421 1265 feceris
2452 1211 2527 1264 illi
2564 1214 2882 1282 quidquam.
2908 1214 3062 1270 Nunc
3092 1219 3235 1272 enim
3266 1221 3487 1289 cognovi
3517 1223 3659 1292 quod

2092 1307 2145 1352 tu
2182 1299 2372 1355 timeas
2414 1299 2605 1367 Deum,
2634 1311 2689 1357 ct
2721 1319 2825 1358 non
2863 1308 3148 1375 pepercisti
3198 1309 3309 1364 ﬁlio
3343 1321 3437 1367 tuo
3464 1311 3662 1368 dilecto

2092 1402 2310 1461 propter
2335 1409 2440 1448 me.

2164 1568 2323 1625 Deut.
2353 1585 2448 1625 vn.
2482 1570 2626 1627 Deus
2662 1574 2979 1629 custodiens
3014 1585 3228 1643 pactum
3261 1586 3317 1632 et
3356 1556 3663 1636 misericor:

2088 1660 2232 1715 diam
2301 1676 2458 1717 suam
2515 1663 2865 1734 diligentibus
2908 1677 3164 1732 eum,‘et
3229 1668 3663 1727 custodientlbus

2088 1753 2338 1808 mandata
2376 1755 2513 1822 ejus,
2549 1755 2604 1809 in
2636 1756 2779 1810 mille
2813 1759 3215 1827 generationes.

486 1837 597 1890 Καὶ
643 1837 762 1904 νῦν,
805 1838 1044 1908 Ἰσραὴλ,
1067 1840 1136 1920 ’τί
1184 1839 1388 1910 Κύριός·
1433 1857 1527 1892 σου
1574 1842 1796 1895 ἀπαιτεῖ
1834 1841 1984 1913 παρὰ

2166 1842 2306 1897 Ibid.
2340 1861 2394 1900 ι.
2423 1846 2491 1900 Ει
2523 1861 2689 1913 nunc,
2721 1846 2907 1916 Israel,
2945 1851 3202 1920 quidnam
3235 1850 3496 1909 Dominus
3524 1853 3664 1910 Deus

416 1926 514 1981 σοῦ
547 1927 666 1982 ἄλλ’
695 1928 727 1999 ἢ
761 1927 1046 1997 φοϐεῖσθαι
1067 1916 1263 1991 αὐτὸν,
1297 1931 1390 1983 καὶ
1420 1931 1752 2001 πορεύεσθαι
1785 1934 1846 1986 ἐν
1879 1933 1984 1986 πά-

414 2034 539 2079 σαις
581 2017 704 2080 ταῖς
750 2017 888 2081 ὁδοῖς
922 2018 1088 2073 αὐτοῦ
1139 2020 1232 2073 καὶ
1266 2021 1490 2092 ἀγαπᾷν
1538 2020 1700 2075 αὐτὸν
1765 2024 1857 2075 καὶ
1885 2023 1985 2077 λα-

410 2108 628 2180 τρεύειν
665 2109 858 2182 Κυρίῳ
887 2110 967 2181 τῷ
1004 2109 1125 2181 Θεῷ
1156 2127 1290 2178 σου;

493 2202 832 2273 Ἀγαπήσεις
880 2202 1085 2272 Κύριον
1138 2204 1230 2256 τὴν
1286 2203 1417 2259 Θεόν
1471 2221 1587 2270 σου,
1639 2205 1698 2270 ἐξ
1729 2205 1858 2275 ὅλης
1885 2206 1985 2273 τῆς

407 2295 649 2358 διανοίας
684 2312 799 2362 σου,
827 2293 890 2361 ἐξ
909 2295 1036 2367 ὅλης
1064 2295 1164 2366 τῆς
1189 2294 1368 2367 ψυχῆς
1385 2313 1500 2363 σου,
1526 2297 1621 2350 καὶ⁵
1641 2295 1701 2362 ἐξ
1728 2296 1855 2366 ὅλης
1884 2294 1984 2367 τῆς

408 2385 692 2458 δυνάμεώς
723 2401 842 2439 σου.

482 2479 867 2550 Καυχήσονται
899 2479 957 2534 ὲν
988 2477 1071 2533 σο)⁵
1117 2479 1168 2534 οἱ
1211 2477 1535 2548 ἀγαπῶντες
1562 2479 1622 2533 τὸ
1663 2478 1834 2549 δνομα
1867 2496 1983 2537 σου.

479 2658 829 2731 Κραταίωμα
874 2659 1082 2729 Κύριος
1125 2657 1238 2712 τῶν
1286 2656 1639 2730 φοϐουμένων
1674 2658 1858 2725 αὐτὸν,
1891 2658 1987 2712 καὶ

410 2756 446 2826 ή
476 2753 711 2826 διαθήκη
738 2751 905 2807 αὐτοῦ
938 2750 1175 2823 δηλώσει
1219 2751 1428 2815 αὐτοῖς.

485 2938 841 3012 Παρεμϐαλεϊ
879 2934 1111 3008 ἄγγελος
1152 2935 1362 3005 Κυρίου
1411 2933 1598 3005 κύκλῳ
1639 2934 1749 2989 τῶν
1791 2934 1988 3004 φοϐου-

419 3034 597 3106 μένων
625 3033 811 3101 αύτδν,
839 3033 934 3088 καὶ
964 3030 1186 3105 ῥύσεται
1217 3029 1438 3093 αύτούς.

493 3124 664 3197 Ἀρχὴ
699 3125 893 3195 σοφίας
926 3124 1092 3193 φόϐος
1118 3122 1348 3193 Κυρίου.

2090 1942 2218 1989 tuus
2251 1940 2387 2006 petit
2423 1951 2451 1989 a
2504 1945 2576 1998 te.
2608 1952 2769 2007 quam
2800 1949 2860 1993 ut
2892 1940 3083 1995 timens
3123 1956 3249 1996 eum
3278 1941 3662 2000 etincedasin

2090 2028 2347 2082 omnibus
2377 2029 2479 2083 viis
2511 2029 2651 2100 ejus,
2676 2029 2872 2102 diligas
2901 2031 3096 2103 ipsam,
3123 2041 3177 2088 et
3197 2035 3402 2091 servias
3434 2018 3664 2091 Domino

2091 2121 2203 2175 Deo
2236 2131 2328 2173 tuo
2351 2120 2376 2173 ?

2166 2211 2311 2268 Ibid.
2333 2212 2532 2284 Diliges
2553 2213 2841 2271 Dominum
2866 2215 3033 2272 Deum
3061 2225 3237 2283 tuum,
3258 2233 3323 2275 ex
3347 2226 3461 2274 tota
3485 2229 3667 2275 mente

2092 2314 2205 2374 tua,
2227 2317 2282 2362 et
2332 2322 2398 2362 ex
2448 2316 2564 2361 tota
2591 2307 2773 2363 anima
2834 2318 2948 2375 tua,
2983 2318 3039 2365 et
3071 2324 3136 2366 ex
3166 2310 3423 2367 omnibus
3454 2311 3667 2369 viribus

2093 2399 2226 2452 tuis.
3337 2399 3361 2419 '

2164 2484 2321 2540 Psal.
2370 2502 2420 2540 v.
2466 2484 2858 2543 Gloriabuntur
2909 2488 2964 2543 in
3015 2497 3088 2563 te,
3126 2488 3222 2559 qui
3273 2503 3470 2545 nomen
3508 2498 3663 2546 tuum

2092 2579 2344 2649 diligunt.

2165 2669 2309 2726 Ibid.
2340 2687 2486 2725 xxiv.
2510 2669 2941 2726 Firmamentum
2974 2672 3056 2727 vel
3094 2672 3259 2729 robur
3292 2679 3376 2729 est
3402 2672 3668 2729 Dominus

2092 2776 2281 2815 eorum
2303 2761 2396 2827 qui
2424 2760 2616 2816 timent
2641 2760 2844 2832 ipsum,
2873 2770 2928 2818 et
2954 2770 3339 2819 testamentum
3366 2779 3528 2820 suum
3556 2780 3670 2819 ma-

2093 2850 2375 2907 nifestabit
2410 2853 2540 2909 illis.

2167 2938 2310 2994 Ibid.
2348 2956 2543 2997 xxxiii.
2579 2944 2819 3014 Angelus
2866 2944 3079 2999 Domini
3114 2943 3167 2999 in
3195 2945 3426 2999 circuitu
3456 2960 3669 3013 eorum,

2092 3033 2186 3101 qui
2235 3032 2427 3087 timent
2466 3033 2669 3104 ipsum.
2697 3044 3137 3100 eastrametatur,
3168 3045 3224 3092 et
3257 3035 3511 3093 liberabit
3549 3051 3667 3093 eos.

2166 3122 2310 3179 Ibid.
2339 3138 2428 3179 cx.
2464 3124 2683 3181 Initium
2712 3129 2991 3197 sapientim
3020 3129 3184 3184 timor
3221 3127 3457 3184 Domini.

481 3183 992 3288 Ma';d'ptOc-&V'ij'6
1020 3183 1358 3284 φοϐούμενος
1385 3213 1478 3267 τὸν
1511 3212 1741 3282 Κύριον,
1773 3213 1831 3264 ὲν
1862 3210 1982 3272 ταῖς

2169 3213 2309 3269 Ibid.
2339 3229 2452 3271 cxr.
2487 3215 2682 3271 Beatus
2726 3183 2826 3284 vir,
2858 3220 2952 3287 qui
2986 3220 3141 3274 timet
3186 3218 3502 3286 Dominum,
3533 3235 3670 3290 prie-

411 3311 655 3375 ὲντολαῖς
701 3308 866 3366 αὑτοῦ
899 3308 1115 3379 θελήσει
1144 3307 1373 3377 σφόδρα.
1406 3305 1641 3359 Δυνατὺν
1701 3305 1761 3360 ὲν
1790 3306 1856 3374 τῇ
1911 3306 1980 3375 γῇ

410 3402 568 3457 ἔσται
597 3402 660 3455 τὸ
686 3402 908 3472 σπέρμα
942 3397 1134 3453 αὐτοῦ.
1361 3406 1367 3411 ’

480 3493 706 3565 Θέλημα
737 3491 848 3546 τῶν
887 3490 1241 3560 φοϐουμένων
1284 3489 1447 3544 αὐτὸν
1476 3490 1715 3562 ποιήσει,
1753 3488 1848 3542 καὶ
1880 3486 1983 3558 τῆς

410 3585 652 3655 δεήσεως
680 3583 845 3639 αὐτοῦ
876 3582 1282 3651 είσακούσεται,
1312 3581 1408 3635 καὶ
1437 3579 1601 3635 σώσει
1625 3579 1840 3642 αὐτούς.

484 3676 754 3732 Φυλάσσει
797 3674 1005 3745 Κύριος
1036 3673 1245 3736 πάντας
1284 3672 1412 3736 τοὺς
1442 3670 1772 3740 ἀγαπῶντας
1799 3668 1985 3735 αὐτὸν,

412 3769 508 3825 καὶ
535 3768 746 3832 πάντας
776 3766 904 3830 τοὺς
932 3764 1292 3837 ἁμαρτωλοὺς
1327 3763 1718 3835 ὲξολοθρεύσει.

483 3860 689 3930 Κύριος
716 3859 881 3913 δώσει
920 3857 1132 3927 σοφίαν,
1165 3857 1262 3910 καὶ
1297 3856 1414 3911 ὁδὸν
1443 3853 1860 3925 εὐλαϐουμένων
1890 3854 1986 3908 αὺ-

410 3948 503 4012 ἰδς
528 3947 869 4018 διαφυλάξει.

483 4041 650 4106 Φόϐος
683 4039 892 4109 Κυρίου
927 4040 1078 4109 μισεῖ
1103 4038 1329 4104 κακίαν,
1365 4035 1524 4109 ὕϐριν
1553 4053 1611 4090 τε
1644 4038 1741 4091 καὶ
1778 4035 1987 4107 ὑπερη-

412 4135 631 4204 φανίαν,
667 4132 763 4186 καὶ
790 4131 941 4194 ὁδοὺς
965 4128 1244 4202 πονηρῶν.

481 4225 650 4290 Φόϐος
678 4222 885 4294 Κυρίου
918 4221 1073 4292 πηγὴ
1121 4220 1288 4293 ζωῆς,
1319 4221 1465 4275 ποιεῖ
1503 4221 1561 4275 δὲ
1604 4219 1877 4275 ἐκκλίνειν
1920 4217 1986 4271 ἐκ

411 4319 640 4386 παγίδος
670 4317 920 4372 θανάτοῡ.

483 4413 650 4477 Φόϐος
687 4411 897 4483 Κυρίου
929 4409 1091 4480 σοφία
1121 4409 1216 4464 καὶ
1249 4408 1488 4463 παιδεία.

486 4591 658 4647 Φοϐοὖ
688 4591 781 4644 τὸν
811 4590 965 4657 Θεὸν,
994 4589 1102 4657 υἱὲ,
1131 4588 1225 4644 καὶ
1255 4587 1500 4659 βασιλέα,
1529 4587 1621 4640 καὶ
1648 4585 1783 4657 μηδὲ
1814 4586 1987 4657 ἑτέρῳ

418 4687 599 4741 αὐτῶν
631 4683 977 4756 ἀπειθήσεις.

486 4777 653 4840 Τέλος
680 4776 840 4845 λόγου
872 4775 936 4828 τὸ
978 4775 1090 4830 πᾶν
1128 4774 1317 4841 ἄκουε,
1346 4773 1439 4827 τὸν
1485 4771 1620 4826 Θεὸν
1668 4770 1860 4837 φοϐοῦ,
1892 4769 1989 4823 καὶ

410 4871 513 4934 τὰς
548 4866 770 4931 ἐντολὰς
799 4864 966 4921 αὒτοῦ
1017 4864 1273 4935 φύλαττε,
1303 4864 1386 4918 ὅτι
1411 4862 1607 4916 τούτου
1638 4862 1747 4925 πᾶς
1773 4860 1989 4932 ἄνθρω-

413 4977 779 5107 Τεθῗλναοιτελεῖ
832 5049 964 5117 ὑμῖν
1002 5048 1119 5112 τοῖς
1161 5046 1521 5116 φοϐουμένοις
1566 5045 1627 5099 τὸ
1651 5043 1826 5114 ὄνομά
1862 5059 1985 5112 μου,

414 5147 566 5218 ἥλιος
624 5141 998 5213 δικαιοσύνης,
1055 5140 1149 5195 καὶ
1202 5141 1261 5195 ὲν
1307 5140 1427 5203 ταῖς
1487 5135 1747 5207 πτέρυξιν
1795 5132 1984 5197 αὐτοῦ,

475 5255 528 5291 σι
562 5278 579 5295 .

416 5239 467 5293 ἴα
488 5255 661 5385 Ecgberct
695 5328 901 5401 Κύριος
932 5326 1059 5391 τοὺς
1102 5326 1469 5396 φοϐουμένους
1497 5323 1558 5377 τὸ
1594 5323 1766 5394 ὄνομα
1795 5318 1985 5375 αὐτοῦ.

400 5579 407 5588 ι
484 5514 690 5585 Κύριος
716 5514 773 5568 ἐν
790 5511 904 5583 ναῷ
933 5511 1075 5582 ἁγίῳ
1098 5508 1291 5579 αὑτοῦ,
1321 5507 1662 5565 εύλαϐείσθω
1683 5506 1793 5562 ἀπὸ
1819 5521 1988 5575 προσ-

413 5606 565 5661 ώπου
594 5605 762 5663 αὑτοῦ
796 5607 946 5660 πᾶσα
978 5607 1012 5677 ἡ
1045 5607 1139 5675 γῆ.

486 5698 689 5770 Κύριον
726 5697 891 5754 αὐτὸν
930 5698 1221 5767 ἁγιάσατε,
1264 5697 1356 5752 καὶ
1384 5694 1545 5761 αὐτὸς
1582 5693 1738 5749 ἔσται
1769 5709 1863 5747 σου
1893 5690 1985 5762 φό-

419 5789 531 5851 Coc.

2096 3308 2266 3376 ceptis
2307 3308 2425 3378 ejus
2471 3310 2700 3364 multum
2736 3311 3114 3380 delectabitur.
3173 3311 3375 3369 Potens
3410 3311 3466 3366 in
3518 3318 3662 3367 terra

2096 3400 2202 3454 erit
2235 3415 2418 3456 semen
2446 3401 2586 3472 ejus.

2168 3487 2321 3544 Psal.
2355 3505 2538 3548 cxuv.
2578 3491 2923 3547 Voluntatem
2966 3493 3271 3549 timentium
3304 3508 3364 3549 se
3397 3491 3580 3558 faciet,
3616 3501 3672 3546 et

2094 3580 2531 3651 deprecationem
2556 3596 2746 3637 eorum
2779 3583 3057 3651 exaudiet,
3087 3592 3143 3639 et
3170 3583 3411 3638 servabit
3439 3597 3560 3638 eos.

2163 3672 2303 3728 Ibid.
2338 3671 2590 3729 Custodit
2634 3675 2897 3730 Dominus
2931 3688 3146 3739 omnes,
3183 3674 3277 3743 qui
3329 3670 3670 3741 diliguntip-

2094 3779 2238 3831 sum,
2270 3773 2322 3820 et
2350 3778 2542 3821 omnes
2583 3774 2906 3836 peccatores
2940 3765 3242 3847 disperdet.

2168 3856 2310 3913 Ibid.
2361 3856 2625 3915 Dominus
2673 3858 2767 3913 dat
2818 3860 3247 3929 sapientiam,et
3272 3859 3416 3915 viam
3449 3874 3668 3924 eorum,

2093 3951 2184 4020 qui
2222 3959 2538 4007 reverentur
2568 3966 2718 4017 eum,
2750 3952 3038 4007 custodiet.

2166 4040 2309 4095 Ibid.
2348 4059 2467 4098 vni.
2494 4041 2684 4098 Timor
2716 4042 2930 4099 Domini
2974 4044 3088 4099 odit
3145 4043 3430 4111 malitiam,
3455 4052 3509 4098 et
3535 4058 3670 4098 con-

2095 4133 2394 4196 tumeliam,
2417 4143 2470 4186 et
2497 4133 2832 4203 superbiam,
2857 4141 2915 4189 et
2946 4134 3065 4189 vias
3093 4135 3383 4191 malorum.

2168 4221 2313 4279 Ibid.
2369 4241 2482 4279 xw.
2531 4224 2721 4280 Timor
2758 4226 2974 4281 Domini
3008 4225 3130 4282 fons
3158 4235 3242 4282 est
3268 4227 3414 4294 vitae,
3442 4234 3500 4283 et
3529 4242 3558 4282 a
3586 4226 3667 4282 la-

2092 4330 2235 4386 queo
2268 4317 2459 4370 mortis
2488 4316 2767 4371 declinare
2806 4318 2960 4375 iacit.

2165 4405 2311 4460 Ibid.
2352 4422 2443 4464 xv.
2490 4404 2679 4462 Timor
2729 4408 2945 4463 Domini
2995 4408 3261 4480 sapientia
3289 4416 3460 4465 estet
3501 4407 3669 4465 disci-

2020 4541 2063 4595 υ
2093 4499 2262 4595 plina.

2162 4590 2305 4647 Ibid.
2344 4607 2492 4648 xxiv.
2515 4589 2671 4647 Time
2694 4591 2887 4665 Deum,
2914 4611 2948 4650 ο
2978 4594 3077 4661 ﬁli.
3100 4603 3156 4651 et
3205 4610 3407 4667 regem,
3437 4609 3502 4651 ac
3534 4610 3672 4649 neu-

2091 4687 2158 4741 tri
2194 4687 2435 4757 ipsorum
2464 4684 2541 4741 sis
2566 4685 2909 4743 inobcdiens.

2163 4775 2392 4831 Omnem
2427 4776 2695 4832 sermonis
2727 4791 2997 4831 summam
3026 4777 3176 4834 audi.
3224 4775 3397 4832 Deum
3433 4777 3583 4845 time,
3611 4788 3667 4832 et

2089 4875 2358 4940 praecepta
2418 4868 2592 4941 ipsius
2642 4869 2875 4925 custodi.
2933 4871 3110 4940 Ipsius
3148 4873 3295 4926 enim
3352 4879 3437 4927 est
3485 4871 3665 4925 omnis

2091 4964 2273 5016 homo.

2165 5052 2823 5109 Malach.tV.Exorietur
2870 5053 3046 5121 vobis,
3077 5053 3170 5124 qui
3216 5052 3421 5109 timetis
3466 5067 3665 5108 nomen

2089 5159 2292 5211 meum,
2324 5144 2414 5200 Sol
2442 5145 2686 5217 justitiae,
2711 5152 2764 5201 et
2799 5145 2851 5200 in
2883 5146 2984 5201 alis
3009 5146 3181 5217 ipsius
3204 5147 3376 5201 salus.

2162 5323 2323 5378 Micli.
2352 5322 2594 5378 Salvabit
2616 5323 2879 5379 Dominus
2908 5336 3002 5377 eos
3026 5323 3119 5393 qui
3145 5324 3336 5378 timent
3359 5339 3556 5379 nomen
3581 5324 3666 5395 ip-

2089 5418 2227 5472 sius.
2713 5480 2717 5484 _

2165 5508 2370 5563 Ilabac.
2404 5525 2462 5564 ιι.
2497 5509 2761 5564 Dominus
2793 5508 2844 5562 in
2878 5508 3082 5577 templo
3130 5516 3320 5562 sancto
3355 5520 3479 5572 suo,
3509 5517 3663 5558 reve-

2088 5610 2273 5656 reatur
2298 5615 2329 5654 a
2370 5599 2506 5656 facie
2529 5599 2648 5668 ejus
2675 5600 2855 5655 omnis
2889 5609 3054 5654 terra.

2175 5691 2289 5750 Isa.
2345 5707 2463 5747 vm.
2512 5691 2801 5750 Dominum
2858 5693 3035 5764 ipsum
3088 5690 3439 5755 sanctiﬁcate,
3468 5692 3523 5741 et
3545 5684 3664 5755 ipso

2091 5785 2194 5842 erit
2229 5785 2390 5842 timor
2427 5795 2570 5842 tuus.
