4034 6442
349 349 458 415 783

349 564 504 611 utero
536 556 906 626 Concepimus.

418 647 615 702 Jerem.
647 663 813 701 χχχιι.
849 647 1018 700 Erunt
1055 647 1185 699 mihi
1212 647 1263 700 in
1300 644 1582 715 populum,
1617 655 1671 700 et
1707 661 1805 710 ego
1829 660 1924 699 cro

350 738 428 791 eis
457 739 508 791 in
547 739 733 803 Deum,
769 749 818 789 et
861 738 998 790 dabo
1028 740 1108 791 eis
1153 752 1250 790 cor
1285 737 1428 791 aliud
1459 746 1510 791 et
1558 737 1699 790 viam
1737 737 1923 801 aliam,

349 838 407 880 ut
442 828 667 881 timeant
691 843 775 880 me
824 830 1078 882 omnibus
1109 829 1212 897 ιο
1243 828 1454 892 diebus,
1503 830 1553 880 iu
1585 829 1782 882 bonum
1817 837 1922 882 tam

347 918 482 988 ipsis
519 934 680 987 quam
714 919 836 972 ﬁliis
866 919 1105 986 ipsorum
1141 929 1261 988 post
1300 920 1441 974 illos.

418 1007 586 1060 Eccli.
615 1025 650 1062 ι.
683 1008 898 1062 Initium
929 1010 1229 1077 sapientim,
1257 1013 1448 1063 timere
1478 1009 1794 1064 Βοηιίηιιιη.

418 1099 561 1154 Ibid.
590 1101 804 1155 Corona
836 1103 1114 1171 sapientia:
1155 1103 1316 1155 timor
1351 1103 1583 1166 lietnini,
1608 1103 1924 1171 germinans

346 1206 530 1259 pacem
563 1202 617 1247 ct
658 1195 940 1247 sanitatem
976 1194 1186 1247 salutis.

416 1278 560 1336 Ibid.
609 1281 893 1337 Plenitudo
945 1284 1224 1351 sapientia:
1278 1283 1473 1337 timere
1529 1283 1838 1345 Dominum,
1871 1290 1927 1336 et

352 1372 593 1428 inebriat
627 1388 723 1429 eos
757 1373 1026 1428 fructibus
1061 1375 1196 1428 suis.

416 1462 552 1516 Ibid.
573 1478 630 1516 ιι.
654 1462 758 1528 Qui
799 1464 1002 1518 timetis
1034 1464 1347 1527 Dominum,
1373 1474 1585 1532 sperate
1611 1465 1663 1517 in
1690 1465 1845 1531 bona,
1871 1473 1925 1520 et

352 1553 406 1606 in
440 1555 674 1607 laetitiam
707 1554 1092 1622 sempiternam
1131 1570 1190 1608 ac
1213 1554 1664 1609 misericordiam.

422 1643 562 1697 Ibid.
621 1661 779 1699 χχιιι.
826 1643 971 1698 Nihil
1021 1653 1103 1700 est
1139 1646 1333 1699 melius
1381 1647 1572 1699 timore
1606 1645 1840 1711 Domini,
1874 1656 1926 1701 et

353 1734 488 1788 nihil
524 1735 736 1791 dulcius
767 1751 928 1804 quam
958 1736 1236 1789 attendere
1267 1737 1551 1805 prmceptis
1584 1739 1775 1806 ipsius.

427 1826 573 1883 Ibid.
630 1845 668 1882 ι.
729 1827 958 1883 Dilectio
998 1828 1088 1882 Dei
1123 1827 1356 1897 gloriosa
1411 1841 1492 1882 est
1544 1830 1828 1899 Sapientia,
1873 1838 1927 1884 ct
1963 1822 2001 1876 Β

356 1917 614 1986 largietur
650 1935 766 1972 cam
803 1920 1150 1987 diligentibus
1182 1921 1384 1988 ipsum.

429 2007 564 2062 Ibid.
597 2025 719 2064 ιιιι.
764 2009 933 2080 Dilige
993 2009 1304 2075 Dominum,
1340 2020 1393 2064 et
1428 2011 1618 2064 invoca
1672 2010 1820 2063 ilium
1871 2011 1922 2063 in

351 2099 578 2154 salutem
603 2108 774 2156 tuam.

421 2190 584 2246 Joau.
622 2209 733 2248 xw.
761 2195 862 2259 Qui
905 2210 989 2250 me
1014 2195 1211 2268 diligit,
1241 2195 1500 2262 diligetur
1531 2210 1560 2248 a
1595 2193 1751 2247 Patre
1783 2211 1923 2258 meo,

352 2292 408 2339 et
439 2298 540 2354 ego
569 2285 789 2355 diligam
820 2287 1022 2356 ipsum,
1058 2297 1111 2342 et
1141 2288 1382 2358 aperiam
1415 2287 1464 2341 ei
1505 2287 1788 2355 nit-ipsum.

426 2469 566 2523 Ibid.
617 2468 671 2523 Si
717 2469 841 2538 quis
870 2469 1054 2541 diliget
1096 2487 1200 2538 me,
1235 2486 1539 2526 sermonem
1592 2489 1770 2526 meum
1815 2491 1930 2528 scr-

353 2562 519 2625 vabit,
561 2571 615 2615 et
644 2561 799 2613 Pater
830 2577 982 2616 meus
1007 2563 1193 2632 diliget
1224 2579 1368 2627 eum,
1393 2575 1443 2618 et
1485 2566 1546 2618 ad
1590 2583 1714 2620 eum
1751 2570 1931 2622 venie-

358 2669 502 2719 mus,
533 2664 585 2708 et
618 2655 956 2708 mansionem
989 2660 1128 2725 apud
1160 2656 1308 2710 illum
1347 2657 1628 2714 faciemus.

424 2745 620 2800 Matth.
650 2763 704 2799 ι.
735 2747 811 2800 Ne
845 2749 1096 2803 un-tuatis
1133 2751 1286 2805 vobis
1313 2752 1380 2804 ab
1414 2752 1496 2804 his
1537 2752 1628 2822 qui
1669 2753 1928 2808 oet-.idunt

353 2852 576 2908 corpus,
606 2840 844 2894 animam
879 2853 1056 2896 autem
1084 2859 1192 2896 non
1223 2854 1453 2910 possunt
1478 2846 1746 2900 occidere.

422 2929 576 2986 Rom.
620 2947 732 2986 rm.
770 2934 887 2996 His,
929 2935 1020 3003 qui
1055 2934 1292 3004 diligunt
1322 2936 1509 3003 Deum,
1543 2939 1724 2992 omnia
1766 2939 1925 2993 simul

357 3021 674 3093 adjumento
703 3037 831 3083 sunt
864 3025 916 3078 in
951 3027 1178 3080 bonum.

1605 346 1916 406 ANTONII
1956 345 2298 406 MELISSAE

421 464 538 520 Isa.
586 479 732 518 χχιιι.
780 463 1004 532 Propter
1049 463 1294 518 timorem
1348 469 1524 528 tuum,
1567 459 1815 527 Domine,
1870 461 1923 515 in
1953 469 1997 525 Α

3487 332 3595 398 781

2105 461 2204 515 Διά
2241 460 2334 513 τὸν
2366 457 2534 528 φόϐον
2579 471 2698 522 σου,
2747 453 2942 522 Κύριε,
2969 452 3028 506 ἐν
3068 449 3269 521 γαστρὶ
3306 448 3596 521 ἐλάϐομεν.

2101 639 2359 693 Ἔσονταί
2413 656 2502 707 μοι
2535 638 2615 701 είς
2659 637 2808 698 λαὸν,
2856 635 3011 702 κάγὼ
3054 636 3250 702 ἔσομαι
3297 636 3484 699 αὐτοῖς
3514 637 3595 698 εἰς

2025 732 2181 797 Θεὸν,
2239 731 2332 784 καὶ
2385 730 2540 783 δώσω
2590 731 2773 792 αὐτοῖς
2819 729 3046 797 καρδίαν
3094 729 3288 795 ἑτέραν
3337 729 3429 781 καὶ
3478 730 3598 782 όδὸν

2027 824 2244 892 ἑτέραν,
2279 821 2584 891 φοϐηθῆναί
2614 839 2680 891 με
2714 821 2893 883 πάσας
2915 820 3014 884 τὰς
3043 822 3256 890 ἡμέρας
3283 823 3364 882 εἰς
3391 822 3598 888 ἀγαθὸν

2026 916 2208 976 αὐτοῖς
2237 932 2296 966 τε
2328 918 2421 968 καὶ
2450 918 2561 976 τοῖς
2586 914 2797 976 τέκνοις
2827 914 3006 967 αὐτῶν
3051 913 3167 980 μετ’
3199 914 3420 978 αὐτούς.

2111 1007 2278 1076 Ἀρχὴ
2321 1007 2514 1075 σοφίας
2547 1005 2832 1076 φοϐεῖσθαι
2865 1009 2956 1058 τὸν
2989 1007 3214 1076 Κύριον.

2097 1100 2369 1168 Στέφανος
2408 1099 2598 1167 σοφίας
2633 1100 2797 1166 φόϐος
2836 1099 3067 1169 Κυρίου,
3096 1099 3415 1153 ἀναϐάλλων
3449 1101 3598 1170 είρὴ-

2026 1209 2124 1260 νην
2155 1193 2250 1243 καὶ
2274 1191 2463 1256 ὑγείαν
2494 1191 2707 1252 ἰάσεως.

2100 1281 2390 1349 Πλησμονὴ
2435 1279 2622 1346 σοφίας
2651 1279 2936 1348 φοϐεῖσθαι
2982 1280 3074 1334 τὸν
3103 1280 3334 1350 Κύριον,
3367 1280 3463 1334 καὶ
3490 1299 3593 1352 με·

2027 1373 2216 1426 ούσκει
2247 1374 2443 1434 αὐτοὺς
2480 1373 2584 1424 ἀπὸ
2618 1373 2725 1425 τῶν
2757 1372 2985 1441 καρπῶν
3023 1371 3214 1441 αὐτῆς.

2097 1466 2160 1518 0t
2189 1465 2512 1534 φοϐούμενοι
2545 1467 2632 1518 τὸν
2663 1465 2864 1533 Κύριον
2901 1463 3156 1517 ἐλπίσατε
3186 1467 3266 1528 είς
3296 1465 3479 1534 ἀγαθά
3505 1464 3601 1519 καὶ

2027 1557 2104 1618 είς
2137 1555 2476 1626 εὐφροσύνην
2505 1557 2723 1610 αἰώνιον
2751 1558 2844 1610 καὶ
2876 1556 3041 1619 ἔλεος.

2098 1649 2260 1702 Οὐδὲν
2292 1651 2537 1714 κρεῖττον
2571 1649 2736 1717 φόϐου
2771 1649 2996 1717 Κυρίου,
3029 1649 3126 1702 καὶ
3155 1648 3309 1704 οὐδὲν
3335 1650 3601 1718 γλυκύτε-

2031 1759 2124 1808 ρον
2157 1740 2248 1794 τοῦ
2281 1741 2566 1810 προσέχειν
2601 1741 2842 1802 ἐντολαῖς
2875 1740 3103 1808 Κυρίου.

2113 1833 2413 1901 ’Λγάπησις
2457 1833 2660 1899 Κυρίου
2706 1831 2913 1897 ἔνδοξος
2943 1833 3124 1902 σοφία,
3170 1835 3265 1888 καὶ
3298 1836 3601 1906 χορηγήσει

2030 1924 2202 1991 αὐτὴν
2241 1927 2350 1986 τοῖς
2380 1924 2671 1991 ἀγαπῶσιν
2703 1925 2891 1979 αὐτόν.

2113 2015 2326 2080 Ἀγάπα
2361 2015 2450 2066 τὸν
2507 2012 2732 2086 Κύριον,
2781 2015 2872 2068 καὶ
2900 2015 3164 2070 ὲπικαλοῦ
3197 2017 3276 2080 είς
3326 2022 3602 2090 σωτηρίαν

2034 2123 2148 2159 σου.

2114 2200 2169 2251 'U
2225 2199 2452 2262 ἀγαπῶν
2507 2217 2575 2268 με
2630 2201 3046 2271 ἀγαπηθήσεται
3073 2203 3176 2256 ὑπὸ
3209 2203 3300 2257 τοῦ
3369 2205 3596 2273 Πατρός

2033 2307 2159 2359 μου,
2215 2289 2370 2358 κάγὼ
2420 2293 2692 2360 ἀγαπήσω
2751 2294 2933 2356 αὑτὸν,
2988 2296 3081 2348 καὶ
3127 2297 3415 2366 ἐμφανίσω
3453 2297 3605 2366 αὐτῷ

2030 2387 2052 2437 ὲ
2061 2387 2283 2452 μαυτόν.

2113 2479 2239 2531 Ἐἀν
2269 2497 2354 2542 τις
2380 2481 2570 2550 ἀγαπᾷ
2603 2496 2692 2546 με,
2717 2481 2805 2534 τὸν
2835 2479 2992 2546 λόγον
3035 2498 3133 2548 μου
3179 2480 3430 2549 τηρήσει,
3458 2480 3550 2533 καὶ
3576 2483 3607 2534 ὁ

2031 2572 2224 2641 Πατήρ
2260 2589 2360 2641 μου
2393 2573 2668 2640 ἀγαπήσει
2698 2572 2882 2635 αὐτὸν,
2908 2573 3000 2624 καὶ
3029 2573 3165 2642 πρὸς
3188 2572 3353 2625 αὐτὸν
3383 2571 3606 2625 ἐλευσό-

2033 2664 2196 2734 μεϐα,
2227 2664 2320 2718 καὶ
2356 2666 2524 2729 μονὴν
2561 2663 2690 2732 παρ’
2726 2664 2875 2732 αὑτῷ
2904 2665 3220 2733 ποιήσομεν.

2101 2757 2192 2828 Μὴ
2233 2757 2504 2830 φοϐηθῆτε
2545 2758 2656 2810 ἀπὸ
2699 2757 2807 2810 τῶν
2857 2758 3290 2812 ἀποκτεινόντων
3331 2759 3392 2814 τὸ
3420 2760 3604 2828 σῶμα,

2028 2850 2128 2920 τὴν
2161 2851 2216 2902 δὲ
2243 2849 2420 2919 ψυχὴν
2447 2850 2520 2920 μὴ
2550 2849 2863 2918 δυναμένων
2906 2853 3252 2906 ἀποκτεῖναι.

2105 2942 2232 3005 Τοῖς
2253 2943 2506 3010 ἀγαπῶσι
2533 2942 2623 2996 τὸν
2650 2941 2784 2996 Θεὸν
2806 2942 2982 2996 πάντα
3008 2944 3354 3014 συνεργεῖείς
3379 2944 3606 3012 ἀγαθόν.

429 3114 461 3168 1
491 3114 612 3172 Cor.
643 3133 762 3172 VIII.
799 3117 900 3186 Qui
932 3116 1098 3172 Deum
1134 3121 1324 3190 diligit,
1352 3123 1439 3175 hic
1469 3122 1720 3191 cognitus
1751 3131 1833 3178 est
1859 3123 1927 3179 ab

2106 3119 2172 3173 Εἴ
2197 3139 2276 3183 τις
2308 3122 2499 3192 ἀγαπᾷ
2520 3123 2610 3174 τὸν
2635 3123 2788 3186 Θεὸν,
2817 3121 2972 3185 οὗτος
3003 3121 3273 3190 ἔγνωσται
3306 3122 3400 3176 ὑπ’
3418 3121 3606 3176 αὑτοῦ.

355 3209 471 3264 illo.

427 3300 456 3354 I
489 3302 653 3356 Joan.
687 3319 763 3358 tv.
811 3302 950 3359 Deus
1001 3314 1083 3358 est
1133 3305 1396 3370 charitas,
1434 3315 1490 3359 et
1523 3305 1615 3374 qui
1665 3317 1848 3360 manet
1877 3307 1930 3360 in

355 3393 650 3459 charitate,
677 3395 728 3448 iu
764 3394 872 3449 Deo
902 3407 1106 3461 manet,
1135 3406 1189 3449 et
1218 3395 1359 3451 Deus
1391 3406 1573 3450 manet
1605 3396 1656 3450 in
1689 3413 1773 3450 eo.

432 3483 647 3540 Basilii.
703 3485 890 3541 Timor
951 3487 1163 3541 Domini
1223 3490 1418 3542 animae
1477 3488 1780 3557 puriﬁcatio
1823 3495 1930 3549 est,

353 3575 505 3646 juxta
549 3577 824 3648 propheta:
853 3578 1180 3643 Orationem,
1206 3581 1298 3648 qui
1343 3579 1473 3634 dicit
1503 3596 1516 3632 :
1564 3597 1581 3630 ι
1614 3579 1800 3632 Timor
1833 3575 1934 3628 Do.

361 3669 495 3722 mini
529 3669 734 3738 quieris
762 3669 958 3724 animae
997 3669 1127 3723 vitia
1155 3677 1208 3724 et
1241 3669 1483 3724 defectus
1514 3679 1757 3738 superat.
1798 3687 1816 3720 ι

427 3756 809 3816 Necessarium
847 3761 1117 3825 debitum,
1166 3775 1320 3815 amor
1355 3759 1473 3826 Dei,
1504 3778 1532 3814 a
1559 3761 1718 3817 nobis
1751 3771 1937 3832 postu-

361 3857 528 3911 latur.
580 3856 693 3909 Hoc
735 3856 876 3910 enim
933 3856 978 3910 si
1025 3866 1208 3911 careat
1235 3871 1440 3920 anima,
1467 3857 1668 3910 malum
1702 3859 1936 3914 sustinet

360 3964 474 4019 pra:
503 3949 760 4003 omnibus
793 3949 914 4003 aliis
945 3964 1068 4002 cum
1099 3949 1290 4017 primis
1326 3947 1683 4002 intolerabile.

435 4041 757 4108 Quicunque
784 4055 1024 4094 amorem
1059 4055 1185 4109 erga
1219 4038 1386 4094 Deum
1434 4049 1672 4102 servant,
1712 4041 1793 4095 his
1824 4042 1938 4111 ipse

364 4148 582 4204 quoque
642 4133 725 4187 sui
789 4132 1229 4186 communionem
1307 4131 1554 4199 largitur.
1614 4131 1707 4186 Dei
1757 4143 1935 4188 autem

363 4225 682 4281 communio
730 4225 837 4278 vita
868 4232 923 4278 et
956 4224 1044 4276 lux
1086 4233 1190 4286 est,
1221 4235 1272 4277 et
1319 4239 1508 4278 eorum
1563 4239 1683 4294 qua:
1714 4225 1780 4280 ab
1814 4225 1934 4295 ipso

362 4320 783 4391 proﬁciscuntur
817 4319 1079 4371 bonorum
1119 4315 1322 4370 fruitio.

439 4413 579 4466 Deus
611 4424 714 4465 non
759 4411 1001 4464 omnium
1041 4411 1182 4464 Deus
1206 4419 1307 4473 est,
1349 4409 1443 4464 sed
1482 4424 1697 4474 eorum,
1726 4410 1814 4478 qui
1845 4424 1938 4478 per

2112 3297 2176 3354 Ὀ
2206 3299 2337 3363 Θεὸς
2367 3300 2558 3370 ἀγάπη
2608 3302 2746 3364 ἐστὶ,
2785 3301 2881 3354 καὶ
2917 3302 2946 3352 ὁ
2987 3301 3167 3368 μένων
3207 3301 3266 3353 ὲν
3294 3301 3362 3370 τῇ
3409 3300 3605 3370 ἀγάπῃ

2033 3393 2090 3443 ὲν
2119 3392 2237 3461 Θεῷ
2269 3393 2442 3461 μένει,
2485 3393 2579 3446 καὶ
2607 3396 2634 3445 ὁ
2665 3393 2796 3456 Θεὸς
2826 3394 2884 3445 ὲν
2916 3392 3065 3460 αὐτῴ
3097 3393 3269 3462 μένει.

2103 3484 2273 3546 Φόϐος
2318 3485 2528 3553 Κυρίου
2582 3484 2878 3553 καθάρσιον
2906 3484 3086 3554 ψυχῆς
3132 3486 3273 3540 κατὰ
3316 3485 3416 3556 τὴν
3444 3486 3609 3556 εὐχὴν

2033 3575 2129 3627 τοῦ
2179 3577 2460 3646 προφήτου
2511 3575 2779 3644 λέγοντος,
2815 3595 2833 3627 ι
2861 3576 3029 3639 Φόϐος
3068 3577 3278 3645 Κυρίου
3329 3579 3607 3636 παντοίων

1961 3704 1969 3723 ι
2034 3667 2436 3736 ἐλαττωμάτων
2469 3669 2570 3736 τῆς
2602 3667 2782 3738 ψυχῆς
2830 3671 3190 3738 περιγίνεται.
3231 3689 3250 3722 ι

2121 3761 2446 3828 Ἀναγκαῖον
2497 3761 2719 3830 ὄφλημα
2748 3763 2846 3832 τὴν
2896 3763 2975 3826 είς
3007 3762 3138 3816 Θεὸν
3191 3764 3415 3834 ἀγάπην
3444 3769 3612 3820 ἀπαι-

2036 3854 2291 3923 τούμεθα,
2323 3854 2352 3906 ὃ
2372 3857 2436 3926 τῇ
2466 3853 2786 3925 ὲλλειπούσῃ
2816 3855 2962 3925 ψυχῇ
3005 3855 3223 3912 πάντων
3246 3857 3434 3912 κακῶν
3463 3859 3610 3911 ἐστιν

2037 3948 2331 4016 ἀφόρητον.

2108 4039 2251 4094 Ὅσα
2299 4040 2398 4108 τὴν
2445 4040 2582 4110 πρὸς
2615 4039 2751 4096 Θεὸν
2793 4042 2955 4112 τηρεῖ
2999 4040 3206 4110 φιλίαν,
3255 4042 3465 4104 τούτοις
3505 4041 3609 4108 τὴν

2041 4133 2180 4187 ἰδίαν
2211 4133 2441 4202 παρέχει
2476 4133 2787 4186 κοινωνίαν.
2824 4133 3096 4188 Κοινωνία
3118 4132 3175 4187 δὲ
3207 4131 3342 4185 Θεοῦ
3373 4132 3485 4203 ζωὴ
3511 4134 3608 4186 καὶ

2039 4223 2179 4290 φῶς,
2214 4227 2310 4279 καὶ
2339 4223 2644 4287 ἀπόλαυσις
2677 4223 2786 4276 τῶν
2818 4224 2948 4294 παρ’
2975 4222 3142 4278 αὐτοῦ
3171 4223 3415 4290 ἀγαθῶν.

2112 4404 2188 4457 Οὐ
2217 4402 2438 4456 πάντων
2468 4401 2600 4466 Θεὸς
2651 4404 2679 4456 ὁ
2708 4401 2863 4470 Θεὸς,
2900 4403 3036 4458 ἀλλά
3080 4403 3189 4457 τῶν
3218 4403 3614 4459 οίκειωθέντων

362 4506 680 4560 charitatem
712 4505 763 4557 in
802 4503 969 4570 ipsius
1003 4503 1160 4572 quasi
1215 4501 1478 4558 familiam
1515 4503 1717 4572 recepti
1749 4509 1802 4557 et
1833 4502 1936 4572 ipsi

2041 4494 2189 4566 αὑτῷ
2214 4496 2302 4551 διὰ
2331 4499 2430 4567 τῆς
2462 4497 2704 4567 ἀγάπης.

363 4598 641 4667 conjuncti
676 4607 826 4650 sunt.

443 4686 908 4757 T/ieologi.Timor
936 4685 1147 4740 Domini
1182 4684 1461 4754 sapientia:
1489 4685 1732 4749 initium,
1756 4692 1810 4738 et
1837 4699 1935 4738 ceu

366 4781 538 4851 prima
567 4780 704 4833 ictus
739 4779 884 4832 illius
919 4777 1086 4832 fascia
1107 4787 1211 4835 est.
1245 4778 1308 4832 Et
1339 4777 1604 4847 sapientia
1631 4775 1719 4829 tibi
1746 4776 1942 4830 timore

365 4873 579 4926 devicto
617 4874 681 4926 ad
711 4872 1056 4926 dilectionem
1095 4885 1378 4940 progressa
1408 4877 1512 4932 est,
1547 4884 1647 4924 nos
1685 4867 1776 4922 Dei
1809 4867 1943 4922 arni-

367 4980 461 5019 cos
483 4975 536 5019 et
567 4965 706 5018 ﬁlios
739 4979 833 5034 pro
858 4964 1031 5017 servis
1061 4962 1244 5016 etﬁcit.

437 5055 787 5126 Nequaquam
825 5070 923 5110 nos
957 5070 984 5107 a
1020 5053 1268 5107 Numinis
1295 5052 1756 5121 contemplatione
1779 5066 1945 5107 exor-

369 5165 460 5205 sos
499 5149 552 5203 in
587 5149 837 5202 timorem
895 5148 1145 5199 desinere
1179 5153 1407 5214 oportet.
1448 5144 1760 5199 Istiusmodi
1801 5144 1948 5198 enim

370 5237 755 5305 contemplatio
809 5235 1028 5290 t-tl'renis
1102 5235 1333 5289 forsitan
1381 5234 1684 5303 praecipites
1732 5249 1949 5303 quoque

372 5345 474 5384 nos
506 5329 829 5396 impelleret.
866 5328 967 5382 Sed
1005 5329 1094 5381 ubi
1123 5343 1150 5380 a
1185 5329 1378 5380 timore
1405 5327 1559 5382 initio
1584 5326 1727 5381 facto
1759 5329 1951 5396 primis

371 5421 697 5477 rudimentis
729 5419 977 5475 instructi
1027 5431 1080 5473 ct
1116 5419 1349 5489 purgati,
1382 5419 1491 5472 imo
1525 5419 1607 5488 (ut
1646 5419 1716 5474 ita
1751 5421 1952 5489 dicam)

370 5514 638 5571 attenuati
697 5511 979 5577 fuerimus,
1016 5513 1069 5566 in
1105 5513 1340 5567 sublime
1388 5528 1486 5568 nos
1526 5513 1700 5566 attolli
1755 5528 1958 5568 conve-

376 5608 478 5662 tit.

453 5698 552 5766 ιι
595 5693 912 5765 (101035.111,
948 5697 1033 5754 Μ.
1077 5695 1328 5751 Charitas
1375 5697 1723 5766 perfectionis
1769 5695 1956 5747 vincu-

384 5790 496 5844 lum
529 5795 634 5843 est.

2125 4673 2297 4744 Ἀρχὴ
2323 4674 2514 4742 σοφίας
2542 4673 2703 4742 φόϐος
2737 4673 2942 4744 Κυρίου
2968 4669 3080 4728 οἷόν
3108 4691 3162 4727 τι
3193 4674 3409 4742 πρῶτον
3443 4675 3619 4743 σπάρ-

2045 4784 2233 4835 γανον.
2279 4767 2388 4820 Καὶ
2419 4767 2579 4836 σοφία
2612 4766 2704 4820 τὸν
2751 4766 2914 4835 φόϐον
2943 4765 3250 4835 ὑπερϐᾶσα,
3279 4767 3374 4820 καὶ
3415 4769 3493 4828 εἰς
3520 4767 3620 4836 τὴν

2045 4861 2270 4930 ἀγάπην
2300 4859 2700 4926 ἀναϐιϐάσασα,
2745 4859 2878 4914 Θεοῦ
2912 4861 3100 4929 φίλους
3132 4862 3280 4930 ἡμᾶς
3323 4861 3418 4916 καὶ
3471 4861 3620 4924 υἱοὺς

2047 4955 2168 5008 ἀντὶ
2199 4953 2401 5008 δούλων
2431 4955 2744 5024 ἐργάζεται.

2122 5047 2237 5100 Οὐκ
2271 5047 2380 5102 ἀπὸ
2417 5047 2652 5118 Θεωρίας
2693 5047 3033 5117 ἀρξαμένους
3065 5049 3146 5109 εἰς
3174 5046 3339 5114 φόϐον
3369 5048 3474 5116 χρὴ
3521 5063 3622 5098 κα-

2048 5142 2305 5212 ταλήγειν
2337 5141 2564 5211 (θεωρία
2591 5143 2699 5211 γὰρ
2726 5143 3062 5212 ἀχαλίνωτος
3089 5142 3232 5211 τάχα
3273 5142 3339 5194 ἂν
3363 5143 3458 5194 καὶ
3483 5140 3627 5193 κατὰ

2051 5235 2312 5306 κρημνῶν
2345 5233 2583 5301 ὤσειεν),
2629 5233 2762 5286 ἀλλά
2816 5234 2966 5304 φόϐῳ
3012 5233 3484 5304 στοιχειουμένους
3532 5233 3628 5285 καὶ

2051 5329 2512 5398 καθαιρομένους,
2541 5329 2633 5382 καὶ
2666 5328 2756 5398 (ἵν’
2781 5328 2953 5392 οὕτως
2979 5329 3140 5399 εἴπω)
3167 5327 3625 5398 λεπτυνομένους,

2053 5425 2131 5486 είς
2162 5420 2295 5490 ὕψος
2319 5418 2593 5490 αἴρεσθαι.

2142 5697 2354 5767 Ἀγάπη
2383 5699 2500 5750 ἐστὶ
2536 5696 2834 5765 σύνδεσμος
2868 5694 3231 5758 τελειώσεως.
