4034 6398
379 408 491 473 ζ185

453 526 791 595 Δημιουργδς
819 527 1017 599 ἀρετῆς
1052 531 1273 603 ἁπάσης
1300 536 1334 606 ἡ
1365 535 1580 606 ἀγάπη.

1010 728 1230 783 ΛΟΓΟΣ
1263 730 1338 784 Δ⁹.

390 814 528 882 Περὶ
552 815 671 869 τῶν
698 816 785 884 μὴ
833 820 1222 896 φοϐουμένων
1257 822 1379 896 *τὸν
1424 823 1594 889 Θεὸν,
1634 825 1790 894 μηδὲ
1814 826 1958 896 ἀγα-

924 889 1175 943 πώντων
1202 893 1409 946 αὐτόν.

463 970 631 1031 Εἶπεν
654 978 856 1048 Φαραὼ
905 981 1040 1049 πρὸς
1073 982 1313 1052 Μωῦτῆν
1344 1001 1357 1015 ο
1399 985 1498 1047 Τίς
1531 984 1680 1039 ἐστιν
1713 980 1773 1040 οὗ
1813 989 1964 1042 είσα-

396 1069 663 1137 κούσομαι
698 1071 797 1142 τῆς
843 1075 1022 1142 φωνῆς
1056 1075 1245 1138 αὐτοῦ,
1289 1076 1430 1130 ὥστε
1481 1078 1864 1143 ἐξαποστεῖλαι
1896 1099 1963 1150 με

395 1160 524 1220 τοὺς
558 1162 708 1226 υίιὺς
750 1164 999 1235 Ἰσραήλς
1040 1167 1140 1220 οὐκ
1176 1164 1291 1220 οἶδα
1328 1169 1422 1221 τὸν
1467 1171 1694 1241 Κύριον,
1746 1175 1840 1225 καὶ
1872 1175 1964 1226 τὸν

412 1251 629 1323 Ἰσραὴλ
656 1258 758 1308 οὐκ
789 1258 1155 1323 ἐξαποστελῶ.

467 1345 583 1398 οὐκ
610 1347 756 1400 ἔστιν
779 1350 807 1401 6
846 1349 978 1413 Θεὸς
1022 1351 1253 1406 ἐνώπιον
1288 1352 1481 1407 αὐτοῦ·
1517 1354 1875 1426 βεϐηλοῦνται
1908 1361 1965 1415 αἱ

396 1435 508 1491 ὁδοὶ
539 1440 704 1492 αὐτοῦ
739 1443 796 1494 ὲν
826 1446 990 1495 παντὶ
1020 1443 1217 1515 καιρῷ.

470 1527 585 1579 υύκ
639 1528 755 1584 ἔστι
793 1530 956 1599 φόϐος
1005 1532 1142 1586 Θεοῦ
1195 1537 1457 1591 ἀπέναντι
1510 1538 1618 1592 τῶν
1671 1540 1965 1611 ὀφθαλμῶν

399 1635 588 1672 αυτου.

468 1711 530 1763 Οἱ
559 1711 616 1764 δὲ
650 1713 838 1782 ἐχθροὶ
870 1715 1099 1784 Κυρίου,
1130 1718 1246 1785 ἃμα
1291 1718 1367 1789 τῷ
1396 1719 1723 1785 δοξασθῆναι
1769 1720 1964 1782 αὐτοὺς

1196 420 1369 480 LOCI
1405 422 1845 484 COMMUNES-
1887 452 1956 462 --
1992 428 2206 490 PARS.
2254 433 2301 489 Ι.
2347 433 2602 492 SERMO
2642 435 2863 496 lV—V.

3531 442 3637 503 786

1988 544 2037 600 A
2140 541 2524 611 Chrysostumi.
2580 545 2795 602 Omnis.
2827 546 3044 601 virtutis
3084 546 3263 616 Opiter
3326 549 3409 603 vel
3459 550 3641 605 archit-

2065 636 2261 689 tectrix
2291 647 2374 692 est
2399 638 2662 692 ebaritas.

2491 750 2724 809 διῖῐῖΜο
2752 753 2819 808 IV
2845 753 2944 824 [αι.
2964 752 3218 825 CLXIV.]

2177 841 2255 896 De
2287 842 2399 897 illis
2435 844 2523 912 qui
2565 843 2734 897 Deum
2771 860 2864 898 nec
2895 846 3079 898 limem
3136 859 3230 897 nec
3279 842 3531 914 diligunt.

2144 993 2319 1048 Exod.
2355 1010 2407 1048 v.
2442 994 2588 1049 Dixit
2619 996 2831 1050 Pharao
2878 998 2942 1050 ad
2980 996 3198 1067 Moysen
3226 1014 3238 1049 :
3270 996 3404 1061 Quis
3428 1006 3513 1051 est
3540 1011 3640 1051 cu-

2065 1083 2153 1152 jus
2182 1098 2370 1137 vocem
2413 1086 2530 1153 ipse
2578 1087 2819 1152 audiam,
2847 1097 2905 1141 ut
2939 1087 3210 1141 dimittam
3256 1087 3394 1142 lilios
3429 1086 3642 1141 Israel?

2067 1175 2186 1230 Non
2219 1176 2342 1230 novi
2376 1176 2687 1243 Dominum,
2716 1188 2769 1233 et
2794 1178 2959 1234 Israel
2994 1193 3101 1233 non
3135 1179 3427 1232 dimittam.

2138 1357 2286 1411 Psal.
2320 1357 2438 1412 Non
2485 1367 2570 1411 est
2604 1356 2746 1413 Deus
2793 1373 2976 1413 coram
3028 1359 3167 1428 ipso.
3196 1358 3307 1415 Via:
3338 1360 3508 1430 ipsius
3555 1361 3641 1417 in-

2070 1450 2309 1519 quinata:
2338 1459 2464 1504 sunt
2496 1450 2642 1502 onmi
2678 1461 2937 1517 tempore.

2142 1541 2288 1595 Ibid.
2323 1557 2507 1596 xm't.
2540 1538 2661 1595 Non
2708 1552 2791 1597 est
2828 1542 2991 1596 timor
3026 1541 3116 1597 Dei
3148 1556 3330 1597 coram
3362 1542 3538 1599 oculis
3567 1544 3646 1613 ip-

2051 1633 2210 1711 'sius.

2146 1726 2355 1780 Inimici
2413 1725 2627 1781 Domini
2669 1740 2790 1780 mox
2842 1734 2900 1780 ut
2952 1725 3293 1781 honorificati
3328 1737 3381 1782 et
3429 1728 3647 1782 exaltati

400 1807 490 1857 καὶ
524 1804 830 1875 ὑψωθῆναι,
881 1809 1227 1875 ἐκλείποντες
1258 1811 1391 1866 ὡσεὶ
1437 1813 1642 1876 καπνὸς
1695 1813 1963 1881 ἐξέλιπον.

2086 1816 2300 1880 iuerint,
2348 1819 2660 1874 deﬁcientes
2705 1817 3163 1886 quemadmodum
3214 1816 3395 1873 fumus
3437 1816 3661 1903 defece:

467 1989 634 2054 Φόϐος
660 1989 869 2061 Κυρίου
917 1992 996 2055 είς
1029 1991 1175 2063 ζωὴν
1198 1994 1373 2064 ἀνδρὶ,
1406 1995 1433 2047 6
1483 1994 1540 2048 δὲ
1569 1994 1770 2064 ἄφοϐος
1816 1995 1961 2049 αὐλι-

404 2079 666 2149 σθήσεται
696 2082 752 2136 ὲν
785 2083 993 2149 τόποις,
1023 2078 1104 2148 οἷς
1131 2085 1233 2139 οὐκ
1257 2087 1636 2140 ἐπισκοπετται
1666 2087 1888 2156 γνῶσις.

475 2256 601 2320 Υίδς
630 2257 845 2326 δοξάζει
881 2260 1114 2329 πατέρα,
1146 2263 1239 2317 καὶ
1281 2262 1469 2327 δοῦλος
1514 2264 1605 2316 τὸν
1655 2264 1845 2332 κύριον
1879 2265 1975 2319 αὖ·

403 2347 518 2403 τοῦ.
550 2350 661 2404 Καὶ
693 2352 741 2404 εί
774 2352 965 2422 Πατήρ
988 2355 1126 2421 είμι,
1153 2353 1257 2408 ποῦ
1292 2356 1438 2408 ἔστιν
1472 2356 1505 2428 ή
1535 2355 1662 2420 δόξα
1697 2373 1837 2425 μου;
1875 2360 1975 2412 καὶ

406 2441 457 2494 εἰ
484 2441 690 2513 Κύριός
718 2446 857 2513 εἰμι,
887 2444 989 2497 ποῦ
1033 2447 1181 2500 ἐστιν
1208 2446 1236 2499 6
1267 2446 1431 2517 φόϐος
1472 2465 1617 2517 μου;
1661 2448 1810 2518 λέγει
1862 2451 1970 2505 Κύ-

409 2553 522 2608 ριος
556 2537 975 2606 παντοκράτωρ.

491 2628 622 2696 Ἐμὲ
651 2628 711 2681 οὐ
747 2627 1090 2697 φοϐηθήσεθε
1114 2645 1130 2698 ;
1158 2630 1305 2697 λέγει
1335 2629 1538 2701 Κύριος
1563 2649 1577 2663 ·
1611 2634 1644 2703 ἢ
1671 2634 1777 2687 ἀπὸ
1810 2651 1978 2705 προσ-

409 2717 561 2771 ώπου
598 2736 700 2788 μου
748 2721 849 2773 οὐκ
895 2721 1336 2792 εὐλαϐηθήσεσθε
1367 2725 1459 2778 τὸν
1512 2726 1752 2793 τάξαντα
1790 2725 1978 2794 ἄμμον

410 2810 556 2878 ὄριον
579 2813 645 2882 τῇ
665 2810 926 2886 θαλάσσῃ,
956 2813 1172 2868 αίὼνιον
1198 2817 1548 2887 πρόσταγμα,
1576 2819 1673 2872 καὶ
1695 2818 1791 2889 οὐχ
1813 2818 1982 2888 ὑπερ-

411 2904 639 2973 ϐήσεται
673 2905 826 2970 αὐτὸ,
853 2907 950 2959 καὶ
976 2907 1414 2979 ταραχθήσεται,
1441 2911 1534 2964 καὶ
1563 2912 1625 2964 ού
1651 2911 1940 2981 δυνήσεται
1962 2929 1976 2942 ’

413 2998 506 3053 καὶ
535 2999 802 3071 ἠχήσουσι
835 3001 902 3056 τά
928 3001 1152 3072 κύματα
1184 3002 1374 3068 αὐτοῦ,
1422 3005 1514 3058 καὶ
1545 3007 1643 3074 οὐχ
1676 3004 1984 3073 ὑπερϐήσε-

412 3111 503 3147 ται
534 3095 706 3163 αὐτός
749 3094 829 3166 τῷ
863 3096 917 3150 δὲ
956 3097 1071 3166 λαῷ
1101 3098 1275 3168 τούτῳ
1326 3095 1559 3167 ἐγενήθη
1607 3094 1804 3168 καρδία
1853 3096 1980 3161 ἀνθ

416 3202 539 3249 κοος
568 3187 663 3239 καὶ
692 3187 923 3257 ἀπειθὴς
946 3203 962 3218 ⁸
994 3187 1087 3242 καὶ
1132 3187 1432 3253 ἐξέκλιναν,
1464 3187 1558 3242 καὶ
1588 3189 1855 3258 ἀπῆλθον,
1890 3190 1983 3243 καὶ

413 3282 514 3335 οὐκ
552 3279 713 3336 εἶπαν
745 3283 804 3336 ἒν
842 3286 907 3353 τῇ
946 3283 1143 3354 καρδίᾳ
1172 3283 1375 3350 αὐτῶν,
1401 3282 1737 3352 Φοϐηθῶμεν
1766 3282 1830 3353 δὴ
1866 3283 1982 3336 Κύ-

421 3391 534 3443 ριον
562 3374 654 3428 τὸν
696 3375 827 3428 Θεὸν
864 3375 1040 3446 ἡμῶν,
1077 3375 1169 3427 τὸν
1214 3374 1426 3429 διδόντα
1460 3377 1594 3445 ἡμῖν
1625 3375 1779 3428 ὑετὸν
1804 3373 1981 3445 πρώϊ-

421 3482 520 3533 μον
545 3465 641 3520 καὶ
661 3463 882 3536 ὅψιμον,
909 3465 1049 3519 κατὰ
1065 3463 1254 3534 καιρὸν
1276 3463 1635 3535 πληρώσεως,
1658 3465 1987 3535 πρόσταγμα

418 3556 707 3628 θερισμοῦ.

426 3735 438 3745 ’
490 3734 566 3788 Τδ
618 3734 955 3805 ἁμαρτάνειν
1012 3734 1144 3808 ἡμῖν
1205 3734 1346 3790 κατὰ
1397 3734 1666 3789 ἀπουσίαν
1715 3732 1809 3786 τοῦ
1843 3732 1988 3786 θείου

421 3828 585 3895 φόϐου
618 3827 918 3896 ἐγγίνεται.

495 3923 658 3975 Ὅσον
710 3920 976 3989 ἀφίστατο
1011 3919 1111 3985 τῆς
1141 3918 1284 3988 ζωῆς
1317 3920 1344 3971 6
1382 3917 1574 3987 Ἀδὰμ,
1606 3917 1861 3973 τοσοῦτον
1892 3918 1991 3991 ἦγ-

420 4014 541 4081 γιζε
585 4013 663 4082 τῷ
701 4013 934 4081 θανάτῳ.
985 4011 1107 4079 Ζωὴ
1144 4010 1253 4080 γάρ
1327 4010 1355 4062 6
1405 4009 1576 4073 Θεός·
1622 4012 1878 4080 στέρησις
1935 4011 1992 4064 δὲ

423 4105 569 4174 ζωῆς
611 4108 639 4158 6
669 4104 919 4165 θάνατος.
947 4104 1108 4155 Ὥστε
1135 4103 1225 4155 τὸν
1259 4103 1488 4157 θάνατον
1516 4104 1545 4155 6
1586 4103 1759 4172 Ἀδὰμ
1783 4103 1869 4154 διὰ
1895 4101 1995 4171 τῆς

425 4199 826 4268 ἀναχωρήσεως
870 4195 972 4263 τῆς
1010 4196 1117 4250 ἀπὸ
1154 4194 1288 4247 Θεοῦ
1335 4192 1516 4264 ἑαυτῷ
1563 4195 1990 4249 κατεσκεύασεν.

1035 4309 1255 4362 ΛΟΓΟΣ
1290 4308 1368 4362 Ε’.

426 4402 564 4470 Περὶ
584 4400 830 4466 ἐλπίδος
860 4401 946 4465 εἷς
974 4400 1142 4470 Geor,
1169 4399 1258 4470 ὅτι
1283 4398 1398 4470 χρὴ
1422 4399 1511 4464 εἰς
1539 4398 1690 4453 Θεὸν
1711 4397 1993 4470 ἐλπίζειν,

517 4471 617 4526 καὶ
642 4470 727 4539 μὴ
754 4473 841 4535 εἰς
872 4469 978 4534 τὰς
1006 4468 1122 4522 τῶν
1149 4467 1476 4534 ἀνθρώπων
1508 4469 1901 4533 προστασίας.

2005 1896 2043 1948 Β
2075 1914 2225 1962 runt.

2141 1996 2301 2054 Prov.
2337 2014 2445 2051 xix.
2470 1995 2657 2051 Timor
2685 1996 2897 2050 Domini
2930 1996 3096 2048 vitam
3126 2005 3390 2062 operatur
3419 1996 3650 2051 homini.

2071 2088 2191 2145 Non
2224 2091 2421 2145 timens
2449 2103 2578 2141 vero
2614 2087 2882 2143 habitabit
2915 2087 2970 2139 in
3006 2085 3163 2149 locis,
3194 2086 3284 2140 ubi
3334 2102 3441 2141 non
3472 2087 3656 2142 consi-

2078 2185 2301 2239 deratur
2331 2181 2592 2251 cognitio.

2149 2274 2384 2329 Malach.
2420 2288 2457 2327 l.
2508 2269 2677 2325 Filius
2710 2269 2880 2336 patris
2928 2269 3057 2333 sui,
3106 2278 3159 2323 et
3213 2283 3402 2323 servus
3447 2267 3655 2323 domini

2077 2368 2339 2421 honorem
2377 2364 2646 2433 provehit.
2680 2362 2738 2417 Si
2777 2363 2933 2416 Pater
2966 2377 3087 2416 sum
3118 2376 3238 2429 ego,
3261 2361 3352 2413 ιιυί
3379 2369 3461 2414 est
3487 2359 3656 2430 gloria

2079 2457 2242 2513 mea?
2272 2455 2339 2511 Et
2366 2457 2410 2511 si
2438 2455 2703 2511 Dominus
2731 2468 2851 2508 sum
2889 2469 3012 2522 ego,
3037 2452 3128 2507 ubi
3160 2462 3243 2507 est
3268 2451 3431 2507 timor
3459 2466 3613 2505 meus
3639 2450 3661 2502 ?

2079 2550 2210 2605 dicit
2249 2549 2512 2603 Dominus
2541 2549 2911 2618 omnipotens.

2149 2640 2348 2695 Jerem.
2378 2655 2428 2692 v.
2454 2637 2709 2709 Nunquid
2749 2653 2834 2691 me
2888 2653 2993 2691 non
3021 2635 3332 2691 timebitis?
3370 2634 3502 2690 dicit
3554 2633 3660 2687 Do-

2082 2733 2285 2792 minus,
2320 2741 2413 2786 aut
2442 2747 2470 2786 a
2509 2731 2649 2785 facie
2683 2745 2801 2784 mea
2837 2745 2945 2786 non
2992 2727 3378 2793 formidabitis,
3409 2728 3503 2798 qui
3533 2741 3657 2780 are-

2088 2842 2214 2880 nam
2252 2825 2546 2879 terminum
2601 2823 2738 2877 mari
2774 2823 3057 2886 constitui,
3096 2830 3424 2889 prie-ceptum
3460 2818 3657 2888 sempi-

2085 2927 2299 2973 ternum
2358 2926 2413 2970 et
2462 2916 2607 2985 quod
2657 2930 2768 2970 non
2822 2912 3290 2982 transgredictur?
3324 2911 3661 2966 Turhahitur

2085 3009 2334 3078 quidem,
2379 3008 2472 3063 sed
2512 3024 2620 3069 non
2655 3008 2875 3075 poterit.
2925 3005 3213 3059 Sonahunt
3272 3002 3469 3058 ﬂuctus
3519 3002 3661 3067 ejus.

2088 3100 2180 3155 sed
2220 3115 2325 3154 non
2363 3098 2842 3170 transgredieutur
2891 3094 3046 3149 illud.
3089 3094 3161 3150 At
3193 3094 3393 3163 pepulo
3427 3092 3552 3146 huic
3583 3092 3665 3145 l'a-

2088 3200 2233 3247 ctum
2265 3200 2347 3247 est
2373 3206 2466 3244 eor
2508 3188 2831 3243 iuohediens
2878 3195 2930 3241 et
2977 3184 3322 3238 incredulum
3364 3187 3446 3236 vel
3494 3182 3666 3236 intra-

2088 3284 2307 3340 ctabile.
2355 3281 2777 3336 Declinaverunt
2809 3287 2864 3333 et
2894 3277 3166 3343 abierunt,
3192 3282 3246 3328 et
3276 3289 3382 3327 non
3415 3273 3665 3328 dixerunt

2090 3378 2144 3430 in
2177 3374 2342 3430 corde
2371 3389 2512 3429 suo:
2547 3371 2886 3434 Timeamus,
2917 3383 3127 3438 quaeso,
3149 3366 3435 3420 Dominum
3493 3363 3662 3417 Deum

2092 3476 2365 3532 nostrum,
2391 3465 2484 3535 qui
2514 3464 2607 3519 dat
2646 3462 2803 3517 nobis
2836 3459 3077 3539 pluviam
3129 3456 3449 3510 matutinam
3481 3463 3535 3507 et
3575 3468 3663 3507 se-

2091 3557 2352 3617 rotiuam,
2399 3553 2701 3609 secundum
2756 3559 2972 3621 tempus
3020 3546 3375 3618 plenitudinis
3414 3545 3665 3614 prazeepti

2092 3646 2312 3711 messis,
2332 3656 2442 3702 etc.
3062 3628 3067 3633 ’

2160 3738 2375 3793 Basilii.
2405 3736 2562 3804 Quod
2588 3750 2816 3807 peccare
2840 3735 3079 3790 solemus
3109 3747 3233 3798 nos,
3259 3736 3481 3800 propter
3509 3727 3670 3782 timo-

2094 3830 2172 3884 ris
2201 3829 2291 3884 Dei
2324 3829 2631 3885 absentiam
2664 3826 2955 3891 contingit.

2167 3920 2442 3987 Quantum
2479 3935 2509 3974 a
2533 3919 2642 3972 vita
2669 3918 2922 3972 discessit
2952 3915 3147 3977 Adam,
3178 3912 3233 3966 in
3267 3920 3475 3965 tantum
3510 3908 3672 3963 morti

2096 4012 2574 4083 appropinquavit.
2600 4011 2720 4064 Vita
2752 4009 2895 4063 enim
2936 4008 3078 4061 Deus
3111 4017 3215 4069 est,
3254 4005 3375 4057 vitae
3408 4017 3533 4056 vcro
3564 4000 3675 4069 pri-

2092 4106 2239 4162 vatio
2289 4116 2462 4170 mors,
2483 4104 2619 4158 adeo
2647 4112 2707 4158 ut
2763 4101 2935 4154 Adam
2979 4114 3041 4153 ea
3084 4096 3386 4153 defectione
3428 4110 3539 4165 qua
3587 4093 3678 4148 de-

2095 4198 2259 4255 scivit
2294 4213 2324 4252 a
2355 4196 2485 4265 Deo,
2517 4195 2620 4249 sibi
2651 4193 2751 4264 ipsi
2785 4205 3012 4246 mortem
3053 4185 3476 4258 comparaverit.

2552 4307 2786 4365 SERMO
2819 4308 2859 4363 v
2882 4306 2982 4379 [αι.
3021 4301 3254 4375 CLXV].

2096 4405 2174 4460 De
2189 4420 2275 4473 spe
2297 4404 2351 4457 in
2378 4402 2568 4462 Deum,
2591 4409 2652 4473 et
2673 4398 2812 4473 quod
2841 4395 3213 4473 opesin_Deic_nt
3241 4410 3343 4448 non
3366 4391 3424 4445 in
3448 4391 3677 4445 humana

2493 4466 2748 4539 prwsidia
2799 4466 3051 4521 collocari
3082 4467 3285 4519 debeat.

509 4563 847 4633 Ἐμϐλέψατε
900 4564 982 4624 είς
1010 4561 1079 4615 τὰ
1124 4560 1345 4613 πετεινὰ
1385 4559 1480 4612 τοῦ
1522 4559 1776 4630 ούρανοῦ,
1826 4561 1907 4613 ὅτι
1936 4560 1996 4612 οὐ

2176 4565 2373 4621 Matth.
2402 4579 2476 4618 vi.
2540 4560 2818 4630 ReSpit-ite
2849 4560 2916 4615 ad
2966 4559 3205 4613 volatilia
3243 4557 3391 4622 caeli,
3415 4555 3540 4626 quia
3578 4569 3680 4609 nec

427 4651 765 4721 σπείρουσιν,
812 4649 933 4702 οὐδὲ
984 4648 1312 4719 θερίζουσιν,
1366 4648 1488 4701 οὐδὲ
1540 4649 1863 4717 συνάγουσιν
1917 4650 2037 4712 είςκ

429 4744 735 4815 ἀποθήκας,
790 4743 939 4797 καὶὸ
991 4743 1185 4812 Πατὴρ
1237 4743 1394 4813 ὑμῶν
1425 4742 1453 4794 6
1504 4743 1752 4814 οὐράνιος
1805 4743 2000 4814 τρέφει

429 4835 588 4891 αὑτά.

502 4926 584 4999 Τῇ
624 4926 800 4981 ἐλπίδι
848 4927 1162 4997 ἐσώθημεν.
1209 4927 1398 4991 Ἐλπὶς
1435 4927 1492 4982 δὲ
1540 4929 1872 5000 βλεπομένη,
1902 4929 2003 4982 οὐκ

430 5019 575 5072 ἔστιν
610 5017 798 5081 ἐλπίς·
831 5018 858 5070 ὃ
880 5018 988 5087 γὰρ
1016 5016 1206 5087 βλέπει
1240 5034 1347 5083 τις,
1380 5020 1428 5072 τί
1461 5020 1554 5071 καὶ
1582 5018 1785 5083 ἐλπίζει
1816 5034 1831 5084 ;
1861 5018 1920 5070 El
1944 5019 2002 5071 δὲ

428 5110 457 5164 6
483 5111 543 5164 ού
602 5109 896 5180 βλέπομεν,
950 5109 1265 5181 ἐλπίζομεν,
1296 5110 1364 5163 δι’
1387 5111 1666 5183 ὑπομονῆς
1707 5111 2002 5181 ἀπεκδεχό-

451 5201 600 5255 ιεθα.

451 5221 600 5255 ιευα.

435 5221 450 5271 ι
506 5292 839 5361 Κατέχωμεν
886 5291 988 5360 τῆς
1033 5292 1247 5353 ἐλπίδος
1291 5293 1394 5363 τὴν
1442 5291 1732 5362 ὁμολογίαν
1787 5291 2001 5362 ἀκλινῆ.

435 5382 627 5444 Πιστὸς
652 5383 758 5452 γὰρ
788 5385 814 5435 ὁ
845 5383 1336 5451 ἐπαγγειλάμενος.
1620 5462 1627 5465 ι

505 5467 672 5527 Εἶπεν
703 5473 873 5527 Δαϐὶδ
910 5474 1047 5543 πρὸς
1083 5473 1176 5526 τὸν
1207 5474 1502 5542 ἀλλόφυλον
1528 5491 1544 5508 ·
1579 5477 1652 5530 Σὺ
1689 5476 1821 5546 ἔρχῃ
1870 5476 2001 5543 πρὸς

439 5564 507 5633 μὲ
527 5565 585 5616 ὲν
607 5563 855 5635 ῥομφαίᾳ
884 5566 976 5631 καὶ
1023 5566 1083 5617 ἐν
1111 5565 1303 5618 ἀσπίδι
1320 5580 1334 5596 ’
1361 5565 1471 5635 ἐγὼ
1501 5566 1557 5619 δὲ
1587 5568 1849 5638 προσάγω
1873 5574 2008 5637 πρός

435 5655 498 5707 σὲ
527 5657 585 5710 ἐν
622 5656 847 5726 ὀνόματι
878 5657 1085 5726 Κυρίου
1125 5656 1370 5714 Σαϐαὼθ.

518 5836 579 5890 Ὀ
609 5835 884 5902 πεποιθὼς
917 5837 1008 5892 ἐπὶ
1038 5837 1242 5909 Κύριον
1286 5826 1611 5909 σωθήσεται.

2107 4664 2298 4712 serunt
2334 4668 2511 4722 neque
2542 4657 2782 4714 metunt,
2823 4666 3000 4718 neque
3034 4648 3351 4703 conwhunt
3374 4648 3427 4702 in
3458 4649 3677 4712 horrea,

2100 4759 2157 4804 et
2180 4750 2339 4801 Pater
2369 4754 2548 4800 vester
2582 4743 2822 4799 ctelestis
2864 4743 2963 4796 alit
2993 4742 3108 4797 illa.

2173 4923 2332 4979 Rom.
2362 4939 2476 4978 vin.
2522 4922 2633 4992 Spe
2662 4917 2864 4976 servati
2911 4933 3123 4973 sumus.
3157 4917 3327 4971 Porro
3377 4931 3501 4979 spes
3525 4916 3571 4972 si
3601 4917 3678 4968 vi-

2103 5018 2318 5079 deatur,
2357 5031 2466 5070 non
2499 5023 2583 5069 est
2625 5026 2774 5081 spes.
2804 5010 2960 5077 Quod
2991 5008 3136 5064 enim
3170 5007 3298 5077 quis
3343 5007 3540 5070 cernit,
3580 5021 3680 5061 cur

2105 5110 2249 5165 idem
2285 5107 2586 5179 speret?Si
2620 5120 2747 5161 vero
2761 5104 2907 5175 quod
2936 5117 3045 5158 non
3074 5102 3343 5164 videmus,
3368 5114 3677 5168 Speramus.

2105 5200 2156 5255 id
2176 5215 2270 5270 per
2293 5199 2609 5268 patientiam
2631 5207 3031 5267 exspectamus.

2181 5292 2408 5347 llebr.x.
2451 5291 2759 5355 Ieneamus
2789 5288 3187 5346 caulessionem
3213 5285 3327 5357 spei
3373 5302 3481 5342 non
3511 5288 3679 5342 vat-il-

2107 5385 2331 5442 lantem.
2366 5384 2566 5439 Fidelis
2595 5384 2741 5437 enim
2794 5384 2879 5436 vel
2923 5398 3085 5435 verax
3133 5388 3234 5445 est,
3265 5381 3356 5450 qui
3411 5383 3678 5448 pnuitisit.

2188 5477 2292 5545 12
2338 5474 2367 5528 1
2397 5474 2525 5544 Reg.
2560 5491 2690 5528 xvn.
2721 5474 2784 5527 Et
2810 5475 2948 5530 dixit
2984 5470 3151 5527 David
3193 5472 3258 5527 ad
3315 5473 3679 5542 alienigenum

2107 5570 2193 5624 vel
2225 5570 2599 5625 Philistasum:
2652 5567 2731 5620 Tu
2794 5568 2947 5622 venis
2975 5566 3054 5621 ad
3096 5582 3180 5621 me
3220 5567 3273 5619 in
3313 5565 3512 5636 gladio,
3536 5572 3589 5618 et
3624 5563 3681 5619 in

2109 5662 2263 5714 hasta
2285 5669 2340 5714 et
2363 5660 2416 5713 in
2440 5659 2647 5729 clypeo.
2674 5656 2785 5727 Ego
2811 5666 2993 5711 autem
3024 5656 3185 5711 venio
3211 5655 3279 5711 ad
3306 5666 3354 5712 te
3377 5656 3432 5711 in
3458 5654 3685 5710 nomine

2114 5749 2327 5803 Domini
2354 5754 2713 5804 exercituum.

2191 5838 2315 5897 Job.
2346 5839 2451 5907 Qui
2487 5839 2715 5895 Domino
2743 5837 2982 5906 conlidit,
3006 5836 3317 5895 salvabitur.
