4034 6418
362 357 468 420 787

1617 373 1938 436 ANTONII
1974 378 2315 440 MELISSE

3495 389 3603 452 788

436 469 588 526 Psal.
621 488 771 527 xxxi.
813 472 1130 544 Sperantem
1164 476 1218 530 in
1263 475 1552 533 Dominum
1579 486 1934 541 circumdabit

2109 493 2213 545 Τὸν
2240 493 2524 558 ἐλπίζοντα
2557 495 2648 548 ἐπὶ
2682 496 2886 569 Κύριον
2915 495 3061 561 ἕλεος
3097 497 3391 556 κυκλώσει.

362 562 760 618 misericordia.

442 653 585 711 Ibid.
622 671 806 712 xxxvr.
857 656 1026 727 Spera
1064 658 1119 714 in
1172 659 1422 731 Domino,
1468 677 1520 723 et
1569 666 1654 723 {ac
1715 667 1929 722 bonita-

366 755 494 803 tein.

435 839 577 895 Ibid.
616 839 812 896 Revela
845 843 911 896 ad
951 844 1240 903 Dominum
1293 849 1432 904 viam
1485 860 1656 917 luam,
1681 864 1734 907 et
1773 868 1930 922 spera

367 934 418 983 in
456 947 538 995 eo,
566 943 619 986 et
650 933 763 1001 ipse
791 934 972 989 faciet.

439 1022 580 1079 Ibid.
635 1042 820 1081 xxxix.
858 1029 1054 1083 Beatus
1093 1031 1196 1093 vir,
1244 1032 1400 1099 cujus
1450 1049 1572 1103 spes
1601 1044 1682 1089 est
1736 1051 1929 1089 nomen

369 1113 601 1179 Domini,
629 1127 682 1172 et
712 1133 817 1173 non
853 1122 1092 1190 reSpexit
1115 1122 1166 1175 in
1203 1124 1468 1180 vanitates
1488 1138 1542 1180 et
1566 1127 1805 1182 insanias
1832 1127 1933 1180 {al-

363 1222 475 1262 888.

431 1298 573 1358 Ibid.
625 1316 792 1358 cxvn.
841 1304 1049 1361 Bonum
1111 1317 1195 1364 est
1232 1310 1506 1367 confidere
1564 1313 1618 1368 in
1676 1313 1928 1379 Domino.

361 1405 526 1458 quam
572 1395 848 1450 conﬁdere
883 1396 936 1450 in
972 1397 1220 1454 homine.
1278 1401 1487 1456 Bonum
1515 1413 1599 1459 est
1629 1421 1846 1475 sperare
1876 1408 1928 1461 in

365 1479 616 1550 Domino,
651 1501 814 1555 quam
853 1502 1074 1556 sperare
1101 1491 1154 1544 in
1197 1492 1550 1563 principibus.

437 1574 588 1631 Ρεαί.
641 1591 822 1634 cxx'tv.
868 1579 971 1646 Qui
1021 1583 1301 1639 conﬁdunt
1350 1583 1601 1650 Domino,
1657 1599 1718 1642 ut
1773 1603 1932 1645 mons

363 1668 519 1724 Sion.

435 1756 538 1826 Qui
571 1759 800 1816 Domino
832 1762 1077 1831 conlidit,
1105 1779 1202 1820 sua
1234 1766 1404 1836 ipsius
1458 1769 1818 1824 sanctimonia
1842 1769 1932 1840 ju-

365 1856 484 1906 stus
518 1859 623 1905 est.

433 1939 656 1996 Conllde
690 1941 918 1999 Domino
944 1945 995 2000 in
1028 1953 1141 2002 toto
1168 1950 1330 2004 corde
1360 1959 1474 2005 tuo.

434 2027 562 2100 Sap.
595 2046 674 2086 ιη.
706 2032 806 2098 Qui
842 2033 1071 2089 Domino
1102 2037 1404 2106 conﬁdunt,
1438 2040 1740 2110 intelligent
1790 2039 1929 2092 veri-

364 2130 551 2186 tatem,
584 2130 640 2178 et
666 2122 850 2179 lideles
885 2128 938 2178 in
970 2125 1262 2182 dilectione
1291 2130 1645 2183 atlhmrebunt
1683 2131 1780 2183 illi.

431 2213 548 2268 lsa.
585 2230 680 2270 ιιι.
717 2214 858 2270 Ecce
895 2216 1036 2271 Dens
1074 2233 1249 2284 meus,
1281 2219 1532 2274 Salvator
1567 2237 1721 2277 meus
1745 2222 1929 2276 Domi-

364 2320 485 2370 nus,
503 2307 766 2360 eonlidam
798 2307 896 2373 illi,
927 2317 980 2362 et
998 2309 1244 2365 salvabor
1271 2326 1366 2381 per
1394 2311 1594 2381 ipsum.

435 2395 629 2451 Jerem.
687 2413 814 2452 xvn.
865 2398 1190 2456 Benedictus
1248 2403 1437 2468 homo,
1477 2405 1570 2474 qui
1608 2405 1829 2460 confidit
1876 2405 1928 2459 in

366 2485 615 2551 Domino,
649 2497 704 2542 et
740 2489 844 2543 erit
890 2489 1150 2546 Dominus
1200 2508 1324 2564 spes
1353 2497 1504 2565 ejus:
1555 2509 1610 2551 et
1642 2497 1744 2551 erit
1775 2497 1927 2568 quasi

365 2581 569 2649 lignum
603 2593 811 2636 rectum
855 2585 935 2635 vel
967 2584 1253 2640 abundans
1275 2587 1430 2656 juxta
1459 2605 1647 2659 aquas.

437 2671 608 2727 Ercli.
647 2689 711 2727 ιι.
742 2673 995 2744 Inspicite
1057 2677 1110 2730 iu
1160 2681 1412 2749 antiquas
1463 2683 1837 2750 generationes
1879 2692 1931 2737 et

360 2765 588 2820 scitote:
624 2765 758 2832 Quis
787 2767 1026 2837 speravit
1057 2770 1109 2823 in
1141 2771 1426 2826 Dominum
1450 2781 1501 2826 et
1525 2773 1782 2829 confusus
1805 2781 1880 2828 est
1907 2773 1930 2826 ?

363 2864 455 2908 nul.
508 2856 633 2924 quis
688 2859 986 2926 permansit
1039 2860 1095 2915 in
1138 2865 1331 2918 timore
1380 2863 1552 2934 ipsius
1600 2875 1654 2919 et
1694 2865 1931 2935 neglexit

360 2946 546 3001 eum?

432 3037 866 3096 l’ersnadeamus
924 3043 1028 3099 hoc
1079 3044 1238 3100 nobis
1297 3046 1454 3115 ipsis,
1488 3046 1702 3112 fratres,
1761 3057 1820 3102 ut
1876 3047 1926 3100 in

360 3141 604 3201 tempore
638 3135 956 3191 tentationis
990 3152 1094 3190 non
1149 3137 1214 3191 ad
1263 3137 1530 3194 humanas
1561 3155 1686 3209 spes
1742 3154 1930 3193 recur-

2108 671 2367 725 Ἐλπισον
2390 674 2482 728 ἐπὶ
2509 673 2732 757 Κύριον,
2768 677 2860 732 καὶ
2889 677 3031 734 ποίει
3056 681 3423 752 χρηστότητα.

2115 849 2489 922 Ἀποκάλυψον
2524 854 2660 924 πρὸς
2704 857 2908 923 Κύριον
2940 858 3036 930 τήν
3066 860 3182 914 όδόν
3226 877 3345 926 σου,
3400 862 3490 914 καὶ
3519 861 3605 914 έλ-

2034 958 2192 994 πισον
2223 943 2314 994 ἐπὶ
2349 945 2530 1008 αὐτὸν,
2565 949 2660 999 καὶ
2693 949 2856 1012 αὐτὸς
2884 952 3124 1020 ποιήσει.

2102 1038 2391 1108 Μακάριος
2422 1043 2583 1113 ἀνὴρ,
2633 1037 2694 1098 οὗ
2738 1045 2854 1098 ἐστι
2892 1045 2952 1098 τὸ
2984 1047 3161 1115 ὄνομα
3195 1047 3400 1116 Κυρίου
3446 1047 3606 1110 ἐλπὶς

2035 1131 2219 1196 αὑτοῦ,
2254 1135 2349 1186 καὶ
2395 1133 2494 1185 οὐκ
2525 1134 2751 1202 ἔϐλεψεν
2781 1138 2856 1199 είς
2887 1137 3225 1208 ματαιότητα
3271 1137 3606 1206 καὶκμανίας

2031 1221 2268 1290 ψευδεῖς.

2117 1315 2347 1384 Ἀγαθὸν
2374 1317 2689 1372 πεποιθέναι
2717 1319 2807 1372 ἐπὶ
2841 1320 3069 1390 Κύριον,
3103 1323 3135 1393 ἢ
3169 1323 3488 1377 πεποιθέναι
3515 1322 3606 1375 ἐπ’

2034 1405 2339 1475 ἄνθρωπον.
2389 1407 2617 1476 Ἀγαθὸν
2649 1396 2889 1474 ἐλπίζειν
2916 1414 3006 1466 ἐπὶ
3037 1412 3258 1484 Κύριον,
3287 1415 3321 1485 ἢ
3361 1413 3609 1478 ἐλπίζειν

2033 1497 2122 1549 ἐπ’
2165 1497 2444 1566 ἄρχουσιν.

2106 1585 2172 1641 Oi
2208 1590 2529 1657 πεποιθότες
2559 1594 2650 1647 ἐπὶ
2678 1595 2882 1665 Κύριον
2911 1597 2985 1660 ὡς
3031 1598 3156 1669 δρος
3193 1599 3352 1652 Σιών.

2117 1751 2178 1806 Ὀ
2210 1751 2483 1816 πεποιθὼς
2516 1752 2609 1808 ἐπὶ
2643 1754 2849 1827 Κύριον
2900 1760 2966 1829 τῇ
3005 1757 3200 1812 ἐαυτοῦ
3253 1758 3492 1830 ὁσιότητι
3524 1759 3609 1813 δί-

1960 1837 2007 1897 Β
2035 1861 2208 1905 καιος.

2111 1938 2253 1991 Ἴσθι
2282 1941 2560 2005 πεποιθὼς
2589 1943 2684 1996 ἐπὶ
2713 1943 2918 2013 Κύριον
2945 1944 3042 2014 ὅλῃ
3075 1943 3273 2015 καρδίᾳ
3311 1960 3428 1997 σου.

2107 2027 2173 2080 Ol
2205 2031 2526 2096 πεποιθότες
2563 2035 2656 2086 ἐπὶ
2702 2035 2912 2104 Κύριον
2944 2035 3269 2104 συνήσουσιν
3322 2034 3608 2106 ἀλήθειαν,

2037 2118 2130 2170 καὶ
2163 2119 2212 2170 οἱ
2245 2120 2428 2172 πιστοὶ
2459 2122 2516 2174 ἐν
2541 2123 2726 2195 ἀγάπῃ
2761 2123 3164 2192 προσμενοῢσιν
3190 2123 3364 2195 αὐτῷ.

2124 2209 2252 2266 Ἰδοὺ
2296 2216 2323 2266 ὁ
2350 2213 2483 2277 Θεός
2519 2232 2646 2285 μου,
2694 2220 2876 2287 σωτήρ
2909 2235 3036 2288 μου,
3081 2218 3304 2288 Κύριος,
3331 2215 3612 2280 πεποιθὼς

2037 2304 2228 2371 ἔσομαι
2259 2306 2344 2359 ἐπ’
2377 2306 2560 2371 αὑτὸν,
2593 2308 2688 2361 καὶ
2726 2309 3044 2377 σωθήσομαι
3070 2309 3140 2362 δι’
3169 2307 3357 2363 αὐτοῦ.

2114 2397 2487 2466 Εὐλογημένος
2536 2398 2821 2470 ἄνθρωπος
2886 2405 3035 2466 ὅστις
3086 2401 3345 2455 πέποιθεν
3389 2401 3483 2454 ἐπὶ
3531 2399 3611 2462 τῷ

2039 2487 2251 2557 Κυρίῳ,
2284 2490 2376 2540 καὶ
2412 2489 2563 2542 ἔσται
2599 2490 2802 2558 Κύριος
2828 2491 2986 2555 ἐλπὶς
3015 2491 3203 2556 αὑτοῦ,
3235 2493 3328 2546 καὶ
3357 2491 3507 2544 ἔσται
3532 2490 3610 2554 ὡς

2039 2578 2196 2643 ξύλον
2225 2581 2488 2651 εὐθηνοῦν
2519 2585 2649 2652 παρ’
2683 2584 2868 2640 ὕδατα.

2120 2675 2458 2744 Ἐμὸλέψατε
2501 2681 2585 2741 εἰς
2630 2677 2728 2742 τὰς
2770 2678 3006 2749 ἀρχαίας
3044 2677 3258 2746 γενεὰς,
3296 2679 3390 2732 καὶ
3442 2678 3604 2731 ἴδετε.

2037 2768 2133 2829 Τίς
2184 2769 2414 2838 ἦλπισεν
2457 2770 2551 2823 ἐπὶ
2625 2771 2828 2841 Κύριον
2873 2763 2969 2825 καὶ
3018 2770 3466 2843 κατῃσχύνθη;ἢ
3523 2769 3608 2832 τίς

2038 2859 2311 2928 ἐνέμεινεν
2337 2859 2413 2929 τῷ
2445 2861 2596 2932 φόόῳ
2629 2861 2820 2928 αὐτοῦ,
2855 2864 2950 2917 καὶ
2981 2862 3264 2941 ύπερεῖδεν
3288 2863 3496 2928 αύτόν;

2112 3042 2398 3110 Πείσωμεν
2428 3041 2674 3106 ἑαυτοὺς,
2701 3041 2942 3112 ἀδελφοὶ,
2976 3042 3032 3094 ἐν
3061 3042 3239 3112 καιρῷ
3268 3040 3603 3111 πειρασμοῦ,

2044 3133 2118 3202 μὴ
2159 3133 2296 3202 πρὸς
2336 3134 2681 3204 ἀνθρωπίνας
2711 3134 2930 3196 ἐλπίδας
2961 3135 3307 3205 ἀποτρέχειν,
3339 3136 3434 3188 καὶ
3477 3135 3609 3189 ἐαυ-

363 3238 550 3279 ramus
567 3233 619 3279 ct
645 3225 802 3281 nobis
825 3227 960 3297 ipsis
1025 3243 1286 3284 venemur
1317 3231 1542 3295 auxilia,
1591 3233 1720 3302 quin
1750 3232 1931 3297 potius

2042 3227 2146 3287 τοῖς
2199 3225 2294 3288 τὰς
2328 3225 2580 3296 βοηθείας
2625 3225 2915 3294 θηρᾶσθαι,
2970 3225 3085 3279 ἀλλ’
3126 3227 3182 3278 ἐν
3233 3227 3470 3296 δάκρυσι
3515 3228 3610 3280 καὶ

361 3319 417 3373 in
463 3318 721 3389 lacrymis
751 3328 805 3374 et
837 3321 1152 3392 gemitibus,
1179 3331 1232 3376 et
1263 3323 1532 3378 laboriosa
1560 3339 1623 3379 ac
1663 3324 1932 3378 indefessa

2042 3321 2384 3387 στεναγμοῖς,
2417 3319 2512 3370 καὶ
2540 3317 2808 3388 φιλοπόνῳ
2853 3322 3158 3389 προσευχῇ,
3206 3321 3300 3371 καὶ
3327 3320 3613 3390 ἀγρυπνίᾳ

361 3409 609 3464 oratione
636 3420 689 3464 et
724 3409 922 3482 vigiliis
949 3412 1186 3467 assiduis
1229 3412 1396 3466 Deum
1434 3415 1809 3484 deprecemur.
1845 3415 1934 3469 Sic

2042 3411 2256 3481 εὐτόνῳ,
2293 3414 2391 3475 τὰς
2445 3413 2668 3480 δεήσαις
2713 3411 2847 3482 πρὸς
2898 3411 3029 3464 Θεὸν
3073 3412 3370 3465 ποιεῖσθαι.
3423 3411 3612 3473 Οὕτως

361 3501 506 3554 enim
536 3501 799 3556 auxilium
830 3518 893 3557 cx
921 3502 1209 3558 amictione
1234 3505 1480 3574 percipit,
1507 3509 1600 3574 qui
1633 3505 1931 3559 humanum

360 3591 622 3646 auxilium
655 3601 712 3646 ut
747 3607 946 3647 vanum
985 3604 1037 3648 et
1077 3594 1233 3647 inane
1263 3595 1581 3649 contemnit.

435 3683 622 3739 Laudo
669 3699 818 3750 eum,
851 3685 945 3754 qui
999 3699 1128 3754 spes
1177 3685 1516 3755 vigilantium
1561 3687 1774 3742 somnia
1817 3702 1937 3742 esse

361 3779 520 3834 dixit.

438 3872 714 3943 Theologi.
768 3868 1106 3941 Voluptatem
1159 3872 1378 3942 quidem
1451 3887 1606 3939 cura,
1659 3872 1933 3927 tristitiam

359 3978 489 4018 vero
518 3977 645 4033 spes
676 3962 866 4016 melior
901 3963 1184 4032 reprimat.

435 4057 728 4112 Maximum
799 4055 1153 4111 infortunatis
1221 4055 1530 4110 subsidium
1587 4067 1669 4112 est
1727 4057 1939 4113 vicissi-

361 4149 566 4204 t-idinis
618 4163 764 4218 spes,
793 4157 848 4203 et
886 4148 1078 4205 melior
1131 4155 1307 4203 status
1358 4147 1426 4202 ob
1488 4147 1674 4203 oculos
1709 4150 1934 4216 positus.

434 4243 675 4296 Tandem
708 4241 991 4296 submersa
1025 4249 1107 4295 est
1135 4240 1310 4306 navis,
1335 4255 1456 4309 quae
1487 4241 1688 4295 multos
1721 4241 1784 4295 ad
1811 4257 1936 4310 por-

366 4345 453 4389 tus
485 4333 714 4388 feliciter
746 4333 976 4403 appulit.
1033 4331 1185 4388 Multi
1229 4348 1296 4390 ex
1334 4333 1570 4387 maxima
1618 4342 1939 4402 tempestate

365 4425 434 4480 ad
468 4435 683 4496 portum
713 4432 1030 4480 evaserunt.

437 4540 824 4611 Chrysostomi.
853 4538 1196 4610 Itnpossibile
1229 4547 1334 4603 est,
1360 4549 1417 4594 ut
1449 4555 1479 4594 a
1506 4541 1611 4594 line
1641 4546 1734 4593 aut
1769 4553 1934 4606 scopo
1965 4515 2019 4575 Β

363 4649 464 4690 ειιο
497 4635 736 4700 aberret,
771 4634 863 4704 qui
911 4644 1022 4689 tota
1079 4642 1262 4689 mente
1314 4633 1371 4688 in
1425 4631 1595 4687 Deum
1649 4642 1852 4701 sperat,
1883 4643 1936 4686 et

365 4727 547 4781 omnia
577 4740 677 4780 sua
712 4741 812 4796 pro
845 4725 988 4780 virili
1020 4725 1150 4796 agit.

434 4840 572 4894 Cum
622 4840 772 4894 nulla
825 4854 1053 4910 usquam
1108 4839 1333 4894 humani
1369 4839 1558 4894 auxilii
1607 4853 1736 4909 spes
1784 4839 1940 4894 nobis

364 4933 607 5003 all‘ulget,
661 4947 734 4988 ne
790 4933 1146 5002 desperemus
1191 4945 1292 4986 nec
1347 4931 1784 5000 despondeamus
1819 4931 1940 4984 ani-

365 5039 538 5088 mum,
568 5023 661 5079 sed
695 5022 818 5078 ﬁdei
839 5022 1133 5077 anchoram
1153 5023 1502 5093 arripiamus,
1525 5031 1579 5077 et
1608 5024 1941 5076 instrumen-

365 5123 481 5167 tum
515 5113 628 5181 spei
657 5113 949 5182 iaciamus,
983 5128 1090 5167 non
1111 5114 1329 5181 quidem
1365 5114 1420 5168 in
1454 5113 1723 5177 mari,sed
1755 5114 1805 5166 in
1832 5126 1943 5166 coe-

369 5207 504 5266 lnm,
561 5213 616 5258 ct
678 5215 1055 5274 tempestatum
1113 5207 1368 5276 procellis
1413 5207 1610 5278 agitata
1654 5207 1753 5275 13
1791 5206 1945 5259 navis

369 5296 439 5350 ab
467 5295 616 5347 omni
647 5293 892 5362 periculo
933 5294 1272 5350 liberabitur.

442 5403 676 5458 Mllictio
704 5401 804 5460 tios
826 5412 911 5458 est
938 5403 1206 5459 bonorum
1231 5419 1351 5474 quae
1377 5416 1784 5473 exspectantur.
1816 5405 1946 5460 Pro-

374 5504 492 5562 pter
551 5493 790 5546 fruetutn
824 5505 954 5559 ergo
1011 5490 1112 5546 ﬂos
1158 5508 1379 5563 quoque
1428 5494 1586 5550 nobis
1640 5497 1946 5564 carpendus

376 5593 479 5640 est.

446 5695 593 5753 Nihil
646 5695 871 5768 perinde
919 5698 1153 5752 animam
1210 5700 1382 5754 nutrit
1424 5709 1478 5754 ct
1517 5711 1752 5772 vegetat,
1786 5712 1948 5774 atque

376 5804 502 5862 spes
529 5789 648 5844 lata
677 5798 731 5844 et
770 5788 1035 5846 bonorum
1063 5791 1418 5860 exspectatio.

2040 3505 2148 3572 γὰρ
2176 3502 2439 3571 λαμϐάνει
2473 3502 2725 3570 βοήθειαν
2769 3503 2833 3554 ἐκ
2871 3501 3105 3571 θλίψεως
3135 3503 3163 3554 ό
3208 3502 3308 3570 τῆς
3339 3499 3615 3573 ἀνθρωπί-

2038 3613 2134 3666 νης
2163 3595 2414 3665 βοηθείας
2442 3597 2515 3658 ὡς
2546 3597 2780 3665 ματαίας
2808 3595 3190 3666 καταφρονῶν.

2121 3686 2358 3738 Ἐπαινῶ
2385 3685 2474 3738 τὸν
2526 3686 2748 3739 εἰπόντα
2805 3686 2902 3748 τὰς
2952 3685 3177 3750 ἐλπίδας
3211 3681 3354 3740 εἶναι
3407 3702 3614 3756 γρηγο-

2043 3777 2280 3846 ρούντων
2308 3778 2556 3829 ἐνύπνια.

2123 3867 2495 3922 Ἐπικοπτέτω
2539 3885 2620 3921 σοι
2657 3870 2893 3939 μέριμνα
2943 3869 3043 3938 μὲν
3083 3868 3294 3940 ἡδονὴν,
3346 3867 3525 3938 λύπην
3553 3868 3610 3920 δέ

2038 3959 2072 4025 ἡ
2109 3957 2372 4028 κρείττων
2407 3958 2584 4021 ἐλπίς.

2111 4051 2360 4121 Μεγίστη
2395 4054 2505 4113 τοῖς
2539 4051 2832 4120 ἀτυχοῦσιν
2866 4051 3155 4122 ἐπικουρία
3194 4049 3498 4120 μεταὸολῆς
3522 4047 3611 4100 έλ-

2043 4141 2159 4204 πὶς,
2191 4142 2287 4192 καὶ
2326 4141 2386 4193 τὸ
2414 4144 2661 4210 κρεῖττον
2689 4145 2746 4194 ἐν
2775 4143 3077 4212 ὀφθαλμοῖς
3119 4143 3398 4206 κείμενον.

2116 4232 2339 4294 Πολλοῖς
2366 4234 2504 4301 πρὸς
2549 4234 2738 4303 ὅρμοις
2768 4232 3002 4286 εὖπλουν
3044 4233 3132 4286 ἔδυ
3163 4235 3390 4303 σκάφος.
3423 4232 3614 4288 Πολλοὶ

2046 4323 2552 4393 προσωρμίσθησαν
2583 4327 2647 4377 ἐκ
2686 4327 3006 4396 τρικυμίας.

2131 4531 2434 4600 Ἀμήχανον
2479 4529 2575 4583 τοῦ
2628 4530 2814 4595 τέλους
2864 4534 3120 4587 ἐκπεσεῖν
3153 4533 3244 4588 τὸν
3272 4535 3366 4606 ὅλῃ
3407 4535 3616 4608 διανοίᾳ

2044 4621 2136 4673 ἐπὶ
2167 4623 2254 4673 τὸν
2283 4623 2420 4675 Θεὸν
2462 4621 2770 4691 ἐλπίζοντα,
2809 4626 2902 4676 καὶ
2935 4625 3003 4678 τὰ
3039 4627 3172 4697 παρ’
3206 4626 3402 4680 ἑαυτοῦ
3434 4629 3618 4683 πάντα

2044 4731 2068 4766 ε
2080 4713 2389 4785 ίσφέροντα.

2120 4830 2294 4886 ’Όταν
2349 4834 2663 4904 μηδαμόθεν
2724 4835 3072 4907 ἀνθρωπίνης
3141 4837 3396 4908 βοηθείας
3462 4839 3618 4901 ἐλπὶς

2047 4925 2181 4992 ἡμῖν
2212 4923 2456 4995 ὑπάρχῃ,
2488 4926 2562 4995 μὴ
2587 4928 2932 4997 ἀπογνῶμεν,
2963 4928 3038 4999 μὴ
3069 4929 3421 4998 ἀτονήσωμεν
3441 4946 3454 4960 ·
3480 4929 3617 4982 ἀλλά

2049 5015 2148 5082 τὴν
2180 5015 2430 5084 ἄγκυραν
2459 5017 2561 5085 τῆς
2607 5018 2845 5082 πίστεως
2872 5019 3231 5089 ἀρπάσωμεν,
3282 5020 3531 5090 ῥίψωμεν
3561 5020 3620 5072 τὸ

2051 5109 2337 5174 ἐργαλεῖον
2385 5108 2484 5172 τῆς
2514 5109 2752 5174 ἐλπίδος,
2792 5110 2866 5179 μὴ
2923 5113 3002 5174 είς
3050 5111 3350 5176 θάλασσαν,
3383 5111 3497 5164 ἀλλ’
3542 5113 3623 5176 εἰς

2051 5200 2303 5266 οὐρανὸν,
2338 5199 2434 5252 καὶ
2461 5199 2520 5250 τὸ
2554 5199 2954 5269 χειμαζόμενον
2987 5203 3194 5270 σκάφος
3225 5201 3332 5254 τῶν
3363 5189 3626 5256 κινδύνων

2053 5288 2526 5360 ἀπαλλαγήσεται.

2129 5405 2252 5456 Τῶν
2282 5406 2751 5476 προσδοκωμένων
2783 5407 3005 5476 ἀγαθῶν
3033 5407 3264 5479 ήθλίψις
3291 5407 3454 5470 ἄνθος
3486 5404 3624 5459 ἐστί.

2056 5505 2154 5554 Διὰ
2186 5501 2278 5556 οὖν
2307 5503 2396 5554 τὸν
2425 5506 2636 5573 καρπὸν
2678 5504 2770 5556 καὶ
2822 5505 2880 5556 τὸ
2910 5503 3068 5566 ἄνθος
3097 5501 3448 5574 δρεψώμεθα.

2132 5702 2296 5756 Οζδέν
2327 5701 2498 5765 οὕτως
2531 5702 2720 5772 τρέφει
2765 5703 2964 5774 ψυχὴν,
2997 5701 3072 5766 ὡς
3117 5703 3268 5765 ἐλπὶς
3304 5699 3506 5771 ἀγαθὴ,
3540 5699 3632 5753 καὶ

2060 5794 2119 5847 τὸ
2144 5795 2355 5866 χρηστὰ
2384 5797 2704 5866 προσδοκᾷν.
