4034 6456
322 363 424 428 791

1589 352 1909 414 ANTONII
1960 353 2310 415 MELISS/E

3473 349 3584 417 792

389 476 503 531 ha.
540 491 692 529 un.
723 474 812 529 Vae
856 471 1316 529 descendentibus
1366 469 1423 523 in
1452 466 1768 540 Egyptum,
1801 465 1893 534 qui

2069 468 2206 521 Οὐαὶ
2234 468 2283 519 oi
2329 464 2751 529 καταϐαίνοντες
2797 466 2878 527 είς
2923 464 3223 532 Αἴγυπτον,
3268 464 3352 533 ἐφ’
3390 463 3583 529 ἱπποις

319 568 478 638 equis
523 564 806 621 conﬁdunt
848 573 900 620 et
946 563 1214 618 curribus.
1241 559 1380 628 Quia
1424 559 1684 614 Dominus
1730 559 1891 612 indu-

321 667 411 714 cet
460 673 680 711 manum
716 671 868 710 suam
926 668 1092 721 super
1120 669 1234 716 eos.
1266 659 1321 707 et
1364 652 1683 708 laborabunt
1732 650 1894 705 auxi—

2005 559 2328 623 πεποιθότες
2365 560 2460 613 καὶ
2489 559 2752 630 άρμασιν.
2794 556 2853 612 '0
2883 558 2993 628 γὰρ
3022 556 3225 628 Κύριος
3258 556 3453 624 ἐπάξει
3480 557 3584 630 τὴν

2000 654 2158 723 χεῖρα
2183 650 2349 705 αὐτοῦ
2378 652 2467 705 ἐπ’
2489 652 2710 715 αὐτοὺς,
2735 651 2830 703 καὶ
2858 649 3216 704 κοπιάσουσιν
3241 651 3288 702 οἱ
3317 647 3580 719 βοηθοῦν⁶

322 751 550 815 liantcs,
604 758 659 805 et
714 750 803 817 qui
865 748 1072 802 auxilio
1109 746 1277 816 adjoti
1330 755 1479 811 ευηι,
1503 743 1813 808 concident,
1840 752 1893 797 et

2012 761 2113 809 τες,
2144 745 2242 798 καὶ
2274 743 2569 799 πεσοῦνται
2599 745 2649 797 οί
2693 741 3075 813 βοηθούμενοι,
3107 742 3202 796 καὶ
3232 742 3346 796 ἅμα
3376 742 3580 805 πάντες

321 839 480 896 simul
504 852 693 894 omnes
724 838 1003 907 peribunt.

389 930 588 985 Jerem.
626 944 757 983 xvu.
793 928 1110 983 Maledictus
1144 929 1328 988 homo.
1353 928 1442 996 qui
1484 942 1633 992 spem
1658 927 1892 983 lubetiu

2000 834 2349 889 ἀπολοῦνται.

2085 928 2526 998 Ἐπικατάρατος
2556 928 2867 1000 ἄνθρωπος.
2908 928 2971 991 ὃς
2996 927 3097 998 τὴν
3126 927 3318 981 ἐλπίδα
3346 925 3461 998 ἔχει
3491 927 3582 981 ἐπ’

322 1024 541 1078 homine
590 1030 644 1077 et
680 1021 1029 1075 conlirmabit
1067 1035 1286 1073 carnem
1336 1019 1544 1073 brachii
1603 1018 1687 1074 sui
1724 1034 1891 1089 super

2012 1019 2314 1090 Ξνθρωπον,
2349 1021 2444 1074 καὶ
2484 1020 2728 1091 στηρίξει
2759 1022 2939 1091 σάρκα
2967 1020 3253 1091 βραχίονος
3297 1018 3464 1074 αὐτοῦ
3490 1019 3579 1071 ἐπ’

320 1113 519 1181 ipsum,
548 1120 604 1165 et
631 1127 661 1165 a
697 1110 923 1164 Domino
950 1109 1240 1165 recesserit
1268 1123 1362 1162 cor
1392 1108 1534 1176 ejus.

420 1201 590 1256 Eccli.
631 1219 684 1255 ν.
722 1200 800 1255 Ne
829 1200 1080 1270 sequaris
1119 1199 1355 1253 animam
1398 1205 1546 1251 tuam
1594 1206 1646 1252 et
1681 1194 1896 1251 iortitu-

320 1294 498 1349 dinem
532 1305 704 1360 tuam,
737 1309 837 1348 nec
865 1292 1070 1347 dixeris
1095 1311 1108 1346 :
1130 1290 1263 1358 Quis
1292 1305 1377 1345 me
1406 1305 1503 1345 suo
1519 1289 1769 1359 subiiciet
1796 1290 1897 1342 im-

320 1388 511 1458 perio?
542 1386 673 1441 Nam
717 1384 980 1439 Dominus
1019 1382 1304 1437 vindicans
1338 1380 1653 1435 vindicabit.

397 1478 536 1533 Ibid.
589 1476 667 1532 Ne
719 1475 917 1533 lateris
966 1475 1019 1529 in
1073 1474 1269 1544 opibus
1301 1474 1431 1537 tuis,
1463 1481 1515 1527 et
1546 1488 1612 1527 ne
1637 1471 1841 1525 dixeris
1875 1487 1889 1524 :

324 1571 535 1628 Sttﬂicit
558 1569 715 1629 mihi.
740 1577 848 1623 etc.

393 1663 606 1717 Basilii.
641 1660 745 1727 Qui
793 1661 846 1713 in
879 1658 1119 1728 seipsum
1178 1666 1383 1726 sperat,
1414 1668 1467 1711 et
1516 1656 1771 1727 periculis
1802 1656 1899 1711 oh-

2004 1112 2190 1178 αύτὸν,
2224 1113 2316 1165 καὶ
2343 1113 2454 1166 ἀπὸ
2486 1113 2691 1183 Κυρίου
2731 1111 3024 1166 ἀποστελεῖ
3055 1111 3285 1181 καρδίαν
3315 1111 3505 1166 αὐτοῦ.

2076 1207 2168 1275 Μὴ
2215 1204 2561 1271 ἐξακολούθει
2595 1208 2661 1277 τῇ
2703 1204 2849 1274 ψυχῇ
2882 1220 2979 1258 σου
3042 1200 3139 1255 καὶ
3168 1203 3234 1272 τῇ
3283 1202 3429 1271 ίσχύῖ
3463 1217 3581 1267 σου,

2004 1300 2097 1351 καὶ
2131 1298 2205 1367 μὴ
2256 1298 2421 1370 είπῃς
2446 1313 2459 1326 ·
2499 1298 2593 1361 Τίς
2624 1314 2693 1367 με
2738 1295 3125 1361 δυναστεύσει;
3160 1295 3189 1347 ὁ
3218 1294 3326 1363 γὰρ
3375 1293 3582 1365 Κύριος

2004 1389 2232 1443 ἐκδικῶν
2271 1390 2571 1462 ἐκδικήσει.

2077 1481 2170 1550 Μὴ
2196 1481 2449 1552 ἑπίχαιρε
2477 1482 2571 1534 ἐπὶ
2593 1482 2702 1545 τοῖς
2733 1479 2979 1551 χρήμασί
3011 1494 3128 1545 σου,
3156 1478 3253 1534 καὶ
3285 1477 3362 1549 μὴ
3391 1474 3577 1548 εἴπῃς,

2004 1573 2265 1643 Αὐτάρκη
2300 1573 2390 1641 μοί
2433 1577 2607 1628 ἐστιν.

2087 1666 2146 1718 '0
2177 1665 2413 1729 ἐλπίζων
2457 1666 2536 1728 είς
2575 1664 2766 1718 ἑαυτὸν
2795 1663 3060 1726 κινδύνοις
3103 1664 3217 1732 ἔχει
3287 1660 3586 1715 ὑποπεσεῖν

328 1757 523 1812 noxius
552 1761 632 1809 est
663 1761 717 1808 et
755 1749 1140 1812 exsecrationi,
1201 1764 1324 1818 quae
1375 1748 1506 1804 dicit
1535 1766 1547 1801 :
1578 1746 1897 1804 Maledictus

2012 1759 2102 1812 καὶ
2127 1761 2191 1828 τῇ
2223 1760 2436 1828 κατάρα
2467 1760 2533 1827 τῇ
2564 1757 2833 1829 λεγούσῃ*
2877 1755 3318 1825 Ἐπικατάρατος
3366 1753 3586 1822 ἄνθρω-

332 1850 497 1903 homo
531 1847 624 1916 qui
655 1860 805 1915 spent
837 1844 1052 1914 reponit
1087 1844 1140 1896 in
1175 1843 1415 1907 homine,
1442 1852 1495 1896 et
1533 1856 1749 1897 carnem
1776 1842 1903 1897 bra-

2012 1868 2130 1918 πος,
2162 1824 2221 1914 ii;
2252 1850 2349 1920 τὴν
2369 1824 2571 1903 ’ἐλπίδα
2603 1850 2716 1919 ἔχει
2741 1824 2827 1902 ἐπ’
2856 1824 3168 1917 ἄνθρωπον,
3206 1846 3301 1900 καὶ
3333 1844 3581 1916 στηρίξει

329 1939 436 1994 chii
464 1937 550 1993 sui
580 1936 785 2003 fulciet,
815 1946 868 1991 et
897 1952 925 1988 a
961 1935 1189 1990 Domino
1235 1950 1333 1988 cor
1384 1948 1541 1989 suum
1602 1935 1897 1988 amovebit.

334 2029 435 2097 Qui
469 2045 651 2085 sermo
682 2029 767 2084 his
802 2028 980 2083 verbis
1005 2043 1020 2082 :
1043 2026 1147 2092 Qui
1182 2042 1332 2097 spem
1367 2026 1652 2095 reponitin
1680 2025 1903 2080 homine

329 2130 386 2177 ct
413 2136 632 2176 carnem
664 2121 870 2175 brachii
899 2120 982 2175 sui
1012 2118 1218 2186 fulciet,
1251 2118 1507 2173 ﬁduciam
1544 2118 1598 2172 in
1633 2133 1751 2173 sese
1782 2118 1897 2173 col-

332 2213 513 2266 locare
549 2211 801 2280 prohibet
833 2228 846 2263 :
878 2218 1171 2278 utrumque
1202 2216 1386 2263 autem
1417 2222 1606 2263 eorum
1640 2205 1903 2262 defectio-

333 2316 455 2356 nem
485 2316 514 2355 a
548 2300 775 2355 Domino
799 2300 1063 2355 nominat.
1098 2298 1233 2353 Nam
1259 2300 1366 2354 erit
1403 2307 1661 2368 tanquam
1683 2310 1893 2370 myrtus

332 2390 598 2445 silvestris
630 2391 683 2443 in
714 2390 958 2453 deserto,
984 2398 1038 2443 et
1066 2403 1174 2442 non
1206 2388 1407 2443 videbit
1441 2388 1603 2442 bona.

406 2566 543 2622 Nili.
576 2566 863 2637 Quisuper
889 2577 1128 2630 quatuor
1161 2567 1486 2636 ingreditur,
1524 2568 1773 2636 impurus
1798 2574 1908 2624 est.

333 2657 640 2729 ingreditur
669 2666 850 2714 autem
885 2674 1050 2729 super
1079 2671 1327 2729 quatuor,
1352 2660 1444 2729 qui
1481 2660 1727 2716 manibus
1761 2659 1916 2715 inni-

337 2751 487 2816 titur,
518 2758 573 2806 et
610 2763 832 2806 omnem
879 2751 935 2805 in
972 2751 1039 2805 iis
1068 2750 1232 2807 habet
1272 2750 1552 2807 ﬁduciam.

831 2888 1064 2946 SEBMO
1101 2887 1192 2943 vn
1228 2889 1326 2960 [(ιΙ.
1354 2888 1417 2961 lj.

962 3003 1035 3057 De
1066 3005 1283 3057 virtute.

406 3120 597 3175 Matth.
629 3134 724 3173 vn.
759 3119 919 3172 Arcta
951 3130 1033 3172 est
1070 3119 1175 3180 via,
1198 3132 1330 3191 qua:
1375 3117 1593 3171 deducit
1622 3118 1688 3173 ad
1721 3120 1910 3173 vitam.

405 3210 560 3264 Rom.
619 3223 718 3263 xu.
765 3207 841 3261 Ne
867 3209 1103 3263 vincaris
1147 3223 1178 3261 a
1236 3208 1420 3272 malo,
1461 3208 1555 3263 sed
1587 3209 1738 3263 vince
1766 3208 1910 3265 bono

337 3302 568 3359 malum.

409 3393 679 3450 Solomon.
706 3391 783 3448 Ne
816 3400 867 3446 te
901 3393 1157 3448 seducant
1190 3390 1367 3462 impii,
1395 3406 1497 3447 nec
1520 3391 1573 3447 in
1598 3392 1739 3447 viam
1768 3393 1909 3463 ipso-

336 3498 457 3540 rum
493 3490 675 3540 abeas.

408 3574 620 3630 Siraclt.
678 3572 755 3629 Ne
816 3574 1011 3631 feceris
1048 3590 1168 3645 quae
1206 3574 1347 3630 mala
1383 3582 1511 3631 sunt
1534 3611 1551 3640 ,
1582 3584 1635 3631 et
1668 3574 1811 3630 mala
1860 3583 1911 3629 te

223 3644 283 3729 ἴ
339 3682 447 3723 non
483 3666 915 3738 apprehendent.

416 3760 629 3817 Basilii.
656 3759 866 3815 Divitiis
894 3760 1128 3815 nobilior
1148 3760 1345 3815 virtus.

411 3852 537 3908 Sola
573 3852 982 3922 possessionum
1016 3853 1185 3906 virtus
1214 3850 1417 3906 auferri
1448 3851 1663 3920 nequit.

409 3943 641 4000 Virtutis
698 3944 1016 3998 exercitium
1085 3951 1199 3996 tum
1258 3945 1555 4013 possidenti
1617 3944 1910 4013 pretiosum

341 4046 425 4092 est
458 4037 752 4106 peculium,
774 4044 886 4089 tum
913 4035 1281 4091 incidentibus
1312 4035 1912 4107 aliisjucundissimum

345 4129 737 4197 spectaculum.

414 4216 484 4273 Ut
539 4219 718 4288 ignem
757 4218 903 4273 ultro
956 4217 1097 4275 lucis
1150 4217 1431 4289 splendor,
1485 4228 1539 4275 et
1570 4230 1910 4293 unguentum

342 4311 525 4368 suavis
562 4308 698 4365 odor
741 4309 1031 4379 sequitur:
1066 4308 1141 4365 ita
1182 4311 1325 4367 bona
1361 4325 1527 4382 opera
1571 4311 1779 4368 utilitas
1807 4328 1907 4368 ne-

339 4401 582 4459 cessario
614 4400 866 4455 comitari
895 4401 1200 4459 consuevit.

414 4584 529 4640 lloc
550 4593 637 4639 est
668 4584 864 4650 virtus,
898 4582 1192 4639 declinatio
1227 4582 1480 4640 videlicet
1504 4583 1659 4649 mali,
1703 4591 1759 4640 et
1789 4597 1917 4654 0pc-

343 4676 482 4731 ratio
501 4675 649 4731 boni.

428 4765 761 4837 Principium
793 4766 859 4821 ad
886 4767 1353 4836 recuperationem
1380 4767 1675 4836 bonorum,
1713 4764 1815 4838 15
1837 4776 1920 4822 est

344 4873 375 4914 ε
416 4858 572 4912 malis
608 4872 877 4913 recessus.
905 4855 1120 4912 Declina
1161 4858 1333 4923 enim,
1370 4856 1571 4928 inquit,
1606 4873 1635 4912 a
1669 4859 1832 4921 malo,
1864 4864 1920 4912 et

344 4953 433 5008 l'ac
465 4953 688 5007 bonum.

419 5040 561 5094 Rara
591 5048 646 5095 et
674 5039 943 5109 acquisitu
978 5037 1215 5094 dililcilis
1244 5048 1327 5093 est
1367 5038 1585 5093 virtutis
1616 5037 1917 5107 possessio,

347 5131 561 5191 etiamsi
587 5131 749 5185 multa
780 5130 845 5185 ad
880 5129 1022 5184 hanc
1049 5138 1345 5197 provocent
1364 5136 1418 5183 et
1449 5129 1701 5184 invitent.

424 5219 690 5276 Virtutem
721 5218 993 5275 laudando
1026 5219 1196 5273 Deum
1241 5218 1500 5283 laudabo,
1534 5234 1563 5273 a
1591 5234 1699 5289 quo
1748 5218 1920 5273 virtus

350 5310 666 5367 hominibus
690 5311 815 5366 data
846 5320 950 5366 est.

437 5401 623 5458 Virtus
645 5402 983 5458 mercenaria
1015 5416 1124 5457 non
1153 5412 1256 5469 est,
1291 5411 1349 5456 ut
1371 5403 1543 5458 virtus
1570 5417 1687 5458 esse
1712 5411 1920 5481 pergat,

349 5495 522 5552 solam
555 5494 894 5549 honestatem
934 5493 1251 5562 respiciens.

419 5582 673 5639 Celebres
701 5598 813 5638 non
842 5584 1003 5638 modo
1045 5584 1363 5652 praeclarum
1396 5594 1452 5639 et
1494 5585 1784 5640 honestum
1819 5584 1921 5639 ali-

351 5674 496 5746 quod
521 5671 723 5730 factum
756 5674 964 5740 reddit,
997 5677 1092 5730 sed
1124 5684 1178 5728 et
1215 5675 1416 5729 malitia
1448 5692 1783 5747 exsuperans
1816 5677 1919 5730 im-

356 5765 580 5837 probam
612 5765 717 5823 sibi
738 5764 938 5822 famam
965 5763 1266 5822 contrahit.

1940 3171 1987 3235 C

2011 1944 2189 2014 σάρκα
2240 1941 2526 2012 βραχίονο;
2567 1940 2732 1994 αὐτοῦ
2775 1941 2863 1993 ἐπ’
2891 1940 3077 2007 αὑτὸν,
3118 1941 3212 1993 καὶ
3239 1938 3347 1993 ἀπὸ
3374 1938 3583 2008 Κυρίου

2009 2035 2300 2086 ἀποστελεῖ
2322 2031 2570 2101 καρδίαν,
2600 2030 2764 2086 αὑτοῦ
2781 2031 2876 2084 τοῦ
2900 2031 3081 2100 λόγου,
3102 2030 3191 2084 διὰ
3217 2030 3317 2098 μὲν
3339 2029 3454 2094 τοῦ,
3488 2030 3586 2085 ⁸ος

2008 2122 2107 2192 τὴν
2152 2123 2343 2176 ἐλπίδα
2371 2122 2486 2193 ἔχει
2520 2123 2609 2175 ἐπ’
2637 2123 2947 2192 ἄνθρωπον,
2997 2123 3093 2175 καὶ
3126 2120 3369 2191 στηρίξει
3404 2120 3586 2190 σάρκα

2013 2213 2296 2285 βραχίονος
2324 2212 2512 2277 αὐτοῦ,
2541 2212 2602 2266 τὸ
2645 2213 2729 2282 ἐφ’
2763 2212 2960 2266 ἑαυτοῦ
3010 2211 3329 2265 πεποιθέναι
3375 2213 3586 2277 ἀπαγο-

2016 2303 2334 2372 ρεύσαντος,
2370 2303 2634 2375 ἑκάτερον
2662 2302 2717 2355 δὲ
2750 2302 2932 2355 αὐτῶν
2968 2301 3307 2355 ἀποστασίαν
3336 2300 3442 2353 άπὸ
3473 2300 3587 2351 Κυ-

2016 2397 2134 2466 ρίου
2180 2394 2564 2465 ὀνομάζοντος,
2605 2394 2689 2447 ὄτι
2730 2393 2888 2447 ἔσται
2933 2392 3009 2456 ὡς
3048 2394 3083 2463 ἠ
3122 2391 3495 2464 ἀγριομυρίκη
3526 2392 3587 2443 ὲν

2012 2491 2077 2557 τῇ
2112 2489 2330 2559 ἐρήμῳ,
2358 2488 2457 2541 καὶ
2490 2491 2591 2540 οὐκ
2614 2486 2805 2557 ὄψεται
2836 2489 2903 2539 τὰ
2933 2484 3135 2555 ἀγαθά.

2088 2582 2185 2644 ’ος
2236 2579 2532 2651 πορεύεται
2574 2578 2668 2632 ἐπὶ
2718 2577 3024 2648 τεσσάρων,
3081 2573 3415 2645 ἀκάθαρτος.
3462 2571 3587 2626 Ἐπὶ

2010 2670 2302 2741 τεσσάρων
2331 2670 2389 2725 δὲ
2413 2670 2706 2741 πορεύεται
2734 2671 2762 2724 ὁ
2787 2671 2906 2732 ταῖς
2931 2668 3123 2739 χερσιν
3146 2664 3586 2736 ἐπερειδόμενος,

2014 2762 2110 2816 καὶ
2143 2765 2329 2817 πᾶσαν
2354 2763 2440 2816 ἐπ’
2475 2764 2669 2827 αὑταῖς
2694 2762 2835 2833 ἔχων
2868 2762 2970 2833 τὴν
2997 2760 3344 2831 πεποίθησιν.

2626 2896 2850 2951 ΛΟΓΟΣ
2884 2895 2957 2950 Ζ’.

2609 3007 2754 3084 Περὶ,
2772 3005 3010 3076 ἀρετῆς.

2091 3125 2261 3196 Στενὴ
2296 3126 2330 3195 ή
2363 3124 2481 3188 ὁδὸς
2513 3124 2859 3194 ἡάπάγουσα
2891 3125 2970 3186 είς
2992 3123 3091 3192 τὴν
3123 3121 3289 3191 ζωήν.

2082 3216 2175 3288 Μὴ
2207 3214 2345 3272 νικῶ
2380 3216 2482 3269 ὑπὸ
2512 3215 2608 3269 τοῦ
2650 3213 2844 3280 κακοῦ,
2881 3214 3021 3269 ἀλλὰ
3062 3213 3187 3265 νίκα
3216 3214 3272 3265 ὲν
3299 3211 3376 3281 τῷ
3400 3211 3593 3283 ἀγαθῴ

2010 3308 2072 3362 τὸ
2094 3310 2286 3363 κακόν.

2081 3401 2172 3471 Μή
2193 3417 2252 3454 σε
2277 3400 2627 3471 πλανήσωσιν
2646 3397 2840 3470 ἄνδρες
2878 3398 3118 3463 ἀσεδεῖς,
3152 3395 3295 3485 μηδὲ
3318 3394 3591 3467 πορευθῇς

2011 3488 2067 3540 ὲν
2095 3488 2201 3559 ὁδῷ
2230 3488 2349 3559 μετ’
2374 3490 2579 3548 αὐτῶν.
2736 3548 2745 3555 ,

2084 3581 2176 3651 Μὴ
2210 3581 2352 3637 ποίει
2382 3583 2552 3652 κακὰ,
2576 3587 2673 3640 καὶ
2704 3587 2765 3640 οὐ
2795 3590 2874 3659 μή
2904 3602 2963 3639 σε
2989 3583 3151 3653 λήψει
3174 3580 3340 3635 κακά.

2080 3760 2423 3834 Τιμιώτερον
2452 3764 2623 3834 ἀρετὴ
2656 3764 2689 3835 ἢ
2740 3762 2996 3825 πλοῦτος.

2083 3854 2237 3924 Μόνη
2274 3855 2577 3925 κτημάτων
2604 3856 2637 3927 η
2674 3854 2844 3925 ἀρετὴ
2868 3853 3260 3924 ἀναφαίρετον.

2097 3947 2323 4017 Ἀρετῆς
2374 3946 2609 4017 ἄσκησις
2638 3947 2822 4015 τίμιον
2874 3946 2974 4015 μὲν
3028 3944 3215 4014 κτῆμα
3260 3941 3339 4012 τῷ
3392 3939 3593 4011 ἔχοντι,

2015 4036 2229 4107 ἣδιστον
2261 4035 2318 4089 δὲ
2345 4036 2526 4106 θέαμα
2553 4039 2667 4101 τοῖς
2689 4036 3137 4108 ἐντυγχάνουσιν.

2091 4214 2300 4285 Ὥσπερ
2326 4216 2435 4283 γὰρ
2460 4214 2536 4286 τῷ
2568 4215 2703 4285 πυρὶ
2738 4213 3064 4285 αὐτομάτως
3102 4198 3293 4266 ἕπεται
3328 4210 3390 4265 τδ
3421 4208 3591 4280 φωτίη

2021 4304 2156 4372 ζειν,
2186 4304 2280 4358 καὶ
2310 4305 2384 4364 τῷ
2415 4306 2571 4377 μύρῳ
2597 4306 2657 4358 τὸ
2688 4307 2909 4360 εύωδείν
2941 4320 2957 4337 ⁸
2988 4305 3132 4360 οὕτω
3187 4308 3281 4359 καὶ
3306 4305 3427 4368 ταῖς
3459 4306 3598 4371 ἀγαο

2022 4396 2144 4460 θαῖς
2208 4397 2482 4467 πράξεσιν
2542 4397 2856 4466 ἀναγκαίως
2921 4394 3208 4451 ἀκολουθεῖ
3282 4395 3345 4450 τὸ
3393 4393 3595 4464 dapin—

1952 4516 1994 4571 ο
2026 4506 2147 4559 μον.

2092 4581 2263 4635 Τοῦτό
2289 4581 2437 4634 ἐστιν
2465 4579 2658 4650 ἀρετὴ,
2691 4579 2935 4643 ἔκκλισις
2953 4577 3062 4633 ἀπὸ
3085 4575 3284 4643 κακοῦ,
3313 4576 3407 4630 καὶ
3442 4575 3597 4646 ποίη-

2024 4686 2109 4731 σις
2142 4669 2376 4739 ἀγαθοῦ.

2103 4760 2274 4832 Ἀρχὴ
2304 4762 2442 4831 πρὸς
2470 4760 2571 4831 τὴν
2592 4759 2865 4831 ἀνάληψιν
2893 4758 3001 4813 τῶν
3031 4759 3215 4812 καλῶν
3244 4759 3278 4830 ἡ
3308 4757 3597 4828 ἀναχώρη-

2024 4867 2109 4915 σις
2137 4852 2241 4905 τῶν
2266 4852 2475 4910 κακῶν.
2514 4851 2800 4907 Ἕκκλινον
2843 4851 2977 4921 γὰρ,
3030 4851 3217 4922 φησιν,
3242 4851 3351 4904 ἀπὸ
3396 4848 3593 4914 κακοῦ,

2022 4941 2119 4997 καὶ
2153 4943 2382 5010 ποίησον
2411 4941 2643 5012 ἀγαθόν.

2091 5031 2327 5085 Σπάνιον
2381 5033 2416 5100 ἡ
2461 5030 2556 5084 τοῦ
2601 5027 2808 5098 ἀγαθοῦ
2865 5028 3061 5097 κτῆσις
3115 5026 3212 5079 καὶ
3270 5025 3591 5097 πρόσαντες,

2024 5124 2129 5177 κᾶν
2160 5125 2209 5175 εί
2239 5123 2372 5176 πολὺ
2400 5122 2461 5176 τὸ
2494 5120 2757 5192 μεθέλκον
2781 5120 2869 5190 εἴη
2896 5121 2991 5174 καὶ
3022 5117 3487 5191 προκαλούμενον.

2106 5213 2334 5284 Ἀρετὴν
2366 5212 2626 5279 ἐπαινῶν,
2658 5212 2791 5265 θεὸν
2817 5212 3203 5279 ἐπαινέσομαι,
3233 5209 3365 5279 παρ’
3393 5201 3456 5263 οῦ
3480 5208 3591 5270 τοῖς

2023 5304 2332 5375 ἀνθρώποις
2362 5305 2393 5374 ἡ
2418 5304 2610 5374 ἀρετή.

2099 5396 2364 5464 ’Λμισθος
2398 5396 2431 5465 ἡ
2459 5396 2650 5466 ἀρετὴ,
2696 5393 2786 5449 ῐνα
2818 5393 2915 5449 καὶ
2942 5392 3115 5465 ἀρετὴ
3163 5389 3345 5463 μείνῃ,
3371 5389 3511 5461 πρὸς
3537 5388 3600 5443 τὸ

2027 5488 2192 5543 καλὸν
2225 5489 2384 5558 μόνον
2417 5487 2713 5557 βλέπουσα.

2097 5582 2247 5633 Ποιεί
2277 5581 2386 5648 γὰρ
2422 5580 2789 5652 περιϐοήτους
2835 5581 2898 5634 ού
2951 5576 3100 5644 δεξιὰ
3158 5573 3355 5646 πρᾶξις
3413 5571 3601 5645 μόνον,

2025 5673 2161 5728 ἀλλὰ
2189 5674 2283 5728 καὶ
2311 5674 2478 5728 κακία
2504 5672 2716 5728 νικῶσα
2742 5672 2992 5744 πονηρὰν
3014 5668 3387 5739 εὐδοκίμησιν.
