4034 6406
327 371 434 434 793

1137 382 1309 442 LOCI
1351 384 1792 448 COMMUNES.
1823 413 1894 423 —
1930 388 2127 452 PARS
2168 393 2222 460 Ι.
2263 394 2524 459 SERMO
2559 399 2691 463 VIl.

3462 407 3568 470 794

398 487 648 556 Πέφυκεν
673 487 840 560 ἀρετὴ
876 490 1146 544 καταιδεῐν
1166 508 1227 545 τε
1257 494 1349 546 καὶ
1371 494 1775 566 καταπλήττειν
1801 499 1893 551 καὶ
1924 509 1954 561 Α

2073 503 2299 561 Virtutis
2333 517 2526 564 natura
2555 519 2656 577 est,
2693 518 2752 565 ut
2791 512 3091 569 reverentia
3148 522 3202 568 et
3245 514 3570 574 auctoritate

322 576 450 641 τοὺς
471 578 626 646 ἀγαν
667 579 1149 651 δυσμενεστάτους.

397 670 512 724 Οὐκ
543 671 658 724 ἔστι
689 672 782 726 τὸν
829 675 1030 745 ἀρετῆς
1076 679 1506 750 ἐπιμελούμενον
1558 682 1632 752 μὴ
1667 682 1893 748 πολλοὺς

325 759 470 830 ἔχειν
506 762 756 832 ἐχθρούςο
780 765 897 819 ἀλλ’
928 769 1080 822 οὐδὲν
1121 772 1281 824 τοῦτο
1314 775 1451 842 προς
1485 775 1576 827 τὸν
1611 777 1890 845 ὲνάρετον.

325 853 424 906 Διά
446 855 556 923 γάρ
585 857 694 909 τῶν
746 859 1003 912 τοιούτων
1057 863 1438 934 λαμπρότερος
1495 866 1648 918 ἔσται
1709 867 1895 936 μειζό-

323 967 452 1010 νως.

403 1041 594 1093 Πολλοὶ
625 1041 883 1106 πολλάκις
911 1046 1080 1108 αὑτὰς
1109 1048 1208 1111 τάς
1238 1050 1461 1118 ἀρετάς,
1503 1054 1591 1106 διὰ
1635 1056 1761 1118 τοὺς
1795 1059 1894 1108 πί-

327 1152 450 1197 νους
481 1134 791 1202 φεύγοντες,
825 1136 911 1188 διά
943 1137 1040 1208 τὴν
1075 1139 1134 1204 ἐξ
1169 1142 1346 1195 αὐτῶν
1369 1143 1644 1213 εὐφημίαν
1673 1147 1894 1217 αἱροῦν-

321 1243 416 1280 ται
452 1230 654 1284 πονεῖν.

391 1318 509 1388 Θεῷ
554 1321 736 1373 τοίνυν
767 1322 827 1373 οὺ
859 1321 919 1375 τὸ
968 1323 1388 1393 ἠναγκασμένον
1438 1329 1613 1397 φίλον,
1665 1331 1801 1385 ἀλλά
1833 1333 1894 1385 τὸ

321 1410 384 1474 ἐξ
413 1411 614 1481 ἀρετῆς
644 1412 1100 1484 κατορθούμενον·
1131 1419 1302 1489 ἀρετὴ
1335 1418 1389 1471 δὲ
1415 1421 1477 1472 ὲκ
1499 1428 1892 1494 προαιρέσεως,

319 1501 413 1554 καὶ
439 1501 540 1554 οὐκ
573 1502 820 1574 ἀνάγκης
851 1505 1080 1571 γίνεται.

390 1596 503 1665 Οὐχ
531 1596 558 1648 ὁ
591 1597 757 1660 τόπος
785 1598 883 1668 τὴν
909 1599 1133 1671 ἀρετὴν,
1157 1602 1274 1656 ἀλλ’
1305 1605 1335 1672 ἡ
1366 1605 1534 1676 ἀρετὴ
1566 1607 1776 1676 πέφυκε
1798 1609 1892 1664 τὸν

320 1686 486 1740 τόπον
517 1689 822 1755 σεμνύνειν.

402 1778 464 1832 ἸΙ
501 1779 592 1832 τοῦ
627 1781 797 1833 κακοῦ
832 1783 1017 1846 στάσις
1047 1784 1189 1855 ἀρχὴ
1218 1785 1319 1853 τῆς
1352 1787 1471 1838 κατ’
1502 1788 1703 1859 ἀρετήν
1736 1791 1886 1844 ἐστιν

315 1872 513 1941 ὁρμῆς.

398 1963 718 2018 ’Λδέσποτον
751 1967 783 2037 ἠ
828 1968 1020 2038 ἀρετὴ,
1051 1971 1144 2022 καὶ
1190 1971 1454 2034 ἑκούσιον,
1509 1973 1604 2026 καὶ
1636 1973 1884 2047 ἀνάγκης

317 2052 501 2125 πάσης
539 2055 842 2122 ἐλεύθερον.

390 2148 604 2216 ’Ὠσπερ
639 2151 699 2201 τὸ
724 2150 822 2217 τῆς
857 2149 1001 2218 ζωῆς
1053 2150 1203 2213 τέλος
1234 2152 1375 2222 ἀρχὴ
1424 2152 1652 2206 θανάτου
1711 2157 1880 2219 ἐστὶν,

312 2238 482 2301 οὕτως
510 2239 606 2292 καὶ
637 2239 729 2292 τοῦ
753 2241 874 2293 κατ’
897 2242 1097 2309 ἀρετὴν
1118 2241 1320 2311 δρόμου
1346 2245 1377 2312 ἡ
1412 2245 1598 2306 στάσις
1616 2247 1756 2315 ἀρχὴ
1778 2246 1874 2301 τοῦ

315 2333 456 2386 κατὰ
481 2331 676 2384 κακίαν
703 2333 910 2398 γίνεται
941 2332 1167 2402 δρόμου.

393 2424 461 2477 Ἦ
493 2422 587 2476 τοῦ
620 2423 857 2493 πονηροῦ
889 2423 1241 2495 ἀλλοτρίωσις
1266 2428 1364 2496 τῆς
1396 2427 1531 2496 πρὸς
1565 2427 1626 2479 τὸ
1673 2427 1879 2496 ἀγαθὸν

309 2514 640 2576 οἱκειὼσεως
675 2515 898 2585 ἀφορμὴ
925 2515 1157 2584 γίνεται.

385 2607 460 2659 Τὸ
493 2606 594 2670 ἔξω
623 2607 732 2658 τῶν
769 2608 954 2659 κακῶν
981 2608 1233 2675 γενέσθαι
1276 2613 1425 2673 ἐντός
1455 2612 1570 2663 ἐστι
1607 2609 1716 2661 τῶν
1743 2610 1879 2674 ἀγα-

311 2700 424 2754 θῶν
455 2700 811 2768 καταστῆναι.

383 2795 814 2848 Δυσεπίτευκτον
863 2795 964 2864 μὲν
1025 2788 1166 2847 εἶναι
1230 2796 1329 2863 τὴν
1383 2795 1605 2864 ἀρετὴν,
1667 2797 1884 2864 μυρίοις

315 2888 506 2958 ἱδρῶσι
533 2891 628 2942 καὶ
669 2891 873 2952 πόνοις,
911 2889 1112 2960 σπουδῇ
1144 2890 1236 2942 καὶ
1282 2891 1512 2957 καμάτῳ
1547 2892 1706 2957 μόγις
1739 2905 1881 2942 κατ-

311 2978 692 3050 ορθουμένην,
745 2980 898 3050 παρὰ
949 2979 1051 3047 τῆς
1121 2979 1275 3042 θείας
1325 2979 1552 3048 Γραφῆς
1600 2977 1884 3048 ἐδιδάχθη-

314 3089 433 3142 μεν.

1999 613 2094 652 Sua
2132 600 2215 653 vel
2246 601 2651 658 inl‘onsissimos
2688 616 2898 659 moveat
2927 616 2978 661 et
3008 614 3226 661 terreat.

2071 689 2343 760 Cltrysost.
2380 693 2522 748 Fieri
2549 696 2762 765 nequit,
2803 698 2934 766 quin
2979 699 3070 767 qui
3106 700 3323 757 virtutis
3355 702 3569 758 studio-

1998 798 2092 838 sus
2115 792 2218 848 est,
2245 800 2407 853 quam
2443 787 2626 852 plures
2669 789 2852 844 hostes
2881 789 3101 845 sentiat.
3137 789 3242 845 Sed
3293 793 3428 846 nihil
3466 794 3570 849 hoc

1998 877 2184 930 virtuti
2225 877 2467 931 deditum
2516 891 2696 934 movet
2748 898 2762 935 :
2820 882 2899 938 sic
2950 883 3094 937 enim
3153 884 3314 956 longe
3366 886 3568 942 clarior

1995 970 2205 1023 evadet.

2075 1062 2220 1117 Multi
2281 1081 2423 1134 smpe
2459 1083 2578 1121 cum
2641 1069 2895 1123 virtu'em
2950 1079 3171 1139 pr0pter
3211 1069 3429 1126 labores
3486 1069 3570 1124 l'u-

1998 1162 2164 1227 giant,
2198 1173 2421 1230 propter
2454 1163 2746 1231 gloriosam
2799 1179 2918 1230 quae
2940 1178 3004 1216 ex
3037 1161 3336 1219 virtutibus
3364 1179 3562 1233 prove-

1997 1256 2076 1304 nit
2107 1252 2302 1306 famam
2336 1255 2584 1308 laborare
2615 1254 2828 1308 volunt.

2071 1345 2196 1408 Deo,
2233 1361 2337 1398 non
2391 1347 2534 1414 quod
2591 1348 2921 1400 necessitate
2954 1345 3034 1412 lit,
3065 1357 3279 1416 gratum
3302 1359 3408 1410 est,
3466 1349 3560 1404 sed

1995 1438 2138 1494 quod
2175 1439 2397 1492 virtutis
2429 1438 2612 1492 studio
2646 1449 2788 1493 recte
2826 1439 3056 1508 geritur.
3085 1438 3273 1494 Virtus
3302 1449 3480 1494 autem
3506 1443 3560 1494 in

1995 1531 2299 1584 voluntaria
2338 1530 2628 1594 electione,
2671 1546 2780 1584 non
2810 1532 3136 1587 ιιιθουεδίιίιιθ
3167 1531 3440 1586 consistit.

2065 1620 2332 1676 Virtutem
2369 1637 2476 1676 non
2508 1623 2681 1685 locus,
2705 1623 2796 1677 sed
2853 1624 3032 1676 locum
3085 1623 3260 1678 virtus
3292 1624 3566 1679 illustrare

1993 1722 2190 1781 potest.

2065 1803 2192 1858 Vitii
2252 1820 2446 1859 cursus
2503 1805 2781 1869 inhibitus,
2813 1805 3138 1874 principium
3168 1815 3252 1862 est
3291 1806 3435 1876 ejus,
3471 1805 3563 1876 qui

1995 1895 2058 1950 ad
2105 1899 2355 1949 virtutem
2390 1897 2464 1958 lit,
2505 1912 2706 1952 morus.

2069 1988 2255 2045 Virtus
2285 1991 2588 2045 dominium
2635 2008 2740 2045 non
2781 1999 3084 2058 exspectat,
3123 1990 3216 2045 sed
3256 1987 3561 2044 voluntaria

1991 2089 2095 2145 est,
2124 2090 2175 2134 et
2207 2083 2274 2134 ab
2301 2085 2447 2138 omni
2471 2084 2802 2137 necessitate
2831 2084 3020 2138 libera.

2062 2171 2525 2236 Quemadmodum
2583 2176 2704 2228 vitae
2745 2175 2865 2228 ﬁnis
2914 2175 3104 2230 mortis
3157 2175 3372 2230 initium
3427 2189 3504 2231 ρει
3541 2215 3558 2241 ,

1992 2257 2070 2308 sic
2102 2257 2144 2311 si
2172 2275 2366 2313 rursus
2397 2261 2611 2314 virtutis
2663 2263 2915 2326 sistatur,
2958 2262 3168 2316 initium
3206 2262 3262 2316 ﬁt
3291 2263 3428 2332 ejus,
3466 2267 3556 2332 qui

1992 2349 2056 2402 ad
2090 2350 2217 2403 vilia
2250 2351 2439 2412 tendit,
2481 2368 2692 2405 cursus.

2066 2442 2188 2495 Mali
2254 2442 2609 2505 abalienatio,
2645 2443 3026 2500 familiaritatis
3064 2460 3189 2500 cum
3218 2444 3362 2500 bono
3396 2459 3559 2500 ocra-

1989 2532 2198 2586 sionetn
2232 2544 2280 2587 et
2314 2550 2498 2589 ansam
2529 2536 2754 2604 prmbet.

2066 2623 2140 2677 Ex
2171 2625 2328 2680 malis
2381 2626 2631 2691 evadere,
2673 2639 2754 2683 est
2795 2631 2932 2684 intra
2965 2629 3104 2685 bona
3135 2629 3455 2685 consistere.

2065 2797 2325 2855 Virtutem
2396 2801 2625 2859 infinitis
2659 2805 2948 2858 sudoribus
3003 2815 3056 2860 et
3125 2805 3409 2861 laboribus
3472 2807 3561 2862 vix

1991 2891 2222 2957 acquiri,
2283 2893 2463 2948 studio
2512 2908 2578 2948 ac
2636 2894 2955 2964 fatigatione
2981 2897 3068 2950 vix
3122 2907 3267 2952 ret-te.
3319 2898 3559 2954 admitti-

1988 2980 2150 3035 strari
2184 2997 2366 3051 posse,
2397 2999 2461 3038 ex
2484 2985 2657 3040 sacris
2686 2985 2904 3042 Litteris
2929 2988 3239 3045 didicimus.

384 3168 595 3229 Κακίας
625 3164 799 3233 ἔξοδος
832 3165 1035 3234 ἀρετῆς
1070 3165 1276 3217 εἴσοδον
1320 3164 1633 3232 ἐργάζεται,
1679 3163 1756 3228 ὡς
1789 3167 1884 3219 καὶ
1910 3181 1954 3240 α

2058 3160 2319 3218 Philonis.
2369 3161 2734 3228 improbitatis
2778 3165 2958 3220 exitus
3022 3165 3238 3221 virtut‘s
3271 3166 3558 3221 introitum

310 3258 622 3313 τούναντίον
652 3257 1026 3318 ὑπεκστάντος
1056 3256 1284 3324 ἀγαθοῦ,
1315 3256 1374 3309 τὸ
1395 3254 1685 3326 ἐφεδρεῦον
1708 3257 1880 3311 κακὸν

312 3349 714 3420 ἐπεισέρχεται.

393 3444 613 3512 ’Δρεταὶ
663 3443 822 3510 μόναι
851 3442 918 3494 τά
959 3442 1068 3493 τῶν
1112 3442 1415 3509 ἀνθρώπων
1442 3439 1749 3513 πράγματα
1779 3456 1880 3492 κυ-

309 3535 508 3605 ϐερνᾷν
532 3535 872 3588 ἐπίστανται.

391 3629 453 3680 Ἦ
485 3629 686 3698 θεωρία
713 3628 812 3696 τῆς
837 3629 1036 3700 ἀρετῆς
1058 3629 1336 3701 παγκάλη,
1362 3632 1456 3683 καὶ
1490 3631 1523 3701 ἡ
1552 3628 1750 3700 πρᾶξις
1785 3629 1880 3682 καὶ

307 3724 342 3792 ἡ
376 3721 570 3790 χρῆσις
613 3722 1008 3792 περιμάχητος.

381 3903 553 3970 Χαῖρε
583 3901 681 3967 τὴν
716 3902 917 3972 ἀρετὴν
946 3904 1107 3968 ἡνίκα
1139 3920 1419 3974 πράττειςο
1457 3903 1592 3956 ἀλλὰ
1624 3903 1697 3972 μὴ
1724 3902 1880 3955 ἐπαί-

309 4007 427 4063 ρου,
467 3991 540 4060 μή
580 4008 709 4043 ποτε
735 3991 796 4044 τὸ
817 3991 1074 4058 ναυάγιον
1106 3993 1162 4044 ὲν
1193 3991 1272 4061 τῷ
1311 3991 1489 4062 λιμένι
1525 3991 1770 4063 γένηται.

380 4081 499 4147 Χρὴ
531 4080 629 4148 τὴν
673 4080 875 4150 ἀρετὴν
937 4082 1010 4151 μὴ
1051 4082 1310 4151 χωλεύειν
1365 4082 1490 4136 καθ’
1521 4082 1736 4152 ἕτερον,
1767 4082 1880 4134 ἀλλ’

307 4173 457 4244 ἔργῳ
489 4173 585 4225 καὶ
616 4172 758 4242 λόγῳ
787 4172 953 4244 ὀρθὴν
1011 4177 1108 4226 καὶ
1149 4175 1569 4246 ἀπηρτισμένην
1615 4171 1734 4227 κατ’
1774 4175 1914 4244 die:

312 4268 518 4335 φότερα
569 4260 728 4318 εἶναι.

381 4358 494 4411 Οὐκ
527 4356 603 4408 ἔνι
635 4359 698 4408 ὲκ
729 4354 823 4408 τοῦ
853 4355 1194 4425 παραχρῆμα
1240 4354 1541 4424 λαμϐάνειν
1591 4353 1692 4418 τὰς
1752 4354 1880 4424 ἀρε-

1985 3251 2166 3313 elllcit,
2223 3253 2681 3321 quemadmodum
2721 3264 2775 3309 et
2809 3255 2925 3310 vice
2971 3270 3148 3318 versa,
3199 3256 3244 3310 si
3277 3256 3446 3310 virtus
3475 3254 3561 3310 vel

1983 3345 2185 3398 bonum
2212 3345 2520 3407 recesserit,
2547 3347 2692 3400 malo
2719 3361 2973 3400 accessus
3007 3355 3172 3414 patet.

2053 3435 2192 3489 Solze
2223 3435 2454 3492 virtutes
2514 3436 2793 3490 hominum
2843 3439 3062 3508 negotia
3106 3443 3411 3510 gubernare
3464 3461 3560 3502 no-

1980 3536 2198 3581 verunt.

2057 3621 2278 3675 Virtutis
2304 3620 2690 3690 contemplatio
2713 3621 2868 3692 longe
2892 3621 3256 3690 pulcherrirna
3277 3635 3380 3689 est,
3405 3628 3556 3697 ejus-

1981 3713 2101 3767 dem
2126 3727 2252 3767 vero
2280 3728 2410 3766 usus
2433 3721 2487 3765 et
2509 3712 2650 3767 actio
2665 3711 2823 3784 digna
2852 3721 2997 3781 sunt,
3025 3714 3092 3769 de
3113 3717 3310 3786 quibus
3341 3732 3558 3777 summo

1981 3805 2338 3860 contendatur
2366 3805 2568 3858 studio.

2060 3895 2196 3951 Nili.
2231 3895 2416 3952 Gaude
2468 3912 2592 3950 cum
2636 3896 2853 3950 virtutis
2893 3911 3030 3965 opus
3071 3898 3211 3964 edis,
3246 3900 3335 3953 sed
3363 3916 3431 3956 ne
3457 3918 3558 3958 ex-

1982 3987 2212 4048 tollaris,
2246 4003 2312 4038 ne
2347 3987 2484 4040 forte
2506 3986 2841 4058 naufragium
2884 3988 2936 4042 in
2972 3998 3128 4057 portu
3153 3989 3341 4045 facias.

2053 4079 2260 4150 Cyrilli.
2290 4078 2556 4134 Virtutem
2597 4093 2703 4132 non
2739 4087 2953 4148 oportet
2980 4080 3291 4134 claudicare
3346 4095 3374 4133 a
3406 4093 3558 4149 parte

1981 4175 2174 4237 altera,
2217 4175 2310 4230 sed
2348 4183 2454 4227 tam
2484 4173 2644 4227 dictis
2671 4188 2834 4242 quam
2874 4171 3032 4228 factis
3088 4186 3293 4227 reetam
3328 4181 3381 4227 et
3415 4175 3560 4230 inte-

1983 4282 2132 4336 gram
2171 4266 2428 4334 utrinque
2457 4281 2599 4320 esse.

2053 4359 2295 4412 Virtutes
2327 4357 2472 4411 illico
2497 4358 2710 4426 assequi
2738 4357 3077 4424 impossibile
3104 4367 3204 4412 est.
3252 4357 3358 4428 16
3405 4357 3558 4424 Quo-

302 4451 424 4511 τάς.
461 4449 724 4518 Σμικροτς
747 4447 852 4517 γὰρ
885 4447 952 4500 τὰ
981 4449 1213 4516 μέγιστα
1246 4447 1361 4510 πῶς
1385 4445 1451 4500 ἄν
1475 4463 1558 4509 τις
1588 4445 1761 4498 ἕλοιτο
1787 4446 1882 4499 πό-
1911 4513 1950 4521 __

1997 4451 2147 4505 modo
2209 4450 2353 4504 enim
2408 4464 2570 4518 quam
2613 4449 2856 4504 minimis
2908 4450 3183 4505 laboribus
3236 4465 3326 4504 res
3393 4451 3555 4521 longe

306 4556 480 4591 νοισιν
507 4555 520 4604 ;

377 4633 616 4700 Βραχεϊα
686 4635 718 4701 ἡ
777 4633 968 4702 ἀρετὴ,
1025 4634 1118 4685 καὶ
1181 4633 1361 4703 ὄρθιος
1409 4628 1565 4703 οἶμος
1612 4637 1709 4688 ἐπ’
1777 4639 1878 4693 αὖ·

302 4723 426 4790 τὴν,
465 4721 558 4775 καὶ
612 4724 712 4776 οὐκ
761 4722 826 4776 ἄν
851 4740 933 4781 τις
961 4723 1137 4777 ἕλοιτο
1166 4725 1370 4793 ταύτην
1405 4725 1530 4796 δίχα
1560 4727 1726 4781 πόνου
1777 4747 1880 4798 μα-

303 4814 462 4884 κροῦ.

381 4905 588 4968 Μισθὸς
622 4905 825 4976 ἀρετῆς
866 4906 1108 4970 ἔπαινος.

383 5021 444 5073 Ol
471 5020 700 5088 πονηροὶ
729 5021 836 5074 τῶν
865 5020 1191 5091 ἀνθρώπων,
1231 5021 1335 5076 κᾶν
1383 5024 1732 5095 χρηστότητά
1757 5042 1879 5079 τινα

308 5109 777 5177 ὲπαγγέλλωνται,
813 5111 899 5163 διὰ
929 5112 1019 5164 τὸν
1052 5113 1253 5179 τρόπον
1277 5113 1338 5166 οὐ
1371 5115 1734 5170 πιστεύονται.

395 5226 712 5294 ’Δνδριάντα
739 5225 840 5294 μὲν
869 5227 927 5278 τὸ
957 5227 1164 5296 σχῆμα,
1193 5228 1362 5298 ἄνδρα
1412 5229 1468 5282 δὲ
1497 5231 1529 5299 ή
1559 5231 1756 5300 πρᾶξις
1788 5250 1878 5284 κο-

310 5318 460 5386 σμεῖ.

378 5425 566 5485 Οὕτως
597 5427 696 5497 ζῇν
725 5429 1013 5498 προαιροῦ,
1049 5431 1124 5492 ὡς
1160 5432 1298 5500 μήτε
1352 5431 1458 5484 ὑπὸ
1504 5432 1614 5486 τῶν
1645 5436 1878 5487 δυνατω-

307 5519 481 5587 τέρων
515 5521 972 5590 καταφρονεῖσθαι
1003 5524 1140 5590 μήτε
1169 5525 1284 5587 τοῖς
1314 5523 1765 5596 καταδεεστέρως
1787 5544 1881 5594 φο-

312 5609 469 5678 ϐερὸς
494 5604 656 5663 εἶναι.

382 5719 458 5775 Εὖ
474 5738 558 5774 σοι
586 5721 646 5774 τὸ
682 5721 874 5792 μέλλον
903 5721 1032 5790 ἔξει,
1071 5723 1136 5778 ἂν
1167 5724 1227 5777 τὸ
1268 5723 1437 5796 παρὸν
1463 5719 1523 5779 εὖ
1553 5725 1730 5798 τιθῇς.

1910 4513 1962 4573 D
1991 4543 2253 4596 maximas
2272 4542 2465 4610 aliquis
2499 4543 2714 4608 assequi
2745 4552 2902 4606 queat
2929 4541 2951 4593 ?

2058 4635 2258 4703 Aspera
2297 4633 2469 4688 virtus
2517 4644 2633 4698 est,
2664 4643 2718 4687 et
2750 4636 2970 4689 acclivis
3010 4635 3077 4689 ad
3109 4634 3281 4703 ipsam
3316 4635 3426 4702 via,
3454 4650 3558 4691 nec

1985 4742 2104 4781 eam
2137 4727 2261 4796 quis
2289 4727 2495 4794 absque
2528 4727 2687 4795 longo
2715 4726 2904 4782 labore
2933 4729 3039 4784 sibi
3071 4729 3492 4800 comparaverit.

2056 4905 2284 4976 Synesii.
2325 4906 2556 4964 Virtutis
2591 4923 2801 4964 merces
2829 4908 2948 4965 laus
2984 4919 3088 4965 est.

2055 5020 2210 5076 Malis
2243 5021 2574 5086 hominibus,
2602 5021 2727 5074 licet
2764 5021 2887 5075 boni
2930 5022 3138 5092 aliquid
3169 5023 3547 5093 polliceantur,
3610 5003 3620 5071 ί

1987 5124 2203 5183 propter
2231 5129 2410 5168 mores
2435 5122 2612 5167 tamen
2651 5113 2784 5168 ﬁdes
2811 5129 2917 5167 nou
2947 5115 3196 5170 habt-tur.

2059 5226 2358 5279 Plutarchi.
2413 5225 2657 5281 Statuam
2702 5228 2922 5297 quidem
2985 5228 3176 5300 ﬁgura,
3213 5227 3390 5282 virum
3418 5242 3550 5285 vero

1989 5318 2103 5386 ipsa
2139 5319 2282 5372 actio
2312 5327 2488 5372 ornat.

2057 5429 2134 5484 lta
2189 5430 2371 5484 vivere
2424 5431 2715 5498 instituas,
2749 5442 2809 5486 ut
2867 5447 3043 5504 neque
3085 5447 3116 5488 a
3153 5433 3551 5504 potentioribus

1985 5523 2376 5587 contemnaris,
2409 5540 2584 5594 neque
2618 5525 2969 5580 inferioribus
2999 5526 3324 5586 metuendus
3347 5526 3445 5582 sis.

2057 5725 2327 5779 Isocratis.
2362 5724 2504 5780 Bene
2537 5727 2630 5780 tibi
2685 5727 2864 5784 futura
2913 5731 3185 5796 evenient,
3232 5730 3278 5786 si
3314 5746 3556 5801 praesen-

1990 5817 2059 5869 tia
2091 5817 2226 5872 bene
2248 5817 2604 5886 disposueris.
