4034 6406
441 355 550 422 795

1716 346 2038 404 ANTONII
2070 344 2415 404 Il‘lELlSS/E

3589 327 3681 385 296

513 468 868 526 Demonactis.
911 467 1137 520 Virtutis
1175 465 1352 532 potius
1401 464 1664 531 imagines
1725 461 1820 515 tibi
1866 460 2042 525 velisj

2173 457 2372 509 Βούλου
2399 455 2497 516 τὰς
2515 453 2617 521 τῆς
2642 450 2844 520 ἀρετῆς
2871 449 3087 509 εἰκὸνας
3145 445 3512 514 ὑπομνήματα
3550 443 3683 510 μᾶλ-

445 567 795 614 mouumenta
824 555 1154 626 relinquere,
1194 569 1355 622 quam
1393 552 1660 620 corporis.

518 650 747 704 Tantum
787 651 850 703 ad
886 649 1134 702 virtutem
1168 646 1413 715 adjicies,
1455 651 1718 714 quantum
1748 639 2006 709 voluptao

448 742 591 795 tibus
625 740 910 794 ademeris.

515 831 695 900 Turpe
749 841 834 887 est
876 833 926 885 iu
985 832 1104 888 aliis
1162 831 1393 901 probare
1451 830 1699 891 virtutes,
1749 827 1892 880 intra
1952 837 2013 880 se

446 923 605 976 etiam
644 923 844 977 habere
873 923 1020 976 vitia.
1454 935 1463 942 ’

520 1013 746 1068 Biantis.
797 1014 971 1067 Tarde
991 1015 1281 1084 aggredere
1329 1012 1558 1081 agenda,
1589 1023 1878 1081 aggressus
1907 1023 2002 1062 au-

450 1113 554 1157 tem
585 1113 897 1159 constanter
928 1119 1045 1172 age.

2115 551 2204 603 λον
2232 549 2264 618 ἢ
2295 547 2389 600 τοῦ
2429 544 2684 613 σώματος
2713 541 3055 595 καταλιπεῖν.

2187 639 2453 693 Τοσοῦτον
2489 637 2570 698 είς
2594 635 2798 706 ἀρετὴν
2842 632 3199 702 προσθήσεις,
3233 630 3357 682 ὅσον
3387 625 3454 682 ἂν
3485 624 3693 695 ὑφέλῃς

2119 733 2224 787 τῶν
2243 731 2467 800 ἡδονῶν.

2191 825 2430 894 Αἰσχρδν
2464 823 2562 893 μὲν
2589 823 2646 876 ὲν
2690 820 2870 883 ἄλλοις
2901 815 3266 888 ἀποδέχεσθαι
3320 812 3418 877 τὰς
3463 811 3692 882 ἀρετὰς,

2126 919 2182 970 ὲν
2213 918 2422 977 ἑαυτοῖς
2451 915 2506 968 δὲ
2537 912 2684 981 ἔχειν
2715 912 2816 974 τὰς
2842 911 3062 971 κακίας.

2183 1007 2438 1077 Βραδέως
2474 1005 2848 1075 ἐγχείρειτοίς
2891 999 3309 1074 πραττομένοις,
3361 994 3698 1066 ἐγχειρήσας

2118 1101 2196 1164 δὲ,
2228 1099 2434 1166 πρᾶττε
2462 1096 2720 1167 βεϐαίως.

515 1239 789 1307 Euripidis
821 1242 924 1311 (t).
960 1239 1202 1311 Tempus
1253 1256 1359 1295 non
1388 1240 1529 1295 delet
1577 1239 1833 1308 reliquias
1865 1239 2128 1292 honorum
2161 1238 2439 1303 virorum;
2470 1240 2562 1294 sed
2594 1239 2766 1295 virtus
2787 1240 2951 1294 etiam
2986 1236 3040 1290 in
3078 1232 3308 1290 mortuis
3340 1228 3587 1298 refulget.

519 1335 852 1404 Theognidis.
885 1337 1035 1391 Multi
1081 1337 1278 1391 divites
1325 1345 1455 1390 sunt
1488 1336 1637 1399 mali,
1662 1335 1789 1390 boni
1825 1345 2004 1388 autem
2038 1347 2328 1403 pauperes.
2383 1330 2489 1389 Sed
2531 1347 2632 1388 nos
2665 1347 2790 1388 cum
2827 1332 2933 1386 illis
2965 1345 3074 1385 non
3111 1324 3544 1403 permutabimus
3588 1321 3702 1376 vir-

450 1438 564 1483 tute
588 1429 806 1483 divitias
841 1446 854 1480 :
895 1445 1020 1482 nam
1060 1428 1152 1483 illa
1185 1444 1397 1494 semper
1421 1428 1630 1480 stabilis
1650 1435 1750 1481 est.

523 1523 791 1579 Pecunias
817 1531 995 1576 auten.
1024 1524 1302 1576 hominum
1329 1522 1465 1576 alias
1498 1521 1634 1573 alius
1669 1519 1848 1573 habet.

521 1667 742 1720 Aristot.
781 1660 868 1715 Dei
924 1659 1140 1728 quidem
1185 1669 1266 1714 est
1305 1674 1464 1728 agere
1491 1675 1610 1724 qua:
1651 1659 1767 1710 vult
1801 1675 1815 1710 :
1847 1655 2020 1710 homi-

2203 1654 2338 1709 Θεοῦ
2378 1657 2476 1725 μὲν
2507 1653 2622 1706 ἔστι
2660 1653 2920 1720 πράττειν
2947 1649 2984 1704 ἃ
3017 1647 3284 1718 βούλεται·
3325 1639 3618 1712 ἀνθρώπου
3643 1638 3702 1694 δὲ

451 1756 536 1811 nis
561 1764 737 1808 autem
767 1770 828 1808 ea
853 1769 973 1822 quin
997 1753 1247 1806 convenit
1270 1752 1452 1805 animo
1489 1767 1835 1818 praesumere.

525 1848 773 1914 Procopii
805 1846 1052 1899 rhetoris.
1092 1845 1225 1897 Boni
1259 1845 1572 1897 indecorum
1600 1843 1802 1910 aliquid
1829 1840 2028 1897 facien-

453 1949 553 2003 tes,
587 1954 811 2008 peccare
846 1938 1154 1991 volentibus
1187 1937 1498 2003 exemplum
1533 1936 1691 1987 fiunt.

526 2031 639 2086 Viri
687 2034 915 2087 virtutes
963 2045 1069 2084 non
1137 2029 1438 2098 principio,
1474 2027 1568 2082 sed
1621 2027 1725 2080 ﬁne
1757 2027 2028 2079 actionum

453 2123 784 2179 iudicantur.

527 2211 761 2268 Maxime
797 2213 999 2267 bonum
1047 2211 1317 2282 peculium
1349 2221 1432 2266 est
1491 2210 1760 2280 cujusque
1817 2211 2030 2280 propria

456 2305 657 2359 virtus.

530 2393 717 2464 Neque
745 2394 1053 2448 convivium
1083 2393 1199 2449 sine
1227 2394 1545 2457 concordia,
1602 2407 1778 2464 neque
1822 2391 2031 2448 divitiae

458 2489 578 2540 sine
607 2487 802 2540 virtute
828 2485 1117 2542 delectant.

535 2575 744 2630 Donum
798 2577 945 2631 aliud
999 2580 1199 2633 virtute
1248 2577 1421 2648 majus
1476 2577 1736 2633 divinitus
1769 2579 1886 2633 dari
1924 2594 2030 2633 non

459 2676 660 2738 potest.

531 2756 706 2812 Unica
738 2759 913 2814 virtus
938 2767 1022 2814 est
1049 2773 1265 2828 semper
1287 2757 1473 2829 fugere
1505 2758 1819 2814 indecorum
1853 2767 1908 2814 et
1941 2762 2036 2815 ab-

458 2849 715 2904 surdum.

540 2941 706 2994 Deum
741 2939 942 3008 optime
974 2937 1141 3004 coles,
1198 2953 1322 2993 cum
1377 2948 1612 2994 mentem
1643 2939 1750 2995 Deo
1795 2941 2026 2995 similem

457 3033 702 3091 effeceris
734 3047 829 3102 per
875 3034 1149 3087 virtutem.
1182 3031 1306 3088 Sola
1331 3034 1472 3089 enim
1496 3034 1669 3089 virtus
1691 3037 1930 3089 animum
1961 3035 2026 3090 ad
2059 3006 2102 3065 θ

457 3129 510 3184 ἱιΙ
539 3125 682 3196 quod
716 3125 764 3177 ei
794 3134 1080 3193 cognatum
1109 3134 1191 3178 est
1223 3127 1409 3180 trahit.

529 3215 709 3270 Malim
742 3213 960 3267 virtutis
1001 3215 1396 3283 testimonium,
1437 3233 1600 3288 quam
1639 3217 2029 3273 abundantiam

458 3324 619 3378 opum
646 3308 778 3363 mihi
811 3305 1081 3360 exhiberi.
1121 3306 1256 3361 Illud
1288 3308 1432 3362 enim
1482 3309 1636 3362 bona:
1683 3310 1901 3371 mentis,
1931 3309 2033 3363 hoc

459 3411 634 3454 autem
669 3398 901 3452 fortuna:
931 3396 1205 3453 allluentis
1242 3402 1548 3454 eucomium
1575 3399 1876 3455 videbitur;
1904 3401 2033 3455 [Iwc

459 3493 719 3546 sententia
749 3493 802 3546 in
837 3490 1019 3545 erco
1071 3491 1360 3561 exemplari
1420 3509 1523 3546 non
1567 3504 1703 3548 recte
1752 3497 2036 3550 ascribitur

461 3584 764 3655 Theognidi.

780 3695 884 3766 17
917 3693 1146 3750 SERMO
1187 3694 1300 3750 Vlll
1332 3693 1430 3767 [αι.
1465 3693 1686 3767 xxm].

654 3809 733 3864 De
763 3810 1046 3879 sapientia,
1071 3817 1120 3862 et
1152 3808 1440 3873 intellectu,
1461 3820 1508 3862 et
1527 3799 1824 3879 prudentia.

536 3923 730 3979 Matth.
757 3939 812 3977 ι.
847 3923 1033 3977 Estote
1069 3923 1363 3992 prudentes
1394 3923 1570 3979 instar
1591 3929 1947 3996 serpentium,
1981 3935 2037 3982 et

464 4016 740 4085 simplices
771 4025 830 4068 ut
863 4014 1145 4069 columbte.

536 4106 563 4159 ι
588 4105 708 4160 Cor.
744 4121 851 4159 xiv.
885 4104 1002 4159 Non
1053 4115 1312 4171 mentem,
1365 4108 1455 4161 sed
1490 4108 1754 4162 malitiam
1801 4109 2036 4164 infantes

464 4211 587 4248 esse
621 4195 827 4248 debetis
859 4209 874 4248 :
909 4195 1108 4250 animis
1133 4205 1314 4250 autem
1349 4197 1574 4265 perfecti
1609 4207 1744 4252 este.

538 4285 699 4340 Prov.
738 4301 814 4340 Ill.
851 4285 1041 4339 Beatus
1069 4286 1230 4339 homo
1268 4288 1360 4356 qui
1383 4287 1590 4342 invenit
1611 4290 1949 4358 Sapientiam,
1982 4298 2036 4342 et

399 4413 402 4418 -
470 4375 717 4430 ιμοιιειίε
749 4375 840 4444 qui
870 4373 1003 4428 vidit
1033 4374 1373 4442 prudentiam
1405 4393 1418 4428 :
1445 4385 1662 4444 praestat
1691 4376 1834 4429 enim
1861 4376 2030 4443 ipsam

467 4468 769 4534 acquirere,
806 4482 968 4536 quam
1018 4467 1134 4520 auri
1179 4478 1232 4520 et
1281 4467 1490 4535 argenti
1539 4467 1860 4533 thesauros;
1915 4483 2037 4536 pre.

467 4559 657 4614 tiosior
680 4566 762 4612 est
819 4558 1000 4626 magni
1049 4558 1204 4627 pretii
1248 4559 1507 4626 gemmis;
1548 4559 1700 4610 facile
1727 4560 2037 4624 agnoscitur

467 4649 721 4702 omnibus
749 4648 1075 4702 adeuntibus
1101 4663 1219 4701 eam
1247 4663 1261 4710 ;
1299 4649 1431 4700 nihil
1463 4660 1642 4701 autem
1695 4659 1800 4701 tam
1837 4651 2038 4715 pretio-

473 4757 591 4797 Sum
631 4728 908 4808 estfquod
963 4739 1132 4808 ipsius
1179 4741 1412 4808 pretium
1445 4740 1718 4808 adazquel.
1761 4739 2040 4794 Diuturni-

470 4841 553 4887 tas
579 4831 723 4884 enim
761 4840 813 4884 et
837 4830 963 4884 anni
997 4831 1118 4886 vitae
1153 4832 1208 4884 in
1235 4831 1458 4886 dextera
1492 4831 1647 4900 ejus;
1695 4831 1748 4884 in
1779 4831 1908 4885 laeva
1945 4847 2046 4885 au-

471 4932 603 4988 tem,
632 4937 762 4984 opes
785 4931 840 4978 et
868 4923 1060 4992 gloria.
1109 4925 1184 4978 Ex
1221 4940 1316 4979 ore
1341 4924 1459 4994 ejus
1495 4924 1706 4993 justitia
1760 4926 2042 4995 progredi~

472 5015 791 5084 tur;legem
844 5028 899 5070 et
951 5017 1378 5070 misericordiam
1411 5017 1466 5070 in
1510 5018 1692 5087 lingua
1749 5016 1870 5072 fert.
1933 5018 2043 5071 Vi'e

472 5106 590 5173 ejus
619 5106 720 5160 vite
750 5116 879 5161 sunt
933 5108 1175 5174 pulchras
1196 5147 1212 5174 ,
1245 5115 1302 5163 et
1328 5123 1518 5162 omnes
1547 5110 1753 5162 semita:
1786 5110 1959 5178 ipsius
1987 5110 2038 5163 in

475 5210 624 5264 pace.

552 5284 709 5339 Prov.
749 5301 840 5341 xv.
865 5285 963 5341 Vir
1013 5290 1253 5357 prudens
1310 5289 1547 5345 directus
1580 5289 1896 5360 ingreditur.

547 5374 710 5429 Prov.
740 5393 814 5431 IV.
843 5379 1077 5446 Acquire
1111 5379 1460 5448 sapientiam,
1489 5389 1542 5434 et
1573 5382 1908 5436 intellectum
1937 5380 2036 5436 tibi

475 5479 763 5536 compara;
801 5483 868 5522 ne
900 5468 1239 5526 obliviscaris
1264 5512 1279 5539 ,
1317 5481 1375 5528 ut
1426 5473 1587 5544 capiti
1647 5483 1740 5529 tuo
1777 5490 2039 5531 coronam

477 5556 566 5613 det
593 5557 910 5627 gratiarum.

552 5749 626 5833 (l)
665 5761 851 5819 erca
886 5762 1102 5820 desunt.

2131 1751 2198 1803 τὰ
2235 1750 2423 1802 δέοντα
2451 1746 2876 1817 προθυμεῖσθαι.

2201 1841 2266 1893 Ol
2319 1841 2535 1908 ἁγαθοὶ,
2573 1841 2647 1909 μὴ
2713 1838 2772 1890 τὸ
2829 1836 3103 1906 προσῆκον
3151 1833 3451 1896 ποιοῦντες,
3519 1835 3704 1902 παρά-

2132 1935 2332 2002 δειγμα
2385 1922 2698 2004 πρόκεινται
2754 1933 2868 1994 τοῖς
2922 1931 3268 2000 πλημμελεῖν
3323 1926 3698 1997 βουλομένοις.

2214 2024 2434 2092 Ἀνδρὸς
2475 2023 2673 2092 ἀρετὴν
2703 2023 2805 2075 οὐκ
2837 2022 3136 2091 ἀρχόμεναι
3171 2019 3427 2092 δηλοῦσιν
3461 2019 3519 2071 al
3555 2016 3701 2088 πρά·

2135 2118 2268 2182 ξεις,
2303 2115 2438 2169 ἀλλὰ
2467 2117 2795 2168 τελευτῶσαι
2819 2114 3137 2184 μηνύουσιν.

2204 2209 2481 2276 Μέγιστον
2524 2207 2730 2276 ἀγαθὸν
2765 2208 2953 2278 κτῆμά
3002 2210 3151 2261 ἐστιν
3180 2205 3470 2276 ἑκάστουὴ
3526 2204 3709 2262 οἰκεία.

2132 2299 2324 2369 ἀρετή.

2204 2390 2342 2443 Οὔτε
2373 2393 2675 2462 συμπόσιον
2699 2392 2830 2446 ἄνευ
2867 2392 3142 2463 ὁμονοίας,
3191 2390 3315 2445 οὔτε
3339 2391 3566 2453 πλοῦτος
3593 2407 3706 2462 χω·

2138 2487 2238 2556 ρὶς·
2257 2488 2456 2557 ἀρετῆς
2489 2486 2680 2557 ἡδονὴν
2710 2489 2846 2558 ἔχει.

2204 2580 2388 2648 Δῶρον
2416 2580 2542 2634 ἄλλο
2597 2580 2783 2650 μεῖζον
2831 2580 3033 2651 ἀρετῆς
3062 2579 3162 2633 ούκ
3191 2578 3308 2632 ἔστι
3373 2578 3524 2647 παρὰ
3559 2576 3696 2629 Θεοῦ

2133 2671 2346 2726 λαϐεῖν.

2206 2765 2322 2820 Μία
2363 2765 2512 2820 ἐστὶν
2545 2765 2736 2835 ἁρετὴ,
2773 2765 2834 2816 τὸ
2861 2765 3061 2819 ἄτοπον
3091 2763 3316 2832 φεύγειν
3348 2763 3458 2816 ἀεί.

2205 2858 2472 2927 Τιμήσεις
2500 2858 2592 2910 τὸν
2622 2857 2754 2909 Θεὸν
2775 2859 2994 2927 ἄριστα,
3029 2857 3156 2910 ὅταν
3183 2855 3260 2925 τῷ
3305 2855 3423 2925 Θεῷ
3454 2855 3550 2924 τὴν
3589 2855 3707 2910 διάο

2135 2968 2284 3004 νοιαν
2317 2949 2594 3020 όμοιῶσῃς
2634 2951 2702 3003 δι’
2766 2951 2988 3020 ἀρετῆς.
3021 2950 3172 3020 Μόνη
3226 2949 3336 3019 γὰρ
3396 2948 3566 3020 ἀρετὴ
3603 2949 3703 3018 τὴν

2133 3042 2312 3112 ψυχὴν
2350 3043 2498 3097 ἕλκει
2535 3043 2672 3112 πρὸς
2701 3043 2761 3096 τὸ
2792 3046 3082 3112 συγγενές.

2157 3185 2164 3194 ι
2202 3221 2506 3292 Βουλοίμην
2529 3221 2573 3274 δ’
2605 3223 2670 3274 ἂν
2703 3222 2830 3290 περὶ
2856 3218 3056 3290 ἀρετῆς
3102 3217 3525 3288 μαρτυρηθῆναι
3570 3218 3708 3288 μᾶλ-

2132 3315 2224 3368 λον
2258 3315 2288 3384 ἢ
2323 3316 2452 3386 περὶ
2485 3315 2718 3367 πλούτου
2747 3313 3053 3383 δαψιλείας.
3112 3312 3187 3367 Τὸ
3231 3312 3332 3381 μὲν
3365 3312 3475 3380 γὰρ
3523 3312 3708 3381 ψυχῆς

2137 3405 2372 3476 ἀγαθῆς,
2403 3405 2463 3458 τὸ
2485 3404 2541 3459 δὲ
2575 3404 2743 3476 τύχης
2787 3403 3284 3475 περιουσιαζούσης
3321 3402 3596 3474 ἐγκώμιον
3624 3403 3714 3456 δύο

2134 3497 2235 3566 Est.

2753 3702 2973 3756 ΛΟΓΟΣ
3005 3705 3086 3759 H’.

2203 3816 2342 3883 Περὶ
2370 3815 2614 3884 σοφίας,
2645 3816 2741 3870 καί
2777 3817 3108 3885 συνέσεως,
3131 3818 3226 3872 καί
3257 3817 3633 3887 φρονήσεως.

2195 3929 2421 3982 Τίνεσθε
2467 3932 2718 3999 φρόνιμοι
2749 3930 2824 3992 ὡς
2868 3931 2917 3982 oi
2943 3929 3115 3999 ὄφεις,
3143 3930 3234 3982 κα)⁴
3269 3931 3518 4001 ἀκέραιοι
3551 3929 3626 3993 ὡς
3654 3931 3708 3981 al
3783 3977 3788 3982 ,

2137 4019 2474 4090 περιστεραί.

2205 4115 2295 4183 Μὴ
2333 4115 2518 4166 παιδία
2553 4114 2767 4181 γίνεσθε
2821 4117 2940 4178 ταῐς
2971 4116 3161 4184 φρεσίν
3189 4132 3202 4145 °
3233 4116 3371 4169 ἀλλὰ
3417 4118 3483 4184 τῇ
3539 4115 3711 4184 κακίᾳ

2134 4205 2446 4275 νηπιάζετε,
2485 4210 2604 4266 ταῖς
2643 4205 2697 4258 δὲ
2723 4207 2882 4275 φρεσὶ
2920 4207 3116 4259 τέλειοι
3147 4208 3384 4274 γίνεσθε.

2207 4295 2491 4365 Μακάριος
2544 4297 2830 4364 ἄνθρωπος
2860 4296 2918 4358 ὃς
2962 4292 3088 4365 εὗρε
3140 4298 3350 4365 σοφίαν,
3384 4297 3480 4351 καὶ
3513 4297 3707 4369 θνητὸς

2136 4385 2193 4448 ὃς
2223 4383 2330 4437 εἶδε
2358 4385 2636 4456 φρόνησιν.
2660 4388 2920 4454 Κρεῖττον
2951 4388 3060 4456 γὰρ
3083 4389 3252 4456 αὐτῆς
3278 4391 3709 4457 ἐμπορεύεσθαι,

2137 4477 2170 4546 ἢ
2205 4477 2431 4545 χρυσίου
2467 4477 2559 4529 καὶ
2608 4475 2872 4546 ἀργυρίου
2913 4476 3256 4546 θησαυρούς·
3297 4481 3607 4548 τιμιωτέρα
3653 4479 3711 4532 δέ

2139 4570 2253 4620 ἐστι
2301 4567 2464 4620 λίθων
2518 4567 2846 4621 πολυτελῶν.
2891 4567 3212 4636 Εὖγνωστός
3245 4571 3364 4622 ἐστι
3402 4573 3535 4624 πᾶσι
3591 4573 3710 4630 τοῖς

2141 4658 2452 4724 ἐγγίζουσιν
2497 4660 2802 4728 αύτῇ.Πᾶν
2849 4660 2906 4712 δὲ
2955 4661 3138 4727 τίμιον
3188 4662 3288 4713 οὐκ
3318 4662 3469 4727 ἀξιον
3512 4664 3709 4731 αὐτῆς.

2144 4749 2330 4817 Μῆκος
2361 4749 2468 4821 γὰρ
2493 4751 2606 4820 βίου
2643 4753 2737 4804 καὶ
2769 4751 2861 4820 ἔτη
2917 4750 3063 4819 ζωῆς
3110 4753 3168 4804 ὲν
3207 4755 3272 4822 τῇ
3321 4752 3472 4823 δεξιᾷ
3499 4755 3671 4822 αὐτῆς
3697 4770 3714 4785 ο

2141 4843 2199 4893 ὲν
2231 4841 2286 4894 δὲ
2315 4843 2381 4912 τῇ
2417 4844 2681 4912 ἀριστερᾷ
2724 4844 2892 4912 αὐτῆς
2927 4842 3159 4906 πλοῦτος
3189 4845 3283 4896 καὶ
3309 4843 3454 4908 δόξα.
3489 4843 3586 4898 Ἐκ
3619 4844 3714 4897 τοῦ

2142 4933 2408 5002 στόματος
2444 4934 2614 5002 αὐτῆς
2660 4933 3021 5003 ἐκπορεύεται
3061 4934 3376 5004 δικαιοσύνη
3404 4952 3418 4965 ·
3461 4936 3626 5002 νόμον
3657 4935 3715 4986 δὲ

2139 5025 2232 5077 καὶ
2272 5025 2418 5078 ἔλεον
2449 5027 2537 5078 ἐπὶ
2565 5025 2814 5096 γλώσσης
2848 5030 3024 5096 φορεῖ·
3061 5027 3118 5080 αί
3143 5027 3252 5080 ὁδοὶ
3281 5027 3453 5096 αὐτῆς
3487 5028 3594 5082 ὁδοὶ
3617 5043 3719 5080 κα-

2138 5115 2250 5180 λαὶ,
2286 5117 2379 5168 καὶ
2406 5118 2580 5169 πᾶσαι
2619 5118 2675 5170 αἱ
2708 5117 2883 5187 τρίόοι
2914 5117 3086 5188 αὐτῆς
3116 5118 3176 5171 ἐν
3214 5118 3434 5188 εἰρήνῃ.

2231 5297 2394 5368 Ἀνὴρ
2425 5298 2684 5368 φρόνιμος
2712 5298 3060 5353 κατευθύνων
3087 5298 3399 5369 πορεύεται.

2221 5388 2432 5456 Κτῆσαι
2469 5390 2681 5456 σοφίαν,
2709 5391 2806 5442 καὶ
2833 5389 3032 5459 κτῆσαι
3058 5390 3298 5443 σύνεσιν.
3327 5390 3419 5457 Μὴ
3462 5389 3717 5461 ἐπιλάϐῃ,

2148 5481 2238 5536 ἵνα
2267 5482 2340 5554 δῷ
2369 5483 2433 5552 τῇ
2463 5484 2529 5555 σῇ
2557 5483 2767 5555 κεφαλῇ
2801 5484 3065 5553 στέφανον
3092 5482 3354 5554 χαρίτων.
