4034 6404
310 394 412 456 797

1162 366 1332 460 [σοι
1366 400 1802 463 COMMUNES.
1836 427 1905 438 —
1944 402 2139 463 PARS
2184 403 2230 462 ι.
2277 402 2537 463 SERMO
2582 403 2687 465 ix.

3427 396 3537 466 798

375 511 530 565 Μετά
556 510 734 580 σοφῶν
758 509 1150 583 συμϐουλεύου,
1174 516 1265 565 καὶ
1298 513 1434 583 μετά
1461 516 1699 568 συνετῶν
1726 514 1868 568 ἔστω
1900 521 1920 575 Α

2050 514 2214 568 Eccli.
2271 531 2348 569 ιχ.
2410 515 2547 569 Cum
2600 513 2936 583 sapientibus
2993 514 3276 582 consulta,
3312 526 3365 571 et
3418 533 3539 572 cum

304 604 335 657 δ
366 602 715 672 διαλογισμός
749 619 866 658 σου.

373 692 541 762 Σοφία
563 693 710 747 ἐστὶν
735 695 929 765 ὲπιστή
939 712 1013 764 μη
1034 694 1194 748 θείων
1221 696 1315 749 καὶ
1343 696 1699 768 ἀνθρωπίνων
1729 715 1869 768 πρα-

301 786 548 855 γμάτων,
582 784 677 838 καὶ
706 784 814 838 τῶν
837 787 1044 849 τούτοις
1078 786 1286 842 αἰτίων.

375 875 609 930 Διπλοῦν
668 880 786 931 ἐστι
843 879 903 930 τὸ
955 879 1052 949 τῆς
1097 881 1412 950 φρονήσεως
1450 880 1639 948 ὄνομα.
1676 880 1741 933 Ἥ
1770 879 1872 949 μὲν

304 970 414 1038 γάρ
442 969 525 1031 τίς
569 969 691 1022 ἔστι
728 971 943 1041 φυλακὴ
989 971 1084 1024 τοῦ
1119 971 1323 1026 οἰκείου
1358 973 1749 1041 συμφέροντος,
1780 970 1871 1024 οτα

302 1061 337 1129 ἡ
364 1058 457 1112 τοῦ
490 1058 665 1126 δφεως
692 1061 795 1129 τὴν
827 1061 1070 1131 κεφαλὴν
1118 1060 1313 1116 ἑαυτοῦ
1355 1060 1749 1132 συντηροῦντος
1774 1077 1788 1091 ⁸
1834 1062 1867 1130 ἡ

302 1150 359 1203 δέ
396 1167 481 1213 τις
510 1149 687 1205 ἔοικεν
726 1146 864 1205 εῖναι
911 1156 1304 1223 κακεντρέχεια
1342 1154 1582 1224 τρόπων,
1610 1154 1774 1219 ὀξέως
1805 1153 1868 1204 τὸ

306 1242 437 1295 ἱδιον
497 1241 773 1306 λυσιτελὲς
827 1244 1238 1313 ἐξευρίσκουσι,
1283 1245 1378 1298 καὶ
1444 1244 1869 1314 συναρπάζουσα

299 1332 430 1398 τοὺς
463 1335 883 1405 ἀκεραιοτέρους
909 1349 924 1366 ·
953 1335 1115 1388 ὁποία
1144 1332 1211 1404 ἦν
1233 1338 1266 1403 ἠ
1313 1333 1407 1387 τοῦ
1449 1335 1734 1402 οἰκονόμου
1768 1332 1866 1402 τῆς

299 1427 535 1490 ἀδικίας.
577 1427 639 1480 'H
669 1428 728 1481 δὲ
757 1426 963 1495 ἀληθὴς
997 1427 1254 1498 φρόνησις
1292 1426 1583 1493 διάγνωσις
1614 1427 1732 1477 ἐστι
1760 1424 1869 1476 τῶν

306 1535 367 1571 τε
419 1517 688 1589 ποιητέων
722 1521 815 1572 καὶ
859 1519 919 1571 ού
962 1511 1332 1590 ποιητέωνοῇ
1380 1519 1407 1570 ὁ
1455 1514 1870 1569 κατακολουθῶν

301 1608 558 1662 οὐδέποτε
578 1609 655 1679 τῷ
687 1609 895 1678 ὀλέθρῳ
928 1608 1024 1676 τῆς
1060 1610 1261 1672 κακίας
1310 1608 1776 1677 περιπαρήσεται.
1812 1604 1870 1656 '0

299 1701 482 1754 τοίνυν
520 1702 656 1754 νοῶν
695 1702 885 1770 λόγους
937 1703 1251 1769 φρονήσεως
1298 1695 1408 1751 οἶδε
1456 1700 1602 1761 τίνες
1649 1698 1750 1767 μὲν
1782 1713 1872 1749 σο·-

300 1792 691 1861 φισματώδεις,
722 1792 861 1854 τίνες
905 1792 963 1845 δὲ
1016 1793 1064 1844 οἱ
1112 1792 1254 1843 κατά
1297 1790 1387 1843 τὸν
1438 1789 1553 1857 βίον
1585 1789 1867 1857 πρακτέοι,

1973 606 2328 675 prudentibus
2357 607 2428 661 sit
2455 606 2787 675 colloquium
2818 614 2994 661 tuum.

2047 697 2259 751 Basilii.
2297 696 2573 767 Sapientia
2622 706 2706 753 est
2756 698 2985 753 scientia
3018 698 3085 753 de
3128 698 3330 755 divinis
3353 709 3406 754 et
3444 698 3546 753 htt-

1975 788 2151 844 manis
2187 788 2367 850 rebus,
2392 803 2691 858 earumque
2722 790 2925 845 causis.

2048 879 2254 949 Duplex
2292 888 2375 936 est
2430 881 2727 950 prudentiae
2775 896 3007 949 nomen;
3061 883 3228 937 altera
3280 884 3425 936 enim
3460 892 3544 937 est

1974 972 2176 1040 proprii
2221 972 2488 1026 commodi
2514 972 2779 1040 custodia,
2816 983 2867 1026 ut
2895 975 3163 1042 serpentis
3188 985 3348 1043 caput
3380 990 3541 1029 suum

1974 1063 2363 1129 custodientis;
2415 1062 2581 1116 altera
2643 1077 2773 1119 vero
2830 1064 3043 1118 videtur
3084 1079 3205 1120 esse
3237 1065 3545 1133 malignitas

1974 1170 2211 1220 morum,
2241 1166 2396 1210 acute
2456 1156 2600 1222 quod
2658 1149 2763 1209 sibi
2796 1154 2922 1210 utile
2964 1164 3045 1209 est
3081 1155 3441 1224 deprendens.
3492 1165 3547 1209 et

1972 1248 2334 1317 simpliciores
2372 1260 2556 1301 secum
2610 1246 2902 1314 abripiens,
2934 1247 3111 1316 qualis
3141 1255 3258 1301 erat
3312 1246 3406 1301 illa
3436 1247 3548 1303 dis-

1972 1339 2280 1408 pensatoris
2342 1338 2640 1405 iniustitiae.
2688 1336 2827 1391 Vera
2873 1345 3054 1393 autem
3100 1338 3385 1407 prudentia
3436 1338 3548 1393 dis-

1984 1431 2153 1485 cretio
2193 1438 2278 1484 est
2308 1445 2507 1494 rerum,
2532 1444 2651 1499 quae
2675 1428 2935 1484 faciendae
2959 1439 3086 1483 sunt
3136 1438 3191 1482 et
3214 1444 3318 1482 non
3350 1428 3551 1483 facien-

1972 1520 2074 1586 dle,
2110 1534 2271 1588 quam
2306 1520 2400 1590 qui
2448 1520 2697 1589 sequitur
2752 1534 3029 1589 nunquam
3061 1519 3281 1573 interitu
3330 1519 3551 1573 malitiae

1972 1611 2254 1666 adiciatur.
2318 1609 2421 1676 Qui
2466 1610 2633 1680 igitur
2684 1611 2942 1682 intelligit
2985 1610 3288 1680 prudentia:
3311 1608 3549 1663 rationes

1974 1703 2122 1756 norit
2158 1702 2378 1771 quinam
2443 1708 2553 1756 sint
2603 1702 2788 1769 astuti,
2822 1702 2915 1770 qui
2961 1711 3152 1756 contra
3193 1701 3337 1756 circa
3380 1699 3547 1754 vitam

1972 1793 2155 1858 activi,
2183 1802 2237 1845 et
2270 1792 2470 1861 optima
2519 1792 2677 1847 nobis
2708 1793 3075 1847 consulentes.
3108 1791 3179 1847 Et
3211 1806 3309 1845 ceu
3340 1791 3543 1859 probus

301 1886 396 1936 καὶ
426 1883 494 1935 τὰ
525 1882 778 1951 βέλτιστα
807 1884 936 1952 ἡμῖν
967 1881 1379 1950 ὑποτιθέμενοι·
1415 1880 1509 1933 καὶ
1535 1879 1610 1942 ὡς
1646 1878 1866 1947 δόκιμος
1901 1871 1920 1927 1

1978 1882 2392 1951 nummularius,
2432 1884 2573 1951 quod
2610 1885 2811 1936 bonum
2853 1892 2936 1938 est
2980 1881 3256 1949 retinebit,
3298 1879 3369 1936 ab
3398 1880 3547 1935 omni

301 1972 657 2043 τραπεζίτης,
686 1974 746 2024 τὸ
787 1974 888 2040 μὲν
927 1971 1090 2026 καλὸν
1143 1970 1380 2035 καθέξει,
1413 1973 1519 2024 ἀπὸ
1563 1969 1619 2022 δὲ
1669 1969 1869 2031 παντὸς

302 2064 478 2126 εῑδους
507 2064 744 2135 πονηροῦ
774 2064 1055 2132 ἀφέξεται.

386 2157 445 2210 '0
472 2156 579 2226 γὰρ
605 2156 666 2208 τὸ
708 2155 805 2207 τοῦ
831 2156 1009 2223 ὄφεως
1054 2155 1317 2225 φρόνιμον
1345 2156 1472 2225 περὶ
1501 2156 1561 2209 τὸ
1591 2156 1781 2224 κακὸν,
1810 2156 1871 2210 τό

295 2267 357 2304 τι
386 2250 488 2319 τῆς
515 2250 845 2319 περιστερᾶς
870 2247 1127 2314 ἀκέραιον
1149 2247 1276 2317 περὶ
1296 2248 1358 2300 τὸ
1380 2248 1545 2301 καλὸν
1577 2250 1869 2319 ἀναμίξας,

295 2340 421 2394 οὔτε
451 2341 511 2395 τὸ
545 2340 809 2411 φρόνιμον
836 2340 989 2393 ὲάσει
1022 2338 1330 2411 κακοῦργον
1358 2339 1633 2407 γενέσθλι,
1659 2340 1781 2393 οὕτε
1812 2342 1872 2393 τὸ

293 2430 503 2486 ἁπλοῦν
524 2432 770 2502 ἀνόητον.

441 2525 651 2595 Ἐφησέ
682 2524 765 2589 τίς
800 2542 903 2599 που
929 2525 1037 2579 τῶν
1070 2524 1418 2595 φιλοχρύσων
1448 2523 1576 2579 τάδε
1596 2540 1612 2555 ·

440 2614 594 2669 Θέλω
634 2615 803 2686 τύχης
852 2615 1161 2686 σταλαγμὸν
1196 2617 1229 2684 ἢ
1263 2616 1479 2686 φρενῶν
1528 2616 1724 2670 πίθονο

436 2702 546 2771 Ἧς
573 2709 649 2777 μὴ
675 2708 956 2779 παρούσης
982 2710 1335 2779 δυστυχοῦσιν
1363 2712 1417 2763 αἱ
1454 2711 1668 2780 φρένες.

437 2798 583 2867 Πρὸς
604 2799 664 2853 ὅν
690 2816 773 2862 τις
803 2800 1078 2868 ἀντέφησε
1106 2802 1215 2853 τῶν
1242 2800 1587 2870 φιλοφρόνων
1611 2818 1626 2833 ο

450 2891 633 2955 Ῥανὶς
661 2891 873 2961 φρενῶν
904 2908 996 2959 μοι
1026 2890 1230 2961 μᾶλλον
1271 2892 1305 2963 ἦ
1342 2892 1507 2963 βυθὸς
1536 2894 1727 2965 τύχης.

367 3073 631 3145 Φρόνησις
660 3071 769 3127 τῶν
797 3072 973 3127 ἄλλων
1004 3072 1213 3144 ἀρετῶν
1241 3072 1409 3143 ἀρχή.

368 3251 544 3315 Μόνος
576 3253 605 3305 ὁ
638 3252 799 3321 σοφὸς
831 3251 1109 3322 ἐλεύθερός
1139 3267 1198 3305 τε
1238 3252 1333 3306 καὶ
1361 3251 1570 3323 ἄρχων,
1609 3250 1714 3304 κᾶν
1765 3266 1869 3319 μυ-

299 3343 452 3413 ρίους
485 3342 578 3397 τοῦ
614 3342 865 3413 σώματος
892 3343 990 3415 ἔχῃ
1021 3343 1316 3406 δεσπότας.

372 3437 639 3507 Φρόνησις
672 3435 924 3506 εὐτυχίαν
974 3434 1051 3499 ὡς
1093 3435 1162 3489 τὰ
1195 3435 1365 3487 πολλά
1397 3434 1705 3505 χαρίζεται,
1736 3435 1874 3502 τύχη

293 3531 357 3586 δὲ
387 3529 650 3601 φρόνησιν
683 3529 744 3581 ού
787 3530 954 3582 ποιεῖ.

373 3620 593 3673 Πάντων
622 3619 724 3687 μὲν
755 3617 1014 3686 ἐπιμελοῦ
1053 3618 1160 3672 τῶν
1190 3618 1320 3689 περὶ
1347 3616 1438 3670 τὸν
1470 3617 1605 3687 βίον,
1638 3615 1872 3685 μάλιστα

294 3714 357 3766 δὶ
405 3714 507 3782 τὴν
564 3709 732 3764 αὐτοῦ
787 3711 1053 3780 φρόνησιν
1108 3711 1285 3765 ἄσκει.
1323 3712 1599 3776 Μέγιστον
1652 3710 1763 3780 γὰρ
1815 3709 1874 3760 ὲν

293 3804 562 3873 ἐλαχίστῳ
596 3801 716 3863 νοῦς
746 3801 948 3870 ἀγαθὸς
980 3802 1036 3852 ἐν
1068 3800 1390 3872 ἀνθρωπίνῳ
1423 3802 1659 3872 σώματι.

372 3978 624 4050 Τοσούτῳ
670 3979 950 4051 διαφέρειν
975 3982 1003 4033 ὁ
1040 3980 1218 4034 Σόλων
1271 3982 1373 4049 τὴν
1415 3981 1678 4051 φρόνησιν
1724 3984 1877 4051 ἔλεγε

292 4069 409 4125 τῶν
436 4071 668 4142 ἀρετῶν,
699 4071 809 4141 ὅσῳ
838 4073 1028 4142 ὅρασιν
1056 4071 1164 4125 τῶν
1196 4073 1373 4128 ἀλλων
1406 4072 1734 4142 αἰσθήσεων.

370 4255 508 4313 Οὔτε
534 4257 701 4310 ἵππον
722 4255 893 4326 χωρὶς
917 4254 1159 4325 χαλινοῦ,
1179 4252 1304 4309 οὔτε
1336 4254 1469 4309 πλοῦ
1480 4271 1565 4310 τον
1589 4255 1710 4327 δίχα
1742 4274 1877 4328 φρο-

293 4348 511 4419 νήσεως
538 4345 762 4399 δυνατὸν
796 4343 1137 4415 κρατεῖσθαι.

372 4439 565 4497 Τόπων
596 4436 889 4506 μεταϐολαὶ
922 4434 1044 4490 οὔτε
1070 4436 1333 4507 φρόνησιν
1359 4436 1727 4507 διδάσκουσιν,
1751 4439 1874 4493 οὕτε

292 4529 614 4601 ἀφροσύνην
640 4528 994 4601 ἀφαιροῦσιν.

445 4620 521 4674 Οὐ
556 4621 667 4691 γὰρ
711 4622 761 4674 οἱ
787 4621 1034 4688 πλατεῖς,

454 4714 580 4769 Οὐδ’
624 4714 923 4783 εὐρύνωτοι
955 4715 1131 4784 φῶτες
1178 4715 1596 4785 ἀσφαλέστατοι.

455 4803 599 4857 Ἀλλ’
625 4806 675 4856 οἱ
702 4805 1023 4874 φρονοῦντες
1042 4804 1101 4860 εὖ
1136 4807 1396 4877 κρατοῦσι
1436 4807 1733 4878 πανταχοῦ.

441 4894 632 4961 Μέγας
661 4896 716 4949 δὲ
749 4896 957 4966 πλευρά
984 4897 1106 4966 βοῦς
1137 4898 1240 4950 ὑπὸ
1266 4899 1502 4968 σμικρᾶς
1532 4899 1679 4969 ὅμως

442 4987 723 5055 Μάστιγος
752 4989 913 5060 ὀρθὸς
945 4992 1025 5053 εἰς
1055 4990 1172 5044 ὁδὸν
1206 4991 1517 5061 πορεύεται.

376 5165 522 5220 Ἴσον
568 5168 747 5221 ἐκεῖνο
775 5167 905 5238 παρ’
948 5168 1071 5239 ἐμοὶ
1115 5169 1386 5240 κέκριται,
1415 5170 1672 5241 φρονέειν
1699 5184 1757 5222 τε
1791 5163 1876 5234 εὖ,

300 5260 399 5311 καὶ
427 5257 507 5329 τῷ
534 5256 746 5327 λέγοντι
774 5260 988 5363 χρηστά
1029 5262 1340 5316 πείθεσθαι.

899 5394 1122 5452 ΛΟΓΟΣ
1186 5395 1266 5450 Θ’.

308 5530 446 5597 Περὶ
499 5530 878 5603 ἀφροσύνης.
938 5532 1224 5603 ἄφρονος,
1285 5531 1383 5585 καὶ
1418 5531 1726 5603 Δἀκρήτου,
1774 5530 1872 5584 καὶ

699 5601 1084 5664 ἀπαιδεύτου,
1112 5602 1210 5655 καὶ
1241 5601 1466 5681 μωροῦ.

383 5717 492 5778 lli;
524 5719 552 5770 ό
584 5716 802 5769 ἀκούων
837 5733 939 5785 μου
999 5715 1125 5777 τοὺς
1155 5714 1371 5781 λόγους,
1427 5714 1525 5768 καὶ
1589 5713 1664 5784 μὴ
1701 5712 1870 5767 ποιῶν

304 5808 523 5874 αὐτοὺς,
545 5807 942 5878 ὁμοιωθήσεται
973 5806 1127 5876 ἀνδρὶ
1167 5804 1352 5875 μωρῷ.

1970 1983 2151 2027 autem
2182 1974 2318 2029 mala
2358 1974 2535 2043 specie
2569 1974 2886 2029 abstinebit.

2045 2153 2309 2223 Theologi.
2364 2152 2499 2208 Nam
2553 2154 2645 2222 qui
2687 2152 2953 2222 serpentis
2987 2152 3334 2223 prudentiam
3400 2149 3547 2206 circa

1972 2247 2172 2302 malum
2224 2246 2547 2301 columbinat
2587 2245 2919 2315 simplicitati
2966 2245 3109 2298 circa
3150 2246 3350 2298 bonum
3400 2255 3552 2294 com-

1972 2338 2280 2404 ntiscuerit,
2338 2338 2384 2390 is
2432 2352 2607 2406 neque
2670 2354 2735 2390 ex
2811 2337 3098 2406 prudentia
3131 2332 3545 2405 malignitatem,

1971 2443 2147 2497 neque
2175 2443 2237 2481 ex
2274 2428 2617 2496 simplicitate
2646 2427 2927 2481 stultitiam
2958 2427 3072 2482 ﬁeri
3101 2426 3403 2495 permittet.

2040 2516 2268 2582 Quidam
2304 2533 2498 2571 avarus
2531 2517 2647 2571 haec
2678 2519 2836 2571 verba
2862 2518 3123 2587 protulit:

2038 2608 2178 2663 Malo
2196 2609 2424 2663 fortuna-
2438 2619 2667 2680 guttam,
2691 2623 2853 2679 quam
2872 2609 3071 2664 dolium
3093 2618 3273 2666 mente
3291 2609 3507 2681 plenum
3529 2622 3548 2680 ;

2042 2700 2176 2755 Nam
2224 2700 2310 2754 illa
2348 2702 2571 2754 absente
2606 2700 2937 2756 inl'nrtunata
2962 2716 3114 2756 mens
3138 2711 3241 2758 est.

2039 2789 2138 2847 Cui
2178 2791 2397 2861 quidam
2425 2806 2487 2843 ex
2524 2790 2822 2859 prudentia:
2861 2793 3119 2847 studiosis
3155 2793 3434 2862 respondit
3470 2812 3484 2847 :
3574 2836 3580 2843 .

2041 2884 2197 2961 Stiila
2228 2884 2357 2937 mibi
2396 2884 2592 2937 mentis
2620 2885 2800 2952 potius
2826 2884 3087 2957 obtingat,
3129 2881 3291 2956 quam
3320 2886 3552 2942 fortuna:

3284 2977 3477 3050 [mare.

2053 3068 2305 3124 Philonis.
2339 3071 2632 3127 Prudentia
2662 3073 2920 3126 virtutum
2952 3070 3185 3125 aliarum
3212 3070 3543 3140 principium

1906 3196 1949 3253 ο
1980 3169 2086 3253 est:

2053 3248 2214 3305 Solus
2243 3250 2461 3320 sapiens
2488 3249 2623 3304 liber
2642 3258 2728 3305 est
2764 3265 2827 3305 ac
2860 3250 3132 3320 princeps,
3166 3251 3266 3305 etsi
3298 3250 3547 3305 innume-

1989 3359 2082 3400 ros
2113 3344 2358 3414 corporis
2387 3342 2637 3397 dominos
2664 3342 2931 3396 habuerit.

2048 3432 2342 3487 Plutarchi.
2371 3430 2662 3485 Prudentia
2687 3440 2744 3485 ut
2769 3431 3060 3500 plurimum
3089 3431 3285 3486 bonam
3312 3432 3553 3504 18hr-

1980 3535 2166 3581 tunam
2200 3526 2405 3581 douat:
2439 3524 2657 3578 fortuna
2719 3539 2847 3579 vero
2881 3524 3225 3592 prudentiam
3260 3541 3367 3578 non
3400 3525 3545 3580 facit.

2048 3617 2240 3673 Omnia
2274 3616 2488 3685 quidem
2529 3616 2652 3669 vitae
2681 3616 2897 3684 negotia
2950 3616 3193 3681 curabis,
3260 3616 3315 3669 in
3361 3617 3550 3683 primis

1980 3719 2158 3761 autem
2187 3706 2529 3776 prudentiam
2560 3705 2681 3773 ejus
2729 3706 3039 3760 exercebis.
3079 3707 3291 3776 Quippe
3317 3708 3552 3763 maxima

1979 3816 2067 3857 res
2131 3800 2342 3855 inclusa
2403 3799 2641 3852 minimae
2697 3799 2839 3854 bona
2893 3814 3046 3855 mens
3085 3798 3260 3856 estin
3312 3799 3553 3857 humano

1979 3907 2225 3963 corpore.

2051 3988 2232 4044 Solon.
2266 3986 2617 4043 Prudentiam
2662 3986 2826 4041 Solon
2874 3986 3049 4042 aiebat
3084 3996 3293 4042 tantum
3341 3988 3554 4044 caneris

1980 4081 2268 4134 virtutibus
2290 4089 2579 4146 antestare,
2612 4092 2873 4149 quantum
2902 4082 3050 4136 visus
3081 4081 3322 4151 reliquos
3357 4097 3553 4137 Sensus

1978 4171 2214 4225 excellit.

2049 4259 2387 4333 Pythagorae.
2433 4261 2620 4334 Neque
2645 4264 2764 4319 sine
2796 4264 2947 4319 freno
2974 4278 3173 4336 equus,
3215 4279 3391 4335 neque
3418 4264 3557 4319 divi-

1980 4352 2067 4408 titr
2096 4354 2213 4408 sine
2238 4355 2521 4423 prudentia
2550 4355 2840 4425 gubernari
2882 4367 3135 4423 possunt.

2051 4445 2278 4502 Biantis.
2337 4445 2603 4502 Locorum
2632 4448 2958 4502 mutationes
2987 4463 3166 4519 neque
3207 4449 3552 4520 prudentiam

1902 4544 1949 4602 ί)
1974 4539 2191 4604 docent,
2218 4553 2317 4593 nec
2346 4538 2763 4607 imprudentiam
2791 4537 3056 4595 adimunt.

2057 4627 2176 4684 Non
2211 4629 2355 4685 enim
2375 4628 2623 4712 quadrati
2648 4637 2743 4684 aut
2763 4625 2956 4698 amplis
2983 4628 3244 4685 lateribus
3266 4629 3362 4684 viri
3392 4630 3557 4685 tntis-

3147 4720 3295 4793 |simi
3338 4728 3467 4777 sunt

2060 4809 2163 4865 Sed
2198 4812 2289 4880 qui
2338 4821 2484 4867 recte
2516 4814 2754 4880 sapiunt,
2799 4812 3002 4882 ubique
3033 4812 3280 4867 vincunt.

2059 4901 2123 4955 Et
2158 4902 2258 4957 bos
2297 4903 2384 4957 cui
2439 4917 2635 4974 magna
2665 4911 2795 4959 sunt
2836 4904 3035 4968 latera,
3065 4905 3150 4958 vel
3198 4916 3364 4972 parvo
3418 4903 3558 4959 lctus

2058 4992 2316 5064 Flagello,
2346 5003 2526 5051 rectus
2552 5010 2648 5064 per
2683 4995 2825 5050 viam
2850 4995 3171 5066 ingreditur.

2863 5087 3148 5157 (Sopltocl.
3177 5087 3230 5140 in
3262 5086 3449 5159 Ajax.)

2059 5174 2334 5229 Herodoti.
2360 5174 2614 5245 Equalia
2641 5177 2775 5232 mihi
2804 5177 3059 5234 videntur
3081 5185 3137 5233 et
3161 5187 3310 5233 recte
3347 5192 3557 5248 sapere,

1985 5273 2038 5321 et
2061 5268 2229 5335 probe
2251 5266 2450 5321 dicenti
2475 5282 2690 5337 parere.

2395 5399 2632 5458 SERMO
2661 5394 2732 5457 1x
2754 5402 2854 5477 [αι.
2890 5402 3153 5478 xxvnu.

2130 5535 2205 5591 De
2234 5537 2588 5607 imprudente,
2612 5542 2830 5608 stolido,
2865 5542 3110 5612 imperito
3141 5552 3187 5598 et
3217 5542 3403 5598 stulto.

2058 5710 2246 5766 Matth.
2275 5727 2373 5766 vn.
2413 5713 2606 5769 Omnis
2652 5716 2878 5771 audiens
2909 5718 3071 5773 verba
3106 5732 3225 5774 mea
3253 5727 3308 5773 et
3340 5731 3449 5773 non
3483 5714 3558 5771 fa-

1983 5803 2157 5870 ciens,
2192 5803 2399 5862 similis
2429 5807 2536 5863 erit
2563 5808 2680 5865 viro
2716 5810 2909 5876 stulto,
2939 5821 3046 5867 etc.

3588 5686 3682 5944 .7
