4034 6404
254 346 360 413 801

1109 348 1279 410 LOCI
1321 349 1767 413 COMMUNES.
1805 354 2094 416 -PARS
2138 358 2192 417 Ι.
2236 356 2495 417 SERMO
2542 357 2649 417 XI.

3416 362 3524 424 802

260 466 428 534 μόνου
472 464 691 532 λέγεται
716 482 728 498 '
763 467 859 533 τίς
883 466 1013 541 Ιγὰρ
1047 468 1188 541 ἔγνω
1228 469 1356 527 νοῦν
1398 472 1607 543 Κυρίου
1635 491 1652 537 ς
1682 474 1715 543 ἢ
1762 472 1845 536 τίς

1957 476 2147 531 obrem
2178 486 2235 531 et
2268 476 2337 531 de
2366 476 2483 532 solo
2513 478 2633 547 ipso
2655 475 2860 532 dicitur
2887 494 2902 532 :
2936 496 2955 531 ι
2980 477 3116 544 Quis
3150 479 3292 531 enim
3323 496 3525 551 cogno-

258 555 570 628 σύμϐουλος
596 558 762 614 αὐτοῦ
786 561 1041 629 ὲγένετος
1078 562 1391 631 ’Ἄνθρωποι
1415 564 1471 617 δὲ
1503 564 1606 618 κᾶν
1636 566 1835 634 μυριά-

256 665 347 710 κις
390 642 543 718 ὦμεν
580 652 754 719 σοφοὶ,
793 656 1056 722 μυριάκις
1105 656 1462 727 ἐλεγχόμεθα,
1496 659 1589 712 καὶ
1631 657 1692 710 τὸ
1738 658 1837 727 τῆς

258 743 478 811 φύσεως
508 743 667 814 ἡμῶν
699 746 926 811 ἀσθενὲς
961 750 1327 818 διαφαίνεται.
1366 751 1440 805 Οὐ
1472 751 1582 821 γὰρ
1608 751 1834 804 δύναται

257 836 438 888 πάντα
464 832 604 892 εἶναι
631 839 689 891 ὲν
711 839 1041 910 ἀνθρώποις,
1076 845 1244 914 φησίν
1268 860 1282 874 ·
1327 845 1411 898 ὅτι
1436 845 1537 898 οὐκ
1567 845 1838 908 ἀθάνατος

256 926 374 989 υίὸς
409 926 720 996 ἀνθρώπου.
774 929 1039 1004 Καθάπερ
1086 932 1182 985 τοῦ
1223 932 1452 1004 ἡλιακοῦ
1505 933 1686 1004 φωτὸς
1737 933 1838 1004 τὴν

258 1021 764 1091 ἀπαστράπτουσαν
817 1025 1014 1079 ἀκτῖνα
1066 1025 1258 1088 σκότος
1314 1025 1541 1079 ἐπελθὸν
1588 1025 1838 1095 ἀποκρύ-

255 1129 385 1166 πτει
403 1129 420 1146 ο
446 1112 590 1166 οὕτω
613 1114 876 1178 πολλάκις
903 1117 999 1172 καὶ
1035 1116 1135 1185 τὴν
1164 1118 1382 1172 σύνεσιν
1410 1118 1510 1189 τὴν
1532 1119 1835 1188 ἡμετέραν,

255 1206 512 1275 καθάπερ
563 1208 624 1260 ὲν
679 1208 918 1281 σταθερᾷ
981 1212 1301 1283 μεσημϐρίᾳ
1363 1212 1691 1280 λάμπουσαν
1740 1211 1838 1265 καὶ

254 1297 707 1369 διαφαινομένην,
750 1301 1056 1357 ἐπελθοῦσα
1099 1306 1258 1359 ἄνοια
1301 1303 1587 1373 ἀπέκρυψε
1638 1303 1837 1358 πολλά-

256 1409 368 1455 κις.
400 1394 513 1454 Καὶ
543 1400 572 1453 ὁ
624 1395 725 1467 μὲν
785 1396 949 1465 σοφὸς
998 1397 1060 1449 τὸ
1113 1397 1231 1451 δέον
1278 1396 1341 1448 οὺ
1388 1396 1668 1450 συνεῖδενο
1716 1399 1745 1451 ὁ
1778 1396 1836 1451 δὲ

254 1487 500 1543 ἐλάττων
530 1489 742 1544 ἐκείνου
795 1488 975 1560 πολλῷ
1007 1488 1264 1560 ὀξύτερον
1297 1488 1493 1542 τούτου
1527 1488 1833 1560 ἐφώρασεν.

254 1580 367 1635 Καὶ
403 1582 562 1637 τοῦτο
622 1583 853 1652 γίνεται,
886 1583 975 1636 ῐνα
1030 1582 1171 1652 μήτε
1216 1583 1244 1637 ὁ
1292 1582 1453 1652 σοφὸς
1508 1582 1830 1655 ἑπαίρηται,

258 1673 402 1744 μήτε
433 1675 463 1728 ὀ
497 1673 720 1746 εὐτελὴς
745 1674 940 1729 ἑαυτὸν
965 1674 1250 1748 ταλανίζῃ.

340 1759 402 1815 '0
448 1762 637 1824 κακῶς
668 1761 971 1833 διανοηθεὶς
1016 1764 1148 1832 περὶ
1184 1765 1294 1817 τῶν
1331 1765 1549 1819 οίκείων
1572 1766 1833 1821 οὐδέποτε

252 1850 438 1915 καλῶς
463 1851 810 1922 βουλεύσεται
837 1855 967 1924 περὶ
997 1855 1105 1908 τῶν
1134 1857 1453 1925 ἀλλοτρίων.

330 1942 642 2015 Σύμϐουλος
666 1945 868 2014 ἀγαθὸς
901 1947 1323 2017 χρησιμώτατον
1364 1950 1456 2002 καὶ
1490 1949 1832 2020 τυραννικὼ-

252 2051 421 2088 τατον
450 2035 706 2089 ἁπάντων
756 2039 1057 2108 κτημάτων
1099 2039 1268 2095 ἐστίν.
1299 2041 1372 2096 Τὸ
1403 2044 1512 2112 γάρ
1546 2042 1731 2110 λέγειν
1759 2043 1839 2107 ὡς

251 2125 339 2181 δεῖ
364 2126 458 2181 τοῦ
492 2130 709 2196 φρονεῖν
744 2129 804 2182 εὖ
842 2129 1105 2198 μέγιστον
1132 2132 1363 2202 σημεῖον
1394 2134 1726 2203 ποιούμεθα.

341 2217 434 2273 Ἐν
465 2218 766 2290 ἀλλοτρίοις
786 2222 1194 2293 παραδείγμασι
1227 2224 1455 2305 παίδευε
1487 2226 1712 2291 σαυτὸν,
1744 2230 1839 2282 καὶ

252 2310 477 2381 ἀπαθὴς
505 2310 615 2364 τῶν
651 2315 836 2367 κακῶν
869 2315 993 2386 ἔσῃ.

330 2405 381 2457 Κ
389 2403 619 2473 ρείσσων
646 2406 809 2475 σοφὸς
844 2408 1090 2478 ἰσχυροῦ.

333 2495 498 2549 ’Δνευ
556 2498 658 2567 μὲν
727 2498 1015 2563 εὐϐουλίας
1093 2499 1249 2553 οὐδὲν
1329 2500 1543 2571 πέφυκε
1613 2500 1844 2572 δύναμις

254 2585 492 2655 ὠφελεῖν
513 2604 531 2622 ο
559 2587 777 2653 σύνεσις
809 2589 865 2643 δὲ
893 2591 999 2645 κΞιν
1027 2592 1181 2662 ἰσχὺν
1224 2589 1301 2661 μὴ
1332 2591 1638 2666 προσλάϐῃ,
1669 2593 1843 2648 πολλὰ

258 2677 522 2744 πολλάκις
549 2681 774 2736 ἐπινοεῖ.

428 2771 601 2841 Σοφὸν
632 2773 741 2843 γὰρ
766 2771 1108 2843 εὐϐούλευμα
1133 2775 1231 2838 τὰς
1259 2776 1459 2840 πολλὰς
1490 2779 1681 2848 χεῖρας

332 2949 480 3021 Νικᾷ
510 2964 526 2981 ο
577 2948 676 3003 σὺν
699 2947 842 3022 ϐχλῳ
876 2948 921 3004 δ’
956 2948 1168 3019 ἀμαθία
1217 2947 1384 3002 πλέον
1435 2950 1629 3005 κακόν.

1941 566 2017 619 vit
2042 576 2277 622 mentem
2316 567 2555 634 Domini,
2586 576 2681 623 aut
2706 569 2830 636 quis
2865 568 3214 624 consiliarius
3240 569 3290 624 ei
3318 567 3467 624 fuit?
3496 588 3516 623 ι

1943 656 2202 715 llomines
2231 674 2384 722 vero,
2411 661 2514 713 etsi
2550 658 2750 714 millies
2773 662 2951 714 simus
2996 660 3301 729 sapientes,
3332 662 3526 717 millies

1939 749 2337 822 redarguimur,
2356 759 2409 808 et
2427 761 2636 808 natura:
2654 764 2854 809 nostra:
2878 753 3223 809 imbecillitas
3242 768 3301 809 se
3320 755 3524 822 prodit.

1944 859 1963 892 ι
1991 840 2107 896 Non
2146 844 2289 896 enim
2320 854 2573 912 possunt,
2599 842 2692 911 ait,
2725 845 2908 899 omnia
2931 845 2984 897 in
3009 844 3321 903 hominibus
3361 861 3524 913 esse;

1940 932 2140 1002 quippe
2156 948 2262 988 non
2281 934 2604 989 immortalis
2624 949 2702 989 ρει
2725 934 2865 990 ﬁlius
2884 935 3140 991 hominis.
3157 935 3525 1002 Quemadmo-

1942 1022 2068 1076 dum
2091 1023 2253 1090 jubar
2275 1026 2488 1095 fulgens
2513 1044 2541 1079 a
2567 1027 2697 1081 solis
2716 1028 2918 1083 lumine
2942 1029 3114 1098 caligo
3132 1032 3524 1097 superveniens

1943 1115 2222 1169 occultat:
2258 1115 2330 1169 ita
2360 1132 2731 1186 saepenumero
2778 1120 3110 1177 intellecutm
3169 1138 3386 1191 quoque
3427 1139 3524 1176 no-

1940 1215 2115 1260 strum
2146 1206 2311 1263 veluti
2332 1209 2387 1263 in
2421 1209 2537 1278 ipsa
2563 1211 2786 1264 meridie
2803 1212 3195 1281 splendentem,
3214 1226 3267 1269 et
3286 1215 3404 1269 luce
3425 1231 3523 1270 sua

1945 1301 2327 1369 conspicuum,
2352 1304 2579 1357 stultitia
2606 1305 2685 1357 vel
2713 1303 2945 1359 amentia
2992 1308 3378 1373 superveniens
3401 1309 3527 1363 obs-

1942 1396 2095 1443 curat
2127 1405 2144 1445 :
2169 1399 2223 1443 et
2251 1390 2335 1444 vir
2363 1393 2579 1460 sapiens
2609 1394 2750 1461 quod
2778 1393 2920 1447 facto
2953 1409 3091 1463 Opus
3111 1405 3193 1449 est
3216 1413 3320 1449 nun
3354 1397 3530 1466 dispi-

1943 1478 2038 1546 cit,
2066 1479 2209 1535 alius
2238 1494 2419 1537 autem
2448 1489 2620 1538 multo
2644 1484 2870 1553 inferior
2896 1500 2961 1539 eo
3009 1486 3223 1542 acutius
3271 1503 3385 1543 rem
3435 1494 3532 1543 de-

1941 1570 2220 1638 prehendit
2246 1589 2259 1625 :
2284 1583 2447 1643 atque
2470 1575 2570 1631 hoc
2593 1578 2666 1631 ita
2698 1578 2773 1641 lit,
2796 1593 2862 1633 ne
2889 1579 2968 1634 vel
2988 1579 3207 1647 sapiens
3233 1579 3431 1649 supcrb
3450 1591 3528 1650 at,

1935 1658 2022 1713 vel
2043 1659 2314 1715 obscurus
2343 1671 2397 1716 et
2423 1664 2543 1719 vilis
2575 1666 2738 1721 homo
2769 1667 3026 1722 miserum
3058 1683 3118 1723 se
3157 1680 3386 1737 reputet.

2007 1749 2289 1810 Isocratis.
2329 1753 2432 1820 Qui
2468 1758 2536 1811 de
2565 1758 2681 1813 suis
2711 1760 2878 1815 rebus
2938 1761 3081 1816 male
3128 1762 3344 1830 statuit,
3397 1779 3533 1820 nuu-

1938 1856 2103 1908 quam
2137 1843 2274 1899 bene
2303 1847 2551 1902 consulet
2597 1849 2660 1903 de
2688 1851 2912 1908 alienis.

2010 1931 2196 1989 Bonus
2219 1937 2499 1992 consultor
2525 1954 2613 1995 res
2642 1942 2886 1999 omnium
2914 1945 3206 2005 utilissima
3227 1960 3280 2006 et
3341 1964 3530 2022 poten-

1944 2022 2152 2078 tissima
2176 2034 2280 2081 est.
2306 2024 2441 2081 Nam
2473 2045 2537 2082 ex
2579 2042 2887 2101 Opportuna
2918 2037 3173 2094 oratione
3205 2042 3373 2097 animi
3394 2061 3524 2115 pru-

1942 2119 2179 2175 dentiam
2208 2136 2308 2177 ceu
2332 2123 2575 2178 maximo
2605 2128 2762 2195 signo
2792 2128 3144 2197 cuniicimus.

2017 2212 2373 2268 Demonactis.
2408 2213 2683 2281 Exemplis
2735 2220 2931 2277 alienis
2996 2238 3189 2294 sapere
3219 2228 3435 2296 discito,
3469 2245 3523 2290 et

1946 2303 2094 2357 nulla
2126 2306 2266 2359 mala
2294 2317 2347 2362 te
2394 2307 2653 2363 adicient.

2016 2394 2126 2464 20
2157 2395 2399 2457 Diodori.
2434 2398 2664 2468 Sapiens
2689 2404 2917 2461 robusto
2936 2419 3178 2476 praestat.

2018 2485 2273 2541 Charicii.
2309 2490 2440 2543 Sine
2470 2490 2618 2547 bono
2649 2495 2882 2549 consilio
2935 2498 3071 2554 nihil
3121 2501 3285 2558 ellicit
3314 2508 3482 2562 robur
3513 2526 3527 2562 :

1948 2578 2238 2648 prudentia
2274 2596 2402 2637 vero
2436 2585 2691 2652 quamvis
2746 2587 2913 2641 robur
2960 2605 3071 2644 non
3137 2600 3524 2667 assumpserit,

1950 2672 2117 2727 multa
2157 2674 2433 2729 multoties
2462 2676 2766 2746 excogitat.

2019 2761 2267 2820 Prudens
2314 2767 2462 2820 enim
2518 2770 2851 2825 consultatio
2908 2786 3171 2830 manuum
3219 2778 3525 2835 multitudi-

1950 2872 2072 2910 netn
2113 2857 2284 2912 vincit
2320 2877 2336 2912 :

2021 2948 2295 3019 imperitia
2329 2965 2456 3005 vero
2527 2966 2654 3008 cum
2705 2953 2988 3013 hominum
3053 2964 3215 3018 turba
3282 2966 3526 3024 deterior

1948 3053 2050 3097 εει.

332 3128 463 3181 Δέον
482 3128 554 3182 τὰ
583 3126 713 3200 τέλη
740 3128 849 3182 τῶν
881 3129 1225 3199 πραγμάτων
1257 3129 1408 3199 ἡμᾶς
1437 3130 1705 3202 προορᾷν,
1742 3131 1840 3184 καὶ

2020 3132 2288 3193 Cltabrice.
2320 3138 2512 3195 Exitus
2537 3158 2716 3199 rerum
2747 3149 3067 3218 prospicere
3100 3161 3341 3221 oportet,
3361 3168 3427 3210 ac
3455 3157 3529 3212 ita

257 3219 437 3283 οὕτως
462 3217 559 3289 τὴν
586 3221 795 3275 τούτων
826 3221 1142 3292 ἐγχείρησιν
1179 3222 1480 3287 ποιεῖσθαι.

329 3313 416 3368 in)
428 3313 479 3366 εἰ
502 3313 610 3384 γὰρ
634 3316 668 3386 ὴ
694 3315 800 3370 τῶν
829 3316 1087 3369 πλειόνων
1114 3315 1515 3385 συγκατάθεσις
1540 3317 1840 3388 κρατύνειν

256 3406 331 3461 τὰ
358 3407 639 3479 νοηθέντα.

868 3522 1091 3579 ΛΟΓΟΣ
1129 3525 1236 3578 ΑΡ.

257 3606 407 3679 Περὶ
440 3609 733 3677 ἀϐουλίας
768 3611 869 3667 καὶ
925 3612 1401 3680 βραδυϐουλίας,
1459 3614 1561 3671 καί
1625 3613 1718 3669 ὅτι
1773 3618 1841 3671 τὸ

650 3682 1101 3751 ἀπερίσκεπτον
1124 3684 1455 3752 βλαϐερόν.

339 3770 554 3846 Ὠσπερ
583 3774 738 3838 πόλις
785 3775 857 3829 τά
911 3776 1070 3848 τείχη
1131 3778 1593 3852 καταϐεϐλημένη
1618 3818 1635 3846 ,
1668 3780 1842 3846 οὕτως

259 3862 507 3936 ἀνὴρ,ὃς
540 3866 604 3921 οὐ
657 3867 795 3939 μετὰ
818 3867 1018 3942 βουλῆς
1048 3870 1229 3926 πάντα
1265 3870 1525 3942 πράσσει.

334 4037 431 4107 Οἷς
460 4043 537 4115 μὴ
564 4042 802 4116 ὑπάρχει
833 4046 1022 4118 βουλὴ,
1054 4024 1349 4102 πίπτουσιν
1378 4049 1571 4122 ὥσπερ
1597 4051 1799 4131 φύλλα.
1878 4068 1885 4073 ‘

336 4222 381 4277 Τ
383 4224 419 4296 ᾗ
450 4222 681 4293 ἀϐουλίᾳ
704 4224 885 4280 αὐτῶν
915 4227 1237 4280 ἁλίσκονται
1264 4230 1597 4302 παράνομοι.

349 4313 649 4386 Ὀξύθυμος
704 4316 937 4387 πράσσει
984 4318 1102 4388 μετ’
1136 4320 1417 4386 ἀϐουλίας.

337 4410 536 4464 Πολλοὶ
586 4411 849 4478 πολλάκις
902 4414 1041 4484 ὑπὲρ
1075 4415 1169 4469 τοῦ
1204 4417 1280 4487 μὴ
1319 4422 1557 4490 φανῆναι
1595 4421 1840 4493 δεόμενοι

262 4500 582 4572 συμϐουλῆς
610 4501 709 4572 τῆς
751 4501 883 4573 παρ’
914 4504 1139 4573 ἐτέρων,
1165 4506 1375 4561 εἴλοντο
1419 4510 1715 4579 προδοῦναι
1739 4511 1839 4584 τὴν

259 4590 539 4661 ὠφέλειαν
583 4592 686 4663 τὴν
738 4593 848 4646 ἀπὸ
881 4595 981 4663 τῆς
1033 4594 1283 4666 γνώμης,
1330 4598 1363 4668 ἢ
1401 4597 1690 4669 δεξάμενοι
1741 4601 1839 4672 τὴν

260 4683 594 4757 παραίνεσιν
638 4684 931 4756 διορθῶσαι
985 4686 1047 4740 τὸ
1104 4690 1447 4760 ἁμάρτημαο
1481 4693 1579 4745 καὶ
1643 4694 1844 4763 μᾶλλον

258 4766 506 4847 ἀγνοεῖν,
542 4777 576 4849 ἢ
637 4778 833 4848 μαθεῖν
861 4780 1226 4847 κατεδέξαντο
1252 4798 1267 4813 ο
1298 4784 1401 4837 οὐκ
1430 4785 1634 4850 εἰδότες
1667 4787 1751 4841 ὅτι
1777 4788 1842 4841 οὐ

261 4871 330 4924 τὸ
386 4869 581 4941 μαθεῖν
619 4871 897 4942 ἔγκλημα,
938 4872 1074 4926 ἀλλὰ
1126 4873 1188 4928 τὸ
1228 4876 1447 4944 ἀγνοεῖν
1495 4877 1842 4950 κατηγορία·

261 4962 330 5017 οὑ
357 4963 419 5017 τὸ
448 4962 824 5030 διδάσκεσθαι,
863 4967 1001 5020 ἀλλὰ
1036 4969 1098 5022 τὸ
1140 4970 1201 5021 ἐν
1226 4970 1439 5040 ἀμαθίᾳ.
1469 4966 1614 5026 εἶναι
1642 4987 1657 5000 ·
1694 4973 1753 5025 οὐ
1784 4974 1846 5026 τὸ

265 5054 616 5127 ἐλέγχεσθαι,
652 5055 790 5109 ἀλλὰ
819 5057 880 5110 τὸ
924 5059 1267 5129 ἁμαρτάνειν
1316 5061 1646 5130 ἀδιόρθωτα.
1689 5062 1845 5115 Ἐστι

263 5148 404 5219 γὰρ,
439 5148 558 5201 ἔστι
608 5150 705 5203 καὶ
740 5152 894 5222 παρὰ
947 5152 1220 5223 ἀνθρώπῳ
1259 5154 1441 5224 μικρῴ
1493 5154 1590 5208 καὶ
1637 5156 1849 5208 εὐτελεῖ

266 5240 566 5312 εὑρεθῆναί
612 5258 666 5295 τι
703 5242 815 5297 τῶν
864 5243 1115 5312 δεόντων,
1152 5245 1181 5299 δ
1231 5247 1384 5316 παρὰ
1436 5247 1515 5318 τῷ
1550 5248 1701 5319 σοφῷ
1749 5249 1846 5303 καὶ

270 5330 498 5403 μεγάλῳ
534 5332 801 5398 πολλάκις
828 5335 929 5406 οὺχ
961 5334 1213 5406 εὓρηται.

342 5426 425 5479 Τά
460 5427 536 5499 μὴ
584 5428 681 5482 σὺν
718 5428 865 5500 λόγῳ
916 5429 1095 5483 πάντα
1131 5432 1334 5502 αἰσχρά
1359 5448 1374 5463 ο
1429 5429 1619 5501 ὥσπερ
1646 5429 1718 5483 τὰ
1748 5431 1846 5482 σὺν

268 5517 414 5589 λόγῳ
453 5519 678 5590 κόσμια.

343 5613 529 5684 Χωρὶς
564 5612 801 5685 θεωρίας
837 5615 1271 5685 έπιστημονικῆς
1322 5608 1478 5666 οὐδέν
1510 5612 1620 5667 τῶν
1666 5629 1846 5682 πρατ-

269 5703 517 5772 τομένων
548 5705 734 5761 καλόν.
777 5706 1089 5777 Ἐπιστήμη
1124 5707 1235 5777 γὰρ
1283 5705 1509 5776 ἔγγονον
1532 5704 1846 5773 εὐϐουλίας,

276 5791 505 5848 ἀϐουλία
545 5792 602 5847 δὲ
642 5794 794 5868 πηγὴ
823 5796 1010 5851 κακῶν
1043 5796 1280 5852 πάντων.

1947 3227 2165 3283 demum
2199 3248 2292 3288 eas
2314 3236 2573 3304 aggredi.,

2017 3317 2262 3376 Plurium
2281 3326 2427 3378 enim
2485 3341 2790 3385 consensus
2823 3346 2910 3387 res
2957 3335 3298 3405 excogitatas
3325 3337 3527 3393 contir-

1947 3422 2098 3463 mare
2126 3413 2287 3466 solet.

2443 3527 2679 3587 δεῖξιιο
2712 3530 2781 3585 x1
2807 3532 2906 3605 [αι.
2939 3533 3131 3609 xxxt.

1946 3614 2023 3672 De
2060 3622 2339 3676 temerario
2371 3631 2421 3676 et
2456 3625 2651 3702 _tardo_
2679 3627 2924 3702 consilio,
2949 3641 2998 3683 et
3026 3634 3164 3702 quod
3199 3634 3416 3690 noxium
3457 3636 3532 3692 sit

2449 3694 2838 3753 inconsiderato
2877 3694 3050 3770 agere.

2014 3781 2345 3840 Salomonis.
2406 3787 2596 3853 Qualis
2641 3790 2835 3847 civitas
2860 3804 2964 3863 est,
2988 3797 3149 3866 cujus
3178 3797 3358 3853 diruta
3395 3808 3531 3855 sunt

1946 3877 2172 3944 mmnia,
2211 3878 2335 3934 talis
2375 3888 2457 3935 est
2503 3881 2588 3936 vir
2614 3888 2705 3952 qui
2758 3901 2865 3940 nun
2892 3887 3077 3942 omnia
3112 3904 3234 3945 cum
3299 3891 3529 3947 consilio

1944 3971 2075 4040 agit.

2013 4061 2223 4146 Quibus
2250 4065 2540 4121 consilium
2593 4078 2843 4137 nonest,
2893 4072 3097 4128 cadunt
3137 4083 3398 4146 tanquam
3438 4077 3526 4133 fo-

1946 4152 2037 4208 lia.
2156 4143 2165 4165 ¹

2017 4244 2350 4305 Temeritate
2381 4267 2480 4307 sua
2508 4255 2801 4324 capiuntur
2834 4269 3311 4323 praevaricatores.

2018 4339 2321 4397 Iracundus
2351 4345 2754 4415 praecipitanter
2784 4362 2847 4402 ac
2880 4359 3085 4405 temere
3112 4351 3245 4421 agit.

2019 4429 2295 4502 Chrysost.
2330 4435 2480 4491 Multi
2511 4453 2651 4506 saepe
2675 4455 2744 4495 ne
2772 4442 3356 4514 viderenturindigere
3385 4446 3527 4500 alio-

1955 4539 2075 4578 rum
2097 4528 2347 4593 consilio,
2372 4530 2682 4600 relinquere
2712 4536 2894 4602 potius
2916 4537 3208 4592 voluerunt
3236 4539 3522 4595 utilitatem

1954 4630 2019 4668 ex
2052 4618 2282 4673 consilio
2304 4620 2646 4690 capiendam,
2671 4640 2836 4694 quam
2903 4628 3276 4684 admonitione
3306 4641 3525 4700 accepta

1955 4722 2194 4762 errorem
2226 4712 2520 4782 corrigere,
2573 4724 2627 4767 et
2688 4716 2940 4782 ignorare
2989 4734 3155 4786 quam
3212 4723 3531 4779 condiscere

1957 4799 2284 4864 maluerunt,
2325 4804 2632 4859 nescientes
2671 4805 2817 4875 quod
2851 4807 3064 4863 discere
3100 4825 3203 4862 non
3264 4816 3334 4865 sit
3368 4813 3535 4867 vitio-

1954 4901 2099 4952 sum,
2122 4888 2523 4957 ignorarevero
2537 4893 2885 4963 culpandum.
2908 4894 3023 4950 Nan
3046 4898 3266 4967 quidem
3290 4901 3522 4969 discere,

1956 4980 2050 5032 sed
2085 4994 2208 5033 cum
2240 4982 2455 5037 inscitia
2486 4999 2741 5054 pergere:
2774 5002 2880 5041 non
2905 4988 3177 5059 redargui,
3208 4990 3301 5046 sed
3320 5007 3531 5064 errare,

1956 5085 2104 5139 spem
2140 5075 2539 5131 emendationis
2571 5078 2775 5131 nullam
2805 5078 3030 5136 habent.
3058 5079 3206 5135 Licet
3236 5082 3381 5136 enim
3445 5085 3527 5137 vel

1957 5159 2101 5229 apud
2135 5163 2342 5231 exigua:
2373 5180 2436 5219 ac
2467 5168 2717 5221 obscura:
2732 5171 2897 5223 sortis
2926 5168 3201 5222 hominem
3230 5173 3523 5239 opportuni

1957 5250 2234 5319 quidpiam
2259 5252 2528 5316 invenire,
2559 5256 2705 5325 quod
2744 5257 3025 5312 multoties
3049 5258 3193 5326 apud
3226 5262 3529 5326 sapientein

1956 5352 2012 5395 et
2048 5359 2305 5414 magnum
2334 5346 2570 5415 aliquem
2596 5349 2877 5403 inventum
2906 5366 3010 5403 non
3042 5358 3147 5405 est.
3184 5382 3193 5393 -

2032 5434 2291 5490 Philonis.
2329 5435 2461 5503 Qua:
2485 5440 2694 5508 absque
2722 5441 2932 5496 ratione
2966 5444 3101 5497 liunt
3158 5446 3344 5501 omnia
3406 5457 3535 5501 sunt

1960 5528 2142 5596 turpia
2174 5545 2191 5596 ;
2224 5544 2344 5599 quae
2370 5546 2498 5585 vero
2530 5547 2656 5586 cum
2688 5535 2919 5597 ratione,
2961 5537 3143 5591 omnia
3174 5539 3391 5595 decora.

2029 5616 2182 5676 Citra
2213 5623 2738 5692 contemplationem
2764 5626 3126 5685 scientiticam
3160 5626 3298 5682 nihil
3321 5627 3525 5684 decore

1962 5707 2077 5765 ﬁeri
2104 5720 2308 5781 potest.
2337 5711 2578 5768 Seientia
2597 5716 2741 5769 enim
2774 5730 2804 5770 a
2827 5716 2971 5771 bono
2992 5720 3223 5774 consilio
3250 5722 3536 5786 nascitur;

1957 5810 2013 5854 at
2046 5801 2353 5862 inconsulta
2380 5805 2660 5865 temeritas
2684 5807 2955 5865 malorum
2975 5813 3218 5868 omnium
3255 5813 3532 5883 scaturigo

1956 5901 2061 5950 est.

3572 3771 3631 3923 >
