4034 6410
428 3392 511 3665 /

524 346 633 411 8οΊ

591 448 869 506 Meditatio
903 460 1026 503 sera
1046 442 1255 499 Iucr‘um
1279 454 1389 497 non
1437 437 1619 501 habet,
1668 445 1722 490 et
1747 435 1799 489 in
1840 435 1988 489 exitu
2011 432 2087 488 rei
2120 430 2165 486 Α

526 545 736 600 inutilis
775 549 861 598 est
884 536 1185 610 pmnitudo.

911 648 1140 708 SERMO
1174 646 1267 701 XII
1315 645 1414 718 [al.
1440 641 1712 713 XXXIX].

948 765 1022 817 De
1048 761 1360 831 fortitudine
1402 773 1446 813 et
1479 758 1689 812 robore.

597 859 787 929 Epltes.
825 872 937 913 ινι.
979 855 1189 909 Induite
1229 861 1395 907 totam
1430 860 1763 904 armaturam
1798 846 1913 909 Dei,
1954 852 2101 901 etut

524 950 747 1020 possitis
777 959 922 1003 stare
972 949 1232 1001 adversus
1266 944 1510 999 assultus
1547 941 1766 1015 diaboli.
1827 939 2098 1004 Quoniam

524 1058 633 1098 non
659 1050 742 1096 est
759 1040 918 1095 nobis
944 1039 1087 1092 lucta
1131 1038 1394 1091 adversus
1423 1037 1738 1102 sanguinem
1768 1041 1820 1085 et
1852 1045 2097 1095 carnem,

524 1134 627 1190 sed
652 1134 912 1187 adversus
938 1130 1298 1201 principatus,
1339 1127 1600 1181 adversus
1658 1130 1973 1194 potestates,
2006 1121 2100 1174 ad-

523 1238 715 1279 versus
746 1223 932 1277 mundi
958 1220 1209 1275 dominos
1233 1226 1472 1273 rectores
1492 1216 1833 1270 tenebrarum
1863 1214 1964 1283 2]
1993 1228 2098 1267 sae-

522 1316 633 1368 culi
665 1313 848 1382 hujus,
875 1312 1139 1365 adversus
1173 1307 1483 1379 spirituales
1509 1306 1741 1361 astutias
1766 1305 1820 1358 in
1854 1303 2096 1358 caelesti-

523 1403 649 1458 bus.
671 1404 1016 1471 Quapropter
1075 1402 1341 1455 assumite
1396 1399 1705 1453 universam
1763 1405 2097 1450 armaturam

526 1494 647 1557 Dei,
673 1504 735 1548 ut
775 1492 997 1563 possitis
1046 1492 1303 1547 resistere
1332 1489 1387 1544 in
1419 1491 1506 1542 die
1533 1489 1697 1555 mala,
1733 1497 1786 1541 ct
1840 1486 2096 1540 omnibus

525 1585 759 1655 peractis
786 1593 952 1640 stare.
979 1582 1133 1639 State
1162 1584 1347 1654 igitur,
1412 1581 1616 1635 lumbis
1678 1578 2095 1634 circumeinctis

528 1681 707 1738 balteo
734 1695 829 1752 per
850 1681 1156 1747 veritatem,
1185 1687 1240 1734 et
1284 1678 1461 1734 induti
1516 1680 1791 1734 thoracem
1841 1676 2093 1745 justitim,

1782 330 2101 390 ANTONII
2130 327 2476 386 MELISSHE

3669 326 3780 389 804

2272 428 2530 501 Ἀκερδὴς
2556 431 2583 483 ὁ
2615 429 2815 499 βραδὺς
2841 428 3101 499 λογισμός
3120 441 3138 459 ⁸
3169 428 3265 483 καὶ
3327 428 3612 504 ἀνωφελὴς
3659 434 3689 488 δ
3719 434 3781 489 ἐν

2204 523 2456 593 ἐσχάτοις
2490 521 2822 592 μετάμελος.

2756 666 2765 673 ν
2814 635 3034 691 ΛΟΓΟΣ
3065 634 3165 691 IB’.

2561 751 2696 817 Περὶ
2726 751 3007 819 ἀνδρείας·
3036 752 3132 806 καὶ
3174 753 3409 820 ἰσχύος.

2285 840 2610 895 Ἐνδύσασθε
2661 844 2761 910 τὴν
2797 843 3098 896 πανοπλίαν
3156 844 3249 898 τοῦ
3307 844 3466 910 θεοῦ,
3525 844 3660 917 πρὸς
3720 845 3781 900 τδ

2201 931 2467 985 δύνασθαι
2500 932 2646 1002 ὑμᾶς
2670 932 2861 1003 στῆναι
2889 933 3023 1003 πρὸς
3076 935 3176 997 τὰς
3212 936 3494 1004 μεθοδείας
3524 937 3619 989 τοῦ
3658 937 3782 990 δια-

2204 1022 2360 1075 ϐόλου
2386 1036 2404 1054 ο
2435 1025 2517 1076 ὅτι
2568 1023 2669 1076 οὐκ
2702 1024 2848 1076 ἔστιν
2881 1025 3015 1093 ἡμῖν
3067 1027 3101 1094 ἡ
3138 1025 3283 1094 πάλη
3336 1027 3474 1092 πρὸς
3506 1022 3647 1093 αἷμα
3682 1026 3780 1079 καὶ

2205 1114 2404 1183 σάρκα,
2440 1113 2574 1166 ἀλλά
2604 1113 2737 1182 πρὸς
2782 1114 2880 1175 τὰς
2911 1115 3112 1185 ἀρχάς,
3164 1114 3304 1186 πρὸς
3352 1116 3453 1179 τὰς
3498 1115 3773 1180 ἐξουσίας,

2203 1203 2340 1271 πρὸς
2356 1202 2484 1265 τοὺς
2500 1206 2945 1276 κοσμοκράτορας
2982 1207 3078 1259 τοῦ
3112 1208 3337 1269 σκότους
3389 1206 3602 1272 τούτου,
3634 1211 3777 1277 πρὸς

2202 1296 2269 1347 τὰ
2298 1296 2646 1363 πνευματικά
2701 1297 2799 1366 τῆς
2850 1298 3117 1365 πονηρίας
3171 1299 3227 1350 ὲν
3256 1300 3371 1361 τοῖς
3401 1298 3773 1367 ἐπουρανίοις.

2203 1386 2301 1439 Διά
2330 1384 2489 1440 τοῦτο
2529 1387 2827 1442 ἀναλάϐετε
2860 1389 2958 1456 τὴν
2994 1388 3306 1442 πανοπλίαν
3351 1388 3446 1442 τοῦ
3489 1388 3652 1454 Θεοῦ,
3685 1389 3777 1444 ἕνα

2201 1475 2465 1547 δυνηθῆτε
2520 1479 2838 1549 ἀντιστῆναι
2887 1482 2946 1533 ἐν
2975 1483 3040 1551 τῇ
3075 1483 3260 1552 ἡμέρᾳ
3303 1483 3370 1551 τῇ
3404 1482 3641 1551 πονηρᾷ,
3677 1480 3777 1533 καὶ

2204 1567 2418 1622 ἅπαντα
2446 1573 2917 1641 κατεργασάμενοι
2947 1573 3162 1642 στῆναι.
3183 1573 3355 1641 Στῆτε
3383 1568 3500 1638 οὖν,
3537 1572 3778 1641 περιζω-

2204 1664 2431 1730 σάμενοι
2474 1662 2572 1733 τὴν
2628 1662 2802 1732 ὀσφὺν
2837 1662 2992 1732 ὑμῶν
3028 1666 3088 1718 ὲν
3137 1663 3391 1735 ἀληθείᾳ,
3424 1663 3518 1716 καὶ
3549 1662 3776 1716 ἐνδυσά·

524 1782 580 1827 et
599 1773 819 1828 caleeati
850 1771 1102 1841 pedibus,
1132 1778 1191 1824 ut
1249 1772 1424 1840 parati
1447 1769 1569 1825 sitis
1629 1769 1697 1823 ad
1742 1767 2093 1837 Evangelium

2208 1770 2360 1822 μενοι
2391 1753 2483 1807 τὸν
2517 1753 2739 1823 θώρακα
2762 1753 2860 1822 τῆς
2893 1753 3265 1825 δικαιοσύνης,
3295 1755 3390 1807 καὶ
3414 1754 3775 1824 ὑποδησάμε-

529 1861 698 1930 pacis,
726 1876 889 1931 super
917 1860 1099 1914 omnia
1124 1867 1407 1928 assumpto
1434 1865 1591 1913 scuto
1620 1854 1762 1920 fidei,
1802 1869 1913 1924 quo
1964 1868 2093 1922 pos-

527 1953 649 2008 sitis
670 1952 1047 2023 omniajacula
1103 1951 1228 2006 mali
1278 1950 1427 2005 illius
1485 1947 1657 2018 ignita
1700 1948 2088 2014 exstinguere:

524 2043 1112 2114 galeamquesalutaris
1159 2041 1406 2112 accipite,
1442 2047 1498 2095 et
1546 2039 1784 2110 gladium
1834 2037 2089 2105 διοὶιίιιιε,

523 2137 617 2206 qui
645 2146 728 2191 est
756 2136 977 2190 verbum
1012 2134 1122 2188 Dei.
1700 2124 1711 2129 ’

598 2400 755 2456 Prov.
787 2399 1099 2469 xxt.Equus
1128 2405 1351 2468 paratur
1372 2399 1437 2451 ad
1463 2397 1604 2450 diem
1638 2396 1785 2462 belli,
1822 2395 2085 2447 auxilium

524 2504 704 2547 autem
738 2507 766 2545 a
796 2490 1025 2546 Domino
1052 2498 1158 2545 est.

598 2583 971 2643 Sirach.Xlll.
1001 2581 1232 2637 Fortiori
1256 2592 1309 2635 et
1327 2580 1509 2636 ditiori
1538 2589 1589 2635 te
1606 2596 1673 2635 ne
1703 2578 2094 2636 eommuniees.

526 2677 669 2745 Quid
711 2674 1136 2732 communicabit
1176 2674 1282 2728 olla
1317 2672 1383 2728 ad
1424 2672 1681 2728 cacabum
1705 2673 1728 2726 τ
1756 2672 1872 2742 ipsa
1901 2670 2097 2743 impin-

525 2778 635 2840 get,
691 2776 745 2823 et
781 2769 896 2837 ipsa
927 2766 1271 2821 conteretur.

599 2857 721 2913 Diri
752 2855 964 2912 Basilii.
991 2856 1160 2925 Cujus
1207 2853 1379 2925 gratia
1425 2852 1588 2907 vitam
1626 2851 1827 2922 diligis,
1873 2858 2096 2921 propter

528 2950 582 3006 id
616 2951 768 3005 obire
792 2955 1022 3002 mortem
1057 2960 1122 2999 ne
1150 2944 1386 3000 dubites.

600 3040 786 3096 Robur
809 3053 933 3093 cum
962 3038 1248 3106 prudentia
1266 3035 1444 3108 juvat,
1478 3036 1593 3088 sine
1621 3047 1684 3089 ea
1713 3047 1865 3097 vero,
1895 3031 2095 3087 damno

528 3133 691 3188 allicit
719 3131 1085 3202 possidentes.

599 3219 757 3277 Vires
791 3221 911 3276 sine
969 3227 1149 3274 mente
1180 3219 1467 3289 participes
1513 3218 1601 3273 sui
1635 3215 1926 3288 sepulchro
1982 3220 2099 3270 tra-

528 3315 686 3372 dunt.
1568 3352 1575 3357 .

602 3406 927 3463 Aristotelis.
958 3405 1178 3462 Fortior
1229 3406 1363 3460 mihi
1398 3407 1610 3460 videtur
1650 3405 1737 3460 ille
1769 3404 1864 3474 qui
1896 3400 2102 3473 cupidi-

531 3506 690 3563 tates,
718 3513 878 3567 quam
904 3499 997 3567 qui
1023 3497 1204 3552 hostes
1235 3496 1383 3551 vicit.
1424 3494 1639 3549 Etenim
1704 3496 1945 3565 seipsum
1979 3493 2098 3546 viu-

528 3607 655 3647 cere
685 3588 1062 3646 dttlicillimum
1090 3599 1194 3645 est.

600 3683 778 3740 Fortis
804 3693 888 3740 est
905 3700 1013 3739 non
1046 3684 1221 3740 solum
1240 3684 1332 3753 qui
1353 3690 1572 3751 superat
1591 3683 1795 3748 hostes,
1819 3679 1913 3735 sed
1933 3678 2097 3734 etiam

424 3764 449 3865 ἶ
528 3778 625 3849 qui
657 3764 1026 3845 voluptatibus
1052 3776 1301 3844 superior
1326 3774 1512 3830 fuerit.
1551 3774 1655 3829 Sed
1680 3812 1697 3840 ,
1731 3789 1765 3827 o
1822 3774 2099 3829 miseriam

532 3870 829 3924 humanam
859 3867 873 3921 ι
912 3866 1070 3920 multi
1106 3867 1250 3921 enim
1279 3881 1404 3919 cum
1466 3880 1608 3935 saepe
1657 3867 1840 3920 IlOSleS
1871 3874 1926 3919 et
1962 3863 2100 3920 alios

534 3960 783 4015 homines
843 3956 1094 4021 vicerint,
1152 3956 1477 4011 mulieribus
1521 3956 1850 4011 servierunt.
1918 3957 2098 4022 Quare

533 4052 713 4107 modis
761 4050 1015 4105 omnibus
1059 4049 1353 4125 muliebres
1403 4049 1582 4105 vultus
1647 4049 1897 4118 refugere
1947 4063 2105 4120 Opor-

531 4155 630 4202 tet.

603 4236 801 4293 Multos
830 4235 1049 4307 quidem
1083 4243 1275 4290 natura
1318 4234 1489 4291 fortes
1511 4236 1738 4306 genuit,
1768 4233 2103 4306 experientia

533 4341 714 4386 autem
737 4338 789 4383 et
821 4327 1145 4383 exercitatio
1175 4326 1432 4383 fortiores
1462 4327 1782 4383 elfecerunt.

600 4421 856 4494 Agesilai.
880 4419 1071 4476 Nullus
1101 4428 1184 4475 est
1213 4416 1563 4476 fortitudinis?
1576 4434 1708 4475 usus
1741 4419 1966 4476 absente
2013 4420 2102 4490 ju-
2131 4435 2178 4491 ι)

530 4513 677 4570 stitia
711 4531 726 4569 :
763 4513 809 4569 si
838 4526 968 4568 vero
1000 4510 1345 4579 omnesjusti
1370 4521 1578 4577 essent,
1616 4509 1942 4568 fortitudine
1961 4511 2102 4567 nihil

528 4617 768 4679 egerent.

903 4694 1137 4753 SERMO
1175 4694 1293 4749 χιιι
1332 4694 1430 4769 [αι.
1458 4692 1598 4767 XL].

1132 4807 1213 4863 De
1222 4807 1463 4877 justitia.

606 4927 800 4983 Matth.
819 4941 874 4981 ν.
906 4922 1056 4979 Beati
1087 4923 1178 4994 qui
1202 4923 1452 4978 esuriunt
1483 4927 1540 4977 et
1571 4918 1766 4975 sitiunt
1789 4918 2093 4990 justitiam:

530 5019 635 5091 ipsi
667 5018 811 5074 enim
844 5014 1261 5072 saturabuntur.

599 5106 759 5162 Rom.
794 5105 970 5159 xt.An
998 5102 1220 5159 nescitis
1249 5103 1394 5171 quod
1425 5100 1513 5157 cui
1548 5100 1826 5158 exhibetis
1852 5117 1949 5158 vos
1982 5118 2100 5159 ser-

531 5210 631 5252 vos
660 5197 728 5250 ad
757 5192 1143 5257 obedientiam,
1176 5191 1316 5246 servi
1346 5192 1480 5246 estis
1510 5191 1629 5260 ejus
1685 5191 1772 5245 cui
1835 5191 2100 5260 obeditis,

530 5289 646 5345 sive
674 5285 878 5357 peccati
912 5286 978 5341 ad
1012 5293 1264 5350 mortem,
1301 5286 1415 5339 sive
1453 5283 1774 5340 obedientiaa
1809 5285 1877 5341 ad
1934 5286 2102 5357 justi-

531 5378 661 5432 tiam
677 5375 702 5429 τ

601 5463 854 5521 Proverb.
876 5478 986 5519 xrv.
1011 5463 1228 5520 Iustitia
1258 5463 1463 5519 exaltat
1488 5474 1723 5536 gentem,
1759 5465 2096 5522 imminuunt

532 5569 713 5615 autem
751 5557 979 5627 pepulos
1012 5564 1256 5626 peccata.

595 5644 846 5703 Pretiosa
873 5661 960 5704 res
988 5645 1166 5704 estvir
1181 5660 1375 5715 purus,
1405 5647 1692 5706 ambulans
1712 5650 1767 5706 in
1797 5650 1900 5706 viis
1922 5650 2093 5722 juSti-

2200 1864 2280 1899 νοι
2318 1848 2443 1908 τοὺς
2474 1847 2638 1909 πόδας
2666 1849 2724 1900 ὲν
2751 1848 3039 1918 ἑτοιμασίᾳ
3070 1845 3165 1901 τοῦ
3199 1845 3534 1914 Εὐαγγελίου
3561 1845 3660 1914 τῆς
3693 1848 3778 1897 εί-

2203 1939 2394 2008 ρήνης,
2426 1938 2518 1991 ἐπὶ
2550 1940 2717 1993 πᾶσιν
2772 1938 3139 2003 ἀναλαϐόντες
3181 1937 3273 1991 τὸν
3309 1937 3503 2008 θυρεὸν
3548 1936 3651 2005 τῆς
3686 1936 3778 1989 πί-

2201 2047 2393 2095 στεως,
2434 2031 2493 2084 ἐν
2516 2022 2561 2099 ᾧ
2588 2030 2886 2100 δυνήσεσθε
2922 2032 3100 2085 πάντα
3135 2030 3201 2084 τὰ
3231 2030 3363 2101 βέλη
3403 2028 3500 2082 τοῦ
3531 2026 3773 2099 πονηροῦ

2198 2123 2266 2175 τὰ
2295 2124 2670 2194 πεπυρωμένα
2695 2123 2887 2176 σϐέσαι
2913 2138 2929 2155 °
2953 2124 3052 2177 καὶ
3083 2124 3182 2192 τὴν
3211 2119 3651 2191 περικεφαλαίαν
3676 2119 3773 2173 τοῦ

2201 2213 2473 2283 σωτηρίου
2501 2213 2748 2279 δέξασθε,
2781 2214 2878 2266 καὶ
2902 2214 3000 2283 τὴν
3034 2212 3313 2284 μάχαιραν
3366 2210 3462 2264 τοῦ
3516 2211 3775 2281 Πνεῦμα·

2199 2321 2309 2368 τος,
2346 2304 2373 2356 ὅ
2401 2305 2515 2357 ἐστι
2547 2305 2696 2374 ῥῆμα
2723 2304 2884 2359 Θεοῦ.

2271 2396 2467 2458 Ἵππος
2493 2396 2841 2465 ἑτοιμάζεται
2872 2397 2953 2459 εἰς
2976 2396 3196 2467 ἡμέραν
3221 2393 3465 2465 πολέμου
3487 2408 3502 2424 ο
3536 2394 3693 2464 παρὰ
3716 2393 3773 2447 δὲ

2200 2487 2407 2558 Κυρίου
2444 2489 2477 2557 ή
2515 2487 2765 2558 βοήθεια.

2284 2580 2638 2651 Ἰσχυροτέρῳ
2695 2595 2790 2632 σου
2866 2577 2942 2649 μὴ
3010 2577 3280 2633 κοινώνει.
3330 2577 3394 2631 Τί
3448 2579 3775 2648 κοινωνήσει

2200 2674 2373 2746 χύτρα
2406 2673 2541 2744 πρὸς
2589 2672 2827 2744 λέϐητα;
2866 2671 3006 2737 αὕτη
3068 2669 3436 2741 προσκρούσει
3484 2669 3581 2724 καὶ
3626 2669 3771 2740 αὕτη

2203 2766 2642 2838 συντριϐήσεται.

2275 2855 2351 2917 Οὗ
2382 2859 2568 2914 ἕνεκεν
2595 2857 2696 2930 ζῇν
2744 2856 2969 2924 ἐθέλεις,
2997 2857 3095 2912 καὶ
3139 2857 3435 2912 ἀποθανεῖν
3485 2857 3563 2927 μὴ
3611 2859 3774 2912 κατδο

2204 2969 2343 3008 κνει.

2285 3045 2462 3117 ’ἰσχὺς
2494 3044 2635 3116 μετά
2669 3043 2768 3114 μὲν
2817 3042 3135 3113 φρονήσεως
3178 3038 3464 3111 ὠφέλησεν
3488 3057 3500 3071 ·
3537 3038 3670 3093 ἄνευ
3718 3042 3774 3094 δὲ

2200 3139 2403 3209 ταύτης
2434 3138 2631 3208 ἔϐλαψε
2660 3136 2788 3201 τοὺς
2816 3137 3061 3207 ἔχοντας.

2285 3231 2462 3303 ’ἰσχὺς
2493 3230 2620 3286 νοῦν
2647 3232 2750 3285 οὐκ
2800 3231 3001 3302 ἔχουσα
3033 3229 3193 3300 τάφῳ
3223 3227 3351 3291 τοὺς
3394 3227 3777 3298 ἐμπίπτοντας

2201 3322 2591 3393 παραδίδωσιν.

2285 3413 2677 3484 Ἀνδρειὸτερος
2708 3411 2850 3469 εἶναι
2883 3432 2973 3484 μοι
3003 3417 3152 3471 δοκεῖ
3181 3418 3210 3470 ὁ
3254 3415 3364 3470 τῶν
3397 3415 3708 3485 ὲπιθυμιῶν
3740 3415 3773 3487 ἢ

2201 3506 2308 3560 τῶν
2342 3508 2614 3576 πολεμίων
2644 3509 2897 3577 κρατῶν.
2924 3509 3033 3562 Καὶ
3060 3508 3170 3580 γάρ
3203 3508 3590 3581 χαλεπώτατόν
3626 3511 3779 3565 ἐστιν

2202 3599 2394 3655 ἑαυτὸν
2430 3601 2675 3671 νικῆσαι.
3341 3586 3344 3589 ’

2288 3697 2559 3765 Ἀνδρεῖος
2583 3696 2643 3748 οὐ
2673 3697 2835 3764 μόνον
2865 3696 2894 3749 ὁ
2924 3694 3145 3765 κρατῶν
3175 3695 3282 3748 τῶν
3314 3694 3614 3761 πολεμίων,
3639 3693 3779 3747 ἀλλὰ

2202 3789 2295 3842 καὶ
2324 3792 2352 3842 ὁ
2384 3787 2493 3842 τῶν
2526 3786 2731 3857 ἡδονῶν
2776 3786 3066 3856 κρείσσων.
3110 3786 3252 3840 Ἀλλ’
3278 3786 3325 3840 ῶ
3365 3784 3465 3856 τῆς
3497 3784 3783 3856 ἀνθρωπι-

2203 3898 2301 3949 νης
2347 3878 2762 3949 ταλαιπωρίαςι
2798 3880 2882 3933 ὅτι
2938 3879 3123 3933 πολλοὶ
3176 3877 3438 3941 πολλάκις
3498 3875 3783 3945 πολεμίων

2203 3969 2534 4038 κρατοῦντες
2588 3970 2680 4022 καὶ
2741 3968 2919 4023 ἄλλων
2972 3966 3159 4035 τινῶν,
3221 3966 3473 4035 γυναιξὶν
3528 3966 3783 4020 ἐδούλευ-

2204 4077 2327 4115 σαν.
2376 4061 2469 4112 Δεῖ
2517 4057 2609 4114 οὖν
2645 4059 2794 4133 πάσῃ
2832 4058 3059 4129 δυνάμει
3119 4059 3215 4122 τὰς
3253 4057 3573 4127 γυναικείας
3622 4056 3783 4128 ὄψεις

2202 4150 2520 4220 ἐκφεύγειν.

2274 4243 2510 4305 Πολλοὺς
2554 4241 2653 4314 μὲν
2686 4243 2719 4310 ἠ
2753 4240 2914 4310 φύσις
2962 4240 3240 4311 ἀνδρείους
3289 4240 3573 4305 ὑπέδειξε⁹
3607 4242 3782 4313 πεῖρα

2202 4337 2261 4390 δὲ
2291 4337 2384 4389 καὶ
2411 4334 2693 4405 γυμνασία
2721 4334 3131 4404 ἀνδρειοτέρους
3161 4333 3525 4403 κατέστησεν.

2288 4427 2563 4496 Ἀνδρείας
2612 4424 2767 4478 οὐδὲν
2808 4422 3023 4492 ὄφελος,
3055 4424 3132 4495 μὴ
3183 4424 3463 4492 παρούσης
3500 4423 3784 4478 δικαιοσύ-

2207 4536 2323 4590 νης.
2355 4518 2415 4570 Εἰ
2448 4517 2507 4570 δὲ
2547 4516 2748 4570 δίκαιοι
2796 4516 2999 4580 πάντες
3044 4515 3306 4585 γένοιντο,
3329 4515 3486 4571 οὐδὲν
3517 4515 3785 4587 ἀνδρείας

2202 4612 2506 4684 δεήσονται.

2816 4699 3035 4754 ΛΟΓΟΣ
3067 4698 3169 4754 ΙΓ¹⁶

2696 4815 2838 4885 Περὶ
2862 4816 3278 4884 δικαιοσύνης.

2272 4931 2550 5001 Μακάριοι
2594 4929 2644 4983 οἱ
2673 4928 2966 4988 πεινῶντες
2996 4926 3092 4980 καὶ
3136 4924 3400 4995 διψῶντες
3434 4923 3533 4997 τὴν
3564 4924 3773 4981 δικαιο-

2205 5018 2395 5092 σύνην,
2431 5022 2511 5074 ὅτι
2537 5021 2691 5074 αὐτοὶ
2722 5018 3205 5091 χορτασθήσονται.
3528 5082 3539 5088 ν

2278 5114 2393 5166 Οὐκ
2424 5111 2604 5164 οἴδατε
2652 5104 2809 5179 ὃτιῷ
2855 5110 3219 5180 παριστάνετε
3266 5109 3497 5172 ἑαυτοὺς
3551 5108 3779 5173 δούλους

2201 5205 2284 5264 εἰς
2326 5204 2598 5273 ὑπακοὴν,
2631 5203 2806 5256 δοῦλοί
2846 5204 2971 5256 ἐστε
3008 5195 3053 5270 ᾧ
3082 5203 3411 5267 ὑπακούετε,
3441 5203 3559 5273 ἦτοι
3593 5202 3778 5276 ἀμαρ-

2197 5293 2315 5356 τίας
2342 5295 2421 5356 είς
2454 5292 2704 5356 θάνατον,
2738 5292 2772 5362 ἦ
2805 5292 3058 5362 ὑπακοῆς
3089 5293 3171 5356 είς
3198 5292 3592 5363 δικαιοσύνην;

2273 5469 2601 5541 Δικαιοσύνη
2639 5472 2765 5542 ὑψοί
2790 5470 2960 5541 ἔθνος,
2994 5473 3281 5529 ἐλασσοῦσι
3309 5474 3367 5528 δὲ
3399 5474 3574 5544 φυλὰς
3596 5474 3779 5546 άμαρο

2203 5562 2338 5615 τίσι.

2274 5652 2483 5722 κτῆμα
2511 5655 2690 5722 τίμιον
2715 5656 2855 5728 ἀνὴρ
2879 5657 3139 5727 καθαρὸς,
3166 5660 3531 5731 πορευόαενος
3561 5661 3621 5716 ἐν
3639 5659 3775 5723 ὁδοῖς

2204 5745 2567 5818 δικαιοσύνης.
