4034 6400
343 344 451 404 805

1148 346 1318 409 LOCI
1360 349 1798 414 COMMUNES.
1839 377 1903 389 -
1944 354 2139 415 PARS
2178 356 2229 417 Ι.
2268 356 2524 417 SERMO
2563 359 2730 421 ΧῐΠ.

3502 362 3607 423 6'06

428 462 578 526 Ὁδὸς
610 462 958 536 δικαιοσύνης
989 466 1086 522 καὶ
1121 468 1497 542 ὲλεημοσύνης
1523 473 1746 542 εὑρήσει
1780 473 1927 543 ζωὴν
1953 475 1981 530 Α

2112 476 2205 531 Via
2226 477 2453 546 justitiae
2476 487 2529 532 et
2581 476 2985 544 misericordiae,
3046 477 3282 549 reperiet
3334 477 3498 533 vitam
3551 488 3607 536 et

342 555 439 608 καὶ
465 555 647 617 δόξαν.

429 649 710 718 Ὀρύσσων
774 649 967 723 βόθρον
991 653 1067 725 τῷ
1100 654 1328 726 πλησίον
1361 658 1681 726 ἐμπεσεῖται
1711 660 1792 720 είς
1823 660 1918 712 αὐ-

342 741 455 794 τόν.

417 832 568 901 Ζυγά
601 833 807 901 δίκαια,
838 835 936 889 καὶ
971 838 1146 910 μέτρα
1198 841 1401 913 δίκαια,
1430 846 1523 900 καὶ
1554 849 1684 917 χοῦς
1709 848 1917 913 δίκαιος

342 923 681 995 ἔσται-ύμῖν.

412 1017 777 1090 Δικαιοσύνην
812 1022 1035 1092 μάθετε,
1069 1026 1118 1078 οί
1156 1027 1491 1094 ἐνοικοῦντες
1536 1034 1629 1085 ἐπὶ
1659 1034 1762 1102 τῆς
1786 1040 1912 1105 γῆς.

431 1107 491 1159 Ὀ
519 1110 617 1177 τὴν
650 1110 829 1182 ἀληθῆ
880 1114 1235 1186 δικαιοσύνην
1286 1121 1359 1190 μὴ
1417 1121 1559 1191 ἔχων
1612 1143 1917 1195 προεναπο-

340 1200 606 1291 κειμένην
635 1203 798 1258 αὐτοῦ
839 1210 905 1275 τῇ
945 1206 1116 1279 ψυχῇ,
1149 1210 1265 1262 ἀλλ’
1301 1212 1333 1282 ἢ
1380 1217 1627 1285 χρήμασι
1657 1219 1915 1291 διεφθαρ-

345 1290 528 1357 μένος,
567 1292 599 1363 ἢ
635 1295 789 1367 φιλίᾳ
838 1302 1217 1371 χαριζόμενος,
1265 1305 1296 1375 ῆ
1344 1305 1514 1379 ἔχθρᾳ
1547 1290 1910 1381 ἀμυνόμενος,

2071 569 2286 623 loriam.

2073 584 2286 623 tortam.

2034 584 2067 639 8
2101 655 2205 722 Qui
2247 655 2383 713 fodit
2417 657 2627 714 foveam
2659 661 2912 729 proximo
2965 674 3085 724 suo,
3134 659 3338 716 incidet
3364 661 3420 716 in
3448 676 3593 717 eam.

2094 834 2260 890 Levii.
2301 852 2413 891 xix.
2453 836 2686 892 Stateraa
2727 839 2904 906 justw,
2938 847 2993 892 et
3022 839 3259 909 pondera
3313 839 3485 912 justa,
3545 851 3602 897 ct

2027 930 2252 996 congius
2278 929 2458 996 justus
2476 931 2581 984 erit
2609 930 2787 986 vobis.

2100 1020 2215 1074 ha.
2250 1020 2447 1075 Discite
2474 1022 2739 1089 justitiam
2784 1024 2872 1092 qui
2907 1024 3163 1079 habitatis
3190 1028 3241 1080 in
3276 1036 3448 1083 terra.

2096 1112 2217 1164 Divi
2248 1110 2457 1165 Basilii.
2485 1113 2585 1177 Qui
2644 1128 2830 1167 veram
2882 1115 3146 1183 justitiam
3175 1133 3284 1171 non
3361 1118 3513 1186 prius
3540 1121 3594 1173 in

2022 1204 2204 1258 animo
2237 1206 2528 1272 repositam
2566 1205 2745 1270 habet,
2773 1211 2868 1262 sed
2900 1210 3257 1276 autpecuniis
3280 1211 3384 1279 22
3406 1226 3596 1266 curru-

2020 1308 2146 1365 ptus
2179 1305 2283 1359 est,
2320 1304 2415 1349 aut
2441 1297 2700 1350 amicitiae
2733 1297 3089 1366 gratiﬁcatur,
3129 1309 3222 1353 aut
3250 1302 3592 1357 inimicitiam

343 1381 378 1451 ἢ
418 1381 739 1440 δυναστείαν
760 1390 1209 1463 δυσωπούμενος,
1240 1397 1299 1449 τὸ
1342 1399 1516 1468 κρίμα
1559 1404 1915 1459 κατευθύνειν

2021 1388 2323 1449 ulciscitur,
2343 1397 2436 1443 aut
2454 1389 2692 1455 potentia
2710 1398 3102 1457 commovetur,
3124 1400 3328 1446 rectum
3354 1392 3595 1462 proferre

340 1472 401 1524 οὐ
430 1473 675 1532 δύναται.

2015 1478 2282 1550 judicium
2311 1478 2521 1549 nequit.

415 1568 740 1641 Δικαιοσύνη
759 1574 901 1628 ἐστὶν
929 1575 1042 1644 ἕξις
1057 1579 1434 1653 ἀπονεμητικὴ
1464 1585 1556 1639 τοῦ
1582 1591 1703 1642 κατ’
1720 1589 1875 1655 ἀξίαν
1895 1609 1910 1624 ·

2087 1574 2307 1631 Justitia
2350 1585 2435 1631 est
2466 1576 2710 1643 habitus,
2741 1579 3038 1642 secundum
3068 1580 3388 1651 dignitatem
3436 1591 3610 1637 suam'

340 1663 679 1735 δυσθήρατον
707 1671 762 1725 δὲ
795 1674 976 1740 τοῦτο,
1013 1677 1121 1731 τῶν
1154 1680 1253 1748 μὲν
1283 1682 1369 1736 διὰ
1399 1683 1458 1736 τὸ
1490 1687 1619 1755 περὶ
1650 1689 1749 1755 τὴν
1781 1689 1912 1757 φρό-

2020 1666 2220 1736 cuique
2248 1667 2515 1722 tribuens.
2554 1665 2667 1722 Hoc
2697 1677 2881 1722 autem
2918 1670 3181 1737 consequi
3218 1671 3452 1725 arduum
3483 1680 3591 1731 est.

343 1774 503 1825 νησιν
524 1760 744 1828 ἐλλιπὲς
773 1767 870 1837 οὐχ
906 1768 1272 1838 εὑρισκόντων
1303 1775 1519 1846 ἑκάστῳ
1544 1778 1822 1847 διανεῖμαι
1850 1782 1912 1835 τὸ
1944 1823 1981 1847 η

2019 1774 2140 1814 cum
2175 1759 2264 1813 alii
2299 1759 2600 1827 prudentiae
2653 1759 2969 1831 ingeniique
3005 1760 3225 1815 defectu
3255 1762 3384 1829 quid
3404 1762 3594 1831 singu-

342 1823 479 1915 ίσον,
511 1851 619 1906 τῶν
652 1854 707 1908 δὲ
726 1823 915 1912 ’διάῇτὸ
967 1823 1434 1934 ἐτροκατέᾷέσὸᾇῖ
1944 1823 1981 1881 Β

2015 1850 2083 1904 lis
2120 1850 2328 1918 aequale
2355 1859 2409 1905 et
2437 1865 2740 1919 congruum
2779 1851 3113 1906 distribuant
3175 1852 3423 1907 invenire
3479 1867 3589 1906 non

343 1940 634 2011 θρωπίνων
662 1948 1032 2016 ἀφανιζόντων
1063 1955 1123 2010 τὸ
1150 1957 1380 2013 δίκαιον.

410 2209 551 2265 Οὔτε
586 2215 794 2281 πάντας
829 2218 1063 2276 ἐνταῦθα
1093 2223 1314 2280 ἀπαιτεῖ
1354 2228 1510 2301 δίκην
1547 2232 1575 2283 ό
1626 2232 1779 2299 Θεὸς,
1818 2236 1909 2288 ἴνα

341 2302 430 2397 μὴᾉ
471 2304 725 2397 ἀπογνῷς
762 2310 861 2380 τὴν
912 2311 1235 2383 ἀνάστασιν,
1299 2320 1393 2374 καὶ
1442 2321 1753 2397 ἀπελπίσῃς
1809 2328 1909 2397 τὴν

337 2395 540 2461 κρίσιν,
570 2395 648 2461 ὡς
681 2399 898 2456 πάντων
952 2406 1188 2462 ἐνταῦθα
1237 2410 1489 2466 διδόντων
1535 2395 1734 2483 λόγον’
1783 2395 1907 2472 οὔτε

340 2483 519 2577 πάντα
548 2487 774 2558 ἀφίησιν
815 2491 1127 2565 ἀτιμωρητὶ
1166 2500 1444 2567 ἀπελθεῖν,
1483 2504 1571 2559 ἵνα
1620 2507 1695 2577 μὴ
1741 2507 1907 2563 πάλιν

334 2576 647 2650 ἀπρονόητα
678 2579 817 2637 εἶναι
855 2585 923 2638 τὰ
952 2586 1127 2643 πάντα
1154 2593 1408 2668 νομίσῃς.

383 2754 735 2898 ιΔικαιοσύνη
777 2758 994 2831 λέγεται
1025 2766 1061 2831 ἡ
1106 2765 1294 2822 ἅπασα
1333 2769 1431 2841 τῆς
1468 2771 1649 2844 ψυχῆς
1686 2775 1906 2843 φιλοσο-

401 2862 459 2898 α.

335 2862 459 2913 φια.

411 2945 735 3018 Δικαιοσύνη
783 2948 933 3003 ἐστὶν
964 2952 999 3022 ἡ
1042 2952 1233 3008 πασῶν
1279 2954 1387 3009 τῶν
1414 2956 1650 3013 ἐντολῶν
1680 2960 1906 3032 πλήρω-

338 3052 443 3098 σις.

406 3125 481 3179 Οὐ
507 3125 731 3237 δύναται
765 3129 799 3196 ἡ
826 3128 1140 3237 ἀνθρωπίνη
1176 3134 1340 3202 φύσις
1378 3136 1511 3191 αὐτὸ
1556 3141 1816 3213 καθαρῶς
1845 3143 1907 3196 τὸ
1934 3176 1978 3237 c

333 3216 545 3270 δίκαιον
568 3220 627 3272 ἐν
651 3219 796 3292 ψυχῇ
827 3221 1146 3292 θεάσασθαι,
1176 3227 1246 3281 τὰ
1284 3229 1456 3285 πολλὰ
1486 3232 1595 3286 τῶν
1621 3234 1905 3306 λογισμῶν

334 3312 368 3362 ἀ
378 3308 785 3379 μδλυώττουσα.

420 3402 509 3465 Ὠς
531 3405 726 3472 ἔοικεν,
750 3408 783 3475 ἠ
815 3408 1131 3482 δικαιοσύνη
1156 3415 1501 3485 τετράγωνός
1520 3421 1660 3487 ἐστι,
1696 3422 1901 3478 πάντο·

335 3495 429 3547 θεν
455 3497 544 3569 ῐση
573 3498 668 3550 καὶ
696 3501 882 3567 ὁμοία.

418 3584 484 3641 Ἦ
529 3587 623 3643 τοῦ
670 3590 805 3646 θεοῦ
847 3593 1215 3668 δικαιοκρισία
1274 3602 1392 3665 ταῖς
1442 3603 1742 3676 ἡμετέραις
1791 3606 1906 3660 δια-

338 3680 555 3735 θέσεσιν
581 3682 948 3752 ἐξομοιοῦται,
972 3689 1068 3742 καὶ
1092 3682 1290 3761 οἷάπερ
1320 3691 1387 3745 ἂν
1418 3694 1487 3748 τά
1511 3693 1642 3764 παρ’
1670 3692 1903 3769 ήμῶνῇ,

336 3770 561 3827 τοιαῦτα
597 3774 728 3845 ἡμῖν
752 3775 819 3831 ὲκ
852 3777 958 3832 τῶν
988 3780 1193 3851 ὁμοίων
1218 3781 1663 3856 ἀντιπαρέχεται.

408 3952 483 4007 οὐ
518 3952 747 4025 λέγομεν
777 3958 995 4026 φονέας,
1027 3960 1060 4031 ἢ
1086 3961 1336 4031 αἱμάτων
1365 3964 1587 4036 ἄνδρας,
1610 3968 1737 4031 τοὺς
1764 3968 1906 4025 κατὰ

334 4043 514 4109 θείους
561 4047 762 4119 νόμους
803 4051 1232 4121 ἀποκτείνοντας
1267 4056 1396 4121 τοὺς
1430 4057 1618 4124 ἀξίους
1661 4058 1756 4115 τοῦ
1798 4079 1906 4116 πα-

332 4137 470 4206 θεῖν,
503 4139 579 4202 ὠς
616 4141 739 4195 οὐδὲ
771 4142 1027 4215 Σαμουὴλ
1053 4147 1150 4200 καὶ
1177 4145 1389 4203 Ἠλίαν.

466 4317 743 4375 Ἀδικείτω
780 4339 849 4392 με
881 4320 1156 4391 πλούσιος,
1189 4327 1284 4380 καὶ
1324 4328 1400 4399 μὴ
1434 4328 1620 4402 πένης.

454 4494 612 4569 Ῥᾷον
649 4499 840 4571 φέρειν
867 4502 977 4572 γάρ
1003 4505 1324 4574 κρειττόνων
1352 4509 1663 4578 τυραννίδα.

415 4680 841 4754 ’Δγωνιξόμενος
872 4685 1013 4757 ὑπὲρ
1036 4680 1100 4743 οὗ
1133 4688 1334 4754 ἀδίκως
1365 4689 1612 4763 ἔπραξας
1638 4736 1652 4760 ,
1678 4695 1762 4761 δὶς
1791 4697 1904 4751 ἀδι-

335 4775 553 4847 κήσεις.

450 4869 619 4943 ’Δνὴρ
646 4872 855 4937 δίκαιός
877 4875 1025 4927 ἐστιν
1054 4875 1153 4946 οὐχ
1178 4876 1207 4929 δ
1244 4875 1317 4947 μὴ
1343 4876 1565 4943 ἀδικῶν,

449 4959 591 5016 Ἀλλ’
617 4963 767 5027 ὅστις
794 4963 999 5019 ἀδικεῖν
1023 4964 1343 5035 δυνάμενος,
1376 4971 1438 5022 οὔ
1473 4966 1742 5038 βούλεται.

404 5050 470 5108 Et
505 5051 687 5123 βούλει
718 5056 817 5118 τάς
862 5055 1077 5128 κρίσεις
1104 5055 1320 5120 δικαίας
1354 5061 1650 5126 ποιεῖσθαι,
1694 5063 1903 5133 μηδένα

332 5142 439 5197 τῶν
471 5145 846 5216 δικαζομένων
896 5147 992 5201 καὶ
1023 5148 1512 5220 δικαιολογούντων
1545 5154 1900 5224 ὲπιγίνωσκε,

331 5229 445 5283 ἀλλ’
480 5232 651 5302 αὐτὴν
672 5231 772 5305 τὴν
807 5233 985 5307 δίκην.

415 5322 690 5397 ’Δσφαλὴς
722 5328 846 5395 ζπᾶς
892 5330 1055 5392 τόπος
1100 5329 1180 5401 τῷ
1224 5330 1389 5399 ζῶντι
1437 5334 1900 5403 μετὰ-δικαιοσύ-

331 5433 447 5485 νης.

402 5510 657 5581 Χρηστοῢ
687 5511 822 5583 πρὸς
848 5513 1039 5582 ἀνδρὸς
1073 5516 1238 5586 μηδὲν
1260 5518 1473 5573 ὑπονόει
1499 5522 1689 5575 κακόν.

437 5600 659 5666 Δίκαιος
691 5603 800 5673 γάρ
816 5603 1022 5658 ἀδικεῖν
1053 5608 1152 5660 οὐκ
1180 5609 1469 5665 ἐπίσταται
1500 5613 1719 5683 τρόπος.

398 5691 592 5746 Δίκαια
635 5693 734 5763 μὲν
780 5695 889 5767 γάρ
917 5694 1164 5765 λέγοντες
1196 5700 1401 5764 πολλοὶ,
1429 5701 1590 5757 ἄδικα
1640 5703 1859 5760 ποιοῦσι
1879 5721 1895 5738 ⁸

328 5779 514 5835 δίκαια
538 5782 595 5835 δὲ
623 5784 977 5854 πραττόντων
1010 5787 1117 5840 οὐδ’
1144 5786 1211 5843 ἂν
1248 5784 1327 5853 εἷς
1359 5791 1542 5857 ἄδικος
1573 5794 1678 5865 εἴη.

2017 1945 2247 2015 possint,
2285 1943 2376 1997 alii
2405 1958 2555 2006 vero,
2575 1942 2837 2013 quoniam
2868 1942 3420 2020 ali'ectibnshumanis
3438 1943 3590 2014 prius

2014 2042 2338 2104 occupatum
2410 2032 2612 2086 habent
2685 2032 2954 2097 animum,
3040 2031 3311 2100 justitiam
3367 2030 3586 2087 oblitte-

2017 2135 2153 2178 I'Clll.

2086 2212 2361 2285 Chrysost.
2390 2212 2533 2267 Deus
2566 2210 2621 2266 in
2650 2211 2753 2267 hoc
2788 2212 2993 2265 mundo
3025 2226 3204 2280 neque
3232 2213 3301 2267 ab
3334 2213 3589 2269 omnibus

2014 2318 2229 2374 pmnam
2265 2304 2455 2371 sumit,
2483 2317 2550 2357 ne
2568 2304 2819 2373 desperes
2848 2305 3325 2367 resurrectionem,
3360 2314 3415 2359 et
3465 2305 3588 2360 ani-

2015 2410 2164 2448 mum
2203 2393 2271 2449 de
2302 2393 2507 2456 futuro,
2542 2393 2751 2463 judicio
2773 2393 3135 2463 despondeas,
3172 2406 3431 2464 tanquam
3465 2410 3588 2450 om-

2014 2486 2178 2541 nibus
2210 2486 2295 2540 hic
2320 2486 2373 2538 in
2402 2485 2695 2555 praesentia
2730 2485 3000 2541 rationem
3060 2485 3416 2541 reddentibus
3450 2502 3587 2543 :ne-

2013 2596 2118 2650 que
2143 2593 2333 2634 omnes
2363 2580 2582 2648 impune
2616 2578 2746 2634 sinit
2808 2579 2981 2643 abire,
3036 2594 3102 2633 ne
3153 2594 3346 2634 rursus
3404 2580 3586 2635 omnia

2014 2673 2151 2727 citra
2179 2671 2584 2727 Providentiam
2609 2671 2827 2726 evenire
2855 2681 3034 2741 putes.

2081 2762 2303 2818 Justitia
2338 2764 2652 2818 nominatur
2685 2764 2935 2819 universa
2991 2764 3190 2819 animas
3220 2762 3584 2835 philosophia.

2082 2941 2366 3002 Hathodii.
2398 2944 2617 3002 Iustitia
2651 2954 2738 3001 est
2761 2945 3006 3000 omnium
3074 2953 3472 3015 praeceptorum
3501 2945 3587 3001 in-
3688 2944 3705 2951 “

2015 3044 2166 3106 tegra
2201 3037 2534 3096 observatio.
2784 3108 2789 3113 ,

2083 3129 2289 3184 Natura
2321 3130 2557 3184 humana
2592 3144 2700 3185 non
2734 3136 2913 3199 potest
2972 3126 3144 3198 ipsam
3205 3127 3474 3197 justitiam
3528 3126 3582 3183 in

2010 3222 2191 3277 anima
2218 3235 2352 3289 pure
2383 3220 2721 3290 conspicere,
2756 3235 2879 3275 cum
2913 3219 2968 3274 in
3002 3219 3277 3290 plerisque
3297 3218 3586 3289 cogitatio-

2008 3315 2169 3369 nibus
2199 3311 2464 3367 caacutiat.
3603 3372 3609 3381 ν

2076 3402 2318 3467 Justitia,
2350 3410 2407 3457 ut
2447 3401 2681 3468 videtur,
2726 3400 2992 3472 quadrata
3057 3409 3161 3466 est,
3223 3399 3584 3471 undecunque

2006 3495 2234 3564 aequalis
2270 3507 2336 3548 ac
2372 3492 2478 3547 sibi
2516 3492 2736 3548 similis.

2078 3586 2290 3643 Justum
2339 3585 2427 3640 Dei
2452 3585 2722 3656 judicium
2755 3582 3348 3642 nostrisaﬂectionibus
3365 3597 3582 3639 accom-

2006 3680 2279 3741 modatur.
2305 3690 2360 3734 et
2388 3679 2809 3749 qualesquidem
2857 3692 2945 3734 res
2991 3688 3187 3733 nostrae
3210 3675 3437 3743 fuerint,
3454 3691 3581 3746 quo-

2007 3787 2114 3841 que
2139 3786 2200 3827 se
2233 3771 2519 3826 habuerint
2540 3771 2722 3838 modo,
2757 3769 2917 3827 talem
2964 3768 3269 3840 eodemque
3300 3769 3462 3824 modo
3488 3781 3579 3824 re-
3632 3792 3636 3796 Α

2006 3864 2362 3919 tributionem
2394 3862 2675 3919 sortimur.

2078 3952 2289 4024 Cyrilli.
2311 3952 2424 4007 Non
2470 3952 2807 4022 appellamus
2862 3950 3581 4022 homicidasautsanguina-

2006 4046 2119 4101 rios
2167 4046 2286 4101 illos
2306 4044 2399 4115 qui
2417 4044 2572 4115 juxta
2602 4046 2747 4116 leges
2769 4046 2979 4099 divinas
3012 4043 3577 4100 occiderinthomines

2007 4138 2204 4209 dignos
2226 4138 2323 4208 qui
2357 4150 2589 4193 mortem
2621 4147 3038 4207 paterentur,ut
3068 4152 3243 4207 neque
3270 4136 3575 4191 Samnclem

2006 4238 2061 4282 et
2079 4228 2270 4284 Etiam.

2081 4318 2388 4377 Menandri.
2414 4320 2673 4392 lnjuriam
2709 4321 2859 4376 dives
2889 4321 3084 4378 inferat
3118 4322 3274 4387 mihi,
3301 4335 3410 4375 non
3439 4335 3576 4391 pau-

2008 4424 2127 4480 per.

1935 4512 1982 4569 Ῑ)
2082 4498 2322 4558 Facilius
2370 4504 2515 4558 enim
2565 4513 2649 4559 est
2677 4502 2816 4561 ferre
2849 4506 3193 4575 tyrannidem
3232 4506 3575 4578 praestantio-

2006 4608 2126 4647 ΙΊΠΪΙ
2135 4608 2155 4646 ι’
2210 4626 2223 4648 r

2082 4682 2358 4739 Clitore/ii.
2394 4684 2740 4742 Contendens
2771 4688 2838 4742 ad
2895 4687 3297 4745 defendendum
3352 4689 3404 4745 id
3430 4689 3572 4760 quod
3616 4670 3623 4677 ’

2005 4774 2207 4844 injuste
2231 4774 2426 4840 fecisti,
2450 4777 2533 4831 bis
2580 4777 2883 4845 delinqucs.
3292 4779 3303 4789 ’

2080 4864 2329 4935 Epicteti.
2365 4865 2455 4920 Vir
2478 4866 2663 4935 justus
2680 4878 2783 4934 est,
2820 4885 2926 4923 non
2953 4871 3046 4940 qni
3071 4870 3324 4940 injuriam
3352 4888 3461 4928 non
3493 4872 3573 4929 fa-

2003 4957 2096 5021 cit,
2129 4959 2221 5013 sed
2256 4958 2351 5026 qui
2377 4972 2500 5013 cum
2542 4956 2720 5013 facere
2749 4959 2939 5027 possit,
2967 4976 3075 5016 non
3113 4962 3246 5018 rult.

2075 5049 2133 5106 Si
2157 5048 2581 5117 voluerisjustas
2616 5054 2970 5120 pronuntiare
2990 5054 3312 5120 sententias,
3365 5056 3570 5111 nullum

2002 5157 2191 5197 eorum
2220 5143 2313 5213 qui
2357 5143 2569 5214 litigant
2589 5150 2644 5197 et
2673 5157 2895 5197 causam
2923 5143 3135 5210 dicunt,
3159 5145 3248 5199 sed
3283 5146 3458 5215 ipsum
3480 5148 3571 5218 jus

2003 5236 2339 5305 cognoscito.

2072 5329 2263 5384 Omnis
2290 5329 2445 5384 locus
2494 5326 2699 5385 homini
2739 5345 2862 5385 cum
2911 5330 3122 5401 justitia
3168 5337 3368 5395 viventi
3419 5347 3567 5395 tutus

2001 5432 2104 5474 εει.

2073 5510 2148 5564 De
2178 5510 2397 5566 homine
2424 5512 2595 5581 probo
2626 5512 2758 5569 nihil
2780 5517 3062 5586 suspicare
3090 5521 3236 5576 mali.

2069 5602 2283 5658 Justum
2320 5603 2465 5659 enim
2496 5605 2771 5675 ingenium
2798 5607 3060 5678 .injuriam
3089 5612 3267 5669 facere
3301 5615 3492 5671 nescit.

2073 5695 2453 5764 Xenophontis.
2480 5695 2629 5750 Multi
2654 5698 2879 5766 etenim,
2904 5701 3051 5771 justa
3080 5707 3342 5774 dicentes,
3367 5708 3567 5775 iniusta

2001 5788 2230 5844 faciunt.
2264 5787 2482 5843 Illorum
2524 5803 2651 5843 vero
2687 5790 2781 5860 qui
2813 5792 2957 5861 justa
2979 5796 3188 5854 faciunt
3212 5814 3372 5855 nemo
3398 5798 3567 5856 fuerit

2008 5879 2265 5950 injustus.
