4034 6402
445 333 558 402 807

447 546 494 602 si
529 559 656 601 vero
686 545 817 615 justi
839 559 1031 600 omnes
1067 543 1292 609 fuerint,
1344 543 1666 600 fortitudine
1718 535 1856 598 nihil
1879 561 2018 613 Opus

450 639 750 694 habebunt.

770 729 876 799 23
919 727 1151 784 ssnuo
1191 728 1306 782 xw
1349 728 1447 801 [αι.
1486 729 1701 800 LXIV].

454 841 528 895 De
561 844 881 914 virginitate,
925 833 972 898 Et
1021 847 1290 904 castitate,
1346 854 1394 898 et
1447 845 1811 913 temperantia,
1843 852 1893 898 et
1923 860 2022 896 mt-

1035 917 1160 982 ptiis
1187 916 1433 968 honestis.

522 1003 716 1060 Matth.
747 1022 857 1061 nx.
897 1004 1011 1060 Non
1039 1022 1228 1061 omnes
1257 1009 1480 1076 capiunt
1509 1005 1612 1061 hoc
1641 1005 1891 1070 verbum,
1926 1005 2018 1059 sed

447 1097 648 1166 quibus
680 1099 863 1152 datum
894 1107 998 1154 est.
1137 1085 1154 1088 ’

521 1187 664 1245 Ibid.
698 1190 841 1245 Sunt
871 1191 1130 1255 eunuchi,
1162 1191 1254 1260 qui
1281 1193 1350 1244 ab
1376 1199 1530 1244 utero
1556 1189 1748 1245 matris
1775 1190 2018 1258 ipsorum

450 1283 522 1338 ita
549 1284 655 1337 uati
691 1293 843 1343 sunt,
874 1293 981 1337 etc.

523 1373 663 1428 Ibid.
716 1391 769 1430 v.
815 1373 1050 1428 lntuitus
1107 1374 1391 1428 mulierem
1425 1375 1499 1429 ita
1547 1383 1605 1428 ut
1665 1369 2022 1438 concupiscat

449 1484 592 1532 eam,
629 1467 741 1536 jam
783 1469 1110 1522 adulterium
1144 1482 1267 1522 cum
1326 1482 1388 1522 ea
1451 1465 1727 1520 commisit
1773 1465 1826 1518 in
1859 1463 2025 1518 corde

451 1575 576 1616 8110.

481 1677 485 1681 ·
523 1651 668 1708 Ibid.
701 1669 817 1709 xu.
848 1652 1002 1719 Quod
1037 1651 1198 1722 igitur
1228 1651 1372 1706 Deus
1415 1650 1725 1720 conjunxit,
1760 1653 1926 1710 homo
1955 1669 2024 1709 ne

453 1754 692 1814 separet.
1725 1805 1732 1812 _

525 1837 767 1894 ITlms.
826 1853 898 1891 tv.
960 1837 1352 1905 i‘nusquisque
1411 1845 1651 1890 vestrum
1722 1849 1816 1890 vas
1865 1851 2024 1890 suum

453 1931 731 2001 possideat
761 1931 1357 2000 cum.sanctilicatione
1378 1938 1433 1983 et
1468 1929 1696 1994 honore,
1743 1943 1854 1981 non
1904 1943 2024 1981 cum

455 2025 651 2078 atl'cctu
719 2023 1194 2091 concupiscentiae,
1275 2017 1741 2090 quemadmodum
1819 2027 2030 2074 cauerat

455 2126 674 2189 gentes.

531 2209 725 2278 Ephes.
759 2225 833 2264 IV.
890 2206 1006 2260 Non
1063 2207 1298 2275 amplius
1345 2205 1638 2272 ambulate,
1671 2203 2033 2274 quemadmo-

457 2304 588 2358 dum
619 2311 674 2358 et
704 2301 925 2370 reliquae
947 2309 1137 2371 gentes
1167 2298 1450 2354 ambulant
1480 2297 1536 2352 in
1564 2295 1803 2352 vanitate
1834 2296 2033 2350 mentis

459 2397 725 2468 ipsorum.

529 2489 683 2544 Rom.
718 2503 818 2543 xu.
860 2487 1127 2542 Exhibete
1180 2499 1410 2556 corpora
1466 2493 1648 2540 vestra
1697 2482 2031 2540 sacritlcium

458 2581 669 2646 vivum,
705 2586 982 2642 sanctum,
1008 2576 1406 2645 beneplacitum
1441 2576 1571 2634 Deo.

529 2671 844 2744 Gloriiicate
881 2670 1049 2723 Deum
1093 2669 1145 2722 in
1183 2668 1447 2722 membris
1487 2668 1704 2737 vestris.

529 2762 842 2819 Gloriﬁeate
878 2763 1044 2815 Deum
1081 2761 1133 2815 in
1166 2775 1394 2829 corpore
1422 2767 1604 2813 vestro
1637 2769 1690 2813 et
1721 2761 1776 2814 in
1813 2758 2031 2828 spiritu,

459 2869 582 2925 qua!
616 2853 836 2921 quidem
871 2851 965 2906 Dei
1000 2859 1150 2905 sunt.

529 2943 710 3001 Galat.
744 2959 798 2996 v.
835 2940 1044 3010 Spiritu
1077 2941 1351 2993 ambulate
1381 2949 1429 2994 et
1457 2939 1710 2994 all‘ectum
1743 2937 1928 2993 carnis
1968 2951 2035 2990 ne

459 3035 756 3105 impleatis.
795 3034 936 3088 Caro
985 3033 1130 3087 enim
1191 3031 1462 3086 desiderat
1509 3041 1698 3084 contra
1757 3028 2032 3096 spiritum,

1691 339 2016 399 ΑΝΤΟΝῙῙ
2065 339 2406 400 MELISSAE

517 451 772 523 Agesilai.
789 450 1073 508 Fortitudo
1103 453 1234 508 nihil
1261 451 1478 522 prodest
1509 453 1732 507 absente
1762 454 1970 521 justitia
2009 471 2024 521 ;
2058 460 2100 516 Α

3597 334 3704 397 808

2215 458 2492 524 ’Δνδρείας
2512 456 2664 508 οὐδὲν
2687 454 2898 522 ὄφελος,
2921 455 2994 523 μὴ
3020 471 3094 506 πα
3104 451 3200 523 ρού
3212 469 3306 520 me
3321 449 3665 518 Euhiomivn;
3687 467 3701 480 ·

2125 553 2172 602 εἰ
2210 551 2265 602 δὲ
2301 550 2497 602 δίκαιοι
2529 547 2728 609 πάντες
2768 546 3028 614 γένοιντο,
3071 545 3225 600 οὐδὲν
3276 544 3531 615 ἀνδρείας
3577 543 3704 613 δεήο

2127 657 2328 692 σονται.

2740 731 2958 784 ΛΟΓΟΣ
2993 732 3087 786 LV.

2126 847 2260 913 Περὶ
2289 843 2532 913 ἁγνείας
2559 844 2657 897 καὶ
2706 844 3133 907 σωφροσύνης.
3179 842 3276 913 καὶ
3319 843 3701 908 παρθενεῖας,

2591 914 2689 968 καὶ
2730 915 2923 982 γάμου
2970 912 3220 980 σεμνοῦ.

2195 1009 2271 1060 Οὐ
2321 1007 2521 1070 πάντες
2569 1005 2806 1077 χωροῦσι
2856 1005 2946 1057 τὸν
2996 1003 3152 1071 λόγον
3186 1003 3395 1067 τοῦτον,
3460 1004 3578 1056 ἀλλ’
3621 999 3703 1068 οἷς

2123 1098 2345 1151 δίδοται.

2197 1194 2350 1247 Είσῖν
2381 1194 2648 1262 εὐνοῦχοι,
2697 1193 2891 1255 οἵτινες
2921 1194 2985 1244 ἐκ
3029 1190 3238 1254 κοιλίας
3283 1192 3492 1262 μητρὸς
3523 1191 3708 1245 αὐτῶν

2124 1287 2494 1355 ἐγεννήθησαν
2523 1287 2718 1350 οὕτως,
2756 1286 2850 1338 καὶ
2883 1286 2951 1339 τὰ
2981 1286 3164 1342 λοιπά.

2207 1379 2266 1430 Ὀ
2301 1379 2575 1448 ἐμϐλέψας
2611 1379 2832 1446 γυναικὶ
2870 1379 3006 1449 πρὸς
3063 1380 3124 1432 τὸ
3159 1377 3502 1447 ἐπιθυμῆσαι
3533 1377 3707 1445 αὐτὴν

2125 1470 2225 1539 ἤδη
2256 1471 2575 1540 ἐμοίχευσεν
2604 1469 2775 1542 αὐτὴν
2809 1473 2865 1524 ὲν
2897 1473 2965 1542 τῇ
2997 1471 3198 1543 καρδίᾳ
3227 1471 3414 1524 αὐτοῦ.

2203 1651 2268 1702 Ὀ
2315 1648 2408 1702 οὖν
2435 1649 2463 1701 6
2493 1646 2625 1709 Θεὸς
2676 1644 3031 1714 συνέζευξεν,
3087 1648 3372 1719 ἄνθρωπος
3425 1647 3502 1717 μὴ
3539 1665 3710 1718 χωρι-

2129 1743 2291 1806 ζέτω.

2205 1835 2476 1896 Ἕκαστος
2505 1833 2564 1886 τὸ
2597 1832 2794 1887 ἑαυτοῦ
2830 1828 3024 1893 σκεῦος
3053 1829 3276 1883 κτάσθω
3317 1830 3378 1882 ὲν
3419 1827 3707 1895 ἁγιασμῷ.

2134 1925 2206 1993 μὴ
2240 1925 2296 1976 ὲν
2330 1921 2494 1977 πάθει
2524 1919 2745 1991 ἀτιμίας
2792 1918 2950 1991 [alias
2989 1913 3318 1990 ὲπιτιμίας],
3353 1915 3606 1985 καθάπερ
3639 1917 3709 1966 τι

2127 2015 2289 2068 λοιπᾶ
2312 2013 2460 2083 ἔθνη.

2201 2199 2418 2268 Μηκέτι
2472 2197 2848 2266 περιπατεῖτε,
2881 2193 3064 2256 καθὼς
3105 2191 3202 2244 καὶ
3253 2190 3324 2244 τὰ
3368 2186 3536 2242 λοιπά
3579 2185 3713 2250 ἔθνη

2130 2291 2428 2361 περιπατεῖ
2462 2289 2520 2342 ὲν
2554 2288 2887 2358 ματαιότητι
2921 2303 3015 2339 του
3049 2283 3166 2344 νοδς
3199 2281 3402 2337 αὐτῶν.

2201 2472 2597 2542 Παραστήσατε
2650 2469 2721 2522 τὰ
2773 2467 3001 2538 σώματα
3053 2466 3208 2533 ὑμῶν
3265 2463 3456 2518 θυσίαν
3508 2459 3713 2524 ζῶσαν,

2131 2567 2321 2636 ἁγίαν,
2356 2565 2654 2636 εὐάρεστον
2679 2562 2760 2632 τῷ
2792 2561 2930 2628 Θεῷ.

2217 2657 2485 2724 Δοξάσατε
2512 2656 2603 2708 τὸν
2634 2655 2768 2708 Θεὸν
2797 2656 2854 2706 ὲν
2893 2654 3007 2715 τοῖς
3037 2649 3258 2718 μέλεσιν
3285 2648 3314 2700 ὕ
3324 2648 3460 2716 μῶν.

2205 2750 2477 2816 Δοξάσατε
2509 2747 2572 2818 δὴ
2601 2747 2690 2800 τὸν
2717 2745 2851 2799 Θεὸν
2885 2745 2942 2796 ὲν
2974 2742 3048 2808 τῷ
3076 2740 3289 2812 σώματι
3322 2736 3502 2808 ὑμῶν,
3532 2733 3628 2790 καὶ
3657 2734 3717 2785 ὲν

2132 2841 2213 2912 τῷ
2249 2842 2542 2909 πνεύματι,
2572 2837 2736 2893 ἆτινά
2757 2839 2873 2890 ἐστι
2902 2834 2995 2889 τοῦ
3016 2832 3173 2889 Θεοῦ.

2213 2933 2494 3002 ῐΙνεύματι
2536 2930 2916 3002 περιπατεῖτε,
2947 2926 3041 2981 καὶ
3087 2924 3383 2994 ἐπιθυμίαν
3417 2921 3619 2989 σαρκὸς
3652 2921 3714 2974 οὐ

2141 3025 2216 3094 μὴ
2245 3024 2523 3094 τελέσητε.
2571 3022 2635 3075 Ἦ
2671 3021 2779 3091 γὰρ
2809 3019 2942 3091 σάρξ
2972 3017 3232 3085 ἐπιθυμεῖ
3257 3014 3401 3068 κατὰ
3425 3012 3521 3066 τοῦ
3552 3010 3718 3068 mati-

461 3127 687 3198 spiritus
719 3137 896 3180 autem
927 3132 1121 3178 contra
1171 3137 1389 3176 carnem
1427 3139 1440 3174 :
1479 3121 1592 3176 hzec
1623 3129 1800 3174 autem
1841 3119 2037 3172 adver-

2145 3135 2331 3188 ματος,
2363 3117 2424 3170 τὸ
2472 3116 2528 3170 δὲ
2580 3115 2800 3186 πνεῦμα
2855 3114 2996 3168 κατά
3028 3115 3126 3183 τῆς
3173 3109 3397 3180 σαρκός.
3444 3106 3628 3161 Ταῦτα
3659 3105 3717 3158 δὲ

461 3229 656 3276 santur
687 3218 791 3274 sibi
820 3217 1076 3271 invicem.

531 3307 564 3365 1
593 3307 718 3366 Cor.
759 3325 856 3365 vu.
889 3308 1098 3362 Bonum
1137 3315 1221 3362 est
1259 3306 1492 3371 homini,
1535 3319 1762 3361 uxorem
1815 3317 1921 3357 non
1960 3309 2040 3356 at-

461 3404 694 3475 tingere.
755 3403 1008 3455 Attamen
1059 3410 1281 3468 propter
1335 3408 1522 3467 stupra
1587 3396 1830 3459 vltanda,
1881 3409 2037 3449 suam

461 3496 695 3566 quisque
723 3507 947 3546 uxorem
995 3491 1227 3554 habeat,
1284 3499 1339 3544 et
1388 3503 1550 3544 suum
1585 3503 1817 3558 quaeque
1857 3488 2033 3538 virum

465 3586 684 3642 habeat.
714 3581 888 3638 Uxori
933 3581 1020 3635 vir
1065 3579 1302 3635 debitam
1339 3578 1770 3635 benevolentiam
1805 3576 2034 3638 reddat;

463 3676 716 3735 similiter
744 3685 925 3729 autem
963 3684 1016 3726 et
1047 3687 1185 3725 uxor
1216 3671 1354 3726 viro.
1412 3669 1560 3724 Uxor
1606 3669 1809 3739 proprii
1841 3683 2037 3736 corpo-

463 3772 544 3826 ris
577 3771 668 3840 jus
699 3784 806 3822 non
864 3765 1047 3830 habet,
1101 3764 1195 3818 sed
1240 3763 1490 3818 maritus.
1531 3761 1794 3816 Similiter
1825 3771 1878 3815 et
1919 3776 2035 3814 ma-

465 3861 606 3915 ritus
639 3857 840 3926 proprii
877 3855 1121 3921 corporis
1163 3855 1253 3921 jus
1292 3868 1397 3906 non
1426 3853 1612 3915 habet,
1647 3853 1735 3907 sed
1774 3870 1931 3908 uxor.
1964 3853 2038 3908 Ne

467 3947 732 4003 fraudetis
775 3960 874 3999 vos
922 3945 1178 4008 ξεινίου-ιη,
1229 3943 1330 3996 nisi
1385 3944 1430 3997 si
1486 3943 1612 4009 quid
1666 3960 1728 3996 ex
1762 3960 2037 4000 consensu

467 4053 567 4108 pro
601 4047 867 4103 tempore,
918 4041 976 4086 ut
1021 4031 1223 4086 vacetis
1265 4031 1477 4101 jejunio
1511 4042 1562 4086 et
1597 4033 1897 4101 precntioui
1937 4051 1950 4087 :
1986 4044 2040 4088 et

466 4140 684 4180 rursum
738 4125 789 4177 in
837 4138 1004 4176 unum
1046 4121 1408 4185 conveniatis,
1447 4137 1514 4175 ne
1542 4131 1708 4176 tentet
1746 4138 1842 4177 vos
1879 4121 2037 4177 Sata-

465 4233 570 4272 nas
621 4231 840 4284 propter
891 4211 1361 4280 intemperantiam
1409 4221 1664 4268 vestram.
1701 4213 1814 4270 Hoc
1858 4225 2037 4269 autem

466 4308 590 4362 dico
638 4306 792 4376 juxta
854 4305 1264 4375 indulgentiam,
1321 4319 1425 4359 non
1475 4306 1630 4373 juxta
1684 4317 2034 4375 prmceptum.

465 4397 600 4453 Nam
638 4398 793 4451 velim
847 4412 1037 4450 omnes
1090 4397 1337 4450 homines
1366 4411 1507 4462 esse,
1545 4408 1602 4449 ut
1651 4406 1702 4450 et
1748 4399 1861 4466 ipse
1893 4413 2036 4451 sum.

2140 3210 2447 3264 ἀντίκειται
2475 3208 2749 3278 ἀλλήλοις.

2210 3301 2391 3355 Καλὸν
2422 3300 2694 3371 ἀνθρώπῳ
2726 3299 2985 3369 γυναικὸς
3025 3297 3100 3368 μὴ
3154 3295 3445 3350 ἅπτεσθαι.
3497 3293 3598 3346 Διά
3655 3290 3715 3344 δὲ

2139 3392 2239 3456 τὰς
2271 3392 2525 3462 πορνείας
2577 3392 2807 3453 ἕκαστος
2859 3391 2958 3460 τὴν
3009 3387 3203 3443 ἑαυτοῦ
3239 3389 3474 3457 γυναῖκα
3514 3383 3709 3453 ἐχέτω,

2142 3487 2233 3538 καὶ
2262 3485 2467 3555 ἑκάστη
2498 3485 2588 3536 τὸν
2611 3484 2740 3538 ἴδιον
2765 3483 2934 3552 ἄνδρα
2956 3481 3148 3553 ἐχέτω.
3170 3481 3250 3551 Τῇ
3272 3479 3494 3550 γυναικὶ
3517 3480 3544 3531 ὁ
3573 3475 3712 3546 ἀνὴρ

2141 3578 2242 3650 τὴν
2295 3578 2658 3648 ὀφειλομένην
2713 3577 3016 3632 ἀποδιδότω
3078 3575 3328 3631 εὖνοιαψ
3379 3572 3579 3642 ὁμοίως
3620 3571 3714 3624 καὶ

2141 3672 2175 3741 ἡ
2217 3670 2356 3741 γυνὴ
2385 3671 2463 3740 τῷ
2499 3670 2676 3738 ἀνδρί.
2719 3670 2782 3722 ἸΙ
2825 3667 2964 3741 γυνὴ
3006 3667 3098 3722 τοῦ
3159 3667 3286 3722 ῑδίου
3337 3665 3586 3735 σώματος
3615 3665 3717 3716 οὐκ

2145 3761 2474 3827 ἐξουσιάζει,
2522 3761 2636 3814 ἀλλ’
2675 3760 2702 3812 6
2737 3761 2876 3832 ἀνήρ
2902 3776 2916 3790 ·
2961 3761 3163 3829 ὁμοίως
3214 3758 3312 3810 καὶ
3356 3760 3384 3811 ὁ
3433 3757 3575 3826 ἀνὴρ
3618 3755 3714 3808 τοῦ

2143 3852 2276 3906 ἰδίου
2305 3853 2559 3922 σώματος
2589 3853 2689 3907 οὐκ
2719 3850 3040 3916 ἐξουσιάζει,
3072 3850 3242 3921 ἀλλ’ἢ
3277 3849 3432 3919 γυνή.
3461 3848 3552 3918 Μὴ
3576 3849 3714 3900 ἀπο·

2143 3944 2381 4013 στερείτε
2416 3941 2699 4013 ἀλλήλους,
2735 3943 2784 3994 εί
2823 3941 2895 4010 μή
2929 3957 2980 3994 τι
3015 3939 3085 3995 ἂν
3135 3940 3200 3994 ἐκ
3235 3938 3529 4008 συμφώνου
3577 3935 3714 4007 πρὸς

2141 4034 2355 4102 καιρὸν,
2391 4034 2475 4087 ἵνα
2501 4030 2799 4103 σχολάζητε
2831 4034 2897 4102 τῇ
2931 4030 3158 4103 νηστείᾳ
3187 4031 3276 4085 καὶ
3313 4033 3379 4101 τῇ
3410 4032 3712 4099 προσευχῇ·

2143 4127 2236 4178 καὶ
2263 4127 2425 4179 πάλιν
2457 4127 2548 4179 ἐπὶ
2586 4125 2648 4178 τὸ
2681 4125 2814 4180 αὐτὸ
2843 4122 2962 4192 ἦτε,
2995 4125 3083 4179 ίνα
3133 4126 3207 4195 μὴ
3241 4125 3479 4195 πειράσῃ
3515 4124 3660 4192 ὑμᾶς
3688 4123 3718 4173 ὁ

2140 4217 2384 4279 Σατανᾶς
2425 4217 2512 4270 διὰ
2559 4217 2660 4287 τὴν
2711 4219 2985 4286 ἀκρασίαν
3039 4218 3210 4288 ὑμῶν.
3247 4217 3421 4272 Τοῦτο
3467 4219 3524 4272 δὲ
3574 4219 3718 4285 λέγω

2145 4309 2285 4360 κατὰ
2323 4308 2679 4378 συγγνώμην,
2716 4310 2818 4363 οὐκ
2863 4311 3154 4380 ἐπιταγήν.
3189 4311 3338 4364 Θέλω
3367 4311 3476 4379 γὰρ
3510 4311 3720 4372 πάντας

2143 4397 2464 4468 ἀνθρώπους
2514 4395 2673 4463 εἶναι,
2725 4401 2798 4463 ὡς
2853 4403 2950 4454 καὶ
3007 4401 3279 4471 ἐμαυτόν·
3338 4400 3452 4452 ἀλλ’
3487 4400 3722 4462 ἕκαστος

468 4490 572 4545 Sed
609 4489 984 4568 unusquisque
1036 4487 1315 4555 proprium
1371 4486 1573 4541 donum
1615 4489 1775 4541 habet
1808 4505 1869 4542 ex
1910 4488 2039 4551 Duo,

2151 4491 2284 4543 ἴδιον
2318 4492 2560 4561 χάρισμα
2591 4493 2706 4562 ἔχει
2735 4495 2798 4545 ὲκ
2826 4493 2980 4558 Θεοῦ,
3014 4493 3071 4556 ὃς
3113 4494 3209 4561 μὲν
3232 4493 3425 4553 οὕτως.
3449 4492 3508 4556 ὃς
3539 4493 3597 4545 δέ
3623 4494 3718 4544 οὔ-

391 4645 398 4652 _
468 4583 610 4637 alius
645 4580 862 4646 quidem
905 4579 1005 4641 sic,
1034 4579 1174 4632 alius
1221 4589 1399 4631 autem
1437 4581 1534 4632 sic.
1577 4578 1707 4631 Dico
1745 4591 1922 4632 autem
1963 4581 2043 4632 iu-

466 4673 773 4742 coujugatis
816 4679 870 4723 et
908 4669 1109 4732 viduis,
1150 4669 1355 4722 Bonum
1408 4671 1488 4723 eis
1529 4678 1614 4723 est
1658 4673 1700 4723 si
1747 4673 2046 4725 manserint

467 4772 610 4820 utet
635 4779 769 4833 ego;
805 4761 951 4831 quod
1000 4761 1045 4814 si
1101 4776 1160 4814 se.
1217 4775 1326 4813 non
1380 4761 1662 4816 continent
1717 4765 2045 4816 contrahant

468 4855 898 4910 matrimonium.
935 4853 1068 4906 Nunt
1119 4853 1290 4908 satius
1331 4862 1415 4908 est
1458 4854 1864 4908 matrimonium
1917 4869 2047 4909 con-

469 4954 709 5013 trahere,
749 4961 914 5016 quam
967 4945 1076 5000 uri.
1140 4945 1205 4998 At
1259 4945 1566 5014 conjugatis
1624 4945 1902 5014 praccipio,
1937 4963 2042 5001 non

468 5055 588 5111 ego,
642 5041 753 5093 imo
787 5037 1047 5092 Dominus
1096 5035 1290 5090 :Uxor
1340 5051 1370 5091 a
1425 5035 1544 5090 vito
1605 5053 1670 5090 ne
1726 5048 2042 5105 separetur;

476 5131 622 5201 quod
682 5129 730 5184 si
793 5139 1036 5197 separata
1103 5126 1298 5190 fuerit,
1363 5137 1570 5180 maneat
1635 5128 1882 5196 innupta,
1953 5139 2048 5184 aut

479 5221 677 5276 marito
737 5217 1146 5284 reconcilietur,
1202 5229 1254 5273 et
1317 5219 1548 5271 maritus
1605 5233 1829 5273 uxorem
1862 5235 1929 5274 ne
1969 5221 2047 5274 di-

475 5313 672 5368 mittat.

546 5403 686 5456 Il‘id.
724 5401 798 5455 De
853 5401 1155 5470 virginibus
1213 5410 1393 5454 autem
1453 5413 1781 5471 prmceplum
1832 5402 2046 5456 Domini

479 5508 588 5548 non
622 5493 828 5556 habeo;
873 5493 1160 5546 consilium
1195 5501 1373 5546 tamen
1408 5493 1495 5557 do,
1539 5502 1794 5563 tanquam
1835 5496 2050 5550 miseri-

479 5583 723 5638 cordiam
758 5593 1085 5638 consecutus
1119 5597 1148 5634 a
1180 5579 1431 5646 Domino,
1477 5584 1527 5636 in
1586 5583 1689 5639 hoc
1729 5593 1785 5638 ut
1831 5587 1931 5639 sim
1991 5587 2048 5638 li-

481 5675 642 5730 dolis.
673 5673 923 5728 Arbitror
955 5673 1119 5742 igitur
1165 5673 1268 5727 hoc
1299 5673 1497 5728 bonum
1529 5690 1647 5730 esse
1664 5686 1880 5746 propter
1909 5692 2048 5747 pran-

483 5777 688 5826 sentem
737 5767 1136 5824 necessitatem.
1171 5763 1280 5836 24
1323 5763 1458 5821 Nam
1496 5766 1696 5822 bonum
1732 5776 1813 5824 est
1844 5767 2049 5825 homini

2151 4599 2275 4642 τως.
2297 4583 2452 4648 Λέγω
2477 4581 2539 4651 δὴ
2560 4585 2678 4644 ταῖς
2699 4583 2934 4653 ἀγάμοις
2957 4584 3048 4636 καὶ
3071 4584 3266 4652 χήραις
3289 4601 3301 4613 ·
3326 4582 3504 4635 Καλὸν
3530 4583 3716 4645 αὐτοῖς

2151 4671 2300 4721 ἐστιν
2334 4671 2420 4723 ἵνα
2455 4671 2718 4740 μείνωσιν
2750 4673 2821 4734 ὡς
2853 4671 3028 4738 κάγώ.
3064 4671 3122 4725 Ei
3152 4673 3208 4726 δὲ
3238 4673 3338 4726 οὐκ
3362 4673 3725 4742 ἐγκρατεύον-

2151 4778 2263 4823 ται,
2301 4764 2712 4834 γαμησάτωσαν
2737 4781 2750 4794 ·
2806 4768 3055 4834 κρεῖσσον
3089 4766 3196 4835 γάρ
3231 4768 3377 4818 ἐστιν
3408 4768 3661 4834 γαμῆσαι
3691 4765 3723 4834 ἢ

2156 4853 2485 4922 πυροῦσθαι.
2523 4857 2648 4918 Τοῖς
2682 4856 2738 4909 δὲ
2773 4857 3120 4924 γεγαμηκόσι
3173 4856 3575 4926 παραγγέλλω,
3627 4857 3729 4909 οὐκ

2152 4944 2284 5012 ἐγὼ,
2319 4945 2431 4997 ἀλλ’
2466 4947 2493 4996 6
2525 4945 2746 5015 Κύριος,
2783 4949 3020 5013 γυναῖκα
3059 4947 3168 5000 ἀπὸ
3208 4947 3400 5016 ἀνδρὸς
3450 4947 3524 5015 μὴ
3553 4962 3727 5015 χωρι-

2155 5035 2346 5102 σθῆναι
2372 5049 2386 5064 ⁶
2427 5037 2522 5089 ἐὰν
2553 5038 2608 5091 δὲ
2653 5038 2749 5090 καὶ
2774 5038 3043 5108 χωρισθῇ,
3078 5040 3289 5108 μενέτω
3314 5039 3549 5107 ἄγαμος,
3588 5038 3621 5109 ἢ
3651 5038 3730 5108 τῷ

2153 5127 2307 5197 ἀνδρὶ
2347 5129 2766 5198 καταλλαγήτωο
2806 5132 2899 5184 καὶ
2926 5132 3094 5203 ἀνδρα
3117 5135 3354 5198 γυναῖκα
3385 5136 3460 5203 μὴ
3487 5133 3726 5201 ἀφιέναι.

2229 5401 2362 5470 Περὶ
2392 5402 2447 5454 δὲ
2475 5401 2581 5452 τῶν
2617 5403 2901 5472 παρθένων
2941 5405 3203 5474 ἐπιταγὴν
3225 5406 3430 5475 Κυρίου
3463 5406 3564 5457 οὐκ
3593 5405 3726 5474 ἔχω’

2159 5496 2387 5561 γνώμην
2417 5495 2472 5546 δὲ
2503 5495 2694 5562 δίδωμι
2723 5495 2796 5558 ὡς
2827 5497 3128 5565 ἠλεημένος
3156 5497 3260 5549 ὑπὸ
3307 5498 3512 5566 Κυρίου
3545 5498 3734 5559 πιστὸς

2158 5581 2319 5638 εἶναι.
2353 5585 2578 5656 Νομίζω
2604 5584 2696 5640 οὖν
2719 5587 2876 5640 τοῦτο
2900 5589 3062 5642 καλὸν
3090 5589 3358 5658 ὑπάρχειν
3381 5589 3465 5641 διὰ
3497 5589 3597 5657 τὴν
3620 5590 3734 5640 ἑνε-

2162 5676 2376 5730 στῶσαν
2401 5678 2670 5745 ἀνάγκην,
2699 5680 2779 5732 ὅτι
2802 5679 2966 5732 καλὸν
2996 5679 3269 5750 ἀνθρώπῳ
3293 5681 3350 5732 τὸ
3378 5680 3550 5742 οὕτως
3569 5677 3734 5733 εἶναι.

2159 5769 2383 5824 Δέδεσαι
2415 5773 2670 5840 γυναικί;
2722 5773 2797 5844 μὴ
2834 5772 2989 5843 ζήτει
3023 5773 3196 5828 λύσιν.
3228 5773 3464 5829 Λέλυσαι
3498 5774 3609 5829 ἀπὸ
3643 5790 3734 5842 γυ.
