4034 6406
345 343 465 408 80⁸)

1181 352 1356 413 LOCI
1396 350 1836 416 COMMUNES.
1874 377 1946 392 ·-
1984 356 2174 416 PARS
2211 356 2259 415 Ι.
2302 356 2562 418 SERMO
2599 356 2752 420 XIV.

3516 351 3622 415 8M

357 457 573 523 ναικόςς
617 458 692 528 μὴ
738 458 892 529 ζήτει
927 464 1184 528 γυναῖκα.
1235 465 1360 520 Ἐὰν
1406 468 1465 521 δὲ
1513 470 1610 523 καὶ
1657 472 1988 545 γαμήσῃς,λ

2066 475 2129 528 sic
2182 488 2326 531 esse.
2365 474 2634 546 Alligatus
2665 489 2724 529 es
2756 472 2955 527 uxori?
3003 487 3069 528 ue
3096 485 3279 543 quaere
3307 469 3623 527 divortium-

354 551 456 621 οὐχ
489 550 901 620 ἥμαρτες-καὶ
928 552 1024 606 ἐὰν
1048 555 1204 626 γήμῃ
1235 557 1268 626 ἡ
1298 558 1592 628 παρθένος,
1626 561 1728 632 οὐχ
1761 562 1946 634 ἦμαρ-

358 656 443 701 τε.
478 641 670 713 Θλίψιν
696 643 753 697 δὲ
779 645 846 716 τῇ
888 648 1056 717 σαρκὶ
1084 647 1297 712 ἕξουσιν
1319 650 1368 703 οἱ
1388 652 1643 708 τοιοῦτοι.

446 908 510 964 Ὅ
537 910 753 982 ἄγαμος
795 917 1040 988 μεριμνᾷ
1070 920 1141 971 τὰ
1174 919 1267 973 τοῦ
1318 922 1526 991 Κυρίου
1546 965 1562 991 ,
1601 925 1720 990 πῶς
1754 927 1946 998 ἀρέσει

358 1003 441 1074 τῷ
468 1005 694 1077 Κυρίῳο
737 1008 766 1060 ό
794 1006 854 1060 δὲ
894 1009 1157 1080 γαμήσας
1188 1009 1433 1085 μεριμνᾷ
1464 1015 1534 1068 τὰ
1569 1015 1665 1070 τοῦ
1712 1017 1942 1089 κόσμου,

366 1098 484 1161 πῶς
513 1098 706 1167 ἁρέσει
749 1101 817 1171 τῇ
854 1102 1094 1168 γυναικί.
1138 1102 1378 1173 Ὁμοίως
1420 1108 1514 1160 καὶ
1549 1107 1823 1178 ήᾶγαμος
1854 1127 1949 1180 με-

366 1192 538 1261 ριμνᾷ
565 1190 636 1244 τὰ
666 1190 759 1245 τοῦ
789 1193 1022 1263 Κυρίου,
1070 1193 1187 1258 πῶς
1229 1193 1420 1266 ἀρέσει
1452 1196 1531 1268 τῷ
1560 1199 1751 1271 Κυρίῳ
1773 1212 1790 1230 ⁸
1822 1200 1855 1271 ἡ
1888 1199 1947 1253 δὲ

367 1283 668 1353 γαμήσασα
702 1282 945 1356 μεριμνᾷ
989 1284 1058 1340 τὰ
1097 1285 1191 1340 τοῦ
1226 1286 1459 1359 κόσμου,
1495 1288 1615 1355 πῶς
1642 1290 1832 1361 ἀρέσει
1868 1290 1947 1363 τῷ

367 1373 545 1447 ἀνδρί.

436 1556 553 1611 οὐκ
579 1557 761 1612 οἴδατε
788 1558 870 1613 ὅτι
922 1559 990 1614 τὰ
1044 1558 1273 1630 σώματα
1320 1559 1480 1630 ὑμῶν
1528 1561 1664 1633 μέλη
1710 1561 1947 1632 Χριστοῦ

371 1651 564 1718 ἐστινς
622 1651 798 1722 Ἀρας
826 1650 918 1705 οῦν
967 1651 1036 1705 τὰ
1088 1652 1224 1721 μέλη
1275 1651 1371 1705 τοῦ
1423 1649 1686 1721 Χριστοῦ,
1735 1652 1951 1722 ποιήσω

374 1745 585 1817 πόρνης
619 1744 793 1816 μέλης
829 1744 922 1816 Μὴ
956 1746 1186 1813 γένοιτο.
1218 1747 1294 1800 Ἦ
1321 1747 1420 1800 οὐκ
1441 1746 1644 1811 οίδατε,
1665 1746 1799 1800 ὅτιὸ
1821 1742 1943 1798 κολ-

2046 566 2269 624 Solutus
2301 583 2363 624 es
2401 568 2470 622 ab
2495 565 2697 622 uxore?
2752 580 2818 620 ue
2849 579 3065 634 quaeras
3098 577 3346 618 uxorem.
3382 561 3537 629 Quod
3571 563 3620 617 si

2044 660 2268 715 duxeris
2297 674 2550 720 uxorem.
2579 674 2687 713 non
2718 656 2976 729 peccasti.
3004 654 3068 711 Et
3097 656 3142 711 si
3177 655 3424 725 nupserit
3446 655 3620 727 virgo.

2045 765 2150 805 non
2188 749 2449 819 peccavit.
2489 750 2741 805 Attamen
2787 748 3134 804 amictionem
3172 747 3226 803 in
3260 762 3427 803 carne
3459 747 3626 803 habi-

2046 847 2151 900 turi
2185 852 2316 898 sunt
2347 842 2689 912 hujusmodi.

2114 936 2254 992 Ibid.
2281 935 2385 1002 Qui
2417 934 2616 989 caelebs
2653 941 2759 997 est,
2782 944 2939 989 cora‘t
2983 947 3047 988 ea
3078 948 3197 1003 qua:
3226 940 3358 987 sunt
3383 930 3621 998 Domini,

2043 1025 2324 1099 quomodo
2387 1026 2692 1096 placiturus
2751 1025 2821 1080 sit
2879 1025 3246 1089 Domino;at
3317 1023 3411 1094 qui
3467 1022 3627 1079 duxit

2049 1139 2300 1184 uxorem,
2335 1122 2613 1178 sollicitus
2669 1130 2753 1177 est
2803 1121 2870 1176 de
2938 1121 3022 1176 his
3071 1135 3191 1190 qua:
3250 1129 3373 1176 sunt
3408 1118 3624 1181 mundi,

2045 1216 2323 1287 quomodo
2352 1215 2656 1285 placiturus
2685 1213 2757 1268 sit
2790 1212 2976 1269 uxori.
3015 1210 3285 1267 Similiter
3310 1219 3363 1265 et
3396 1212 3626 1281 innupta

2020 1315 2205 1376 curat
2235 1322 2299 1362 ea
2329 1322 2451 1377 quae
2496 1313 2626 1360 sunt
2653 1304 2899 1368 Domini,
2932 1303 3210 1375 quomodo
3254 1302 3522 1372 placitura
3554 1303 3626 1357 sit

2048 1400 2306 1457 Domino.
2335 1399 2562 1461 Contra,
2593 1411 2714 1468 quae
2736 1405 2901 1466 nupta
2935 1405 3038 1460 est,
3071 1402 3232 1450 curat
3258 1408 3323 1450 ea
3351 1409 3471 1464 quae
3496 1402 3627 1451 sunt

2050 1490 2262 1558 mundi,
2296 1491 2570 1561 quomodo
2600 1489 2865 1560 placitura
2892 1488 2962 1545 sit
2995 1487 3135 1543 viro.

2120 1584 2152 1639 1
2200 1582 2328 1640 Cor.
2379 1597 2459 1640 νι.
2510 1583 2591 1636 An
2659 1580 2908 1644 nescitis.
2954 1580 3100 1651 quod
3157 1593 3393 1648 corpora
3446 1588 3627 1632 vestra

2050 1676 2294 1732 membra
2323 1685 2451 1731 sunt
2483 1674 2731 1731 Christi?
2771 1671 2913 1728 Num
2956 1673 3125 1743 igitur
3156 1672 3362 1727 tollens
3390 1670 3631 1726 membra

2043 1767 2275 1834 Christi,
2313 1765 2507 1823 faciam
2561 1764 2729 1821 scorti
2790 1764 3075 1821 membra?
3115 1763 3311 1820 Absiti
3346 1761 3428 1818 An
3457 1760 3633 1817 nesci-

373 1837 621 1905 λώμενος
650 1840 719 1908 τῇ
749 1836 922 1909 πόρνῃ
949 1836 1012 1891 ἓν
1045 1837 1205 1907 σῶμα
1232 1838 1415 1891 ἐστιν·
1456 1837 1484 1890 ὁ
1517 1836 1577 1891 δὲ
1611 1833 1951 1904 κολλώμενος
1982 1838 1988 1891 l

2066 1858 2126 1913 Lis
2177 1833 2324 1925 quod
2373 1856 2467 1926 qui
2532 1855 2907 1927 agglutinatur
2955 1864 3160 1921 scorto,
3212 1869 3385 1910 unum
3432 1867 3635 1923 corpus

372 1927 451 2000 τῷ
476 1927 667 1999 Κυρίῳ
698 1926 759 1982 ἓν
785 1926 1004 1998 πνεῦμά
1035 1929 1219 1994 ὲστιν;

446 2114 515 2168 El!
560 2131 649 2178 τις
698 2113 923 2168 δύναται
956 2112 1017 2166 ἐν
1064 2112 1257 2185 ἁγνείᾳ
1308 2111 1493 2183 μένειν
1524 2112 1604 2175 είς
1647 2112 1818 2180 τιμὴν
1850 2111 1950 2182 τῆς

381 2208 590 2280 ’σαρκὸς
619 2207 715 2263 τοῦ
736 2207 964 2279 Κυρίου,
996 2207 1053 2259 ὲν
1090 2204 1401 2279 ἀκαυχησίᾳ
1437 2205 1679 2276 μενέτω·
1728 2203 1826 2257 καὶ
1853 2205 1949 2256 ἐὰν

378 2306 598 2379 γνωσθῇ
639 2305 802 2359 πλέον
826 2301 921 2357 τοῦ
957 2301 1279 2366 ἐπισκόπου,
1310 2298 1597 2369 ἔφθαρται.
1646 2295 1856 2367 Πρέπει
1893 2294 1951 2348 δὲ

371 2402 487 2464 τοῖς
538 2396 778 2469 γαμοῦσι
812 2395 909 2450 καὶ
938 2386 1085 2459 ταῖς
1112 2394 1489 2464 γαμουμέναις
1540 2391 1679 2460 μετὰ
1719 2388 1948 2459 γνώμης

371 2493 469 2547 τοῦ
509 2491 812 2544 ἐπισκόπου
851 2488 953 2559 τὴν
981 2488 1176 2545 ἕνωσιν
1210 2483 1504 2551 ποιεῖσθαι,
1536 2482 1624 2538 ῑνα
1655 2483 1685 2536 δ
1708 2482 1884 2554 γάμος

373 2584 516 2640 κατὰ
543 2582 698 2647 Θεὸν,
728 2581 823 2635 καὶ
859 2581 935 2651 μὴ
970 2578 1092 2633 κατ’
1121 2575 1355 2649 αἰσχρὰν
1378 2574 1697 2647 ἐπιθυμίαν.

448 2768 792 2840 Παρθενείας
816 2765 980 2835 ζυγὸν
1016 2765 1205 2836 μηδενὶ
1231 2762 1464 2819 ἐπιτίθει
1483 2762 1812 2833 ’ἐπισφαλὲς
1841 2761 1951 2834 γὰρ

374 2864 438 2916 τὸ
460 2861 658 2935 ,κτῆμα
692 2859 786 2913 καὶ
844 2857 1241 2928 δυσφύλακτον,
1279 2856 1409 2910 ὅταν
1430 2855 1552 2910 κατ’
1585 2857 1830 2939 ἀνάγκην
1861 2855 1953 2925 γέ-

478 2973 557 3013 αι.
858 2992 862 2996 Α

478 2975 510 3008 α
538 2994 557 3013 .
858 2992 862 2996 Α

379 2972 576 3111 νηἷῖῐϊξϊς
609 3046 896 3115 νεωτέροις
925 3043 1191 3115 ἐπίτρεπε
1220 3044 1439 3116 γαμεῖν,
1470 3041 1603 3115 πρὶν
1637 3041 1956 3115 διαφθαρῶ-

379 3155 466 3194 cm
493 3140 573 3202 είς
607 3137 852 3211 ἑταίρας.

2056 1949 2182 2004 est?
2239 1947 2429 2018 Atqui
2462 1947 2834 2029 agglutinetur
2886 1945 3142 2010 Domino,
3200 1961 3343 2001 unus
3409 1944 3637 2015 spiritus

2060 2050 2145 2097 est
2171 2041 2194 2093 ’ἒ

2128 2129 2188 2186 S.
2218 2130 2401 2202 lgnat.
2432 2129 2494 2187 Si
2527 2130 2652 2201 quis
2698 2129 2754 2184 in
2805 2129 3058 2184 castitate
3105 2142 3328 2184 manere
3363 2134 3539 2197 potest
3566 2125 3634 2179 ad

2058 2226 2318 2280 honorem
2343 2224 2530 2286 carnis
2579 2222 2819 2287 Domini,
2867 2222 2992 2277 sine
3033 2220 3299 2292 iactantia
3332 2228 3541 2290 pergat.
3572 2218 3639 2274 Et

2050 2319 2102 2373 si
2132 2318 2382 2388 pluribus
2417 2331 2581 2387 quam
2608 2314 2935 2384 episcopoid
2963 2312 3471 2378 communicaverit,
3508 2327 3636 2382 pcr—

2059 2410 2121 2466 iit
2143 2402 2153 2411 ’
2172 2410 2222 2464 ei
2276 2408 2549 2465 castitatis
2578 2424 2731 2464 usus.
2756 2407 2928 2464 Decet
2952 2417 3133 2462 autem
3161 2414 3222 2461 ut
3246 2403 3433 2476 sponsi
3467 2403 3637 2458 futuri

2062 2511 2119 2560 et
2167 2516 2385 2574 sponsa}
2439 2516 2566 2557 cum
2620 2501 2861 2572 episcopi
2922 2513 3150 2556 assensu
3226 2495 3637 2553 matrimonium

2054 2594 2407 2659 contrahant,
2430 2603 2491 2649 ut
2524 2592 2724 2663 nuptire
2749 2592 3049 2647 secmrlum
3080 2591 3267 2654 Dedin,
3295 2604 3400 2643 non
3439 2601 3639 2643 secun-

2058 2687 2186 2742 dum
2222 2696 2431 2757 turpem
2459 2686 2807 2755 cupiditatem
2845 2685 2997 2740 fiant.

2127 2779 2642 2850 Ctelibatusjugum
2706 2778 2837 2833 nuﬁi
2899 2778 3178 2846 imponas;
3234 2789 3321 2829 res
3381 2771 3526 2827 enim
3556 2780 3641 2831 est

2059 2871 2371 2942 periculosa
2394 2879 2449 2925 et
2480 2869 2758 2924 custod‘itu
2779 2866 3037 2933 dillicilis,
3073 2868 3291 2937 quando
3315 2880 3412 2935 per
3455 2877 3642 2919 neces-

2060 2964 2277 3022 sitatem
2307 2962 2450 3018 facta
2484 2961 2671 3020 fuerit.

2129 3052 2451 3109 Juuioribus
2500 3053 2722 3122 nuptias
2758 3051 3021 3119 concede,
3056 3063 3349 3121 antequam
3395 3051 3642 3108 meretri-

2061 3146 2165 3201 ciis
2190 3145 2474 3203 amoribus
2508 3145 2881 3217 implicentur.

454 3198 948 3303 Μακαρία’στείρα
975 3229 1262 3300 ἀμίαντος,
1307 3228 1433 3300 ἥτις
1459 3229 1560 3283 ούκ
1590 3227 1734 3296 ἔγνω
1766 3227 1960 3298 κοίτην
1985 3217 1988 3242 ¹

2136 3236 2265 3307 Sap.
2312 3253 2395 3294 ut.
2431 3198 2614 3293 Beatar
2640 3237 2843 3294 sterilis
2880 3236 3250 3300 immaculata,
3283 3251 3408 3305 qua:
3435 3234 3642 3291 lectum

380 3332 442 3386 ὲν
500 3324 940 3399 παραπτώματι·
990 3325 1104 3391 ἔξει
1165 3324 1380 3396 καρπὸν
1421 3323 1483 3376 ὲν
1530 3323 1807 3392 ἐπισκοπῇ
1854 3318 1963 3390 ψυ-

382 3442 517 3495 κων.

456 3515 728 3587 Κρεῖσσον
750 3511 1053 3581 παρθενεία
1087 3508 1227 3577 μετὰ
1254 3507 1477 3579 ἀρετῆς.
1497 3505 1823 3568 Ἀθανασίας
1853 3503 1963 3574 γάρ

385 3614 534 3665 ἐστιν
561 3612 594 3678 ή
635 3608 824 3679 μνήμη
857 3606 1029 3675 αὐτῆς
1055 3619 1069 3635 ⁶
1114 3592 1200 3658 ὅτι
1229 3603 1327 3657 καὶ
1358 3601 1509 3669 παρὰ
1538 3599 1659 3669 Θεῷ
1693 3597 1965 3666 γινώσκε-

378 3714 499 3765 ται,
545 3699 641 3753 καὶ
670 3698 822 3767 παρὰ
864 3692 1211 3766 ἀνθρὼποις’
1255 3691 1539 3764 παροῦσάν
1565 3708 1626 3744 τε
1669 3688 1963 3760 μιμοῦνται

380 3790 579 3859 αὐτὴν,
609 3790 703 3842 καὶ
733 3786 990 3841 ποθοῦσιν
1034 3783 1410 3840 ἀπελθοῦσαντ
1455 3781 1549 3836 καὶ
1588 3784 1648 3833 ἐν
1691 3781 1770 3850 τῷ
1807 3780 1966 3832 αἰῶνι

390 3881 881 3954 στεφανηφοροῦσα
911 3877 1212 3949 πομπεύει,
1233 3877 1323 3930 τὸν
1351 3875 1462 3930 τῶν
1483 3873 1763 3945 ἀμιάντων
1787 3871 1967 3925 ἄθλων

387 3981 579 4048 ἀγῶνα
611 3976 908 4047 νικήσασα.

471 4073 533 4128 Ὅ
562 4066 966 4140 ἀντοφθαλμῶν
998 4063 1217 4136 ἡδοναῖς
1258 4061 1517 4131 στεφανοῖ
1548 4056 1694 4129 ζωὴν
1737 4055 1927 4112 αὐτοῦ.

461 4250 730 4322 (θυμίαμα
749 4246 828 4318 τῷ
855 4244 1045 4317 Κυρίῳ
1073 4243 1103 4296 δ
1132 4245 1190 4297 ἐν
1226 4242 1440 4310 σώματι
1471 4238 1768 4308 αγιασμός.
1798 4270 1801 4271 ν

473 4344 543 4396 Ἠ
575 4343 633 4394 ὲν
661 4342 809 4411 γήρᾳ
840 4335 1167 4407 σωφροσύνη
1208 4333 1268 4386 οὗ
1302 4330 1649 4402 σωφροσύνη,
1686 4330 1802 4385 ἀλλ’
1833 4331 1966 4384 ἀκο-

346 4463 349 4466 ν
390 4436 585 4496 λασίας
620 4431 896 4501 ἀδυναμία
913 4446 932 4503 _'
965 4429 1071 4490 ἕως
1105 4426 1222 4479 ἔστί
1251 4442 1336 4479 σοι
1362 4424 1614 4494 δύναμις,
1653 4423 1846 4492 κράτει
1870 4423 1969 4491 τῆς

2063 3347 2174 3388 non
2196 3330 2451 3399 cognovit
2482 3344 2608 3386 cum
2635 3340 2898 3401 peccato;
2930 3330 3168 3386 fructum
3207 3328 3430 3384 habebit
3459 3329 3513 3383 iu
3562 3329 3646 3382 vi-

2064 3420 2319 3476 sitatione
2352 3419 2687 3476 animarum.

2136 3510 2325 3568 Melior
2346 3523 2430 3568 est
2464 3512 2653 3569 virtuti
2700 3512 2996 3583 conjuncta
3043 3510 3368 3583 virginitas;
3419 3512 3646 3567 immor-

2065 3605 2192 3661 talis
2217 3606 2364 3662 enim
2397 3606 2503 3661 erit
2543 3606 2665 3676 ejus
2697 3606 2985 3662 memoria.
3019 3604 3153 3661 Nam
3181 3616 3239 3661 et
3270 3605 3413 3675 apud
3453 3604 3646 3670 Deum.

2066 3708 2122 3754 et
2155 3698 2300 3767 apud
2338 3697 2587 3753 homines
2623 3698 2997 3768 cognoscitur,
3028 3706 3083 3752 et
3114 3706 3438 3768 praesentem
3472 3697 3646 3768 ipsam

2066 3790 2418 3855 aemulantur,
2450 3800 2505 3845 et
2532 3790 2816 3847 absentem
2870 3789 3222 3857 desiderant;
3249 3800 3306 3845 et
3349 3791 3414 3844 'in
3439 3792 3649 3845 saecqu

2067 3888 2327 3936 coronata
2376 3880 2668 3952 magnilice
2720 3881 2946 3946 incedit,
3000 3890 3061 3936 ut
3092 3895 3211 3949 quas
3247 3880 3439 3935 victrix
3472 3881 3650 3950 puris-

2068 3969 2197 4046 simi
2229 3970 2545 4026 certaminis
2577 3969 2859 4039 praemium
2886 3969 3203 4027 obtinuerit.

2144 4060 2360 4116 Siraclt.
2388 4059 2492 4128 Qui
2530 4061 2769 4132 despicit
2823 4061 3157 4132 voluptates,
3204 4073 3443 4119 coronat
3481 4062 3651 4119 vitam

2072 4168 2255 4210 suam.

2143 4244 2516 4300 Sanctiﬁcatio
2541 4244 2786 4313 corporis
2817 4245 3115 4317 thymiama
3155 4244 3398 4301 domino.

2141 4335 2203 4392 S.
2237 4337 2453 4392 Basilii.
2485 4337 2835 4392 Continentia
2892 4339 2948 4392 in
3001 4346 3280 4393 senectute
3341 4352 3450 4392 non
3516 4352 3653 4392 con-

2070 4424 2303 4480 tinentia
2334 4433 2442 4495 est,
2485 4426 2577 4481 sed
2625 4425 2867 4480 libidinis
2915 4425 3264 4497 impotentia.
3301 4426 3437 4481 Dum
3470 4426 3654 4482 adhuc

395 4529 696 4602 ἁμαρτίας,
735 4526 897 4579 τοῦτο
928 4523 1037 4595 γάρ
1069 4525 1216 4574 ἐστιν
1247 4522 1438 4591 ἀρετή.
1483 4519 1610 4572 Ἐὰν
1636 4519 1747 4589 γὰρ
1773 4518 1972 4571 ἀδυνα-

2078 4518 2293 4573 validus
2342 4533 2425 4581 es,
2485 4526 2774 4587 peccatum
2832 4518 3085 4585 relrena;
3141 4519 3243 4574 hoc
3291 4519 3435 4573 enim
3480 4519 3657 4575 virtus

399 4626 499 4696 μία
526 4641 584 4676 σε
615 4622 803 4692 παύση
833 4621 930 4689 τῆς
958 4617 1255 4687 ἁμαρτίας,
1287 4615 1388 4683 τῆς
1409 4613 1696 4677 ἀσθενείας
1720 4613 1755 4677 ἡ
1786 4613 1972 4683 χάρις.

407 4713 776 4784 Ἐπαινοῦμεν
805 4713 862 4767 δὲ
890 4711 1019 4774 τοὺς
1059 4708 1205 4762 κατὰ
1233 4708 1555 4779 προαίρεσιν
1598 4707 1862 4776 ἀγαθοὺς,
1913 4705 1974 4759 ού

394 4807 520 4870 τοὺς
547 4804 653 4860 ύπό
682 4821 824 4867 τινος
852 4801 1100 4871 ἀνάγκης
1132 4798 1571 4870 ὲξειργομένους.

473 4985 684 5059 Νεκρὺς
710 4984 772 5035 οὐ
807 4977 1191 5051 στεφανοῦται.
1227 4976 1419 5041 Οὐδεὶς
1447 4976 1657 5038 δίκαιος
1683 4973 1749 5026 δι’
1778 4972 1977 5025 ἀδυνα-

400 5080 530 5151 μίαν
559 5076 754 5132 κακοῦ.
1646 5133 1660 5141 ⁸

465 5169 561 5221 Δεῖ
594 5162 689 5221 οὖν
737 5166 830 5219 τὸν
877 5162 1003 5218 νοῦν
1046 5161 1237 5233 ὥσπερ
1284 5161 1409 5215 τινὰ
1460 5159 1827 5232 κυϐερνήτην,
1867 5159 1979 5210 ἄνω

396 5260 710 5330 καθήμενον
738 5258 846 5311 τῶν
875 5256 1085 5313 παθῶν.
1107 5256 1199 5309 καὶ
1230 5253 1394 5307 οἱονεὶ
1423 5253 1597 5324 πλοίῳ
1646 5254 1743 5322 τῆς
1776 5253 1980 5320 σαρκὸς

358 5352 703 5406 ’ἐπιϐάνταο
763 5351 858 5404 καὶ
918 5349 1197 5419 ἐμπείρως
1257 5349 1382 5410 τοὺς
1435 5347 1733 5416 λογισμοὺς
1788 5343 1978 5414 ὥσπερ

398 5446 586 5508 οἴακας
624 5443 1077 5515 περιστρέφοντα,
1102 5442 1444 5494 καταπατεῖν
1475 5439 1577 5508 μὲν
1607 5437 1871 5507 γενναίως
1904 5440 1974 5490 τὰ

396 5538 643 5609 κύματα,
683 5535 1017 5606 ὑψηλότερον
1045 5534 1102 5586 δὲ
1153 5534 1501 5602 διαμένοντα,
1548 5533 1644 5586 καὶ
1687 5531 1977 5600 δυσπρόσι-

395 5648 487 5684 τον
516 5631 646 5683 δντα
688 5630 802 5692 τοῖς
866 5627 1086 5691 πάθεσι,
1131 5625 1387 5695 μηδαμοῦ
1416 5625 1512 5692 τῆς
1548 5623 1647 5678 ἀπ’
1680 5624 1861 5678 αὐτῶν
1890 5638 1979 5677 πι-

400 5727 582 5795 κρίας,
615 5724 804 5791 ὥσπερ
837 5723 1019 5790 ἅλμης
1048 5720 1214 5783 τινὸς,
1243 5718 1723 5789 ἀναπίμπλασθαι.

712 5906 988 5966 PATnoL.
1031 5902 1146 5963 Gtt.
1180 5901 1521 5963 CXXXVI.

2079 4618 2183 4664 est.
2218 4609 2354 4663 Nam
2405 4607 2450 4662 si
2502 4608 2821 4676 impotentia
2877 4618 3159 4680 peccatum
3188 4609 3453 4674 inhibeat,
3483 4610 3659 4680 gratia

2082 4697 2440 4754 imbecillitati
2519 4699 2767 4754 habenda
2840 4700 3026 4755 fuerit.
3088 4699 3407 4756 Laudamus
3474 4713 3656 4756 autem

2082 4791 2207 4848 illos
2235 4793 2327 4862 qui
2361 4807 2426 4846 ex
2463 4792 2632 4846 animi
2685 4793 2975 4862 proposito
3034 4793 3167 4848 boni
3223 4803 3374 4860 sunt,
3426 4808 3533 4850 non
3564 4794 3659 4865 qui

2081 4882 2263 4952 aliqua
2296 4883 2628 4937 necessitate
2657 4882 2798 4937 tales
2840 4881 3000 4936 liuut.

2154 4972 2403 5027 Mortuus
2434 4989 2543 5028 non
2593 4983 2923 5039 coronatur;
2980 4988 3140 5028 nemo
3186 4973 3379 5043 justus
3418 4982 3502 5030 est
3536 4990 3661 5046 pro-

2083 5073 2202 5134 pter
2230 5065 2609 5129 impotentiam
2639 5066 2704 5117 ad
2740 5067 2967 5117 malum.

2155 5151 2260 5223 25
2296 5154 2529 5211 Mentem
2578 5155 2744 5225 igitur
2797 5163 3037 5223 oportet,
3100 5153 3265 5209 veluti
3326 5154 3664 5225 guhernatn-

2084 5263 2198 5301 rem
2261 5247 2555 5318 quemdam
2613 5262 2779 5315 supra
2841 5246 3069 5300 allectus
3113 5255 3168 5300 et
3225 5245 3668 5315 perturbationes

2085 5341 2488 5405 cottsidentem,
2523 5347 2578 5393 et
2639 5338 2801 5392 veluti
2865 5337 3140 5409 navigium
3167 5336 3416 5407 corporis
3458 5337 3666 5406 ingres-

2089 5449 2231 5496 sam,
2261 5442 2314 5487 et
2341 5432 2709 5501 eugitatioues
2754 5447 2855 5486 ceu
2910 5431 3282 5502 gubernacula
3318 5432 3508 5486 dextre
3553 5444 3670 5485 mo-

2086 5526 2385 5586 derantem,
2421 5526 2618 5580 ﬂuctus
2659 5525 2928 5579 undarum
2955 5538 3218 5594 generose
3237 5523 3583 5585 conculcare,
3612 5530 3668 5575 et

2081 5619 2245 5673 altius
2267 5617 2625 5682 eminentem,
2652 5618 2816 5687 inque
2842 5618 2964 5671 loco
2994 5614 3500 5686 perturbationibus
3516 5614 3669 5667 inac-

2088 5727 2245 5767 cesso
2294 5709 2673 5773 constitutam,
2697 5723 3040 5778 nequaquam
3066 5705 3278 5777 impleri
3303 5704 3668 5760 amaritudine

2093 5808 2380 5877 ipsarum,
2413 5808 2673 5873 tanquam
2719 5799 3007 5872 aspergine
3061 5798 3293 5871 quadam
3345 5797 3662 5869 salsuginis.

3265 5890 3346 5948 26
