4034 6412
442 297 545 364 8H

1715 303 2040 370 ANTONII
2080 310 2428 373 MELISSUS

3600 315 3703 381 8ιῖ

513 414 786 485 Theologi.
819 413 1280 472 Contubernalem
1310 405 1406 472 tibi
1435 428 1504 472 ne
1549 413 1772 473 fratrem
1807 417 2019 488 quidem

2202 420 2459 474 Σύνοικον
2484 420 2643 491 αίροῦ
2677 419 2802 493 μηδ’
2830 418 3060 494 ἀδελφὸν
3095 419 3319 496 ῥᾳδίως.

440 507 600 563 facile
631 505 857 576 deligas.

511 597 786 664 Quorsum
819 596 967 652 enim
1003 595 1201 653 attinet
1258 595 1458 652 intueri
1520 594 1828 652 fomentum
1863 596 2021 668 {egri-

441 689 692 746 tudinis?

516 777 710 832 Melitts
749 785 837 833 est
887 776 1164 849 ingenium
1216 777 1502 848 subtriste,
1530 792 1699 852 quam
1731 777 2025 850 voluptua-

442 871 608 924 rium.

516 960 712 1016 Putido
743 961 859 1017 vasi
890 975 1000 1018 non
1031 962 1394 1020 committitur
1418 973 1781 1033 unguentum.

511 1052 702 1123 Neque
731 1053 948 1110 llamma
983 1063 1267 1126 permanet
1308 1056 1600 1125 absumpta
1634 1055 1886 1122 materia,
1926 1054 2022 1110 sed

443 1161 550 1199 una
581 1162 705 1200 cum
757 1147 850 1203 illo
883 1163 911 1201 a
943 1164 1054 1218 quo
1081 1147 1486 1204 accendebatur
1534 1147 1768 1202 discedit
1800 1165 1814 1202 :
1847 1162 2024 1217 neque

445 1255 598 1294 mens
633 1248 687 1294 et
721 1240 978 1309 cogitatio
1029 1238 1414 1296 affectionibus
1463 1238 1705 1294 obnoxia
1743 1250 1948 1306 manet,
1977 1242 2021 1296 si

447 1331 752 1386 fomentum
793 1345 983 1386 earum
1019 1339 1346 1386 marcescat.

513 1420 720 1478 Oculus
797 1421 1126 1478 libidinosus
1194 1422 1361 1479 violat
1427 1424 1756 1480 castitatem.
1815 1421 2021 1493 Lingua

443 1512 727 1568 luxuriosa
787 1513 993 1569 crimen
1048 1515 1300 1570 incurrit.
1349 1513 1522 1572 Pedes
1575 1526 1778 1572 temere
1827 1517 2023 1572 ambu-

445 1601 629 1656 lantes
683 1601 922 1656 animam
958 1602 1012 1656 in
1047 1602 1240 1656 vitium
1273 1611 1370 1657 aut
1409 1603 1713 1674 periculum
1770 1603 2020 1657 trahunt.

2210 601 2579 676 ’Υπέκκαυμα
2610 605 2722 676 γὰρ
2751 603 2854 676 τῆς
2886 605 3041 660 νόσου
3070 607 3123 660 τί
3153 605 3236 661 δεῖ
3263 606 3520 679 βλέπεινε

2194 783 2466 855 Κρεῖσσον
2492 781 2738 853 κατηφὲς
2762 778 2894 854 ἦθος
2924 784 2957 854 ἢ
2982 783 3379 856 τεθρυμμένον.

2191 962 2380 1034 Μύρον
2409 963 2616 1035 δοχείον
2649 964 2859 1036 σαπρὸν
2888 966 2950 1019 οὗ
2981 965 3322 1024 πιστεύεται.

2195 1053 2333 1109 Οὔτε
2363 1056 2496 1126 φλὸξ
2530 1058 2682 1126 μένει
2704 1055 2804 1125 τῆς
2830 1051 2960 1127 ὕλης
2987 1057 3414 1130 δαπανηθείσηςο
3455 1060 3594 1116 ἀλλὰ
3623 1064 3706 1134 τῷ

2123 1145 2416 1200 ἀνάπτοντι
2469 1150 2910 1219 συναπέρχεταιο
2957 1144 3082 1202 οὕτε
3131 1150 3392 1220 λογισμὸς
3438 1150 3706 1225 ἐμπαθὴς

2123 1238 2442 1306 ὑφίσταται,
2476 1239 2885 1310 μαραινομένου
2917 1239 3012 1295 τοῦ
3041 1235 3500 1314 ὑπεκκαύματος.

2205 1417 2513 1487 Ὀφθαλμδς
2533 1417 2816 1488 πορνεύων
2841 1420 2904 1474 οὐ
2939 1419 3207 1488 φυλάσσει
3236 1421 3338 1492 τὴν
3369 1420 3700 1494 παρθενίαν.

2121 1509 2348 1563 Γλῶσσα
2394 1510 2733 1580 πορνεύουσα
2782 1512 2861 1580 τῷ
2907 1513 3133 1583 πονηρῷ
3188 1514 3469 1582 μίγνυται.
3531 1518 3705 1583 ῐιόδες

2119 1603 2331 1658 ἄτακτα
2384 1601 2662 1673 βαίνοντες
2705 1603 3062 1659 ἐκκαλοῦνται
3125 1607 3281 1661 νόσον
3340 1609 3374 1679 ἢ
3429 1609 3705 1666 κίνδυνον.

449 1691 612 1747 Casta
655 1691 728 1748 sit
761 1693 925 1748 etiam
956 1693 1124 1748 animi
1160 1695 1442 1764 cogitatio,
1491 1709 1598 1750 non
1654 1703 1867 1760 stertat,
1913 1710 2018 1749 non

2124 1695 2214 1764 τῷ
2243 1695 2319 1767 νῷ
2369 1699 2752 1766 παρθενευέτω
2785 1699 2880 1752 καὶ
2929 1700 2962 1770 ἡ
3015 1701 3245 1764 διάνοια,
3285 1700 3361 1771 μὴ
3413 1703 3705 1772 ρεμΰέσθω

449 1785 693 1851 oberret,
723 1799 822 1840 nec
856 1801 1037 1841 rerum
1066 1787 1332 1841 malarum
1374 1795 1530 1857 typos
1560 1785 1614 1840 itt
1639 1801 1698 1842 se
1724 1786 1974 1840 admittat
2003 1803 2017 1852 ;

2126 1790 2220 1844 καὶ
2253 1789 2566 1845 πλανάσθω.
2600 1791 2694 1861 Μὴ
2725 1790 2930 1854 τύπους
2950 1767 2961 1770 -
2981 1793 3037 1845 ὲν
3083 1793 3251 1863 ἑαυτῇ
3534 1812 3705 1866 πονη-

443 1886 527 1930 est
590 1878 735 1932 enim
790 1877 872 1933 Vel
934 1878 1052 1947 ipse
1117 1888 1279 1950 typus
1329 1879 1684 1934 scortationis
1731 1892 2025 1949 pars;ttec

443 1981 632 2022 earum
689 1983 872 2024 rerum
920 1983 1043 2038 qua:
1098 1969 1296 2025 debcnt
1342 1969 1471 2026 odio
1509 1969 1723 2039 haberi,
1757 1968 2024 2040 imagines

445 2061 502 2114 in
541 2060 723 2115 anima
745 2061 980 2131 eﬂingat.

519 2149 793 2221 Chrysou.
830 2151 1066 2209 Maxime
1111 2153 1484 2212 necessarium
1529 2162 1632 2219 est,
1677 2161 1739 2209 ut
1787 2152 1882 2225 qui
1912 2151 2023 2208 Deo

445 2245 660 2314 placere
723 2249 1039 2317 probusque
1094 2254 1150 2302 et
1187 2257 1375 2303 castus
1423 2261 1546 2303 esse
1612 2247 1828 2313 nititur,
1851 2247 2018 2302 vitam

445 2339 610 2409 degat
667 2353 778 2394 non
823 2341 1096 2410 supinam,
1151 2339 1368 2394 mollem
1423 2345 1480 2394 et
1541 2337 1880 2406 dissolutam,
1925 2343 2020 2394 sed

444 2431 797 2498 laboriosam,
849 2432 1146 2502 multisque
1184 2431 1416 2503 negotiis
1473 2439 1530 2486 et
1580 2430 1873 2486 sudoribus
1906 2429 2022 2501 ple-

445 2541 592 2580 nam.
990 2513 994 2520 ’

520 2612 832 2671 Ridiculum
870 2623 974 2684 cst,
1005 2615 1270 2685 genitales
1301 2613 1520 2686 quidem
1563 2615 1811 2683 corporis
1841 2622 2020 2684 partes

447 2723 670 2765 servare
700 2720 901 2773 castas,
935 2708 1175 2779 linguam
1205 2723 1333 2762 vero
1362 2705 1669 2777 negligere;
1701 2715 1795 2760 aut
1829 2706 2019 2762 obser-

449 2817 579 2856 vare
613 2801 834 2873 quidem
882 2801 1126 2872 linguam
1165 2813 1380 2871 puram,
1436 2799 1614 2852 visum
1657 2813 1786 2852 vero
1811 2799 1894 2854 vel
1921 2815 2021 2855 au-

445 2893 620 2948 ditum
670 2893 754 2948 vel
805 2908 1000 2948 manus
1037 2907 1146 2946 tton
1193 2891 1487 2946 observare
1517 2908 1531 2944 :
1563 2898 1660 2944 aut
1708 2889 1822 2944 haec
1854 2891 2018 2948 etiam

445 2986 648 3042 habere
717 2989 964 3056 tuerique
1014 3001 1140 3041 cum
1191 2983 1536 3046 castimonia,
1569 2996 1665 3038 cor
1693 2989 1874 3036 autem
1906 2999 2013 3037 ntm

2127 1881 2240 1950 ρῶν
2275 1881 2640 1952 πραγμάτων.
2670 1883 2778 1936 Καὶ
2812 1885 2840 1936 ό
2863 1883 3032 1947 τύπος
3062 1886 3230 1955 μέρος
3259 1886 3519 1954 πορνείας
3558 1887 3703 1942 ἐστί.

2123 1973 2216 2044 Μὴ
2246 1974 2663 2030 είδωλοποιείτω
2696 1979 2762 2048 τῇ
2790 1975 2936 2048 ψυχῇ
2965 1977 3034 2031 τὰ
3065 1977 3392 2049 μισούμενα.

2198 2155 2358 2209 Πᾶσα
2406 2154 2619 2225 ἀνάγκη
2672 2153 2763 2209 τδν
2817 2154 3078 2224 μέλλοντα
3110 2153 3432 2223 εὐαρεστεῖν
3467 2153 3547 2225 τῷ
3579 2152 3702 2223 Θεῷ

2122 2246 2218 2300 καὶ
2263 2246 2489 2313 δόκιμον
2539 2240 2680 2300 εἶναι
2731 2245 2827 2300 καὶ
2875 2245 3062 2313 ἁγνὸν,
3124 2244 3202 2316 μὴ
3251 2243 3344 2298 τὸν
3388 2245 3578 2300 ἄνετον
3607 2246 3701 2299 καὶ

2123 2339 2290 2411 ὑγρὸν
2315 2341 2407 2394 καὶ
2435 2339 2819 2408 διαλελυμένον
2851 2336 3072 2393 διώκειν
3107 2336 3245 2410 βίον,
3277 2336 3415 2392 ἀλλὰ
3451 2335 3544 2390 τδν
3575 2337 3701 2390 ιπε-

2122 2449 2308 2498 πονον,
2334 2434 2426 2487 καὶ
2457 2432 2674 2503 μόχθων
2703 2433 2945 2503 γέμοντα
2969 2429 3184 2484 πολλῶν
3209 2429 3305 2485 καῖ
3330 2427 3594 2500 ἱδρώτων.

2195 2608 2374 2680 Χλεύη
2399 2610 2466 2662 τὰ
2488 2608 2586 2677 μὲν
2604 2607 2705 2679 τῆς
2733 2605 3078 2668 παιδοποιίας
3102 2605 3314 2676 ὄργανα
3340 2607 3532 2677 τηρεῖν
3557 2619 3697 2674 παρ-

2121 2701 2270 2762 θένα,
2304 2702 2406 2769 τὴν
2433 2702 2490 2754 δὲ
2523 2701 2779 2769 γλῶσσαν
2835 2701 2911 2771 μὴ
2943 2701 3168 2771 τηρεῖν*
3207 2698 3241 2771 ἦ
3295 2698 3396 2769 τὴν
3445 2698 3699 2768 γλῶσσαν

2123 2797 2224 2864 μὲν
2251 2795 2439 2866 τηρεῖν
2467 2794 2756 2862 παρθένον,
2789 2793 2891 2863 τὴν
2938 2793 2996 2847 δὲ
3041 2793 3235 2864 ὅρασιν
3263 2791 3296 2862 ἢ
3326 2793 3428 2864 τὴν
3461 2793 3633 2865 ἀκοὴν
3665 2794 3704 2847 ἣ

2119 2890 2217 2949 τὰς
2243 2893 2431 2958 χεῖρας
2463 2886 2539 2958 μή
2568 2887 2756 2958 τηρεῖν
2782 2901 2797 2916 ο
2821 2886 2854 2956 ἢ
2882 2885 3056 2940 ταῦτα
3089 2885 3191 2956 μιν
3216 2886 3361 2957 ἔχειν
3389 2887 3484 2939 καὶ
3507 2888 3708 2956 τηρεῖν

2121 2982 2390 3049 παροένα,
2439 2981 2540 3052 τὴν
2589 2980 2648 3034 δὲ
2683 2979 2912 3050 καρδίαν
2952 2977 3037 3050 μὴ
3077 2979 3298 3050 τηρεῖν,
3339 2977 3456 3032 ἀλλ’
3491 2979 3702 3049 ἑταιρίο

445 3080 764 3146 custodire,
825 3080 919 3137 sed
965 3094 1090 3135 cum
1170 3077 1434 3149 superbia
1497 3084 1554 3132 et
1609 3072 1808 3132 all'ectu
1865 3090 2018 3132 scor-

2124 3073 2306 3138 ξεσοαι
2340 3074 2497 3146 τύφῳ
2524 3073 2618 3128 καὶ
2646 3069 2825 3143 θυμῷ.

445 3171 566 3227 tari.

513 3263 616 3330 Qui
646 3263 802 3320 freno
826 3265 963 3335 regit
994 3264 1241 3332 aﬂ'ectus,
1292 3281 1608 3337 quanquam
1644 3264 1811 3322 semel
1837 3263 2018 3322 domi-

445 3365 528 3412 tos
563 3373 670 3411 non
704 3357 947 3427 negligit.
978 3355 1316 3428 Perpetuum
1342 3359 1488 3412 enim
1519 3367 1602 3414 est
1637 3357 1707 3414 ab
1737 3357 1833 3413 illo
1861 3356 2018 3412 [tosto

445 3448 644 3504 bellum
677 3448 974 3519 unicuique
995 3449 1234 3520 quandiu
1275 3449 1495 3504 vixerit.

512 3539 784 3596 Climacis.
827 3540 933 3607 Qui
972 3541 1147 3594 ventri
1184 3539 1401 3596 deditus
1427 3541 1681 3610 spiritum
1725 3538 2015 3595 scortatioo

443 3629 527 3682 nis
557 3643 820 3698 superare
849 3639 1109 3696 conatur,
1137 3629 1336 3685 similis
1365 3638 1448 3684 est
1481 3627 1794 3684 incende
1823 3629 2020 3683 restin-

442 3719 625 3786 guenti
657 3733 781 3772 cum
807 3719 950 3774 oleo.

511 3807 750 3880 Evagrii.
787 3809 1086 3880 Virginitas
1115 3813 1314 3865 bonum
1345 3821 1429 3865 est
1462 3810 1855 3865 voluntarium.

511 3899 775 3957 Philonis.
809 3901 1102 3957 Allinitatis
1143 3901 1420 3956 vinculum
1467 3899 1704 3956 familias
1734 3900 2015 3972 coniungit

442 3996 708 4060 diversas,
742 4005 796 4050 et
828 4011 892 4051 ex
924 3995 1118 4050 alienis
1154 3993 1458 4050 familiares
1509 3993 1710 4058 reddit,
1741 4003 1795 4051 et
1821 4008 2016 4050 neces-

439 4090 681 4145 situdine
707 4087 1017 4158 obstringit.

506 4180 818 4236 Jamblichi.
852 4177 1191 4247 Temperans
1209 4186 1439 4244 est,non
1467 4177 1560 4247 qui
1592 4177 1872 4250 prohibita
1901 4191 2010 4234 non

435 4272 672 4344 attingit,
699 4272 793 4328 sed
819 4271 907 4341 qui
930 4269 1096 4325 licitis
1127 4270 1288 4325 etiam
1326 4269 1586 4326 abstinet.

506 4365 773 4422 Socratis.
813 4364 1070 4419 Socrates
1098 4364 1466 4432 interrogatus
1498 4362 1631 4434 quid
1656 4371 1802 4420 esset
1835 4363 2011 4419 conti-

2197 3248 2263 3305 Ὃ
2297 3250 2408 3305 τῶν
2431 3250 2621 3304 παθῶν
2645 3248 2862 3322 ἡνίοχος
2890 3250 2990 3322 οὐχ
3014 3245 3164 3316 ἅπαξ
3193 3249 3578 3318 καθυποτάξας
3607 3253 3702 3324 ἑᾷ.

2129 3344 2246 3400 Ἀεὶ
2267 3347 2373 3416 γὰρ
2407 3347 2434 3399 ό
2467 3345 2724 3416 πολέμιος
2756 3336 2913 3407 οὗτος
2948 3343 3190 3408 ῖσταται,
3237 3341 3328 3413 ιφ’
3357 3343 3484 3398 ὅσον
3520 3341 3551 3395 ό
3599 3341 3704 3395 ἄν·

2119 3437 2339 3509 θρωπος
2363 3437 2422 3490 ἐν
2453 3440 2520 3508 τῇ
2555 3437 2668 3508 ζωῇ
2703 3436 2891 3492 αὑτοῦ.

2195 3530 2258 3583 '0
2287 3529 2385 3600 τὴν
2411 3527 2608 3583 ἑαυτοῦ
2649 3527 2972 3597 θεραπεύων
3007 3525 3290 3600 γαστέρα,
3333 3528 3429 3582 καὶ
3475 3526 3694 3598 πνεῦμα

2119 3622 2386 3692 πορνείας
2423 3623 2648 3691 νικῆσαι
2667 3618 2859 3684 θέλων,
2882 3619 3067 3690 ὅμοιός
3090 3621 3206 3675 ἐστι
3231 3619 3310 3692 τῷ
3343 3619 3484 3692 μετὰ
3511 3620 3704 3675 ἐλαίου

2118 3718 2426 3774 σϐεννύοντι
2450 3717 2802 3790 ἑμπρησμόν.

2191 3807 2496 3878 Παρθενεία
2525 3810 2674 3864 ἐστὶν
2693 3809 2945 3864 ἑκούσιον
2971 3809 3194 3879 ἀγαθόν.

2185 3899 2390 3968 Δεσμδς
2416 3899 2583 3953 οἴκων
2610 3898 2835 3954 όθνείων
2861 3899 2916 3953 αῖ
2944 3898 3260 3970 ἑπιγαμίαι,
3295 3896 3396 3971 τὴν
3417 3896 3694 3970 ἀλλοτριό-

2113 4005 2255 4051 τητα
2279 3991 2360 4055 είς
2388 3990 2700 4062 οἰκειότητα
2731 3991 3088 4062 μετάγουσαι.

2183 4167 2428 4238 Σώφρων
2457 4165 2606 4220 ἐστὶν
2635 4164 2738 4236 οὐχ
2783 4166 2812 4219 ό
2846 4164 2956 4220 τῶν
2993 4164 3355 4238 κωλυομένων
3404 4166 3480 4239 μὴ
3521 4168 3693 4222 ἀπτό-

2114 4277 2298 4332 μενος,
2319 4258 2435 4314 ἀλλ’
2463 4259 2493 4314 ό
2531 4260 2641 4314 τῶν
2670 4260 3143 4331 συγχωρουμένων
3182 4259 3523 4333 φειδόμενος.

2186 4352 2486 4422 Σωκράτης
2521 4350 2845 4423 ἐρωτηθεὶς,
2877 4352 2931 4404 τί
2969 4351 3120 4406 ἐστιν
3147 4353 3464 4424 ἐγκράτεια,
3493 4349 3694 4409 εῖπενυ

435 4457 642 4520 nentia,
681 4454 817 4511 dixit
851 4471 866 4508 :
902 4454 1178 4510 Cocrcere
1225 4461 1282 4508 et
1313 4453 1534 4508 vincere
1567 4452 1816 4524 corporis
1851 4452 2008 4508 volu-

2124 4443 2185 4498 Γδ
2205 4443 2428 4515 κρατεῖν
2448 4443 2546 4514 τῆς
2569 4445 2629 4496 ὲν
2663 4440 2880 4512 σώματι
2916 4443 3131 4515 ἡδονῆς.

433 4555 662 4619 puum.

503 4639 810 4696 Democriti.
874 4641 1256 4714 Temperantia
1327 4642 1500 4713 patris
1553 4639 1853 4695 maximum
1881 4637 2009 4694 ﬁliis

430 4745 772 4803 praeceptum
797 4743 851 4790 et
875 4737 1265 4791 documentum
1297 4744 1406 4791 est.

497 4829 608 4900 26
635 4829 873 4885 Mensam
937 4829 1216 4898 opiparam
1277 4826 1518 4892 furtuna,
1577 4823 1840 4895 frugalem
1877 4837 2009 4879 vero

428 4933 481 4979 ot
519 4922 879 4992 praesentibus
913 4930 1224 4976 contentam
1256 4918 1480 4973 exhibet
1507 4915 1886 4988 temperantia.

503 5037 749 5106 Epicteti.
788 5033 846 5090 Si
881 5034 1253 5090 conditionem
1301 5031 1554 5089 servilem
1587 5030 1820 5087 evadere
1847 5029 2004 5096 velis,

430 5131 749 5188 servitutem
797 5128 914 5197 ipse
971 5127 1066 5182 tibi
1103 5126 1348 5198 deponas
1381 5125 1520 5193 ;lies
1551 5133 1734 5180 autem
1768 5123 1930 5188 liber,
1960 5122 2006 5176 si

432 5221 718 5279 aﬂ'ectibus
745 5219 999 5275 solvaris.

503 5336 768 5405 Voluptas
802 5349 906 5388 non
936 5332 1215 5400 quaelibet,
1249 5331 1344 5388 sed
1379 5344 1502 5402 quae
1524 5329 1688 5385 ﬁnem
1713 5328 2004 5385 honestum

428 5439 690 5502 prepouat
706 5470 720 5494 ,
761 5426 1029 5497 eligenda.

503 5541 776 5613 Sapientis
835 5547 920 5595 est
968 5538 1238 5596 obsistere
1288 5537 1682 5609 voluptatibus,
1715 5534 1872 5591 stulti
1904 5550 2006 5590 au.

430 5649 536 5690 tem
562 5649 790 5689 SCI‘VII‘B.

511 5744 768 5818 Voluptas
812 5746 977 5803 veluti
1018 5745 1264 5817 qumdam
1294 5761 1420 5804 esca
1481 5745 1548 5802 ad
1599 5759 1815 5802 omnem
1849 5739 2004 5798 mali‘

2187 4625 2403 4698 Πατρός
2478 4621 2804 4694 σωφροσύνη
2825 4662 2841 4688 ,
2894 4621 3153 4692 μέγιστον
3202 4621 3416 4688 τέκνοις
3471 4623 3689 4697 παράγ-

2148 4721 2309 4774 ελμα.

2148 4736 2204 4774 ελ
2254 4736 2309 4774 α.

2109 4736 2144 4789 γ
2182 4736 2477 4882 Τρράπεζαν
2506 4812 2772 4884 πολυτελῆ
2817 4811 2916 4881 μὲν
2959 4809 3098 4882 τύχη
3141 4808 3526 4881 παρατίθησιν,
3557 4809 3690 4863 αὐτ-

2108 4904 2252 4976 άρκη
2276 4903 2336 4957 δὲ
2359 4904 2706 4975 σωφροσύνη.

2180 5020 2244 5074 El.
2294 5019 2476 5091 βούλει
2524 5020 2730 5075 δούλων
2775 5021 2934 5083 ἐκτὸς
2967 5019 3260 5092 ὑπάρχειν,
3297 5018 3458 5082 αὐτὸς
3487 5017 3687 5071 ἀπολύ-

2111 5115 2236 5186 θητι
2275 5115 2542 5179 δουλείας.
2578 5114 2786 5186 Ἐσῃ,δ’
2816 5113 3102 5185 ἐλεύθερος
3131 5111 3227 5168 ἐὰν
3265 5111 3539 5182 ἀπολυθῇς
3565 5110 3688 5165 ἐπι-

2107 5207 2334 5279 θυμίας.

2188 5320 2418 5392 Ἥδονὴν
2441 5320 2512 5375 οὐ
2553 5321 2756 5385 πᾶσαν,
2786 5317 2926 5374 ἀλλὰ
2967 5315 3069 5390 τὴν
3108 5315 3204 5370 ἐπὶ
3230 5317 3292 5372 τὸ
3321 5315 3491 5371 καλὸν
3514 5314 3690 5388 αἱρεῖν-

2108 5414 2235 5470 σθαι
2264 5415 2366 5470 δεῖ.

2175 5528 2448 5598 Φρονίμου
2511 5526 2612 5597 μὲν
2665 5526 2817 5582 ἔστιν
2872 5526 3222 5582 ἁντιτάσσειν
3280 5527 3402 5589 ταῖς
3445 5525 3694 5597 ἡδοναῖς,

2105 5621 2342 5691 ἄφρονος
2379 5619 2440 5674 δὲ
2468 5619 2766 5675 δουλεύειν.

2181 5737 2362 5807 Πάσης
2391 5736 2560 5802 ὄντως
2590 5736 2807 5802 κακίας,
2837 5729 2948 5792 οἷόν
2973 5753 3026 5791 τι
3057 5734 3322 5806 “hami;
3356 5733 3519 5805 ἡδονὴ
3546 5749 3693 5806 πνο-
