4034 6412
256 4600 297 4639 '\

362 302 473 369 813

1217 307 1388 369 Ιιοῦί
1419 307 1869 371 COMMUNES.
1900 339 1969 351 -
2015 315 2207 379 PARS
2247 318 2297 381 Ι.
2336 318 2600 383 SERMO
2638 319 2763 382 XV.

3515 311 3623 377 8M

363 416 660 507 βληθεῖσα,
715 419 950 480 εὐκόλως
987 421 1083 485 τὰς
1144 421 1461 507 λιχνοτέρας
1512 419 1689 492 ψυχὰς
1738 426 1831 478 ιπι
1877 427 1989 488 τοι

2053 433 2193 498 Limn,
2241 434 2659 490 delicalioribus
2706 430 2909 488 animis
2955 426 3193 498 objecta,
3227 426 3385 483 facile
3416 427 3487 483 ad
3527 430 3622 483 ha-

363 506 660 576 ἄγκιστρον
691 510 786 579 τῆς
822 510 1100 574 ἀπωλείας
1129 514 1439 580 ἐφέλκεται.

439 599 605 670 Αίροῦ
633 602 897 671 πρότερον
925 606 1023 666 τὰς
1054 596 1354 677 ἐπιθυμίας
1380 596 1648 676 κολάζειν,
1668 610 1703 683 ἢ
1724 611 1811 664 διὰ
1842 613 1938 675 τὰς

369 690 668 760 ἐπιθυμίας
698 694 1047 760 κολάζεσθαι.

442 782 685 847 Θάνατος
706 786 801 838 καὶ
829 787 1006 867 φθορὰ
1034 790 1130 845 καὶ
1171 791 1350 845 πάντα
1380 793 1447 845 τὰ
1492 793 1627 847 ἄλλα
1660 794 1808 848 δεινά
1835 798 1942 864 πρὸ

366 874 663 944 ὀφθαλμῶν
698 876 839 932 ἔστω
889 897 977 958 σοι
1008 882 1129 935 καθ’
1175 872 1411 953 ἡμέραν,
1466 886 1561 937 καὶ
1609 884 1763 939 οὐδὲν
1794 872 1942 938 οὐδέ·-

367 972 500 1018 hort
530 964 909 1043 ἐνθυμηθήσῃ,
933 960 1056 1025 οὗτε
1085 972 1227 1041 ἄγαν
1271 975 1656 1043 ἐπιθυμήσεις.

342 1055 353 1066 “
449 1053 819 1129 ’Υπέκκαυμα
844 1060 1141 1133 ἐπιθυμίας
1168 1063 1325 1133 λόγος
1358 1058 1641 1136 ἐρωτικός.

972 1245 1190 1299 ΛΟΓΟΣ
1238 1245 1341 1299 lE'.

702 1328 845 1398 Περὶ
869 1335 1153 1400 πορνείας
1192 1337 1293 1389 καί
1324 1336 1624 1404 μοιχείας.
1824 1402 1837 1410 ,

440 1412 747 1474 Ἠκούσατε
778 1423 862 1475 ὅτι
885 1423 1081 1494 ιρρέοη
1109 1424 1222 1486 τοῖς
1247 1423 1519 1494 ἀρχαίοις,
1567 1442 1587 1477 ι
1624 1424 1700 1478 Οὐ
1729 1425 1947 1496 μοιχεύο

378 1525 489 1572 σεις
512 1527 526 1540 ·
584 1530 602 1563 ι
652 1512 762 1582 ἐγὼ
782 1514 838 1568 δὲ
865 1513 1008 1583 λέγω
1045 1516 1196 1585 ὑμῖν,
1228 1516 1309 1569 ὅτι
1344 1518 1454 1578 πᾶς
1478 1515 1507 1569 ὁ
1535 1516 1815 1586 ἐμϐλέψας
1844 1533 1944 1584 γυ-

372 1603 548 1667 ναικὶ,
591 1604 729 1674 πρὸς
770 1606 830 1658 τὸ
875 1606 1219 1676 ἐπιθυμῆσαι
1252 1607 1446 1679 αὐτὴν,
1487 1603 1589 1680 ἥδη
1624 1606 1946 1680 ἐμοίχευσεν

376 1693 548 1764 αὐτὴν
577 1696 633 1749 ὲν
663 1698 728 1768 τῇ
758 1697 955 1770 καρδίᾳ
977 1698 1164 1754 αὐτοῦ.

450 1875 566 1929 Πᾶν
592 1876 901 1949 ἁμάρτημα
925 1876 955 1932 ὃ
982 1879 1076 1934 ἐὰν
1106 1874 1307 1953 ποιήσῃ
1332 1881 1639 1952 ἄνθρωπος,
1664 1880 1822 1945 ἐκτὸς
1848 1880 1942 1935 τοῦ

377 1968 632 2037 σώματος
660 1971 841 2025 ἐστιν’
879 1973 908 2025 ὁ
947 1972 1005 2025 δὲ
1055 1974 1333 2044 πορνεύων
1378 1975 1459 2035 είς
1509 1974 1570 2027 τὸ
1620 1963 1751 2027 ίδιον
1785 1972 1947 2041 σῶμα

381 2062 710 2132 ἅμαρτάνει.
756 2064 870 2117 Ούκ
904 2064 1083 2119 οἴδατε
1134 2066 1215 2119 ὅτι
1249 2068 1316 2119 τὰ
1367 2066 1595 2135 σώματα
1635 2065 1792 2134 ὑμῶν
1820 2067 1947 2128 ναὸς

380 2153 475 2207 τοῦ
508 2157 565 2208 ἐν
596 2156 724 2226 ὑμῖν
759 2158 916 2226 ἁγίου
966 2157 1279 2226 ῐινεύματός
1326 2161 1497 2225 ἐστιν,
1544 2156 1604 2212 οὗ
1639 2158 1793 2229 ἔχετε
1838 2158 1948 2212 ἀπὸ

377 2246 534 2311 Θεοῦ,
568 2250 664 2301 καὶ
692 2249 794 2302 οὐκ
826 2248 952 2302 ἐστὲ
983 2250 1222 2316 ὲκυτῶνς

450 2338 566 2402 Πᾶς
595 2340 623 2391 ὁ
652 2338 821 2392 ποιῶν
848 2339 947 2409 τὴν
974 2339 1252 2410 ἁμαρτίαν
1273 2337 1461 2402 δοῦλός
1490 2339 1608 2392 ἐστι
1641 2339 1740 2409 τῆς
1770 2339 1949 2411 ἁμαρ-

374 2430 583 2491 τὲας·ὀ
629 2430 686 2483 δὲ
735 2429 921 2492 δοῦλος
976 2430 1038 2484 ού
1094 2432 1247 2500 μένει
1291 2432 1351 2485 ἐν
1399 2433 1467 2503 τῇ
1522 2431 1673 2503 οἰκία
1721 2430 1802 2495 είς
1857 2432 1950 2485 τὸν

376 2521 571 2577 αἰῶνα.

444 2612 537 2681 Μὴ
565 2610 661 2666 οὖν
690 2612 1024 2683 βασιλευέτω
1058 2614 1091 2684 ἠ
1127 2612 1372 2684 ἁμαρτία
1401 2614 1458 2668 ἐν
1484 2614 1563 2684 τῷ
1584 2613 1765 2685 θνητῷ
1795 2613 1952 2683 ὑμῶν

377 2702 618 2773 σώματι,
656 2707 737 2769 εἰς
768 2707 830 2760 τὸ
858 2708 1153 2761 ὑπακούειν
1204 2708 1341 2778 αὐτῇ
1372 2709 1432 2762 ὲν
1475 2709 1597 2770 ταῖς
1631 2705 1951 2776 ιπιθυμίαις

377 2798 583 2868 αὐτῆς·
618 2799 755 2870 μηδὲ
788 2799 1150 2870 παριστάνετε
1191 2802 1260 2852 τὰ
1301 2801 1439 2870 μέλη
1484 2799 1641 2869 ὑμῶν
1668 2799 1809 2854 ὅπλα
1839 2800 1953 2854 άθι-

385 2891 510 2953 κίας
558 2895 624 2964 τῇ
678 2894 944 2966 ἁμαρτίᾳ.
984 2894 1101 2948 Οὐκ
1138 2894 1317 2947 οίδατε
1368 2895 1450 2948 ὅτι
1498 2888 1543 2962 ᾧ
1590 2893 1952 2963 παριστάνετε

385 2985 612 3049 ἑαυτοὺς
639 2986 860 3051 δούλους
886 2988 967 3050 είς
1015 2985 1284 3056 ὑπακοὴν,
1328 2986 1510 3042 δοῦλοί
1558 2988 1681 3042 ἐστε
1728 2982 1772 3056 ᾧ
1814 2988 1954 3040 ὐπαο

388 3079 601 3144 κούετε,
631 3080 750 3151 ἦτοι
793 3080 1069 3153 ἁμαρτίας
1115 3084 1195 3147 είς
1239 3080 1498 3151 θάνατον,
1528 3078 1562 3156 ἢ
1596 3084 1844 3156 ὑπακοῆς
1873 3087 1953 3147 εἰς
1976 3124 2022 3187 c

381 3172 733 3245 δικαιοσύνην
756 3194 770 3242 ;

471 3262 595 3321 Ἐὰν
617 3268 842 3338 ἀδελφὸς
869 3269 1290 3340 ὀνομαζόμενος,
1338 3270 1370 3342 ἢ
1406 3270 1627 3342 πόρνος.
1663 3269 1697 3340 ἢ
1738 3269 1953 3323 πλεονέ-

384 3369 542 3429 κτης,
581 3360 615 3431 ἢ
658 3360 1074 3432 εἰδωλολάτρης,
1127 3362 1161 3433 ἢ
1217 3361 1473 3433 λοίδορος,
1521 3361 1555 3433 ἢ
1613 3362 1869 3431 μέθυσος,
1919 3362 1953 3433 ἢ

380 3440 588 3513 ἆρπαξ,
629 3448 708 3519 τῷ
736 3449 965 3520 τοιούτῳ
1002 3451 1138 3521 μηδὲ
1180 3452 1505 3506 συνεσθίειν.
1549 3451 1815 3525 Ἐξάρατε
1863 3454 1954 3507 τον

383 3539 622 3611 πονηρὸν
652 3541 712 3608 ἐξ
743 3543 898 3614 ὑμῶν
928 3544 1131 3600 αὐτῶν.

451 3722 687 3790 Φεύγετε
720 3722 820 3792 τὴν
853 3721 1130 3793 πορνείαν·
1178 3721 1412 3794 πόρνους
1455 3722 1563 3793 γὰρ
1605 3721 1700 3777 καὶ
1731 3722 1954 3793 μοιχοὺς

382 3816 563 3885 κρινεῖ
581 3816 611 3867 ὁ
639 3814 794 3876 Θεός.

459 3906 791 3975 Νεκρώσατε
822 3904 891 3960 τὰ
928 3906 1061 3975 μέλη
1103 3905 1258 3976 ὑμῶν
1284 3905 1352 3960 τὰ
1384 3906 1478 3962 ἐπὶ
1506 3906 1606 3975 τῆς
1652 3905 1775 3975 γῆς,
1823 3914 1955 3975 trep-

382 3998 556 4062 νείαν,
585 3995 945 4066 ἀκαθαρσίαν,
971 3996 1166 4062 πάθος,
1191 3996 1488 4067 ἐπιθυμίαν
1519 3996 1831 4068 κακὴν,κώ
1857 3996 1955 4067 τὴν

385 4089 722 4157 πλεονεξίαν,
751 4091 874 4161 ἥτις
902 4090 1050 4143 ἐστὶν
1073 4089 1510 4161 εἰδωλολατρεία.

455 4268 669 4339 Φανερᾶ
701 4268 758 4321 δέ
792 4268 911 4321 ἐστι
943 4268 1010 4321 τὰ
1059 4267 1194 4337 ἔργα
1239 4267 1341 4337 τῆς
1374 4267 1600 4337 σαρκὸς,
1633 4266 1791 4324 ἅτινά
1838 4270 1954 4322 ἔστι

384 4362 637 4431 πορνεία,
686 4361 923 4431 μοιχεία,
970 4360 1306 4431 ἀκαθαρσία,
1360 4361 1642 4428 ἀσέλγεια,
1674 4362 1954 4416 εἰδωλολα-

2042 541 2191 580 mum
2223 526 2546 594 perditionis
2569 540 2663 581 eas
2691 524 2883 579 allicit.

2112 610 2264 687 Elige
2328 618 2512 687 potius
2574 615 2845 685 castigare
2904 612 3133 670 allectus
3188 626 3354 683 quam
3402 617 3622 682 propter

2041 707 2190 778 ipsos
2219 709 2501 776 castigari.

2112 781 2281 861 blors,
2309 798 2585 867 corruptio
2632 806 2687 851 et
2739 796 2922 851 omnia
2983 792 3091 850 alia
3133 793 3394 849 terribilia
3442 796 3622 863 quatio-

2040 888 2133 942 die
2189 888 2285 942 tibi
2327 899 2451 943 ante
2499 888 2691 944 oculos
2737 896 3050 951 versentur,
3082 897 3140 941 et
3194 886 3331 941 nihil
3372 900 3617 958 unquam

2040 968 2168 1034 mali
2202 979 2542 1034 desiderabis
2578 980 2660 1033 vel
2683 989 2910 1050 appetes
2938 979 3189 1033 nimium.

2111 1072 2426 1127 Amatorius
2454 1080 2509 1126 et
2538 1071 2775 1129 lascivus
2805 1086 2986 1129 sermo
3032 1071 3327 1128 fomentum
3368 1080 3452 1127 est
3484 1084 3617 1125 eon-

2044 1161 2413 1233 cupiscentiae.

2475 1249 2712 1309 SERMO
2752 1250 2844 1306 xv
2877 1249 2975 1323 [οί.
3003 1248 3191 1320 LXV].

2409 1344 2482 1398 De
2521 1344 2843 1397 scortatt’one
2878 1352 2926 1396 et
2963 1342 3246 1395 adulterio.

2116 1424 2313 1493 Bauli.
2346 1452 2402 1493 v.
2431 1428 2733 1493 Audivistis
2767 1436 2913 1504 quod
2943 1434 3149 1489 dictum
3183 1434 3254 1488 sit
3283 1433 3563 1487 veteribus
3598 1447 3613 1487 :

2042 1528 2385 1585 Adulterium
2424 1542 2530 1583 non
2571 1526 2921 1593 committes;
2955 1533 3210 1579 caeterum
3243 1539 3345 1592 ego
3371 1523 3491 1578 dico
3520 1539 3621 1578 vo-

2044 1621 2152 1688 bis,
2212 1607 2358 1689 quod
2419 1606 2599 1675 omnis
2649 1608 2881 1674 intuitus
2952 1617 3231 1671 mulierem
3266 1615 3338 1668 ita
3390 1623 3448 1668 ut
3500 1630 3618 1667 eam

2044 1716 2419 1782 concupiscat,
2450 1714 2560 1786 jam
2611 1710 2940 1767 adulterium
2974 1724 3097 1765 cum
3131 1722 3194 1762 ea
3223 1706 3277 1762 in
3312 1706 3479 1762 corde
3518 1721 3619 1761 suo

1972 1786 2023 1848 Β
2049 1806 2344 1863 commisit.

2119 1889 2361 1964 Quodvis
2418 1892 2566 1951 aliud
2624 1884 2864 1950 hominis
2914 1899 3195 1964 peccatum
3223 1900 3374 1945 estra
3423 1903 3624 1958 corpus

2048 1999 2164 2057 est;
2201 1988 2295 2058 qui
2344 1998 2475 2044 vero
2505 1996 2800 2051 scortatur,
2842 1986 2895 2040 in
2936 1985 3217 2056 proprium
3271 1999 3474 2051 corpus
3499 1998 3628 2051 ρρο-

2048 2093 2158 2138 cat.
2194 2080 2275 2135 Au
2308 2080 2531 2135 nescitis
2558 2068 2704 2147 quod
2733 2093 2936 2146 corpus
2969 2086 3211 2130 vestrum
3256 2075 3327 2129 sit
3358 2074 3622 2143 templum

2048 2160 2285 2243 Spiritus
2320 2170 2494 2226 sancti
2545 2170 2683 2224 iutra
2733 2184 2850 2229 vos.
2891 2183 3052 2236 quem
3090 2166 3302 2222 habetis
3335 2182 3365 2221 a
3398 2164 3530 2229 Deo,
3570 2174 3626 2220 et

2052 2281 2158 2319 non
2195 2264 2329 2319 estis
2360 2263 2458 2332 ipsi
2490 2259 2650 2316 vestri
2681 2248 2865 2329 juris“?

2120 2355 2279 2411 Joau.
2308 2369 2429 2410 vnt.
2457 2352 2651 2408 Omnis
2687 2352 2779 2422 qui
2811 2358 3093 2421 peccatum
3128 2347 3281 2413 facit,
3310 2361 3506 2403 servus
3543 2355 3627 2401 est

2051 2446 2301 2519 peccati;
2349 2460 2540 2502 servus
2580 2442 2763 2499 autem
2807 2456 2915 2498 non
2951 2441 3005 2497 in
3038 2450 3307 2497 aeternum
3347 2448 3532 2495 manet
3560 2440 3615 2494 in

2052 2541 2237 2596 domo.

2127 2622 2279 2686 Rom.
2310 2646 2388 2685 vt.
2427 2628 2502 2686 Ne
2532 2631 2726 2701 regnet
2771 2629 2939 2698 igitur
2989 2633 3274 2696 peccatum
3304 2626 3360 2681 in
3394 2638 3627 2694 corpore

2051 2734 2235 2780 vestro
2264 2723 2500 2787 mortali,
2551 2732 2611 2776 ut
2658 2720 2815 2791 juxta
2861 2719 3343 2788 concupiscentias
3378 2717 3499 2786 ejus
3524 2717 3628 2773 ob-

2055 2814 2367 2885 temperetis
2391 2815 2438 2869 ei
2466 2831 2480 2881 ;
2518 2827 2695 2883 neque
2726 2815 2969 2867 membra
3015 2820 3194 2867 vestra
3225 2804 3461 2882 praebete
3499 2824 3629 2879 pec~

2053 2916 2178 2961 cato
2207 2907 2569 2961 instrumenta
2612 2903 2941 2975 iniquitatis.
2978 2904 3059 2957 An
3096 2903 3321 2959 nescitis
3351 2902 3500 2973 quod
3537 2904 3625 2957 cui

2053 3007 2152 3053 vos
2181 2991 2453 3054 exlnibetis
2506 3009 2693 3053 servos
2751 2996 2818 3051 ad
2877 2995 3269 3061 obediendum,
3311 2994 3433 3064 ejus
3483 2991 3626 3051 servi

2055 3092 2211 3156 estis,
2245 3090 2335 3145 cui
2369 3090 2623 3156 oheditis,
2672 3090 2788 3145 sive
2841 3089 3046 3157 peccati
3095 3088 3161 3143 ad
3219 3092 3480 3154 mortem,
3516 3086 3630 3141 sive

2056 3181 2379 3237 obedientiae
2414 3179 2480 3235 ad
2508 3179 2820 3251 justitiam?

2130 3260 2157 3321 ι
2189 3268 2312 3322 Cor.
2352 3281 2403 3323 v.
2442 3258 2503 3323 Si
2541 3268 2668 3338 quis
2721 3283 2842 3324 cum
2889 3268 3055 3322 frater
3104 3260 3427 3336 appelletur,
3462 3259 3630 3321 fuerit

2056 3368 2350 3424 scortator,
2385 3368 2478 3415 aut
2529 3371 2755 3421 avarus.
2796 3370 2889 3414 aut
2943 3350 3371 3414 simulacrorum
3427 3360 3627 3431 cultor,

2056 3458 2149 3505 aut
2186 3446 2653 3516 conviciator,aut
2679 3451 2946 3509 ebriosus.
2969 3461 3062 3505 aut
3097 3466 3286 3519 rapax,
3321 3464 3444 3503 cum
3476 3444 3629 3520 ejus-

2057 3544 2202 3598 tnodi
2236 3558 2304 3598 ne
2336 3544 2519 3598 cibum
2571 3544 2791 3614 quidem
2846 3542 3095 3613 capiatis,
3123 3550 3231 3597 etc.
3279 3536 3453 3595 Etiam
3503 3558 3630 3611 pro-

2054 3627 2235 3705 ﬂigate
2274 3636 2435 3690 istum
2483 3634 2575 3705 qui
2620 3626 2797 3691 malus
2833 3642 2919 3689 est
2946 3650 3012 3689 ex
3043 3633 3200 3687 vobis
3238 3634 3393 3702 ipsis.

2124 3727 2266 3782 Ibid.
2294 3742 2367 3781 Vl.
2404 3718 2596 3796 Fugite
2646 3727 3060 3781 scortationem.
3110 3725 3455 3781 Sconatores
3480 3726 3628 3779 enim

2055 3828 2109 3874 et
2140 3822 2389 3873 moechos
2413 3817 2681 3888 iudicabit
2718 3817 2886 3871 Deus.

2126 3904 2329 3965 Colon.
2379 3926 2461 3964 ιιι.
2523 3904 2844 3963 Mortiﬁcate
2917 3905 3163 3963 membra
3216 3915 3397 3962 vestra
3458 3915 3631 3960 terre-

2056 4000 2214 4065 stria,
2249 4012 2523 4070 stuprum,
2586 3998 3013 4064 immunditiam,
3085 3998 3390 4065 mollitiem,
3426 4011 3631 4053 concu-

2056 4091 2378 4160 piscentiam
2413 4090 2634 4153 malam,
2666 4096 2722 4143 et
2771 4088 3082 4152 avaritiam,
3115 4101 3237 4159 qua:
3283 4096 3367 4141 cst
3402 4084 3633 4141 simula-

2055 4186 2274 4232 crorum
2302 4175 2507 4231 cultus.

2128 4263 2311 4321 Galat.
2354 4281 2407 4319 v.
2469 4263 2752 4319 Manifesta
2805 4271 2937 4319 sunt
2988 4273 3173 4319 autem
3221 4278 3384 4336 opera
3423 4263 3626 4332 carnis,

2055 4369 2178 4430 qua:
2252 4366 2384 4413 sunt
2436 4357 2724 4419 scortatio,
2764 4356 3113 4423 adulterium,
3147 4356 3514 4421 immunditia,
3546 4357 3629 4412 la-

384 4455 562 4521 τρεία,
594 4452 934 4521 φαρμακεία,
974 4450 1187 4522 ἔχθραι,
1215 4453 1381 4522 ἕρεις,
1413 4451 1600 4522 θυμοὶ,
1634 4453 1811 4523 ζῆλοι,
1840 4456 1951 4524 ὲρι-
1982 4456 1989 4510 i

2055 4452 2246 4513 scivia,
2275 4448 2693 4502 simulacrorum
2715 4448 2821 4517 27
2845 4447 3049 4514 cultus,
3070 4446 3414 4516 veneﬁcium,
3444 4446 3626 4502 inimi-

386 4544 552 4603 θεῖαι,
586 4542 946 4612 διχοστασίαι,
996 4543 1258 4614 αἱρέσεις,
1305 4545 1510 4610 φθόνοι,
1559 4546 1732 4612 φόνοι,
1771 4547 1954 4615 μέθαι,

294 4635 329 4684 \
389 4637 589 4705 κῶμοι.
643 4638 706 4689 Ol
746 4636 803 4688 δὲ
849 4635 1024 4691 ταῦτα
1073 4635 1355 4700 ποιοῦντες
1403 4638 1685 4708 βασιλείαν
1732 4640 1866 4694 Θεοῦ
1897 4640 1956 4693 οὗ

391 4730 887 4801 κληρονομήσουσι.

466 4995 559 5065 Μὴ
592 4995 891 5059 πλανᾶσθε,
921 4993 1056 5057 Θεὸς
1079 4994 1139 5047 οὗ
1172 4993 1589 5065 μυκτηρίζεται.
1632 5000 1697 5052 Ὃ
1736 5000 1843 5072 γὰρ
1868 5003 1960 5056 ἐὰν

400 5090 602 5159 σπείρῃ
630 5085 938 5155 ἄνθρωπος,
959 5084 1118 5139 τοῦτο
1142 5087 1235 5138 καὶ
1265 5086 1494 5156 θερίσει.
1532 5087 1590 5141 ’0
1615 5091 1856 5161 σπείρων
1879 5094 1962 5158 εἰς

393 5180 496 5245 τὴν
528 5178 708 5246 σάρκα
735 5176 929 5229 ἑαυτοῦ
956 5178 1020 5229 ἐκ
1055 5174 1156 5247 τῆς
1190 5177 1392 5248 σαρκὸς
1424 5178 1629 5247 θερίσει
1660 5181 1866 5253 φθοράν
1886 5201 1901 5218 ο
1932 5188 1960 5239 ὁ

393 5271 451 5323 δὲ
490 5269 730 5337 σπείρων
768 5269 847 5329 είς
876 5265 937 5320 τὸ
973 5266 1191 5336 πνεῦμα
1220 5268 1285 5319 ἐκ
1326 5266 1421 5320 τοῦ
1454 5269 1769 5337 πνεύματος
1809 5274 1959 5343 θερί-

399 5377 481 5412 σει
514 5359 659 5430 ζωὴν
708 5358 963 5413 αίώνιονο
1002 5358 1083 5411 ὅτι
1130 5359 1179 5410 οί
1228 5357 1546 5429 σπείροντες
1592 5362 1651 5413 ἐν
1695 5362 1958 5434 δάκρυσιν

394 5455 454 5503 ἐν
483 5449 803 5518 ἀγαλλιάσει
831 5447 1103 5519 θεριοῢσιν
1130 5446 1357 5501 ἐκεῖθεν.

467 5542 789 5613 ’Ἄνθρωπος
818 5543 966 5603 ὅστις
1017 5540 1291 5611 μοιχεύσει
1321 5542 1555 5609 γυναῖκα
1587 5544 1799 5615 ἀνδρὸς,
1835 5546 1867 5615 ἦ
1899 5547 1958 5610 ὃς

396 5634 464 5684 ἂν
488 5630 753 5701 μοιχεύσῃ
784 5629 881 5699 τὴν
900 5632 1135 5698 γυναῖκα
1159 5628 1251 5682 τοῦ
1278 5629 1504 5695 πλησίον
1528 5631 1718 5700 αὐτοῦ,
1742 5635 1957 5708 θανάτῳ

400 5722 773 5790 θανατούσθω,
803 5725 831 5775 ὁ
862 5724 1130 5795 μοιχεύων
1159 5724 1251 5779 καὶ
1279 5725 1310 5793 ἠ
1340 5740 1429 5793 μοι
1438 5725 1723 5794 Αευομένη.

2061 4542 2225 4607 citize,
2262 4540 2353 4604 lis,
2392 4538 2790 4604 a-mulationes,
2846 4540 2961 4602 irae,
2986 4541 3442 4606 concertationes,
3487 4540 3631 4595 sedi-

2061 4635 2257 4698 tiones,
2283 4646 2468 4696 secue,
2500 4632 2735 4694 invidiae,
2767 4633 2966 4695 caedes,
3001 4631 3320 4696 ebrietates,
3356 4646 3631 4686 comessa-

2064 4724 2272 4787 tiones,
2324 4736 2378 4777 et
2432 4723 2516 4777 his
2562 4721 2784 4785 similia,
2842 4719 2910 4774 de
2953 4720 3153 4789 quibus
3178 4720 3415 4788 praedico
3450 4720 3627 4780 vobis.

2058 4815 2515 4886 quemadmodum
2556 4823 2611 4869 et
2663 4813 2911 4882 praedixi,
2949 4813 3093 4882 quod
3140 4812 3236 4882 qui
3280 4812 3407 4867 talia
3437 4826 3630 4882 agunt,

2058 4909 2211 4977 regni
2255 4906 2345 4961 Dei
2374 4906 2616 4961 hzeredes
2659 4914 2764 4961 nOn
2794 4913 2977 4958 erunt.

2132 5000 2277 5053 Ibid.
2309 5014 2381 5053 vt.
2416 4997 2494 5052 Ne
2529 4996 2749 5057 erretis,
2803 4996 2945 5049 Deus
2987 5008 3091 5047 non
3143 4993 3423 5048 irridetur.
3455 4993 3631 5060 Quid-

2060 5090 2194 5163 quid
2222 5090 2365 5146 enim
2401 5089 2754 5144 seminaverit
2800 5087 2982 5151 homo,
3025 5086 3126 5141 hoc
3156 5097 3212 5141 et
3253 5094 3437 5139 metet.
3487 5085 3624 5140 Nam

2060 5182 2155 5253 qui
2191 5182 2427 5236 seminat
2486 5194 2583 5250 per
2634 5194 2855 5234 carnem
2909 5193 3087 5240 suam,
3136 5176 3205 5231 de
3257 5191 3422 5231 carne
3462 5188 3629 5233 metet

2058 5275 2466 5343 corruptionem
2500 5289 2513 5326 ε
2546 5271 2641 5327 sed
2686 5272 2779 5341 qui
2839 5270 3075 5326 seminat
3128 5282 3224 5338 per
3250 5268 3527 5338 spiritum,
3564 5271 3632 5325 de

2059 5366 2252 5434 spiritu
2289 5372 2457 5419 metet
2498 5365 2663 5418 vitam
2695 5374 2980 5418 acternam.
3021 5360 3155 5415 Nam
3187 5362 3280 5431 qui
3329 5372 3524 5417 serunt
3557 5363 3631 5417 la-

2058 5455 2284 5525 crymis,
2312 5463 2517 5511 metent
2542 5455 2668 5510 inde
2695 5470 2820 5510 cum
2852 5453 3239 5509 exsultatione.

2132 5546 2297 5600 Leuit.
2336 5561 2530 5600 xxvm.
2557 5544 2732 5601 liniuo
2760 5546 2854 5614 qui
2888 5544 3114 5599 alterius
3135 5543 3237 5598 viri
3271 5552 3364 5599 aut
3398 5544 3630 5613 proximi

2059 5639 2144 5693 sui
2176 5653 2400 5692 uxorem
2446 5639 2713 5693 adulterio
2762 5637 3092 5705 corruperit,
3126 5638 3305 5709 capite
3349 5640 3629 5707 puniatur,

2060 5740 2172 5785 tum
2209 5732 2346 5795 ipse,
2377 5742 2491 5786 tum
2526 5734 2719 5787 mulier
2744 5744 3019 5792 corrupta.
