4034 6460
365 361 470 425 815

366 563 472 620 bus
503 572 599 620 aut
629 565 807 621 tribus
841 566 1072 622 testibus
1106 568 1400 623 moriatur.

439 653 581 712 Ibid.
612 672 704 714 xx.
749 655 1074 730 Quicunque
1128 659 1491 716 concubuerit
1538 674 1662 713 rum
1712 659 1959 713 masculo

1675 358 1996 426 ANTONII
2040 351 2391 423 MELISSE

441 472 607 529 Leuit.
635 486 809 528 xxxn.
831 470 1018 530 lrritas
1046 472 1251 532 faciens
1277 473 1500 546 nuptias
1531 474 1657 540 viri,
1688 475 1792 531 sub
1824 475 1962 528 duo-
1991 471 2040 532 Δ

3545 345 3659 411 86

2153 471 2453 539 Ἀθετήσας
2498 484 2582 530 τις
2611 465 2790 534 γάμον
2838 461 3030 531 ἀνδρὸς
3085 461 3172 513 ἐπὶ
3218 459 3371 513 δυσὶν
3422 457 3454 529 ἢ
3505 463 3662 531 τρισὶ

2064 562 2336 634 μάρτυσιν
2364 560 2726 628 ἀποθνήσκει.
3521 603 3524 606 .

2135 656 2461 727 Ἀνθρωπος
2513 653 2572 716 ὃς
2606 653 2671 707 ἂν
2715 651 2958 723 κοιμηθῇ
2994 649 3133 721 μετά
3176 649 3405 720 ἄρσενος
3462 649 3660 720 κοίτην

368 749 660 805 concubitu
717 751 992 815 muliebri,
1047 752 1516 808 abominationem
1573 750 1724 807 fecit.
1785 751 1960 806 Ambo

2112 746 2325 808 ,ιναικὸς
2350 787 2366 812 ,
2401 743 2682 814 βδέλυγμα
2721 743 2979 812 ἐποίησεν
3000 757 3014 772 ο
3046 739 3355 811 ἀμφότεροι
3387 737 3663 792 θανατοῦ-

371 839 678 894 moriantur
713 857 728 906 ;
766 841 844 896 rei
877 850 1028 897 sunt.

446 929 560 984 Viri
599 946 824 986 uxorem
884 947 1264 1003 corrumpere,
1319 933 1415 989 irae
1465 932 1707 988 furorem
1759 933 1964 988 excitat

2065 842 2282 896 σθωσαν
2303 855 2318 872 ·
2357 838 2531 909 ἔνοχοί
2566 841 2726 893 εἰσιν.

2139 933 2322 1004 Θυμδς
2367 935 2538 1006 ὀργῆς
2587 932 2964 1002 ἀκατάσχετος
2995 931 3057 984 τδ
3108 931 3299 1002 μιᾶναι
3333 929 3527 999 ἀνδρὸς
3556 943 3662 997 γυ-

375 1019 471 1090 qui
539 1024 808 1079 contineri
874 1026 1079 1095 nequit.
1135 1021 1229 1080 Est
1281 1024 1427 1080 enim
1460 1024 1600 1093 ignis
1648 1023 1845 1079 ardens
1897 1040 1964 1078 ex

2112 1031 2257 1083 lixa.
2287 1028 2402 1098 Πῦρ
2428 1028 2539 1098 γάρ
2569 1031 2686 1080 ἐστι
2718 1025 3012 1094 καιόμενον
3049 1025 3113 1076 ἔκ
3156 1023 3377 1077 πάντων
3415 1022 3529 1076 τῶν
3559 1039 3664 1092 με-

375 1114 634 1170 omuibus
681 1117 965 1184 membris,
1017 1133 1117 1174 nec
1163 1117 1334 1173 semel
1380 1118 1666 1189 ingressus
1695 1116 1965 1172 radicitus

2112 1122 2197 1187 Iw,
2231 1121 2341 1174 οὐδ’
2371 1119 2436 1174 ἂν
2476 1119 2719 1191 εἰσέλθῃ,
2756 1120 2820 1172 ὲκ
2853 1117 3035 1203 ῥιζῶν.
3059 1116 3366 1172 ἀπώλεσεν.

375 1207 540 1278 perit.

447 1301 550 1368 Qui
589 1312 780 1360 serunt
809 1304 1073 1372 absurda,
1107 1305 1326 1361 dolores
1384 1312 1592 1360 metent
1646 1304 1752 1360 sibi
1799 1303 1969 1374 ipsis.

2153 1302 2216 1356 Ol
2254 1299 2570 1370 σπείροντες
2600 1299 2667 1353 τὰ
2700 1299 2880 1354 ἄτοπα
2924 1298 3122 1364 ὀδύνας
3163 1298 3474 1370 θερίσουσιν
3527 1299 3667 1351 ἐαυ-

375 1392 455 1449 Ex
485 1403 760 1465 praecepto
789 1395 1002 1451 Domini
1029 1397 1304 1468 peribunt,
1323 1403 1377 1452 et
1406 1411 1436 1450 a
1460 1396 1654 1468 spiritu
1685 1395 1776 1450 irae
1799 1394 1970 1466 ipsius

2112 1394 2203 1457 οἷς.
2252 1392 2388 1447 Ἀπό
2423 1391 2854 1462 προστάγματος
2887 1390 3099 1460 Κυρίου
3152 1389 3510 1458 ἀπολοῦνται,
3546 1389 3665 1445 ἀπδ

381 1489 772 1544 abolebuntur.

461 1578 649 1636 Nullus
711 1591 796 1636 est
851 1582 1005 1636 locus
1062 1582 1154 1636 ubi
1208 1581 1559 1638 occultentur
1617 1581 1806 1652 iniqua
1877 1578 1964 1634 fa-

381 1673 613 1729 cientes.

456 1767 615 1821 Prav.
646 1782 700 1824 ν.
727 1766 854 1834 Fili,
888 1767 1012 1824 bibe
1042 1783 1216 1839 aquas
1247 1768 1315 1824 de
1344 1769 1455 1824 tuis
1489 1769 1635 1826 vasis
1675 1777 1732 1824 et
1764 1767 1832 1824 de
1863 1767 1971 1823 tuis

2070 1486 2129 1541 δὲ
2166 1488 2481 1559 πνεύματος
2510 1487 2686 1558 ὀργῆς
2723 1485 2890 1542 αὑτοῦ
2926 1486 3416 1556 ἀφανισθήσονται.

2155 1581 2271 1636 Οὐκ
2302 1581 2418 1636 ἔστι
2453 1580 2615 1644 τόπος
2658 1581 2754 1634 τοῦ
2792 1581 3064 1653 κρυϐῆναι
3099 1579 3228 1644 τοὺς
3263 1577 3558 1643 ποιοῦντας
3593 1578 3668 1632 τὰ

2073 1672 2271 1742 ἄνομα.

2149 1768 2268 1831 Υἱὲ,
2305 1768 2428 1821 πίνε
2467 1767 2636 1823 ὕδατα
2683 1767 2795 1822 ἀπὸ
2825 1767 2932 1821 σῶν
2983 1767 3243 1835 ἀγγείων,
3277 1765 3374 1820 καὶ
3403 1766 3512 1819 ἀπὸ
3557 1765 3674 1818 σῶν

381 1859 562 1926 puteis
597 1857 794 1928 fontis;
829 1861 953 1919 lons
998 1873 1124 1920 tuus
1154 1880 1310 1933 aqua:
1343 1865 1415 1921 sit
1460 1865 1553 1919 tibi
1593 1862 1881 1934 proprius,
1915 1870 1972 1916 et

2112 1861 2337 1932 πρεάτων
2368 1861 2575 1932 πηγῆς
2609 1862 2642 1932 ή
2675 1861 2828 1931 πηγή
2884 1877 2978 1914 σου
3026 1860 3122 1915 τοῦ
3168 1858 3360 1922 ὓδατος
3401 1857 3548 1912 ἔστω
3582 1875 3677 1910 σοι

383 1949 574 2006 laetare
637 1968 760 2006 cum
833 1968 1004 2010 uxore
1065 1953 1120 2010 in
1174 1958 1462 2026 iuventute
1517 1955 1613 2010 tibi
1671 1956 1969 2024 desponsa.

389 2041 470 2098 Ne
503 2044 581 2099 sis
628 2043 835 2102 eli‘nsus
891 2047 947 2101 in
1006 2047 1266 2112 alienam,
1299 2063 1401 2104 nec
1454 2047 1769 2118 implicator
1826 2047 1972 2102 ulnis

385 2149 493 2188 non
525 2139 787 2206 propriis.
811 2137 950 2194 Sunt
993 2141 1142 2195 enim
1175 2139 1276 2196 viae
1309 2139 1550 2196 hominis
1581 2153 1766 2195 caram
1793 2137 1974 2195 oculis

387 2227 481 2282 Dei
505 2269 521 2296 ,
552 2237 608 2284 et
633 2246 826 2286 omnes
863 2233 1094 2288 semitas
1113 2233 1232 2305 ejus
1260 2233 1481 2304 aspicit.

463 2407 607 2464 Ibid.
641 2426 715 2464 vt.
743 2409 887 2466 Cave
919 2411 1019 2466 tibi
1053 2426 1083 2466 a
1109 2413 1339 2468 muliere
1380 2419 1574 2482 nupta,
1605 2427 1672 2467 ne
1703 2420 1755 2467 te
1787 2409 1975 2466 vincat

317 2527 326 2537 κ
389 2501 820 2570 pulchritudinis
864 2502 1229 2570 desiderium,
1281 2520 1462 2573 neque
1507 2504 1750 2576 capiaris
1801 2504 1975 2561 oculis

393 2595 524 2662 tuis,
565 2609 669 2650 nec
722 2595 810 2649 illa
863 2605 916 2651 te
963 2596 1242 2666 palpebris
1298 2599 1413 2651 suis
1470 2597 1670 2667 rapiat.
1732 2595 1973 2651 Pretium

392 2686 538 2740 enim
568 2687 757 2752 scurti,
793 2686 1057 2757 quantum
1087 2697 1140 2743 et
1167 2688 1334 2743 unius
1359 2690 1539 2758 panis.
1569 2687 1762 2743 Mulier
1794 2698 1975 2742 autem

397 2779 640 2834 virorum
665 2780 936 2852 pretiosas
959 2780 1175 2836 animas
1205 2781 1370 2850 capit.
1404 2780 1544 2836 Num
1572 2781 1770 2849 aliquis
1798 2782 1976 2850 ignem

395 2872 451 2926 in
489 2873 609 2928 sinu
643 2873 881 2938 fovebit,
909 2883 966 2929 et
1016 2874 1338 2930 veSIimenta
1392 2889 1502 2928 non
1553 2873 1880 2930 comburet‘l
1907 2872 1982 2927 Ita

401 2969 496 3039 qui
547 2968 711 3023 fuerit
758 2969 1043 3040 ingressus
1099 2969 1165 3024 ad
1221 2971 1508 3025 mulierem
1563 2979 1809 3040 nuptam,
1867 2985 1980 3023 non

400 3067 507 3119 erit
541 3078 736 3134 expers
769 3063 954 3134 gravis
1005 3077 1204 3132 poenae,
1252 3079 1354 3119 nec
1403 3064 1666 3118 innocens
1694 3064 1796 3117 crit
1830 3063 1985 3132 quis-

2079 1953 2256 2025 ήδεία,
2284 1955 2379 2007 καὶ
2411 1953 2807 2024 συνευφραίνου
2847 1953 2986 2022 μετά
3036 1952 3297 2020 γυναικδς
3326 1950 3425 2020 τῆς
3460 1951 3524 2003 ὲκ
3550 1951 3677 2003 νε⁶⁶

2082 2049 2245 2119 τητός
2297 2063 2414 2103 σου.
2452 2047 2546 2118 Μή
2599 2047 2766 2110 πολὺς
2827 2046 2936 2100 ἴσθι
2984 2045 3120 2117 πρὸς
3173 2045 3486 2116 ἀλλοτρίαν,
3532 2042 3675 2114 μηδέ

2084 2139 2312 2210 συνέχου
2340 2139 2609 2206 ἀγκάλαις
2643 2142 2763 2202 ταῖς
2794 2139 2870 2211 μή
2907 2139 3085 2203 ίδίαις.
3127 2137 3389 2193 Ἐνὼπιον
3416 2137 3527 2207 γάρ
3558 2139 3677 2190 εἰσι

2081 2233 2192 2286 τῶν
2221 2231 2316 2286 τοῦ
2346 2233 2481 2287 Θεοῦ
2511 2234 2810 2303 ὀφθαλμῶν
2843 2233 2953 2288 ὁδοὶ
2990 2232 3220 2303 ἀνδρθς·
3274 2233 3352 2298 είς
3387 2231 3444 2286 δὲ
3487 2231 3675 2293 πάσας

2083 2323 2312 2391 τροχιὰς
2341 2323 2509 2376 αὑτοῦ
2542 2323 2828 2377 σκοπεύει.

2160 2415 2442 2470 Φυλάσσου
2475 2416 2588 2470 ἀπὸ
2617 2417 2874 2486 γυναικῦς
2911 2417 3206 2486 ὑπάνδρου,
3245 2415 3318 2484 μή
3351 2431 3410 2466 σε
3457 2413 3679 2479 νικήσει

2085 2510 2319 2572 κάλλους
2369 2510 2657 2581 ἐπιθυμία,
2698 2511 2834 2581 μηδὲ
2869 2510 3144 2580 ἀγρευθῇς
3180 2512 3290 2571 σοῖς
3343 2506 3680 2576 ὀφθαλμοῖς,

2089 2605 2226 2675 μηδὲ
2279 2605 2690 2676 συναρπασάτω
2721 2622 2779 2658 σε
2809 2605 2922 2667 τοῖς
2955 2604 3245 2673 βλεφάροις
3276 2603 3468 2671 αὐτῆς.
3516 2601 3675 2670 Τιμῆ

2087 2698 2197 2769 γὰρ
2230 2700 2460 2772 πόρνης,
2493 2701 2592 2762 ὅση
2641 2703 2738 2754 καὶ
2771 2701 2887 2764 ἑνὸς
2934 2701 3124 2767 ἄρτου.
3167 2696 3315 2768 Τυνὴ
3361 2697 3418 2750 δὲ
3459 2695 3676 2764 ἀνδρῶν

2085 2791 2290 2861 τιμίων
2320 2791 2500 2863 ψυχὰς
2530 2793 2781 2863 ἀγρεύει.
2824 2793 3111 2848 Ἀποδύσει
3141 2809 3226 2855 τις
3251 2791 3361 2862 πῦρ
3383 2792 3440 2844 ὲν
3466 2788 3682 2856 κόλπῳ,

2090 2887 2161 2938 τὰ
2209 2885 2267 2938 δὲ
2310 2887 2502 2955 ἱμάτια
2554 2889 2616 2941 οὐ
2666 2886 3044 2951 κατακαύσεις
3095 2883 3284 2949 Οὕτως
3335 2886 3364 2938 ὁ
3410 2881 3681 2936 εἰσελθὼν

2093 2977 2234 3046 πρὸς
2269 2981 2509 3046 γυναῖκα
2541 2978 2813 3049 ὕπανδρον
2848 2979 2948 3032 οὐκ
2986 2975 3338 3045 ἀτιμώρητος
3378 2974 3532 3027 ἔσται
3575 2990 3683 3025 κα-

2095 3070 2243 3124 κῶν·
2277 3070 2542 3135 ὡσαύτως
2574 3072 2675 3124 οὐκ
2709 3071 3104 3140 ἀθωωθήσεται
3153 3069 3260 3131 πᾶς
3301 3067 3330 3121 ὁ
3371 3067 3687 3134 ἁπτόμενος

400 3157 526 3227 quis
553 3171 672 3210 eam
703 3155 964 3224 tetigerit.
995 3152 1113 3210 Non
1144 3155 1344 3209 mirum
1373 3163 1458 3210 est
1483 3155 1720 3222 aliquem
1749 3154 1804 3208 in
1837 3152 1984 3208 furto

2112 3155 2282 3231 ιὺτῆς.
2313 3163 2389 3216 Οὐ
2423 3160 2742 3229 θαυμαστὸν
2766 3163 2862 3216 ὲάν
2891 3161 3004 3230 ἀλῷ
3026 3177 3110 3224 τις
3139 3159 3423 3213 κλέπτωνο
3453 3156 3684 3210 κλέπτει

402 3249 774 3321 deprehendi;
818 3248 1033 3303 furatur
1077 3249 1220 3302 enim
1271 3256 1331 3301 ut
1369 3247 1604 3302 esuriem
1652 3246 1855 3317 pellat;
1891 3246 1988 3300 de-

403 3343 707 3415 prehensus
736 3350 919 3396 autem
958 3339 1620 3408 nutnerabitseptuplum,
1640 3346 1694 3392 et
1721 3337 1982 3408 expensis

403 3435 598 3504 opibus
623 3433 896 3489 universis
951 3431 1194 3500 seipsum
1237 3429 1450 3499 eripiet.
1482 3428 1547 3483 At
1603 3428 1882 3494 moechus,
1914 3427 1984 3481 ob

405 3529 648 3600 inopiam
669 3525 891 3589 mentis,
916 3523 1277 3594 perditionem
1298 3521 1493 3576 animae
1517 3536 1630 3576 suae
1657 3522 1911 3584 accersit,
1938 3527 1991 3573 et

409 3617 710 3693 ignominia
764 3617 885 3686 ejus
945 3623 1203 3684 perpetuo
1264 3612 1508 3667 durabit.
1567 3612 1798 3664 Animus
1840 3609 1985 3663 enim

412 3712 597 3769 mariti
663 3710 857 3782 plenus
930 3718 1014 3763 est
1089 3707 1254 3773 zelo;
1318 3719 1425 3759 non
1497 3711 1682 3773 parret
1747 3712 1991 3771 tempore

410 3807 690 3870 vindictae,
761 3817 864 3858 nec
920 3801 1030 3856 ullo
1095 3800 1270 3872 pretio
1337 3798 1680 3853 inimicitiam
1747 3810 1994 3850 commu-

415 3899 575 3965 tabit,
638 3910 817 3966 neque
865 3895 1025 3949 donis
1082 3905 1363 3962 utcunque
1425 3891 1616 3946 multis
1667 3904 1728 3942 ea
1796 3887 1998 3942 dissol-

415 3999 594 4046 νεῑυν.

492 4077 605 4150 28
623 4076 721 4132 Mel
739 4075 970 4132 distillat
991 4075 1198 4132 alabiis
1216 4076 1542 4142 meretricis,
1570 4075 1662 4131 sed
1683 4083 1738 4130 tu
1759 4073 1994 4139 resilias,

423 4189 526 4230 nec
555 4169 868 4226 immoreris
921 4169 975 4224 in
1014 4169 1138 4224 loco
1169 4169 1314 4240 ejus,
1373 4183 1475 4225 nec
1528 4170 1720 4224 oculos
1769 4179 1892 4223 tuos
1943 4168 1998 4224 in

422 4279 544 4320 eam
569 4261 794 4332 deligas.
825 4261 1056 4318 Abstine
1088 4275 1232 4331 aqua
1255 4259 1433 4316 aliena
1462 4269 1518 4317 et
1551 4275 1615 4314 ex
1646 4260 1796 4314 fonte
1823 4259 2002 4314 alieno

423 4373 495 4413 ne
525 4355 748 4420 biberis,
787 4362 844 4408 ut
874 4355 1110 4408 multum
1145 4352 1410 4424 temporis
1447 4352 1603 4409 vivas
1627 4367 1648 4419 ;.
1677 4350 2006 4421 adjicientur

428 4460 612 4505 autem
644 4447 738 4503 tibi
773 4445 902 4501 anni
934 4447 1076 4502 vitae.

501 4629 712 4688 Sirach.
745 4643 883 4684 χιιι.
915 4626 1132 4683 Homini
1168 4627 1460 4681 scortatori
1494 4624 1675 4694 quivis
1697 4621 1855 4678 cibus
1880 4634 2012 4677 sua-

433 4726 517 4781 vis
543 4734 626 4780 est
656 4739 673 4792 ;
711 4736 819 4778 non
854 4721 1091 4777 cessabit
1123 4719 1294 4774 donec
1323 4719 1574 4773 intereat.

504 4816 704 4871 Athan.
758 4813 862 4882 Qui
922 4812 1158 4867 formam
1193 4810 1559 4880 concupiscit,
1614 4808 1865 4877 quamvis
1896 4806 2016 4862 sine.

433 4908 704 4975 facinore,
747 4915 1032 4976 peccatum
1062 4905 1184 4959 sine
1221 4914 1358 4959 teste
1395 4901 1693 4958 commisit.

506 5000 780 5070 Chrysost.
814 4996 989 5052 Radix
1032 4997 1286 5052 adulterii
1343 5004 1426 5050 est
1481 4993 1701 5049 curiosa
1750 4991 2021 5064 inspectio

435 5093 494 5145 in
530 5090 749 5145 faciem.

510 5183 813 5239 Seniorum.
843 5180 946 5246 Qui
975 5179 1257 5250 corporeis
1295 5176 1665 5245 voluptatibus
1711 5182 2012 5238 tentantur,

445 5280 572 5331 licet
602 5275 924 5345 corporibus
977 5288 1081 5326 non
1142 5269 1575 5339 coniungantur,
1618 5269 1802 5323 animo
1839 5276 2022 5322 tamen

444 5369 668 5426 scortati
704 5375 851 5422 sunt.

834 5476 1072 5534 SERMO
1115 5475 1228 5531 XVI
1264 5476 1362 5548 [αί.
1398 5473 1660 5544 CLXXI].

668 5617 744 5671 De
774 5617 1038 5686 t'ujustitia
1069 5625 1116 5669 et
1145 5626 1352 5685 peccato
1384 5624 1432 5669 et
1457 5613 1810 5682 confessione.

526 5732 692 5787 Num.
724 5749 778 5790 v.
810 5732 906 5787 Vir
936 5741 1029 5786 aut
1077 5730 1294 5794 mulier,
1335 5730 1649 5800 quicunque
1689 5727 2030 5783 commiserit

2096 3258 2208 3328 γὰρ
2239 3257 2326 3309 ἵνα
2358 3256 2612 3330 ἐμπλήσῃ
2643 3254 2743 3326 τήν
2768 3253 2948 3324 ψυχὴν
2974 3252 3139 3307 αὐτοῦ
3165 3251 3437 3308 πεινῶσαν
3457 3267 3471 3280 ·
3501 3251 3598 3304 ὲάν
3624 3251 3690 3303 δὲ

2101 3348 2242 3418 ἁλῷ,
2265 3347 2517 3401 ἀποτίσει
2549 3346 2920 3410 ἑπταπλάσια,
2948 3345 3044 3397 καὶ
3064 3344 3242 3399 πάντα
3269 3343 3336 3397 τὰ
3367 3341 3689 3410 ὑπάρχοντα

2101 3438 2268 3494 αὑτοῦ
2295 3439 2440 3503 δοὺς.
2474 3438 2699 3508 ῥύσεται
2731 3437 2946 3492 ἑαυτόν.
2983 3436 3042 3490 Ὀ
3074 3436 3130 3490 δὲ
3167 3431 3354 3505 μοιχὸς
3383 3431 3450 3485 δι’
3473 3431 3690 3485 ἔνδειαν

2102 3532 2319 3603 φρενῶν
2348 3530 2628 3584 ἀπώλειαν
2671 3532 2738 3602 τῇ
2771 3527 2968 3584 ἑαυτοῦ
3001 3528 3150 3599 ψυχῇ
3182 3525 3586 3597 περιποιεῖται·
3622 3523 3690 3574 τό

2101 3639 2159 3676 τε
2189 3621 2389 3684 ῦ-ιειδος
2423 3620 2587 3674 αὐτοῦ
2620 3621 2723 3676 οὐκ
2756 3619 3209 3688 ἐξαλειφθήσεται
3241 3616 3320 3680 είς
3350 3613 3442 3668 τὸν
3487 3612 3687 3666 αίῶνα.

2105 3716 2320 3777 Μεστδς
2348 3713 2458 3785 γιάρ
2486 3711 2652 3782 ζήλου
2679 3712 2852 3782 θυμὸς
2882 3711 3071 3782 ἀνδρὸς
3096 3708 3293 3778 αὐτῆς
3327 3706 3388 3760 οὗ
3417 3708 3695 3774 φείσεται,

2104 3809 2162 3860 ὲν
2191 3807 2374 3879 ήμέρᾳ
2405 3805 2663 3876 κρίσεως,
2689 3803 2791 3859 οὐκ
2825 3801 3216 3867 ἀνταλλάξεται
3248 3798 3461 3860 οὐδενὸς
3487 3795 3696 3866 λύτρου

2104 3901 2208 3971 τὴν
2243 3901 2471 3972 ἔχθραν,
2506 3899 2629 3953 οὐδὲ
2667 3899 2742 3970 μὴ
2770 3896 2995 3968 διαλυθῇ
3026 3893 3238 3949 πολλῶν
3262 3891 3477 3963 δώρων.

2186 4081 2325 4138 Μέλι
2374 4079 2679 4144 ἀποστάζει
2731 4075 2841 4130 ἀπὸ
2881 4074 3108 4146 χειλέων
3163 4071 3424 4141 γυναικὸς
3461 4071 3692 4142 πόρνης·

2113 4175 2253 4229 ἀλλὰ
2280 4171 2658 4242 ἀποπήδησον,
2690 4170 2766 4239 μὴ
2796 4165 3116 4238 ὲγχρονίσῃς
3147 4165 3206 4218 ὲν
3227 4164 3304 4234 τῷ
3325 4166 3476 4234 τόπῳ
3499 4162 3698 4232 αὐτῆς,

2117 4269 2254 4341 μηδὲ
2285 4265 2588 4335 ἐπιστήσῃς
2617 4262 2676 4315 τὸ
2704 4261 2795 4315 σὺν
2819 4261 2974 4330 δμμα
3007 4258 3146 4328 πρὸς
3172 4257 3363 4328 αὐτήν.
3408 4255 3544 4308 Ἀπὸ
3571 4253 3698 4310 ὓδα-

2115 4379 2204 4424 τος
2253 4357 2534 4426 ἀλλοτρίου
2567 4353 2838 4422 ἀπόσχου,
2890 4351 2985 4404 καὶ
3029 4349 3140 4404 ἀπὸ
3187 4347 3375 4419 πηγῆς
3407 4343 3702 4415 ἀλλοτρίας

2122 4453 2197 4524 μὴ
2231 4452 2388 4523 πΐῃς,
2420 4449 2508 4501 ἵνα
2526 4446 2692 4500 πολὺν
2727 4446 2900 4516 ζήσῃς
2929 4441 3154 4514 χρόνον⁹
3181 4437 3617 4512 προστεθήσεται
3644 4435 3706 4488 δέ

2042 4524 2088 4579 D
2118 4565 2199 4600 σοι
2234 4545 2329 4612 ἔτη
2360 4542 2526 4612 ζωῆς.

2200 4605 2501 4707 Ἀνθρῶπιρ
2546 4632 2730 4702 πόρνῳ
2775 4605 2884 4695 π’ᾶς
2917 4629 3080 4700 ἄρτος
3107 4627 3236 4698 ήδῦς
3255 4641 3271 4658 ο
3300 4625 3360 4678 οὐ
3395 4622 3472 4694 μὴ
3504 4621 3711 4676 κοπιά-

2120 4749 2203 4785 σει
2234 4731 2339 4792 ἕως
2373 4729 2439 4782 ἂν
2469 4727 2797 4796 τελευτήσῃ.

2199 4824 2259 4876 '0
2290 4820 2642 4890 ἐπιθυμήσας
2672 4816 2906 4878 κάλλους
2952 4817 3046 4868 καὶ
3090 4813 3212 4883 δίχα
3266 4811 3366 4881 τῆς
3416 4807 3698 4881 πράξεως,

2122 4917 2446 4986 ἀμάρτυρον
2477 4913 2578 4984 τὴν
2612 4911 2892 4981 ἁμαρτίαν
2924 4907 3242 4976 εἰργάσατο.

2200 5007 2352 5071 Ῥίζα
2382 5003 2628 5076 μοιχείας
2662 5005 2697 5073 ή
2729 5001 3026 5071 περίεργος
3063 4997 3160 5050 θέα
3183 4995 3294 5050 τῶν
3324 4993 3526 5062 ὄψεων.

2198 5187 2261 5239 Οἱ
2293 5183 2682 5254 πειραζόμενοι
2711 5181 2819 5235 ὑπὸ
2851 5179 3185 5250 σωματικῶν
3214 5176 3442 5247 ἡδονῶν,
3493 5174 3598 5228 κᾶν
3633 5173 3716 5244 μὴ

2127 5278 2474 5350 «Mardorum
2511 5275 2754 5345 σώμασι,
2791 5273 2934 5327 κατὰ
2967 5273 3208 5326 διάνοιαν
3244 5269 3673 5340 ὲξεπόρνευσαν.

2767 5474 2989 5530 ΛΟΓΟΣ
3019 5469 3138 5541 1G".

2133 5610 2275 5680 Περὶ
2325 5609 2562 5675 ἀδικίας
2612 5609 2710 5662 καὶ
2771 5607 3062 5677 ἁμαρτίας
3090 5603 3188 5659 καὶ
3241 5601 3722 5674 ἐξαγορεύσεως.

2218 5723 2407 5794 Ἀνήρ,
2439 5726 2623 5793 φησὶν,
2653 5723 2683 5792 ἢ
2718 5722 2875 5790 γυνὴ,
2905 5723 3055 5783 ὅστις
3095 5719 3162 5773 ἂν
3208 5717 3410 5787 ποιήσῃ
3451 5715 3559 5768 ἀπὸ
3607 5717 3723 5768 τῶν

455 5834 738 5896 peccatum
801 5825 1019 5896 aliquod
1077 5825 1413 5888 humanum,
1479 5830 1532 5877 et
1581 5819 1986 5890 praevaricatior

2139 5815 2429 5887 ἁμαρτιῶν
2454 5815 2561 5870 τῶν
2592 5813 2917 5886 ἀνθρώπων,
2950 5813 3047 5868 καὶ
3079 5809 3323 5882 παριδὼν
3359 5806 3584 5878 παρίδῃ,
3622 5808 3724 5861 καὶ
