4034 6442
339 458 443 522 817

1186 461 1353 521 LOCI
1394 463 1832 526 COMMUNES.
1870 490 1927 498 -
1965 467 2155 526 P.\llS
2188 469 2234 528 Ι.
2279 467 2540 528 SERMO
2582 468 2734 529 XVI.

3496 463 3603 529 813

345 566 711 639 πλημμελήσῃ
747 568 780 639 ἡ
810 569 957 642 ψυχὴ
987 571 1192 644 ἐκείνη,
1228 573 1579 644 ἐξαγορεύσει
1608 577 1706 648 τὴν
1739 577 1918 647 ἁμαρ·
1948 607 1962 639 λ

2050 580 2419 634 ινωνανίοαιιιε
2479 577 2689 642 fuerit,
2759 587 2814 633 et
2872 579 3054 634 anima
3108 579 3230 649 ejus
3283 577 3600 648 deliquerit,

339 661 461 712 τῖαν
480 659 549 730 ἢν
581 659 858 729 ἐποίησεν.

412 751 540 805 Ἐὰν
589 753 760 826 νοήσῃ
810 753 1096 828 ἄνθρωπος
1144 760 1209 828 τῇ
1268 757 1466 829 καρδίᾳ
1510 757 1915 829 ἐπιστραφῆναι

2020 675 2348 730 confiteatur
2385 682 2672 743 peccatum
2708 674 2856 745 quod
2894 675 3142 731 admisit.

2086 765 2216 820 Job.
2254 766 2312 822 Si
2370 767 2495 834 quis
2547 783 2614 822 ex
2680 767 2866 822 animo
2899 767 2965 822 ad
3015 768 3306 822 Dominum
3356 765 3602 820 converti

340 844 478 913 πρὸς
525 843 755 915 Κύριον,
787 847 1082 916 ἀναγγελεῖ
1125 851 1181 903 δὲ
1233 849 1508 921 ἀνθρώπῳ
1565 853 1664 922 τὴν
1719 850 1916 905 ἑαυτοῦ

2050 870 2308 929 reponat,
2339 871 2526 915 narret
2577 871 2756 916 autem
2798 861 2963 916 alicui
3021 861 3240 932 culpam
3301 874 3482 925 suam,
3519 858 3602 912 in-

342 935 573 1004 μέμψιν,
605 937 698 990 καὶ
721 937 1091 994 εἰσελεύσεται
1118 940 1394 1014 προσώπῳ
1417 941 1644 1013 καθαρῷ
1670 944 1767 997 σὺν
1791 942 1919 1012 ἐξη-

375 1028 520 1080 οοία.

375 1046 402 1078 ο
445 1045 520 1080 ια.

337 1045 372 1093 γ
409 1045 628 1176 εῗΑδικία
658 1124 715 1177 ἒν
741 1123 922 1194 διαίτῃ
949 1141 1042 1177 σου
1078 1125 1154 1198 μὴ
1185 1125 1509 1192 αὐλιζέσθω.
1563 1109 1568 1114 ”

419 1214 478 1268 ’0
507 1215 739 1284 ἀγαπῶν
767 1217 867 1288 τὴν
896 1218 1109 1272 ἀδικίαν
1135 1220 1287 1290 μισεῖ
1310 1219 1410 1292 τὴν
1434 1217 1630 1274 ἑαυτοῦ
1658 1217 1857 1291 ψυχήν.

410 1399 756 1468 Παρανομίαι
789 1399 955 1470 ἄνδρα
981 1401 1299 1472 ἁγρεύουσι.
1328 1402 1541 1472 Σειραῖς
1570 1372 1628 1456 δὲ
1648 1404 1755 1455 τῶν
1785 1403 1918 1456 ἑαυ-

340 1488 435 1544 τοῦ
461 1491 878 1562 ἁμαρτημάτων
906 1492 1136 1557 ἕκαστος
1172 1493 1481 1564 σφίγγεται.

413 1673 624 1743 Ὠσπερ
649 1673 834 1744 ὅμφαξ
864 1672 1048 1728 ὀδοῦσι
1085 1675 1370 1749 βλαϐερὸς,
1400 1681 1494 1733 καὶ
1519 1681 1548 1733 6
1581 1681 1787 1745 καπνὸς
1813 1681 1919 1753 δμ-

342 1782 529 1836 μασιν,
563 1764 734 1827 οὕτως
764 1770 1089 1839 παρανομία
1117 1772 1232 1834 τοῖς
1277 1771 1586 1842 χρωμένοις
1613 1773 1774 1846 αὐτῇ.

411 1857 612 1920 Γενεᾶς
644 1858 832 1913 ἀδίκου
867 1859 1078 1930 χαλεπὰ
1115 1863 1184 1915 τὰ
1211 1862 1365 1933 τέλη.

2024 952 2311 1024 gredietur
2342 952 2485 1008 facie
2512 969 2650 1023 pura
2677 969 2798 1008 cum
2831 953 3199 1010 confessione.

2091 1131 2367 1201 lnjustitia
2399 1131 2452 1185 in
2493 1129 2833 1186 habitatione
2867 1143 2957 1186 tua
2986 1145 3096 1184 non
3137 1138 3406 1185 moretur.

2093 1223 2241 1279 Psal.
2293 1239 2348 1278 ι.
2396 1221 2500 1288 Qui
2545 1221 2722 1292 diligit
2777 1221 3130 1292 iniustitiam,
3186 1221 3303 1276 odit
3359 1221 3598 1276 animam

2021 1330 2200 1370 suam.
3326 1371 3331 1384 ρ

2096 1405 2252 1460 Prov.
2311 1421 2363 1459 ν.
2420 1403 2747 1473 lniquitates
2806 1402 3084 1458 hominem
3153 1402 3395 1472 capiunt.
3453 1401 3603 1456 Con-

2021 1497 2310 1566 stringitur
2341 1505 2526 1551 autem
2569 1493 2952 1566 unusquisque
2984 1493 3220 1549 vinculis
3250 1500 3602 1564 peccatorum

2020 1602 2269 1643 SUOI‘UII’I.

2090 1678 2233 1733 Ibid.
2268 1695 2322 1733 κ.
2358 1678 2512 1733 Sicut
2543 1678 2796 1733 labrusca
2823 1675 3082 1733 dentibus
3118 1683 3301 1742 nocet,
3328 1688 3392 1729 ac
3421 1673 3606 1731 fumus

2021 1770 2229 1832 oculis,
2271 1769 2351 1824 sic
2390 1769 2654 1839 iniquitas
2679 1769 3067 1825 exercentibus
3097 1782 3243 1824 eam.

2094 1863 2390 1918 Hominum
2426 1864 2758 1932 injustorum
2806 1862 2932 1918 mali
2961 1868 3093 1917 sunt
3117 1861 3321 1916 exitus.

424 1947 655 2018 ’Δρετῆς
691 1947 791 2016 μὲν
825 1951 1051 2020 σημεῖον
1096 1950 1249 2006 οὐδὲν
1278 1951 1475 2023 ἔχομεν
1519 1953 1690 2021 δεῖξαι
1713 1967 1730 1986 ’
1763 1956 1822 2011 ἐν
1858 1956 1917 2012 δὲ
1950 1945 1962 2000 Ι

2089 1952 2386 2009 Probitatis
2451 1955 2673 2024 quidem
2739 1953 3015 2024 Specimen
3073 1949 3324 2022 proferre
3388 1950 3602 2005 nullum

341 2041 409 2110 τῇ
445 2039 617 2112 κακίᾳ
653 2041 814 2110 ἡμῶν
841 2042 1394 2116 κατεδαπανήθημεν.

425 2221 512 2287 Ὣς
552 2223 661 2276 ἁπδ
711 2223 1005 2294 προσώπου
1039 2224 1217 2292 ὄφεως
1255 2223 1426 2294 φεῦγε
1463 2226 1574 2278 ἀπὸ
1602 2226 1914 2295 ἁμαρτίας·

339 2316 435 2370 ὲὰν
463 2313 789 2385 προσέλθῃς,
807 2313 1026 2384 δήξεται
1050 2333 1133 2369 σε.
1155 2316 1402 2380 Ὀδόντες
1427 2315 1658 2370 λεόντων
1687 2319 1737 2370 οἱ
1767 2316 1919 2370 ὀδόν-

339 2424 432 2469 τες
459 2405 649 2471 αὐτοῦ,
675 2405 1030 2476 ἀναιροῦντες
1071 2407 1248 2478 ψυχας
1293 2406 1619 2478 ἀνθρώπων.
1665 2407 1754 2471 Ὦς
1785 2410 1919 2480 ῥομ-

338 2501 478 2568 φαία
499 2499 756 2570 δίστομος
783 2501 936 2554 πᾶσα
963 2499 1233 2570 ἁμαρτία.

413 2593 532 2656 Πᾶς
591 2592 621 2645 6
682 2592 854 2646 ποιῶν
913 2592 1012 2663 τὴν
1063 2591 1343 2665 ἁμαρτίαν
1399 2590 1584 2657 δοῦλός
1638 2593 1756 2648 ἐστι
1815 2593 1917 2664 τῆς

339 2685 636 2756 ἁμαρτίας.
1214 2741 1216 2744 ,
1363 2711 1370 2716 ·

411 2777 494 2830 Τὰ
522 2774 728 2847 ὀψώνια
756 2778 853 2845 τῆς
875 2776 1150 2848 ἁμαρτίας
1178 2777 1430 2839 Θάνατος.

412 2865 591 2920 Τινῶν
619 2867 674 2921 αἱ
703 2866 974 2940 ἁμαρτίαι
1003 2867 1263 2939 πρόδηλοί
1292 2867 1420 2934 εισι,
1454 2866 1795 2937 προάγουσαι
1835 2866 1916 2926 είς

340 2957 527 3030 κρίσιν
546 2975 561 2990 ⁸
593 2961 706 3016 τισὶ
730 2959 788 3014 δὲ
823 2960 918 3014 καὶ
946 2958 1426 3016 ἐπακολουθοῦσιν.

416 3141 480 3196 '0
526 3139 698 3195 ποιῶν
750 3140 850 3210 τὴν
897 3138 1172 3209 ἁμαρτίαν
1216 3139 1281 3194 ὲκ
1311 3139 1405 3194 τοῦ
1442 3139 1692 3194 διαϐόλου
1731 3139 1914 3194 ἐστίν’

337 3235 423 3289 ὅτι
475 3232 571 3289 ἀπ’
621 3231 798 3303 ἀρχῆς
842 3233 874 3286 6
912 3230 1159 3294 διάϐολος
1212 3231 1539 3302 ἁμαρτάνει.
1602 3231 1699 3292 Ei;
1760 3229 1919 3284 τοῦτο

339 3324 663 3398 ἐφανερώθη
693 3327 721 3380 6
751 3324 880 3388 Υἱὸς
925 3322 1021 3378 τοῦ
1050 3321 1208 3391 Θεοῦ,
1255 3323 1339 3377 ἵνα
1378 3322 1518 3397 λύσῃ
1554 3325 1624 3377 τὰ
1653 3321 1792 3395 ἔργα
1823 3324 1916 3377 τοῦ

337 3419 612 3474 διαϐόλου.

423 3509 484 3563 '0
539 3506 744 3572 ἀδικῶν
793 3507 1071 3574 κομιεῖται
1123 3506 1154 3561 ὃ
1193 3507 1445 3580 ἠδίκησε,
1507 3507 1602 3561 καὶ
1651 3508 1751 3562 οὐκ
1802 3507 1918 3562 ἔστι

340 3600 798 3674 προσωποληψία.

415 3696 628 3766 Ὠσπερ
658 3696 715 3750 αί
746 3695 899 3750 σκιαὶ
930 3696 1042 3760 τοῖς
1075 3696 1344 3767 σώμασιν,
1390 3696 1534 3772 οὕτω
1560 3700 1680 3761 ταῖς
1720 3696 1919 3767 ψυχαῖς

338 3788 398 3842 αἱ
429 3786 697 3857 ἁμαρτίαι
742 3788 1105 3859 παρέπονται,
1134 3789 1386 3861 ἐναργεῖς
1428 3791 1527 3854 τὰς
1561 3789 1792 3860 πράξεις
1827 3788 1918 3854 ἐξ·

337 3878 722 3946 ακονίζουσαι.

363 4011 366 4022 ς
421 3973 512 4037 Ὡς
540 3971 649 4043 γὰρ
675 3971 778 4036 τὰς
813 3971 1080 4042 μελίσσας
1106 3972 1313 4038 καπνὸς
1336 3973 1654 4043 φυγαδεύει,
1683 3977 1776 4031 καὶ
1821 3976 1918 4040 τὰς

339 4067 675 4136 περιστερὰς
708 4065 984 4132 ἐξελαύνει
1014 4066 1272 4131 δυσωδία,
1298 4067 1442 4120 οὕτω
1464 4069 1560 4121 καὶ
1583 4069 1678 4122 τὸν
1702 4067 1918 4138 φύλακα

336 4159 442 4230 τῆς
475 4159 621 4230 ζωῆς
651 4159 809 4229 ἡμῶν
839 4157 1074 4229 ἄγγελον
1104 4160 1139 4231 ἡ
1170 4159 1513 4232 πολύδακρυς
1549 4162 1641 4216 καὶ¹
1677 4160 1920 4232 δυσώδης

338 4251 638 4322 ἀφίστησιν
666 4251 936 4322 ἁμαρτία.

420 4343 483 4398 Ἢ
513 4340 761 4414 ἁμαρτία
785 4342 888 4406 ἕως
920 4341 1022 4413 μὲν
1050 4342 1116 4399 ἂν
1146 4343 1424 4414 ὡδίνηται,
1448 4343 1562 4414 ἔχει
1581 4343 1704 4398 τινὰ
1734 4345 1921 4416 αἰσχῦ-

239 4451 243 4454 '
337 4452 472 4508 νηψ
524 4435 652 4490 ἐπεὶ
704 4436 749 4489 δ’
798 4435 864 4489 ἂν
918 4436 1169 4507 τελεσθῇ,
1224 4437 1344 4492 τότε
1404 4437 1922 4510 ἁναισχυντοτέρους

336 4530 489 4582 ποιεῖ
508 4527 632 4591 τοὺς
660 4527 1066 4599 ἐργαζομένους
1091 4529 1286 4600 αὐτήν.

2021 2061 2339 2118 possumus,
2397 2046 2450 2100 in
2519 2046 2725 2102 malitia
2799 2052 2982 2101 autem
3051 2052 3243 2101 nostra
3308 2042 3604 2104 contabui-

2021 2153 2166 2194 mus.
2878 2188 2880 2191 .

2091 2235 2306 2290 Sirach.
2344 2249 2420 2288 xi.
2478 2232 2629 2304 Fuge
2690 2241 2977 2303 peccatum
3050 2230 3327 2302 serpentis
3380 2230 3611 2298 instar;

2021 2325 2295 2380 mordebit
2349 2333 2423 2390 te,
2476 2323 2524 2404 si
2587 2323 2912 2380 accesseris.
2972 2323 3171 2378 Dentes
3226 2321 3348 2392 ejus
3400 2321 3601 2376 leonini

2019 2423 2173 2493 sunt,
2217 2423 2272 2470 et
2300 2414 2586 2470 hominum
2626 2414 2838 2470 animas
2871 2413 3230 2469 interﬁciunt.
3258 2412 3431 2468 Omne
3477 2425 3604 2482 pecs

2019 2516 2202 2563 catum
2232 2507 2412 2562 simile
2441 2516 2524 2563 est
2553 2506 2776 2575 ancipiti
2809 2505 3014 2575 gladio.

2087 2596 2248 2652 Joan.
2280 2612 2399 2652 Vill.
2440 2595 2770 2665 Quicunque
2811 2604 3098 2666 peccatum
3131 2593 3450 2662 committit,
3482 2607 3603 2651 ser~

2018 2705 2122 2745 vus
2149 2698 2237 2746 est
2271 2690 2498 2761 peccati.

2088 2780 2244 2838 Rom.
2277 2796 2356 2838 v1.
2383 2784 2780 2838 Autoramenta
2814 2780 3023 2853 peccati
3056 2795 3230 2837 mors.
3497 2841 3499 2846 ,

2092 2871 2125 2928 l
2158 2873 2294 2928 Tim.
2331 2890 2385 2930 v.
2437 2873 2816 2940 Quorumdam
2871 2873 3159 2929 hominum
3213 2881 3439 2942 peccata
3472 2878 3603 2926 ante

2019 2965 2310 3023 manifesta
2336 2975 2484 3032 sunt,
2515 2965 2879 3037 praecedentia
2909 2969 2977 3021 ad
3012 2963 3306 3034 judicium,
3333 2963 3606 3034 quosdam

2019 3073 2150 3114 vero
2178 3068 2233 3114 et
2258 3058 2688 3129 subsequuntur.
3441 3068 3444 3071 ·

2091 3149 2122 3205 1
2151 3149 2311 3206 Joan.
2342 3167 2421 3208 ιιι.
2461 3149 2564 3216 Qui
2599 3149 2896 3205 committit
2938 3157 3250 3221 peccatum,
3286 3161 3354 3203 ex
3378 3145 3606 3203 diabolo

2021 3251 2142 3310 est;
2175 3258 2300 3296 nam
2330 3241 2583 3297 diabolus
2629 3241 2698 3296 ab
2734 3241 2896 3297 initio
2939 3248 3148 3311 peccat.
3195 3240 3280 3296 ‘Ad
3308 3239 3412 3294 hoc
3438 3253 3609 3308 appa-

2021 3336 2134 3390 ruit
2161 3334 2330 3390 Filins
2373 3333 2492 3400 Dei,
2530 3343 2591 3390 ut
2621 3334 2890 3391 dissolvat
2914 3348 3085 3406 opera
3117 3333 3345 3389 diaboli.

2091 3511 2298 3569 Coloss.
2348 3528 2432 3569 tu.
2485 3511 2591 3580 Qui
2671 3522 2888 3584 peccat,
2956 3513 3264 3587 reportahit
3318 3519 3605 3582 peccatum

2019 3620 2202 3670 Slllllll,
2235 3613 2290 3659 et
2321 3621 2427 3660 llOﬂ
2458 3613 2543 3660 est
2572 3619 2930 3675 personarum
2957 3615 3264 3674 τθερεοιυε.

2093 3698 2306 3756 Basilii.
2335 3698 2806 3766 Quemadmodum
2839 3701 3048 3760 umbras
3083 3713 3341 3768 corpora,
3371 3698 3454 3754 sic
3483 3711 3611 3768 pee-

2019 3801 2140 3846 cata
2187 3800 2496 3861 sequuntur
2548 3791 2783 3857 animas,
2831 3800 2889 3848 et
2943 3789 3264 3847 manifestas
3302 3789 3611 3846 facinorum

2021 3892 2424 3954 repraesentant
2461 3882 2754 3955 imagines.

2089 3975 2219 4046 29.
2249 3977 2323 4033 Ut
2375 3975 2560 4031 fumus
2605 3990 2756 4046 apes,
2795 3986 2849 4032 et
2893 3974 3052 4031 fcetor
3100 3973 3384 4030 columbas
3438 3971 3611 4043 fugat,

2021 4069 2104 4125 sic
2133 4067 2446 4124 miserabile
2494 4077 2550 4124 et
2581 4067 2830 4140 putidum
2892 4075 3174 4138 peccatum
3227 4067 3436 4138 repellit
3491 4065 3615 4122 vitae

2023 4169 2227 4216 nostrae
2275 4159 2563 4216 custodem
2614 4160 2893 4233 angelum.

2097 4341 2392 4397 Peccatum
2425 4340 2646 4412 quidem
2677 4342 2858 4398 adhuc
2883 4341 3194 4412 parturiens
3225 4339 3411 4408 aliquo
3441 4338 3604 4408 pudo-

2025 4449 2087 4490 re
2146 4433 2421 4490 alIicitur:
2476 4435 2590 4504 jam
2640 4447 2774 4489 vero
2837 4442 3148 4505 peractum,
3187 4431 3614 4501 impudentiores

2027 4526 2114 4583 sui
2151 4537 2407 4582 auctores
2433 4526 2625 4584 efﬁcit.

411 4621 474 4674 Ei
506 4621 607 4691 μὲν
655 4619 820 4674 καλὸν
849 4621 884 4690 ἡ
929 4619 1199 4690 ἁμαρτία,
1231 4618 1470 4688 φύλασσε
1496 4619 1702 4692 ταύτην
1728 4620 1806 4684 είς
1837 4620 1924 4673 τέ·-
1955 4630 1962 4688 1

2097 4619 2154 4674 Si
2208 4628 2490 4690 peccatum
2523 4621 2751 4676 honesta
2781 4635 2873 4676 res
2920 4627 3025 4681 est,
3056 4633 3241 4674 serves
3274 4631 3394 4671 eam
3424 4632 3616 4688 perpe-

336 4713 463 4776 λοςο
502 4713 551 4766 εί
589 4711 648 4765 δὲ
693 4711 932 4783 βλαϐερὰ
988 4711 1068 4782 τῷ
1107 4713 1373 4777 ποιοῦντι,
1403 4713 1457 4765 τί
1484 4712 1768 4783 ὲπιμένεις
1809 4714 1923 4776 τοῖς

336 4807 648 4879 ὀλεθρίοις;
687 4805 878 4868 Οὐδεὶς
914 4803 1076 4878 χολὴν
1107 4805 1304 4874 ἐμέσαι
1345 4804 1544 4876 ζητῶν,
1583 4806 1646 4860 ὲκ
1671 4805 1918 4876 πονηρᾶς

257 4954 260 4957 Α
339 4901 440 4956 καὶ
472 4897 773 4954 ἀκολάστου
803 4897 1016 4968 διαίτης
1050 4896 1456 4952 πολυπλασίονα
1495 4897 1698 4969 ταύτην
1741 4897 1919 4966 ἑαυτῷ

231 4991 240 4998 ’
341 4989 713 5062 συναθροίζει.

426 5078 620 5150 Ἡδονὴ
647 5077 944 5151 ἁγκιστρόν
990 5081 1110 5134 ἐστι
1149 5079 1243 5134 τοῦ
1279 5079 1550 5146 διαϐόλου,
1587 5079 1723 5148 πρὸς
1766 5080 1919 5134 ἀπώ-

336 5175 494 5228 λειαν
551 5173 730 5228 ἕλκον.
794 5171 985 5244 Ἡδονὴ
1045 5175 1232 5245 μήτηρ
1273 5173 1375 5243 τῆς
1415 5174 1710 5244 ἁμαρτίας.
1752 5171 1814 5225 Ἦ
1864 5171 1922 5224 δὲ

339 5267 590 5339 ἁμαρτία
619 5268 845 5338 κέντρον
880 5269 999 5321 ἐστὶ
1032 5267 1126 5321 τοῦ
1171 5267 1426 5322 θανάτουδ
1483 5265 1677 5336 Ἡδονὴ
1721 5263 1923 5336 τροφὸς

337 5359 440 5415 τοῦ
471 5359 692 5414 αἰωνίου
726 5359 1028 5432 σκώληκος,
1079 5360 1112 5428 ἠ
1149 5357 1287 5428 πρὸς
1317 5358 1509 5428 καιρὸν
1552 5357 1793 5411 λιπαίνει
1827 5354 1922 5411 τὸν

340 5451 756 5518 ἀπολαύσαντα,
794 5451 1023 5524 ὕστερον
1049 5451 1106 5505 δὲ
1133 5451 1461 5523 πικρότερον
1495 5450 1660 5522 χολῆς
1689 5453 1924 5508 ποιεῖται

341 5543 442 5607 τὰς
471 5545 792 5608 ἀντιδόσεις.
873 5591 880 5598 .

416 5635 493 5690 Οὐ
531 5636 614 5690 δεῖ
664 5638 856 5706 καιρὸν
895 5637 1188 5708 ἀναμένειν
1226 5635 1318 5690 ἐπὶ
1355 5637 1420 5708 τῇ
1462 5637 1658 5690 ἑαυτοῦ
1698 5637 1921 5708 διορθὼο

345 5745 455 5796 σει,
487 5728 576 5784 διὰ
632 5729 694 5784 τὸ
748 5730 986 5799 ἀσφαλὲς
1041 5730 1115 5801 μὴ
1165 5729 1311 5800 ἔχειν
1367 5730 1493 5802 περὶ
1549 5731 1649 5802 τὴν
1683 5729 1917 5801 αὔριον.

346 5819 544 5873 Πολλοὶ
595 5820 704 5889 γὰρ
763 5821 932 5876 πολλὰ
985 5822 1431 5893 βουλευσάμενοι,
1470 5822 1570 5893 τὴν
1625 5821 1814 5893 αὔριον
1859 5823 1920 5875 οὑ

349 5911 666 5966 κατέλαϐον.

2033 4720 2162 4768 tuo:
2191 4713 2276 4768 sin
2300 4711 2512 4768 auctori
2542 4727 2642 4768 suo
2663 4712 2951 4778 damnosa,
2969 4711 3098 4783 quid
3122 4711 3432 4766 immoraris
3451 4711 3616 4766 rebus

2037 4805 2413 4877 perniciosis?
2464 4807 2630 4876 Atqui
2683 4805 2866 4861 nullus
2923 4805 3243 4861 evomendae
3275 4804 3400 4859 bilis
3425 4817 3614 4871 causa,

2041 4913 2213 4972 pravo
2252 4907 2308 4956 et
2346 4897 2631 4956 luxurioso
2671 4898 2818 4955 victu
2845 4913 2964 4955 eam
3029 4897 3137 4956 sibi
3176 4911 3375 4969 augere
3409 4895 3615 4953 studet.

2105 5075 2375 5148 Voluptas
2419 5079 2618 5136 hamus
2661 5087 2746 5135 est
2775 5078 3003 5147 diaboli,
3067 5078 3144 5135 ad
3179 5077 3464 5134 interitum
3501 5084 3618 5132 tra-

2037 5168 2195 5226 hens.
2244 5169 2508 5240 Voluptas
2557 5170 2765 5241 peccati
2821 5184 3022 5241 parens
3075 5178 3180 5224 est.
3217 5167 3476 5240 Voluptas
3535 5176 3621 5227 est

2039 5265 2232 5320 mortis
2249 5263 2526 5322 stimulus.
2545 5262 2811 5334 Voluptas
2842 5253 3142 5320 estnutrix
3173 5263 3372 5318 vermis
3402 5264 3618 5329 aeterni,

2035 5371 2156 5426 quae
2214 5355 2607 5428 aliquantisper
2657 5372 2718 5413 se
2770 5355 3371 5425 frucntem,exhilarst,
3433 5363 3620 5428 postea

2035 5461 2164 5504 vero
2188 5447 2517 5504 amariorem
2553 5447 2677 5504 felle
2707 5449 3012 5504 mercedem
3056 5448 3275 5504 tribuit.

2117 5634 2190 5691 Ut
2255 5635 2571 5692 emendetur
2625 5635 2759 5700 vita,
2811 5634 3033 5689 minime
3115 5629 3621 5704 procrastinandum

2033 5736 2120 5783 est
2173 5739 2410 5798 tempus,
2439 5742 2562 5783 cum
2613 5727 2681 5782 de
2723 5727 2962 5782 crastino
3023 5725 3111 5782 die
3175 5723 3364 5780 incerti
3419 5723 3614 5779 simus.

2035 5816 2187 5872 Multi
2219 5817 2364 5872 enim
2389 5855 2405 5880 ,
2445 5825 2568 5888 post
2604 5817 2771 5872 multa
2818 5816 3068 5884 consilia,
3118 5815 3416 5873 crastinum
3476 5812 3618 5868 diem

2035 5925 2142 5966 non
2183 5909 2498 5979 attigerunt.
