4034 6402
419 424 528 491 819

1696 435 2018 501 ΑΝΤΟΝΙΙ
2068 441 2415 504 MELISS/E

3587 451 3698 516 820

500 542 772 639 Theologi.
808 546 1008 639 Malitia
1036 548 1216 606 facilis
1256 559 1342 606 est
1395 559 1613 620 natura,
1668 561 1724 609 et
1749 552 2038 625 frequens,

2178 557 2347 612 Φύσει
2382 557 2676 632 πρόχειρον
2706 560 2740 631 ἡ
2770 558 2963 626 κακία,
2989 564 3084 616 καὶ
3111 560 3279 628 πολὺς
3309 561 3402 617 ἐπὶ
3429 563 3489 618 τὸ
3510 567 3696 639 χεῖρον

423 649 623 691 cursus

492 725 832 797 improbitas.
854 730 923 785 ad
954 731 1278 790 imitandum
1320 735 1496 794 facilis
1544 745 1600 793 et
1656 736 1714 794 iu
1747 746 2002 808 promptu

427 825 552 966 est],
584 821 980 891 neque'minus
1009 823 1226 884 dillicile
1263 828 1560 900 quidquam
1581 838 1783 894 exstat,
1803 845 1868 884 ac
1891 828 2007 883 ﬁeri

432 926 518 964 ma
547 926 660 966 um.

432 926 660 967 malum.

501 999 728 1058 Plurimi
765 1005 831 1059 ad
866 1021 1054 1064 rerum
1089 1010 1358 1069 malarum
1390 1015 1709 1071 societatem
1736 1010 2004 1085 proclives

431 1096 657 1166 aptique
707 1110 860 1159 sunt.

499 1189 676 1246 Citius
716 1193 914 1265 aliquis
969 1198 1294 1268 profundam
1344 1204 1748 1273 improbitatem
1795 1204 2010 1261 abunde

432 1295 824 1428 lcaonsequetur,
854 1303 1018 1359 quam
1074 1293 1292 1349 virtutis
1338 1295 1596 1365 exiguum
1651 1296 1818 1352 etiam
1877 1312 2010 1367 pau-

491 1374 609 1428 tim.

491 1383 609 1431 tim.

505 1466 708 1523 Malitia
767 1471 988 1528 virtutis
1041 1475 1350 1546 proiectum
1405 1477 1654 1546 impedit,
1691 1487 1745 1533 et
1805 1478 2008 1536 ketidm

434 1558 514 1616 rei
555 1564 841 1628 prmsentia
884 1568 1138 1639 unguenti
1178 1569 1398 1625 odorem
1451 1572 1725 1627 obscurat.

504 1653 709 1710 Malitia
741 1659 904 1715 tacita
949 1662 1174 1718 morbus
1205 1665 1452 1719 occultus
1493 1676 1574 1719 est
1605 1664 1658 1719 in
1697 1665 1900 1719 anima.

511 1745 590 1803 Ne
622 1751 867 1818 graveris
894 1764 1174 1822 peccatum
1208 1765 1360 1810 tuum
1413 1755 1589 1818 silari,
1646 1765 1704 1810 ut
1729 1756 2012 1826 praesentis

695 637 765 692 ad
797 637 1090 697 deteriora.

2117 649 2148 703 ὁ
2170 650 2388 712 δρόμος.

2193 674 2198 697 ι
2233 667 2262 702 o
2309 667 2388 712 ος.

2193 667 2510 807 ἕῦεέήλωτον
2571 737 2759 808 μέντοι
2839 741 2936 795 καὶ
2992 741 3290 814 πρόχειρον
3351 745 3588 816 πρᾶγμα
3659 749 3698 815 ἡ

2125 832 2421 976 μοχὲηρία,
2450 833 2546 888 καὶ
2587 833 2746 889 οὐδὲν
2787 834 2931 890 οὕτω
2970 836 3172 909 ῥᾴδιον,
3212 836 3290 901 ὡς
3331 837 3394 891 τὺ
3441 837 3702 907 γενέσθαι

2125 940 2229 976 κακ
2261 940 2310 976 ν.

2121 940 2310 978 κακον.

2195 1015 2448 1085 Ἕτοιμοι
2481 1013 2621 1087 πρδς
2649 1016 2750 1085 τὴν
2789 1016 2886 1072 τοῦ
2918 1015 3090 1073 κακοῦ
3133 1018 3430 1088 μετουσίαν
3467 1017 3519 1072 oi
3550 1017 3706 1072 πλεῖ-

2127 1121 2246 1158 στοι
2275 1108 2370 1159 καὶ
2405 1107 2724 1176 ἐπιτήδειοι.

2195 1196 2403 1250 Θᾶττον
2426 1196 2537 1265 γὰρ
2567 1197 2633 1251 ἀν
2661 1215 2748 1260 τις
2773 1197 2964 1268 ὀλίγης
2990 1199 3189 1262 κακίας
3219 1199 3514 1268 μεταλάϐοι
3541 1199 3708 1253 πλουη

2126 1288 2260 1355 σίως
2287 1289 2321 1363 ἢ
2347 1292 2555 1364 ἀρετῆς
2585 1292 2812 1363 βαθείας
2842 1293 2984 1348 κατὰ
3021 1292 3236 1364 μικρόν.

2198 1475 2409 1547 κτῆσιν
2469 1475 2671 1546 ἀρετῆς
2738 1476 3027 1532 ὲπικόπτει

2123 1571 2368 1642 ἀμαυροῖ
2395 1569 2644 1641 παροῦσα
2673 1569 2929 1626 δυσωδία.

3101 1472 3272 1531 κακία
3291 1512 3309 1539 ,
3369 1471 3469 1527 καὶ
3530 1469 3714 1542 μύρον

2196 1751 2294 1820 Μὴ
2337 1750 2661 1824 ἀπαξιῶσῃς
2709 1747 3070 1820 ἐξαγορεῦσαι
3115 1763 3212 1801 σου
3257 1745 3358 1816 τὴν
3402 1742 3708 1815 ἀμαρτίαν,

443 1838 707 1896 beneﬁcio
732 1843 954 1912 pudoris
1007 1847 1247 1902 futurum
1279 1848 1506 1918 ell'ugias
1553 1848 1700 1917 (nam
1751 1857 1804 1903 et
1837 1850 2016 1917 pudor

2151 1861 2216 1895 να
2253 1845 2320 1914 τῇ
2352 1843 2602 1897 ἐντεῦθεν
2635 1841 2871 1915 αἰσχύνῃ
2911 1841 3012 1913 τὴν
3041 1841 3250 1896 ἐκεῖθεν
3281 1839 3461 1910 φύγῃς
3490 1835 3708 1907 (ἐπειδὴ

438 1929 620 2000 aliqua
658 1933 824 1989 futuri
877 1936 1127 2006 supplicii
1157 1953 1284 2007 pars
1321 1941 1453 2004 est),
1485 1947 1541 1993 et
1593 1937 1772 2009 ipsum
1825 1937 2011 1992 tradu'

2151 1939 2296 2003 ιέρος
2326 1937 2427 1988 καὶ
2453 1932 2614 1988 τοῦτο
2661 1933 2762 2004 τῆς
2789 1935 2972 1987 ἐκεῖσε
3018 1930 3338 2000 κολάσεως),
3383 1929 3479 1984 καὶ
3524 1926 3708 2012 δείξῃς

440 2024 616 2078 cendo
647 2025 924 2097 velutique
956 2029 1292 2085 contumelia
1331 2031 1561 2100 dignum
1614 2030 1669 2084 in
1728 2029 2018 2093 publicum

2151 2047 2204 2083 τι
2231 2028 2332 2099 τὴν
2365 2027 2644 2098 ἁμαρτίαν
2672 2026 2846 2089 ὅντως
2883 2023 3221 2095 μεμίσηκας,
3257 2017 3710 2090 παραδειγματί-

439 2119 832 2187 protrahenda,
904 2136 1034 2178 vere
1083 2122 1184 2179 tibi
1247 2138 1479 2180 exosum
1550 2137 1677 2180 esse
1735 2133 2020 2193 peccatum

441 2209 711 2268 declares.

510 2303 832 2376 Aspsrgitor
888 2306 1138 2374 pulvere,
1181 2307 1458 2378 lacrymas
1505 2313 1561 2361 et
1641 2304 1904 2370 suspiria,
1963 2312 2022 2359 et

439 2409 606 2464 quam
639 2397 783 2466 parit
817 2397 1091 2456 confessio
1109 2399 1192 2455 vel
1213 2399 1357 2455 alius
1389 2397 1653 2468 abiectior
1679 2395 2026 2452 vlvendimo-

444 2489 550 2544 dus
582 2490 1020 2548 emendationem
1051 2507 1307 2564 usurpes.

513 2580 660 2638 Nihil
699 2599 861 2654 :eque
899 2595 1111 2656 gratum
1163 2593 1249 2644 est
1298 2586 1432 2653 Deo,
1493 2599 1560 2641 ac
1623 2582 1934 2641 emendatio
1969 2591 2026 2638 et

446 2677 602 2734 salus
629 2678 886 2744 hominis,
947 2681 1000 2733 in
1027 2680 1184 2748 cujus
1241 2679 1475 2751 gratiam
1525 2677 1708 2734 omnis
1755 2691 1935 2732 sermo
1972 2683 2030 2730 et

443 2785 609 2826 omne
639 2772 968 2842 mysterium
1017 2771 1292 2843 dirigitur.

527 2862 586 2918 Si
617 2863 873 2932 praesenti
900 2872 1147 2934 tempore
1188 2861 1561 2936 praetermisso
1587 2859 1832 2917 futurum
1879 2875 2029 2918 sem-

450 2968 548 3023 per
625 2953 908 3018 observes,
971 2955 1130 3011 novis
1196 2953 1460 3025 paulatim
1516 2951 1872 3008 dilationibus
1933 2963 2031 3019 per

450 3046 729 3102 diabolum
790 3046 1039 3104 conﬁctis
1091 3047 1321 3103 latenter
1370 3046 1651 3116 deceptus.
1690 3052 1750 3098 ut
1782 3056 1901 3098 mos
1944 3049 2033 3096 est

451 3139 600 3194 illius
626 3138 800 3210 (Mihi,
825 3139 1022 3209 inquit,
1053 3139 1124 3194 da
1174 3139 1485 3210 praesentia,
1512 3136 1622 3192 ﬂeo
1652 3135 1872 3203 futura;
1894 3131 2031 3188 mihi

448 3231 817 3302 iuventutem,
859 3233 972 3288 Deo
1007 3241 1285 3289 senectam
1316 3250 1331 3290 :
1366 3231 1502 3286 mihi
1561 3228 1892 3300 voluptates,
1949 3225 2028 3282 illi
2057 3265 2103 3325 ϐ

449 3338 654 3394 corpus
711 3325 950 3396 inutile).
980 3340 1014 3378 ο
1049 3333 1313 3395 quantum
1349 3321 1805 3399 tibilpericulum,
1837 3318 2028 3390 quanti

451 3433 616 3472 casus
642 3417 750 3488 30
780 3417 1132 3488 inexspectati
1163 3415 1486 3471 imminent!
1516 3413 1626 3468 Aut
1652 3413 1799 3470 enim
1825 3412 2029 3467 bellum

455 3507 716 3570 absumit,
735 3518 832 3564 aut
849 3517 1193 3564 terrremotus
1213 3506 1481 3572 obvolvit,
1498 3514 1592 3560 aut
1609 3519 1759 3558 mare
1779 3501 2031 3573 suscipit,

453 3606 550 3654 aut
590 3598 732 3669 rapit
752 3599 884 3664 fera,
913 3607 1010 3654 aut
1041 3600 1266 3654 morbus
1317 3598 1633 3668 exstinguit,
1668 3604 1764 3651 aut
1804 3593 2034 3664 frigidus

455 3706 553 3746 aer
580 3690 881 3753 transiens.
918 3690 1194 3746 levissima
1225 3705 1412 3758 causa,
1446 3688 1599 3761 (quid
1631 3687 1777 3743 enim
1820 3685 2036 3741 facilius

457 3777 742 3832 hominem.
773 3777 936 3845 mori,
969 3787 1247 3848 tueunque
1277 3787 1489 3848 turgeat
1541 3792 1639 3834 sua
1693 3775 1876 3845 specie
1899 3775 2038 3829 iant

459 3871 656 3928 ﬂuvius
686 3873 984 3935 inundans,
1015 3881 1111 3927 aut
1141 3883 1337 3928 ventus
1357 3888 1421 3927 ex
1447 3874 1558 3930 alto
1581 3871 1900 3933 deturbans,
1938 3880 2036 3926 aut

461 3981 640 4036 equus
681 3967 1009 4036 corripiens,
1036 3973 1137 4020 aut
1177 3966 1535 4036 pharmacum
1583 3965 1699 4020 sive
1751 3963 1820 4020 de
1873 3963 2035 4019 indu-

460 4061 597 4116 stria
654 4075 750 4130 per
797 4059 1026 4114 insidias
1052 4057 1265 4125 datum,
1297 4059 1415 4114 sive
1471 4071 1571 4128 pro
1621 4055 1844 4113 salutari
1875 4069 2037 4110 vene-

463 4170 593 4208 nunt
622 4162 986 4223 assumptum.

535 4245 687 4300 Nulla
720 4257 805 4301 est
850 4247 1070 4301 occasio
1123 4244 1414 4301 conﬁtendi
1449 4252 1542 4299 aut
1588 4240 1913 4298 emendandi
1958 4253 2038 4302 se,

463 4337 572 4391 illis
601 4335 694 4403 qui
723 4335 1018 4392 ad-inferos
1040 4335 1460 4391 descenderunt.
1498 4335 1641 4390 Deus
1691 4333 1834 4387 enim
1869 4331 2036 4384 vitam

462 4437 517 4482 ιιι
547 4429 792 4485 actiones
869 4430 1122 4498 praesenti
1175 4435 1417 4497 tempore
1467 4421 2038 4492 cireuutscripsit,l'a-

463 4531 676 4574 ctorum
712 4519 1042 4575 reddendam
1076 4519 1342 4574 rationem
1380 4519 1564 4571 fuer
1599 4514 1856 4570 servavit.

2124 2137 2225 2184 σας
2249 2119 2447 2191 αὐτὴν,
2475 2122 2572 2172 καὶ
2602 2116 3004 2190 θριαμϐεύσας,
3027 2115 3106 2180 ὡς
3134 2113 3294 2180 ἀξίαν
3326 2111 3561 2183 ὕϐρεως.

2196 2297 2503 2370 Περιϐαλοῦ
2554 2298 2778 2367 κόπρια,
2803 2295 3042 2368 δάκρυα,
3089 2291 3458 2364 στεναγμοὺς,
3502 2289 3606 2362 τὴν
3638 2289 3720 2344 δικ

2124 2388 2538 2462 ὲξαγορεύσεως
2565 2388 2663 2443 καὶ
2688 2385 3023 2458 ἀτιμοτέρας
3050 2383 3276 2462 ἀγωγῆς
3300 2381 3711 2452 ἐπανόρθωσιν.

2207 2569 2298 2633 Ὠς
2333 2567 2512 2623 οὐδενὶ
2550 2565 2810 2621 τοσοῦτον
2839 2561 3022 2635 χαίρει
3054 2561 3213 2627 Θεὸς,
3243 2561 3370 2617 ὅσον
3409 2559 3714 2633 ἀνθρώπου

2125 2661 2413 2734 διορθώσει
2462 2660 2559 2716 καὶ
2611 2657 2883 2730 σωτηρίᾳ,
2913 2657 3054 2728 ὑπὲρ
3095 2649 3160 2711 οὗ
3202 2655 3361 2723 λόγος
3406 2654 3552 2718 ἄπας
3607 2656 3716 2710 καὶ

2127 2756 2275 2812 ἅπαν
2299 2754 2625 2824 μυστήριον.

2213 2847 2341 2901 Ἐὰν
2366 2846 2452 2901 ἀεὶ⁵
2475 2845 2538 2899 τὸ
2565 2846 2813 2915 σήμερον
2843 2840 3210 2915 παρατρέχων
3236 2839 3504 2909 ἑπιτηρῇς
3533 2837 3597 2890 τὸ
3627 2837 3715 2901 εἰς

2131 2935 2347 3008 αὔριον,
2376 2937 2500 2998 ταῖς
2533 2933 2680 2989 κατὰ
2714 2932 2914 3004 μικρὺν
2941 2930 3232 2994 ἀναϐολαῖς
3264 2931 3373 2985 ὑπὸ
3399 2927 3497 2983 τοῦ
3533 2945 3716 2996 πονη-

2133 3027 2228 3101 ροῦ
2251 3027 2641 3097 κλεπτόμενος,
2667 3024 2856 3095 ὥσπερ
2879 3024 3090 3078 ἐκείνου
3113 3023 3316 3092 τρόπος
3339 3020 3521 3094 (Ἐμοὶ
3538 3020 3627 3081 δὸς
3651 3019 3725 3080 τὰ

2133 3122 2334 3193 παρὸν,
2365 3120 2487 3190 Θεῷ
2509 3120 2568 3174 δὲ
2593 3120 2654 3172 τὸ
2679 3117 2874 3190 μέλλον
2895 3133 2912 3149 ο
2931 3116 3068 3186 ἐμοὶ
3093 3114 3194 3186 τὴν
3222 3113 3472 3180 νεότητα,
3503 3110 3628 3181 Θεῷ
3653 3109 3716 3163 δὲ

2133 3212 2194 3266 τὸ
2226 3213 2406 3284 γῆρας
2427 3225 2444 3242 ⁶
2477 3209 2602 3280 ἐμοὶ
2627 3209 2726 3271 τὰς
2759 3205 2976 3278 ἡδονὰς,
3005 3204 3202 3274 ἐκείνῳ
3227 3203 3328 3271 τὴν
3357 3197 3720 3271 ἀχρηστίαν)ε

2138 3307 2263 3366 ὅσος
2305 3306 2334 3357 ό
2369 3303 2502 3374 περὶ
2537 3301 2596 3360 σὲ
2625 3299 2895 3362 κίνδυνος,
2924 3297 3026 3351 ὃσα
3068 3295 3138 3349 τὰ
3186 3293 3520 3364 παρελπίδια
3567 3307 3716 3360 συμ-

2135 3393 2442 3460 πτώματαί
2471 3393 2505 3464 ἢ
2549 3390 2784 3461 πόλεμος
2815 3385 3282 3459 παρανάλωσεν,ἥ
3312 3383 3534 3454 σεισμὸς
3587 3398 3721 3437 συνσ-

2134 3491 2373 3564 ἐχωσεν,
2416 3488 2452 3559 ἢ
2513 3487 2762 3542 θάλασσα
2819 3482 3158 3548 ὑπεδέξατο,
3197 3479 3233 3552 ἢ
3293 3479 3482 3551 θηρίον
3530 3478 3720 3550 ἡρπα·

2138 3603 2252 3651 σεν,
2283 3585 2316 3656 ἢ
2347 3583 2505 3646 νόσος
2537 3579 2844 3646 ἀπώλεσεν,
2889 3578 2924 3650 ἢ
2969 3576 3102 3650 φρὶξ
3141 3571 3606 3646 παραδραμοῦσα,
3649 3570 3721 3624 τὺ

2135 3678 2495 3747 φαυλότατον,
2515 3672 2592 3747 (τί
2618 3673 2729 3744 γὰρ
2759 3669 2856 3725 τοῦ
2888 3669 3182 3725 ἀποθανεῖν
3222 3665 3514 3737 ἄνθρωπον
3557 3663 3721 3716 εὐκο-

2134 3770 2393 3840 λώτερον,
2420 3768 2527 3821 κᾶν
2577 3765 2724 3834 μέγα
2771 3763 2944 3834 φρονῇ
2999 3762 3068 3830 τῇ
3117 3758 3282 3813 εικόνι
3309 3758 3353 3826 ;)
3384 3756 3420 3828 ἢ
3468 3753 3728 3823 ποταμὸς.

2139 3861 2468 3924 πλεονάσας,
2501 3857 2535 3928 ἢ
2567 3856 2771 3925 ἀνεμος
2805 3851 3138 3923 κρημνίσας,
3168 3849 3201 3920 ἢ
3235 3849 3402 3911 ἵππος
3432 3846 3729 3918 συναρπάσι

2141 3968 2263 4015 σας,
2294 3949 2328 4020 ἦ
2357 3949 2652 4019 φάρμακον
2691 3947 2758 4000 ἐκ
2792 3943 3055 4014 προνοίας
3085 3938 3512 4005 ἔπιδουλεῦσαν,
3549 3936 3734 4009 τυχδνι

2137 4044 2202 4098 δὲ
2225 4043 2321 4096 καὶ
2353 4043 2475 4096 ἀντὶ
2510 4039 2784 4112 σωτηρίου
2809 4035 2977 4106 φανὲν
3009 4033 3362 4105 δηλητήριον.

2215 4226 2332 4278 Οὐκ
2387 4222 2503 4276 ἔστι
2552 4222 2665 4282 τοῖς
2696 4215 3024 4273 ἀπελθοῦσιν
3075 4215 3134 4269 ἂν
3178 4211 3283 4286 ᾄδῃ
3329 4209 3732 4284 ἐξομολόγησις.

2142 4319 2243 4373 καὶ
2297 4314 2608 4386 διόρθωσις.
2674 4309 2992 4364 Συνέκλεισε
3051 4307 3162 4377 γὰρ
3215 4307 3245 4360 ό
3299 4304 3436 4368 Θεὸς
3489 4301 3728 4357 ἐνταῦθα

2146 4408 2252 4480 μὲν
2284 4406 2398 4478 βίον
2423 4406 2520 4460 καὶ
2550 4402 2778 4477 πρᾶξιν,
2807 4401 2925 4454 ἐκεῖ
2950 4399 3012 4453 δὶ
3038 4397 3140 4468 τὴν
3175 4395 3286 4451 τῶν
3317 4393 3738 4466 πεπραγμένων

2147 4501 2422 4567 ὲξέτασιν.

533 4609 745 4680 Corpus
799 4610 1020 4682 quidem
1076 4611 1215 4667 bene
1265 4610 1447 4672 habet,
1513 4611 1636 4664 licet
1669 4608 1854 4662 animo
1911 4605 2038 4662 male

2223 4591 2392 4662 Σῶμα
2447 4590 2550 4661 μὶν
2599 4589 2816 4643 εὐεκτεῑ
2871 4583 3192 4657 καμνούσης
3222 4579 3434 4653 ψυχῆςο
3478 4578 3629 4650 ψυχὴ
3671 4579 3736 4634 δὲ

465 4701 699 4758 allecto:
733 4703 951 4758 animus
980 4712 1162 4758 autem
1199 4701 1339 4771 viget
1381 4717 1445 4756 ac
1493 4701 1721 4771 erigitur
1761 4701 1850 4755 ubi
1904 4699 2055 4753 volu-

466 4808 642 4868 ptates
674 4798 992 4860 abscedunt,
1015 4805 1070 4850 et
1099 4811 1204 4851 una
1253 4811 1374 4848 cum
1402 4809 1630 4864 corpore
1687 4802 2050 4847 marcescunt.

540 4887 832 4944 Peccatum
901 4887 1049 4958 parit
1119 4885 1552 4944 humi-Rationem
1581 4922 1599 4949 ,
1641 4892 1698 4940 et
1751 4883 2054 4939 humiliatio

467 4979 908 5036 conversionem.

545 5073 733 5129 Solius
795 5071 893 5127 Dei
945 5081 1030 5130 est
1097 5071 1262 5128 nullis
1317 5084 1548 5142 prorsus
1607 5060 1896 5125 aﬂectibus
1943 5066 2052 5122 labi

473 5172 530 5220 ct
572 5164 715 5234 capi.

545 5253 690 5308 Cave
737 5268 807 5309 ne
839 5254 966 5324 quis
995 5253 1136 5311 alius
1167 5253 1286 5318 tibi,
1325 5262 1584 5323 tanquam
1611 5252 1768 5307 ﬁrmo
1821 5252 1874 5307 in
1923 5251 2050 5316 ﬁde,

474 5344 867 5414 cogitationum
901 5357 1124 5400 suarum
1178 5344 1412 5399 allectus
1434 5351 1641 5408 narret,
1674 5341 1725 5397 si
1783 5342 2054 5396 invalidus

477 5439 651 5495 fueris
689 5439 742 5492 iu
778 5437 1073 5495 aﬂ‘ectuum
1118 5438 1441 5494 certamine.
1494 5435 1633 5492 ilinc
1664 5437 1811 5491 enim
1861 5435 2056 5488 animae

476 5541 584 5585 true
618 5529 852 5599 perditio
907 5537 1250 5595 nasceretur,
1283 5537 1338 5583 et
1373 5527 1571 5582 bellum
1623 5525 1777 5581 ﬁeret
1831 5525 2055 5595 duplex,

477 5636 604 5676 cum
633 5635 741 5676 non
782 5621 855 5677 sit
899 5621 1042 5676 intra
1081 5625 1302 5676 modum
1349 5619 1548 5674 virium
1591 5626 1834 5674 tuarum.

549 5713 824 5784 Chrysost.
850 5712 985 5768 Tale
1012 5713 1144 5784 quid
1170 5722 1449 5783 peccatum
1478 5722 1584 5777 est,
1613 5718 1904 5780 antequam
1936 5723 2057 5778 per-

481 5804 719 5874 ﬁciatur,
759 5805 994 5860 inebriat
1027 5805 1306 5859 hominem
1339 5803 1427 5859 cui
1464 5802 1691 5857 inhaeret
1726 5819 1739 5855 :
1772 5799 1863 5856 ubi
1926 5813 2058 5852 vero

485 5907 764 5973 peractum
821 5898 935 5969 jam
996 5905 1054 5953 et
1107 5897 1387 5967 impletum
1458 5900 1567 5958 est,
1611 5901 1729 5946 tum
1799 5890 2053 5945 inchoata

2155 4685 2340 4742 θάλλει
2373 4685 2472 4738 καὶ
2501 4682 2616 4738 ἀνω
2647 4681 2856 4753 βλέπει,
2888 4679 2996 4734 τῶν
3041 4676 3250 4747 ἡδονῶν
3281 4672 3744 4744 ὑπερϐαινουσῶν.

2153 4779 2253 4834 καὶ
2291 4773 2927 4846 συναπομαραινομένων
2950 4771 3027 4842 τῷ
3057 4768 3295 4840 σώματι.

2239 4869 2514 4943 ’Δμαρτία
2540 4867 2929 4930 ταπεινώσεως
2953 4865 3158 4936 μήτηρ,
3191 4857 3528 4930 ἐπιστροφῆς
3557 4857 3616 4912 δὲ
3645 4874 3740 4911 ταί

2155 4982 2223 5018 πε
2234 4964 2440 5025 ίνωσις.

2226 5057 2412 5112 Μόνου
2440 5053 2579 5109 Θεοῦ
2605 5052 2664 5107 τὸ
2694 5050 2976 5114 παντελῶς
3007 5049 3311 5104 ἄπταιστον
3333 5045 3429 5100 καὶ
3459 5043 3739 5099 ἀνάλωτον

2155 5151 2374 5205 πάθεσι.

2238 5243 2368 5295 Ἐὰν
2394 5236 2460 5314 ᾗς
2489 5235 2725 5307 ἀσθενὴς
2751 5236 2810 5289 ὲν
2837 5237 2954 5299 τοῖς
2986 5234 3207 5298 πάθεσι,
3242 5231 3482 5303 φύλαξον
3512 5227 3740 5289 σεαυτὸν

2160 5336 2236 5405 μὴ
2267 5335 2424 5388 ἐᾶσαί
2461 5331 2586 5386 τινά
2621 5346 2706 5383 σοι
2738 5330 2917 5382 εἰπεῖν
2947 5327 3014 5380 τὰ
3035 5325 3184 5395 πάθη
3209 5325 3319 5378 τῶν
3342 5320 3621 5392 λογισμῶν
3644 5317 3737 5374 αὑετ

2156 5428 2252 5481 τοῦ
2308 5429 2385 5490 ὠς
2438 5422 2640 5494 πιστῷ.
2698 5419 2976 5480 ’Δπὼλεια
3021 5419 3131 5489 γάρ
3183 5420 3302 5472 ἐστι
3343 5417 3409 5486 τῇ
3449 5415 3595 5484 ψυχῇ
3643 5427 3740 5466 σου

2159 5519 2321 5572 τοῦτο
2346 5516 2408 5568 τδ
2443 5516 2606 5587 ἔργον
2630 5529 2647 5546 ο
2677 5514 2771 5566 καὶ
2799 5513 2828 5566 ὁ
2857 5511 3092 5580 πόλεμος
3122 5509 3326 5570 ἐκεῖνος
3346 5505 3569 5569 διπλοῦς
3593 5503 3736 5571 γίνε-

2158 5611 2248 5663 ταί
2279 5626 2384 5667 σοι,
2419 5608 2553 5662 διότι
2584 5605 2686 5660 οὐκ
2711 5605 2826 5657 ἐστι
2856 5601 2964 5655 τῶν
2998 5601 3212 5671 μέτρων
3237 5615 3354 5652 σου.

2231 5700 2488 5753 Τοιοῦτον
2548 5699 2583 5766 ὴ
2634 5694 2901 5765 ἁμαρτία),
2946 5693 3078 5762 πρὶν
3127 5691 3160 5761 ἢ
3201 5691 3302 5760 μὲν
3328 5686 3739 5759 ἀπαρτισθῆναι

2165 5791 2386 5864 μεθύειν
2416 5791 2592 5841 ποιεῖν
2614 5787 2705 5842 τὸν
2734 5786 2931 5841 ἁλόντα
2951 5797 2966 5814 ⁸
3001 5782 3219 5836 ἐπειδὰν
3242 5780 3300 5833 δὲ
3326 5779 3587 5849 πληρωθῇ
3645 5774 3738 5828 καὶ

2167 5879 2502 5955 ἀπαρτισθῇ,
2538 5879 2663 5933 τότε
2715 5877 2786 5930 τὰ
2815 5877 2916 5946 μὲν
2950 5875 3049 5944 τῆς
3093 5872 3288 5940 ἡδονῆς
3335 5871 3543 5940 ταύτης
3574 5865 3737 5934 bneﬁ-
