4034 6410
314 417 418 486 εει

1144 414 1315 477 LOCI
1343 410 1670 474 COMMUN
1680 410 1787 470 ES.
1820 430 1890 445 -··
1928 407 2125 468 PARS
2166 408 2213 472 Ι.
2245 407 2502 470 SERMO
2542 408 2695 469 XVI-

3488 401 3595 463 8‘22

315 535 532 590 ίσταται
573 534 666 587 καὶ
710 532 1001 588 σϐέννυται
1026 545 1041 560 ⁶
1071 528 1279 599 γυμνὸς
1310 526 1356 582 δ’
1379 527 1585 598 ἔστηκε
1636 525 1825 580 λοιπὸν
1860 524 1888 575 6
1917 566 1923 578 .

2020 520 2210 590 Luidem
2260 523 2509 593 voluptas
2565 521 2771 579 recedit
2802 535 2869 577 ac
2941 518 3355 590 exstinguitur:
3402 521 3583 577 nudus

315 622 621 693 κατήγορος
654 619 749 674 τοῦ
781 620 1100 686 συνειδότος,
1125 618 1320 687 δημίου
1346 616 1499 681 τάξιν
1526 615 1765 685 ἐπέχων,
1799 616 1896 669 καὶ

320 713 658 778 καταξαίνων
691 713 784 765 τὸν
814 710 1352 783 πεπλημμεληκότα,
1385 711 1478 763 καὶ
1513 708 1615 781 τὴν
1655 710 1897 780 ἐσχάτην

317 805 564 858 ἀπαιτῶν
596 805 778 876 δίκην,
806 805 899 858 καὶ
927 803 1178 876 μολίϐδου
1204 802 1413 866 παντὸς
1441 801 1742 873 βαρύτερον
1776 802 1899 854 ἐπι-

319 897 598 965 κείμενος.

396 987 672 1058 ’Δμαρτία
698 988 807 1052 ἕως
841 988 942 1060 μὲν
968 987 1236 1061 ὲργασθῇ.
1261 987 1491 1060 παρέχει
1515 986 1642 1041 τινὰ
1662 986 1859 1057 ἡδονήν
1876 1000 1894 1018 ·

315 1082 444 1134 ὅταν
487 1080 543 1134 δὲ
587 1081 839 1152 τελεσθῇ.
873 1081 996 1135 τότε
1038 1083 1072 1153 ἠ
1120 1079 1295 1153 μικρὰ
1317 1078 1485 1152 ἡδονὴ
1516 1079 1896 1147 ὑπεξίσταται,

317 1173 695 1245 ἐπεισέρχεται
746 1173 803 1228 δὲ
845 1174 1073 1245 ἀθυμία.

387 1350 557 1405 Οὐδὲν
605 1344 1005 1422 δυσωδέστερον
1048 1350 1230 1422 ψυχῆς
1260 1347 1566 1420 ἐμπαθοῦς.
1613 1348 1756 1404 Κυνλ⁵
1793 1351 1901 1405 ἔοι-

317 1460 415 1495 κεν
470 1442 505 1513 ἡ
560 1441 742 1513 ἡδονὴ.
791 1442 1084 1515 ἄνθρωπ’
1133 1443 1230 1497 ἐὰν
1261 1442 1482 1515 διώξῃς.
1513 1442 1747 1512 φεύγει·
1802 1443 1900 1497 ἐὰν

318 1534 614 1606 ὲκθρέῲης,
665 1534 994 1605 παραμένει.
1050 1534 1222 1605 Φεῦγε
1279 1535 1380 1607 τὴν
1418 1534 1614 1605 τέρψιν
1661 1534 1749 1589 διά
1796 1534 1898 1607 τὴν

320 1627 520 1696 θλίψιν,
556 1627 630 1697 μὴ
653 1629 767 1691 τοῖς
803 1626 915 1691 σοῖς
951 1626 1142 1697 μέλεσι
1166 1626 1308 1683 κατά
1333 1626 1429 1682 σοῦ
1474 1628 1654 1700 βέλεσι
1685 1628 1901 1699 χρήση-

317 1736 407 1773 ται
439 1722 467 1772 6
491 1719 758 1782 διάϐολος.

392 1813 507 1884 υὺχ
535 1811 681 1867 οὕτω
722 1812 849 1877 τοὺς
880 1812 1299 1885 ἁμαρτάνοντας
1345 1814 1422 1877 ὡς
1450 1814 1577 1877 τοὺς
1607 1814 1750 1884 μετὰ
1794 1815 1899 1885 τὴν

321 1907 601 1976 ἁμαρτίαν
635 1906 711 1977 μὴ
739 1904 1198 1975 συστελλομένους
1220 1906 1669 1976 ἀποστρέφεσθαι
1703 1908 1897 1962 εἴωθεν

320 2001 351 2053 ὁ
379 1998 537 2064 Θεός.
1238 2026 1241 2029 λ

392 2094 468 2148 Οὐ
498 2093 561 2147 τὸ
590 2093 781 2147 πεσεῖν
806 2091 1071 2165 χαλεπὸν,
1109 2092 1252 2149 ἀλλά
1285 2090 1347 2147 τὸ
1377 2092 1615 2148 πεσόντα
1656 2093 1896 2161 κεῖσθαι,

320 2188 415 2241 καὶ
443 2187 518 2257 μὴ
540 2186 885 2243 ἀνίστασθαι.

406 2276 703 2347 Ἀπόστηθι
731 2277 831 2346 τῆς
856 2274 1143 2348 πονηρίας,
1171 2273 1378 2330 παῦσαι
1405 2275 1508 2347 τῆς
1532 2276 1754 2345 κακίας,
1780 2278 1903 2333 ἑπι-

319 2369 486 2426 λασοῦ
514 2370 615 2441 τῆς
645 2371 871 2441 ἀρετῆς,
904 2370 999 2423 καὶ
1026 2370 1268 2439 ὑπόσχου
1295 2369 1495 2440 μηκέτι
1527 2370 1666 2425 αὐτὰ
1697 2373 1898 2425 ποιεῖν’

320 2464 417 2515 καὶ
445 2462 608 2533 ἀρκεῖ
631 2461 791 2515 τοῦτο
819 2461 902 2525 είς
928 2460 1249 2530 ἀπολογίαν.
1273 2460 1418 2531 Ἐγὼ
1439 2462 1896 2535 διαμαρτύρομαι

319 2557 418 2611 καὶ¹
463 2555 775 2625 ἐγγυῶμαι,
808 2555 890 2609 ὅτι
934 2554 1042 2609 τῶν
1068 2555 1539 2627 ἁμαρτανομένων
1575 2555 1731 2625 ὑμῶν
1763 2557 1898 2609 ἔκα-

322 2666 468 2714 στος,
495 2648 563 2701 ἂν
591 2646 834 2711 ἀποστὰς
868 2647 979 2700 τῶν
1017 2647 1302 2718 προτέρων
1343 2649 1553 2713 κακῶν,
1589 2649 1899 2721 ὑπόσχηται

318 2741 398 2812 τῷ
432 2740 552 2811 Θεῷ
586 2740 724 2811 μετά
756 2739 1037 2810 ἀληθείας,
1069 2741 1271 2810 μηκέτι
1297 2740 1475 2794 αὐτῶν
1510 2740 1774 2810 ἅψασθαι,
1805 2741 1900 2794 οὐ·

318 2834 408 2886 δὲν
444 2830 636 2903 ἕτερον
684 2832 713 2884 6
761 2830 895 2895 Θεδς
943 2830 1102 2901 ζητεῖ
1147 2832 1278 2902 trp-‘9;
1320 2831 1614 2900 ἀπολογίαν
1651 2830 1895 2901 μείζονα.

317 2923 708 2994 Φιλὰνθρωπος
744 2920 854 2993 γάρ
880 2922 1000 2975 ἐστι
1030 2922 1123 2974 καὶ
1147 2920 1424 2991 ἐλεήμων,
1452 2923 1546 2975 καὶ
1574 2922 1833 2992 καθάπερ
1862 2923 1898 2995 ἠ

318 3017 588 3070 ὠδίνουσα
615 3015 877 3086 ἐπιθυμεῖ
912 3015 1114 3079 τεκεῖν,
1143 3011 1287 3068 οὕτω
1324 3014 1419 3067 καὶ
1445 3014 1611 3077 αὐτὸς
1638 3014 1902 3085 ἐπιθυμεῖ

318 3108 413 3161 τὸν
442 3107 589 3161 ἔλεον
621 3108 802 3178 ἐκχεῖν
834 3106 925 3161 τὸν
953 3104 1173 3161 ἑαυτοῦ.

2000 620 2184 668 autem
2242 624 2491 669 remanet
2549 620 2844 670 accusator
2884 612 3262 678 conscientiae,
3305 614 3581 668 carnificis

1998 701 2177 759 locum
2212 713 2424 773 tenens,
2471 716 2524 761 et
2569 714 2878 777 pecatorem
2943 704 3295 772 excrucians,
3338 706 3591 761 etrnaxi-

2000 812 2142 850 mam
2196 812 2412 868 pmnam
2496 798 2746 866 exigens,
2812 797 3048 866 denique
3108 797 3306 867 quovis
3367 796 3592 867 plumbo

1997 888 2219 959 gravius
2283 890 2631 946 incumbens.

2067 979 2358 1035 Peccatum
2422 980 2553 1035 dum
2603 980 2780 1035 adhuc
2841 986 2926 1036 est
2981 978 3037 1035 in
3100 992 3286 1049 opere,
3340 978 3591 1033 nonnihil

1997 1071 2293 1142 voluptatis
2329 1073 2574 1137 excitat;
2624 1086 2751 1125 cum
2820 1079 3000 1126 autem
3065 1070 3346 1141 impletum
3402 1072 3591 1134 fuerit,

2001 1162 2215 1217 modica
2266 1163 2518 1233 voluptas
2557 1163 2650 1219 illa
2719 1163 2975 1231 discedit,
3018 1171 3072 1218 et
3106 1163 3160 1218 in
3224 1163 3405 1219 locum
3468 1164 3591 1235 ejus

1998 1250 2146 1305 subit
2195 1251 2445 1307 tristitia.

2068 1341 2214 1398 Nihil
2254 1352 2365 1399 tam
2416 1343 2662 1413 putidum
2711 1351 2815 1413 est,
2860 1360 3026 1416 quam
3082 1346 3263 1401 anima
3294 1345 3583 1404 affectibus

1998 1435 2257 1491 obnoxia.
2282 1436 2546 1506 Voluptas
2588 1436 2711 1493 cani
2741 1436 2940 1492 similis
2973 1445 3056 1493 est
3088 1453 3106 1506 ;
3136 1436 3183 1492 si
3216 1439 3589 1508 persequaris,

1999 1526 2144 1596 fugit
2182 1545 2198 1584 :
2239 1527 2284 1584 si
2337 1529 2548 1585 nutrias
2573 1569 2589 1596 ,
2627 1538 2835 1584 manet.
2871 1528 3022 1600 Fuge
3070 1529 3404 1599 voluptatem
3457 1546 3591 1602 pro-

2004 1627 2131 1688 pter
2179 1620 2436 1677 comitem
2468 1622 2586 1692 ejus
2615 1621 2988 1693 aﬂlictionem,
3016 1639 3084 1681 ne
3131 1624 3378 1681 diabolus
3404 1633 3593 1681 utatur

2001 1712 2261 1768 membris
2293 1712 2403 1768 tuis
2450 1715 2721 1771 adversus
2768 1724 2822 1771 te
2854 1725 3117 1785 tanquam
3153 1716 3299 1773 telis.

2071 1802 2216 1861 Deus
2254 1819 2365 1859 non
2403 1811 2514 1860 tam
2552 1806 2795 1862 aversari
2831 1808 2971 1864 solet
3017 1818 3376 1878 peccatores,
3423 1824 3591 1879 quam

2004 1889 2124 1945 illos
2170 1890 2262 1960 qui
2300 1901 2423 1961 post
2479 1903 2703 1964 peccata
2766 1910 2877 1951 non
2928 1898 3338 1954 contrahuntur
3380 1899 3589 1967 animo,

2002 1999 2104 2038 nec
2181 1984 2492 2039 tristantnr.

2071 2075 2279 2133 Cadere
2307 2092 2414 2132 non
2444 2086 2552 2132 tam
2587 2077 2789 2135 malum
2819 2087 2925 2147 est,
2949 2094 3111 2151 quam
3131 2080 3327 2154 jacere
3343 2081 3585 2155 lapsum.

2000 2175 2053 2222 et
2079 2181 2184 2222 non
2258 2168 2537 2239 refugere.

2074 2258 2304 2315 Discede
2340 2260 2412 2315 ab
2457 2261 2828 2334 improbitate,
2877 2268 3124 2339 relinque
3178 2266 3467 2332 malitiam,
3499 2283 3591 2323 ar-

2004 2349 2120 2419 ripe
2167 2350 2443 2417 virtutem,
2475 2361 2530 2408 et
2551 2354 2806 2425 pollicere
2835 2358 3243 2415 innovationem
3289 2359 3414 2414 vitae
3441 2376 3455 2414 :
3488 2360 3593 2416 hoc

2003 2444 2100 2498 tibi
2129 2460 2229 2515 pro
2308 2446 2633 2505 defensione
2682 2450 2933 2508 suﬁiciet.
2997 2453 3111 2523 Ego
3139 2468 3270 2509 sane
3299 2468 3489 2509 assero
3538 2461 3597 2517 et

2000 2539 2268 2607 promitto
2326 2541 2469 2610 quod
2520 2541 2565 2595 si
2596 2544 2976 2616 unusquisque
3031 2546 3098 2601 de
3119 2545 3277 2601 nobis
3313 2546 3593 2615 peccanti-

2001 2627 2127 2693 bus,
2163 2630 2371 2687 relictis
2424 2633 2702 2703 prioribus
2763 2637 2942 2703 malis,
2974 2636 3088 2693 Deo
3147 2637 3471 2708 polliceatur
3526 2652 3589 2693 se

2001 2718 2105 2790 3],
2147 2737 2253 2777 non
2310 2725 2617 2781 rediturum
2668 2728 2733 2782 ad
2783 2743 2868 2791 ea,
2898 2730 3030 2783 nihil
3085 2730 3234 2787 aliud
3275 2731 3341 2786 ad
3382 2731 3594 2802 plenio-

2000 2827 2116 2867 rem
2165 2814 2597 2875 satisfactionem
2651 2819 2792 2875 Deus
2847 2820 3218 2891 requisiturus
3270 2823 3363 2879 sit.
3390 2823 3594 2881 Amore

2000 2907 2146 2961 enim
2228 2916 2284 2963 et
2358 2912 2728 2969 misericordia
2784 2916 3140 2985 prosequitur
3194 2915 3481 2983 homines,
3539 2924 3598 2973 et

1999 3000 2457 3067 quemadmodum
2496 3006 2811 3075 parturiens
2840 3008 3039 3063 mulier
3078 3008 3353 3065 desiderat
3379 3024 3594 3081 parere,

2001 3092 2081 3145 sic
2110 3099 2164 3146 et
2215 3092 2334 3165 ipse
2382 3097 2532 3166 cupit
2583 3097 3017 3154 misericordiam
3071 3115 3227 3155 suam
3288 3102 3593 3158 elfundere.

388 3199 560 3252 Οὐδὲν
586 3197 760 3260 οὕτως
785 3199 878 3251 τὸν
904 3197 1041 3251 Θεὸν
1065 3196 1226 3251 ἵλεων
1249 3199 1413 3266 ποιεῖ,
1443 3197 1517 3262 ὡς
1540 3198 1599 3252 τδ
1626 3198 1695 3255 τὰ
1718 3201 1898 3255 οἰκεῖα

2074 3181 2220 3240 Nihil
2279 3186 2417 3245 adeo
2495 3189 2667 3245 Deum
2713 3192 2890 3247 reddit
2956 3193 3276 3264 propitium,
3319 3210 3482 3265 quam
3527 3205 3589 3263 ut

317 3290 604 3359 ὁμολογεῖν
634 3292 1036 3362 ἁμαρτήματα.

392 3384 560 3438 Οὐδὲν
580 3385 724 3439 οὕτω
759 3386 899 3457 βαρὺ
934 3386 1031 3441 καὶ
1057 3386 1487 3452 δυσϐάστακτον,
1516 3385 1593 3450 ὡς
1620 3386 1903 3456 ἁμαρτίας

320 3472 503 3542 φύσις.
539 3472 706 3527 Οὐδὲν
749 3474 896 3528 οὕτω
951 3475 1200 3547 κάματον
1249 3475 1382 3546 ἡμῖν
1430 3475 1682 3546 παρέχει,
1720 3475 1795 3538 ὡς
1839 3476 1902 3530 τὸ

318 3564 417 3634 τῆς
470 3564 739 3634 πσνηρίας
801 3562 961 3632 εἶδος,
1009 3567 1107 3622 καὶ
1165 3568 1234 3621 τὰ
1276 3567 1752 3637 πλημμελήματα.
1800 3567 1902 3622 Διά

317 3656 481 3709 τοῦτο
539 3658 567 3711 6
602 3657 839 3729 Χριστὸς
887 3660 1001 3723 τοῖς
1052 3658 1112 3714 ἐν
1164 3660 1466 3731 ἁμαρτίαις
1500 3659 1669 3725 ζῶσιν
1705 3660 1898 3730 ἔλεγεν

323 3767 344 3799 ι
381 3748 549 3804 Δεῦτε
584 3751 722 3824 πρός
759 3769 854 3821 με,
893 3753 1095 3816 πάντες
1117 3753 1168 3807 oi
1192 3753 1491 3818 κοπιῶντες
1516 3754 1611 3808 καὶ
1637 3770 1901 3825 πεφορτι-

316 3844 529 3914 σμένοι,
556 3844 714 3914 κάγὼ
739 3845 1040 3900 ἀναπαύσω
1062 3846 1232 3917 ἡμᾶς.
1265 3864 1286 3899 ι

404 3936 530 3989 Ἐπὶ
557 3936 678 4001 ένὸς
706 3937 770 3991 οὐ
802 3936 1030 4006 θέλομεν
1072 3937 1463 4010 ἀσχημονῆσαι
1512 3938 1770 4009 ἐνταῦθα,
1803 3940 1898 3995 ἐπὶ

317 4026 378 4083 δὲ
408 4028 690 4100 μυριάδων
716 4030 835 4084 ἐκεῖ
855 4028 1130 4084 τοσούτων
1154 4030 1208 4083 τί
1233 4032 1568 4103 ποιήσομεν;

402 4209 689 4281 Ἐννόησον
739 4204 852 4264 οἷον
901 4209 1054 4264 ἔσται
1104 4208 1167 4264 τὸ
1205 4208 1301 4264 τοῦ
1330 4208 1468 4266 Θεοῦ
1501 4212 1853 4283 δικαστήριον
1879 4228 1896 4243 ’

319 4302 638 4370 ἀναλόγισαι
662 4303 731 4356 τά
762 4301 1132 4373 ἡμαρτημένα
1164 4316 1246 4355 σοι
1285 4301 1486 4359 πάντα.
1521 4303 1642 4357 Κᾶν
1670 4302 1777 4374 γὰρ
1803 4304 1900 4358 αὖ·

317 4398 411 4461 τὸς
439 4395 673 4470 ὲπιλάθῃ
698 4395 807 4449 τῶν
836 4394 1411 4467 πεπλημμελημένων,
1439 4397 1466 4449 ὁ
1488 4395 1619 4459 Θεὸς
1640 4397 1897 4452 οὐδέποτε

319 4490 639 4545 ἐπιλάθεται
664 4505 679 4520 ο
708 4488 847 4543 ἀλλά
877 4488 1057 4544 πάντα
1090 4489 1199 4559 πρὸ
1235 4488 1346 4542 τῶν
1379 4488 1676 4559 ὀφθαλμῶν
1705 4491 1896 4561 στήσει

317 4583 429 4637 τῶν
464 4582 596 4646 σῶν,
627 4580 693 4636 ἂν
722 4581 798 4652 μὴ
828 4580 1119 4653 προλαϐὼν
1152 4580 1294 4635 αὑτά
1320 4580 1638 4653 καταλύσῃς
1679 4580 1775 4637 νῦν
1805 4583 1897 4637 διὰ

322 4670 617 4739 μετανοίας
644 4671 740 4724 καὶ
771 4669 1237 4743 ὲξομολογήσεως.

399 4761 461 4817 Ὃ
506 4762 607 4833 μὲν
643 4763 833 4834 ἀρκῶν
882 4763 976 4817 καὶ¹
1004 4764 1226 4835 ἐτέρους
1267 4763 1562 4835 διορθῶσαι
1610 4765 1896 4836 μιγνύσθω

315 4856 431 4918 τοῖς
460 4854 715 4922 μέλλουσι
743 4856 997 4927 δέχεσθαι
1033 4856 1134 4926 τὴν
1173 4855 1498 4927 θεραπείαν,
1530 4858 1625 4911 καὶ
1671 4858 1896 4913 ποιείτω

320 4947 571 5017 βελτίους
591 4962 606 4977 ⁶
636 4949 666 5002 6
714 4948 771 5002 δὲ
810 4949 1148 5021 ἀτονώτερος
1177 4947 1254 5004 ὣν
1279 4950 1532 5020 φευγέτω
1566 4950 1692 5015 τοὺς
1724 4967 1900 5021 πονηο

319 5043 474 5111 ροδς,
506 5040 648 5094 ὥστε
694 5042 770 5112 μὴ
807 5042 909 5114 τὴν
954 5043 1086 5114 παρ’
1114 5044 1345 5098 ἐκείνων
1394 5042 1651 5114 δέχεσθαι
1689 5042 1895 5113 λύμην.

391 5131 629 5186 Δύναται
657 5134 921 5198 πολλάκις
962 5137 1062 5205 μία
1105 5134 1435 5207 κερδηθεῖσα
1478 5135 1627 5206 ψυχὴ
1682 5134 1896 5204 μυρίων

319 5223 484 5292 ὅγκον
509 5225 927 5298 ἁμαρτημάτων
968 5226 1258 5296 ἀφανίσαι,
1304 5227 1402 5282 καὶ
1446 5226 1709 5305 γενέσθαι
1761 5227 1896 5298 ἡμῖν

322 5314 618 5387 ἀντίψυχον
643 5317 701 5370 ὲν
719 5316 906 5391 ἐκείνῃ
929 5320 996 5388 τῇ
1026 5317 1232 5388 ἡμέρᾳ.

394 5404 512 5462 Οὐκ
543 5406 660 5462 ἐστι
702 5408 881 5481 ψυχῆς
929 5409 1181 5476 ἀντάξιος
1230 5409 1354 5463 οὐδὲ
1394 5410 1424 5462 6
1470 5410 1681 5481 κόσμος
1714 5410 1860 5473 ἄπας
1884 5426 1897 5439 ·

325 5497 468 5553 ὥστε
496 5501 601 5555 κᾶν
630 5502 803 5573 μυρία
834 5501 940 5573 δῷς
961 5503 1220 5573 χρήματα
1254 5503 1509 5573 πένησιν.
1539 5503 1694 5558 οὐδὲν
1718 5502 1897 5558 τοιοῦ-

323 5609 417 5648 τον
449 5594 679 5666 ἐργάσῃ.
704 5589 815 5648 οἷον
845 5594 977 5664 μίαν
1007 5592 1186 5665 ψυχὴν
1217 5593 1594 5662 ἐπιστρέφων.

398 5777 573 5832 Οὐδὲν
611 5779 669 5831 ὲν
718 5775 1027 5847 ἀνθρώποις
1070 5774 1237 5831 καλὸν
1289 5774 1590 5843 κακότητος
1640 5775 1896 5847 ἄμικτον.

330 5870 455 5923 Εἴθε
486 5870 542 5924 δὲ
576 5870 651 5942 μὴ
680 5870 749 5925 τὰ
775 5869 953 5941 λυγρά
980 5867 1199 5923 πλείονα
1229 5871 1425 5940 μοῖραν
1450 5862 1564 5939 εἶχε
1602 5867 1615 5921 !

2001 3275 2236 3346 quisque
2264 3293 2361 3335 sua
2417 3290 2645 3350 peccata
2674 3283 3025 3339 confiteatur.

2070 3364 2218 3421 Nihil
2256 3375 2365 3423 tam
2408 3384 2573 3440 grave
2598 3380 2653 3427 et
2716 3387 3010 3429 onerosum
3071 3382 3178 3441 est,
3235 3389 3397 3445 quam
3469 3392 3596 3456 pec—

2003 3457 2110 3511 cati
2157 3467 2375 3516 natura.
2431 3461 2577 3519 Nihil
2608 3472 2821 3520 tantum
2874 3466 3075 3534 negotii
3137 3467 3297 3524 nobis
3339 3467 3589 3535 facessit,

2001 3558 2269 3619 quantum
2313 3552 2636 3624 improbitas
2675 3565 2731 3613 et
2758 3566 3003 3627 peccata.
3035 3556 3400 3625 Quamobrem
3437 3559 3601 3632 Cbrle

2002 3648 2125 3694 stus
2153 3640 2220 3694 ad
2253 3641 2376 3699 illos
2428 3645 2522 3714 qui
2550 3645 2605 3700 in
2657 3647 2896 3715 peccatis
2951 3648 3166 3712 vivunt,
3224 3646 3400 3703 dixit:
3435 3666 3455 3700 ι
3487 3646 3598 3703 Ἴθι

2002 3730 2119 3785 nite
2162 3731 2230 3787 ad
2262 3748 2375 3800 me,
2409 3751 2604 3793 omnes
2648 3738 2740 3808 qui
2785 3736 3045 3794 laboratis
3074 3747 3127 3793 et
3175 3739 3384 3794 onerati
3440 3741 3594 3807 estis,

1999 3829 2055 3877 et
2081 3836 2184 3894 ego
2239 3826 2482 3883 reficiam
2520 3844 2637 3886 vos.
2674 3848 2694 3884 ι

2079 3915 2138 3971 In
2176 3918 2432 3977 humanis
2481 3922 2647 3979 rebus
2677 3930 2830 3978 cavet
2860 3922 2963 3979 sibi
2998 3923 3232 3995 quisque
3272 3933 3331 3979 nt
3397 3939 3467 3980 ne
3506 3940 3601 3979 co-

2000 4026 2119 4065 ram
2156 4026 2271 4066 uno
2299 4012 2520 4083 quidem
2563 4013 2889 4085 delinquat:
2924 4015 3052 4086 quid
3099 4025 3281 4071 autem
3338 4014 3431 4071 fiet
3468 4017 3597 4071 olim

2000 4115 2186 4157 coram
2219 4102 2432 4159 infinita
2462 4103 2854 4161 multitudine?

2077 4194 2267 4265 Cogita
2292 4196 2455 4267 quale
2488 4194 2731 4251 futurum
2755 4194 2828 4251 sit
2861 4193 2954 4252 Dei
2985 4194 3251 4265 judicium
3287 4210 3304 4252 :
3344 4194 3598 4264 expende

1998 4292 2180 4349 omnia
2219 4295 2442 4360 peccata
2479 4295 2592 4344 tua.
2632 4285 2768 4342 Nam
2800 4286 2932 4342 licet
2957 4287 3074 4354 ipse
3101 4288 3423 4343 delictorum
3455 4287 3597 4342 obli-

1999 4382 2253 4448 viscaris,
2286 4380 2431 4449 Deus
2460 4393 2745 4451 nunquam
2804 4378 3201 4446 obliviscetur;
3261 4381 3358 4435 sed
3411 4380 3595 4435 omnia

2006 4476 2113 4531 tuis
2140 4474 2317 4530 oculis
2375 4471 2724 4543 objicientur,
2773 4472 2882 4526 nisi
2948 4486 3097 4528 nunc
3159 4470 3495 4543 praeveniens
3533 4487 3597 4528 ea

2008 4565 2279 4629 dissolvas
2333 4562 2673 4637 paenitudine
2712 4569 2767 4617 et
2798 4561 3175 4623 confessione.

2077 4749 2180 4819 Qui
2213 4748 2378 4813 etiam
2411 4746 2547 4803 alios
2594 4744 2890 4803 emendare
2939 4744 3078 4814 potis
3102 4751 3206 4808 est,
3240 4753 3599 4799 conversetur

2009 4846 2119 4902 illis
2148 4843 2216 4899 de
2247 4856 2480 4912 quorum
2509 4839 2689 4895 salute
2726 4851 2855 4908 spes
2886 4837 3067 4902 fuerit,
3100 4850 3169 4891 ac
3204 4835 3351 4905 ipsos
3405 4834 3598 4889 melio-

2010 4953 2101 4995 res
2165 4933 2379 4991 reddat.
2417 4931 2692 4987 lnﬁrtnior
2752 4936 2936 4989 autem
2982 4927 3155 4999 fugiat
3196 4927 3495 4999 improbos,
3530 4942 3599 4985 ne

2009 5029 2099 5084 lue
2129 5028 2371 5097 ipsorum
2405 5023 2701 5079 inliciatur.

2080 5120 2277 5174 Anima
2312 5130 2418 5170 una
2446 5112 2730 5170 lucrifacta
2760 5126 2902 5180 saepe
2932 5111 3222 5166 criminum
3260 5109 3594 5166 infinitarum

2013 5214 2210 5268 molem
2240 5207 2458 5263 abolere
2499 5213 2695 5274 potest,
2729 5212 2785 5259 et
2815 5202 3013 5257 animae
3054 5212 3257 5256 nostra:
3296 5202 3599 5270 redemptio

2010 5302 2124 5358 fieri
2155 5302 2207 5354 in
2234 5298 2323 5353 die
2349 5296 2566 5365 judicii.

2079 5391 2158 5447 Ne
2216 5392 2454 5445 mundus
2497 5386 2716 5458 quidem
2755 5384 3047 5440 universus
3117 5385 3314 5439 animae
3369 5382 3597 5453 pretium

2010 5494 2300 5554 atqttaret;
2340 5496 2530 5549 quare,
2565 5480 2694 5534 licet
2763 5477 3051 5548 pecuniam
3105 5477 3314 5547 absque
3365 5491 3599 5531 numero

2010 5575 2343 5645 pauperibus
2374 5571 2624 5641 largiare,
2654 5569 2786 5623 nihil
2816 5576 3026 5622 tantum
3064 5565 3287 5630 ellicies,
3328 5580 3595 5636 quantum

2012 5664 2177 5720 unius
2206 5663 2400 5716 animae
2449 5659 2825 5715 conversiune.

2094 5755 2252 5825 (ἔτερ.
2283 5752 2515 5823 Nyssen.
2545 5749 2692 5805 Nihil
2724 5749 2852 5806 bOni
2890 5750 3056 5804 .inter
3095 5747 3341 5804 homines
3403 5760 3602 5817 expers

2012 5863 2100 5911 est
2132 5848 2373 5904 malitiae.
2408 5843 2627 5900 Utinam
2662 5856 2792 5901 vero
2824 5842 2968 5899 mala
3002 5856 3111 5898 non
3137 5841 3449 5898 obtinerent
3479 5852 3604 5893 rua-

2013 5946 2186 6012 iorem
2223 5946 2430 6013 partem
2458 5939 2472 5993 ι
