4034 6404
408 350 513 413 823

1692 359 2014 422 ANTONH
2059 362 2114 420 M
2127 363 2408 423 ELISSE

3570 363 3680 426 82L

478 467 613 520 Mira
669 467 922 524 facilitate
956 472 1067 525 itur
1099 472 1163 526 ad
1200 473 1485 544 malitiam,
1511 483 1565 531 et
1605 485 1802 532 natura
1859 495 1986 551 pro—

2161 484 2336 556 Πολλὴ
2394 485 2529 554 πρὸς
2584 483 2684 554 τὴν
2739 483 2937 539 κακίαν
2996 483 3150 537 ἐστὶν
3194 485 3225 553 ἡ
3275 481 3522 546 εὐκολία,
3579 491 3674 540 καὶ

405 559 561 615 clivis
586 559 637 615 in
679 562 943 618 deteriora
979 565 1170 622 fertur.

478 649 738 723 Voluptas
806 655 1052 713 homines
1102 667 1161 713 ut
1203 662 1499 730 plurimum
1567 664 1687 722 sine
1742 666 1855 722 ullo
1893 681 1987 722 ne-

406 743 554 811 gotio
603 746 768 815 capit,
803 756 859 801 et
888 763 1080 819 magna
1129 755 1500 824 promptitudo
1551 767 1638 813 est
1683 767 1891 813 natum
1925 761 1991 812 ad

406 839 551 895 hunc
578 841 859 907 amictum,
905 860 936 898 a
978 847 1293 904 durioribus
1348 851 1548 908 studiis
1577 853 1645 909 ad
1697 853 1993 924 voluptatis

403 926 824 982 teneritudinem
886 929 1048 988 facile
1102 937 1463 1003 prolabentis.

483 1016 696 1089 Cyrilti.
753 1019 918 1076 Nemo
954 1039 1060 1079 non
1095 1026 1150 1080 in
1208 1031 1396 1084 multis
1450 1030 1736 1101 delinquit.
1776 1033 1998 1098 ,Natura

401 1113 545 1167 enim
579 1114 678 1166 hac
703 1113 1031 1180 mgritudine
1066 1116 1278 1173 laborat
1329 1128 1389 1174 ut
1417 1120 1579 1177 facile
1615 1123 1666 1177 in
1704 1136 1988 1192 peccatum

401 1205 640 1270 labatur,
671 1205 786 1274 jam
835 1205 962 1262 inde
1011 1219 1136 1279 post
1191 1212 1401 1282 primos
1458 1214 1623 1283 hujus
1683 1217 1990 1277 affectionis

399 1305 674 1350 auctores.

470 1390 776 1446 Athanasii.
804 1393 959 1461 Quod
990 1396 1060 1450 a-b
1083 1397 1238 1452 initio
1266 1399 1409 1453 malo
1432 1403 1675 1470 procedit
1706 1419 1994 1474 nunquam

398 1481 536 1536 bene
575 1483 842 1540 indicatur
873 1495 970 1540 aut
1009 1489 1146 1554 linit,
1179 1505 1299 1545 cum
1352 1501 1524 1547 totum
1556 1493 1627 1548 sit
1658 1495 1883 1550 malum.

467 1573 769 1632 Clementis.
820 1577 1156 1645 Timeamus,
1216 1598 1322 1639 non
1376 1587 1626 1641 morbum
1675 1597 1987 1654 externum,

398 1664 495 1721 sed
541 1677 764 1736 peccata
832 1672 1002 1727 morbi
1061 1689 1322 1742 causam,
1352 1686 1412 1733 et
1470 1680 1722 1735 morbum
1769 1683 1984 1746 animm,

399 1772 508 1812 non
545 1761 816 1836 corporis.

465 1850 574 1921 32
609 1852 834 1909 Omnem
883 1857 1218 1927 voluptatem
1271 1859 1544 1931 cupiditas
1590 1862 1834 1919 inchoat.
1895 1864 1991 1919 Est

397 1951 576 1997 autem
606 1946 877 2014 cupiditas
935 1951 1162 2006 tristitia.
1216 1954 1466 2022 quaedam
1499 1963 1554 2011 et
1587 1971 1739 2023 cura,
1769 1967 1993 2028 prepter

397 2028 669 2088 defectum
699 2037 906 2106 aliquid
935 2039 1273 2097 desiderans.

467 2121 728 2180 Philonis.
757 2125 868 2182 Etsi
924 2129 1064 2186 lenis
1101 2133 1324 2200 quidam
1381 2145 1564 2189 motus
1603 2137 1816 2190 videtur
1866 2152 1991 2193 esse

395 2211 664 2282 voluptas,
695 2232 884 2273 revera
928 2230 1110 2275 tamen
1157 2237 1318 2292 asper
1369 2226 1668 2293 invenitur,
1694 2239 1748 2282 et
1778 2237 1884 2283 est.

466 2304 645 2360 Omne
669 2307 975 2376 jucundum
1011 2311 1160 2381 fuge,
1186 2316 1458 2371 violenter
1480 2319 1624 2373 enim
1657 2319 1844 2373 allicit.

464 2396 626 2451 Joan.
663 2397 938 2455 Climacis.
993 2403 1278 2461 Daemones
1333 2418 1429 2462 aut
1459 2423 1686 2477 peccare
1735 2423 1833 2464 nos
1883 2409 1990 2463 im-

393 2481 627 2552 pellunt,
657 2496 749 2538 ant
779 2487 882 2542 nisi
916 2493 1328 2557 peceaverimns
1370 2496 1496 2566 ipsi,
1525 2499 1773 2566 judicare
1807 2509 1998 2555 tamen.

391 2586 728 2643 peccantes:
769 2585 828 2630 ut
853 2579 1092 2647 primum
1123 2584 1428 2650 posteriore
1461 2585 1771 2656 inquinent.
1814 2618 1844 2638 ι

463 2667 645 2721 Animi
691 2668 899 2726 vibices
936 2671 981 2726 si
1035 2673 1402 2744 publicentur,
1436 2693 1546 2733 non
1576 2679 1704 2734 ﬁent
1755 2679 1988 2734 deterio-

391 2772 502 2822 res,
559 2759 654 2812 sed
691 2765 1055 2816 sanabuntur.
1079 2764 1225 2819 Nihil
1255 2768 1400 2820 enim
1455 2776 1564 2822 tam
1620 2768 1843 2824 τουσι-αι
1880 2769 1985 2822 dae-

394 2863 584 2902 mones
616 2858 669 2903 et
689 2853 1048 2921 cogitationes
1078 2856 1365 2912 adversum
1413 2873 1538 2925 nos,
1563 2875 1727 2931 quam
1762 2863 1806 2915 si
1835 2861 1991 2916 taciti

390 2947 446 2993 et
477 2940 598 2996 sine
628 2944 976 3001 confessione
1010 2949 1176 3004 corde
1207 2953 1552 3009 nutriantur.

461 3119 651 3223 μαι-εἱ.
684 3123 976 3183 Peccatum
1033 3129 1174 3200 ignis
1209 3142 1294 3188 est
1354 3134 1575 3198 ardens.
1603 3137 1697 3206 qui
1741 3140 1827 3192 vel
1881 3141 1980 3194 im-
2008 3172 2051 3230 ε

393 3211 675 3269 minuetur
725 3221 810 3272 vel
859 3220 1288 3280 iullammabitur
1341 3241 1442 3296 pro
1502 3231 1731 3284 materie
1785 3231 1981 3287 addita:

391 3304 757 3365 subtractaave
809 3316 992 3368 modo.

469 3397 768 3458 Senianum.
800 3406 902 3472 Qui
952 3421 1245 3467 cunctatur
1305 3423 1359 3468 et
1391 3413 1574 3472 differt
1625 3416 1984 3486 cogitationes

389 3515 519 3556 suas
549 3501 1039 3572 confiteri,pr:eter
1088 3506 1138 3560 id
1187 3509 1332 3578 quod
1385 3509 1523 3563 nihil
1572 3510 1698 3565 inde
1738 3512 1982 3582 juvatur,

390 3607 451 3646 re
478 3593 593 3660 ipsa
643 3594 934 3650 confirmat
967 3599 1112 3665 quod
1156 3601 1340 3654 nescio
1373 3602 1504 3671 quid
1533 3604 1730 3658 secreti
1768 3606 1837 3657 ah
1872 3604 1982 3658 iui-

389 3685 534 3738 mico
563 3685 666 3739 sibi
705 3687 999 3741 revelatum
1047 3691 1138 3756 sit,
1177 3700 1232 3744 et
1267 3695 1672 3763 metuatipsum
1707 3696 1984 3754 offendero

388 3784 444 3828 et
472 3790 711 3830 amorem
744 3777 865 3847 ejus
895 3781 1169 3848 amittere,
1204 3782 1249 3836 si
1280 3785 1657 3852 spiritualihus
1703 3787 1836 3843 viris
1869 3805 1981 3843 rem

388 3871 626 3942 aperiat.
1956 3954 1965 3961 _

461 3960 745 4017 Theotimi.
792 3965 1084 4020 Peccatum
1133 3968 1345 4023 videtur
1387 3985 1506 4025 esse
1549 3973 1768 4042 quidem
1818 3960 1997 4044 obes...

389 4052 824 4110 benevolentiam
850 4057 950 4119 Dei
981 4059 1034 4110 in
1089 4075 1190 4114 nos
1248 4062 1466 4116 extendi
1519 4065 1837 4132 prohibens.

465 4144 699 4216 Iosephi.
736 4148 794 4203 In
824 4149 1006 4218 parvis
1051 4157 1148 4204 aut
1177 4153 1388 4224 magnis
1448 4168 1696 4223 peccare,
1725 4157 1981 4227 aequipol-

391 4242 468 4296 let
497 4257 514 4307 ;
545 4239 794 4295 similiter
820 4240 966 4295 enim
999 4250 1229 4311 utroque
1284 4243 1446 4298 modo
1476 4246 1560 4306 lex
1589 4250 1978 4306 contemnitur.

466 4418 764 4476 Plutarchi.
801 4420 913 4476 Nec
962 4421 1106 4494 ignis
1130 4422 1340 4493 tunica,
1380 4441 1480 4481 nec
1513 4435 1671 4499 turpe
1721 4430 1974 4487 delictum

385 4526 629 4584 tempore
659 4515 822 4569 celari
851 4525 1050 4583 potest.

461 4612 802 4682 Pythagorae.
854 4607 1083 4663 Peccata
1135 4619 1224 4663 tua
1255 4624 1363 4664 non
1413 4610 1596 4666 verbis
1649 4617 1972 4684 tcgere,sed

385 4701 902 4777 reprehensionibus
946 4715 1142 4756 curare
1177 4701 1492 4782 tentandum
1544 4714 1648 4759 est.

454 4794 772 4851 Aristotelis.
813 4791 931 4846 Non
982 4793 1214 4845 multum
1255 4794 1694 4864 abimpeceabili
1741 4797 1976 4855 discedit

381 4891 474 4960 qui
513 4895 794 4958 peccatum
830 4890 890 4937 ut
919 4882 1075 4938 decet
1108 4883 1330 4939 fatetur.

455 4981 690 5049 Didymi.
715 4980 888 5046 Auget
919 4977 1178 5030 malitiam
1211 4979 1302 5047 qui
1329 4995 1436 5034 non
1467 4979 1583 5050 ipse
1602 4989 1810 5037 tantum
1851 4999 1970 5053 prc-

381 5081 488 5135 cat,
538 5071 631 5126 sed
662 5070 885 5136 insuper
915 5069 1039 5122 aliis
1068 5071 1467 5138 patrocinatur.

452 5161 722 5230 Multiplex
773 5171 825 5213 et
864 5160 1314 5216 fecundissimum
1365 5173 1452 5217 est
1499 5165 1700 5219 malum
1758 5167 1811 5220 iu
1857 5169 1970 5222 ani-

378 5253 485 5307 iuis
529 5253 807 5304 hominum
839 5250 1090 5317 ;bonum
1132 5267 1258 5306 vero
1321 5263 1610 5323 angustum
1651 5265 1707 5312 ct
1752 5274 1957 5314 rarum.

715 5448 949 5504 SERMO
996 5450 1139 5505 xvn
1181 5453 1280 5524 [aL
1312 5454 1622 5530 CLXXIX],

728 5587 802 5639 De
827 5589 1130 5656 paenitentia
1177 5602 1225 5644 et
1259 5596 1608 5664 conlessione.

449 5697 700 5753 ΜαιιΙι.ν.
739 5703 884 5756 Beati
909 5705 998 5774 qui
1039 5705 1241 5775 lugent,
1273 5709 1531 5778 quoniam
1568 5711 1666 5780 ipsi
1705 5714 1960 5768 consola-

375 5794 576 5849 tionem
609 5798 893 5866 accipient.

2007 4507 2060 4563 ὓ

2092 573 2392 645 ὀξύρροπος
2428 575 2525 629 ἐπὶ·
2548 576 2607 630 τὸ
2643 579 2824 647 χεῖρον
2856 579 2888 646 ή
2919 576 3103 646 φύσις.

2167 667 2451 722 Εὑάλωτόν
2484 670 2636 722 ἐστιν
2659 668 2735 732 ὡς
2763 669 2830 722 τὰ
2857 668 3029 722 πολλὰ
3051 667 3132 722 δι”
3149 667 3340 738 ἡδονῆς
3371 667 3432 721 τὸ
3460 669 3674 737 ἀνθρώ-

2099 777 2274 826 πινον,
2305 763 2399 814 καὶ
2429 761 2598 829 πολλὴ
2622 763 2757 832 πρὸς
2786 761 2848 816 τὸ
2878 762 3048 826 πάθος
3079 761 3237 815 τοῦτο
3260 761 3358 831 τῆς
3382 761 3601 830 φύσεως
3631 764 3672 832 ἢ

2093 853 2434 917 εὐκολία,,ὲκ
2482 853 2592 906 τῶν
2645 853 2999 924 ’βραχυτέρων
3031 853 3486 923 ἐπιτηδευμάτων
3530 852 3678 924 πρὸς

2091 945 2153 998 τὸ
2188 945 2288 1013 τῆς
2319 946 2512 1016 ἡδονῆς
2535 947 2676 1000 λεῖον
2699 947 2933 1017 ἑτοίμως
2971 947 3445 1020 καταπιπτούσης.

2165 1037 2342 1090 Πολλὰ
2385 1040 2654 1107 πταίομεν
2703 1040 2964 1102 ἅπαντες.
2999 1039 3169 1091 Νοσεῖ
3205 1039 3317 1111 γὰρ
3351 1041 3384 1109 ἡ
3413 1039 3577 1109 φύσις
3609 1040 3671 1093 τὸ

2092 1129 2170 1190 εἰς
2201 1129 2478 1199 ἁμαρτίαν
2508 1129 2730 1184 εὔκολον
2757 1129 2845 1185 διὰ
2865 1129 3056 1194 τῶνιὲξ
3082 1130 3260 1201 ἀρχῆς
3288 1133 3674 1201 εἰσοικισαμέ-

2091 1239 2208 1274 νων.
2229 1222 2286 1274 τὸ
2321 1222 2512 1287 πάθος.

2163 1404 2236 1457 Τὸ
2276 1403 2376 1474 τὴν
2418 1406 2597 1478 ἀρχὴν
2642 1408 2766 1477 ἔχον
2816 1405 2994 1480 κακὴν
3024 1407 3082 1460 ἐν
3115 1408 3292 1463 οὐδενὶ
3324 1407 3506 1472 καλῶς
3536 1425 3673 1462 ποτε

2092 1495 2332 1567 κριθείη,
2372 1498 2492 1551 ὅλον
2518 1497 2577 1552 ὃν
2610 1499 2837 1566 φαῦλον.

2159 1588 2493 1660 Φοϐηθῶμεν
2533 1590 2654 1662 οὐχὶ
2694 1593 2849 1646 νόσον
2907 1591 3008 1665 τὴν
3059 1593 3278 1659 ἔξωθεν.
3329 1592 3446 1648 ἀλλ’
3480 1593 3672 1664 ἀμαρ-

2089 1682 2308 1749 τήματα
2350 1681 2418 1734 δι’
2463 1681 2500 1736 ἃ.
2541 1683 2574 1752 ἡ
2622 1683 2797 1747 νόσος,
2831 1684 2927 1739 καὶ
2967 1685 3124 1738 νόσον
3166 1685 3367 1756 ψυχῆς,
3399 1685 3524 1755 οὐχὶ
3565 1685 3684 1738 σώ-

2098 1791 2293 1844 ματος.

2165 1868 2353 1937 Πάσηε
2409 1866 2608 1939 ἡδονῆς
2678 1868 2949 1940 ἐπιθυμία
3008 1869 3295 1942 κατάρχει.
3367 1869 3670 1934 Ἐπιθυμία

2091 1959 2148 2011 δέ
2189 1959 2306 2011 ἐστι
2341 1958 2486 2029 λύπη
2515 1977 2598 2023 τις
2629 1961 2726 2013 καὶ
2754 1961 2996 2030 φροντὶς,
3032 1961 3100 2016 δι’
3130 1960 3340 2015 ἔνδειαν
3361 1961 3673 2032 δρεγομέντί

2091 2050 2262 2116 τινός.
3001 2078 3004 2082 '

2161 2143 2322 2195 Δοκεῖ
2367 2143 2468 2210 μὲν
2511 2142 2632 2195 λεία
2679 2159 2764 2203 τις
2808 2137 2949 2194 εἶναι
2982 2141 3199 2211 κῑνησις
3229 2142 3262 2214 ἡ
3292 2140 3454 2214 ἡδονή
3476 2155 3491 2171 °
3527 2139 3586 2196 τὸ
3611 2139 3673 2194 δὲ

2093 2233 2291 2302 ἀληθὲς
2326 2236 2560 2305 τραχεῖα
2597 2235 2916 2301 εὑρίσκεται
2949 2237 3042 2288 καὶ
3072 2235 3242 2288 ἐστιν.

2161 2325 2335 2394 Φεῦγε
2364 2329 2474 2380 πᾶν
2496 2327 2556 2379 τδ
2581 2327 2700 2395 ἡδὺ,
2723 2327 2804 2379 ὅτι
2830 2326 3019 2396 βιαίως
3050 2325 3378 2398 παρακαλεῖ.

2164 2419 2233 2470 Ἢ
2260 2418 2577 2487 ἀμαρτῆσαι
2615 2419 2763 2488 ἡμᾶς
2805 2419 2854 2471 οἱ
2886 2418 3142 2488 δαίμονες
3168 2420 3595 2489 προτρέπονται,
3635 2418 3668 2486 ἢ

2093 2509 2168 2576 μὴ
2201 2508 2650 2578 ἁμαρτήσαντας,
2680 2509 2808 2571 τοὺς
2856 2509 3271 2578 ἁμαρτάνοντας
3297 2507 3505 2578 κρίνειν
3533 2524 3547 2536 ·
3577 2508 3670 2560 ἵνα

2088 2601 2179 2654 διὰ
2200 2598 2293 2652 τοῦ
2323 2601 2581 2670 δευτέρου
2614 2600 2674 2654 τὸ
2707 2601 2924 2672 πρῶτον
2961 2600 3295 2670 μολύνωσιν.

2156 2689 2441 2753 Μὼλωπες
2486 2689 2946 2761 θριαμϐευόμενοι
2989 2691 3048 2744 οὐ
3081 2691 3453 2760 προκόψουσιν
3485 2691 3580 2744 ἐπὶ
3607 2691 3678 2744 τὸ

2088 2783 2295 2852 χεῖρον,
2327 2781 2443 2834 ἀλλ’
2475 2783 2810 2852 ἰαθήσονται.
2846 2783 3014 2842 Οῦδὲν
3056 2783 3165 2852 γὰρ
3217 2783 3361 2836 οὕτω
3399 2785 3512 2846 τοῖς
3551 2784 3672 2836 δαί-

2089 2889 2218 2940 μοσι
2275 2872 2370 2926 καὶ
2419 2876 2532 2937 τοῖς
2581 2875 2865 2944 λογισμοῖς
2919 2876 3072 2946 ἰσχὺν
3105 2876 3228 2930 καθ’
3261 2875 3418 2944 ἡμῶν
3451 2876 3671 2929 δίδωσιν

2085 2961 2164 3028 ὡς
2221 2964 2285 3018 τὸ
2344 2965 2472 3028 τοὺς
2533 2965 3000 3038 ἁνεξαγορεὺτους
3050 2970 3108 3022 ὲν
3155 2971 3224 3040 τῇ
3282 2969 3482 3040 καρδίᾳ
3532 2970 3672 3022 σιτί-

2086 3055 2306 3122 ζεσθαι.

2159 3149 2277 3218 Πῦρ
2298 3149 2416 3204 ἐστι
2439 3151 2732 3221 καιόμενον
2762 3152 2798 3224 ἡ
2825 3152 3069 3224 ἁμαρτία
3094 3168 3106 3182 ·
3137 3151 3248 3222 ὅσῳ
3270 3153 3337 3208 ἂν
3358 3157 3667 3226 περικὸψῃς

2086 3242 2187 3313 τὴν
2219 3242 2372 3312 ὕλην,
2409 3246 2653 3316 τοσούτῳ
2687 3247 2753 3298 ἂν
2775 3248 3084 3316 περιέσται,
3112 3246 3210 3301 καὶ
3250 3247 3374 3302 καθ’
3395 3249 3423 3302 ὃ
3453 3250 3516 3303 ἂν
3547 3253 3671 3304 επις

2088 3335 2210 3406 θῇς,
2233 3335 2489 3391 τοσοῦτον
2516 3339 2876 3409 καυθήσεται.

2157 3430 2474 3499 Διαμέλλων
2504 3435 2597 3485 καὶ
2621 3433 2990 3504 ἀναδυόμενος
3023 3435 3387 3509 ἐξαγορεῦσαι
3410 3457 3508 3495 σου
3539 3439 3677 3502 τοὺς

2083 3521 2406 3593 λογισμοὺς,
2431 3522 2562 3594 πρὸς
2589 3525 2667 3594 τῷ
2696 3525 2867 3594 μηδὲν
2895 3527 3206 3599 ὠφελῆσαι,
3243 3529 3392 3600 ἔργῳ
3423 3530 3668 3599 βεϐαιοῖς

2085 3615 2162 3678 ὡς
2200 3617 2502 3686 μυστήριον
2535 3617 2835 3688 ὲξεκάλυψέ
2867 3637 2950 3674 σοι
2973 3623 3000 3675 ό
3027 3622 3224 3692 ἐχθρός
3249 3639 3264 3654 ·
3292 3624 3385 3678 καὶ
3418 3624 3677 3691 δέδοικας

2088 3708 2462 3777 προσκροῦσαι
2491 3711 2586 3762 καὶ
2623 3711 2879 3766 ἐκπεσεῖν
2908 3713 3007 3782 τῆς
3033 3714 3260 3783 ἀγάπης
3291 3715 3482 3780 αὐτοῦ,
3515 3716 3569 3768 ετ
3599 3732 3668 3784 γε

2085 3795 2244 3850 τοῦτο
2274 3802 2670 3867 πνευματικοῖς
2696 3801 2928 3872 ἀνδράσι
2944 3802 3380 3872 ἀποκαλύψεως.

2159 3979 2382 4034 Ἔοικεν
2412 3980 2444 4052 ἡ
2477 3980 2722 4052 ἀμαρτεα
2762 3981 3224 4054 παρακωλύματι,
3268 3985 3534 4041 κωλύοντι
3565 3989 3670 4060 τὴν

2082 4071 2298 4126 εῦνοιαν
2331 4072 2426 4126 τοῦ
2461 4073 2598 4127 Θεοῦ
2632 4076 2691 4128 ὲν
2722 4077 2856 4146 ἡμῖν
2885 4078 3165 4146 γενέσθαι.

2156 4165 2229 4217 Τὸ
2255 4163 2346 4216 ἐπὶ
2378 4167 2595 4234 μικροῖς
2619 4166 2650 4237 ἦ
2683 4167 2943 4235 μεγάλοις
2967 4172 3310 4240 παρανομεῖν
3339 4171 3669 4240 ῖσοδύναμόν

2083 4256 2223 4311 ἐστι.
2263 4256 2342 4309 Δι’
2389 4257 2655 4331 ἑκατέρου
2687 4259 2796 4330 γὰρ
2848 4261 2877 4314 ὁ
2919 4261 3085 4331 νόμος
3130 4263 3336 4333 ὁμοίως
3377 4263 3667 4334 ὑπερηφα-

2081 4348 2320 4402 νεύετοιι.

2153 4439 2288 4494 Οὔτε
2315 4439 2427 4511 πῦρ
2467 4440 2668 4513 ἱματίῳ
2702 4445 3041 4512 περιστεῖλαι
3073 4446 3324 4517 δυνατδν,
3368 4449 3497 4505 οὔτε
3538 4455 3667 4512 αἰδε-

2083 4531 2213 4600 χρὸν
2244 4532 2550 4603 ἁμάρτημα
2577 4535 2779 4606 196W?-

2161 4625 2244 4677 Τὰ
2283 4627 2663 4697 ἁμαρτήματά
2711 4646 2806 4682 σου
2851 4631 3029 4703 πειρῶ
3063 4633 3140 4704 μὴ
3176 4635 3354 4705 λόγοις
3395 4639 3668 4694 ἐπικαλύ-

2091 4732 2268 4778 πτειν,
2306 4716 2444 4770 ἀλλὰ
2478 4717 2804 4789 θεραπεύειν
2827 4721 3104 4794 ὲ).ἐγχοις.,

2161 4809 2234 4861 Οὐ
2270 4809 2462 4880 πόρρω
2489 4811 2584 4862 τοῦ
2612 4811 3002 4884 ἀναμαρτήτου
3036 4815 3361 4890 καθίστησιν
3405 4821 3602 4878 ἑαυτὸν
3634 4826 3670 4879 ὁ

2089 4903 2150 4955 τὸ
2187 4903 2507 4973 ἁμαρτηθὲν
2533 4904 2792 4968 ἐπιεικῶς
2815 4907 3179 4976 ὁμολογήσας.

2167 4993 2451 5056 Ἐπίτασις
2476 4994 2676 5058 καικίας
2701 4997 2761 5049 τὸ
2793 4997 2868 5066 μὴ
2896 4997 3057 5066 μόνον
3080 5000 3276 5055 ἑαυτὸν
3298 5001 3660 5074 ἁμαρτάνειν,

2085 5084 2222 5138 ἀλλὰ
2252 5087 2338 5142 καὶ
2367 5091 2690 5158 συνηγορεῖν
2712 5088 2916 5153 ἄλλοις.

2158 5177 2431 5247 Πολύχουν
2489 5179 2588 5248 μὲν
2644 5181 2742 5233 καὶ
2819 5183 3280 5255 πολυφορώτατον
3337 5191 3396 5245 ἐν
3451 5193 3669 5262 ἀνθρώ-

2083 5284 2201 5322 πων
2229 5268 2428 5339 ψυχαῖς
2455 5271 2517 5324 τὸ
2544 5273 2736 5339 κακὸν,
2765 5275 3098 5346 ἐσταλμένον
3126 5279 3181 5334 δὲ
3215 5282 3311 5338 καὶ
3347 5286 3575 5342 σπάνιον
3602 5290 3674 5346 τὸ

2081 5359 2311 5428 ἀγαθόν.

2692 5481 2912 5535 ΛΟΓΟΣ
2944 5483 3040 5540 lZ'.

2291 5608 2426 5674 Napi
2450 5610 2772 5676 μετανοίας
2800 5613 2896 5667 καὶ
2929 5613 3445 5686 ἐξομολογήσεως.

2147 5720 2423 5791 Μακάριοι
2457 5722 2506 5774 οἱ
2539 5725 2882 5793 πενθοῦντες,
2922 5729 3004 5782 ὅτι
3032 5731 3183 5784 αὐτοὶ
3207 5735 3669 5806 παρακληθήσον-

2074 5828 2184 5866 τοιι.
