  <div class='ocr_page' id='page_1' title='image "/cluster/home/n/w/nwhite01/storage/ocr_20150623/136/coo.31924054870419/418.png"; bbox 0 0 4034 6402; ppageno 0'>
   <div class='ocr_carea' id='block_1_1' title="bbox 371 380 476 446">
    <p class='ocr_par' dir='ltr' id='par_1_1' title="bbox 371 380 476 446">
     <span class='ocr_line' id='line_1_1' title="bbox 371 380 476 446; baseline -0.029 0"><span class='ocrx_word' id='word_1_1' title='bbox 371 380 476 446; x_wconf 72' lang='grc'><strong>825</strong></span> 
     </span>
    </p>
   </div>
   <div class='ocr_carea' id='block_1_2' title="bbox 1153 375 2715 443">
    <p class='ocr_par' dir='ltr' id='par_1_2' title="bbox 1153 375 2715 443">
     <span class='ocr_line' id='line_1_2' title="bbox 1153 375 2715 443; baseline 0.001 -5"><span class='ocrx_word' id='word_1_2' title='bbox 1153 379 1326 439; x_wconf 66' lang='grc' dir='ltr'>ιοαι</span> <span class='ocrx_word' id='word_1_3' title='bbox 1355 377 1802 443; x_wconf 84' lang='lat' dir='ltr'><strong>COMMUNES.</strong></span> <span class='ocrx_word' id='word_1_4' title='bbox 1834 402 1906 414; x_wconf 81' lang='grc'><strong>-··</strong></span> <span class='ocrx_word' id='word_1_5' title='bbox 1928 378 2121 438; x_wconf 84' lang='lat' dir='ltr'><strong>PARS</strong></span> <span class='ocrx_word' id='word_1_6' title='bbox 2148 377 2199 440; x_wconf 85' lang='grc' dir='ltr'>Ι.</span> <span class='ocrx_word' id='word_1_7' title='bbox 2232 377 2492 438; x_wconf 83' lang='lat' dir='ltr'><strong>SERMO</strong></span> <span class='ocrx_word' id='word_1_8' title='bbox 2523 375 2715 440; x_wconf 79' lang='lat' dir='ltr'><strong>XVII.</strong></span> 
     </span>
    </p>
   </div>
   <div class='ocr_carea' id='block_1_3' title="bbox 3551 373 3656 440">
    <p class='ocr_par' dir='ltr' id='par_1_3' title="bbox 3551 373 3656 440">
     <span class='ocr_line' id='line_1_3' title="bbox 3551 373 3656 440; baseline 0 -1"><span class='ocrx_word' id='word_1_9' title='bbox 3551 373 3656 440; x_wconf 69' lang='lat'><strong>826</strong></span> 
     </span>
    </p>
   </div>
   <div class='ocr_carea' id='block_1_4' title="bbox 442 489 1997 566">
    <p class='ocr_par' dir='ltr' id='par_1_4' title="bbox 442 493 1997 566">
     <span class='ocr_line' id='line_1_4' title="bbox 442 493 1997 566; baseline -0.003 -16"><span class='ocrx_word' id='word_1_10' title='bbox 442 495 606 550; x_wconf 80' lang='grc' dir='ltr'><strong>Δεῦτε</strong></span> <span class='ocrx_word' id='word_1_11' title='bbox 640 493 780 566; x_wconf 80' lang='grc' dir='ltr'>πρός</span> <span class='ocrx_word' id='word_1_12' title='bbox 829 510 920 564; x_wconf 87' lang='grc' dir='ltr'><strong>με,</strong></span> <span class='ocrx_word' id='word_1_13' title='bbox 947 493 1144 558; x_wconf 86' lang='grc' dir='ltr'>πάντες</span> <span class='ocrx_word' id='word_1_14' title='bbox 1177 495 1226 546; x_wconf 74' lang='lat' dir='ltr'><strong>oi</strong></span> <span class='ocrx_word' id='word_1_15' title='bbox 1267 493 1577 557; x_wconf 84' lang='grc' dir='ltr'>καπιῶντες</span> <span class='ocrx_word' id='word_1_16' title='bbox 1613 495 1709 547; x_wconf 76' lang='grc' dir='ltr'>καὶ</span> <span class='ocrx_word' id='word_1_17' title='bbox 1751 510 1954 564; x_wconf 80' lang='grc' dir='ltr'>πεφορ-</span> <span class='ocrx_word' id='word_1_18' title='bbox 1982 523 1997 564; x_wconf 51' lang='grc' dir='ltr'><em>Α</em></span> 
     </span>
    </p>
   </div>
   <div class='ocr_carea' id='block_1_5' title="bbox 2102 489 3660 566">
    <p class='ocr_par' dir='ltr' id='par_1_5' title="bbox 2129 489 3660 561">
     <span class='ocr_line' id='line_1_5' title="bbox 2129 489 3660 561; baseline 0.003 -16"><span class='ocrx_word' id='word_1_19' title='bbox 2129 490 2272 546; x_wconf 85' lang='lat' dir='ltr'><strong>Ibid.</strong></span> <span class='ocrx_word' id='word_1_20' title='bbox 2316 509 2393 546; x_wconf 74' lang='grc' dir='ltr'>ιιι.</span> <span class='ocrx_word' id='word_1_21' title='bbox 2430 490 2619 546; x_wconf 87' lang='lat' dir='ltr'><strong>Venite</strong></span> <span class='ocrx_word' id='word_1_22' title='bbox 2655 491 2724 546; x_wconf 86' lang='lat' dir='ltr'><strong>ad</strong></span> <span class='ocrx_word' id='word_1_23' title='bbox 2781 504 2891 557; x_wconf 85' lang='lat' dir='ltr'><strong>me,</strong></span> <span class='ocrx_word' id='word_1_24' title='bbox 2921 504 3116 548; x_wconf 80' lang='lat' dir='ltr'><strong>omnes</strong></span> <span class='ocrx_word' id='word_1_25' title='bbox 3156 489 3250 561; x_wconf 92' lang='lat' dir='ltr'><strong>qui</strong></span> <span class='ocrx_word' id='word_1_26' title='bbox 3304 489 3562 547; x_wconf 77' lang='lat' dir='ltr'><strong>laboratis</strong></span> <span class='ocrx_word' id='word_1_27' title='bbox 3604 504 3660 549; x_wconf 85' lang='lat' dir='ltr'><strong>et</strong></span> 
     </span>
    </p>
   </div>
   <div class='ocr_carea' id='block_1_6' title="bbox 372 587 1354 662">
    <p class='ocr_par' dir='ltr' id='par_1_6' title="bbox 372 587 1354 662">
     <span class='ocr_line' id='line_1_6' title="bbox 372 587 1354 662; baseline -0.002 -18"><span class='ocrx_word' id='word_1_28' title='bbox 372 589 640 662; x_wconf 83' lang='grc' dir='ltr'>τισμένοι,</span> <span class='ocrx_word' id='word_1_29' title='bbox 676 587 830 655; x_wconf 85' lang='grc' dir='ltr'>κάγὼ</span> <span class='ocrx_word' id='word_1_30' title='bbox 859 587 1164 640; x_wconf 83' lang='grc' dir='ltr'><strong>ἀναπαύσω</strong></span> <span class='ocrx_word' id='word_1_31' title='bbox 1186 587 1354 656; x_wconf 82' lang='grc' dir='ltr'>ὑμᾶς.</span> 
     </span>
    </p>
   </div>
   <div class='ocr_carea' id='block_1_7' title="bbox 447 676 1956 750">
    <p class='ocr_par' dir='ltr' id='par_1_7' title="bbox 447 676 1956 750">
     <span class='ocr_line' id='line_1_7' title="bbox 447 676 1956 750; baseline -0.001 -17"><span class='ocrx_word' id='word_1_32' title='bbox 447 679 734 750; x_wconf 82' lang='grc' dir='ltr'>οὑ.χρείαν</span> <span class='ocrx_word' id='word_1_33' title='bbox 779 681 994 749; x_wconf 76' lang='grc' dir='ltr'>ἔχουσιν</span> <span class='ocrx_word' id='word_1_34' title='bbox 1021 679 1068 732; x_wconf 81' lang='grc' dir='ltr'>οἱ</span> <span class='ocrx_word' id='word_1_35' title='bbox 1106 679 1437 747; x_wconf 75' lang='grc' dir='ltr'><strong>ὑγιαίνοντες</strong></span> <span class='ocrx_word' id='word_1_36' title='bbox 1481 676 1691 748; x_wconf 78' lang='grc' dir='ltr'>ἰατροῦ,</span> <span class='ocrx_word' id='word_1_37' title='bbox 1739 677 1858 733; x_wconf 83' lang='grc' dir='ltr'>ἀλλ’</span> <span class='ocrx_word' id='word_1_38' title='bbox 1906 679 1956 732; x_wconf 78' lang='lat' dir='ltr'><strong>oi</strong></span> 
     </span>
    </p>
   </div>
   <div class='ocr_carea' id='block_1_8' title="bbox 375 767 1954 839">
    <p class='ocr_par' dir='ltr' id='par_1_8' title="bbox 375 767 1954 839">
     <span class='ocr_line' id='line_1_8' title="bbox 375 767 1954 839; baseline -0.003 -16"><span class='ocrx_word' id='word_1_39' title='bbox 375 769 562 833; x_wconf 82' lang='grc' dir='ltr'>κακῶς</span> <span class='ocrx_word' id='word_1_40' title='bbox 600 769 835 839; x_wconf 77' lang='grc' dir='ltr'>ἔχοντες.</span> <span class='ocrx_word' id='word_1_41' title='bbox 893 767 1260 838; x_wconf 80' lang='grc' dir='ltr'><strong>Πορευθέντες</strong></span> <span class='ocrx_word' id='word_1_42' title='bbox 1314 767 1370 820; x_wconf 80' lang='grc' dir='ltr'><strong>δὲ</strong></span> <span class='ocrx_word' id='word_1_43' title='bbox 1424 767 1626 838; x_wconf 81' lang='grc' dir='ltr'><strong>μάθετε</strong></span> <span class='ocrx_word' id='word_1_44' title='bbox 1675 767 1730 821; x_wconf 83' lang='grc' dir='ltr'><strong>τί</strong></span> <span class='ocrx_word' id='word_1_45' title='bbox 1758 768 1908 821; x_wconf 72' lang='grc' dir='ltr'>ἐστιν</span> <span class='ocrx_word' id='word_1_46' title='bbox 1936 782 1954 798; x_wconf 80' lang='grc' dir='ltr'><strong><em>ο</em></strong></span> 
     </span>
    </p>
   </div>
   <div class='ocr_carea' id='block_1_9' title="bbox 378 855 1958 930">
    <p class='ocr_par' dir='ltr' id='par_1_9' title="bbox 378 855 1958 930">
     <span class='ocr_line' id='line_1_9' title="bbox 378 855 1958 930; baseline -0.001 -16"><span class='ocrx_word' id='word_1_47' title='bbox 378 861 569 914; x_wconf 81' lang='grc' dir='ltr'>Ἐλεον</span> <span class='ocrx_word' id='word_1_48' title='bbox 604 860 742 915; x_wconf 86' lang='grc' dir='ltr'><strong>θέλω</strong></span> <span class='ocrx_word' id='word_1_49' title='bbox 792 861 886 914; x_wconf 71' lang='grc' dir='ltr'><strong>καὶ</strong></span> <span class='ocrx_word' id='word_1_50' title='bbox 917 861 977 914; x_wconf 86' lang='grc' dir='ltr'><strong>οὐ</strong></span> <span class='ocrx_word' id='word_1_51' title='bbox 1009 859 1219 914; x_wconf 80' lang='grc' dir='ltr'><strong>θυσίαν.</strong></span> <span class='ocrx_word' id='word_1_52' title='bbox 1275 859 1350 913; x_wconf 82' lang='grc' dir='ltr'><strong>Οὐ</strong></span> <span class='ocrx_word' id='word_1_53' title='bbox 1392 859 1502 929; x_wconf 86' lang='grc' dir='ltr'>γὰρ</span> <span class='ocrx_word' id='word_1_54' title='bbox 1533 855 1695 930; x_wconf 80' lang='grc' dir='ltr'>ἦλθον</span> <span class='ocrx_word' id='word_1_55' title='bbox 1730 858 1958 912; x_wconf 89' lang='grc' dir='ltr'>καλέσαι</span> 
     </span>
    </p>
   </div>
   <div class='ocr_carea' id='block_1_10' title="bbox 374 951 1641 1024">
    <p class='ocr_par' dir='ltr' id='par_1_10' title="bbox 374 951 1641 1024">
     <span class='ocr_line' id='line_1_10' title="bbox 374 951 1641 1024; baseline 0 -19"><span class='ocrx_word' id='word_1_56' title='bbox 374 951 640 1016; x_wconf 81' lang='grc' dir='ltr'>δικαίους,</span> <span class='ocrx_word' id='word_1_57' title='bbox 670 952 787 1006; x_wconf 85' lang='grc' dir='ltr'>ἀλλ’</span> <span class='ocrx_word' id='word_1_58' title='bbox 821 952 1180 1024; x_wconf 77' lang='grc' dir='ltr'>ἁμαρτωλοὺς</span> <span class='ocrx_word' id='word_1_59' title='bbox 1216 953 1296 1014; x_wconf 83' lang='grc' dir='ltr'><strong>είς</strong></span> <span class='ocrx_word' id='word_1_60' title='bbox 1327 952 1641 1020; x_wconf 88' lang='grc' dir='ltr'>μετάνοιαν.</span> 
     </span>
    </p>
   </div>
   <div class='ocr_carea' id='block_1_11' title="bbox 447 1040 1960 1114">
    <p class='ocr_par' dir='ltr' id='par_1_11' title="bbox 447 1040 1960 1114">
     <span class='ocr_line' id='line_1_11' title="bbox 447 1040 1960 1114; baseline -0.001 -18"><span class='ocrx_word' id='word_1_61' title='bbox 447 1041 608 1110; x_wconf 80' lang='grc' dir='ltr'>Λέγω</span> <span class='ocrx_word' id='word_1_62' title='bbox 644 1043 793 1112; x_wconf 83' lang='grc' dir='ltr'>ὑμῖν,</span> <span class='ocrx_word' id='word_1_63' title='bbox 832 1043 914 1094; x_wconf 87' lang='grc' dir='ltr'><strong>ὃτι</strong></span> <span class='ocrx_word' id='word_1_64' title='bbox 943 1040 1087 1096; x_wconf 83' lang='grc' dir='ltr'>οὕτω</span> <span class='ocrx_word' id='word_1_65' title='bbox 1129 1043 1276 1112; x_wconf 88' lang='grc' dir='ltr'>χαρά</span> <span class='ocrx_word' id='word_1_66' title='bbox 1319 1043 1473 1095; x_wconf 74' lang='grc' dir='ltr'>ἔσται</span> <span class='ocrx_word' id='word_1_67' title='bbox 1523 1043 1583 1095; x_wconf 80' lang='grc' dir='ltr'><strong>ὲν</strong></span> <span class='ocrx_word' id='word_1_68' title='bbox 1621 1042 1699 1113; x_wconf 86' lang='grc' dir='ltr'>τῷ</span> <span class='ocrx_word' id='word_1_69' title='bbox 1742 1042 1960 1114; x_wconf 82' lang='grc' dir='ltr'><strong>οὐρανῷ</strong></span> 
     </span>
    </p>
   </div>
   <div class='ocr_carea' id='block_1_12' title="bbox 379 1132 1959 1205">
    <p class='ocr_par' dir='ltr' id='par_1_12' title="bbox 379 1132 1959 1205">
     <span class='ocr_line' id='line_1_12' title="bbox 379 1132 1959 1205; baseline 0 -19"><span class='ocrx_word' id='word_1_70' title='bbox 379 1135 472 1186; x_wconf 73' lang='grc' dir='ltr'><strong>ἐπὶ</strong></span> <span class='ocrx_word' id='word_1_71' title='bbox 509 1135 591 1187; x_wconf 71' lang='grc' dir='ltr'><strong>ἐνὶ</strong></span> <span class='ocrx_word' id='word_1_72' title='bbox 633 1132 946 1204; x_wconf 84' lang='grc' dir='ltr'>ἀμαρτωλῷ</span> <span class='ocrx_word' id='word_1_73' title='bbox 1004 1134 1376 1204; x_wconf 84' lang='grc' dir='ltr'>μετανοοῦντι,</span> <span class='ocrx_word' id='word_1_74' title='bbox 1411 1134 1443 1205; x_wconf 79' lang='grc' dir='ltr'><strong>ἢ</strong></span> <span class='ocrx_word' id='word_1_75' title='bbox 1496 1133 1592 1186; x_wconf 77' lang='grc' dir='ltr'><strong>ἐπὶ</strong></span> <span class='ocrx_word' id='word_1_76' title='bbox 1635 1135 1959 1203; x_wconf 83' lang='grc' dir='ltr'>ὲννενηκονο</span> 
     </span>
    </p>
   </div>
   <div class='ocr_carea' id='block_1_13' title="bbox 375 1224 1964 1296">
    <p class='ocr_par' dir='ltr' id='par_1_13' title="bbox 375 1224 1964 1296">
     <span class='ocr_line' id='line_1_13' title="bbox 375 1224 1964 1296; baseline 0 -20"><span class='ocrx_word' id='word_1_77' title='bbox 375 1224 606 1277; x_wconf 85' lang='grc' dir='ltr'>ταεννέα</span> <span class='ocrx_word' id='word_1_78' title='bbox 653 1224 912 1292; x_wconf 76' lang='grc' dir='ltr'>δικαίοις,</span> <span class='ocrx_word' id='word_1_79' title='bbox 965 1224 1165 1288; x_wconf 80' lang='grc' dir='ltr'>οἵτινες</span> <span class='ocrx_word' id='word_1_80' title='bbox 1216 1224 1278 1279; x_wconf 85' lang='grc' dir='ltr'><strong>οὐ</strong></span> <span class='ocrx_word' id='word_1_81' title='bbox 1313 1224 1507 1296; x_wconf 78' lang='grc' dir='ltr'>χρείαν</span> <span class='ocrx_word' id='word_1_82' title='bbox 1554 1225 1740 1295; x_wconf 83' lang='grc' dir='ltr'>ἔχουσι</span> <span class='ocrx_word' id='word_1_83' title='bbox 1794 1241 1964 1293; x_wconf 77' lang='grc' dir='ltr'>μεταο</span> 
     </span>
    </p>
   </div>
   <div class='ocr_carea' id='block_1_14' title="bbox 377 1317 544 1380">
    <p class='ocr_par' dir='ltr' id='par_1_14' title="bbox 377 1317 544 1380">
     <span class='ocr_line' id='line_1_14' title="bbox 377 1317 544 1380; baseline 0.006 -12"><span class='ocrx_word' id='word_1_84' title='bbox 377 1317 544 1380; x_wconf 89' lang='grc' dir='ltr'>νοίας.</span> 
     </span>
    </p>
   </div>
   <div class='ocr_carea' id='block_1_15' title="bbox 448 1408 1962 1479">
    <p class='ocr_par' dir='ltr' id='par_1_15' title="bbox 448 1408 1962 1479">
     <span class='ocr_line' id='line_1_15' title="bbox 448 1408 1962 1479; baseline 0.003 -19"><span class='ocrx_word' id='word_1_85' title='bbox 448 1409 610 1479; x_wconf 83' lang='grc' dir='ltr'><strong>Χαρά</strong></span> <span class='ocrx_word' id='word_1_86' title='bbox 636 1409 845 1477; x_wconf 86' lang='grc' dir='ltr'>γίνεται</span> <span class='ocrx_word' id='word_1_87' title='bbox 879 1408 1112 1462; x_wconf 76' lang='grc' dir='ltr'>ἐνώπιον</span> <span class='ocrx_word' id='word_1_88' title='bbox 1151 1408 1262 1463; x_wconf 87' lang='grc' dir='ltr'><strong>τῶν</strong></span> <span class='ocrx_word' id='word_1_89' title='bbox 1291 1408 1540 1479; x_wconf 84' lang='grc' dir='ltr'>ἀγγέλων</span> <span class='ocrx_word' id='word_1_90' title='bbox 1567 1409 1662 1464; x_wconf 85' lang='grc' dir='ltr'><strong>τοῦ</strong></span> <span class='ocrx_word' id='word_1_91' title='bbox 1695 1408 1832 1464; x_wconf 83' lang='grc' dir='ltr'>Θεοῦ</span> <span class='ocrx_word' id='word_1_92' title='bbox 1866 1410 1962 1465; x_wconf 79' lang='grc' dir='ltr'><strong>ἐπὶ</strong></span> 
     </span>
    </p>
   </div>
   <div class='ocr_carea' id='block_1_16' title="bbox 376 1499 1212 1570">
    <p class='ocr_par' dir='ltr' id='par_1_16' title="bbox 376 1499 1212 1570">
     <span class='ocr_line' id='line_1_16' title="bbox 376 1499 1212 1570; baseline 0.005 -18"><span class='ocrx_word' id='word_1_93' title='bbox 376 1499 456 1552; x_wconf 74' lang='grc' dir='ltr'><strong>ἑνὶ</strong></span> <span class='ocrx_word' id='word_1_94' title='bbox 492 1500 806 1569; x_wconf 83' lang='grc' dir='ltr'>ἀμαρτωλῷ</span> <span class='ocrx_word' id='word_1_95' title='bbox 837 1500 1212 1570; x_wconf 82' lang='grc' dir='ltr'>μετανοοῦντι.</span> 
     </span>
    </p>
   </div>
   <div class='ocr_carea' id='block_1_17' title="bbox 448 1589 1960 1663">
    <p class='ocr_par' dir='ltr' id='par_1_17' title="bbox 448 1589 1960 1663">
     <span class='ocr_line' id='line_1_17' title="bbox 448 1589 1960 1663; baseline 0.002 -21"><span class='ocrx_word' id='word_1_96' title='bbox 448 1589 650 1652; x_wconf 80' lang='grc' dir='ltr'>Καθὼς</span> <span class='ocrx_word' id='word_1_97' title='bbox 712 1592 1096 1662; x_wconf 83' lang='grc' dir='ltr'>παρεστήσατε</span> <span class='ocrx_word' id='word_1_98' title='bbox 1146 1591 1216 1644; x_wconf 90' lang='grc' dir='ltr'><strong>τά</strong></span> <span class='ocrx_word' id='word_1_99' title='bbox 1269 1591 1409 1661; x_wconf 88' lang='grc' dir='ltr'>μέλη</span> <span class='ocrx_word' id='word_1_100' title='bbox 1459 1591 1614 1662; x_wconf 84' lang='grc' dir='ltr'>ὑμῶν</span> <span class='ocrx_word' id='word_1_101' title='bbox 1671 1591 1838 1646; x_wconf 89' lang='grc' dir='ltr'>δοῦλα</span> <span class='ocrx_word' id='word_1_102' title='bbox 1893 1594 1960 1663; x_wconf 80' lang='grc' dir='ltr'>τῇ</span> 
     </span>
    </p>
   </div>
   <div class='ocr_carea' id='block_1_18' title="bbox 378 1681 1963 1754">
    <p class='ocr_par' dir='ltr' id='par_1_18' title="bbox 378 1681 1963 1754">
     <span class='ocr_line' id='line_1_18' title="bbox 378 1681 1963 1754; baseline -0.001 -17"><span class='ocrx_word' id='word_1_103' title='bbox 378 1681 650 1753; x_wconf 73' lang='grc' dir='ltr'>ἁμαρτίᾳ,</span> <span class='ocrx_word' id='word_1_104' title='bbox 707 1683 801 1736; x_wconf 71' lang='grc' dir='ltr'><strong>καὶ</strong></span> <span class='ocrx_word' id='word_1_105' title='bbox 837 1685 904 1754; x_wconf 77' lang='grc' dir='ltr'>τῇ</span> <span class='ocrx_word' id='word_1_106' title='bbox 952 1683 1155 1753; x_wconf 77' lang='grc' dir='ltr'>ἀνομίᾳ</span> <span class='ocrx_word' id='word_1_107' title='bbox 1204 1685 1281 1746; x_wconf 80' lang='grc' dir='ltr'><strong>είς</strong></span> <span class='ocrx_word' id='word_1_108' title='bbox 1327 1683 1426 1754; x_wconf 84' lang='grc' dir='ltr'>τὴν</span> <span class='ocrx_word' id='word_1_109' title='bbox 1474 1684 1740 1754; x_wconf 78' lang='grc' dir='ltr'>ἀνομίανο</span> <span class='ocrx_word' id='word_1_110' title='bbox 1789 1682 1963 1747; x_wconf 75' lang='grc' dir='ltr'>οὕτως</span> 
     </span>
    </p>
   </div>
   <div class='ocr_carea' id='block_1_19' title="bbox 377 1775 1963 1850">
    <p class='ocr_par' dir='ltr' id='par_1_19' title="bbox 377 1775 1963 1850">
     <span class='ocr_line' id='line_1_19' title="bbox 377 1775 1963 1850; baseline -0.002 -19"><span class='ocrx_word' id='word_1_111' title='bbox 377 1779 774 1849; x_wconf 70' lang='grc' dir='ltr'>παραστήσατε</span> <span class='ocrx_word' id='word_1_112' title='bbox 803 1777 871 1830; x_wconf 84' lang='grc' dir='ltr'>τὰ</span> <span class='ocrx_word' id='word_1_113' title='bbox 899 1777 1040 1848; x_wconf 87' lang='grc' dir='ltr'>μέλη</span> <span class='ocrx_word' id='word_1_114' title='bbox 1068 1777 1224 1847; x_wconf 84' lang='grc' dir='ltr'>ὑμῶν</span> <span class='ocrx_word' id='word_1_115' title='bbox 1257 1775 1421 1831; x_wconf 89' lang='grc' dir='ltr'>δοῦλα</span> <span class='ocrx_word' id='word_1_116' title='bbox 1449 1781 1514 1850; x_wconf 79' lang='grc' dir='ltr'>τῇ</span> <span class='ocrx_word' id='word_1_117' title='bbox 1549 1778 1963 1849; x_wconf 81' lang='grc' dir='ltr'>δικαιοσύνῃείς</span> 
     </span>
    </p>
   </div>
   <div class='ocr_carea' id='block_1_20' title="bbox 379 1870 914 1943">
    <p class='ocr_par' dir='ltr' id='par_1_20' title="bbox 379 1870 914 1943">
     <span class='ocr_line' id='line_1_20' title="bbox 379 1870 914 1943; baseline 0 -19"><span class='ocrx_word' id='word_1_118' title='bbox 379 1873 651 1943; x_wconf 83' lang='grc' dir='ltr'>ἀγιασμὸν</span> <span class='ocrx_word' id='word_1_119' title='bbox 675 1871 750 1942; x_wconf 84' lang='grc' dir='ltr'>τῷ</span> <span class='ocrx_word' id='word_1_120' title='bbox 775 1870 914 1938; x_wconf 81' lang='grc' dir='ltr'>Θεῷ.</span> 
     </span>
    </p>
   </div>
   <div class='ocr_carea' id='block_1_21' title="bbox 457 1960 1834 2036">
    <p class='ocr_par' dir='ltr' id='par_1_21' title="bbox 457 1960 1834 2036">
     <span class='ocr_line' id='line_1_21' title="bbox 457 1960 1834 2036; baseline -0.002 -17"><span class='ocrx_word' id='word_1_121' title='bbox 457 1965 899 2035; x_wconf 81' lang='grc' dir='ltr'>Ἐξομολογεῖσθε</span> <span class='ocrx_word' id='word_1_122' title='bbox 932 1963 1182 2034; x_wconf 85' lang='grc' dir='ltr'>ἀλλήλοις</span> <span class='ocrx_word' id='word_1_123' title='bbox 1216 1963 1312 2026; x_wconf 79' lang='grc' dir='ltr'><strong>τάς</strong></span> <span class='ocrx_word' id='word_1_124' title='bbox 1346 1961 1626 2036; x_wconf 84' lang='grc' dir='ltr'>ἁμαρτίας</span> <span class='ocrx_word' id='word_1_125' title='bbox 1655 1960 1834 2034; x_wconf 83' lang='grc' dir='ltr'>ὑμῶν.</span> 
     </span>
    </p>
   </div>
   <div class='ocr_carea' id='block_1_22' title="bbox 450 2139 1967 2212">
    <p class='ocr_par' dir='ltr' id='par_1_22' title="bbox 450 2139 1967 2212">
     <span class='ocr_line' id='line_1_22' title="bbox 450 2139 1967 2212; baseline -0.001 -18"><span class='ocrx_word' id='word_1_126' title='bbox 450 2142 648 2206; x_wconf 82' lang='grc' dir='ltr'>Πιστός</span> <span class='ocrx_word' id='word_1_127' title='bbox 685 2143 801 2196; x_wconf 80' lang='grc' dir='ltr'>ἐστι</span> <span class='ocrx_word' id='word_1_128' title='bbox 836 2141 932 2195; x_wconf 70' lang='grc' dir='ltr'><strong>καὶ</strong></span> <span class='ocrx_word' id='word_1_129' title='bbox 961 2141 1192 2206; x_wconf 79' lang='grc' dir='ltr'>δίκαιος,</span> <span class='ocrx_word' id='word_1_130' title='bbox 1226 2142 1312 2196; x_wconf 81' lang='grc' dir='ltr'>ἵνα</span> <span class='ocrx_word' id='word_1_131' title='bbox 1341 2142 1453 2212; x_wconf 83' lang='grc' dir='ltr'><strong>ἀφῇ</strong></span> <span class='ocrx_word' id='word_1_132' title='bbox 1488 2140 1620 2211; x_wconf 77' lang='grc' dir='ltr'>ἡμῖν</span> <span class='ocrx_word' id='word_1_133' title='bbox 1650 2139 1751 2204; x_wconf 79' lang='grc' dir='ltr'>τὰς</span> <span class='ocrx_word' id='word_1_134' title='bbox 1784 2142 1967 2211; x_wconf 85' lang='grc' dir='ltr'>ἁμαρ-</span> 
     </span>
    </p>
   </div>
   <div class='ocr_carea' id='block_1_23' title="bbox 375 2227 1963 2303">
    <p class='ocr_par' dir='ltr' id='par_1_23' title="bbox 375 2227 1963 2303">
     <span class='ocr_line' id='line_1_23' title="bbox 375 2227 1963 2303; baseline -0.003 -19"><span class='ocrx_word' id='word_1_135' title='bbox 375 2233 495 2294; x_wconf 76' lang='grc' dir='ltr'>τίας</span> <span class='ocrx_word' id='word_1_136' title='bbox 524 2232 708 2302; x_wconf 83' lang='grc' dir='ltr'>ήμῶν,</span> <span class='ocrx_word' id='word_1_137' title='bbox 749 2230 843 2284; x_wconf 75' lang='grc' dir='ltr'>καὶ</span> <span class='ocrx_word' id='word_1_138' title='bbox 873 2231 1153 2303; x_wconf 76' lang='grc' dir='ltr'>καθαρίσῃ</span> <span class='ocrx_word' id='word_1_139' title='bbox 1189 2231 1338 2298; x_wconf 78' lang='grc' dir='ltr'>ἡμᾶς</span> <span class='ocrx_word' id='word_1_140' title='bbox 1365 2229 1475 2282; x_wconf 86' lang='grc' dir='ltr'><strong>άπὸ</strong></span> <span class='ocrx_word' id='word_1_141' title='bbox 1511 2227 1694 2298; x_wconf 85' lang='grc' dir='ltr'>πάσης</span> <span class='ocrx_word' id='word_1_142' title='bbox 1725 2227 1963 2290; x_wconf 87' lang='grc' dir='ltr'>ἀδικίας.</span> 
     </span>
    </p>
   </div>
   <div class='ocr_carea' id='block_1_24' title="bbox 464 2318 1963 2391">
    <p class='ocr_par' dir='ltr' id='par_1_24' title="bbox 464 2318 1963 2391">
     <span class='ocr_line' id='line_1_24' title="bbox 464 2318 1963 2391; baseline -0.002 -17"><span class='ocrx_word' id='word_1_143' title='bbox 464 2322 591 2376; x_wconf 89' lang='grc' dir='ltr'><strong>Ἐάν</strong></span> <span class='ocrx_word' id='word_1_144' title='bbox 615 2339 698 2384; x_wconf 86' lang='grc' dir='ltr'><strong>τις</strong></span> <span class='ocrx_word' id='word_1_145' title='bbox 725 2320 1086 2391; x_wconf 78' lang='grc' dir='ltr'><strong>ἀποπλανηθῇ</strong></span> <span class='ocrx_word' id='word_1_146' title='bbox 1116 2321 1224 2374; x_wconf 75' lang='grc' dir='ltr'>ἀπὸ</span> <span class='ocrx_word' id='word_1_147' title='bbox 1262 2321 1360 2391; x_wconf 77' lang='grc' dir='ltr'>τῆς</span> <span class='ocrx_word' id='word_1_148' title='bbox 1389 2318 1509 2372; x_wconf 78' lang='grc' dir='ltr'>ὁδοῦ</span> <span class='ocrx_word' id='word_1_149' title='bbox 1535 2318 1635 2388; x_wconf 76' lang='grc' dir='ltr'>τῆς</span> <span class='ocrx_word' id='word_1_150' title='bbox 1679 2318 1963 2388; x_wconf 77' lang='grc' dir='ltr'><strong>ἀληθείας,</strong></span> 
     </span>
    </p>
   </div>
   <div class='ocr_carea' id='block_1_25' title="bbox 380 2411 1966 2483">
    <p class='ocr_par' dir='ltr' id='par_1_25' title="bbox 380 2411 1966 2483">
     <span class='ocr_line' id='line_1_25' title="bbox 380 2411 1966 2483; baseline -0.006 -13"><span class='ocrx_word' id='word_1_151' title='bbox 380 2415 475 2470; x_wconf 71' lang='grc' dir='ltr'><strong>καὶ</strong></span> <span class='ocrx_word' id='word_1_152' title='bbox 532 2412 836 2483; x_wconf 77' lang='grc' dir='ltr'>έπιστρέψη</span> <span class='ocrx_word' id='word_1_153' title='bbox 897 2430 981 2476; x_wconf 83' lang='grc' dir='ltr'><strong>τις</strong></span> <span class='ocrx_word' id='word_1_154' title='bbox 1029 2413 1216 2478; x_wconf 80' lang='grc' dir='ltr'>αὐτὸν,</span> <span class='ocrx_word' id='word_1_155' title='bbox 1271 2411 1616 2481; x_wconf 80' lang='grc' dir='ltr'><strong>γινωσκέτω,</strong></span> <span class='ocrx_word' id='word_1_156' title='bbox 1663 2412 1743 2464; x_wconf 87' lang='grc' dir='ltr'>ὅτι</span> <span class='ocrx_word' id='word_1_157' title='bbox 1777 2412 1805 2462; x_wconf 86' lang='grc' dir='ltr'>ὁ</span> <span class='ocrx_word' id='word_1_158' title='bbox 1842 2412 1966 2462; x_wconf 80' lang='grc' dir='ltr'>ἐπι-</span> 
     </span>
    </p>
   </div>
   <div class='ocr_carea' id='block_1_26' title="bbox 381 2502 1968 2579">
    <p class='ocr_par' dir='ltr' id='par_1_26' title="bbox 381 2502 1968 2579">
     <span class='ocr_line' id='line_1_26' title="bbox 381 2502 1968 2579; baseline -0.003 -19"><span class='ocrx_word' id='word_1_159' title='bbox 381 2505 622 2579; x_wconf 75' lang='grc' dir='ltr'>στρέψας</span> <span class='ocrx_word' id='word_1_160' title='bbox 644 2506 968 2577; x_wconf 72' lang='grc' dir='ltr'>ἁμαρτωλὸν</span> <span class='ocrx_word' id='word_1_161' title='bbox 994 2507 1057 2557; x_wconf 84' lang='grc' dir='ltr'>ὲκ</span> <span class='ocrx_word' id='word_1_162' title='bbox 1081 2505 1286 2574; x_wconf 84' lang='grc' dir='ltr'>πλάνης</span> <span class='ocrx_word' id='word_1_163' title='bbox 1316 2503 1482 2556; x_wconf 81' lang='grc' dir='ltr'>αὐτοῦ</span> <span class='ocrx_word' id='word_1_164' title='bbox 1512 2504 1676 2557; x_wconf 84' lang='grc' dir='ltr'>σώσει</span> <span class='ocrx_word' id='word_1_165' title='bbox 1701 2502 1878 2574; x_wconf 62' lang='grc' dir='ltr'>ψυχὴν</span> <span class='ocrx_word' id='word_1_166' title='bbox 1903 2505 1968 2555; x_wconf 80' lang='grc' dir='ltr'>ἐκ</span> 
     </span>
    </p>
   </div>
   <div class='ocr_carea' id='block_1_27' title="bbox 381 2595 1607 2668">
    <p class='ocr_par' dir='ltr' id='par_1_27' title="bbox 381 2595 1607 2668">
     <span class='ocr_line' id='line_1_27' title="bbox 381 2595 1607 2668; baseline 0 -16"><span class='ocrx_word' id='word_1_167' title='bbox 381 2599 645 2663; x_wconf 76' lang='grc' dir='ltr'>θανάτου,</span> <span class='ocrx_word' id='word_1_168' title='bbox 679 2600 776 2651; x_wconf 76' lang='grc' dir='ltr'>καὶ</span> <span class='ocrx_word' id='word_1_169' title='bbox 811 2597 1044 2665; x_wconf 70' lang='grc' dir='ltr'>καλύψει</span> <span class='ocrx_word' id='word_1_170' title='bbox 1068 2596 1269 2666; x_wconf 80' lang='grc' dir='ltr'>πλῆθος</span> <span class='ocrx_word' id='word_1_171' title='bbox 1296 2595 1607 2668; x_wconf 83' lang='grc' dir='ltr'>ἁμαρτιῶν.</span> 
     </span>
    </p>
   </div>
   <div class='ocr_carea' id='block_1_28' title="bbox 447 2687 1969 2760">
    <p class='ocr_par' dir='ltr' id='par_1_28' title="bbox 447 2687 1969 2760">
     <span class='ocr_line' id='line_1_28' title="bbox 447 2687 1969 2760; baseline -0.006 -15"><span class='ocrx_word' id='word_1_172' title='bbox 447 2689 586 2745; x_wconf 64' lang='lat' dir='ltr'><strong>Eine</strong></span> <span class='ocrx_word' id='word_1_173' title='bbox 607 2689 771 2744; x_wconf 83' lang='grc' dir='ltr'><strong>Δαυῒδ</strong></span> <span class='ocrx_word' id='word_1_174' title='bbox 805 2690 940 2757; x_wconf 80' lang='grc' dir='ltr'>πρὸς</span> <span class='ocrx_word' id='word_1_175' title='bbox 971 2689 1160 2742; x_wconf 80' lang='grc' dir='ltr'>Νάθαν</span> <span class='ocrx_word' id='word_1_176' title='bbox 1183 2689 1274 2741; x_wconf 85' lang='grc' dir='ltr'><strong>τὸν</strong></span> <span class='ocrx_word' id='word_1_177' title='bbox 1321 2690 1606 2760; x_wconf 78' lang='grc' dir='ltr'>προφήτην</span> <span class='ocrx_word' id='word_1_178' title='bbox 1628 2704 1642 2719; x_wconf 89' lang='grc'><strong>·</strong></span> <span class='ocrx_word' id='word_1_179' title='bbox 1683 2706 1703 2741; x_wconf 75' lang='grc' dir='ltr'><strong>ι</strong></span> <span class='ocrx_word' id='word_1_180' title='bbox 1752 2687 1969 2759; x_wconf 86' lang='grc' dir='ltr'>Ἦμάρ-</span> 
     </span>
    </p>
   </div>
   <div class='ocr_carea' id='block_1_29' title="bbox 382 2778 1964 2856">
    <p class='ocr_par' dir='ltr' id='par_1_29' title="bbox 382 2778 1964 2856">
     <span class='ocr_line' id='line_1_29' title="bbox 382 2778 1964 2856; baseline -0.003 -18"><span class='ocrx_word' id='word_1_181' title='bbox 382 2803 528 2856; x_wconf 80' lang='grc' dir='ltr'>τηκα</span> <span class='ocrx_word' id='word_1_182' title='bbox 555 2785 632 2854; x_wconf 79' lang='grc' dir='ltr'>τῷ</span> <span class='ocrx_word' id='word_1_183' title='bbox 668 2784 894 2855; x_wconf 69' lang='grc' dir='ltr'>Κυρίῳ*</span> <span class='ocrx_word' id='word_1_184' title='bbox 959 2801 978 2833; x_wconf 82' lang='grc' dir='ltr'><strong>ι</strong></span> <span class='ocrx_word' id='word_1_185' title='bbox 1030 2784 1124 2836; x_wconf 58' lang='grc' dir='ltr'><strong>καὶ⁷</strong></span> <span class='ocrx_word' id='word_1_186' title='bbox 1179 2778 1302 2835; x_wconf 75' lang='grc' dir='ltr'>εἶπε</span> <span class='ocrx_word' id='word_1_187' title='bbox 1337 2781 1524 2836; x_wconf 84' lang='grc' dir='ltr'>Νάθαν</span> <span class='ocrx_word' id='word_1_188' title='bbox 1575 2781 1712 2852; x_wconf 75' lang='grc' dir='ltr'>πρὸς</span> <span class='ocrx_word' id='word_1_189' title='bbox 1758 2781 1924 2834; x_wconf 78' lang='grc' dir='ltr'><strong>Δαυῖδ</strong></span> <span class='ocrx_word' id='word_1_190' title='bbox 1951 2797 1964 2810; x_wconf 92' lang='grc'><strong>·</strong></span> 
     </span>
    </p>
   </div>
   <div class='ocr_carea' id='block_1_30' title="bbox 391 2875 1966 2947">
    <p class='ocr_par' dir='ltr' id='par_1_30' title="bbox 391 2875 1966 2947">
     <span class='ocr_line' id='line_1_30' title="bbox 391 2875 1966 2947; baseline -0.003 -15"><span class='ocrx_word' id='word_1_191' title='bbox 391 2897 411 2932; x_wconf 80' lang='grc' dir='ltr'><strong>ι</strong></span> <span class='ocrx_word' id='word_1_192' title='bbox 463 2880 576 2932; x_wconf 79' lang='grc' dir='ltr'>Καὶ</span> <span class='ocrx_word' id='word_1_193' title='bbox 608 2877 816 2946; x_wconf 84' lang='grc' dir='ltr'>Κύριος</span> <span class='ocrx_word' id='word_1_194' title='bbox 867 2875 1130 2947; x_wconf 81' lang='grc' dir='ltr'>ἁφείλατο</span> <span class='ocrx_word' id='word_1_195' title='bbox 1160 2876 1221 2929; x_wconf 82' lang='grc' dir='ltr'>τὸ</span> <span class='ocrx_word' id='word_1_196' title='bbox 1267 2875 1578 2947; x_wconf 81' lang='grc' dir='ltr'>ἁμάρτημά</span> <span class='ocrx_word' id='word_1_197' title='bbox 1623 2893 1742 2940; x_wconf 86' lang='grc' dir='ltr'>σου,</span> <span class='ocrx_word' id='word_1_198' title='bbox 1775 2876 1870 2928; x_wconf 75' lang='grc' dir='ltr'>καὶ</span> <span class='ocrx_word' id='word_1_199' title='bbox 1904 2875 1966 2927; x_wconf 85' lang='grc' dir='ltr'>οὐ</span> 
     </span>
    </p>
   </div>
   <div class='ocr_carea' id='block_1_31' title="bbox 388 2971 862 3044">
    <p class='ocr_par' dir='ltr' id='par_1_31' title="bbox 388 2971 862 3044">
     <span class='ocr_line' id='line_1_31' title="bbox 388 2971 862 3044; baseline 0 -20"><span class='ocrx_word' id='word_1_200' title='bbox 388 2972 466 3044; x_wconf 79' lang='grc' dir='ltr'>μὴ</span> <span class='ocrx_word' id='word_1_201' title='bbox 499 2971 802 3044; x_wconf 78' lang='grc' dir='ltr'>ἀποθάνῃς.</span> <span class='ocrx_word' id='word_1_202' title='bbox 843 2989 862 3024; x_wconf 82' lang='grc' dir='ltr'><strong>ι</strong></span> 
     </span>
    </p>
   </div>
   <div class='ocr_carea' id='block_1_32' title="bbox 469 3060 1969 3136">
    <p class='ocr_par' dir='ltr' id='par_1_32' title="bbox 469 3060 1969 3136">
     <span class='ocr_line' id='line_1_32' title="bbox 469 3060 1969 3136; baseline -0.002 -19"><span class='ocrx_word' id='word_1_203' title='bbox 469 3064 596 3118; x_wconf 80' lang='grc' dir='ltr'><strong>Ἐὰν</strong></span> <span class='ocrx_word' id='word_1_204' title='bbox 652 3063 854 3136; x_wconf 79' lang='grc' dir='ltr'>ἄνομόν</span> <span class='ocrx_word' id='word_1_205' title='bbox 901 3063 956 3118; x_wconf 87' lang='grc' dir='ltr'><strong>τί</strong></span> <span class='ocrx_word' id='word_1_206' title='bbox 1004 3064 1151 3117; x_wconf 80' lang='grc' dir='ltr'>ἐστιν</span> <span class='ocrx_word' id='word_1_207' title='bbox 1201 3063 1260 3117; x_wconf 79' lang='grc' dir='ltr'><strong>ἐν</strong></span> <span class='ocrx_word' id='word_1_208' title='bbox 1301 3063 1370 3131; x_wconf 80' lang='grc' dir='ltr'>τῇ</span> <span class='ocrx_word' id='word_1_209' title='bbox 1415 3061 1561 3134; x_wconf 88' lang='grc' dir='ltr'>χειρί</span> <span class='ocrx_word' id='word_1_210' title='bbox 1611 3078 1731 3128; x_wconf 80' lang='grc' dir='ltr'>σου,</span> <span class='ocrx_word' id='word_1_211' title='bbox 1777 3060 1969 3134; x_wconf 79' lang='grc' dir='ltr'>πόρῤω</span> 
     </span>
    </p>
   </div>
   <div class='ocr_carea' id='block_1_33' title="bbox 386 3154 1968 3230">
    <p class='ocr_par' dir='ltr' id='par_1_33' title="bbox 386 3154 1968 3230">
     <span class='ocr_line' id='line_1_33' title="bbox 386 3154 1968 3230; baseline -0.004 -18"><span class='ocrx_word' id='word_1_212' title='bbox 386 3156 518 3212; x_wconf 82' lang='grc' dir='ltr'>αὐτὸ</span> <span class='ocrx_word' id='word_1_213' title='bbox 562 3158 792 3230; x_wconf 87' lang='grc' dir='ltr'>ποίησον</span> <span class='ocrx_word' id='word_1_214' title='bbox 838 3156 947 3211; x_wconf 86' lang='grc' dir='ltr'>άπδ</span> <span class='ocrx_word' id='word_1_215' title='bbox 979 3154 1308 3224; x_wconf 58' lang='grc' dir='ltr'>σοῦ.,οῦτως</span> <span class='ocrx_word' id='word_1_216' title='bbox 1341 3154 1655 3226; x_wconf 73' lang='grc' dir='ltr'>ἀναλάμψει</span> <span class='ocrx_word' id='word_1_217' title='bbox 1698 3155 1758 3207; x_wconf 83' lang='grc' dir='ltr'>τὺ</span> <span class='ocrx_word' id='word_1_218' title='bbox 1793 3155 1968 3224; x_wconf 86' lang='grc' dir='ltr'>πρόσ-</span> 
     </span>
    </p>
   </div>
   <div class='ocr_carea' id='block_1_34' title="bbox 389 3248 1349 3319">
    <p class='ocr_par' dir='ltr' id='par_1_34' title="bbox 389 3248 1349 3319">
     <span class='ocr_line' id='line_1_34' title="bbox 389 3248 1349 3319; baseline -0.001 -16"><span class='ocrx_word' id='word_1_219' title='bbox 389 3251 539 3306; x_wconf 83' lang='grc' dir='ltr'>ωπόν</span> <span class='ocrx_word' id='word_1_220' title='bbox 573 3266 666 3302; x_wconf 89' lang='grc' dir='ltr'><strong>σου</strong></span> <span class='ocrx_word' id='word_1_221' title='bbox 696 3248 887 3319; x_wconf 86' lang='grc' dir='ltr'>ὥσπερ</span> <span class='ocrx_word' id='word_1_222' title='bbox 913 3248 1058 3318; x_wconf 72' lang='grc' dir='ltr'>ὕδωρ</span> <span class='ocrx_word' id='word_1_223' title='bbox 1083 3248 1349 3318; x_wconf 80' lang='grc' dir='ltr'>καθαρόν.</span> 
     </span>
    </p>
   </div>
   <div class='ocr_carea' id='block_1_35' title="bbox 470 3337 1977 3414">
    <p class='ocr_par' dir='ltr' id='par_1_35' title="bbox 470 3337 1977 3414">
     <span class='ocr_line' id='line_1_35' title="bbox 470 3337 1977 3414; baseline -0.003 -17"><span class='ocrx_word' id='word_1_224' title='bbox 470 3346 597 3397; x_wconf 86' lang='grc' dir='ltr'>Ἐἀν</span> <span class='ocrx_word' id='word_1_225' title='bbox 653 3338 757 3398; x_wconf 80' lang='grc' dir='ltr'>ὦσι</span> <span class='ocrx_word' id='word_1_226' title='bbox 812 3342 974 3414; x_wconf 83' lang='grc' dir='ltr'>χίλιοι</span> <span class='ocrx_word' id='word_1_227' title='bbox 1035 3342 1406 3412; x_wconf 81' lang='grc' dir='ltr'>θανατηφόροι</span> <span class='ocrx_word' id='word_1_228' title='bbox 1467 3339 1714 3410; x_wconf 80' lang='grc' dir='ltr'>ἄγγελοι,</span> <span class='ocrx_word' id='word_1_229' title='bbox 1770 3337 1854 3404; x_wconf 79' lang='grc' dir='ltr'><strong>εἷς</strong></span> <span class='ocrx_word' id='word_1_230' title='bbox 1916 3339 1977 3405; x_wconf 79' lang='grc' dir='ltr'><strong>ἐξ</strong></span> 
     </span>
    </p>
   </div>
   <div class='ocr_carea' id='block_1_36' title="bbox 390 3432 1976 3508">
    <p class='ocr_par' dir='ltr' id='par_1_36' title="bbox 390 3432 1976 3508">
     <span class='ocr_line' id='line_1_36' title="bbox 390 3432 1976 3508; baseline -0.006 -14"><span class='ocrx_word' id='word_1_231' title='bbox 390 3435 569 3494; x_wconf 76' lang='grc' dir='ltr'>αὐτῶν</span> <span class='ocrx_word' id='word_1_232' title='bbox 589 3436 652 3490; x_wconf 81' lang='grc' dir='ltr'><strong>οὐ</strong></span> <span class='ocrx_word' id='word_1_233' title='bbox 680 3437 756 3506; x_wconf 82' lang='grc' dir='ltr'>μὴ</span> <span class='ocrx_word' id='word_1_234' title='bbox 781 3435 972 3508; x_wconf 84' lang='grc' dir='ltr'>τρώσῃ</span> <span class='ocrx_word' id='word_1_235' title='bbox 994 3434 1178 3501; x_wconf 79' lang='grc' dir='ltr'>αὑτὸν,</span> <span class='ocrx_word' id='word_1_236' title='bbox 1206 3435 1306 3490; x_wconf 76' lang='grc' dir='ltr'><strong>ἐὰν</strong></span> <span class='ocrx_word' id='word_1_237' title='bbox 1334 3437 1502 3506; x_wconf 77' lang='grc' dir='ltr'>νοήσῃ</span> <span class='ocrx_word' id='word_1_238' title='bbox 1529 3437 1598 3505; x_wconf 79' lang='grc' dir='ltr'>τῇ</span> <span class='ocrx_word' id='word_1_239' title='bbox 1624 3432 1818 3504; x_wconf 62' lang='grc' dir='ltr'>καρδίᾳ</span> <span class='ocrx_word' id='word_1_240' title='bbox 1855 3435 1976 3489; x_wconf 64' lang='grc' dir='ltr'>ἔπιε</span> 
     </span>
    </p>
   </div>
   <div class='ocr_carea' id='block_1_37' title="bbox 390 3528 1136 3602">
    <p class='ocr_par' dir='ltr' id='par_1_37' title="bbox 390 3528 1136 3602">
     <span class='ocr_line' id='line_1_37' title="bbox 390 3528 1136 3602; baseline 0.001 -18"><span class='ocrx_word' id='word_1_241' title='bbox 390 3529 703 3602; x_wconf 82' lang='grc' dir='ltr'>στραφῆναι</span> <span class='ocrx_word' id='word_1_242' title='bbox 737 3531 875 3601; x_wconf 74' lang='grc' dir='ltr'>πρὸς</span> <span class='ocrx_word' id='word_1_243' title='bbox 910 3528 1136 3600; x_wconf 80' lang='grc' dir='ltr'>Κύριον.</span> 
     </span>
    </p>
   </div>
   <div class='ocr_carea' id='block_1_38' title="bbox 467 3617 1974 3695">
    <p class='ocr_par' dir='ltr' id='par_1_38' title="bbox 467 3617 1974 3695">
     <span class='ocr_line' id='line_1_38' title="bbox 467 3617 1974 3695; baseline -0.005 -17"><span class='ocrx_word' id='word_1_244' title='bbox 467 3621 633 3692; x_wconf 80' lang='grc' dir='ltr'>Εἷπα,</span> <span class='ocrx_word' id='word_1_245' title='bbox 653 3622 1032 3695; x_wconf 81' lang='grc' dir='ltr'>Ἐξαγορεύσω</span> <span class='ocrx_word' id='word_1_246' title='bbox 1065 3621 1185 3675; x_wconf 85' lang='grc' dir='ltr'>κατ’</span> <span class='ocrx_word' id='word_1_247' title='bbox 1211 3620 1346 3692; x_wconf 73' lang='grc' dir='ltr'>ἐμοῦ</span> <span class='ocrx_word' id='word_1_248' title='bbox 1382 3620 1479 3691; x_wconf 82' lang='grc' dir='ltr'>τὴν</span> <span class='ocrx_word' id='word_1_249' title='bbox 1501 3620 1734 3690; x_wconf 61' lang='grc' dir='ltr'>ἀνομίαν</span> <span class='ocrx_word' id='word_1_250' title='bbox 1759 3635 1862 3689; x_wconf 82' lang='grc' dir='ltr'>μου</span> <span class='ocrx_word' id='word_1_251' title='bbox 1897 3617 1974 3688; x_wconf 90' lang='grc' dir='ltr'>τῷ</span> 
     </span>
    </p>
   </div>
   <div class='ocr_carea' id='block_1_39' title="bbox 391 3709 1977 3788">
    <p class='ocr_par' dir='ltr' id='par_1_39' title="bbox 391 3709 1977 3788">
     <span class='ocr_line' id='line_1_39' title="bbox 391 3709 1977 3788; baseline -0.006 -18"><span class='ocrx_word' id='word_1_252' title='bbox 391 3717 614 3788; x_wconf 74' lang='grc' dir='ltr'>Κυρίῳο</span> <span class='ocrx_word' id='word_1_253' title='bbox 671 3716 767 3770; x_wconf 66' lang='grc' dir='ltr'><strong>καὶ⁵</strong></span> <span class='ocrx_word' id='word_1_254' title='bbox 815 3714 880 3768; x_wconf 83' lang='grc' dir='ltr'><strong>σὺ</strong></span> <span class='ocrx_word' id='word_1_255' title='bbox 909 3713 1126 3784; x_wconf 74' lang='grc' dir='ltr'>ἀφῆκας</span> <span class='ocrx_word' id='word_1_256' title='bbox 1170 3711 1270 3784; x_wconf 82' lang='grc' dir='ltr'>τὴν</span> <span class='ocrx_word' id='word_1_257' title='bbox 1303 3710 1564 3766; x_wconf 76' lang='grc' dir='ltr'>ἀσέϐειαν</span> <span class='ocrx_word' id='word_1_258' title='bbox 1608 3711 1707 3780; x_wconf 81' lang='grc' dir='ltr'><strong>τῆς</strong></span> <span class='ocrx_word' id='word_1_259' title='bbox 1747 3709 1977 3780; x_wconf 85' lang='grc' dir='ltr'>καρδίας</span> 
     </span>
    </p>
   </div>
   <div class='ocr_carea' id='block_1_40' title="bbox 435 3826 1774 3867">
    <p class='ocr_par' dir='ltr' id='par_1_40' title="bbox 435 3826 1774 3867">
     <span class='ocr_line' id='line_1_40' title="bbox 435 3826 1774 3867; baseline 0.003 -4"><span class='ocrx_word' id='word_1_260' title='bbox 435 3826 522 3867; x_wconf 86' lang='grc' dir='ltr'><strong>ου.</strong></span> <span class='ocrx_word' id='word_1_261' title='bbox 1769 3827 1774 3836; x_wconf 88' lang='grc'><em>”</em></span> 
     </span>
    </p>
   </div>
   <div class='ocr_carea' id='block_1_41' title="bbox 393 3828 1981 3975">
    <p class='ocr_par' dir='ltr' id='par_1_41' title="bbox 393 3828 1981 3975">
     <span class='ocr_line' id='line_1_41' title="bbox 393 3828 1981 3975; baseline -0.004 -18"><span class='ocrx_word' id='word_1_262' title='bbox 393 3828 881 3975; x_wconf 52' lang='grc' dir='ltr'><strong>μθἔίροφθάσωμεν</strong></span> <span class='ocrx_word' id='word_1_263' title='bbox 927 3900 988 3953; x_wconf 83' lang='grc' dir='ltr'><strong>τὸ</strong></span> <span class='ocrx_word' id='word_1_264' title='bbox 1017 3899 1312 3969; x_wconf 88' lang='grc' dir='ltr'>πρόσωπον</span> <span class='ocrx_word' id='word_1_265' title='bbox 1361 3895 1528 3952; x_wconf 85' lang='grc' dir='ltr'>αὐτοῦ</span> <span class='ocrx_word' id='word_1_266' title='bbox 1559 3898 1618 3952; x_wconf 81' lang='grc' dir='ltr'><strong>ὲν</strong></span> <span class='ocrx_word' id='word_1_267' title='bbox 1645 3895 1981 3968; x_wconf 75' lang='grc' dir='ltr'>ἐξομολογή-</span> 
     </span>
    </p>
   </div>
   <div class='ocr_carea' id='block_1_42' title="bbox 396 4016 503 4062">
    <p class='ocr_par' dir='ltr' id='par_1_42' title="bbox 396 4016 503 4062">
     <span class='ocr_line' id='line_1_42' title="bbox 396 4016 503 4062; baseline 0.009 -10"><span class='ocrx_word' id='word_1_268' title='bbox 396 4016 503 4062; x_wconf 84' lang='grc' dir='ltr'>σει.</span> 
     </span>
    </p>
   </div>
   <div class='ocr_carea' id='block_1_43' title="bbox 476 4084 1872 4156">
    <p class='ocr_par' dir='ltr' id='par_1_43' title="bbox 476 4084 1872 4156">
     <span class='ocr_line' id='line_1_43' title="bbox 476 4084 1872 4156; baseline -0.008 -9"><span class='ocrx_word' id='word_1_269' title='bbox 476 4094 740 4155; x_wconf 83' lang='grc' dir='ltr'>Ἐπτάκις</span> <span class='ocrx_word' id='word_1_270' title='bbox 771 4091 1018 4143; x_wconf 88' lang='grc' dir='ltr'>πεσεῖται</span> <span class='ocrx_word' id='word_1_271' title='bbox 1048 4088 1075 4141; x_wconf 87' lang='grc' dir='ltr'>ὁ</span> <span class='ocrx_word' id='word_1_272' title='bbox 1104 4086 1335 4154; x_wconf 85' lang='grc' dir='ltr'>δίκαιος,</span> <span class='ocrx_word' id='word_1_273' title='bbox 1361 4084 1457 4140; x_wconf 79' lang='grc' dir='ltr'><strong>καὶ</strong></span> <span class='ocrx_word' id='word_1_274' title='bbox 1482 4085 1872 4156; x_wconf 69' lang='grc' dir='ltr'>ἀναστήσεται.</span> 
     </span>
    </p>
   </div>
   <div class='ocr_carea' id='block_1_44' title="bbox 469 4177 1744 4252">
    <p class='ocr_par' dir='ltr' id='par_1_44' title="bbox 469 4177 1744 4252">
     <span class='ocr_line' id='line_1_44' title="bbox 469 4177 1744 4252; baseline -0.006 -13"><span class='ocrx_word' id='word_1_275' title='bbox 469 4187 688 4248; x_wconf 83' lang='grc' dir='ltr'>Δίκαιος</span> <span class='ocrx_word' id='word_1_276' title='bbox 718 4181 916 4238; x_wconf 81' lang='grc' dir='ltr'>ἑαυτοῦ</span> <span class='ocrx_word' id='word_1_277' title='bbox 948 4182 1254 4252; x_wconf 88' lang='grc' dir='ltr'>κατήγορος</span> <span class='ocrx_word' id='word_1_278' title='bbox 1287 4181 1348 4234; x_wconf 82' lang='grc' dir='ltr'><strong>ὲν</strong></span> <span class='ocrx_word' id='word_1_279' title='bbox 1375 4177 1744 4250; x_wconf 80' lang='grc' dir='ltr'>πρωτολογίᾳ.</span> 
     </span>
    </p>
   </div>
   <div class='ocr_carea' id='block_1_45' title="bbox 467 4357 1982 4435">
    <p class='ocr_par' dir='ltr' id='par_1_45' title="bbox 467 4357 1982 4435">
     <span class='ocr_line' id='line_1_45' title="bbox 467 4357 1982 4435; baseline -0.006 -12"><span class='ocrx_word' id='word_1_280' title='bbox 467 4369 578 4422; x_wconf 65' lang='grc' dir='ltr'><strong>Καὶ⁵</strong></span> <span class='ocrx_word' id='word_1_281' title='bbox 609 4367 706 4420; x_wconf 91' lang='grc' dir='ltr'>νῦν</span> <span class='ocrx_word' id='word_1_282' title='bbox 737 4364 888 4433; x_wconf 82' lang='grc' dir='ltr'>λέγει</span> <span class='ocrx_word' id='word_1_283' title='bbox 937 4365 1142 4435; x_wconf 81' lang='grc' dir='ltr'>Κύριος</span> <span class='ocrx_word' id='word_1_284' title='bbox 1171 4363 1200 4416; x_wconf 88' lang='grc' dir='ltr'>ὁ</span> <span class='ocrx_word' id='word_1_285' title='bbox 1229 4362 1362 4427; x_wconf 76' lang='grc' dir='ltr'>Θεὸς</span> <span class='ocrx_word' id='word_1_286' title='bbox 1402 4359 1580 4432; x_wconf 84' lang='grc' dir='ltr'>ὑμῶν,</span> <span class='ocrx_word' id='word_1_287' title='bbox 1619 4379 1639 4412; x_wconf 74' lang='grc' dir='ltr'><strong>ι</strong></span> <span class='ocrx_word' id='word_1_288' title='bbox 1683 4357 1982 4430; x_wconf 84' lang='grc' dir='ltr'>Ἐπιστρά-</span> 
     </span>
    </p>
   </div>
   <div class='ocr_carea' id='block_1_46' title="bbox 398 4453 1982 4541">
    <p class='ocr_par' dir='ltr' id='par_1_46' title="bbox 398 4453 1982 4541">
     <span class='ocr_line' id='line_1_46' title="bbox 398 4453 1982 4541; baseline -0.02 -6"><span class='ocrx_word' id='word_1_289' title='bbox 398 4482 534 4541; x_wconf 63' lang='grc' dir='ltr'>φητε</span> <span class='ocrx_word' id='word_1_290' title='bbox 568 4466 702 4536; x_wconf 76' lang='grc' dir='ltr'>πρός</span> <span class='ocrx_word' id='word_1_291' title='bbox 735 4477 802 4533; x_wconf 87' lang='grc' dir='ltr'><strong>με</strong></span> <span class='ocrx_word' id='word_1_292' title='bbox 832 4459 892 4525; x_wconf 61' lang='grc' dir='ltr'><strong>ἒξ</strong></span> <span class='ocrx_word' id='word_1_293' title='bbox 918 4458 1044 4529; x_wconf 77' lang='grc' dir='ltr'>ὅλης</span> <span class='ocrx_word' id='word_1_294' title='bbox 1070 4458 1298 4527; x_wconf 80' lang='grc' dir='ltr'>καρδίας</span> <span class='ocrx_word' id='word_1_295' title='bbox 1328 4455 1484 4526; x_wconf 79' lang='grc' dir='ltr'>ὑμῶν</span> <span class='ocrx_word' id='word_1_296' title='bbox 1513 4457 1572 4508; x_wconf 84' lang='grc' dir='ltr'>ὲν</span> <span class='ocrx_word' id='word_1_297' title='bbox 1603 4453 1850 4524; x_wconf 79' lang='grc' dir='ltr'>νηστεία,</span> <span class='ocrx_word' id='word_1_298' title='bbox 1887 4453 1982 4505; x_wconf 76' lang='grc' dir='ltr'><strong>καὶ</strong></span> 
     </span>
    </p>
   </div>
   <div class='ocr_carea' id='block_1_47' title="bbox 1996 3214 2340 3320">
    <p class='ocr_par' dir='ltr' id='par_1_47' title="bbox 1996 3214 2340 3320">
     <span class='ocr_line' id='line_1_47' title="bbox 1996 3214 2340 3320; baseline 0.003 -16"><span class='ocrx_word' id='word_1_299' title='bbox 1996 3214 2042 3273; x_wconf 74' lang='lat' dir='ltr'><strong><em>C</em></strong></span> <span class='ocrx_word' id='word_1_300' title='bbox 2077 3249 2340 3320; x_wconf 58' lang='lat' dir='ltr'><strong>limpida.</strong></span> 
     </span>
    </p>
   </div>
   <div class='ocr_carea' id='block_1_48' title="bbox 2061 585 3079 655">
    <p class='ocr_par' dir='ltr' id='par_1_48' title="bbox 2061 585 3079 655">
     <span class='ocr_line' id='line_1_48' title="bbox 2061 585 3079 655; baseline 0 -15"><span class='ocrx_word' id='word_1_301' title='bbox 2061 585 2442 647; x_wconf 85' lang='lat' dir='ltr'><strong>oncratiestis.</strong></span> <span class='ocrx_word' id='word_1_302' title='bbox 2472 595 2527 639; x_wconf 87' lang='lat' dir='ltr'><strong>et</strong></span> <span class='ocrx_word' id='word_1_303' title='bbox 2546 600 2646 655; x_wconf 79' lang='lat' dir='ltr'><strong>ego</strong></span> <span class='ocrx_word' id='word_1_304' title='bbox 2685 585 2922 640; x_wconf 82' lang='lat' dir='ltr'><strong>reﬁciam</strong></span> <span class='ocrx_word' id='word_1_305' title='bbox 2960 600 3079 641; x_wconf 91' lang='lat' dir='ltr'><strong>vos.</strong></span> 
     </span>
    </p>
   </div>
   <div class='ocr_carea' id='block_1_49' title="bbox 2132 677 3659 750">
    <p class='ocr_par' dir='ltr' id='par_1_49' title="bbox 2132 677 3659 750">
     <span class='ocr_line' id='line_1_49' title="bbox 2132 677 3659 750; baseline 0.003 -19"><span class='ocrx_word' id='word_1_306' title='bbox 2132 677 2274 731; x_wconf 83' lang='lat' dir='ltr'><strong>Ibid.</strong></span> <span class='ocrx_word' id='word_1_307' title='bbox 2305 695 2376 732; x_wconf 79' lang='lat' dir='ltr'><strong>ix.</strong></span> <span class='ocrx_word' id='word_1_308' title='bbox 2400 678 2528 733; x_wconf 86' lang='lat' dir='ltr'><strong>Sani</strong></span> <span class='ocrx_word' id='word_1_309' title='bbox 2566 693 2672 732; x_wconf 89' lang='lat' dir='ltr'><strong>non</strong></span> <span class='ocrx_word' id='word_1_310' title='bbox 2708 690 2870 750; x_wconf 84' lang='lat' dir='ltr'><strong>egent</strong></span> <span class='ocrx_word' id='word_1_311' title='bbox 2928 682 3160 747; x_wconf 90' lang='lat' dir='ltr'><strong>medico,</strong></span> <span class='ocrx_word' id='word_1_312' title='bbox 3195 681 3289 739; x_wconf 85' lang='lat' dir='ltr'><strong>sed</strong></span> <span class='ocrx_word' id='word_1_313' title='bbox 3321 682 3461 736; x_wconf 86' lang='lat' dir='ltr'><strong>male</strong></span> <span class='ocrx_word' id='word_1_314' title='bbox 3493 681 3659 736; x_wconf 70' lang='grc' dir='ltr'>επεσ-</span> 
     </span>
    </p>
   </div>
   <div class='ocr_carea' id='block_1_50' title="bbox 2061 771 3658 841">
    <p class='ocr_par' dir='ltr' id='par_1_50' title="bbox 2061 771 3658 841">
     <span class='ocr_line' id='line_1_50' title="bbox 2061 771 3658 841; baseline -0.001 -15"><span class='ocrx_word' id='word_1_315' title='bbox 2061 771 2122 826; x_wconf 91' lang='lat' dir='ltr'><strong>ti.</strong></span> <span class='ocrx_word' id='word_1_316' title='bbox 2181 771 2257 825; x_wconf 90' lang='lat' dir='ltr'><strong>Ite</strong></span> <span class='ocrx_word' id='word_1_317' title='bbox 2286 778 2339 824; x_wconf 91' lang='lat' dir='ltr'><strong>et</strong></span> <span class='ocrx_word' id='word_1_318' title='bbox 2364 771 2556 825; x_wconf 91' lang='lat' dir='ltr'><strong>discite</strong></span> <span class='ocrx_word' id='word_1_319' title='bbox 2595 771 2728 840; x_wconf 91' lang='lat' dir='ltr'><strong>quid</strong></span> <span class='ocrx_word' id='word_1_320' title='bbox 2769 772 2842 826; x_wconf 90' lang='lat' dir='ltr'><strong>sit</strong></span> <span class='ocrx_word' id='word_1_321' title='bbox 2882 787 2900 829; x_wconf 87' lang='lat'><strong>:</strong></span> <span class='ocrx_word' id='word_1_322' title='bbox 2952 773 3382 830; x_wconf 85' lang='lat' dir='ltr'><strong>Misericordiam</strong></span> <span class='ocrx_word' id='word_1_323' title='bbox 3410 774 3560 841; x_wconf 87' lang='lat' dir='ltr'><strong>volo,</strong></span> <span class='ocrx_word' id='word_1_324' title='bbox 3602 783 3658 828; x_wconf 91' lang='lat' dir='ltr'><strong>et</strong></span> 
     </span>
    </p>
   </div>
   <div class='ocr_carea' id='block_1_51' title="bbox 2059 860 3658 938">
    <p class='ocr_par' dir='ltr' id='par_1_51' title="bbox 2059 860 3658 938">
     <span class='ocr_line' id='line_1_51' title="bbox 2059 860 3658 938; baseline 0.004 -23"><span class='ocrx_word' id='word_1_325' title='bbox 2059 876 2168 916; x_wconf 91' lang='lat' dir='ltr'><strong>non</strong></span> <span class='ocrx_word' id='word_1_326' title='bbox 2201 860 2549 918; x_wconf 80' lang='lat' dir='ltr'><strong>sacriﬁcium.</strong></span> <span class='ocrx_word' id='word_1_327' title='bbox 2587 863 2708 918; x_wconf 90' lang='lat' dir='ltr'><strong>Non</strong></span> <span class='ocrx_word' id='word_1_328' title='bbox 2741 865 2886 919; x_wconf 91' lang='lat' dir='ltr'><strong>enim</strong></span> <span class='ocrx_word' id='word_1_329' title='bbox 2917 866 3038 920; x_wconf 84' lang='lat' dir='ltr'><strong>veni</strong></span> <span class='ocrx_word' id='word_1_330' title='bbox 3071 875 3130 921; x_wconf 90' lang='lat' dir='ltr'><strong>ut</strong></span> <span class='ocrx_word' id='word_1_331' title='bbox 3154 882 3407 923; x_wconf 87' lang='lat' dir='ltr'><strong>vocarem</strong></span> <span class='ocrx_word' id='word_1_332' title='bbox 3436 867 3614 938; x_wconf 85' lang='lat' dir='ltr'><strong>justos</strong></span> <span class='ocrx_word' id='word_1_333' title='bbox 3639 903 3658 932; x_wconf 92' lang='lat'><strong><em>,</em></strong></span> 
     </span>
    </p>
   </div>
   <div class='ocr_carea' id='block_1_52' title="bbox 2060 953 3082 1022">
    <p class='ocr_par' dir='ltr' id='par_1_52' title="bbox 2060 953 3082 1022">
     <span class='ocr_line' id='line_1_52' title="bbox 2060 953 3082 1022; baseline 0.002 -14"><span class='ocrx_word' id='word_1_334' title='bbox 2060 953 2154 1008; x_wconf 90' lang='lat' dir='ltr'><strong>sed</strong></span> <span class='ocrx_word' id='word_1_335' title='bbox 2203 962 2519 1022; x_wconf 88' lang='lat' dir='ltr'><strong>peccatores</strong></span> <span class='ocrx_word' id='word_1_336' title='bbox 2564 955 2632 1008; x_wconf 88' lang='lat' dir='ltr'><strong>ad</strong></span> <span class='ocrx_word' id='word_1_337' title='bbox 2688 955 3082 1022; x_wconf 82' lang='lat' dir='ltr'><strong>paenitentiam.</strong></span> 
     </span>
    </p>
   </div>
   <div class='ocr_carea' id='block_1_53' title="bbox 2136 1041 3652 1118">
    <p class='ocr_par' dir='ltr' id='par_1_53' title="bbox 2136 1041 3652 1118">
     <span class='ocr_line' id='line_1_53' title="bbox 2136 1041 3652 1118; baseline 0.005 -23"><span class='ocrx_word' id='word_1_338' title='bbox 2136 1041 2266 1097; x_wconf 69' lang='lat' dir='ltr'><strong>Lac.</strong></span> <span class='ocrx_word' id='word_1_339' title='bbox 2299 1059 2392 1098; x_wconf 98' lang='lat' dir='ltr'><strong>xv.</strong></span> <span class='ocrx_word' id='word_1_340' title='bbox 2445 1043 2577 1098; x_wconf 90' lang='lat' dir='ltr'><strong>Dico</strong></span> <span class='ocrx_word' id='word_1_341' title='bbox 2611 1045 2769 1099; x_wconf 85' lang='lat' dir='ltr'><strong>vobis</strong></span> <span class='ocrx_word' id='word_1_342' title='bbox 2827 1049 2974 1116; x_wconf 88' lang='lat' dir='ltr'><strong>quod</strong></span> <span class='ocrx_word' id='word_1_343' title='bbox 3037 1049 3109 1101; x_wconf 88' lang='lat' dir='ltr'><strong>ita</strong></span> <span class='ocrx_word' id='word_1_344' title='bbox 3161 1049 3417 1118; x_wconf 80' lang='lat' dir='ltr'><strong>gaudium</strong></span> <span class='ocrx_word' id='word_1_345' title='bbox 3462 1049 3566 1104; x_wconf 88' lang='lat' dir='ltr'><strong>erit</strong></span> <span class='ocrx_word' id='word_1_346' title='bbox 3598 1049 3652 1103; x_wconf 89' lang='lat' dir='ltr'><strong>in</strong></span> 
     </span>
    </p>
   </div>
   <div class='ocr_carea' id='block_1_54' title="bbox 2063 1135 3652 1210">
    <p class='ocr_par' dir='ltr' id='par_1_54' title="bbox 2063 1135 3652 1210">
     <span class='ocr_line' id='line_1_54' title="bbox 2063 1135 3652 1210; baseline 0.003 -21"><span class='ocrx_word' id='word_1_347' title='bbox 2063 1135 2201 1189; x_wconf 85' lang='lat' dir='ltr'><strong>coelo</strong></span> <span class='ocrx_word' id='word_1_348' title='bbox 2227 1149 2391 1204; x_wconf 89' lang='lat' dir='ltr'><strong>super</strong></span> <span class='ocrx_word' id='word_1_349' title='bbox 2417 1150 2527 1189; x_wconf 91' lang='lat' dir='ltr'><strong>uno</strong></span> <span class='ocrx_word' id='word_1_350' title='bbox 2556 1146 2840 1205; x_wconf 82' lang='lat' dir='ltr'><strong>peccatore</strong></span> <span class='ocrx_word' id='word_1_351' title='bbox 2884 1141 3258 1209; x_wconf 85' lang='lat' dir='ltr'><strong>resipiscente.</strong></span> <span class='ocrx_word' id='word_1_352' title='bbox 3289 1141 3464 1210; x_wconf 75' lang='lat' dir='ltr'><strong>magis</strong></span> <span class='ocrx_word' id='word_1_353' title='bbox 3491 1156 3652 1210; x_wconf 87' lang='lat' dir='ltr'><strong>quam</strong></span> 
     </span>
    </p>
   </div>
   <div class='ocr_carea' id='block_1_55' title="bbox 2065 1228 3655 1306">
    <p class='ocr_par' dir='ltr' id='par_1_55' title="bbox 2065 1228 3655 1306">
     <span class='ocr_line' id='line_1_55' title="bbox 2065 1228 3655 1306; baseline 0.004 -26"><span class='ocrx_word' id='word_1_354' title='bbox 2065 1241 2232 1294; x_wconf 83' lang='lat' dir='ltr'><strong>super</strong></span> <span class='ocrx_word' id='word_1_355' title='bbox 2289 1228 2587 1298; x_wconf 79' lang='lat' dir='ltr'><strong>nonaginta</strong></span> <span class='ocrx_word' id='word_1_356' title='bbox 2647 1244 2844 1285; x_wconf 75' lang='lat' dir='ltr'><strong>norem</strong></span> <span class='ocrx_word' id='word_1_357' title='bbox 2881 1231 3076 1301; x_wconf 88' lang='lat' dir='ltr'><strong>justis,</strong></span> <span class='ocrx_word' id='word_1_358' title='bbox 3107 1233 3199 1303; x_wconf 87' lang='lat' dir='ltr'><strong>qui</strong></span> <span class='ocrx_word' id='word_1_359' title='bbox 3247 1248 3356 1288; x_wconf 91' lang='lat' dir='ltr'><strong>non</strong></span> <span class='ocrx_word' id='word_1_360' title='bbox 3411 1233 3655 1306; x_wconf 80' lang='lat' dir='ltr'><strong>indigent</strong></span> 
     </span>
    </p>
   </div>
   <div class='ocr_carea' id='block_1_56' title="bbox 2065 1319 2410 1388">
    <p class='ocr_par' dir='ltr' id='par_1_56' title="bbox 2065 1319 2410 1388">
     <span class='ocr_line' id='line_1_56' title="bbox 2065 1319 2410 1388; baseline 0.006 -16"><span class='ocrx_word' id='word_1_361' title='bbox 2065 1319 2410 1388; x_wconf 73' lang='lat' dir='ltr'><strong>pmnitentia.</strong></span> 
     </span>
    </p>
   </div>
   <div class='ocr_carea' id='block_1_57' title="bbox 2137 1411 3656 1487">
    <p class='ocr_par' dir='ltr' id='par_1_57' title="bbox 2137 1411 3656 1487">
     <span class='ocr_line' id='line_1_57' title="bbox 2137 1411 3656 1487; baseline 0.004 -22"><span class='ocrx_word' id='word_1_362' title='bbox 2137 1411 2244 1482; x_wconf 84' lang='lat'><strong>33</strong></span> <span class='ocrx_word' id='word_1_363' title='bbox 2275 1411 2414 1467; x_wconf 83' lang='lat' dir='ltr'><strong><em>Ibid.</em></strong></span> <span class='ocrx_word' id='word_1_364' title='bbox 2451 1412 2730 1469; x_wconf 80' lang='lat' dir='ltr'><strong>Gaudium</strong></span> <span class='ocrx_word' id='word_1_365' title='bbox 2763 1413 2868 1469; x_wconf 87' lang='lat' dir='ltr'><strong>erit</strong></span> <span class='ocrx_word' id='word_1_366' title='bbox 2898 1428 3083 1470; x_wconf 88' lang='lat' dir='ltr'><strong>coram</strong></span> <span class='ocrx_word' id='word_1_367' title='bbox 3120 1417 3330 1487; x_wconf 83' lang='lat' dir='ltr'><strong>angelis</strong></span> <span class='ocrx_word' id='word_1_368' title='bbox 3364 1415 3459 1472; x_wconf 91' lang='lat' dir='ltr'><strong>Dei</strong></span> <span class='ocrx_word' id='word_1_369' title='bbox 3486 1429 3656 1487; x_wconf 82' lang='lat' dir='ltr'><strong>super</strong></span> 
     </span>
    </p>
   </div>
   <div class='ocr_carea' id='block_1_58' title="bbox 2064 1507 3328 1578">
    <p class='ocr_par' dir='ltr' id='par_1_58' title="bbox 2064 1507 3328 1578">
     <span class='ocr_line' id='line_1_58' title="bbox 2064 1507 3328 1578; baseline 0.002 -18"><span class='ocrx_word' id='word_1_370' title='bbox 2064 1519 2174 1560; x_wconf 92' lang='lat' dir='ltr'><strong>uno</strong></span> <span class='ocrx_word' id='word_1_371' title='bbox 2199 1514 2486 1574; x_wconf 75' lang='lat' dir='ltr'><strong>peccatore</strong></span> <span class='ocrx_word' id='word_1_372' title='bbox 2523 1507 2909 1578; x_wconf 85' lang='lat' dir='ltr'><strong>resipiscente.</strong></span> <span class='ocrx_word' id='word_1_373' title='bbox 3323 1521 3328 1526; x_wconf 77' lang='lat'><strong><em>‘</em></strong></span> 
     </span>
    </p>
   </div>
   <div class='ocr_carea' id='block_1_59' title="bbox 2136 1597 3657 1673">
    <p class='ocr_par' dir='ltr' id='par_1_59' title="bbox 2136 1597 3657 1673">
     <span class='ocr_line' id='line_1_59' title="bbox 2136 1597 3657 1673; baseline 0.001 -21"><span class='ocrx_word' id='word_1_374' title='bbox 2136 1597 2294 1654; x_wconf 88' lang='lat' dir='ltr'><strong>Rom.</strong></span> <span class='ocrx_word' id='word_1_375' title='bbox 2352 1617 2427 1655; x_wconf 80' lang='lat' dir='ltr'><strong>vi.</strong></span> <span class='ocrx_word' id='word_1_376' title='bbox 2483 1600 2956 1667; x_wconf 85' lang='lat' dir='ltr'><strong>Quemadmodum</strong></span> <span class='ocrx_word' id='word_1_377' title='bbox 3023 1602 3338 1673; x_wconf 66' lang='lat' dir='ltr'><strong>priebuistis</strong></span> <span class='ocrx_word' id='word_1_378' title='bbox 3410 1599 3657 1657; x_wconf 83' lang='lat' dir='ltr'><strong>membra</strong></span> 
     </span>
    </p>
   </div>
   <div class='ocr_carea' id='block_1_60' title="bbox 2066 1693 3652 1767">
    <p class='ocr_par' dir='ltr' id='par_1_60' title="bbox 2066 1693 3652 1767">
     <span class='ocr_line' id='line_1_60' title="bbox 2066 1693 3652 1767; baseline 0.002 -22"><span class='ocrx_word' id='word_1_379' title='bbox 2066 1701 2247 1746; x_wconf 87' lang='lat' dir='ltr'><strong>vestra</strong></span> <span class='ocrx_word' id='word_1_380' title='bbox 2305 1707 2460 1748; x_wconf 88' lang='lat' dir='ltr'><strong>serva</strong></span> <span class='ocrx_word' id='word_1_381' title='bbox 2503 1696 2866 1750; x_wconf 70' lang='lat' dir='ltr'><strong>immunditiae</strong></span> <span class='ocrx_word' id='word_1_382' title='bbox 2923 1705 2978 1751; x_wconf 88' lang='lat' dir='ltr'><strong>et</strong></span> <span class='ocrx_word' id='word_1_383' title='bbox 3028 1696 3304 1767; x_wconf 84' lang='lat' dir='ltr'><strong>iniquitati</strong></span> <span class='ocrx_word' id='word_1_384' title='bbox 3359 1695 3426 1749; x_wconf 89' lang='lat' dir='ltr'><strong>ad</strong></span> <span class='ocrx_word' id='word_1_385' title='bbox 3489 1693 3652 1749; x_wconf 89' lang='lat' dir='ltr'><strong>aliam</strong></span> 
     </span>
    </p>
   </div>
   <div class='ocr_carea' id='block_1_61' title="bbox 2068 1785 3661 1856">
    <p class='ocr_par' dir='ltr' id='par_1_61' title="bbox 2068 1785 3661 1856">
     <span class='ocr_line' id='line_1_61' title="bbox 2068 1785 3661 1856; baseline 0.003 -20"><span class='ocrx_word' id='word_1_386' title='bbox 2068 1791 2233 1852; x_wconf 88' lang='lat' dir='ltr'><strong>atque</strong></span> <span class='ocrx_word' id='word_1_387' title='bbox 2285 1785 2448 1838; x_wconf 88' lang='lat' dir='ltr'><strong>aliam</strong></span> <span class='ocrx_word' id='word_1_388' title='bbox 2507 1785 2850 1856; x_wconf 88' lang='lat' dir='ltr'><strong>iniquitatem</strong></span> <span class='ocrx_word' id='word_1_389' title='bbox 2897 1805 2912 1843; x_wconf 90' lang='lat'><strong>:</strong></span> <span class='ocrx_word' id='word_1_390' title='bbox 2970 1790 3052 1845; x_wconf 87' lang='lat' dir='ltr'><strong>sic</strong></span> <span class='ocrx_word' id='word_1_391' title='bbox 3101 1800 3157 1844; x_wconf 92' lang='lat' dir='ltr'><strong>et</strong></span> <span class='ocrx_word' id='word_1_392' title='bbox 3223 1803 3374 1843; x_wconf 86' lang='lat' dir='ltr'><strong>nunc</strong></span> <span class='ocrx_word' id='word_1_393' title='bbox 3427 1786 3661 1854; x_wconf 64' lang='lat' dir='ltr'><strong>praebete</strong></span> 
     </span>
    </p>
   </div>
   <div class='ocr_carea' id='block_1_62' title="bbox 1993 1873 3658 1951">
    <p class='ocr_par' dir='ltr' id='par_1_62' title="bbox 1993 1873 3658 1951">
     <span class='ocr_line' id='line_1_62' title="bbox 1993 1873 3658 1951; baseline 0.002 -22"><span class='ocrx_word' id='word_1_394' title='bbox 1993 1873 2036 1928; x_wconf 88' lang='grc' dir='ltr'><strong>Β</strong></span> <span class='ocrx_word' id='word_1_395' title='bbox 2066 1875 2310 1930; x_wconf 86' lang='lat' dir='ltr'><strong>membra</strong></span> <span class='ocrx_word' id='word_1_396' title='bbox 2356 1888 2537 1932; x_wconf 87' lang='lat' dir='ltr'><strong>vestra</strong></span> <span class='ocrx_word' id='word_1_397' title='bbox 2575 1893 2734 1934; x_wconf 87' lang='lat' dir='ltr'><strong>serva</strong></span> <span class='ocrx_word' id='word_1_398' title='bbox 2769 1881 2995 1951; x_wconf 79' lang='lat' dir='ltr'><strong>justitize</strong></span> <span class='ocrx_word' id='word_1_399' title='bbox 3035 1881 3102 1935; x_wconf 88' lang='lat' dir='ltr'><strong>ad</strong></span> <span class='ocrx_word' id='word_1_400' title='bbox 3137 1879 3658 1936; x_wconf 77' lang='lat' dir='ltr'><strong>sanctiﬁcationem.</strong></span> 
     </span>
    </p>
   </div>
   <div class='ocr_carea' id='block_1_63' title="bbox 2133 1967 3659 2042">
    <p class='ocr_par' dir='ltr' id='par_1_63' title="bbox 2133 1967 3659 2042">
     <span class='ocr_line' id='line_1_63' title="bbox 2133 1967 3659 2042; baseline 0.001 -20"><span class='ocrx_word' id='word_1_401' title='bbox 2133 1967 2256 2024; x_wconf 82' lang='lat' dir='ltr'><strong>Jac.</strong></span> <span class='ocrx_word' id='word_1_402' title='bbox 2295 1983 2349 2023; x_wconf 77' lang='grc' dir='ltr'><strong>ν.</strong></span> <span class='ocrx_word' id='word_1_403' title='bbox 2405 1969 2760 2026; x_wconf 81' lang='lat' dir='ltr'><strong>Conﬂtemini</strong></span> <span class='ocrx_word' id='word_1_404' title='bbox 2813 1972 3042 2026; x_wconf 83' lang='lat' dir='ltr'><strong>invicem</strong></span> <span class='ocrx_word' id='word_1_405' title='bbox 3097 1973 3242 2028; x_wconf 89' lang='lat' dir='ltr'><strong>alius</strong></span> <span class='ocrx_word' id='word_1_406' title='bbox 3288 1972 3382 2027; x_wconf 85' lang='lat' dir='ltr'><strong>alii</strong></span> <span class='ocrx_word' id='word_1_407' title='bbox 3435 1977 3659 2042; x_wconf 88' lang='lat' dir='ltr'><strong>peccata</strong></span> 
     </span>
    </p>
   </div>
   <div class='ocr_carea' id='block_1_64' title="bbox 2067 2068 2270 2114">
    <p class='ocr_par' dir='ltr' id='par_1_64' title="bbox 2067 2068 2270 2114">
     <span class='ocr_line' id='line_1_64' title="bbox 2067 2068 2270 2114; baseline 0.005 -3"><span class='ocrx_word' id='word_1_408' title='bbox 2067 2068 2270 2114; x_wconf 81' lang='lat' dir='ltr'><strong>vestra.</strong></span> 
     </span>
    </p>
   </div>
   <div class='ocr_carea' id='block_1_65' title="bbox 2136 2151 3657 2227">
    <p class='ocr_par' dir='ltr' id='par_1_65' title="bbox 2136 2151 3657 2227">
     <span class='ocr_line' id='line_1_65' title="bbox 2136 2151 3657 2227; baseline 0.003 -21"><span class='ocrx_word' id='word_1_409' title='bbox 2136 2151 2339 2208; x_wconf 85' lang='lat' dir='ltr'><strong>Fidelis</strong></span> <span class='ocrx_word' id='word_1_410' title='bbox 2365 2163 2452 2208; x_wconf 90' lang='lat' dir='ltr'><strong>est</strong></span> <span class='ocrx_word' id='word_1_411' title='bbox 2494 2163 2549 2209; x_wconf 91' lang='lat' dir='ltr'><strong>et</strong></span> <span class='ocrx_word' id='word_1_412' title='bbox 2597 2154 2783 2225; x_wconf 85' lang='lat' dir='ltr'><strong>justus</strong></span> <span class='ocrx_word' id='word_1_413' title='bbox 2839 2163 2898 2209; x_wconf 92' lang='lat' dir='ltr'><strong>ut</strong></span> <span class='ocrx_word' id='word_1_414' title='bbox 2944 2157 3184 2210; x_wconf 83' lang='lat' dir='ltr'><strong>remittat</strong></span> <span class='ocrx_word' id='word_1_415' title='bbox 3236 2155 3394 2212; x_wconf 87' lang='lat' dir='ltr'><strong>nobis</strong></span> <span class='ocrx_word' id='word_1_416' title='bbox 3433 2163 3657 2227; x_wconf 86' lang='lat' dir='ltr'><strong>peccata</strong></span> 
     </span>
    </p>
   </div>
   <div class='ocr_carea' id='block_1_66' title="bbox 2069 2241 3375 2314">
    <p class='ocr_par' dir='ltr' id='par_1_66' title="bbox 2069 2241 3375 2314">
     <span class='ocr_line' id='line_1_66' title="bbox 2069 2241 3375 2314; baseline 0.004 -19"><span class='ocrx_word' id='word_1_417' title='bbox 2069 2249 2278 2306; x_wconf 89' lang='lat' dir='ltr'><strong>nostra,</strong></span> <span class='ocrx_word' id='word_1_418' title='bbox 2299 2251 2354 2298; x_wconf 86' lang='lat' dir='ltr'><strong>et</strong></span> <span class='ocrx_word' id='word_1_419' title='bbox 2380 2241 2629 2312; x_wconf 86' lang='lat' dir='ltr'><strong>puriﬁcet</strong></span> <span class='ocrx_word' id='word_1_420' title='bbox 2657 2259 2762 2299; x_wconf 87' lang='lat' dir='ltr'><strong>nos</strong></span> <span class='ocrx_word' id='word_1_421' title='bbox 2801 2243 2868 2298; x_wconf 73' lang='lat' dir='ltr'><strong>alt</strong></span> <span class='ocrx_word' id='word_1_422' title='bbox 2891 2245 3038 2298; x_wconf 91' lang='lat' dir='ltr'><strong>omni</strong></span> <span class='ocrx_word' id='word_1_423' title='bbox 3068 2245 3375 2314; x_wconf 90' lang='lat' dir='ltr'><strong>iniquitate.</strong></span> 
     </span>
    </p>
   </div>
   <div class='ocr_carea' id='block_1_67' title="bbox 2139 2331 3665 2404">
    <p class='ocr_par' dir='ltr' id='par_1_67' title="bbox 2139 2331 3665 2404">
     <span class='ocr_line' id='line_1_67' title="bbox 2139 2331 3665 2404; baseline 0.003 -16"><span class='ocrx_word' id='word_1_424' title='bbox 2139 2331 2280 2388; x_wconf 84' lang='lat' dir='ltr'><strong>Ibid.</strong></span> <span class='ocrx_word' id='word_1_425' title='bbox 2329 2333 2388 2388; x_wconf 90' lang='lat' dir='ltr'><strong>Si</strong></span> <span class='ocrx_word' id='word_1_426' title='bbox 2438 2336 2564 2404; x_wconf 91' lang='lat' dir='ltr'><strong>quis</strong></span> <span class='ocrx_word' id='word_1_427' title='bbox 2610 2335 2754 2390; x_wconf 86' lang='lat' dir='ltr'><strong>inter</strong></span> <span class='ocrx_word' id='word_1_428' title='bbox 2793 2351 2890 2391; x_wconf 89' lang='lat' dir='ltr'><strong>vos</strong></span> <span class='ocrx_word' id='word_1_429' title='bbox 2947 2337 3218 2392; x_wconf 88' lang='lat' dir='ltr'><strong>erraverit</strong></span> <span class='ocrx_word' id='word_1_430' title='bbox 3247 2353 3277 2392; x_wconf 86' lang='lat' dir='ltr'><strong>a</strong></span> <span class='ocrx_word' id='word_1_431' title='bbox 3311 2337 3562 2403; x_wconf 84' lang='lat' dir='ltr'><strong>veritate,</strong></span> <span class='ocrx_word' id='word_1_432' title='bbox 3608 2347 3665 2392; x_wconf 91' lang='lat' dir='ltr'><strong>et</strong></span> 
     </span>
    </p>
   </div>
   <div class='ocr_carea' id='block_1_68' title="bbox 2069 2426 3668 2498">
    <p class='ocr_par' dir='ltr' id='par_1_68' title="bbox 2069 2426 3668 2498">
     <span class='ocr_line' id='line_1_68' title="bbox 2069 2426 3668 2498; baseline 0.003 -19"><span class='ocrx_word' id='word_1_433' title='bbox 2069 2426 2404 2480; x_wconf 86' lang='lat' dir='ltr'><strong>converterit</strong></span> <span class='ocrx_word' id='word_1_434' title='bbox 2431 2427 2556 2496; x_wconf 85' lang='lat' dir='ltr'><strong>quis</strong></span> <span class='ocrx_word' id='word_1_435' title='bbox 2580 2443 2726 2495; x_wconf 89' lang='lat' dir='ltr'><strong>eum,</strong></span> <span class='ocrx_word' id='word_1_436' title='bbox 2751 2429 2890 2483; x_wconf 83' lang='lat' dir='ltr'><strong>sciat</strong></span> <span class='ocrx_word' id='word_1_437' title='bbox 2924 2427 3069 2498; x_wconf 87' lang='lat' dir='ltr'><strong>quod</strong></span> <span class='ocrx_word' id='word_1_438' title='bbox 3092 2429 3182 2490; x_wconf 86' lang='lat' dir='ltr'><strong>qui</strong></span> <span class='ocrx_word' id='word_1_439' title='bbox 3209 2429 3451 2484; x_wconf 88' lang='lat' dir='ltr'><strong>converti</strong></span> <span class='ocrx_word' id='word_1_440' title='bbox 3474 2428 3668 2485; x_wconf 77' lang='lat' dir='ltr'><strong>fecerit</strong></span> 
     </span>
    </p>
   </div>
   <div class='ocr_carea' id='block_1_69' title="bbox 2069 2518 3667 2587">
    <p class='ocr_par' dir='ltr' id='par_1_69' title="bbox 2069 2518 3667 2587">
     <span class='ocr_line' id='line_1_69' title="bbox 2069 2518 3667 2587; baseline 0.003 -16"><span class='ocrx_word' id='word_1_441' title='bbox 2069 2526 2414 2587; x_wconf 76' lang='lat' dir='ltr'><strong>peccatorum</strong></span> <span class='ocrx_word' id='word_1_442' title='bbox 2449 2518 2518 2576; x_wconf 88' lang='lat' dir='ltr'><strong>ab</strong></span> <span class='ocrx_word' id='word_1_443' title='bbox 2551 2533 2742 2574; x_wconf 90' lang='lat' dir='ltr'><strong>errore</strong></span> <span class='ocrx_word' id='word_1_444' title='bbox 2774 2520 2876 2578; x_wconf 64' lang='lat' dir='ltr'><strong>via:</strong></span> <span class='ocrx_word' id='word_1_445' title='bbox 2918 2536 3055 2586; x_wconf 79' lang='lat' dir='ltr'><strong>suae,</strong></span> <span class='ocrx_word' id='word_1_446' title='bbox 3093 2521 3302 2576; x_wconf 87' lang='lat' dir='ltr'><strong>salvam</strong></span> <span class='ocrx_word' id='word_1_447' title='bbox 3349 2521 3512 2577; x_wconf 79' lang='lat' dir='ltr'><strong>faciet</strong></span> <span class='ocrx_word' id='word_1_448' title='bbox 3547 2521 3667 2576; x_wconf 88' lang='lat' dir='ltr'><strong>ani-</strong></span> 
     </span>
    </p>
   </div>
   <div class='ocr_carea' id='block_1_70' title="bbox 2069 2614 3665 2685">
    <p class='ocr_par' dir='ltr' id='par_1_70' title="bbox 2069 2614 3665 2685">
     <span class='ocr_line' id='line_1_70' title="bbox 2069 2614 3665 2685; baseline 0.002 -21"><span class='ocrx_word' id='word_1_449' title='bbox 2069 2625 2215 2664; x_wconf 88' lang='lat' dir='ltr'><strong>mam</strong></span> <span class='ocrx_word' id='word_1_450' title='bbox 2249 2626 2279 2665; x_wconf 88' lang='lat' dir='ltr'><strong>a</strong></span> <span class='ocrx_word' id='word_1_451' title='bbox 2309 2620 2504 2676; x_wconf 89' lang='lat' dir='ltr'><strong>morte,</strong></span> <span class='ocrx_word' id='word_1_452' title='bbox 2527 2622 2576 2668; x_wconf 90' lang='lat' dir='ltr'><strong>et</strong></span> <span class='ocrx_word' id='word_1_453' title='bbox 2606 2614 2817 2682; x_wconf 87' lang='lat' dir='ltr'><strong>operiet</strong></span> <span class='ocrx_word' id='word_1_454' title='bbox 2851 2614 3258 2669; x_wconf 85' lang='lat' dir='ltr'><strong>multitudinem</strong></span> <span class='ocrx_word' id='word_1_455' title='bbox 3290 2624 3665 2685; x_wconf 85' lang='lat' dir='ltr'><strong>peccatorum.</strong></span> 
     </span>
    </p>
   </div>
   <div class='ocr_carea' id='block_1_71' title="bbox 2140 2701 3667 2775">
    <p class='ocr_par' dir='ltr' id='par_1_71' title="bbox 2140 2701 3667 2775">
     <span class='ocr_line' id='line_1_71' title="bbox 2140 2701 3667 2775; baseline 0.002 -18"><span class='ocrx_word' id='word_1_456' title='bbox 2140 2703 2201 2757; x_wconf 87' lang='lat' dir='ltr'><strong>Il</strong></span> <span class='ocrx_word' id='word_1_457' title='bbox 2238 2701 2363 2772; x_wconf 83' lang='lat' dir='ltr'><strong>Reg.</strong></span> <span class='ocrx_word' id='word_1_458' title='bbox 2413 2721 2473 2758; x_wconf 91' lang='grc' dir='ltr'><strong>ιι.</strong></span> <span class='ocrx_word' id='word_1_459' title='bbox 2524 2705 2667 2758; x_wconf 81' lang='lat' dir='ltr'><strong>Dixit</strong></span> <span class='ocrx_word' id='word_1_460' title='bbox 2703 2704 2873 2759; x_wconf 91' lang='lat' dir='ltr'><strong>David</strong></span> <span class='ocrx_word' id='word_1_461' title='bbox 2913 2705 2981 2759; x_wconf 88' lang='lat' dir='ltr'><strong>ad</strong></span> <span class='ocrx_word' id='word_1_462' title='bbox 3035 2705 3249 2760; x_wconf 84' lang='lat' dir='ltr'><strong>Natltan</strong></span> <span class='ocrx_word' id='word_1_463' title='bbox 3295 2707 3613 2775; x_wconf 81' lang='lat' dir='ltr'><strong>prophetam</strong></span> <span class='ocrx_word' id='word_1_464' title='bbox 3650 2725 3667 2760; x_wconf 86' lang='lat'><strong>:</strong></span> 
     </span>
    </p>
   </div>
   <div class='ocr_carea' id='block_1_72' title="bbox 2070 2793 3670 2866">
    <p class='ocr_par' dir='ltr' id='par_1_72' title="bbox 2070 2793 3670 2866">
     <span class='ocr_line' id='line_1_72' title="bbox 2070 2793 3670 2866; baseline 0.004 -18"><span class='ocrx_word' id='word_1_465' title='bbox 2070 2793 2297 2850; x_wconf 88' lang='lat' dir='ltr'><strong>Peccavi</strong></span> <span class='ocrx_word' id='word_1_466' title='bbox 2329 2794 2579 2859; x_wconf 71' lang='lat' dir='ltr'><strong>Domino,</strong></span> <span class='ocrx_word' id='word_1_467' title='bbox 2619 2804 2674 2850; x_wconf 84' lang='lat' dir='ltr'><strong>et</strong></span> <span class='ocrx_word' id='word_1_468' title='bbox 2716 2798 2995 2866; x_wconf 89' lang='lat' dir='ltr'><strong>respondit</strong></span> <span class='ocrx_word' id='word_1_469' title='bbox 3018 2797 3230 2852; x_wconf 86' lang='lat' dir='ltr'><strong>Nathan</strong></span> <span class='ocrx_word' id='word_1_470' title='bbox 3263 2812 3279 2851; x_wconf 90' lang='lat'><strong>:</strong></span> <span class='ocrx_word' id='word_1_471' title='bbox 3311 2797 3379 2852; x_wconf 89' lang='lat' dir='ltr'><strong>Et</strong></span> <span class='ocrx_word' id='word_1_472' title='bbox 3411 2797 3670 2854; x_wconf 88' lang='lat' dir='ltr'><strong>Dominus</strong></span> 
     </span>
    </p>
   </div>
   <div class='ocr_carea' id='block_1_73' title="bbox 2069 2890 3328 2956">
    <p class='ocr_par' dir='ltr' id='par_1_73' title="bbox 2069 2890 3328 2956">
     <span class='ocr_line' id='line_1_73' title="bbox 2069 2890 3328 2956; baseline 0.002 -14"><span class='ocrx_word' id='word_1_473' title='bbox 2069 2890 2274 2942; x_wconf 85' lang='lat' dir='ltr'><strong>amovit</strong></span> <span class='ocrx_word' id='word_1_474' title='bbox 2301 2897 2582 2956; x_wconf 85' lang='lat' dir='ltr'><strong>peccatum</strong></span> <span class='ocrx_word' id='word_1_475' title='bbox 2614 2900 2793 2955; x_wconf 91' lang='lat' dir='ltr'><strong>tuum,</strong></span> <span class='ocrx_word' id='word_1_476' title='bbox 2821 2899 2875 2946; x_wconf 92' lang='lat' dir='ltr'><strong>et</strong></span> <span class='ocrx_word' id='word_1_477' title='bbox 2910 2905 3017 2945; x_wconf 91' lang='lat' dir='ltr'><strong>non</strong></span> <span class='ocrx_word' id='word_1_478' title='bbox 3051 2891 3328 2946; x_wconf 85' lang='lat' dir='ltr'><strong>morieris.</strong></span> 
     </span>
    </p>
   </div>
   <div class='ocr_carea' id='block_1_74' title="bbox 2141 3061 3669 3136">
    <p class='ocr_par' dir='ltr' id='par_1_74' title="bbox 2141 3061 3669 3136">
     <span class='ocr_line' id='line_1_74' title="bbox 2141 3061 3669 3136; baseline 0.002 -17"><span class='ocrx_word' id='word_1_479' title='bbox 2141 3061 2198 3119; x_wconf 88' lang='lat' dir='ltr'><strong>Si</strong></span> <span class='ocrx_word' id='word_1_480' title='bbox 2229 3063 2360 3134; x_wconf 86' lang='lat' dir='ltr'><strong>quid</strong></span> <span class='ocrx_word' id='word_1_481' title='bbox 2392 3062 2642 3134; x_wconf 91' lang='lat' dir='ltr'><strong>iniquum</strong></span> <span class='ocrx_word' id='word_1_482' title='bbox 2671 3073 2754 3120; x_wconf 88' lang='lat' dir='ltr'><strong>est</strong></span> <span class='ocrx_word' id='word_1_483' title='bbox 2784 3065 2839 3120; x_wconf 91' lang='lat' dir='ltr'><strong>in</strong></span> <span class='ocrx_word' id='word_1_484' title='bbox 2871 3081 3034 3121; x_wconf 88' lang='lat' dir='ltr'><strong>manu</strong></span> <span class='ocrx_word' id='word_1_485' title='bbox 3076 3075 3186 3133; x_wconf 89' lang='lat' dir='ltr'><strong>tua,</strong></span> <span class='ocrx_word' id='word_1_486' title='bbox 3215 3065 3406 3136; x_wconf 88' lang='lat' dir='ltr'><strong>procul</strong></span> <span class='ocrx_word' id='word_1_487' title='bbox 3435 3065 3490 3122; x_wconf 91' lang='lat' dir='ltr'><strong>id</strong></span> <span class='ocrx_word' id='word_1_488' title='bbox 3520 3081 3669 3122; x_wconf 83' lang='lat' dir='ltr'><strong>amo-</strong></span> 
     </span>
    </p>
   </div>
   <div class='ocr_carea' id='block_1_75' title="bbox 2069 3156 3670 3230">
    <p class='ocr_par' dir='ltr' id='par_1_75' title="bbox 2069 3156 3670 3230">
     <span class='ocr_line' id='line_1_75' title="bbox 2069 3156 3670 3230; baseline 0.002 -19"><span class='ocrx_word' id='word_1_489' title='bbox 2069 3156 2172 3214; x_wconf 87' lang='lat' dir='ltr'><strong>lire</strong></span> <span class='ocrx_word' id='word_1_490' title='bbox 2200 3156 2299 3212; x_wconf 90' lang='lat' dir='ltr'><strong>abs</strong></span> <span class='ocrx_word' id='word_1_491' title='bbox 2331 3165 2383 3212; x_wconf 89' lang='lat' dir='ltr'><strong>te</strong></span> <span class='ocrx_word' id='word_1_492' title='bbox 2433 3173 2448 3212; x_wconf 87' lang='lat'><strong>:</strong></span> <span class='ocrx_word' id='word_1_493' title='bbox 2500 3159 2580 3212; x_wconf 87' lang='lat' dir='ltr'><strong>sic</strong></span> <span class='ocrx_word' id='word_1_494' title='bbox 2630 3157 2894 3214; x_wconf 85' lang='lat' dir='ltr'><strong>relucebit</strong></span> <span class='ocrx_word' id='word_1_495' title='bbox 2933 3158 3105 3215; x_wconf 82' lang='lat' dir='ltr'><strong>facies</strong></span> <span class='ocrx_word' id='word_1_496' title='bbox 3161 3168 3254 3216; x_wconf 90' lang='lat' dir='ltr'><strong>tua</strong></span> <span class='ocrx_word' id='word_1_497' title='bbox 3286 3159 3460 3216; x_wconf 89' lang='lat' dir='ltr'><strong>instar</strong></span> <span class='ocrx_word' id='word_1_498' title='bbox 3511 3175 3670 3230; x_wconf 70' lang='lat' dir='ltr'><strong>aqua:</strong></span> 
     </span>
    </p>
   </div>
   <div class='ocr_carea' id='block_1_76' title="bbox 2146 3340 3670 3414">
    <p class='ocr_par' dir='ltr' id='par_1_76' title="bbox 2146 3340 3670 3414">
     <span class='ocr_line' id='line_1_76' title="bbox 2146 3340 3670 3414; baseline 0.003 -19"><span class='ocrx_word' id='word_1_499' title='bbox 2146 3341 2205 3395; x_wconf 88' lang='lat' dir='ltr'><strong>Si</strong></span> <span class='ocrx_word' id='word_1_500' title='bbox 2260 3340 2467 3398; x_wconf 78' lang='lat' dir='ltr'><strong>iuerint</strong></span> <span class='ocrx_word' id='word_1_501' title='bbox 2516 3342 2664 3397; x_wconf 86' lang='lat' dir='ltr'><strong>mille</strong></span> <span class='ocrx_word' id='word_1_502' title='bbox 2713 3343 2894 3414; x_wconf 82' lang='lat' dir='ltr'><strong>angeli</strong></span> <span class='ocrx_word' id='word_1_503' title='bbox 2936 3342 3196 3409; x_wconf 86' lang='lat' dir='ltr'><strong>lethil&#39;eri,</strong></span> <span class='ocrx_word' id='word_1_504' title='bbox 3230 3343 3410 3400; x_wconf 91' lang='lat' dir='ltr'><strong>nullus</strong></span> <span class='ocrx_word' id='word_1_505' title='bbox 3476 3358 3670 3400; x_wconf 83' lang='lat' dir='ltr'><strong>eorum</strong></span> 
     </span>
    </p>
   </div>
   <div class='ocr_carea' id='block_1_77' title="bbox 2077 3435 3675 3500">
    <p class='ocr_par' dir='ltr' id='par_1_77' title="bbox 2077 3435 3675 3500">
     <span class='ocr_line' id='line_1_77' title="bbox 2077 3435 3675 3500; baseline 0.004 -13"><span class='ocrx_word' id='word_1_506' title='bbox 2077 3435 2389 3489; x_wconf 86' lang='lat' dir='ltr'><strong>vulnerabit</strong></span> <span class='ocrx_word' id='word_1_507' title='bbox 2422 3450 2571 3500; x_wconf 82' lang='lat' dir='ltr'><strong>eum.</strong></span> <span class='ocrx_word' id='word_1_508' title='bbox 2595 3436 2642 3490; x_wconf 88' lang='lat' dir='ltr'><strong>si</strong></span> <span class='ocrx_word' id='word_1_509' title='bbox 2672 3452 2740 3491; x_wconf 80' lang='lat' dir='ltr'><strong>ex</strong></span> <span class='ocrx_word' id='word_1_510' title='bbox 2767 3436 2953 3493; x_wconf 88' lang='lat' dir='ltr'><strong>animo</strong></span> <span class='ocrx_word' id='word_1_511' title='bbox 2990 3436 3247 3493; x_wconf 85' lang='lat' dir='ltr'><strong>instituat</strong></span> <span class='ocrx_word' id='word_1_512' title='bbox 3281 3437 3348 3493; x_wconf 89' lang='lat' dir='ltr'><strong>ad</strong></span> <span class='ocrx_word' id='word_1_513' title='bbox 3380 3435 3675 3494; x_wconf 89' lang='lat' dir='ltr'><strong>Dominum</strong></span> 
     </span>
    </p>
   </div>
   <div class='ocr_carea' id='block_1_78' title="bbox 2077 3525 2348 3582">
    <p class='ocr_par' dir='ltr' id='par_1_78' title="bbox 2077 3525 2348 3582">
     <span class='ocr_line' id='line_1_78' title="bbox 2077 3525 2348 3582; baseline -0.007 0"><span class='ocrx_word' id='word_1_514' title='bbox 2077 3525 2348 3582; x_wconf 83' lang='lat' dir='ltr'><strong>converti.</strong></span> 
     </span>
    </p>
   </div>
   <div class='ocr_carea' id='block_1_79' title="bbox 2151 3616 3675 3689">
    <p class='ocr_par' dir='ltr' id='par_1_79' title="bbox 2151 3616 3675 3689">
     <span class='ocr_line' id='line_1_79' title="bbox 2151 3616 3675 3689; baseline 0.007 -19"><span class='ocrx_word' id='word_1_515' title='bbox 2151 3616 2305 3672; x_wconf 74' lang='grc' dir='ltr'>Ρεαί.</span> <span class='ocrx_word' id='word_1_516' title='bbox 2357 3636 2508 3677; x_wconf 69' lang='lat' dir='ltr'><strong>xxxx.</strong></span> <span class='ocrx_word' id='word_1_517' title='bbox 2576 3619 2718 3689; x_wconf 87' lang='lat' dir='ltr'><strong>Dixi,</strong></span> <span class='ocrx_word' id='word_1_518' title='bbox 2760 3621 3075 3679; x_wconf 77' lang='lat' dir='ltr'><strong>Conﬁtebor</strong></span> <span class='ocrx_word' id='word_1_519' title='bbox 3122 3622 3386 3681; x_wconf 87' lang='lat' dir='ltr'><strong>adversus</strong></span> <span class='ocrx_word' id='word_1_520' title='bbox 3429 3639 3517 3680; x_wconf 90' lang='lat' dir='ltr'><strong>me</strong></span> <span class='ocrx_word' id='word_1_521' title='bbox 3572 3623 3675 3680; x_wconf 81' lang='lat' dir='ltr'><strong>iai-</strong></span> 
     </span>
    </p>
   </div>
   <div class='ocr_carea' id='block_1_80' title="bbox 2080 3712 3676 3788">
    <p class='ocr_par' dir='ltr' id='par_1_80' title="bbox 2080 3712 3676 3788">
     <span class='ocr_line' id='line_1_80' title="bbox 2080 3712 3676 3788; baseline 0.006 -24"><span class='ocrx_word' id='word_1_522' title='bbox 2080 3712 2350 3781; x_wconf 86' lang='lat' dir='ltr'><strong>quitatem</strong></span> <span class='ocrx_word' id='word_1_523' title='bbox 2392 3729 2568 3767; x_wconf 84' lang='lat' dir='ltr'><strong>meum</strong></span> <span class='ocrx_word' id='word_1_524' title='bbox 2608 3713 2844 3770; x_wconf 89' lang='lat' dir='ltr'><strong>Domino</strong></span> <span class='ocrx_word' id='word_1_525' title='bbox 2883 3732 2897 3770; x_wconf 88' lang='lat'>:</span> <span class='ocrx_word' id='word_1_526' title='bbox 2935 3726 2991 3772; x_wconf 91' lang='lat' dir='ltr'><strong>et</strong></span> <span class='ocrx_word' id='word_1_527' title='bbox 3034 3725 3088 3770; x_wconf 87' lang='grc' dir='ltr'><strong>ιιι</strong></span> <span class='ocrx_word' id='word_1_528' title='bbox 3129 3716 3389 3773; x_wconf 87' lang='lat' dir='ltr'><strong>remisisti</strong></span> <span class='ocrx_word' id='word_1_529' title='bbox 3425 3716 3676 3788; x_wconf 88' lang='lat' dir='ltr'><strong>impieta-</strong></span> 
     </span>
    </p>
   </div>
   <div class='ocr_carea' id='block_1_81' title="bbox 2082 3801 2570 3857">
    <p class='ocr_par' dir='ltr' id='par_1_81' title="bbox 2082 3801 2570 3857">
     <span class='ocr_line' id='line_1_81' title="bbox 2082 3801 2570 3857; baseline 0.008 -4"><span class='ocrx_word' id='word_1_530' title='bbox 2082 3809 2190 3853; x_wconf 89' lang='lat' dir='ltr'><strong>tem</strong></span> <span class='ocrx_word' id='word_1_531' title='bbox 2226 3801 2411 3854; x_wconf 87' lang='lat' dir='ltr'><strong>cordis</strong></span> <span class='ocrx_word' id='word_1_532' title='bbox 2444 3802 2570 3857; x_wconf 90' lang='lat' dir='ltr'><strong>mei.</strong></span> 
     </span>
    </p>
   </div>
   <div class='ocr_carea' id='block_1_82' title="bbox 2157 3889 3678 3971">
    <p class='ocr_par' dir='ltr' id='par_1_82' title="bbox 2157 3889 3678 3971">
     <span class='ocr_line' id='line_1_82' title="bbox 2157 3889 3678 3971; baseline 0.011 -29"><span class='ocrx_word' id='word_1_533' title='bbox 2157 3889 2311 3946; x_wconf 80' lang='lat' dir='ltr'><strong>Psal.</strong></span> <span class='ocrx_word' id='word_1_534' title='bbox 2351 3908 2495 3949; x_wconf 74' lang='lat' dir='ltr'><strong>xc&quot;.</strong></span> <span class='ocrx_word' id='word_1_535' title='bbox 2552 3896 2965 3954; x_wconf 83' lang='lat' dir='ltr'><strong>Praeveniamus</strong></span> <span class='ocrx_word' id='word_1_536' title='bbox 2999 3897 3193 3955; x_wconf 81' lang='lat' dir='ltr'><strong>faciem</strong></span> <span class='ocrx_word' id='word_1_537' title='bbox 3224 3897 3344 3971; x_wconf 81' lang='lat' dir='ltr'><strong>ejus</strong></span> <span class='ocrx_word' id='word_1_538' title='bbox 3366 3899 3423 3956; x_wconf 87' lang='lat' dir='ltr'><strong>iu</strong></span> <span class='ocrx_word' id='word_1_539' title='bbox 3462 3901 3678 3958; x_wconf 79' lang='lat' dir='ltr'><strong>confes—</strong></span> 
     </span>
    </p>
   </div>
   <div class='ocr_carea' id='block_1_83' title="bbox 2080 3996 2264 4038">
    <p class='ocr_par' dir='ltr' id='par_1_83' title="bbox 2080 3996 2264 4038">
     <span class='ocr_line' id='line_1_83' title="bbox 2080 3996 2264 4038; baseline 0 0"><span class='ocrx_word' id='word_1_540' title='bbox 2080 3996 2264 4038; x_wconf 72' lang='lat' dir='ltr'><strong>alone.</strong></span> 
     </span>
    </p>
   </div>
   <div class='ocr_carea' id='block_1_84' title="bbox 2165 4073 3532 4160">
    <p class='ocr_par' dir='ltr' id='par_1_84' title="bbox 2165 4073 3532 4160">
     <span class='ocr_line' id='line_1_84' title="bbox 2165 4073 3532 4160; baseline 0.011 -32"><span class='ocrx_word' id='word_1_541' title='bbox 2165 4073 2328 4136; x_wconf 79' lang='lat' dir='ltr'><strong>Prov.</strong></span> <span class='ocrx_word' id='word_1_542' title='bbox 2363 4095 2512 4138; x_wconf 80' lang='lat' dir='ltr'><strong>xxiv.</strong></span> <span class='ocrx_word' id='word_1_543' title='bbox 2547 4081 2762 4152; x_wconf 87' lang='lat' dir='ltr'><strong>Septies</strong></span> <span class='ocrx_word' id='word_1_544' title='bbox 2792 4084 2945 4141; x_wconf 86' lang='lat' dir='ltr'><strong>cadet</strong></span> <span class='ocrx_word' id='word_1_545' title='bbox 2975 4085 3161 4157; x_wconf 81' lang='lat' dir='ltr'><strong>justus</strong></span> <span class='ocrx_word' id='word_1_546' title='bbox 3188 4095 3241 4144; x_wconf 90' lang='lat' dir='ltr'><strong>et</strong></span> <span class='ocrx_word' id='word_1_547' title='bbox 3261 4098 3532 4160; x_wconf 77' lang='lat' dir='ltr'><strong>resurget.</strong></span> 
     </span>
    </p>
   </div>
   <div class='ocr_carea' id='block_1_85' title="bbox 2155 4170 3686 4252">
    <p class='ocr_par' dir='ltr' id='par_1_85' title="bbox 2155 4170 3686 4252">
     <span class='ocr_line' id='line_1_85' title="bbox 2155 4170 3686 4252; baseline 0.005 -26"><span class='ocrx_word' id='word_1_548' title='bbox 2155 4170 2300 4226; x_wconf 81' lang='lat' dir='ltr'><strong>Ibid.</strong></span> <span class='ocrx_word' id='word_1_549' title='bbox 2342 4188 2498 4230; x_wconf 82' lang='lat' dir='ltr'><strong>xvtn.</strong></span> <span class='ocrx_word' id='word_1_550' title='bbox 2533 4172 2727 4233; x_wconf 82' lang='lat' dir='ltr'><strong>Justus</strong></span> <span class='ocrx_word' id='word_1_551' title='bbox 2774 4180 2862 4232; x_wconf 84' lang='lat' dir='ltr'><strong>sui</strong></span> <span class='ocrx_word' id='word_1_552' title='bbox 2915 4190 3208 4236; x_wconf 87' lang='lat' dir='ltr'><strong>accusator</strong></span> <span class='ocrx_word' id='word_1_553' title='bbox 3255 4192 3342 4237; x_wconf 82' lang='lat' dir='ltr'><strong>est</strong></span> <span class='ocrx_word' id='word_1_554' title='bbox 3391 4181 3448 4236; x_wconf 83' lang='lat' dir='ltr'><strong>in</strong></span> <span class='ocrx_word' id='word_1_555' title='bbox 3497 4181 3686 4252; x_wconf 88' lang='lat' dir='ltr'><strong>primo.</strong></span> 
     </span>
    </p>
   </div>
   <div class='ocr_carea' id='block_1_86' title="bbox 2082 4278 2359 4321">
    <p class='ocr_par' dir='ltr' id='par_1_86' title="bbox 2082 4278 2359 4321">
     <span class='ocr_line' id='line_1_86' title="bbox 2082 4278 2359 4321; baseline 0.004 -1"><span class='ocrx_word' id='word_1_556' title='bbox 2082 4278 2359 4321; x_wconf 85' lang='lat' dir='ltr'><strong>sermone.</strong></span> 
     </span>
    </p>
   </div>
   <div class='ocr_carea' id='block_1_87' title="bbox 2165 4361 3667 4424">
    <p class='ocr_par' dir='ltr' id='par_1_87' title="bbox 2165 4361 3667 4424">
     <span class='ocr_line' id='line_1_87' title="bbox 2165 4361 3667 4424; baseline 0.004 -8"><span class='ocrx_word' id='word_1_557' title='bbox 2165 4361 2283 4416; x_wconf 83' lang='lat' dir='ltr'><strong>Joel</strong></span> <span class='ocrx_word' id='word_1_558' title='bbox 2317 4377 2376 4416; x_wconf 90' lang='lat' dir='ltr'><strong>ll.</strong></span> <span class='ocrx_word' id='word_1_559' title='bbox 2426 4362 2491 4418; x_wconf 86' lang='lat' dir='ltr'><strong>Et</strong></span> <span class='ocrx_word' id='word_1_560' title='bbox 2525 4379 2673 4419; x_wconf 89' lang='lat' dir='ltr'><strong>nunc</strong></span> <span class='ocrx_word' id='word_1_561' title='bbox 2720 4364 2853 4420; x_wconf 87' lang='lat' dir='ltr'><strong>dicit</strong></span> <span class='ocrx_word' id='word_1_562' title='bbox 2923 4364 3192 4423; x_wconf 88' lang='lat' dir='ltr'><strong>Dominus</strong></span> <span class='ocrx_word' id='word_1_563' title='bbox 3246 4365 3391 4424; x_wconf 91' lang='lat' dir='ltr'><strong>Deus</strong></span> <span class='ocrx_word' id='word_1_564' title='bbox 3440 4380 3667 4423; x_wconf 88' lang='lat' dir='ltr'><strong>vester:</strong></span> 
     </span>
    </p>
   </div>
   <div class='ocr_carea' id='block_1_88' title="bbox 2085 4444 3674 4532">
    <p class='ocr_par' dir='ltr' id='par_1_88' title="bbox 2085 4444 3674 4532">
     <span class='ocr_line' id='line_1_88' title="bbox 2085 4444 3674 4532; baseline -0.002 -14"><span class='ocrx_word' id='word_1_565' title='bbox 2085 4458 2485 4518; x_wconf 84' lang='lat' dir='ltr'><strong>Convertimini</strong></span> <span class='ocrx_word' id='word_1_566' title='bbox 2517 4458 2584 4512; x_wconf 84' lang='lat' dir='ltr'><strong>ad</strong></span> <span class='ocrx_word' id='word_1_567' title='bbox 2615 4472 2700 4511; x_wconf 89' lang='lat' dir='ltr'><strong>me</strong></span> <span class='ocrx_word' id='word_1_568' title='bbox 2731 4472 2799 4512; x_wconf 82' lang='lat' dir='ltr'><strong>ex</strong></span> <span class='ocrx_word' id='word_1_569' title='bbox 2829 4468 2942 4514; x_wconf 83' lang='lat' dir='ltr'><strong>toto</strong></span> <span class='ocrx_word' id='word_1_570' title='bbox 2975 4465 3140 4516; x_wconf 89' lang='lat' dir='ltr'><strong>corde</strong></span> <span class='ocrx_word' id='word_1_571' title='bbox 3163 4444 3365 4524; x_wconf 83' lang='lat' dir='ltr'><strong>vestro,</strong></span> <span class='ocrx_word' id='word_1_572' title='bbox 3395 4461 3448 4515; x_wconf 90' lang='lat' dir='ltr'><strong>in</strong></span> <span class='ocrx_word' id='word_1_573' title='bbox 3465 4462 3674 4532; x_wconf 86' lang='lat' dir='ltr'><strong>jejunio</strong></span> 
     </span>
    </p>
   </div>
   <div class='ocr_carea' id='block_1_89' title="bbox 395 4547 1997 4627">
    <p class='ocr_par' dir='ltr' id='par_1_89' title="bbox 395 4547 1982 4627">
     <span class='ocr_line' id='line_1_89' title="bbox 395 4547 1982 4627; baseline -0.01 -14"><span class='ocrx_word' id='word_1_574' title='bbox 395 4563 454 4613; x_wconf 82' lang='grc' dir='ltr'>ἐν</span> <span class='ocrx_word' id='word_1_575' title='bbox 485 4557 749 4627; x_wconf 75' lang='grc' dir='ltr'>κλαυθμῴ</span> <span class='ocrx_word' id='word_1_576' title='bbox 789 4555 885 4611; x_wconf 75' lang='grc' dir='ltr'>καὶ</span> <span class='ocrx_word' id='word_1_577' title='bbox 913 4551 1131 4623; x_wconf 86' lang='grc' dir='ltr'>κοπετῷ</span> <span class='ocrx_word' id='word_1_578' title='bbox 1155 4563 1168 4576; x_wconf 84' lang='lat'><strong><em>°</em></strong></span> <span class='ocrx_word' id='word_1_579' title='bbox 1223 4551 1320 4602; x_wconf 81' lang='grc' dir='ltr'>καὶ</span> <span class='ocrx_word' id='word_1_580' title='bbox 1344 4548 1676 4618; x_wconf 75' lang='grc' dir='ltr'>διαρῤήξατε</span> <span class='ocrx_word' id='word_1_581' title='bbox 1710 4547 1805 4608; x_wconf 86' lang='grc' dir='ltr'>τὰς</span> <span class='ocrx_word' id='word_1_582' title='bbox 1847 4561 1982 4614; x_wconf 88' lang='grc' dir='ltr'>καρ-</span> 
     </span>
    </p>
   </div>
   <div class='ocr_carea' id='block_1_90' title="bbox 2102 4547 3668 4627">
    <p class='ocr_par' dir='ltr' id='par_1_90' title="bbox 2102 4551 3668 4619">
     <span class='ocr_line' id='line_1_90' title="bbox 2102 4551 3668 4619; baseline 0.001 -11"><span class='ocrx_word' id='word_1_583' title='bbox 2102 4563 2142 4609; x_wconf 71' lang='lat' dir='ltr'><strong>rt</strong></span> <span class='ocrx_word' id='word_1_584' title='bbox 2177 4552 2304 4606; x_wconf 86' lang='lat' dir='ltr'><strong>ﬂetu</strong></span> <span class='ocrx_word' id='word_1_585' title='bbox 2347 4563 2402 4606; x_wconf 86' lang='lat' dir='ltr'><strong>et</strong></span> <span class='ocrx_word' id='word_1_586' title='bbox 2445 4551 2664 4619; x_wconf 88' lang='lat' dir='ltr'><strong>planetu</strong></span> <span class='ocrx_word' id='word_1_587' title='bbox 2706 4569 2718 4605; x_wconf 88' lang='lat'>:</span> <span class='ocrx_word' id='word_1_588' title='bbox 2758 4560 2814 4605; x_wconf 87' lang='lat' dir='ltr'><strong>et</strong></span> <span class='ocrx_word' id='word_1_589' title='bbox 2848 4551 3086 4607; x_wconf 88' lang='lat' dir='ltr'><strong>scindite</strong></span> <span class='ocrx_word' id='word_1_590' title='bbox 3125 4554 3289 4607; x_wconf 87' lang='lat' dir='ltr'><strong>corda</strong></span> <span class='ocrx_word' id='word_1_591' title='bbox 3323 4562 3525 4619; x_wconf 81' lang='lat' dir='ltr'><strong>vestra,</strong></span> <span class='ocrx_word' id='word_1_592' title='bbox 3563 4570 3668 4609; x_wconf 74' lang='lat' dir='ltr'><strong>mn</strong></span> 
     </span>
    </p>
   </div>
   <div class='ocr_carea' id='block_1_91' title="bbox 394 4638 1983 4722">
    <p class='ocr_par' dir='ltr' id='par_1_91' title="bbox 394 4638 1983 4722">
     <span class='ocr_line' id='line_1_91' title="bbox 394 4638 1983 4722; baseline -0.01 -17"><span class='ocrx_word' id='word_1_593' title='bbox 394 4652 512 4714; x_wconf 86' lang='grc' dir='ltr'>δίας</span> <span class='ocrx_word' id='word_1_594' title='bbox 545 4651 720 4722; x_wconf 86' lang='grc' dir='ltr'>ὑμῶν,</span> <span class='ocrx_word' id='word_1_595' title='bbox 751 4648 847 4702; x_wconf 71' lang='grc' dir='ltr'>καὶ</span> <span class='ocrx_word' id='word_1_596' title='bbox 901 4647 979 4717; x_wconf 81' lang='grc' dir='ltr'>μὴ</span> <span class='ocrx_word' id='word_1_597' title='bbox 1007 4644 1077 4697; x_wconf 89' lang='grc' dir='ltr'><strong>τά</strong></span> <span class='ocrx_word' id='word_1_598' title='bbox 1113 4644 1302 4712; x_wconf 79' lang='grc' dir='ltr'>ἱμάτια</span> <span class='ocrx_word' id='word_1_599' title='bbox 1331 4640 1508 4712; x_wconf 82' lang='grc' dir='ltr'>ὑμῶν,</span> <span class='ocrx_word' id='word_1_600' title='bbox 1561 4640 1660 4693; x_wconf 76' lang='grc' dir='ltr'>καὶ</span> <span class='ocrx_word' id='word_1_601' title='bbox 1719 4638 1983 4704; x_wconf 75' lang='grc' dir='ltr'>ἐπιστράο</span> 
     </span>
    </p>
   </div>
   <div class='ocr_carea' id='block_1_92' title="bbox 397 4733 1984 4815">
    <p class='ocr_par' dir='ltr' id='par_1_92' title="bbox 397 4733 1984 4815">
     <span class='ocr_line' id='line_1_92' title="bbox 397 4733 1984 4815; baseline -0.009 -17"><span class='ocrx_word' id='word_1_602' title='bbox 397 4762 538 4815; x_wconf 84' lang='grc' dir='ltr'>φητε</span> <span class='ocrx_word' id='word_1_603' title='bbox 574 4743 709 4813; x_wconf 82' lang='grc' dir='ltr'>πρὸς</span> <span class='ocrx_word' id='word_1_604' title='bbox 738 4742 946 4810; x_wconf 82' lang='grc' dir='ltr'>Κύριον</span> <span class='ocrx_word' id='word_1_605' title='bbox 981 4736 1074 4791; x_wconf 82' lang='grc' dir='ltr'><strong>τὸν</strong></span> <span class='ocrx_word' id='word_1_606' title='bbox 1109 4736 1244 4789; x_wconf 87' lang='grc' dir='ltr'>Θεὸν</span> <span class='ocrx_word' id='word_1_607' title='bbox 1279 4734 1458 4802; x_wconf 81' lang='grc' dir='ltr'>ὑμῶν,</span> <span class='ocrx_word' id='word_1_608' title='bbox 1499 4734 1580 4786; x_wconf 82' lang='grc' dir='ltr'><strong>ὅτι</strong></span> <span class='ocrx_word' id='word_1_609' title='bbox 1605 4733 1855 4803; x_wconf 69' lang='grc' dir='ltr'>ἐλεήμων</span> <span class='ocrx_word' id='word_1_610' title='bbox 1888 4735 1984 4784; x_wconf 81' lang='grc' dir='ltr'><strong>καὶ</strong></span> 
     </span>
    </p>
   </div>
   <div class='ocr_carea' id='block_1_93' title="bbox 397 4825 1985 4907">
    <p class='ocr_par' dir='ltr' id='par_1_93' title="bbox 397 4825 1985 4907">
     <span class='ocr_line' id='line_1_93' title="bbox 397 4825 1985 4907; baseline -0.007 -17"><span class='ocrx_word' id='word_1_611' title='bbox 397 4836 703 4907; x_wconf 71' lang='grc' dir='ltr'>οἰκτίρμων</span> <span class='ocrx_word' id='word_1_612' title='bbox 753 4833 894 4894; x_wconf 74' lang='grc' dir='ltr'>ἐστὶ,</span> <span class='ocrx_word' id='word_1_613' title='bbox 944 4829 1303 4900; x_wconf 76' lang='grc' dir='ltr'>μακροθυμος</span> <span class='ocrx_word' id='word_1_614' title='bbox 1356 4826 1453 4880; x_wconf 73' lang='grc' dir='ltr'>καὶ</span> <span class='ocrx_word' id='word_1_615' title='bbox 1513 4825 1828 4890; x_wconf 87' lang='grc' dir='ltr'>πολυέλεος,</span> <span class='ocrx_word' id='word_1_616' title='bbox 1887 4825 1985 4879; x_wconf 78' lang='grc' dir='ltr'>καὶ</span> 
     </span>
    </p>
   </div>
   <div class='ocr_carea' id='block_1_94' title="bbox 404 4927 1306 5002">
    <p class='ocr_par' dir='ltr' id='par_1_94' title="bbox 404 4927 1306 5002">
     <span class='ocr_line' id='line_1_94' title="bbox 404 4927 1306 5002; baseline -0.011 -19"><span class='ocrx_word' id='word_1_617' title='bbox 404 4927 680 5002; x_wconf 83' lang='grc' dir='ltr'>μετανοῶν</span> <span class='ocrx_word' id='word_1_618' title='bbox 711 4928 805 4981; x_wconf 77' lang='grc' dir='ltr'>ἐπὶ</span> <span class='ocrx_word' id='word_1_619' title='bbox 833 4929 955 4988; x_wconf 86' lang='grc' dir='ltr'>ταῖς</span> <span class='ocrx_word' id='word_1_620' title='bbox 1003 4929 1243 4986; x_wconf 83' lang='grc' dir='ltr'>κακίαις.</span> <span class='ocrx_word' id='word_1_621' title='bbox 1285 4939 1306 4973; x_wconf 77' lang='grc' dir='ltr'><strong>ι</strong></span> 
     </span>
    </p>
   </div>
   <div class='ocr_carea' id='block_1_95' title="bbox 481 5110 1985 5182">
    <p class='ocr_par' dir='ltr' id='par_1_95' title="bbox 481 5110 1985 5182">
     <span class='ocr_line' id='line_1_95' title="bbox 481 5110 1985 5182; baseline -0.005 -13"><span class='ocrx_word' id='word_1_622' title='bbox 481 5135 501 5169; x_wconf 77' lang='grc' dir='ltr'><strong>ι</strong></span> <span class='ocrx_word' id='word_1_623' title='bbox 555 5112 960 5182; x_wconf 81' lang='grc' dir='ltr'>Ἐπιστράφητε</span> <span class='ocrx_word' id='word_1_624' title='bbox 1007 5110 1145 5182; x_wconf 81' lang='grc' dir='ltr'>πρός</span> <span class='ocrx_word' id='word_1_625' title='bbox 1199 5127 1292 5182; x_wconf 87' lang='grc' dir='ltr'><strong>με,</strong></span> <span class='ocrx_word' id='word_1_626' title='bbox 1343 5111 1439 5164; x_wconf 76' lang='grc' dir='ltr'>καὶ</span> <span class='ocrx_word' id='word_1_627' title='bbox 1495 5110 1985 5179; x_wconf 82' lang='grc' dir='ltr'>ὲπιστραφήσομαι</span> 
     </span>
    </p>
   </div>
   <div class='ocr_carea' id='block_1_96' title="bbox 406 5201 1671 5276">
    <p class='ocr_par' dir='ltr' id='par_1_96' title="bbox 406 5201 1671 5276">
     <span class='ocr_line' id='line_1_96' title="bbox 406 5201 1671 5276; baseline -0.004 -19"><span class='ocrx_word' id='word_1_628' title='bbox 406 5206 541 5276; x_wconf 76' lang='grc' dir='ltr'>πρὸς</span> <span class='ocrx_word' id='word_1_629' title='bbox 569 5205 737 5274; x_wconf 79' lang='grc' dir='ltr'>ὑμᾶς,</span> <span class='ocrx_word' id='word_1_630' title='bbox 781 5222 800 5255; x_wconf 83' lang='grc' dir='ltr'><strong>ι</strong></span> <span class='ocrx_word' id='word_1_631' title='bbox 836 5203 986 5271; x_wconf 80' lang='grc' dir='ltr'>λέγει</span> <span class='ocrx_word' id='word_1_632' title='bbox 1018 5201 1221 5271; x_wconf 83' lang='grc' dir='ltr'>Κύριος</span> <span class='ocrx_word' id='word_1_633' title='bbox 1252 5201 1671 5269; x_wconf 85' lang='grc' dir='ltr'>παντοκράτωρ.</span> 
     </span>
    </p>
   </div>
   <div class='ocr_carea' id='block_1_97' title="bbox 484 5291 1988 5364">
    <p class='ocr_par' dir='ltr' id='par_1_97' title="bbox 484 5291 1988 5364">
     <span class='ocr_line' id='line_1_97' title="bbox 484 5291 1988 5364; baseline -0.007 -11"><span class='ocrx_word' id='word_1_634' title='bbox 484 5299 624 5356; x_wconf 75' lang='grc' dir='ltr'><strong>Οὐαὶ</strong></span> <span class='ocrx_word' id='word_1_635' title='bbox 681 5297 730 5350; x_wconf 77' lang='lat' dir='ltr'><strong>oi</strong></span> <span class='ocrx_word' id='word_1_636' title='bbox 778 5294 1150 5364; x_wconf 75' lang='grc' dir='ltr'>ἐπισπώμενοι</span> <span class='ocrx_word' id='word_1_637' title='bbox 1203 5292 1302 5354; x_wconf 84' lang='grc' dir='ltr'>τὰς</span> <span class='ocrx_word' id='word_1_638' title='bbox 1351 5292 1628 5363; x_wconf 81' lang='grc' dir='ltr'>ἁμαρτίας</span> <span class='ocrx_word' id='word_1_639' title='bbox 1681 5291 1864 5344; x_wconf 77' lang='grc' dir='ltr'>αὐτῶν</span> <span class='ocrx_word' id='word_1_640' title='bbox 1912 5291 1988 5354; x_wconf 86' lang='grc' dir='ltr'><strong>ὡς</strong></span> 
     </span>
    </p>
   </div>
   <div class='ocr_carea' id='block_1_98' title="bbox 413 5384 1988 5463">
    <p class='ocr_par' dir='ltr' id='par_1_98' title="bbox 413 5384 1988 5463">
     <span class='ocr_line' id='line_1_98' title="bbox 413 5384 1988 5463; baseline -0.007 -16"><span class='ocrx_word' id='word_1_641' title='bbox 413 5391 629 5463; x_wconf 82' lang='grc' dir='ltr'>σχοινίῳ</span> <span class='ocrx_word' id='word_1_642' title='bbox 662 5387 884 5460; x_wconf 85' lang='grc' dir='ltr'>μακρῷ,</span> <span class='ocrx_word' id='word_1_643' title='bbox 911 5387 1008 5442; x_wconf 73' lang='grc' dir='ltr'>καὶ</span> <span class='ocrx_word' id='word_1_644' title='bbox 1037 5386 1111 5450; x_wconf 82' lang='grc' dir='ltr'>ὡς</span> <span class='ocrx_word' id='word_1_645' title='bbox 1137 5386 1306 5455; x_wconf 79' lang='grc' dir='ltr'>ζυγοῦ</span> <span class='ocrx_word' id='word_1_646' title='bbox 1331 5386 1517 5455; x_wconf 81' lang='grc' dir='ltr'>ἱμάντι</span> <span class='ocrx_word' id='word_1_647' title='bbox 1543 5384 1853 5456; x_wconf 80' lang='grc' dir='ltr'>δαμάλεως,</span> <span class='ocrx_word' id='word_1_648' title='bbox 1887 5386 1988 5448; x_wconf 80' lang='grc' dir='ltr'><strong>τάς</strong></span> 
     </span>
    </p>
   </div>
   <div class='ocr_carea' id='block_1_99' title="bbox 409 5484 866 5557">
    <p class='ocr_par' dir='ltr' id='par_1_99' title="bbox 409 5484 866 5557">
     <span class='ocr_line' id='line_1_99' title="bbox 409 5484 866 5557; baseline -0.007 -16"><span class='ocrx_word' id='word_1_649' title='bbox 409 5489 638 5557; x_wconf 81' lang='grc' dir='ltr'>ἀνομίας</span> <span class='ocrx_word' id='word_1_650' title='bbox 667 5484 866 5538; x_wconf 81' lang='grc' dir='ltr'>αὐτῶν.</span> 
     </span>
    </p>
   </div>
   <div class='ocr_carea' id='block_1_100' title="bbox 480 5574 1986 5648">
    <p class='ocr_par' dir='ltr' id='par_1_100' title="bbox 480 5574 1986 5648">
     <span class='ocr_line' id='line_1_100' title="bbox 480 5574 1986 5648; baseline -0.007 -11"><span class='ocrx_word' id='word_1_651' title='bbox 480 5581 790 5647; x_wconf 82' lang='grc' dir='ltr'>Λούσασθε,</span> <span class='ocrx_word' id='word_1_652' title='bbox 817 5578 1048 5646; x_wconf 79' lang='grc' dir='ltr'>καθαροὶ</span> <span class='ocrx_word' id='word_1_653' title='bbox 1074 5575 1314 5648; x_wconf 86' lang='grc' dir='ltr'>γίνεσθε,</span> <span class='ocrx_word' id='word_1_654' title='bbox 1343 5575 1574 5644; x_wconf 83' lang='grc' dir='ltr'>ἀφέλετε</span> <span class='ocrx_word' id='word_1_655' title='bbox 1593 5575 1693 5638; x_wconf 86' lang='grc' dir='ltr'>τὰς</span> <span class='ocrx_word' id='word_1_656' title='bbox 1720 5574 1986 5646; x_wconf 86' lang='grc' dir='ltr'>πονηρίας</span> 
     </span>
    </p>
   </div>
   <div class='ocr_carea' id='block_1_101' title="bbox 414 5669 1991 5747">
    <p class='ocr_par' dir='ltr' id='par_1_101' title="bbox 414 5669 1991 5747">
     <span class='ocr_line' id='line_1_101' title="bbox 414 5669 1991 5747; baseline -0.006 -17"><span class='ocrx_word' id='word_1_657' title='bbox 414 5678 566 5747; x_wconf 78' lang='grc' dir='ltr'>ὑμῶν</span> <span class='ocrx_word' id='word_1_658' title='bbox 606 5677 714 5730; x_wconf 77' lang='grc' dir='ltr'><strong>ἀπὸ</strong></span> <span class='ocrx_word' id='word_1_659' title='bbox 765 5675 874 5728; x_wconf 79' lang='grc' dir='ltr'><strong>τῶν</strong></span> <span class='ocrx_word' id='word_1_660' title='bbox 925 5673 1113 5743; x_wconf 83' lang='grc' dir='ltr'>ψυχῶν</span> <span class='ocrx_word' id='word_1_661' title='bbox 1150 5670 1305 5743; x_wconf 83' lang='grc' dir='ltr'>ὑμῶν</span> <span class='ocrx_word' id='word_1_662' title='bbox 1356 5671 1622 5725; x_wconf 80' lang='grc' dir='ltr'>ἀπέναντι</span> <span class='ocrx_word' id='word_1_663' title='bbox 1655 5671 1762 5724; x_wconf 88' lang='grc' dir='ltr'><strong>τῶν</strong></span> <span class='ocrx_word' id='word_1_664' title='bbox 1788 5669 1991 5738; x_wconf 76' lang='grc' dir='ltr'>ὀφθαλ-</span> 
     </span>
    </p>
   </div>
   <div class='ocr_carea' id='block_1_102' title="bbox 416 5762 1985 5842">
    <p class='ocr_par' dir='ltr' id='par_1_102' title="bbox 416 5762 1985 5842">
     <span class='ocr_line' id='line_1_102' title="bbox 416 5762 1985 5842; baseline -0.005 -21"><span class='ocrx_word' id='word_1_665' title='bbox 416 5771 536 5842; x_wconf 86' lang='grc' dir='ltr'><strong>μῶν</strong></span> <span class='ocrx_word' id='word_1_666' title='bbox 575 5785 702 5839; x_wconf 79' lang='grc' dir='ltr'>μου.</span> <span class='ocrx_word' id='word_1_667' title='bbox 749 5766 1037 5821; x_wconf 73' lang='grc' dir='ltr'>Παύσασθε</span> <span class='ocrx_word' id='word_1_668' title='bbox 1069 5766 1174 5818; x_wconf 69' lang='grc' dir='ltr'>ἀπὸ</span> <span class='ocrx_word' id='word_1_669' title='bbox 1204 5764 1313 5818; x_wconf 89' lang='grc' dir='ltr'><strong>τῶν</strong></span> <span class='ocrx_word' id='word_1_670' title='bbox 1344 5763 1620 5835; x_wconf 85' lang='grc' dir='ltr'>πονηριῶν</span> <span class='ocrx_word' id='word_1_671' title='bbox 1653 5762 1827 5832; x_wconf 83' lang='grc' dir='ltr'>ὑμῶν.</span> <span class='ocrx_word' id='word_1_672' title='bbox 1862 5763 1985 5815; x_wconf 84' lang='grc' dir='ltr'><strong>Μά-</strong></span> 
     </span>
    </p>
   </div>
   <div class='ocr_carea' id='block_1_103' title="bbox 397 5856 1981 5931">
    <p class='ocr_par' dir='ltr' id='par_1_103' title="bbox 397 5856 1981 5931">
     <span class='ocr_line' id='line_1_103' title="bbox 397 5856 1981 5931; baseline -0.004 -17"><span class='ocrx_word' id='word_1_673' title='bbox 397 5865 539 5931; x_wconf 37' lang='grc' dir='ltr'>,θετεν</span> <span class='ocrx_word' id='word_1_674' title='bbox 599 5861 760 5918; x_wconf 68' lang='grc' dir='ltr'>καλὸν</span> <span class='ocrx_word' id='word_1_675' title='bbox 816 5863 1011 5928; x_wconf 80' lang='grc' dir='ltr'>ποιεῖν,</span> <span class='ocrx_word' id='word_1_676' title='bbox 1065 5859 1410 5927; x_wconf 79' lang='grc' dir='ltr'>ἐκζητήσατε</span> <span class='ocrx_word' id='word_1_677' title='bbox 1467 5859 1670 5924; x_wconf 77' lang='grc' dir='ltr'>κρίσιν,</span> <span class='ocrx_word' id='word_1_678' title='bbox 1742 5856 1981 5927; x_wconf 63' lang='grc' dir='ltr'>ῥύσασθε</span> 
     </span>
    </p>
   </div>
   <div class='ocr_carea' id='block_1_104' title="bbox 2087 4645 3667 4710">
    <p class='ocr_par' dir='ltr' id='par_1_104' title="bbox 2087 4645 3667 4710">
     <span class='ocr_line' id='line_1_104' title="bbox 2087 4645 3667 4710; baseline 0.001 -11"><span class='ocrx_word' id='word_1_679' title='bbox 2087 4647 2410 4702; x_wconf 89' lang='lat' dir='ltr'><strong>vestimenta</strong></span> <span class='ocrx_word' id='word_1_680' title='bbox 2453 4654 2659 4710; x_wconf 88' lang='lat' dir='ltr'><strong>vestra,</strong></span> <span class='ocrx_word' id='word_1_681' title='bbox 2709 4655 2764 4699; x_wconf 92' lang='lat' dir='ltr'><strong>et</strong></span> <span class='ocrx_word' id='word_1_682' title='bbox 2807 4646 3194 4701; x_wconf 87' lang='lat' dir='ltr'><strong>convertimini</strong></span> <span class='ocrx_word' id='word_1_683' title='bbox 3250 4645 3318 4700; x_wconf 87' lang='lat' dir='ltr'><strong>ad</strong></span> <span class='ocrx_word' id='word_1_684' title='bbox 3377 4646 3667 4702; x_wconf 89' lang='lat' dir='ltr'><strong>Dominum</strong></span> 
     </span>
    </p>
   </div>
   <div class='ocr_carea' id='block_1_105' title="bbox 2089 4736 3682 4807">
    <p class='ocr_par' dir='ltr' id='par_1_105' title="bbox 2089 4736 3682 4807">
     <span class='ocr_line' id='line_1_105' title="bbox 2089 4736 3682 4807; baseline 0.004 -17"><span class='ocrx_word' id='word_1_685' title='bbox 2089 4736 2254 4794; x_wconf 90' lang='lat' dir='ltr'><strong>Deum</strong></span> <span class='ocrx_word' id='word_1_686' title='bbox 2304 4745 2570 4804; x_wconf 91' lang='lat' dir='ltr'><strong>vestrum,</strong></span> <span class='ocrx_word' id='word_1_687' title='bbox 2627 4739 2888 4807; x_wconf 89' lang='lat' dir='ltr'><strong>quoniam</strong></span> <span class='ocrx_word' id='word_1_688' title='bbox 2931 4738 3212 4796; x_wconf 86' lang='lat' dir='ltr'><strong>benelicus</strong></span> <span class='ocrx_word' id='word_1_689' title='bbox 3255 4751 3310 4796; x_wconf 92' lang='lat' dir='ltr'><strong>et</strong></span> <span class='ocrx_word' id='word_1_690' title='bbox 3345 4742 3682 4798; x_wconf 73' lang='lat' dir='ltr'><strong>misericors.</strong></span> 
     </span>
    </p>
   </div>
   <div class='ocr_carea' id='block_1_106' title="bbox 2085 4828 3670 4902">
    <p class='ocr_par' dir='ltr' id='par_1_106' title="bbox 2085 4828 3670 4902">
     <span class='ocr_line' id='line_1_106' title="bbox 2085 4828 3670 4902; baseline 0 -18"><span class='ocrx_word' id='word_1_691' title='bbox 2085 4837 2192 4893; x_wconf 83' lang='lat' dir='ltr'><strong>est,</strong></span> <span class='ocrx_word' id='word_1_692' title='bbox 2237 4828 2572 4898; x_wconf 81' lang='lat' dir='ltr'><strong>longanimis</strong></span> <span class='ocrx_word' id='word_1_693' title='bbox 2616 4838 2670 4882; x_wconf 90' lang='lat' dir='ltr'><strong>et</strong></span> <span class='ocrx_word' id='word_1_694' title='bbox 2712 4828 2896 4884; x_wconf 83' lang='lat' dir='ltr'><strong>multae</strong></span> <span class='ocrx_word' id='word_1_695' title='bbox 2950 4829 3228 4894; x_wconf 85' lang='lat' dir='ltr'><strong>bonitatis,</strong></span> <span class='ocrx_word' id='word_1_696' title='bbox 3270 4838 3325 4884; x_wconf 92' lang='lat' dir='ltr'><strong>et</strong></span> <span class='ocrx_word' id='word_1_697' title='bbox 3353 4831 3670 4902; x_wconf 67' lang='lat' dir='ltr'><strong>poenitentia</strong></span> 
     </span>
    </p>
   </div>
   <div class='ocr_carea' id='block_1_107' title="bbox 2085 4919 3676 4992">
    <p class='ocr_par' dir='ltr' id='par_1_107' title="bbox 2085 4919 3676 4992">
     <span class='ocr_line' id='line_1_107' title="bbox 2085 4919 3676 4992; baseline 0.001 -16"><span class='ocrx_word' id='word_1_698' title='bbox 2085 4921 2305 4976; x_wconf 85' lang='lat' dir='ltr'><strong>ducitur</strong></span> <span class='ocrx_word' id='word_1_699' title='bbox 2335 4935 2502 4990; x_wconf 86' lang='lat' dir='ltr'><strong>super</strong></span> <span class='ocrx_word' id='word_1_700' title='bbox 2531 4920 2676 4974; x_wconf 89' lang='lat' dir='ltr'><strong>malo</strong></span> <span class='ocrx_word' id='word_1_701' title='bbox 2706 4919 2875 4992; x_wconf 91' lang='lat' dir='ltr'><strong>(quod</strong></span> <span class='ocrx_word' id='word_1_702' title='bbox 2904 4920 3120 4977; x_wconf 88' lang='lat' dir='ltr'><strong>scilicet</strong></span> <span class='ocrx_word' id='word_1_703' title='bbox 3151 4921 3350 4978; x_wconf 82' lang='lat' dir='ltr'><strong>inﬂixit</strong></span> <span class='ocrx_word' id='word_1_704' title='bbox 3380 4923 3553 4989; x_wconf 83' lang='lat' dir='ltr'><strong>vobis,</strong></span> <span class='ocrx_word' id='word_1_705' title='bbox 3587 4923 3676 4980; x_wconf 85' lang='lat' dir='ltr'><strong>vel</strong></span> 
     </span>
    </p>
   </div>
   <div class='ocr_carea' id='block_1_108' title="bbox 2087 5010 2668 5080">
    <p class='ocr_par' dir='ltr' id='par_1_108' title="bbox 2087 5010 2668 5080">
     <span class='ocr_line' id='line_1_108' title="bbox 2087 5010 2668 5080; baseline 0.003 -14"><span class='ocrx_word' id='word_1_706' title='bbox 2087 5010 2398 5068; x_wconf 87' lang='lat' dir='ltr'><strong>inllicturus</strong></span> <span class='ocrx_word' id='word_1_707' title='bbox 2445 5012 2668 5080; x_wconf 79' lang='lat' dir='ltr'><strong>fuerat).</strong></span> 
     </span>
    </p>
   </div>
   <div class='ocr_carea' id='block_1_109' title="bbox 2166 5105 3683 5180">
    <p class='ocr_par' dir='ltr' id='par_1_109' title="bbox 2166 5105 3683 5180">
     <span class='ocr_line' id='line_1_109' title="bbox 2166 5105 3683 5180; baseline 0.005 -18"><span class='ocrx_word' id='word_1_708' title='bbox 2166 5106 2469 5163; x_wconf 70' lang='lat' dir='ltr'><strong>Malacliiw.</strong></span> <span class='ocrx_word' id='word_1_709' title='bbox 2534 5105 2930 5162; x_wconf 84' lang='lat' dir='ltr'><strong>Convertimini</strong></span> <span class='ocrx_word' id='word_1_710' title='bbox 2978 5106 3045 5162; x_wconf 90' lang='lat' dir='ltr'><strong>ad</strong></span> <span class='ocrx_word' id='word_1_711' title='bbox 3107 5121 3216 5175; x_wconf 90' lang='lat' dir='ltr'><strong>me,</strong></span> <span class='ocrx_word' id='word_1_712' title='bbox 3245 5115 3300 5164; x_wconf 93' lang='lat' dir='ltr'><strong>et</strong></span> <span class='ocrx_word' id='word_1_713' title='bbox 3323 5122 3424 5180; x_wconf 75' lang='lat' dir='ltr'><strong>ego</strong></span> <span class='ocrx_word' id='word_1_714' title='bbox 3463 5108 3532 5164; x_wconf 87' lang='lat' dir='ltr'><strong>ad</strong></span> <span class='ocrx_word' id='word_1_715' title='bbox 3576 5126 3683 5170; x_wconf 84' lang='lat' dir='ltr'><strong>vos</strong></span> 
     </span>
    </p>
   </div>
   <div class='ocr_carea' id='block_1_110' title="bbox 2089 5199 3291 5271">
    <p class='ocr_par' dir='ltr' id='par_1_110' title="bbox 2089 5199 3291 5271">
     <span class='ocr_line' id='line_1_110' title="bbox 2089 5199 3291 5271; baseline -0.006 -9"><span class='ocrx_word' id='word_1_716' title='bbox 2089 5214 2399 5267; x_wconf 88' lang='lat' dir='ltr'><strong>convertar,</strong></span> <span class='ocrx_word' id='word_1_717' title='bbox 2425 5200 2601 5269; x_wconf 83' lang='lat' dir='ltr'><strong>inquit</strong></span> <span class='ocrx_word' id='word_1_718' title='bbox 2634 5199 2896 5255; x_wconf 88' lang='lat' dir='ltr'><strong>Dominus</strong></span> <span class='ocrx_word' id='word_1_719' title='bbox 2923 5199 3291 5271; x_wconf 87' lang='lat' dir='ltr'><strong>omnipotens.</strong></span> 
     </span>
    </p>
   </div>
   <div class='ocr_carea' id='block_1_111' title="bbox 2163 5293 3685 5366">
    <p class='ocr_par' dir='ltr' id='par_1_111' title="bbox 2163 5293 3685 5366">
     <span class='ocr_line' id='line_1_111' title="bbox 2163 5293 3685 5366; baseline -0.003 -12"><span class='ocrx_word' id='word_1_720' title='bbox 2163 5297 2275 5354; x_wconf 72' lang='lat' dir='ltr'><strong>13a.</strong></span> <span class='ocrx_word' id='word_1_721' title='bbox 2315 5313 2369 5351; x_wconf 91' lang='lat' dir='ltr'><strong>v.</strong></span> <span class='ocrx_word' id='word_1_722' title='bbox 2409 5293 2502 5350; x_wconf 66' lang='lat' dir='ltr'><strong>Vae</strong></span> <span class='ocrx_word' id='word_1_723' title='bbox 2548 5295 2642 5364; x_wconf 89' lang='lat' dir='ltr'><strong>qui</strong></span> <span class='ocrx_word' id='word_1_724' title='bbox 2691 5294 2969 5349; x_wconf 87' lang='lat' dir='ltr'><strong>attrahitis</strong></span> <span class='ocrx_word' id='word_1_725' title='bbox 3017 5304 3244 5365; x_wconf 86' lang='lat' dir='ltr'><strong>peccata</strong></span> <span class='ocrx_word' id='word_1_726' title='bbox 3276 5296 3520 5366; x_wconf 86' lang='lat' dir='ltr'><strong>ipsorum</strong></span> <span class='ocrx_word' id='word_1_727' title='bbox 3559 5309 3685 5355; x_wconf 50' lang='lat' dir='ltr'><strong>lana.</strong></span> 
     </span>
    </p>
   </div>
   <div class='ocr_carea' id='block_1_112' title="bbox 2091 5387 3680 5464">
    <p class='ocr_par' dir='ltr' id='par_1_112' title="bbox 2091 5387 3680 5464">
     <span class='ocr_line' id='line_1_112' title="bbox 2091 5387 3680 5464; baseline -0.001 -18"><span class='ocrx_word' id='word_1_728' title='bbox 2091 5407 2255 5462; x_wconf 90' lang='lat' dir='ltr'><strong>quam</strong></span> <span class='ocrx_word' id='word_1_729' title='bbox 2289 5391 2451 5458; x_wconf 82' lang='lat' dir='ltr'><strong>longo</strong></span> <span class='ocrx_word' id='word_1_730' title='bbox 2482 5387 2748 5456; x_wconf 77' lang='lat' dir='ltr'><strong>funiculo,</strong></span> <span class='ocrx_word' id='word_1_731' title='bbox 2785 5396 2842 5442; x_wconf 87' lang='lat' dir='ltr'><strong>et</strong></span> <span class='ocrx_word' id='word_1_732' title='bbox 2869 5387 3039 5445; x_wconf 84' lang='lat' dir='ltr'><strong>veluti</strong></span> <span class='ocrx_word' id='word_1_733' title='bbox 3069 5389 3191 5446; x_wconf 88' lang='lat' dir='ltr'><strong>loro</strong></span> <span class='ocrx_word' id='word_1_734' title='bbox 3230 5391 3437 5447; x_wconf 85' lang='lat' dir='ltr'><strong>bubulo</strong></span> <span class='ocrx_word' id='word_1_735' title='bbox 3470 5392 3680 5464; x_wconf 37' lang='lat' dir='ltr'><strong>iniquis</strong></span> 
     </span>
    </p>
   </div>
   <div class='ocr_carea' id='block_1_113' title="bbox 2091 5483 2524 5552">
    <p class='ocr_par' dir='ltr' id='par_1_113' title="bbox 2091 5483 2524 5552">
     <span class='ocr_line' id='line_1_113' title="bbox 2091 5483 2524 5552; baseline -0.005 -15"><span class='ocrx_word' id='word_1_736' title='bbox 2091 5491 2232 5537; x_wconf 83' lang='lat' dir='ltr'><strong>tates</strong></span> <span class='ocrx_word' id='word_1_737' title='bbox 2256 5483 2524 5552; x_wconf 90' lang='lat' dir='ltr'><strong>ipsorum.</strong></span> 
     </span>
    </p>
   </div>
   <div class='ocr_carea' id='block_1_114' title="bbox 2161 5573 3692 5648">
    <p class='ocr_par' dir='ltr' id='par_1_114' title="bbox 2161 5573 3692 5648">
     <span class='ocr_line' id='line_1_114' title="bbox 2161 5573 3692 5648; baseline 0.003 -19"><span class='ocrx_word' id='word_1_738' title='bbox 2161 5575 2306 5630; x_wconf 73' lang='lat' dir='ltr'><strong>Ibid.</strong></span> <span class='ocrx_word' id='word_1_739' title='bbox 2331 5591 2370 5630; x_wconf 90' lang='grc' dir='ltr'><strong>ι.</strong></span> <span class='ocrx_word' id='word_1_740' title='bbox 2390 5573 2697 5641; x_wconf 85' lang='lat' dir='ltr'><strong>Lavamiui,</strong></span> <span class='ocrx_word' id='word_1_741' title='bbox 2727 5573 2916 5631; x_wconf 90' lang='lat' dir='ltr'><strong>mundi</strong></span> <span class='ocrx_word' id='word_1_742' title='bbox 2941 5581 3140 5642; x_wconf 88' lang='lat' dir='ltr'><strong>estote,</strong></span> <span class='ocrx_word' id='word_1_743' title='bbox 3165 5575 3377 5634; x_wconf 81' lang='lat' dir='ltr'><strong>auferte</strong></span> <span class='ocrx_word' id='word_1_744' title='bbox 3401 5578 3692 5648; x_wconf 86' lang='lat' dir='ltr'><strong>nequitias</strong></span> 
     </span>
    </p>
   </div>
   <div class='ocr_carea' id='block_1_115' title="bbox 2092 5668 3691 5732">
    <p class='ocr_par' dir='ltr' id='par_1_115' title="bbox 2092 5668 3691 5732">
     <span class='ocr_line' id='line_1_115' title="bbox 2092 5668 3691 5732; baseline 0.003 -10"><span class='ocrx_word' id='word_1_745' title='bbox 2092 5671 2160 5725; x_wconf 69' lang='lat' dir='ltr'><strong>ait</strong></span> <span class='ocrx_word' id='word_1_746' title='bbox 2196 5668 2486 5723; x_wconf 75' lang='lat' dir='ltr'><strong>animabus</strong></span> <span class='ocrx_word' id='word_1_747' title='bbox 2519 5670 2716 5723; x_wconf 86' lang='lat' dir='ltr'><strong>vestris</strong></span> <span class='ocrx_word' id='word_1_748' title='bbox 2748 5683 2931 5725; x_wconf 90' lang='lat' dir='ltr'><strong>coram</strong></span> <span class='ocrx_word' id='word_1_749' title='bbox 2967 5671 3148 5726; x_wconf 90' lang='lat' dir='ltr'><strong>oculis</strong></span> <span class='ocrx_word' id='word_1_750' title='bbox 3188 5670 3348 5727; x_wconf 85' lang='lat' dir='ltr'><strong>meis.</strong></span> <span class='ocrx_word' id='word_1_751' title='bbox 3391 5669 3618 5726; x_wconf 82' lang='lat' dir='ltr'><strong>Cessate</strong></span> <span class='ocrx_word' id='word_1_752' title='bbox 3649 5686 3691 5732; x_wconf 67' lang='lat' dir='ltr'><strong>at</strong></span> 
     </span>
    </p>
   </div>
   <div class='ocr_carea' id='block_1_116' title="bbox 2095 5761 3694 5832">
    <p class='ocr_par' dir='ltr' id='par_1_116' title="bbox 2095 5761 3694 5832">
     <span class='ocr_line' id='line_1_116' title="bbox 2095 5761 3694 5832; baseline 0.003 -16"><span class='ocrx_word' id='word_1_753' title='bbox 2095 5762 2353 5832; x_wconf 83' lang='lat' dir='ltr'><strong>nequitiis</strong></span> <span class='ocrx_word' id='word_1_754' title='bbox 2413 5761 2632 5826; x_wconf 81' lang='lat' dir='ltr'><strong>vestris,</strong></span> <span class='ocrx_word' id='word_1_755' title='bbox 2675 5761 2873 5819; x_wconf 90' lang='lat' dir='ltr'><strong>discite</strong></span> <span class='ocrx_word' id='word_1_756' title='bbox 2925 5762 3130 5818; x_wconf 89' lang='lat' dir='ltr'><strong>bonum</strong></span> <span class='ocrx_word' id='word_1_757' title='bbox 3189 5763 3410 5829; x_wconf 80' lang='lat' dir='ltr'><strong>facere;</strong></span> <span class='ocrx_word' id='word_1_758' title='bbox 3457 5763 3694 5832; x_wconf 75' lang='lat' dir='ltr'><strong>quaerite</strong></span> 
     </span>
    </p>
   </div>
   <div class='ocr_carea' id='block_1_117' title="bbox 2100 5852 3686 5927">
    <p class='ocr_par' dir='ltr' id='par_1_117' title="bbox 2100 5852 3686 5927">
     <span class='ocr_line' id='line_1_117' title="bbox 2100 5852 3686 5927; baseline 0.001 -15"><span class='ocrx_word' id='word_1_759' title='bbox 2100 5857 2387 5925; x_wconf 73' lang='lat' dir='ltr'><strong>iudicium.</strong></span> <span class='ocrx_word' id='word_1_760' title='bbox 2413 5855 2642 5914; x_wconf 82' lang='lat' dir='ltr'><strong>liberate</strong></span> <span class='ocrx_word' id='word_1_761' title='bbox 2685 5854 2886 5923; x_wconf 84' lang='lat' dir='ltr'><strong>injuria</strong></span> <span class='ocrx_word' id='word_1_762' title='bbox 2917 5871 3260 5927; x_wconf 85' lang='lat' dir='ltr'><strong>oppressum.</strong></span> <span class='ocrx_word' id='word_1_763' title='bbox 3298 5852 3546 5913; x_wconf 85' lang='lat' dir='ltr'><strong>Judicatc</strong></span> <span class='ocrx_word' id='word_1_764' title='bbox 3585 5871 3686 5925; x_wconf 71' lang='lat' dir='ltr'><strong>po.-</strong></span> 
     </span>
    </p>
   </div>
  </div>
