4034 6454
367 416 476 476 827

1614 409 1931 469 ANTONII
1973 408 2318 470 MELISSE

3547 411 3676 474 828

372 526 529 596 pilio,
573 532 629 579 et
669 522 966 593 justiticate
1003 521 1246 578 viduam.
1290 528 1345 574 et
1375 519 1553 573 venite
1605 529 1660 573 et
1690 521 1960 590 discepte-

2080 519 2256 571 ὶδικού
2261 533 2443 587 μενον,
2462 517 2684 588 κρίνατε
2707 517 2956 589 ὀρφανῷ,
2973 535 3065 572 και
3086 516 3412 572 οικαιὼσατε
3433 521 3635 592 χήραν
3650 535 3672 552 ⁸

376 633 520 678 ntus,
556 615 692 669 dicit
747 613 1031 668 Dominus.
1067 612 1132 667 Et
1168 611 1214 667 si
1260 611 1462 666 fuerint
1513 621 1734 680 peccata
1773 621 1956 666 vestra

376 710 519 762 sit-nt
569 707 824 769 rubeum,
875 705 1031 775 quasi
1083 705 1260 760 nivem
1303 704 1606 768 dealbabo;
1664 704 1709 760 si
1769 714 1955 759 autem

375 800 580 854 fuerint
613 800 758 854 sicut
790 800 1099 863 coccinum,
1138 795 1304 853 veluti
1339 799 1518 851 lanam
1567 795 1856 851 dealbabo.
1892 793 1961 850 Et

376 892 421 944 si
457 891 764 954 volueritis,
795 899 848 943 et
873 889 1228 944 exaudieritis
1257 903 1364 954 me,
1401 890 1541 943 bona
1589 897 1748 942 terra:
1773 900 1960 942 come-

375 985 555 1047 detis;
592 984 638 1036 si
686 992 869 1036 autent
922 999 1030 1037 non
1080 981 1388 1045 volueritis,
1443 994 1624 1050 neque
1673 977 1960 1034 audieritis

369 1073 483 1145 34
535 1090 642 1140 me,
697 1073 910 1143 gladius
961 1087 1056 1128 vos
1111 1071 1436 1139 devorabit;
1467 1086 1591 1126 nam
1637 1083 1701 1127 os
1743 1067 1960 1123 Domini

374 1169 620 1221 locutum
659 1177 741 1220 est
773 1166 870 1220 ita.

445 1261 582 1314 Cum
610 1273 910 1314 conversus
936 1257 1165 1328 lugebis,
1189 1266 1319 1311 tunc
1343 1255 1528 1312 salvus
1555 1257 1673 1311 lies.

451 1351 563 1407 Im.
601 1367 757 1406 X'Jll.
799 1350 909 1421 Ego
939 1365 1081 1415 sum,
1118 1364 1219 1419 ego
1259 1364 1402 1413 sunt,
1428 1349 1522 1416 qui
1555 1347 1710 1403 deleo
1741 1357 1960 1417 peccata

377 1456 492 1511 tua,
523 1457 578 1501 et
604 1461 711 1499 non
749 1443 1078 1498 rccordabor
1116 1457 1330 1498 eorum.
1369 1440 1450 1494 Tu
1485 1456 1612 1496 vero
1639 1440 1959 1496 memoriam

375 1539 511 1594 mihi
560 1537 747 1600 reduc,
791 1535 1163 1605 judicabimur
1191 1532 1376 1587 simul.
1416 1530 1591 1587 Narra
1624 1539 1680 1586 tu
1724 1530 1959 1601 primum

374 1629 697 1699 iniquitates
725 1638 869 1691 tuas,
903 1635 960 1680 ut
981 1625 1322 1696 justiticeris.

451 1721 662 1778 Sirach.
700 1735 774 1774 tv.
815 1717 932 1773 Non
967 1718 1260 1773 erubescas
1287 1715 1539 1772 conﬁteri
1581 1723 1807 1786 peccata
1843 1721 1959 1768 tua.

447 1813 526 1870 Ne
561 1825 612 1870 te
639 1813 836 1883 pudeat
864 1813 1060 1865 animae
1090 1818 1216 1864 tute.
1257 1807 1354 1864 Est
1382 1809 1530 1863 enim
1563 1805 1736 1875 pudor
1768 1819 1960 1874 pecca-

2061 612 2152 665 καὶ
2180 610 2334 664 δεῦτε
2369 609 2463 664 καὶ
2509 609 2906 681 διαλεχθῶμεν,
2955 609 3104 678 λέγει
3141 609 3346 682 Κύριος
3369 628 3384 642 ·
3422 611 3521 666 καὶ
3558 613 3674 667 liv

2061 699 2198 760 ὦσιν
2226 706 2282 758 αἰ
2314 703 2590 774 ἁμαρτίαι
2613 704 2772 774 ὑμῶν
2795 704 2868 768 ὡς
2900 704 3202 774 φοινικοῦν,
3233 704 3309 768 ὡς
3342 705 3496 776 χιόνα
3524 707 3674 760 λευ-

2062 798 2236 851 κανῶο
2264 799 2361 852 ἐὰν
2393 797 2449 850 δὲ
2471 790 2608 850 ὦσιν
2630 796 2706 860 ὡς
2739 797 3017 862 κόκκινον,
3033 797 3168 851 ὡσεὶ
3199 797 3347 869 ἔριον
3368 797 3670 854 λευωνῶ.

2061 890 2173 944 Καὶ
2201 890 2296 943 ἐὰν
2325 889 2542 960 θέλητε,
2571 889 2666 942 καὶ
2691 889 3054 960 εἰσακούσητέ
3091 907 3217 962 μου,
3243 892 3314 945 τὰ
3337 891 3521 960 ἀγαθά
3551 893 3673 964 τῆς

2061 981 2164 1052 γῆς
2199 980 2443 1051 φάγισθε
2469 996 2481 1009 ·
2526 980 2622 1033 ἰὰν
2650 978 2709 1033 δὲ
2750 979 2826 1050 μὴ
2857 980 3077 1050 θέλητε,
3113 980 3250 1052 μηδὲ
3282 982 3670 1053 είσακούσητέ

2065 1093 2194 1144 μου,
2233 1077 2486 1147 μάχαιρα
2525 1076 2670 1146 ὑμᾶς
2706 1077 3015 1132 κατέδεται.
3047 1076 3120 1130 Τὸ
3153 1079 3263 1148 γὰρ
3308 1077 3485 1147 στόμα
3535 1078 3672 1130 Κυ-

2064 1170 2184 1242 ρίου
2227 1168 2458 1241 ὲλάλησε
2490 1168 2687 1224 ταῦτα.

2133 1258 2305 1313 Ὅταν
2332 1261 2692 1330 ἐπιστραφεὶς
2726 1258 3023 1332 στενάξῃς,
3055 1258 3176 1312 τότε
3216 1257 3466 1330 σωθήσῃ.

2145 1349 2288 1419 Ἐγώ
2334 1352 2473 1421 εἰμι,
2523 1352 2636 1418 ἐγώ
2683 1352 2799 1422 εἰμι
2829 1353 2858 1404 ό
2889 1351 3194 1420 ἐξαλείφων
3232 1351 3330 1414 τὰς
3365 1352 3670 1422 ἁμαρτίας

2063 1459 2182 1510 σου,
2211 1442 2306 1494 καὶ
2337 1443 2396 1494 ού
2430 1441 2504 1512 μὴ
2537 1443 2784 1512 μνησθῶ.
2819 1443 2891 1496 Σὺ
2920 1443 2977 1496 δὲ
3011 1443 3284 1514 μνήσθητι
3314 1443 3412 1497 καὶ
3436 1443 3674 1514 κριθῶ-

2065 1552 2187 1606 μεν.
2239 1534 2380 1604 Λέγε
2423 1534 2482 1588 δὲ
2524 1534 2589 1588 σὺ
2637 1534 2854 1607 πρῶτον
2899 1536 2998 1600 τὰς
3041 1535 3274 1607 ἀνομίας
3304 1553 3422 1606 σου,
3456 1535 3552 1590 ἶνα
3586 1537 3674 1590 δι-

2063 1628 2328 1696 καιωθῇς.

2132 1720 2226 1790 Μὴ
2254 1719 2556 1792 αἰσχυνθῇς
2589 1719 2930 1792 ὁμολογῆσαι
2953 1719 3042 1789 ἐφ’
3072 1719 3350 1792 ἁμαρτίας
3385 1737 3508 1774 σου.
3689 1777 3692 1780 ,

2135 1811 2271 1881 Περὶ
2322 1811 2421 1881 τῆς
2454 1810 2639 1882 ψυχῆς
2689 1827 2785 1864 σου
2820 1810 2900 1881 μὴ
2956 1811 3280 1881 αἰσχυνθῇς.
3335 1811 3497 1863 Ἐστι
3549 1810 3674 1880 γὰρ

377 1919 491 1962 tum
539 1906 762 1960 trahens
796 1917 981 1958 secum
1009 1917 1025 1968 ;
1061 1912 1145 1954 est
1179 1901 1305 1954 item
1341 1899 1514 1966 pudor
1543 1897 1730 1967 gloriae
1749 1896 1960 1966 gratiae-

2080 1902 2295 1973 ιὶσχύνη
2324 1905 2608 1972 ἐπάγουσα
2637 1903 2937 1973 ἁμαρτίαν,
2963 1903 3056 1954 καὶ
3088 1902 3236 1956 ἔστιν
3267 1901 3505 1972 αἰσχύνη
3529 1903 3673 1966 δόξα

375 2010 483 2062 que
518 1993 862 2049 conciliator.
894 1989 972 2045 Ne
1005 1989 1171 2044 cedas
1207 1989 1302 2042 ulli
1337 1987 1495 2043 faciei
1528 1987 1604 2056 (id
1637 1995 1742 2050 est,
1777 1995 1963 2041 trucu-

373 2086 554 2140 lentia:
586 2094 682 2138 aut
715 2082 1016 2148 blanditiis)
1063 2079 1210 2151 quod
1241 2081 1445 2134 animae
1474 2087 1581 2134 tua:
1611 2079 1815 2134 damno
1846 2077 1959 2144 (lat,

377 2194 478 2234 nec
504 2177 556 2230 in
591 2185 740 2231 tuam
767 2175 1066 2244 perniciem
1089 2172 1409 2228 erubescas.

448 2267 526 2322 Ne
556 2266 778 2322 diﬂ‘eras
817 2266 1062 2322 converti
1110 2265 1179 2318 ad
1233 2263 1548 2329 Dominum,
1597 2277 1776 2332 neque
1818 2261 1964 2318 diem

377 2376 446 2414 ex
480 2360 567 2415 die
604 2360 792 2415 ducas.
829 2359 1073 2428 Repente
1105 2358 1252 2411 enitn
1309 2356 1492 2411 veniet
1521 2356 1599 2410 ira
1639 2356 1873 2421 Domini,
1913 2364 1970 2410 et

377 2461 627 2522 tempore
659 2451 886 2506 ultionis
917 2449 1148 2519 peribis.

449 2628 588 2687 Male
618 2630 798 2686 all‘ecti
832 2645 1024 2684 sumus
1061 2644 1091 2684 a
1116 2627 1380 2699 peccatis,
1409 2628 1701 2684 sanitatem
1737 2643 1967 2698 recupe-

379 2738 565 2779 remus
597 2721 864 2777 beneﬂcio
893 2721 1251 2790 paenitentia.

449 2816 662 2872 Basilii.
707 2815 944 2886 Diligens
987 2825 1105 2869 esto
1139 2813 1286 2868 circa
1322 2811 1582 2882 teipsum,
1632 2819 1690 2866 ut
1731 2826 1828 2880 pro
1867 2811 1968 2867 de-

377 2909 496 2963 licti
519 2907 766 2979 portione
786 2905 1090 2960 curationis
1114 2919 1335 2976 quoque
1357 2906 1656 2960 remedium
1681 2906 1962 2960 adhibeas.

376 2999 630 3069 Magnum
675 3007 729 3054 et
775 2997 991 3053 diﬂicile
1041 2999 1184 3068 quod
1234 2997 1530 3063 admisisti,
1573 2998 1800 3052 omnino
1867 2997 1963 3051 tibi

376 3108 517 3161 opus
567 3103 651 3146 est
701 3092 1076 3155 confessione,
1126 3091 1382 3161 Iacryntis
1429 3090 1705 3160 plurimis,
1764 3091 1964 3159 vigiliis

2065 1993 2160 2046 καὶ
2193 1993 2376 2062 χάρις,
2417 1993 2529 2044 Καὶ
2578 1993 2655 2062 μὴ
2703 1990 2878 2064 λάεῃς
2925 1991 3224 2061 πρόσωπον
3273 1991 3418 2045 κατά
3468 1991 3673 2063 ψυχῆς

2067 2101 2186 2151 σου,
2213 2086 2308 2138 καὶ
2336 2084 2412 2156 μὴ
2441 2085 2720 2156 ὲντραπῇς
2748 2084 2829 2146 εἰς
2862 2081 3070 2137 πτῶσίν
3103 2098 3223 2137 σου.

2131 2261 2226 2331 Μὴ
2259 2257 2565 2330 ἀναμείνῃς
2611 2257 2943 2329 ἐπιστρέψαι
2991 2258 3132 2330 πρὸς
3165 2259 3395 2330 Κύριον,
3430 2260 3533 2314 καὶ
3588 2257 3673 2332 μὴ

2068 2351 2412 2422 ύπερσάλλου
2476 2352 2694 2422 ἡμέραν
2757 2350 2815 2419 ἐξ
2875 2351 3118 2423 ἡμέρας.
3188 2351 3486 2422 Ἐξαπίνης
3550 2357 3672 2424 γὰρ

2068 2445 2348 2497 ἐλεύσεται
2397 2444 2538 2515 ὀργὴ
2573 2443 2801 2515 Κυρίου,
2847 2445 2947 2498 καὶ
2991 2445 3053 2498 ιν
3100 2444 3282 2516 καιρῷ
3321 2444 3670 2518 ἐκδικήσεως

2068 2537 2255 2609 ὲξολῇ.

2153 2617 2547 2701 Ἐκακὼθημεν
2573 2627 2663 2682 διὰ
2693 2627 2793 2692 τὰς
2825 2627 3134 2701 ἁμαρτίας,
3168 2628 3412 2702 ἰαθῶμεν
3440 2630 3536 2686 διά
3559 2634 3671 2704 τῆς

2069 2722 2378 2793 μετανοίας.

2141 2815 2388 2885 Πρόσεχε
2435 2813 2669 2886 σεαυτῷ,
2711 2814 2799 2869 ἵνα
2825 2815 2968 2871 κατά
3008 2817 3308 2886 ἀναλογίαν
3336 2818 3430 2873 τοῦ
3475 2820 3593 2891 πλη
3604 2840 3668 2888 μ-

2069 2907 2207 2978 μελή
2217 2923 2389 2976 ματος
2420 2909 2516 2961 καὶ
2538 2907 2640 2978 τὴν
2664 2910 2730 2962 ὲκ
2752 2911 2848 2979 τῆς
2879 2909 3182 2979 θεραπείας
3208 2911 3464 2983 βοήθειαν
3485 2930 3668 2966 κατα·

2065 2999 2214 3069 δέξῃ.
2244 2999 2402 3067 Μέγα
2452 3001 2548 3054 καὶ
2593 3001 2836 3069 χαλεπὸν
2877 3002 2940 3054 τὸ
2973 3002 3308 3074 ἁμάρτημα,
3352 3004 3526 3076 πολλή
3581 3022 3667 3059 σοι

2065 3090 2222 3154 χρεία
2249 3085 2344 3155 τῆς
2385 3085 2850 3160 ὲξομολογήσεως,
2881 3089 3138 3162 δακρύων
3183 3093 3476 3159 πλείστων,
3526 3113 3669 3148 συν-

377 3183 631 3249 inteusis,
679 3182 901 3237 assiduo
945 3181 1160 3252 jejunio
1203 3200 1216 3237 :
1262 3184 1344 3238 sin
1400 3183 1519 3237 leve
1570 3191 1625 3236 et
1673 3182 1959 3238 tolerabile

2080 3180 2224 3232 τόνου
2254 3176 2354 3247 τῆς
2387 3178 2718 3248 ἀγρυπνίας,
2743 3179 3095 3236 ἀδιαλείπτου
3121 3185 3400 3258 νηστείας.
3429 3185 3668 3257 Κοῦφον

376 3285 664 3346 peccatum
695 3275 880 3340 fuerit,
910 3290 1007 3345 par
1036 3277 1085 3331 ei
1127 3276 1454 3346 paenitentia
1487 3278 1603 3331 liat.

447 3451 646 3509 Nullus
675 3449 937 3521 improbae
968 3451 1091 3506 vitae
1132 3450 1300 3505 homo
1343 3451 1598 3521 desperet
1641 3451 1710 3507 de
1755 3452 1960 3522 seipso,

371 3543 554 3598 sciens
587 3543 760 3614 quod,
795 3543 942 3598 sicut
978 3543 1312 3612 agricultura
1339 3542 1645 3612 plantarum
1676 3542 1964 3611 qualitates

372 3636 649 3700 immutat,
676 3636 757 3690 sic
780 3634 978 3689 animae
1006 3633 1212 3698 cultus,
1251 3649 1346 3704 per
1385 3633 1640 3688 virtutem
1658 3633 1963 3699 adhibitus,

370 3742 531 3783 omne
560 3741 732 3798 genus
761 3725 1102 3796 aagritudinis
1133 3739 1398 3795 superare
1429 3732 1630 3796 potest.

443 3907 587 3964 Deus
646 3904 791 3960 enim
855 3905 1158 3974 peccatoris
1219 3912 1450 3959 mortem
1507 3921 1612 3959 non
1673 3907 1805 3975 vult,
1864 3910 1960 3964 sed

373 4001 555 4068 potius
579 4005 638 4051 ttt
678 4005 1032 4051 convertatur
1070 4004 1124 4050 et
1164 3995 1350 4051 salvus
1397 3995 1511 4050 ﬁat.
1558 3995 1677 4051 Noli
1728 3999 1958 4069 teipsunt

375 4091 643 4160 negligere
663 4098 923 4156 tanquam
949 4089 1002 4142 in
1027 4088 1352 4157 profundam
1374 4089 1634 4144 malitiam
1659 4091 1954 4162 deiectum.

374 4180 614 4251 Tempus
639 4189 721 4236 est
743 4180 1038 4250 patientiae,
1081 4187 1297 4249 tempus
1335 4180 1790 4250 longanimitatis,
1822 4195 1957 4241 tem-

375 4286 475 4338 pus
510 4270 838 4334 curationis.
889 4279 1105 4339 tempus
1145 4271 1574 4328 emendationis.
1627 4275 1839 4346 Lapsus
1872 4293 1955 4346 cs,

371 4375 597 4432 resurge
633 4379 648 4416 :
686 4361 949 4430 peccasti,
991 4361 1212 4417 desiste.
1241 4360 1318 4416 Nc
1353 4362 1543 4419 insiste
1575 4368 1716 4420 viam
1751 4383 1952 4436 pecca-

373 4463 577 4518 torum,
633 4453 726 4508 sed
772 4451 985 4507 resilito
1031 4469 1044 4506 :
1099 4468 1222 4507 cunt
1275 4452 1421 4507 enim
1473 4463 1523 4510 te
1568 4460 1853 4526 averteris,
1905 4469 1960 4514 et

1985 3243 2033 3309 ο
2067 3269 2163 3322 καὶ
2191 3243 2514 3342 φορητὸν-τὸ
2569 3243 2906 3346 ἁμάρτημα,
2938 3243 3277 3341 ὲξισαζέσθω
3309 3243 3460 3351 καὶὴ
3490 3243 3668 3350 μετά-

2065 3377 2208 3415 νοια.

2139 3451 2344 3523 Μηδεὶς
2395 3453 2455 3508 έν
2500 3453 2671 3526 κακίᾳ
2733 3454 2924 3522 διάξας
2963 3457 3158 3515 ἑαυτὸν
3201 3462 3662 3532 ἀπογινωσκέτω,

2064 3545 2244 3610 εἰδὼς,
2279 3547 2362 3600 ὄτι
2412 3549 2657 3618 γεωργία
2691 3548 2794 3620 μὲν
2827 3551 2937 3615 τὰς
2980 3552 3276 3623 ποιότητας
3311 3557 3420 3612 τῶν
3465 3561 3664 3628 φυτῶν

2065 3637 2399 3706 μεταϐάλλει
2418 3655 2433 3670 ο
2467 3641 2502 3711 ή
2533 3639 2591 3694 δὲ
2617 3639 2741 3694 κατ’
2767 3641 2976 3714 ἀρετὴν
3003 3644 3104 3714 τῆς
3141 3644 3323 3719 ψυχῆς
3363 3649 3662 3720 ἐπιμέλεια

2062 3725 2262 3797 δυνατή
2313 3730 2431 3782 ἐστι
2481 3731 2846 3787 παντοδαπῶν
2899 3734 3364 3807 ἀρρωστημάτων
3418 3741 3663 3814 ἐπικρα-

2062 3835 2247 3887 τησαα

2135 3913 2211 3966 Οὐ
2245 3913 2390 3966 θέλει
2420 3913 2528 3984 γὰρ
2555 3916 2583 3968 ὁ
2612 3915 2745 3979 Θεὸς
2772 3919 2864 3971 τὸν
2882 3917 3117 3973 θάνατον
3161 3921 3258 3975 τοῦ
3290 3923 3657 3995 ἀμαρτωλοπ,

2061 4005 2135 4067 ὡς
2182 4006 2244 4059 τὸ
2289 4007 2620 4076 ἐπιστρέψαι
2668 4011 2764 4061 καὶ
2814 4010 3082 4074 σωθῆναι.
3110 4013 3202 4084 Μὴ
3232 4013 3311 4079 ὡς
3359 4019 3439 4082 εἰς
3481 4018 3656 4088 βάθος

2061 4101 2251 4152 κακῶν
2284 4101 2730 4172 καταφρονήσῃς.
2766 4103 2973 4173 Καιρὺς
3028 4107 3234 4178 ἀνοχῆς
3266 4109 3410 4173 ἐστι,
3456 4113 3654 4181 καιρὸς

2064 4194 2473 4264 μακροθυμίας,
2529 4198 2722 4266 καιρὸς
2773 4198 2992 4266 ἰάσεως,
3044 4203 3240 4273 καιρὸς
3283 4203 3651 4274 διορθώσεως.

2073 4285 2420 4356 Ὠι.ίσθησας,
2479 4289 2792 4361 ὲξεγείρου·
2857 4293 3132 4364 ἥμαρτες,
3188 4297 3486 4369 ήσύχασον.
3553 4302 3652 4370 Μὴ

2061 4381 2191 4448 στῇς
2218 4381 2276 4432 ἐν
2304 4379 2407 4450 ὁδῷ
2439 4381 2931 4451 ἀμαρτωλῶν,ἀλλ’
2963 4388 3346 4458 ἀποπήδησονο
3379 4391 3510 4443 ὅταν
3537 4393 3650 4461 γὰρ

2059 4472 2414 4542 ἀποστραφῇς
2443 4476 2537 4526 καὶ
2581 4475 2864 4546 στενάξῃς,
2896 4478 3017 4532 τότε
3050 4483 3296 4554 σωθήσῃ.
3345 4483 3504 4538 Ἐστι
3537 4486 3651 4557 γὰρ

371 4541 600 4611 iuxeris,
658 4553 772 4598 tum
835 4542 1168 4600 servaberis.
1223 4540 1468 4601 Labores
1530 4547 1678 4602 enim
1742 4552 1955 4605 sanitas

2080 4581 2125 4618 ut
2162 4566 2233 4618 πό
2265 4583 2340 4619 ων
2358 4540 2548 4635 -ύγεία,
2581 4572 2673 4622 καὶ
2705 4569 2765 4634 ἐξ
2785 4540 3037 4640 ’ίδρώτων
3068 4540 3336 4646 σωτηρία.

371 4635 642 4703 sequitur,
668 4643 722 4688 et
744 4633 895 4688 salus
923 4635 1173 4689 sudores.

442 4724 560 4781 Non
593 4741 659 4780 ex
690 4741 843 4780 mora
877 4727 1161 4802 temporis,
1194 4728 1288 4789 sed
1332 4728 1499 4786 animi
1526 4728 1813 4788 ati‘cctione
1839 4748 1960 4803 poe-

374 4819 604 4876 nitentia
635 4820 960 4878 assumatur.

443 4911 826 4969 Necessarium
873 4918 959 4966 est
1004 4920 1230 4982 peccata
1281 4913 1392 4968 illis
1439 4914 1708 4983 confiteri,
1761 4916 1962 4987 quibus

372 5001 779 5058 administratio
819 5003 1205 5074 mysteriorum
1262 5003 1353 5060 Dei
1401 5008 1717 5063 concredita
1769 5008 1958 5064 fuerit.

373 5095 464 5150 Sic
485 5095 630 5150 enim
654 5096 816 5151 etiam
837 5095 1067 5166 antiqui,
1091 5097 1466 5166 paenitentiam
1489 5109 1730 5169 agentes,
1758 5103 1960 5157 sanctis

372 5187 567 5242 fecisse
598 5190 962 5256 reperiuntur.
1012 5188 1286 5244 Scribitur
1331 5194 1475 5245 enim
1519 5193 1570 5246 itt
1637 5191 1958 5265 Evangelio,

376 5276 524 5347 quod
553 5273 750 5330 Joanni
779 5276 1034 5347 Baptista:
1063 5288 1285 5347 peccata
1313 5293 1415 5334 sua
1457 5280 1694 5337 confessi
1723 5284 1830 5338 sint
1855 5301 1871 5348 ;
1903 5293 1960 5339 et

377 5364 433 5418 lu
488 5361 662 5425 Actis,
707 5364 855 5432 quod
901 5367 1188 5438 apostolis,
1232 5382 1263 5422 a
1313 5369 1516 5440 quibus
1557 5370 1722 5426 etiam
1767 5388 1958 5430 omnes

375 5455 815 5526 baptizabantur.

449 5632 713 5704 Theologi.
759 5634 916 5692 Nullo
970 5635 1116 5694 cultu
1166 5647 1278 5696 tam
1328 5643 1524 5712 gaudet
1569 5643 1735 5714 Deus,
1793 5610 1954 5719 quam

375 5725 668 5784 amictiune
742 5732 907 5786 animi
986 5740 1361 5803 peccatorum,
1429 5744 1486 5793 et
1539 5753 1640 5809 pro
1697 5739 1954 5815 lacrymis

377 5819 675 5893 benignum
703 5837 944 5880 antorem
975 5824 1251 5883 retribuit.

2131 4741 2206 4795 Ού
2235 4741 2432 4812 χρόνου
2457 4743 2740 4814 ποσότητι,
2761 4743 3001 4799 διαθέσει
3029 4747 3086 4800 δὲ
3107 4747 3290 4820 ψυχῆς
3316 4753 3350 4824 ἠ
3384 4755 3649 4824 μετάνοια

2061 4834 2333 4905 κρίνεται.
2505 4897 2508 4900 ,

2148 4928 2474 4996 Ἀναγκαῖον
2517 4930 2632 4994 τοῖς
2679 4931 3144 5002 πεπιστευμένοις
3191 4933 3292 5004 τὴν
3335 4936 3650 5010 οἰκονομίαν

2061 5018 2170 5072 τῶν
2203 5021 2522 5090 μυστηρίων
2558 5018 2655 5073 τοῦ
2691 5021 2828 5074 Θεοῦ
2883 5021 3328 5092 ἐξομολογεῖσθαι
3374 5029 3445 5082 τὰ
3467 5031 3650 5103 ἀμαρ-

2058 5111 2305 5180 τήματα.
2342 5111 2500 5165 Οὕτω
2531 5112 2643 5183 γὰρ
2684 5114 2778 5166 καὶ
2825 5114 2874 5166 οἱ
2910 5113 3084 5168 πάλαι
3135 5118 3529 5186 μετανοοῦντες
3553 5124 3644 5177 ἐπὶ

2059 5201 2170 5256 τῶν
2192 5202 2368 5271 ἀγίων
2395 5203 2745 5274 εὑρίσκονται
2771 5207 3159 5277 πεποιηκότες.
3194 5211 3509 5284 Γέγραπται
3533 5218 3643 5285 γὰρ

2059 5295 2118 5347 ἐν
2167 5294 2267 5364 μὲν
2318 5295 2398 5365 τῷ
2443 5296 2790 5366 Εὐαγγελίῳ,
2832 5297 2915 5352 ὅτι
2949 5299 3028 5371 τῷ
3080 5301 3361 5376 Βαπτιστῇ
3421 5306 3640 5378 Ἰωάννῃ

2057 5385 2506 5456 έξωμολογοῦντο
2565 5388 2669 5451 τὰς
2722 5389 3001 5461 ἁμαρτίας
3053 5393 3258 5463 αὐτῶν,
3310 5398 3372 5451 ἐν
3412 5397 3470 5450 δὲ
3522 5402 3644 5462 ταῖς

2059 5477 2328 5548 Πράξεσι,
2353 5481 2467 5544 τοῖς
2501 5480 2843 5550 ἀποστόλοις,
2878 5483 2970 5555 ὑφ’
3012 5477 3089 5540 ὧν
3136 5487 3234 5540 καὶ
3281 5487 3640 5556 ἐϐαπτίζοντο

2058 5570 2317 5636 ἅπαντες.

2129 5660 2320 5714 Ούδενὶ
2358 5659 2505 5734 ἄλλῳ
2549 5662 2626 5727 ὡς
2677 5665 3023 5739 κακοπαθείᾳ
3067 5668 3202 5734 Θεὸς
3247 5670 3635 5744 θεραπεύεται,

2058 5749 2154 5811 καὶ
2180 5751 2413 5823 δάκρυσι
2443 5754 2504 5808 τὸ
2534 5755 2923 5828 φιλάνθρωπον
2971 5760 3321 5823 ἀντιδίδοται.

3407 5916 3446 5931 JK
