4034 6418
379 438 493 504 8'29

1189 433 1364 500 LOCI
1389 423 1834 494 COMMUNES.
1875 440 1946 458 ·-
1998 415 2197 477 PARS
2240 419 2285 482 Ι.
2329 419 2591 482 SERMO
2632 418 2823 484 XVII.

3531 403 3640 466 830

453 559 585 609 Δέον
613 555 1084 627 εὐμετακινήτους
1112 553 1211 618 μὲν
1241 548 1382 604 εἶναι
1430 545 1572 618 πρὸς
1601 542 1662 598 τὸ
1707 539 1953 610 κρεῖττον
1983 534 2011 593 Α

2125 537 2172 592 Α
2201 537 2455 596 deteriori
2501 535 2569 593 ad
2611 537 2805 592 melius
2849 531 3008 588 facile
3047 524 3269 591 mutari,
3317 525 3439 579 vice
3484 535 3640 576 versa

379 650 490 703 ἀπὸ
516 648 612 702 τοῦ
642 650 913 720 χείρονος,
948 645 1246 717 ἀκινήτους
1283 644 1341 696 δὲ
1373 641 1512 712 πρὸς
1540 637 1603 692 τδ
1631 635 1816 707 χεῖρον
1849 628 1957 684 ἀπὸ

377 740 474 795 τοῦ
523 741 817 813 βελτίονος.

450 812 533 887 Τδγ
568 833 645 905 μὴ
675 833 1016 905 ἁμαρτάνειν
1067 827 1508 899 ἀνεπαισθήτως,
1547 817 1666 878 ἀλλ’
1697 812 1960 885 ὲπιγινὼ-

379 943 536 980 σκειν
588 927 684 981 καὶ
733 926 966 997 συνορᾷν
997 925 1059 980 τὸ
1088 919 1502 994 πλημμεληθὲν,
1550 915 1652 969 οὐκ
1699 910 1818 964 ἔστι
1867 924 1960 977 μι-

380 1019 514 1090 κρόν
536 1035 552 1052 ⁸
585 1019 705 1074 ἀλλ’
737 1020 855 1082 ὁδός
887 1018 973 1084 τίς
1019 1019 1138 1071 ἐστι
1169 1014 1266 1070 καὶ
1293 1011 1461 1083 ἀρχὴ,
1504 1006 1641 1078 πρὸς
1665 1001 1960 1074 διόρθωσιν

380 1112 589 1178 ἄγουσα
619 1113 712 1164 καὶ
737 1111 835 1183 τὴν
859 1110 955 1165 ἐπὶ
976 1111 1046 1164 τά
1085 1108 1319 1180 κρείττω
1349 1099 1676 1174 μεταϐολήν.

453 1205 599 1268 Ἕως
643 1204 762 1258 ἐστὶ
817 1205 1032 1276 καιρὸς,
1095 1200 1505 1272 προφθάσωμεν
1555 1192 1619 1246 τὸ
1671 1187 1769 1243 τοῦ
1823 1183 1962 1240 Θεοῦ

383 1294 676 1364 πρόσωπον
704 1295 762 1347 ὲν
791 1292 1201 1364 ἐξομολογήσει,
1237 1289 1325 1342 ἵνα
1349 1287 1557 1358 ἥμερον
1581 1280 1742 1335 αὐτὴν
1764 1277 1964 1344 ἴδωμεν

380 1389 500 1447 τότε
518 1388 611 1440 καὶ
627 1385 886 1456 γαληνὸν,
902 1384 991 1438 ἵνα
1013 1383 1110 1446 τὰς
1132 1378 1534 1451 άπειληφόρους
1559 1373 1774 1438 ὲκείνας
1803 1371 1965 1426 δυνά-

384 1499 505 1552 μεις
538 1479 917 1550 διαφύγωμεν.

453 1575 530 1626 Οὐ
563 1572 736 1626 δεινὸν
771 1572 832 1624 τὸ
863 1566 1205 1638 πολεμοῦντα
1236 1561 1534 1636 τρωθῆναι,
1567 1557 1706 1612 ἀλλὰ
1739 1555 1798 1610 τὸ
1828 1552 1967 1624 μετὰ

383 1665 484 1736 τὴν
501 1665 718 1735 πληγὴν
741 1661 1055 1731 ἀπογνῶναι
1080 1659 1176 1713 καὶ
1204 1655 1481 1725 ἀμελῆσαι
1509 1652 1604 1706 τοῦ
1628 1648 1966 1721 τραύματος.

455 1754 546 1824 Μὴ
575 1754 756 1807 τοίνυν
789 1751 1160 1817 άπογίνωσκε,
1191 1746 1326 1819 μηδὲ
1351 1743 1620 1814 ἀφίστασο
1645 1739 1748 1809 τῆς
1777 1737 1967 1806 εὐχῆς,

383 1842 520 1897 ἀλλὰ
552 1841 820 1913 πρόσελθε
857 1838 1182 1910 ἁμαρτωλὸς
1219 1836 1318 1903 ὢν,
1349 1835 1439 1888 ἶνα
1470 1831 1704 1901 δοξάσῃς
1753 1845 1847 1880 σου
1880 1825 1971 1879 τὸν

385 1935 689 2004 Δεσπότην,
726 1934 814 1986 ἶνα
851 1933 958 2002 δῷς
987 1931 1137 2003 αὐτῷ
1173 1930 1272 2000 τὴν
1313 1925 1523 1980 οἰκείαν
1558 1918 1973 1993 φιλανθρωπίαν

386 2029 445 2080 ἐν
482 2028 548 2098 τῇ
583 2025 930 2097 συγχωρήσει
979 2024 1088 2077 τῶν
1143 2021 1252 2074 σῶν
1301 2015 1723 2090 ἁμαρτημάτων
1773 2009 1978 2065 ἐπιδεί-

388 2116 622 2181 ξασθαι·
671 2115 748 2181 ὡς
803 2115 900 2169 ἐάν
966 2111 1211 2184 φοϐηθῇς
1271 2107 1615 2180 προσελθεῖν,
1663 2103 1976 2164 ἐνεπόδισας

388 2207 557 2265 αὐτοῦ
585 2209 653 2278 τῇ
685 2205 1006 2279 ἀγαθότητι,
1045 2202 1379 2265 διεκώλυσας
1410 2196 1575 2254 αὐτὸν
1608 2197 1709 2267 τῆς
1746 2191 1980 2265 χρηστό-

387 2316 550 2370 τητος
574 2298 764 2362 αὐτοῦ,
783 2298 844 2352 τό
865 2315 930 2369 γε
963 2296 1055 2350 ἐπὶ
1077 2295 1162 2348 σοὶ
1181 2288 1340 2365 ἧκον.

472 2391 543 2444 Ἥ
586 2389 833 2462 ἁμαρτία
875 2387 1290 2459 ὁμολογουμένη
1326 2382 1565 2445 ἐλάττων
1607 2383 1819 2450 γίνεται
1844 2393 1861 2410 ⁶
1903 2374 1982 2448 μὴ

391 2481 802 2557 ὁμολογουμένη
837 2481 918 2546 δὲ,
941 2481 1164 2551 χείρων.

462 2576 622 2644 Μέγα
659 2575 868 2645 ἀγαθὸν
911 2573 973 2628 τὸ
1021 2573 1411 2642 ἐπιγινώσκειν
1462 2567 1532 2623 τά
1578 2565 1983 2638 ἁμαρτήματα,

396 2668 492 2721 καὶ
539 2664 948 2738 μιμνήσκεσθαι
993 2663 1177 2717 αὐτῶν
1243 2658 1533 2728 διηνεκῶς.
1588 2656 1760 2712 Οὐδὲν
1807 2653 1981 2717 οὕτως

398 2760 696 2837 θεραπεύει
728 2757 1138 2830 πλημμέλειαν,
1168 2756 1244 2821 ὡς
1280 2757 1472 2826 μνήμη
1495 2751 1762 2824 διηνεκῶς
1781 2765 1797 2780 ·
1827 2748 1982 2804 οὐδὲν

397 2853 572 2919 οὕτως
623 2850 854 2922 ὀκνηρὸν
889 2848 1178 2920 ἄνθρωπον
1233 2847 1377 2900 ποιεί
1428 2844 1564 2914 πρὸς
1617 2841 1834 2896 κακίαν.
1883 2838 1986 2891 Ἂν

398 2945 528 3016 ἔχῃς
578 2942 646 2996 τὰ
693 2941 1072 3013 ἁμαρτήματα
1113 2937 1378 3008 διηνεκῶς
1424 2935 1484 2988 ἐν
1531 2936 1597 3005 τῇ
1655 2933 1864 3004 μνήμῃ,
1889 2929 1984 2985 οὐ-

397 3038 589 3092 δέποτε
625 3035 701 3106 τῷ
743 3035 972 3104 πλησίον
1022 3031 1477 3103 μνησικακήσεις,
1517 3026 1777 3080 οὐδέποτε
1830 3023 1985 3092 ὀργι-

401 3131 604 3201 «om,
658 3128 915 3182 οὐδέποτε
966 3124 1340 3195 λοιδορήσεις,
1369 3120 1431 3173 οὐ
1472 3118 1768 3188 φρονήσεις
1817 3114 1982 3184 μέγα,

402 3184 465 3276 οὐ
491 3184 799 3291 Ιπευριπεσεῖ
839 3217 1003 3272 πάλιν
1047 3184 1186 3277 οτοίς⁷
1213 3184 1420 3274 αὑτδῖς.
1465 3184 1595 3262 Ἐάν
1633 3184 1752 3277 ⁷γάρ
1797 3205 1892 3258 νῦν
1915 3199 1984 3278 ἧς
2020 3233 2064 3292 c
2093 3190 2274 3245 denuo
2325 3187 2384 3243 in
2436 3184 2658 3240 οοδάθῐῐι

408 3315 591 3369 αὐτῶν
627 3310 1004 3385 μεμνημένος,
1037 3308 1132 3363 καὶ
1159 3303 1398 3376 συνεχῶς
1419 3301 1561 3358 αὑτά
1595 3298 1883 3370 προφέρῃς
1912 3297 1992 3368 τῷ

409 3407 550 3478 Θεῷ,
582 3405 678 3459 καὶ
719 3404 860 3475 ὑπὲρ
890 3401 1071 3457 αὐτῶν
1100 3399 1216 3470 δέῃ,
1251 3397 1461 3466 ταχέως
1489 3395 1798 3462 ἐξαλείφεις
1829 3393 1990 3449 αὑτά.

421 3500 549 3552 Ἐὰν
581 3498 638 3552 δὲ
667 3496 762 3551 νῦν
807 3493 1065 3565 ὲπιλάθῃ,
1095 3493 1219 3546 τότε
1257 3491 1436 3543 αὐτῶν
1473 3487 1870 3557 ἀναμνησθήσῃ
1901 3487 1996 3540 καὶ

413 3589 564 3646 ἄκων
613 3589 707 3642 ἐπὶ
745 3591 846 3659 τῆς
897 3585 1225 3656 οἰκουμένης
1264 3583 1486 3651 ἀπάσης
1529 3580 1609 3642 είς
1637 3579 1800 3649 μέσον
1831 3593 1996 3647 φερο-

421 3681 602 3760 μένων
619 3679 820 3744 αὐτῶν,
839 3677 934 3731 καὶ
955 3675 1144 3746 φίλων,
1181 3675 1277 3728 καὶ
1325 3669 1559 3743 ἐχθρῶν,
1597 3670 1694 3722 καὶ
1723 3667 1993 3735 ἀγγέλων.

415 3757 491 3840 OQ
530 3774 639 3846 γὰρ
681 3772 748 3844 δὴ
785 3771 918 3844 πρὸς
951 3767 1114 3828 Δαυῖδ
1135 3767 1289 3834 έλεγε
1317 3765 1500 3835 μόνον,
1537 3780 1556 3813 ι
1590 3762 1656 3813 ’Λ
1696 3761 1760 3813 σὺ
1809 3757 2000 3826 ἐποίη-

413 3884 512 3931 σας
540 3869 598 3922 έν
619 3867 824 3937 κρυφῇ,
849 3861 958 3932 ἐγὼ
990 3861 1201 3933 ποιήσω
1229 3861 1362 3912 πᾶσι
1421 3853 1747 3924 κατάδηλον,
1786 3871 1806 3904 ι
1862 3850 2000 3904 ἀλλὰ

413 3961 510 4028 κλὶ
535 3959 667 4030 πρὸς
698 3959 909 4020 πάντας
964 3954 1133 4026 ἡμᾶς.
1184 3948 1420 4018 Ἑλέγξω
1453 3949 1561 4018 γάρ
1587 3943 1870 4014 σε,φησὶν,
1894 3941 2000 3995 ὑπὸ

415 4056 527 4116 τοῖς
557 4053 814 4120 ἁπάντων
846 4029 1146 4119 ὀφθαλμοῖς
1171 4042 1342 4111 τιθείς
1380 4056 1474 4100 ortu
1527 4038 1926 4111 ἁμαρτήματα.

498 4242 710 4311 Ὥσπερ
753 4235 862 4308 γὰρ
905 4235 933 4288 ὁ
974 4232 1074 4303 τήν
1102 4229 1275 4299 θύραν
1317 4222 1580 4280 εἰσελθὼν
1631 4222 1778 4279 ἔνδον
1825 4222 2000 4287 ἐστὶν,

422 4333 596 4397 οὕτως
635 4335 664 4386 ὁ
693 4331 762 4384 τὰ
803 4329 979 4381 οἰκεῖα
1023 4323 1372 4392 λογιζόμενος
1424 4319 1572 4371 κακά
1613 4315 1712 4370 καὶ
1764 4315 1858 4369 ἐπὶ
1903 4313 2003 4384 τήν

426 4426 722 4499 θεραπείαν
759 4424 942 4476 αὐτῶν
970 4419 1185 4478 πάντως
1213 4414 1354 4486 ἣξει.
1389 4413 1487 4464 Ἂν
1512 4411 1569 4463 δὲ
1600 4408 1756 4478 λέγῃ,
1793 4407 2006 4476 Ἀμαρ-

423 4497 592 4588 τωλός
610 4523 750 4591 εἰμι,
785 4518 863 4589 μὴ
896 4513 1282 4582 ἀναλογίζεται
1313 4507 1370 4562 δὲ
1394 4506 1534 4560 αὐτὰ
1563 4503 1685 4558 κατ’
1715 4497 1879 4564 εἶδος,
1908 4499 2004 4554 καὶ

419 4617 592 4686 λέγει,
645 4614 728 4667 ὅτι
756 4610 890 4666 Τόδε
939 4609 1034 4662 καὶ
1073 4604 1195 4660 τόδε
1247 4601 1518 4673 ἥμαρτον,
1555 4595 1812 4651 οὐδέποτε

425 4685 714 4772 carnuﬁci.
786 4703 887 4774 μὲν
935 4696 1238 4770 ὁμολογῶν,
1290 4690 1595 4763 φροντίζων
1651 4687 1710 4742 δὲ
1752 4685 2009 4739 οὐδέποτε

423 4801 525 4872 τῆς
563 4796 929 4871 διορθώσεως.
983 4792 1098 4864 Τὴν
1140 4788 1319 4858 ἀρχὴν
1365 4783 1463 4840 οὖν
1514 4775 2010 4848 καταῦαλλὼμεθα,

427 4865 524 4949 κοιλ⁵
553 4865 731 4945 πάντα
761 4885 959 4941 εὔκολα
991 4884 1145 4938 ἔσται
1179 4880 1274 4933 καὶ
1309 4878 1506 4950 ῥᾷστα.
1551 4869 1876 4943 ’Δρξώμεθα
1904 4865 2014 4920 τοί-

431 5003 547 5050 νυν,
573 4977 905 5052 παρακαλῶ,
937 4979 965 5031 ὁ
1002 4975 1102 5046 μὲν
1136 4971 1245 5026 ἀπὸ
1267 4969 1363 5022 τοῦ
1395 4967 1497 5027 τὰς
1527 4963 1692 5033 εὐχάς
1721 4959 2014 5022 ἐπιτεῖναι,

432 5081 461 5130 ὁ
483 5077 542 5132 δὲ.
570 5050 682 5128 άπδ
718 5069 815 5126 τοῦ
846 5067 1106 5139 δακρύειν
1142 5061 1409 5133 συνεχῶς,
1438 5062 1466 5113 ὁ
1493 5058 1550 5112 δὲ
1583 5056 1692 5109 ἀπὸ
1721 5050 1818 5106 τοῦ
1847 5065 2020 5117 κατη-

431 5173 556 5240 φεῖν
584 5165 728 5238 (οὐδὲ
749 5163 860 5234 γὰρ
884 5159 1008 5214 οὐδὲ
1035 5158 1197 5211 τοῦτο
1225 5157 1288 5208 τὸ
1317 5152 1463 5206 οὕτω
1493 5147 1690 5219 μικρὸν
1715 5142 1977 5214 ἀνόνητον
1999 5155 2015 5170 ⁸

430 5233 737 5330 έίδοννγάρ,
755 5233 944 5326 φησὶν,
961 5253 1044 5305 ὅτι
1064 5247 1332 5318 ἐλυπήθη,
1354 5245 1449 5300 καὶ
1470 5239 1743 5311 ἐπορεύθη
1767 5233 2018 5302 στυγνὸς,

433 5358 528 5411 καλ⁹
555 5327 800 5423 ἰασάμην
825 5347 926 5410 τὰς
951 5343 1103 5404 ὀδοὺς
1133 5335 1351 5407 αὑτοῦ),
1381 5339 1410 5389 ὁ
1443 5333 1501 5387 δὲ
1531 5331 1640 5385 ἀπὸ
1667 5328 1760 5382 τοῦ
1790 5327 2020 5396 ἐλεημο-

433 5450 604 5519 σύνην
636 5418 837 5507 ποιεῗν,
861 5441 890 5493 ὁ
928 5435 985 5489 δὲ
1011 5431 1121 5490 ἀπὸ
1145 5429 1240 5484 τοῦ
1275 5427 1504 5496 ἀφιέναι
1526 5425 1640 5483 τοῖς
1691 5419 1922 5490 πλησίον
1949 5418 2020 5470 τά

437 5509 837 5614 ἁμαρτήματα,
883 5532 913 5586 ὁ
954 5527 1012 5582 δὲ
1039 5524 1149 5584 ἀπὸ
1191 5520 1286 5576 τοῦ
1329 5519 1407 5590 μὴ
1449 5513 1834 5588 μνησικακεῖν,
1888 5509 2024 5584 μηδὲ

437 5616 767 5702 ἀμύνεσθαι.

516 5722 632 5774 Οὐκ
675 5719 793 5771 ἐστι
845 5709 1136 5785 προτροπή
1189 5721 1276 5767 τις
1324 5699 1551 5770 τοιαύτη
1603 5694 1744 5780 πρὸς
1797 5689 2023 5766 ἀρετήν,

442 5809 554 5872 οἷον
584 5810 1005 5882 ἁμαρτημάτων
1028 5803 1361 5873 ἀνάμνησις.

532 5879 676 5979 Ὀδρὶ
702 5879 992 5986 μετανοίας
1023 5897 1188 5954 πέντε
1211 5909 1226 5927 ·
1260 5889 1455 5964 πρώτη
1477 5887 1520 5967 ή
1540 5883 1888 5954 κατάγνωσις
1917 5879 2026 5935 τῶν

2060 642 2244 688 autem
2281 641 2598 688 constantes
2626 643 2748 685 esse
2775 632 3015 697 Oportet.

2136 801 2243 875 35
2276 802 2395 858 Non
2430 817 2658 872 peccare
2685 795 3099 860 insensibiliter,
3129 791 3223 848 sed
3264 799 3568 859 agnoscere
3597 791 3654 837 et

2061 894 2243 948 videre
2275 895 2528 949 delictum
2571 907 2754 954 suum,
2787 904 2894 942 non
2941 900 3108 955 parva
3147 897 3237 938 res
3267 887 3374 943 est,
3417 877 3531 932 imo
3566 873 3653 932 via

2062 987 2310 1057 qumdam
2353 995 2407 1038 et
2448 982 2781 1053 principium
2833 979 3043 1033 ducens
3085 976 3153 1032 ad
3209 968 3652 1030 emendationem

2063 1090 2118 1136 et
2143 1078 2608 1148 resipisceutiatn.

2075 1193 2078 1198 ·
2133 1171 2405 1241 Chrywsl.
2461 1168 2597 1221 Dum
2646 1173 2864 1234 tempus
2903 1177 3007 1217 nos
3057 1160 3209 1223 sinit,
3258 1152 3656 1228 praeveniamus

2069 1263 2158 1318 Dei
2184 1262 2376 1316 facient
2405 1258 2771 1319 confessione,
2800 1263 2860 1308 ut
2886 1256 3071 1307 mitem
3097 1261 3149 1305 et
3177 1247 3448 1319 placidum
3471 1243 3651 1312 ipsum

2067 1365 2196 1409 tunc
2227 1353 2532 1416 videamus,
2577 1359 2631 1405 et
2665 1349 2906 1404 minaces
2935 1343 3055 1398 illas
3106 1344 3401 1411 potestates
3429 1331 3658 1401 ell‘ugia-

2068 1464 2214 1504 IDUS.

2136 1537 2255 1593 Non
2292 1545 2402 1591 tam
2445 1535 2668 1590 noxium
2712 1540 2800 1586 est
2829 1523 3092 1583 certando
3132 1515 3436 1582 vulnerari,
3491 1526 3657 1584 quam

2068 1631 2269 1686 vulnus
2303 1629 2568 1682 inﬂictum
2599 1624 2873 1694 negligere
2907 1629 2960 1674 et
2990 1618 3306 1685 desperare.

2141 1721 2218 1776 Ne
2248 1721 2504 1792 desperes
2531 1717 2720 1786 igitur,
2753 1728 2855 1769 nec
2898 1727 2928 1766 a
2959 1709 3217 1781 precibus
3261 1703 3522 1766 desistas,
3566 1698 3664 1757 sed

2072 1823 2328 1884 peccator
2355 1828 2479 1868 cum
2531 1810 2633 1875 sis,
2683 1805 2882 1863 accede
2933 1811 2994 1860 ut
3046 1798 3321 1872 gloriﬁces
3375 1794 3666 1848 Dominum

2076 1915 2256 1971 tuum,
2294 1914 2348 1958 et
2394 1901 2743 1958 occasionem
2784 1900 2833 1952 ei
2883 1894 3127 1966 praebeas
3169 1887 3486 1944 declarandi
3518 1883 3668 1940 nati.

2076 2015 2197 2055 vam
2232 1997 2619 2067 benignitatem
2645 2005 2802 2049 suam
2841 1989 2898 2048 in
2924 1987 3188 2042 scelerum
3215 1990 3438 2037 tuorum
3467 1975 3667 2031 remis-

2076 2093 2233 2149 sione
2281 2106 2457 2148 :nam
2499 2089 2545 2143 si
2575 2085 2792 2145 dubites
2832 2081 3114 2143 accedere,
3163 2074 3460 2131 bonitatem
3494 2067 3668 2139 ipsius

2102 2183 2435 2255 mpedivisti,
2500 2188 2556 2235 et
2601 2175 2988 2247 benignitatem
3048 2175 3314 2241 quantum
3371 2162 3426 2216 in
3484 2169 3538 2216 te
3585 2165 3670 2215 est

2081 2274 2438 2348 prohibuisti.

2150 2365 2441 2424 Peccatum
2489 2364 2532 2420 si
2567 2359 2885 2423 conﬁteare,
2921 2355 3182 2420 minues;
3216 2362 3384 2414 secus,
3415 2344 3670 2416 augebis.

2153 2547 2404 2616 Magnum
2435 2543 2641 2599 bonum
2669 2547 2752 2595 est
2777 2547 3074 2608 agnoscere
3099 2535 3349 2602 peccata,
3377 2532 3433 2580 et
3455 2520 3676 2578 assiduo

2083 2640 2334 2712 ipsorum
2392 2635 2732 2693 meminisse.
2792 2626 2938 2684 Nihil
2993 2636 3104 2680 tam
3153 2627 3314 2677 curat
3361 2620 3675 2689 peccatum,

2092 2750 2256 2810 quam
2293 2731 2512 2788 assidua
2547 2723 2837 2790 memoria,
2869 2732 2970 2775 nec
3003 2715 3152 2771 aliud
3185 2711 3324 2768 adeo
3355 2706 3572 2763 tardum
3607 2702 3674 2757 ad

2090 2793 2355 2884 malitiam
2407 2818 2584 2876 reddit
2632 2815 2934 2871 hominem.
2985 2808 3044 2863 Si
3087 2811 3309 2877 peccata
3355 2795 3588 2856 subinde
3619 2793 3679 2855 in

2093 2915 2361 2976 memoria
2394 2912 2604 2976 volvas,
2628 2919 2909 2976 nunquam
2942 2895 3322 2957 recordaberis
3349 2889 3678 2962 iniuriarum

2085 3026 2222 3082 quas
2256 3005 2540 3080 proximus
2565 3012 2694 3058 tuus
2721 2999 2818 3054 tibi
2846 2994 3062 3060 fecerit,
3093 3000 3373 3059 nunquam
3400 2981 3678 3044 irasceris.

2084 3075 2364 3166 nunquam
2425 3087 2844 3154 conviciaberis,
2892 3099 3000 3140 non
3064 3081 3236 3135 altum
3302 3075 3502 3145 sapies,
3575 3085 3681 3124 non

2707 3192 2928 3235 errores
2965 3173 3196 3230 incides.
3243 3170 3378 3226 Nam
3437 3164 3484 3221 si
3537 3176 3685 3218 nunc

2096 3295 2288 3338 eorum
2317 3275 2662 3340 memineris,
2700 3280 2757 3328 et
2787 3269 3009 3326 assidue
3034 3279 3222 3320 coram
3253 3261 3365 3315 Deo
3392 3263 3508 3328 ipsa
3537 3270 3686 3312 com-

2097 3387 2392 3433 memores,
2441 3377 2496 3424 et
2536 3366 2748 3422 veniam
2785 3377 2937 3428 ores,
2969 3358 3151 3416 statim
3185 3349 3577 3411 abolebuntur.
3622 3345 3683 3402 Si

2097 3481 2229 3520 vero
2259 3459 2404 3518 nunc
2435 3474 2624 3516 eorum
2655 3451 3019 3516 obliviscaris,
3047 3451 3101 3504 in
3133 3447 3320 3503 futuro
3357 3441 3560 3500 saeculo
3602 3441 3686 3495 vel

2099 3555 2308 3612 invitus
2359 3549 2743 3607 recordaberis
2772 3557 2962 3601 eorum
3008 3555 3192 3597 coram
3243 3542 3503 3592 universo
3530 3534 3686 3599 orbe,

2099 3644 2296 3701 amicis
2347 3640 2513 3699 simul
2546 3647 2601 3696 et
2640 3637 2884 3695 inimicis
2929 3644 2984 3690 et
3006 3631 3215 3702 angelis
3241 3629 3296 3687 in
3347 3625 3590 3684 medium
3624 3638 3687 3679 ea

2101 3733 2538 3807 proferentibus.
2570 3727 2690 3783 Non
2743 3729 2887 3784 enim
2919 3726 2986 3781 ad
3017 3725 3194 3780 solum
3246 3718 3503 3777 Davidetn
3553 3715 3692 3771 dixit

2105 3831 2246 3884 Deus
2279 3827 2450 3894 :Qua:
2494 3835 2551 3881 tu
2584 3824 2755 3880 fecisti
2788 3821 2844 3875 in
2880 3818 3121 3884 occulto,
3156 3829 3258 3886 ego
3292 3810 3548 3868 omnibus
3574 3823 3694 3863 ma-

2103 3921 2303 3976 nifesta
2328 3917 2550 3978 faciam.
2569 3917 2662 3973 sed
2690 3915 2856 3971 etiam
2888 3912 2954 3967 ad
2987 3925 3086 3965 nos
3107 3921 3320 3963 omnes.
3349 3903 3692 3973 Redarguam

2103 4014 2252 4074 enim
2290 4021 2342 4067 te
2381 4009 2605 4084 (inquit)
2640 4007 2886 4063 omnium
2911 4003 3091 4059 oculis
3116 4008 3341 4073 peccata
3373 4008 3466 4052 tua
3496 4009 3697 4067 propo-

2105 4121 2264 4164 nens.

2177 4195 2652 4270 Quemadmodum
2727 4207 2826 4263 per
2872 4187 3097 4259 ianuam
3159 4185 3443 4257 ingressus
3497 4178 3699 4250 aliquis

2105 4298 2258 4356 intus
2282 4293 2502 4358 existit;
2534 4291 2615 4345 sic
2656 4287 2746 4343 ille
2779 4283 2871 4354 qui
2921 4295 3108 4339 secum
3139 4294 3238 4335 sua
3283 4276 3425 4331 mala
3455 4280 3696 4344 reputat,

2109 4391 2177 4446 ad
2200 4401 2387 4444 curam
2434 4397 2624 4440 eorum
2673 4377 2898 4435 indubie
2943 4373 3250 4446 perveniet.
3281 4369 3337 4428 Si
3368 4383 3500 4425 vero
3528 4368 3695 4428 dicat.

2110 4484 2372 4538 Peccator
2406 4491 2548 4543 sum,
2594 4488 2703 4528 non
2735 4479 2917 4525 autem
2944 4464 3222 4536 sigillatim
3255 4467 3478 4532 peccata
3508 4471 3700 4514 recen-

1863 4547 2005 4646 Ῐπαύ.
2038 4597 2082 4654 υ
2111 4581 2218 4638 set,
2242 4567 2496 4633 dicendo,
2534 4565 2648 4619 Iloc
2695 4573 2750 4618 et
2791 4559 2924 4614 illud
2963 4556 3206 4627 peccavi,
3239 4563 3515 4620 nunquam
3549 4547 3706 4618 quie-

2117 4673 2251 4729 scet,
2280 4661 2408 4715 dum
2441 4671 2658 4726 semper
2684 4652 2998 4714 confitetur,
3031 4659 3314 4714 nunquam
3358 4655 3489 4696 vero
3514 4653 3702 4696 emen-

2119 4755 2359 4813 dationis
2416 4765 2607 4808 curam
2675 4747 2860 4802 habet.
2920 4740 3261 4809 Principium
3326 4736 3492 4806 igitur
3558 4739 3706 4788 recte

2121 4849 2498 4915 instituamus,
2533 4852 2588 4898 et
2615 4841 2801 4897 omnia
2827 4837 2968 4893 levia
3007 4835 3133 4888 llent
3160 4841 3216 4888 et
3238 4829 3518 4885 facillima.
3564 4826 3708 4881 lnci~

2121 4943 2337 5015 piamus
2367 4954 2500 5009 ergo
2534 4938 2608 4991 ita
2647 4943 2708 4989 ut
2757 4932 2900 4987 alius
2953 4925 3260 4984 orationem
3306 4930 3524 4991 augeat.
3563 4919 3708 4974 alius

2123 5035 2360 5093 subinde
2397 5035 2752 5102 lacrymetur,
2782 5026 2926 5082 alius
2957 5023 3111 5079 vultu
3163 5019 3410 5076 demisso
3460 5017 3710 5072 tri'stetur

2124 5131 2276 5202 (nam
2323 5144 2390 5183 nc
2447 5126 2554 5181 hoc
2602 5123 2851 5193 quidem,
2887 5129 3166 5186 utcunque
3213 5125 3465 5184 parvum,
3517 5107 3710 5164 inutile

2127 5223 2314 5280 fuerit.
2343 5219 2466 5275 Vidi
2497 5217 2646 5282 enim
2684 5215 2906 5286 (inquit)
2940 5211 3217 5266 tristalum
3252 5214 3309 5261 et
3335 5203 3708 5260 ambulantem

2128 5331 2254 5374 cutn
2278 5310 2564 5375 maestitia,
2595 5317 2652 5364 et
2674 5307 2859 5362 sanavi
2893 5305 3012 5357 vias
3041 5298 3218 5373 ejus),
3244 5299 3384 5353 alius
3412 5295 3714 5366 eleemosy-

2131 5427 2258 5468 nam
2303 5407 2494 5475 faciat,
2527 5404 2669 5459 alius
2715 5400 2827 5475 36
2852 5404 3072 5468 peccata
3106 5389 3374 5464 proximis
3417 5387 3713 5454 condonet,

2131 5506 2273 5571 alius
2301 5499 2538 5571 denique
2569 5496 2640 5552 ab
2681 5492 2961 5548 oblivione
2998 5487 3270 5543 malorum
3299 5491 3355 5539 et
3385 5479 3714 5552 iniuriarum

2132 5596 2384 5667 deposito
2415 5588 2646 5646 ultionis
2677 5584 2879 5646 aﬂectu
2915 5579 3168 5651 incipiat.
3676 5585 3677 5588 η

2203 5659 2352 5743 Nihil
2393 5683 2529 5741 adeo
2555 5681 2812 5738 virtutem
2858 5679 3166 5747 promovet,
3200 5681 3367 5742 quam
3407 5659 3722 5722 recordatio

2134 5790 2506 5859 peccatorum.

2209 5873 2324 5940 Via:
2361 5867 2725 5946 paenitudinis
2763 5869 2896 5943 sunt
2939 5859 3185 5939 quinque
3216 5873 3230 5928 ;
3270 5852 3475 5927 prima,
3514 5847 3726 5922 agnitio
