4034 6468
336 431 436 495 831

1621 426 1933 485 ANTUNII
1994 427 2339 487 MELISS/E

3476 427 3583 492 832

341 557 389 602 et
422 543 716 614 increpatio
747 548 1092 613 peccatorum
1120 556 1134 603 ;
1177 537 1439 601 secunda,
1476 539 1737 607 proximis
1769 553 1900 592 suos

2019 541 2407 609 ἡμαρτημένων
2432 554 2444 566 ·
2496 537 2726 607 δευτέρα
2758 537 2816 590 τὸ
2845 536 3064 605 ἀφεῖναι
3108 537 3220 598 τοῖς
3256 535 3482 605 πλησίον
3512 541 3582 594 τὰ

339 651 552 691 errores
604 634 937 694 condonare;
981 629 1136 684 tertia
1176 641 1295 695 quae
1348 629 1405 679 lit
1427 643 1526 696 per
1563 631 1902 696 oralionem;

339 733 554 792 quarta,
584 738 682 792 per
707 723 1101 789 eieeniosynam
1136 735 1150 783 ;
1188 717 1397 786 quinta,
1420 734 1514 786 per
1549 719 1904 774 humilitatem

339 813 526 865 animi.

409 901 707 958 Clementis.
760 896 1036 968 Optimum
1072 902 1317 969 quidem,
1355 918 1460 956 non
1495 915 1760 972 peccare;
1813 900 1906 956 sed

339 992 442 1044 hoc
467 991 625 1042 etiam
666 989 866 1041 bonum
899 999 984 1041 est
1013 989 1058 1043 si
1095 1000 1404 1055 peccatores
1433 991 1488 1043 in
1522 991 1658 1043 viam
1682 991 1909 1044 redeant

340 1079 668 1146 preniteiitia:
698 1077 962 1132 beneﬁcio
999 1093 1014 1130 :
1062 1078 1516 1146 quemadmodum
1550 1087 1604 1131 et
1647 1080 1903 1132 continua

340 1169 542 1221 sanitas
571 1169 772 1236 optima
804 1177 906 1232 est,
935 1168 1135 1221 bonum
1171 1180 1345 1222 tamen
1377 1178 1459 1223 est
1485 1168 1742 1222 amissam
1774 1183 1907 1237 quo-

335 1275 441 1327 que
462 1269 587 1328 post
618 1259 866 1312 morbum
893 1273 1236 1326 recuperare.

407 1353 544 1407 Vera
573 1351 890 1422 paenitentia
930 1359 1035 1413 est,
1060 1364 1167 1403 non
1202 1349 1437 1419 amplius
1465 1350 1666 1404 eisdem
1701 1347 1906 1403 ali‘ecti-

336 1446 438 1497 lz-us
467 1442 761 1496 obnoxium
809 1442 1163 1509 deprehendi,
1195 1442 1288 1496 sed
1328 1442 1574 1496 funditus
1626 1442 1692 1495 ab
1722 1443 1903 1496 anima

333 1535 565 1588 evellere
583 1535 681 1589 ista
706 1544 947 1603 peccata,
971 1547 1199 1603 quorum
1231 1528 1394 1588 causa
1418 1533 1616 1602 aliquis
1641 1548 1700 1588 se
1731 1541 1904 1589 morte

327 1620 556 1696 dignum
584 1625 936 1693 iudicaverit.

404 1715 729 1770 Pmnitentia
782 1725 909 1770 tunc
956 1731 1116 1770 omne
1186 1725 1466 1785 peccatum
1524 1717 1722 1782 abolet,
1778 1733 1900 1774 cum

335 1807 522 1877 aliquo
559 1807 613 1861 in
647 1807 826 1860 anima
855 1821 1042 1862 errore
1079 1807 1274 1861 oborto
1302 1821 1506 1860 moram
1541 1822 1645 1860 non
1706 1807 1900 1860 admit-

2009 633 2420 701 ἁμαρτήματα·
2474 629 2630 700 τρίτη
2683 631 2716 699 ή
2771 629 2879 682 άπδ
2932 629 3033 697 τῆς
3077 628 3240 698 εὐχῆς
3283 629 3581 698 γινομένη·

2009 725 2240 792 τετάρτη
2269 724 2301 790 ἡ
2331 721 2437 773 ἀπὸ
2457 723 2556 792 τῆς
2581 720 2951 792 ὲλεημοσύνης
2974 737 2990 752 ·
3024 721 3248 791 πέμπτη
3277 721 3310 788 ἠ
3347 720 3456 772 ἀπὸ
3485 721 3583 788 τῆς

2007 813 2530 883 ταπεινοφροσύνης.

2077 904 2255 957 Καλὸν
2295 903 2392 974 μὲν
2426 905 2487 955 τὸ
2519 904 2592 974 μὴ
2626 905 2962 975 ἁμαρτάνειν
2985 922 2998 936 ·
3043 903 3248 972 ἀγαθὸν
3277 902 3333 958 δὲ
3379 903 3474 954 καὶ
3521 902 3584 955 τδ

2007 995 2420 1064 ἁμαρτάνοντας
2469 995 2840 1062 ὲπανάγεσοαι
2877 996 2964 1050 διὰ
3017 996 3343 1064 μετανοίας·
3390 995 3581 1065 ὥσπερ

2006 1085 2227 1153 ἄριστον
2257 1085 2317 1137 τὸ
2351 1085 2616 1153 ὑγιαίνειν
2648 1088 2759 1151 ἀεὶ,
2789 1087 2993 1156 ἀγαθὸν
3017 1087 3073 1140 δὲ
3111 1087 3206 1140 καὶ
3231 1087 3292 1140 τὺ
3329 1087 3580 1156 ἀνασφῆ-

2006 1178 2093 1230 λαι
2124 1174 2265 1244 μετὰ
2284 1175 2381 1244 τὴν
2419 1177 2593 1229 νόσον.

2087 1351 2153 1403 Ἥ
2185 1350 2396 1418 ἁλιθινὴ
2430 1351 2687 1420 μετάνοια
2722 1353 2782 1403 τὸ
2811 1349 3009 1419 μηκέτι
3032 1352 3147 1413 τοῖς
3177 1349 3361 1410 αὐτοῖς
3393 1349 3577 1418 ἕνοχπν

2005 1441 2329 1510 εὑρεθῆναι·
2383 1441 2498 1493 ἀλλ’
2552 1441 2723 1508 ἄρδην
2770 1441 3069 1508 ὲκριζῶσαι
3113 1441 3212 1509 τῆς
3252 1438 3452 1509 ψυχῆς,
3492 1434 3577 1504 ἐφ’

2003 1526 2083 1593 οἷς
2109 1531 2302 1585 ἑαυτοῦ
2342 1533 2592 1600 κατέγνω
2625 1532 2850 1586 θάνατον
2879 1533 3293 1603 ἁμαρτήμασιν.

2071 1707 2344 1761 Μετάνοια
2365 1707 2483 1760 τότε
2515 1708 2910 1777 ἁμαρτήματος
2941 1707 3140 1770 παντὸς
3191 1707 3396 1773 γίνεται
3431 1707 3572 1758 ἀπα-

2005 1798 2275 1867 λειπτικὴ,
2325 1799 2454 1850 ὅταν
2488 1799 2578 1850 ἐπὶ
2629 1798 2706 1868 τῷ
2758 1800 3036 1867 γενομένῳ
3081 1799 3260 1867 ψυχῆς
3293 1797 3576 1866 σφάλματι

337 1899 421 1959 tit,
477 1912 651 1965 neque
685 1897 750 1949 ad
806 1897 973 1950 ullum
1030 1897 1289 1965 temporis
1312 1895 1544 1963 spatium
1575 1895 1912 1949 ali‘ectionem

2019 1888 2279 1958 ἀναϐολὴν
2315 1888 2389 1958 μὴ
2434 1888 2678 1958 δέξηται,
2745 1889 2879 1957 μηδὲ
2911 1888 3258 1958 παραπέμψῃ
3293 1887 3354 1940 τὸ
3406 1887 3576 1950 πάθος

337 1987 676 2041 transmittit.
707 1986 800 2041 Sic
838 1988 979 2042 enim
1017 1986 1222 2040 nullum
1266 1984 1514 2039 criminis
1549 1985 1828 2054 vestigium
1851 1985 1906 2039 in

338 2079 496 2132 nobis
536 2078 767 2147 relinqui
797 2087 991 2147 potest,
1034 2093 1155 2132 cum
1204 2077 1259 2130 in
1309 2075 1481 2144 primo
1522 2075 1768 2143 ingressu
1825 2091 1910 2130 re-

337 2171 583 2235 velatur,
629 2171 803 2226 instar
853 2170 1050 2239 plantas
1109 2168 1288 2222 adhuc
1357 2173 1555 2220 tenerae
1622 2175 1906 2237 antequam

336 2262 626 2316 radicetur.

419 2353 887 2422 Quemadmodum
922 2354 1107 2410 cancri
1162 2355 1321 2413 facile
1349 2358 1640 2429 capiuntur
1674 2351 1910 2418 insidiis,

342 2462 408 2500 co
430 2447 573 2515 quod
597 2445 734 2499 alias
760 2452 1093 2513 antrorsum,
1122 2445 1257 2500 alias
1287 2458 1586 2502 retrorsum
1617 2445 1868 2499 incedant
1895 2461 1909 2496 :

346 2539 426 2591 sic
449 2537 612 2590 etiam
639 2533 841 2598 anima,
875 2550 1019 2591 nunc
1046 2536 1182 2590 risui
1239 2546 1293 2592 et
1324 2537 1553 2604 deliciis,
1582 2550 1706 2591 mox
1743 2533 1913 2589 luctui

346 2625 718 2693 dedita,'nibil
745 2624 1008 2695 prolicere
1030 2633 1228 2696 potest.

412 2803 518 2870 Qui
543 2817 686 2858 nunc
716 2801 886 2872 luget,
920 2816 1066 2857 nunc
1095 2801 1378 2857 deiiciatur
1419 2812 1474 2858 et
1513 2802 1674 2869 ridet,
1717 2801 1915 2858 similis

342 2903 426 2948 est
455 2891 659 2947 homini
704 2904 901 2962 panem
948 2891 1208 2946 adversus
1235 2905 1453 2958 canem,
1499 2893 1690 2961 lapidis
1721 2893 1913 2958 instar,

343 2981 668 3054 projicienti,
715 2981 810 3052 qui
851 2989 1006 3053 gestu
1057 2981 1276 3052 quidem
1309 2981 1459 3051 fugat
1509 2996 1736 3049 canem,
1767 2981 1914 3038 facto

344 3084 528 3130 autem
563 3087 846 3128 remanere
877 3072 1148 3127 hortatur.
1753 3074 1764 3084 '

415 3164 608 3220 Marci.
646 3163 984 3219 Poenitentiae
1007 3178 1144 3232 opus
1165 3164 1218 3218 in
1248 3164 1421 3219 tribus
1443 3163 1597 3218 hisce
1625 3161 1917 3218 virtutibus

1941 3210 1988 3274 ο

2010 1979 2088 2039 είς
2117 1977 2362 2045 χρονικδν
2383 1979 2658 2046 διάστημα
2677 1995 2691 2009 ·
2709 1978 2848 2032 οὕτω
2871 1980 2980 2049 γάρ
3002 1980 3098 2048 οὐχ
3121 1979 3230 2044 ἕξει
3255 1978 3575 2046 καταλεῐψαι

2011 2063 2154 2131 ῐχνος
2179 2065 2237 2116 ἐν
2267 2066 2400 2133 ἡμῖν
2448 2066 2510 2118 τὸ
2541 2067 2730 2130 κακὸν,
2768 2066 2861 2119 ἅτε
2895 2067 3009 2136 ἃμα
3051 2067 3127 2137 τῷ
3157 2067 3410 2137 ἐπιϐῆναι
3441 2069 3577 2119 ἀπο-

2012 2155 2271 2220 σπασθὲν,
2295 2157 2451 2226 δίκην
2474 2156 2643 2226 φυτοῦ
2681 2161 3104 2229 ἀρτισυστάτου.

2081 2248 2292 2317 Ὥσπερ
2361 2250 2412 2301 oi
2477 2249 2762 2318 λεγόμενοι
2838 2253 3087 2321 καρκῖνοι
3173 2251 3579 2322 εὐεπιχείρητιι

2010 2342 2392 2409 τυγχάνουσιν,
2425 2341 2515 2395 διὰ
2553 2342 2615 2395 τὸ
2654 2342 2785 2395 ποτὲ
2825 2342 2925 2412 μὲν
2955 2343 3144 2414 πρόσω
3179 2344 3405 2414 βαίνειν,
3442 2345 3573 2396 ποτὲ

2010 2433 2068 2485 δὲ
2096 2431 2342 2486 ὄπισθεν·
2372 2432 2546 2497 οὕτως
2570 2435 2859 2505 καὶψυχὴ,
2888 2434 3018 2488 ποτὲ
3051 2436 3150 2506 μὲν
3181 2435 3417 2514 γελῶσα,
3452 2436 3581 2488 ποτὲ

2012 2523 2068 2577 δὲ
2125 2525 2417 2592 πενθοῦσα,
2465 2527 2598 2581 ποτὲ
2653 2527 2713 2581 δὲ
2770 2527 3052 2598 τρυφῶσα,
3096 2529 3252 2583 οὐδὲν
3296 2527 3581 2598 ὠφελῆσαι

2012 2614 2259 2672 δύναται.

2093 2793 2155 2850 '0
2181 2796 2310 2850 ποτὲ
2335 2799 2434 2866 μὲν
2468 2797 2704 2866 πενθῶν,
2741 2800 2872 2853 ποτὲ
2900 2801 2956 2854 δὲ
2987 2799 3207 2870 τρυφῶν
3234 2798 3329 2854 καὶ
3358 2799 3580 2869 γελοιά-

2016 2885 2146 2952 ζων,
2191 2888 2374 2958 ὅμοιός
2401 2890 2517 2943 ἐστι
2560 2890 2638 2961 τῷ
2663 2892 2802 2960 μετὰ
2828 2891 2996 2962 ἄρτου
3029 2893 3121 2945 τὸν
3158 2891 3299 2945 κύνα
3350 2892 3450 2960 τῆς
3494 2911 3581 2962 φι-

2015 2977 2261 3047 ληδονίας
2293 2979 2592 3049 λιθάζοντι,
2631 2982 2691 3044 ὃς
2716 2984 2792 3054 τῷ
2825 2982 2925 3052 μὲν
2964 2983 3206 3054 σχήματι
3232 2982 3425 3037 τοῦτον
3458 2983 3582 3038 διώ-

2016 3083 2122 3134 κει,
2147 3070 2225 3139 τῷ
2263 3069 2321 3122 δὲ
2361 3072 2647 3142 πράγματι
2666 3075 3022 3145 παρεδρεύειν
3045 3074 3234 3128 τοῦτον
3261 3075 3582 3146 προτρέπει.

2088 3161 2387 3231 Λογίζομαι
2426 3163 2485 3215 τὺ
2522 3165 2622 3233 τῆς
2649 3167 2939 3234 μετανοίας
2977 3166 3138 3236 ἔργον
3169 3167 3226 3220 ἑν
3263 3172 3385 3231 ταῖς
3433 3168 3583 3238 τρισὶ

345 3257 553 3312 absolvi
599 3256 785 3327 judico
821 3272 837 3309 :
877 3255 1193 3324 purgatione
1221 3255 1634 3324 cogitationum,
1667 3255 1916 3310 oratione

2019 3251 2244 3315 ταύταις
2299 3254 2520 3323 ἀρεταῖς
2574 3255 3000 3322 ὲξυφαίνεσοαι·
3051 3258 3112 3310 ἐν
3158 3257 3237 3328 τῷ
3287 3257 3582 3326 λογισμοὺς

346 3347 592 3412 assidua,
620 3355 676 3418 et
714 3345 1082 3417 ingruentium
1109 3345 1462 3400 alilictionum
1495 3345 1778 3414 patientia.
1809 3343 1916 3410 Qui

349 3439 406 3492 in
445 3437 566 3493 istis
593 3437 911 3508 aliquandiu
938 3443 1204 3502 moratur,
1235 3435 1450 3491 tandem
1476 3434 1545 3489 ad
1571 3435 1736 3490 animi
1767 3445 1919 3490 tran-

348 3527 677 3598 quillitatem
705 3524 1006 3596 perveniet.

424 3614 684 3678 Philonis.
733 3614 881 3668 Nihil
914 3627 1142 3686 prorsus
1189 3614 1392 3670 erroris
1426 3612 1768 3670 committere
1795 3626 1921 3683 pro-

342 3707 530 3778 prium
575 3716 660 3763 est
681 3705 799 3774 Dei,
826 3715 881 3762 et
924 3707 1063 3761 forte
1101 3705 1265 3760 etiam
1313 3705 1552 3760 hominis
1597 3703 1763 3759 divini
1799 3719 1814 3757 :
1851 3703 1920 3757 ab

352 3816 540 3856 errore
590 3808 772 3854 autem
821 3800 890 3851 ad
938 3794 1324 3866 inculpabilem
1359 3795 1525 3850 vitam
1555 3794 1754 3860 redire,
1791 3808 1921 3864 pru-

352 3893 531 3948 dentis
559 3899 644 3946 est
675 3898 732 3945 et
763 3888 919 3944 utilia
955 3888 1116 3958 plane
1145 3901 1251 3942 non
1286 3885 1614 3956 ignorantis.

421 3981 719 4038 Peccantes
737 3995 847 4034 non
875 3979 1057 4034 statim
1084 3977 1364 4032 ulciscitur
1391 3977 1553 4039 Deus,
1584 3975 1678 4031 sed
1709 3981 1921 4044 tempus

353 4076 434 4131 eis
494 4070 762 4142 permittit
814 4069 884 4125 ad
937 4067 1310 4138 paenitentiam
1375 4073 1432 4121 et
1496 4066 1797 4122 remedium
1856 4080 1922 4122 ac

353 4163 790 4221 emendationem
817 4160 1041 4215 erroris.

342 4285 352 4295 -
427 4253 750 4312 Theodorici.
785 4252 975 4321 Ampla
1001 4251 1225 4306 vulnera
1276 4267 1431 4323 aque
1453 4251 1646 4324 amplis
1667 4248 1926 4306 remediis

357 4351 644 4416 indigent:
674 4354 728 4400 et
759 4343 854 4415 qui
898 4342 1100 4398 diliicili
1150 4345 1343 4400 morbo
1375 4345 1610 4410 laborat,
1659 4342 1923 4412 majorem

357 4457 543 4496 curam
575 4436 845 4493 desiderat
873 4451 889 4489 :
921 4441 974 4489 et
1005 4434 1098 4503 qui
1149 4435 1360 4503 magnis
1392 4436 1628 4506 peccatis
1654 4433 1924 4491 obnoxius

355 4538 462 4596 est,
503 4529 708 4598 majore
738 4526 1070 4596 benignitate
1098 4540 1232 4594 opus
1272 4528 1452 4582 habet.
1732 4537 1734 4539 ’

426 4621 532 4690 37
572 4616 894 4688 Epicharmi.
922 4613 1232 4685 Sapientem
1255 4617 1408 4672 decet
1439 4616 1794 4688 providentia,
1814 4629 1926 4671 non

358 4712 701 4787 pmnitentia.

431 4800 666 4872 Evagrii.
716 4797 910 4853 Planta
947 4807 1070 4864 qua:
1135 4794 1365 4851 subinde
1422 4795 1768 4862 transfertur,
1819 4811 1930 4850 non

351 4894 669 4950 lructilicat.

431 4987 653 5039 Aristot.
709 4983 1029 5040 Aristoteles
1075 4981 1292 5038 dicebat
1352 4994 1447 5048 per
1501 4992 1718 5033 omnem
1764 4976 1931 5031 vitam

364 5079 526 5135 trium
558 5094 619 5132 se
648 5077 988 5147 paenituisse,
1017 5075 1193 5146 primo
1227 5073 1374 5143 quod
1417 5070 1632 5125 mulieri
1665 5078 1931 5124 secretum

363 5168 567 5237 aliquid
597 5167 982 5234 commisisset,
1018 5165 1260 5223 secundo
1293 5164 1434 5233 quod
1469 5163 1777 5230 navigasset
1825 5173 1936 5228 quo

367 5261 596 5337 pedibus
630 5259 712 5315 ire
738 5259 1003 5327 licuisset,
1039 5258 1201 5315 tertio
1236 5257 1381 5328 quod
1414 5269 1584 5311 unum
1615 5253 1759 5310 diem
1794 5251 1937 5308 into-

365 5359 542 5412 Status
571 5349 880 5406 mansisset.

695 5476 930 5534 SERMO
967 5475 1134 5532 XVIII
1172 5473 1272 5547 [ιιι.
1319 5473 1602 5548 CLXXX].

373 5599 453 5663 De
488 5598 593 5654 illis
633 5597 724 5669 qui
765 5597 869 5651 cito
901 5602 1175 5669 mittantur
1215 5594 1269 5646 in
1293 5593 1615 5669 deteriorem
1662 5600 1860 5647 statum
1892 5599 1939 5645 et

951 5665 1012 5718 de
1036 5663 1359 5732 paenitentia.

361 5757 363 5764 Ι
450 5781 575 5836 Luc.
621 5798 697 5840 ut.
747 5778 937 5835 Nullus
987 5777 1079 5849 qui
1138 5790 1300 5830 manu
1349 5773 1709 5845 superinjecta
1760 5784 1944 5830 aratro

2017 3343 2326 3412 καθαίρειν,
2365 3345 2462 3397 καὶ
2506 3346 2866 3409 ἀδιαλείπτως
2892 3346 3323 3417 προσεύχεσθαι,
3361 3349 3453 3401 καὶ
3484 3347 3583 3409 τὰς

2017 3433 2391 3503 ἐπερχομένας
2419 3435 2625 3507 θλίψεις
2653 3437 2981 3510 ὑποφέρειν·
3004 3440 3062 3493 ὲν
3091 3438 3302 3504 τούτοις
3335 3441 3362 3492 δ
3389 3441 3583 3510 ἐγχρο-

2016 3523 2178 3586 νίζων
2213 3527 2292 3588 είς
2325 3527 2594 3580 ἀπάθειαν
2624 3527 2864 3598 ἔρχεται.

2093 3616 2167 3669 Τὸ
2214 3615 2312 3684 μὲν
2353 3617 2518 3687 μηδὲν
2569 3619 2804 3684 συνόλως
2861 3621 3202 3691 ἁμαρτάνειν
3252 3621 3384 3674 ῐδιον
3427 3621 3583 3688 Θεοῦ,

2023 3711 2158 3781 τάχα
2191 3711 2245 3764 δὲ
2276 3713 2369 3765 καὶ
2396 3713 2544 3766 θείου
2572 3715 2761 3784 ἀνδρός
2779 3731 2794 3745 ·
2828 3716 2888 3769 τδ
2917 3716 2972 3768 δὲ
2997 3716 3386 3786 ἁμαρτάνοντα
3416 3733 3583 3786 μετα-

2022 3802 2238 3856 ϐάλλειν
2289 3805 2427 3872 πρὸς
2478 3807 2798 3859 άνυπαίτιον
2851 3807 2999 3876 ζωὴν
3050 3808 3316 3878 φρονίμου
3376 3809 3472 3861 καὶ
3528 3809 3584 3860 τὸ

2024 3895 2306 3965 συμφέρον
2343 3895 2489 3950 ἅπαν
2527 3897 2630 3951 οὐκ
2659 3898 3054 3970 ἀγνοήσαντος.

2093 3987 2218 4050 Τοῖς
2265 3988 2668 4058 ἁμαρτάνουσιν
2708 3991 2810 4043 οὐκ
2859 3991 3020 4053 εὐθὺς
3069 3989 3396 4056 ἐπέξεισινό
3428 3992 3586 4055 Θεὸς,

2023 4078 2161 4133 ἀλλὰ
2204 4079 2390 4132 δίδωσι
2454 4081 2644 4150 χρόνον
2693 4083 2774 4144 είς
2829 4081 3141 4151 μετάνοιαν,
3183 4085 3279 4139 καὶ
3329 4084 3430 4156 τὴν
3492 4085 3586 4136 τοῦ

2026 4166 2341 4237 σφάλματος
2371 4169 2516 4222 ίασίν
2545 4187 2604 4222 τε
2637 4172 2733 4223 καὶ
2764 4171 3160 4241 ἐπανόρθωσιν.

2096 4257 2176 4310 Τὰ
2238 4258 2448 4326 μεγάλα
2512 4259 2619 4311 τῶν
2670 4259 2999 4329 τραυμάτων
3057 4260 3360 4331 ίσομέτρων
3418 4262 3586 4315 δεῖται

2029 4349 2356 4419 φαρμάκων·
2399 4350 2490 4404 καὶ
2524 4351 2551 4402 ό
2584 4350 2792 4421 χαλεπῇ
2824 4351 2965 4417 νόσῳ
2996 4353 3310 4420 περιπεσὼν
3338 4353 3439 4405 πλε
3452 4356 3587 4430 ίονιὶς

2027 4439 2220 4510 χρῃζει
2269 4441 2617 4508 κηδεμονίας·
2669 4443 2765 4495 καὶ
2822 4444 2850 4494 ὁ
2911 4443 3122 4511 μεγάλα
3186 4444 3587 4515 πλημμελήσας

1955 4548 2000 4605 υ
2030 4531 2270 4594 πλείονος
2298 4530 2467 4583 δεῖται
2493 4531 2922 4602 φιλανθρωπίας.

2097 4622 2172 4676 Ού
2202 4626 2504 4692 μετανοεῖν,
2555 4623 2688 4677 ἀλλὰ
2735 4626 2986 4694 προνοεῖν
3015 4625 3122 4696 χρὴ
3163 4624 3254 4678 τὸν
3287 4624 3449 4694 σοφὸν
3493 4625 3589 4679 άν-

2027 4713 2148 4767 δρα.

2095 4729 2148 4767 α.

2061 4729 2268 4856 ρΦυτέιν
2299 4803 2739 4874 μεταφερόμενον
2775 4805 3016 4874 συνεχῶς
3060 4803 3275 4874 καρπὸν
3321 4805 3383 4860 οὐ
3427 4808 3589 4863 ποιεῖ.

2115 4981 2491 5051 Ἀριστοτέλης
2518 4981 2622 5052 ἔφη
2649 4983 2704 5034 ὲν
2741 4981 2906 5034 παντὶ
2931 4979 3007 5050 τῷ
3039 4979 3140 5050 βίῳ
3169 4981 3320 5050 τρεῖς
3351 4996 3588 5050 μεταμε-

2034 5073 2208 5137 λείας·
2241 5074 2368 5143 μίαν
2413 5074 2511 5142 μὲν
2555 5074 2648 5127 ἐπὶ
2698 5073 2777 5143 τῷ
2811 5071 3034 5140 γυναικὶ
3090 5071 3386 5126 πιστεῦσαι
3438 5071 3588 5140 λόγοι

2036 5165 2369 5236 ἀπόρρητον,
2409 5163 2599 5235 ἑτέραν
2647 5165 2725 5228 δὲ,
2779 5163 3015 5227 πλεύσας
3048 5165 3185 5218 ὅπου
3238 5162 3467 5218 δυνατὸν
3505 5180 3588 5216 πε-

2037 5257 2248 5323 ζεῦσαι,
2273 5257 2373 5328 τὴν
2405 5257 2461 5311 δὲ
2505 5255 2718 5327 τρίτην,
2749 5256 2830 5310 ὅτι
2885 5256 3014 5326 μίαν
3060 5255 3276 5326 ἡμέραν
3317 5254 3590 5318 ἀδιάθετος

2038 5345 2274 5415 ἔμεινεν.

2634 5480 2851 5533 ΛΟΓΟΣ
2892 5479 3004 5537 iH'.

2043 5595 2182 5665 Περὶ
2211 5594 2326 5649 τῶν
2359 5594 2582 5663 ταχέως
2600 5591 3170 5718 μεταὸαὗλομένων,
3201 5592 3308 5648 καὶ
3338 5592 3472 5661 περὶ
3501 5607 3592 5662 με·

2697 5681 2842 5718 τανο
2867 5682 2958 5718 ac.

2697 5681 2958 5730 τανοιας.

2119 5778 2306 5841 Οὐδεὶς
2347 5776 2619 5831 ἐπιϐαλὼν
2662 5775 2758 5845 τὴν
2805 5777 2963 5844 χεῖρα
2995 5775 3158 5830 αὐτοῦ
3214 5775 3306 5828 ἐπ’
3351 5775 3600 5840 ἄροτρον.
