4034 6404
340 358 449 423 833
1197 359 1370 420 LOCI
1414 356 1862 418 COMMUNES.
1900 380 1970 394 -
2010 357 2205 418 PARS
2245 358 2289 420 1.
2323 355 2590 417 SERMO
2631 357 2800 420 XIX.
3519 360 3626 422 834

347 480 442 532 καὶ
473 475 691 548 βλέπων
725 492 806 538 εις
827 475 902 529 τὰ
931 472 1132 539 ὀπίσω,
1161 473 1381 538 εὔθετός
1408 475 1559 528 ἐστιν
1593 473 1673 539 είς
1702 473 1801 543 τὴν
1834 473 1930 542 βα-

2068 480 2338 526 ett'orsum
2393 473 2551 527 vertit
2603 472 2815 539 oculos,
2867 471 3101 529 idoneus
3153 485 3238 528 cst
3275 472 3341 527 ad
3400 489 3628 541 regnum

345 567 553 622 σιλείαν
578 565 674 620 τοῦ
701 565 859 619 Θεοῦ.
2036 560 2094 612 Ι).
2117 561 2154 614 i.

411 656 682 728 Κρεῖσσύν
713 657 831 710 ἐστι
865 655 942 728 μὴ
991 657 1371 724 ἐπεγνωκέναι
1417 654 1521 724 τὴν
1549 655 1670 709 ὁδδν
1698 654 1800 725 τῆς
1850 656 1930 709 διο

2105 653 2295 722 Apost.
2361 653 2592 711 Praestat
2649 672 2758 712 non
2821 657 3110 729 agnovisse
3163 660 3307 713 viam
3375 659 3627 728 justitiae,

343 748 666 818 καιοσύνης,
697 749 730 820 ἢ
765 749 1062 818 ἐπιγνόντα
1095 747 1426 819 ἐπιστρέψαι
1452 749 1516 802 ἐκ
1550 750 1650 821 τῆς
1690 749 1929 818 παραδο-

2067 760 2198 813 ιιειιι
2234 757 2356 817 post
2385 751 2719 820 agnitionem
2767 751 2913 808 illius
2947 768 2976 808 a
3017 763 3211 808 sancta
3239 752 3488 808 doctrina
3519 751 3628 806 sibi

346 841 535 912 θείσης
569 840 722 911 αύτῷ
750 841 915 909 ἁγίας
949 840 1198 910 ἐντολῆς.

2067 837 2234 894 radita
2265 841 2498 897 resilire.

433 933 731 997 Ἑκουσίως
760 933 870 1003 γὰρ
903 933 1332 1003 ἁμαρτανόντων
1365 933 1548 1003 ἡμῶν,
1585 933 1724 1005 μετά
1746 933 1808 987 τὸ
1835 932 1932 987 λα⁹

2114 929 2282 986 Hebr.
2333 949 2388 986 ι.
2449 932 2584 988 Nam
2624 934 2670 990 si
2731 937 2976 993 volentes
3042 937 3452 1008 pcecaverimus
3507 945 3632 1006 post

345 1025 462 1078 δεῖν
491 1025 589 1093 τὴν
619 1023 919 1092 ἐπίγνωσιν
944 1025 1044 1094 τῆς
1069 1023 1350 1094 ἀληθείας,
1377 1025 1562 1078 οὐκέτι
1593 1027 1726 1095 περὶ
1745 1027 1933 1095 ἁμαρ·

2071 1031 2317 1092 cceptam
2357 1025 2724 1094 cegnitionem
2761 1031 3029 1096 veritatis,
3059 1045 3166 1084 non
3201 1029 3338 1083 ultra
3374 1045 3470 1098 pro
3501 1041 3640 1098 pec-'

344 1115 480 1170 τιῶν
513 1115 871 1169 ἀπολείπεται
903 1115 1090 1182 θυσία,
1129 1115 1338 1186 φοϐερά
1378 1116 1433 1170 δέ
1456 1133 1540 1178 τις
1573 1116 1769 1188 ἐκδοχὴ
1813 1117 1934 1187 κρί-

2069 1114 2173 1168 alis
2219 1115 2434 1184 reliqua
2481 1125 2566 1171 cst
2613 1119 2812 1184 itosua,
2848 1121 2939 1175 sed
2973 1120 3335 1176 formidabilis
3375 1121 3627 1190 quaedam

348 1219 524 1269 σεως,
587 1204 684 1257 καὶ
736 1205 911 1275 πυρὸς
968 1204 1130 1274 ζῆλος
1195 1203 1402 1260 ἐσθίειν
1459 1205 1748 1276 μέλλοντος
1804 1205 1934 1270 τοὺς

2072 1207 2370 1276 xspectatio
2400 1207 2617 1277 judicii.
2654 1218 2708 1264 et
2743 1211 2883 1280 ignis
2923 1212 3290 1280 vehementia,
3326 1213 3418 1282 qui
3457 1214 3628 1267 devo-

348 1295 733 1360 ὑπεναντίους.

2071 1307 2264 1354 aturus
2294 1308 2378 1356 est
2407 1301 2776 1357 adversarios.

420 1387 639 1459 Ὠσπερ
685 1388 832 1443 κύων
874 1389 1006 1442 ὅταν
1053 1389 1255 1462 ἐπέλθῃ
1290 1389 1384 1443 ἐπὶ
1412 1389 1506 1444 τὸν
1547 1391 1677 1446 ῖδιον
1715 1392 1930 1462 ἔμετον,

2109 1389 2270 1447 Prov.
2303 1409 2471 1449 xxvii.
2521 1391 2995 1460 Quemadmodum
3051 1395 3204 1453 canis
3254 1412 3512 1453 reversus
3563 1397 3632 1451 ad

347 1482 442 1536 καὶ
473 1481 706 1553 μισητὺς
734 1482 991 1551 γένηται·
1021 1481 1200 1545 οὕτως
1226 1482 1417 1552 ἄφρων
1443 1485 1510 1554 τῇ
1539 1484 1736 1538 ἐαυτοῦ
1765 1484 1936 1556 κακίᾳ

2067 1483 2320 1552 ηόρτὶιιιη
2362 1483 2628 1538 vomitum
2670 1483 3056 1540 abominabilis
3105 1487 3184 1553 iit,
3229 1487 3309 1541 sic
3370 1487 3634 1558 insipiens

345 1574 700 1646 ἀναστρέψας
727 1576 820 1627 ἐπὶ
850 1575 950 1644 τὴν
978 1573 1178 1628 ἐαυτοῦ
1210 1575 1516 1646 ἁμαρτίαν.

2067 1573 2216 1641 γιιίεχ
2256 1572 2462 1627 malitia
2492 1588 2588 1628 sua
2631 1573 2773 1628 redit
2808 1575 2874 1629 ad
2903 1585 3188 1646 peccatum
3231 1592 3417 1632 suum.

431 1667 522 1722 Ἐν
565 1669 644 1739 τῷ
681 1669 1056 1740 ἀποστρέφειν
1101 1669 1315 1723 δίκαιον
1349 1671 1415 1724 ἐκ
1448 1671 1545 1739 τῆς
1578 1672 1934 1742 δικαιοσύνης

2108 1661 2302 1718 Ezech.
2337 1679 2490 1720 xvm.
2519 1665 2656 1722 Cum
2681 1668 2867 1737 justus
2897 1670 3171 1724 avertitur
3201 1685 3232 1724 a
3258 1670 3474 1739 justitia
3536 1685 3636 1724 sua

349 1759 536 1824 αὑτοῦ,
569 1760 668 1814 καὶ
721 1761 949 1830 ποιῆσαι
985 1761 1226 1828 ἀδικίαν,
1262 1762 1434 1815 πᾶσαι
1487 1764 1542 1816 at!
1591 1763 1934 1818 δικαιοσύναι

2067 1763 2096 1808 :t
2131 1754 2461 1824 injustitiam
2508 1759 2770 1827 admittit,
2804 1775 2998 1818 omnes
3041 1762 3273 1831 iustitia!
3303 1763 3426 1832 ejus
3455 1776 3487 1816 a
3520 1776 3638 1817 me-

347 1854 516 1907 αύτοῦ
541 1853 604 1906 ού
637 1852 711 1922 μὴ
745 1851 1087 1923 μνησθῶσιν·
1125 1854 1184 1906 ἐν
1217 1855 1282 1922 τῇ
1316 1853 1564 1925 ἁμαρτία
1589 1853 1754 1907 αὑτοῦ
1795 1858 1934 1909 ἀπο.

2067 1849 2212 1900 noria
2263 1848 2483 1913 cadent,
2531 1850 2802 1905 morietur
2851 1852 2906 1905 in
2957 1863 3186 1922 peccato
3241 1869 3364 1909 suo.
3421 1851 3637 1907 Unum-

349 1948 616 2002 θανεῖται.
646 1946 921 2000 Ἕκαστον
972 1945 1116 1999 κατά
1142 1944 1244 2015 τὴν
1271 1944 1389 2000 ὁδὸν
1431 1945 1598 1999 αὐτοῦ
1644 1948 1699 2000 ἐν
1731 1940 1936 2021 ᾖεῦρω

2067 1953 2312 2008 [nemque
2335 1939 2388 1994 in
2406 1939 2492 1995 via
2510 1956 2630 2008 sua,
2653 1943 2706 1996 in
2727 1957 2832 2013 qua
2857 1943 3117 2000 invenero
3135 1945 3337 2015 ipsum,
3355 1944 3635 2014 judicabn,

348 2040 536 2108 αὑτὸν,
561 2039 733 2110 κρινῶ
758 2037 944 2101 αύτὸν,
963 2037 1115 2107 λέγει
1147 2037 1376 2107 Κύριοςο
1403 2037 1502 2092 καὶ
1517 2041 1572 2092 ἐν
1662 2037 1728 2093 ἀν
1751 2041 1938 2111 ἡμέρα

2067 2032 2222 2102 nquit
2307 2034 2598 2100 Dominus,
2657 2044 2713 2092 et
2767 2024 3097 2108 quocunque
3143 2039 3232 2092 die
3288 2039 3511 2107 iniquus
3566 2038 3641 2092 ab

353 2133 659 2205 ἐπιστρέψῃ
692 2135 720 2186 ὁ
748 2132 952 2201 ἄνομος
987 2131 1052 2185 ἐκ
1085 2129 1280 2184 πασῶν
1321 2129 1431 2185 τῶν
1470 2131 1717 2202 ἀνομιῶν
1745 2132 1935 2199 αὐτοῦ,

349 2229 446 2283 καὶ
484 2229 691 2298 ποιήσῃ
723 2226 1100 2297 δικαιοσύνην,
1145 2223 1209 2277 ού
1249 2223 1325 2295 μὴ
1376 2226 1603 2296 μνησθῶ
1644 2225 1725 2279 ἔτι
1761 2226 1941 2281 πάντα

351 2321 417 2374 τά
447 2317 872 2391 παραπτώματα
903 2316 1096 2371 αὐτοῦ.

425 2408 751 2480 Δικαιοσύνη
789 2407 1004 2462 δικαίου
1030 2407 1091 2460 ού
1127 2405 1203 2478 μὴ
1234 2404 1488 2478 ἐξέληται
1525 2407 1690 2462 αὑτὸν
1725 2411 1784 2462 ὲν
1816 2403 1942 2482 ᾗᾶν

353 2504 537 2574 ἡμέρᾳ
579 2499 856 2571 πλανηθῇ·
902 2499 1000 2552 καὶ
1046 2498 1248 2569 ἀνομία
1298 2499 1535 2564 ἀσεϐοῦς
1581 2499 1642 2552 οὒ
1695 2497 1941 2554 κακώσει

352 2594 542 2661 αὐτὸν,
580 2595 638 2669 ἐν
669 2586 703 2668 ᾖ
736 2593 802 2646 ἂν
827 2591 1019 2664 ἡμέρᾳ
1045 2592 1376 2663 ἁποστραφῇ
1411 2593 1521 2646 ἀπὸ
1553 2593 1654 2662 τῆς
1703 2592 1944 2662 ἀνομίας

357 2686 548 2741 αὐτοῦ.
587 2687 864 2742 Ἕκαστον
895 2687 954 2741 ἐν
999 2687 1122 2751 ταῖς
1165 2687 1304 2751 ὁδοῖς
1349 2687 1514 2741 αὐτοῦ
1553 2686 1727 2759 κρινῶ
1774 2688 1940 2759 ὑμᾶς,

351 2774 503 2843 οἶκος
542 2780 579 2832 Ί
590 2777 788 2850 σραήλ.

433 2872 498 2926 ’0
553 2873 612 2924 ἐν
661 2872 920 2943 προκοπῇ
961 2871 1262 2942 γενόμενος
1311 2871 1532 2941 ἀγαθῶν
1568 2870 1768 2942 ἔργων,
1822 2866 1944 2926 εἶτα

355 2963 799 3035 παλινδρομήσας
856 2964 994 3036 πρὸς
1042 2962 1143 3035 τὴν
1198 2963 1434 3035 ἀρχαίαν
1507 2963 1833 3034 συνήθειαν,
1882 2963 1942 3016 ού

357 3051 518 3122 μόνον
545 3056 639 3106 τὸν
673 3053 765 3106 ἐπὶ
793 3053 909 3115 τοῖς
957 3054 1360 3124 πεπονημένοις
1393 3053 1587 3124 μισθὸν
1630 3052 1943 3124 ἐζημιώθη,

356 3145 497 3201 ἀλλά
526 3147 637 3199 καὶ·
663 3144 974 3217 βαρυτέρας
1004 3143 1253 3213 ἀξιοῦται
1287 3148 1386 3217 τῆς
1412 3147 1816 3218 κατακρίσεως.

433 3238 500 3292 '0
535 3238 628 3290 ἐπὶ
653 3237 766 3299 τοῖς
795 3233 1037 3307 πρώτοις
1071 3237 1441 3308 ἁμαρτήμασι
1477 3236 1812 3305 παιδευθεὶς,
1847 3235 1943 3292 καὶ

354 3331 453 3398 τῆς
479 3331 730 3400 ἀφέσεως
757 3328 1146 3396 καταξιωθεὶς,
1175 3329 1272 3384 ἐὰν
1297 3330 1462 3386 πάλιν
1485 3330 1735 3402 ἁμάρτῃ,
1759 3331 1944 3403 χεῖρον

353 3419 449 3474 τοῦ
507 3421 776 3493 προτέρου
813 3419 1225 3486 κατασκευάζει
1277 3419 1454 3492 ἐαυτῷ
1516 3419 1579 3474 τὸ
1623 3421 1802 3490 κρῖμα
1843 3419 1943 3483 τῆς

352 3512 546 3584 ἐργῆςο

426 3605 621 3660 Πολλοὶ
649 3606 1083 3679 ἐπιστρέψαντες
1113 3606 1222 3661 ἀπὸ
1257 3606 1513 3678 πονηρῶν
1543 3606 1746 3678 ἔργων,
1777 3607 1944 3662 οἱονεὶ

353 3696 455 3760 τὰς
505 3699 729 3768 μνήμας
776 3698 886 3753 τῶν
927 3698 1173 3754 παλαιῶν
1208 3699 1390 3771 ἔργων
1439 3703 1940 3769 παρακατέχοντες,

351 3789 422 3843 δι’
465 3789 648 3844 αὐτῶν
693 3791 959 3856 πολλάκις
1008 3791 1366 3847 ἀνανεοῦνται
1411 3789 1512 3861 τὴν
1555 3791 1943 3862 ήσυχάζουσαν

354 3883 658 3953 ἁμαρτίαν.

427 3977 743 4049 ’Ἄνθρωποι
777 3979 898 4041 ταῖς
947 3975 1202 4043 νεφέλαις
1244 3976 1478 4044 ἐοίκασι,
1519 3976 1656 4046 πρὸς
1692 3977 1792 4040 τὰς
1832 3977 1944 4032 τῶν

355 4067 686 4136 πνευμάτων
723 4065 1030 4138 μεταϐολὰς
1075 4065 1268 4121 ἄλλοτε
1313 4065 1438 4119 κατ’
1471 4064 1602 4121 ἄλλο
1648 4065 1814 4136 μέρος
1847 4064 1942 4120 τοῦ

353 4155 517 4226 ἀέρος
551 4157 990 4227 ἐμφερομέναις.

955 4247 1179 4303 ΛΟΓΟΣ
1230 4248 1337 4304 18'.

466 4341 604 4410 Περὶ
630 4339 752 4396 τῶν
775 4342 862 4408 είς
891 4341 1222 4412 μετάνοιαν
1244 4341 1332 4412 μὴ
1355 4341 1864 4414 ἐπιστρεφόντων.

434 4435 696 4506 Παρῆσαν
725 4433 957 4498 δέτινες
979 4434 1128 4504 αύτῷ
1154 4435 1232 4506 τῷ
1257 4434 1460 4506 καιρῷ,
1501 4437 1942 4505 ἀπαγγέλλοντες

1972 3183 2020 3246 C

2040 2126 2299 2181 omnibus
2326 2127 2709 2198 iniquitatibus
2737 2130 2854 2186 suis
2886 2145 2945 2186 se
2974 2131 3328 2198 converterit,
3359 2142 3414 2186 et
3445 2130 3641 2186 fecerit

2038 2215 2335 2286 justitiam,
2382 2233 2492 2274 non
2543 2219 2779 2290 amplius
2835 2223 3084 2277 omnium
3133 2223 3458 2278 delictorum
3516 2223 3641 2293 ejus

2042 2311 2398 2365 recordabor.

2120 2400 2263 2456 Ibid.
2296 2419 2493 2460 χχχιιι.
2524 2403 2743 2461 Iustitia
2769 2405 2905 2477 justi
2939 2421 3047 2461 non
3082 2406 3336 2462 liberabit
3367 2419 3493 2460 eum
3530 2421 3644 2478 quo

2045 2501 2290 2565 tempore
2334 2496 2728 2553 aberraverit:
2771 2507 2826 2553 et
2872 2498 3137 2570 iniquitas
3190 2498 3344 2569 impii
3395 2515 3506 2554 non
3539 2513 3642 2554 no-

2045 2588 2189 2643 cebit
2212 2590 2285 2656 ei,
2313 2605 2424 2660 quo
2451 2591 2538 2646 die
2560 2605 2866 2648 conversus
2898 2590 3065 2647 fuerit
3089 2593 3159 2647 ab
3199 2591 3489 2662 iniquitate
3519 2608 3642 2648 sua.
3752 2635 3774 2654 .

2047 2677 2504 2752 Unumquemque
2555 2689 2796 2738 vestrum
2852 2683 2906 2738 in
2945 2684 3050 2740 viis
3106 2683 3222 2738 suis
3274 2684 3556 2753 judicabo,
3609 2699 3646 2739 o

2047 2771 2242 2827 domus
2277 2771 2469 2828 Israel.

2118 2861 2333 2918 Basilii.
2367 2864 2472 2930 Qui
2501 2873 2794 2937 postquam
2828 2866 2881 2921 in
2913 2866 3074 2922 bonis
3104 2868 3366 2938 operibus
3391 2867 3645 2938 proiecit,

2049 2955 2246 3009 iterum
2312 2955 2379 3009 ad
2438 2956 2724 3027 antiquam
2779 2960 3234 3014 cmtsuetudinem
3307 2959 3474 3024 redit,
3533 2976 3646 3013 non

2048 3043 2230 3098 solum
2302 3046 2483 3114 perdit
2534 3047 2806 3102 bonorum
2867 3065 3097 3120 operum
3165 3049 3496 3118 mercedem,
3546 3049 3645 3107 sed

2051 3137 2278 3208 insuper
2311 3139 2564 3208 graviore
2593 3139 2947 3197 damnatione
2969 3142 3256 3198 multatur.

2121 3229 2438 3301 Castigatus
2493 3232 2695 3303 aliquis
2746 3242 2972 3304 propter
3033 3238 3212 3305 prima
3279 3244 3528 3305 peccata,
3589 3247 3642 3292 et

2047 3323 2261 3377 veniam
2291 3335 2576 3380 assecutus
2603 3327 2647 3380 si
2675 3327 2857 3382 denuo
2877 3337 3086 3398 peccet,
3105 3328 3326 3401 gravius
3345 3329 3530 3398 priore
3549 3328 3641 3401 ju-

2045 3415 2248 3471 dicium
2277 3417 2370 3473 ira:
2397 3417 2501 3474 sibi
2526 3419 2781 3476 accersit.

2117 3599 2266 3655 Multi
2305 3616 2335 3655 a
2369 3601 2524 3658 malis
2557 3602 2814 3672 operibus
2849 3604 3128 3670 conversi,
3161 3605 3256 3659 sed
3280 3605 3461 3660 adhuc
3487 3615 3639 3660 vete-

2046 3709 2168 3748 rum
2200 3692 2508 3749 facinorum
2542 3695 2688 3766 apud
2718 3710 2779 3751 se
2807 3698 3126 3752 memoriam
3175 3705 3480 3766 servantes,
3517 3697 3642 3768 ejus

2045 3787 2206 3857 culpa
2233 3803 2338 3842 non
2365 3803 2490 3842 raro
2515 3789 2764 3859 quietum
2799 3799 3081 3860 peccatum
3111 3801 3403 3846 renovant.

2119 3967 2382 4025 Homines
2418 3969 2633 4026 nebulis
2664 3970 2876 4027 similes
2916 3979 3067 4037 sunt,
3099 3986 3222 4042 qua:
3252 3970 3408 4040 juxta
3462 3981 3641 4028 muta-

2046 4063 2223 4119 tiones
2252 4060 2478 4117 ilatuum
2505 4077 2651 4118 nunc
2679 4064 2788 4118 huc
2814 4077 2961 4118 nunc
2987 4063 3118 4120 illuc
3153 4063 3428 4122 feruntur.

2409 4237 2645 4294 SERMO
2675 4238 2798 4294 XIX
2837 4239 2934 4313 [ιιι.
2971 4239 3282 4314 CLXXXI].

2154 4337 2229 4389 De
2251 4334 2357 4389 illis
2397 4335 2486 4404 qui
2515 4339 2584 4388 ad
2613 4337 2973 4404 paenitentiam
3003 4351 3107 4389 non
3133 4344 3532 4390 convertuntur.

2117 4427 2248 4484 Luc.
2284 4442 2382 4482 xu.
2411 4427 2652 4480 Aderant
2673 4436 2853 4480 autem
2877 4425 3104 4495 quidam
3132 4427 3323 4482 eodem
3390 4425 3444 4479 in
3503 4439 3638 4483 tem-

352 4527 502 4597 αύτῷ
529 4528 657 4599 περὶ
682 4527 794 4582 τῶν
810 4527 1137 4592 Γαλιλαίων,
1161 4523 1238 4580 ὧν
1263 4529 1324 4580 τὸ
1350 4522 1492 4597 αἷμα
1522 4529 1752 4593 Πιλᾶτος
1781 4528 1935 4600 ἔμιξε

2067 4536 2176 4576 iure
2209 4521 2525 4576 nuntiantes
2552 4519 2628 4573 illi
2689 4519 2756 4574 de
2805 4518 3066 4585 Galilaeis,
3100 4518 3213 4590 38
3241 4534 3472 4589 quorum
3510 4536 3640 4574 san-

356 4618 496 4686 μετὰ
523 4617 633 4671 τῶν
666 4616 871 4672 θυσιῶν
914 4617 1116 4672 αὐτῶν.
1164 4617 1274 4671 Καὶ
1307 4618 1630 4689 ἀποκριθεὶς
1658 4620 1686 4672 ὀ
1730 4620 1941 4690 Ἰησοῦς

354 4703 510 4759 εἷπεν
541 4706 748 4771 αὐτοῖς·
789 4723 808 4758 ι
840 4707 1063 4760 Δοκεῖτε
1092 4707 1172 4760 ὅτι
1201 4709 1250 4759 οἱ
1285 4707 1562 4761 Γαλιλαῖοι
1585 4701 1732 4762 οῦτοι
1760 4709 1941 4778 ἁμαρ·

352 4800 648 4872 τωλότεροι
692 4800 848 4873 παρὰ
889 4801 1104 4865 πάντας
1133 4801 1260 4864 τοὺς
1303 4801 1623 4864 Γαλιλαίους
1671 4802 1942 4870 ἐγένοντο,

353 4891 438 4944 ὅτι
466 4887 695 4943 τοιαῦτα
739 4888 1076 4944 πεπόνθασιν
1101 4905 1116 4953 ;
1149 4889 1307 4960 Οὐχὶ,
1331 4889 1476 4958 λέγω
1507 4889 1636 4958 ὑμῖν
1659 4905 1672 4918 ·
1706 4887 1822 4940 ἀλλ’
1849 4889 1948 4942 ἐὰν

362 4980 440 5052 μὴ
489 4979 884 5051 μετανοήσητε,
934 4980 1140 5042 πάντες
1209 4978 1473 5042 ὡσαύτως
1521 4977 1838 5034 ἀπολεῖσθε.
1873 4981 1943 5032 Ἢ

289 5073 312 5112 ‘-
359 5077 557 5130 ἐκεῖνοι
586 5075 638 5128 oi
683 5074 816 5128 δέκα
864 5073 959 5128 καὶ
989 5074 1157 5139 ὀκτὼ,
1191 5075 1279 5145 ἐφ’
1318 5073 1412 5138 οὒς
1447 5073 1646 5127 ἔπεσεν
1677 5074 1704 5126 ὀ
1736 5073 1945 5143 πύργος

361 5168 418 5220 ἐν
453 5165 533 5236 τῷ
564 5163 807 5234 Σιλωὰμ,
858 5164 954 5216 καὶ
1004 5164 1290 5218 ἀπώλεσεν
1336 5164 1534 5227 αύτούς
1558 5181 1573 5197 ·
1618 5165 1828 5218 δοκεῖτε
1863 5164 1946 5218 ὅτι

360 5259 640 5330 ὀφειλέται
671 5258 926 5328 ἐγένοντο
976 5258 1130 5327 παρὰ
1188 5259 1398 5322 πάντας
1449 5257 1776 5328 ἀνθρώπους
1817 5257 1945 5320 τοὺς

360 5351 752 5414 κατοικοῦντας
813 5349 1210 5421 Ὶερουσαλήμ;
1261 5352 1419 5422 Ούχὶ,
1445 5351 1591 5420 λέγω
1639 5351 1791 5422 ύμίν’
1826 5347 1944 5404 ἀλλ’

361 5447 456 5500 ἐὰν
491 5445 567 5515 μὴ
602 5445 1012 5516 μετανοήσητε,
1045 5445 1251 5507 πάντες
1274 5443 1586 5497 ἀπολεῖσθε.

432 5539 604 5591 Ὅταν
653 5537 710 5590 δὲ
755 5535 992 5602 λέγωσιν
1041 5534 1268 5604 είρήνην
1316 5535 1414 5588 καὶ
1449 5534 1773 5604 ἀσφάλειαν,
1822 5534 1945 5587 τότε

361 5623 628 5699 αίφνίδιος
659 5628 846 5691 αὐτοῖς
879 5626 1171 5692 ἐφίσταται
1202 5625 1448 5697 ὖλεθρος.

393 5725 402 5736 “
435 5725 498 5776 Ol
535 5724 591 5774 ἐν
619 5721 916 5792 ἁμαρτίαις
950 5720 1258 5790 γενόμενοι,
1311 5720 1406 5774 καὶ
1438 5721 1514 5791 μὴ
1553 5721 1939 5790 μεταγνόντες,

397 5816 426 5868 ν
496 5814 655 5886 μόνον
708 5815 809 5868 οὐκ
856 5813 1274 5868 είσακούσονται
1324 5814 1778 5885 προσευχόμενοι,
1806 5814 1943 5870 ἀλλά

2049 4614 2266 4685 guinem
2297 4613 2502 4666 Pilatus
2537 4613 2832 4667 miscuerat
2877 4629 3001 4668 cum
3035 4612 3319 4668 sacriﬁciis
3365 4613 3639 4682 ipsorum.

2048 4706 2115 4760 Et
2158 4703 2493 4774 respondens
2525 4701 2708 4767 Iesus,
2757 4704 2896 4758 dixit
2946 4704 3058 4760 illis
3093 4721 3112 4758 :
3145 4703 3359 4760 Putatis
3399 4705 3545 4774 quod
3582 4706 3638 4756 lii

2047 4794 2254 4850 Galilaei
2315 4810 2424 4864 prie
2474 4795 2686 4850 cunctis
2742 4793 2980 4850 Galilaeis
3038 4805 3358 4866 peccatores
3408 4797 3642 4860 iuerint,

2049 4888 2180 4956 quia
2206 4885 2331 4940 talia
2361 4887 2507 4956 passi
2534 4885 2710 4942 sunt?
2741 4883 2882 4951 Non,
2909 4887 3031 4942 dico
3060 4887 3238 4954 vobis,
3279 4889 3390 4942 imo
3417 4890 3519 4943 nisi
3553 4907 3642 4944 ru-

2048 4978 2348 5049 sipueritis,
2385 4992 2579 5033 omnes
2617 4977 2871 5034 similiter
2919 4979 3415 5048 peribitis.Autilli
3441 4981 3634 5035 decem

2047 5086 2101 5126 et
2158 5081 2306 5131 octo.
2342 5084 2510 5140 supra
2557 5085 2694 5137 quos
2743 5070 2939 5125 cecidit
3007 5072 3176 5127 turris
3239 5073 3293 5125 in
3351 5071 3520 5134 Siloa,
3584 5087 3638 5127 ιιι

2048 5163 2248 5217 occidit
2299 5177 2416 5225 eos,
2468 5161 2674 5232 putatis
2721 5162 2865 5230 quod
2917 5162 3192 5218 debitores
3241 5164 3447 5219 fuerint
3498 5165 3640 5218 ulll'u

2049 5261 2278 5308 cunctos
2334 5253 2588 5306 homines
2638 5252 2949 5306 habitantes
3002 5251 3439 5328 Hierosolymis?
3493 5257 3638 5322 Non,

2049 5349 2174 5402 dico
2222 5345 2395 5409 vobis,
2451 5346 2562 5400 illlO
2592 5345 2698 5400 nisi
2751 5346 3112 5414 resipueritis,
3149 5363 3342 5405 omnes
3385 5349 3640 5406 similiter

2047 5441 2313 5512 peribitis.

2121 5531 2310 5601 Apost.
2369 5529 2512 5587 Cum
2559 5539 2744 5587 autem
2776 5532 3014 5589 dixerint
3062 5549 3250 5604 pacem
3287 5543 3343 5591 et
3373 5535 3640 5592 securita-

2052 5635 2190 5690 tem,
2225 5634 2340 5678 tum
2368 5625 2690 5694 repentinus
2729 5626 2812 5680 eis
2847 5627 3098 5683 imminet
3123 5628 3405 5684 interitus.

2133 5717 2240 5782 Qui
2279 5716 2519 5770 intricati
2567 5717 2802 5786 peccatis
2839 5733 2950 5772 nou
3014 5726 3182 5788 agunt
3234 5709 3638 5788 paenitentiam,

2049 5812 2125 5868 illi
2160 5827 2268 5868 non
2301 5810 2479 5868 solum
2515 5821 2741 5870 orantes
2781 5827 2890 5868 non
2923 5813 3286 5870 exaudientur
3309 5854 3325 5881 ,
3354 5813 3449 5870 sed
3481 5814 3638 5870 insu-
