4034 6400
407 316 517 383 835

1666 312 1917 375 ANTON
1936 314 1990 375 ll
2025 315 2078 376 M
2092 314 2376 377 ELISSB

3569 315 3683 379 836

408 448 509 504 per
565 429 971 503 exasperabnnt
1027 429 1237 493 Deum,
1303 426 1679 499 improbitatis
1738 427 1988 499 ipsorum

2131 428 2187 481 al.
2214 429 2308 481 τὸν
2334 427 2474 482 Θεὸν
2501 422 2927 500 παροξύνουσιν,
2966 429 3480 501 ὑπομιμνήσκοντες
3518 430 3683 485 αὑτὸν

408 523 729 577 metum-iatn
772 522 822 575 ei
856 520 1189 577 excitantes.

477 614 676 670 David.
724 614 838 670 Nisi
874 611 1301 678 convertamini,
1332 610 1576 683 gladium
1604 625 1766 667 suum
1801 610 1991 667 vibra-

411 707 512 761 bit.

492 798 649 852 Prov.
710 811 865 852 ινιιι.
934 796 1184 867 Impius,
1231 793 1585 850 multitudine
1638 796 1991 864 peccatorum

406 883 661 949 obrutus,
703 883 928 954 negligit
969 901 983 939 :
1016 882 1225 955 ingruit
1261 895 1443 939 autem
1475 884 1525 939 ei
1557 884 1795 939 dedecus
1825 893 1880 939 et
1904 885 1993 937 in-

407 972 597 1029 famia.

476 1067 580 1133 Qui
618 1067 719 1122 sibi
759 1068 810 1121 in
861 1067 1120 1137 operibus
1170 1066 1284 1123 suis
1332 1083 1440 1123 non
1479 1066 1754 1135 medetur,
1807 1064 1986 1122 frater

403 1168 491 1212 est
524 1160 773 1215 laedentis
807 1160 1075 1228 seipsum.

476 1250 582 1316 Qui
608 1251 741 1321 tegit
783 1250 1123 1320 impietatem
1159 1263 1342 1315 suam,
1385 1264 1493 1304 non
1520 1248 1737 1306 fruetur
1758 1267 1994 1323 prospe-

406 1343 591 1398 ritate.

474 1433 674 1490 Jerem.
705 1450 821 1490 vtn.
874 1433 1004 1491 Hazc
1063 1436 1193 1490 dicit
1239 1433 1552 1491 Dominus:
1592 1451 1720 1490 num
1789 1434 1992 1491 cadens

405 1544 515 1584 non
546 1528 806 1597 resurgit,
842 1537 937 1581 aut
963 1542 1193 1583 aversus
1230 1543 1338 1583 non
1371 1541 1432 1582 se
1466 1527 1785 1583 convertit?
1820 1526 1984 1582 lndtt-

408 1631 600 1677 rarunt
646 1620 815 1675 facies
851 1634 980 1674 suas
1011 1618 1135 1690 plus
1181 1634 1345 1689 quam
1383 1619 1598 1691 lapidea
1644 1620 1869 1686 duritie,
1925 1628 1980 1675 et

406 1715 708 1768 noluerunt
729 1710 1005 1766 converti.

477 1806 593 1859 lsa.
652 1804 793 1858 Ecce
834 1816 938 1874 ego
991 1802 1147 1871 litigo
1180 1809 1387 1868 tecum,
1444 1808 1498 1857 te
1548 1800 1817 1857 dicente:
1864 1798 1985 1856 Non
2025 1786 2065 1844 Β

404 1897 664 1969 peccavi;
722 1897 852 1968 quia
896 1911 1125 1966 prorsus
1178 1894 1474 1965 neglexisti
1517 1894 1813 1951 emendare
1867 1895 1983 1949 vias

412 2001 561 2046 tuas.

475 2079 762 2136 Neminem
808 2095 923 2134 suae
970 2078 1194 2135 malitiae
1224 2077 1449 2150 paenitet
1487 2094 1503 2134 :
1553 2073 1726 2133 Nemo
1760 2084 1848 2133 est
1893 2076 1989 2148 qui

402 2174 569 2237 dicat,
594 2172 731 2238 Quid
765 2171 910 2227 feci?

478 2263 644 2318 Ecclt'.
677 2280 727 2319 v.
760 2262 841 2319 Ne
875 2263 1046 2328 dicas,
1075 2260 1300 2318 Peccavi
1336 2272 1389 2316 et
1424 2260 1555 2332 quid
1628 2260 1760 2316 mihi
1792 2260 1995 2316 accidit

373 2352 378 2357 ’
407 2356 606 2413 triste?
656 2370 779 2411 nam
804 2354 1067 2409 Dominus
1100 2354 1310 2423 patiens
1353 2364 1461 2409 est.

478 2449 540 2505 S.
573 2444 741 2503 Basit.
769 2444 1074 2503 0ccnltatio
1100 2446 1213 2500 vittt
1250 2452 1482 2500 mortem
1513 2441 1756 2501 accersit
1814 2459 1990 2514 aegro-

405 2541 566 2597 tanti.

481 2634 537 2686 Si
564 2630 693 2702 quid
730 2630 943 2700 pulcbri
970 2638 1024 2686 et
1060 2627 1280 2685 honesti
1306 2636 1393 2684 est
1428 2636 1746 2698 peccatum,
1802 2642 1992 2684 serves

406 2728 460 2781 id
480 2736 739 2797 perpetuo
773 2743 787 2780 :
826 2724 910 2780 sin
943 2725 1156 2780 auctori
1186 2738 1286 2779 suo
1321 2723 1571 2790 noxium,
1615 2722 1745 2793 quid
1788 2722 1992 2778 immo-

406 2820 548 2874 raris
573 2818 739 2873 rebus
770 2816 1136 2887 perniciosis?
1191 2813 1363 2871 Nemo
1414 2815 1650 2887 cupidus
1679 2813 1994 2871 evomendaa

408 2911 535 2966 bilis
564 2923 733 2979 pravo
758 2917 814 2964 et
840 2908 1126 2964 luxurioso
1159 2908 1307 2963 victu
1347 2919 1469 2963 eam
1513 2908 1618 2964 sibi
1646 2922 1849 2979 augere
1875 2917 1992 2963 stu-

405 2998 520 3058 det.

2099 521 2199 592 τῆς
2230 521 2444 575 ἑαυτῶν
2483 521 2813 592 μοχθηρίας.

2180 614 2309 668 Ἐὰν
2334 613 2412 686 μὴ
2444 614 2850 686 ὲπιστραφῆτε,
2888 614 2988 685 τὴν
3019 613 3295 686 ῥομφαίαν
3327 611 3496 667 αὑτοῦ
3528 615 3683 668 στιλ-

2096 704 2287 763 σώσει.

2168 799 2339 854 Ὅταν
2367 798 2494 872 ἔλθῃ
2549 800 2579 853 ὁ
2628 799 2832 869 ἀσεϐὴς
2874 800 2957 862 είς
2993 798 3196 868 πλῆθος
3245 797 3460 863 κακῶν,
3505 815 3684 853 κατα·

2098 895 2303 966 φρονεῖ·
2329 893 2624 964 ἐπέρχεται
2649 892 2706 946 δὲ
2742 890 2893 962 αῦτῷ
2924 891 3123 961 ἀτιμία
3157 892 3250 944 καὶ
3278 889 3510 953 ὄνειδνις.

2177 1074 2238 1129 '0
2269 1074 2344 1146 μὴ
2379 1072 2609 1145 ίώμενος
2638 1071 2834 1127 ἑαυτὸν
2863 1072 2923 1124 ὲν
2956 1071 3067 1133 τοῖς
3099 1069 3286 1139 ἔργοις
3314 1069 3485 1124 αὐτοῦ
3526 1070 3685 1125 ἀδιλδ

2094 1166 2192 1237 φὸς
2219 1168 2336 1220 ὲστι
2361 1165 2457 1219 τοῦ
2483 1164 2887 1235 λυμαινομένου
2920 1163 3137 1216 ἑαυτόν.

2177 1259 2236 1312 '0
2274 1257 2661 1312 ἐπικαλύπτων
2705 1257 2964 1311 ἀσέϐειαν
2995 1253 3164 1310 αὐτοῦ
3215 1254 3317 1308 οῦκ
3352 1255 3688 1326 εὖοδωθήσε·

2090 1367 2203 1404 ται.

2165 1428 2303 1494 Τάδε
2335 1438 2488 1508 λέγει
2527 1436 2767 1507 Κύριοςο
2811 1456 2829 1489 t
2868 1436 2962 1509 Μὴ
2997 1439 3025 1491 ὁ
3067 1441 3285 1493 πίπτων
3325 1440 3428 1493 οὐκ
3456 1438 3687 1491 ἀνίστα-

2091 1548 2204 1598 ται,
2236 1531 2269 1601 ἢ
2304 1531 2332 1583 ὁ
2365 1529 2730 1599 ἀποστρέφων
2762 1528 2861 1582 οὐκ
2895 1530 3269 1600 έπιστρέφει;
3308 1530 3688 1600 Ἐστερέωσαν

2094 1622 2165 1677 τὰ
2197 1622 2468 1693 πρόσωπα
2494 1620 2675 1676 αὐτῶν
2700 1621 2841 1693 ὑπὲρ
2877 1623 3105 1691 πέτραν,
3137 1620 3233 1675 καὶ
3266 1620 3368 1674 οὑκ
3404 1622 3687 1692 ἠθέλησαν

2094 1714 2527 1785 ἐπιστραφῆναι.
2559 1732 2578 1766 ι

2169 1808 2306 1861 Ἰδοὺ
2337 1806 2449 1874 ἐγὼ
2474 1807 2732 1877 κρίνομαι
2764 1806 2901 1877 πρὸς
2929 1808 3012 1869 σὲ,
3037 1808 3097 1861 ὲν
3142 1809 3221 1879 τῷ
3248 1806 3428 1875 λέγειν
3458 1823 3539 1868 σε.
3571 1807 3688 1878 οὐχ

2091 1899 2364 1971 ἥμαρτον·
2396 1901 2479 1954 ὅτι
2511 1899 2936 1971 κατεφρόνησας
2965 1900 3174 1971 σφόδρα
3216 1899 3314 1953 τοῦ
3343 1899 3688 1970 δευτερῶσαι

2092 1991 2191 2054 τὰς
2228 1990 2378 2053 ὁδούς
2410 2008 2504 2044 σου
2516 2030 2530 2044 .

2164 2081 2281 2134 Οὐκ
2329 2081 2476 2133 ἐστιν
2525 2072 2816 2152 ἄνθρωπος
2870 2079 3155 2151 μετανοῶν
3183 2072 3293 2135 ἀπὸ
3341 2084 3441 2152 τῆς
3472 2082 3679 2145 κακίας

2096 2171 2287 2235 αὑτοῦ,
2320 2170 2494 2240 λέγων
2514 2214 2529 2238 ,
2562 2172 2628 2224 Τί
2662 2171 2935 2241 ἐποίησα;

2163 2260 2257 2333 Μὴ
2284 2263 2469 2333 εἴπῃς,
2499 2263 2810 2332 Ἥμαρτον,
2843 2263 2938 2316 καὶ
2966 2262 3019 2318 τί
3056 2279 3148 2335 μοι
3177 2264 3438 2333 ἐγένετο,
3481 2264 3543 2320 '0
3576 2270 3689 2341 γὰρ

2095 2348 2299 2419 Κύριος
2328 2350 2687 2422 μακρόθυμός
2720 2355 2860 2407 ἔστι.

2167 2438 2241 2495 Τὸ
2276 2442 2548 2512 κρύπτειν
2582 2444 2864 2514 ἁμαρτίαν
2910 2451 3427 2517 συγκατασκευάζει
3474 2454 3571 2508 ἐπὶ
3603 2454 3684 2525 τῷ

2094 2533 2339 2588 νοσοῦντι
2375 2534 2475 2601 τὸν,
2497 2536 2755 2591 θάνατον.

2165 2629 2228 2682 El
2257 2628 2357 2699 μὲν
2390 2629 2558 2683 καλὸν
2586 2630 2860 2703 ἁμαρτία,
2888 2632 3131 2701 φύλασσε
3162 2634 3367 2708 ταύτην
3398 2639 3479 2701 είς
3508 2640 3686 2706 τέλος⁸

2096 2721 2147 2773 εἰ
2180 2720 2236 2774 δὲ
2285 2720 2529 2793 βλαϐερά
2577 2723 2656 2794 τῷ
2691 2715 2957 2792 ποιοῦντι,
2990 2718 3045 2779 τί
3084 2728 3370 2799 επιμένεις
3411 2733 3522 2795 τοῖς
3558 2734 3691 2786 ὀλε-

2097 2810 2309 2883 θρίοις;
2344 2811 2535 2880 Οὐδεὶς
2573 2816 2742 2887 χολὴν
2772 2818 2968 2889 ἐμέσαι
2992 2819 3197 2890 ζητῶν,
3233 2824 3299 2878 ἑκ
3322 2827 3568 2895 πονηρᾶς
3595 2828 3690 2884 καὶ

2096 2905 2401 2961 ἀκολάστου
2422 2900 2634 2979 διαίτης
2656 2908 3065 2965 πολυπλασίονα
3090 2913 3296 2985 ταύτην
3313 2916 3493 2986 ἐαυτῷ
3517 2935 3689 2975 συνα⁴

2099 2994 2327 3069 θροίζει.

485 3088 731 3165 Purgare
759 3091 1019 3149 convenit
1054 3102 1257 3162 corpus
1284 3105 1313 3145 a
1348 3088 1622 3159 molestis,
1654 3104 1765 3146 non
1805 3099 1989 3147 autem

2166 3088 2468 3163 Καθαίρειν
2490 3094 2763 3166 προσήκει
2788 3096 2899 3152 τῶν
2924 3096 3244 3155 λυπούντων
3268 3100 3329 3155 τὸ
3354 3103 3539 3173 σῶμα,
3562 3104 3689 3176 οὐχὶ

406 3186 659 3241 morbum
686 3200 886 3256 augere
912 3199 1077 3255 supra
1098 3185 1240 3240 vires
1269 3184 1540 3254 corporis.
1576 3184 1706 3240 Vide
1735 3200 1828 3254 ne,
1859 3184 1991 3241 dum

2128 3183 2531 3247 ιατασκευάζειν
2582 3187 2683 3258 τὴν
2730 3188 2887 3243 νόσον
2945 3190 3172 3260 μείζονα
3221 3194 3321 3263 τῆς
3372 3194 3687 3265 δυνάμεως.

413 3279 684 3334 malorum
728 3279 927 3335 molem
984 3278 1081 3333 tibi
1123 3278 1463 3342 acuuntulas,
1509 3294 1605 3347 spe
1650 3277 1994 3335 liberationis

414 3370 610 3425 futura:
637 3370 855 3425 interim
886 3369 1081 3435 fretus,
1103 3380 1391 3440 peccatum
1417 3371 1642 3441 quidem
1667 3384 1990 3442 exaggeres,

406 3478 440 3520 a
477 3462 804 3518 remissione
833 3471 1017 3518 autem
1050 3462 1297 3519 abcrres.

483 3551 640 3619 Vide,
686 3554 873 3621 homo,
901 3569 969 3609 ne
1005 3553 1229 3624 quando
1259 3568 1381 3609 sera
1411 3562 1464 3609 et
1493 3552 1702 3611 inutilis
1726 3553 1993 3610 malorum

412 3648 771 3704 consiliorum
805 3644 1127 3717 paenitentia
1161 3648 1256 3702 tibi
1287 3646 1567 3702 obveniat.

484 3827 759 3897 Chrysost.
798 3824 912 3881 Non
945 3832 1054 3880 tam
1095 3837 1263 3896 grave
1292 3830 1377 3881 est
1405 3825 1547 3894 labi,
1604 3842 1774 3899 quam
1805 3832 1995 3902 jacere

416 3920 632 3990 lapsum
666 3929 721 3973 et
747 3933 856 3972 non
881 3933 1189 3990 resurgere.

488 4009 626 4065 Cum
698 4006 869 4065 semel
918 4010 1101 4064 anima
1164 4013 1407 4082 gustavit
1456 4022 1775 4085 peccatum,
1832 4014 1998 4087 idque

412 4101 535 4157 sine
556 4114 720 4156 sensu
752 4098 980 4165 doloris,
1014 4114 1269 4170 magnum
1302 4102 1428 4159 inde
1455 4111 1809 4173 augmentum
1838 4106 1999 4177 aegri-

415 4190 593 4247 tudini
626 4190 862 4246 accedit.

483 4281 709 4338 Justini.
771 4279 867 4337 Vix
921 4283 1104 4336 denuo
1155 4282 1390 4353 erigitur
1452 4283 1672 4341 animus
1726 4285 1796 4341 ad
1855 4285 1995 4341 bona

412 4376 529 4447 39
562 4375 653 4430 illa
707 4389 739 4430 a
789 4374 994 4445 quibus
1023 4374 1280 4445 delapsus
1315 4386 1401 4431 est
1432 4395 1447 4431 :
1498 4386 1553 4431 et
1579 4393 1722 4449 agre
1754 4377 1997 4433 detrahi-

418 4484 507 4525 tur
538 4469 607 4523 ab
640 4469 749 4524 illis
782 4468 966 4534 malis,
1002 4467 1204 4538 quibus
1237 4476 1492 4526 assuetus
1532 4467 1720 4524 fuerit.

493 4560 701 4632 Subjici
727 4571 781 4617 et
810 4562 1115 4617 concedere
1138 4560 1449 4628 atl‘ectibus,
1489 4569 1737 4616 extrema
1760 4560 1998 4617 servitus

414 4665 523 4720 est,
563 4655 1026 4726 quemadmodum
1060 4656 1334 4726 imperare
1365 4655 1523 4726 ipsis,
1553 4654 1717 4711 unica
1754 4656 1995 4712 libertas.

491 4829 629 4885 Cum
653 4831 920 4901 optimum
954 4832 1029 4886 sit
1062 4846 1169 4886 non
1202 4846 1454 4901 peccare,
1499 4831 1728 4887 secundi
1781 4831 1998 4888 ordinis

420 4917 627 4974 bonum
659 4928 764 4985 est,
798 4920 865 4973 ad
907 4919 1176 4990 justitiam
1217 4919 1416 4975 redire.
1488 4918 1591 4986 Qui
1642 4934 1772 4975 vero
1830 4921 2000 4977 multo

420 5019 668 5080 tempore
701 5025 940 5080 peccans
984 5012 1036 5065 in
1083 5012 1303 5066 luxuria
1339 5019 1645 5081 permanet,
1677 5012 1997 5071 infelicissi-

422 5114 547 5155 mus
578 5098 844 5155 babeatur
875 5110 1119 5171 oportet.

489 5186 757 5257 Dionysii.
786 5188 904 5243 Non
938 5192 1055 5246 ﬁeri
1089 5202 1269 5261 potest
1298 5201 1357 5246 ut
1393 5194 1605 5248 veniam
1637 5209 1992 5266 consequan-

421 5291 512 5342 tur
527 5281 623 5349 illi,
654 5295 794 5352 quos
820 5292 1169 5353 peccatorum
1195 5301 1303 5339 non
1333 5286 1587 5355 ptenitct.

855 5372 1087 5429 sanna
1116 5374 1209 5429 xx
1243 5377 1340 5449 (al.
1374 5376 1581 5449 CLVI).

954 5461 1031 5516 De
1061 5463 1239 5531 futuro
1260 5464 1493 5533 judicio.

494 5552 695 5610 Matth.
722 5570 828 5610 ινι.
866 5553 1042 5609 Filius
1078 5554 1315 5613 hominis
1339 5569 1606 5615 venturus
1634 5571 1717 5615 est
1742 5562 1795 5616 in
1825 5561 1998 5633 gloria

420 5644 601 5703 Patris
653 5647 761 5714 sui,
811 5656 867 5705 et
924 5655 1055 5702 tunc
1102 5646 1291 5704 reddet
1339 5650 1639 5719 unicuique
1696 5657 1997 5712 secundum

424 5750 591 5806 opera
622 5739 760 5809 ejus.

2099 3266 2244 3344 Ὅρα
2295 3275 2371 3345 μὴ
2413 3275 2503 3330 ἐπ’
2534 3277 2719 3334 ἐλπίδι
2758 3280 2856 3350 τῆς
2888 3282 3324 3356 ἀπολυτρώσεως
3354 3288 3555 3359 πλῆθος
3592 3308 3692 3345 κα·

2096 3367 2212 3423 κῶν
2242 3368 2423 3439 ἑαυτῷ
2464 3370 2883 3444 συλλεξάμενος,
2907 3376 3011 3445 τὴν
3060 3378 3159 3447 μὲν
3195 3378 3474 3452 ἁμαρτίαν
3500 3382 3690 3454 ἀθροίά·

2101 3473 2223 3531 anc,
2256 3462 2357 3530 τῆς
2387 3460 2444 3515 δὲ
2474 3465 2882 3536 συγχωρήσεως
2911 3467 3213 3539 ἀποτύχῃς.

2172 3552 2345 3637 Ὅρα,
2394 3553 2678 3626 ἄνθρωπε,
2736 3558 2813 3630 μή
2868 3560 2999 3614 ποτέ
3053 3577 3138 3614 σοι
3187 3566 3547 3637 μεταμελήσῃ
3579 3566 3689 3619 τῶν

2099 3640 2290 3696 κακῶν
2332 3636 2743 3715 βουλευμάτων,
2794 3648 2886 3701 ὅτε
2919 3647 3114 3719 ὄφελος
3160 3650 3262 3722 τῆς
3316 3656 3690 3724 μεταμελείας

2096 3729 2273 3790 οὐδέν.

2169 3825 2245 3879 Οὐ
2277 3826 2339 3880 τὸ
2393 3828 2581 3883 πεσεῖν
2611 3829 2872 3901 χαλεπὸν,
2904 3834 3041 3891 ἀλλά
3076 3832 3136 3891 τὸ
3163 3837 3404 3893 πεσόντα
3467 3840 3692 3896 κεῖσθαι

2097 3916 2194 3972 καί
2228 3918 2304 3989 μὴ
2338 3920 2687 3979 ἀνίστασθαι.

2169 4005 2333 4083 Ψυχὴ
2381 4011 2534 4081 ἅπαξ
2582 4016 2862 4087 ἁμαρτίας
2912 4023 3258 4096 γευσαμένη,
3301 4025 3398 4079 καὶ
3442 4026 3691 4097 ἀναλγήι-

2097 4117 2206 4165 τως
2233 4102 2565 4171 διατεθεῖσα,
2618 4108 2819 4181 πολλὴν
2867 4113 3102 4185 παρέχει
3148 4115 3229 4186 τῷ
3275 4116 3553 4188 νοσήματι
3581 4120 3689 4190 τὴν

2100 4192 2449 4266 προσθήκην.

2169 4287 2641 4354 Αυσανασίσαστοε
2686 4292 2719 4363 ἡ
2766 4293 2915 4364 ψυχὴ
2954 4297 3049 4351 ἐπὶ
3096 4297 3271 4353 ταῦτα
3297 4300 3393 4369 ἀφ’
3434 4294 3511 4355 ὧν
3547 4301 3685 4355 ὠλίε-
3790 4327 3803 4339 ι

2100 4375 2267 4447 σθησε
2303 4378 2507 4448 καλῶν,
2537 4380 2967 4451 δυσικὸίόαστός
3001 4404 3061 4440 τε
3094 4387 3324 4458 τούτων,
3375 4382 3453 4444 ὧν
3500 4407 3687 4445 συνει-

2034 4480 2075 4535 ο
2106 4469 2265 4540 θίσθη
2297 4472 2509 4527 κακῶν.

2178 4560 2250 4612 Τὸ
2309 4561 2610 4616 ὑποπεσεῖν
2666 4565 2758 4618 καὶ
2813 4570 3215 4640 παραχωρῆσαι
3280 4574 3395 4637 τοῖς
3453 4573 3689 4629 πάθεσιν

2104 4650 2307 4721 ἐσχάτη
2338 4653 2587 4709 δουλεία’
2621 4653 2812 4729 ὥσπερ
2854 4658 2915 4711 τὺ
2959 4662 3188 4731 κρατεῖν
3218 4662 3426 4717 τούτων
3462 4663 3689 4717 ἐλευθε-

2107 4742 2197 4811 ρία
2225 4741 2386 4813 μόνη.

2173 4830 2448 4895 Μεγίστου
2494 4832 2649 4899 διτος
2693 4837 2901 4907 ἀγαθοῦ
2946 4840 3008 4893 τὸ
3039 4842 3116 4912 μὴ
3160 4842 3540 4915 ἁμαρτάνειν,
3567 4845 3690 4901 6e6-

2103 4937 2261 4989 τερον
2286 4924 2492 4992 ἀγαθὸν
2522 4926 2580 4979 τὸ
2607 4927 2993 5001 δικαιωθῆναι.
3025 4933 3219 4998 Ὅστις
3262 4914 3320 4989 δὲ
3362 4914 3534 4991 πολῦν
3558 4940 3689 5008 χρόα

2104 5031 2194 5067 νον
2220 5015 2426 5070 ἀδικῶν
2456 5017 2754 5086 ἀκόλαστος
2782 5023 2957 5093 μένει,
2983 5024 3174 5080 τοῦτον
3191 5027 3302 5081 δεῖν
3326 5029 3570 5098 νομίζειν
3591 5030 3685 5084 τὸν

2102 5106 2495 5176 ἁτυχέστατον.

2170 5198 2599 5273 Συγγνωσθῆναι
2634 5202 2694 5256 οὐ
2733 5203 3138 5274 μετανοοῦντας
3168 5206 3252 5277 ἐφ’
3285 5204 3368 5276 οἷς
3401 5210 3680 5284 ἥμαρτον,

2103 5291 2387 5347 ἀδύνατον.

2727 5389 2948 5444 ΛΟΓΟΣ
2988 5391 3073 5447 Κ¹.

2474 5478 2616 5547 Περὶ
2643 5482 2999 5551 μελλούσης
3030 5484 3308 5552 κρίσεως.

2175 5567 2374 5624 Μέλλει
2400 5570 2428 5623 ὀ
2462 5571 2589 5636 Υίὸς
2617 5569 2711 5627 τοῦ
2744 5572 3040 5644 ἀνθρώπου
3081 5577 3340 5648 ἔρχεσθαι
3373 5582 3431 5635 ἐν
3460 5581 3527 5652 τῇ
3555 5578 3681 5650 δόξῃ

2101 5659 2198 5714 τοῦ
2231 5663 2444 5734 Πατρὸς
2487 5664 2680 5734 αὐτοῦ,
2710 5666 2807 5720 καὶ
2840 5667 2962 5721 τότε
2995 5669 3267 5726 ἀποδώσει
3295 5672 3512 5743 ἑκάστῳ
3540 5670 3681 5727 κατὰ

2101 5756 2171 5809 τὰ
2196 5757 2329 5823 ἔργα
2357 5756 2541 5812 αὐτοῦ.
