4038 6438
357 348 468 420 837
1219 349 1393 411 LOCI
1436 346 1886 411 COMMU‘NES.
1931 367 1952 384 ·

2058 347 2251 409 PARS
2294 348 2348 411 Ι.
2393 345 2656 408 SERMO
2695 346 2826 408 XX.
3541 337 3653 404 838

433 465 648 533 Ὠσπερ
695 459 1016 532 συλλέγεται
1043 459 1112 514 τὰ
1151 457 1390 526 ζιζάνια,
1421 459 1518 513 καὶ
1551 460 1688 529 πυρὶ
1719 457 1958 524 καίεται,
1993 461 2028 516 Α

2143 456 2287 512 Ibid.
2315 473 2434 512 rut.
2477 454 2953 523 Quemadmodum
2982 453 3325 526 colliguntur
3347 450 3560 507 zizania
3594 461 3649 505 et

356 557 536 619 οὕτως
562 555 716 610 ἔσται
767 557 828 610 ὲν
876 558 946 627 τῇ
997 553 1282 626 συντελείᾳ
1324 549 1420 608 τοῦ
1474 551 1675 616 αἰῶνος
1726 552 1944 608 τούτου.

2064 546 2174 615 igni
2229 549 2652 611 comburuntur.
2721 549 2803 604 sic
2867 547 2975 602 erit
3045 547 3098 600 in
3159 545 3648 601 consummatione

370 648 693 704 Ἀποστελεῖ
739 650 768 703 ό
817 648 949 712 Υἱὸς
1001 646 1096 702 τοῦ
1149 645 1444 716 ἀνθρώπου
1495 643 1625 708 τοὺς
1681 644 1951 713 ἀγγέλους

2054 642 2237 697 εωοιιιί
2290 643 2472 714 hujus.
2502 641 2674 698 Mittet
2735 641 2910 697 Filius
2957 640 3199 696 hominis
3230 639 3455 708 angelos
3491 652 3646 700 suos,

362 743 552 807 αὑτοῦ,
613 743 708 797 καὶ
775 741 1124 807 συλλέξουσιν
1171 741 1238 794 tu
1282 738 1385 809 τῆς
1445 737 1728 808 βασιλείας
1781 738 1950 792 αὑτοῦ

2053 740 2111 786 et
2151 733 2413 803 colligent
2456 748 2488 788 e
2538 746 2712 804 regno
2747 733 2897 788 illius
2941 732 3128 786 omnia
3176 730 3540 791 offendicula.
3587 737 3644 782 et

359 836 541 889 πάντα
570 835 638 888 τὰ
671 834 948 889 σκάνδαλα
979 834 1074 887 καὶ
1096 832 1226 896 τοὺς
1253 830 1546 893 ποιοῦντας
1570 831 1670 901 τὴν
1695 831 1949 902 ἀνομίαν,

2053 840 2150 881 eos
2199 826 2292 896 qui
2334 835 2550 897 patrant
2583 827 2960 897 iniquitatem,
2997 843 3061 881 ac
3113 826 3334 880 mittent
3385 826 3512 879 illos
3581 823 3638 875 in

363 927 458 980 καὶ
491 925 825 995 ἐμϐαλοῦσιν
857 925 1061 989 αὐτοὺς
1091 925 1172 990 είς
1206 924 1308 995 τὴν
1349 925 1582 994 κάμινον
1616 924 1711 978 τοῦ
1754 924 1950 994 πυρός.

2054 919 2333 974 caminum
2393 920 2534 989 ignis
2567 935 2582 974 :
2619 919 2693 975 ibi
2722 920 2828 976 erit
2852 920 3102 991 ploratus
3145 919 3462 986 stridorque
3505 915 3640 968 den-

373 1019 524 1072 Ἐκεῖ
568 1018 724 1072 ἔσται
752 1019 781 1071 ὁ
818 1016 1124 1088 κλαυθμὸς,
1159 1016 1256 1070 καὶ
1301 1019 1331 1072 ό
1379 1015 1626 1088 βρυγμὸς
1658 1015 1771 1070 τῶν
1799 1016 1950 1070 ὀδόν·
2057 1011 2218 1067 tium.

359 1129 491 1163 των.

436 1201 573 1256 Τότε
600 1204 718 1274 ἐρεῖ
745 1205 772 1256 ὁ
796 1203 1055 1273 βασιλεὺς
1078 1203 1176 1257 καὶ
1201 1203 1316 1266 τοῖς
1341 1200 1400 1268 te
1425 1200 1750 1273 εὐωνύμων·
1789 1222 1808 1255 ι
1841 1204 1952 1256 Πο-

2130 1191 2274 1248 Ibid.
2301 1208 2424 1246 xxv.
2448 1189 2602 1246 Tunc
2626 1189 2771 1246 dicet
2797 1187 2910 1242 Rex
2946 1187 3110 1241 etiam
3139 1185 3248 1240 illis
3279 1185 3368 1255 qui
3403 1183 3471 1237 ad
3503 1183 3648 1239 siui-

364 1296 592 1368 ρεύεσθε
626 1295 722 1351 ἀπ’
746 1296 908 1375 ἐμοῦ,
945 1297 996 1351 οἱ
1023 1295 1425 1368 κατηραμένοι,
1453 1296 1534 1358 είς
1557 1297 1619 1349 τὸ
1648 1294 1761 1368 πῦρ
1782 1298 1844 1350 rb
1873 1299 1959 1350 αί-

2056 1293 2227 1342 stram
2260 1291 2429 1339 sunt:
2470 1299 2488 1334 ι
2530 1279 2803 1336 Discedite
2833 1293 2860 1332 a
2903 1293 3012 1339 me,
3053 1276 3354 1341 maledicti,
3382 1275 3434 1329 in
3465 1277 3648 1343 ignem

364 1365 548 1458 ώνιον,
579 1391 640 1444 rb
675 1365 1085 1460 ἡτοιμασμένον
1114 1365 1196 1462 rip
1239 1390 1476 1456 διαϐόλῳ
1512 1365 1743 1452 καὶτοῖς
1778 1391 1954 1459 ἀγγέ-

2058 1387 2352 1443 aeternum,
2389 1373 2609 1431 diabolo
2632 1380 2686 1427 et
2712 1370 2922 1439 angelis
2952 1369 3077 1438 ejus
3102 1377 3352 1437 paratum
3385 1385 3399 1420 :
3427 1365 3639 1422 esurivi

362 1482 477 1543 λοις
524 1481 715 1537 αὐτοῦ.
765 1483 1066 1538 Ἐπείνασα
1111 1483 1244 1554 γάρ,
1277 1482 1374 1537 καὶ
1426 1481 1532 1536 οὐκ
1585 1481 1826 1538 ἐδώκατὲ
1863 1501 1954 1554 μοι

1585 1481 1826 1538 ἐδώκατὲ
1863 1501 1954 1554 μοι
2057 1475 2204 1530 enim
2240 1483 2294 1529 et
2322 1486 2430 1526 non
2457 1465 2691 1524 dedistis
2723 1463 2857 1521 mihi
2885 1463 3090 1518 cibum.
3121 1480 3139 1514 ι

363 1578 581 1646 φαγεῖν.
613 1595 634 1630 ι

436 1667 674 1737 Σύμπαν
697 1668 760 1722 rb
783 1667 997 1739 ποίημα
1027 1668 1145 1735 ἄξει
1167 1671 1195 1723 ὁ
1217 1668 1351 1732 Θεὸς
1376 1670 1458 1732 είς
1481 1669 1685 1740 κρίσιν,
1706 1672 1764 1724 ὲν
1790 1669 1956 1724 παντὶ

2132 1657 2305 1714 Ereti.
2334 1671 2435 1710 ιιι.
2467 1651 2611 1708 Deus
2638 1651 2694 1706 in
2722 1649 2994 1721 judicium
3019 1645 3254 1701 adducet
3293 1657 3457 1698 omne
3487 1657 3655 1712 opus,

369 1761 812 1831 rrapewpapévq),
849 1737 944 1815 ἐάν
975 1761 1203 1831 ἀγαθὸν,
1235 1763 1332 1816 ὲάν
1364 1737 1630 1834 πονηρόν.
1959 1771 1964 1779 '

2058 1765 2181 1805 cum
2215 1748 2368 1804 omni
2396 1745 2615 1803 occulta
2641 1757 2728 1809 re,
2747 1745 2864 1798 sive
2889 1741 3018 1811 quid
3045 1741 3272 1800 bonum,
3307 1738 3424 1792 sive
3447 1737 3649 1790 malum

2057 1842 2245 1898 fuerit.

446 1938 712 1994 Ἐκάστου
745 1939 808 1994 rb
858 1940 1020 2012 ἔργον
1079 1943 1317 2012 φανερὸν
1365 1940 1691 2011 γενήσεται.
1733 1939 1802 1994 Ἥ
1846 1940 1956 2013 γὰρ

2129 1935 2412 2006 Cujusque
2439 1948 2584 2005 opus
2607 1932 2960 1988 manifestum
2993 1929 3102 1983 fiet.
3130 1925 3255 1982 Dies
3284 1925 3430 1981 enim
3463 1923 3657 1980 decla-

365 2028 550 2100 ήμέρα
579 2030 833 2100 δηλώσει,
867 2032 896 2086 ὃ
927 2049 981 2086 τι
1031 2032 1090 2086 ιν
1121 2033 1259 2104 πυρὶ
1303 2031 1797 2087 ἀποκαλύπτεται·
1861 2033 1954 2087 καὶ

2064 2033 2202 2088 rabit
2228 2032 2373 2103 quod
2399 2031 2454 2086 in
2487 2029 2610 2101 igne
2636 2027 2932 2092 revelatur,
2955 2033 3009 2079 et
3030 2022 3295 2092 cujusque
3321 2035 3461 2091 opus
3490 2019 3659 2090 quale

363 2124 600 2178 ἑκάστου
639 2125 700 2178 τὸ
730 2123 893 2196 ἔργον
920 2124 1103 2179 ὁποῖόν
1141 2125 1280 2190 ἐστι,
1305 2125 1368 2179 rb
1391 2124 1504 2196 πῦρ
1532 2125 1848 2193 δοκιμάσει.

1010 2124 1103 2179 ›ῖόν
1141 2125 1280 2190 ἐστι,
1305 2125 1368 2179 rb
1391 2124 1504 2196 πῦρ
1532 2125 1848 2193 δοκιμάσει.
2056 2127 2132 2184 sit
2154 2125 2298 2195 ignis
2329 2123 2605 2194 probabit.

449 2211 916 2284 Ἐξαναστήσεται
967 2213 1194 2286 Κύριος,
1227 2215 1325 2268 καλ⁵
1367 2213 1745 2269 ἀνταποδώσει
1795 2215 1954 2281 πᾶσι,

2134 2217 2338 2289 Surget
2373 2215 2648 2272 Dominus
2671 2253 2686 2275 .
2713 2221 2770 2268 et
2797 2211 2990 2267 reddet
3024 2207 3314 2270 omnibus,
3338 2219 3392 2262 et
3421 2201 3659 2260 retribu-

366 2305 464 2361 καὶ
497 2305 561 2358 rb
586 2305 942 2378 ἀνταπόδομα
975 2306 1148 2361 αὑτοῦ
1183 2308 1267 2371 εἰς
1296 2306 1547 2378 κεφαλὰς
1577 2306 1761 2363 αὐτῶν
1793 2308 1958 2363 ἀντα-

1756 2326 1761 2350 ν
1793 2308 1958 2363 ἀντα-
2057 2311 2264 2368 tionem
2291 2323 2447 2366 suam
2487 2307 2542 2364 in
2575 2306 2753 2378 capita
2784 2304 3032 2374 ipsorum
3068 2301 3351 2356 retribuet.

365 2397 603 2453 ποδώσει

450 2489 587 2546 Ἰδοὺ
608 2492 796 2564 ἡμέρα
816 2491 1024 2565 Κυρίου
1043 2492 1261 2564 ἔρχεται
1287 2491 1425 2562 μετά
1447 2489 1622 2563 θυμοῦ
1647 2494 1743 2549 καὶ¹
1763 2492 1954 2564 ὀργῆς,

2133 2491 2248 2549 ha.
2279 2506 2402 2548 xut.
2448 2487 2589 2544 Ecce
2615 2484 2742 2543 dies
2769 2483 2986 2540 Domini
3015 2481 3165 2538 venit
3207 2492 3333 2534 eum
3367 2477 3450 2532 ira
3486 2485 3542 2533 et
3570 2474 3659 2531 fu-

369 2582 547 2638 θιῖναι
574 2585 675 2655 τὴν
709 2585 1041 2658 οίκουμένην
1075 2585 1207 2656 ὅλην
1244 2584 1456 2656 ἔρημον
1487 2583 1586 2640 καὶ
1612 2585 1741 2650 τοὺς
1772 2585 1960 2657 ἁμαρ-

2067 2601 2210 2654 rore,
2242 2591 2301 2639 ut
2340 2589 2518 2638 totum
2543 2580 2742 2637 orbem
2772 2575 3130 2634 habitabilem
3163 2572 3443 2631 desertum
3466 2571 3662 2638 faciat,

368 2677 573 2741 τωλοὺς
601 2677 870 2734 ἀπολέσαι
907 2677 967 2745 εξ
1006 2677 1202 2746 αὐτῆς.

2060 2689 2117 2737 et
2148 2687 2469 2751 peccatores
2492 2674 2558 2730 de
2583 2687 2650 2730 eo
2687 2671 2904 2743 perdat.

453 2768 514 2820 ’0
546 2767 659 2840 γὰρ
686 2767 906 2839 σκώληξ
931 2769 1118 2824 αὐτῶν
1146 2769 1207 2824 ού
1241 2768 1584 2841 τελευτήσει,
1623 2770 1720 2824 καὶ
1752 2770 1814 2826 rb
1847 2770 1962 2842 πῦρ

2132 2769 2279 2826 Ibid.
2327 2785 2476 2825 vat.
2498 2764 2636 2822 Nam
2671 2763 2877 2820 vermis
2909 2775 3100 2818 eorum
3123 2775 3235 2815 non
3272 2758 3565 2822 morietur,
3607 2763 3669 2811 et

372 2859 557 2915 αὐτῶν
585 2860 646 2915 οὐ
684 2859 1072 2934 σϐεσθήσεται,
1100 2863 1196 2917 καὶ
1224 2862 1445 2918 ἔσονται
1475 2864 1554 2928 είς
1584 2863 1778 2935 ὅρασιν
1805 2864 1962 2937 πάσῃ

2073 2864 2206 2935 ignis
2243 2875 2438 2916 eorum
2481 2873 2591 2915 non
2628 2857 3040 2928 exstinguetur,
3078 2861 3136 2908 et
3163 2862 3330 2907 erunt
3357 2857 3486 2904 ante
3526 2862 3668 2904 eon-

374 2949 564 3022 σαρκί.

2066 2963 2326 3026 spectum
2365 2950 2548 3008 omnis
2579 2950 2784 3006 carnis.

459 3038 795 3093 Ἐπλάτυνεν
823 3038 852 3091 ό
886 3037 1020 3111 ᾅδης
1049 3037 1152 3108 τὴν
1175 3036 1356 3109 ψυχὴν
1385 3035 1576 3103 αὐτοῦ,
1607 3039 1708 3094 καὶ
1726 3039 1960 3110 διήνοιξε

2140 3045 2284 3101 Ibid.
2322 3061 2376 3100 ν.
2430 3041 2595 3098 Inferi
2637 3038 2933 3109 ingluviem
2965 3050 3125 3092 suam
3163 3033 3420 3098 dilatant,
3455 3038 3514 3086 et
3565 3045 3671 3087 ore

372 3132 438 3186 rb
466 3133 644 3203 στόμα
675 3131 873 3199 αὐτοῦ,
917 3131 1012 3186 τοῦ
1043 3133 1122 3202 μὴ
1157 3132 1454 3186 διαλιπεῖν·
1489 3132 1584 3187 καὶ
1622 3132 1966 3203 καταϐήσον-

2075 3153 2176 3196 suo
2203 3137 2324 3193 sine
2363 3135 2470 3191 fine
2503 3133 2818 3195 dehiscunt,
2863 3138 2923 3183 ut
2969 3124 3306 3182 descendant
3337 3124 3391 3178 in
3425 3136 3524 3178 eos
3558 3121 3661 3177 b0-

374 3239 469 3278 ται
521 3224 604 3288 εἰς
651 3222 817 3277 αὐτὸν
876 3224 926 3277 oi
985 3222 1189 3285 ἔνδοξοι
1241 3224 1340 3278 καὶ
1400 3225 1450 3277 ei
1490 3222 1720 3294 μεγάλοι
1772 3226 1870 3279 καὶ
1920 3225 1969 3277 οἱ

2079 3231 2256 3286 mines
2301 3227 2544 3298 gloriosi,
2572 3223 2755 3295 magni
2791 3231 2844 3277 et
2907 3219 3172 3290 opulenti,
3207 3228 3261 3272 et
3289 3223 3466 3286 pestes
3497 3222 3668 3268 terra:

378 3317 658 3384 πλούσιοι,
683 3319 778 3374 καὶ
806 3321 856 3372 οἱ
883 3318 1040 3388 λιμοὶ⁹
1067 3317 1170 3387 τῆς
1198 3317 1326 3387 γῆς,
1359 3317 1458 3372 καὶ
1483 3319 1515 3372 δ
1561 3317 1973 3388 ἀγαλλιώμενος

2078 3335 2132 3382 et
2163 3326 2253 3397 qui
2287 3327 2341 3380 in
2373 3323 2461 3379 his
2489 3322 2791 3386 laetantur;
2818 3315 2964 3374 oculi
2998 3328 3128 3371 vero
3157 3310 3379 3384 superbi
3409 3303 3673 3363 humilia-

378 3411 441 3463 ὲν
468 3409 677 3478 αὐτοῖς,
710 3411 808 3464 κα)⁸
827 3409 1105 3481 ὀφθαλμοὶ
1131 3409 1183 3463 οι
1223 3411 1494 3482 μετέωροι
1537 3409 1981 3480 ταπεινωθήσον-
2079 3419 2312 3474 buntur.

380 3519 496 3557 ται.

453 3597 596 3660 Τοὺς
623 3597 727 3668 τῆς
760 3597 1038 3669 ἁμαρτίας
1066 3593 1354 3667 καμάτους
1379 3594 1440 3650 rb
1462 3596 1562 3668 τῆς
1591 3594 1818 3666 γεέννης
1851 3593 1978 3648 ἐπί-

2147 3593 2204 3650 8.
2243 3592 2454 3649 Basilii.
2501 3590 2718 3648 Peccati
2777 3588 2994 3645 labores
3069 3584 3257 3642 dol'ore
3328 3591 3385 3637 et
3442 3578 3669 3638 tristitia

385 3706 552 3743 πονον
583 3691 680 3746 καὶ
709 3690 1038 3763 σκυθρωπὸν
1078 3691 1364 3761 ἀναμένει.

2079 3688 2298 3759 plenum
2332 3687 2595 3756 gehennae
2623 3683 2953 3756 supplicium
2985 3685 3285 3750 exspectat.

461 3783 739 3847 Ἕκαστος
774 3783 877 3854 τῆς
915 3783 1126 3847 οἰκείας
1159 3782 1428 3854 ἐργασίας
1461 3781 1523 3836 ὲν
1559 3783 1626 3852 τῇ
1659 3781 1852 3854 ἡμέρᾳ
1878 3781 1976 3853 τῆς

2147 3778 2396 3848 Quisque
2456 3790 2688 3832 suorum
2734 3786 2965 3844 operum
3024 3770 3082 3826 in
3139 3769 3229 3825 die
3285 3763 3676 3823 retributionis

387 3875 801 3939 ἀνταποδόσεως
851 3876 978 3939 τοὺς
1016 3876 1267 3946 καρποὺς
1301 3873 1692 3942 ἐπιγνώσεται.
1971 3869 1978 3878 ’

1025 3876 1267 3946 καρποὺς
1301 3873 1692 3942 ἐπιγνώσεται.
1971 3869 1978 3878 ’
2079 3870 2295 3927 fructus
2335 3878 2620 3941 agnoscet.

461 3969 622 4022 Κατά
665 3967 775 4038 γὰρ
803 3967 906 4021 τὸν
945 3967 1127 4038 Ὠσηὲ.
1179 3965 1456 4021 κυκλώσει
1493 3967 1728 4020 ἕκαστον
1758 3965 1826 4021 τά
1864 3965 1981 4020 δια-

2150 3962 2586 4021 Circumdabunt
2632 3969 3088 4026 unumquemque
3113 3993 3137 4021 ,.
3176 3951 3482 4009 secundum
3529 3947 3674 4004 Osee

392 4057 583 4113 δούλια
607 4037 798 4113 αὑτοῦ.
849 4057 1126 4130 Ὀψόμεθα
1164 4060 1282 4131 γὰρ
1304 4059 1422 4128 ἅμα
1464 4060 1644 4114 πάντα
1672 4058 1839 4112 οἱονεὶ
1875 4074 1981 4110 παρ

2084 4055 2430 4130 prophetam,
2455 4050 2688 4106 consilia
2717 4058 2775 4104 et
2795 4047 3154 4116 cogitationes
3178 4044 3321 4114 ejus.
3351 4037 3679 4096 Videbimus

393 4150 646 4224 ρεστῶτα
675 4152 808 4222 ἡμῖν
839 4151 907 4205 τά
935 4150 1096 4222 ἔργα,
1128 4151 1220 4204 καὶ
1248 4130 1557 4220 φαινόμενα
1580 4149 1978 4219 ἀντιπρόσωπα

2080 4150 2230 4204 enim
2282 4143 2471 4202 omnia
2517 4142 2749 4214 pariter,
2811 4148 3074 4207 tanquam
3135 4133 3454 4190 assistentia
3513 4130 3673 4186 nobis

392 4245 460 4312 τῇ
496 4242 710 4314 διανοίᾳ
758 4242 943 4314 ημῶν,
983 4243 1123 4313 μετὰ
1157 4243 1268 4296 τών
1306 4242 1452 4295 ἰδίων
1485 4241 1696 4307 τύπων,
1743 4241 1817 4304 ώς
1849 4240 1980 4294 ἕκα-

2082 4253 2279 4309 opera,
2307 4245 2362 4292 et
2410 4234 2578 4291 animi
2608 4233 2784 4289 oculis
2809 4247 2905 4301 per
2934 4230 3142 4285 formas
3175 4224 3425 4299 preprias
3457 4223 3677 4294 objecta

397 4351 525 4388 στον
551 4335 896 4406 πέπρακται,
921 4336 955 4406 ἢ
984 4335 1060 4397 ὡς
1089 4335 1372 4389 λέλεκται.
1391 4335 1466 4388 Οὐ
1512 4332 1622 4406 μὴν
1656 4334 1884 4404 χρόνους
1916 4349 1980 4402 γε

2081 4329 2441 4392 intuebimur,
2479 4326 2553 4380 ita
2583 4333 2647 4379 ut
2674 4323 2896 4394 singula
2920 4321 3067 4376 facta
3103 4319 3319 4373 dictave
3361 4324 3511 4371 sunt.
3543 4314 3663 4369 Non

395 4405 682 4497 προσήκει
694 4427 885 4500 νομίζε
895 4405 951 4482 ιν
974 4427 1557 4497 καταναλωθήσεσθαι,
1580 4427 1662 4488 είς
1677 4425 1979 4479 σεδ-ἕκαστον

2083 4418 2539 4490 ωιῐιειιξεοηνειιὶι
2568 4415 2891 4473 existimare
2921 4412 3067 4483 quod
3092 4411 3275 4480 aliqua
3299 4406 3561 4477 temporis
3585 4405 3676 4460 fu-

399 4492 528 4574 ἰδεῖν
561 4492 778 4574 -ἑαυτδν
829 4492 970 4589 μετὰ
997 4519 1108 4574 τῶν
1156 4492 1353 4574 ἑαυτοῦ
1409 4519 1689 4590 πράξεων,
1745 4517 1844 4570 καὶ
1889 4515 1982 4569 τὸν

2091 4523 2216 4568 tura
2241 4509 2314 4565 sit
2353 4522 2530 4572 mora,
2561 4514 2620 4560 ut
2648 4504 2887 4574 quisque
2923 4501 3166 4570 seipsum
3196 4511 3318 4552 cum
3343 4493 3454 4566 40
3502 4492 3682 4547 actio~

395 4613 614 4682 κριτὴν,
645 4586 842 4669 καῖ’τά
873 4612 1148 4668 ἀκόλουθα
1181 4613 1258 4684 τῷ
1287 4611 1419 4682 θείῳ
1447 4586 1810 4679 δικαστηρίῳ,
1841 4606 1982 4677 ἀφά-

2088 4605 2256 4661 nibus
2285 4602 2426 4666 suis,
2452 4610 2506 4656 et
2532 4597 2802 4670 judiccm,
2851 4604 2905 4650 et
2936 4607 3063 4664 quae
3093 4598 3400 4660 sequuntur
3428 4586 3672 4642 divinum

395 4678 475 4770 rip
507 4678 738 4773 δυνάμει
792 4703 852 4754 ὲν
903 4704 1050 4774 ῥοπῇ
1105 4678 1304 4772 καιροῦ
1358 4678 1832 4771 φαντασιουμένου
1887 4695 1981 4751 τοῦ

2084 4693 2807 4767 judicium,videat:mens
2834 4688 2981 4743 enim
3032 4681 3388 4740 inenarrabili
3437 4678 3679 4750 quadam

397 4769 516 4857 νοῦ,
538 4769 660 4847 κοιλ.⁷
679 4794 858 4849 πάντα
902 4769 1430 4867 ἀναζωγραιροῦντος
1457 4790 1663 4862 ἑαυτῷ,
1696 4789 1794 4844 καὶ
1819 4787 1985 4843 οἱονεὶ

2087 4791 2140 4844 vi
2193 4803 2306 4844 uno
2339 4792 2619 4843 momento
2654 4779 3068 4852 imaginabitur,
3085 4784 3140 4831 et
3169 4774 3354 4830 omnia
3372 4771 3478 4826 sibi
3501 4769 3678 4824 veluti

398 4887 458 4938 ὲν
488 4885 806 4958 κατόπτρῳ,
842 4886 922 4958 τῷ
950 4862 1270 4961 ἡγεμονικῷ
1297 4887 1593 4959 ὲνορῶντος
1621 4885 1749 4948 τοὺς
1777 4884 1985 4948 τύπους

2090 4885 2237 4956 picta
2288 4886 2577 4952 proponet,
2617 4877 2732 4929 imo
2786 4881 3052 4939 tauquam
3096 4868 3152 4921 in
3205 4864 3432 4934 speculo
3465 4862 3685 4918 formas

398 4979 510 5032 τῶν
544 4978 976 5049 πεπραγμένων.
1392 4955 1403 4959 ’

2092 4955 2382 5030 factionum
2419 4971 2472 5025 in
2508 4967 2753 5038 principe
2783 4963 3042 5018 facultate
3079 4961 3278 5016 animae
3309 4955 3641 5025 conspiciet.

471 5071 533 5124 Οἱ
580 5047 670 5124 τάν
697 5047 879 5142 φαῦλα
942 5072 1253 5142 πράξαντες
1308 5072 1390 5135 είς
1428 5068 1735 5140 ὀνειδισμὸν
1766 5067 1869 5121 καὶ
1904 5067 1988 5121 αι-

2167 5067 2272 5134 Qui
2321 5063 2483 5120 malis
2524 5061 2783 5130 operibus
2833 5051 3104 5125 inquinati
3165 5049 3391 5112 fuerint,
3428 5049 3494 5103 ad
3527 5047 3689 5116 igno—

403 5164 610 5234 σχύνην
667 5139 1093 5234 ἀναστήσονται,
1151 5164 1452 5236 ἐνορῶντες
1515 5166 1575 5217 ὲν
1638 5139 1856 5225 ἑαυτοῖς
1925 5159 1986 5212 rb

2093 5158 2322 5214 miniam
2370 5164 2427 5208 et
2470 5151 2855 5206 confusionem
2901 5152 3222 5214 resurgent,
3273 5150 3565 5196 cernentes
3620 5139 3684 5192 in

399 5227 590 5326 αἶσχος
639 5255 737 5310 καὶ
785 5227 915 5318 τοῦς
965 5227 1172 5318 τύπους
1231 5227 1342 5308 τῶν
1393 5227 1833 5326 ἡμαρτημένων.
1877 5250 1988 5304 Καὶ

2094 5250 2292 5320 seipsis
2340 5243 2742 5316 turpitudinem
2793 5247 2849 5294 et
2901 5237 3112 5293 formas
3181 5241 3556 5306 peccatorum.
3613 5227 3684 5284 Et

401 5323 544 5419 τάίά
592 5347 954 5420 φοϐερωτέρα
1011 5347 1105 5400 τοῦ
1156 5348 1385 5411 σκότους
1414 5323 1530 5401 ’καί
1689 5343 1859 5416 πυρὸς
1891 5342 1988 5396 τοῦ

2094 5343 2238 5398 forte
2289 5341 2511 5412 gravior
2537 5350 2705 5407 quam
2754 5331 2998 5388 tenebrae
3030 5337 3086 5385 et
3134 5327 3278 5399 ignis
3323 5335 3563 5381 aeternus
3591 5323 3689 5378 hic

405 5438 629 5493 αἰωνίου
678 5439 713 5510 ἡ
740 5419 992 5508 αἰσχύνη
1021 5435 1191 5498 ἐστὶν,
1219 5430 1254 5511 ᾗ
1286 5435 1541 5506 μέλλουσι
1567 5435 1898 5500 διαιωνίζειν
1937 5431 1990 5485 oi.

2101 5438 2280 5508 pudor
2313 5436 2419 5490 erit
2442 5475 2459 5502 ,
2489 5432 2584 5504 qui
2617 5443 2838 5500 semper
2861 5421 3152 5482 inhaerebit
3179 5419 3587 5491 peccatoribus,
3619 5430 3680 5470 ut

408 5509 750 5602 ἁμαρτωλοὶ,
783 5531 872 5586 ἀεὶ
899 5533 958 5585 ὲν
987 5509 1289 5600 ὀφθαλμοῖς
1316 5529 1532 5600 ἔχοντες
1553 5529 1623 5582 τὰ
1658 5530 1780 5599 ῐχνη
1813 5528 1912 5600 τῆς
1933 5529 1990 5580 ὲν

2097 5545 2376 5600 nunquam
2406 5543 2515 5581 non
2549 5526 2621 5580 ob
2647 5523 2840 5578 oculos
2864 5519 3105 5575 habeant
3131 5511 3360 5583 vestigia
3401 5509 3688 5566 sceleratae

409 5625 574 5693 σαρκὶ
605 5625 906 5695 ἁμαρτίας,
933 5623 1097 5678 οἱονεί
1129 5638 1275 5685 τινος
1312 5621 1494 5691 βαφῆς
1527 5622 1893 5675 ἁνεκπλύτου.

1860 5640 1893 5675 ιο
2097 5627 2242 5688 vitae,
2274 5632 2532 5689 tanquam
2574 5614 2877 5672 iueluibilis
2905 5609 3143 5680 alicujus
3181 5608 3455 5662 tincturae.

494 5719 580 5778 Ὠς
611 5693 818 5785 βέλτιον
868 5713 1008 5770 εἶναι
1070 5716 1168 5771 νῦν
1221 5713 1579 5784 παιδευθῆναι
1616 5715 1711 5766 καί
1761 5712 1991 5782 καθαρι-

2175 5708 2424 5778 Theolog.
2481 5704 2714 5761 Praestat
2739 5705 2794 5758 in
2830 5699 3123 5773 praesentia
3165 5693 3426 5764 castigari
3462 5699 3516 5746 et
3543 5703 3680 5760 pur-

410 5782 715 5876 σθῆναιξῆ
775 5810 840 5878 τῇ
907 5808 1119 5862 ἐκεῖθεν
1191 5806 1409 5877 βασάνῳ
1478 5782 1994 5877 παρατεμφθῆναι,

2099 5801 2241 5871 gari,
2297 5813 2460 5868 quam
2517 5798 2571 5852 in
2624 5809 2856 5852 examen
2921 5791 3170 5847 futurum
3229 5783 3550 5850 transmitti,
3589 5782 3691 5837 ubi

410 5899 575 5969 ἡνίκα
619 5899 850 5970 κρεεεως
883 5900 1100 5973 καιρὸς,
1124 5900 1184 5954 οὐ
1212 5898 1558 5970 καθάρσεως.

2108 5902 2330 5964 tempus
2353 5891 2460 5949 erit
2486 5889 2705 5964 iudicii,
2740 5901 2849 5945 non
2877 5879 3250 5957 purgationis.
