4038 6424
349 341 463 404 839

1578 353 1907 416 ANTONII
1954 356 2305 418 MELISSE

3503 365 3612 428 810

427 453 704 524 Chrysost.
741 454 962 511 Nullunt
998 459 1223 512 omnino
1255 461 1457 516 bonum
1488 473 1770 535 utcunque
1800 482 1917 537 par-

2099 472 2265 526 Ούδέν
2289 473 2426 535 ὅλως
2469 473 2578 527 τῶν
2609 473 2854 543 ἀγαθῶν,
2883 475 2985 528 xlv
3028 476 3225 545 μικρδν
3287 476 3398 547 εἴη,
3433 493 3605 546 παροδ

352 559 479 600 rum
516 545 821 616 negligctur
863 549 973 602 illic
1004 565 1033 603 a
1074 551 1276 618 judice.
1328 553 1462 609 Nam
1509 557 1555 612 si
1606 560 1924 624 criminum,

350 645 404 689 et
429 634 728 704 dictorum,
760 647 814 693 et
845 640 1242 710 cogitationum
1279 659 1472 714 prenas
1503 649 1681 704 daturi
1711 665 1922 716 sumus,

351 725 517 780 multo
552 730 722 799 magis
768 729 1050 786 benefacta
1106 733 1235 789 licet
1268 737 1466 804 exigua
1505 742 1923 810 computabun-

348 827 457 871 tur.

418 908 524 975 Qui
563 911 763 980 saepius
794 912 1136 974 oﬂ‘endentes
1179 934 1398 989 poenam
1445 938 1555 978 non
1592 925 1773 990 luunt,
1807 940 1924 981 me-

346 1007 504 1054 tuere
547 1017 610 1056 ac
648 1004 840 1060 limere
888 1006 993 1061 sibi
1049 1008 1270 1066 debent.
1327 1011 1571 1083 Augetur
1609 1017 1754 1070 enim
1787 1015 1924 1086 ipsis

345 1094 584 1159 gravitas
617 1111 810 1165 poenas.
1741 1127 1746 1131 ν

420 1187 477 1242 Si
528 1189 694 1245 vitam
741 1193 937 1262 quavis
983 1204 1162 1250 morte
1205 1196 1504 1252 tristiorem
1555 1199 1778 1269 degunt,
1828 1204 1923 1271 qui

351 1279 536 1334 lumen
577 1281 712 1337 solis
745 1297 852 1338 non
883 1283 1190 1352 intuentur,
1223 1289 1351 1358 quid
1384 1289 1508 1345 illos
1537 1292 1646 1360 pati
1689 1293 1922 1349 creden-

349 1374 480 1427 dum
520 1383 604 1429 est
634 1375 729 1444 qui
766 1377 888 1430 luce
911 1377 1094 1433 divina
1125 1381 1323 1450 privati
1365 1383 1535 1436 sunt?

418 1466 538 1522 Non
595 1469 759 1524 modo
814 1470 1112 1540 justorum,
1189 1476 1284 1528 sed
1343 1475 1509 1529 etiam
1573 1487 1920 1546 peccatorum

345 1559 722 1630 corruptionis
803 1566 1050 1634 expertia
1129 1580 1358 1636 corpora
1426 1579 1742 1641 resurgunt.
1817 1570 1921 1626 Sed

346 1649 492 1704 istud
543 1652 764 1709 honoris
804 1655 1131 1725 supplicium
1164 1666 1216 1712 et
1244 1673 1459 1728 poenam
1500 1661 1785 1730 impiorum
1826 1662 1924 1717 alit

348 1754 412 1795 ac
460 1752 640 1813 auget.
679 1747 1016 1802 Immortalia
1065 1749 1210 1803 enim
1260 1749 1448 1805 futura
1494 1763 1808 1821 resurgunt,
1862 1763 1922 1809 ut

346 1850 622 1905 nunquam
653 1839 737 1890 uri
781 1837 1055 1897 desinant.
1118 1841 1330 1912 Quippe
1362 1859 1486 1899 cum
1535 1846 1676 1916 ignis
1708 1846 1798 1901 ille
1847 1847 1917 1901 sit
1949 1827 1991 1881 Β

343 1927 831 1999 inexstinguibilis.
883 1934 1012 1989 talia
1056 1935 1161 1990 sibi
1211 1951 1443 2007 corpora
1494 1938 1768 1994 desiderat
1797 1954 1920 2009 qua:

341 2035 622 2090 nunquam
654 2025 1036 2082 absumuntur.

413 2114 734 2186 Cogitemus
776 2131 1043 2188 quantum
1089 2121 1162 2178 sit
1194 2122 1321 2177 mali
1366 2122 1421 2178 in
1458 2122 1918 2194 conﬂragratione

339 2217 625 2277 perpetua,
670 2211 724 2265 in
777 2214 1039 2280 tenebris,
1106 2215 1255 2270 luctu
1296 2216 1514 2270 inﬁnito
1560 2227 1616 2272 et
1670 2217 1916 2272 dentium

339 2302 611 2368 stridore,
665 2305 884 2360 nemine
935 2309 1286 2364 exaudiente.
1347 2308 1481 2364 Nam
1533 2310 1763 2378 si'apud
1819 2326 1916 2366 nos

342 2393 615 2462 quispiam
664 2410 731 2448 ex
807 2395 1039 2467 ingenue
1082 2399 1328 2456 educatis
1384 2401 1590 2456 carceri
1645 2402 1913 2468 inclusus,

343 2483 518 2539 solum
582 2485 858 2549 ﬁctorem,
919 2490 1176 2547 tenebras
1220 2492 1358 2559 loci,
1414 2503 1470 2548 et
1516 2495 1729 2548 vincula
1791 2508 1914 2548 cum

339 2576 629 2632 homicidis
659 2581 989 2647 communia,
1012 2596 1126 2636 rem
1159 2584 1348 2652 quavis
1375 2595 1548 2639 morte
1574 2585 1914 2640 acerbiorem

342 2677 544 2737 putat:
604 2673 880 2740 perpende
935 2674 1069 2742 quid
1124 2675 1194 2730 sit
1244 2676 1492 2731 comburi
1555 2693 1678 2732 cum
1741 2678 1914 2730 totius

339 2760 490 2814 orbis
525 2759 842 2830 homicidis,
878 2779 976 2818 nec
1011 2765 1287 2820 ridentem
1316 2767 1452 2822 alios
1483 2783 1584 2822 nec
1627 2767 1751 2822 aliis
1779 2781 1915 2822 con-

339 2852 613 2921 spicuum,
648 2854 740 2908 sed
783 2855 834 2910 in
862 2866 1012 2911 tanta
1032 2858 1384 2914 multitudine
1420 2861 1596 2914 solum
1634 2875 1692 2914 se
1721 2859 1911 2914 existi-

340 2957 605 3002 mantem.
657 2946 939 3019 Siquidem
973 2966 1156 3020 opacae
1184 2952 1289 3005 illa:
1325 2956 1562 3006 tenebrae
1605 2967 1674 3004 ne
1725 2951 1913 3021 proxi-

338 3053 459 3093 mos
512 3042 733 3107 quidem
791 3041 1113 3109 dignoscere
1166 3042 1540 3112 permittunt:
1592 3057 1781 3095 verum
1839 3041 1911 3094 ita

336 3133 576 3202 quisque
641 3131 935 3201 aﬂicietur,
1011 3142 1271 3202 tanquam
1347 3134 1501 3189 solus
1578 3132 1911 3203 supplicium

337 3225 516 3282 luens.
543 3227 698 3294 Quod
725 3229 770 3285 si
802 3231 1042 3286 tenebrae
1070 3231 1232 3285 etiam
1258 3246 1356 3302 per
1377 3246 1436 3286 se
1462 3231 1677 3286 animos
1697 3240 1914 3286 nostros
1940 3203 1982 3262 θ

337 3334 548 3389 angunt
603 3328 658 3377 et
709 3323 957 3388 turbant,
1010 3323 1140 3392 quid
1196 3323 1288 3378 ﬁet
1334 3323 1428 3378 ubi
1483 3323 1724 3379 tenebris
1774 3323 1912 3378 tanti

337 3412 554 3469 dolores
575 3423 627 3467 et
657 3413 907 3469 incendia
937 3416 1250 3470 accedunt?
1277 3414 1412 3470 Nam
1441 3430 1536 3471 eos
1563 3417 1654 3485 qui
1685 3414 1916 3471 fecerint

337 3501 552 3571 iniqua,
601 3516 762 3556 nemo
810 3504 1098 3574 suppliciis
1147 3505 1259 3559 illic
1293 3504 1496 3559 futuris
1535 3505 1754 3574 eripiet,
1804 3519 1912 3558 non

336 3603 618 3663 parentes,
650 3611 759 3650 non
796 3596 1017 3652 fratres.
1060 3595 1306 3651 Fratrem
1340 3597 1484 3651 enim
1514 3612 1624 3650 non
1657 3596 1914 3651 liberabit

337 3686 660 3754 quisquam,
715 3699 993 3757 utcunque
1019 3705 1228 3759 magnae
1261 3688 1475 3745 ﬁducia:
1500 3687 1684 3747 fuerit.
1722 3687 1826 3759 41
1860 3698 1917 3743 et

338 3777 570 3832 multum
603 3778 831 3831 valuerit
853 3780 993 3848 apud
1027 3778 1219 3834 Deum.
1243 3781 1363 3848 Ipse
1393 3781 1536 3834 enim
1558 3788 1643 3834 est
1667 3782 1759 3849 qui
1793 3780 1916 3834 red-

335 3869 417 3923 dit
456 3869 755 3938 unicuique
800 3871 1103 3924 secundum
1149 3887 1315 3940 opera
1371 3889 1480 3927 sua.
1520 3892 1534 3926 :
1583 3884 1636 3927 et
1668 3889 1735 3927 ex
1788 3889 1915 3942 ope-

337 3959 491 4015 ribus
524 3962 730 4016 uostris
764 3961 846 4016 vel
895 3963 1136 4019 salutem
1167 3965 1250 4020 vel
1286 3965 1619 4036 supplicium
1648 3965 1912 4034 COIlSt'qui

334 4053 485 4109 licet.

410 4235 683 4294 Terribile
757 4245 861 4303 est,
909 4239 1113 4310 inquit,
1181 4241 1427 4297 incidere
1482 4243 1536 4297 in
1573 4258 1768 4298 manus
1819 4243 1911 4298 Dei

334 4331 468 4389 rivi.
523 4331 802 4402 Scriptum
858 4345 941 4389 est
1015 4318 1160 4388 enim
1201 4353 1216 4391 ε
1258 4354 1278 4388 σ
1317 4335 1442 4390 Mihi
1497 4337 1757 4401 vindicta,
1813 4351 1913 4405 ego

335 4425 663 4490 retribuam,
701 4433 754 4479 et
781 4441 1000 4480 rursum
1037 4443 1051 4480 :
1091 4445 1110 4478 ι
1134 4427 1399 4482 Dominus
1440 4428 1713 4498 judicabit
1739 4443 1914 4498 popu-

2031 565 2298 633 φθήσεται
2320 566 2435 615 ἐκεῖ
2460 566 2609 633 παρὰ
2624 566 2718 619 τοῦ
2743 567 2956 637 κριτοῦ.
2978 568 3041 620 Εἰ
3058 568 3164 634 γὰρ
3189 569 3610 638 ἁμαρτημάτων

2029 657 2126 710 καί
2175 655 2438 725 ῥημάτων
2471 657 2566 709 καὶ
2619 657 3020 728 ἐνθυμημάτων
3052 659 3288 711 τιννύειν
3336 659 3606 729 μέλλομεν

2027 747 2318 814 τιμωρίας,
2345 744 2523 814 πολλῷ
2550 745 2751 814 μᾶλλον
2774 747 2843 800 τὰ
2864 747 3270 818 κατορθώματα
3300 747 3404 800 κᾶν
3433 750 3607 819 μικρὰ

2027 835 2430 906 λογισθήσεται.

2101 929 2166 982 Ui
2203 928 2374 982 πολλὰ
2403 929 2692 992 πταίοντες
2721 931 2813 983 καὶ
2837 931 2911 1000 μὴ
2945 927 3298 1000 κολαζόμενοι
3321 929 3605 998 φοϐεῖσθαι

1995 1021 2124 1074 ’καὶ
2161 1021 2464 1076 δεδοικέναι
2495 1021 2828 1092 ὀφείλουσιν.
2871 1021 3104 1087 Αὖξεται
3150 1022 3259 1092 γάρ
3313 1021 3500 1085 αὐτοῖς
3537 1022 3607 1075 τά

2025 1114 2127 1182 τῆς
2157 1115 2454 1182 τιμωρίας.

2097 1205 2162 1257 Εἰ
2189 1203 2298 1274 γὰρ
2328 1205 2376 1257 οἱ
2402 1203 2465 1257 τὸ
2499 1203 2614 1273 φῶς
2643 1204 2703 1257 τὸ
2734 1204 2959 1275 ήλιακδν
2993 1203 3067 1275 μὴ
3099 1203 3368 1274 θεώμενοι
3402 1203 3606 1265 παντὸς

2026 1295 2264 1352 θανάτου
2315 1297 2654 1367 πικροτέραν
2705 1296 3041 1366 ὑπομένουσι
3075 1296 3241 1366 ζωήν·
3294 1296 3350 1348 τί
3407 1295 3604 1348 παθεῖν

2026 1389 2173 1453 εἰκὸς
2204 1390 2333 1454 τοὺς
2361 1388 2456 1444 τοῦ
2488 1390 2668 1457 φωτὸς
2697 1389 3178 1460 ἀποστερηθέντας
3206 1389 3456 1456 ἐκείνου;

2097 1482 2174 1536 Οὐ
2217 1482 2378 1550 μόνον
2424 1481 2532 1535 τῶν
2565 1481 2819 1544 δικαίων,
2868 1482 3008 1536 ἀλλά
3053 1481 3152 1535 καὶ
3197 1480 3310 1534 τῶν
3339 1482 3603 1551 ἁμαρτω-

2024 1573 2133 1626 λῶν
2181 1573 2436 1643 ἄφθαρτα
2460 1572 2530 1625 τά
2561 1572 2790 1642 σώματα
2841 1572 3176 1626 ἀνίστανται.
3223 1571 3365 1627 Ἀλλ’
3399 1573 3433 1644 ὴ
3469 1571 3601 1641 τιμὴ

2025 1664 2167 1734 αὕτη
2199 1666 2312 1726 τοῖς
2341 1663 2691 1734 ἁμαρτωλοῖς
2722 1664 2938 1733 ἐφόδιον
2987 1663 3266 1726 κολάσεως
3309 1664 3403 1718 καὶ
3429 1681 3600 1733 τιμω-

2027 1755 2152 1824 ρίας
2202 1755 2434 1822 γίνεται.
2484 1753 2773 1822 ’Λφθαρτα
2821 1755 2930 1823 γάρ
2979 1753 3318 1817 ἀνίστανται,
3379 1753 3468 1807 ἵνα
3509 1753 3600 1806 διὰ

2022 1845 2226 1910 παντὸς
2248 1847 2492 1916 καίηται.
2531 1846 2780 1899 Ἐπειδὰν
2801 1847 2910 1915 γὰρ
2930 1845 2993 1900 τὺ
3023 1844 3135 1916 πῦρ
3161 1844 3427 1900 ἀσϐεστόν
3450 1848 3599 1898 ἐστιν

2023 1939 2222 2003 ἐκεῖνο,
2252 1938 2511 1992 τοιούτων
2535 1937 2682 2004 αὐτῷ
2706 1939 2789 1991 δεῖ
2812 1939 3102 2007 σωμάτων,
3133 1937 3406 2009 μηδέποτε
3425 1936 3599 1992 δαπαα

2020 2036 2302 2102 νωμένων.

2104 2123 2483 2194 Ἐννοήσωμεν
2517 2120 2635 2186 οὖν,
2675 2122 2798 2176 ὅσον
2835 2121 2952 2175 ἐστὶ
2990 2122 3162 2176 κακὸν
3197 2124 3596 2178 κατακαίεσθαι

2018 2213 2108 2268 διὰ
2130 2214 2353 2277 παντὸς,
2387 2214 2483 2268 καὶ
2505 2214 2564 2266 ἐν
2599 2213 2778 2283 σκότῳ
2801 2208 2962 2276 εἶναι,
2990 2214 3085 2266 καὶ
3109 2213 3282 2282 μυρία
3313 2213 3594 2282 οἰμώζειν,

2019 2306 2114 2360 καὶ
2151 2306 2375 2378 βρύχειν
2404 2305 2531 2370 τοὺς
2579 2307 2823 2369 ὀδόντας,
2872 2306 2967 2359 καὶ
3011 2305 3147 2377 μηδὲ
3177 2306 3494 2370 ἀκούεσθαι,
3530 2309 3595 2360 Et

2019 2402 2129 2470 γὰρ
2179 2402 2262 2464 εἰς
2307 2399 2684 2472 δεσμωτήριόν
2739 2416 2825 2463 τις
2877 2399 3174 2470 ἐμϐληθεὶς
3225 2399 3463 2455 ἐνταῦθα
3484 2400 3596 2454 τῶν

2018 2492 2257 2561 εὐγενῶς
2300 2491 2786 2562 ἐντεθραμμένων,
2823 2490 2924 2562 τὴν
2972 2492 3238 2545 δυσωδίαν
3282 2491 3466 2560 μόνον,
3499 2493 3594 2544 καὶ

2017 2583 2076 2636 τὸ
2107 2584 2166 2634 ἐν
2194 2582 2371 2651 σκότῳ
2405 2583 2642 2648 κεῖσθαι,
2690 2584 2786 2635 καὶ
2811 2585 2872 2635 τὸ
2909 2581 3048 2651 μετά
3082 2583 3425 2652 ἀνδροφόνων
3446 2581 3593 2634 δεδὲ-

2019 2677 2166 2736 σθαι,
2220 2674 2422 2736 παντὸς
2474 2673 2708 2728 θανάτου
2762 2671 3147 2744 χαλεπώτερον
3207 2665 3349 2725 εἷναί
3402 2686 3589 2742 φησιν’

2017 2766 2270 2834 ἐννόησον
2320 2767 2372 2818 τί
2406 2767 2578 2828 ἐστιν,
2619 2766 2748 2818 ὅταν
2796 2765 2936 2836 μετὰ
2965 2765 3075 2819 τῶν
3120 2766 3220 2834 τῆς
3265 2764 3591 2834 οἰκουμένης

2017 2858 2363 2927 ἀνδροφόνων
2423 2856 2888 2928 κατακαιώμεθα,
2959 2857 3099 2927 μήτε
3151 2855 3387 2924 ὁρῶντες
3451 2857 3590 2924 μήτε

2016 2951 2302 3021 ὁρώμενοι,
2329 2949 2442 3003 ἀλλ’
2471 2951 2531 3001 ἐν
2562 2949 2759 3019 πλήθει
2811 2947 3050 3018 τοσούτῳ
3077 2947 3394 3015 νομίζοντες
3449 2940 3591 2999 εἶναι

2019 3041 2193 3110 μόνοι.
2251 3041 2324 3093 Τὸ
2373 3041 2484 3110 γάρ
2531 3040 2723 3102 σκότος
2771 3039 2832 3092 τὺ
2888 3037 3144 3109 ἀλαμπὲς
3201 3037 3302 3090 οὐκ
3363 3038 3590 3108 ἀφίησιν

2016 3137 2167 3207 ἡμᾶς
2197 3134 2319 3188 οὐδὲ
2343 3137 2472 3196 τοὺς
2499 3133 2726 3203 πλησίον
2748 3131 3150 3200 διαγινώσκειν,
3184 3131 3298 3185 ἀλλ’
3329 3132 3403 3194 ώς
3431 3131 3591 3199 μόνος

2014 3226 2172 3279 τοῦτο
2223 3226 2450 3293 πάσχων
2480 3222 2652 3287 οὔτως
2715 3224 2948 3286 ἕκαστος
3008 3223 3360 3277 διακείσεται.
3417 3223 3480 3274 Εἰ
3534 3223 3592 3274 δὲ

2017 3321 2208 3381 σκότος
2256 3317 2429 3371 θλίϐει
2467 3315 2590 3371 καθ’
2633 3317 2796 3370 ἑαυτὸ
2821 3317 2922 3379 τὰς
2949 3317 3229 3387 ἡμετέρας
3261 3315 3442 3384 ψυχὰς
3497 3315 3592 3367 καὶ

2017 3409 2261 3478 θορυϐεῖ,
2304 3409 2359 3462 τί
2409 3409 2562 3462 ἔσται
2606 3408 2738 3477 ἄρα,
2771 3408 2902 3462 ὅταν
2950 3407 3091 3477 μετά
3127 3406 3222 3460 τοῦ
3268 3409 3464 3460 σκότου
3497 3406 3590 3458 καὶ

2016 3502 2202 3556 ὀδύναι
2249 3503 2515 3557 τοσαῦται
2563 3496 2686 3565 ὦσι,
2734 3502 2830 3555 καὶ
2893 3501 3254 3571 ἐμπρησμοί;
3300 3501 3428 3561 τοὺς
3484 3499 3593 3565 γὰρ

2015 3595 2179 3650 ἄδικα
2215 3595 2538 3662 πράξαντας
2579 3594 2690 3647 τῶν
2733 3594 2852 3646 ἐκεῖ
2897 3593 3071 3657 οὐδεὶς
3121 3592 3489 3661 ἐξαιρήσεται,
3530 3591 3590 3640 οὐ

2015 3688 2222 3758 πατὴρ,
2275 3689 2336 3743 ού
2389 3688 2596 3758 μήτηρ,
2642 3688 2744 3740 οὐκ
2775 3687 3026 3756 ἀδελφός.
3071 3683 3326 3753 Ἀδελφὸν
3374 3684 3482 3752 γὰρ
3531 3683 3591 3734 οὐ

2014 3780 2353 3850 λυτρώσεται
2383 3780 2695 3850 ἄνθρωπος,
2741 3779 2845 3832 κᾶν
2882 3778 3085 3847 πολλὴν
3123 3775 3435 3848 παρρησίαν
3468 3775 3590 3844 ἔχῃ,

2015 3874 2119 3928 κᾶν
2152 3875 2366 3942 μεγάλα
2403 3873 2560 3943 ἰσχύῃ
2597 3873 2734 3942 πρδς
2770 3872 2865 3925 τὸν
2887 3871 3047 3924 Θεόν.
3097 3870 3268 3932 Αὐτὸς
3303 3869 3413 3938 γάρ
3445 3869 3594 3920 ἐστιν

2013 3967 2042 4020 6
2070 3967 2360 4028 ἀποδιδοὺς
2394 3966 2610 4032 ἑκάστῳ
2643 3965 2784 4017 κατὰ
2826 3964 2898 4016 τὰ
2953 3962 3095 4034 ἔργα
3141 3960 3329 4013 αὐτοῦ’
3365 3959 3457 4013 καὶ
3487 3960 3594 4010 ἀπὸ

2013 4059 2122 4111 τῶν
2193 4059 2374 4128 ἔργων
2435 4059 2530 4110 καὶ
2606 4057 2850 4126 σωθῆναι
2905 4053 3008 4121 ἔνι,
3088 4052 3182 4106 καὶ
3263 4051 3594 4120 κολασθῆναι

2013 4152 2183 4221 tea;-

2082 4243 2342 4313 Φοϐερδν,
2401 4244 2588 4311 φησιν,
2645 4243 2707 4294 τὺ
2767 4240 3032 4309 ἐμπεσεῖν
3079 4239 3165 4300 εἰς
3214 4240 3406 4306 χεῖρας
3455 4233 3594 4288 Θεοῦ

2015 4335 2240 4400 ζῶντος.
2283 4333 2604 4405 Γέγραπται
2649 4333 2778 4402 γὰρ,
2835 4351 2854 4383 ι
2909 4329 3066 4400 Ἐμοὶ
3125 4328 3426 4397 ἐκδίκησις,
3480 4324 3592 4393 ἐγὼ

2011 4425 2370 4480 ἀνταποδόσω
2395 4442 2410 4458 ο
2450 4445 2468 4476 ι
2504 4426 2598 4478 καὶ
2633 4425 2818 4479 πάλινο
2862 4442 2880 4474 ι
2911 4421 3118 4492 Κύριος
3139 4421 3318 4490 κρινεῖ
3341 4416 3434 4469 τὸν
3465 4417 3594 4475 λαὸν

338 4517 450 4571 lum
497 4532 695 4584 suum;
729 4536 748 4569 ι
791 4524 847 4572 et
879 4517 1050 4574 alibi:
1095 4537 1114 4570 ι
1145 4519 1321 4588 Super
1349 4531 1663 4590 peccatores
1692 4521 1908 4576 incum-

2017 4523 2179 4576 αὐτοῦ
2201 4538 2218 4555 ο
2250 4541 2268 4574 ›
2305 4522 2400 4574 καὶ
2425 4521 2608 4574 πάλιν
2651 4538 2669 4570 ι
2709 4517 2833 4572 Ἐπὶ
2863 4515 3225 4587 ἁμαρτωλοὺς
3251 4510 3594 4566 καταπαύσει

331 4613 423 4668 bet
452 4612 529 4667 ira
561 4613 700 4684 ejus.
730 4629 752 4664 ι
1161 4661 1174 4669 ,

401 4705 737 4760 Gravissima
769 4718 1055 4774 poenarum
1088 4707 1267 4774 pudor
1297 4713 1400 4771 est,
1438 4719 1602 4775 quam
1627 4705 1679 4760 in
1708 4705 1914 4775 judicio

331 4815 554 4870 quoque
607 4799 846 4854 futuram
890 4799 1240 4855 didicimus:
1298 4799 1559 4867 quoniam
1603 4800 1679 4868 pii
1732 4815 1911 4853 resur-

332 4903 468 4964 θείη
498 4892 561 4947 ad
595 4892 760 4946 vitam
787 4902 1074 4959 aeternam,
1105 4891 1255 4962 impii
1291 4906 1422 4945 vero
1456 4890 1524 4945 ad
1560 4890 1822 4960 pudOrem
1860 4900 1915 4946 et

331 4985 686 5054 opprobrium
715 4992 1002 5039 aeternum.

404 5077 567 5132 Bonis
609 5077 832 5146 quidem
894 5077 1155 5146 Operibus
1209 5087 1435 5133 ornatos
1498 5093 1660 5133 nemo
1723 5093 1912 5134 arcere

334 5170 536 5238 poterit
567 5184 595 5223 a
630 5169 888 5222 fruitione
915 5167 1191 5224 felicitatis
1224 5169 1441 5236 futurae,
1476 5171 1571 5226 sed
1600 5172 1912 5227 coelestibus

334 5261 492 5316 bonis
521 5260 774 5334 fruentur
816 5277 832 5316 :
873 5262 948 5316 illi
989 5278 1120 5316 vero
1146 5265 1258 5332 {qui
1305 5264 1430 5317 boni
1460 5265 1736 5333 quidpiam
1770 5268 1911 5321 οιιιί‹

337 5362 552 5416 serunt,
583 5351 713 5406 licet
738 5353 942 5410 nullius
969 5353 1194 5408 admissi
1222 5355 1472 5410 criminis
1505 5357 1579 5410 rei
1619 5359 1751 5425 sint,
1786 5375 1907 5413 cum

339 5444 520 5514 impiis
553 5443 606 5498 in
639 5445 817 5514 ignem
849 5445 1111 5513 gehennae
1139 5447 1509 5503 deducentur.
1560 5450 1771 5504 Etenim
1803 5469 1909 5508 non

340 5537 514 5592 iacere
547 5539 770 5598 bonum,
823 5536 927 5591 hoc
960 5539 1141 5606 ipsum
1180 5549 1265 5594 est
1311 5538 1493 5594 Facere
1527 5543 1751 5596 malum.
1801 5544 1897 5597 Dic

336 5646 431 5702 age
462 5631 616 5693 mihi,
654 5629 699 5682 si
754 5645 915 5699 quem
949 5644 1168 5683 Servum
1219 5631 1470 5698 haberes,
1504 5648 1679 5701 neque
1709 5635 1908 5698 furem,

338 5739 439 5777 nee
480 5722 761 5792 injurium,
800 5736 977 5790 neque
1009 5720 1478 5776 contradicentem
1515 5724 1631 5784 tibi.
1674 5735 1727 5778 et
1759 5727 1909 5778 insu-

337 5829 435 5874 θοι·
471 5825 584 5868 tum
648 5810 926 5877 ebrietati,
993 5817 1110 5864 tum
1185 5809 1523 5880 quibuslibet
1585 5812 1707 5867 aliis
1761 5814 1909 5870 vitiis

2016 4616 2046 4669 ό
2069 4616 2236 4683 θυμὸς
2263 4612 2448 4666 αὐτοῦ.
2484 4630 2504 4664 ι

2087 4706 2376 4775 Βαρυτάτη
2417 4704 2693 4758 κολάσεων
2739 4705 2772 4774 ἡ
2815 4701 3068 4771 αἰσχύνη,
3115 4701 3182 4771 ἣν
3213 4701 3308 4754 καὶ
3338 4698 3595 4771 περὶτῆς

2017 4800 2258 4870 κρίσεως
2303 4797 2734 4868 μεμαθήκαμεν,
2775 4797 2857 4849 ὅτι
2890 4795 3040 4848 οὗτοι
3075 4794 3477 4863 ἀναστήσονται
3509 4787 3594 4852 εἰς

2017 4892 2162 4962 ζωὴν
2190 4893 2432 4957 αἰώνιον,
2466 4891 2563 4945 καί¹
2592 4885 2740 4944 οὗτοι
2767 4891 2848 4952 εἰς
2878 4888 3139 4959 αἰσχύνην
3165 4889 3255 4940 καὶ
3284 4883 3591 4954 ὀνειδισμὸν

2018 4985 2256 5039 αἰώνιον.

2087 5079 2150 5132 Oi
2187 5079 2286 5148 μὲν
2319 5077 2386 5131 τά
2415 5076 2596 5145 ἀγαθά
2624 5075 2934 5145 πράξαντες
2959 5075 3069 5126 τῶν
3104 5075 3219 5128 ἐκεῖ
3245 5075 3422 5138 οὐδεὶς
3450 5074 3595 5139 ἐξαι-

2020 5173 2246 5241 ρήσεται
2280 5171 2525 5237 ἀγαθῶν,
2573 5167 2713 5221 ἀλλά
2761 5167 2872 5219 τῶν
2913 5169 2970 5219 ἐν
3017 5168 3130 5230 τοῖς
3159 5169 3412 5237 οὐρανοῖς
3455 5169 3595 5219 ἀπο-

2017 5263 2311 5316 λαύσονται
2367 5261 2570 5313 καλῶν·
2635 5263 2684 5313 οἱ
2745 5261 2800 5312 δὲ
2858 5260 3198 5329 ἐγκληθῆναι
3261 5260 3360 5328 μὲν
3428 5259 3595 5328 μηδὲν

2016 5356 2231 5425 ἔχοντες
2261 5354 2451 5418 κακὸν,
2476 5353 2847 5414 ἐλλελοιπότες
2878 5351 2932 5403 δέ
2967 5369 3019 5404 τι
3042 5352 3152 5404 τῶν
3181 5349 3426 5417 ἀγαθῶν,
3457 5350 3596 5418 μετὰ

2015 5450 2125 5500 τῶν
2161 5448 2227 5500 τὰ
2260 5446 2408 5498 κακὰ
2435 5445 2833 5514 ἐργασαμένων
2864 5447 2944 5506 εἰς
2977 5444 3038 5496 τὸ
3059 5444 3160 5512 τῆς
3194 5442 3419 5512 γεέννης
3449 5444 3596 5496 ἀπα-

2015 5539 2309 5609 χθήσονται
2354 5538 2485 5606 πῦρ,
2521 5536 2593 5588 Τὸ
2641 5538 2748 5605 γὰρ
2799 5536 2875 5605 μὴ
2930 5535 3156 5604 ποιῆσαι
3196 5535 3402 5602 ἀγαθὰ,
3434 5535 3595 5588 τοῦτό

2015 5635 2132 5684 ἐστι
2155 5631 2214 5682 τὸ
2247 5631 2468 5697 ποιῆσαι
2499 5629 2688 5681 κακόν.
2718 5627 2851 5679 Εἰπὲ
2877 5627 2987 5696 γάρ
3017 5644 3130 5695 μοι,
3153 5624 3206 5678 εῐ
3224 5643 3345 5678 τινα
3375 5626 3594 5696 οἰκέτην

2016 5725 2161 5793 ἔχοις
2197 5724 2332 5791 μήτε
2363 5722 2685 5778 κλέπτοντα.
2725 5721 2862 5788 μήτε
2901 5717 3214 5788 ὑϐρίζοντα,
3263 5718 3403 5788 μήτε
3440 5719 3597 5770 ἀντι-

2016 5816 2258 5884 λέγοντα,
2288 5813 2426 5869 ἀλὶά
2457 5814 2549 5866 καὶ
2599 5812 2768 5881 μέθης
2802 5809 3111 5878 κρατοῦντα
3145 5810 3236 5863 καί
3274 5809 3383 5864 τῶν
3414 5808 3592 5865 ἄλλων
