4038 6420
414 385 538 456 ,849

1241 381 1416 443 LOCl
1462 376 1912 441 COMMU'NES.
1953 405 2023 418 -
2049 379 2252 442 PARS
2285 372 2338 441 Ῐ.
2396 378 2658 445 SERMO
2698 376 2918 442 XXIV.

3602 368 3718 432 850

496 504 564 560 Ol
615 500 847 571 μεγάλοι
879 498 1120 552 κίνδυνοι
1169 497 1265 550 καὶ
1309 496 1438 559 τοὺς
1470 497 1570 565 τῆς
1603 495 1789 566 φιλίας
1825 495 2020 550 λύουσι

2197 491 2394 565 Magna
2429 493 2672 564 pericula
2706 492 3013 547 dissolvunt
3037 489 3201 544 etiam
3235 485 3492 542 amicitia:
3545 486 3714 552 leges.

431 597 654 651 νόμους.

499 647 582 741 ⁸’Ϊό
613 647 712 756 μὲν
747 685 972 755 ἀγαπᾷν
1005 682 1133 745 τοὺς
1165 681 1466 754 μισοῦντας
1498 681 1701 753 ἀρετῆς
1729 681 1824 735 καὶ
1849 681 2014 735 Θεῖον·

430 781 569 835 τδ“8ὲ
622 782 748 843 τοὺς
796 779 1157 848 ἀγαπῶντας,
1189 770 1536 844 ἀνθρώπινον
1573 777 1668 829 καὶ
1701 776 1910 830 κοινόνο
1957 776 2015 830 τὸ

431 877 488 929 δὲ
537 877 719 946 μισεῖν
754 874 851 928 καὶ
893 871 1023 935 τοὺς
1055 871 1392 941 ἀγαπῶντας
1432 869 1553 923 οὐδὲ
1586 860 1798 939 Θηρίων
1830 863 2014 938 οἶμαι.

507 1134 666 1194 Φίλαν
721 1139 958 1208 ἡγητέον
1005 1138 1098 1191 τὸν
1133 1137 1351 1208 βοηθεῖν
1396 1137 1492 1191 καὶ
1525 1121 1862 1207 ἀντωφελεῖν
1901 1138 2021 1192 eos-

439 1231 622 1295 λοντα,
672 1231 777 1285 κᾶν
806 1234 883 1303 μὴ
917 1233 1170 1302 δύνηται.

523 1405 612 1457 Ἑν
640 1405 738 1474 μὲν
787 1407 899 1468 τοῖς
927 1405 1112 1468 ἀλλοις
1140 1405 1201 1458 τὸ
1231 1406 1433 1478 μέτρον
1471 1405 1696 1475 ἄριστον
1719 1421 1734 1437 ·
1770 1405 1829 1458 ἐν
1863 1403 1918 1458 δὲ
1953 1407 2019 1474 τῇ

437 1497 634 1572 ἀγάπῃ
667 1497 696 1550 ό
727 1497 788 1550 τὺ
821 1498 1008 1551 πλεῖον
1035 1497 1175 1568 ἔχων
1205 1496 1640 1568 θεοφιλέστερος.

512 1680 714 1735 Ἵππου
751 1682 850 1752 μὲν
898 1683 1106 1753 ἀρετὴν
1140 1683 1200 1735 ὲν
1247 1682 1496 1755 πολέμῳ,
1527 1679 1686 1751 φίλου
1739 1679 1796 1734 δὲ
1835 1681 2021 1734 πίστιν
2103 1709 2106 1712 ~

435 1775 494 1826 ὲν
529 1773 729 1844 ἀτυχία
760 1773 1046 1845 κρίνομεν.

2207 679 2385 732 Photii
2413 677 2750 748 patriarchae.
2789 674 3022 746 Diligere
3061 665 3183 726 illos
3223 670 3315 738 qui
3351 682 3453 722 nos
3513 664 3720 720 habent

2122 772 2268 837 odio,
2301 773 2482 826 divina
2528 772 2774 841 qumdam
2820 769 2996 824 virtus
3042 776 3126 823 est
3173 780 3186 818 :
3230 771 3477 817 amantes
3531 768 3715 823 autem

2125 864 2428 928 redamare,
2476 863 2774 916 humanum
2823 871 2877 914 et
2917 859 3136 930 vulgare
3181 863 3318 911 est:
3379 852 3526 922 ipsos
3583 865 3716 903 vero

2124 957 2309 1010 odisse
2347 955 2658 1026 diligentes,
2691 970 2759 1009 ne
2803 951 2998 1009 belluis
3038 947 3264 1022 quidem
3299 943 3600 1001 convenire
3633 941 3713 996 vi-

2123 1048 2307 1102 detur.

2197 1138 2464 1193 Philonis.
2518 1137 2741 1190 Amicus
2791 1131 3076 1188 ducendus
3124 1139 3230 1199 est,
3284 1129 3378 1199 qui
3445 1126 3712 1183 auxilium

2123 1241 2178 1284 et
2206 1245 2427 1301 cperam
2472 1239 2739 1291 mutuam,
2782 1226 2831 1283 si
2867 1240 2925 1282 re
2959 1224 3077 1296 ipsa
3122 1239 3228 1278 non
3277 1231 3485 1293 p0tcsl,
3521 1219 3717 1272 volun-

2129 1337 2234 1381 tate
2255 1323 2447 1380 saltem
2481 1331 2720 1392 praestat.

2202 1415 2395 1471 Firmi.
2427 1417 2486 1471 In
2517 1415 2734 1470 czcteris
2762 1413 2983 1484 quidem
3039 1410 3205 1466 rebus
3232 1405 3485 1462 laudatur
3513 1405 3717 1458 medio.

2125 1511 2291 1566 critas
2326 1529 2339 1565 :
2369 1511 2420 1562 in
2446 1523 2633 1563 amore
2695 1521 2828 1562 vero
2859 1505 2954 1577 qui
3002 1503 3300 1573 plurimum
3350 1497 3627 1562 habuerit,
3670 1498 3717 1550 is

2127 1606 2235 1660 Deo
2258 1604 2477 1659 charior
2521 1603 2599 1657 lit.

2201 1695 2506 1751 Plutarchi.
2551 1693 2686 1764 Equi
2729 1692 3030 1748 bonitatem
3080 1689 3134 1744 in
3175 1687 3341 1754 bello,
3384 1684 3547 1742 amici
3587 1697 3716 1738 vero

2130 1789 2289 1844 ﬁdem
2323 1789 2377 1843 in
2413 1788 2726 1844 calamitate
2748 1786 3088 1857 iudicamus.

506 1865 683 1937 Σκεόη
741 1867 843 1938 μὲν
895 1869 963 1921 τὲ
1015 1868 1182 1922 καινά
1222 1868 1546 1940 κρείττονα,
1589 1869 1742 1940 φιλία
1764 1866 1822 1924 δὲ
1849 1869 1881 1940 ἡ
1913 1886 2019 1922 πα-

2192 1883 2332 1938 Vasa
2367 1883 2584 1951 quidem
2644 1881 2868 1936 meliora
2918 1886 3051 1934 sunt
3098 1873 3410 1932 novazsed
3463 1873 3710 1929 amicitia

436 1959 614 2012 λαιοτέ
625 1977 717 2031 ρα.

511 2053 705 2107 Πολλοὶ
741 2053 933 2124 φίλους
967 2055 1254 2126 αἱροῦνται
1283 2055 1349 2109 οὐ
1397 2055 1526 2119 τοὺς
1555 2055 1842 2125 ἀρίστους,
1882 2056 2017 2110 ἀλλὰ
2110 2073 2115 2078 ·

432 2146 562 2208 τοὺς
595 2147 990 2210 πλουτοῦντας.

519 2239 584 2291 'll
616 2239 849 2311 ἀληθινὴ
894 2240 1050 2310 φιλία
1094 2241 1225 2313 τρία
1277 2243 1434 2311 ζητεῖ
1471 2242 1730 2312 μά).ιστα“
1763 2246 1862 2315 τὴν
1889 2246 2018 2314 ἀρε-

438 2329 558 2399 τὴν,
585 2332 660 2394 ὡς
685 2331 873 2398 καλὸν,
908 2333 1002 2384 καὶ
1041 2332 1142 2403 τὴν
1178 2333 1494 2404 συνήθειαν,
1529 2334 1606 2398 ὡς
1638 2335 1758 2405 ἡδὺ,
1791 2337 1888 2390 καὶ
1917 2336 2016 2407 τὴν

439 2425 630 2493 χρείαν
658 2465 671 2490 ,
701 2425 776 2489 ὡς
803 2427 1132 2494 ἀναγκαῖον.

503 2519 758 2590 Βραδέως
809 2520 908 2591 μὲν
965 2521 1118 2592 φίλος
1177 2522 1372 2592 γίνου,
1407 2523 1704 2592 γενόμενος
1750 2523 1806 2576 δὲ
1838 2523 2016 2594 πειρῶ

433 2609 730 2680 διαμένειν.
768 2612 1003 2681 Ὀμοίως
1033 2616 1143 2685 γὰρ
1165 2614 1394 2684 αἰσχρὸν
1429 2614 1632 2685 μηδένα
1664 2613 1816 2684 φίλον
1844 2613 2014 2685 ἔχειν,

431 2702 527 2751 καὶ
559 2699 787 2765 πολλοὺς
820 2703 1072 2773 ἑταίρους
1103 2704 1520 2774 μεταλλάττειν.

501 2795 777 2864 Δοκίμαζε
812 2795 940 2860 τοὺς
971 2797 1160 2866 φίλους
1199 2797 1398 2869 ὲκ-τῆς
1443 2798 1575 2868 περὶ
1605 2799 1698 2854 τὸν
1735 2799 1850 2870 βίον
1880 2802 2016 2855 ἀτυ-

433 2887 556 2955 χίας
600 2888 694 2940 καὶ
749 2889 846 2958 τῆς
891 2890 950 2942 ὲν
988 2893 1104 2954 τοῖς
1162 2892 1436 2956 κινδύνοις
1466 2895 1777 2956 κοινωνίας.
1809 2894 1883 2947 Τὸ
1917 2895 2016 2964 μὲν

437 2983 545 3050 γὰρ
585 2981 814 3051 χρυσίον
859 2983 919 3036 ὲν
954 2985 1091 3055 πυρὶ
1139 2985 1535 3057 δοκιμάζομεν,
1577 2988 1705 3050 τοὺς
1731 2987 1789 3041 δὲ
1825 2987 2016 3056 φίλους

435 3077 494 3128 ὲν
519 3079 639 3138 ταῖς
669 3077 922 3147 ἀτυχίαις
951 3078 1324 3151 γινώσκομεν.

507 3169 630 3221 Τῶν
680 3170 935 3224 ἀπόντων
985 3172 1160 3240 φίλων
1195 3173 1446 3245 μέμνησο
1476 3175 1614 3246 πρὸς
1653 3175 1784 3239 τοὺς
1813 3177 2021 3248 παρόν-

433 3281 554 3326 τας,
591 3263 678 3317 ἵνα
702 3265 858 3338 δόξῃς
900 3265 1037 3336 μηδὲ
1071 3265 1183 3319 τῶν
1212 3267 1499 3336 παρόντων
1524 3269 1836 3339 ὀλιγωρεῖν.

504 3357 604 3410 Διά
647 3357 746 3428 μὲν
789 3358 900 3429 γὰρ
938 3360 1049 3413 τῶν
1078 3360 1380 3430 ὀφθαλμῶν
1414 3361 1570 3432 μόλις
1603 3365 1736 3435 ὀρᾷν
1783 3362 1900 3418 ἔστι
1941 3365 2013 3420 τὰ

434 3448 687 3521 ἐμποδὼν
714 3496 728 3521 ,
761 3454 850 3510 διὰ
899 3457 958 3536 δὲ
1013 3457 1124 3510 τῶν
1177 3457 1360 3528 φίλων
1393 3459 1489 3514 καὶ
1517 3461 1584 3514 τὰ
1613 3462 1708 3516 ἐπὶ
1735 3463 1839 3534 γῆς
1865 3464 2012 3532 πέρα

432 3545 761 3603 θεάσασθαι.

501 3619 600 3670 Διά
655 3620 756 3687 μὲν
798 3620 908 3674 τῶν
959 3620 1119 3676 ὢτων
1174 3621 1275 3677 οὐκ
1310 3623 1376 3677 ἄν
1420 3640 1504 3688 τις
1542 3625 1774 3680 ἀκούσαι
1809 3628 1908 3683 καὶ
1946 3629 2016 3682 τά

435 3711 642 3780 σφόδρα
691 3712 964 3780 ὲγγύθεν’
999 3713 1088 3767 διὰ
1137 3715 1195 3768 δὲ
1250 3715 1362 3769 τῶν
1408 3717 1581 3786 φίλων
1632 3718 1850 3784 οὐδενὸς
1905 3721 2016 3776 τῶν

425 3805 751 3874 ,ἀναγκαίων
784 3807 1118 3878 ὁποιδήποτε
1154 3809 1389 3879 ἀνήκοός
1420 3812 1561 3865 ἐστι.

516 3901 675 3969 Ῥᾷον
703 3901 768 3954 ἄν
821 3917 906 3962 τις
951 3901 1240 3971 συμφορὰν
1284 3905 1384 3973 τὴν
1430 3905 1828 3981 χαλεπωτάτην
1857 3912 2016 3983 φέρει

437 3994 574 4062 μετά
619 3993 790 4061 φίλων
817 3993 849 4061 ἢ
895 3995 1056 4062 μόνος
1088 3995 1347 4065 εὐτυχίαν
1374 3999 1474 4068 τὴν
1509 4001 1801 4071 μεγίστην.

505 4087 602 4149 Τίς
631 4087 934 4158 ἐπιτήδειος
957 4087 1098 4158 πρὸς
1122 4088 1305 4158 φιλίαν
1327 4088 1420 4153 ;'O
1445 4092 1675 4149 πλεῖστα
1702 4095 2016 4152 ἀδικεῖσθαι

429 4179 754 4249 δυνάμενος.

504 4273 718 4338 ’Ὠσπερ
752 4266 896 4337 οἶνος
931 4273 1190 4343 κιρνᾶται
1244 4275 1360 4337 τοῖς
1414 4275 1526 4331 τῶν
1581 4279 1847 4333 πινόντων
1884 4281 2014 4352 τρό-

433 4380 580 4428 ποις,
600 4364 744 4417 οὕτω
777 4365 870 4417 καὶ
902 4362 1054 4433 φιλία
1100 4365 1213 4427 τοῖς
1247 4363 1357 4416 τῶν
1387 4368 1692 4439 χρωμένων
1723 4370 1899 4441 ἤθεσι.

499 4541 661 4597 Φίλον
683 4542 909 4614 γνήσιον
937 4544 996 4598 ἐν
1020 4545 1213 4609 κακοῖς
1245 4543 1322 4615 μὴ
1358 4545 1551 4616 φοϐοῦ.

500 4730 606 4783 Τὸν
635 4729 921 4783 σπουδαῖον
971 4729 1124 4798 φίλον
1165 4729 1303 4799 πρὸς
1364 4729 1464 4800 μὲν
1524 4729 1624 4794 τὰς
1674 4731 2017 4802 εὐφροσύνας

430 4822 700 4890 κληθέντα
755 4821 837 4875 δεῖ
871 4821 1128 4888 παρεῖναι
1159 4833 1171 4849 ·
1223 4818 1363 4890 πρθς
1415 4819 1472 4872 δὲ
1518 4819 1618 4882 τὰς
1659 4819 2038 4888 περιστάσεις.

430 4913 766 4982 αὐτόκλητον
790 4913 870 4964 δεῖ
903 4913 1305 4982 συμπαρεῖναι.

503 5003 569 5062 Oi
601 5005 847 5073 ἁληοινοὶ
898 5004 1045 5073 φίλοι
1071 5005 1166 5056 καὶ⁵
1202 5006 1304 5062 τὰς
1333 5003 1519 5071 φιλίας
1545 5003 1756 5075 ἡδείας,
1787 5005 1882 5058 καὶ
1915 5005 2016 5069 τὰς

429 5099 721 5168 συμφορὰς
757 5098 1135 5168 ἐλαφροτέρας
1191 5097 1466 5164 ποιοῦσιν,
1518 5091 1594 5151 ὧν
1639 5097 1739 5168 μὲν
1776 5114 2013 5152 συναπο-

428 5191 706 5256 λαύοντες,
743 5184 820 5246 ὧν
851 5191 908 5245 δὲ.
945 5189 1479 5261 μεταλαμϐάνοντες.
1725 5217 1728 5220 ~
1841 5193 1844 5196 ’

509 5285 842 5354 Ἐπῖσταμαι
876 5285 932 5338 δὲ
980 5285 1076 5337 καὶ
1111 5283 1458 5353 πεπείραμαι
1500 5284 1644 5349 λίαν,

507 5378 594 5440 Ὠς
621 5379 730 5432 τῶν
767 5377 1002 5447 ἐχόντων
1027 5377 1228 5439 πάντες
1261 5376 1542 5446 ἀνθρωττοι
1594 5379 1761 5448 φίλοι.

490 5469 654 5523 Φίλον
691 5471 902 5523 ἐκεῖνον
932 5467 1144 5539 νόμιζε,
1186 5470 1336 5532 ὅστις
1367 5469 1532 5523 αὑτὸν
1565 5471 1646 5537 σὲ,
1672 5473 1810 5526 ἀλλὰ
1837 5473 1910 5545 μὴ
1943 5475 2011 5528 τὰ

429 5568 496 5613 ’πε
506 5564 559 5627 pl
593 5561 655 5614 σὲ
687 5561 902 5632 ἀγαπᾷ.

502 5655 719 5709 Βέλτιον
769 5655 941 5710 πολλά
989 5655 1247 5726 χρήματα
1293 5656 1679 5720 ἀπολέσαντα.
1727 5659 1824 5716 ἕνα
1855 5663 2010 5733 φίλον

429 5745 760 5815 κτήσασθαι,
788 5747 821 5818 ἢ
854 5747 950 5803 ἕνα
982 5749 1137 5816 φίλον
1164 5749 1536 5818 ἁπυλέσαντα,
1565 5751 1740 5809 πολλὰ
1783 5757 1888 5826 χρή
1900 5772 2007 5823 μα-

425 5853 497 5893 τα
529 5839 632 5906 κτή
641 5842 860 5896 cat-00m.
1671 5868 1674 5870 ν

2121 1987 2345 2048 prmstat
2376 1993 2485 2046 quo
2515 1977 2804 2032 vetustior.

2191 2068 2414 2121 Au;icos
2443 2067 2595 2121 multi
2624 2081 2733 2120 non
2765 2066 3024 2137 optimos,
3081 2063 3175 2118 sed
3223 2059 3422 2118 divites
3478 2057 3708 2126 eligunt.

2193 2247 2332 2300 Vera
2369 2244 2608 2299 amicitia
2649 2245 2754 2298 tria
2797 2241 3073 2312 prmcipue
3104 2237 3345 2309 requirit
3374 2253 3391 2291 :
3423 2235 3711 2299 virtutem,

2120 2349 2180 2392 ut
2223 2340 2552 2405 Imucslum;
2613 2335 3065 2397 familiaritatem,
3130 2339 3201 2386 ut.
3239 2328 3589 2402 jucundum;
3646 2333 3702 2381 et

2119 2425 2438 2490 utilitatem,
2479 2435 2538 2478 ut
2562 2423 2962 2480 necessarium.

2199 2513 2479 2570 Isocratis.
2514 2515 2691 2571 Tarde
2722 2515 2941 2586 quidem
2981 2515 3134 2568 ineas
3169 2511 3485 2574 amicitiam,
3523 2507 3713 2563 initam

2117 2621 2248 2660 vzrn
2288 2617 2606 2663 constanter
2643 2623 2851 2663 serves.
2886 2606 3067 2676 JEque
3097 2605 3242 2660 enim
3273 2613 3429 2672 turpe
3458 2610 3542 2658 est
3575 2601 3717 2655 ami-

2119 2716 2241 2755 cum
2278 2716 2386 2754 non
2410 2701 2633 2767 habere,
2670 2716 2734 2756 ae
2771 2702 2822 2754 in
2861 2700 3099 2755 amicitia
3137 2699 3535 2753 inconstantem
3568 2707 3714 2749 esse.

2190 2794 2414 2848 Amicos
2443 2791 2699 2863 probabis
2720 2807 2782 2846 ex
2817 2792 3127 2846 calamitate
3149 2790 3202 2844 in
3231 2787 3342 2861 46
3365 2789 3470 2843 vita
3498 2795 3743 2842 etcom-.

2120 2887 2490 2942 municatione
2517 2887 2907 2955 periculorum.
2953 2888 3163 2940 Aurum
3210 2885 3356 2938 enim
3415 2883 3540 2950 igne
3577 2895 3704 2951 pro-

2121 2983 2341 3045 bamus,
2383 2980 2584 3036 amicus
2610 2981 2660 3033 in
2685 2981 2914 3035 adversa
2941 2979 3156 3034 fortuna
3187 2976 3599 3047 cognoscimus.

2195 3165 2516 3220 Absentium
2550 3165 2852 3219 amicorum
2885 3161 3028 3233 apud
3057 3169 3352 3232 prmsentes
3377 3159 3712 3215 mentionem

2046 3227 2094 3292 θ
2129 3257 2316 3326 facito,
2351 3267 2406 3312 ut
2435 3259 2597 3313 etiam
2633 3265 2932 3328 praesentes
2956 3272 3064 3311 non
3089 3257 3091 3259 ’
3114 3255 3352 3310 videaris
3411 3254 3712 3324 negligere.

2205 3346 2615 3403 Dionis.0culi's
2645 3347 2868 3417 quidem
2907 3347 2998 3400 vix
3054 3361 3117 3400 ea
3175 3345 3361 3400 videre
3395 3344 3522 3398 licet
3590 3358 3714 3412 qua:

2129 3451 2256 3496 ante
2288 3443 2452 3510 pedes
2483 3451 2610 3496 sunt
2653 3456 2666 3494 :
2703 3454 2800 3511 per
2823 3439 3034 3494 amicos
3060 3449 3244 3493 autem
3271 3436 3438 3492 etiam
3492 3434 3723 3504 longius.

2133 3546 2340 3590 remota
2373 3534 2812 3602 conspiciuntur.

2204 3627 2480 3697 Chrysost.
2528 3625 2768 3680 Auribus
2831 3623 3050 3693 quidem
3115 3623 3203 3678 vix
3266 3635 3331 3676 ea
3385 3619 3721 3674 hauriuntur:

2129 3737 2250 3794 quae
2281 3721 2527 3790 proxima
2555 3728 2682 3774 sunt
2715 3733 2730 3772 :
2764 3732 2859 3787 per
2892 3715 3104 3771 amicos
3156 3713 3338 3768 omnia
3398 3711 3584 3768 ubivis
3617 3727 3714 3767 ne-

2125 3813 2364 3870 cessaria
2398 3810 2586 3866 audire
2620 3814 2805 3865 datur.

2204 3905 2440 3960 Facilius
2467 3905 2593 3974 quis
2640 3918 2764 3958 cum
2796 3900 2988 3955 amicis
3017 3899 3397 3970 gravissimam
3429 3895 3714 3954 calamita-

2129 4010 2238 4053 tem
2271 3997 2394 4059 I‘ert.
2429 4013 2591 4063 quam
2619 3995 2768 4050 solus
2808 3993 2896 4049 vel
2922 3993 3218 4047 maximam
3265 3991 3709 4062 prosperitatem.

2200 4093 2426 4147 Aristot.
2457 4089 2594 4155 Quis
2628 4089 2857 4142 idoneus
2883 4095 2970 4142 est
2999 4087 3255 4140 amicitia:
3274 4085 3296 4139 ?
3316 4083 3418 4152 Qui
3449 4084 3716 4154 plurimas.

2127 4183 2358 4252 injurias
2389 4184 2532 4237 ferre
2569 4189 2770 4250 potest.

2199 4275 2586 4330 Demosthenis.
2624 4271 2779 4327 Sicut
2811 4271 2998 4326 vinum
3027 4280 3424 4340 attemperatur
3479 4270 3716 4341 ingeniis

2127 4368 2452 4436 bibentium,
2524 4367 2599 4420 ita
2650 4372 2704 4418 et
2737 4363 2976 4419 amicitia
3008 4379 3109 4434 pro
3141 4365 3392 4420 moribus
3441 4363 3711 4420 utentium

2125 4461 2322 4514 variat.

2041 4557 2096 4622 ι)
2192 4553 2455 4608 Socratis.
2487 4549 2742 4606 Amicum
2803 4549 3085 4606 sincerum
3122 4548 3177 4603 in
3228 4547 3394 4603 rebus
3461 4544 3713 4602 adversis

2121 4660 2190 4701 ne
2219 4647 2438 4700 timeas.

2191 4736 2504 4790 Democriti.
2567 4733 2808 4789 Probum
2890 4734 3132 4789 amicum
3196 4734 3413 4806 gaudiis
3485 4735 3709 4804 quidem

2118 4843 2371 4888 vocatum
2429 4831 2622 4888 adesse
2689 4830 2867 4898 decet,
2936 4830 3185 4886 adversis
3248 4838 3432 4885 autem
3487 4829 3711 4886 casibus

2117 4940 2213 4981 Sua
2240 4935 2456 4996 sponte.

2189 5017 2314 5073 Veri
2343 5019 2503 5075 amici
2545 5028 2658 5075 tum
2692 5036 2889 5076 suaves
2945 5017 3223 5072 amicitias
3268 5015 3528 5070 fruitione
3556 5029 3706 5071 com-

2117 5111 2294 5173 muni,
2333 5120 2447 5165 tum
2483 5112 2828 5169 calamitates
2863 5110 3091 5167 leviores
3127 5106 3552 5181 participatione
3604 5121 3706 5161 sua

2115 5200 2374 5257 reddunt.
3455 5207 3460 5212 '

2191 5293 2482 5365 Euripidis.
2515 5296 2630 5352 Hoc
2675 5298 2792 5352 scio
2823 5308 2876 5353 et
2903 5299 3062 5368 plane
3079 5308 3336 5369 expertus
3389 5311 3535 5365 sum,
3558 5295 3702 5368 quod

2115 5403 2309 5444 omnes
2342 5391 2502 5444 amici
2537 5391 2668 5444 liaut
2699 5391 2984 5447 divitibus.

2183 5484 2438 5537 Amicum
2480 5484 2765 5540 existimes
2789 5485 2880 5555 qui
2915 5487 3151 5556 teipsum
3177 5486 3376 5558 diligit,
3433 5500 3544 5543 non
3580 5495 3696 5548 tua.

2185 5665 2528 5722 Moschionis.
2558 5668 2746 5725 Satius
2791 5678 2873 5725 est
2934 5673 3122 5729 multis
3174 5673 3424 5743 pecuniis
3471 5672 3696 5736 amissis

2113 5774 2280 5812 unum
2317 5759 2554 5814 amicum
2588 5776 2906 5832 comparare
2930 5807 2944 5829 ,
2988 5781 3154 5836 quam
3188 5765 3365 5823 amico
3391 5780 3502 5822 uno
3521 5764 3705 5822 amis--

2110 5862 2171 5903 so
2207 5850 2406 5907 multas
2441 5849 2666 5920 adipisci
2705 5853 2988 5922 pecunias.
