4038 6414
336 490 479 560 τολὴ,
517 491 574 542 tv
609 487 784 559 τούτῳ
807 487 887 556 τῷ
925 487 1071 560 λόγῳ
1118 489 1638 558 ἀνακεφαλαιοῦται,
1692 491 1750 543 tv
1800 489 1906 560 τῷ,

345 571 676 652 Ἂγαπήσεις
705 583 798 635 τὸν
833 580 1064 652 πλησίον
1090 599 1184 636 σου
1211 582 1285 645 ὡς
1313 582 1527 635 ἑαυτόν.

417 826 480 900 'li
543 845 735 918 ἀγάπη
783 832 864 918 τῷ
905 847 1134 918 πλησίον
1196 850 1375 903 κακὸν
1424 848 1526 902 οὐκ
1605 847 1924 920 ἐργάζεται.

340 939 623 1010 Πλήρωμα
655 935 748 994 οὖν
767 942 934 1011 νόμου
967 943 1001 1011 ή
1034 942 1249 1010 ἀγάπη.

403 1031 517 1093 Πᾶς
567 1033 597 1084 6
646 1033 810 1101 νόμος
855 1035 915 1086 tv
945 1034 1027 1086 ἐνὶ.
1071 1033 1217 1104 μόνῳ
1269 1032 1652 1102 πεπλήρωται,
1695 1033 1756 1087 tv
1801 1033 1880 1104 τῷ
1908 1046 1926 1064 ⁸

359 1120 702 1192 Ἀγαπήσεις
726 1126 820 1175 τὸν
845 1125 1078 1193 πλησίον
1110 1125 1187 1186 ὡς
1222 1126 1473 1180 σεαυτόν.

421 1211 545 1266 Ἐπὶ
577 1215 713 1267 πᾶσι
744 1213 843 1284 τὴν
887 1215 1110 1285 ἀγάπην
1139 1214 1396 1280 διώκετε,
1442 1215 1569 1287 ἥτις
1620 1217 1740 1271 tati
1797 1217 1927 1272 σύν·
2027 1231 2032 1236 ‘

339 1288 535 1375 θεσμος
566 1308 664 1375 τῆς
695 1310 1062 1380 τελειότητος.

420 1399 515 1451 Ἐκ
543 1399 792 1470 καθαρᾶς
823 1403 1052 1472 καρδίας
1078 1402 1343 1472 ἀλλήλὸυς
1394 1404 1720 1474 ἀγαπήσατε
1772 1405 1930 1460 ἐκτε-

342 1488 470 1553 νῶς.
521 1491 587 1543 Ἡ
612 1491 722 1562 γὰρ
753 1493 943 1561 ἀγάπη
974 1493 1240 1547 καλύπτει
1267 1493 1474 1564 πλῆθος
1503 1493 1816 1564 ἁμαρτιῶν.

411 1667 563 1741 Αὕτη
595 1672 742 1725 ἐστὶν
771 1674 804 1742 ή
835 1674 1161 1740 ἐπαγγελὶα,
1203 1675 1270 1743 ἦν
1299 1671 1568 1743 ἠκούσατε
1599 1671 1697 1726 ἀπ’
1724 1672 1928 1743 ἀρχῆς,

344 1759 430 1814 ἵνα
458 1763 768 1834 ἀγαπῶμεν
801 1763 1092 1834 ἀλλήλους.

1154 362 1327 434 Loci
1371 360 1816 436 cothNEs.
1861 399 1929 410 —
1965 373 2162 434 PARS
2193 373 2241 439 Ι.
2285 371 2545 438 saeuo
2590 370 2804 441 XXVI.

3515 373 3624 441 858

2019 491 2197 546 nium.
2242 508 2353 547 non
2411 495 2795 564 concupisces,
2829 500 2884 550 et
2931 489 2977 550 s'l
3026 483 3172 566 quod
3227 503 3488 566 prmtcrea
3537 496 3626 550 est

2029 583 2178 636 aliud
2213 589 2554 651 mandatum,
2593 588 2645 640 in
2687 587 2786 642 hoc
2822 601 3076 642 sermone
3111 587 3434 642 summatim
3467 601 3622 641 com-

2030 675 2412 744 prehenditur,
2441 679 2534 747 qni
2565 687 2647 733 est
2675 695 2690 734 :
2725 679 2945 751 Diligito
2974 679 3286 750 proximum
3314 688 3466 734 tuum
3499 689 3622 734 tan-

2026 779 2192 836 quam
2227 771 2490 838 tt-ipsum.

2103 856 2330 913 Dilectio
2364 860 2675 929 proximum
2710 860 2856 918 malo
2890 877 2998 917 non
3031 861 3216 931 allicit;
3249 861 3484 932 expletio
3515 861 3622 932 igi-

2029 958 2118 1002 tur
2151 950 2284 1021 legis
2319 963 2403 1006 est
2421 954 2663 1010 dilectio.

2103 1041 2287 1098 Galat.
2331 1061 2383 1101 v.
2419 1044 2556 1101 Tota
2604 1042 2684 1102 le'x
2723 1049 2778 1103 in
2825 1064 2936 1104 uno
2983 1049 3100 1104 solo
3127 1050 3397 1120 completa
3428 1059 3534 1114 est,
3567 1049 3623 1103 in

2026 1134 2124 1190 illo
2155 1137 2443 1194 videlicet:
2480 1139 2800 1197 Proximum
2836 1150 3097 1213 tanquam
3131 1145 3361 1214 teipsutn
3389 1142 3622 1213 diligite.

2100 1227 2304 1285 Coloss.
2344 1247 2424 1286 ιιι.
2455 1231 2631 1302 Super
2661 1236 2846 1290 omnia
2880 1239 3062 1291 autem
3094 1237 3210 1291 lucc
3239 1237 3508 1292 charitatc
3543 1239 3626 1290 in-s

2028 1321 2144 1376 dutl
2181 1322 2324 1386 sitis,
2362 1339 2485 1393 quae
2516 1335 2599 1380 est
2634 1326 2918 1381 vinculum
2951 1327 3324 1398 perfectionis.

2109 1412 2138 1468 Ι
2170 1416 2322 1468 Petr.
2361 1430 2400 1470 ι.
2447 1415 2666 1486 Dillgite
2712 1433 2809 1473 vos
2867 1419 3104 1474 invicem
3154 1420 3523 1485 vehementer,
3555 1435 3621 1474 ex

2028 1522 2168 1577 puro
2200 1509 2383 1564 corde.
2413 1509 2667 1566 Charitas
2695 1511 2841 1567 enim
2873 1512 3007 1584 tegit
3038 1514 3448 1570 multitudinem
3491 1528 3627 1583 pec-

2029 1609 2305 1656 catorum.

2099 1691 2314 1746 IJoan.
2348 1709 2429 1749 ιιι.
2459 1693 2575 1750 Hoc
2609 1695 2740 1750 illud
2768 1703 2872 1760 est,
2904 1695 3049 1765 quod
3083 1694 3371 1750 audivistis
3397 1694 3467 1750 ab
3511 1695 3622 1750 ini-

2028 1784 2105 1838 tio
2139 1797 2496 1855 praeceptum,
2522 1798 2582 1842 ut
2614 1805 2716 1844 nos
2749 1789 2982 1844 invicem
3010 1790 3330 1862 diligamus.

431 1854 521 1909 Ἐν
551 1856 726 1926 τούτῳ
759 1855 1082 1926 ἐγνώκαμεν
1111 1857 1208 1928 τὴν
1238 1857 1484 1926 ἀγάπην,
1517 1857 1600 1910 ὃτι
1630 1858 1658 1910 6
1688 1856 1924 1928 Χριστὸς
1957 1860 1976 1914 1

2099 1874 2204 1931 Per
2237 1879 2339 1932 hoc
2370 1881 2734 1950 cognorimus
2767 1883 3122 1949 charitatem,
3155 1883 3420 1953 quoniam
3457 1882 3620 1938 Chri-

344 1951 438 2019 τῆν
470 1947 652 2018 ψυχὴν
681 1948 846 2002 αὑτοῦ
871 1949 1068 2020 ἔθηκεν
1097 1949 1240 2018 ὑπὲρ
1276 1950 1436 2020 ἡμῶν
1462 1964 1478 1981 ⁸
1499 1951 1788 2026 καιήμεῖς
1816 1949 1928 2002 τοί-

347 2055 436 2092 νυν
473 2038 760 2110 ὀφείλομεν
817 2041 959 2111 ὑπὲρ
1022 2040 1131 2094 τῶν
1173 2040 1417 2108 ἀδελφῶν
1475 2039 1648 2095 θεῖναι
1700 2041 1798 2104 τὰς
1825 2040 1929 2110 qiu-

345 2149 466 2200 χας.

438 2223 496 2277 '0
532 2224 772 2293 ἀγαπῶν
799 2224 892 2278 τὸν
915 2226 1143 2296 ἀδελφὸν
1183 2221 1348 2280 αὐτοῦ
1380 2226 1441 2278 tv
1465 2224 1542 2296 τῷ
1578 2225 1719 2296 φωτὶ
1753 2225 1930 2294 μένει,

346 2317 442 2370 καὶ
472 2319 770 2372 σκάνδαλον
805 2321 863 2372 tv
907 2319 1058 2390 αὑτῷ
1089 2321 1189 2374 οὐκ
1214 2319 1385 2374 ἔστιν.

416 2409 642 2472 Τεκνία,
677 2412 750 2480 μὴ
792 2411 1099 2480 ἀγαπῶμεν
1131 2412 1277 2483 λόγῳ
1311 2413 1446 2482 μηδὲ
1502 2410 1751 2484 γλώσσῃ,
1815 2412 1933 2466 ἀλλ’

349 2503 495 2572 ἔργῳ
521 2499 616 2554 καὶ
647 2501 899 2570 ἀληθείᾳ.
944 2503 1033 2554 Ἐν
1084 2502 1262 2572 τούτῳ
1322 2506 1671 2571 γνωσόμεθα,
1731 2503 1814 2556 ὅτι
1873 2505 1938 2556 ἐκ

349 2593 448 2663 τῆς
477 2592 737 2662 ἀληθείας
765 2593 958 2663 ἐσμέν.

431 2686 755 2756 Ἀγαπητοὶ,
786 2687 1096 2758 ἀγαπῶμεν
1126 2689 1422 2760 ἀλλήλους,
1454 2689 1538 2743 ὅτι
1586 2691 1616 2760 ἡ
1651 2689 1841 2760 ἀγάπη
1871 2691 1938 2743 ὲκ

349 2778 442 2832 τοῦ
463 2779 600 2833 Θεοῦ
628 2781 822 2832 ἐστιν·
860 2781 975 2846 ,καὶ
1009 2784 1117 2844 πᾶς
1168 2784 1196 2834 6
1245 2782 1477 2848 ἀγαπῶν
1525 2783 1588 2834 ἐκ
1647 2781 1747 2834 τοῦ
1804 2781 1939 2834 Θεοῦ

350 2874 694 2943 γεγέννηται,
733 2874 830 2928 καὶ
854 2873 1117 2943 γινώσκει
1147 2873 1240 2927 τὸν
1263 2874 1398 2928 Θὲόν
1434 2890 1448 2904 ·
1486 2875 1569 2928 ὅτι
1589 2876 1618 2929 ὁ
1647 2875 1780 2940 Θεὸς
1805 2877 1944 2943 ἀγά-

350 2981 426 3036 πη
461 2967 638 3022 ἐστίν.

434 3058 568 3112 Θεὸν
601 3061 779 3125 οὐδεὶς
833 3059 1059 3114 πώποτε
1105 3058 1385 3116 τεθέαται.
1456 3059 1584 3114 Ἐὰν
1639 3057 1946 3128 ἀγαπῶμεν

2031 1974 2150 2021 stus
2182 1968 2420 2023 animam
2452 1986 2610 2024 suam
2640 1988 2736 2041 pro
2763 1973 2923 2027 nobis
2947 1975 3131 2042 pOsuit
3158 1985 3211 2029 et
3238 1990 3336 2029 nos
3361 1971 3627 2030 debemus

2033 2074 2130 2129 pro
2168 2060 2431 2118 fratribus
2461 2064 2674 2119 animas
2710 2081 2936 2134 ponere.

2111 2243 2247 2300 Ibid.
2274 2260 2332 2299 ιι.
2369 2245 2473 2312 Qui
2501 2247 2678 2318 diligit
2719 2248 2943 2303 fratrem
2984 2259 3170 2313 suum,
3197 2248 3251 2301 in
3286 2247 3409 2302 luce
3444 2251 3631 2304 manet

2037 2347 2088 2390 ct
2130 2335 2520 2392 olTendiculum
2556 2340 2704 2395 ineo
2737 2352 2846 2394 nOn
2883 2351 2989 2394 est.

2109 2428 2253 2484 Ibid.
2288 2446 2371 2486 ut.
2409 2424 2590 2487 Filioli
2645 2435 2774 2499 mei,
2819 2451 2888 2489 ne
2921 2435 3218 2505 diligamus
3254 2436 3422 2490 verbo
3449 2451 3628 2506 neque

2041 2521 2246 2592 lingua,
2284 2523 2377 2578 sed
2414 2540 2576 2593 Opere
2608 2534 2658 2580 et
2685 2529 2933 2583 veritate.
2968 2527 3074 2583 Per
3111 2529 3214 2584 hoc
3238 2530 3628 2598 cognoscimus

2040 2614 2186 2682 quod
2219 2610 2284 2668 ex
2324 2615 2556 2672 veritate
2588 2629 2803 2676 smnus.

2115 2705 2252 2759 Ibid.
2282 2721 2355 2764 tv.
2389 2708 2737 2773 Charissimi,
2767 2709 3059 2779 diligamus
3084 2728 3188 2769 nos
3213 2716 3466 2786 invicem,
3501 2719 3631 2790 quia

2043 2796 2286 2852 Charitas
2317 2815 2382 2853 ex
2430 2801 2536 2854 Ι)ρο
2569 2811 2674 2855 est.
2727 2803 2795 2856 Et
2829 2804 3014 2858 omnis
3051 2807 3144 2875 qui
3194 2808 3393 2878 diligit,
3418 2827 3484 2866 ex
3522 2812 3633 2868 Deo

2046 2899 2208 2943 natus
2230 2900 2334 2956 est,
2369 2900 2425 2946 et
2448 2893 2733 2962 cognoscit
2763 2893 2972 2964 Deum;
2997 2899 3264 2967 quoniam
3308 2899 3455 2958 Deus
3483 2902 3634 2959 cha-

2047 2979 2180 3032 ritas
2212 2989 2316 3034 est.

2125 3069 2267 3126 Ibid.
2313 3071 2484 3129 Deum
2538 3090 2701 3131 nemo
2748 3076 2882 3132 vidit
2937 3088 3206 3150 unquam.
3243 3080 3300 3135 Si
3339 3082 3634 3155 diligamus

351 3153 634 3226 ἀλλήλους,
659 3157 688 3209 6
715 3155 844 3219 Θεὸς
867 3157 926 3208 tv
957 3156 1093 3224 ἡμῖν
1131 3155 1310 3224 μένει,
1339 3155 1435 3208 καὶ
1469 3157 1502 3227 ἠ
1526 3154 1723 3225 ἀγάπη
1771 3150 1938 3206 αὐτοῦ
1971 3233 1976 3247 Ι

2065 3174 2151 3213 tos
2184 3162 2441 3230 invicem,
2478 3165 2620 3221 Deus
2651 3166 2702 3219 in
2731 3168 2893 3223 nobis
2921 3179 3129 3238 manet,
3156 3178 3211 3224 et
3231 3173 3478 3230 charitas
3506 3176 3630 3247 ejus

351 3248 410 3300 tv
443 3249 576 3315 ἡμῖν
600 3247 1002 3317 τετελειωμένη
1031 3247 1208 3302 ἐστιν.

437 3341 564 3394 Ἐάν
593 3357 678 3402 τις
704 3341 858 3411 εἴπῃ.
885 3341 966 3393 ὅτι
997 3341 1226 3408 Ἀγαπῶ
1253 3340 1344 3393 τὸν
1375 3337 1532 3402 Θεὸν,
1557 3338 1650 3392 καὶ
1674 3340 1765 3392 τὸν
1788 3338 1944 3392 ἀδελ-

354 3433 454 3503 φὸν
488 3435 655 3487 αὑτοῦ
692 3437 862 3504 μισεῖ,
898 3433 1145 3502 ψεύστης
1170 3434 1337 3487 ἐστίν.
1375 3435 1436 3487 '0
1468 3433 1580 3502 γὰρ
1603 3434 1681 3504 μὴ
1707 3434 1943 3500 ἀγαπῶν

353 3528 444 3581 τὸν
479 3528 712 3596 ἀδελφὸν
735 3526 923 3591 αὑτοῦ,
953 3526 1012 3580 ὂν
1046 3527 1281 3597 ἑώρακε,
1315 3528 1406 3580 τὸν
1432 3527 1566 3580 Θεὸν
1589 3527 1648 3580 ὃν
1693 3527 1793 3597 οὐχ
1843 3524 1945 3579 td)-

353 3633 514 3690 ρακε,
552 3620 670 3681 πῶς
694 3619 920 3671 δύναται
960 3621 1221 3690 ἀγαπᾷν;

436 3711 604 3766 Οὐδέν
633 3714 783 3765 ἐστιν
813 3711 1037 3783 ἄμεινον
1063 3715 1310 3783 εἰρήνης,
1335 3708 1450 3787 ὲνῇ
1497 3712 1606 3776 πᾶς
1642 3713 1670 3764 6
1703 3709 1947 3781 πόλεμος

352 3803 720 3860 καταλύεται.

427 3899 597 3952 Ὅσον
624 3901 744 3952 ἐστὶ
779 3898 843 3953 τὸ
873 3899 976 3968 τῆς
1007 3900 1238 3970 εἰρήνης
1272 3900 1460 3962 καλὸν,
1510 3894 1565 3951 τί
1609 3898 1713 3970 χρὴ
1763 3899 1946 3968 λέγειν

356 3991 495 4060 πρὸς
544 3991 744 4062 ἄνδρας
779 3991 932 4054 υἱοὺς
984 3993 1087 4062 τῆς
1135 3995 1397 4064 εἰρήνης;
1426 3991 1582 4045 οὐδὲν
1635 3991 1745 4064 γὰρ
1772 3991 1947 4057 οὕτως

358 4087 494 4142 ἴδιον
570 4086 932 4159 Χριστιανοῦ,
995 4087 1071 4149 ὡς
1107 4089 1168 4140 τὸ
1226 4089 1612 4159 εἰρηνοποεεϊν.
1669 4088 1816 4141 Διότι
1851 4086 1947 4140 καὶ

355 4181 448 4235 τὸν
473 4179 561 4234 ἐπ’
595 4177 746 4250 αὑτῷ
776 4180 970 4250 μισθὸν
1005 4181 1264 4251 μέγιστον
1299 4183 1434 4251 ἡμῖν
1461 4181 1491 4234 δ
1532 4181 1738 4250 Κύριος
1771 4185 1948 4251 ἐπηγ-

356 4288 420 4340 γε
431 4273 600 4325 lla-:0.

433 4366 741 4436 κυρώσατε
766 4363 866 4435 τὴν
895 4363 1143 4436 ἀγάπην,
1176 4357 1245 4432 ἦς
1282 4363 1413 4418 ἄνευ
1449 4364 1615 4434 ἀτελῆ
1665 4360 1808 4418 εἶναι
1839 4365 1947 4419 πάι-

357 4476 463 4528 σης
493 4458 716 4528 ἐντολῆς
757 4458 1030 4528 ἐργασίαν
1093 4458 1256 4519 αὐτὸς
1282 4458 1312 4510 6
1343 4457 1546 4528 Κύριος
1574 4447 1708 4528 ἡμῖν
1765 4458 1952 4529 διωρίο

360 4567 515 4605 σατο.

435 4644 510 4697 Οὐ
546 4643 767 4697 πάντων
793 4643 928 4707 Θεὸς
960 4641 990 4696 6
1011 4641 1170 4709 Θεὸς,
1200 4641 1338 4696 ἀλλά
1367 4641 1479 4695 τῶν
1544 4641 1948 4696 οἰκειωθέντων

357 4735 510 4804 αὑτῷ
541 4735 632 4788 διὰ
649 4736 751 4804 τῆς
779 4735 1026 4806 ἀγάπης.

437 4824 548 4889 Τῆς
580 4823 804 4893 ἀγάπης
831 4823 1088 4893 ἐξαίρετα
1122 4823 1216 4877 δύο
1253 4839 1268 4854 ·
1301 4821 1362 4876 τὸ
1391 4823 1679 4877 λυπεῖσθαι
1725 4823 1828 4893 μὲν
1854 4825 1950 4877 καὶ

360 4917 625 4986 ἀγωνιᾷν,
652 4917 737 4984 ἐφ’
773 4911 854 4978 οἷς
891 4915 1196 4986 βλάπτεται
1228 4919 1254 4970 6
1279 4914 1648 4986 ἀγαπώμενος
1683 4933 1699 4950 ο
1732 4917 1948 4987 χαίρειν

287 5017 321 5053 -ι
360 5009 418 5064 δὲ
460 5009 560 5064 καὶ
593 5009 964 5078 ἀγωνίζεσθαι
1007 5010 1149 5079 ὑπὲρ
1179 5010 1278 5079 τῆς
1309 5007 1581 5079 ὡφελείας
1613 5008 1803 5062 αὑτοῦ.

441 5103 510 5156 Τί
541 5103 603 5155 τὸ
638 5102 845 5174 μέτρον
874 5102 975 5172 τῆς
1025 5103 1166 5172 πρὸς
1196 5103 1333 5156 Θεὸν
1363 5103 1619 5174 ἀγάπηςζ
1678 5101 1754 5156 Τὸ
1808 5101 1950 5172 ὑπὲρ

361 5194 593 5266 δύναμιν
622 5196 710 5249 ἀεὶ
738 5196 834 5268 τὴν
866 5194 1046 5267 ψυχὴν
1088 5197 1509 5252 ὲπεκτείνεσθαι
1559 5195 1698 5267 πρὸς
1751 5196 1811 5248 τὸ
1852 5193 1948 5247 τοῦ

363 5289 498 5342 Θεοῦ
535 5289 768 5360 θέλημα,
801 5291 896 5344 καὶ
923 5290 1067 5343 κατά
1108 5290 1314 5344 σκοπὸν
1345 5290 1441 5344 καὶ
1493 5287 1796 5359 ἐπιθυμίαν
1846 5287 1948 5358 τῆς

365 5381 534 5436 αὐτοῦ
567 5381 752 5454 δόξης.

436 5467 604 5528 ὒὺδὶν
631 5473 806 5539 οὕτως
838 5473 1060 5546 ἰσχυρὸν
1081 5471 1221 5545 πρὸς
1253 5471 1500 5544 ἀγάπην,
1533 5471 1613 5537 ὡς
1680 5469 1950 5528 ἀντιδιδο-

369 5569 506 5640 μινη
535 5569 798 5633 διάθεσις.

435 5660 826 5732 Φιλάνορωπον
859 5660 893 5732 ἡ
923 5659 1137 5731 ἀγάπη,
1172 5657 1380 5731 μᾶλλον
1419 5656 1477 5711 δὲ
1505 5653 1946 5726 αὑτοφιλανθρω-

369 5750 495 5806 aria.

440 5841 554 5913 Οὐχ
586 5843 1117 5919 ἰκανὸνὴδιάθεσις,
1157 5847 1204 5900 εἰ
1237 5843 1312 5917 μὴ
1356 5843 1450 5897 καὶ
1508 5839 1598 5895 διὰ
1651 5837 1760 5894 τῶν
1811 5846 1954 5909 apat-

1977 4571 2024 4627 Ι)

2047 3263 2132 3308 est
2160 3254 2398 3323 perfecta
2435 3258 2490 3310 in
2526 3259 2711 3314 nobis.

2119 3349 2176 3400 Si
2218 3350 2340 3416 quis
2370 3350 2515 3404 dicat
2549 3368 2606 3407 se
2645 3353 2811 3407 Deum
2841 3353 3092 3424 diligere,
3117 3364 3166 3410 et
3203 3356 3427 3412 fratrem
3466 3372 3626 3413 suum

2045 3439 2242 3501 oderit,
2279 3442 2514 3496 mendax
2563 3453 2665 3499 est.
2713 3445 2814 3510 Qui
2866 3447 3009 3500 enim
3045 3447 3272 3503 fratrem
3321 3464 3482 3504 suum
3516 3460 3629 3506 nol

2047 3533 2224 3601 diligit
2254 3550 2415 3601 quem
2455 3537 2624 3605 videt,
2654 3555 2763 3607 quo
2811 3542 3030 3597 tandem
3071 3541 3238 3598 modo
3275 3529 3632 3616 diligere'po-

2053 3634 2156 3678 test
2187 3625 2354 3680 Deum
2386 3642 2548 3696 quem
2581 3645 2688 3684 non
2723 3631 2916 3686 videt?

2121 3715 2179 3770 S.
2199 3715 2378 3787 Ignat.
2411 3715 2558 3773 Nihil
2586 3729 2669 3775 est
2693 3734 2825 3790 pace
2858 3721 3077 3790 melius,
3108 3738 3214 3794 qua
3239 3739 3404 3780 omne
3428 3723 3632 3779 bellum

2049 3809 2350 3866 dirimitur.

2119 3899 2341 3961 Basilii.
2380 3905 2554 3972 Quam
2585 3907 2654 3962 sit
2685 3923 2771 3962 res
2797 3907 3029 3964 honesta
3076 3917 3202 3980 pax.
3239 3911 3370 3982 quid
3405 3917 3635 3969 necesse

2035 3995 2134 4052 est
2164 4013 2600 4056 commemorare
2637 4008 2778 4072 apud
2817 4003 2960 4062 filios
2996 4005 3198 4075 pacis?
3238 4007 3371 4062 nihil
3409 4018 3494 4062 est
3520 4017 3631 4064 tam

2051 4091 2335 4158 proprium
2384 4093 2710 4162 Christiani,
2759 4114 2926 4168 quam
2987 4114 3177 4168 pacem
3235 4100 3538 4156 conciliare
3579 4098 3636 4156 et

2049 4183 2342 4250 paciﬁcum
2394 4199 2555 4252 esse;
2594 4185 2778 4258 itaque
2813 4188 3080 4245 Dominus
3119 4192 3429 4247 mercedem
3463 4193 3637 4248 maxi‘

2051 4288 2198 4327 mam
2241 4274 2399 4330 nobis
2437 4285 2660 4346 propter
2693 4279 2840 4333 illam
2879 4283 3150 4350 promisit.

2123 4363 2316 4419 Ratam
2375 4365 2538 4422 facite
2587 4367 2935 4435 charitatem,
2983 4377 3092 4441 qua
3147 4385 3356 4430 remota
3419 4375 3635 4430 nullum

2050 4458 2370 4513 mandatum
2418 4460 2605 4530 perllci
2645 4477 2807 4531 posse
2853 4457 3127 4522 Dominus
3179 4466 3281 4538 ipsi
3320 4467 3634 4525 afﬁrmavit.

2131 4637 2242 4710 59
2279 4637 2423 4692 Deus
2473 4653 2579 4692 non
2611 4640 2854 4693 Omnium
2903 4638 3047 4693 Deus
3082 4645 3208 4705 est,
3266 4637 3361 4693 sed
3415 4637 3633 4692 illorum

2061 4744 2201 4800 quos
2225 4729 2275 4784 ei
2310 4729 2552 4784 charitas
2581 4729 2978 4785 conciliaverit.

2120 4819 2427 4876 Charitatis
2457 4820 2566 4874 duo
2602 4828 2733 4874 sunt
2769 4819 3064 4885 peculiaria
3094 4837 3109 4876 :
3145 4820 3401 4886 alterum,
3427 4821 3635 4878 tristarl

2050 4924 2106 4970 et
2167 4914 2292 4983 angi
2352 4911 2643 4984 dispendio
2691 4912 2812 4982 ejus
2878 4915 2972 4982 qui
3025 4912 3323 4982 diligitur:
3365 4912 3634 4976 alterum,

2053 5005 2295 5077 gaudere
2329 5017 2590 5058 successu
2623 5002 2746 5071 ejus
2782 5009 2837 5056 et
2878 5017 2973 5071 pro
3007 5016 3073 5056 eo
3110 5013 3349 5056 certare.

2123 5101 2260 5167 Quis
2293 5101 2487 5156 modus
2517 5104 2602 5156 est
2631 5097 2943 5155 dilectionis
2986 5107 3113 5170 erga
3148 5097 3363 5152 Deum?
3394 5095 3496 5152 llic
3525 5096 3634 5165 est,

2057 5201 2117 5246 nt
2163 5192 2347 5246 anima
2395 5205 2614 5259 semper
2651 5190 2860 5243 nitatur
2886 5189 3052 5243 etiam
3103 5202 3270 5256 supra
3321 5187 3469 5242 vires
3505 5191 3638 5242 suas

2056 5285 2122 5340 ad
2155 5285 2490 5338 voluntatem
2522 5281 2643 5347 Dei,
2675 5290 2730 5337 et
2755 5282 2914 5352 juxta
2946 5290 3175 5351 scopum
3214 5291 3279 5335 ac
3301 5277 3638 5336 desiderium

2055 5378 2244 5448 gloria
2277 5376 2454 5445 ipsius
2487 5383 2635 5444 agat.
2999 5449 3007 5457 .

2131 5468 2399 5538 Theologi.
2432 5465 2579 5521 Nihil
2603 5473 2713 5519 tam
2749 5465 2964 5520 firmum
2996 5462 3064 5518 ad
3087 5462 3439 5527 charitatem,
3473 5469 3640 5534 quam

2056 5568 2249 5615 mutua
2291 5559 2530 5614 alfectio.

2129 5651 2380 5706 Humana
2411 5660 2496 5707 est
2521 5651 2788 5715 charitas,
2825 5647 2908 5704 vel
2943 5646 3130 5719 potius
3161 5646 3279 5718 ipsa
3323 5644 3644 5701 humanitat

2061 5745 2174 5800 sive
2205 5743 2534 5813 benignitas.

2133 5833 2252 5890 Non
2292 5835 2426 5890 satis
2457 5843 2538 5892 est
2569 5834 2760 5890 animl‘
2790 5829 3038 5900 allectio,
3075 5829 3185 5888 nisi
3216 5837 3272 5887 et
3303 5843 3362 5887 rc
3393 5829 3510 5896 ipsa
3545 5826 3644 5886 tle-
