4038 6444
341 392 452 458 ινδ

1125 396 1293 458 LOCI
1321 395 1760 458 COMMUNES.
1797 419 1864 436 -ο
1901 398 2098 460 PARS
2122 398 2167 462 Ι.
2199 399 2454 460 SERMO
2493 401 2718 466 XXVII

3488 403 3595 466 866

349 508 410 560 ὲν
442 506 524 575 τῷ
587 506 770 564 σκότει
819 509 880 563 τὸ
940 511 1056 578 φῶς
1089 527 1204 571 σου,
1232 509 1328 562 καὶ
1370 508 1432 559 τὸ
1467 508 1658 571 σκότος
1710 527 1803 561 σου
1851 510 1924 573 ὡς

2029 513 2084 567 in
2123 515 2364 570 tenebris
2395 515 2485 570 lux
2517 527 2633 581 tua,
2673 526 2728 571 et
2768 515 2859 571 fiet
2895 516 3073 586 caligo
3107 525 3200 572 tua
3249 517 3393 573 sicut
3426 525 3595 571 mert-

347 599 690 669 μεσημϐρία,
725 602 822 655 καὶ
864 601 1019 656 ἔσται
1049 604 1077 656 ὀ
1108 601 1240 662 Θεὸς
1278 599 1417 668 μετὰ
1447 598 1544 653 σοῦ
1584 599 1673 653 διὰ
1699 601 1875 654 πάντα
1896 618 1910 633 ο

343 692 440 746 καὶ
471 691 830 764 ἐμπλησθήσῃ
872 693 1016 748 καθὰ
1051 693 1384 762 ἐπιθυμήσει
1417 693 1452 760 ή
1491 690 1636 759 ψυχή
1673 708 1788 753 σου,
1820 691 1916 746 καὶ

340 781 412 836 τὰ
444 782 576 835 ὀστᾶ
597 799 689 835 σου
723 783 1108 854 πιανθήσεται,
1132 783 1226 836 καὶ
1255 782 1353 852 ἔσῃ
1373 781 1446 842 ὡς
1473 782 1645 850 κῆπος
1677 782 1913 852 μεθύων,

345 873 441 931 καὶ
472 873 545 934 ὼς
581 874 732 944 πηγὴ
764 875 976 940 ὓδατος,
1083 875 1158 944 μὴ
1186 873 1430 937 ἐξέλιπεν
1465 872 1630 939 ὕδωρ.

415 964 526 1028 Τὰς
556 966 833 1035 ἁμαρτίας
867 983 962 1019 σου
993 971 1050 1020 ἐν
1075 965 1470 1034 ὲλεημοσύναις
1501 964 1798 1035 λύτρωσαι,
1822 967 1917 1020 καὶ

344 1056 440 1117 τὰς
467 1058 696 1126 ἀνομίας
735 1076 829 1112 σου
861 1061 917 1112 ὲν
949 1061 1254 1128 οἰκτιρμοῖς
1292 1059 1562 1126 πενήτων.

419 1146 498 1198 [1-3
506 1166 537 1216 ρ
572 1148 962 1220 φλογιζὸμενον
987 1150 1318 1204 κατασϐέσει
1351 1149 1516 1218 ὕδωρ,
1549 1151 1643 1204 καὶ
1683 1150 1917 1221 ἐλεημο-

348 1238 483 1308 σύνη
517 1237 862 1304 ὲξιλάσκεται
893 1244 1192 1314 ἁμαρτίας.

418 1331 613 1384 κλῖνον
645 1335 850 1403 πτωχῷ
880 1334 1100 1398 ἀλύπως
1124 1335 1185 1388 τὸ
1217 1331 1311 1399 οὖς
1342 1351 1464 1400 σου,
1491 1336 1586 1389 καὶ
1615 1335 1919 1405 ἀποκρίθη-

342 1437 394 1472 τι
418 1421 564 1490 αὐτῴ
595 1424 654 1474 ὲν
687 1423 958 1494 πραΰτητι
989 1426 1261 1495 εἰρηνικά.

413 1510 511 1572 Δὸς
535 1513 612 1581 τῷ
635 1513 869 1579 εὐσεϐεῖ,
900 1517 994 1569 καὶ
1026 1517 1099 1583 μὴ
1121 1515 1408 1570 ἀντιλαϐοὖ
1436 1517 1530 1569 τοῦ
1561 1515 1914 1587 ἀμαρτωλοῦο

344 1599 418 1658 Εὖ
451 1605 676 1670 ποίησον
701 1607 975 1672 ταπεινὸν,
1006 1608 1102 1660 καὶ
1125 1608 1202 1678 μὴ
1225 1609 1330 1678 δῷς
1357 1608 1565 1661 ἀσεϐεῖ.

412 1693 742 1762 Σύγκλεισον
793 1697 1162 1769 ἐλεημοσύνην
1223 1701 1282 1753 ὲν
1333 1703 1447 1763 τοῖς
1503 1703 1750 1771 ταμείοις
1796 1719 1916 1766 σου,

2017 601 2158 664 dies,
2191 611 2245 656 ct
2296 603 2438 657 Deus
2484 615 2745 674 perpetuo
2819 615 2994 662 tecnm
3035 609 3143 662 erit
3191 625 3206 663 :
3255 610 3602 675 saturaberis.

2017 707 2082 746 ex
2113 694 2281 748 animi
2333 699 2629 761 sententia,
2657 707 2712 752 et
2760 713 2886 754 ossa
2935 707 3026 754 tua
3056 700 3482 769 saginahuntur,
3523 715 3590 755 ac

2017 786 2210 840 similis
2237 787 2433 842 evades
2459 788 2618 843 horto
2652 791 2875 860 irriguo,
2909 802 2964 846 et
3004 793 3142 846 fonti
3169 793 3258 848 cui
3298 809 3402 848 non
3438 795 3594 850 deest

2018 893 2182 947 aqua.

2093 970 2231 1026 Dan.
2285 989 2358 1028 tv.
2408 974 2642 1042 Peccata
2680 987 2772 1032 tua
2827 979 3033 1034 redime
3091 979 3478 1050 cleemosynis,
3537 989 3591 1034 et

2019 1061 2334 1132 iniquitates
2362 1075 2484 1122 tuas
2511 1069 2996 1125 contuliseratione
3049 1086 3372 1139 pauperum.

2097 1156 2264 1210 litati.
2301 1173 2383 1212 ιιι.
2436 1158 2590 1228 Aqua
2631 1161 2923 1229 restinguit
2959 1161 3352 1216 inﬂammatum
3385 1163 3592 1233 ignem,

2021 1254 2076 1300 et
2112 1248 2456 1318 eleemosyna
2498 1250 2676 1317 expiat
2714 1262 2954 1319 peccata.

2090 1338 2295 1392 Facilis
2331 1349 2452 1394 esto
2497 1342 2562 1395 ad
2597 1343 2931 1398 audiendum
2996 1357 3315 1413 pauperem,
3355 1354 3410 1399 et
3465 1361 3592 1401 cum

2021 1434 2451 1488 mansuetudine
2486 1434 2702 1504 placida
2739 1435 2902 1490 verba
2937 1437 2990 1488 ei
3023 1437 3311 1504 responde.

2093 1521 2232 1578 Ibid.
2270 1540 2365 1580 xu.
2397 1524 2621 1595 Largire
2650 1527 2760 1596 pio,
2793 1537 2846 1580 et
2883 1529 3152 1596 peccaturi
3183 1544 3249 1582 ne
3282 1543 3592 1583 succurras.

2021 1615 2340 1672 Benefacias
2363 1617 2592 1684 afﬂicto.
2629 1619 2726 1674 sed
2756 1619 2894 1674 nihil
2922 1635 3112 1690 eroges
3152 1621 3206 1674 in
3240 1621 3490 1689 impium.

2090 1706 2231 1760 Ibid.
2263 1723 2418 1761 XXIX.
2459 1708 2680 1762 include
2727 1708 3130 1779 eleemosynam
3176 1708 3335 1763 cellis
3383 1709 3593 1766 ιιιίς.ι-ι

342 1787 437 1842 καὶ
490 1785 630 1857 αὔτη
667 1805 727 1841 σε
776 1788 1041 1853 ἐξελεῖται
1101 1792 1165 1843 ἐκ
1230 1791 1412 1862 πάσης
1472 1793 1767 1856 κολάσεως,
1823 1794 1919 1846 καὶ

2024 1796 2138 1864 ipsa
2195 1807 2244 1851 te
2289 1798 2546 1852 abomni
2603 1797 2901 1860 aﬂiictione
2956 1798 3256 1853 liberabit:
3292 1804 3349 1852 et
3404 1805 3597 1855 contra

342 1876 484 1945 ὑπὲρ
518 1877 645 1949 δόρυ
679 1880 853 1949 ἀλκῆς
883 1883 1172 1936 κατέναντι
1206 1859 1403 1953 ἐχθρονῦ
1439 1883 1736 1955 πολεμήσει
1772 1885 1913 1954 ὑπὲρ

2021 1859 2233 1944 hostem
2268 1889 2442 1944 tutius
2471 1898 2522 1944 te
2553 1859 2808 1945 defendet
2831 1905 2995 1960 quam
3027 1891 3207 1945 valida
3232 1890 3412 1946 hasta.

341 1983 460 2026 σου.

425 2061 688 2118 Ὀ-ποιῶν
713 2065 860 2122 ἔλεον
884 2069 941 2120 έν
962 2064 1138 2137 καιρῷ
1164 2065 1414 2138 θλίψεως,
1436 2068 1511 2128 ὡς
1537 2068 1736 2138 νεφέλη
1761 2069 1916 2123 ὑετοῦ

341 2153 401 2204 έν
431 2156 606 2226 καιρῷ
636 2157 918 2229 ἀϐροχίας.

415 2247 681 2317 Κρεῖσσον
707 2253 879 2303 ποιεῖν
915 2250 1306 2322 ἐλεημοσύνην,
1333 2252 1364 2322 ἢ
1398 2252 1754 2324 θησαυρίζειν
1787 2271 1917 2324 xpu-

341 2337 480 2392 σίον.
526 2341 901 2412 Ἐλεημοσύνη
942 2343 1052 2414 γὰρ
1084 2345 1151 2398 ὲκ
1185 2343 1422 2398 θανάτου
1453 2345 1668 2415 ῥύεται,
1697 2347 1787 2399 καὶ
1819 2359 1921 2399 κα-

340 2430 554 2500 θαρίζει
582 2434 690 2490 ἀπὸ
720 2437 1020 2506 ἁμαρτίας.

409 2525 474 2577 Οί
509 2526 786 2590 ποιοῦντες
818 2527 1187 2599 ἐλεημοσύνην
1225 2527 1711 2599 ἐμπλησθήσονται
1740 2529 1910 2600 ζωῆς.

413 2617 508 2688 Μὴ
555 2619 902 2693 ἀποστρέψεις
943 2623 1005 2673 τὸ
1058 2620 1348 2691 πρόσωπόν
1395 2635 1488 2671 σου
1546 2620 1655 2673 ἀπὸ
1712 2622 1915 2686 παντὸς

345 2708 588 2780 πτωχοῦ,
623 2713 716 2765 καὶ
737 2712 836 2767 οὐκ
868 2711 1199 2784 ἀποστρέψει
1218 2710 1277 2765 τὸ
1294 2710 1584 2781 πρόσωπον
1615 2713 1780 2766 αὐτοῦ
1805 2713 1915 2766 ἀπὸ

344 2801 438 2858 σοῦ
472 2805 500 2856 ό
524 2803 680 2867 Θεός.

413 2895 677 2966 Κρεῖττον
723 2898 935 2968 μυρίων
983 2901 1192 2957 παίδων
1233 2906 1447 2976 πατέρα
1499 2897 1915 2975 προσαγορεύεο

345 2985 492 3056 σθαι,
516 2988 547 3059 ἢ
582 2992 807 3060 μυρίους
835 2994 1105 3064 στατῆρας
1129 2995 1274 3066 ἔχειν
1301 3000 1360 3050 ὲν
1389 2997 1676 3066 βαλαντίῳι
1703 2994 1783 3049 Τὰ
1813 2994 1914 3064 μὲν

340 3080 452 3153 γὰρ
493 3082 755 3154 χρήματα
781 3086 1149 3157 ,καταλείψεις
1195 3089 1434 3142 ἐνταῦθα
1477 3090 1569 3144 καὶ
1615 3088 1690 3159 μὴ
1725 3087 1912 3160 βουλό-

344 3189 541 3242 μενος·
577 3176 675 3244 τὴν
720 3176 778 3230 δὲ
825 3180 918 3232 επὶ
948 3183 1060 3242 τοῖς
1102 3181 1326 3248 ἀγαθοῖς
1373 3181 1554 3250 ἔργοις
1599 3177 1912 3250 φιλοτιμίαν
1939 3213 1990 3272 G

340 3266 699 3336 ἀποκομίσεις
727 3270 860 3340 πρὸς
887 3272 978 3325 τὸν
995 3274 1468 3342 Δεσπότην.”οταν
1486 3273 1655 3342 δῆμος
1674 3274 1796 3334 ὅλος
1821 3271 1913 3323 ἐπὶ
1949 3266 1964 3280 τ

340 3357 435 3410 τοῦ
469 3359 650 3412 κοινοῦ
672 3361 862 3430 κριτοῦ
885 3364 1246 3434 περιστάντες,
1267 3380 1326 3417 σε
1348 3365 1554 3434 τροφέα
1577 3365 1667 3417 καὶ
1691 3363 1912 3434 εὐεργέ-

345 3465 466 3517 την,
498 3451 594 3502 καὶ
639 3453 815 3504 πάντα
855 3456 926 3508 τὰ
956 3454 1055 3524 τῆς
1099 3454 1514 3526 φιλανθρωπίας
1560 3453 1912 3507 ἁποκαλῶσιν

341 3539 606 3608 ὀνόματα,
637 3544 766 3607 Θεὸς
797 3544 948 3598 ἔσται
980 3547 1008 3599 ὁ
1040 3546 1459 3618 ἀποδεχόμενος,
1487 3547 1709 3616 ἄγγελοι
1745 3547 1913 3615 εὐφη-

347 3631 596 3700 μοῦντες,
648 3637 696 3689 οἱ
740 3638 852 3691 ἀπὸ
889 3639 1119 3702 κτίσεως
1159 3639 1438 3709 ἄνθρωποι
1476 3639 1910 3710 μακαρίζοντες·

340 3718 472 3782 δόξα
514 3721 752 3791 αἰώνιος,
792 3730 1047 3795 στέφανοι
1089 3728 1461 3800 δικαιοσύνης,
1520 3729 1767 3800 βασιλεία
1803 3729 1916 3783 τῶν

341 3811 608 3881 οὐρανῶν,
639 3812 780 3870 ἆθλά
811 3835 892 3871 σοι
921 3819 1095 3876 ἔσται.

417 3903 854 3976 Σκορπιζόμενος
880 3911 908 3963 ὁ
936 3909 1165 3974 πλοῦτος
1200 3911 1322 3965 καθ’
1352 3911 1411 3966 ὃν
1433 3913 1460 3964 ὁ
1490 3910 1693 3982 Κύριος
1725 3911 1913 3966 ὐποτίο

344 3994 496 4051 θεται
545 4003 784 4069 τρόπον,
844 4002 1057 4071 πέφυκε
1119 4006 1502 4076 παραμένειν·
1553 4007 1913 4077 συνεχόμενος

339 4088 420 4156 δὲ,
470 4092 902 4163 ἀλλοτριοῦσθαι.
932 4095 1066 4150 Ἐὰν
1119 4098 1395 4169 φυλάσσῃ,
1447 4099 1548 4151 οὐκ
1592 4098 1772 4167 ἕχειςο
1817 4098 1914 4151 ἐὰν

339 4184 397 4237 δὲ
440 4187 766 4258 σκορπίσῃς,
822 4187 926 4242 οὐκ
963 4190 1272 4252 ἀπολέσεις.
1311 4189 1695 4262 Ἐσκόρπισεν,
1741 4191 1912 4245 ἔδωκε

336 4277 450 4340 τοῖς
477 4278 722 4347 πένησιν.

412 4369 594 4424 Καλὸν
649 4369 979 4442 ὲντάφιονή
1029 4370 1307 4426 εὐσέϐεια.
1357 4372 1573 4435 Πάντας
1616 4371 1909 4442 περιϐαλό·

340 4477 502 4536 μενος
532 4461 736 4516 ἄπελθε
757 4478 773 4494 ο
806 4464 1006 4516 οίκεῖον
1031 4465 1234 4531 κόσμον
1253 4463 1345 4516 τὸν
1372 4462 1600 4516 πλοῦτόν
1631 4479 1726 4516 σου
1750 4465 1912 4536 ποίη-

2089 2068 2232 2124 lbid.
2265 2086 2430 2126 xxxv.
2487 2070 2795 2127 Misericors
2828 2069 3135 2126 amictionis
3165 2079 3408 2140 tempore
3437 2071 3591 2126 simi-

2019 2159 2088 2214 lis
2126 2168 2214 2213 cst
2247 2159 2506 2229 pluviosu:
2536 2161 2665 2216 nubi
2695 2160 2754 2215 in
2791 2176 2988 2229 magna
3035 2161 3302 2216 siccitate.

2090 2251 2262 2306 Tobia:
2293 2268 2388 2307 xu.
2425 2251 2614 2308 Satius
2664 2263 2753 2309 est
2817 2253 3255 2308 misericordiam
3309 2269 3587 2315 exercere,

2018 2359 2178 2414 quam
2212 2358 2405 2398 aurum
2437 2358 2734 2413 congerere
2763 2344 3068 2414 ;siquidem
3101 2360 3132 2398 a
3167 2353 3344 2399 morte
3395 2344 3591 2405 liberat

2021 2435 2422 2503 misericordia,
2453 2445 2508 2490 et
2534 2447 2801 2507 expurgat
2829 2453 2860 2490 ιι
2897 2440 3125 2494 scelere.

2085 2526 2190 2592 Qui
2229 2527 2660 2592 misericordiam
2695 2537 2976 2599 praestant,
3015 2531 3364 2585 satiabuntur
3392 2531 3524 2584 vita.

2089 2617 2188 2674 Ne-
2222 2630 2440 2676 avertas
2493 2619 2690 2675 faciem
2749 2631 2896 2676 tuam
2947 2621 3018 2678 ab
3057 2622 3168 2682 ullo
3223 2636 3482 2690 paupere,
3533 2629 3591 2676 et

2020 2711 2162 2769 Deus
2193 2729 2412 2786 quoque
2437 2714 2630 2771 faciem
2664 2731 2819 2771 suam
2845 2731 2876 2772 a
2909 2726 2960 2772 te
2989 2732 3095 2771 non
3126 2725 3358 2771 avertet.

2093 2893 2302 2949 Basilii.
2324 2893 2514 2950 Melius
2525 2903 2612 2948 est
2629 2893 2928 2949 innumera
2949 2894 3120 2964 prolis
3142 2903 3350 2962 patrem
3382 2897 3585 2960 vocari,

2017 2999 2181 3057 quam
2203 2995 2428 3042 stateres
2455 2986 2769 3040 innumeros
2794 2986 2993 3040 habere
3013 2986 3064 3039 in
3089 2986 3299 3040 loculis.
3322 2985 3589 3042 Pecunias

2026 3078 2172 3132 enim
2201 3078 2290 3132 hie
2322 3077 2406 3132 vel
2431 3078 2634 3132 invitus
2663 3078 2977 3146 relinques;
3005 3078 3232 3148 gloriam
3265 3093 3396 3134 vero
3419 3080 3590 3134 bono-

2019 3185 2139 3224 rum
2193 3184 2418 3239 operum
2478 3167 2690 3224 deferes
2723 3168 2792 3222 ad
2823 3168 3141 3238 Dominum;
3179 3179 3234 3224 et
3279 3185 3404 3226 cum
3443 3183 3590 3226 totus

2021 3263 2255 3333 populus
2282 3263 2424 3329 apud
2457 3276 2801 3317 communem
2832 3261 3072 3331 iudicem
3104 3271 3157 3317 te
3180 3263 3590 3320 circumdantes

2021 3355 2414 3425 appellaverint
2442 3369 2604 3408 suum
2635 3355 2888 3419 altorem,
2919 3351 3351 3421 benefactorem,
3386 3365 3440 3410 et
3467 3370 3591 3410 om-

2020 3448 2185 3502 nibus
2218 3445 2537 3517 benignitati
2563 3446 2800 3514 propriis
2825 3443 3166 3512 nominibus,
3195 3445 3336 3501 Deus
3367 3447 3473 3501 erit
3497 3447 3590 3515 qui

2020 3549 2074 3596 te
2133 3539 2413 3607 suscipiet,
2478 3537 2654 3607 angeli
2710 3538 3120 3601 collaudabunt,
3162 3547 3217 3593 et
3259 3539 3510 3594 homines
3559 3554 3590 3593 a

2022 3631 2242 3688 condito
2273 3630 2478 3685 mundo
2507 3632 2725 3684 beatum
2770 3639 2821 3685 te
2846 3630 3220 3699 praedicabunt
3249 3647 3265 3686 :
3295 3632 3367 3684 ibi
3388 3642 3589 3685 aeterna

2020 3724 2214 3794 gloria,
2255 3737 2454 3778 corona
2503 3722 2767 3790 iustitia},
2800 3731 2855 3777 et
2913 3737 3140 3794 regnum
3186 3723 3424 3786 caeleste,
3457 3737 3595 3792 pra:-

2022 3815 2192 3871 mium
2220 3825 2369 3868 tuum
2391 3815 2519 3870 erit.

2091 3906 2150 3961 Si
2193 3907 2395 3962 divitiae
2446 3917 2774 3977 spargantur
2796 3918 2862 3961 eo
2893 3905 3054 3961 modo
3083 3920 3246 3975 quem
3280 3905 3421 3960 Deus
3453 3920 3592 3974 prae,-

2020 3998 2232 4064 scribit,
2261 4011 2543 4052 remanere
2595 3996 2806 4052 solent:
2845 3996 2930 4051 sin
2956 3997 3311 4063 retineantur,
3341 3995 3589 4052 alienari.

2021 4088 2076 4144 Si
2100 4089 2398 4155 custodias,
2422 4102 2532 4144 non
2580 4087 2687 4158 53
2710 4087 2880 4144 habes
2904 4106 2918 4144 :
2947 4089 2994 4144 si
3029 4103 3160 4144 vero
3204 4087 3452 4158 dissipes,
3479 4103 3589 4142 non

2019 4182 2231 4254 perdes;
2264 4198 2284 4235 ι
2320 4181 2638 4253 Βίεείροιίι,
2664 4181 2812 4236 dedit
2857 4181 3191 4252 pauperibus
3218 4180 3397 4252 (Psal.
3425 4180 3528 4250 ut).
3561 4197 3584 4232 ι

2089 4359 2532 4416 Pulcherrimum
2565 4356 2728 4412 funus
2751 4363 2836 4412 est
2880 4358 3073 4427 pietas.
3103 4355 3240 4410 Cum
3269 4370 3462 4412 omnes
3496 4371 3588 4413 vc-

2021 4454 2224 4515 stieris,
2272 4451 2520 4518 discede;
2557 4465 2689 4518 para
2729 4449 2827 4504 tibi
2854 4463 2919 4502 ex
2951 4447 3156 4503 divitiis
3183 4447 3292 4502 tuis
3331 4459 3619 4506 ornatum.

341 4569 457 4615 σον,
486 4553 577 4623 ἔχε
601 4553 766 4608 αὐτὸν
799 4554 941 4623 μετὰ
975 4553 1208 4607 σεαυτοῦ
1229 4571 1242 4586 ·
1277 4554 1532 4623 πείσθητι
1559 4554 1740 4617 καλῶς
1772 4571 1913 4624 συμ-
1943 4571 1948 4624 ]

2022 4541 2330 4612 proprium,
2371 4549 2432 4594 ut
2459 4554 2589 4607 opes
2612 4548 2734 4592 tuas
2757 4550 2934 4592 tecum
2970 4536 3175 4592 habeas
3208 4576 3225 4602 ,
3273 4537 3587 4607 obsequitur

337 4643 512 4712 ϐούλιρ
565 4644 640 4714 τῷ
700 4645 1052 4714 ἀγαπήσαντί
1093 4661 1154 4696 σε
1205 4643 1466 4714 Χριστῷ,
1517 4644 1596 4714 τῷ
1645 4645 1712 4698 δι’
1765 4645 1912 4716 ἡμᾶς

339 4737 739 4803 πτωχεύσαντι,
773 4734 842 4790 ἶν’
875 4736 1035 4807 ἡμεῖς
1065 4737 1132 4806 τῇ
1164 4737 1374 4788 ἐκείνου
1403 4734 1648 4806 πτωχείᾳ
1675 4736 1912 4805 πλουτή-

341 4842 543 4896 σωμεν.
654 4867 656 4870 μ

414 4919 601 4981 "Eleo;
646 4919 762 4971 ἐστι
812 4918 1007 4985 πάθος,
1055 4919 1148 4972 ἐπὶ
1202 4920 1330 4984 τοὺς
1371 4919 1502 4990 παρ’
1549 4915 1708 4984 ἀξίαν
1757 4934 1916 4972 τετα-

342 5013 712 5078 πεινωμένους
742 5011 893 5081 παρὰ
917 5011 1027 5065 τῶν
1057 5011 1360 5082 συμπαθῶς
1398 5009 1792 5081 διατιθεμένων
1828 5023 1912 5078 γι-

339 5106 584 5176 νόμενον.

409 5197 599 5250 Οὐδενὶ
624 5195 734 5251 τῶν
758 5195 976 5250 πάντων
996 5195 1170 5259 οὕτως
1192 5195 1267 5258 ὡς
1295 5193 1430 5265 ἐλέῳ
1452 5191 1587 5256 Θεὸς
1617 5189 1914 5262 θεραπεύε-

337 5306 450 5355 ται,
481 5289 563 5350 an
600 5289 735 5360 μηδὲ
761 5288 1090 5358 οἰκειότερον
1125 5287 1254 5342 ἄλλο
1286 5287 1477 5341 τούτου
1503 5284 1647 5354 Θεῷ,
1677 5282 1737 5335 οὖ
1767 5281 1915 5344 ἔλεος

339 5381 433 5433 καὶ
458 5381 685 5450 ἀλήθεια
715 5380 1136 5449 προπορεύεται.

407 5473 506 5536 Δός
546 5490 598 5526 τι
631 5470 749 5542 Θεῷ
775 5473 1152 5541 χαριστήριον,
1183 5470 1266 5522 ὅτι
1319 5468 1430 5522 τῶν
1457 5467 1515 5520 εὖ
1551 5468 1728 5520 ποιεῖν
1757 5464 1914 5518 δυνα-

341 5564 518 5634 μένων
546 5563 756 5631 ἐγένου,
791 5561 906 5620 ἀλλ’
927 5562 991 5612 οὐ
1018 5561 1128 5612 τῶν
1170 5555 1230 5613 εὖ
1269 5559 1462 5611 παθεῖν
1493 5559 1797 5628 δεομένωνο
1831 5556 1914 5608 ὅτι

341 5653 418 5724 μὴ
474 5653 696 5722 βλέπεις
745 5655 826 5716 είς
875 5651 1170 5722 ἀλλοτρίας
1232 5651 1444 5720 χεῖρας,
1501 5648 1616 5701 ἀλλ’
1673 5649 1754 5710 είς
1819 5647 1917 5709 τὰς

337 5747 434 5809 σὰς
469 5746 664 5815 ἕτεροι.
700 5745 1030 5815 Πλούτησον,
1079 5742 1155 5814 μὴ
1197 5740 1487 5810 περιουσίᾳ
1549 5739 1711 5809 μόνον
1735 5778 1751 5805 ,
1783 5737 1920 5792 am

337 5838 431 5891 καὶ
461 5837 732 5908 εὐσεϐείᾳ.
775 5837 869 5909 Μὴ
918 5838 1076 5908 μόνον
1119 5838 1178 5890 τὸ
1213 5832 1457 5906 χρυσίον,
1505 5831 1638 5886 ἀλλὰ
1689 5832 1782 5886 καὶ
1819 5829 1918 5903 τὴν

2018 4640 2224 4701 optimo
2245 4629 2550 4686 consultori
2569 4628 2815 4695 Christo,
2839 4627 2932 4698 qui
2950 4635 3002 4682 te
3022 4627 3228 4696 dilexit,
3249 4628 3344 4698 qui
3367 4637 3589 4699 propter

2016 4738 2119 4777 nos
2147 4739 2353 4793 pauper
2388 4723 2518 4792 fuit,
2551 4733 2608 4781 ut
2643 4740 2746 4782 nos
2787 4741 2856 4783 ex
2899 4728 3022 4799 eius
3071 4737 3392 4800 paupertate
3441 4728 3586 4784 dita-

2015 4832 2224 4874 remur.

2088 4908 2467 4967 Misericordia
2500 4919 2587 4968 est
2637 4912 2890 4979 aifectus,
2938 4913 3031 4986 qui
3079 4914 3139 4969 ﬁt
3195 4927 3322 4969 cum
3385 4912 3585 4984 aliquis

2015 5001 2202 5058 animo
2228 5014 2607 5063 commovetur
2635 5021 2764 5077 erga
2798 5004 3024 5069 aﬂlictos
3046 5007 3287 5077 indigne.

2091 5184 2365 5253 Theologi.
2426 5184 2570 5240 Deus
2615 5185 2993 5241 misericordia
3055 5183 3292 5240 maxime
3344 5185 3590 5246 omnium

2016 5276 2237 5342 colitur,
2271 5291 2372 5332 nec
2400 5275 2543 5330 alius
2563 5275 2884 5346 quisquam,
2915 5273 3024 5331 Deo
3055 5274 3398 5340 familiarior,
3423 5289 3588 5344 quam

2020 5369 2112 5424 ille
2140 5385 2300 5438 quem
2327 5351 2708 5424 misericordia
2728 5376 2784 5423 et
2812 5368 3016 5424 veritas
3043 5367 3390 5422 antecedunt.

2089 5461 2452 5516 Gratitudinis
2515 5460 2728 5531 aliquod
2785 5460 3067 5530 specimen
3127 5458 3236 5515 Deo
3295 5458 3592 5524 exhibeas,

2020 5556 2166 5622 quod
2203 5562 2254 5606 te
2299 5550 2492 5606 iecerit
2541 5566 2710 5607 unum
2742 5551 2965 5606 illorum
2999 5551 3092 5619 qui
3143 5551 3406 5606 beneficia
3452 5567 3593 5620 prte-

2019 5654 2166 5700 stare
2198 5653 2454 5715 possunt,
2487 5658 2598 5699 non
2637 5653 2819 5699 autem
2865 5644 2956 5713 qui
3000 5659 3139 5714 opus
3193 5644 3396 5699 habent
3439 5643 3592 5698 acci-

2021 5752 2150 5807 pere
2179 5755 2194 5792 :
2232 5746 2288 5793 et
2316 5738 2468 5807 quod
2501 5751 2610 5791 non
2649 5735 3000 5804 inspicienda:
3031 5735 3128 5790 tibi
3161 5735 3354 5790 aliena:
3374 5749 3589 5798 manus,

2024 5831 2120 5887 sed
2149 5829 2272 5887 aliis
2301 5841 2427 5886 tum.
2471 5830 2630 5886 Dives
2682 5839 2826 5898 esto,
2859 5844 2969 5901 non
3017 5828 3208 5893 solum
3251 5827 3466 5897 opibus,
3497 5826 3593 5881 sed
