4038 6400
320 1234 331 1297 l

386 351 490 415 873

436 488 449 497 ο
980 472 1203 527 ΛΟΓΟΣ
1238 476 1373 532 κη’.

384 582 524 655 Περὶ
555 582 869 655 φειδωλῶν
911 587 1012 645 καί
1050 590 1456 666 ᾀμεταδρτων,
1501 593 1601 648 καὶ
1631 593 1971 666 ἐλεημοσύο

858 676 978 727 ’νην
1000 661 1087 731 μὴ
1124 664 1483 719 ποιούντων.

453 750 590 803 Οὐαὶ
644 750 796 821 ὑμῖν,
840 756 1194 824 γραμματεῖς
1235 758 1333 811 καὶ
1398 760 1685 829 Φαρισαῖοι
1736 761 1968 832 ὑποκρι-

377 844 488 908 ταὶ,
522 844 604 897 ὅτι
635 846 1039 926 ἀποδεκατοῦτε
1084 849 1141 901 τὸ
1168 849 1460 921 ἡδύοσμον,
1490 854 1586 908 καὶ
1632 855 1694 908 τὸ
1740 854 1963 926 ἄνηθον,

377 936 473 987 καὶ
522 937 614 988 τδν
666 937 919 1006 κύμινον,
980 941 1077 994 καὶ
1122 943 1375 1012 ἀφήκατε
1425 946 1493 1000 τὰ
1547 945 1840 1018 βαρύτερα·
1868 945 1965 1000 τοῦ

375 1027 565 1096 νόμου,
593 1033 692 1099 τὴν
716 1031 902 1099 κρίσιν
926 1034 1021 1086 καὶ
1051 1033 1142 1086 τὸν
1167 1034 1337 1092 ἔλεον.
1368 1037 1554 1092 Ταῦτα
1582 1038 1639 1092 δὲ
1667 1038 1775 1093 ἔδει
1808 1039 1966 1109 ποιῆ·

375 1138 483 1184 σαι,
512 1123 740 1177 κάκεῖνα
778 1125 854 1194 μὴ
895 1125 1133 1194 ἀφιέναι.

447 1215 623 1268 mea
661 1217 824 1270 καλὸν
883 1221 1081 1285 ποιεῖν,
1137 1219 1234 1274 καὶ
1267 1220 1343 1292 μὴ
1396 1221 1666 1290 ποιοῦντι,
1716 1222 1962 1294 ἁμαρτία

373 1306 522 1375 αὑτῷ
548 1309 721 1363 ἐστιν.

451 1399 514 1455 'H
547 1402 730 1473 κρίσις
757 1403 989 1469 ἀνίλεως
1020 1404 1098 1478 τῷ
1132 1406 1207 1479 μὴ
1240 1409 1534 1480 ποιήσαντι
1572 1408 1743 1473 ἔλεος.

444 1580 526 1633 Τὰ
554 1580 843 1653 σπλάγχνα
871 1585 981 1639 τῶν
1015 1586 1232 1641 ἀσεὸῶν
1270 1589 1637 1661 ἀνελεήμονα.

448 1674 641 1727 Ἔστιν
672 1676 982 1747 ἀρρωστία,
1016 1680 1083 1748 ἦν
1126 1675 1267 1734 εἶδον
1300 1682 1406 1736 ὑπὸ
1440 1683 1531 1737 τὸν
1581 1684 1758 1754 ἥλιον,
1791 1681 1959 1738 πλοῦ-

369 1782 460 1820 τον
514 1767 925 1839 φυλασσόμενον
980 1773 1113 1842 παρ’
1158 1774 1322 1828 αὑτοῦ
1368 1777 1449 1839 είς
1508 1776 1713 1831 κακίαν
1746 1772 1952 1833 αὐτοῦ·

1169 359 1347 422 LOCI
1382 361 1822 425 COMMUNES.
1864 389 1932 411 -ν-
1969 366 2168 430 PARS
2205 367 2257 432 Ι.
2298 369 2556 432 SERMO
2595 374 2816 436 XXIX.

2002 487 2049 542 Α

3557 352 3666 443 δή

2436 484 2673 544 SERMO
2717 488 2935 545 XXVIII
2994 487 3094 562 [αί.
3140 489 3303 569 LIX}.

2079 590 2157 647 De
2184 595 2362 662 parcis
2400 597 2946 725 etilliberalibus._zt
2995 604 3379 676 eleemosyuam
3425 624 3530 662 mm
3578 608 3665 678 fac

2726 682 2883 725 Ctenlt
2925 690 3006 725 us.

2726 688 3006 727 crentwtts.

2144 757 2342 813 Matth.
2375 776 2533 816 χχιιι.
2570 762 2663 818 Vae
2694 766 2874 833 vobis,
2921 766 3128 824 Scriba:
3167 778 3222 825 et
3254 768 3517 828 Pharisaei
3560 772 3667 843 hy-

2069 852 2314 917 pocritte,
2343 855 2603 922 quoniam
2630 857 2915 914 decimatis
2953 861 3254 933 mentham,
3295 864 3581 930 anethum,
3607 875 3664 923 et

2068 941 2370 1010 cyminum,
2401 952 2456 999 et
2490 961 2614 1015 quae
2646 949 2898 1018 graviora
2943 960 3073 1007 sunt
3123 954 3181 1009 in
3215 955 3333 1026 lege
3361 957 3660 1029 negligitis,

2064 1028 2333 1099 judicium
2408 1036 2622 1093 scilicet
2689 1051 2745 1096 et
2804 1043 3239 1102 misericordiam
3290 1064 3305 1102 :
3367 1028 3655 1120 oportebat

2064 1132 2247 1177 autem
2287 1124 2405 1180 haec
2436 1128 2638 1196 facere,
2674 1139 2729 1186 et
2757 1132 2849 1187 illa
2879 1149 2991 1190 non
3022 1138 3302 1195 omittere.

2134 1212 2258 1270 Jac.
2306 1231 2381 1275 tv.
2439 1219 2544 1286 Qui
2604 1223 2790 1281 sciens
2846 1225 3051 1282 bonum
3103 1227 3283 1286 facere
3335 1245 3445 1287 non
3505 1232 3656 1299 facit,

2064 1318 2280 1375 peccat.

2139 1390 2898 1465 Salomonis.lmmisericors
2922 1408 3194 1480 judicium
3219 1415 3543 1485 experietur
3564 1419 3659 1490 qui

2063 1487 2500 1549 miscricordiam
2537 1512 2649 1552 non
2685 1495 2834 1554 fecit.

2133 1580 2297 1638 Prov.
2336 1578 2438 1641 xu.
2470 1586 2772 1658 Impinrum
2803 1594 3015 1649 viscera
3072 1596 3322 1654 misereri
3383 1598 3657 1656 nesciunt.

2134 1671 2313 1728 Eccle.
2343 1691 2396 1729 ν.
2439 1675 2641 1736 Vitium
2680 1685 2932 1754 estquod
2971 1687 3078 1742 vidi
3129 1690 3236 1746 sub
3271 1690 3407 1756 sole,
3438 1691 3661 1747 divitias

2059 1766 2321 1821 custodiri
2364 1769 2418 1825 in
2468 1772 2670 1828 malum
2726 1775 2934 1834 domini
2978 1782 3103 1836 sui:
3136 1792 3192 1837 et
3242 1782 3349 1840 illa:
3408 1785 3663 1855 peribunt

369 1859 465 1911 καὶ
495 1858 780 1916 ἀπολεῖται
809 1861 838 1915 ὁ
870 1862 1099 1928 πλοῦτος
1123 1867 1329 1929 ἐκεῖνος
1355 1867 1413 1921 ἐν
1447 1867 1815 1940 περισπασμῷ
1846 1885 1949 1923 πο·
1981 1854 2023 1909 Β
2052 1860 2321 1919 maiorum
2355 1865 2735 1932 Ρετνεΐδίιδιθ·
2788 1954 2796 1963 ⁸

292 1964 295 1965 '
368 1965 433 2018 νη
443 1950 573 2016 ρῶν.

442 2045 599 2100 Ἔστι
630 2048 878 2105 πλουτῶν
907 2051 1016 2106 ἀπὸ
1042 2054 1317 2126 προσοχῆς
1348 2054 1442 2108 καὶ
1473 2054 1736 2124 σφιγγίας
1759 2054 1953 2110 αὐτοῦ’

368 2138 462 2192 καὶ
492 2140 810 2211 καταλείψει
844 2144 985 2198 αὐτὰ
1037 2145 1248 2218 ἑτέροις
1278 2150 1376 2201 καὶ
1408 2148 1786 2205 ἀποθανεῖται.

450 2316 512 2372 '0
557 2322 811 2388 συνάγων
839 2323 948 2377 ἀπὸ
999 2325 1178 2397 ψυχῆς
1225 2328 1392 2383 αὐτοῦ
1444 2331 1667 2400 συνάγει
1728 2332 1951 2400 ἄλλοις·

369 2409 465 2462 καὶ
494 2411 551 2464 ὲν
570 2414 693 2475 τοῖς
725 2413 951 2481 ἀγαθοῖς
997 2417 1163 2471 αὐτου
1191 2420 1535 2489 τρυφήσουσι
1566 2422 1775 2478 πολλοί.

452 2501 513 2555 ⁸0
544 2507 783 2575 πονηρὸς
845 2507 1024 2580 ἑαυτῷ
1064 2509 1174 2565 τίνι
1219 2512 1422 2580 ἀγαθὸς
1477 2514 1673 2583 Eam;
1727 2515 1949 2586 Τέκνον,

367 2593 492 2647 καθ’
518 2595 641 2649 ὅσον
676 2595 843 2668 ἔχεις,
875 2595 936 2653 εῦ
966 2600 1109 2655 ποίει
1140 2602 1345 2674 σαυτῷ.

445 2687 665 2755 Ἄκουε,
703 2689 981 2761 ἄνθρωπε,
1012 2693 1360 2764 Σολομῶντος
1384 2713 1399 2729 ·
1438 2698 1513 2770 μὴ
1553 2699 1956 2773 είπῃς,Ἐπαν-

367 2779 540 2835 ελθὼν
601 2783 844 2854 ἐπάνηκε
869 2826 884 2851 ,
950 2788 1046 2842 καὶ
1099 2788 1288 2857 αῦριον
1339 2790 1517 2858 δώσω,
1569 2792 1800 2847 δυνατοῦ
1855 2811 1950 2849 σου

366 2872 521 2937 ὄντος
551 2870 610 2930 εὖ
641 2880 839 2932 ποιεῖν.
871 2879 946 2934 Οὐ
971 2881 1080 2951 γὰρ
1120 2877 1269 2947 οἶδας
1302 2883 1358 2937 τί
1384 2883 1598 2951 τέξεται
1629 2886 1662 2956 ἡ
1694 2886 1948 2941 ἐπιοῦσα.

368 2966 432 3019 ’Ὠ
472 2967 641 3023 ποίων
666 2970 1149 3042 παραγγελμάτων
1171 2975 1470 3048 ὑπερορᾷς,
1491 2977 1588 3029 καὶ
1621 2978 1874 3049 κατηφὴς
1900 2972 1953 3032 εἴ

366 3058 463 3111 καὶ
487 3058 892 3130 δυσέντευκτος,
925 3065 1191 3121 ἐκκλίνων
1215 3068 1315 3132 τὰς
1343 3068 1704 3139 ἀπαντήσεις,
1731 3071 1808 3140 μή
1842 3071 1946 3126 πού

365 3169 418 3205 τι
451 3154 545 3205 καὶ
599 3155 795 3225 μικρὸν
848 3156 1205 3230 ἀναγκασθῇς
1252 3162 1363 3213 τῶν
1394 3162 1596 3233 χειρῶν
1649 3165 1941 3219 ὲκΰαλείνι

365 3244 513 3298 Μίαν
540 3243 688 3310 σίδας
719 3248 922 3320 φωνὴν,
961 3249 1078 3306 Οὐκ
1107 3251 1247 3322 ἔχων
1272 3252 1392 3306 οὐδὲ
1421 3254 1599 3320 δώσω,
1633 3256 1806 3328 πένης
1838 3259 1947 3330 γάρ

365 3339 503 3407 είμι.
543 3340 717 3409 Πένης
763 3337 815 3395 εἷ
857 3342 935 3411 τῷ
975 3343 1090 3397 ὄντι
1132 3346 1337 3409 παντὸς
1383 3346 1614 3414 ἀγαθοῦ,
1653 3349 1827 3421 πένης
1857 3352 1950 3404 πί-

367 3446 538 3494 στεως
567 3433 646 3496 είς
697 3434 852 3501 Θεὸν,
890 3436 1060 3508 πένης
1096 3434 1145 3491 εἴ
1183 3438 1624 3510 φιλανθρωπίας,
1666 3443 1836 3511 πένης
1870 3445 1952 3497 ὲλ-

365 3524 539 3587 πίδος.
583 3526 976 3599 Συμμεριστάς
1006 3532 1236 3601 ποίησον
1264 3532 1378 3587 τῶν
1429 3536 1611 3606 σητῶν
1635 3537 1762 3600 τοὺς
1797 3537 1949 3591 ἀδελ-

364 3616 498 3682 φούς
528 3635 622 3669 σου
650 3634 666 3649 ο
701 3619 1017 3685 πλεονεξίας
1045 3620 1183 3687 εἶδος
1225 3625 1637 3696 χαλεπώτατον,
1666 3630 1806 3699 μηδὲ
1839 3617 1948 3684 τῶν

365 3708 744 3780 φθειρομένων
777 3715 1104 3782 μεταδοῦναι
1136 3718 1253 3781 τοῖς
1288 3718 1547 3776 ἐνδεέσιν.

432 3889 545 3943 Οὐκ
596 3891 858 3963 ἡλέησας,
914 3895 1014 3948 οὐκ
1068 3896 1382 3971 ἐλεηθήσῃ⁸
1422 3900 1524 3954 οὐκ
1578 3902 1801 3975 ήνοιξας
1848 3906 1947 3976 τὴν

362 3982 561 4051 οἱκῖαν,
616 3986 1030 4059 ἀποκλεισθήσῃ
1079 3990 1181 4059 τῆς
1228 3990 1550 4061 βασιλείας·
1590 3996 1692 4050 οὐκ
1740 3996 1947 4064 ἔδωκας

363 4075 524 4144 ἄρτον
558 4076 633 4147 τῷ
662 4078 941 4147 πεινῶντι,
968 4082 1029 4134 οὐ
1060 4082 1209 4158 λήψῃ
1247 4085 1348 4154 τὴν
1378 4087 1598 4143 αἰώνιον
1631 4090 1801 4162 ζωήν.

431 4257 636 4322 Δεῖξον,
678 4257 954 4330 ἄνθρωπε,
990 4263 1060 4316 τὰ
1092 4263 1250 4336 ἔργα,
1288 4269 1382 4320 καὶ
1429 4270 1652 4324 ἀπαίτει
1686 4273 1814 4337 τοὺς
1852 4291 1945 4341 μι-

362 4348 542 4411 σθούς.
575 4352 764 4415 Οὐδεὶς
793 4355 932 4423 μετὰ
952 4356 1011 4409 τὺ
1027 4355 1256 4428 λυθῆναι
1283 4362 1383 4431 τὴν
1415 4365 1728 4432 πανήγυριν
1764 4382 1946 4435 πραγ-

361 4442 698 4511 ματεύεται,
768 4446 889 4502 οὐδὲ
956 4450 1098 4519 μετά
1149 4453 1279 4515 τοὺς
1343 4452 1563 4522 ἀγῶνας
1623 4457 1939 4512 ἐπανελθὼν

359 4538 721 4600 στεφανοῦται
749 4556 765 4571 ο
794 4540 856 4593 οὐ
884 4541 1066 4619 τοίνυν
1098 4544 1239 4611 μετά
1269 4543 1371 4612 τὴν
1403 4545 1666 4616 τελευτὴν
1701 4549 1940 4604 εὐσεϐεῖ.
1979 4566 2023 4623 ι)

434 4625 619 4691 Ἀξιόν
651 4646 734 4684 σοι
768 4633 868 4701 τῆς
901 4636 1111 4702 σπορᾶς
1153 4634 1214 4687 τὸ
1261 4634 1440 4703 θέρος.
1484 4638 1720 4709 Πικρίαν
1754 4640 1946 4695 ἐσπει-

359 4735 499 4788 ρας;
533 4720 733 4791 δρέπου
783 4723 850 4777 τά
895 4724 1207 4795 δράγματα.
1250 4726 1324 4780 Τὸ
1370 4729 1598 4800 ἀνηλεὲς
1626 4731 1942 4801 ἑτίμησας;

355 4809 445 4880 ἔχε
474 4813 610 4880 ὅπερ
639 4816 958 4884 ἠγάπησας.
992 4819 1236 4887 Ἔφυγες
1262 4821 1354 4874 τὸν
1381 4820 1566 4889 ἐλεον;
1591 4822 1852 4889 φεύξεταί
1885 4843 1944 4877 σε

356 4905 384 4958 ὁ
431 4904 600 4967 ἕλεος.
632 4944 637 4947 ν
672 4909 972 4976 Ἐϐδελύξω
1029 4912 1284 4983 πτωχόν;
1334 4913 1650 4985 βδελύξεταί
1689 4933 1749 4968 σε
1799 4919 1828 4971 ὁ
1875 4919 1945 4971 δι’

354 4994 503 5064 ἡμᾶς
534 4998 880 5068 πτωχεύσεις.

955 5138 1178 5195 ΛΟΓΟΣ
1215 5141 1344 5199 KG’.

360 5247 493 5313 Περὶ
540 5253 895 5334 εὐεργεσίας
939 5255 1042 5308 καί
1091 5257 1358 5326 χάριτος,
1406 5259 1505 5314 καί
1556 5263 1939 5332 ἀχαριστίας.

426 5352 599 5412 Εἶπεν
631 5366 658 5412 ὃ
688 5365 893 5437 Κύριος
917 5405 933 5431 ,
971 5366 1141 5422 Ὅταν
1213 5372 1449 5444 ποιήσῃς
1507 5374 1730 5446 ἄριστον
1763 5374 1796 5446 ἢ
1837 5375 1942 5430 δεῖ-

357 5468 512 5517 πνον,
542 5452 615 5522 μὴ
645 5453 815 5521 φώνει
841 5460 967 5523 τοὺς
994 5461 1183 5530 φίλους
1216 5478 1330 5529 σου,
1365 5464 1498 5535 μηδὲ
1528 5469 1654 5530 τοὺς
1680 5467 1945 5537 ἀδελφούς

358 5559 474 5609 σου,
504 5544 637 5615 μηδὲ
661 5546 788 5607 τοὺς
835 5554 1115 5617 συγγενεῖς
1144 5570 1260 5621 σου,
1294 5555 1429 5626 μηδὲ
1482 5559 1728 5625 γείτονας
1784 5562 1945 5616 πλου-

357 5635 524 5702 σίους,
557 5636 768 5707 μήποτε
810 5638 905 5692 καί¹
958 5640 1113 5696 αὐτοί
1145 5662 1203 5696 σε
1238 5648 1676 5719 ἀντικαλέσουσι,
1731 5654 1826 5708 καὶ
1855 5656 1945 5724 γέ-

354 5729 514 5796 νηταί
546 5745 628 5782 σοι
657 5731 1022 5802 ἀνταπόδομα.
1074 5736 1213 5791 Ἀλλ’
1244 5739 1373 5796 ὅταν
1390 5744 1548 5813 ποιῇς
1571 5743 1751 5813 δοχὴν,
1790 5748 1944 5801 κάλει

355 5818 623 5892 πτωχοῖς,
673 5825 1007 5898 ἀναπήρους,
1040 5832 1246 5902 χωλοὺς
1269 5874 1282 5895 ,
1316 5834 1571 5908 τυφλοὺς,
1616 5838 1709 5893 καὶ
1762 5843 1944 5912 μακά-

639 5918 918 5985 ΡΑΤιιοι..
949 5925 1431 5992 Gu.CXXXVI.

2135 2042 2241 2113 57
2309 2043 2521 2102 Siraclt.
2582 2049 2677 2105 Est
2730 2051 2929 2123 aliquis
2981 2054 3136 2112 dives
3191 2071 3288 2125 per
3350 2072 3539 2113 curam
3602 2065 3659 2114 et

2066 2137 2398 2194 anxietatem
2443 2155 2598 2197 suam
2623 2182 2639 2206 ,
2684 2152 2737 2200 et
2765 2146 3041 2215 relinquet
3077 2163 3210 2218 opes
3236 2149 3360 2205 aliis
3383 2192 3400 2219 ,
3437 2166 3498 2206 ac
3539 2165 3659 2207 mo—

2064 2230 2259 2288 rietur.

2133 2320 2237 2388 Qui
2277 2322 2485 2393 colligit
2529 2325 2770 2381 animam
2830 2343 2988 2383 suam
3037 2329 3394 2401 defraudans,
3449 2334 3656 2407 colligit

2062 2411 2187 2468 aliis
2214 2429 2230 2468 :
2258 2424 2316 2469 et
2344 2415 2398 2470 in
2433 2417 2592 2475 bonis
2621 2419 2796 2489 ipsius
2829 2422 2985 2476 multi
3013 2421 3440 2481 deliciabuntur.

2134 2505 2311 2564 Malus
2343 2509 2447 2564 sibi
2472 2509 2602 2581 ipsi,
2634 2513 2859 2569 cuinam
2892 2514 2996 2571 erit
3020 2515 3243 2573 bonus?
3301 2518 3426 2591 Fili,
3475 2521 3656 2596 quoad

2062 2607 2246 2668 potes,
2275 2599 2510 2659 benefac
2534 2603 2634 2659 tibi
2669 2605 2797 2675 ipsi.
3205 2624 3210 2629 ‘

2131 2694 2345 2752 Basilii.
2380 2698 2544 2767 Audi,
2580 2715 2615 2755 ο
2646 2702 2810 2757 homo
2833 2744 2850 2772 ,
2884 2703 3234 2765 Salomonem
3283 2725 3299 2763 :
3332 2723 3402 2765 ne
3454 2707 3608 2764 dicas
3639 2727 3655 2773 ;

2061 2783 2355 2842 Revertere
2393 2788 2551 2857 alias,
2584 2798 2639 2846 et
2666 2804 2791 2848 cras
2830 2793 2929 2849 tibi
2966 2796 3133 2864 dabo,
3184 2814 3309 2854 cum
3351 2801 3529 2870 possis
3564 2801 3657 2857 be-

2060 2878 2318 2933 neficium
2355 2888 2654 2949 praestare;
2689 2885 2874 2942 nescis
2899 2886 3046 2947 enim
3076 2891 3207 2959 quid
3231 2892 3509 2948 crastinus
3537 2892 3655 2950 dies

2062 2971 2256 3040 pariat.
2284 2970 2329 3026 Ο
2358 2988 2480 3042 quae
2510 2985 2780 3045 praecepta
2832 2982 3163 3047 contemnis,
3189 2991 3243 3038 et
3264 2984 3546 3040 tristitiam
3591 3001 3656 3045 ac

2058 3060 2382 3129 gravitatem
2412 3073 2601 3133 praete
2631 3064 2764 3135 fers,
2797 3068 3082 3127 declinans
3132 3073 3348 3141 obvios,
3401 3091 3471 3131 ne
3522 3077 3654 3147 quid

2058 3154 2222 3211 etiam
2279 3157 2552 3212 modicum
2625 3161 2932 3230 expendere
2993 3167 3247 3236 cogaris!
3288 3168 3460 3225 Unam
3514 3170 3658 3229 hanc

2054 3261 2244 3302 vocem
2273 3248 2437 3314 nosti,
2463 3241 2767 3306 Cum'nihil
2798 3253 3049 3323 habeam,
3081 3257 3215 3313 nihil
3241 3258 3421 3328 dabo;
3447 3275 3656 3332 pauper

2054 3341 2203 3396 enim
2239 3358 2385 3401 sum.
2416 3344 2581 3414 Atqui
2640 3361 2769 3403 vere
2804 3363 3008 3420 pauper
3073 3365 3134 3407 es
3162 3359 3217 3406 et
3269 3353 3427 3424 in0ps
3472 3356 3655 3412 omnis

2054 3434 2206 3501 boni,
2265 3433 2425 3505 inops
2478 3436 2601 3491 ﬁdei
2637 3452 2766 3509 erga
2810 3437 3007 3505 Deum,
3054 3442 3214 3512 inops
3271 3444 3648 3516 benignitatis,

2054 3524 2212 3596 inops
2243 3528 2382 3596 spei.
2418 3527 2562 3594 Quin
2596 3529 2903 3599 impertiris
2932 3531 3200 3590 fratribus
3255 3535 3367 3590 tuis
3408 3551 3471 3592 ea
3525 3553 3648 3607 qua:

2053 3619 2213 3674 aliter
2245 3634 2276 3674 a
2305 3619 2467 3675 tineis
2508 3622 2856 3678 credentur?
2905 3625 3211 3681 Pessimum
3263 3628 3410 3684 iStud
3467 3630 3648 3683 avari-

2053 3710 2142 3766 tite
2201 3725 2374 3780 genus
2449 3720 2554 3778 est,
2612 3728 2681 3769 ne
2727 3716 3067 3786 corruptioni
3118 3716 3340 3789 quidem
3415 3718 3650 3793 obnoxia

2051 3802 2420 3872 indigentibus
2480 3808 2912 3864 communicare.

2121 3895 2378 3953 Misertus
2430 3913 2540 3953 non
2593 3914 2674 3968 es,
2709 3901 3148 3961 misericordiam
3191 3920 3302 3964 non
3347 3922 3647 3978 conseque-

2049 3987 2159 4052 ris;
2221 4002 2330 4041 non
2363 3991 2625 4058 aperuisti
2653 3992 2896 4061 domum,
2931 3994 3242 4053 excluderls
3283 4012 3487 4067 regno;
3536 4013 3646 4053 non

2051 4076 2249 4133 dedisti
2290 4093 2484 4149 panem
2515 4082 2801 4151 esurienti,
2835 4099 2946 4141 non
2987 4086 3226 4160 accipies
3255 4096 3515 4145 aeternam
3561 4088 3647 4143 vi-

2053 4174 2187 4223 tam.
3479 4171 3483 4175 ’

2120 4261 2374 4330 Ostende,
2397 4278 2431 4319 ο
2461 4264 2644 4334 homo,
2669 4284 2856 4341 opera,
2878 4278 2933 4324 et
2957 4280 3075 4339 pete
3097 4273 3424 4330 mercedem.
3454 4272 3647 4345 Nemo,

2049 4353 2246 4407 solutis
2267 4355 2379 4425 jam
2410 4360 2692 4428 nundinis,
2728 4364 3063 4434 negotiatur,
3098 4381 3277 4437 neque
3312 4376 3438 4438 post
3463 4378 3646 4425 certa-

2051 4445 2195 4500 mina
2233 4462 2485 4506 reversus
2533 4464 2851 4510 coronatur.
2900 4456 2981 4512 Ne
3037 4458 3201 4531 igitur
3250 4469 3372 4532 pOst
3415 4473 3644 4517 mortem

2050 4538 2273 4593 demum
2309 4541 2433 4608 pius
2474 4558 2596 4600 esse
2622 4546 2781 4604 velis.

2131 4628 2323 4689 Mcssis
2358 4634 2455 4688 tibi
2501 4643 2736 4696 sementi
2784 4644 3167 4715 respondebit.
3202 4648 3525 4703 Amaritiem
3557 4662 3646 4703 se-

2052 4720 2202 4786 visti,
2232 4738 2394 4794 carpe
2427 4729 2759 4800 manipulos.
2802 4732 3321 4796 lmmisericordiam
3379 4741 3598 4797 coluisti
3626 4781 3645 4809 ,
3676 4779 3691 4784 η

2052 4812 2258 4869 habeas
2318 4818 2464 4886 quod
2537 4822 2838 4881 dilexisti:
2906 4825 3096 4899 fugisti
3161 4833 3643 4895 misericordiam.

2054 4907 2247 4960 cadent
2282 4916 2333 4963 te
2367 4925 2586 4981 quoque
2611 4914 2815 4986 fugiet:
2850 4921 3206 4979 abominatus
3237 4939 3296 4980 es
3319 4939 3640 4996 pauperem.

2055 4996 2472 5056 abominabitur
2501 5014 2555 5060 te
2584 5008 2678 5076 qui
2709 5013 2886 5069 nostri
2906 5015 3080 5083 gratia
3117 5030 3324 5087 pauper
3351 5016 3475 5075 fuit.

2412 5143 2651 5203 SERMO
2704 5147 2873 5204 xxxx
2904 5148 3001 5223 [αι.
3036 5150 3247 5227 LVlll.]

2196 5261 2271 5316 De
2318 5263 2657 5335 beneﬁcentia
2707 5276 2755 5319 et
2789 5271 2969 5349 gratia
3006 5283 3053 5325 et
3101 5274 3506 5345 ingratitudine.

2119 5378 2252 5435 Luc.
2287 5397 2397 5435 xw.
2438 5381 2586 5436 Dixit
2648 5381 2934 5452 Dominus,
2968 5388 3102 5445 Cum
3156 5391 3297 5448 facis
3350 5395 3642 5464 prandium

2048 5483 2143 5528 aut
2174 5489 2411 5540 coenam,
2436 5476 2541 5529 noli
2569 5491 2765 5532 vocare
2801 5482 3011 5539 amicos
3044 5494 3190 5549 tuos,
3237 5502 3412 5559 neque
3443 5483 3645 5547 fratres.

2048 5575 2191 5631 tuos,
2213 5584 2389 5638 neque
2406 5578 2669 5641 cognatos
2692 5580 2833 5638 tuos,
2858 5590 3035 5644 neque
3056 5578 3264 5635 vicinos
3285 5589 3406 5636 tuos
3426 5581 3647 5639 divites.

2049 5673 2116 5714 ne
2140 5661 2362 5729 quando
2383 5669 2437 5716 et
2460 5662 2564 5731 ipsi
2601 5670 2652 5718 te
2683 5665 2927 5722 vicissim
2958 5668 3209 5736 invitent,
3229 5686 3294 5727 ac
3311 5676 3644 5744 rependatur

2051 5748 2147 5803 tibi
2200 5748 2554 5807 hcnelicium.
2590 5752 2703 5808 lmo
2746 5771 2869 5809 cum
2907 5757 3041 5814 facis
3092 5762 3433 5832 convivium,
3503 5779 3642 5825 voca

2049 5856 2339 5914 pauperes,
2383 5842 2613 5911 debiles,
2650 5848 2896 5918 claudos,
2941 5867 3139 5915 caecos,
3172 5864 3226 5909 et
3266 5856 3459 5916 beatus
3510 5861 3647 5933 eris,

3134 5948 3214 6011 28
