4038 6410
299 5183 342 5194 -ε

351 348 460 412 875

1616 333 1937 399 ΑΝΤΟΝΙΙ
1965 333 2314 398 MELISSAZ

3517 338 3623 404 876

359 457 487 526 quia
527 468 632 512 non
662 460 895 524 possunt
945 450 1241 522 rependere
1269 447 1406 517 tibi;
1434 448 1763 520 rependetur
1785 444 1930 500 enim

2056 463 2154 512 >ιος
2177 447 2296 518 ἔσῃ,
2332 450 2412 502 ὅτι
2443 450 2542 504 οὐκ
2573 450 2788 520 ἔχουσιν
2811 445 3199 503 ἀνταποδοῦναί
3219 465 3323 502 σοι.
3363 447 3626 504 ’Λνταπο-

357 550 450 604 tibi
485 549 538 603 in
562 546 966 604 resurrectione
989 544 1286 613 iustorum.

425 638 559 694 Luc.
586 655 661 694 vr.
701 637 857 693 Sicut
897 637 1065 691 vultis
1117 644 1176 690 ut
1218 634 1423 690 faciant
1474 631 1633 690 vobis
1662 631 1932 698 homines,

357 748 455 788 vos
486 732 649 786 etiam
682 732 762 786 eis
793 729 1046 785 similiter
1081 728 1262 783 facite.

431 826 616 892 Apost.
649 822 751 888 Qui
780 823 918 876 bene
952 821 1100 886 facit,
1136 837 1200 874 ex
1231 820 1340 877 Deo
1362 829 1445 877 est
1476 838 1490 876 :
1521 820 1612 890 qui
1646 835 1772 878 vero
1800 820 1938 874 male

363 918 513 976 iacit.
548 915 716 970 Deum
755 929 863 969 non
898 915 1056 970 vidit.

430 1011 618 1066 Cuivis
663 1009 972 1066 iusdtuenti
1029 1011 1232 1066 bonum
1306 1009 1452 1066 Deus
1515 995 1844 1080 coop”eratur
1885 1010 1938 1063 iu

360 1105 588 1157 bonum.

431 1196 754 1253 Salomonis.
792 1197 1103 1253 Prudentiae
1159 1208 1245 1252 est
1298 1197 1460 1254 etiam
1501 1196 1646 1253 seire
1675 1194 1834 1265 cujus
1871 1193 1942 1250 sit

359 1301 556 1358 grana.

431 1384 629 1443 Sermo
681 1383 864 1440 bonus
899 1382 1092 1439 melior
1145 1394 1232 1440 est
1277 1399 1522 1452 munere,
1552 1385 1729 1443 bonus
1760 1401 1943 1442 sermo

363 1485 588 1543 superat
615 1477 841 1531 donum.

424 1565 538 1637 53
566 1566 732 1621 Eccli.
765 1582 920 1621 χχιιι.
955 1566 1121 1623 Labia
1144 1565 1419 1637 iustorum
1453 1579 1791 1640 cognoscunt
1822 1585 1942 1641 gra-

364 1654 497 1707 tias.

438 1745 682 1801 Gratiam
739 1747 979 1804 hominis
1025 1760 1284 1820 tanquam
1329 1751 1472 1808 oculi
1503 1753 1760 1825 pupillam
1801 1769 1938 1811 cou-
1975 1783 2020 1840 Β

365 1853 548 1894 serva.

437 1931 498 1986 S.
541 1931 748 1988 Basilii.
802 1933 1050 2006 Ingratus
1083 1936 1300 1992 animus
1348 1937 1564 1992 videtur
1593 1939 1647 1994 in
1672 1939 1945 1996 ablatione

367 2024 584 2078 demum
606 2025 877 2081 bonorum
911 2027 1236 2084 beneficium
1263 2030 1598 2099 praeteritum
1623 2044 1943 2103 agnoscere.

441 2202 718 2260 Bonorum
759 2220 992 2277 Operum
1025 2209 1214 2278 gratia:
1263 2217 1616 2266 revertuntur
1655 2211 1722 2266 ad
1776 2212 1947 2284 largi-

367 2305 530 2351 tores.

446 2389 832 2448 Benefaetores
897 2392 1115 2460 quidem
1177 2393 1346 2450 etiam
1401 2395 1532 2452 ferae
1584 2399 1820 2454 naturali
1867 2402 1948 2455 in-

369 2485 572 2538 stinctu
627 2491 848 2551 amant;
876 2484 1006 2555 quid
1056 2501 1188 2542 vero
1217 2495 1428 2544 tantum
1466 2489 1594 2546 boui
1637 2493 1850 2549 amicus
1893 2495 1946 2548 in

369 2589 472 2627 nos
531 2574 788 2643 confert,
825 2585 1090 2646 quantum
1124 2579 1334 2637 inimici
1367 2595 1754 2654 comparantes
1791 2588 1949 2645 nobis

368 2664 801 2723 benedictionem
867 2667 1112 2735 Domini,
1149 2673 1244 2744 qui
1306 2675 1499 2731 dixit:
1546 2695 1565 2729 ι
1614 2677 1764 2734 Beati
1816 2682 1950 2738 estis

373 2773 498 2812 cum
534 2760 735 2828 probra
762 2760 996 2832 jecerint
1025 2766 1080 2820 in
1116 2781 1233 2832 vos,
1270 2775 1325 2822 et
1349 2771 1620 2839 persecuti
1645 2770 1869 2836 fuerint.
1894 2784 1950 2829 et

367 2849 607 2905 dixerint
663 2868 825 2908 omne
863 2855 1066 2910 malum
1113 2858 1342 2914 verbum
1393 2870 1585 2915 contra
1637 2878 1757 2927 vos,
1798 2879 1950 2920 men-

369 2942 566 2996 tientes
588 2954 811 3014 propter
837 2961 945 3002 me.
982 2947 1223 3005 Gaudete
1259 2960 1314 3006 ct
1358 2952 1652 3020 exsultate,
1686 2970 1948 3025 quoniam

369 3049 577 3090 merces
608 3045 786 3092 vestra
819 3041 986 3096 multa
1019 3049 1105 3097 est
1135 3041 1188 3097 in
1218 3043 1412 3099 caelis?
1447 3065 1466 3098 ι

2040 539 2327 608 δοθήσεται
2372 539 2481 612 γάρ
2520 558 2601 594 σοι
2633 541 2691 592 ὲν
2739 543 2804 610 τῇ
2835 539 3129 593 ἀναστάσει
3164 535 3274 590 τῶν
3302 537 3548 592 δικαίων.

2115 631 2314 695 Καθὼς
2341 631 2525 686 θέλετε
2570 633 2659 686 ἴνα
2693 633 2922 686 ποιῶσιν
2955 631 3081 700 ὑμῖν
3116 631 3166 685 οἱ
3195 629 3497 701 ἄνθρωποι,
3531 628 3628 682 καὶ

2040 728 2194 794 ὑμεῖς
2230 727 2436 778 ποιεῖτε
2473 726 2653 788 αὐτοῖς
2684 724 2906 794 ὁμοίως.

2123 824 2182 877 Ὀ
2233 822 2582 891 ἀγαθοποιῶν
2637 823 2699 873 ὲκ
2743 820 2836 872 τοῦ
2883 817 3018 872 Θεοῦ
3051 820 3232 870 ἐστιν·
3264 818 3293 870 ὁ
3339 814 3397 868 δὲ
3447 831 3616 867 taxo-

2042 918 2213 972 ποιῶν
2241 919 2337 988 οὐχ
2365 917 2578 986 ἑώρακε
2608 915 2698 966 τὸν
2727 913 2883 966 Θεόν.

2116 1012 2287 1064 Παντὶ
2337 1009 2414 1078 τῷ
2469 1005 2889 1078 προαιρουμένῳ
2937 1003 2996 1056 τὸ
3046 1000 3252 1069 ἀγαθὸν
3309 1001 3563 1069 συνεργεῖ
3595 1000 3624 1049 ὁ

2044 1103 2174 1164 Θεὸς
2204 1105 2281 1161 είς
2308 1102 2535 1170 ἀγαθόν.

2117 1196 2432 1265 Φρονήσεως
2465 1194 2557 1248 καὶ
2584 1192 2645 1245 τὸ
2676 1189 2875 1245 εἰδέναι
2909 1188 3053 1253 τίνος
3083 1189 3116 1258 ἡ
3149 1186 3333 1258 χάρις.

2118 1379 2405 1450 Κρείσσων
2453 1376 2613 1444 λόγος
2661 1372 2869 1442 ἀγαθὸς
2904 1371 2940 1442 ἢ
2986 1369 3170 1432 δόσις’
3215 1365 3418 1433 ἀγαθὸς
3466 1366 3624 1434 λόγος

2046 1472 2188 1540 ὑπὲρ
2215 1473 2372 1541 δόμα.

2116 1565 2287 1631 Χείλη
2317 1563 2527 1634 ἀνδρῶν
2557 1562 2782 1618 δικαίων
2813 1560 3101 1614 ἐπίσταται
3135 1558 3390 1630 χάριτας.

2119 1747 2294 1817 Χάριν
2317 1743 2610 1814 ἀνθρώπου
2642 1742 2718 1806 ὡς
2748 1742 2916 1812 κόρην
2940 1737 3224 1810 ὀφθαλμοῦ
3265 1736 3620 1806 συντήρησον.

2130 1933 2189 1984 Ai
2220 1930 2508 2000 ἀχάριστοι
2533 1926 2702 1998 ψυχαὶ
2731 1925 2969 1978 ἐοίκασιν
2995 1924 3053 1975 ὲν
3083 1923 3150 1992 τῇ
3192 1915 3624 1988 ἀπαλλοτριὼπει

2051 2026 2156 2079 τῶν
2213 2023 2433 2093 ἀγαθῶν
2485 2023 2585 2092 τῆς
2647 2017 3026 2089 παρελθούσης
3086 2015 3306 2085 χάριτος
3358 2010 3628 2066 ἐπαισθά-

2050 2119 2258 2172 νεσθαι.

2121 2208 2244 2262 Τῶν
2279 2205 2500 2274 ἀγαθῶν
2536 2203 2716 2274 ἔργων
2749 2203 2805 2256 αἱ
2856 2201 3074 2272 χάριτες
3113 2198 3203 2251 ἐπὶ
3237 2197 3362 2259 τοὺς
3391 2193 3631 2255 διδᾶντας

2052 2297 2582 2368 ὲπαναστρέφουσιν.

2123 2389 2436 2460 Εὐεργέτας
2468 2387 2566 2458 μὲν
2599 2391 2694 2440 καὶ
2733 2385 2802 2440 τὰ
2837 2384 3004 2454 θηρία
3039 2381 3287 2450 φυσικῶς
3320 2379 3509 2450 ἀγαπᾷ
3536 2395 3548 2410 ο
3579 2375 3631 2428 τί

2051 2482 2108 2536 δὲ
2135 2481 2388 2535 τοσοῦτον
2420 2479 2700 2548 εὐεργετεῖ
2741 2477 2769 2531 ὁ
2811 2475 2986 2544 φίλος,
3023 2475 3148 2528 ὅσον
3177 2473 3226 2524 οἱ
3259 2471 3441 2542 ἐχθροὶ
3490 2485 3630 2538 προ-

2053 2573 2332 2641 ξενοῦντες
2367 2574 2501 2643 ἡμῖν
2535 2573 2629 2624 τὸν
2686 2567 3038 2640 μακαρισμδν
3085 2564 3180 2620 τοῦ
3211 2564 3420 2633 Κυρίου
3454 2560 3633 2614 είπόν-

2050 2683 2180 2732 τοςο
2219 2685 2237 2717 ι
2275 2664 2552 2735 Μακάριοί
2604 2663 2729 2716 ἐστε
2785 2663 2913 2715 ὅταν
2961 2659 3296 2712 ὀνειδίσωσιν
3338 2655 3505 2722 ὑμᾶς,
3537 2652 3638 2733 καὶ.

2051 2758 2306 2825 διώξωσι,
2339 2758 2436 2811 καὶ
2476 2753 2675 2808 εἴπωσι
2721 2754 2830 2807 πᾶν
2852 2749 3090 2823 πονηρὸν
3119 2750 3268 2820 ῥῆμα
3299 2745 3419 2798 καθ’
3451 2743 3628 2812 ὑμῶν,

2051 2853 2375 2922 ψευδόμενοι
2407 2851 2594 2904 ἕνεκεν
2626 2847 2798 2917 ἐμοῦο
2853 2845 3074 2917 χαίρετε
3126 2841 3224 2896 καὶ
3275 2835 3630 2907 ἀγαλλιᾶσθε,

2052 2949 2133 3002 ὅτι
2162 2948 2190 3000 ὁ
2218 2944 2408 3016 μισθὸς
2442 2942 2597 3013 ὑμῶν
2628 2941 2795 3004 πολὺς
2824 2940 2882 2993 ἐν
2918 2941 3028 3000 τοῖς
3056 2935 3304 3006 οὐρανοῖς
3332 2950 3349 3001 ;
3392 2950 3409 2982 ι

446 3128 697 3203 Theolog.
732 3133 870 3189 Dum
923 3138 1148 3208 navigas
1187 3141 1449 3197 secundis
1489 3144 1689 3209 ventis,
1718 3161 1941 3203 manum

2127 3132 2274 3194 Ἕως
2319 3131 2473 3193 πλεῖς
2501 3128 2560 3193 ἐξ
2612 3127 2822 3196 οὐρίας,
2863 3120 2941 3194 τῷ
2972 3115 3299 3187 ναυαγοῦντι
3322 3116 3410 3178 δὸς
3439 3115 3595 3209 χεῖρα
3623 3122 3636 3140 ‘

369 3222 587 3291 porrige
613 3225 902 3297 naufrago,
935 3239 986 3284 et
1013 3233 1140 3286 dum
1178 3233 1313 3291 bene
1339 3235 1553 3294 habitus
1586 3252 1650 3296 ac
1681 3239 1833 3295 dives
1861 3255 1942 3308 es,

371 3317 512 3370 male
543 3316 793 3374 allectum
817 3321 1029 3390 juvato.

446 3407 727 3465 Detitionis
779 3414 1213 3485 magnitudinem
1273 3419 1629 3478 determinari
1690 3428 1948 3484 convenit

369 3516 469 3568 pro
498 3503 660 3558 modo
684 3504 832 3561 illius
867 3522 894 3560 a
925 3524 1033 3578 quo
1056 3514 1278 3578 petitur.
1308 3511 1440 3569 Tam
1472 3519 1618 3574 enim
1648 3521 1944 3576 absurdum

370 3601 451 3647 est
486 3610 682 3664 magna
712 3612 740 3652 a
777 3614 946 3668 parvo
973 3611 1182 3670 petere,
1215 3619 1375 3674 quam
1417 3623 1582 3676 parva
1636 3625 1666 3664 a
1721 3628 1942 3682 magno.

370 3683 484 3738 llac
511 3686 656 3740 enim
695 3689 818 3755 vile,
855 3689 988 3744 illud
1029 3691 1402 3762 importunum
1443 3697 1698 3754 habetur.

450 3775 621 3829 Ποιιιο
655 3777 790 3833 nihil
848 3787 958 3833 tam
993 3779 1086 3836 Dei
1143 3783 1310 3839 habet
1357 3800 1523 3855 quam
1582 3787 1944 3846 benefacere:

372 3868 623 3934 quamvis
650 3868 741 3923 hic
767 3869 822 3926 in
851 3870 1065 3941 magnis
1109 3873 1292 3938 rebus,
1331 3878 1424 3932 ilic
1461 3879 1516 3932 in
1556 3880 1741 3949 parvis
1779 3882 1947 3938 bene-

371 3957 556 4022 l‘aciat,
597 3967 828 4030 uterque
858 3961 1114 4018 nimirum
1149 3979 1245 4032 pro
1280 3983 1376 4020 sua
1412 3969 1687 4028 facultate.

441 4048 844 4108 Beuel‘aciendo
876 4052 1048 4110 Deum
1072 4057 1272 4111 imitari
1311 4068 1363 4115 te
1394 4070 1542 4130 puta.

443 4141 498 4196 S.
533 4142 806 4213 Clrrysost.
838 4143 1034 4201 Multos
1075 4148 1345 4220 videmus,
1379 4164 1500 4222 post
1531 4167 1749 4226 accepta
1787 4159 1951 4215 bene-

371 4227 517 4296 licia,
545 4240 800 4286 auctores
845 4234 1236 4292 beneﬁciorum
1293 4241 1457 4298 veluti
1501 4248 1771 4317 mancipia
1809 4267 1949 4305 con-

373 4333 633 4388 munere,
663 4331 714 4378 et
743 4324 977 4383 frontem
1009 4330 1272 4388 adversus
1306 4334 1452 4403 ipsos
1479 4339 1824 4396 contrahere.

2056 3227 2160 3291 ἕως
2205 3227 2452 3286 εὐεκτεῖς
2483 3223 2578 3277 καὶ
2635 3220 2905 3282 πλουτεῖς,
2959 3215 3036 3286 τῷ
3090 3210 3490 3269 κακοπαθοῦντι
3544 3207 3636 3277 βοιο

2059 3318 2284 3389 ήθησον.

2131 3407 2578 3482 Συμμετρεῖσθαι
2632 3406 2713 3458 δεῖ
2762 3402 2838 3474 τῷ
2878 3401 3188 3471 αἰτουμένῳ
3236 3396 3338 3468 τὴν
3392 3396 3627 3464 αἴτησιν.

2073 3501 2305 3573 Ὁμοίως
2355 3500 2462 3570 γὰρ
2493 3499 2692 3551 ἄτοπον
2735 3493 2886 3565 παρά
2918 3491 3120 3564 μικροῦ
3178 3489 3389 3560 μεγάλα
3425 3487 3628 3556 ζητεῖν,

2059 3598 2153 3651 καὶ
2178 3593 2329 3665 παρά
2362 3591 2608 3662 μεγάλου
2645 3588 2816 3658 μικρά
2840 3602 2856 3619 ο
2889 3585 2951 3641 τὺ
3005 3583 3106 3655 μὲν
3134 3583 3240 3654 γάρ
3277 3581 3526 3650 ἄκαιρον,
3578 3576 3635 3628 τὸ

2056 3689 2114 3744 δὲ
2158 3686 2501 3758 μικρολόγον.

2133 3781 2302 3836 Οὐδὲν
2334 3777 2509 3838 οὕτως
2529 3775 2602 3838 ὡς
2632 3774 2693 3827 τὸ
2732 3767 2792 3826 εὖ
2825 3771 2999 3824 ποιεῖν
3023 3769 3312 3838 ἅνθρωπος
3335 3766 3447 3836 ἔχει
3473 3765 3634 3827 Θεοῦ,

2061 3873 2163 3928 κᾶν
2197 3873 2224 3924 ό
2276 3871 2375 3940 μὲν
2411 3866 2604 3938 μείζω,
2643 3867 2671 3918 ὁ
2701 3864 2756 3918 δὲ
2785 3863 2993 3916 ἐλάττω
3025 3859 3308 3930 εὐεργετῇ,
3350 3857 3633 3926 ἑκάτερος,

2059 3965 2234 4034 οἶμαι,
2261 3962 2403 4017 κατά
2432 3959 2531 4029 τὴν
2555 3956 2750 4012 ἑαυτοῦ
2785 3955 3035 4022 δύναμιν.

2135 4053 2456 4123 Εὐεργετῶν
2488 4048 2675 4118 νόμιζε
2707 4045 2993 4116 μιμεῖσθαι
3029 4042 3185 4096 Θεόν.

2145 4144 2396 4215 Ὀρῶμεν
2427 4140 2655 4202 πολλοὺς
2685 4138 2794 4190 τῶν
2824 4134 3129 4205 ἀνθρώπων
3163 4133 3300 4206 μετά
3333 4133 3430 4195 τὰς
3475 4134 3635 4202 εὐερ-

2063 4238 2276 4307 γεσίας,
2314 4235 2565 4302 καθάπερ
2616 4229 2989 4301 ἀνδραπόδων,
3037 4226 3212 4291 οὕτως
3251 4227 3639 4297 ὑπερορῶντας

2063 4336 2173 4389 τῶν
2223 4329 2702 4401 εὐεργετησάντων
2757 4325 2850 4379 καὶ
2896 4323 2997 4388 τὰς
3045 4323 3222 4394 ὀφρῦς
3265 4323 3641 4378 ἀνασπώντων

2061 4427 2182 4480 κατ’
2213 4423 2414 4480 αὐτῶν.

442 4523 678 4578 Benefici
743 4527 915 4583 simus
965 4545 1092 4603 erga
1141 4532 1263 4588 illos
1313 4536 1405 4604 qui
1453 4552 1561 4591 non
1609 4541 1855 4596 sentiunt
1889 4561 1948 4600 se

2132 4536 2536 4607 Εὐεργετῶμεν
2563 4534 2691 4596 τοὺς
2731 4531 2866 4600 μηδὲ
2912 4528 3340 4598 αἰσθανομένους
3367 4527 3452 4582 ὅτι
3485 4528 3643 4597 εὐερ-

373 4615 651 4672 Leneliciis
687 4617 855 4685 afllci,
899 4634 968 4676 ne
1007 4637 1104 4677 vos
1139 4625 1384 4679 vicissim
1424 4635 1516 4682 aut
1545 4628 1833 4688 laudantes
1860 4645 1953 4690 aut

369 4709 526 4761 aliter
557 4719 973 4768 remunerautes
1017 4715 1320 4770 mercedem
1353 4719 1516 4774 nobis
1569 4721 1899 4779 imminuant
1933 4742 1950 4792 ;

371 4814 495 4853 nam
553 4814 677 4856 eum
732 4801 870 4856 nihil
921 4805 989 4858 ab
1026 4804 1348 4865 hominibus
1387 4811 1786 4880 acceperimus,
1821 4825 1952 4872 tunc

369 4889 576 4956 majora
609 4891 945 4960 accipiemus
971 4907 1000 4946 a
1031 4892 1160 4949 Deo.

419 5000 593 5069 'Scepe
631 5002 836 5058 sufficit
867 5005 950 5059 vel
1003 5006 1118 5076 ipsa
1153 5007 1406 5066 voluntas
1431 5025 1694 5081 magnum
1728 5014 1948 5085 aliquod

365 5090 569 5148 bonum
597 5093 850 5151 faciendi.

437 5203 556 5260 Non
588 5206 856 5285 benefacit
883 5211 976 5278 qui
1000 5211 1290 5279 benefaeit,
1327 5215 1422 5269 sed
1460 5215 1786 5274 beneficium
1835 5221 1952 5292 ipse

369 5298 568 5366 accipit
597 5299 782 5365 potius
813 5317 978 5369 quam
1018 5304 1130 5359 dat.
1163 5305 1369 5374 Majora
1390 5307 1535 5361 enim
1569 5309 1764 5380 accipit
1786 5328 1947 5380 quam

369 5388 656 5458 largiatur;
689 5393 950 5460 quoniam
983 5394 1090 5448 Deo
1122 5406 1372 5451 mutuum
1410 5399 1522 5466 dat,
1554 5415 1662 5455 non
1717 5401 1952 5458 homini-

368 5479 506 5541 bus;
537 5491 702 5549 auget
730 5497 884 5552 Opes,
921 5501 1030 5539 non
1063 5487 1281 5542 minuit.
1306 5491 1502 5546 Minuit
1524 5502 1704 5548 autem
1739 5496 1786 5551 si
1816 5496 1952 5552 nihil

368 5570 572 5635 demat,
605 5573 650 5626 si
683 5572 818 5628 nihil
850 5577 1167 5648 elargiatur.

442 5685 598 5755 Creg.
639 5685 802 5755 Nyss.
837 5688 942 5756 Qui
980 5689 1184 5746 bonum
1228 5693 1330 5748 sibi
1393 5696 1446 5750 in
1501 5699 1785 5757 voluntate
1837 5713 1953 5758 tan-

366 5784 476 5830 tum
509 5780 819 5848 preposuit,
867 5781 1163 5852 impeditur
1187 5796 1368 5842 autem
1410 5789 1784 5855 imbecillitate
1811 5810 1950 5864 quo-

2057 4630 2370 4700 γετοῦνται,
2408 4628 2499 4682 ἵνα
2544 4626 2618 4696 μὴ
2661 4623 2970 4684 ἀντιδόντες
3018 4621 3150 4691 ἡμῖν
3187 4621 3279 4674 τὸν
3328 4620 3574 4681 ἔπαινον,
3604 4621 3638 4690 ἢ

2055 4726 2083 4778 ὅ
2130 4742 2183 4777 τι
2209 4724 2433 4793 δήποτε,
2489 4718 2869 4773 ὲλαττώσωσιν
2903 4717 3039 4786 ἡμῖν
3075 4714 3167 4768 τὸν
3218 4713 3435 4785 μισθόν.
3471 4713 3643 4767 Ὅταν

2055 4819 2164 4887 γὰρ
2199 4815 2366 4886 μηδὲν
2397 4812 2550 4882 παρά
2577 4810 2883 4881 ἀνθρώπων
2915 4807 3196 4876 λάϐωμεν,
3247 4806 3367 4859 τότε
3417 4805 3643 4874 μείζονα

2055 4908 2207 4976 παρά
2232 4905 2367 4959 Θεοῦ
2399 4901 2705 4974 ληψόμεθα.
3469 4917 3480 4928 ι

2140 5020 2330 5089 Ἀρκεῖ
2378 5015 2648 5086 πολλαχοῦ
2699 5014 2794 5069 καὶ
2849 5014 3174 5086 προαίρεσις
3217 5014 3363 5085 μέγα
3413 5013 3635 5083 ποιῆσαι

2057 5111 2282 5179 ἀγαθόν.

2131 5229 2246 5281 Οὐκ
2277 5222 2336 5280 εὖ
2387 5227 2532 5279 ποιεῖ
2559 5225 2586 5276 ὁ
2614 5222 2674 5276 εὖ
2726 5221 2920 5287 ποιῶν,
2969 5221 3085 5276 ἀλλ’
3113 5218 3173 5277 εὖ
3219 5221 3422 5292 πάσχει
3457 5221 3634 5280 αὐτὸς.

2055 5320 2429 5389 εὐεργετεῖται
2480 5315 2700 5385 μᾶλλον,
2755 5313 2855 5367 οὐκ
2911 5313 3215 5384 εὐεργετεῖ.
3261 5315 3500 5378 Μείζονα
3527 5306 3638 5377 γὰρ

2053 5408 2348 5478 λαμϐάνει,
2380 5407 2414 5477 ἢ
2441 5407 2648 5460 δίδωσι.
2700 5403 2819 5475 Θεῷ
2855 5404 2964 5475 γὰρ
2998 5403 3255 5468 δανείζει,
3290 5403 3386 5456 οὐκ
3427 5396 3638 5466 ἀνθρὼ-

2054 5519 2180 5564 ποις
2209 5515 2224 5530 °
2259 5498 2412 5563 αὔξει
2443 5499 2536 5552 τὸν
2569 5497 2821 5564 πλοῦτον,
2854 5497 2914 5550 οὐ
2951 5498 3130 5568 μειοῖ·
3163 5493 3308 5560 μειοῖ
3327 5489 3404 5557 δὲ,
3435 5490 3529 5544 ἐὰν
3560 5489 3637 5560 μὴ

2057 5591 2360 5664 ἐλαττώσῃ,
2388 5593 2482 5645 ἐὰν
2519 5591 2594 5661 μὴ
2629 5591 2723 5660 δῷ.

2141 5707 2201 5758 '0
2235 5705 2464 5774 θελήσας
2511 5705 2572 5758 τὺ
2617 5704 2820 5772 ἀγαθὸν
2869 5701 3050 5772 μόνον,
3084 5696 3351 5759 κωλυθεὶς
3400 5695 3456 5749 δὲ
3497 5694 3636 5765 πρὶς

2055 5795 2115 5851 τὺ
2149 5795 2313 5852 καλὸν
2351 5795 2425 5866 τῷ
2467 5795 2541 5867 μὴ
2598 5794 2879 5859 δύνασθαι,
2935 5790 3056 5847 κατ’
3108 5789 3263 5845 οὐδὲν
3312 5787 3634 5842 ἐλαττοῦται
