4038 6400
387 393 490 458 877

1198 396 1373 459 LOCI
1405 399 1843 467 COMMUNES.
1877 429 1948 442 —
1985 406 2181 468 PARS
2224 408 2272 469 Ι.
2317 409 2578 470 SERMO
2616 411 2837 473 XXDK.

3548 412 3660 478 878

386 516 486 577 τῆς
517 511 700 581 ψυχῆς
729 511 969 566 διαθέσει
996 513 1091 568 τοῦ
1134 513 1223 569 διὰ
1257 517 1366 572 τῶν
1400 519 1580 592 ἔργων
1611 522 1710 597 τὴν
1738 524 1967 599 γνώμην
1995 525 2046 585 Α

2075 527 2254 581 minus
2276 526 2526 582 etlectutn
2554 529 2644 583 det
2669 569 2685 596 ,
2718 527 2849 582 nihil
2885 526 3112 583 inferior
3135 536 3217 583 est
3244 527 3410 583 animi
3439 530 3524 585 sui
3562 530 3660 584 ha-

385 603 682 668 δείξαντος.

458 782 568 838 ’Τὸν
620 786 1018 856 εὐεργετοῦντά
1065 806 1124 843 σε
1176 788 1258 854 εἰς
1306 790 1508 865 ψυχὴν,
1559 794 1634 859 ὡς
1690 797 1970 871 ὑπηρέτην

391 878 528 930 Θεοῦ
585 879 725 947 μετὰ
765 878 898 934 Θεὸν
927 879 1086 951 τίμα.

464 972 527 1023 (li
557 972 904 1028 δαπανῶντες
933 974 1015 1038 εἷς
1072 976 1349 1045 ἀναξίους,
1381 979 1452 1032 δι’
1482 972 1557 1035 ὧν
1604 982 1772 1053 ἐχρῆν
1809 984 1971 1055 θερα-

389 1063 654 1118 πεύεσθαι
684 1067 811 1129 τούς
860 1066 1068 1131 ἀξίους,
1102 1073 1284 1138 τρισὶν
1315 1074 1540 1138 ἀτόποις
1586 1076 1803 1147 ἐνόχους
1844 1081 1972 1132 ἑαυ-

387 1155 514 1215 τοὺς
545 1156 941 1226 ἀποφαίνουσιν
965 1175 981 1191 υ
1030 1161 1349 1229 ἐζημίωσαν
1380 1165 1632 1229 ἑαυτοὺς.
1676 1169 1969 1239 ἐνύϐρισαν

324 1268 334 1328 3
388 1254 513 1314 τοὺς
544 1254 839 1322 χρηστοὺς,
873 1256 1000 1318 τοὺς
1025 1256 1263 1324 φαύλους
1290 1258 1603 1330 ἐνίσχυσαν,
1630 1261 1763 1334 ὐλην
1790 1263 1972 1334 ἀμαρ-

386 1350 520 1403 τιῶν
549 1350 981 1419 χορηγήσαντες.

472 1438 802 1509 Ἀχάριστον
847 1441 1180 1514 εὐεργετεῖν,
1226 1446 1321 1499 καὶ
1356 1448 1553 1518 νεκρὸν
1601 1449 1874 1523 μυρίζειν,
1912 1451 1971 1505 ἐν

384 1532 492 1599 ἴσῳ
514 1535 715 1587 κεῖται..

466 1626 630 1693 Ὄφιν
681 1627 925 1697 τρέφειν,
966 1631 1056 1683 καὶ
1107 1633 1342 1700 πονηρὸν
1395 1634 1731 1704 εὐεργετεῖν,
1772 1637 1970 1692 ταύτόν

389 1716 557 1771 ἐστιν.
597 1719 897 1791 Οὐδετέρου
929 1724 1039 1794 γὰρ
1069 1725 1100 1792 ἡ
1134 1726 1292 1795 χάρις
1322 1727 1538 1781 εὐνοιαν
1566 1731 1753 1801 γεννᾷ.

470 1812 781 1881 Ἀνακρέων
825 1814 853 1866 ὁ
886 1816 1198 1884 μελοποιὸς,
1229 1817 1412 1873 λαϐὼν
1439 1821 1702 1875 τάλαντον
1739 1823 1967 1894 χρυσίου

383 1902 540 1974 παρὰ
570 1904 956 1972 Πολυκράτους
986 1909 1081 1960 τοῦ
1115 1910 1399 1977 τυράννου,
1435 1912 1726 1979 ἀπέλυσεν,
1761 1915 1962 1968 εἰπών·
1997 1896 2040 1952 Β

384 1994 545 2047 Μισῶ
578 1995 808 2064 δωρεὰν,
845 1998 968 2069 ἥτις
998 2000 1298 2069 ἀναγκάζει
1329 2003 1654 2074 ἀγρυπνεῖν.

454 2086 806 2156 Δημοσθένης
859 2089 1158 2160 ἐρωτηθεὶς
1203 2093 1257 2144 τί
1302 2092 1593 2163 ἄνθρωπος
1624 2094 1965 2166 ἔχειὸμοιον

383 2173 524 2245 Θεῷ,
558 2176 664 2248 ἔφη
690 2193 704 2209 ο
731 2177 806 2232 To
833 2180 1145 2252 εὐεργετεῖν
1175 2182 1272 2236 καὶ
1297 2183 1606 2254 ἀληθεύειν.

455 2361 671 2433 Μικραὶ
699 2362 921 2433 χάριτες
959 2364 1018 2419 ὲν
1044 2364 1221 2437 καιρῷ
1256 2364 1513 2436 μέγισταί
1541 2368 1648 2421 εἶσι
1680 2368 1794 2432 τοῖς
1824 2369 1964 2440 λαμ-

384 2452 610 2507 ϐάνουσι
643 2455 848 2520 ταύτας
875 2457 934 2509 ἐν
968 2458 1313 2528 περιστάσει.

454 2544 646 2616 Μικρὰ
677 2546 877 2601 διδόναι
913 2548 1105 2619 βούλου
1149 2552 1373 2622 μᾶλλον,
1402 2554 1436 2621 ἢ
1477 2553 1689 2622 μεγάλα
1732 2554 1960 2625 ὲγγυᾷν.

387 2635 457 2688 Ὅ
489 2653 550 2691 τε
583 2638 693 2708 γὰρ
723 2638 967 2705 κίνδυνος
999 2642 1217 2712 ἄπεστι,
1250 2646 1344 2699 καὶ
1386 2646 1415 2699 ὁ
1455 2645 1638 2700 λαϐὼν
1674 2646 1875 2718 ἔργων,
1901 2648 1961 2702 οὐ

356 2768 367 2773 -
382 2725 542 2794 λόγου
574 2747 669 2799 χρε
681 2732 765 2783 ἴαν
801 2731 936 2803 ἔχει.

450 2814 629 2891 ᾬτινι
655 2823 753 2894 τὴν
774 2826 937 2896 χάριν
967 2830 1175 2902 καταθῇ
1192 2851 1231 2899 ί,
1253 2833 1447 2888 θᾶττον
1479 2833 1582 2903 τὴν
1608 2833 1772 2906 χάριν
1794 2833 1958 2888 δίδου.

464 2913 530 2965 Ἡ
555 2916 663 2985 γὰρ
687 2916 955 2990 βραδυτὴς
985 2921 1308 2993 λυμαίνεται
1335 2927 1435 2994 τὴν
1461 2925 1630 2984 δόσιν.

453 3005 767 3076 Δυνάμενος
824 3011 1171 3082 χαρίζεσθαι,
1208 3015 1285 3088 μὴ
1318 3015 1569 3087 βράδυνε,
1612 3017 1750 3073 ἀλλὰ
1790 3018 1960 3086 δίδου,

378 3099 748 3171 ἐπιστάμενος
779 3106 853 3176 μὴ
884 3104 1023 3162 εἶναι
1050 3109 1121 3163 τὰ
1149 3111 1453 3180 πράγματα
1489 3115 1719 3186 μόνιμα.

465 3190 524 3244 Ὀ
558 3193 802 3266 πλουσίῳ
852 3201 1108 3269 χορηγῶν
1144 3203 1296 3256 οὐδὲν
1325 3205 1575 3276 διαφέρει
1614 3206 1708 3261 τοῦ
1755 3211 1836 3275 εἰς
1867 3209 1961 3264 θά-

380 3280 441 3334 λα
452 3300 586 3338 σσαν
617 3285 763 3359 ὕδωρ
794 3291 1102 3359 ἐκχέοντος.

455 3378 620 3431 Οὐδὲν
644 3381 705 3434 ἐν
733 3382 813 3452 τῷ
842 3382 944 3456 βίῳ
972 3387 1203 3456 τάχιστα
1234 3392 1505 3460 γηράσκει
1528 3390 1606 3456 ὡς
1640 3393 1823 3465 χάρις.

450 3471 516 3526 Ἦ
544 3473 708 3545 χάρις
737 3478 875 3546 πρὸς
898 3477 1257 3549 εὐγνώμονας
1283 3483 1541 3539 οὐδέποτε
1564 3485 1814 3557 θνήσκει.

447 3654 538 3721 Μὴ
564 3654 734 3724 φεῦγε
766 3657 939 3727 μικρὰ
966 3659 1315 3730 χαρίζεσθαι.
1344 3661 1528 3729 Δόξεις
1560 3662 1671 3737 γὰρ
1696 3664 1793 3720 καὶ
1817 3668 1960 3738 πρὸς

375 3745 444 3799 τὰ
478 3745 695 3813 μεγάλα
732 3747 974 3812 τοιοῦτος
1008 3746 1174 3807 εῖναι.

448 3836 539 3907 Μὴ
570 3838 841 3912 δνειδὲσῃς
876 3840 956 3912 τῷ
990 3841 1132 3912 φίλῳ
1176 3861 1273 3898 σου
1314 3845 1578 3916 χάριταςο
1611 3846 1709 3921 ἔσῃ
1745 3849 1856 3920 γὰρ
1883 3850 1959 3914 ὡς

374 3929 436 3980 οὐ
464 3929 733 3996 δεδωκώς.

447 4022 511 4073 Ol
566 4023 641 4092 μὴ
697 4026 1038 4096 χρησάμενοι
1091 4031 1201 4091 τοῖς
1234 4032 1452 4101 καιροῖς
1504 4031 1704 4102 ὀρθῶς,
1748 4033 1871 4087 οὐδὲ
1907 4035 1956 4089 εἰ

377 4113 573 4185 συνέϐη
604 4132 657 4167 τι
692 4117 878 4181 αὐτοῖς
923 4121 1075 4191 παρά
1128 4118 1225 4174 τοῦ
1259 4121 1396 4176 Θεοῦ
1443 4124 1704 4194 χρηστὸν,
1748 4142 1959 4196 μνημο-

375 4222 642 4260 νευουσιν.

445 4300 537 4370 Μὴ
565 4301 706 4354 αῐτει
761 4303 994 4371 μεγάλα,
1029 4304 1117 4360 ἵνα
1152 4307 1229 4378 μὴ
1263 4307 1411 4362 δυοῖν
1459 4309 1711 4380 θάτερον,
1748 4310 1780 4381 ἢ
1810 4326 1955 4376 ’τυγ-

374 4389 555 4459 χάνων
592 4393 791 4465 λυπῇς,
829 4396 861 4466 ἥ
899 4397 975 4468 μὴ
1010 4400 1299 4471 τυγχάνων
1331 4401 1501 4474 λυπῇ.

446 4573 538 4641 Μὴ
565 4575 718 4644 παρὰ
762 4575 981 4630 πάντων
1015 4577 1082 4631 τὰ
1130 4578 1382 4650 διδόμενα
1423 4581 1676 4654 δέχεσθαι
1724 4587 1860 4658 χρή·
1891 4589 1952 4643 οὐ

369 4663 480 4736 γὰρ
506 4665 726 4738 θεμιτὸν
753 4668 953 4741 ἀρετὴν
981 4670 1084 4724 ὑπὸ
1115 4673 1312 4738 κακίας
1357 4673 1679 4746 τρέφεσθαι.

437 4854 576 4919 Τοὺς
606 4855 846 4922 ἀγαθοὺς
873 4858 932 4912 εὖ
962 4860 1127 4918 ποίει.
1161 4861 1344 4926 Καλὸς
1374 4862 1484 4936 γὰρ
1512 4865 1790 4939 θησαυρὸς
1821 4869 1953 4942 παρ’

365 4944 523 5015 ἀνδρὶ
564 4948 840 5019 σπουδαίῳ
875 4951 1036 5022 χάρις
1062 4953 1414 5027 ὀφειλομένη.

447 5039 823 5110 ’Λδαπάνητός
875 5043 992 5096 ἐστι
1020 5047 1123 5115 τῆς
1150 5046 1399 5112 εὐποιίας
1424 5050 1454 5103 ὁ
1485 5050 1716 5117 πλοῦτος
1741 5069 1756 5085 ’
1784 5055 1843 5107 ἐν
1870 5055 1951 5126 τῷ

362 5129 562 5184 διδόναι
611 5132 717 5203 γὰρ
744 5131 1105 5203 λαμὸάνεται,
1138 5139 1230 5192 καὶ
1264 5140 1323 5192 ὲν
1366 5140 1444 5212 τῷ
1471 5145 1791 5215 σκορπίζειν
1826 5164 1951 5201 συν-

360 5218 548 5287 άγεται
558 5262 571 5275 .

361 5313 630 5456 M2an
656 5334 709 5369 τι
761 5318 915 5389 παρά
964 5336 1133 5388 τινος,
1184 5321 1349 5386 εὐθὺς
1391 5323 1614 5393 ἀπόδος,
1652 5327 1740 5381 ἵνα
1784 5329 1949 5385 πάλιν

467 5422 553 5475 ης·

432 5495 707 5566 Χρήματα
738 5501 980 5572 πορίζειν
1009 5504 1108 5576 μὲν
1137 5505 1245 5560 οὐκ
1265 5506 1527 5578 ἀχρεῖον·
1558 5510 1618 5576 ἐξ
1647 5511 1858 5577 ἀδικίας
1886 5515 1944 5569 δὲ

361 5589 562 5650 παντὸς
585 5593 801 5648 κάκιον.

428 5678 674 5749 ’Υμνους
703 5684 782 5755 τῷ
808 5685 947 5759 Θεῷ,
975 5689 1230 5755 ἐπαίνους
1255 5691 1311 5745 δὲ
1340 5694 1452 5758 τοῖς
1477 5694 1786 5764 ἀνθρώποις
1805 5717 1946 5772 παρ-

360 5771 505 5842 έχειν
531 5775 628 5830 δεῖ.

429 5865 628 5924 Ε-ὐειοια
653 5871 747 5925 καὶ
776 5875 935 5945 χάρις
960 5877 1257 5934 πειθόντων
1283 5881 1452 5954 ἐστὶν,
1477 5887 1539 5941 οὐ
1569 5887 1933 5959 βιαζομένων.

2046 5802 2121 5848 tet

2074 617 2191 689 bitu
2217 659 2232 684 ,
2259 635 2419 690 quam
2451 621 2544 691 qui
2579 637 2638 677 re
2688 622 2807 690 ipsa
2839 621 3182 692 propositum
3214 635 3377 677 suum
3411 622 3659 680 declara-e

2073 710 2167 765 vit.

2141 803 2247 870 Qui
2278 807 2475 861 animzc
2508 816 2612 862 tute
2642 807 2968 864 beneﬁcium
3005 817 3249 879 praestat.
3285 808 3454 865 veluti
3486 810 3651 864 mini-

2073 903 2244 951 strum
2286 898 2375 951 Dei
2412 908 2535 968 post
2568 898 2734 955 Deum
2766 900 2996 955 honora.

2154 990 2328 1044 Photii
2349 992 2646 1059 patriarch.
2668 992 2770 1059 Qui
2818 993 3125 1061 largiuntur
3169 992 3410 1063 indignis
3441 1011 3502 1049 ea
3531 1010 3653 1064 qua:

2073 1083 2255 1153 dignis
2286 1083 2526 1138 conferri
2553 1083 2844 1150 debebant,
2879 1085 2982 1140 tria
3008 1089 3358 1143 committunt
3383 1089 3648 1145 absurda:

2072 1192 2198 1232 nam
2227 1184 2280 1230 et
2319 1176 2421 1246 ipsi
2451 1174 2726 1246 iacturam
2754 1175 2982 1243 faciunt,
3016 1178 3146 1233 etin
3172 1179 3348 1236 bonos
3369 1193 3653 1234 contume-

2072 1269 2193 1325 liosi
2221 1277 2439 1334 sunt,et
2476 1268 2646 1323 malos
2674 1267 2845 1325 fortes
2877 1270 3113 1325 reddunt
3140 1273 3371 1327 materia
3391 1273 3651 1327 vitiorum

2071 1363 2429 1431 suppeditata.

2143 1454 2252 1526 59
2275 1452 2548 1509 Plutarch.
2589 1453 2806 1521 Ingrato
2825 1453 3168 1522 benefacere,
3192 1462 3247 1510 et
3274 1470 3477 1526 ungere
3507 1470 3657 1511 mor-

2072 1559 2248 1614 tuum,
2278 1548 2467 1604 eadem
2503 1557 2653 1605 sunt.

2144 1637 2460 1708 Serpentem
2486 1641 2633 1694 alere
2660 1681 2675 1705 ,
2707 1649 2763 1694 et
2799 1640 2947 1695 malo
2985 1639 3333 1704 benefacere,
3368 1639 3507 1695 idem
3543 1649 3649 1695 est.

2069 1731 2273 1787 Neuter
2302 1732 2367 1786 ad
2404 1732 2840 1788 benevolentiam
2870 1732 3135 1788 beneficio
3166 1732 3428 1788 trahitur.

2143 1825 2441 1880 Anacreon.
2474 1826 2765 1880 Anacreon
2799 1826 3001 1896 lyricus
3023 1839 3150 1880 cum
3178 1825 3300 1879 auri
3333 1824 3594 1880 talentum
3624 1839 3652 1877 a

2071 1914 2352 1987 Polycrate
2373 1927 2605 1984 tyranno
2641 1919 2968 1986 accepisset,
2994 1918 3117 1973 aliis
3150 1917 3199 1971 itl
3230 1915 3530 1981 distribuit,
3566 1917 3655 1969 iu-

2070 2009 2267 2080 quiens
2292 2027 2306 2062 :
2345 2008 2445 2065 Odi
2478 2025 2681 2064 munus
2709 2010 2855 2078 quod
2877 2009 3103 2079 vigilare
3129 2008 3295 2079 cogit.

2144 2103 2421 2157 Demosth.
2453 2101 2844 2160 Demosthenes
2881 2103 3247 2170 interrogatus
3307 2100 3435 2170 quid
3485 2100 3653 2152 homo

2069 2196 2248 2252 simile
2282 2195 2393 2251 Deo
2427 2196 2689 2261 haberet,
2722 2194 2857 2249 dixit
2901 2210 2914 2246 :
2952 2191 3285 2249 Benefaccre
3312 2201 3369 2246 et
3399 2204 3531 2246 vera
3569 2189 3654 2245 di.-

2067 2304 2214 2345 θεῖε.

2139 2381 2357 2435 Democ.
2378 2377 2550 2434 Parva
2574 2377 2838 2433 beneﬁcia
2875 2376 3196 2446 tempestiva
3258 2374 3498 2429 maxima
3522 2380 3653 2430 sunt

2067 2471 2464 2540 accipientibus
2489 2484 2552 2524 ea
2580 2470 2632 2523 in
2657 2468 2997 2523 discrimine.

2136 2562 2311 2618 Parva
2365 2562 2545 2631 potius
2606 2562 2824 2633 largire,
2880 2573 3047 2627 quam
3113 2571 3308 2631 magna
3372 2554 3648 2626 promitte.

2067 2655 2181 2710 Hoc
2231 2655 2377 2710 enim
2429 2654 2674 2724 periculo
2726 2662 2906 2716 vacat,
2946 2658 3001 2707 et
3029 2650 3121 2721 qui
3159 2647 3379 2719 accipit,
3423 2661 3505 2713 re,
3540 2661 3648 2701 non

2066 2746 2251 2803 verbis
2288 2746 2512 2815 indiget.

2138 2840 2195 2894 Si
2228 2841 2315 2896 cui
2349 2838 2738 2895 benefacturus
2767 2852 2847 2905 es,
2883 2836 3065 2892 statim
3096 2832 3298 2891 facito.

2137 2931 2391 2989 Tarditas
2424 2933 2571 2989 enim
2601 2932 2856 2988 vitiosum
2883 2929 3065 2986 reddit
3092 2943 3318 2985 munus.

2137 3026 2196 3082 Si
2224 3027 2545 3082 benefacere
2595 3034 2770 3095 potes,
2814 3039 2882 3079 ne
2934 3023 3210 3079 cuncteris
3236 3064 3253 3090 ,
3283 3020 3379 3077 sed
3407 3018 3633 3090 largire,

2065 3121 2244 3176 sciens
2266 3118 2415 3189 quod
2447 3134 2535 3174 res
2557 3133 2664 3173 non
2705 3122 2836 3174 sunt
2873 3116 3119 3172 stabiles.

2135 3210 2399 3271 Socratis.
2441 3211 2544 3279 Qui
2579 3210 2734 3266 diviti
2761 3210 3014 3279 largitur,
3053 3205 3189 3262 nihil
3218 3204 3288 3262 ab
3313 3204 3407 3262 illo
3437 3204 3645 3272 (ἥσθη,

2062 3303 2156 3374 qui
2181 3318 2381 3373 aquam
2408 3309 2462 3358 in
2494 3319 2646 3360 mare
2671 3302 2979 3374 profundit.

2134 3396 2282 3453 Nihil
2317 3399 2371 3453 in
2397 3399 2507 3454 vita
2532 3398 2765 3454 celerius
2793 3396 3062 3455 beneﬁcio
3089 3394 3329 3451 senescit
3345 3412 3367 3453 .'

2135 3490 2381 3553 Catonis.
2414 3491 2747 3548 Beneﬁcium
2795 3489 2938 3561 apud
2993 3498 3178 3561 gratos
3209 3500 3488 3557 nunquam
3525 3499 3646 3538 mo-

2062 3585 2226 3644 ritur.

2135 3677 2376 3743 Epicuri.
2410 3675 2487 3732 Ne
2516 3690 2740 3733 recuses
2787 3675 2841 3729 in
2882 3673 3067 3746 parvis
3119 3669 3416 3744 gratiﬁcari
3441 3682 3458 3723 ι
3488 3666 3647 3723 vitle-

2061 3771 2206 3827 beris
2243 3772 2389 3826 enim
2422 3771 2476 3825 in
2508 3769 2718 3841 magnis
2755 3781 2973 3838 quoque
3002 3763 3269 3837 ejusmodi
3296 3777 3440 3820 esse.

2133 3863 2302 3919 Sexti.
2337 3862 2415 3917 Ne
2466 3863 2766 3932 exprobres
2835 3858 3013 3914 amico
3089 3868 3182 3913 tuo
3241 3851 3645 3919 beneticia;sic

2060 3958 2205 4013 enim
2236 3957 2348 4011 eris
2387 3963 2648 4025 tanquam
2677 3969 2784 4008 non
2814 3952 3053 4008 dederis.

2136 4049 2405 4103 Demosth.
2441 4047 2543 4115 Qui
2568 4048 2827 4115 temporis
2860 4045 3128 4101 rationem
3151 4057 3261 4097 non
3301 4040 3523 4107 habent,
3549 4055 3647 4095 nec

2060 4140 2732 4210 arripiuntoccasionem,
2760 4136 3014 4208 quamvis
3047 4134 3252 4206 aliquid
3286 4132 3415 4189 boni
3443 4133 3645 4188 divini.

2064 4244 2150 4289 tus
2172 4233 2250 4287 eis
2275 4231 2529 4302 obtigerit
2551 4245 2655 4285 non
2682 4230 3069 4284 meminerunt.
3390 4282 3395 4293 ι

2149 4323 2224 4379 Nc
2255 4332 2409 4393 petas
2449 4338 2643 4394 magna
2670 4363 2685 4388 ,
2718 4336 2786 4376 ne
2816 4322 3047 4378 alterum
3081 4337 3110 4376 e
3140 4321 3359 4375 duobus
3401 4317 3640 4378 accidat.

2062 4425 2121 4471 ιιι
2152 4415 2235 4472 vel
2261 4430 2489 4484 compos
2515 4413 2765 4469 redditus
2790 4415 2899 4468 voti
2927 4416 3193 4467 molestus
3227 4413 3326 4469 tias
3358 4411 3484 4468 aliis
3505 4451 3522 4478 ,
3555 4412 3644 4466 vel

2062 4524 2171 4564 non
2203 4520 2448 4575 compos,
2474 4505 2594 4576 ipse
2621 4504 2932 4561 molesﬁam
2966 4504 3196 4563 sentias.

2144 4596 2546 4656 Cratetis.'Non
2573 4597 2642 4652 ab
2674 4595 2926 4653 omnibus
2952 4611 3075 4665 quas
3098 4593 3300 4649 dantur
3325 4593 3639 4664 accipienda

2059 4701 2212 4749 sunt.
2246 4690 2366 4746 Non
2397 4689 2553 4745 tlecet
2589 4688 2734 4744 enim
2760 4688 3016 4743 virtutem
3051 4687 3120 4742 ab
3160 4685 3511 4756 improbitate
3540 4701 3642 4739 nu-

2058 4784 2197 4841 ll‘lt‘i.

2135 4875 2369 4932 Isocrat.
2406 4873 2721 4929 Benefacito
2754 4871 2935 4929 bonis.
2967 4869 3202 4926 Pulcher
3239 4868 3641 4925 enim'thesau-

2054 4982 2149 5024 rus
2172 4977 2256 5023 est
2282 4969 2423 5036 apud
2458 4967 2634 5019 virum
2668 4965 2867 5020 bonum
2898 4962 3084 5018 'debita
3117 4962 3315 5033 gratia.

2144 5059 2445 5131 Thespida.
2480 5057 2625 5128 Opes
2660 5072 2770 5113 non
2810 5057 3181 5112 absumuntur
3231 5053 3636 5143 beneﬁcentia:

2053 5153 2239 5208 dando
2271 5152 2417 5206 enim
2447 5149 2739 5221 accipitur,
2765 5158 2819 5205 et
2851 5147 3161 5219 spargendo
3190 5146 3494 5219 colligitur.

2124 5331 2261 5388 Cum
2282 5332 2413 5401 quid
2434 5333 2504 5389 ab
2527 5332 2714 5403 aliquo
2740 5329 3028 5404 accepisti,
3067 5344 3193 5387 mox
3222 5330 3412 5398 redde,
3446 5340 3505 5388 ut
3533 5334 3635 5390 ite.-

2050 5443 2169 5481 rum
2199 5427 2455 5496 accipias.

2131 5519 2249 5574 Non
2301 5519 2495 5574 inutile
2554 5518 2773 5590 quidem
2827 5529 2910 5574 est
2973 5519 3237 5590 pecunias
3296 5519 3630 5590 acquirere;

2045 5626 2141 5682 per
2172 5611 2499 5679 injustitiam
2538 5627 2689 5674 vero.
2724 5612 2884 5683 longe
2915 5613 3240 5682 pessimum.

2130 5702 2373 5773 llytnnos
2416 5702 2525 5759 Deo
2548 5746 2563 5771 ,
2598 5703 2919 5760 hominibus
2952 5705 3142 5761 laudes
3174 5705 3436 5761 exhibere
3469 5717 3631 5774 oper,

2126 5863 2507 5921 Benevolentia
2548 5876 2607 5924 et
2636 5868 2809 5939 gratia
2854 5867 3300 5937 persuadentium
3356 5881 3460 5937 est,
3513 5882 3625 5933 non

2040 5958 2374 6025 cogentium.
