4038 6402
359 366 464 430 δῑο

718 477 951 535 SERMO
984 477 1130 532 XXX
1170 478 1189 551 [
1219 480 1295 534 al.
1325 479 1594 551 XXXIII].

394 642 399 647 ί
540 573 613 627 De
651 575 829 642 inopia
859 584 907 626 et
930 588 1230 642 paucarum
1255 589 1432 627 rerum
1463 574 1777 644 indigentia.

437 665 555 736 60
588 665 785 720 Matth.
814 680 886 721 γι.
925 663 1071 719 Dixit
1104 664 1413 721 Dominus:
1448 664 1527 721 Ne
1559 666 1785 722 solliciti
1820 666 1943 722 sitis

363 761 491 813 vitae
522 766 717 813 vestra
746 757 873 827 quid
900 757 1234 823 comedatis,
1278 773 1457 829 neque
1507 758 1726 828 corpori
1760 768 1944 814 vestro

362 852 493 920 quid
523 852 804 911 induatis;
837 849 928 906 sed
953 851 1180 920 quatrite
1211 866 1440 921 regnum
1475 852 1568 906 Dei
1599 850 1942 922 etjustitiam

358 945 499 1013 ejus,
524 955 576 999 et
617 944 731 999 haec
761 944 944 999 omnia
974 944 1305 1014 ailjicientur
1346 943 1528 1000 vobis.

430 1128 550 1181 Act.
594 1143 686 1181 xx.
718 1128 1019 1197 Argentum
1061 1137 1157 1183 aut
1191 1144 1388 1184 aurum
1427 1139 1520 1184 aut
1549 1129 1939 1185 vestimentum

356 1220 561 1274 nullius
592 1220 895 1275 desideravi
925 1236 940 1277 :
978 1219 1079 1291 ipsi
1112 1221 1268 1277 scitis
1291 1260 1307 1286 ,
1342 1221 1489 1292 quod
1514 1222 1943 1279 necessitatibus

356 1314 514 1377 meis,
534 1322 588 1366 et
614 1312 698 1366 his
720 1313 813 1382 qui
836 1328 1050 1369 mecum
1080 1322 1211 1369 sunt
1235 1314 1721 1385 suppeditaverunt
1747 1330 1943 1372 manus

357 1404 461 1459 Inv.

422 1495 587 1551 Hebr.
619 1513 736 1552 xm.
762 1495 886 1552 Sint
915 1512 1095 1553 mores
1118 1498 1281 1553 alieni
1316 1499 1385 1553 ah
1419 1500 1672 1566 avaritia,
1696 1502 1940 1557 contenti

357 1589 423 1645 iis
465 1607 586 1660 qua:
619 1591 837 1648 adsunt.
871 1590 1154 1661 Siquidem
1225 1594 1342 1663 ipse
1383 1593 1519 1650 dixit
1550 1609 1569 1663 ;
1607 1594 1728 1648 Non
1762 1605 1812 1651 te
1847 1595 1942 1651 de-

355 1698 500 1747 sero,
540 1699 714 1754 neque
739 1683 1081 1756 derelinquo.

380 1810 391 1815 -
434 1773 667 1845 Philipp.
709 1792 783 1831 IV.
818 1774 955 1831 Nam
1012 1794 1112 1848 ego
1162 1779 1328 1835 didici
1363 1780 1417 1835 in
1467 1780 1671 1850 quibus
1703 1796 1846 1849 sum,
1882 1781 1936 1837 in

1642 369 1961 432 ΔΝΤΟΝΙΙ
2001 368 2346 430 ΜΕΙΛΒΞᾸΞ

1979 481 2027 540 Α

3534 374 3641 438 880

2682 480 2903 535 ΛΟΓΟΣ
2935 479 3023 536 A'.

2281 572 2421 638 Περὶ
2458 570 2896 641 ὰκτημοσύνης
2919 572 3019 627 καὶ
3052 573 3412 642 ὀλιγοδείας.

2118 659 2285 718 Εἶπεν
2314 666 2341 717 ὁ
2365 663 2597 735 Κύριος·
2621 663 2713 733 Μὴ
2767 665 3142 737 μεριμνήσητε
3188 668 3255 736 τῇ
3303 665 3450 738 ψυχῇ
3480 667 3639 737 ὐμῶν

2045 755 2099 807 τί
2172 755 2385 825 φάγητε
2427 773 2440 786 ·
2475 755 2611 825 μηδὲ
2669 755 2747 825 τῷ
2823 754 3037 824 σώματι
3098 758 3251 827 ὐμῶν
3312 760 3365 811 τί
3410 760 3639 832 ὲνδύση·

2006 836 2161 901 ’σθε.
2198 848 2419 917 Ζητείτε
2470 847 2527 901 δὲ
2560 848 2659 918 τὴν
2714 848 2998 918 βασιλείαν
3050 848 3143 902 τοῦ
3201 849 3341 904 Θεοῦ
3390 852 3487 906 καὶ
3534 854 3638 923 τὴν

2044 939 2400 1009 δικαιοσύνην
2427 941 2618 1008 αὐτοῦ,
2655 943 2749 995 καὶ
2776 941 2951 995 ταῦτα
2984 942 3164 998 πάντα
3195 945 3635 1018 προστεθήσεται

2046 1032 2195 1099 ὑμῖν.

2125 1125 2418 1196 Ἀργυρίου
2454 1126 2485 1197 ἢ
2522 1128 2748 1197 χρυσίου
2784 1128 2817 1195 ἢ
2855 1129 3159 1193 ίματισμοῦ
3190 1129 3404 1195 οὐδενὸς
3437 1132 3636 1185 ἐπεθύ-

2046 1231 2196 1285 μησα
2217 1230 2230 1246 ·
2256 1218 2411 1270 αὐτοὶ
2434 1217 2734 1284 γινώσκετε
2760 1217 2842 1270 ὅτι
2860 1220 2979 1282 ταῖς
3009 1220 3218 1289 χρείαις
3247 1237 3375 1289 μου,
3400 1222 3497 1277 καὶ
3520 1223 3633 1287 τοῖς

2043 1310 2161 1364 οὖσι
2198 1312 2316 1381 μετ’
2352 1312 2514 1382 ἐμοῦ,
2549 1300 2908 1382 ὑπηρέτησαν
2950 1312 3007 1366 at
3042 1314 3225 1383 χεῖρες
3261 1306 3445 1368 αὗται.

2129 1488 2533 1560 Ἀφιλάργυρος
2574 1491 2603 1543 ὁ
2646 1489 2873 1560 τρόπος,
2903 1488 3245 1560 ἀρκούμενος
3274 1490 3387 1554 τοῖς
3426 1490 3633 1560 παροῦ-

2044 1598 2151 1635 σιν.
2187 1580 2361 1644 sane;
2397 1582 2505 1652 γὰρ
2539 1576 2717 1649 εἶπεν,
2756 1600 2775 1634 ι
2814 1582 2890 1635 Οὐ
2929 1582 3002 1653 μή
3051 1598 3112 1635 σε
3144 1581 3281 1650 ἀνῶ,
3305 1582 3418 1636 οὐδ’
3450 1584 3512 1637 οὐ
3553 1585 3628 1653 μή

2044 1694 2104 1730 σε
2136 1678 2547 1744 ὲγκαταλείπω.
2589 1696 2607 1728 ι

2126 1769 2267 1837 Ἐγὼ
2297 1770 2499 1841 ἔμαθον
2552 1770 2609 1822 ὲν
2640 1766 2722 1832 οἷς
2769 1770 2910 1840 είμι,
2958 1770 3242 1842 αὐτάρκης
3283 1766 3445 1825 εἷναι.
3494 1767 3628 1825 Οἶδα

358 1866 784 1935 Ιιὶε,ιόιιῑοη1ιιε
829 1883 974 1925 esse.
1026 1867 1164 1925 Novi
1193 1882 1249 1925 et
1278 1871 1501 1927 humilis
1526 1887 1668 1941 esse,
1713 1875 1839 1929 novi
1881 1884 1937 1930 et

2050 1865 2135 1918 καὶ
2166 1862 2585 1925 ταπεινοῦσθαι,
2622 1860 2738 1916 οἶδα
2787 1864 2883 1916 καὶ
2932 1864 3316 1932 περισσεύειν’
3369 1866 3427 1919 ὲν
3464 1866 3629 1920 παντὶ

359 1958 629 2014 excellere
653 1975 668 2015 :
694 1959 892 2028 ubique
922 1971 976 2014 et
1008 1960 1060 2014 in
1099 1961 1358 2016 omnibus
1392 1962 1677 2019 institutus
1708 1978 1853 2031 sum,
1880 1971 1936 2018 et

355 2052 595 2107 saturari
630 2061 685 2108 et
740 2052 976 2120 esurire,
1005 2062 1059 2107 et
1088 2052 1373 2109 abundare
1403 2062 1455 2123 et
1487 2054 1769 2124 penuriam
1798 2054 1930 2124 pati.

355 2144 551 2201 Omnia
593 2161 809 2216 possum
856 2161 954 2215 per
1005 2146 1285 2201 Christum
1328 2146 1422 2216 qui
1460 2161 1548 2202 me
1580 2146 1931 2203 corroborat.

437 2236 587 2292 Ptol.
646 2252 829 2292 xxxvi.
876 2235 1147 2292 Modicum
1200 2238 1371 2292 satius
1423 2245 1509 2292 est
1550 2238 1721 2309 justo,
1765 2254 1930 2310 quam

353 2344 563 2401 magna:
592 2339 938 2400 peccaturum
974 2330 1196 2385 divitiae.

425 2422 580 2477 Psat.
629 2438 738 2477 ut.
781 2421 992 2478 Divitiae
1043 2422 1090 2478 si
1139 2421 1386 2489 allluant,
1420 2438 1516 2480 cor
1545 2439 1614 2480 ne
1652 2424 1928 2494 apponite.

436 2514 596 2570 Prov.
628 2531 718 2570 xx:
746 2554 759 2569 .
799 2513 895 2570 Vir
925 2514 1200 2585 indigens,
1235 2524 1384 2571 autat
1416 2515 1796 2572 sobrietatem.
1824 2514 1930 2582 Qui

352 2606 535 2661 vinum
567 2615 619 2661 et
645 2607 822 2661 oleum
853 2615 1022 2674 amat,
1049 2620 1158 2661 non
1190 2607 1420 2663 ditescet
1440 2608 1541 2677 (l).

439 2697 631 2754 Melius
687 2707 773 2753 est
830 2714 1006 2769 pauca
1063 2699 1313 2770 accipere
1341 2699 1724 2769 cumjustitia,
1763 2714 1928 2770 quam

352 2794 537 2847 multa:
568 2791 945 2861 possessiones
972 2806 1097 2847 cum
1140 2791 1431 2862 iniustitia.

424 2882 615 2938 Melius
644 2896 727 2939 est
762 2885 1072 2940 convivium
1099 2900 1221 2940 cum
1242 2885 1483 2941 oleribus
1510 2886 1575 2939 ad
1608 2884 1927 2955 amicitiam,

353 2995 516 3050 qutun
551 2978 820 3049 appositio
863 2979 1166 3034 vitulorum
1194 2994 1317 3034 cum
1357 2979 1664 3035 inimiticia.

428 3071 589 3126 Prov.
622 3084 753 3125 χιιι.
783 3070 976 3125 Melior
1019 3082 1103 3126 est
1128 3071 1370 3127 buceella
1407 3085 1531 3126 cum
1575 3070 1849 3142 voluptate
1876 3071 1931 3127 in

2042 1957 2139 2011 καὶ
2174 1958 2231 2010 ἒν
2266 1957 2402 2009 πᾶσι
2436 1958 2733 2026 μεμύημαι
2766 1957 2861 2009 καὶ
2888 1957 3251 2027 χορτάζεσθαι
3279 1957 3373 2012 καὶ
3405 1960 3623 2028 πεινᾷν,

2041 2052 2138 2104 καὶ
2185 2049 2544 2120 περισσεύειν
2578 2050 2670 2103 καὶ
2716 2048 3088 2117 ὑστερεῖσθαι.
3139 2049 3324 2104 Πάντα
3358 2050 3529 2121 ίσχύω
3567 2053 3625 2105 ὲν

2037 2140 2119 2211 τῷ
2149 2139 2543 2209 ἐνδυναμοῦντί
2584 2158 2654 2209 με
2677 2139 2924 2210 Χριστῷ.

2111 2234 2386 2302 Κρεῖσσον
2417 2231 2601 2301 ὀλίγον
2650 2232 2728 2301 τῷ
2759 2234 2956 2304 δικαίῳ
2992 2234 3132 2305 ὐπὲρ
3182 2234 3415 2289 πλοῦτον
3443 2235 3625 2305 ἁμαρ·

2037 2322 2225 2377 τωλῶν
2263 2323 2451 2377 πολύν.

2109 2415 2349 2481 Πλοῦτος
2374 2418 2469 2473 ἐὰν
2502 2420 2621 2490 ῥέῃ,
2660 2418 2735 2489 μὴ
2770 2418 3130 2489 προστίθεσθε
3160 2417 3411 2489 καρδίαν.

2120 2510 2284 2583 ’Δνὴρ
2335 2513 2521 2581 ἐνδεὴς
2581 2513 2774 2583 ἀγαπᾷ
2826 2512 3211 2582 σωφροσύνην.
3262 2509 3438 2563 Φιλῶν
3474 2501 3619 2563 οἴνον

2037 2607 2133 2663 καὶ
2161 2606 2342 2661 ἔλαιον
2371 2607 2430 2661 οὐ
2463 2606 2778 2676 πλουτήσει.

2104 2700 2378 2769 Κρεῖσσον
2402 2700 2560 2770 ὀλίγη
2591 2699 2756 2768 λῆψις
2787 2698 2929 2769 μετὰ
2971 2695 3326 2767 δικαιοσύνης
3373 2696 3406 2768 ἢ
3444 2693 3618 2749 πολλὰ

2035 2793 2355 2862 γεννήματα
2388 2792 2526 2862 μετὰ
2556 2792 2790 2851 ἀδικίας.

2107 2884 2380 2954 Κρετσσον
2430 2882 2680 2953 ξενισμδς
2719 2884 2858 2951 μετὰ
2885 2882 3133 2951 λαχάνων
3174 2879 3309 2951 πρὸς
3336 2876 3546 2950 φιλίαν,
3577 2878 3611 2949 ἢ

2037 2975 2344 3046 παράθεσις
2377 2975 2596 3047 μόσχων
2630 2975 2767 3043 μετὰ
2799 2974 3025 3046 ἔχθρας.

2110 3067 2380 3137 Κρεῖσσον
2408 3066 2601 3137 ψωμδς
2647 3065 2767 3136 μεθῖ
2799 3067 2989 3137 ἡδονῆς
3023 3068 3081 3118 ὲν
3113 3067 3337 3137 εἰρήνῃ,
3379 3067 3411 3135 ἢ
3468 3059 3618 3124 οἶκος

354 3178 510 3233 pace,
560 3179 725 3233 quam
768 3165 963 3218 domus
1011 3163 1170 3234 plena
1234 3161 1423 3218 multis
1452 3161 1609 3219 bonis
1631 3172 1685 3219 et
1714 3162 1929 3232 iniustis

2050 3159 2255 3232 πλήρης
2296 3158 2508 3215 πολλῶν
2546 3157 2769 3229 ἀγαθῶν
2820 3161 2912 3213 καὶ
2956 3157 3160 3213 ἀδίκων
3190 3156 3450 3228 θυμάτων
3480 3155 3620 3225 μετά

354 3256 641 3326 pecoribus
677 3270 800 3311 cum
829 3255 1200 3311 contentione.

441 3348 583 3406 Ibid.
608 3365 737 3405 xxx.
783 3349 1011 3405 Divitias
1039 3357 1095 3403 et
1124 3356 1501 3420 paupertatem
1541 3362 1609 3404 ne
1640 3349 1772 3403 mihi
1813 3348 1930 3414 des,

355 3442 581 3496 Domine
605 3485 621 3509 ,
656 3441 749 3496 sed
788 3442 1098 3497 necessaria
1120 3452 1173 3496 et
1198 3455 1317 3509 qua!
1350 3438 1623 3497 sumciant
1663 3441 1793 3495 ibi
1824 3440 1943 3501 lar-,

353 3536 489 3607 gire,
526 3551 595 3591 ne
621 3546 901 3591 saturatus
932 3536 1056 3589 tiam
1093 3550 1289 3600 vanus,
1325 3544 1379 3589 et
1414 3533 1633 3590 dicam:
1674 3532 1808 3600 Quis
1848 3548 1934 3588 me

353 3628 499 3682 videt
525 3626 550 3682 Ἰ
575 3636 668 3681 aut
701 3641 904 3697 pauper
953 3627 1128 3682 iactus
1156 3624 1356 3680 furtum
1386 3626 1747 3689 committam,
1767 3633 1820 3680 et
1849 3625 1936 3696 ju-

354 3735 466 3774 rem
492 3734 585 3789 per
617 3733 813 3775 nomen
840 3719 933 3775 Dei
970 3720 1099 3775 mei.

433 3810 575 3867 Ibid.
609 3828 738 3867 xxv.
771 3811 1000 3867 lnvento
1032 3811 1191 3867 melle
1216 3810 1362 3882 quod
1400 3810 1537 3867 satis
1565 3820 1647 3868 est
1683 3812 1931 3879 comede,

354 3920 421 3959 ne
457 3904 593 3959 forte
617 3905 854 3974 repletus
887 3919 1132 3959 evomas.

437 3997 651 4053 Sirach.
670 3998 900 4052 Praestat
922 3997 1158 4068 pugillus
1185 3998 1378 4068 plenus
1396 4014 1519 4054 cum
1556 4000 1767 4071 quiete,
1790 4000 1932 4056 duo-

352 4091 456 4146 hus
493 4090 710 4160 pugillis
741 4106 863 4146 cum
896 4091 1103 4147 labore.

443 4182 664 4237 llomini
692 4184 926 4252 sapienti
955 4184 1155 4239 suillcit
1208 4186 1490 4257 exiguum.

447 4273 570 4330 Vita
600 4275 966 4347 frugalitatem
1008 4278 1288 4348 sequentis
1322 4279 1564 4347 jucunda
1597 4282 1723 4336 erit.

454 4370 692 4426 Somnus
722 4370 972 4427 sanitatis
1007 4371 1061 4426 in
1094 4382 1283 4428 ventre
1319 4374 1626 4430 moderato.

440 4463 497 4518 S.
527 4461 738 4520 Basilii.
777 4463 1105 4534 Magnanimi
1170 4464 1324 4523 sitis.
1358 4464 1599 4521 Parietes
1649 4481 1779 4521 vero
1836 4482 1932 4521 seu

349 4555 501 4623 pirvi
522 4568 616 4609 seu
647 4555 828 4625 magni
857 4556 1108 4610 eumdem
1149 4560 1308 4611 usum
1341 4556 1622 4612 exhibent.

431 4645 585 4702 Unus
606 4655 689 4702 est
718 4662 917 4718 scopus
941 4650 1128 4714 vestis,
1163 4660 1222 4704 ut
1250 4648 1527 4707 sufficiens
1560 4660 1933 4722 tegumentum

349 4739 420 4806 sit
451 4740 513 4789 ait
539 4739 774 4796 hiemem
806 4749 860 4796 et
888 4752 1157 4799 aesmem.

416 4827 682 4899 Sumptus
698 4846 862 4901 supra
884 4847 1049 4901 quam
1081 4832 1384 4888 necessitas
1402 4842 1455 4889 et
1475 4849 1607 4890 usus
1631 4835 1932 4905 postulant,

389 4920 560 4974 busus
589 4931 717 4977 εει..

316 5032 351 5094 .1
436 5011 613 5068 Thcol.
634 5014 859 5069 Praestat
881 5015 1074 5086 exigua
1115 5018 1291 5086 portio
1323 5033 1446 5073 cum
1482 5018 1792 5087 securitate,
1824 5038 1938 5075 ma-

390 5119 470 5155 nu:
502 5120 623 5157 rum
654 5104 954 5160 debilitate.
1152 5174 1159 5181 ἢ

296 5172 349 5184 ς’
434 5195 589 5267 Greg.
623 5196 786 5268 Νῃιι,
820 5197 1006 5269 Inopia
1031 5200 1127 5255 tibi
1152 5174 1235 5257 sit
1262 5202 1575 5268 obsonium,
1599 5212 1653 5258 et
1674 5205 1817 5274 quod
1852 5221 1937 5261 sa-

357 5291 517 5359 tiatus
546 5305 652 5345 non
683 5292 940 5363 adjicitur
966 5295 1235 5362 satietati,
1281 5310 1381 5350 nec
1407 5296 1682 5367 appetitus
1711 5297 1938 5353 hebeta—

358 5392 446 5434 tur
467 5382 713 5450 crapula.

446 5472 550 5538 Qui
605 5471 749 5526 diem
800 5471 969 5539 dedit,
1020 5474 1171 5531 dabit
1210 5477 1376 5532 etiam
1415 5492 1538 5549 quae
1570 5478 1637 5534 ad
1671 5478 1812 5534 diem
1847 5495 1941 5535 ne-

360 5565 603 5619 cessaria
628 5577 777 5619 sunt.

440 5658 641 5711 Ilerum
677 5659 1105 5714 necessariarum
1128 5675 1258 5716 usus
1309 5672 1362 5717 et
1388 5666 1666 5733 possessio
1690 5665 1795 5737 61
1834 5682 1940 5721 non

412 5843 511 5915 illi
554 5842 722 5899 Aliter
754 5844 949 5915 legitur
975 5845 1114 5914 apud
1150 5844 1428 5903 Hebraeos.

2041 3254 2243 3326 μάχης·

2109 3346 2344 3402 Πλοῦτον
2385 3348 2477 3401 καὶ
2510 3348 2702 3401 πενίαν
2741 3348 2816 3417 μή
2849 3363 2938 3414 μοι
2969 3345 3097 3417 δῷς,
3127 3344 3321 3416 Κύριε·
3356 3343 3620 3410 σύνταξον

2035 3439 2093 3495 δέ
2127 3456 2219 3507 μοι
2253 3440 2320 3493 τά
2350 3440 2541 3493 δέοντα
2575 3440 2669 3492 καὶ
2707 3438 2775 3493 τά
2803 3438 3079 3507 αὐτάρκη,
3123 3438 3211 3490 ἵνα
3251 3436 3325 3507 μὴ
3356 3434 3622 3506 πλησθεὶς

2034 3533 2237 3603 ψευδὴς
2268 3531 2539 3602 γένωμαι,
2576 3531 2670 3584 καὶ
2697 3530 2857 3599 εἴπω,
2900 3531 2996 3593 Τίς
3032 3548 3100 3600 με
3123 3530 3261 3600 ὁρᾷς
3295 3530 3336 3598 ἢ
3359 3528 3621 3598 πενηθεὶς

2036 3625 2239 3695 κλέψω,
2273 3628 2369 3679 καὶ
2400 3625 2585 3693 ὀμόσω
2609 3624 2669 3678 τὺ
2698 3624 2871 3695 ὄνομα
2902 3623 2998 3679 τοῦ
3029 3623 3165 3678 Θεοῦ
3199 3641 3322 3693 μου.

2105 3819 2241 3872 Μέλι
2276 3818 2453 3889 εὑρὼν
2485 3817 2627 3888 φάγε
2680 3817 2741 3870 τὸ
2789 3818 3000 3886 ίκανδν,
3058 3820 3132 3892 μή
3176 3836 3311 3873 ποτε
3359 3818 3621 3890 πλησθεὶς

2035 3911 2322 3982 ὲξεμέσῃς.

2112 4006 2382 4074 Κρείσσον
2412 4005 2685 4075 πλήρωμα
2712 4006 2911 4077 δρακδς
2931 4004 3047 4074 μετ’
3071 4005 3457 4072 ἀναπαύσεως,
3477 4004 3618 4075 ὑπὲρ

2035 4096 2313 4165 πλήρωμα
2342 4094 2435 4148 δύο
2461 4094 2679 4165 δρακῶν
2712 4096 2769 4147 ἐν
2807 4095 3017 4166 μόχθῳ.

2118 4189 2206 4251 Ὠς
2248 4189 2433 4241 ἱκανὸν
2465 4187 2745 4259 ἀνθρώπῳ
2784 4188 3211 4259 πεπαιδευμένῳ
3244 4188 3306 4243 τδ
3348 4188 3546 4258 ὀλίγον.

2107 4280 2230 4344 Ζωὶι
2263 4281 2604 4350 αὐταρκείας
2637 4281 2875 4351 ἐργάτου
2914 4282 3370 4351 γλυκανθήσεται.

2112 4373 2321 4435 ’Υπνος
2346 4372 2534 4441 ὐγείας
2562 4373 2658 4426 ἐπὶ
2689 4372 2894 4444 ἐντέρῳ
2935 4375 3166 4445 μετρίῳ.

2110 4466 2375 4536 Μεγάλην
2409 4465 2561 4537 ἔχετε
2610 4465 2710 4535 τὴν
2733 4466 2935 4537 ψυχήν.
2969 4466 3153 4537 Τοῖχοι
3200 4468 3257 4521 δὲ
3293 4468 3387 4520 καὶ
3436 4468 3624 4538 μικροὶ

1965 4569 2009 4623 ι)
2040 4562 2136 4617 καὶ
2165 4561 2384 4630 μείζους
2415 4561 2514 4629 τὴν
2553 4559 2723 4628 αὐτὴν
2754 4559 2944 4630 χρείαν
2984 4561 3340 4629 παρέχονται.

2114 4654 2323 4717 Σκοπὸς
2354 4653 2582 4720 ἐσθῆτος
2620 4646 2719 4713 εἷς.
2754 4652 3021 4721 κάλυμμα
3053 4648 3194 4705 εἶναι
3228 4652 3448 4720 σαρκὸς,
3486 4653 3627 4723 πρὸς

2039 4746 2291 4818 χειμῶνα
2321 4744 2417 4804 καὶ
2458 4743 2616 4812 θέρος
2643 4742 2938 4811 αὔταρκες.

2115 4835 2469 4907 Παράχρησίς
2500 4836 2649 4889 ἔστιν
2683 4837 2716 4906 ὴ
2746 4836 2887 4906 ὑπὲρ
2918 4836 3018 4904 τὴν
3052 4835 3240 4907 χρείαν
3278 4836 3516 4908 δαπάνη.

2111 5020 2384 5089 Κρεῖσσον
2417 5016 2589 5087 μικρά
2626 5017 2784 5088 μερὶς
2818 5016 2959 5088 μετὰ
2993 5014 3374 5086 άσφαλείας,ῆ
3414 5014 3622 5085 μεγάλη

2047 5112 2187 5183 μετὰ
2218 5110 2582 5181 σαθρότητος.

2120 5205 2287 5275 Ὀψον
2323 5220 2405 5257 σοι
2437 5203 2682 5271 γενέσθω
2714 5204 2747 5273 ἠ
2803 5202 3005 5265 ἔνδεια,
3055 5202 3154 5257 καὶ
3199 5201 3260 5255 τὸ
3299 5201 3372 5271 μὴ
3408 5200 3614 5253 mea»

2041 5296 2156 5351 λειν
2187 5295 2333 5366 κόρῳ
2353 5294 2450 5348 τὸν
2498 5294 2682 5365 κόρον,
2722 5292 2857 5365 μηδὲ
2891 5291 3193 5365 ἀμϐλύνειν
3222 5293 3289 5363 τῇ
3341 5291 3624 5361 κραιπάλῃ

2043 5391 2142 5459 τὴν
2172 5387 2378 5458 ὄρεξιν.
2652 5402 2663 5411 ·

2130 5478 2187 5529 ’0
2215 5479 2314 5547 τὴν
2348 5477 2563 5547 ἡμέραν
2591 5475 2792 5542 διδοὺς,
2836 5479 2932 5531 καὶ
2972 5476 3035 5530 τὸ
3066 5477 3145 5538 εἰς
3171 5473 3274 5544 τὴν
3303 5471 3516 5542 ἡμέραν
3543 5484 3622 5520 σοι

2043 5570 2181 5625 δώσε
2192 5589 2228 5625 ι.

2130 5662 2196 5716 Ἦ
2235 5664 2347 5720 τῶν
2400 5666 2717 5737 ἀναγκαίων
2770 5666 2966 5739 κτῆσις
3004 5664 3097 5720 καὶ
3151 5660 3348 5733 χρῆσις
3408 5657 3471 5711 οὐ
3527 5655 3623 5723 τὴν
