4038 6396
437 380 537 440 831

1273 382 1471 459 .LOCI
1515 382 2050 442 COMMUNES.—
2085 381 2278 439 PARS
2316 382 2358 440 Ι.
2395 379 2650 440 SERMO
2689 378 2904 440 XXXI.

3596 369 3707 434 83:7.

439 497 697 566 ποιότητα
738 493 1009 568 βλαϐερὰν
1055 493 1192 568 ἔχει,
1237 497 1373 551 ἀλλὰ
1410 501 1509 568 τὴν
1544 499 1695 566 παρὰ
1727 498 1787 551 τὸ
1816 499 2013 568 μέτρον
2047 496 2084 552 Α

2144 497 2438 564 ιιιιιιίιοιοιιι
2479 495 2639 550 habet
2665 497 2906 560 noxiam,
2927 493 3020 548 sed
3053 491 3223 562 ipsam
3258 498 3450 561 printer
3483 490 3702 543 modum

442 594 736 662 ποσότητα.

522 684 752 753 ’Δγαθὸν
789 683 1090 751 ἀναγκαῖον
1119 684 1151 754 ἡ
1187 683 1508 751 ὀλιγοσιτία.

520 777 579 829 ’0
611 774 900 838 σπουδαῖος
925 775 1227 846 όλιγοδεὴς,
1267 777 1540 832 ἀθανάτου
1568 779 1662 831 καὶ
1689 781 1890 848 θνητῆς
1922 779 2023 848 φύ-

443 885 582 930 σεως
645 867 936 938 μεθόριος·
991 869 1054 922 τὸ
1111 871 1211 938 μὲν
1267 871 1478 932 ὲπιδεὲς
1533 870 1676 942 ἔχων
1722 873 1809 926 διὰ
1863 873 2024 941 σῶμα

443 962 660 1029 θνητὸν,
708 963 770 1015 τὸ
827 963 882 1016 δὲ
936 962 1012 1032 μὴ
1050 963 1306 1027 πολυδεὲς
1359 965 1447 1018 διά
1496 965 1677 1035 ψυχὴν
1726 967 2024 1036 ἐφιεμένην

443 1055 770 1117 ἀθανασίας.

520 1227 586 1282 'H
618 1229 943 1299 αὐτάρκεια,
970 1232 1154 1301 πηγὴν
1181 1233 1378 1304 ἔχουσα
1423 1239 1801 1308 σωφροσύνης,
1829 1241 2025 1309 μέτρον

444 1320 562 1372 ἐστὶ
589 1319 698 1374 τῶν
728 1322 1049 1390 ἀναγκαίων
1088 1325 1182 1378 καὶ
1212 1327 1505 1397 χρησίμων
1542 1330 1677 1400 πρὸς
1707 1331 1798 1384 τὸν
1829 1330 1964 1401 βίον.

530 1499 824 1571 ’Ᾱσκητέον
846 1503 1048 1573 ὀλίγων
1077 1508 1336 1580 δεηθῆναι
1357 1528 1369 1543 ³
1399 1514 1557 1568 τοῦτο
1601 1516 1712 1589 γὰρ
1739 1518 2023 1589 ἐγγυτάτω

444 1593 606 1659 Θεοῦ,
642 1595 704 1648 τὸ
735 1597 790 1649 δὲ
823 1600 1063 1653 ἐναντίον
1096 1606 1450 1674 μακροτάτω.

1028 1802 1249 1860 ΛΟΓΟΣ
1300 1807 1427 1865 AA'.

2127 587 2512 658 quantitatem.

2207 682 2464 738 Paucitas
2494 681 2602 738 cibi
2642 680 3013 736 necessarium
3053 679 3257 734 bonum
3297 686 3399 732 est.

2213 773 2481 829 Philonis.
2535 773 2764 828 Virtutis
2815 774 3097 829 studiosus
3148 773 3345 842 paucis
3400 771 3625 841 indiget,
3653 770 3704 823 in

2125 869 2368 923 confinio
2392 867 2637 922 mortalis
2663 878 2716 922 et
2751 865 3075 922 immortalis
3109 874 3314 918 natura!
3349 865 3487 918 situs
3515 879 3528 921 ς
3568 863 3710 916 indi-

2129 962 2310 1030 gentia
2365 959 2583 1030 quidem
2627 959 2880 1014 laborans
2927 966 3147 1028 propter
3190 957 3418 1011 mortale
3463 969 3706 1023 corpus,

2129 1068 2237 1107 non
2265 1052 2450 1106 multis
2477 1061 2659 1106 autem
2690 1049 2959 1120 indigens,
2986 1057 3208 1120 propter
3226 1047 3467 1102 animum
3486 1047 3708 1100 immor-

2127 1146 2354 1199 talitatis
2380 1143 2654 1213 cupidum.

2228 1234 2556 1304 Fingalitas,
2586 1250 2648 1287 cx
2677 1233 3033 1303 temperantia
3065 1247 3166 1288 ceu
3197 1231 3345 1286 fonte
3380 1231 3706 1292 scaturiens,

2127 1340 2310 1380 rerum
2341 1325 2406 1379 ad
2435 1324 2599 1378 vitam
2640 1324 3072 1380 necessariarum
3105 1333 3156 1378 et
3195 1322 3405 1376 utilium
3437 1333 3704 1375 mensura

2127 1431 2230 1474 CSL

2210 1514 2464 1570 Exerceri
2495 1523 2712 1580 oportet
2740 1521 2796 1567 ut
2829 1513 3017 1582 paucis
3050 1527 3315 1583 egeamus
3367 1527 3382 1566 :
3417 1510 3524 1564 hoc
3559 1509 3708 1564 enim

2131 1608 2238 1661 Deo
2267 1609 2550 1678 proximos
2592 1607 2792 1670 reddit,
2822 1605 3160 1661 contrarium
3196 1603 3261 1658 ab
3291 1602 3484 1658 eodem
3521 1616 3700 1656 remo-

2128 1701 2395 1755 tissimus.

2488 1815 2723 1870 SERMO
2773 1813 2943 1869 XXXI
2978 1813 2995 1886 [
3036 1818 3110 1872 al.
3137 1813 3354 1885 CXLI].

439 1889 580 1959 Περὶ
603 1893 894 1958 πλούτου,
916 1893 1011 1955 καί
1029 1900 1344 1976 πέουρ-ίων
1369 1901 1438 1955 εὖ
1467 1902 1562 1956 καὶ
1583 1905 2014 1974 προσηκόντως
2051 1867 2084 1927 Ε

2144 1907 2198 1961 9e
2225 1906 2420 1959 divitiis
2453 1917 2500 1959 et
2535 1906 2781 1958 divitibus
2804 1945 2818 1970 ,
2847 1907 2936 1976 qui
2970 1905 3095 1960 bene
3131 1923 3193 1959 ac
3225 1906 3471 1960 decenter
3505 1905 3708 1962 vivunt.

1063 1968 1385 2032 βιούντων.

511 2054 905 2128 Εὐκοπώτερον
960 2062 1076 2114 ἐστι
1112 2061 1360 2132 κάμηλον
1394 2064 1480 2118 διὰ
1532 2069 1892 2136 τρυπήματος
1921 2073 2014 2141 ῥα-

2192 2063 2386 2117 ΜαιιΙι.
2445 2079 2558 2118 χιιι.
2625 2063 2862 2118 Facilius
2894 2071 2978 2118 est
3008 2064 3281 2119 camelum
3328 2079 3426 2133 per
3467 2063 3709 2120 foramen

440 2145 593 2213 φίδος
643 2149 964 2224 διελθεῖν,ἢ
1021 2154 1278 2209 πλούσιον
1328 2157 1408 2221 είς
1457 2159 1556 2228 τὴν
1607 2159 1884 2230 βασιλείαν
1919 2163 2014 2216 τοῦ

2144 2173 2252 2213 ιους
2287 2156 2540 2222 transire,
2574 2169 2740 2224 quam
2769 2154 2988 2210 divitem
3021 2155 3075 2209 in
3110 2169 3338 2225 regnum
3375 2155 3490 2211 Dei.

444 2240 603 2297 Θεοῦ.

518 2337 643 2400 Τοῖς
685 2337 961 2403 πλουσίοις
1013 2341 1070 2394 ὲν
1113 2341 1192 2412 τῷ
1226 2341 1322 2394 νῦν
1353 2344 1510 2397 αἰῶνι
1551 2345 1902 2414 παράγγελλε
1942 2347 2018 2418 μὴ

445 2429 859 2500 ὑψηλοφρονεῖν,
901 2431 1038 2502 μηδὲ
1074 2433 1368 2503 ἠλπικέναι
1409 2436 1501 2490 ἐπὶ
1555 2437 1790 2492 πλούτου
1825 2439 2021 2505 ἀδηλό-

441 2535 587 2588 τητι,
625 2520 740 2574 ἀλλ’
769 2521 865 2575 ἐπὶ
898 2522 978 2593 τῷ
1007 2523 1147 2593 Θεῷ,
1201 2525 1280 2597 τῷ
1313 2528 1608 2598 παρέχοντι
1665 2531 1799 2602 ἡμῖν
1842 2533 2022 2586 πάντα

445 2611 721 2675 πλουσίως
753 2615 832 2678 είς
861 2615 1183 2672 ἀπόλαυσιν.

516 2705 577 2756 Οἱ
613 2705 926 2776 βουλόμενοι
987 2707 1236 2764 πλουτεῖν
1268 2711 1634 2782 ἐμπίπτουσιν
1681 2719 1760 2778 είς
1816 2705 2023 2790 πειρά-

454 2794 593 2862 σμδν
613 2795 708 2848 καὶ
739 2797 946 2864 παγίδα
978 2798 1070 2850 τοῦ
1097 2799 1368 2867 διαϐόλου,
1393 2805 1483 2856 καὶ
1513 2804 1812 2875 ἐπιθυμίας
1837 2810 2026 2879 ἀνονή-

443 2899 570 2944 τους
595 2884 690 2938 καὶ
720 2884 1010 2954 βλαϐερὰς,
1061 2890 1266 2954 αἵτινες
1307 2893 1590 2962 βυθίζουσι
1630 2898 1756 2962 τοὺς
1807 2899 2023 2971 ἀνθρώ-

447 2989 583 3038 πους
612 2976 694 3040 είς
719 2977 942 3048 ὄλεθρον
971 2983 1066 3036 καὶ
1088 2982 1387 3040 ἀπώλειαν.

521 3068 757 3133 Πλοῦτος
787 3073 1113 3144 προστίθησι
1143 3076 1332 3144 φίλους
1362 3081 1614 3147 πολλούς.

519 3164 775 3219 Πλούσιοι
809 3166 1043 3237 πτωχῶν
1069 3168 1352 3238 ἄρξουσιν.

535 3256 761 3324 Ἀγαθὸς
786 3259 1036 3326 πλοῦτος,
1077 3257 1120 3329 ᾧ
1153 3266 1227 3334 μή
1266 3266 1415 3320 ἐστιν
1451 3269 1719 3340 ἁμαρτία.

523 3349 805 3421 Κρείσσων
836 3353 1047 3424 πτωχὸς
1073 3354 1278 3419 δίκαιος
1317 3357 1348 3428 ἢ
1389 3359 1642 3425 πλούσιος
1668 3363 1927 3437 ψεύστης.

522 3531 812 3603 Μακάριος
870 3531 1126 3596 πλούσιος
1182 3533 1240 3597 ὃς
1289 3535 1488 3606 εὑρέθη
1539 3539 1791 3611 ἄμωμος,
1824 3547 1921 3601 καὶ
1965 3548 2024 3612 ὃς

448 3622 626 3676 ὀπίσω
663 3624 888 3693 χρυσίου
922 3625 1023 3679 οὐκ
1057 3625 1351 3699 ἐπορεύθη.

524 3715 786 3777 Πλούσιος
816 3715 1178 3785 σλλευόμενος
1205 3721 1520 3789 στηρίζεται
1552 3724 1657 3778 ὑπὸ
1691 3727 1880 3794 φίλων.

535 3809 1112 3889 Ἀγρυπνίαλνπλούτου
1155 3811 1379 3882 ἐκτήκει
1412 3815 1644 3884 σάρκας,
1673 3822 1766 3873 καὶ
1796 3823 1825 3891 ἡ
1875 3823 2031 3895 μέρι-

458 3917 567 3970 μνα
591 3900 758 3953 αὑτοῦ
786 3902 990 3972 ἀφιστᾷ
1021 3901 1211 3958 ὕπνον.

539 3993 768 4063 Ῥευστὴ
793 3996 823 4062 ἡ
852 3994 1011 4062 φύσις
1039 3995 1132 4046 τοῦ
1160 3996 1412 4062 πλούτου,
1445 4002 1748 4073 χειμάρρου
1775 4005 2031 4078 ὀξύτερον

453 4087 581 4150 τοὺς
614 4085 832 4154 ἔχοντας
863 4089 1215 4159 παρατρέχει,
1236 4089 1422 4145 ἄλλοτε
1462 4092 1620 4148 ἄλλον
1643 4097 1854 4166 πέφυκε
1895 4117 2038 4170 παρ-

455 4180 798 4251 αμείῦεσθαι.

527 4275 763 4328 Δύνασαι
797 4277 997 4344 μᾶλλον
1035 4275 1178 4346 ὕδωρ
1221 4280 1287 4348 τῇ
1343 4281 1488 4350 χειρὶ
1525 4283 1836 4354 περιλαϐὼν
1866 4302 2034 4338 κατα-η

460 4366 629 4434 σχεῖν,
671 4365 703 4434 ἢ
737 4364 969 4417 πλοῦτον
1001 4365 1240 4434 διαρκῶς
1273 4373 1634 4440 συντηρῆσαι.

543 4454 843 4522 Ὀοκαλδς,
895 4456 1037 4511 κατὰ
1089 4459 1181 4510 τὸν
1234 4458 1393 4526 όρθὸν
1451 4459 1608 4528 λόγον
1666 4465 1732 4517 τὰ
1785 4467 2030 4533 παρόντα

2198 2337 2228 2390 I
2266 2333 2402 2389 Tim.
2435 2349 2509 2388 vi.
2545 2331 2814 2389 Divitibus
2856 2333 2910 2388 in
2968 2335 3072 2390 hoc
3102 2335 3302 2391 saeculo
3341 2337 3572 2406 praecipe
3639 2351 3706 2391 ne

2126 2428 2296 2482 altum
2327 2425 2564 2496 sapiant,
2602 2441 2779 2496 neque
2801 2442 2953 2497 spem
2987 2427 3195 2497 inopes
3226 2429 3514 2484 instabiles
3541 2443 3700 2497 repo-

2129 2531 2285 2586 nant,
2335 2523 2432 2578 sed
2485 2522 2540 2576 in
2602 2519 2772 2575 Deum
2827 2520 2923 2590 qui
2981 2519 3140 2576 nobis
3177 2521 3360 2576 omnia
3389 2520 3620 2590 porrigit
3645 2521 3712 2576 ad

2129 2615 2418 2670 fruendum
2451 2615 2691 2671 abunde!

2206 2708 2234 2763 1
2260 2709 2402 2766 Tim.
2430 2725 2504 2765 νι.
2541 2706 2639 2774 Qui
2677 2706 2946 2762 ditescere
2976 2705 3185 2770 volunt,
3215 2705 3462 2761 incidunt
3501 2707 3554 2759 in
3590 2717 3711 2760 ten-

2129 2801 2387 2856 tationem
2418 2809 2472 2856 et
2504 2799 2758 2867 laqueum
2793 2796 3015 2863 diaboli,
3052 2804 3106 2852 et
3130 2782 3458 2865 cupiditates
3482 2799 3712 2854 inutiles

2129 2911 2192 2950 ac
2227 2893 2438 2959 noxias,
2464 2906 2586 2964 quae
2614 2891 2936 2959 demergunt
2961 2889 3208 2946 homines
3234 2891 3286 2946 in
3330 2893 3624 2961 perniciem
3656 2901 3710 2947 et

2130 2988 2432 3042 interitum.

2204 3080 2365 3135 Prov!
2417 3082 2531 3136 xtx.’
2589 3081 2800 3137 Divitiae
2829 3082 3033 3138 multos
3061 3083 3268 3138 amicos
3297 3081 3530 3135 addunt.

2225 3171 2364 3227 Ibid.
2403 3189 2538 3230 xxu.
2573 3172 2780 3230 Divites
2818 3175 3173 3243 imperabunt
3206 3173 3564 3243 pauperibus.

2229 3264 2391 3320 Bome
2419 3265 2639 3329 divitiae,
2665 3280 2786 3337 qua:
2817 3266 2936 3322 sine
2964 3276 3191 3336 peccato
3222 3275 3371 3320 sunt.

2241 3356 2380 3412 Ibid.
2426 3374 2536 3413 xix.
2574 3357 2764 3414 Melior
2794 3367 2878 3415 est
2909 3373 3114 3430 pauper
3135 3358 3336 3428 justus,
3368 3372 3532 3428 quam
3563 3355 3742 3410 dives.

2143 3451 2398 3506 mendax.
2795 3453 2802 3458 ’

2216 3541 2378 3596 Eccli.
2409 3559 2556 3600 xxxi.
2596 3543 2794 3599 Beatus
2821 3543 2973 3600 dives
3003 3544 3094 3614 qui
3131 3545 3387 3599 inventus
3418 3549 3502 3597 est
3533 3539 3732 3596 incul-.

2142 3635 2358 3705 pabilis,
2393 3645 2446 3689 et
2469 3635 2560 3704 qui
2584 3651 2778 3689 aurum
2815 3651 2922 3690 non
2964 3635 3259 3690 affectavit!

2231 3723 2368 3783 Ibid.
2392 3743 2508 3781 xm.
2537 3726 2696 3780 Dives
2722 3743 3028 3783 concussus
3051 3727 3276 3784 fulcitur
3299 3728 3367 3782 ab
3396 3727 3609 3782 amicis.

2223 3817 2362 3872 Ibid.
2393 3835 2540 3876 xxxi.
2562 3816 2774 3889 Vigiliae
2795 3821 3108 3875 divitiarum
3133 3819 3470 3876 labefaciunt
3493 3834 3714 3888 corpus,

2144 3919 2197 3962 et
2217 3910 2533 3965 sollicitudo
2567 3925 2757 3964 earum
2786 3911 3048 3966 amolitur
3077 3927 3355 3971 somnum.

2235 4000 2454 4057 Basilii.
2512 4001 2682 4056 Fluxa
2733 4003 3047 4058 divitiarum
3079 4012 3273 4058 natura
3310 4013 3550 4059 torrente
3579 4007 3723 4059 cele-

2149 4093 2263 4145 rius
2291 4093 2635 4162 possidentes
2668 4104 3029 4164 praetermeat,
3063 4103 3116 4150 et
3146 4096 3280 4150 alias
3302 4095 3467 4151 alium
3499 4104 3724 4166 praetcr-

2146 4185 2254 4238 labi
2288 4185 2446 4239 solet.

2237 4277 2446 4345 Aquam
2503 4276 2673 4332 citius
2728 4293 2893 4332 manu
2952 4281 3402 4348 comprehensam
3459 4282 3724 4346 tenueris,

2149 4384 2311 4437 quam
2339 4369 2559 4425 divitias
2589 4371 2724 4425 satis
2752 4372 3086 4429 servaveris:

2249 4459 2352 4527 Qui
2383 4461 2520 4515 bene
2548 4471 2601 4516 et
2630 4473 2772 4516 recta
2798 4465 3010 4517 ratione
3033 4464 3320 4532 praesentia
3353 4464 3724 4529 administrat,

461 4547 995 4619 μεταχειριζόμενος,
1026 4550 1307 4619 οἰκονόμος
1341 4553 1456 4604 ἐστὶ
1518 4554 1626 4606 τῶν
1681 4558 1831 4627 παρὰ
1861 4557 1998 4612 Θεοῦ
2022 4575 2035 4591 ·
2072 4557 2084 4616 Ι

2163 4566 2488 4607 eeconomus
2527 4561 2610 4607 est
2640 4568 2819 4608 rerum
2846 4553 3110 4609 divinitus
3155 4555 3429 4622 datarum,
3459 4565 3510 4610 et
3543 4556 3728 4608 lauda-

462 4640 800 4694 ἐπαινεῖσθαι
823 4640 916 4694 καὶ
936 4643 1253 4710 ἀγαπᾶσθαι
1273 4645 1301 4696 ὀ
1323 4645 1562 4709 τοιοῦτος
1585 4647 1790 4711 δίκαιός
1821 4651 1934 4702 ἐστι
1954 4650 2044 4702 διὰ

459 4731 522 4784 τὸ
551 4733 876 4801 φιλάδελφον
918 4736 1011 4787 καὶ
1045 4735 1360 4788 κοινωνικὸν
1386 4737 1479 4789 τοῦ
1512 4737 1739 4811 τρόπου.

523 4826 602 4878 ο⁰0
632 4826 732 4894 μὲν
763 4827 970 4888 δίκαιος
1017 4825 1146 4880 οὔτε
1193 4829 1436 4898 παρόντα
1484 4831 1892 4902 ἀποστρέφεται
1952 4835 2044 4889 τὸν

462 4919 714 4984 πλοῦτον,
751 4917 873 4972 οὔτε
907 4919 983 4989 μὴ
1037 4920 1282 4990 παρόντα
1315 4921 1587 4990 ἐπιζητεῖ.
1639 4925 1714 4977 Οὐ
1749 4926 1859 4995 γὰρ
1904 4929 2042 4980 ἁποι

463 5010 748 5071 λαυστικός
777 5011 894 5063 ἐστι
923 5014 1032 5064 τῶν
1083 5011 1397 5082 διδομένων,
1446 5014 1562 5068 ἀλλ’
1597 5016 1902 5088 οἰκονόμος.
1937 5023 2044 5072 Οὐ-

461 5101 569 5162 δεὶς
602 5102 658 5155 δὲ
679 5102 788 5155 τῶν
819 5103 942 5156 νοῦν
973 5105 1208 5172 ἑχόντων
1237 5107 1518 5176 ἐπιτρέχει
1566 5110 1630 5178 τῇ
1663 5109 1892 5180 ἀσχολίᾳ
1941 5113 2042 5181 τῆς

467 5191 578 5244 τῶν
613 5191 913 5262 ἀλλοτρίων
937 5194 1222 5261 διανομῆς,
1259 5195 1354 5248 ἐὰν
1383 5196 1458 5266 μὴ
1491 5197 1627 5266 πρὸς
1652 5198 1752 5268 τὴν
1779 5200 1888 5253 τῶν
1916 5204 2046 5255 πολ-

466 5283 575 5336 λῶν
628 5285 915 5355 άποόλέπῃ
963 5285 1144 5352 δόξαν,
1201 5287 1251 5339 οἳ
1304 5286 1648 5358 θαυμάζουσι
1697 5291 1788 5343 καὶ
1820 5291 2044 5363 ζηλοῦσι

463 5373 587 5436 τοὺς
611 5376 669 5427 ἐν
696 5373 918 5445 ἐξουσίᾳ
946 5375 1052 5426 τινὶ
1075 5374 1450 5439 καθεστῶτας.

542 5553 631 5618 Ὠς
661 5553 916 5608 ἀπόλοιτο
944 5553 1186 5621 πλοῦτος,
1225 5557 1272 5608 εί
1304 5557 1378 5627 μὴ
1415 5557 1598 5629 βοηθεῖ
1626 5561 1852 5635 πένησιν
1884 5566 1896 5617 !

544 5819 620 5890 (t)
643 5821 813 5879 Aliter
841 5825 1035 5894 legitur
1058 5827 1202 5896 apud
1235 5823 1506 5883 Hebraeos.

2151 4647 2194 4697 ri
2222 4659 2282 4697 ac
2313 4644 2463 4714 diligi
2495 4654 2735 4699 meretur
2761 4655 2983 4714 propter
3007 4645 3286 4715 ingenium
3313 4647 3380 4700 ad
3421 4644 3723 4699 fraternum

2149 4751 2390 4790 aiuorem
2420 4746 2473 4791 et
2501 4738 3054 4793 communicationem
3089 4739 3350 4807 proclive.
3405 4757 3407 4759 ί
3693 4805 3698 4812 _

2220 4829 2408 4884 Justus
2431 4829 2648 4898 quidem
2673 4845 2851 4898 neque
2867 4839 3163 4900 praesentes
3183 4831 3402 4904 divitias
3419 4839 3727 4896 aversatur,

2152 4938 2253 4976 nec
2317 4923 2574 4979 absentes
2633 4922 2917 4992 requirit;
2971 4939 3080 4978 non
3139 4925 3286 4978 enim
3342 4924 3446 4980 sibi
3511 4934 3723 4978 tantum

2147 5015 2354 5069 fruitur
2403 5016 2564 5072 rebus
2609 5034 2746 5087 quas
2801 5016 2946 5072 Deus
2999 5016 3230 5083 dederit,
3261 5020 3352 5071 sed
3376 5017 3729 5087 dispensator

2145 5123 2336 5162 earum
2392 5117 2497 5168 est.
2552 5110 2746 5166 Nullus
2801 5125 2930 5165 vero
2987 5119 3172 5165 mente
3225 5109 3489 5179 praeditus
3532 5118 3730 5178 sponte

2146 5199 2366 5253 festinat
2401 5202 2465 5256 ad
2501 5203 2781 5271 negotium
2841 5203 3021 5256 aliena
3061 5200 3442 5270 dispensandi,
3467 5201 3576 5254 nisi
3611 5202 3728 5268 glo-

2145 5291 2282 5344 riam
2316 5293 2629 5360 popularem
2665 5294 2968 5362 respiciat;
3009 5293 3314 5348 admiratur
3336 5293 3483 5346 enim
3523 5291 3716 5357 vulgus

2148 5392 2201 5435 et
2252 5383 2436 5438 felices
2475 5385 2697 5454 judicat'
2741 5386 2866 5441 illos
2911 5387 3006 5456 qui
3071 5385 3258 5456 aliqua
3292 5393 3562 5456 potestate
3594 5398 3732 5452 prie.

2151 5476 2379 5529 celtuut.

2237 5567 2345 5637 62
2386 5567 2650 5637 Tlieologi.
2690 5566 2908 5624 Utinam
2940 5576 3164 5639 pereant
3195 5567 3417 5633 divitia},
3451 5566 3554 5622 nisi
3595 5579 3730 5636 pau-

2153 5657 2375 5725 peribus
2397 5658 2723 5714 subveniaut
2753 5660 2766 5711 ι
