4038 6444
1618 404 1941 465 ΑΝΤΟΝΙΙ
1977 408 2249 472 MELISS
2270 411 2320 472 ‘E

3509 421 3619 487 884

434 506 575 572 Quid
634 512 779 566 enim
833 527 972 582 opus
995 523 1075 568 est
1112 515 1282 568 multa
1317 521 1589 586 reponere
1618 517 1928 574 latronibus

2103 529 2168 583 Τί
2189 531 2298 601 γὰρ
2323 530 2402 584 δεῖ
2426 529 2781 600 θησαυρίζειν
2811 530 3036 601 λῃσταῖς
3067 527 3163 583 καὶ
3198 529 3485 595 κλέπταις,
3521 539 3618 589 καὶ

353 609 404 651 rt
429 598 663 669 furibus,
719 615 773 658 et
828 607 1227 661 mutationibus
1263 616 1597 674 temporum,
1637 626 1760 679 qua:
1795 611 1931 666 alias

353 689 406 741 in
464 691 602 745 alios
663 693 1004 750 transferunt
1061 705 1113 749 et
1163 698 1431 752 ventilant
1461 701 1773 764 instabilem
1798 718 1935 770 opn-

351 769 594 845 lentiam,
630 802 735 838 non
769 796 948 841 autem
991 791 1285 844 recondere
1342 792 1395 844 in
1429 793 1721 860 apothecas
1754 769 1934 850 muni-

354 877 456 930 tas.
487 884 539 926 et
573 875 826 930 omnibus
856 877 1071 933 insidiis
1103 880 1436 936 validiores?

437 967 707 1039 Clu-ysost.
754 973 970 1042 Pauper
999 991 1104 1029 non
1140 985 1247 1030 tam
1281 977 1560 1032 desiderat
1595 981 1931 1044 necessaria,

352 1077 515 1128 quam
546 1064 820 1132 superﬂua
856 1066 1048 1120 dives:
1097 1083 1199 1122 nec
1227 1084 1425 1125 rursus
1449 1079 1654 1124 tantam
1691 1072 1802 1124 vim
1839 1081 1934 1126 aut

351 1150 666 1209 facultatem
707 1155 870 1211 habet
907 1172 1116 1228 pauper
1155 1159 1222 1214 ad
1255 1162 1620 1216 exercendam
1655 1161 1926 1231 improbiv

352 1253 517 1300 tatem
547 1255 804 1317 quantam
840 1249 1014 1306 divesf

439 1339 496 1394 Si
528 1341 653 1410 quis
673 1342 979 1409 cupiditate
1003 1345 1257 1415 superior
1293 1345 1534 1402 vincitur
1573 1362 1603 1401 a
1659 1349 1926 1417 pecuniis,

351 1445 423 1487 ne
482 1434 839 1504 cupiditatem
873 1435 1092 1504 quidem
1137 1452 1283 1508 saepe
1317 1440 1508 1502 vincit,
1543 1438 1636 1493 sed
1675 1454 1703 1494 a
1737 1455 1931 1498 natura

353 1525 565 1595 accepit
587 1535 647 1580 ut
670 1542 864 1596 parum
880 1527 927 1582 ei
944 1526 1175 1582 molesta
1198 1529 1270 1584 sit
1293 1529 1426 1586 haec.
1448 1527 1568 1584 Non
1588 1531 1730 1585 enim
1747 1545 1936 1586 omnes

353 1618 617 1674 similiter
648 1619 925 1676 luxuriosi
966 1629 1118 1676 sunt.

420 1709 595 1766 Radix
641 1713 888 1768 omnium
948 1715 1222 1768 malorum
1256 1723 1340 1768 est
1370 1713 1618 1782 pecuniae
1669 1713 1933 1769 studium.

2037 622 2246 690 καιρῶν
2284 621 2608 691 μεταϐολαῖς
2637 621 2824 674 ἄλλοτε
2851 621 2929 684 είς
2957 618 3151 684 ἄλλους
3188 623 3613 693 μετατιθέντων,

2036 715 2131 766 καὶ
2163 712 2490 784 ῥιπιξόντων
2519 713 2620 782 τὴν
2652 714 2888 766 ἄστατον
2927 711 3215 782 εὐπορίαν,
3240 713 3376 767 ἀλλὰ
3411 715 3488 784 μὴ
3536 719 3617 779 είς

2035 807 2133 868 τὰς
2191 807 2451 875 ἀσφαλεῖς
2500 806 2788 876 ἀποθήκας
2827 805 3185 859 ἀποτίθεσθαι
3232 806 3344 859 τῶν
3393 808 3617 861 ὲπιόουυ

2035 897 2301 952 λευόντων
2335 899 2689 970 ἰσχυροτέρας
2718 915 2732 963 ;

2108 991 2183 1044 Οὐ
2197 990 2451 1044 τοσοῦτον
2471 992 2639 1060 πένης
2671 990 2884 1058 ἐφίεται
2899 991 3010 1044 τῶν
3041 988 3378 1056 ἀναγκαίων,
3407 990 3484 1053 ὡς
3509 989 3619 1042 τῶν

2037 1080 2314 1152 περιττῶν
2357 1083 2385 1134 6
2429 1079 2726 1142 πλούσιοςο
2784 1079 2893 1134 οὐδ’
2946 1079 3014 1132 αὖ
3062 1080 3340 1148 τοσαύτην
3385 1079 3540 1148 ίσχὺν
3565 1080 3619 1132 ἔ-

2036 1191 2122 1245 χει
2147 1173 2282 1243 πρὸς
2312 1174 2374 1227 τὸ
2403 1173 2714 1246 χρήσασθαι
2733 1168 2798 1244 τῇ
2829 1172 3085 1244 πονηρίᾳ,
3117 1173 3248 1244 ὅσην
3271 1171 3501 1241 δύναμιν
3523 1167 3618 1228 οὗ-

2037 1283 2149 1330 τος.

2109 1359 2179 1411 Εῐ
2203 1377 2286 1421 τις
2323 1359 2626 1430 ἐπιθυμίας
2657 1356 2878 1429 κρατῶν
2903 1355 3009 1411 ὑπὸ
3037 1358 3340 1429 χρημάτων
3373 1361 3618 1427 νικᾶται,

2037 1449 2159 1502 οὐδὲ
2217 1450 2516 1519 ἐπιθυμίας
2545 1449 2805 1512 πολλάκις
2831 1451 3044 1520 κρατεῖ,
3072 1450 3206 1503 ἀλλὰ
3255 1451 3366 1503 ἀπὸ
3403 1452 3619 1519 φύσεως

2037 1539 2200 1610 ἔλαχε
2246 1541 2308 1594 τδ
2337 1541 2414 1613 μὴ
2449 1543 2656 1610 σφόδρα
2704 1541 3050 1611 ἐνοχλεῖσθαι
3084 1540 3357 1596 ἐντεῦθεν.
3403 1544 3478 1598 Οὐ
3510 1544 3621 1614 γὰρ

2038 1631 2240 1695 πάντες
2264 1632 2470 1703 ὁμοίως
2493 1635 2601 1686 είσὶ
2632 1635 2986 1703 καταφερεῖς.

2125 1724 2278 1790 Ῥίζα
2309 1727 2530 1780 πάντων
2576 1729 2684 1782 τῶν
2715 1728 2905 1781 κακῶν
2929 1730 3074 1781 ἐστιν
3115 1729 3148 1798 ἡ
3184 1727 3618 1799 φιλοχρηματία.

354 1805 694 1861 Desiderium
712 1807 856 1861 enim
886 1806 1202 1861 divitiarum
1224 1816 1330 1868 est,
1356 1807 1678 1877 perjurinm,
1699 1807 1931 1871 furtum,

2052 1818 2355 1888 Ἐπιθυμία
2396 1819 2504 1890 γὰρ
2538 1819 2630 1872 τοῦ
2665 1819 2921 1886 πλούτου,
2955 1819 3228 1889 ἐπιορκία,
3277 1819 3478 1886 κλοπὴ,
3517 1821 3620 1890 ἁρ-

350 1896 562 1964 rapina,
613 1897 893 1961 scortatio,
935 1897 1158 1960 invidia,
1193 1897 1391 1960 caedes,
1430 1898 1616 1951 odium
1655 1899 1928 1962 fratrum,

349 1987 574 2055 bellum,
610 1989 861 2056 avaritia,
896 1990 1195 2058 simulatio,
1220 1990 1483 2045 adulatio.

425 2079 575 2150 Greg.
638 2079 800 2151 Nysa.
876 2081 1114 2138 Honeste
1187 2082 1470 2152 possidere
1531 2097 1705 2152 pauca
1756 2079 1929 2137 multo

349 2173 717 2242 prmstahilius
745 2183 1017 2242 estquam
1049 2175 1295 2242 improbe
1323 2175 1494 2230 multa
1515 2175 1827 2245 possidere.

426 2265 579 2320 Nulla
632 2267 880 2322 lucrandi
935 2269 1160 2324 satietas
1232 2283 1476 2337 unquam
1523 2267 1935 2331 oboritttr,sed

350 2358 499 2425 quod
541 2360 774 2415 subinde
815 2360 1082 2425 accipitur
1135 2361 1362 2416 materia
1395 2370 1450 2416 et
1479 2361 1780 2416 fomentum
1820 2376 1936 2416 ma-

349 2437 487 2520 joris
519 2451 775 2507 desiderii
805 2453 883 2507 tit.

441 2543 746 2598 Clementis.
813 2543 1049 2614 Optimae
1108 2552 1237 2600 sunt
1281 2554 1414 2615 opes
1472 2544 1654 2614 inopia
1724 2545 1938 2615 capidi-

353 2641 555 2688 tatum.
587 2635 592 2648 ’

413 2724 681 2780 Philonis.
725 2725 1046 2781 Divitiarum
1080 2726 1248 2781 decus
1285 2741 1391 2782 non
1424 2726 1478 2782 in
1536 2727 1732 2784 loculis
1769 2729 1934 2784 situm

353 2827 457 2884 est,
480 2819 577 2874 sed
613 2819 664 2872 in
703 2819 914 2873 auxilio
944 2820 1234 2890 egentibus
1269 2821 1601 2880 exhibendo.

441 2908 581 2965 Nili.
632 2909 709 2965 Nc
737 2910 872 2966 velis
901 2911 1175 2966 ditescere
1206 2927 1270 2966 ea
1296 2927 1466 2967 causa
1505 2923 1563 2967 ut
1584 2913 1833 2969 liberalis
1858 2915 1936 2970 sis

352 3001 406 3054 in
469 3017 757 3072 pauperes.
795 3001 940 3059 Deus
987 3003 1133 3058 enim
1169 3003 1326 3073 jubet
1353 3005 1564 3076 justum
1593 3006 1845 3064 misereri
1873 3023 1938 3060 t-x

352 3094 423 3147 iis
451 3110 573 3164 qua:
598 3095 781 3151 habet.

2043 1911 2216 1983 παγὴ,
2246 1911 2500 1983 πορνεία,
2527 1911 2740 1982 φθόνος,
2773 1915 2952 1978 φόνος,
2987 1903 3333 1982 μισαδελφία,
3365 1911 3622 1982 πόλεμος,

2041 2004 2346 2072 πλεονεξία,
2386 2005 2703 2076 ὑπόκρισις,
2733 2004 3011 2058 κολακεία.

2111 2097 2186 2149 Τὸ
2217 2097 2401 2159 καλῶς
2427 2096 2576 2167 ἔχειν
2595 2095 2753 2165 ὀλίγα
2788 2096 2924 2150 πολὺ
2959 2095 3288 2168 τιμιώτερον
3316 2097 3410 2152 τοῦ
3434 2098 3620 2160 κακῶς

2038 2188 2189 2259 ἔχειν
2219 2191 2413 2245 πολλά.

2112 2282 2301 2344 Οὐδείς
2357 2299 2491 2335 ποτε
2520 2283 2614 2337 τοῦ
2647 2282 2958 2352 κερδαίνειν
3009 2282 3221 2350 γίνεται
3257 2281 3443 2352 κόρος,
3479 2279 3618 2333 ἀλλὰ

2037 2373 2097 2426 τὸ
2125 2373 2211 2426 ἀεὶ
2261 2371 2674 2444 λαμϐανόμενον
2725 2373 2828 2444 ὕλη
2879 2375 2974 2428 καὶ
3001 2374 3337 2443 ὑπέκκαυμα
3379 2372 3480 2441 τῆς
3511 2371 3606 2426 τοῦ

2037 2465 2287 2530 πλείονος
2325 2467 2627 2537 ἐπιθυμίας
2653 2465 3001 2522 καθίσταται.

2111 2557 2348 2622 Πλοῦτος
2373 2557 2597 2629 ἄριστος
2631 2558 2666 2627 ἡ
2693 2557 2803 2612 τῶν
2833 2555 3140 2626 ἐπιθυμιῶν
3168 2557 3351 2613 πενία.

2076 2723 2088 2739 ’
2110 2736 2353 2792 Πλούτου
2385 2736 2584 2800 κάλλος
2609 2739 2710 2791 οὐκ
2737 2737 2798 2790 ὲν
2833 2735 3167 2805 βαλαντίοις,
3196 2734 3312 2790 ἀλλ’
3341 2735 3402 2789 ὲν
3429 2735 3494 2806 τῇ
3515 2733 3627 2788 τῶν

2040 2830 2352 2902 χρῃζόντων
2379 2829 2695 2900 ἐπικουρίᾳ,

2111 2919 2204 2994 Μὴ
2256 2922 2448 2993 βούλου
2501 2922 2759 2975 πλουτεῖν
2815 2919 3194 2988 φιλοπτωχίας
3245 2918 3456 2972 ἕνεκεν.
3493 2917 3626 2970 Ἀπὸ

2041 3020 2148 3086 γὰρ
2179 3016 2287 3069 τῶν
2313 3015 2484 3070 ὄντων
2524 3015 2694 3067 ὲλεεῖν
2722 3015 2750 3068 6
2773 3013 2908 3076 Θεὸς
2941 3012 3228 3083 νομοθετεῖ
3258 3013 3349 3064 τὸν
3389 3010 3621 3064 δίκαιον.

422 3185 723 3242 Plutarchi.
755 3186 820 3242 Ut
862 3197 1040 3245 vestes
1063 3189 1262 3244 talares
1287 3203 1541 3260 corpora,
1569 3191 1648 3247 sic
1670 3206 1803 3262 opes
1834 3193 1935 3246 im-

2111 3199 2177 3254 Αἱ
2215 3197 2312 3268 μὲν
2348 3196 2607 3266 ποδήρεις
2639 3193 2866 3263 ἐσθῆτες
2891 3192 2962 3246 τὰ
2997 3191 3249 3260 σώματα,
3282 3194 3338 3244 αί
3370 3193 3424 3245 δὲ
3458 3193 3626 3264 ὺπέρ-

355 3281 580 3336 tnodicae
609 3282 818 3337 animas
849 3281 1177 3352 impediunt.

416 3370 606 3442 Equus
637 3388 936 3443 generosus
962 3391 1072 3430 non
1113 3391 1180 3432 ex
1219 3385 1488 3447 apparatu
1519 3377 1764 3446 pretioso
1789 3377 1936 3448 judi-

353 3477 511 3520 Catur
533 3505 550 3532 ,
585 3467 679 3521 sed
709 3467 804 3537 qui
840 3481 1035 3523 natura
1070 3467 1141 3523 sit
1178 3473 1473 3538 egregius:
1523 3483 1704 3538 neque
1730 3469 1812 3523 vir
1836 3470 1937 3524 ho-

354 3568 543 3614 nestus
571 3559 663 3628 qui
710 3559 894 3629 magni
924 3559 1086 3629 pretii
1117 3560 1370 3628 possidet
1403 3575 1555 3630 opes,
1596 3560 1689 3616 sed
1724 3561 1817 3631 qui
1845 3576 1938 3630 ge-

355 3658 552 3706 neroso
587 3651 774 3706 animo
807 3651 898 3706 sit.

426 3743 733 3798 Democriti.
776 3742 1006 3799 Assidue
1032 3744 1178 3798 inest
1205 3742 1418 3798 cunctis
1444 3742 1762 3799 hominibus
1790 3745 1934 3800 divi-

355 3837 554 3891 tiarum
580 3835 891 3906 cupiditas;
920 3851 1024 3892 non
1055 3837 1328 3906 acquisita
1361 3837 1509 3890 enim
1541 3837 1760 3892 cruciat
1791 3855 1805 3903 ;
1839 3852 1936 3893 ac-

355 3924 555 3993 quisita
603 3940 730 3980 vero
773 3926 920 3982 curis
942 3925 1404 3997 latigat;perdita
1428 3925 1666 3997 denique
1716 3926 1938 3982 tristitia

355 4017 598 4071 coniicit.

425 4109 712 4166 Naturales
736 4111 938 4166 divitia:
969 4105 1220 4168 constant
1252 4127 1392 4182 pane
1424 4122 1478 4169 et
1508 4129 1652 4184 aqua
1683 4125 1738 4169 et
1776 4130 1939 4184 para-

357 4202 450 4256 bili
483 4205 732 4272 corporis
779 4211 1135 4272 tegnmento;
1191 4204 1484 4274 superﬂua:
1510 4222 1638 4262 vero
1667 4207 1935 4262 inﬁnitam

359 4294 414 4349 in
449 4295 634 4350 animo
664 4295 979 4366 cupiditatis
1011 4298 1354 4352 vexationem
1388 4299 1616 4354 habent.

429 4479 610 4534 llebus
629 4479 697 4534 iis
720 4494 856 4549 quas
871 4488 1070 4535 natura
1089 4480 1315 4549 largitur
1336 4494 1532 4536 omnes
1551 4480 1896 4535 abundamus
1921 4497 1934 4534 :

357 4582 478 4640 quae
512 4586 642 4626 vero
682 4572 736 4626 in
759 4571 920 4629 nobis
969 4573 1089 4628 sitae
1119 4581 1270 4637 sunt,
1302 4586 1491 4626 earum
1521 4585 1712 4626 omnes
1744 4585 1936 4626 sumus

358 4664 571 4733 inepes.

431 4753 691 4808 Socratis.
727 4752 923 4809 Vinum
957 4751 1180 4822 quidem
1213 4757 1458 4805 mutatur
1484 4766 1609 4804 cum
1645 4752 1821 4806 vasis:
1858 4753 1942 4807 di-

363 4845 501 4901 vitiae
530 4854 711 4902 autem
747 4854 1055 4914 sequuntur
1088 4859 1268 4900 mores
1294 4843 1717 4912 possidetitium.

431 4939 611 4995 Sudor
680 4939 900 5007 quidem
949 4936 1236 4992 honestior
1263 4945 1348 4990 est
1368 4976 1380 4999 ,
1409 4951 1572 5004 quem
1604 4937 1928 4992 exercitium

359 5031 544 5086 elicit:
575 5029 783 5084 divitia:
808 5044 936 5084 vero
960 5029 1196 5098 propriis
1229 5027 1510 5082 laboribus
1536 5038 1827 5096 parantur.

428 5121 711 5178 Clitarchi.
776 5121 965 5194 Magna
1023 5123 1121 5176 dos
1173 5135 1282 5174 non
1339 5119 1469 5174 facit
1551 5120 1805 5175 meliores
1879 5120 1941 5174 li-

260 5243 294 5252 ’·
359 5223 518 5272 μενος
528 5258 542 5271 .

429 5307 902 5378 63Continentia
937 5307 1351 5364 fundamentum
1377 5317 1460 5363 est
1494 5308 1710 5378 pietatis
1740 5322 1753 5360 :
1785 5320 1944 5375 appe-

359 5400 483 5454 titio
514 5409 694 5453 autem
727 5398 1094 5468 possessionis
1150 5398 1367 5452 initium
1399 5407 1483 5453 est
1515 5398 1776 5452 avaritiae.
1805 5395 1938 5450 Nam

360 5507 430 5546 ex
481 5492 726 5561 pecunias
757 5493 942 5546 studio
972 5492 1241 5560 injustitia
1280 5491 1620 5560 producitur.

434 5582 668 5637 Eusebii.
715 5582 978 5637 llomines
1008 5584 1128 5635 vani
1154 5583 1342 5636 colunt
1367 5591 1420 5636 et
1451 5583 1795 5636 admirantur
1824 5598 1942 5635 ma-

367 5691 503 5743 gnos
532 5687 582 5729 et
613 5676 963 5746 pecuniosos,
988 5675 1237 5743 quamvis
1257 5675 1382 5728 mali
1399 5676 1509 5730 sint
1531 5690 1545 5728 :
1569 5675 1740 5739 bonos
1761 5685 1942 5729 autem

371 5776 727 5822 contemnunt
780 5765 824 5819 si
891 5774 1260 5836 paupertatem
1339 5780 1528 5820 eerum
1605 5767 1946 5822 animadver-

369 5855 552 5911 ierint.

2046 3307 2238 3361 μετροι
2265 3289 2580 3360 περιουσίαι
2613 3287 2713 3348 τὰς
2744 3284 2924 3354 ψυχὰς
2956 3283 3370 3353 ἐμποδίζουσιν.

2111 3379 2248 3436 Οὔτε
2285 3382 2451 3443 ἵππος
2479 3377 2706 3447 εὐγενὴς
2742 3376 2976 3447 κρίνοιτ’
3004 3375 3070 3428 ἂν
3100 3375 3373 3444 πολυτελῆ
3417 3377 3621 3447 σκευὴν

2041 3475 2203 3546 ἔχων,
2255 3471 2372 3527 ἀλλ’
2406 3472 2435 3524 6
2483 3472 2547 3541 τῇ
2583 3469 2742 3538 φύσει
2788 3467 3046 3538 λαμπρός
3069 3483 3084 3496 ·
3114 3467 3237 3519 οὒτε
3281 3466 3424 3536 ἀνὴρ
3456 3483 3624 3518 σπου-

2041 3567 2185 3628 δαῖος
2216 3567 2244 3618 6
2273 3563 2571 3632 πολύτιμον
2598 3559 2784 3613 οὐσίαν
2816 3557 3173 3629 κεκτημένος,
3204 3555 3322 3610 ἀλλ’
3355 3560 3383 3610 6
3409 3558 3507 3627 τὴν
3528 3557 3628 3627 ψυ-

2041 3657 2146 3728 χὴν
2179 3657 2448 3724 γενναῖος.

2112 3745 2381 3818 Διηνεκὴς
2435 3744 2527 3798 ἐπὶ
2579 3744 2749 3797 πᾶσιν
2797 3741 3109 3812 ἀνθρώποις
3166 3741 3199 3812 ἡ
3249 3741 3346 3794 τοῦ
3388 3741 3624 3794 πλούτου

2041 3841 2345 3910 ἐπιθυμία·
2382 3837 2458 3909 μὴ
2493 3837 2753 3906 κτηθεῖσα
2787 3837 2885 3906 μὲν
2913 3835 3024 3906 γὰρ
3079 3833 3270 3904 τρύχει
3301 3848 3318 3863 '
3359 3835 3626 3904 κτηθεῖσα

2039 3938 2096 3991 δὲ
2149 3933 2427 4006 βασανίζει
2458 3935 2578 3995 ταῖς
2624 3931 2904 4000 φροντίσιν
2928 3946 2944 3962 ·
2977 3929 3353 4000 ἁποκτηθεῖσα
3399 3930 3477 3996 δὲ,
3505 3931 3626 3992 ταῖς

2040 4031 2262 4092 λύπαις.

2121 4118 2182 4173 ⁸0
2214 4117 2356 4172 κατὰ
2403 4115 2566 4184 φύσιν
2593 4114 2826 4176 πλοῦτος
2871 4113 3024 4184 ἄρτῳ
3077 4110 3168 4163 καὶ
3224 4110 3396 4176 ὕδατι,
3430 4111 3523 4163 καὶ
3553 4113 3623 4180 τῇ

2041 4209 2278 4280 τυχούσῃ
2305 4207 2400 4261 τοῦ
2431 4208 2684 4273 σώματος
2711 4203 2886 4273 σκέπῃ
2946 4203 3426 4274 συμπεπλήρωται
3447 4217 3460 4233 '
3489 4205 3516 4256 6
3566 4202 3627 4254 δὲ

2041 4303 2298 4374 περιττὸς
2349 4299 2492 4354 κατὰ
2538 4297 2721 4369 ψυχὴν
2767 4297 3077 4366 ἀπέραντον
3109 4291 3224 4365 ἔχεέ
3263 4295 3358 4348 καὶ
3401 4295 3499 4364 τὴν
3526 4295 3628 4365 τῆς

2041 4392 2340 4461 ἐπιθυμίας
2371 4391 2631 4463 βάσανον.

2114 4485 2257 4538 Ὅσα
2293 4484 2394 4553 μὲν
2423 4482 2518 4535 ἐπὶ
2564 4483 2631 4552 τῇ
2665 4479 2851 4548 φύσει,
2882 4479 3084 4540 πάντες
3117 4477 3286 4547 ἐσμὲν
3333 4471 3582 4530 πλούσιοι
3610 4491 3625 4507 °

2042 4577 2144 4632 ὅσα
2176 4577 2234 4630 δὲ
2265 4575 2354 4645 ἐφ’
2381 4574 2538 4646 ἡμῖν,
2572 4573 2772 4634 πάντες
2798 4572 2968 4642 ἐσμὲν
3000 4570 3256 4640 πένητες.

2124 4757 2184 4810 '0
2217 4757 2314 4826 μὲν
2356 4749 2499 4816 σίνος
2554 4752 2999 4821 συμμεταϐάλλει
3045 4754 3157 4815 τοῖς
3190 4749 3458 4818 ἀγγείοις,
3497 4749 3524 4801 ὀ
3561 4749 3622 4802 δὲ

2044 4849 2275 4910 πλοῦτος
2304 4849 2420 4910 τοῖς
2450 4846 2560 4899 τῶν
2591 4845 2952 4914 κεκτημένων
2986 4844 3237 4913 τρόποις.
3555 4848 3568 4858 '

2127 4941 2310 5012 Ἱδρὼς
2338 4939 2437 5010 μὲν
2470 4939 2498 4989 6
2530 4940 2594 4990 ὲκ
2623 4937 2731 4990 τῶν
2750 4938 3069 5005 γυμνασίων
3093 4935 3625 5006 εὐσχημονέστεροςο

2045 5033 2274 5095 πλοῦτος
2306 5033 2361 5085 δὲ
2385 5034 2414 5084 6
2459 5032 2526 5083 ὲκ
2558 5029 2669 5081 τῶν
2698 5030 2846 5082 ἰδίων
2883 5031 3087 5081 πόνων.

2117 5126 2284 5195 Προὶξ
2316 5123 2490 5193 πολλὴ
2516 5122 2684 5176 τέκνα
2715 5120 2962 5190 βελτίονα
2997 5120 3056 5172 οὺ
3096 5121 3262 5174 ποιεῖ.

2127 5303 2456 5372 Ἐγκράτεια
2509 5300 2715 5370 κρηπὶς
2773 5299 3092 5362 εὐσεϐείας-ο
3141 5297 3322 5368 ὄρεξις
3382 5297 3629 5366 κτήσεως

2045 5395 2188 5467 ἀρχὴ
2221 5391 2562 5456 πλεονεξίας,
2606 5389 2726 5442 Ἐκ.
2749 5392 2855 5458 γὰρ
2888 5389 3258 5460 φιλαργυρίας
3288 5387 3474 5441 ἀδικία
3502 5387 3630 5455 φαίιι

2047 5504 2216 5540 νεται.

2117 5581 2181 5632 Oi
2215 5579 2438 5647 μάταιοι
2462 5575 2570 5629 τῶν
2596 5573 2900 5644 ἀνθρώπων
2921 5573 3048 5637 τοὺς
3075 5572 3172 5642 μὲν
3200 5571 3472 5641 μεγάλους
3495 5570 3634 5639 χρῆ-

2051 5688 2197 5741 ματα
2227 5669 2472 5739 ἔχοντας,
2519 5669 2624 5722 κᾶν
2680 5667 2946 5734 φαύλους,
2987 5666 3190 5735 τιμῶσί
3218 5681 3280 5717 τε
3317 5666 3411 5717 καὶ
3436 5663 3633 5716 τεθαυ-

2053 5763 2262 5833 μάκασι
2289 5777 2302 5790 ’
2331 5761 2439 5812 τῶν
2467 5759 2524 5811 δὲ
2555 5759 2859 5812 σπουδαίων
2885 5759 3106 5813 ἐπειδᾶν
3139 5753 3493 5828 ἀχρηματίαν
3528 5768 3630 5807 κα-

2059 5855 2350 5920 ταγνῶσιν,
2376 5853 2862 5918 ὑπερφρονέευσιν.
