4038 6398
440 378 547 440 885

506 488 726 545 Πολλῶν
753 487 942 542 κακῶν
966 486 1335 556 ἐπικάλυμμά
1365 489 1513 539 ἐστιν
1540 486 1570 538 6
1605 481 1860 543 πλοῦτος.

508 583 627 637 Κᾶν
660 580 873 651 μυρίων
922 579 1113 649 πηχῶν
1158 572 1264 648 γῆς
1295 578 1485 649 κύριος
1520 575 1801 648 ὑπάρχῃς,
1842 573 2022 630 θανὼν

437 674 643 746 γενήσῃ
672 672 842 744 τριῶν
867 672 901 743 ἢ
934 672 1240 742 τεσσάρων.

506 849 720 919 Ζημίαν
745 847 903 921 αίροῦ
936 847 1140 919 μᾶλλον
1164 846 1198 919 ἢ
1225 845 1417 917 κέρδος
1440 844 1672 918 αίσχρδν
1694 859 1709 877 ο
1737 843 1895 916 ἡμὶν
1914 844 2022 915 γὰρ

438 940 590 1008 ἅπαξ
631 958 690 994 σε
718 942 975 1012 λυπήσει,
1005 942 1068 994 τὸ
1098 940 1158 994 δὲ
1178 938 1495 1003 διαπαντός.

510 1120 747 1185 Πλοῦτος
767 1122 966 1186 κακίας
987 1119 1241 1190 μᾶλλονῆ
1269 1117 1676 1188 καλοκαγαθίας
1694 1116 1847 1172 ἐστὶν
1876 1118 2022 1189 ὑπη-

476 1217 626 1277 ἐτης.

476 1233 535 1268 ετ
582 1233 626 1277 ς.

438 1233 471 1286 ρ
512 1233 577 1358 Tui
605 1307 722 1358 ἐστι
755 1301 987 1368 πλοῦτος
1016 1320 1032 1371 ;
1065 1302 1353 1375 Θησαυρὸς
1386 1302 1598 1370 κακῶν,
1656 1274 2026 1372 ὲφῶιονίάτυ-

438 1397 721 1466 χημάτων.
755 1398 991 1468 χορηγία
1021 1396 1318 1466 πονηρίας.

517 1488 752 1553 Πλοῦτος
787 1490 897 1543 ἀπὸ
927 1489 1099 1554 κακῆς
1164 1489 1424 1558 ἐργασίας
1472 1488 1850 1560 ἐπιγινόμενος
1900 1489 2024 1540 ἑπι-

443 1580 774 1654 φανέστερον
796 1581 999 1646 ὄνειδος
1029 1582 1315 1652 κέκτηται.

1038 1741 1262 1798 ΛΟΓΟΣ
1296 1741 1419 1797 AB'.

1202 368 1369 432 [ΟΕ-Ι
1404 366 1854 431 COMMUNES.
1889 388 1961 403 --·
2005 364 2205 425 PARS
2224 363 2271 424 Ῑ.
2295 360 2553 422 SERMO
2586 353 2840 418 XXXII.

2053 489 2096 544 Α
2197 476 2405 529 Divitiae
2447 473 2638 528 multis
2672 471 2831 528 inalis
2856 474 3012 541 quasi
3044 465 3223 522 velum
3257 465 3590 533 praetexunt.

3604 348 3708 411 886

2198 568 2553 622 Pltiiistionis.
2589 564 2850 631 Quamvis
2883 560 3144 618 dominus
3161 558 3240 615 sis
3261 555 3515 629 plurimae
3528 559 3714 612 terrm,

2127 669 2180 717 et
2234 659 2481 715 infinitos
2532 657 2676 713 ruris
2730 655 2945 710 cubitos
3004 650 3314 723 possideas,
3365 650 3618 701 mortuus
3644 639 3714 693 ad

2127 760 2240 808 tres
2270 764 2365 806 aut
2405 758 2649 821 quatuor
2689 745 2976 817 redigeris.

2200 843 2462 901 Chilonis.
2501 843 2769 897 Damnum
2832 839 3016 910 potius
3075 846 3240 907 quam
3296 840 3458 902 turpe
3500 829 3713 884 lucrum

2125 937 2285 1009 elige.
2345 934 2462 991 Hoc
2522 935 2669 991 enim
2727 939 2991 1003 perpetuo
3017 938 3068 985 te
3102 926 3342 998 adliget,
3376 921 3511 978 illud
3543 917 3716 978 semel

2128 1038 2362 1084 tantum.

2200 1120 2414 1175 Divitis:
2452 1120 2628 1190 magis
2656 1118 2963 1175 inserviunt
3010 1113 3303 1186 improbis,
3360 1124 3523 1184 quam
3555 1106 3716 1164 bonis

2127 1223 2183 1270 et
2213 1214 2462 1272 honestis
2482 1212 2707 1269 studiis.

2197 1306 2340 1374 Quid
2400 1315 2484 1362 est
2532 1303 2862 1375 opulentia?
2914 1301 3230 1357 Titesanrus
3283 1298 3579 1360 malorum,
3627 1309 3716 1350 ca-

2126 1398 2391 1454 lamitatis
2419 1397 2699 1461 viaticum,
2748 1393 3119 1461 improbitatis
3148 1390 3537 1462 suppeditatio.

2199 1490 2413 1546 Divitiae
2464 1506 2527 1546 ex
2577 1489 2725 1543 ntalo
2752 1475 3024 1559 principio
3076 1488 3282 1557 parata:
3332 1483 3458 1555 plus
3518 1479 3720 1538 habent

2127 1581 2384 1638 infamiae.

2484 1740 2716 1799 SEltMO
2772 1741 2971 1798 XXXII
3004 1739 3106 1815 [αί.
3130 1737 3364 1810 CXLII].

439 1855 584 1924 Περὶ
608 1858 925 1913 πλουσίων
945 1859 1056 1933 ορὺκ
1078 1855 1149 1913 εὗ
1177 1858 1504 1933 ﬁrmiter/ww,
1537 1853 1640 1933 καὶ
1682 1857 1802 1911 τῶν
1841 1872 2023 1927 παραυ
2052 1832 2079 1892 Ῐ

2163 1861 2205 1916 te
2234 1859 2480 1916 divitibus
2505 1863 2597 1933 qui
2626 1862 2766 1918 male
2793 1862 2995 1925 uiuunt,
3024 1869 3074 1916 et
3106 1859 3172 1914 de
3200 1858 3357 1914 malis
3382 1870 3470 1914 eos
3494 1868 3720 1923 sequen-

836 1928 1117 1997 πομὲνων
1160 1928 1368 1994 αὐτοῖς
1405 1927 1632 1983 κακῶν.

516 2035 683 2095 Εἶπεν
711 2041 741 2093 6
789 2041 995 2112 Κύριος
1048 2042 1161 2104 τοίς
1226 2041 1423 2096 ἑαυτοῦ
1494 2041 1767 2114 μαθηταῖς
1790 2058 1805 2073 ·
1850 2039 2025 2113 Ἀμὴν

444 2133 590 2202 λέγω
657 2135 807 2217 ύμῖν,
868 2135 951 2189 ὅτι
1009 2135 1287 2199 δυσκόλως
1341 2134 1598 2197 πλούσιος
1651 2134 2026 2188 εἰσελεύσεται

444 2227 529 2290 είς
558 2223 654 2297 τὴν
676 2225 958 2297 βασιλείαν
984 2226 1092 2280 τῶν
1114 2227 1383 2297 οὐρανῶν.
1409 2227 1582 2281 Πάλιν
1611 2226 1670 2280 δὲ
1697 2225 1841 2294 λέγω
1873 2228 2023 2293 ὑμῖν,

443 2316 824 2390 εὐκοπώτερόν
862 2322 980 2373 ἐστι
1005 2318 1254 2391 κάμηλον
1278 2319 1367 2374 διὰ
1392 2319 1754 2390 τρυπήματος
1798 2318 2028 2390 ῥαφίδος

448 2410 733 2478 εἰσελθεῖν,
784 2411 818 2483 ἢ
855 2411 1116 2467 πλούσιον
1145 2415 1226 2477 εἰς
1276 2412 1376 2484 τὴν
1429 2410 1713 2483 βασιλείαν
1758 2409 1854 2464 τοῦ
1889 2407 2029 2464 θεοῦ

444 2503 726 2562 εἰσελθεῖν.
1602 2502 1607 2511 ’

517 2596 655 2652 Οὐαὶ
727 2596 878 2667 ὑμῖν,
907 2598 956 2652 oi
1021 2595 1400 2662 πλουτοῦντες,
1457 2596 1538 2652 ὅτι
1608 2594 1919 2662 πεινάσετε,
1948 2594 2031 2648 ὅτι

444 2687 680 2757 ἀπέχετε
709 2689 803 2743 τὸν
834 2689 1028 2760 μισθὸν
1060 2690 1215 2759 ὑμῶν
1237 2692 1331 2745 καὶ
1364 2691 1465 2763 τὴν
1498 2676 1864 2761 παράκλησιν.

518 2779 581 2832 Oi
608 2781 871 2850 πλούσιοι,
893 2782 1191 2850 κλαύσατε,
1219 2780 1566 2846 ὀλολύζοντες
1592 2781 1686 2835 ἐπὶ
1705 2784 1826 2844 ταῖς
1849 2779 2034 2833 ταλαι-

451 2873 692 2942 πωρίαις
726 2874 883 2944 ὑμῶν
916 2876 1038 2938 ταῖς
1073 2874 1478 2946 ύπερχομέναις
1500 2888 1517 2907 ⁸
1549 2876 1577 2927 6
1602 2872 1838 2933 πλοῦτος
1875 2872 2034 2943 ὑμῶν

452 2966 679 3037 σέσηπε,
717 2969 905 3023 καὶτὰ
936 2970 1136 3040 ἱμάτια
1166 2968 1323 3038 ὑμῶν
1355 2967 1679 3039 σητόϐρωτα
1713 2965 2033 3035 ὲγένετο.⁹0

458 3066 659 3137 χρυσὸς
697 3061 851 3134 ὑμῶν
881 3063 974 3116 καὶ
998 3061 1027 3113 6
1052 3060 1294 3133 ἄργυρος
1321 3058 1611 3124 κατίωται,
1640 3061 1734 3115 καὶ
1759 3060 1786 3112 6
1817 3059 1895 3121 ίὸς
1930 3057 2032 3111 αύ-

2840 1933 3004 1988 tibus.

2199 2048 2400 2106 Matth.
2431 2065 2542 2104 xix.
2587 2047 2731 2103 Dixit
2778 2044 3042 2101 Dominus
3075 2046 3141 2100 ad
3173 2045 3476 2116 discipulos
3523 2060 3664 2104 suos
3703 2061 3717 2099 :

2130 2140 2274 2197 Vere
2296 2142 2421 2197 dico
2449 2143 2604 2197 vobis
2626 2139 2773 2211 quod
2796 2139 2950 2194 dives
2975 2137 3266 2195 diiliculter
3297 2139 3635 2211 ingredietur
3664 2139 3719 2193 in

2129 2247 2359 2304 regnum
2401 2233 2693 2288 cmiorum.
2744 2231 2813 2287 Et
2838 2233 3038 2287 iterum
3068 2231 3191 2286 dico
3227 2231 3383 2287 vobis
3426 2246 3442 2285 :
3478 2228 3721 2285 Facilius

2129 2333 2215 2380 est
2246 2325 2516 2381 eamelum
2553 2324 2767 2396 ingredi
2816 2339 2915 2395 per
2962 2321 3216 2379 foramen
3258 2336 3415 2390 acus,
3444 2334 3607 2394 quam
3635 2321 3719 2375 di-

2131 2418 2296 2473 vitem
2328 2418 2381 2472 in
2413 2433 2640 2489 regnum
2672 2416 2794 2473 Dei.

2206 2596 2338 2651 Luc.
2382 2611 2459 2651 vn.
2488 2596 2584 2653 Vae
2639 2597 2820 2664 vobis,
2856 2594 3071 2665 divites,
3123 2596 3252 2667 quia
3288 2594 3564 2664 esurielis,
3595 2595 3722 2666 quia

2135 2699 2449 2746 mercedem
2501 2700 2557 2745 et
2598 2690 3031 2746 consolationem
3073 2696 3313 2746 vestram
3363 2689 3668 2758 recepistis.

2204 2781 2330 2840 Jac.
2389 2801 2442 2839 v.
2488 2785 2650 2856 Agite
2695 2798 2870 2847 nunc,
2905 2783 3124 2850 divites,
3182 2783 3414 2853 plorate,
3454 2783 3724 2837 ululantes

2136 2896 2301 2951 super
2328 2876 2568 2934 miseriis
2603 2877 2803 2933 vestris
2831 2891 2950 2946 qum
2972 2874 3269 2930 advenient
3301 2875 3484 2931 vobis.
3509 2873 3725 2930 Divitiae

2137 2979 2331 3029 vestrae
2361 2967 2682 3040 putrefactas
2708 2976 2856 3032 sunt,
2889 2966 3216 3022 veStimenta
3267 2973 3449 3022 vestra
3493 2982 3526 3021 a
3562 2966 3725 3021 tineis

2095 3066 2104 3071 '
2139 3064 2302 3135 plane
2327 3068 2647 3130 consumpta
2681 3067 2833 3116 sunt.
2853 3056 3062 3113 Aurum
3087 3065 3142 3112 et
3165 3066 3450 3127 argentum
3481 3067 3727 3113 vestrum

449 3163 557 3215 τῶν
578 3162 658 3222 είς
688 3156 991 3230 μαρτύριον
1019 3155 1198 3222 ἔσται,
1226 3152 1735 3220 καὶ.καταφὰγεται
1760 3150 1860 3214 τὰς
1894 3152 2027 3221 σάρ-
2060 3183 2079 3238 (

2163 3156 2377 3224 erugine
2415 3152 2662 3209 vitiatum
2698 3161 2804 3215 est,
2859 3159 2913 3205 et
2935 3163 3120 3219 aerugo
3169 3164 3362 3206 eorum
3402 3151 3454 3205 in
3484 3152 3732 3207 testimo-

449 3271 552 3317 κας
583 3252 759 3327 ὑμῶν,
791 3251 867 3313 ὡς
892 3246 1027 3319 πῦρ.

520 3432 614 3505 Μὴ
643 3429 812 3504 φοϐοῦ
843 3431 973 3485 ὅταν
1002 3427 1288 3499 πλουτήσῃ
1319 3424 1632 3497 ἄνθρωπος,
1665 3424 1699 3497 ἢ
1727 3423 1860 3478 ὅταν
1893 3423 2032 3493 πλη-

452 3524 621 3597 omen
641 3528 675 3598 ἡ
709 3525 838 3592 δόξα
866 3523 960 3577 τοῦ
986 3520 1136 3576 οίκου
1170 3517 1361 3574 αὐτοῦ.
1558 3592 1569 3599 1

524 3619 778 3690 κυνήγια
804 3616 1034 3670 λεόντων
1066 3614 1293 3684 ῦναγροι
1321 3615 1380 3668 ἐν
1409 3610 1605 3683 ἐρήμῳ
1623 3626 1638 3641 ·
1671 3608 1844 3673 οὕτως
1868 3606 2039 3677 νομαὶ

452 3712 722 3767 πλουσίων
750 3710 973 3781 πτωχοί.

527 3806 792 3859 Πλουσίου
836 3803 1134 3873 σφαλέντος
1185 3802 1373 3856 πολλοὶ
1419 3800 1839 3871 ἁντιλήπτορες.

539 3895 833 3967 Ἐλάλησεν
858 3897 1175 3967 ἀπόρρητα,
1205 3898 1300 3950 καὶ
1328 3894 1659 3948 ἐδικαίωσαν
1699 3893 1882 3947 αὐτόν.

525 3990 792 4054 Πλούσιος
823 3990 1076 4060 ὲλάλησε,
1110 3990 1207 4042 καὶ
1240 3989 1442 4050 πάντες
1486 3986 1775 4055 ἐσίγησαν,
1808 3987 1904 4039 καὶ
1943 3985 2038 4039 τὸν

454 4080 614 4151 λόγον
645 4082 816 4137 αὑτοῦ
848 4081 1140 4152 ἀνύψωταν
1164 4081 1272 4144 ἓως
1291 4081 1403 4134 τῶν
1432 4079 1696 4148 νεφελῶν.

537 4175 596 4229 '0
624 4175 808 4242 ἄδοξος
841 4177 899 4231 ἐν
929 4175 1167 4247 πλούτῳ,
1198 4177 1258 4230 ἐν
1281 4174 1528 4246 πτωχείᾳ
1561 4173 1816 4244 ποσαχῶς
1842 4188 1860 4239 5

540 4352 722 4420 Ἀνδρὶ
752 4352 1066 4422 μικρολόγῳ
1110 4352 1172 4406 ού
1206 4349 1370 4405 καλὸν
1398 4352 1427 4404 6
1452 4348 1708 4414 πλοῦτος.

542 4445 846 4517 Ἀγρυπνία
899 4442 1133 4499 πλούτου
1187 4445 1411 4514 ἐκτήκει
1446 4443 1677 4513 σάρκας,
1712 4444 1808 4496 καὶ
1856 4443 1890 4513 ὴ
1943 4442 2041 4511 μέ-

462 4555 631 4609 ριμνα
661 4537 827 4593 αὑτοῦ
855 4539 1061 4610 ὰφιστᾷ
1081 4537 1279 4592 ὕπνον.

541 4632 601 4684 '0
635 4630 861 4700 ἀγαπῶν
894 4629 985 4684 τὸν
1019 4630 1251 4684 πλοῦτον
1279 4630 1339 4684 ού
1376 4628 1830 4695 δικαιωθήσεται.

542 4723 841 4794 Ἐμίσησεν
874 4724 908 4793 ἡ
935 4722 1084 4793 ψυχή
1115 4739 1217 4793 μου
1250 4722 1509 4776 πλούσιον
1535 4719 1805 4792 ψεύστην.

538 4897 783 4978 ’Ἀγαθοῦ
836 4903 975 4958 Θεοῦ
1006 4903 1264 4974 γέγονας,
1292 4901 1571 4971 ἄνθρωπε,
1611 4902 1918 4972 ὑπηρέτης,
1965 4903 2049 4955 oi-

464 5003 696 5071 κονόμος
748 4999 857 5053 τῶν
887 4997 1214 5068 ὁμοδούλων,
1248 4997 1325 5067 μὴ
1362 4996 1543 5049 πάντα
1588 4993 1701 5048 οἴου
1735 4996 1802 5065 τῇ
1853 4997 1921 5066 σῇ
1950 5011 2050 5062 γα-

468 5095 592 5163 στρὶ
640 5089 1118 5162 παρεσκευάσθαι.
1157 5089 1243 5151 Ὠς
1289 5089 1420 5159 περὶ
1449 5086 1749 5158 ἀλλοτρίων
1786 5087 2046 5159 βουλεύου

473 5188 603 5257 περὶ
650 5185 760 5238 τῶν
806 5185 860 5237 ὲν
892 5183 1073 5253 χερσί.
1120 5181 1334 5250 Μικρὸν
1386 5180 1672 5250 εὐφραίνει
1724 5195 1784 5233 σε
1832 5181 2047 5250 χρόνον,

470 5276 592 5332 εἶτα
618 5278 1010 5348 παραρῤυέντα
1036 5276 1319 5344 οἰχήσεται
1343 5289 1357 5304 ³
1386 5274 1480 5327 τὸν
1503 5274 1561 5328 δὲ
1580 5272 1666 5326 ἐπ’
1683 5273 1866 5337 αὐτοῖς
1892 5271 2053 5342 λόγον

466 5372 823 5442 ἁπαιτηθήσῃ
852 5370 990 5438 μετὰ
1024 5366 1336 5439 ἀκριϐείας.
1380 5415 1387 5423 .

546 5552 608 5605 '0
638 5550 894 5613 πλούσιος
927 5548 1082 5603 οῦπω
1117 5548 1359 5619 ζηλωτός
1391 5550 1505 5602 ἐστι
1536 5548 1625 5602 διὰ
1654 5548 1746 5603 τὸν
1788 5549 2044 5618 πλοῦτον,

463 5645 566 5715 οὐχ
584 5647 610 5696 6
631 5644 899 5712 δυνάστης
921 5642 1008 5696 διὰ
1037 5620 1128 5696 τδν
1144 5641 1309 5709 ὄγκον
1326 5638 1419 5692 τοῦ
1444 5639 1778 5710 ἀξιώματος.
1805 5642 2051 5714 Ὄργανα

469 5738 579 5807 γάρ
602 5739 719 5791 ἐστι
747 5735 923 5790 ταῦτα
955 5736 1052 5808 τῆς
1081 5734 1287 5803 ἀρετῆς
1308 5734 1422 5794 τοῖς
1446 5732 1626 5795 καλῶς
1657 5738 2044 5805 κεχρημένοις,

474 5832 575 5883 οὐκ
635 5830 774 5884 αὐτὰ
801 5831 863 5885 ἐν
892 5832 1101 5894 ἑαυτοῖς
1149 5827 1342 5898 ἔχοντα
1387 5824 1449 5878 τὸ
1506 5826 1797 5897 μακάριον.
1840 5829 1899 5882 '0
1952 5832 2050 5900 μὲν

1500 6117 1535 6137 ο

2137 3248 2287 3303 nium
2335 3246 2495 3303 vobis
2534 3245 2662 3312 erit,
2715 3257 2770 3301 et
2829 3243 3029 3300 exedet
3066 3257 3262 3299 carnes
3308 3253 3525 3301 vestras
3582 3246 3729 3303 sicut

2138 3340 2300 3411 ignis.

2212 3432 2408 3487 Dauid.
2447 3430 2528 3487 Ne
2559 3431 2757 3487 timeas
2786 3444 2913 3487 cum
2945 3428 3154 3486 ditatus
3202 3429 3371 3487 fuerit
3416 3430 3606 3500 homo,
3640 3434 3743 3487 vel:

2139 3534 2300 3581 aucta
2327 3525 2500 3595 gloria
2530 3524 2750 3579 familiae
2781 3523 2982 3592 ipsius.

2215 3618 2387 3674 Eccli.
2432 3634 2593 3675 χχιιι.
2626 3618 2873 3675 Leonum
2898 3617 3121 3673 venatio
3156 3627 3284 3675 sunt
3318 3617 3511 3688 onagri
3541 3617 3596 3672 in
3640 3632 3732 3674 so-

2142 3712 2375 3768 litudine
2407 3732 2423 3769 :
2452 3712 2534 3768 sic
2568 3711 2736 3768 etiam
2768 3711 3014 3782 opulenti
3039 3711 3413 3779 depascuntur
3434 3726 3727 3782 pauperes.

2215 3803 2358 3861 Ibid.
2388 3803 2580 3861 Divitis
2611 3805 2748 3874 lapsi
2775 3804 2931 3859 multi
2975 3812 3105 3859 sunt.
3133 3803 3437 3874 adjutores.

2215 3892 2456 3950 Locutus
2477 3904 2562 3950 est
2590 3903 2824 3960 secreta,
2852 3904 2909 3949 et
2942 3894 3296 3950 absolverunt
3345 3908 3471 3949 eum
3493 3930 3509 3948 .

2214 3985 2358 4040 Ibid.
2389 3984 2550 4041 Dives
2579 3985 2798 4042 locutus
2823 3995 2906 4042 est
2937 4022 2954 4053 ,
2987 3995 3042 4041 et
3084 3999 3295 4041 omnes-
3317 3995 3633 4050 tacuerunt,
3670 3998 3727 4042 et

2143 4079 2461 4135 extulerunt
2486 4094 2795 4134 sermonem
2828 4079 2947 4149 ejus
2971 4095 3145 4146 usque
3173 4081 3239 4135 ad
3271 4080 3466 4136 nubes.

2213 4171 2350 4229 Ibid.
2382 4188 2462 4228 χι.
2492 4172 2718 4228 lnfamis
2741 4174 3051 4240 indivitiis,
3085 4182 3294 4244 quanto
3334 4175 3472 4232 foret
3506 4176 3562 4231 in
3596 4189 3731 4248 pau-

2138 4275 2355 4334 pertate
2384 4266 2558 4337 magis
2583 4265 2606 4319 i

2218 4357 2507 4413 Hominem
2546 4359 2830 4413 sordidum
2863 4373 2975 4414 non
3003 4360 3197 4415 decent
3221 4360 3456 4416 divitiae.

2220 4447 2364 4503 Ibid.
2389 4438 2809 4519 uninVigiiiae
2825 4449 3142 4506 divitiarum
3158 4451 3496 4507 labefaciunt
3511 4467 3733 4518 carnes,

2075 4537 2120 4593 D
2149 4549 2203 4596 et
2224 4540 2536 4597 sollicitudo
2564 4555 2758 4596 earum
2790 4541 2987 4596 avertit
3014 4555 3293 4597 somnum.

2222 4631 2327 4698 Qui
2357 4631 2535 4703 diligit
2564 4632 2812 4697 divitias,
2852 4648 2962 4687 non
2982 4633 3408 4703 justiﬂcabitnr.

2226 4723 2370 4780 Ibid.
2401 4741 2527 4783 xxv.
2564 4725 2797 4781 Animus
2850 4740 3002 4782 meus
3044 4724 3163 4780 odit
3209 4727 3434 4783 divitem
3495 4731 3723 4785 menda-

2068 4852 2081 4859 κ
2154 4833 2295 4873 CCIII.

2222 4909 2334 4982 64
2371 4908 2575 4964 Incerti
2623 4910 2860 4966 auctoris
2882 4946 2899 4965 .
2930 4908 3067 4965 Boni
3116 4908 3209 4966 Dei
3266 4911 3522 4967 minister
3558 4911 3737 4968 factus

2153 5018 2235 5071 es,
2289 5019 2323 5058 ο
2359 5003 2546 5068 homo,
2596 5018 2923 5060 teconomus
2990 5017 3386 5061 conservorum
3412 5043 3431 5072 ,
3469 5019 3541 5060 ne
3582 5013 3739 5074 putes

2154 5095 2342 5149 ontuia
2400 5103 2493 5149 tuo
2537 5095 2713 5150 ventri
2752 5104 2941 5165 parata
2978 5110 3123 5151 esse.
3158 5095 3236 5152 De
3262 5096 3430 5151 rebus
3470 5096 3577 5150 illis
3597 5111 3739 5167 quas

2158 5188 2412 5242 inanibus
2474 5195 2723 5254 tractas,
2787 5196 3049 5259 tauquam
3110 5190 3175 5244 de
3224 5188 3421 5244 alienis
3461 5190 3736 5245 cousulta.

2156 5278 2317 5335 Brevi
2372 5290 2620 5350 tempore
2649 5289 2702 5334 te
2737 5279 3036 5348 oblectant,
3078 5279 3276 5336 deinde
3307 5279 3739 5350 praeterfluentes

2159 5371 2506 5429 interibunt:
2541 5381 2600 5433 tu
2636 5388 2768 5429 vero
2804 5372 3141 5443 exquisitam
3181 5373 3250 5429 de
3283 5372 3419 5443 ipsis
3469 5372 3740 5427 rationem

2158 5463 2388 5519 reddere
2407 5464 2714 5535 jubeberis.

2227 5553 2389 5611 Dives
2407 5571 2516 5611 non
2542 5556 2829 5613 habendus
2855 5566 2941 5614 est
2978 5556 3106 5613 felix
3135 5566 3358 5629 propter
3383 5557 3623 5624 divitias,
3649 5572 3742 5613 ne-

2158 5660 2265 5715 que
2313 5648 2568 5717 princeps
2600 5656 2825 5717 pr0pter
2851 5647 3231 5702 excellentiam
3262 5648 3575 5717 dignitatis.
3613 5646 3742 5703 Haec

2160 5739 2365 5793 etenim
2429 5739 2794 5795 instrumenta
2849 5741 3069 5795 virtutis
3124 5748 3276 5807 sunt,
3312 5741 3359 5796 si
3412 5750 3557 5795 recte
3590 5739 3743 5795 adbi-

2166 5830 2386 5899 bentur,
2428 5845 2535 5887 non
2564 5841 2745 5889 autem
2771 5832 2887 5903 ipsa
2923 5832 3237 5888 felicitatem
3265 5831 3320 5886 in
3356 5846 3416 5887 se
3444 5830 3781 5888 continent;
