4038 6464
335 387 445 459 887

1611 387 1936 449 ANTONII
1978 385 2337 450 MELlSSrE

3505 382 3615 447 888

336 505 484 579 Ergo
534 503 631 575 qui
675 502 817 560 male
848 501 1058 559 divitiis
1088 500 1286 565 utitur.
1326 500 1660 558 miserabilis
1694 514 1779 558 est
1810 542 1826 569 ,
1865 511 1922 557 ut

2034 497 2121 557 οὖν
2148 500 2336 564 κακῶς
2365 499 2444 571 τῷ
2499 498 2718 571 πλούτῳ
2767 498 3111 570 κεχρημένος
3159 496 3436 562 ἐλεεινός·
3471 500 3549 562 ὥς
3584 501 3617 554 ό

334 597 427 655 ille
463 597 558 669 qui
584 605 781 668 sponte
810 610 869 651 se
900 592 1273 649 vulneraverit
1293 593 1401 648 isto
1433 593 1633 665 gladio,
1656 608 1816 663 quem
1856 595 1924 649 ad

337 690 637 749 vindictam
673 689 910 745 hostium
937 696 1273 758 sumpserat.

405 781 487 840 Ne
525 783 855 839 misceamus
887 795 1019 850 opes
1049 788 1268 835 nostras
1325 779 1521 835 alienis
1566 780 1844 852 lacrymis,
1895 799 1927 838 a

336 876 539 948 quibus
561 883 819 946 tanquam
847 872 1087 944 aerugine
1116 883 1169 928 et
1201 873 1368 928 tineis
1392 882 1791 927 consumentur
1822 872 1925 943 (l).

417 1058 690 1129 Clzrysost.
721 1057 926 1113 Divites
978 1064 1036 1111 ut
1083 1056 1382 1127 plurimum
1410 1057 1570 1112 facile
1592 1057 1838 1113 incidunt
1869 1058 1921 1112 in

343 1151 635 1206 malitiam.
687 1149 824 1205 Cum
869 1150 1018 1203 enim
1077 1147 1417 1203 abundantia
1452 1163 1636 1204 rerum
1671 1164 1922 1218 magnam

334 1243 523 1313 pravis
574 1242 867 1299 affectibus
917 1240 1238 1296 facilitatem
1272 1242 1533 1311 praebeat,
1563 1242 1925 1313 procliviores

336 1335 404 1390 ad
434 1334 567 1390 vitia
599 1334 852 1390 feruntur
874 1373 892 1389 .

407 1424 728 1480 Periculosa
770 1425 1002 1479 divitum
1035 1435 1118 1481 est
1139 1427 1270 1491 vita,
1301 1435 1356 1483 et
1381 1425 1758 1483 intractabilis
1789 1442 1917 1482 mu-

331 1518 493 1572 tatio.
527 1516 683 1584 Quod
714 1517 761 1572 si
789 1516 996 1574 dixeris
1022 1558 1037 1584 ,
1064 1518 1274 1575 Multos
1298 1519 1534 1576 famulos
1559 1519 1945 1603 circumducit.

328 1610 507 1675 dives,
531 1620 585 1666 et
611 1610 789 1666 multa
817 1619 975 1667 terrae
994 1610 1188 1684 jugera
1214 1611 1500 1682 possidet':
1528 1614 1764 1682 primum
1779 1613 1924 1669 scias

334 1701 613 1758 diﬂicilem
673 1702 724 1758 ei
796 1702 1132 1757 reddendam
1196 1718 1320 1758 csse
1366 1704 1435 1759 de
1467 1704 1725 1758 omnibus
1757 1703 1922 1757 rebus

2025 594 2105 664 τῷ
2136 593 2280 665 ξίφει
2303 594 2332 648 ὃ
2386 592 2548 647 ἔλαϐε
2584 593 2722 663 πρὸς
2752 590 2851 663 τὴν
2897 591 3006 645 τῶν
3058 591 3343 661 πολεμίων
3372 590 3616 661 ἄμυναν,

2027 686 2205 759 τούτῳ
2228 688 2494 751 ἑκουσίως
2533 687 2728 741 ἑαυτὸν
2755 684 3251 757 κατατιτρώσκων.

2098 779 2191 847 Μὴ
2224 778 2471 847 μίξωμεν
2498 775 2589 830 τὸν
2612 775 2885 847 ἡμέτερον
2917 773 3150 829 πλοῦτον
3179 774 3488 846 ἀλλοτρίοις
3515 774 3616 828 δά-

2028 878 2253 942 κρυσιν,
2278 871 2369 939 ὐφ’
2397 864 2475 925 ὧν
2494 869 2569 933 ὡς
2599 869 2710 924 ἀπὸ
2734 868 2823 923 ίοῦ
2837 868 2931 924 καὶ
2947 868 3110 939 σητὸς
3136 868 3613 940 δαπανηθήσεται,

2027 963 2168 1035 ἢτὸ,
2200 964 2298 1033 τῆς
2327 962 2552 1033 Γραφῆς
2589 964 2788 1030 εἰπεῖν,
2821 960 3077 1031 ἐξεμέθα.

2099 1058 2163 1112 Οἱ
2189 1057 2438 1111 πλούσιοι
2468 1057 2545 1120 ὡς
2573 1057 2641 1111 τὰ
2688 1056 2861 1109 πολλά
2896 1056 3036 1125 πρὸς
3071 1056 3276 1109 κακίαν
3322 1054 3618 1124 εὐεμπτώ-

2026 1167 2134 1212 τως
2162 1149 2347 1221 έχουσι
2365 1167 2380 1182 ·
2411 1152 2511 1219 τῆς
2534 1150 2644 1222 γὰρ
2681 1149 2945 1220 εὐπορίας
2970 1148 3172 1219 πολλὴν
3192 1151 3315 1210 ταῖς
3344 1150 3616 1218 πονηραῖς

2028 1242 2347 1313 ἐπιθυμίαις
2384 1241 2734 1314 παρεχούσης
2777 1242 2878 1313 τὴν
2907 1240 3181 1308 εὐκολίαν,
3230 1239 3487 1309 ὀξύτερον
3517 1241 3615 1293 ἐπὶ

2025 1334 2094 1387 τὰ
2128 1334 2505 1405 ἁμαρτήματα
2526 1336 2838 1405 τρέχουσιν.

2109 1429 2448 1499 Ἑπισφαλὴς
2477 1430 2506 1482 ὁ
2536 1428 2651 1498 βίος
2677 1430 2794 1491 τοῖς
2825 1427 3147 1490 πλουτοῦσι,
3189 1428 3617 1499 δυσμεταχείρι-

2030 1538 2153 1581 στος
2193 1524 2226 1592 η
2268 1510 2585 1592 μεταϐολή(
2624 1522 2685 1574 Εἰ
2738 1521 2796 1574 δὲ
2846 1520 3049 1588 λέγεις,
3100 1521 3340 1583 Πολλοὺς
3393 1521 3614 1586 οἰκέτας

2029 1616 2304 1683 περιάγει,
2339 1612 2433 1666 καὶ
2464 1612 2635 1665 πολλά
2680 1611 2944 1680 κέκτηται
2992 1611 3208 1683 πλέθρα
3247 1613 3351 1682 γῆς
3386 1614 3414 1665 ὁ
3445 1611 3618 1664 πλου-

2026 1705 2136 1759 τῶν
2157 1722 2171 1736 ·
2202 1706 2421 1777 πρῶτον
2451 1706 2621 1773 γνῶθι
2654 1707 2735 1760 ὅτι
2788 1705 3031 1775 χαλεπάς
3064 1704 3176 1770 ἔξει
3220 1705 3320 1769 τὰς
3350 1706 3607 1773 εὐθύνας,

330 1795 448 1850 suis
494 1794 794 1851 rationem:
854 1793 971 1849 Non
1033 1794 1178 1850 enim
1233 1796 1448 1851 fruendi
1478 1797 1649 1867 gratia
1704 1803 1921 1851 tantum

2034 1796 2249 1851 πάντων
2278 1798 2372 1851 τὸν
2398 1798 2558 1867 λόγον
2590 1799 2832 1868 ὑπέχων.
2886 1799 2962 1852 Οὐ
2995 1798 3105 1867 γὰρ
3131 1799 3281 1861 ὅπως
3309 1797 3610 1852 ἀπολαύσοι

329 1887 565 1958 accepit,
618 1888 712 1944 sed
761 1897 823 1944 ut
878 1888 1001 1944 aliis
1039 1905 1261 1961 quoque
1294 1891 1451 1946 utilis
1484 1891 1628 1945 foret
1659 1890 1915 1956 :deinde,

330 1980 478 2050 quod
532 1980 664 2035 nihil
715 1981 763 2036 ei
803 1982 873 2036 ab
925 1982 1027 2036 bac
1065 1981 1343 2052 opulentia
1402 1982 1692 2054 contingit,
1755 1997 1919 2053 quam

333 2088 505 2139 curm,
559 2072 877 2127 sollicitudo
907 2114 920 2137 ,
959 2073 1061 2139 ira,
1115 2082 1169 2129 et
1197 2083 1458 2145 perpetua
1489 2073 1830 2144 perturbatio
1857 2089 1923 2130 ac

325 2165 618 2221 tumultus.
635 2162 822 2234 Neque
851 2166 997 2221 enim
1031 2167 1187 2220 dives
1239 2166 1446 2222 multos
1469 2166 1658 2237 implet
1677 2176 1919 2232 ventres,

325 2272 533 2327 pauper
561 2272 692 2313 vero
716 2273 886 2312 unum
914 2258 1092 2313 solum
1121 2275 1134 2313 :
1181 2259 1276 2313 sed
1316 2274 1485 2313 unum
1514 2271 1569 2314 et
1602 2260 1692 2314 hic
1721 2269 1776 2313 et
1805 2260 1916 2327 ille,

331 2357 385 2403 et
420 2364 592 2403 unum
635 2358 863 2419 uterque
903 2364 1105 2418 corpus
1140 2358 1300 2404 curat
1334 2366 1347 2404 :
1403 2350 1569 2420 idque
1625 2351 1764 2407 alter
1802 2352 1923 2407 sine

331 2449 479 2492 metu
518 2447 574 2492 et
599 2438 899 2502 anxietate,
970 2439 1107 2493 alter
1143 2449 1385 2495 tremens
1414 2450 1469 2495 et
1496 2440 1695 2497 timens
1727 2443 1921 2497 adver-

331 2531 547 2587 sitates.
564 2530 642 2587 Ne
668 2533 975 2601 respexeris
1000 2533 1167 2604 igitur
1188 2544 1392 2603 quanta
1413 2535 1483 2590 sit
1507 2538 1801 2604 possessio,
1824 2537 1920 2593 sed

328 2637 396 2677 an
444 2622 620 2692 major
665 2621 879 2680 fructus
945 2625 1209 2694 majorem
1268 2626 1677 2693 possessionem
1712 2639 1918 2696 sequa-

336 2725 449 2768 tur.
1272 2738 1278 2743 “

407 2888 554 2948 Nihil
580 2895 773 2965 juvant
797 2911 928 2967 opes
955 2898 1177 2955 divitem
1209 2898 1553 2960 morientem,
1576 2913 1711 2969 quas
1733 2912 1918 2953 secum

336 2984 557 3041 auferre
604 2990 840 3059 nequit:
879 3001 935 3046 et
990 2991 1094 3045 hoc
1158 2989 1425 3046 duntaxat
1481 2992 1685 3060 recepit
1755 2991 1919 3058 lucrl,

331 3082 477 3153 quod
512 3096 638 3137 cum
695 3083 909 3140 viveret
960 3084 1108 3139 beati
1162 3085 1379 3139 titulum
1423 3085 1568 3155 apud
1598 3085 1918 3142 adulatores

331 3179 608 3236 habuerit.

404 3382 557 3443 Multi
588 3387 795 3443 divitiis
827 3384 1111 3442 aliiuentes
1170 3388 1335 3442 vitam
1366 3389 1473 3445 sibi
1525 3389 1754 3444 minime
1785 3390 1925 3444 vita-

330 3482 437 3537 lem
462 3481 818 3549 existimant;
859 3481 951 3535 alii
972 3480 1028 3535 in
1050 3491 1294 3536 extrema
1325 3489 1645 3552 paupertate
1683 3482 1923 3536 maxima

336 3588 461 3628 cum
522 3572 797 3627 hilaritate
838 3573 1067 3643 degunt.
1101 3570 1215 3627 lmo
1242 3573 1321 3627 illi
1351 3585 1476 3642 post
1504 3573 1761 3629 satellitia
1789 3575 1914 3644 glo-

331 3667 473 3721 riam
496 3675 549 3721 et
584 3665 849 3732 honores,
884 3679 994 3719 non
1034 3679 1162 3719 raro
1190 3666 1361 3719 vitam
1401 3667 1578 3736 ipsam
1615 3681 1919 3722 exsecran-

333 3770 427 3814 tur
458 3775 473 3813 :
505 3758 560 3814 bi
613 3773 743 3815 vero
792 3758 1040 3824 obscuri,
1074 3766 1127 3813 et
1162 3772 1228 3813 ex
1270 3759 1548 3822 obscuris,
1575 3769 1631 3815 et
1664 3760 1924 3815 omnibus

336 3851 535 3922 ignori,
592 3849 780 3905 multis
822 3849 945 3904 aliis
993 3864 1051 3903 se
1083 3849 1361 3906 beatiores
1395 3851 1735 3906 existimant.
1774 3850 1927 3908 Hila—

331 3947 471 3998 ritas
549 3942 701 3998 enim
750 3953 806 3996 et
867 3940 1242 4012 tranquillitas
1308 3943 1478 3997 animi
1533 3959 1644 3998 non
1713 3945 1923 4001 tamin

331 4051 519 4093 rerum
568 4034 906 4098 conditione,
955 4048 1121 4105 quam
1168 4034 1398 4105 judieiis
1452 4036 1740 4091 hominum
1786 4052 1924 4092 con-

333 4128 532 4185 sistere
558 4129 721 4184 solet.

405 4221 531 4289 ]pse
551 4219 815 4275 Christus
837 4220 1217 4291 pronuntiavit
1249 4220 1395 4291 quod
1427 4237 1533 4276 non
1565 4224 1784 4293 possitis
1817 4223 1925 4278 Deo

335 4313 542 4368 servire
558 4320 614 4367 et
649 4327 1000 4379 mammonae,
1033 4312 1142 4385 65
1163 4319 1217 4369 et
1240 4315 1385 4383 quod
1409 4330 1571 4369 nemo
1596 4317 1767 4384 possit
1789 4317 1928 4369 duu~

335 4404 440 4457 lms
482 4404 724 4460 dominis
762 4404 1015 4471 servire;
1067 4406 1391 4478 praecipiunt
1434 4409 1580 4463 enim
1623 4409 1922 4464 contraria.

2023 1888 2189 1943 ἔλασε
2220 1891 2405 1961 μόνον,
2459 1890 2580 1944 ἀλλ’
2602 1893 2754 1954 ὅπως
2782 1892 2878 1945 καὶ
2932 1890 3143 1960 ἑτέροις
3175 1890 3390 1958 γένοιτο
3419 1891 3613 1960 χρήσι-

2025 1999 2162 2054 μος·
2199 1982 2477 2055 δεύτερον,
2516 1985 2598 2037 δτι
2633 1983 2785 2037 οὐδὲν
2819 1982 2929 2037 ἀπὸ
2973 1981 3073 2052 τῆς
3106 1981 3429 2052 περιουσίας
3460 1980 3612 2051 αὐτῷ

2022 2077 2234 2144 γίνεται
2262 2076 2521 2163 ταύτηςῆ
2555 2074 2837 2147 φροντίδες
2867 2075 2965 2128 καὶ
2997 2075 3261 2144 μέριμναι
3294 2072 3392 2125 καὶ
3423 2072 3611 2143 ὀργαὶ,

2023 2167 2119 2220 καὶ
2152 2168 2212 2223 τὸ
2245 2169 2334 2222 διὰ
2364 2168 2568 2231 παντὸς
2597 2163 2739 2222 εἶναι
2771 2169 2830 2220 έν
2856 2169 3070 2238 ταραχῇ
3105 2166 3202 2219 καὶ
3229 2163 3507 2234 θορύϐοις.
3531 2164 3609 2218 Οὐ

2024 2260 2130 2330 γὰρ
2177 2261 2336 2326 οὖτος
2387 2261 2486 2331 μὲν
2521 2259 2722 2331 μυρίας
2751 2261 3044 2330 γαστέρας,
3103 2260 3131 2312 ὁ
3161 2258 3218 2312 δὲ
3264 2258 3436 2326 πένης
3480 2256 3610 2326 μίαν

2024 2356 2226 2425 πληροῖ
2264 2355 2446 2425 μόνον,
2486 2354 2622 2409 άλλά
2654 2354 2752 2408 καὶ
2774 2350 2926 2419 οὗτος
2957 2355 3211 2418 κάκεῖνος
3248 2354 3399 2424 μίαν,
3429 2353 3524 2407 καὶ
3549 2351 3611 2406 ἓν

2024 2449 2330 2519 ἀμφότεροι
2385 2447 2756 2518 θεραπεύουσι
2804 2447 3003 2519 σῶμα’
3034 2446 3154 2502 ἀλλ’
3200 2448 3228 2500 ὁ
3284 2446 3385 2517 μὲν
3437 2447 3609 2517 χωρὶς

2025 2543 2267 2612 ἀγωνίας
2303 2548 2401 2599 καὶ
2452 2542 2632 2609 δέους,
2682 2545 2711 2597 ὁ
2742 2542 2800 2597 δὲ
2849 2541 2994 2611 μετά
3022 2540 3120 2595 τοῦ
3178 2539 3478 2595 δεδοικέναι
3513 2539 3612 2592 καὶ

2022 2633 2249 2705 τρέμειν
2279 2635 2376 2696 τάς
2396 2631 2823 2696 ἐπαναστάσεις.
2846 2630 2939 2704 Μὴ
2959 2631 3141 2685 τοίνυν
3168 2631 3286 2703 ίδῃς
3308 2629 3385 2694 ὡς
3405 2629 3613 2699 πολλὴν

2023 2726 2138 2797 ἔχει
2187 2726 2286 2797 τὴν
2323 2725 2666 2796 περιουσίαν,
2705 2724 2827 2779 ἀλλ’
2879 2725 2929 2778 εἰ
2963 2724 3128 2778 πλέον
3163 2740 3217 2777 τι
3268 2725 3370 2795 τῆς
3401 2720 3608 2793 πολλῆς

2023 2823 2227 2892 ταύτης
2256 2822 2584 2879 ἀπολαύσει.

2095 2914 2263 2968 Οὐδὲν
2299 2913 2491 2984 ὄφελος
2521 2914 2600 2983 τῷ
2634 2911 2877 2983 πλουσίῳ
2904 2910 3306 2980 ἀποθνήσκοντι
3344 2909 3419 2981 μὴ
3449 2910 3611 2962 δυνα-

2029 3007 2177 3079 μένῳ
2198 3006 2386 3062 λαϐεῖν
2418 3008 2510 3061 τὸν
2544 3007 2783 3061 πλοῦτον
2804 3008 2902 3060 σὺν
2929 3005 3131 3075 ἐαυτῷ,
3160 3005 3219 3067 ὃς
3260 3019 3324 3072 γε
3356 3001 3613 3057 τοσοῦτον

1951 3141 1998 3203 C
2028 3102 2137 3157 ἀπὸ
2167 3101 2269 3171 τῆς
2297 3100 2655 3164 ἀπολαύσεως
2686 3100 2949 3171 ἑκέρδανε
2996 3100 3184 3170 μόνον,
3216 3099 3344 3152 ὅσον
3377 3099 3478 3168 τὴν
3509 3096 3612 3166 ψυ-

2028 3195 2132 3267 Χῆν
2160 3193 2328 3249 αὐτοῦ
2357 3194 2417 3248 έν
2444 3196 2511 3265 τῇ
2543 3193 2657 3265 ζωῇ
2695 3193 2870 3266 ταύτῃ
2901 3192 3054 3265 παρά
3085 3192 3193 3246 τῶν
3224 3191 3475 3245 κολάκων
3502 3207 3613 3261 μοι·⁵

2028 3288 2381 3359 καρισθῆναι.

2099 3381 2293 3435 Πολλοὶ
2340 3379 2558 3451 πλούτῳ
2589 3380 3016 3452 περιρῤεόμενοι
3051 3378 3143 3431 τὸν
3208 3377 3325 3443 βίον
3376 3376 3613 3430 ἀϐίωτον

2028 3474 2283 3546 ἐνόμισαν
2324 3471 2501 3527 εἶναι’
2543 3474 2723 3544 ἕτεροι
2761 3472 2842 3538 δὲ,
2871 3472 3029 3542 πενία
3071 3471 3342 3534 συζςὶντες
3382 3469 3609 3543 ἐσχάτῃ,

2027 3570 2246 3623 πάντων
2275 3566 2639 3638 εὐθυμότερον
2662 3565 2989 3619 διετέλεσαν.
3015 3564 3125 3616 Καὶ
3157 3565 3205 3617 oi
3238 3564 3338 3633 μὲν
3360 3562 3592 3632 δορυφοο

2030 3663 2153 3733 ρίας
2186 3660 2601 3723 ἀπολαύσαντες
2634 3659 2728 3713 καὶ
2781 3657 2945 3728 δόξης
2980 3660 3077 3713 καὶ
3120 3657 3296 3727 τιμῶν
3344 3654 3610 3717 πολλάκις

2008 3752 2198 3820 αὐτὴν
2231 3750 2582 3822 ἐπηράσαντο
2613 3749 2714 3820 τὴν
2764 3748 2944 3820 ζωήνο
2971 3750 3019 3802 οἱ
3067 3748 3125 3802 δὲ
3173 3749 3378 3818 ἄσημοι
3413 3748 3505 3801 καί
3557 3745 3616 3810 ἐξ

2028 3843 2262 3912 ἀσήμων
2296 3843 2390 3897 καὶ
2423 3843 2602 3897 οὐδενὶ
2630 3842 2903 3913 γνώριμοι
2936 3840 3149 3895 πολλῶν
3181 3841 3409 3904 ἑαυτοὺς
3437 3857 3613 3909 μακα-

2029 3933 2333 4002 ριωτέρους
2358 3926 2505 3985 εῖναι
2545 3934 2826 4002 ἐνόμισαν.
2856 3932 2930 3987 Οὐ
2962 3933 3073 4002 γάρ
3116 3935 3176 3985 ἐν
3214 3933 3279 4002 τῇ
3316 3935 3476 4000 φύσει
3503 3931 3613 3982 τῶν

2026 4025 2376 4095 πραγμάτων
2402 4023 2599 4091 οὕτως,
2631 4025 2707 4089 ὡς
2739 4027 2799 4079 ἐν
2822 4027 2889 4095 τῇ
2920 4024 3120 4096 γνώμῃ
3140 4023 3250 4078 τῶν
3280 4022 3605 4093 ἀνθρώπων,

2025 4114 2097 4168 τὰ
2124 4117 2224 4185 τῆς
2254 4114 2523 4187 εὐθυμίας
2552 4116 2808 4171 ἵστασθαι
2841 4119 3110 4193 πέφυκεν.

2096 4208 2271 4273 Αὐτὸς
2301 4209 2331 4262 6
2360 4208 2598 4280 Χριστὸς
2623 4210 2965 4281 ἀπεφήνατο,
3001 4214 3087 4268 ὅτι
3118 4215 3194 4270 Οὐ
3228 4216 3461 4271 δύνασθε
3489 4215 3613 4287 Θεῷ

2027 4300 2304 4357 δουλεύειν
2331 4306 2426 4355 καὶ⁵
2468 4303 2709 4374 μαμωνᾷ
2734 4318 2748 4333 ο
2782 4305 2878 4359 καὶ
2905 4305 2989 4358 ὅτι
3044 4306 3221 4371 οὐδεὶς
3245 4307 3471 4362 δύναται
3493 4308 3619 4361 δυσὶ

2026 4394 2242 4466 κυρίοις
2291 4394 2600 4450 δουλεύειν*
2654 4398 2875 4452 ἐναντία
2938 4398 3047 4470 γὰρ
3106 4401 3511 4457 ἐπιτάττουσιν.
3556 4402 3617 4455 '0

333 4497 587 4553 Christus
650 4496 870 4568 inquit,
911 4499 1082 4553 Parce
1155 4499 1511 4569 pauperibus.
1585 4500 1922 4557 Mammouas

2034 4488 2265 4558 Χριστὸς
2296 4488 2465 4558 λέγει,
2498 4489 2689 4543 Φείδου
2736 4492 2845 4544 τῶν
2903 4494 3217 4564 πενομένων
3241 4509 3259 4529 ·
3291 4497 3319 4547 ὁ
3349 4497 3619 4567 μαμωνᾶς

335 4589 534 4659 inquit,
564 4587 739 4643 Nudis
760 4589 927 4644 etiam
956 4604 1078 4659 quae
1106 4591 1311 4645 habent
1357 4592 1639 4646 abstrabe.
1664 4593 1921 4647 Christus

2034 4583 2192 4649 λέγει,
2230 4582 2341 4635 Καὶ
2378 4583 2506 4645 τοὺς
2530 4584 2775 4652 γυμνοὺς
2823 4585 3094 4639 ἀπόδυσον
3146 4586 3284 4641 αὐτά
3312 4587 3348 4640 ἃ.
3377 4587 3614 4658 ἔχουσιν.

333 4678 534 4748 inquit,
556 4677 774 4733 Evacua
799 4694 923 4748 quat
949 4680 1141 4735 babes.
1176 4679 1515 4736 Mammonas
1537 4682 1737 4752 inquit,
1763 4684 1922 4740 Acci-

2038 4675 2097 4728 '0
2129 4673 2367 4746 Χριστὸς
2394 4673 2562 4742 λέγει,
2599 4676 2854 4729 Κένωσον
2885 4676 3029 4746 ἆπερ
3071 4677 3214 4748 ἔχεις
3239 4692 3254 4711 ο
3285 4681 3316 4732 ό
3346 4682 3618 4748 μαμωνᾶς

335 4787 402 4842 pe
464 4772 629 4825 etiam
689 4786 814 4842 qua:
884 4787 993 4827 non
1049 4773 1238 4828 babes.
1303 4774 1693 4830 Verumtamen
1751 4779 1922 4848 magis

2034 4769 2201 4836 λέγει,
2236 4768 2385 4822 Λάϐε
2422 4770 2518 4823 καὶ
2546 4769 2695 4840 ἅπερ
2729 4770 2832 4822 οὐκ
2862 4770 3032 4841 ἔχεις.
3070 4773 3211 4825 Ἀλλ’
3241 4774 3392 4840 ὅμως
3424 4774 3620 4826 ἀκούε-

337 4861 684 4917 auscultetur
735 4862 835 4929 illi,
886 4862 1047 4932 cujus
1078 4864 1350 4931 crudelia,
1373 4865 1636 4920 immania
1659 4875 1715 4922 et
1744 4867 1922 4922 ferina

2034 4880 2122 4917 ται
2159 4863 2365 4933 μᾶλλον
2395 4865 2423 4916 ὁ
2448 4864 2515 4917 τά
2542 4863 2670 4934 ώμά
2699 4866 2794 4917 καὶ
2820 4866 3004 4935 ἀπηνῆ
3039 4867 3133 4919 καὶ
3172 4865 3414 4937 θηριώδη
3448 4882 3622 4937 προσ-

338 4962 468 5016 sunt
501 4962 796 5024 praecepta,
824 4970 988 5025 quam
1040 4956 1117 5010 ili
1171 4957 1266 5026 qui
1297 4958 1461 5012 nobis
1484 4959 1719 5031 benigna
1757 4968 1812 5014 ct
1839 4976 1922 5015 sa-

2034 4958 2240 5011 τάττων
2267 4954 2362 5008 τοῦ
2416 4957 2486 5008 τὰ
2533 4957 2754 5026 ἐπιεικῆ
2793 4958 2888 5009 καὶ
2923 4958 3170 5027 σωτήρια
3217 4960 3350 5028 ἡμῖν
3378 4956 3623 5011 κελεύον-

338 5047 533 5102 lutaria
591 5048 863 5118 praecipit.
917 5046 1046 5104 llrec
1111 5064 1281 5104 causa
1309 5060 1397 5105 est
1420 5052 1705 5120 gehennae,
1754 5066 1922 5106 causa

2034 5062 2142 5109 τος.
2170 5048 2269 5100 Διά
2297 5045 2461 5100 τοῦτο
2499 5048 2720 5114 γέεννα,
2753 5047 2842 5100 διά
2877 5046 3040 5101 τοῦτο
3076 5048 3289 5114 σκότος,
3338 5049 3428 5103 διὰ
3460 5048 3621 5101 τοῦτο

330 5140 718 5225 tenebrarum,
756 5155 920 5197 causa
975 5139 1129 5197 ﬂuvii
1186 5143 1365 5213 igniti,
1402 5144 1642 5216 denique
1677 5145 1922 5215 perpetui

2036 5144 2279 5214 ποταμὸς
2313 5143 2506 5214 πυρὸς,
2542 5141 2629 5196 διὰ
2667 5142 2827 5195 τοῦτο
2856 5141 3072 5212 σκώληξ
3098 5140 3481 5212 ἀτελεύτητος.

244 5260 309 5274 -κ
339 5246 545 5286 vermis
574 5246 768 5291 causa.

410 5321 624 5391 Cyr-illi.
658 5324 875 5380 Divitiis
897 5326 1061 5381 etiam
1089 5335 1237 5381 recte
1271 5328 1347 5381 uti
1383 5328 1532 5394 licet,
1568 5329 1615 5383 si
1650 5331 1922 5400 expendas

2114 5323 2271 5376 Ἐστι
2330 5323 2428 5376 καὶ
2481 5321 2699 5393 πλούτῳ
2726 5318 2834 5386 ἐίς
2862 5321 2982 5375 δέον
3014 5322 3351 5394 χρήσασθαι,
3381 5322 3512 5376 ὅταν
3538 5322 3620 5383 είς

342 5413 744 5483 indigentibus.

412 5503 674 5563 Molestia:
699 5511 897 5566 divites
930 5510 1227 5578 plurimum
1251 5512 1405 5581 sequi
1439 5515 1642 5578 solent,
1674 5524 1727 5570 et
1754 5531 1817 5571 ex
1844 5518 1925 5571 nia

345 5595 458 5651 mia
486 5600 738 5667 superbia
765 5603 830 5654 ad
852 5601 1234 5671 negligentiam
1259 5602 1643 5660 detrahuntur.

2033 5414 2161 5477 τοὺς
2188 5415 2479 5484 δεομένους
2511 5416 2786 5487 ἀναλώσῃ.
3363 5483 3366 5487 ι

2105 5509 2231 5571 Τὸἶς
2266 5508 2553 5562 πλουτοῦσι
2581 5509 2816 5578 μάλιστα
2845 5510 3190 5580 παρέπεσθαι
3221 5509 3367 5578 φιλεῖ
3400 5509 3458 5560 τὸ
3492 5494 3621 5560 δυ’σ-

2034 5602 2204 5669 ἠνιον,
2238 5601 2333 5653 καὶ
2386 5603 2451 5654 ἐκ
2495 5602 2754 5671 πλείστης
2782 5601 2922 5671 ἄγαν
2945 5604 3251 5672 ἀγερωχίας
3284 5600 3624 5669 mna-39w-

2034 5706 2125 5775 ται
2156 5694 2291 5761 πρδς
2321 5697 2378 5744 τὸ
2412 5676 2677 5763 ῥᾴθυμον.

423 5846 497 5919 (ι)
526 5850 653 5920 Qum
695 5856 783 5915 hic
820 5858 874 5914 in
908 5856 1101 5916 Graiae
1139 5872 1457 5933 sequuntur
1497 5868 1703 5937 aliquot
1737 5869 1918 5936 verba,
1958 5868 2213 5925 videntur
2245 5879 2524 5936 corrupta.
