4038 6400
340 383 452 447 889

1136 384 1306 443 LOCI
1349 383 1885 448 COMMUNES.-
1931 383 2149 447 PARS.
2201 387 2243 448 ἶ.
2289 390 2545 448 SERMO
2576 389 2855 450 XXXI”.

3498 395 3605 457 890

416 495 648 557 Πλοῦτος
726 494 919 555 κακίας
983 494 1182 562 ρᾶιλον
1234 494 1266 563 ἢ
1334 494 1736 563 καλοκαγαθίας
1787 497 1924 549 ἐστὶι.

2113 494 2374 552 Philonis.
2410 496 2616 551 Divitiw
2644 499 2815 569 magis
2851 498 3184 568 improhitati
3241 513 3404 571 quam
3433 501 3604 558 hone-

343 586 643 661 ὑπηρέτης.
1004 611 1011 618 ·

943 680 1163 733 ΛΟΓΟΣ
1190 676 1314 735 Al".

692 771 829 841 Περὶ
860 773 1113 840 πτωχῶν
1144 774 1242 827 καὶ
1278 772 1572 841 πενήτων,

413 866 679 937 Κραυγὴν
717 866 954 936 πένητος
1001 867 1096 919 καὶ
1124 870 1376 938 κραυγὴν
1405 867 1627 939 πτωχοῦ
1675 869 1925 923 εἰσακού-

342 970 496 1014 σεται
523 958 753 1031 Κύριος.

412 1050 529 1104 Οὐκ
584 1051 664 1111 είς
698 1047 849 1112 τέλος
897 1047 1325 1119 ὲπιλησθήσεται
1354 1051 1380 1103 ὁ
1406 1052 1636 1123 πτωχός.
1685 1051 1750 1105 Ἦ
1788 1053 1921 1108 ὑπο-

343 1142 478 1211 μονὴ
509 1141 615 1195 τῶν
643 1142 895 1211 πενήτων
921 1141 1343 1194 οὐκοὰπολεῖται
1384 1145 1464 1206 είς
1493 1143 1668 1207 τέλος,

409 1236 605 1304 Κρινεῖ
639 1235 768 1296 τοὺς
825 1233 1075 1303 πτωχοὺς
1111 1233 1206 1286 τοῦ
1252 1233 1408 1302 λαοῦ,
1440 1236 1547 1288 καὶ-
1589 1238 1753 1293 σώσει
1795 1241 1921 1304 τοὺς

342 1327 491 1388 υἱοὺς
522 1325 627 1378 τῶν
656 1325 930 1395 πενήτων.

418 1416 633 1483 Ἐγνων
654 1416 735 1469 ὅτι
759 1408 977 1483 ποιήσει
1022 1415 1229 1484 Κύριος
1259 1415 1359 1487 τὴν
1404 1419 1589 1489 κρίσιν
1622 1422 1732 1476 τῶν
1775 1439 1923 1479 πτω-

343 1511 475 1582 χῶν,
513 1510 609 1565 καὶ
640 1511 741 1575 τὴν
775 1509 932 1577 δίκην
961 1510 1068 1562 τῶν
1102 1512 1372 1579 πενήτων.

430 1603 488 1655 Ὀ
515 1601 804 1670 ἀτιμάζων
833 1602 1045 1668 πένητα
1075 1602 1408 1671 ἁμαρτάνει.

422 1692 487 1747 Ὀ
517 1691 868 1762 συκοφαντῶν
918 1692 1126 1763 πένητα
1175 1692 1466 1765 παροξύνει
1497 1695 1589 1748 τὸν
1620 1701 1920 1770 ποιήσαντα

343 1784 527 1838 αὐτόν.

414 1877 581 1930 Πενία
601 1875 772 1947 ἀνδρα
798 1881 1062 1932 ταπεινοῖ.

414 1967 682 2022 Πλουσίου
714 1969 928 2038 πτωχὸς
954 1970 1051 2038 οὐχ
1094 1968 1381 2036 ὑφίσταται
1411 1971 1666 2041 ἀπειλήν.

412 2061 601 2113 Πάντα
657 2060 726 2114 τά
767 2060 906 2131 ἔργα
950 2061 1045 2114 τοῦ
1094 2060 1312 2132 πτωχοῦ
1363 2065 1576 2135 φανερὰ
1634 2066 1786 2137 παρᾶ
1838 2064 1918 2138 τῷ

343 2152 490 2221 Θεῷ.
1850 2214 1853 2217 .

421 2245 518 2305 Ὃς
548 2242 894 2313 ἀποφράσσει
944 2243 1013 2296 τὰ
1062 2239 1177 2298 ὦτα
1223 2245 1391 2299 αὑτοῦ
1436 2245 1531 2300 τοῦ
1566 2250 1641 2317 μὴ
1686 2248 1917 2305 ἀκοῦσαι

346 2335 583 2406 πτωχοῦ,
635 2335 736 2405 τῆς
790 2335 1029 2407 δεήσεως
1079 2337 1246 2391 αὐτοῦ
1298 2338 1397 2392 οὐκ
1465 2342 1852 2398 είσακούσεται
1890 2345 1919 2397 ὁ
1962 2412 1969 2419 .

347 2429 503 2487 Θεός.
1799 2474 1807 2480 .

433 2515 498 2568 Ἢ
525 2515 688 2583 σοφία
717 2514 813 2569 τοῦ
836 2517 1068 2585 πένητος
1110 2516 1535 2590 ἑξουθενημένη,
1571 2522 1668 2574 καὶ
1698 2523 1746 2576 οἱ
1768 2521 1919 2592 λόγοι.

352 2605 518 2660 αὑτοῦ
544 2607 645 2660 οὐκ
668 2606 808 2660 εἰσὶν
847 2608 1197 2677 ἀκουόμενοι.

417 2701 858 2771 Βοσκηθήσονται
901 2703 1106 2773 πτωχοὶ
1133 2701 1220 2756 διὰ
1274 2704 1507 2774 Κυρίου,
1564 2705 1800 2776 πένητες
1858 2707 1915 2761 δὲ

341 2791 617 2862 ἄνθρωποι
650 2792 744 2847 ἐπ’
770 2794 994 2864 εἰρήνης
1019 2795 1449 2853 ἀναπαύσονται.

415 2886 683 2949 Ταπεινὸς
722 2886 933 2956 ἐσφάλη
963 2927 978 2953 ,
1033 2888 1127 2939 καὶ
1180 2889 1668 2960 προσεπετίμησαν
1725 2892 1911 2963 αὐτῷ*

343 2975 643 3046 ἐφθέγξατο
676 2976 911 3046 σύνεσιν,
945 2978 1038 3031 καὶ
1071 2978 1171 3030 οὐκ
1204 2979 1357 3050 ἐδόθη
1390 2979 1542 3051 αὐτῷ
1570 2982 1757 3046 τόπος.

414 3157 698 3229 Προσευχὴ
738 3157 998 3213 ταπεινοῦ
1034 3157 1265 3228 νεφέλας
1319 3158 1537 3229 διῆλθε..
1581 3161 1678 3215 καὶ
1725 3161 1789 3215 ού
1836 3162 1913 3233 μὴ

414 3251 694 3305 ιοακληθῇ.
720 3250 826 3305 ἓως
856 3250 923 3304 ἂν
952 3250 1317 3305 ὲπισκὲιίιηται
1346 3250 1641 3305 "remo;

2090 3157 2227 3197 una.
2257 3159 2421 3200 xxxt'.
2453 3157 2642 3200 Uratto
2695 3157 2920 3201 humilis
2970 3161 3065 3216 per
3116 3157 3288 3202 nubes
3326 3157 3597 3211 transivit,

2023 3241 2072 3288 et
2132 3249 2240 3288 non
2295 3234 2529 3305 accipiet
2593 3237 2874 3302 solatium,
2932 3238 3104 3293 donec
3157 3240 3342 3294 visitet
3376 3242 3597 3297 Altissi-

342 3251 694 3323 παρακληθῇ,
720 3250 826 3314 ἓως
856 3250 923 3304 ἂν
952 3250 1317 3320 ὲπισκέψηται
1346 3250 1641 3322 ’Υψιστος.

410 3428 579 3497 Σοφία
607 3427 867 3484 ταπεινοῦ
903 3428 1181 3498 ἁνυψώσει
1228 3429 1476 3501 κεφαλὴν
1504 3428 1696 3497 αὐτοῦ,
1728 3431 1825 3486 καὶ
1851 3435 1911 3489 ὲν

343 3521 497 3591 μέσῳ
534 3521 878 3592 μεγιστάνων
911 3519 1097 3573 καθιεῖ
1124 3521 1308 3582 αὐτόν.
1671 3587 1679 3594 θ

414 3610 631 3678 Πτωχὸς
660 3607 942 3674 δοξάζεται
978 3606 1046 3660 δι’
1081 3610 1393 3680 ἐπιστήμην
1437 3612 1533 3665 καὶ
1585 3611 1913 3667 εὐλάϐειαν*

338 3705 367 3756 ὁ
393 3699 748 3772 δοξαζόμενος
783 3704 842 3755 ὲν
872 3700 1138 3772 πτωχείᾳ,
1171 3702 1428 3772 ποσαχῶς
1457 3704 1515 3757 ὲν
1546 3704 1760 3777 πλούτῳ
1793 3707 1807 3760 ι

413 3882 503 3953 Μὴ
531 3880 890 3953 παρεκτείνου
931 3879 1103 3952 πένης
1127 3876 1203 3935 ὧν
1227 3878 1491 3953 πλουσίῳ,
1519 3881 1586 3955 τῇ
1631 3883 1689 3937 δὲ
1725 3886 1792 3956 σῇ
1826 3884 1916 3938 εὐ-

343 3977 463 4047 νοίᾳ
500 3976 766 4046 ἀπέσχου.

429 4066 722 4135 Ἐμίσησεν
746 4067 779 4136 ἡ
807 4064 954 4135 ψυχή
989 4081 1092 4134 μου
1121 4064 1334 4134 πτωχὸν
1374 4066 1744 4137 ὑπερήφανον.
1806 4110 1813 4115 .

412 4155 736 4230 Πτωχεύων,
776 4158 1051 4229 ἄνθρωπε,
1088 4156 1406 4228 εὐφραίνου,
1436 4160 1519 4214 ὃτι
1552 4160 1806 4231 Λαζάρου
1844 4176 1907 4214 σε

342 4251 410 4305 τὰ
438 4250 621 4319 ἀγιθά
651 4248 974 4316 διαδέξεται.

414 4340 683 4411 Οὐδεμίαν
714 4339 980 4411 αἰσχύνην
1009 4338 1070 4391 τὸ
1095 4338 1355 4393 πένεσθαι
1386 4340 1660 4411 προξενεῖ.

425 4434 540 4486 Ἑνὶ
578 4432 756 4502 τούτῳ
799 4430 1133 4501 διαφέρομεν
1168 4431 1279 4486 τῶν
1316 4433 1693 4486 πλουτούντων
1727 4434 1776 4487 oi
1808 4432 1912 4488 πέ-

341 4539 535 4592 νητες,
585 4523 652 4592 τῇ
719 4520 1028 4592 ἀμεριμνίᾳ
1063 4537 1077 4552 -
1131 4520 1227 4573 καὶ
1284 4521 1678 4592 καταγελῶμεν
1738 4521 1918 4576 αὐτῶν

342 4613 791 4682 ἀγρυπνούντων,
819 4610 974 4664 αὐτοὶ
1006 4609 1384 4674 καθεύδοντες.

416 4705 581 4759 Πενία
616 4703 756 4775 μετά
781 4700 1041 4772 ἀληθείας
1066 4702 1245 4773 πάσης
1276 4701 1631 4769 ἀπολαύσεως
1657 4703 1772 4767 τοῖς
1807 4718 1919 4757 σω-

343 4797 602 4869 φρονοῦσι
634 4795 959 4866 τιμιωτέρα.

415 4887 490 4943 Οὐ
541 4891 603 4940 τδ
632 4888 891 4942 πένεσθαι
923 4888 1320 4952 ἐπονείδιστον,
1351 4887 1491 4942 ἀλλά
1523 4887 1585 4941 τδ
1620 4886 1696 4958 μὴ
1730 4885 1918 4960 φέρειν

289 4967 300 4983 ’
345 4980 699 5049 εὐγνωμόνως
729 4979 830 5050 τὴν
855 4982 1067 5036 πενίαν.

417 5071 592 5140 Πὲνης
631 5070 706 5142 μὴ
731 5069 1043 5142 ἀθυμήσῃς.
1082 5069 1144 5124 Ἥ
1178 5070 1287 5140 γὰρ
1317 5071 1400 5133 είς
1449 5070 1592 5138 ἄγαν
1644 5071 1918 5140 κατήφεια

346 5163 556 5230 γίνεται
588 5161 687 5229 τῆς
715 5162 990 5231 ἁμαρτίας
1020 5161 1170 5215 αἰτία
1198 5200 1214 5226 ,
1241 5165 1339 5231 τῆς
1376 5163 1473 5231 μὲν
1517 5161 1694 5231 λύπης
1727 5162 1917 5232 βαπτι-

348 5256 548 5325 ζούσης
585 5255 677 5306 τὸν
725 5252 870 5319 νοῦν,
906 5254 1001 5307 καὶ
1037 5254 1350 5322 ἀμηχανίας
1385 5253 1644 5325 ποιούσης
1676 5255 1914 5321 ἴλιγγον,

344 5348 443 5415 τῆς
474 5347 530 5400 δὲ
562 5345 799 5416 ἀπορίας
831 5344 942 5398 τῶν
966 5344 1250 5413 λογισμῶν
1274 5344 1375 5415 τὴν
1420 5345 1748 5414 ἀχαριστίαν
1778 5345 1917 5397 ἀπο-

348 5435 648 5504 γεννὼσης.
704 5434 797 5504 Μὴ
835 5434 946 5502 γὰρ
994 5433 1094 5485 οὐκ
1130 5431 1414 5485 ὲπιὸλέπει
1450 5434 1552 5503 τὴν
1604 5435 1862 5488 στένωσιν
1890 5436 1917 5487 ὁ

347 5527 515 5594 Θεός;
548 5527 704 5597 Ἔχει
734 5524 832 5598 τὴν
882 5525 1089 5594 τροφὴν
1118 5525 1176 5577 ὲν
1209 5524 1356 5593 χερὶ,
1410 5525 1505 5576 καὶ
1557 5526 1918 5579 ἀναϐάλλεται

347 5619 446 5688 τὴν
470 5618 637 5682 δόσιν,
662 5617 750 5672 ἵνα
780 5633 876 5670 σου
905 5615 1179 5686 δοκιμάσῃ
1206 5615 1266 5668 τὸ
1302 5614 1544 5684 βέϐαιον.
1603 5618 1606 5622 “

418 5708 583 5763 οιδὲν
618 5707 697 5781 τῷ
739 5707 858 5779 Θεῷ
928 5707 1104 5779 μέγα,
1157 5706 1185 5759 δ
1225 5705 1301 5777 μὴ
1335 5704 1429 5761 καὶ
1476 5704 1670 5779 πένησι
1712 5707 1915 5766 δίδωσι.

2026 584 2150 637 stati
2179 585 2505 639 inserviunt.

2353 666 2587 732 seuuo
2635 676 2853 732 XXXIII
2911 678 3011 750 [ιιι.
3042 679 3297 753 CXLIII].

2465 770 2544 824 De
2569 772 2742 840 egenis
2773 782 2820 825 et
2838 774 3177 842 pauperibus.

2092 859 2217 914 Job.
2247 859 2552 916 Clamorem
2584 866 2839 933 pauperis
2910 875 2964 919 ct
2993 866 3284 920 clamorem
3311 869 3463 938 egeni
3495 870 3604 924 Do-

2024 948 2207 1003 minus
2230 951 2503 1007 exaudiet.

2100 1038 2248 1093 Psal.
2275 1056 2351 1099 Ix.
2373 1039 2491 1096 Non
2521 1042 2572 1096 in
2597 1052 2849 1112 perpetua
2870 1044 3141 1100 oblivione
3157 1045 3602 1115 jaceltitegcuus.

2023 1129 2288 1185 Patientia
2323 1148 2620 1203 pauperum
2645 1150 2752 1188 non
2807 1151 3023 1205 semper
3055 1137 3431 1193 frustrahitnr.
3476 1196 3487 1209 ο

2093 1220 2339 1276 Ibid.vtI.
2364 1220 2642 1276 Judicahit
2671 1223 2864 1294 inopes
2896 1226 3106 1296 pepuli,
3148 1238 3202 1282 et
3228 1228 3367 1283 lilios
3397 1245 3600 1298 panpe-

2024 1327 2143 1365 rum
2173 1313 2434 1366 servabit.

2060 1386 2237 1455 ‘lbid.
2261 1417 2486 1458 exnux.
2518 1402 2760 1473 Cognovi
2800 1405 2945 1475 quod
2978 1405 3235 1461 Domines
3267 1419 3488 1465 acturus
3519 1418 3604 1465 est

2021 1507 2244 1548 causam
2273 1494 2525 1564 inopum,
2562 1495 2907 1564 etjudieium
2954 1500 3282 1567 panperuiu.

2093 1583 2251 1639 Prov.
2283 1601 2416 1638 xvu.
2443 1584 2547 1651 Qui
2594 1587 2806 1656 spernit
2864 1603 3183 1657 pauperem,
3220 1598 3426 1658 peccat.

2093 1675 2195 1743 Qui
2244 1692 2537 1747 pauperem
2629 1679 3019 1746 calumniatur,
3066 1680 3246 1734 irritat
3302 1692 3601 1737 creatorem

2020 1787 2160 1843 ejus.

1945 1841 1993 1901 Β
2052 1841 2061 1843 ἡ
2095 1864 2395 1932 Paupertas
2429 1862 2682 1917 lmmiliat
2708 1862 2905 1917 virum.

2094 1953 2252 2009 Prov.
2287 1968 2402 2008 xm.
2433 1951 2646 2022 Pauper
2672 1968 2781 2007 non
2810 1952 3047 2011 sustinet
3076 1952 3253 2008 minas
3285 1954 3492 2011 divitis.

2090 2046 2286 2103 Omnia
2321 2062 2487 2117 opera
2513 2047 2693 2116 inopis
2723 2047 3016 2103 manifesta
3050 2059 3180 2103 sunt
3209 2051 3352 2118 apu-l
3387 2048 3580 2104 Deum.

2098 2228 2251 2284 Prov.
2281 2244 2394 2282 nt.
2446 2226 2548 2294 Qui
2612 2226 2850 2281 obstruit
2905 2243 3070 2283 aures
3118 2245 3247 2285 suas
3300 2247 3366 2284 ne
3416 2233 3602 2287 audiat

2019 2330 2289 2393 egentem,
2320 2321 2468 2376 illius
2498 2334 2690 2391 preces
2718 2334 2826 2373 non
2883 2321 3140 2375 exaudiet
3171 2321 3458 2377 Dominus.

2092 2500 2271 2556 Eccle.
2305 2518 2380 2556 Ix.
2407 2501 2687 2573 Sapientia
2712 2499 2970 2573 pauperis
3023 2502 3159 2558 nihil
3214 2514 3517 2575 reputatur,
3544 2514 3603 2561 ct

2020 2600 2183 2651 verba
2213 2594 2333 2664 ejus
2373 2610 2479 2649 non
2527 2597 2845 2651 audiuntur.

2091 2684 2205 2740 Isa.
2241 2703 2350 2741 xw.
2383 2686 2576 2755 Inopes
2597 2702 2627 2741 a
2651 2687 2882 2743 Domino
2917 2698 3233 2760 pascentur,
3264 2699 3317 2743 ct
3354 2689 3603 2745 homines

2019 2792 2286 2847 pauperes
2321 2778 2374 2831 in
2412 2792 2549 2846 pace
2582 2779 2888 2847 quiescent.

2094 2867 2262 2923 Eccli.
2286 2885 2403 2925 XIII.
2429 2868 2663 2926 Humilis
2686 2872 2956 2942 quispiam
2977 2873 3197 2937 erravit,
3218 2880 3272 2928 et
3291 2875 3603 2943 increpatus

2018 2968 2101 3015 est
2131 2975 2148 3026 ;
2179 2961 2396 3016 locutus
2441 2973 2526 3017 est.
2553 2961 2849 3032 sapienter,
2876 2973 2928 3018 ct
2966 2978 3073 3018 non
3105 2968 3266 3020 datus
3298 2974 3382 3019 est
3408 2967 3456 3020 ei
3518 2968 3593 3019 ιο.

2017 3067 2139 3107 cus.

2090 3143 2227 3197 Ibid.
2257 3159 2421 3200 xxxv.
2453 3142 2642 3200 Oratio
2695 3143 2920 3201 humilis
2970 3161 3065 3216 per
3116 3148 3288 3202 tmhcs
3326 3149 3597 3211 transivit,

2020 3340 2164 3379 mus.

2088 3417 2230 3473 Ibid.
2259 3434 2423 3475 xxxv.
2440 3416 2713 3489 Sapientia
2733 3419 2955 3476 humilis
2970 3422 3191 3477 extollet
3207 3433 3373 3495 caput
3397 3425 3594 3494 ipsius,

2015 3519 2070 3564 et
2094 3508 2383 3564 collocabit
2408 3524 2532 3561 eum
2588 3508 2734 3562 inter
2788 3510 3091 3580 principes.

2089 3598 2233 3654 Ibid.
2266 3616 2319 3654 ι.
2351 3595 2564 3669 Pauper
2594 3601 2846 3656 laudatur
2894 3605 2961 3657 ob
3011 3604 3291 3659 scientiam
3326 3619 3380 3659 et
3413 3607 3535 3661 mod
3560 3630 3597 3649 τ-

2017 3692 2178 3746 stiam
2213 3705 2226 3740 :
2257 3690 2349 3758 qui
2375 3688 2537 3760 igitur
2566 3703 2770 3766 pauper
2802 3690 3105 3747 honoratus
3137 3702 3239 3760 est,
3280 3705 3482 3763 quanto
3515 3696 3597 3749 dis

2016 3797 2109 3837 ves
2141 3781 2283 3837 idem
2314 3790 2460 3836 esset
2513 3781 2831 3836 honoratior
2868 3781 2881 3835 Ι

2089 3871 2242 3928 Prov.
2265 3888 2400 3927 mt.
2432 3870 2649 3942 Pauper
2679 3887 2801 3928 cum
2830 3874 2908 3929 sis
2953 3887 3020 3929 ne
3042 3874 3339 3930 contendas
3362 3889 3487 3932 cum
3515 3876 3597 3932 di-

2014 3962 2143 4028 vite,
2165 3963 2259 4019 sed
2286 3978 2384 4033 per
2406 3963 2751 4033 prudentiam
2786 3972 2935 4017 tuam
2968 3963 3205 4020 abstine.

2083 4056 2213 4113 Odit
2241 4057 2425 4111 anima
2472 4071 2593 4111 mea
2626 4055 2842 4125 inopem
2874 4056 3188 4126 superbum.

2084 4144 2145 4202 S.
2170 4145 2384 4201 Basilii.
2409 4142 2730 4211 Gaudeas,o
2756 4144 2941 4210 homo,
2970 4147 3021 4199 in
3060 4147 3310 4217 penuria,
3334 4148 3593 4218 quoniam

2013 4234 2202 4290 Lazari
2237 4239 2378 4291 bona
2403 4246 2452 4290 te
2469 4244 2792 4306 sequentur.

2084 4329 2300 4383 Nullum
2328 4329 2566 4382 dedecus
2604 4335 2898 4395 paupertas
2925 4327 3200 4396 producit.

2083 4417 2197 4473 Hoc
2224 4431 2334 4472 uno
2360 4430 2626 4487 pauperes
2651 4429 2679 4466 a
2704 4413 2963 4469 divitibus
2991 4414 3284 4480 distamus,
3310 4416 3421 4486 66
3443 4424 3594 4469 tran-

2021 4511 2294 4579 quillitate
2329 4508 2501 4563 animi
2536 4524 2550 4562 :
2582 4514 2641 4562 et
2670 4503 2886 4572 vigilias
2930 4506 3175 4576 ipsorum
3206 4507 3451 4563 ridemus
3481 4508 3588 4578 ipsi

2020 4601 2374 4658 dormientes.

2090 4691 2393 4762 Paupertas
2425 4703 2550 4744 cum
2578 4688 2809 4745 veritate
2863 4689 3055 4757 quavis
3103 4687 3365 4743 fruitione
3390 4688 3594 4757 pretio-

2019 4786 2132 4842 sior
2154 4794 2240 4840 est
2263 4783 2406 4852 apud
2439 4782 2754 4852 prudentes.

2088 4879 2209 4935 Non
2234 4886 2389 4948 turpe
2411 4885 2497 4932 est
2521 4891 2645 4932 esse
2678 4890 2996 4947 pauperem,
3030 4877 3126 4932 sed
3157 4891 3262 4930 non
3292 4889 3447 4946 ecquo
3473 4876 3594 4930 aul-

2019 4985 2110 5027 mo
2140 4970 2279 5025 ferre
2308 4977 2702 5039 paupertatem.

2088 5059 2301 5130 Pauper
2323 5061 2450 5113 dum
2479 5072 2539 5115 es
2585 5073 2657 5112 ne
2695 5058 2920 5128 abjicias
2953 5058 3220 5112 animum.
3241 5056 3417 5112 Nimia
3449 5059 3592 5112 enim

2024 5149 2248 5205 tristitia
2284 5150 2453 5220 gignit
2486 5159 2790 5218 peccatum,
2836 5151 2890 5202 in
2918 5165 3022 5216 qua
3047 5161 3252 5205 Inmror
3290 5149 3594 5218 sulnncrgit

2020 5250 2275 5304 mentem,
2306 5248 2361 5292 et
2391 5238 2556 5293 veluti
2589 5236 2916 5307 vertiginem
2945 5238 3077 5293 facit
3104 5239 3216 5308 ipsa
3240 5239 3590 5309 perplexitas,

2020 5342 2074 5388 et
2120 5331 2476 5386 consiliorum
2528 5329 2755 5397 penuria
2803 5329 3253 5399 iugratitudinem
3313 5328 3589 5400 producit.

2017 5426 2099 5478 An
2135 5432 2288 5492 putas
2323 5422 2492 5476 Deum
2530 5436 2637 5475 non
2668 5420 2870 5476 intueri
2895 5421 3202 5491 angustiam
3270 5432 3416 5476 tuam
3440 5420 3463 5473 ?
3489 5420 3590 5475 At-

2020 5517 2112 5586 qui
2141 5516 2233 5572 ille
2253 5530 2376 5569 cum
2409 5515 2610 5569 victum
2638 5513 2691 5567 in
2721 5512 2976 5569 manibus
3008 5512 3428 5584 habeat,largiri
3458 5528 3593 5567 cuu-

2020 5613 2218 5670 ctatur,
2244 5611 2305 5658 ut
2333 5604 2655 5667 constantiae
2681 5611 2785 5658 tua:
2816 5603 3247 5672 experimentum
3280 5611 3479 5657 sumat.

2018 5726 2049 5751 ν
2094 5696 2364 5765 Theotogi.
2392 5693 2538 5749 Nihil
2573 5694 2757 5764 magni
2796 5695 3041 5764 possidet
3099 5697 3262 5763 Deus,
3299 5694 3441 5764 quod
3476 5705 3587 5747 non

2020 5794 2184 5850 etiam
2213 5788 2544 5861 pauperibus
2573 5786 2852 5858 largiatur.
