4038 6406
498 388 604 450 831

1756 369 2080 433 ANTONII
2113 366 2459 429 mensae
3622 380 3627 387 -
3663 378 3781 442 892

572 493 924 551 l‘rzestantior
998 498 1083 545 est
1181 494 1473 558 paupertas
1521 482 1898 555 'possessione
1979 497 2077 536 nor

2267 482 2538 553 Κρεῖσσον
2565 480 2726 533 πενία
2760 479 2834 551 μὴ
2862 481 3077 547 δικαίας
3106 484 3374 555 κτήσεως.

487 588 659 659 justa.

564 682 759 733 Misera
799 674 1018 748 quidem
1080 681 1424 745 paupertas,
1479 668 1574 727 sed
1630 668 1910 740 epulentia
1943 667 2089 723 mala

494 772 769 826 miserior.

563 864 766 916 Omnes
820 875 1009 915 sumus
1032 871 1298 929 pauperes
1328 862 1384 911 et
1432 853 1598 923 indigi
1628 853 1826 908 divina:
1878 850 2085 921 gratim,

490 954 739 1022 quamvis
770 953 910 1007 alius
937 952 1027 1006 alii
1059 958 1316 1021 praestare
1342 949 1615 1015 videatur,
1646 946 1690 1000 si
1707 944 1919 1016 exiguis
1938 957 2089 998 tuen—

490 1047 635 1100 suris
667 1046 916 1099 metiare.

562 1139 616 1189 Si
652 1146 955 1191 creatorem
982 1135 1165 1189 irritat
1187 1133 1282 1205 qui
1310 1134 1363 1187 in
1390 1145 1688 1203 pauperem
1748 1129 1916 1185 fuerit
1947 1143 2081 1182 cou-

492 1229 836 1296 tumeliosus,
866 1244 999 1301 ergo
1033 1230 1124 1284 ille
1152 1230 1248 1298 qui
1283 1227 1414 1283 colit
1443 1240 1603 1295 opus,
1659 1223 1894 1279 honorat
1920 1220 2084 1291 opili-

488 1337 628 1375 CCIII.

562 1413 928 1468 Prmstabilior
983 1422 1068 1465 est
1120 1409 1341 1480 juvenis
1414 1423 1619 1479 pauper
1678 1407 1904 1478 sapiens
1957 1420 2088 1463 sene

491 1520 618 1570 rege
643 1505 951 1573 msipiente.

563 1596 850 1652 Multitudo
887 1613 1096 1667 magna:
1120 1595 1503 1653 mstimalimtis
1561 1592 1848 1649 hominum
1919 1588 2087 1647 unius

489 1690 748 1756 pauperis
775 1690 847 1759 pii
874 1690 1141 1759 dignitate
1174 1688 1403 1742 inferior
1430 1696 1541 1742 est.

561 1776 833 1850 Cltrysost.
880 1777 1116 1834 Facilem
1166 1780 1520 1835 sobrietatem
1552 1818 1565 1841 ,
1600 1776 1798 1831 anima:
1847 1775 2080 1837 cultum,

2263 664 2447 718 Δεινὸν
2478 664 2761 733 πένεσθαι,
2783 666 2972 735 χεῖρον
3001 665 3259 736 εὐπορεῖν
3282 668 3490 733 κακῶς.

2265 840 2480 911 Πτωχοί
2510 843 2677 910 ἐσμεν
2716 840 2978 910 ἅπαντες,
3037 845 3134 897 καὶ
3184 844 3289 914 τῆς
3340 847 3492 912 θείας
3548 851 3780 921 χᾶριτος

2191 931 2447 999 ἐπιδεεῖς,
2473 932 2580 987 κᾶν
2625 932 2784 996 ἄλλος
2834 935 2997 989 ἄλλου
3043 938 3334 1010 προσέχειν
3398 941 3530 1013 δοκῇ
3558 947 3781 1015 μικροῖς

2193 1023 2419 1092 μέτροις
2452 1028 2847 1096 μετρούμενος.

2261 1115 2325 1167 Εἰ
2353 1114 2511 1186 γὰρὸ
2542 1115 2827 1184 ἀτιμάζων
2875 1116 3085 1190 πένητα
3127 1120 3427 1192 παροξύνει
3477 1126 3570 1181 τὸν
3613 1130 3779 1198 ποιή-

2191 1223 2363 1261 σαντα
2418 1207 2605 1277 αὐτὸν,
2671 1210 2812 1282 τιμᾷ
2862 1211 2954 1267 τὸν
3015 1214 3251 1287 ποιητὴν
3286 1219 3336 1281 ,6
3378 1222 3661 1291 περιέπων
3712 1227 3779 1279 τὸ

2189 1303 2423 1371 ποίημα.

2258 1394 2548 1464 Κρείσσων
2574 1395 2696 1463 νέος
2728 1397 2900 1472 πένης
2932 1399 3169 1471 σώφρων
3196 1403 3455 1475 γέροντος
3502 1406 3777 1476 βασιλέως

2186 1485 2443 1556 ἄφρονος.
3080 1554 3088 1561 1

2270 1580 2508 1651 ’Δνδρῶν
2541 1582 2774 1649 ἐνδόξων
2805 1586 3009 1659 πλῆθος
3043 1588 3164 1655 ἐνὸς
3219 1591 3457 1665 πένητος
3504 1594 3775 1661 εὐσεϐοῦς

2185 1672 2288 1727 οὐκ
2308 1674 2582 1741 ἀντάξιον.
3082 1673 3086 1676 ⁴

2257 1765 2371 1837 Τὴν
2418 1768 2516 1834 τῆς
2570 1772 2928 1842 σωφροσύνης
2974 1773 3251 1841 εὐκολίαν,
3307 1778 3403 1833 καὶ
3437 1782 3537 1851 τῆς
3585 1782 3772 1851 ψυχῆς

490 1870 812 1924 modestiam
841 1883 1171 1941 promptam,
1193 1886 1302 1925 non
1329 1870 1565 1927 subitam
1589 1868 1951 1933 inﬂationem,
1974 1880 2077 1920 non

2195 1858 2529 1927 ἐπιμέλειαν,
2557 1864 2651 1915 καὶ
2701 1862 2763 1916 τὸ
2817 1865 3135 1935 μετριάζειν
3174 1867 3397 1938 ῥᾳδίως,
3436 1872 3530 1926 καὶ
3574 1873 3637 1926 τὸ
3690 1874 3772 1947 μὴ

488 1964 843 2018 ambitionem
878 1965 1149 2029 insanam,
1185 1965 1294 2019 imo
1343 1972 1398 2018 et
1427 1963 1567 2017 alias
1615 1976 1808 2016 omnes
1844 1960 2067 2015 abunde

486 2056 718 2110 virtutes
749 2056 800 2110 in
842 2071 1145 2128 pauperqu
1195 2057 1394 2111 animis
1444 2055 1704 2109 ﬂorentes
1766 2052 2019 2108 invenias
2057 2067 2071 2104 :

486 2146 682 2204 divites
716 2159 905 2204 contra
936 2159 992 2204 ut
1019 2150 1314 2220 plurimum
1344 2147 1643 2202 virtutibus
1660 2159 1894 2211 vacuos,
1926 2154 1979 2199 et
2008 2143 2077 2199 ad

485 2239 615 2295 vitia
644 2256 868 2311 pronos.
1935 2253 1939 2258 ’

554 2532 698 2599 Quid
731 2547 971 2603 paupere
994 2530 1171 2603 magis
1220 2529 1450 2586 beatum
1502 2526 1618 2583 ﬁcri
1680 2526 1897 2597 possit,
1946 2541 2074 2581 cum

484 2625 706 2679 divitem
751 2639 988 2695 quoque,
1018 2625 1062 2679 si
1088 2624 1274 2678 salvus
1310 2636 1432 2677 esse
1480 2621 1636 2685 velit,
1706 2620 1960 2675 eumdem
2019 2620 2075 2675 in

486 2723 689 2769 statum
717 2716 890 2785 redigi
924 2715 1078 2783 prius
1112 2714 1384 2783 Oporteat,
1424 2711 1481 2765 in
1514 2725 1625 2780 quo
1691 2725 1836 2764 nunc
1868 2725 2077 2780 pauper

485 2810 738 2868 exsistit?
772 2808 910 2863 Nam
954 2808 999 2863 si
1037 2806 1205 2861 rebus
1234 2806 1352 2860 suis
1380 2813 1638 2873 tanquam
1686 2803 1880 2857 alienis
1904 2803 2076 2858 absti-

484 2912 635 2966 neat,
659 2911 715 2958 et
740 2900 942 2955 aii'atim
969 2896 1343 2967 indigentibus
1368 2911 1464 2951 eas
1482 2894 1852 2958 distribuerit,
1883 2894 1955 2946 ita
1979 2907 2073 2947 sa-

487 2997 651 3051 lutem
675 2992 941 3061 consequi
972 2989 1194 3060 poterit.
1228 2986 1322 3043 Sic
1363 2984 1494 3045 fecit
1515 2984 1643 3050 Job,
1667 2984 1747 3039 sie
1772 2983 2072 3048 Abraham,

484 3098 539 3142 et
566 3100 655 3140 res
678 3098 810 3141 suas
844 3092 1104 3151 tanquam
1142 3077 1345 3134 heriles
1379 3086 1433 3132 et
1464 3092 1496 3131 a
1522 3076 1754 3131 Domino
1790 3075 1894 3129 sibi
1916 3090 2071 3130 com-

484 3180 686 3234 missas
724 3177 779 3230 in
803 3187 1103 3230 conservos
1129 3178 1456 3241 erOgarunt.
1491 3168 1697 3223 Idcirco
1731 3181 1909 3237 neque
1936 3180 2071 3237 pra:-

2177 1951 2505 2020 φυσιοῦσθαι
2532 1953 2765 2025 ταχέως,
2789 1955 2888 2009 καὶ
2909 1955 3236 2027 δοξομανίας
3263 1962 3635 2035 ἀπηλλάχθαι,
3670 1968 3773 2021 καὶ

2175 2046 2358 2099 πᾶσαν
2390 2046 2581 2115 ἁπλῶς
2634 2048 2734 2119 τὴν
2763 2048 2935 2119 ἀλλην
2965 2051 3169 2122 ἀρετὴν
3215 2056 3359 2123 μετὰ
3410 2059 3620 2131 πολλῆς
3665 2063 3771 2131 τῆς

2174 2138 2462 2210 δαψιλείας
2518 2141 2578 2195 ἐν
2626 2143 2752 2206 ταῖς
2804 2142 2913 2196 τῶν
2968 2147 3218 2216 πενήτων
3251 2148 3450 2220 ψυχαῖς
3491 2151 3770 2223 βρύουσαν

2175 2232 2277 2285 ίδοι
2308 2248 2392 2296 τις
2445 2231 2511 2286 ἀν
2535 2248 2550 2264 ο
2577 2234 2706 2296 τοὺς
2734 2233 2792 2287 δὲ
2848 2236 3146 2301 πλουσίους
3175 2240 3253 2304 ὡς
3301 2244 3369 2296 τὰ
3400 2245 3583 2300 πολλὰ
3635 2249 3771 2319 ἒρήο

2179 2341 2315 2393 μους
2356 2324 2560 2395 ταύτης
2604 2326 2789 2391 ὄντας,
2822 2335 2916 2383 καὶ
2966 2332 3106 2399 πρὸς
3154 2335 3356 2390 κακίαν
3384 2326 3766 2409 εὐεμπτώτως

2175 2416 2422 2488 ἔχονται..

2243 2512 2310 2564 Τί
2344 2513 2577 2585 πένητος
2628 2515 2839 2585 γένοιτο
2874 2517 3314 2592 μακαριώτερον,
3339 2524 3474 2578 ὅταν
3522 2524 3621 2599 δίῃ
3669 2530 3767 2581 καὶ

2172 2607 2266 2660 τὸν
2300 2606 2570 2675 πλούσιον,
2605 2609 2655 2661 εί
2691 2610 2874 2679 μέλλει
2907 2610 3200 2680 σώζεσθαι,
3233 2616 3501 2686 πρότερον
3525 2617 3765 2674 ἐνταῦθα

2175 2699 2489 2767 ἀφικέσθαι,
2515 2700 2644 2755 ἔνθα
2674 2703 2701 2756 6
2741 2703 2911 2773 πένης
2950 2704 3218 2776 ἓστηκενς
3254 2708 3351 2760 "Av
3382 2710 3489 2780 γὰρ
3517 2709 3630 2767 τῶν
3687 2713 3766 2764 oi-

2175 2793 2340 2847 κείων
2364 2793 2440 2856 ὡς
2480 2794 2777 2865 ἀλλοτρίων
2807 2797 3138 2869 ἀπόσχηται,
3171 2802 3264 2854 καὶ
3295 2804 3375 2863 εἰς
3404 2805 3530 2867 τοὺς
3571 2806 3766 2876 δεσμε-

2177 2902 2303 2950 νους
2335 2887 2476 2940 αὐτὰ
2529 2889 2805 2960 σκορπίσῃ
2836 2890 2978 2957 μετά
3022 2891 3307 2962 δαψιλείας
3337 2896 3583 2965 ἁπάσης,
3617 2899 3683 2951 οὖ
3721 2918 3768 2954 ω

2175 2976 2464 3048 δυνήσεται
2502 2982 2780 3049 σωτηρῐας
2826 2982 3133 3054 ἐπιτυχεῖν.
3186 2982 3353 3040 οὕτω
3391 2987 3520 3053 γοῦν
3557 2991 3584 3042 6
3618 2988 3767 3059 Ἰὼϐ,

2174 3068 2317 3123 οὓτω
2356 3072 2452 3125 καὶ
2474 3074 2502 3125 6
2544 3071 2796 3144 Ἀϐραὰμ
2825 3073 3110 3145 ἐποίησαν,
3142 3079 3236 3132 καὶ
3255 3079 3323 3132 τὰ
3358 3080 3537 3133 αὐτῶν
3569 3081 3763 3156 ὥσπερ

2176 3160 2478 3217 δεσποτικὰ
2493 3163 2952 3236 ὲγχειρισθέντες,
2975 3167 3150 3233 οὕτως
3178 3172 3259 3233 εἰς
3280 3171 3403 3236 τοὺς
3432 3173 3766 3242 ὁμοδούλους

485 3270 737 3325 sentibus
765 3268 844 3322 eis
875 3264 1199 3337 parcebant,
1228 3275 1329 3318 nec
1368 3259 1689 3315 absentibus
1722 3259 1910 3312 animo
1948 3271 2077 3312 cru-

2195 3256 2500 3327 ὶνήλισκον.
2535 3256 2636 3310 Διά
2665 3256 2823 3311 τοῦτο
2846 3256 2970 3311 οὔτε
3004 3262 3290 3330 παρόντων
3318 3263 3609 3333 ἐφείδοντο,
3635 3229 3765 3322 οὔτε

486 3361 795 3416 ciabantur.

561 3451 897 3519 Oinsignem
941 3443 1284 3517 paupertatis
1351 3440 1753 3504 excellentiam,
1802 3438 1917 3493 haec
1979 3438 2077 3494 Dei

487 3558 725 3616 persona
751 3543 810 3596 tit
838 3543 854 3594 l
887 3540 1030 3594 Deus
1048 3539 1100 3591 in
1129 3549 1274 3606 paup
1294 3550 1367 3588 τε
1387 3532 1765 3597 absconditur,
1793 3543 1848 3586 et
1872 3546 2076 3603 pauper

485 3635 710 3705 quidem
736 3632 968 3703 porrigit
998 3643 1244 3693 manum,
1283 3627 1427 3682 Deus
1450 3635 1631 3680 autem
1669 3623 1900 3695 suscipit
1926 3623 2076 3694 quod

485 3728 733 3784 Oii'crlttl'.

556 3823 658 3888 Qui
683 3833 807 3874 cum
837 3826 1154 3887 paupertate
1179 3813 1655 3884 philosophantur,
1674 3808 1848 3882 magis
1872 3810 2074 3882 magis-

484 3928 592 3981 que
626 3913 735 3967 Deo
775 3912 1233 3980 appropinquant.
1358 3916 1363 3923 '

560 4000 678 4057 Non
716 4017 919 4072 pauper
946 4010 1030 4052 est
1065 3999 1165 4069 qui
1207 3996 1341 4050 nihil
1391 3994 1578 4060 habet,
1607 3995 1700 4050 sed
1763 3993 1856 4064 qui
1907 3992 2073 4045 multa

489 4096 786 4150 desiderat.
814 4091 933 4146 Non
969 4093 1119 4146 dives
1143 4087 1252 4161 67
1294 4099 1378 4144 est
1423 4088 1519 4159 qui
1570 4085 1743 4141 multa
1801 4085 2076 4156 possidet,

490 4185 586 4240 sed
612 4184 704 4256 qui
734 4184 877 4237 nulla
912 4198 969 4236 re
994 4182 1219 4251 indiget.

564 4279 667 4345 Qui
694 4293 857 4332 aures
887 4291 1013 4330 suas
1055 4272 1279 4347 (inquit)
1322 4273 1568 4332 obturat,
1612 4278 1673 4325 ut
1733 4282 1842 4322 non
1891 4267 2081 4322 audiat

493 4387 812 4442 pauperem,
862 4369 1006 4425 illius
1062 4367 1375 4420 orationem
1444 4378 1553 4417 non
1599 4361 1855 4416 exaudiet
1913 4359 2077 4413 Deus.

486 4464 689 4520 Beatus
720 4465 809 4534 (ιιιὶ
830 4460 1214 4517 animadvertit
1245 4457 1310 4511 ad
1333 4456 1642 4511 mendicum
1668 4463 1719 4508 ct
1750 4466 2067 4522 pauperem,

2184 3346 2435 3400 ἀπόντων
2464 3346 2771 3402 έδάκνοντο.

2258 3438 2323 3491 ’Ὠ
2348 3438 2578 3509 πηλίκον
2598 3436 2813 3510 ἀξίωμα
2840 3441 2941 3510 τῆς
2966 3443 3177 3509 πενίας,
3195 3441 3331 3498 Θεοῦ
3364 3446 3573 3514 γίνεται
3596 3467 3699 3517 προ
3711 3468 3767 3503 σ-

2182 3531 2420 3585 ωπεῖονί
2459 3531 2780 3601 Κρύπτεται
2830 3533 2887 3586 ἐν
2936 3536 3133 3607 πένητι
3162 3534 3312 3599 Θεὸς,
3341 3539 3437 3591 καὶ
3469 3539 3638 3611 πένης
3664 3540 3767 3611 μὲν

2178 3624 2208 3678 ὁ
2240 3623 2340 3696 τὴν
2364 3626 2524 3696 χεῖρα
2558 3625 2882 3694 προτείνων,
2915 3625 3048 3690 Θεὸς
3078 3627 3134 3682 δὲ
3162 3631 3190 3683 6
3223 3628 3541 3701 ﬁsxipsvog.

2180 3804 2315 3950 ea?!
2342 3804 2504 3876 πενία
2543 3807 3153 3882 προσφιλοσοφήσαντες
3201 3808 3521 3880 ἐγγίζουσιν
3555 3814 3645 3867 del.
3682 3813 3764 3886 τῷ

2257 3917 2322 3950 ω.

2257 3897 2322 3966 ᾦ.

2255 3991 2371 4044 Οὐκ
2403 3989 2519 4044 ἐστι
2558 3992 2726 4062 πένης
2756 3994 2785 4046 6
2821 3992 2988 4062 μηδὲν
3019 3994 3182 4065 ἔχων,
3206 3995 3325 4051 ἀλλ’
3350 3997 3378 4050 6
3403 3996 3611 4051 πολλῶν
3634 3999 3762 4053 ἑπι-

2184 4081 2397 4153 θυμῶν.
2428 4083 2542 4138 Οὐκ
2574 4084 2692 4138 ἔστι
2720 4084 2972 4149 πλούσιος
2996 4088 3024 4140 6
3052 4085 3221 4141 πολλά
3246 4089 3607 4160 κεκτημένος,
3643 4091 3763 4146 ἀλλ’

2180 4173 2210 4225 6
2243 4175 2471 4244 μηδενὸς
2503 4175 2779 4245 δεόμενος.

2260 4268 2356 4329 Ὃς
2405 4266 2773 4339 ἀποφράσσει,
2809 4268 2966 4338 φησὶ,
3014 4267 3083 4323 τὰ
3131 4262 3245 4323 ὦτα
3292 4267 3482 4335 αὐτοῦ,
3534 4264 3633 4322 τοῦ
3689 4268 3763 4337 μὴ

2184 4357 2420 4413 ἀκοῦσαι
2453 4357 2697 4429 πτωχοῦ,
2725 4358 2826 4428 τῆς
2854 4359 3093 4430 δεήσεως
3114 4357 3284 4415 αὑτοῦ
3313 4361 3415 4415 οὐκ
3444 4360 3763 4415 είσακούσες

2182 4467 2275 4503 ται
2299 4453 2327 4505 6
2355 4451 2506 4513 Θεός.
2539 4452 2827 4518 Μακάριος
2857 4455 2887 4506 6
2920 4453 3121 4508 συνιὼν
3152 4452 3249 4508 ἐπὶ
3284 4455 3505 4526 πτωχὸν
3534 4457 3630 4508 καὶ
3668 4455 3764 4507 πέρ

489 4555 885 4613 Lberabiteutn
924 4554 1197 4608 Dominus
1228 4551 1279 4603 in
1313 4550 1403 4603 dic
1436 4550 1606 4601 malo.
1630 4546 1723 4599 Est
1755 4553 1935 4599 autem
1964 4542 2077 4598 dies

2195 4559 2348 4613 νητα,
2386 4544 2445 4598 ὲν
2476 4544 2665 4617 ἡμέρᾳ.
2697 4548 2914 4617 πονηρᾷ
2948 4540 3178 4618 ῥύσεται
3238 4548 3402 4601 αὐτὸν
3451 4548 3480 4601 6
3533 4545 3760 4616 Κύριος.

492 4651 692 4716 malus,
727 4650 822 4720 qui
844 4645 1235 4718 peccatoribus
1258 4642 1566 4697 destinatus
1615 4648 1721 4693 est.

562 4849 1144 4919 Sex:i.Paupertatcm
1169 4845 1313 4901 ferre
1340 4860 1447 4899 non
1511 4842 1759 4915 cujusvis
1813 4849 1917 4906 est,
1980 4838 2073 4894 sed

489 4945 593 4998 viri
623 4945 911 5013 sapientis.

564 5059 796 5130 Didymi.
829 5056 933 5124 Qui
971 5054 1209 5111 mendici
1238 5055 1323 5109 vel
1352 5065 1624 5123 pauperes
1685 5058 1909 5120 propter
1967 5048 2079 5102 vir-

492 5161 663 5205 tutem
692 5160 745 5204 ct
774 5151 1031 5219 pietatem
1068 5146 1198 5201 facti
1229 5154 1381 5207 sunt,
1415 5142 1540 5196 illos
1566 5141 1739 5209 magis
1757 5156 1822 5194 ac
1844 5138 2077 5207 diligen.

490 5248 601 5299 tius
629 5257 831 5297 curare
861 5242 1034 5297 debes
1070 5257 1088 5298 :
1132 5239 1323 5293 itidem
1358 5237 1452 5308 qui
1478 5244 1701 5305 propter
1729 5234 1950 5289 morbos
1985 5241 2078 5286 aut

484 5350 655 5389 tensus
689 5334 953 5390 adversos
975 5332 1161 5404 inepia
1192 5331 1470 5392 laborant,
1512 5328 1567 5381 in
1615 5328 1739 5380 illos
1773 5326 1946 5394 magis
1981 5324 2073 5378 be-

484 5425 700 5481 neﬁcus
727 5434 868 5490 esto,
902 5439 1067 5494 quam
1100 5425 1190 5494 qui
1215 5440 1283 5478 ex
1317 5422 1463 5477 malo
1491 5419 1740 5474 facinore
1771 5428 1867 5472 aut
1918 5417 2079 5471 luxu-

492 5521 573 5577 ria
595 5518 664 5574 ad
697 5526 1070 5590 paupertatem
1113 5517 1319 5573 redacti
1361 5523 1510 5570 sunt.

563 5635 789 5689 Aristot.
820 5631 1125 5701 Paupertas
1160 5630 1346 5686 multis
1385 5629 1549 5685 rebus
1576 5627 1805 5698 indiget,
1828 5623 2076 5695 inexple-

488 5721 673 5781 bilitas
703 5724 983 5778 omnibus.

560 5837 873 5893 Democriti.
909 5837 969 5893 Si
1003 5852 1130 5912 _non
1186 5824 1355 5894 multa
1406 5834 1711 5902 desideres,
1747 5848 1921 5905 pauca
1971 5832 2074 5889 tibi

2195 4633 2406 4704 Ἡμέρα
2432 4636 2677 4706 πονηρὰ,
2729 4637 2763 4705 ἠ
2812 4639 2924 4700 τοῖς
2974 4637 3320 4708 ἁμαρτωλοῖς
3366 4635 3763 4707 ἀποκεκληρω-

2180 4726 2340 4796 μένη.
3506 4744 3537 4762 ο

2252 4842 2448 4898 Πενίαν
2487 4843 2677 4917 φέρειν
2711 4846 2774 4900 οὐ
2807 4846 3034 4911 παντὸς,
3068 4842 3185 4899 ἀλλ’
3219 4843 3414 4915 ἀνδρὸς
3442 4838 3635 4912 σοφοῦ.

2247 5048 2492 5114 Μείζονα
2526 5049 2622 5101 καὶ
2654 5044 3086 5115 σπουδαιοτέραν
3118 5046 3217 5114 τὴν
3247 5044 3569 5112 ἐπιμέλειαν
3599 5037 3758 5096 ποιοῦ
3812 5026 3815 5033 ’

2179 5145 2263 5209 είς
2298 5143 2429 5206 τοὺς
2470 5141 2537 5196 δι’
2570 5141 2773 5211 ἀρετὴν
2807 5142 2903 5192 καὶ
2929 5137 3244 5192 Θεοσέσειαν
3272 5135 3698 5207 πτωχεύσαντας
3727 5132 3756 5201 ἢ

2182 5239 2552 5304 πενομένους·
2624 5232 2829 5302 ὁμοίως
2893 5230 2990 5284 καὶ
3049 5229 3131 5292 είς
3190 5229 3320 5289 τοὺς
3391 5229 3458 5280 ἐκ
3506 5226 3676 5278 νόσων
3726 5222 3757 5291 ἥ

2181 5329 2615 5398 σύμπτωμάτων
2642 5329 2988 5396 ἀποροῦντας
3016 5322 3167 5392 παρὰ
3194 5322 3322 5385 τοὺς
3352 5322 3416 5375 ἐκ
3446 5332 3761 5388 κακοπραγ-

2180 5419 2370 5492 μονίας
2402 5420 2435 5490 ἢ
2466 5420 2705 5483 ἀσωτίας
2746 5416 3192 5488 πτωχεύσαντας.

2258 5619 2325 5673 Ἦ
2364 5617 2527 5672 πενία
2557 5604 2796 5688 πολλῶν,⁸
2819 5619 2971 5671 ἐστιν
3023 5615 3251 5685 ἐνδεής·
3284 5614 3318 5667 ἡ
3381 5611 3439 5666 δὲ
3488 5608 3763 5677 ἀπληστία

2180 5715 2422 5768 πάντων.

2260 5831 2364 5885 Ἢν
2399 5808 2503 5903 μὴ’
2533 5827 2771 5903 πολλῶν,
2803 5828 3102 5901 ἐπιθυμῇς,
3161 5826 3230 5879 τὰ
3286 5823 3445 5894 ὀλίγα
3481 5817 3651 5895 πολλά
3683 5830 3763 5868 σοι
