4038 6400
327 410 433 471 Silii

1097 393 1268 454 LOCI
1311 386 1749 453 COMMUNES.
1796 413 1863 427 --
1900 390 2097 452 PARS
2129 389 2178 449 Ι.
2215 390 2475 450 SERMO
2509 390 2782 453 XXXIV.

3455 401 3561 464 89L

321 527 484 585 5455:.
532 517 717 589 Μικρά
744 515 853 587 γάρ
898 508 1079 584 ὄρεξις
1127 508 1321 563 πενίαν
1361 506 1609 578 ἰσοσθενῆ
1660 505 1872 562 πλοῦτοι

2000 504 2164 559 multa
2234 506 2582 560 videbuntur.
2641 504 2979 560 Desiderium
3027 507 3170 561 enim
3233 519 3566 566 contractmn

325 618 562 683 ποιήσει.
1226 594 1257 625 ’

392 706 472 758 Τὰ
503 706 735 775 μέγιστα
760 702 870 754 τῶν
892 694 1083 755 ἷιακῶν
1112 699 1162 752 οἱ
1193 698 1421 765 πένητες
1452 693 1888 761 ἐκπεφεύγασιν,

323 795 639 863 ἐπιϐουλὴν,
670 793 889 860 φθόνον,
935 791 1032 845 καὶ
1079 794 1252 861 μίσος,
1287 783 1369 851 οἷς
1418 789 1468 840 οί
1497 786 1741 839 πλούσιοι
1770 784 1889 837 καθ’

321 889 533 959 ἡμέραν
569 886 930 940 συνοικοῦσιν.

390 979 435 1030 Τ
438 978 504 1049 ὴν
554 978 745 1032 πενίαν
775 980 804 1031 ὁ
846 978 1081 1047 σώφρων
1127 974 1395 1045 καρτερίᾳ
1423 974 1521 1026 καὶ
1544 970 1890 1041 γενναιότητι

316 1069 516 1137 τιμῶν,
542 1068 773 1120 πλούτου
803 1067 1140 1136 τιμιωτέραν
1166 1064 1483 1130 ἀποφαίνει.

387 1159 465 1214 Οὐ
487 1160 549 1213 τὸ
576 1160 834 1212 πένεσθαι
892 1160 1032 1211 κατὰ
1061 1157 1223 1225 φύσιν
1276 1155 1498 1227 αἰσχρόν
1518 1169 1533 1185 ⁸
1566 1152 1703 1207 ἀλλὰ
1738 1151 1799 1206 τὸ
1825 1152 1892 1206 δι’

318 1249 554 1320 αίσχρὰν
574 1249 755 1305 αἰτίαν
787 1249 1046 1304 πένεσθαι
1066 1247 1291 1311 ὄνειδος.

392 1427 662 1497 Κρεῖσσον
691 1426 870 1491 καλῶς
905 1427 1162 1480 πένεσθαι
1192 1425 1393 1493 μᾶλλον
1435 1423 1468 1492 ἢ
1504 1420 1755 1474 πλουτεῖν
1783 1435 1891 1473 κα-

317 1519 450 1581 κῶς.
483 1510 557 1573 Τὸ
585 1522 684 1590 μὲν
712 1520 820 1591 γὰρ
854 1519 1023 1586 ἔλεον,
1053 1520 1116 1572 τὸ
1143 1518 1188 1571 δ’
1213 1519 1534 1587 ἐπιτίμησιν
1569 1515 1747 1584 φέρει.

388 1698 497 1769 Γῆς
528 1697 735 1768 ἐπέϐην
762 1697 990 1767 γυμνὸς,
1024 1695 1232 1768 γυμνὸς
1263 1694 1308 1748 δ’
1341 1694 1447 1748 ὑπὸ
1476 1694 1642 1762 γαῖαν
1667 1691 1888 1761 ἄπειμι.

1997 607 2371 667 paupertatem
2421 597 2626 652 divitiis
2675 597 3111 666 mquipollentem
3146 601 3353 654 reddet.

2069 689 2338 755 Pauperes
2363 689 2614 742 maximis
2647 690 2804 743 malis
2826 705 2935 744 non
2959 691 3307 756 infestantur,
3340 704 3399 747 ut
3431 695 3570 751 insi-

1997 780 2121 843 diis,
2156 780 2357 834 invidia
2437 790 2492 835 et
2535 780 2684 846 odio,
2714 781 2907 850 quibus
2953 782 3147 838 divites
3179 786 3409 853 expositi
3442 797 3572 841 sunt

1996 873 2255 941 quotidie.

2069 965 2358 1032 Euripidis.
2386 964 2618 1033 Sapiens
2674 976 3057 1035 paupertatem
3114 968 3304 1021 animo
3330 969 3583 1036 patiente'

1993 1063 2047 1107 et
2075 1070 2337 1125 generose
2359 1056 2564 1119 colens,
2631 1056 2835 1110 divitiis
2866 1057 3244 1126 pretiosiorem
3274 1057 3457 1112 eilicit.

2067 1144 2673 1215 Apollonii.Paupertas
2720 1163 2825 1200 non
2891 1149 3065 1216 turpis
3125 1157 3208 1202 est
3258 1150 3563 1202 secundum

1995 1252 2264 1300 naturam,
2300 1237 2441 1306 turpi
2468 1253 2596 1292 vero
2635 1239 2700 1292 de
2722 1253 2887 1292 causa
2924 1254 3220 1307 pauperem
3253 1254 3372 1294 esse
3395 1243 3560 1294 dede-

1994 1342 2093 1381 cus
2115 1338 2220 1382 est.

2065 1418 2303 1475 Catonis.
2330 1420 2559 1475 Prmstat
2591 1420 2816 1476 honesta
2849 1427 3145 1489 paupertas
3177 1421 3441 1488 imprubis
3472 1421 3559 1474 di—

1994 1512 2156 1566 vitiis.
2196 1512 2306 1566 lloc
2334 1513 2480 1566 enim
2507 1514 2805 1581 approbrii,
2832 1513 2963 1566 illud
2991 1511 3360 1567 miserationis
3390 1526 3558 1567 causa

1991 1602 2067 1654 llt.

2063 1690 2313 1747 Luciani.
2345 1676 2604 1748 Nudusin
2641 1703 2842 1748 terram
2866 1693 3010 1761 veni,
3044 1695 3295 1749 etnudus
3326 1694 3381 1747 in
3414 1694 3559 1748 illam

1990 1786 2177 1841 redeo.

383 1882 495 1935 Καὶ
519 1881 572 1934 τί
615 1881 791 1949 μάτην
822 1880 1029 1952 μοχθῶ,
1051 1878 1261 1949 γυμνὸν
1293 1877 1435 1947 ὁρῶν
1470 1873 1533 1929 τδ
1559 1873 1751 1939 τέλοςς
1780 1872 1872 1927 [ἰέ-

2053 1873 2193 1941 Quid
2261 1875 2463 1931 frustra
2526 1878 2761 1942 crucior,
2808 1877 3016 1932 nudum
3073 1878 3262 1949 videns
3297 1876 3556 1931 exitum?

313 1990 409 2043 νης
437 1971 727 2026 ἀποθανὼν
750 1972 1049 2040 φροντίδων
1076 1969 1367 2039 ἀπηλλάγη
1387 1978 1403 1997 ⁸
1430 1965 1539 2031 ζῶν
1561 1965 1668 2034 γὰρ
1688 1963 1885 2033 τέθνη-

313 2081 399 2129 κε,
433 2063 531 2133 τὴν
562 2064 756 2118 πενίαν
781 2064 1049 2133 νέκρωσιν
1080 2062 1240 2132 ἔχων.

396 2153 731 2224 Ἀριστείδης
784 2157 813 2208 ὁ
847 2153 1082 2221 δίκαιος,
1136 2154 1527 2224 ὀνειδιζόμενος
1565 2155 1662 2207 ἐπὶ
1718 2152 1882 2223 πενίᾳ

315 2246 420 2299 ὑπό
461 2263 607 2309 τινος
658 2245 939 2309 πλουσίου,
967 2242 1157 2300 εἶπεν·
1194 2245 1347 2314 Ἐμοὶ
1396 2245 1494 2314 μὲν
1533 2248 1564 2314 ἡ
1598 2245 1761 2297 πενία
1794 2243 1883 2295 οὑ-

311 2338 401 2390 δὲν
434 2339 707 2408 ίστορήσει
741 2339 908 2393 κακόν
931 2355 945 2371 ·
976 2342 1059 2392 σοὶ
1093 2338 1149 2392 δὲ
1192 2340 1221 2391 ὁ
1246 2338 1476 2401 πλοῦτος
1501 2337 1749 2407 ταραχὰς
1779 2337 1880 2390 οὐκ

312 2425 521 2497 ὀλίγας.

906 2566 1125 2622 ΛΟΓΟΣ
1162 2565 1282 2621 ΛΔ’.

798 2684 936 2752 Περὶ
970 2684 1385 2754 φιλαργυρίας.

390 2786 544 2863 Ῥίζα
566 2796 784 2851 πάντων
811 2798 918 2850 τῶν
950 2797 1137 2850 κακῶν
1165 2801 1316 2852 ἐστιν
1346 2798 1378 2866 ἡ
1425 2798 1782 2868 φιλαργυρίαν
1814 2795 1882 2870 ἦς

307 2901 452 2954 τινες
497 2889 817 2960 ὀρεγόμενοι
857 2890 1324 2973 ἀπεπλανήθησαν
1356 2890 1461 2944 ἀπὸ
1494 2892 1591 2960 τῆς
1621 2892 1880 2956 πίστεως,

306 2983 401 3035 καὶ
427 2981 649 3045 ἑαυτοὺς
692 2982 1046 3051 περιέπειραν
1082 2981 1297 3046 ὀδύναις
1327 2981 1574 3042 πολλαῖς.
1604 2984 1677 3037 Σὺ
1709 2983 1801 3046 δὲ,
1835 2975 1881 3036 ὧ

303 3073 558 3141 ἄνθρωπε
584 3071 678 3126 τοῦ
713 3071 872 3139 Θεοῦ,
913 3073 1118 3142 ταύτην
1170 3074 1341 3143 φεῦγε
1362 3089 1376 3105 ο
1410 3074 1572 3127 δίωκε
1601 3075 1656 3129 δὲ
1675 3076 1881 3129 δικαιο-

1986 1966 2195 2038 Pauper
2252 1969 2542 2025 defunctus
2602 1970 2867 2023 liberatur
2918 1969 3090 2025 curis.
3152 1969 3350 2027 Vivens
3406 1972 3553 2025 enim

1983 2071 2233 2115 mortuus
2256 2071 2357 2123 est,
2394 2071 2764 2129 paupertatem
2793 2076 2894 2115 ceu
2930 2072 3163 2116 mortem
3209 2064 3413 2117 ferens.

2053 2153 2333 2207 Aristides.
2367 2154 2632 2206 Aristides
2661 2153 2748 2207 ille
2774 2154 2974 2220 justus,
3010 2171 3131 2209 cum
3158 2157 3308 2210 dives
3333 2156 3553 2224 quidam

1984 2253 2363 2310 paupertatem
2401 2245 2450 2297 ei
2475 2245 2762 2312 obiiceret,
2783 2245 2921 2298 dixit
2947 2261 2961 2299 :
2990 2245 3117 2299 Mihi
3157 2248 3374 2315 quidem
3414 2246 3552 2300 nihil

1983 2333 2173 2387 ail‘eret
2205 2336 2327 2387 mali
2368 2327 2678 2404 paupertas,
2747 2337 2842 2391 tibi
2875 2353 3003 2392 vero
3053 2341 3254 2394 divitia:
3286 2356 3392 2394 non
3425 2355 3557 2407 pau-

1984 2442 2078 2481 cas
2115 2430 2574 2496 perturbationes.

2307 2562 2539 2618 sermo
2600 2564 2814 2619 χχχιιι
2846 2564 2946 2638 [αι.
2972 2565 3183 2639 xui].

2574 2678 2652 2734 De
2685 2682 2936 2735 avaritia.

2056 2788 2087 2845 Ι
2123 2789 2261 2845 Tim.
2292 2808 2367 2846 vr.
2404 2790 2579 2848 Radix
2603 2793 2849 2847 omnium
2895 2794 3163 2849 malorum
3193 2804 3279 2850 est
3310 2796 3554 2864 pecuniae

1984 2884 2246 2951 studium,
2275 2885 2428 2954 cujus
2457 2884 2623 2954 aliqui
2645 2884 2915 2939 desiderio
2946 2888 3087 2954 capti
3126 2904 3156 2940 a
3193 2889 3294 2942 lide
3321 2892 3546 2943 aberra-

1984 2989 2134 3038 runt,
2194 2984 2250 3030 et
2300 2976 2485 3031 multis
2538 2975 2750 3045 seipsos
2808 2977 3089 3033 doloribus
3138 2979 3543 3049 implieuerunt.

1984 3064 2066 3120 Tu
2099 3081 2247 3133 vero,
2280 3067 2446 3124 homo
2484 3066 2602 3132 Dei,
2626 3069 2729 3123 ista
2759 3066 2878 3137 fuge
2904 3086 2922 3137 ;
2945 3080 3153 3125 sectare
3181 3081 3359 3126 autem
3390 3073 3553 3141 justi-

305 3162 495 3234 σύνην,
517 3163 821 3233 εὐσέϐειαν,
862 3165 1065 3230 πίστιν,
1097 3167 1338 3239 ἀγάπην,
1371 3166 1668 3239 ὑπομονὴν,
1702 3170 1872 3240 πραόι

1984 3158 2137 3233 ιίοιιι,
2167 3158 2446 3227 pietatem,
2471 3159 2651 3225 tidem,
2672 3158 3016 3225 charitatem,
3037 3159 3373 3231 patientiam,
3403 3177 3552 3217 man-

302 3266 468 3308 τητα.

379 3272 468 3308 τα.

340 3271 644 3416 ηΛογισμὸς
703 3348 1038 3421 φιλαργυρίᾳ
1109 3351 1575 3422 περιειλημμένος
1636 3357 1873 3428 τρυτάνη

302 3438 468 3505 ἐστὶν,
510 3441 600 3494 ἰπὶ
628 3440 692 3494 τὸ
718 3439 856 3513 βαρὺ
888 3443 983 3496 τοῦ
1012 3443 1236 3507 κανόνος
1282 3443 1379 3515 τὴν
1414 3446 1591 3517 ῥοπὴν
1638 3450 1876 3518 καταφέ-

341 3545 492 3586 ουσα.

341 3545 492 3586 ουσα.

306 3545 338 3599 ρ
372 3620 587 3689 Χρυσδς
635 3619 741 3674 τῶν
788 3621 975 3691 ψυχῶν
1025 3623 1059 3693 ἡ
1114 3624 1342 3693 ἀγχόνη,
1403 3625 1466 3679 τὸ
1493 3626 1585 3681 τοῦ
1639 3627 1874 3685 θανάτου

301 3707 618 3778 ἄγκιστρον,
649 3710 711 3762 τὸ
739 3709 836 3780 τῆς
859 3712 1132 3782 ἁμαρτίας
1158 3712 1371 3784 δέλεαρ.

373 3800 547 3871 Πένης
578 3802 726 3857 ἐστὶν
774 3805 803 3857 ὁ
856 3802 1070 3857 πολλῶν
1120 3806 1308 3876 ἐνδεής
1332 3823 1346 3838 ο
1384 3806 1596 3864 πολλῶν
1623 3809 1680 3864 δὲ
1725 3812 1874 3883 ἡμᾶς

206 3924 211 3927 -
301 3888 498 3953 ἐνδεεῖς
523 3893 663 3945 ποιεῖ
682 3893 741 3946 τὸ
769 3893 866 3961 τῆς
897 3894 1189 3965 ἐπιθυμίας
1221 3896 1546 3965 ἀκόρεστον.

372 3981 585 4054 Ὥσπερ
619 3984 727 4054 γάρ
757 3988 866 4048 τοῖς
903 3988 1196 4056 μεθύουσιν
1227 3989 1448 4058 ἀφορμὴ
1499 3988 1592 4043 τοῦ
1631 3990 1807 4043 πίνειν
1836 3992 1869 4063 ἡ

301 4072 393 4126 τοῦ
413 4074 553 4127 οίνου
582 4076 863 4148 προσθήκη
896 4080 1143 4148 γίνεται·
1183 4080 1357 4143 οὕτως
1408 4083 1501 4135 καὶ
1531 4082 1580 4135 oi
1610 4084 1872 4138 νεόπλου-

300 4178 407 4231 τοι,
441 4164 610 4217 πολλά
632 4167 989 4237 κτησάμενοι,
1024 4167 1287 4222 πλειόνων
1309 4168 1663 4240 ἐπιθυμοῦσι,
1685 4172 1762 4241 τῷ
1784 4172 1871 4225 ἀεὶ

301 4255 710 4325 προστιθεμένῳ
741 4258 839 4326 τὴν
869 4257 1023 4311 νόσον
1061 4258 1379 4329 τρέφοντες,
1412 4261 1509 4314 καὶ
1541 4263 1869 4332 περιτρέπε-

296 4359 388 4395 ται
418 4344 599 4407 αὑτοίς
632 4346 666 4416 ἠ
699 4346 904 4418 σπουδὴ
937 4347 1072 4419 πρὸς
1101 4348 1159 4401 τὸ
1184 4348 1481 4417 ὲναντίον.τ

1981 3249 2351 3304 suetudinem.

2047 3339 2263 3395 Basilii.
2291 3343 2520 3399 Animus
2555 3345 2782 3400 avaritia
2835 3355 3028 3416 captus
3091 3348 3292 3403 trutina
3351 3358 3434 3405 est
3485 3351 3552 3404 ad

1977 3438 2191 3502 pondus
2215 3434 2486 3491 inclinans
2521 3437 2717 3509 regula:
2739 3451 3097 3495 momentum.

2053 3612 2260 3668 Aurum
2284 3627 2365 3670 est
2383 3615 2610 3687 laqueus
2627 3616 2956 3685 animorum,
2978 3621 3172 3675 hamus
3191 3623 3406 3685 mortis,
3423 3635 3552 3678 esca

1980 3706 2211 3773 peccati.

2043 3794 2256 3865 Pauper
2289 3804 2372 3849 est
2400 3796 2494 3864 qui
2530 3796 2716 3850 multis
2760 3797 2967 3867 indiget
2999 3815 3012 3852 :
3045 3801 3342 3856 multorum
3367 3814 3549 3860 autem

1974 3885 2189 3957 indigus
2211 3887 2339 3940 facit
2361 3887 2634 3958 cupiditas
2669 3888 2782 3959 68
2831 3889 3174 3950 insatiabilis.

2044 3977 2515 4043 Quemadmodum
2551 3981 2721 4034 ebriis
2757 3982 2936 4052 magis
2987 3986 3267 4055 magisque
3306 3989 3550 4044 occasio-

1973 4055 2098 4125 nem
2141 4070 2361 4126 bibendi
2393 4074 2576 4127 viuum
2640 4072 2868 4127 bibitum
2925 4085 3169 4143 praestat,
3236 4078 3319 4134 sic
3381 4082 3546 4138 etiam

1972 4166 2223 4221 homines
2247 4173 2493 4221 recenter
2522 4167 2677 4222 ditati
2704 4183 2828 4222 eum
2852 4172 3024 4225 multa
3057 4173 3372 4241 possideant
3391 4176 3546 4244 plura

1971 4255 2299 4320 desiderant,
2337 4271 2404 4311 ex
2444 4256 2561 4325 ipsa
2593 4271 2776 4312 rerum
2820 4259 3142 4316 accessione
3173 4265 3423 4319 morbum
3460 4266 3547 4320 fu-

1969 4357 2176 4412 ventes,
2205 4355 2261 4402 et
2294 4362 2456 4402 suum
2493 4348 2574 4404 eis
2631 4348 2872 4405 studium
2920 4353 3149 4406 vertitur
3199 4354 3256 4409 iu
3315 4368 3537 4414 contra-

1970 4454 2132 4495 rnnn.

366 4519 552 4576 Πάντα
579 4523 778 4593 χρυσὸν
812 4523 1054 4593 βλέπεις,
1083 4525 1261 4581 πάντα
1287 4527 1490 4598 χρυσὸν
1524 4528 1820 4599 φαντάζεις
1841 4547 1861 4566 ο

2036 4530 2309 4603 Quidquid
2339 4534 2514 4602 vides,
2537 4535 2801 4606 quidquid
2828 4536 3167 4605 imaginaris,
3207 4553 3403 4593 aurum
3436 4551 3547 4596 est.

293 4610 451 4666 τοῦτό
484 4631 567 4669 σοι
588 4616 682 4669 καὶ
723 4616 1039 4670 καθεύδοντι
1088 4618 1363 4685 ἐνύπνιον,
1413 4621 1508 4673 καὶ
1535 4622 1864 4691 ἐγρηγορότι

292 4704 565 4773 ἐνθύμιον.
603 4707 815 4777 Ὥσπερ
841 4707 950 4778 γὰρ
980 4709 1030 4762 oi
1078 4710 1182 4762 ὑπὸ
1206 4710 1405 4780 μανίας
1436 4713 1749 4783 παράφοροι
1799 4714 1862 4767 οὐ

288 4799 362 4851 τὰ
412 4799 714 4869 πράγματα
768 4799 1080 4869 βλέπουσιν,
1115 4801 1254 4855 ἀλλά
1302 4801 1373 4856 τὰ
1426 4805 1491 4857 ὲκ
1521 4803 1617 4856 τοῦ
1655 4804 1861 4868 πάθους

294 4891 690 4959 φαντάζονται,
745 4892 918 4956 οὕτως
949 4909 1032 4947 σοι
1082 4895 1115 4965 ἠ
1170 4893 1315 4965 ψυχὴ
1356 4898 1423 4966 τῇ
1458 4895 1864 4969 φιλοχρηματίᾳ

293 4984 709 5054 κατασχεθείη,
736 4986 913 5041 πάντα
944 4988 1163 5059 χρυσὸν,
1183 4990 1360 5042 πάντα
1387 4990 1626 5060 ἄργυρον
1649 4990 1858 5061 βλέπει.

291 5070 475 5124 Ἥδιον
509 5072 575 5125 ἂν
605 5073 737 5136 ἴδοις
766 5074 857 5127 τὸν
887 5077 1089 5146 χρυσὸν
1114 5077 1148 5147 ἢ
1177 5076 1269 5130 τὸν
1303 5076 1478 5149 ἥλιον.

370 5164 432 5216 Ὀ
476 5164 810 5236 φιλάργυρος
839 5165 1092 5221 οὐδέποτε
1122 5170 1379 5239 στήσεται
1412 5168 1509 5238 τῆς
1543 5168 1856 5240 ἐπιθυμίας.

357 5347 449 5419 Μὴ
477 5349 629 5417 γίνου
678 5348 1032 5419 φιλάργυρος,
1070 5349 1155 5403 ἵνα
1186 5354 1260 5421 μὴ
1314 5352 1434 5406 ἀντὶ
1476 5352 1611 5406 Θεοῦ
1637 5351 1857 5406 δουλεύο

287 5452 385 5512 an;
415 5440 491 5509 τῷ
521 5442 794 5511 Μαμωνᾷ.

363 5533 593 5603 Raptim
629 5534 818 5604 χρῆμα
846 5534 907 5586 τὸ
955 5532 1176 5602 χρυσίον
1204 5530 1360 5586 ἐστί’
1413 5532 1615 5603 κοῦφον
1648 5535 1703 5588 δὲ
1762 5535 1859 5590 καὶ

285 5626 566 5696 ἀνωφερὲς
624 5625 857 5694 πρᾶγμα
897 5623 931 5694 ὴ
986 5623 1177 5693 ἀρετή.
1234 5622 1298 5676 Εί
1325 5622 1420 5676 οὖν
1468 5622 1575 5693 χρὴ
1605 5627 1716 5688 τοῖς
1745 5625 1859 5680 ἄνω

286 5719 652 5789 προσϐαίνειν,
677 5717 785 5771 τῶν
815 5715 1191 5773 καθελκόντων
1221 5717 1647 5788 πτωχεύσωμεν,
1684 5717 1772 5774 ἵνα
1799 5720 1858 5773 ἐν

283 5814 391 5874 τοί,
417 5813 528 5866 ἄνω
554 5807 862 5879 ξἐνώμεθα.

1974 4623 2090 4678 lloc
2125 4626 2225 4680 tibi
2253 4626 2548 4682 dormienti
2585 4630 2883 4694 somnium,
2928 4636 2983 4683 et
3007 4629 3255 4698 vigilanti
3281 4630 3545 4702 cogitatio

1966 4726 2070 4772 est.
2096 4715 2231 4771 Nam
2248 4728 2306 4773 ut
2334 4719 2425 4788 qui
2446 4734 2539 4788 per
2563 4718 2836 4773 insaniam
2857 4718 3108 4784 delirant,
3137 4735 3243 4774 non
3264 4720 3413 4790 ipsas
3454 4738 3543 4778 res

1964 4807 2167 4871 vident,
2204 4810 2297 4864 sed
2323 4824 2444 4879 quae
2477 4809 2559 4866 eis
2587 4809 2805 4864 allectio
2842 4810 3103 4880 suggerit,
3130 4811 3539 4881 imaginantur:

1965 4899 2045 4954 sic
2075 4900 2291 4955 animus
2319 4901 2413 4955 tibi
2434 4902 2665 4956 avaritia
2681 4901 2960 4966 detentus,
2987 4903 3123 4956 nihil
3147 4918 3307 4973 quam
3337 4921 3530 4958 aurum

1962 5000 2017 5045 et
2056 5002 2338 5061 argentum
2364 4994 2530 5060 videt,
2563 5001 2616 5048 et
2650 4995 2874 5050 suavius
2916 4994 3132 5065 quidem
3161 5010 3352 5049 aurum
3374 5010 3537 5064 quam

1963 5081 2044 5137 sol
2071 5084 2385 5151 conspectui
2418 5092 2514 5139 tuo
2546 5101 2606 5141 se
2644 5083 2826 5140 ollert.

2034 5172 2306 5244 Chrysost.
2380 5178 2594 5232 Avarus
2631 5191 2916 5247 nunquam
2975 5175 3299 5231 liberabitur
3328 5176 3540 5246 cupidi-

1965 5273 2096 5319 tate.

2031 5356 2151 5412 Non
2194 5359 2293 5415 ﬁas
2323 5376 2542 5428 avarus,
2589 5377 2659 5417 ne
2704 5360 3047 5430 Mammunae,
3094 5362 3215 5419 loco
3267 5363 3383 5433 Dei,
3419 5379 3535 5422 ser-

1956 5448 2099 5504 vias.

2034 5540 2228 5600 Gravis
2253 5559 2341 5598 res
2376 5556 2460 5599 eat
2494 5561 2711 5613 aurum,
2736 5548 2915 5604 virtus
2944 5560 3136 5604 contra
3173 5550 3307 5605 levis
3332 5561 3385 5605 ct
3407 5561 3533 5620 apta

1960 5635 2015 5691 in
2046 5636 2281 5692 sublime
2311 5636 2462 5692 ferri.
2514 5637 2655 5709 Ergo
2715 5640 2762 5695 si
2817 5642 2977 5699 nobis
3037 5644 3349 5699 accedentia
3405 5650 3535 5699 sunt

1960 5726 2239 5790 sublimia,
2267 5742 2330 5781 ea
2364 5743 2484 5795 qua:
2517 5729 2774 5791 deorsum
2813 5735 3041 5790 trahunt
3093 5736 3440 5806 abjicia'uus,
3475 5741 3534 5789 ut

1960 5832 2177 5874 sursum
2202 5815 2463 5874 feramur.
