4038 6400
505 382 615 446 895

506 588 672 643 lisest
695 589 801 643 vita
846 587 1086 641 hominis
1114 588 1309 651 avari,
1350 601 1474 638 nam
1506 599 1632 638 cum
1662 583 1797 638 nihil
1840 599 1947 638 non
1983 584 2083 637 ha-

508 680 619 745 bet,
651 680 1036 735 oblectandum
1069 679 1341 733 neminem
1382 678 1567 733 habet.

576 770 687 827 Nec
714 786 745 826 a
782 779 999 825 mortuo
1030 770 1384 839 colloquium,
1417 785 1520 826 nec
1542 769 1612 825 ab
1661 783 1829 825 avaro
1882 766 2086 824 beneﬂ-

506 862 653 916 cium
680 862 970 931 petendum
1005 868 1110 915 est.

575 953 715 1007 Potu
750 953 1107 1021 restinguitur
1141 949 1421 1020 appetitus
1446 949 1687 1013 bibendi,
1721 958 1774 1004 et
1804 947 1961 1003 cibus
1991 946 2091 1001 de-

504 1042 710 1099 siderio
735 1042 842 1097 cibi
866 1042 1113 1097 medetur
1155 1040 1485 1095 :avaritiam
1541 1054 1672 1094 vero
1724 1054 1835 1094 non
1886 1052 2084 1093 aurum

505 1151 604 1191 nec
629 1144 913 1204 argentum
946 1134 1270 1203 exstinguit.

577 1229 851 1299 Diogenes.
883 1228 1151 1299 Diogenes
1180 1229 1419 1301 Cynicus
1459 1227 1826 1298 philosophus
1851 1227 2090 1282 interro-

503 1333 661 1391 gatus
688 1335 718 1373 a
748 1322 984 1391 quodam
1016 1336 1115 1376 cur
1148 1335 1343 1375 aurum
1377 1321 1623 1390 palleret,
1676 1321 1818 1375 dixit
1852 1333 1869 1373 :
1940 1319 2092 1385 Quo-

502 1415 648 1468 niam
682 1412 1032 1468 insidiatores
1066 1412 1271 1467 multos
1320 1413 1509 1467 habet.

575 1507 833 1562 Socratis.
861 1506 1167 1560 Avarorum
1198 1506 1420 1570 divitiae,
1450 1513 1508 1560 ut
1533 1505 1616 1561 sol
1643 1511 1769 1576 post
1799 1518 2079 1569 occasum,

504 1599 779 1676 neminem
819 1597 1130 1651 mortalium
1161 1596 1461 1652 oblectant.

580 1690 821 1745 Diodori.
861 1689 993 1755 Quae
1022 1696 1302 1758 nequeunt
1327 1689 1497 1744 armis
1554 1688 1697 1759 capi,
1729 1688 1888 1744 facile
1912 1702 2089 1758 expu-

505 1795 743 1856 gnantur
771 1798 926 1837 auro.
959 1781 1104 1836 Nihil
1137 1796 1244 1836 non
1300 1774 1593 1851 subjicitur
1617 1791 1865 1853 argento.

583 1966 800 2034 Diphili.
835 1964 892 2020 Si
923 1963 1173 2034 accipere
1200 1963 1335 2018 nihil
1358 1969 1527 2032 esset,
1551 1978 1713 2019 nemo
1733 1962 1874 2018 foret
1899 1963 2095 2018 malus.

576 2061 722 2115 Istud
759 2069 842 2114 est
874 2057 1129 2121 avaritia,
1159 2072 1286 2113 cum
1322 2059 1510 2112 relicta
1546 2057 1989 2114 consideratione

577 2150 739 2215 Justi,
766 2151 919 2204 lucro
946 2164 1043 2218 per
1062 2147 1244 2202 omnia
1277 2148 1479 2201 servis.

581 2243 718 2297 Mala
753 2243 904 2296 lucra
940 2239 1248 2310 voluptates
1274 2238 1492 2309 quidem
1513 2239 1728 2305 breves,
1759 2238 1930 2308 longa:
1965 2251 2095 2292 vero

509 2336 744 2393 tristitia:
789 2340 1119 2403 sequuntur.

890 2444 1128 2501 SEBMO
1162 2416 1362 2498 xxxv
1405 2440 1508 2516 [αι.
1549 2440 1717 2514 xu].

506 2541 586 2598 De
617 2540 871 2607 avaritia,
902 2547 953 2593 et
991 2536 1310 2620 qualibetzin
1341 2537 1541 2617 replus
1567 2534 1758 2589 habere
1797 2532 2095 2589 colentibus

1143 2617 1193 2661 et
1226 2616 1464 2675 injustts.

496 2708 509 2717 '
581 2703 708 2759 Luc.
741 2717 840 2758 χιι.
867 2700 1063 2758 Videte
1098 2709 1153 2755 et
1175 2708 1366 2754 cavete
1396 2698 1464 2753 ab
1482 2697 1737 2763 avaritia,
1788 2712 1898 2751 non
1946 2697 2094 2752 enim

506 2798 562 2852 in
609 2794 942 2851 abundantia
960 2792 1286 2863 cujusquam
1319 2791 1430 2846 vita
1465 2791 1585 2864 ejus
1615 2798 1698 2846 est
1729 2804 1797 2845 εχ
1824 2790 1907 2844 bis
1969 2805 2096 2860 qua:

545 2890 776 2944 assidet.

545 2906 776 2944 nsstuet.

506 2906 539 2960 Ρ
576 2980 606 3035 1
631 2982 760 3037 Cor.
794 2994 871 3035 vr.
900 2978 1014 3034 Cur
1045 2992 1155 3033 non
1186 2976 1370 3048 potius
1394 2975 1655 3046 injuriam
1684 2973 1975 3044 patimini?
2001 2985 2100 3026 cur

504 3089 617 3129 nun
655 3074 839 3144 potius
880 3072 1146 3127 damnum
1182 3068 1475 3139 accipitis?
1519 3067 1636 3122 lmo
1681 3082 1779 3123 vos
1834 3066 2095 3135 injuriam

1769 379 2096 439 ANTONII
2140 380 2490 440 MELISSE

576 494 880 549 Plutarchi.
919 491 1206 548 Siliccrnio
1238 506 1334 546 seu
1367 489 1581 546 funebri
1642 490 1899 545 convivio
1929 490 2081 545 simi-

2263 492 2478 545 Ἔοικεν
2527 492 2555 544 6
2584 489 2693 543 τῶν
2737 488 3091 562 φιλαργύρων
3141 489 3258 571 βίος
3304 488 3502 560 νεκροῦ
3538 489 3783 565 δείπνῳ·

3675 379 3784 442 896

2190 582 2368 636 πάντα
2395 582 2503 653 γὰρ
2532 581 2674 653 ἔχων
2703 580 2795 636 τὸν
2814 582 3339 655 εὐφρανθησόμενον
3367 583 3470 635 οὐκ
3504 582 3646 653 ἔχει.

2256 759 2394 816 Οὔτε
2422 760 2571 832 παρὰ
2599 758 2794 828 νεκροῦ
2823 761 3066 831 ὁμιλίαν,
3102 762 3226 817 οὔτε
3264 764 3417 835 παρὰ
3441 764 3790 838 φιλαργύρου

2190 857 2352 927 χάριν
2389 857 2471 910 δεῖ
2505 856 2806 930 ἐπιζητεῖν.

2263 949 2431 1002 Ποτὺν
2483 950 2580 1018 μὲν
2613 950 2806 1002 ἔσϐεσε
2862 949 2963 1022 τὴν
3010 950 3178 1006 ποτοῦ
3213 952 3437 1024 ὄρεξιν,
3483 953 3579 1008 καὶ
3610 955 3794 1026 τροφὴ

2189 1042 2288 1113 τὴν
2340 1043 2546 1113 τροφῆς
2576 1042 2871 1113 ἐπιθυμίαν
2922 1045 3165 1114 ἠκέσατο
3185 1060 3201 1076 ο
3235 1045 3606 1119 φιλαργυρίαν
3634 1048 3692 1103 δὲ
3724 1050 3790 1103 οὐ

2190 1132 2483 1187 σϐέννυσιν
2504 1134 2770 1205 ἀργύριον
2795 1134 2828 1205 ἢ
2858 1135 3102 1206 χρυσίον.

2262 1224 2518 1294 Διογένης
2546 1227 2574 1278 6
2599 1226 2837 1290 Κυνικὸς
2857 1227 3149 1298 φιλόσοφος
3174 1229 3473 1302 ἐρωτηθεὶς
3492 1233 3598 1286 ύπό
3620 1252 3793 1301 τινος,

2188 1316 2332 1370 διατι
2361 1318 2423 1370 τὸ
2479 1319 2702 1388 χρυσίον
2733 1318 2944 1390 χλωρόν
2978 1321 3150 1389 ἐστιν,
3223 1323 3353 1393 ἔφη,
3404 1323 3530 1378 Ὅτι
3560 1325 3795 1390 πολλοὺς

2189 1407 2510 1472 ἐπιϐούλους
2540 1409 2676 1480 ἔχει.

2273 1499 2332 1553 ’0
2371 1498 2481 1553 τῶν
2514 1500 2871 1571 φιλαργύρων
2903 1502 3155 1567 πλοῦτος,
3191 1504 3385 1578 ὥσπερ
3434 1508 3464 1561 6
3497 1508 3655 1579 ἥλιος
3683 1528 3793 1565 κα-

2191 1592 2353 1655 ταδὺς
2385 1595 2465 1654 είς
2490 1596 2589 1663 τὴν
2616 1597 2742 1664 γῆν,
2775 1595 2965 1650 οὐδένα
2994 1598 3105 1650 τῶν
3133 1597 3356 1663 ζώντων
3379 1599 3685 1670 εὐφραίνει.

2257 1685 2339 1739 Τὰ
2405 1687 2520 1750 τοῖς
2570 1685 2761 1750 ὅπλοις
2811 1688 3048 1743 ἀδύνατα
3094 1691 3428 1761 χειρωθῆναι
3483 1693 3563 1763 τῷ
3599 1694 3793 1766 χρυσῷ

2195 1777 2375 1849 ῥᾴδιόν
2394 1779 2510 1832 ἐστι
2536 1780 3016 1852 καταπολεμῆσαι.
3065 1782 3158 1853 Τῷ
3191 1784 3446 1857 ἀργυρίῳ
3474 1786 3793 1857 ὑποτάσσε-

2116 1839 2167 1900 B
2196 1884 2287 1922 ται
2317 1868 2387 1921 τὰ
2414 1868 2734 1939 σύμπαντα.

2269 1961 2333 2014 Εἰ
2364 1961 2440 2032 μὴ
2470 1961 2532 2014 τὸ
2563 1961 2752 2016 λαϐεῖν
2783 1958 2874 2034 ἦν,
2900 1965 3023 2018 οὐδὲ
3047 1959 3127 2029 εἷς
3150 1968 3390 2038 πονηρὸς
3417 1964 3510 2038 ἦν.

2269 2052 2610 2125 Φιλαργυρία
2637 2054 2784 2110 τοῦτ’
2807 2056 2977 2123 ἔστιν,
3008 2060 3137 2113 ὅταν
3170 2061 3318 2132 ἀφῇς
3361 2066 3588 2118 σκοπεῖν

2271 2146 2354 2201 Τὰ
2384 2147 2593 2215 δίκαια,
2623 2148 2720 2203 τοῦ
2754 2148 2981 2220 κέρδους
3012 2152 3308 2219 διαπαντὸς
3334 2155 3521 2222 δοῦλος
3548 2152 3652 2220 εἷς.

2272 2239 2353 2294 Τὰ
2385 2239 2608 2311 πονηρὰ
2663 2241 2832 2313 κέρδη
2880 2244 2983 2309 τὰς
3035 2245 3135 2316 μὲν
3161 2246 3356 2319 ἡδονὰς
3407 2248 3523 2320 ἔχει
3558 2251 3791 2324 μικρὰς,

2196 2330 2298 2396 τὰς
2327 2330 2385 2385 δὲ
2415 2330 2595 2397 λύπας
2630 2334 2876 2406 μακράς.

2795 2452 3018 2505 ΛΟΓΟΣ
3055 2454 3183 2509 AE’.

2367 2538 2509 2610 Περὶ
2536 2541 2921 2609 πλεονεξίας,
2953 2545 3492 2609 πλεονεκτούντων
3520 2549 3618 2603 καὶ

2792 2612 3194 2671 ἀδικούντων.

2285 2703 2483 2775 Ὀρᾶτε
2518 2706 2614 2759 καὶ
2657 2705 2998 2776 φυλάττεσθε
3044 2709 3154 2763 ἀπὸ
3201 2710 3305 2781 τῆς
3331 2711 3671 2779 πλεονεξίας,
3702 2713 3792 2767 ὅτι

2196 2795 2301 2868 οὐκ
2329 2798 2389 2850 ὲν
2438 2798 2517 2869 τῷ
2568 2799 2922 2870 περισσεύειν
2952 2802 3060 2856 τινὶ
3098 2804 3132 2873 ἡ
3166 2803 3283 2875 ζωὴ
3329 2804 3481 2874 αὐτῷ
3525 2807 3682 2859 ἐστιν
3727 2810 3792 2860 ὲκ

2198 2889 2308 2941 τῶν
2341 2889 2711 2961 ὑπαρχόντων
2735 2892 2927 2948 αὐτοῦ.

2265 2980 2418 3034 Διατί
2457 2982 2579 3052 οὐχὶ
2633 2983 2837 3052 μᾶλλον
2869 2984 3191 3053 ἀδικιῖσθε;
3234 2987 3379 3041 διατί
3417 2988 3541 3058 οὐχὶ
3583 2988 3792 3059 μᾶλλον

2198 3072 2626 3142 ἀποστερεῖσθες
2671 3075 2789 3131 ἀλλ’
2822 3077 2983 3142 ὑμεῖς
3010 3078 3250 3134 ἀδικεῖτε
3278 3080 3373 3134 καὶ
3396 3083 3786 3151 ἀποστερεῖτε,

504 3167 708 3230 facitis,
743 3174 798 3221 et
823 3165 1026 3220 damno
1054 3162 1290 3227 aﬂicltis,
1333 3161 1495 3231 idque
1529 3159 1726 3215 fratres
1748 3158 1773 3212 7
1795 3160 1876 3213 Αιι
1914 3157 2091 3213 nesci-

2235 3164 2299 3217 Lat
2328 3164 2501 3218 ταῦτα
2532 3166 2830 3235 ἀδελφούς;
2863 3167 2934 3221 Ἦ
2956 3168 3057 3223 οὐκ
3086 3169 3267 3223 οἴδατε
3302 3173 3385 3226 ὅτι
3416 3172 3594 3228 ἄδικοι
3617 3173 3785 3243 βασι-

509 3262 599 3324 tis,
637 3262 781 3328 quod
818 3257 1006 3328 injusti
1049 3254 1203 3327 regni
1235 3253 1328 3310 Dei
1364 3251 1736 3308 haereditatem
1761 3265 1870 3306 non
1899 3264 2092 3305 conse-

508 3352 790 3425 queritur?

577 3443 763 3519 69.“
799 3443 870 3499 ad
899 3442 1079 3497 Titum
1122 3455 1161 3496 ι.
1199 3440 1437 3498 Desistat
1483 3439 1553 3496 ab
1595 3438 1860 3511 iniustitia
1909 3436 2093 3492 omnis

505 3541 597 3608 qui
632 3550 831 3589 nomen
867 3534 959 3588 Dei
993 3533 1263 3587 nominat.

581 3626 748 3682 Novit
806 3627 1073 3680 Dominus
1135 3623 1321 3694 justos
1380 3637 1411 3677 a
1470 3620 1769 3676 tentatione
1830 3618 2089 3683 liberare,

504 3720 744 3789 iujustos
810 3731 942 3773 vero
1005 3716 1073 3772 ad
1121 3715 1266 3771 diem
1324 3714 1518 3785 jndicii
1580 3712 1891 3783 puniendos
1964 3725 2090 3766 ser-

506 3827 654 3867 vare.

576 3904 640 3959 ll
675 3903 824 3961 Patr.
849 3918 911 3959 ιι.
938 3902 1043 3969 Qui
1077 3900 1253 3972 diligit
1283 3899 1633 3972 injustitiam,
1682 3897 1798 3953 odit
1847 3895 2086 3950 animam

504 4014 684 4054 suam.

582 4088 740 4144 Psat.
771 4101 966 4141 χχχιιι.
998 4084 1189 4141 Facies
1216 4082 1433 4139 Domini
1460 4098 1628 4155 super
1651 4084 1913 4143 facientes
1945 4086 2089 4141 mala

508 4192 566 4238 ut
595 4183 811 4237 aboleat
839 4195 869 4234 a
894 4190 1040 4233 terra
1074 4176 1396 4231 memoriam
1433 4191 1651 4232 eorum.

576 4275 742 4330 Prov.
776 4288 832 4328 χ.
858 4271 1047 4326 Virum
1078 4271 1342 4342 injustum
1372 4273 1513 4326 mala
1535 4272 1837 4344 corripient
1867 4272 1933 4328 ad
1963 4287 2087 4345 per-

506 4367 733 4422 niciem.

582 4457 849 4513 Thesauri
877 4472 984 4513 non
1015 4456 1288 4528 juvahunt
1318 4457 1558 4529 iniquos.

576 4549 806 4621 lnjustis
826 4548 1011 4604 omnia
1043 4549 1096 4603 in
1127 4549 1309 4604 sinum
1345 4550 1703 4620 colliguntur.

582 4638 747 4696 Prov.
777 4655 873 4695 xx.
911 4640 1218 4696 Haereditas
1260 4655 1605 4712 praepmpera
1643 4642 1918 4715 principio
1974 4649 2093 4697 lan-

510 4737 631 4791 dem
663 4749 774 4788 non
815 4733 1188 4789 benedicetur.

577 4826 725 4882 Ibid.
780 4840 903 4883 χιιι.
960 4824 1105 4896 Opes
1155 4824 1469 4896 iniquitatis
1522 4825 1708 4880 studio
1761 4838 2092 4897 eoruparaue

507 4923 857 4978 minuuntur.

578 5014 690 5082 Sap
738 5012 928 5084 lnjusti
954 5012 1064 5070 cito
1084 5013 1368 5084 peribunt.

580 5107 773 5163 Gentis
803 5106 1014 5179 injustaa
1030 5107 1239 5177 obliqui
1277 5115 1405 5162 sunt
1441 5107 1592 5162 anni.

582 5198 865 5254 Salomon.
912 5196 991 5252 Ne
1015 5197 1256 5268 gaudeas
1309 5197 1380 5251 ob
1437 5196 1698 5267 injustam
1760 5196 2087 5267 pecuniam:

506 5288 644 5343 nihil
664 5288 808 5342 enim
840 5287 1051 5358 juvabit
1081 5287 1135 5341 in
1166 5287 1257 5343 die
1281 5286 1623 5343 aﬂlictionis.

577 5381 751 5436 Ecdi.
777 5396 942 5436 χχχιι.
963 5379 1152 5436 Oratio
1171 5381 1428 5452 patientis
1456 5381 1712 5451 injuriam
1740 5380 2085 5435 exaudiretur.

575 5474 680 5542 Qui
708 5473 932 5529 domum
966 5489 1123 5529 suam
1160 5474 1398 5529 mdilicat
1444 5474 1702 5544 pecuniis
1756 5474 1975 5537 alienis,
2011 5475 2087 5529 si-

505 5563 656 5623 milis
675 5577 758 5623 est
788 5565 1111 5637 congerenti
1128 5565 1338 5636 lapides
1378 5566 1433 5621 in
1467 5566 1736 5622 tumulum
1790 5567 2087 5637 sepulturae

507 5671 643 5711 suae.

579 5747 722 5803 Ibid.
756 5742 917 5802 χχιιιί
941 5745 1052 5804 Leo
1077 5746 1370 5804 insidiatur
1395 5749 1697 5817 venationi,
1726 5749 1913 5808 itidem
1952 5766 2083 5822 pec-

502 5848 688 5899 catum
715 5839 1043 5901 facientibus
1072 5841 1278 5911 iniqua.

2201 3254 2352 3309 λείαν
2381 3255 2518 3310 Θεοῦ
2546 3259 2606 3310 ού
2643 3257 3191 3330 κληρονομήσουσινς

2283 3437 2604 3507 ’Δποστήτω
2637 3436 2747 3492 ἀπὸ
2772 3436 2985 3503 ἀδικίας
3009 3440 3118 3504 πᾶς
3144 3441 3172 3494 6
3207 3438 3495 3510 ὀνομάζων
3524 3439 3590 3494 τὸ
3607 3440 3786 3513 ὄνομα

2199 3529 2428 3602 Κυρίου.

2272 3621 2433 3679 Οἶδεν
2476 3625 2685 3695 Κύριος
2744 3624 2995 3691 εὐσεϐεῖς
3038 3627 3104 3682 ἐκ
3164 3629 3479 3702 πειρασμοῦ
3534 3630 3791 3698 ῥύεσθαι,

2198 3716 2420 3782 ἀδίκους
2473 3717 2531 3773 δὲ
2562 3719 2646 3784 είς
2686 3720 2904 3791 ἡμέραν
2947 3721 3188 3793 κρίσεως
3233 3721 3633 3791 κολαζομένους
3690 3739 3792 3791 τη-

2236 3813 2338 3867 εῖν.

2236 3828 2338 3867 ειν.

2200 3828 2232 3882 ρ
2288 3905 2347 3958 Ὀ
2391 3904 2623 3975 ἀγαπῶν
2671 3906 2773 3979 τὴν
2826 3905 3043 3961 ἀδικίαν
3096 3909 3248 3980 μισεῖ
3297 3907 3397 3980 τὴν
3448 3907 3644 3963 ἑαυτοῦ
3682 3908 3792 3979 ψυ-

2236 3998 2321 4052 ἦν.

2236 4015 2321 4052 τν.

2197 4015 2231 4068 χ
2256 4043 2570 4160 ΙΠρόσωιτον
2617 4090 2829 4161 Κυρίου
2875 4090 2968 4144 ἐπὶ
2999 4090 3292 4156 ποιοῦντας
3336 4090 3506 4157 κακὰ,
3535 4090 3630 4144 τοῦ
3666 4092 3789 4157 ἐξο-

2196 4180 2487 4251 λοθρεῦσαι
2509 4183 2575 4235 ὲκ
2604 4180 2711 4252 γῆς
2754 4182 2816 4235 τὸ
2850 4184 3197 4254 μνημόσυνον
3226 4183 3432 4238 αὐτῶν.

2271 4274 2476 4346 ’Δνδρα
2506 4274 2694 4330 ἄδικον
2728 4275 2876 4329 κακὰ
2906 4275 3166 4349 θηρεύσει
3199 4278 3278 4341 είς
3309 4275 3637 4348 διαφθοράν.

2271 4457 2384 4511 Οὐκ
2415 4456 2759 4528 ὠφελήσουσι
2790 4456 3059 4527 θησαυροὶ
3097 4458 3354 4529 ἀνόμους.

2120 4559 2167 4617 ι)
2231 4556 2237 4564 “
2269 4553 2363 4615 Είς
2393 4552 2631 4616 κόλπους
2654 4553 2950 4623 ἐπέρχεται
2987 4555 3168 4607 πάντα
3203 4552 3433 4613 ἀδίκοις.

2280 4647 2457 4718 Magi;
2484 4644 3001 4715 ὲπισπουδαζομένη
3029 4648 3085 4697 ὲν
3108 4645 3349 4716 πρώτοις
3382 4646 3440 4696 ἐν
3465 4644 3578 4706 τοῖς
3596 4641 3788 4696 τελευ-
3816 4662 3822 4677 τ

2192 4738 2365 4802 ταίοις
2399 4738 2502 4792 οὐκ
2530 4736 2990 4809 εὐλογηθήσεται.

2266 4827 2540 4901 ’Ύπαρξις
2564 4824 3075 4897 ὲπισπουδαζομένη
3104 4828 3243 4896 μετὰ
3271 4827 3505 4896 ἀνομίας
3528 4826 3784 4881 ἐλάσσων

2126 4988 2132 4994 ,
2192 4923 2429 4991 γίνεται.

2192 5045 2200 5055 ι
2271 5014 2483 5069 Ἀδικοι
2514 5014 2844 5071 ἀπολοῦνται
2869 5013 3177 5085 συντόμως.

2264 5106 2468 5171 Γενεᾶς
2494 5106 2683 5162 ἀδίκου
2716 5107 2909 5161 σκολιὰ
2930 5107 2999 5161 τὰ
3024 5105 3143 5175 ἔτη.

2264 5201 2357 5272 Μὴ
2388 5201 2643 5271 ἐπίχαιρε
2667 5200 2759 5253 ἐπὶ
2785 5200 3071 5271 χρήμασιν
3093 5197 3324 5261 ἀδίκοις.
3361 5194 3532 5251 Οὐδὲν
3559 5194 3671 5265 γὰρ
3704 5190 3783 5248 ὠ-

2193 5289 2524 5360 φελήσουσιν
2555 5291 2614 5343 ὲν
2645 5289 2832 5359 ἡμέρᾳ
2861 5288 3187 5360 ἐπαγωγῆς.

2265 5383 2458 5453 Δέησις
2494 5380 2860 5450 ἀδικουμένου
2890 5381 3404 5451 είσακουσθήσεται.

2275 5476 2336 5529 '0
2367 5475 2667 5544 οἰκοδομῶν
2688 5474 2789 5547 τὴν
2817 5475 2997 5529 οίκίαν
3030 5472 3196 5529 αὑτοῦ
3230 5474 3287 5526 ὲν
3306 5472 3587 5544 χρήμασιν
3616 5469 3780 5522 ἀλλο-

2190 5563 2362 5635 τρίοις
2393 5566 2469 5631 ὡς
2498 5567 2528 5620 6
2552 5567 2806 5634 συνάγων
2844 5567 2973 5631 τοὺς
3011 5563 3194 5629 λίθους
3229 5563 3396 5618 αὐτοῦ
3435 5565 3516 5627 εἰς
3542 5562 3634 5616 τὸν
3659 5577 3783 5631 χει-

2194 5657 2461 5728 μάρρουν.
3088 5703 3093 5707 .

2261 5751 2414 5803 Λέων
2452 5749 2723 5820 ὲνεδρεύει
2752 5749 2952 5823 θήραν,
2982 5747 3154 5813 οὕτως
3186 5746 3435 5819 ἁμαρτία
3460 5745 3587 5811 τοὺς
3609 5745 3781 5815 ἐργα-

2191 5840 2455 5913 ζομένους
2488 5843 2667 5898 ἄδικα.
