4038 6454
345 347 451 407 897

1164 344 1334 406 LOCI
1367 347 1806 415 COMMUNES.
1841 380 1910 390 -
1950 356 2146 416 rans
2170 356 2221 418 ι.
2256 355 2516 422 SERMO
2556 363 2788 426 xxxv.
2838 326 2847 331 ”

3493 372 3598 436 898

336 500 339 505 -
419 465 511 536 Μὴ
547 466 692 518 ποίει
736 466 904 524 κακά.
938 467 1029 521 καὶ
1073 468 1134 521 ού
1183 469 1256 538 μή
1296 486 1354 521 σε
1398 469 1683 540 καταλάϐῃ
1731 470 1910 525 κακόν.

2099 475 2233 532 Mala
2272 494 2336 532 ne
2362 479 2577 546 feceris,
2621 492 2669 537 et
2706 498 2813 537 non
2841 484 3214 553 apprehendet
3258 495 3313 542 te
3367 486 3597 544 malum.

358 559 653 624 ’Λπὸστηθι
687 558 794 612 ἀπὸ
823 559 1031 624 ἀδίκου,
1064 562 1156 616 καὶ
1187 559 1431 615 ὲκκλινεῖ
1450 560 1559 616 ἀπὸ
1609 561 1703 615 σοῦ
1736 562 1918 632 άμαρο

346 651 456 703 τῖα.

421 744 534 802 Υίὲ,
572 743 647 812 μὴ
680 742 911 814 σπείρῃς
940 744 1026 796 ἐπ’
1075 742 1319 819 αὔλακας
1355 741 1589 810 ἀδικίας,
1626 745 1720 797 καὶ
1755 744 1814 796 οὐ
1844 744 1918 816 μὴ

344 834 568 904 θερίσῃς
590 836 1019 889 ἑπταπλασίονα.

413 926 569 979 Θέων
600 929 715 979 υίὶν
767 927 949 981 ἔναντι
981 931 1187 999 πατρὸς
1213 932 1378 987 αὐτοῦ
1425 936 1454 987 6
1491 933 1783 1003 προσάγων
1826 928 1918 982 θυ-

343 1017 465 1070 σίαν
498 1020 561 1071 ἐκ
595 1020 895 1089 χρημάτων
948 1024 1215 1091 πενήτων.

415 1111 551 1162 Οὐαὶ
579 1112 606 1162 6
637 1111 927 1182 πληθύνων
973 1114 1150 1184 ἑαυτῷ
1185 1117 1253 1169 τὰ
1299 1116 1398 1169 οὐκ
1429 1116 1558 1169 ὄντα
1596 1113 1787 1176 αὑτοῦ,
1822 1117 1918 1166 καὶ

345 1203 597 1273 βαρύνων
625 1204 726 1258 τὸν
768 1205 946 1259 κλοιὸν
974 1206 1138 1261 αὐτοῦ
1172 1208 1468 1278 στιϐαρῶς.

416 1316 556 1370 Οὐαὶ
600 1319 650 1372 οἱ
699 1316 1127 1389 θησαυρίζοντες
1162 1319 1379 1374 ἀδικίαν
1409 1321 1504 1374 καὶ
1537 1318 1917 1390 ταλαιπωρίαν

343 1413 401 1463 ἐν
433 1413 558 1471 ταῖς
584 1412 775 1481 χερσὶν
808 1413 1010 1470 αὐτῶν.

414 1503 551 1554 Οὐαὶ
574 1505 621 1554 oi
655 1503 1019 1568 συνάπτοντες
1041 1505 1219 1559 οίκίαν
1244 1505 1380 1574 πρὸς
1409 1505 1609 1568 οἰκίαν,
1631 1504 1723 1558 καὶ
1748 1503 1916 1574 ἀγρέν

344 1596 482 1663 πρὸς
513 1594 682 1664 ἀγρὸν
713 1595 1044 1663 ἐγγίζοντες,
1095 1596 1181 1651 ἵνα
1215 1598 1309 1651 τοῦ
1341 1597 1573 1667 πλησίον
1605 1596 1914 1666 ἀφέλωνταί

341 1703 416 1740 τι.
452 1685 545 1749 Μὴ
588 1685 842 1753 οἰκήσετε
887 1685 1037 1756 μόνοι
1067 1687 1159 1740 ἐπὶ
1193 1689 1293 1754 τῆς
1323 1689 1458 1758 γῆς;
1497 1687 1767 1757 Ἠκούσθη
1805 1686 1915 1758 γὰρ

340 1781 420 1842 εἰς
452 1779 519 1830 τά
550 1777 665 1831 ὦτα
702 1779 906 1848 Κυρίου
938 1776 1167 1833 Σαϐαὼθ
1199 1780 1395 1836 ταῦτα.

2031 568 2237 624 Desiste
2261 571 2330 625 ab
2353 571 2578 642 injusto,
2601 583 2655 630 et
2678 574 2974 630 declinabit
2996 593 3025 631 ιι
3053 584 3104 630 te
3134 587 3443 648 peccatum.

2096 742 2237 796 Ibid.
2279 760 2374 799 vn.
2405 745 2531 815 Fili,
2563 762 2632 802 ne
2659 765 2809 806 seras
2841 750 2893 805 in
2947 752 3129 808 sulcos
3179 752 3483 823 injustitiae,
3529 772 3599 814 ne

2027 832 2227 899 septies
2266 841 2416 889 tanto
2447 839 2763 906 ampliorem
2790 841 2918 895 inde
2949 858 3181 899 messem
3216 843 3405 901 facias.

2096 921 2234 977 Ibid.
2268 940 2412 980 xxiv.
2444 926 2637 981 Filium
2669 931 2869 985 occidit
2899 948 3081 987 coram
3111 944 3265 1003 patre
3318 952 3442 1002 suo,
3494 939 3591 1008 qui

1992 1002 2300 1071 ‘victimam
2335 1018 2490 1072 oll‘er‘t
2516 1037 2581 1074 ex
2602 1026 2845 1089 pecuniis
2877 1040 3196 1094 pauperum.

2100 1102 2309 1159 Ilabac.
2357 1122 2414 1163 ιι.
2454 1106 2541 1162 Vae
2570 1111 2645 1163 illi
2678 1118 2769 1181 qui
2800 1116 2903 1168 sibi
2935 1132 3020 1170 res
3050 1133 3156 1171 non
3225 1132 3354 1174 suas
3407 1121 3595 1174 multi-

1947 1224 1953 1229 -
2027 1198 2210 1266 p‘icat,
2249 1207 2305 1253 et
2340 1201 2434 1266 qui
2464 1214 2717 1270 aggravet
2747 1220 2910 1274 super
2939 1223 2996 1261 se
3026 1208 3251 1263 densum
3283 1211 3478 1265 lutum.

2096 1309 2257 1364 Amos
2309 1328 2390 1368 ιιι.
2449 1310 2542 1367 Va:
2581 1314 2688 1369 illis
2722 1316 2815 1384 qui
2852 1318 3111 1387 colligunt
3174 1321 3493 1391 injustitiam
3540 1332 3597 1379 ct

2024 1404 2303 1458 miseriam
2345 1406 2399 1459 in
2443 1408 2696 1463 manibus
2713 1410 2852 1464 suis.

2096 1494 2204 1550 lsa.
2235 1512 2288 1552 v.
2320 1496 2409 1551 Vae
2443 1499 2551 1553 illis
2580 1501 2671 1569 qui
2728 1501 2951 1575 domum
2994 1503 3174 1558 domui
3227 1506 3590 1578 conjungunt,

2023 1595 2281 1656 etagrum
2318 1604 2449 1658 agro
2497 1602 2802 1659 apponunt,
2835 1604 2889 1646 ut
2918 1594 3127 1663 aliquid
3152 1597 3383 1663 eripiant
3407 1601 3596 1666 proxi-

2025 1694 2136 1732 mo.
2199 1677 2340 1732 Num
2400 1696 2498 1735 vos
2549 1683 2651 1735 Soli
2706 1684 3026 1740 habitabilis
3072 1688 3123 1740 in
3181 1689 3376 1741 terra?
3428 1690 3592 1760 Atqui

2025 1767 2286 1822 Dominus
2318 1771 2657 1825 exercituum
2685 1774 2910 1829 auribus
2952 1777 3066 1831 haec
3096 1779 3362 1848 percepit.

427 1872 657 1942 Ἀπέχου
688 1871 795 1924 ἀπὸ
827 1870 1039 1938 ἀδίκου,
1078 1873 1175 1927 καὶ
1202 1873 1262 1928 οὐ
1308 1874 1593 1947 φοϐηθὴση
1616 1915 1631 1941 ,
1663 1874 1759 1929 καὶ
1790 1873 1910 1945 τρό-

2092 1856 2236 1911 ]bid.
2280 1875 2388 1914 LIV.
2418 1861 2645 1916 Abstine
2672 1863 2741 1917 ab
2781 1864 3022 1935 injusto,
3058 1877 3112 1922 et
3173 1884 3284 1923 non
3349 1871 3587 1939 timebis,

320 1953 441 2037 ’μος
474 1966 574 2018 οὐκ
610 1967 793 2034 ἐγγιεῖ
816 1982 919 2020 σοι.

413 2058 505 2129 Μὴ
534 2058 674 2113 ἔστω
708 2060 741 2129 ἠ
763 2060 885 2130 χείρ
911 2077 1005 2114 σου
1034 2059 1374 2130 ἐκτεταμένη
1400 2059 1480 2124 είς
1499 2058 1560 2113 τὸ
1587 2058 1795 2124 λαϐεῖν,
1819 2060 1913 2116 καὶ

340 2149 399 2201 ἐν
419 2150 497 2216 τῷ
526 2149 837 2202 ἀποδιδόναι
871 2149 1306 2221 συνεσταλμένη.

409 2238 742 2291 Πλεονὲκτου
797 2239 1076 2311 ὀφθαλμὸς
1136 2241 1237 2295 οὐκ
1291 2241 1639 2311 ἑμπιπλᾶται
1703 2242 1761 2297 ὲν
1817 2260 1915 2312 με·

345 2329 468 2400 ρίδι.

422 2444 482 2499 ’0
522 2448 589 2501 τὰ
617 2446 1146 2527 ἐτέρου-λαμϐάνων
1177 2450 1273 2504 καὶ
1327 2450 1541 2521 ἑτέροις
1584 2448 1764 2513 διδοὺς
1812 2451 1914 2504 οὐκ

336 2540 588 2609 ἠλέησεν,
636 2541 770 2594 ἀλλὰ
820 2543 915 2596 καὶ
962 2542 1221 2614 ἠδίκησεν
1259 2542 1480 2598 ἀδικίαν
1517 2542 1616 2614 τὴν
1653 2544 1912 2614 ἐσχάτην.

336 2630 399 2682 Εἰ
433 2630 533 2699 μὲν
558 2630 667 2702 γὰρ
694 2631 866 2695 ἐλεεῖς
894 2633 953 2699 ἐξ
976 2625 1049 2686 ὧν
1071 2633 1300 2699 ἀδικεῖς,
1324 2635 1546 2705 ἐλέησον
1563 2634 1656 2697 οὓς
1682 2636 1910 2700 ἀδικεῖς.

335 2719 581 2791 Εὐσεϐὴς
629 2722 737 2792 γάρ
771 2724 1001 2790 ἐκεῖνος,
1030 2724 1128 2796 οὐχ
1161 2727 1189 2779 6
1235 2725 1462 2790 πολλοὺς
1494 2726 1682 2791 ἐλεῶν,
1713 2726 1828 2779 ἀλλ’
1885 2727 1914 2780 ὁ

341 2811 545 2882 μηδένα
570 2814 793 2871 ἀδικῶν.

405 2996 548 3050 Ὅσα
572 2997 762 3070 βλέπει
788 2976 1338 3070 δφθαλμδςηοσαῦτα
1367 3000 1632 3070 ἐπιθυμεῖ
1663 3002 1691 3052 ὁ
1724 3001 1916 3056 πλεονυ

337 3092 522 3161 έκτης.
591 3092 650 3146 Ὀ
687 3092 821 3163 ᾅδης
860 3095 960 3147 οὐκ
1003 3090 1178 3159 εἶπεν,
1216 3097 1436 3167 Ἀρκεῖτ
1471 3096 1591 3148 οὐδὲ
1631 3097 1659 3149 ὁ
1689 3096 1913 3150 πλεονέ-

2016 1965 2193 2019 neque
2223 1960 2431 2006 tremor
2458 1955 2673 2009 invadet
2701 1963 2773 2012 te.

2088 2041 2257 2099 Eccli.
2278 2061 2330 2099 IV
2362 2045 2553 2101 Manus
2574 2057 2665 2103 tua
2698 2065 2806 2105 non
2845 2052 2916 2106 sit
2937 2063 3184 2121 porrecta
3215 2054 3279 2109 ad
3316 2054 3592 2124 accipien-

2016 2133 2167 2200 dmn,
2210 2147 2262 2190 et
2287 2137 2380 2192 ubi
2413 2140 2653 2194 dandum
2684 2151 2766 2197 est
2794 2156 3097 2201 contracta.

2086 2224 2229 2283 Ibid.
2268 2245 2379 2283 xw.
2411 2228 2617 2288 Oculus
2670 2248 2879 2290 avarus
2926 2238 3074 2293 nulla
3120 2241 3370 2308 portione
3419 2239 3591 2296 satia-

2016 2326 2124 2373 iur.

2083 2431 2295 2488 Basilii.
2347 2434 2451 2504 Qui
2513 2438 2678 2493 alicui
2727 2439 2891 2510 eripit
2941 2451 2995 2496 et
3026 2443 3180 2497 alteri
3213 2444 3326 2515 dat,
3379 2446 3426 2502 is
3475 2463 3582 2503 non

2016 2522 2475 2595 misericordiam,
2513 2529 2609 2585 sed
2641 2543 2942 2588 extremam
2987 2536 3310 2606 injustitiam
3343 2551 3586 2597 exercet.

2015 2608 2149 2665 Nam
2182 2628 2246 2667 ex
2280 2614 2499 2685 injuriis
2525 2621 2806 2675 materiam
2830 2625 3200 2682 miserationis
3239 2640 3446 2700 captas,
3484 2633 3588 2685 mi~

2016 2717 2198 2759 serere
2216 2702 2407 2774 "potius
2443 2710 2658 2764 illorum
2679 2728 2818 2784 quos
2841 2715 3040 2785 injuria
3064 2718 3255 2775 aﬂicis.
3277 2719 3408 2776 Pius
3437 2721 3583 2776 enim

2017 2794 2110 2850 ille
2138 2805 2242 2862 est,
2273 2813 2382 2852 non
2416 2801 2507 2868 qui
2545 2802 2838 2859 miseretur
2864 2808 3183 2878 multorum,
3224 2814 3318 2868 sed
3367 2814 3463 2885 qui
3498 2831 3593 2870 ne-

2016 2890 2151 2944 mini
2184 2888 2315 2943 facit
2346 2892 2624 2961 injuriam.

2086 2981 2435 3054 Qumcunque
2496 2987 2641 3041 videt
2682 2987 2910 3053 oculos,
2972 3005 3036 3045 ea
3072 2993 3256 3048 omnia
3314 2995 3587 3056 desiderat

2015 3088 2232 3130 avarus.
2272 3075 2467 3131 lni'eris
2504 3093 2785 3149 nunquam
2853 3084 2987 3138 satis
3042 3084 3124 3151 lit,
3190 3103 3293 3143 nec
3343 3105 3586 3160 unquam

335 3200 471 3253 κτης
494 3180 614 3238 εἶπέ
656 3201 809 3251 ποτε,
851 3186 1055 3257 Ἀρκεῖ.
1087 3186 1329 3257 Πονηρὸς
1361 3188 1418 3242 ἐν
1448 3186 1603 3240 πόλει
1635 3188 1908 3257 σύνοικος,

2015 3182 2213 3223 avarus
2242 3169 2345 3223 sibi
2375 3170 2625 3225 sufﬁcere
2654 3172 2811 3228 dicit.
2844 3173 3020 3231 Malus
3049 3176 3138 3233 hic
3164 3180 3377 3237 vicinus
3407 3191 3492 3238 est
3523 3186 3578 3240 in

342 3276 584 3347 πονηρὸς
612 3279 670 3330 ἐν
699 3278 917 3347 ἀγροῖς.
960 3277 1023 3331 Ἡ
1058 3277 1302 3331 θάλασσα
1332 3273 1440 3332 οἵδε
1464 3279 1531 3332 τὰ
1561 3281 1686 3350 ὅρια
1716 3279 1909 3350 αὐτῆς,

337 3372 370 3441 ἡ
398 3370 491 3437 νὺξ
517 3371 616 3438 οὐχ
639 3370 959 3440 ὑπερϐαίνει
982 3371 1264 3438 ὁροθεσίας
1296 3371 1551 3441 ἀρχαίας.
1570 3372 1627 3423 '0
1648 3371 1704 3424 δὲ
1723 3372 1915 3424 πλεον-

336 3464 497 3531 έκτης
536 3463 636 3517 οὐκ
683 3464 914 3517 αἰδεῖται
961 3462 1177 3534 χρόνον.
1245 3463 1305 3515 οὐ
1349 3463 1611 3534 γνωρίζει
1658 3464 1807 3533 ὅρον,
1844 3462 1906 3515 οὐ

337 3557 614 3624 συγχωρεῖ
667 3554 962 3624 ἀκολουθία
1012 3552 1265 3623 διαδοχῆς
1291 3592 1308 3618 ,
1344 3552 1481 3606 ἀλλὰ
1534 3556 1786 3623 μιμεῖται
1815 3551 1910 3605 τοῦ

336 3648 508 3716 πυρὸς
546 3646 646 3718 τὴν
704 3647 848 3713 βίαν,
881 3647 1059 3702 πάντα
1099 3646 1547 3718 ἐπιλαμϐάνεται,
1575 3647 1750 3700 πάντα
1790 3646 1911 3699 ἑπι-

335 3739 582 3808 νέμεται.

403 3855 471 3909 Τί
498 3852 591 3908 οὖν
622 3855 764 3925 μετὰ
792 3853 994 3919 ταῦτας
1028 3854 1151 3923 οὐχι
1179 3855 1327 3924 τρεῖς
1364 3870 1424 3906 σε
1463 3853 1663 3924 πήχεις
1697 3855 1910 3925 ἀναμέο

333 3964 518 4002 νουσιν
541 3949 590 4000 οἱ
621 3948 855 4011 πάντεςς
888 3948 1008 4016 οὐχὶ
1040 3947 1206 4000 λίθων
1250 3946 1449 4015 ὀλίγων
1483 3947 1646 4018 βάρος
1684 3948 1910 4018 ἀρκέσει

335 4039 474 4109 πρὸς
523 4038 773 4108 φυλακὴν
799 4041 865 4106 τῇ
901 4038 1150 4108 δυστήνῳ
1180 4037 1386 4107 σαρκί;
1434 4037 1606 4108 Ὑπὲρ
1641 4038 1786 4102 τίνος
1816 4038 1912 4092 οὖν

337 4133 596 4204 μοχθεῖς;
652 4133 792 4202 ὑπὲρ
838 4132 985 4192 τίνος
1041 4134 1419 4200 παρανομεῖς;
1474 4130 1538 4183 Τί
1570 4131 1907 4201 ἀπολογήσῃ,

241 4245 247 4250 ·
334 4225 555 4278 ἐπειδάν
590 4241 648 4277 σε
682 4223 869 4295 κύκλῳ
901 4222 1261 4288 περιστάντες
1289 4223 1339 4275 oi
1383 4222 1707 4292 ἠδικημένοι
1738 4238 1909 4274 κατα-

332 4300 533 4372 ϐοῶσιν
561 4317 653 4370 ἐπὶ
677 4315 769 4370 τοῦ
805 4315 985 4370 κοινοῦ
1010 4314 1198 4385 κριτοῦ
1220 4331 1236 4380 ;
1272 4314 1395 4378 Πῶς
1425 4315 1799 4385 παραπείσεις
1818 4313 1908 4365 τὸν

335 4410 776 4481 ἁπαραλόγιστον
804 4408 1104 4473 δικαστήνς
1133 4406 1246 4460 Ούκ
1271 4405 1389 4459 ἔστι
1421 4408 1608 4476 ῥήτωρ
1641 4405 1775 4470 ἐκεῖ,
1805 4404 1906 4456 οὐκ

2018 3263 2171 3326 urbe,
2205 3261 2314 3331 70
2359 3263 2532 3317 malus
2556 3265 2691 3319 ruri.
2728 3264 2874 3320 Mare
2904 3282 3033 3323 suos
3063 3271 3198 3327 lines
3230 3268 3497 3343 agnoscit,
3526 3287 3583 3332 et

2016 3368 2123 3407 uox
2166 3354 2420 3423 antiquos
2476 3353 2741 3409 terminos
2796 3370 2902 3411 non
2963 3363 3323 3417 transcendit.
3369 3364 3584 3423 Avarus

2015 3453 2193 3499 autem
2228 3455 2443 3515 tempus
2475 3433 2684 3499 nullum
2721 3457 3024 3516 reveretur,
3050 3467 3159 3505 non
3187 3457 3431 3520 agnoscit
3469 3466 3584 3511 ter-

2014 3540 2245 3605 minem,
2279 3554 2386 3594 non
2438 3541 2584 3596 cedit
2631 3541 2810 3596 ordini
2850 3545 3258 3612 successionis;
3296 3552 3389 3604 sed
3444 3553 3586 3621 ignis

2015 3632 2326 3688 violentiam
2377 3632 2642 3700 imitatur,
2692 3636 2876 3691 omnia
2913 3638 3130 3708 arripit,
3184 3643 3368 3695 omnia
3414 3645 3582 3716 depa-

2017 3729 2213 3782 scitur.

2083 3843 2186 3899 Sed
2214 3844 2341 3914 quid
2371 3844 2585 3900 tandem
2611 3845 2738 3900 iiet?
2760 3846 2950 3904 Nonne
2981 3859 3091 3906 tres
3137 3855 3360 3910 omnino
3411 3857 3584 3913 cubiti

2014 3947 2066 3993 te
2099 3938 2362 3993 manent?
2414 3938 2603 3993 Nonne
2651 3953 2947 4009 paucorum
2999 3943 3235 4011 lapidum
3291 3949 3459 4005 moles
3513 3956 3582 4005 ad

2012 4032 2312 4088 custodiam
2351 4030 2565 4085 misera:
2596 4031 2749 4084 carni
2800 4031 3183 4090 suﬂiciet?Ad
3241 4039 3370 4107 quid
3421 4039 3584 4110 igitur

2009 4122 2268 4177 laboras?
2306 4122 2574 4189 Quorsum
2628 4123 2852 4193 iniquus
2909 4140 3030 4181 esse
3089 4130 3321 4200 pergis?
3370 4131 3582 4199 Quibus

2010 4216 2189 4271 verbis
2219 4213 2473 4270 defendes
2507 4222 2580 4281 te,
2616 4230 2738 4270 cum
2774 4217 2949 4273 aﬂ'ecti
2978 4221 3075 4276 abs
3108 4230 3159 4276 te
3183 4223 3382 4292 injuria
3422 4226 3584 4280 undi-

2010 4324 2117 4377 que
2164 4309 2587 4362 circnmstantes
2615 4309 2715 4363 sub
2746 4313 3023 4364 communi
3073 4313 3259 4381 judice
3301 4325 3494 4372 contra
3529 4327 3581 4373 te

2012 4401 2366 4456 clamavetint
2387 4400 2410 4452 ?
2435 4398 2716 4464 Quomodo
2747 4401 3102 4471 persuadebis
3124 4404 3319 4474 judici,
3355 4408 3445 4475 qui
3471 4406 3582 4465 falli

333 4502 449 4554 ἔστι
477 4502 772 4570 πιθανότης
797 4501 1081 4571 ῥημάτων,
1110 4498 1306 4569 κλέψαι
1339 4497 1612 4567 δυναμένη
1644 4494 1739 4551 τοῦ
1759 4495 1910 4550 δικαο

2013 4512 2119 4551 ιιοιι
2155 4495 2592 4564 potest?anlus
2628 4498 2738 4551 illic
2761 4506 2950 4552 orator
3007 4509 3112 4565 est,
3180 4502 3329 4556 nulla
3386 4505 3582 4559 verbo-

264 4628 269 4635 ι
336 4592 462 4646 ato-3
490 4595 587 4664 τὴν
616 4594 894 4663 ἀλήθειαν.

415 4798 592 4869 Ἀνδρὶ
629 4798 944 4869 ἐπιθυμητῇ
983 4797 1283 4868 χρημάτων
1343 4796 1442 4851 ούκ
1482 4796 1767 4864 ἐγγίνεται
1815 4796 1905 4850 κό-

333 4908 446 4959 ρος.

414 4985 473 5034 '0
504 4984 605 5054 μέν
636 5000 700 5051 γε
759 4983 930 5051 πένης
982 4983 1088 5038 κᾶν
1127 4982 1313 5043 δοῦλος
1356 4977 1412 5054 ᾖ,
1459 4981 1553 5034 καὶ
1596 4979 1672 5051 μὴ
1733 4981 1909 5050 ὑπεμ-

332 5073 544 5142 πλήσας
567 5074 665 5144 τὴν
699 5075 894 5127 ἑαυτοῦ
921 5074 1183 5143 γαστέρα,
1210 5073 1521 5144 προσηνοῦς
1551 5074 1909 5144 μεταλαμϐά-

331 5181 412 5216 νει
442 5165 537 5234 τῆς
575 5165 665 5227 διρι
697 5165 786 5218 τοῦ
822 5164 993 5217 ὕπνου
1040 5165 1280 5227 ἀνέσεως
1303 5180 1319 5197 ·
1355 5165 1587 5218 πλούτου
1628 5164 1687 5217 δὲ
1717 5165 1909 5218 ἐπιθυ-

327 5254 433 5325 ’μία
467 5256 681 5309 σύνεσιν
712 5257 1046 5326 ἀγρυπνίαις
1086 5257 1180 5309 καὶ
1209 5256 1476 5326 καμάτοις
1501 5257 1710 5329 τρύχει.

406 5350 625 5422 Χρυσοῦ
664 5350 894 5421 δεύτερα
929 5349 1106 5401 πάντα
1131 5348 1359 5412 ἀδίκοις.

415 5448 475 5495 'U
511 5444 584 5516 μὴ
605 5442 859 5508 δεόμενος
888 5440 998 5492 τῶν
1027 5439 1347 5504 ἀλλοτρίων,
1373 5440 1490 5495 ἀλλ’
1518 5442 1577 5493 ἐν
1603 5442 1907 5514 αὐταρκείᾳ

331 5533 573 5605 νομίζων
600 5528 763 5595 εἶναι,
807 5530 1027 5583 πάντων
1051 5530 1201 5580 ἐστὶν
1242 5529 1646 5596 εὐπορώτατος.

406 5630 633 5697 Ἀρκτοι
668 5622 766 5695 μὲν
793 5624 888 5675 καὶ
921 5620 1075 5674 λύκοι
1099 5620 1320 5673 ἐπειδὰν
1358 5620 1565 5674 λάϐωσι
1597 5622 1776 5693 κόρον,
1810 5623 1907 5692 τῆς

335 5719 592 5790 ἁρπαγῆς
642 5717 1006 5785 ἀφίστανταιο
1041 5713 1092 5767 οἱ
1138 5712 1194 5766 δὲ
1237 5712 1563 5768 πλεονέκται
1609 5716 1771 5785 κόρον
1807 5716 1906 5768 οὐκ

335 5814 571 5872 ἕγουσιν.

2016 4600 2134 4638 rum
2190 4585 2543 4653 probabilitas
2581 4602 2703 4656 quae
2736 4589 3014 4643 veritatem
3040 4589 3209 4659 judici
3248 4594 3583 4652 abscondere

2015 4677 2185 4729 valeat
2200 4716 2216 4731 .

2084 4788 2352 4861 Theologi.
2389 4792 2605 4847 Homini
2650 4795 2892 4865 pecuniae
2934 4797 3132 4866 cupido
3176 4798 3321 4853 nulla
3357 4801 3580 4857 satietas

2012 4881 2346 4935 innascitur.

2081 4972 2290 5041 Pauper
2317 4973 2561 5044 quidem,
2604 4976 2728 5032 licet
2776 4993 2967 5034 servus
2988 4987 3043 5034 et
3074 4987 3263 5034 ventre
3296 4996 3403 5034 non
3435 4991 3584 5035 satu-

2010 5080 2093 5131 ro,
2137 5068 2331 5121 blanda
2370 5084 2463 5137 per
2494 5086 2748 5124 somnum
2797 5072 2982 5140 quiete
3040 5071 3279 5127 fruitur:
3314 5075 3582 5143 cupiditas

2008 5169 2190 5212 autem
2256 5160 2565 5214 divitiarum
2644 5173 2876 5218 mentem
2932 5165 3131 5234 vigiliis
3199 5176 3252 5219 et
3304 5165 3582 5222 laboribus

2009 5252 2213 5305 cruciat
2251 5289 2267 5305 .

2078 5343 2269 5415 lnjnsﬁ
2300 5346 2432 5401 nihil
2462 5362 2567 5401 non
2606 5363 2738 5404 auro
2765 5362 3119 5421 postponunt.

2081 5437 2352 5508 Chrysost.
2384 5439 2487 5505 Qui
2546 5456 2654 5495 non
2712 5442 2918 5513 indiget
2948 5444 3161 5514 alienis,
3205 5447 3299 5502 sed
3347 5462 3445 5503 sua
3479 5449 3582 5505 sibi

2010 5528 2257 5584 sullicere
2293 5531 2589 5597 existimat,
2610 5533 2853 5589 omnium
2878 5547 2958 5592 est
2975 5537 3300 5593 ditissimus.

2081 5620 2200 5677 Ursi
2243 5632 2296 5677 et
2328 5625 2436 5694 lupi
2472 5629 2701 5684 saturati
2729 5629 2979 5700 rapinam
3021 5630 3372 5704 relinquunt;
3399 5632 3579 5688 arari:

2008 5720 2188 5769 autem
2224 5716 2373 5771 nulla
2400 5719 2640 5777 satietas.

3290 5910 3356 5917 ηιμ.
