4038 6454
482 351 594 417 89Ἰ

478 567 827 626 prapotens:
860 569 1085 623 rapaces
1109 554 1272 606 vitam
1297 552 1582 607 hominum
1613 552 1969 621 perturbant,
2006 559 2062 606 et

480 648 648 716 hujus
673 646 891 717 quidem
921 645 1121 715 rapinzc
1146 654 1296 705 sunt,
1320 643 1530 699 deliciae
1564 655 1745 698 autem
1776 643 2009 697 aliorum
2042 659 2057 696 :

478 738 534 791 in
568 737 745 805 ipsum
771 734 1259 798 caditexsecratiu,
1285 735 1472 789 l‘ruitio
1502 736 1560 789 in
1585 736 1759 789 alios:
1798 735 2062 789 adversus

481 828 657 895 ipsum
692 825 930 880 eduntur
947 825 1208 893 suspiria,
1249 824 1580 879 abundantia
1606 825 1875 893 contingit
1897 825 2060 879 aliis:

474 917 736 971 adversus
774 918 950 985 ipsum
986 915 1288 971 funduntur
1325 915 1580 985 lacrymaz
1651 915 1718 967 ab
1752 915 1870 968 aliis
1906 930 2069 969 usur-

477 1018 675 1078 pantur
716 1008 997 1077 pecuuim:
1035 1009 1153 1075 ipse
1181 1007 1324 1075 apud
1357 1007 1561 1061 inferos
1587 1007 1831 1075 punitur,
1885 1013 1941 1059 et
1969 1005 2061 1059 alii

468 1116 848 1168 szepenumcro
870 1100 922 1153 iu
942 1099 1111 1166 ipsius
1130 1100 1335 1155 divitiis
1353 1100 1737 1168 voluptuantes
1758 1097 2061 1152 cantillant.

547 1202 861 1266 Plcouexia,
905 1201 956 1254 id
993 1210 1078 1255 est
1127 1201 1381 1262 avaritia,
1418 1208 1504 1254 est
1564 1214 1689 1254 cum
1742 1198 1864 1268 plus
1900 1196 2062 1251 habet

469 1294 671 1363 aliquis
725 1309 885 1363 quam
920 1294 985 1347 ad
1036 1308 1157 1348 cum
1224 1293 1508 1361 pertineat.

537 1388 778 1440 Avaritia
807 1400 888 1440 est
914 1385 1246 1449 idololatria,
1268 1386 1379 1436 imo
1411 1384 1649 1439 deterior
1669 1399 1756 1441 ea.
1776 1381 2057 1450 Siquidem

478 1480 780 1533 idololatrze
818 1478 912 1531 Dei
947 1487 1231 1531 creaturas
1264 1477 1525 1538 adorant,
1562 1486 1617 1531 et
1664 1477 1901 1529 venerati
1939 1481 2066 1529 sunt

474 1570 703 1642 (inquit)
741 1583 797 1626 et
836 1570 1122 1624 coluerunt
1145 1581 1452 1623 creaturam
1486 1578 1679 1637 praeter
1723 1567 2063 1623 Creatorem.

477 1666 556 1720 'l‘u
589 1680 713 1718 vero
743 1675 893 1718 tuum
927 1664 1095 1732 ipsius
1121 1678 1255 1733 Opus
1288 1663 1503 1717 adoras.
1541 1663 1681 1716 Deus
1712 1661 1853 1714 enim
1886 1660 2066 1713 arari-

479 1756 607 1809 tiam
633 1769 740 1807 non
802 1757 1028 1821 creavit,
1051 1757 1145 1810 sed
1194 1753 1522 1809 insatiabilis
1560 1762 1614 1807 et
1662 1751 1953 1806 immodica
1979 1759 2068 1805 tua

474 1852 743 1922 cupiditas
760 1865 878 1904 eam
901 1849 1250 1918 excogitavit.

552 2029 611 2084 Si
643 2029 767 2095 quis
800 2027 867 2081 de
899 2027 1017 2082 suis
1063 2041 1169 2080 non
1199 2025 1449 2095 largitur,
1477 2025 1546 2080 ab
1576 2023 1672 2078 illo
1717 2023 2068 2079 accusabitur

479 2123 534 2177 in
565 2124 655 2177 die
680 2121 903 2191 judicii,
940 2119 1098 2189 cujus
1135 2134 1244 2174 non
1295 2128 1379 2172 est
1442 2122 1740 2173 misertus:
1786 2115 2064 2186 quomodo

478 2215 558 2270 illi
585 2214 743 2267 venia
771 2214 989 2268 dabitur
1013 2211 1105 2282 qui
1133 2210 1314 2281 rapuit
1341 2210 1539 2275 aliena,
1567 2210 1808 2279 undique
1835 2210 2069 2264 circum-

470 2306 750 2390 |stantibus
781 2319 905 2359 eum
935 2304 1042 2358 illis
1074 2318 1213 2372 quos
1247 2302 1427 2355 ail‘ecit
1461 2301 1702 2371 injuria?
1751 2299 1866 2353 Non
1922 2298 2067 2353 enim

482 2396 598 2451 illic
635 2395 886 2460 teStibus,
951 2408 1060 2446 non
1103 2390 1541 2455 accusatoribus,
1577 2405 1686 2444 non
1726 2390 2065 2460 argumentis

488 2491 641 2543 locus
676 2498 781 2552 est,
831 2488 924 2542 sed
958 2487 1086 2556 ipstt'
1118 2500 1207 2539 res
1256 2500 1349 2553 per
1380 2498 1460 2546 se,
1492 2483 1683 2551 quales
1713 2497 1743 2536 a
1789 2482 1947 2536 nobis
1978 2496 2070 2551 ge-

485 2588 583 2633 stze
617 2587 766 2641 sunt,
791 2594 975 2634 coram
1010 2578 1183 2632 oculis
1213 2577 1411 2631 nostris
1441 2584 1721 2646 apparent.
1755 2574 1897 2628 Ei-ce
1922 2573 2067 2629 enim

480 2670 714 2743 (inquit)
744 2671 908 2725 homo
930 2680 984 2724 et
1006 2684 1171 2739 opera
1190 2667 1329 2736 ejus.
1360 2667 1575 2722 Etenim
1619 2667 1720 2722 hoc
1747 2681 1965 2736 quoque
1983 2680 2068 2718 ra—

484 2765 611 2833 pina
636 2773 740 2826 est,
764 2773 817 2817 et
838 2764 940 2833 71
968 2764 1219 2824 avaritia,
1252 2772 1305 2815 et
1337 2761 1609 2829 spoliatio,
1644 2775 1741 2814 sua
1773 2775 1881 2814 non
1915 2775 2068 2814 com-

486 2855 784 2912 municare.
819 2854 955 2909 Nam
1002 2854 1143 2907 Deus
1179 2852 1400 2910 ludat-os
1431 2867 1696 2908 accusans
1720 2868 1817 2922 per
1837 2852 2068 2922 prophe-

487 2961 622 3013 tam,
659 2947 837 3018 inquit
872 2965 886 3003 :
929 2966 947 2999 ι
988 2945 1225 3002 Protulit
1261 2958 1401 3002 terra
1440 2944 1652 3002 fructus
1684 2961 1838 3012 suos,
1865 2955 1923 3001 et
1955 2961 2062 3002 non

490 3040 737 3096 solvistis
789 3039 1058 3102 decimas,
1114 3041 1377 3110 rapuistis
1425 3041 1567 3095 bona
1620 3042 1899 3110 pauperis.
1940 3060 1960 3095 ›
2001 3041 2068 3097 Et

1762 345 2083 407 ΑΝΤΟἪῘ
2114 347 2164 406 Μ
2184 348 2462 407 ΕΗςΞΕ

556 461 957 533 lnrxplebilitas
988 462 1287 516 admodum
1354 459 1589 514 violenta
1624 467 1726 518 est.
1753 468 1806 513 et
1836 460 2063 512 avaritia
2095 467 2143 523 Α

3638 359 3767 422 900

2251 464 2314 514 Ἡ
2351 463 2629 534 ἀπληστία
2676 464 2951 531 τυραννεῖ,
2985 464 3018 533 ή
3055 463 3339 531 πλεονεξία
3389 467 3712 524 δυναστεύει
3741 489 3763 511 ο

2173 555 2223 606 οἱ
2256 553 2506 623 ἅρπαγες
2554 556 2647 608 τὸν
2679 554 2794 624 βίον
2837 557 3169 626 ταράσσουσι
3195 596 3212 624 ,
3258 561 3355 612 καὶ
3389 556 3548 625 αὖθις
3582 564 3765 619 αὐτοῦ

2174 648 2231 700 αἱ
2263 648 2537 716 ἁρπαγαὶ,
2570 649 2664 702 καὶ
2686 649 2864 704 ἄλλων
2895 650 2952 701 αἱ
2979 650 3179 718 ἡδοναί
3214 651 3380 704 αὐτοῦ
3400 652 3457 704 αἱ
3488 655 3764 724 κατάραι,

2176 742 2269 793 καὶ
2300 740 2474 793 ἄλλων
2499 740 2557 793 αί
2589 740 2913 811 θεραπεῖαι·
2952 743 3074 794 κατ’
3119 741 3286 793 αὑτοῦ
3320 744 3368 796 oi
3421 747 3761 814 στεναγμοὶ,

2176 831 2272 885 καὶ
2306 831 2433 898 παρ’
2464 832 2673 900 ἑτέροις
2718 831 2770 882 oi
2800 829 3133 899 πλεονασμοί
3153 847 3168 862 ·
3200 833 3324 885 κατ’
3351 832 3514 887 αὑτοῦ
3550 837 3617 890 τά
3662 837 3768 892 δά-

2177 941 2341 993 κρυα.
2379 922 2473 976 καὶ
2508 922 2639 991 παρ’
2662 923 2869 993 ἑτέροις
2899 923 2968 976 τά
3000 925 3258 993 χρήματα
3282 940 3296 955 ⁸
3328 926 3490 989 αὐτὸς
3535 929 3592 980 ὲν
3621 928 3721 1001 ᾄδει

2177 1015 2493 1080 κολάζεται,
2547 1016 2644 1069 καὶ
2682 1015 2832 1069 ἄλλοι
2863 1015 3126 1079 πολλάκις
3162 1016 3222 1069 ὲν
3272 1020 3383 1082 τοῖς
3416 1020 3583 1073 αὐτοῦ
3624 1039 3711 1092 τρ

2179 1110 2387 1177 φῶντες
2415 1108 2733 1178 ψάλλουσιν.

2247 1202 2539 1268 Πλεονεξία
2573 1204 2692 1255 ἐστὶ
2720 1201 2781 1255 τὸ
2826 1201 2990 1255 πλέον
3014 1201 3159 1273 ἔχειν
3181 1202 3279 1256 τοῦ
3308 1202 3645 1276 ὡρισμένου.

2259 1385 2324 1438 Ἦ
2351 1385 2636 1449 πλεονεξία
2687 1383 3100 1455 εἰδωλολατρεία
3135 1384 3303 1448 ἐστὶν,
3339 1384 3472 1437 ἀλλὰ
3508 1388 3603 1438 καὶ
3646 1403 3753 1455 χα-

2174 1476 2464 1547 λεπωτέρα
2495 1476 2961 1548 είδωλολατρείας.
2992 1477 3057 1529 Οἱ
3096 1476 3203 1545 γὰρ
3228 1476 3613 1544 εἰδωλολάτραι
3641 1480 3765 1540 τοτς

2177 1568 2271 1621 τοῦ
2305 1568 2440 1621 Θεοῦ
2472 1568 2737 1635 κτίσμασι
2786 1567 3193 1637 προσκυνοῦσι·
3242 1569 3338 1619 καὶ
3373 1568 3761 1637 ἐσεϐάσθησαν

2179 1661 2359 1731 (φησὶ)
2390 1663 2485 1715 κα)⁸
2506 1663 2837 1732 ἐλάτρευσαν
2863 1664 2928 1732 τῇ
2952 1663 3130 1715 κτίσει
3157 1658 3312 1731 παρά
3338 1660 3432 1714 τὸν
3459 1660 3754 1717 κτίσαντα.

2177 1751 2249 1802 Σὺ
2281 1752 2337 1804 δὲ
2362 1752 2439 1821 τῷ
2481 1751 2743 1821 κτίσματι
2790 1752 2866 1820 τῷ
2902 1750 3107 1807 σαυτοῦ
3155 1753 3504 1820 προσκυνεῖς.
3552 1752 3610 1804 '0
3641 1752 3756 1821 γὰρ

2172 1842 2304 1905 Θεὸς
2330 1843 2642 1909 πλεονεξίαν
2665 1845 2767 1897 οὐκ
2800 1843 3258 1915 ἐδημιούργησεν,
3292 1842 3408 1899 ἀλλ’
3432 1845 3466 1915 ή
3516 1845 3616 1913 τῆς
3649 1846 3757 1909 σῆς

2175 1934 2486 2003 ἀπληστίας
2522 1935 2818 2005 ἐπεξεῦρεν
2851 1938 3112 2008 ἀμετρία.

2246 2027 2308 2080 Εί
2336 2029 2365 2079 ὁ
2396 2027 2503 2080 τῶν
2539 2028 2734 2082 ἑαυτοῦ
2776 2028 2853 2099 μὴ
2899 2030 3219 2099 μεταδιδοὺς
3287 2031 3600 2099 κατήγορον
3632 2029 3756 2100 ἔχει

2174 2119 2266 2173 τὸν
2296 2119 2396 2174 οὐκ
2423 2120 2715 2189 ὲλεηθέντα
2750 2123 2808 2175 ὲν
2854 2124 2918 2193 τῇ
2953 2123 3052 2192 τῆς
3087 2124 3325 2193 κρίσεως
3358 2124 3572 2195 ήμιίρᾳο
3596 2127 3625 2179 ὁ
3661 2127 3758 2178 καὶ

2180 2212 2247 2265 τὰ
2286 2212 2546 2282 ἀλλότρια
2580 2213 2838 2282 ἀρπάσας
2884 2215 3045 2278 ποίας
3092 2214 3343 2280 τεύξεται
3392 2215 3753 2287 συγγνώμης,

2179 2302 2515 2372 πανταχόθεν
2545 2303 2691 2372 αὖτῷ
2732 2305 3170 2374 περιεστηκότων
3213 2306 3322 2359 τῶν
3358 2307 3753 2378 ἡδικημένωνς

2171 2392 2250 2449 Οὐ
2279 2394 2389 2465 γὰρ
2414 2394 2708 2465 μαρτύρων
2735 2397 2854 2449 ἐκεῖ
2877 2397 3057 2467 χρεία,
3090 2396 3212 2450 οὐδὲ
3244 2399 3591 2470 κατηγόρων,
3626 2400 3754 2451 οὐδὲ

2170 2486 2534 2551 ἀποδείξεωνο
2575 2488 2692 2542 ἀλλ’
2743 2487 2882 2542 αὐτὰ
2931 2488 3058 2541 καθ’
3104 2487 3276 2541 ἑαυτὰ
3320 2489 3388 2542 τά
3421 2490 3752 2557 πράγματα,

2175 2574 2374 2651 οἷάπερ
2409 2583 2551 2634 αὑτά
2602 2582 3115 2649 κατεσκευάσαμεν,
3153 2583 3260 2653 πρὸ
3300 2581 3410 2635 τῶν
3451 2582 3754 2653 ὀφθαλμῶν

2170 2672 2421 2739 φαίνεται
2462 2671 2572 2725 τῶν
2609 2674 2914 2744 ἡμετέρων.
2986 2675 3118 2729 Ἰδοὺ
3147 2675 3278 2743 γὰρ,
3321 2676 3504 2745 φησὶν,
3539 2675 3752 2745 ἀνορω-

2172 2777 2274 2823 πος
2313 2762 2406 2815 καὶ
2426 2762 2493 2815 τά
2520 2762 2657 2832 ἔργα
2684 2756 2875 2819 αὐτοῦ.
2912 2766 3021 2819 Καὶ
3043 2766 3153 2835 γὰρ
3186 2766 3279 2819 καὶ
3305 2765 3465 2820 τοῦτο
3495 2767 3751 2836 ἁρπαγὴ,

2170 2853 2231 2906 τδ
2257 2852 2331 2922 μὴ
2362 2854 2700 2923 μεταδιδόναι
2725 2856 2835 2910 τῶν
2864 2857 3056 2923 ὄντων,
3081 2857 3175 2909 καὶ
3197 2857 3480 2922 πλεονεξία
3500 2859 3598 2911 καὶ
3621 2858 3757 2911 ἀπο-

2173 2943 2450 3013 στέρησις·
2482 2947 2593 3008 τοῖς
2640 2947 2747 3016 γάρ
2783 2946 3063 3009 Ἰουδαίοις
3112 2948 3364 3017 ἐγκαλῶν
3406 2951 3435 3002 ὁ
3466 2948 3623 3012 Θεὸς,
3664 2948 3755 3002 διὰ

2170 3033 2265 3087 τοῦ
2306 3040 2585 3104 προφήτου
2622 3020 2788 3106 φησίν
2813 3053 2828 3068 ο
2876 3056 2896 3089 ι
2956 3037 3285 3108 Ἐξήνεγκεν
3311 3039 3344 3109 ή
3374 3039 3445 3107 γῆ
3478 3039 3547 3093 τὰ
3587 3040 3752 3106 ἐκφόο

481 3150 674 3192 rursus
714 3134 841 3190 alibi
876 3134 1075 3202 inquit,
1109 3152 1127 3185 ι
1156 3133 1235 3190 Ne
1282 3135 1414 3205 quid
1455 3134 1656 3207 eripias
1677 3136 1745 3191 de
1770 3136 1914 3192 victu
1937 3151 2066 3209 pau-

2178 3141 2268 3195 ρια
2301 3127 2488 3198 αὐτῆς,
2531 3129 2625 3181 καὶ
2661 3129 2761 3183 οὐκ
2790 3129 3145 3198 είσηνέγκατε
3181 3132 3249 3184 τὰ
3278 3131 3577 3185 ὲπιδέκατα
3604 3147 3620 3162 ·
3652 3133 3751 3202 ήρ-

483 3229 652 3299 peris.
679 3245 702 3280 ι

560 3408 855 3464 Plutarchi.
883 3410 988 3476 Qui
1016 3426 1084 3465 ex
1113 3409 1365 3482 turpibus
1400 3407 1665 3464 lucrisad
1694 3408 1919 3463 honesta
1942 3409 2063 3463 olli-

480 3503 567 3558 cia
597 3514 877 3573 sumptum
904 3504 1129 3570 iaciunt,
1164 3504 1344 3560 simile
1371 3502 1500 3573 quid
1534 3501 1745 3557 faciunt
1805 3502 1916 3559 illis
1968 3504 2063 3575 qui

483 3610 548 3649 cx
573 3596 862 3664 sacrilegio
898 3593 1067 3649 Deum
1106 3597 1323 3666 placare
1357 3595 1565 3650 volunt.

555 3686 865 3742 Democriti.
920 3688 1131 3742 Divitiae
1162 3689 1306 3744 malo
1369 3688 1611 3745 facinore
1656 3697 1823 3758 parta:
1870 3686 2062 3759 majori

483 3777 754 3833 dedecore
782 3789 1067 3834 notantur.

558 3871 676 3925 Non
708 3872 900 3926 inutile
938 3870 1157 3941 quidem
1210 3881 1294 3928 est
1322 3873 1579 3943 pecunias
1608 3872 1911 3944 acquirere,
1968 3889 2065 3946 per

481 3963 806 4030 lnjustitiam
833 3972 1037 4025 autem,
1068 3962 1228 4033 longe
1257 3965 1577 4033 pessimum.

552 4054 816 4109 Socratis.
877 4054 1131 4109 Socrates
1185 4071 1379 4111 avaros
1438 4057 1630 4111 avibus
1685 4058 2061 4127 comparabat,

482 4163 711 4215 quarum
749 4148 857 4203 alia
906 4147 1135 4217 deglutit
1169 4148 1432 4219 quidquid
1469 4149 1756 4215 invenerit,
1804 4162 1858 4205 et
1886 4165 2063 4220 quan-

477 4243 662 4309 doque
707 4240 1044 4296 suﬂocatur:
1102 4241 1220 4296 aliae
1273 4257 1400 4297 vero
1447 4253 1751 4313 sequuntur
1805 4255 1865 4298 ut
1917 4244 2061 4316 quod

482 4328 712 4387 liabetei
733 4341 1116 4404 extorqueant,
1156 4344 1210 4388 et
1239 4334 1371 4404 ipsae
1390 4350 1609 4406 quoque
1623 4336 1751 4391 aliae
1779 4349 1902 4407 post
1927 4338 2063 4391 alias

480 4425 846 4482 sull'ocantur.

2170 3218 2387 3273 πάσατε
2437 3221 2504 3273 τὰ
2547 3219 2643 3273 τοῦ
2685 3221 2938 3289 πένητος.
2988 3238 3007 3272 ι
3046 3221 3157 3274 Καὶ
3202 3221 3367 3275 πάλιν
3398 3223 3638 3292 ἀλλαχοῦ
3668 3223 3755 3275 λέ-

2167 3326 2275 3379 γει,
2316 3329 2335 3361 ι
2372 3310 2463 3383 Μή
2515 3311 2899 3385 ἀποστερήσῃς
2950 3310 3050 3381 τὴν
3098 3310 3246 3383 ζωὴν
3291 3312 3385 3366 τοῦ
3438 3314 3684 3382 πτωχοῦ.
3729 3332 3748 3365 ι

2239 3405 2301 3458 Oi
2332 3404 2440 3457 ἀπὸ
2477 3405 2584 3457 τῶν
2613 3406 2853 3474 αἰσχρῶν
2885 3403 3091 3470 κερδῶν
3120 3405 3201 3467 είς
3232 3404 3331 3469 τὰς
3358 3405 3531 3469 καλὰς
3563 3407 3755 3460 ἀναλ-

2170 3511 2392 3558 σκοντες
2427 3493 2774 3563 λειτουργίας
2806 3496 2992 3565 ὅμοιόν
3020 3513 3072 3549 τι
3104 3499 3320 3551 ποιοῦσι
3369 3500 3482 3562 τοῖς
3535 3500 3647 3553 ἀπὸ
3678 3501 3748 3554 ἱε-

2170 3586 2419 3655 ροσυλίας
2452 3587 2828 3644 οεοσεϐοῦσιν.

2238 3678 2472 3740 Πλοῦτος
2500 3681 2606 3732 ἀπὸ
2634 3681 2811 3749 κακῆς
2840 3681 3106 3750 ἐργασίαις
3132 3683 3517 3753 ἐπιγινόμενος
3548 3685 3750 3755 ἐπιφαι-

2166 3770 2419 3839 νέστερον
2444 3771 2646 3834 ὄνειδος
2676 3772 2962 3844 κέκτηται.

2235 3863 2509 3932 Χρήματα
2568 3864 2815 3934 πορίζειν
2843 3867 2943 3937 μὲν
2985 3867 3086 3922 οὐκ
3134 3868 3392 3939 ἀχρεῖονο
3437 3871 3496 3938 ἐξ
3527 3871 3746 3935 ἀδικίας

2162 3952 2220 4005 δὲ
2258 3954 2478 4007 πάντων
2513 3954 2727 4009 κάκιον.

2241 4048 2544 4118 Σωκράτης
2572 4048 2698 4110 τοὺς
2734 4048 2833 4117 μὲν
2865 4049 3195 4115 πλεονέκτας
3230 4052 3418 4119 εἴκαζε
3446 4057 3566 4120 ταῖς
3596 4057 3747 4129 ὅρνι-

2167 4155 2273 4203 σιν,
2304 4135 2380 4192 ὧν
2424 4140 2458 4209 ή
2496 4138 2595 4209 μὲν
2640 4142 2931 4193 καταπίνει
2962 4142 2992 4195 ὅ
3028 4159 3080 4195 τι
3115 4144 3184 4197 ἂν
3224 4146 3528 4219 προστύχῃ.
3565 4152 3660 4203 καὶ
3685 4150 3740 4203 έ-

2168 4249 2284 4286 στιν
2329 4235 2417 4287 ὅτε
2474 4234 2759 4302 πνίγεται*
2814 4237 2867 4288 αί
2909 4238 2955 4289 δ’
3001 4237 3160 4292 ἄλλαι
3198 4243 3737 4314 περιακολουθοῦσιν,

2165 4325 2383 4393 ἀφελεῖν
2421 4326 2553 4380 αὐτὸ
2590 4327 2941 4403 σπεύδουσαι,
2985 4330 3072 4383 ἶνα
3123 4332 3278 4403 παρά
3327 4333 3496 4405 μέρος
3532 4337 3741 4406 πνιγῶ-

2167 4432 2273 4469 σιν.

557 4518 823 4589 Diogenis.
859 4518 1128 4591 Diogenes
1158 4521 1532 4594 interrogatus
1579 4536 1828 4592 quamam
1870 4529 2054 4577 essent

2238 4512 2495 4582 Διογένης
2525 4512 2822 4583 ἐρωτηθεὶς
2863 4516 2991 4568 ποῖα
3024 4516 3111 4585 εἴη
3147 4514 3311 4587 θηρία
3358 4519 3735 4592 χαλεπώτερα,

478 4610 612 4666 fera!
638 4612 911 4681 pessimae,
943 4613 1117 4668 dixit:
1162 4612 1219 4667 ln
1249 4616 1528 4669 montibus
1550 4614 1662 4669 ursi
1689 4623 1740 4668 et
1773 4613 1979 4678 leones,
2009 4613 2062 4667 in

477 4704 794 4759 civitatibus
831 4712 1013 4758 autem
1047 4704 1323 4772 publicani
1364 4715 1419 4759 et
1448 4706 1820 4775 sycoplianttc.

551 4794 893 4862 Autiphauis.
926 4794 1092 4851 Canis
1142 4796 1210 4851 de
1238 4796 1499 4851 carnibus
1540 4796 1766 4851 edendis
1814 4795 2063 4864 cogitans

478 4901 590 4945 non
628 4887 862 4957 amplius
890 4903 1105 4958 gregem
1141 4889 1417 4943 custodire
1452 4897 1651 4958 potest.

533 4977 668 5031 Mala
696 4977 846 5031 lucra
877 4977 1069 5032 breves
1089 4978 1305 5048 quidem
1326 4978 1652 5047 voluptates,
1678 4978 1908 5035 tristitia:
1930 4993 2061 5035 vero

478 5069 656 5138 longa:
688 5080 1018 5137 sequuntur.

552 5157 766 5215 Platon.
784 5157 1081 5230 Paupertas
1110 5159 1477 5224 existimetur,
1504 5175 1611 5215 non
1639 5160 1949 5217 imminutio
1975 5176 2061 5216 re-

477 5268 624 5319 rum,
657 5254 747 5308 sed
782 5255 1225 5324 inexplebilitatis
1257 5256 1533 5309 adauctio.
1965 5246 1969 5249 ⁷

551 5344 700 5398 Isocr
725 5384 741 5400 .
765 5346 986 5400 Nullum
1028 5329 1215 5417 inique
1256 5349 1558 5402 lucrantem
1593 5348 1866 5402 aemulcris
1906 5366 1919 5402 :
1953 5347 2049 5402 sed

478 5439 653 5508 magis
709 5440 1004 5506 approbato
1042 5442 1287 5494 viventes
1312 5455 1433 5495 cum
1462 5440 1697 5509 jusmia.

546 5611 677 5666 Nam
696 5613 787 5682 qui
818 5629 1008 5685 magna
1028 5614 1270 5684 rapiunt,
1293 5631 1359 5668 au
1380 5631 1543 5684 parva
1572 5632 1603 5685 q
1620 5630 1794 5685 :zoque
1819 5615 2054 5684 rapiant,

2167 4596 2321 4653 εἶπεν
2344 4617 2359 4632 ο
2395 4602 2482 4655 Ἑν
2514 4605 2613 4670 μὲν
2636 4607 2749 4668 τοῖς
2779 4605 2963 4675 ὄρεσιν
2994 4606 3186 4677 ἀρκτοι
3212 4609 3306 4661 καὶ
3335 4609 3568 4676 λέοντες,
3603 4616 3662 4668 ὲν
3680 4614 3737 4667 δὲ

2162 4694 2281 4755 ταῖς
2322 4694 2511 4748 πόλεσι
2536 4696 2764 4751 τελῶναι
2792 4698 2887 4751 καὶ
2917 4699 3273 4767 συκοφάνται.

2236 4786 2418 4855 Κύων,
2446 4789 2750 4858 μελετήσας
2771 4792 2990 4861 σαρκῶν
3020 4792 3412 4863 ἀπογεύεσθαι,
3438 4800 3734 4867 φυλάττειν

2161 4879 2264 4932 οὐκ
2292 4878 2374 4933 ἔτι
2414 4880 2637 4934 δύναται
2668 4883 2767 4952 τὴν
2798 4883 3023 4952 ἀγέλην.

2234 4971 2315 5023 Τὰ
2347 4974 2561 5042 πονηρὰ
2614 4973 2779 5044 κέρδη
2830 4977 2927 5037 τὰς
2962 4975 3062 5045 μὲν
3107 4977 3304 5047 ἡδονὰς
3346 4979 3460 5050 ἔχει
3501 4985 3728 5055 μικρὰς,

2163 5063 2262 5127 τάς
2290 5063 2345 5117 δὲ
2374 5063 2551 5126 λύπας
2574 5066 2812 5135 μακράς.

2238 5156 2436 5208 Πενίαν
2493 5157 2724 5225 ἡγητέον
2764 5155 2904 5211 εἶναι
2943 5160 3019 5229 μή
3054 5161 3116 5213 τὸ
3164 5162 3264 5232 τὴν
3293 5164 3483 5218 οὐσίαν
3529 5167 3730 5223 ἐλάττω

2161 5250 2357 5313 ποιεῖν,
2388 5247 2526 5305 ἀλλὰ
2554 5248 2650 5318 τὴν
2680 5250 2985 5320 ἀπληστίαν
3008 5253 3197 5307 πλείω.

2230 5340 2451 5410 Μηδένα
2503 5339 2668 5410 ζήλου
2719 5341 2829 5396 τῶν
2884 5343 2944 5408 ἐξ
3017 5345 3232 5411 ἀδικίας
3297 5348 3726 5420 κερδαινόντωντ

2159 5428 2297 5483 ἀλλά
2339 5430 2540 5501 μᾶλλον
2583 5432 2852 5504 ἀποδέχου
2881 5438 3008 5500 τοὺς
3048 5438 3188 5507 μετὰ
3215 5439 3562 5513 δικαιοσύνης
3592 5443 3731 5508 ζῶν-

2155 5538 2274 5585 τας.

2235 5614 2298 5666 Οί
2331 5615 2430 5684 μὲν
2460 5615 2567 5683 γάρ
2598 5616 2666 5671 τὰ
2697 5618 2909 5687 μεγάλα
2947 5619 3286 5689 ἁρπάζοντες
3325 5623 3523 5693 ἄδηλον
3554 5627 3606 5681 εί
3635 5624 3727 5680 καὶ

478 5701 747 5760 incertum
769 5714 851 5761 est
879 5722 895 5771 ;
927 5705 1019 5774 qui
1057 5722 1182 5759 vero
1221 5707 1400 5774 parvis
1454 5722 1561 5761 non
1619 5708 1917 5772 abstinent,
1974 5706 2052 5759 illi

2174 5704 2223 5756 τὰ
2253 5707 2425 5774 μικρὰ
2446 5706 2789 5776 ἁρπάζουσιν
2811 5724 2824 5739 ο
2855 5711 2906 5762 oi.
2937 5709 2993 5762 δὲ
3024 5711 3133 5762 τῶν
3166 5712 3378 5780 μικρῶν
3421 5715 3499 5785 μὴ
3528 5715 3728 5785 ἀπεχό-

479 5796 741 5854 nimirum
800 5815 866 5855 ne
903 5814 933 5854 a
972 5798 1182 5863 magnis
1220 5798 1439 5863 quidem
1500 5799 1605 5854 sibi
1641 5800 2049 5866 temperabunt.

2157 5812 2311 5865 μενοι
2349 5797 2507 5866 δῆλον
2533 5798 2613 5851 ὅτι
2638 5800 2754 5851 οὐδὲ
2786 5801 2897 5855 τῶν
2943 5801 3197 5868 μεγάλων
3232 5803 3546 5869 ἀφέξονται.
