4038 6396
272 323 373 387 931

874 444 1095 498 ΑοΓοΣ
1123 445 1267 514 aqu

791 555 934 626 Περὶ
957 559 1339 627 αὐταρκείας.

349 714 516 771 Εἶπεν
544 717 573 769 ὁ
602 713 845 786 Κύριος·
884 715 977 784 Μὴ
1014 717 1397 788 μεριμνήπησε
1427 721 1492 789 τῇ
1521 720 1669 790 ψυχῇ
1701 722 1859 791 ὑμῶν

277 810 333 862 τί
367 809 602 876 φάγητε,
633 807 772 876 μηδὲ
801 806 879 876 τῷ
904 805 1121 878 σώματι
1155 807 1314 880 ὑμῶν
1347 810 1400 863 τί
1428 811 1749 883 ἐνδύσησθε.

354 990 515 1044 Ἔστι
538 991 595 1046 δὲ
630 992 903 1063 πορισμὸς
937 993 1114 1063 μέγας
1138 994 1172 1064 ἡ
1200 994 1455 1053 εὐσέϐεια
1495 999 1635 1068 μετὰ
1660 1000 1865 1070 αὐταρ-

285 1086 460 1148 κείςις⁸
488 1085 640 1138 οὐδὲν
662 1087 773 1156 γὰρ
822 1087 1229 1158 εἰσηνέγκαμεν
1277 1092 1360 1154 είς
1390 1092 1483 1146 τὸν
1515 1097 1737 1163 κόσμον,
1765 1095 1866 1164 δῆ-

282 1176 373 1228 λον
408 1176 492 1229 ὅτι
519 1176 642 1230 οὐδὲ
678 1177 985 1244 ἐξενεγκεῖν
1034 1196 1087 1232 τι
1141 1179 1445 1250 δυνάμεθα.
1492 1185 1756 1253 Ἔχοντες
1809 1187 1866 1240 δὲ

288 1268 588 1336 διατροφὰς
617 1272 711 1323 καὶ
731 1270 1128 1341 σκεπάσματα,
1147 1271 1359 1338 τούτοις
1381 1275 1864 1349 ἀρκεσθησόμεθα.

365 1453 635 1522 Κρεῖσσον
669 1453 844 1525 μικρά
878 1457 1039 1525 μερὶς
1072 1458 1212 1527 μετᾶ
1266 1458 1433 1528 φόόου
1468 1462 1676 1532 Κυρίου
1704 1462 1737 1534 ἦ
1771 1480 1870 1533 με-

294 1546 451 1614 γάλοι
489 1546 758 1617 Θησαυροὶ
791 1548 933 1616 μετὰ
956 1550 1234 1615 ἀσεϐείας.

378 1640 549 1709 Ἀρχὴ
580 1638 727 1711 ζωῆς
756 1641 1051 1711 ἀνθρώπου
1081 1622 1398 1715 ἄρτοςίκαὶ
1430 1643 1597 1717 ὕδωρ,
1628 1648 1727 1703 καὶ
1746 1649 1873 1718 ίμα-

291 1748 405 1784 τιον
436 1731 717 1787 καλύπτον
743 1734 1135 1806 ἀσχημοσύνην
1168 1736 1360 1791 αὐτοῦ.

367 1825 535 1893 Σοφὸς
564 1826 984 1897 ἀνὴρῖἀρκεῖται
1017 1832 1130 1893 τοῖς
1155 1830 1381 1900 ὀλίγοις.

376 1916 438 1970 Ἦ
465 1916 831 1986 οἰκονομοῦσα
859 1918 921 1973 τὸ
965 1918 1105 1984 ζῶον
1139 1920 1368 1991 δύναμις
1404 1920 1736 1991 αὐτάρκειαν
1771 1921 1870 1992 μὲν

293 2010 389 2064 καὶ
420 2009 679 2079 λιτότητα
708 2010 907 2081 ῥᾳδίως
932 1994 1356 2082 κατειργάσατο,
1391 2014 1485 2067 καὶ
1514 2013 1763 2085 ᾠκείωσε
1795 2015 1873 2085 τῷ

294 2105 615 2174 τρεφομένῳ
642 2122 655 2136 ο
687 2104 1045 2158 πολυτέλειαν
1075 2105 1134 2158 δὲ
1167 2107 1262 2159 καὶ
1315 2108 1594 2161 ποικίλιαν
1647 2106 1872 2179 βρωμά-

294 2213 403 2249 των
450 2195 867 2265 παραλαϐοῦσα,
900 2192 1020 2251 εἶτα
1064 2198 1347 2269 ἀντισχεῖν
1401 2198 1542 2270 πρὸς
1583 2198 1647 2253 τὸ
1696 2198 1874 2264 πέρας

298 2289 401 2343 οὐκ
428 2289 801 2358 ἐξιςκέσασα,
834 2291 901 2345 τὰ
943 2290 1171 2345 ποικίλα
1222 2291 1360 2362 γένη
1400 2291 1511 2346 τῶν
1544 2292 1874 2363 νοσημάτων

299 2381 578 2451 ἐποίησεν.
1038 2380 1043 2383 ’

370 2438 458 2524 Οὐ.
475 2471 727 2539 πλούσιός
769 2475 917 2531 ἔστιν
965 2477 995 2530 ὁ
1047 2475 1219 2531 πολλὰ
1260 2478 1647 2548 κεκτημένος,
1684 2476 1800 2533 ἀλλ’
1846 2479 1875 2531 ό
1950 2438 1953 2443 1

299 2563 376 2635 μὴ
407 2564 620 2618 πολλῶν
648 2565 927 2639 δεόμενος.

365 2657 510 2728 Πρὸς
541 2658 757 2728 χρείαν,
785 2659 1027 2729 ἀδελφοὶ,
1048 2661 1111 2715 ού
1136 2660 1269 2731 πρὸς
1295 2660 1490 2731 ἡδονὴν
1524 2662 1557 2732 ἡ
1591 2661 1705 2733 ζωὴ
1734 2678 1876 2729 συμ-

306 2751 610 2819 μετρεῖται.
644 2748 719 2802 Τὸ
742 2745 837 2803 οὖν
865 2752 1120 2820 περιττὴν
1143 2751 1246 2818 τῆς
1273 2749 1489 2821 φύσεως
1519 2750 1875 2822 ἀποθέμενοι,

299 2845 360 2897 τὸ
392 2845 693 2912 ἀναγκαῖον
731 2845 891 2915 μόνον
916 2845 1324 2914 άσπασώμεοα.

385 2934 446 2988 Ὀ
479 2935 616 3004 πρὸς
667 2937 795 2998 τοὺς
827 2936 1202 3007 ὑπερέχοντας
1253 2935 1468 3006 βλέπων
1499 2936 1601 3005 τῆς
1648 2935 1881 3004 ἐνούσης

301 3027 452 3099 αὐτῷ
505 3028 767 3096 εὐπορίας
802 3029 1054 3085 οὐδέποτε
1083 3030 1313 3084 δύναται
1361 3028 1550 3082 λαὸεῖν
1582 3029 1837 3100 αἴσθησιν
1860 3042 1876 3059 ⁹

1092 327 1264 387 LOCI
1296 329 1740 395 COMMUNES.
1781 358 1852 370 -—
1892 335 2087 396 rans
2123 337 2168 398 I.
2214 335 2475 399 ssnno
2517 314 2786 403 xxxvi.

3426 339 3531 402 902

2281 452 2514 509 salino
2546 453 2768 508 XXXVI
2803 453 2915 528 [ιιι.
2952 449 3142 507 x-xxu
3168 449 3212 523 ].

1962 560 2037 616 De
2068 563 2259 617 uirtute
2291 579 2408 632 quis
2442 570 2677 619 animum
2718 565 2831 619 suis
2888 573 2937 618 et
2989 562 3338 633 praesentibus
3380 566 3533 618 rebus

2483 647 2783 691 contentum
2818 636 3013 690 reddit.

2036 726 2228 785 Matth.
2263 747 2314 784 v.
2352 729 2498 784 Dixit
2542 728 2828 795 Dominus,
2887 728 2964 782 Ne
3003 726 3226 783 solliciti
3272 726 3391 780 sitis
3438 738 3537 795 pio

1965 822 2074 875 vita
2106 834 2283 876 vestra
2322 824 2453 893 quid
2487 823 2804 890 comedetis,
2840 839 3014 894 neque
3060 836 3160 893 pro
3197 832 3423 888 corpore
3448 832 3540 871 vc-

1965 923 2080 968 stro
2109 914 2239 982 quid
2276 916 2542 971 induatis.

2036 1003 2062 1057 1
2095 1003 2229 1060 Tim.
2257 1022 2331 1062 vt.
2353 1008 2451 1062 Est
2485 1016 2666 1062 autem
2686 1016 2919 1078 questus
2946 1021 3177 1077 magnus
3210 1004 3381 1075 pietas
3416 1017 3539 1057 cum

1965 1097 2150 1149 animo
2188 1113 2287 1151 sua
2335 1108 2482 1153 sorte
2529 1110 2813 1155 contento.
2848 1099 2997 1153 Nihil
3051 1099 3197 1153 enim
3254 1095 3542 1149 intulimus

1966 1183 2021 1238 in
2081 1187 2366 1252 mundum,
2401 1186 2652 1243 videlicet
2684 1205 2785 1243 nec
2810 1187 3003 1242 etl'erre
3028 1188 3327 1257 quidquam
3353 1201 3543 1255 possu-

1968 1292 2126 1333 mus:
2166 1278 2261 1333 sed
2317 1280 2581 1336 habentes
2612 1281 2870 1337 alimenta
2904 1289 2959 1335 et
3011 1282 3214 1352 quibus
3274 1290 3543 1351 tegantur,

1970 1369 2056 1424 his
2083 1372 2321 1425 contenti
2350 1372 2579 1429 erimus.

2042 1461 2295 1517 Proi-erb.
2318 1464 2681 1522 xvu.Przrstat
2715 1481 2879 1536 parva
2920 1466 3099 1537 portio
3162 1482 3286 1520 cum
3348 1465 3547 1519 timore

1973 1552 2209 1620 Domini,
2240 1570 2402 1624 quam
2427 1558 2606 1627 magni
2642 1559 2885 1614 thesauri
2917 1575 3040 1614 cum
3073 1559 3370 1625 impietate.

2042 1643 2214 1700 Eccli.
2251 1662 2404 1701 λιιι.
2458 1648 2790 1719 Principium
2847 1651 2974 1705 vita:
3023 1650 3262 1704 hominis
3309 1646 3467 1719 panis
3496 1654 3553 1701 et

1973 1751 2113 1808 aqua
2164 1747 2220 1791 et
2259 1740 2432 1794 vestis
2484 1743 2880 1811 turpitudinem
2912 1743 3033 1811 ejus
3066 1738 3336 1812 operiens.

1903 1827 1945 1887 Β
2046 1831 2294 1887 Auctoris
2316 1834 2525 1887 incerti.
2554 1834 2652 1890 Vir
2670 1835 2892 1902 sapiens
2913 1837 3106 1906 paucis
3124 1843 3416 1891 contentus
3442 1839 3548 1889 est.

2045 1923 2299 1981 Facultas
2322 1942 2442 1997 quae
2464 1929 2730 1998 gubernat
2757 1943 2960 1996 corpus
2983 1929 3256 1993 animalis,
3281 1926 3548 1996 l'rugalem

1975 2026 2029 2072 et
2059 2018 2359 2089 simplicem
2391 2021 2706 2075 alimoniam
2743 2021 2903 2078 facile
2939 2022 3257 2090 concoquit,
3294 2028 3347 2075 et
3384 2021 3550 2089 parti-

1973 2108 2077 2164 bus
2108 2112 2412 2168 nutriendis
2440 2116 3103 2184 assimilat;sumptuosis
3135 2131 3261 2170 vero
3293 2126 3347 2169 et
3379 2113 3552 2167 variis

1975 2202 2172 2257 eduliis
2205 2212 2453 2270 onerata,
2484 2213 2539 2260 et
2567 2206 2840 2275 impotens
2873 2207 2981 2277 72
3014 2206 3234 2261 tandem
3265 2221 3328 2260 ea
3360 2218 3552 2274 super.

1977 2309 2091 2359 are,
2128 2295 2279 2350 varia
2309 2298 2626 2353 morborum
2660 2313 2859 2368 genera
2912 2298 3185 2368 producit.
3240 2352 3246 2357 .

2056 2473 2335 2548 Clirysost.
2377 2475 2497 2532 Non
2537 2476 2631 2547 qui
2664 2476 2833 2532 multa
2887 2476 3154 2547 possidet,
3195 2474 3288 2531 sed
3324 2473 3416 2545 qui
3448 2488 3554 2528 nou

1980 2567 2168 2622 multis
2196 2567 2435 2638 indiget,
2464 2567 2616 2623 dives
2637 2578 2741 2623 est.

2050 2661 2130 2715 Ad
2184 2662 2595 2727 necessitatem,
2630 2677 2662 2716 o
2691 2664 2910 2726 fratres,
2962 2676 3072 2716 non
3125 2660 3191 2716 ad
3225 2660 3556 2728 voluptatem

1987 2754 2259 2807 metienda
2284 2762 2369 2809 est
2387 2754 2519 2809 vita.
2543 2752 2722 2820 Quare
2761 2754 3011 2824 deposito
3042 2752 3188 2822 quod
3219 2761 3427 2806 natura;
3468 2766 3561 2806 su-

1980 2846 2246 2916 perﬂuum
2283 2855 2387 2909 est,
2424 2848 2792 2902 necessarium
2817 2823 2993 2902 solum
3026 2845 3449 2915 amplectamur.

2052 2939 2153 3007 Qui
2188 2955 2248 2997 se
2274 2941 2585 3009 superiores
2615 2940 2877 3009 respicit,
2925 2952 3202 3009 nunquam
3248 2938 3431 2992 videre
3466 2951 3562 3006 ρος-
3625 2996 3652 3021 τ

1984 3042 2095 3089 test
2121 3049 2284 3105 quam
2318 3032 2473 3087 dives
2514 3033 2608 3089 sit.
2637 3033 2837 3087 Verum
2869 3039 3087 3101 oportet
3123 3045 3220 3085 sua
3257 3040 3406 3085 sorte
3430 3044 3563 3084 con-

301 3121 439 3175 άλλὰ
461 3121 569 3191 χρὴ
603 3122 896 3191 αὐτάρκως
947 3122 1085 3192 πρὸς
1128 3122 1198 3175 τὰ
1225 3120 1334 3175 ἴδια
1361 3120 1530 3192 ἔχειν,
1588 3121 1683 3174 καὶ
1715 3120 1880 3191 εὐχα-

1985 3135 2193 3182 lentum
2220 3140 2364 3190 esse,
2407 3133 2461 3180 et
2486 3124 2597 3181 Deo
2623 3125 2825 3195 gratias
2846 3124 3066 3179 habere.

306 3216 509 3299 ριστείν
552 3212 628 3284 τῷ
661 3212 803 3284 Θεῷ.

372 3307 437 3358 Ἤ
461 3307 766 3379 αὐτάρκεια
787 3308 877 3361 καὶ
901 3308 1072 3379 τροφή
1099 3308 1237 3372 ἐστι,
1264 3307 1357 3361 καὶ
1372 3308 1557 3378 ἡδονὴ,
1578 3309 1675 3363 καὶ
1700 3306 1898 3375 ὑγείσθ.

307 3398 369 3453 τὸ
391 3399 447 3454 δὲ
475 3400 642 3455 πλέον
671 3401 818 3472 λύμη
844 3405 939 3455 καὶ
968 3401 1135 3473 ἀηδία
1168 3402 1265 3456 καὶ
1293 3401 1470 3464 νόσος.

378 3586 547 3656 Φησὶν
577 3586 605 3637 ὁ
637 3582 894 3653 Χριστὸς,
928 3584 1151 3653 Ζητεῖτε
1196 3581 1417 3653 πρῶτον
1466 3582 1567 3650 τὴν
1608 3581 1885 3652 βασιλείαν

310 3676 405 3733 τοῦ
440 3675 574 3730 Θεοῦ
607 3676 705 3729 καὶ
757 3676 857 3744 τὴν
906 3673 1261 3745 δικαιοσύνην
1313 3673 1505 3738 αὐτοῦ,
1561 3674 1659 3726 καὶ
1712 3672 1885 3727 ταῦτα

310 3771 491 3825 πάντα
552 3766 988 3838 προστεθήσεται
1031 3769 1203 3837 ὑμῖν·
1258 3769 1422 3839 ἡμεῖς
1468 3767 1525 3821 δὲ
1582 3767 1680 3838 τὴν
1730 3766 1886 3831 τάξιν

311 3860 776 3932 ἀπεστρέψαμεν,
801 3860 898 3913 καὶ
959 3860 1234 3930 ζητοῦμεν
1265 3859 1363 3929 τὴν
1396 3858 1520 3930 γῆν,
1576 3858 1672 3911 καὶ
1711 3857 1783 3910 τὰ
1830 3861 1888 3911 ὲν

310 3956 377 4024 τῇ
408 3956 479 4023 γῇ
516 3952 735 4022 ἀγαθά·
768 3952 857 4007 διὰ
900 3952 1064 4007 τοῦτο
1115 3951 1241 4007 οὔτε
1295 3949 1491 4018 ταῦτα,
1522 3949 1648 4003 οὔτε
1704 3951 1889 4005 ἐκεῖνα

312 4044 404 4116 ἑχο
411 4063 530 4114 μεν.

382 4136 603 4205 Μέτρον
628 4131 879 4203 κτήσεώς
912 4133 1059 4187 ἐστιν
1111 4132 1146 4204 ἡ
1178 4130 1339 4203 χρεία
1364 4128 1459 4185 τοῦ
1508 4131 1785 4202 σώματος,
1828 4132 1890 4185 τδ

313 4229 371 4283 δὲ
399 4228 604 4298 ταύτην
634 4226 986 4299 ὑπερὸαίνειν
1010 4226 1257 4297 ἀκοσμία
1288 4224 1497 4289 λοιπὸν,
1533 4226 1630 4278 καὶ
1663 4223 1765 4277 οὐκ
1807 4222 1889 4279 ἔτι

317 4323 477 4392 χρεία
511 4320 680 4373 ἐστίν.

389 4412 572 4467 Καλὸν
592 4413 705 4474 τοῖς
749 4411 899 4481 ὅροις
924 4410 1024 4479 τῆς
1045 4408 1235 4480 χρείας
1263 4406 1545 4479 ἐμμένειν,
1596 4408 1692 4462 καὶ
1743 4406 1892 4478 φιλοο

2058 3308 2254 3363 Sobria
2290 3307 2575 3379 frugalitas
2605 3315 2658 3363 et
2685 3306 3009 3361 alimentum
3047 3313 3149 3372 est,
3179 3312 3235 3359 et
3267 3303 3521 3372 voluptas
3546 3343 3561 3368 ,

1986 3410 2039 3454 et
2079 3404 2284 3455 sanitas
2319 3418 2333 3454 :
2382 3400 2614 3454 nimium
2670 3412 2798 3456 vero
2846 3413 3011 3464 noxa,
3060 3405 3117 3452 et
3150 3394 3427 3451 fastidium
3454 3432 3469 3460 ,
3511 3403 3566 3447 ct

1988 3494 2236 3547 morbus.

2058 3583 2312 3639 Christus
2341 3581 2541 3652 inquit,
2576 3580 2813 3649 Quaerite
2840 3579 3076 3651 primum
3121 3593 3345 3649 regnum
3379 3578 3472 3632 Dei
3508 3588 3566 3631 et

1984 3675 2255 3746 justitiam
2284 3673 2425 3745 ejus,
2460 3683 2515 3729 et
2550 3674 2664 3729 haec
2690 3673 2874 3727 omnia
2900 3671 3227 3740 adjicit-titur
3251 3669 3426 3724 vobis.
3455 3667 3567 3722 Nos

1992 3780 2123 3820 vero
2179 3767 2498 3821 invertimus
2533 3763 2806 3828 ordinem,
2840 3772 2894 3818 et
2926 3762 3225 3833 quaerimus
3266 3770 3466 3817 terram
3511 3767 3566 3817 et

1990 3857 2130 3912 bona
2163 3867 2403 3924 terrena,
2430 3871 2600 3927 quare
2621 3870 2722 3911 nec
2756 3856 2872 3911 haec
2905 3854 3170 3909 habemus
3219 3867 3318 3908 nec
3342 3851 3457 3907 illa.

2069 4125 2209 4181 Nili.
2237 4124 2608 4191 Possessionis
2632 4125 2825 4180 modus
2849 4130 2935 4180 est
2964 4121 3215 4194 corporis
3241 4121 3566 4186 necessitas,

1993 4219 2114 4290 ejus
2149 4233 2278 4273 vero
2307 4231 2570 4274 excessus
2595 4257 2610 4285 ,
2640 4232 2749 4271 non
2800 4230 2933 4272 usus
2966 4224 3062 4270 aut
3100 4216 3431 4279 necessitas,
3477 4215 3571 4270 seJ

1993 4312 2185 4366 vitium
2217 4315 2323 4365 est.

2067 4400 2275 4455 Bonum
2317 4408 2400 4455 est
2441 4399 2586 4454 intra
2645 4397 2780 4454 ﬁnes
2833 4396 3178 4453 necessitatis
3222 4411 3462 4462 manere,
3517 4404 3572 4465 et

317 4523 374 4558 νε
400 4509 519 4558 κεῖν
547 4506 698 4577 πάσῃ
724 4505 977 4573 δυνάμει,
1001 4503 1225 4563 τούτους
1251 4501 1329 4572 μὴ
1354 4502 1726 4573 ὑπερϐαίνειν.
1762 4501 1882 4555 Ἐὰν

1991 4492 2245 4549 omnibus
2281 4490 2487 4547 viribus
2527 4489 2856 4545 contendere
2896 4504 2963 4543 uc
3016 4489 3470 4543 transcendamus
3510 4490 3573 4541 ilo

314 4599 424 4667 γὰρ
454 4598 636 4667 ὀλίγον
687 4595 1001 4667 παρενεχθῇ
1050 4612 1133 4659 τις
1169 4595 1276 4648 ἀπὸ
1304 4594 1407 4666 τῆς
1462 4593 1762 4664 ἐπιθυμίας
1798 4592 1893 4646 ἐπὶ

1998 4585 2101 4640 los.
2121 4582 2255 4639 Nam
2290 4584 2333 4638 si
2359 4582 2482 4653 quis
2531 4583 2615 4638 vel
2666 4583 2938 4637 modicum
2969 4595 3065 4650 per
3116 4579 3472 4650 cupiditatem
3504 4580 3571 4634 ad

313 4695 383 4749 τὰ
421 4692 556 4762 ἡδέα
586 4691 681 4745 τοῦ
715 4691 856 4762 βίου,
884 4690 1061 4754 οὐδεὶς
1092 4689 1279 4743 λοιπὸν
1307 4689 1490 4760 ἵστησι
1526 4687 1624 4759 τὴν
1682 4689 1775 4742 ἐπὶ
1824 4686 1882 4740 τά

1997 4677 2119 4733 vitae
2149 4677 2372 4733 delicias
2419 4675 2724 4741 deﬂexerit,
2754 4674 2941 4729 nullus
2980 4673 3240 4744 deinceps
3278 4673 3572 4743 quominus

317 4785 507 4853 πρόσω
527 4784 722 4853 φοράν.

386 4876 663 4945 Afr-tapst
693 4876 869 4946 τροφῇ
903 4874 1116 4946 σμικρὰ
1162 4872 1229 4947 If.
1257 4869 1471 4945 μακρά]
1506 4870 1606 4935 νὺξ
1636 4868 1892 4924 οὐδέποτε

318 4968 552 5034 γίνεται.

400 5060 725 5129 Ὀφείλομεν
754 5059 987 5121 ἑαυτοὺς
1020 5057 1230 5122 ἐθίζειν
1260 5056 1368 5112 ἀπὸ
1395 5057 1506 5110 τῶν
1537 5055 1734 5125 ὀλίγων
1765 5052 1887 5124 ζῇν,

318 5153 407 5207 ἵνα
428 5153 597 5222 μηδὲν
635 5151 864 5220 αἰσχρὸν
895 5151 1081 5205 ἕνεκεν
1111 5151 1415 5222 χρημάτων
1451 5148 1737 5220 μάθωμεν.

389 5244 686 5313 Σωκράτης
717 5242 1014 5314 ἐρωτηθεὶς
1043 5242 1151 5294 ὑπό
1177 5258 1344 5309 τινος,
1382 5241 1479 5304 Τίς
1505 5257 1585 5293 σοι
1621 5234 1896 5292 πλουσιώο

316 5350 473 5404 τερος
504 5328 642 5387 εἶναι
667 5334 848 5399 δοκεῖ;
875 5328 1029 5386 εἶπεν
1048 5346 1063 5363 °
1093 5331 1154 5384 Ὅ
1179 5330 1482 5401 ἐλαχίστοις
1513 5329 1849 5402 ἀρκούμενος
1874 5340 1888 5356 '

316 5426 628 5496 αὐτάρκεια
659 5426 772 5494 γάρ
808 5427 929 5478 ἐστι
960 5424 1179 5495 φύσεως
1211 5423 1473 5488 πλοῦτος.
1849 5434 1864 5450 ⁶

390 5601 613 5657 Βέλτιόν
640 5605 789 5656 ἐστιν
818 5602 878 5654 ὲν
907 5601 1085 5674 μικρᾷ
1114 5599 1413 5672 περιουσίᾳ
1469 5597 1898 5669 συστελλόμενον

319 5693 661 5766 εὐθυμεῖν,ἦ
699 5693 945 5765 μεγάλης
975 5692 1318 5763 τυγχάνοντα
1341 5691 1651 5761 δυστυχεῖν.

396 5768 548 5856 Μήτε
574 5784 696 5840 λίαν
728 5784 1056 5851 πολυτελῶς,
1087 5784 1225 5856 μήτε
1251 5784 1390 5854 ἄγαν
1422 5782 1657 5847 εὐτελῶς
1710 5784 1888 5857 πειρῶ

1996 4779 2188 4840 pergat
2216 4783 2475 4825 coercere
2509 4777 2711 4839 potest.

2071 4862 2378 4917 Democriti.
2413 4860 2469 4916 Si
2518 4861 2692 4916 victus
2716 4858 2943 4929 frugalis
2971 4859 3078 4927 sit,
3113 4872 3393 4928 nunquam
3424 4856 3572 4912 vide-

1996 4958 2142 5012 bitur
2173 4973 2278 5010 nox
2298 4956 2481 5026 longa.

2068 5048 2349 5104 Clitarcltt'.
2386 5047 2657 5104 Debemus
2688 5060 2788 5102 nos
2813 5043 3159 5101 assuefacere
3201 5051 3261 5100 ut
3288 5058 3354 5100 ex
3379 5043 3573 5113 paucis

1996 5141 2263 5204 vivamus,
2293 5155 2359 5195 ne
2386 5140 2514 5209 quid
2546 5140 2791 5207 pecunia:
2831 5137 3010 5208 gratia
3044 5144 3200 5207 turpe
3232 5136 3531 5193 discamus.

2069 5233 2324 5288 Socratis.
2355 5232 2607 5287 Socrates
2630 5230 2985 5301 interroganti
3014 5229 3139 5300 quis
3166 5229 3441 5285 videretur
3463 5228 3570 5284 sibi

1995 5323 2297 5381 ditissimus
2318 5363 2333 5387 ,
2363 5322 2645 5392 respondit
2681 5339 2697 5376 :
2737 5319 2843 5387 Qui
2875 5318 3224 5390 paucissimis
3277 5323 3573 5372 contentus

1996 5425 2103 5473 est.
2157 5417 2214 5472 ln
2250 5415 2567 5486 frugalitate
2599 5414 2747 5470 enim
2806 5412 2912 5468 sibi
2964 5411 3268 5469 sullicieute
3305 5409 3575 5465 exsistunt

1995 5492 2195 5563 divitiae
2213 5515 2337 5560 natu
2347 5520 2439 5561 rae.

2071 5599 2258 5654 Satius
2284 5607 2371 5653 est
2400 5597 2454 5651 in
2483 5595 2673 5667 paucis
2716 5593 2910 5664 opibus
2942 5606 3003 5649 se
3030 5592 3397 5648 continentem
3433 5592 3570 5647 hila-

1998 5691 2130 5746 riter
2155 5705 2336 5761 agere,
2360 5703 2524 5759 quam
2551 5688 2604 5741 in
2642 5686 2853 5754 magnis
2882 5683 3192 5739 infeliciter.

2073 5780 2375 5835 Plutarchi.
2436 5778 2624 5847 Neque
2686 5784 3068 5846 sumptuosum
3120 5772 3328 5841 nimis,
3392 5786 3575 5843 neque
