4038 6458
444 360 552 424 903

1713 359 2048 420 ANTONII
2099 362 2447 423 MELISSA‘.I

3614 355 3735 422 9οί

441 470 748 538 sordidum,
784 479 879 526 aut
912 471 1070 528 vilem
1106 471 1159 526 in
1208 472 1551 527 vestimentis
1576 512 1591 537 ,
1633 472 1780 528 victu
1810 483 1864 528 et
1905 476 2033 529 reli-

2179 477 2203 530 it
2236 481 2365 548 περὶ
2394 478 2495 549 τήν
2529 477 2735 549 ἐσθῆτα
2766 479 2858 531 καὶ
2889 477 3103 531 δίαιταν
3128 474 3226 529 καί
3246 473 3346 544 τὴν
3380 472 3576 544 ἑτέραν
3598 476 3731 529 δια-

444 581 551 634 qua
587 567 697 620 vita
733 572 783 620 te
813 565 1073 620 exhibeas
1100 580 1116 633 ;
1150 564 1252 619 hoc
1286 565 1430 619 enim
1458 565 1712 621 odiosum
1741 575 1835 622 aut
1865 567 2028 624 mise-

444 658 693 723 rabilem,
736 658 865 712 illud
893 658 1221 715 invidiosum
1248 670 1341 715 aut
1368 659 1657 714 ridiculum
1686 660 1882 715 reddit.

515 748 790 803 Assuetiat
832 765 1034 818 corpus
1094 750 1288 822 frugali
1335 763 1393 808 et
1441 744 1672 822 parabili
1704 752 1868 806 modo
1906 752 2031 807 vitae

444 840 547 897 sibi
572 840 911 898 satisfacere.
941 841 1076 897 Nam
1106 845 1198 914 qui
1232 845 1422 916 paucis
1445 845 1712 916 indigent,
1746 858 1854 901 non
1882 843 2032 900 frau-

444 933 648 989 dantur
677 936 888 990 multis.

516 1025 863 1083 Familiarem
918 1028 1019 1084 tibi
1081 1029 1247 1086 redde
1314 1031 1518 1087 victum
1579 1029 1923 1100 simplicem,
1972 1037 2034 1085 ut

448 1129 769 1190 sumptuoso
790 1137 1073 1191 nunquam
1109 1122 1375 1194 indigeas.

818 1215 1052 1270 SERMO
1084 1215 1328 1271 xxxv"
1368 1215 1469 1289 [αι.
1500 1214 1668 1290 XIV].

593 1300 752 1368 Quod
792 1307 970 1376 major
1012 1325 1139 1377 pars
1179 1326 1286 1362 non
1321 1325 1528 1377 semper
1550 1309 1739 1362 melior
1777 1307 1868 1363 sit.

519 1394 651 1450 Luc.
689 1411 803 1450 xxi.
842 1398 1085 1454 Sublatis
1119 1408 1302 1454 autem
1362 1401 1535 1457 oculis
1583 1398 1745 1456 Iesus
1777 1399 1913 1453 vidit
1941 1412 2037 1454 eos

448 1489 538 1555 qui
561 1490 845 1544 mittebant
879 1506 1103 1547 munera
1129 1508 1227 1548 sua
1256 1493 1307 1546 in
1331 1493 1787 1566 gampltylacium
1819 1492 2033 1548 divites.

449 1580 595 1634 Vidit
654 1590 836 1637 autem
893 1593 948 1638 et
1007 1586 1301 1654 quamdam
1363 1586 1586 1640 viduam
1651 1584 2037 1655 pauperculam

451 1671 755 1727 mittentem
807 1673 935 1730 illuc
986 1691 1097 1728 aara
1138 1677 1350 1731 minuta
1404 1677 1535 1743 duo,
1583 1687 1637 1733 et
1692 1677 1866 1742 dixit,
1901 1674 2041 1731 Vere

449 1764 574 1818 dico
607 1766 782 1829 vobis,
816 1768 959 1836 quod
989 1770 1149 1824 vidua
1173 1770 1526 1852 haecpauper
1556 1770 1680 1841 plus
1714 1784 1879 1839 quam
1916 1783 2040 1823 om-

2137 569 2329 639 γωγὴν
2351 569 2412 621 τὸ
2447 570 2610 637 σῶμα
2641 571 2887 624 διοικεῖν.
2924 569 2999 622 Τὸ
3034 569 3134 631 μὶν
3181 567 3293 636 γὰρ
3323 565 3640 635 φθονεῖσθαι
3688 565 3731 637 ἢ

2133 661 2422 731 γελᾶσθαι,
2463 663 2524 716 τὸ
2554 663 2613 717 δὲ
2650 661 2930 731 μισεῖσθαι
2963 660 2995 733 ἢ
3027 660 3302 714 ἐλεεῖσθαι
3337 659 3503 712 ποιεῖ.

2207 755 2447 809 Είθίσθω
2501 755 2564 808 τὸ
2613 755 2775 826 σῶμα
2830 755 2898 809 δι’
2954 752 3229 816 εὐτελείας
3280 751 3419 820 πρὸς
3469 750 3734 805 εὐκολίαν

2136 843 2415 915 αὔταρκες
2440 844 2622 916 ἑαυτῷ
2653 845 2966 916 γινόμενον·
3007 845 3056 898 oi
3094 843 3203 915 γὰρ
3236 842 3436 911 ὀλίγων
3473 841 3734 912 δεόμενοι

2135 938 2352 992 πολλῶν
2384 941 2484 993 οὐκ
2518 934 3017 1009 ἀποτυγχάνουσιν.

2210 1029 2402 1095 Ἔθιζε
2420 1032 2616 1084 σαυτὸν
2637 1033 2701 1099 τῇ
2728 1030 2849 1101 λιτῇ
2871 1029 3061 1100 διαίτῃ
3082 1071 3097 1094 ,
3122 1028 3212 1083 ἵνα
3240 1031 3342 1100 τῆς
3388 1024 3694 1081 πολυτελοῗ
3710 1044 3743 1057 κ-
3774 1024 3781 1031 ’

2140 1123 2416 1194 μηδέποτε
2450 1122 2816 1194 προσδεηθῇς.

2736 1211 2959 1268 ΛΟΓΟΣ
2995 1213 3117 1266 AZ“.

2208 1307 2353 1377 Περὶ
2384 1307 2492 1363 τοῦ
2526 1306 2618 1362 ὅτι
2651 1308 2759 1362 οὐκ
2798 1305 2893 1362 ἀεὶ
2942 1305 3008 1359 τὸ
3049 1302 3348 1358 πλεῖστον
3375 1303 3650 1371 ἄριστον.

2224 1400 2562 1471 Ἀναϐλέψας
2597 1401 2654 1454 δὲ
2682 1403 2711 1455 ὁ
2740 1398 2973 1470 Ἰησοῦς,
3002 1393 3113 1451 εἶδε
3158 1399 3285 1460 τοὺς
3317 1396 3615 1467 βάλλοντας
3656 1393 3736 1448 τὰ

2139 1493 2292 1565 δῶρα
2336 1495 2520 1548 αὐτῶν
2544 1494 2625 1557 είς
2650 1493 2712 1547 τὸ
2735 1490 3145 1563 γαζοφυλάκιον
3173 1489 3489 1548 πλουσίους.
3518 1488 3641 1541 Εἷδε
3669 1488 3735 1543 δὲ

2140 1586 2235 1640 καί
2264 1602 2388 1639 τινα
2410 1589 2588 1657 χήραν
2625 1585 2916 1656 πενιχρὰν,
2948 1584 3224 1655 βαλοῦσαν
3252 1582 3371 1634 ἐκεῖ
3402 1580 3497 1635 δύο
3523 1580 3725 1647 λεπτὰ,

2142 1680 2237 1733 καὶ
2274 1674 2429 1732 εἶπεν
2451 1695 2468 1714 ο
2517 1678 2763 1749 Ἀληθῶς
2800 1678 2945 1746 λέγω
2995 1679 3147 1748 ὑμῖν,
3180 1676 3214 1747 ἡ
3260 1674 3407 1746 χήρα
3443 1675 3477 1744 ἡ
3528 1674 3730 1743 πτωχὴ

2143 1769 2285 1843 αῦτη
2314 1770 2486 1825 πλείω
2515 1773 2737 1826 πάντων
2788 1771 3005 1835 ἔϐαλεν,
3042 1769 3287 1833 ἅπαντες
3323 1751 3436 1837 γάρ
3482 1765 3631 1819 οὗτοι
3661 1765 3733 1817 ὲκ

453 1872 549 1911 nes
584 1860 756 1913 misit.
786 1859 915 1915 Nam
942 1862 1046 1933 73
1079 1878 1271 1917 omnes
1303 1864 1354 1917 hi
1384 1880 1447 1917 ex
1480 1878 1544 1917 eo
1576 1863 1717 1932 quod
1748 1863 1880 1932 ipsis
1907 1876 2040 1916 cxu-

2179 1861 2236 1916 οῦ
2265 1863 2684 1932 περισσεύοντος
2736 1861 2921 1924 αὐτοῖς
2970 1859 3168 1914 ἔϐαλον
3219 1860 3301 1922 εἰς
3331 1858 3402 1911 τὰ
3448 1856 3599 1926 δῶρα
3633 1855 3735 1906 τοῦ

451 1951 624 2015 berat,
660 1955 921 2009 miserunt
973 1956 1025 2009 in
1079 1971 1317 2029 munera
1345 1956 1435 2010 Dei
1488 1973 1503 2011 :
1556 1957 1671 2011 ha-c
1703 1965 1915 2018 autem,
1969 1968 2036 2008 ex

451 2046 678 2113 penuria
722 2061 818 2100 sua
854 2046 1164 2102 universam
1196 2048 1556 2104 substantiam
1589 2063 1751 2118 quant
1783 2046 2036 2111 habebat,

455 2136 624 2190 misit.

521 2229 551 2284 I
581 2228 707 2288 Cor.
740 2247 847 2288 le.
884 2233 938 2288 In
972 2234 1204 2289 ecclesia
1234 2235 1359 2288 volo
1392 2233 1635 2304 quinque
1669 2230 1833 2287 verba
1859 2237 2040 2284 mente

452 2336 570 2376 mea
608 2322 755 2391 ιοιιιιί
817 2324 900 2395 (ιιι
949 2326 1085 2381 alios
1141 2327 1449 2398 instituam)
1499 2328 1681 2395 potius
1730 2338 1895 2395 quam
1950 2322 2039 2376 de—

455 2426 573 2467 cem
612 2415 781 2469 n.illia
815 2399 1103 2471 verborum
1138 2419 1339 2488 lingua.

537 2502 749 2561 Basilii.
780 2506 885 2561 Per
925 2525 1092 2562 unum
1126 2512 1428 2580 sapientem
1471 2510 1806 2565 habitabitur
1831 2513 2040 2579 civitas,

457 2612 591 2666 gens
625 2609 806 2653 autem
847 2599 1161 2670 iniquorum
1192 2602 1342 2656 brevi
1376 2604 1742 2659 desolabilur.

531 2688 665 2743 Nam
702 2692 746 2746 si
784 2693 943 2761 panis
979 2709 1075 2748 cor
1129 2695 1367 2752 hominis
1400 2697 1644 2763 roborat,
1691 2711 1799 2753 non
1830 2706 2047 2768 oportet

457 2784 749 2841 obsonium
799 2787 908 2842 eihi
941 2787 1174 2857 amplius
1206 2790 1515 2846 necessario
1551 2801 1761 2847 temere
1796 2791 2049 2863 ingurgi-

458 2885 599 2932 tare.
1119 2885 1123 2889 ’
1152 2866 1176 2881 ”

535 2969 804 3042 ΤΙιεοΙοθί.
836 2972 1009 3029 Breve
1058 2991 1283 3046 regnum
1317 2975 1516 3032 melius
1559 2984 1644 3033 est
1671 2976 1830 3046 longa
1868 2985 2051 3046 tyran-

466 3063 591 3119 nide
617 3105 630 3127 ,
667 3074 721 3119 et
753 3082 914 3134 parva
949 3068 1125 3136 portio
1156 3070 1392 3138 pretiosa
1429 3078 1648 3140 praestat
1692 3085 1899 3139 magna:
1925 3082 2048 3139 quae

465 3156 589 3211 vilis
622 3168 677 3212 et
698 3159 1001 3226 periculosa
1033 3162 1104 3217 sit
1134 3162 1485 3231 possessioni.
1508 3170 1564 3217 et
1585 3160 1839 3233 exiguum
1863 3160 2046 3216 lumen

470 3251 659 3305 multis
696 3251 956 3307 tenebris.

537 3341 809 3412 ειη-μισεῖ.
842 3344 1193 3417 Eleemosyna
1218 3362 1324 3400 non
1361 3347 1661 3403 aestimatur
1692 3362 1757 3402 ex
1793 3360 2052 3402 mensura

466 3432 799 3504 largitionis,
835 3434 930 3492 sed
948 3452 1011 3490 ex
1045 3437 1213 3492 animi
1254 3438 1594 3493 liberalitate.

533 3524 784 3581 Jucunda
836 3543 959 3597 qua:
1011 3529 1248 3585 maxime
1297 3545 1421 3585 rara
1455 3538 1617 3598 sunt,
1669 3530 1921 3600 inprimis
1951 3529 2050 3586 de-

463 3619 682 3674 lertant.

538 3713 736 3769 Incerti
771 3714 1032 3767 auctoris.
1100 3713 1410 3770 Alexander
1443 3717 1631 3771 audito
1686 3718 1907 3771 Darium
1953 3718 2051 3771 tri-

466 3804 613 3873 ginta
645 3804 917 3873 ιιιγιίδιιεδ
968 3805 1020 3857 in
1083 3806 1257 3860 aciem
1292 3807 1620 3875 producere,
1673 3809 1810 3863 dixit
1847 3826 1860 3863 :
1898 3808 2052 3864 Unus

468 3907 675 3960 coquus
714 3910 817 3945 non
852 3893 1046 3947 metuit
1074 3894 1273 3949 multas
1304 3911 1455 3950 oves.

539 3985 684 4038 Idem
735 4000 858 4038 eum
908 3985 1220 4054 explorator
1266 3986 1314 4040 ei
1349 3987 1582 4042 referret
1632 3989 1893 4058 majorem
1930 4006 2054 4045 esse

476 4073 622 4129 Darii
651 4076 975 4138 exercitum,
1007 4076 1145 4131 dixit
1175 4092 1189 4129 :
1223 4076 1366 4133 Oves
1411 4078 1577 4133 etiam
1610 4079 1737 4136 licet
1769 4082 1950 4152 plures
1985 4084 2054 4137 ab

476 4181 588 4222 uno
616 4177 711 4220 aut
750 4165 923 4220 altero
954 4167 1081 4235 lupo
1110 4169 1419 4237 capiuntur.

812 4254 1050 4312 SERMO
1078 4255 1348 4313 xxxvm
1383 4259 1484 4333 [αι.
1519 4260 1730 4334 LXVI].

892 4343 970 4397 De
992 4345 1201 4415 jejunio
1239 4359 1289 4402 et
1320 4353 1662 4407 continentia.

547 4432 743 4491 Matth.
789 4451 862 4491 τι.
897 4436 1029 4492 Cum
1066 4439 1451 4508 jejunaveritis
1487 4458 1555 4499 ne
1602 4444 1725 4499 sitis
1766 4445 1931 4500 veluti
1956 4445 2053 4517 hy-

2143 1953 2317 2010 Θεοῦ·
2366 1954 2506 2026 αὕτη
2549 1955 2607 2008 δὲ
2639 1957 2703 2009 ὲκ
2733 1954 2828 2008 τοῦ
2864 1955 3243 2025 ὑστερήματος
3294 1950 3466 2019 αὐτῆς
3515 1947 3741 2002 ἅπαντα

2134 2049 2234 2103 τὸν
2264 2048 2381 2120 βίον
2407 2047 2468 2101 δν
2494 2046 2639 2120 εῖχεν
2666 2047 2882 2102 ἔϐαλεν.

2229 2231 2320 2285 Ἐν
2345 2229 2619 2301 ἐκκλησίᾳ
2644 2228 2785 2284 θέλω
2821 2229 2985 2281 πέντε
3014 2227 3209 2295 λόγους
3234 2225 3325 2278 διὰ
3349 2220 3443 2277 τοῦ
3473 2222 3595 2285 νοός
3629 2237 3741 2292 μου

2145 2323 2378 2393 λαλῆσαι
2406 2323 2442 2395 ἢ
2477 2323 2706 2395 μυρίους
2738 2323 2935 2392 λόγους
2966 2321 3025 2374 ὲν
3066 2319 3313 2390 γλώσσῃ.

2232 2507 2367 2562 Ἀπὸ
2395 2507 2514 2570 ἑνδς
2565 2506 2788 2560 συνετοῦ
2824 2503 3306 2575 συνοικισθήσεται
3353 2499 3512 2561 πόλις
3537 2512 3553 2529 “
3589 2495 3741 2569 φυλὴ

2146 2603 2204 2658 δὲ
2228 2601 2447 2672 ἀνόμων
2474 2598 2905 2670 ἐρημωθήσεται
2936 2599 2995 2650 ὲν
3019 2595 3196 2666 τάχει.

2223 2695 2289 2748 El.
2313 2695 2423 2763 γὰρ
2460 2691 2624 2760 ἄρτος
2653 2691 2880 2761 καρδίαν
2917 2688 3215 2760 ἀνθρώπου
3248 2683 3516 2756 στηρίξει,
3550 2683 3611 2738 ού
3651 2684 3743 2738 δεῖ

2150 2786 2315 2839 πλέον
2346 2784 2439 2838 τοῦ
2468 2785 2771 2852 ἀναγκαίου
2798 2783 2896 2855 τῆς
2920 2781 3129 2855 τροφῆς
3154 2780 3217 2834 τὸ
3243 2779 3494 2851 προσόψη
3505 2797 3580 2847 μα
3607 2778 3738 2833 ἀλό-

2152 2896 2264 2949 γως
2292 2879 2733 2949 προσφέρεσθαι.

2227 2969 2517 3040 Κρείσσων
2590 2968 2962 3041 ὀλιγοχρόνιος
3025 2965 3275 3038 βασιλεία
3350 2963 3575 3036 μακρᾶς
3635 2978 3742 3015 τυ-

2157 3061 2398 3133 ραννίδος
2426 3103 2442 3128 ,
2472 3062 2568 3115 καὶ
2614 3061 2772 3132 ὀλίγη
2828 3060 2989 3131 μερὶς
3025 3058 3189 3129 τιμία
3237 3055 3443 3125 πολλῆς
3488 3056 3747 3122 κτήσεως

2155 3154 2357 3223 ἀτίμου
2399 3154 2495 3208 καὶ
2530 3153 2808 3225 σφαλερᾶς
2831 3192 2848 3220 ,
2883 3153 2979 3207 καὶ
3039 3149 3238 3206 πολλοῦ
3293 3148 3524 3213 σκότους
3553 3146 3745 3216 ὀλίγον

2156 3264 2293 3316 φως.

2231 3339 2306 3393 Οὐ
2343 3338 2423 3409 τῷ
2474 3338 2661 3410 μέτρῳ
2697 3336 2808 3393 τῶν
2833 3337 3130 3407 διδομένων
3168 3334 3508 3407 ἐλεημοσύνη
3557 3330 3750 3403 κρίνε-

2151 3449 2270 3497 ται,
2313 3432 2453 3486 ἀλλὰ
2483 3434 2550 3502 τῇ
2585 3430 2840 3502 δαψιλείᾳ
2857 3431 2956 3499 τῆς
2986 3430 3236 3501 γνώμης.

2225 3524 2349 3578 Τῶν
2400 3526 2577 3597 ἡδέων
2630 3525 2702 3579 τὰ
2755 3522 3110 3579 σπανιώτατα
3171 3522 3439 3593 γινόμενα
3502 3519 3751 3589 μάλιστα

2153 3616 2369 3684 τέρπει.

2243 3707 2621 3779 Ἀλέξανδρος,
2655 3705 2901 3769 ἀκούσας
2923 3704 3006 3759 ὅτι
3038 3704 3266 3773 Δαρεῖος
3312 3699 3612 3769 τριάκοντα
3644 3713 3753 3765 μυ-

2158 3800 2344 3869 ριάδας
2376 3802 2457 3863 είς
2486 3798 2798 3871 παράταξιν
2826 3798 2972 3866 ἄγει,
2999 3795 3105 3866 ἔφη
3128 3810 3146 3828 ο
3185 3812 3205 3846 ι
3251 3788 3348 3856 Εἷς
3380 3794 3644 3862 μάγειρος
3675 3788 3746 3842 οὐ

2155 3892 2402 3960 φοϐεῖται
2433 3891 2604 3944 πολλὰ
2636 3890 2908 3961 πρόϐατα.
2949 3907 2968 3941 ι

2242 3985 2303 4036 Ὀ
2348 3985 2534 4047 αὐτὲς,
2573 3983 2931 4037 κατασκόπου
2991 3981 3244 4049 λέγοντος
3296 3976 3467 4046 αὐτῷ,
3522 3973 3750 4036 πλείους

2156 4072 2298 4130 εἶναι
2330 4078 2457 4140 τοὺς
2489 4076 2740 4143 Δαρείου,
2763 4074 2889 4143 ἔφη·
2924 4095 2943 4126 ι
2976 4076 3086 4129 Καὶ
3114 4075 3182 4126 τὰ
3208 4071 3481 4141 πρόϐατα,
3515 4068 3749 4121 πλείονα

2155 4169 2307 4238 ὅντα,
2345 4171 2435 4241 ὑφ’
2470 4172 2588 4236 ἑνὸς
2621 4169 2654 4242 ἢ
2686 4171 2941 4241 δευτέρου
2986 4167 3156 4222 λύκου
3191 4165 3525 4239 χειροῦνται.
3575 4182 3595 4217 ι

2760 4264 2979 4319 ΛΟΓΟΣ
3015 4261 3146 4317 All'.

2436 4358 2574 4426 Περὶ
2620 4356 2907 4424 νηστείας
2941 4354 3043 4409 καὶ
3086 4351 3452 4423 ἐγκρατείας.

2233 4451 2403 4503 Ὅταν
2431 4447 2757 4518 νηστεύητε,
2799 4448 2873 4516 μὴ
2899 4445 3116 4514 γίνεσθε
3149 4443 3342 4512 ὥσπερ
3372 4444 3421 4495 οἱ
3450 4439 3751 4508 ὑποκριταὶ

479 4533 701 4597 pocritae
754 4528 950 4584 tetrici.
1003 4530 1314 4587 Ubscurant
1358 4535 1501 4589 enim
1549 4535 1717 4592 facies
1738 4553 1888 4601 suas,
1944 4552 2044 4607 quo

2179 4537 2499 4608 ῖκυθρωποί.
2557 4535 2907 4604 Ἀφανίζουσι
2952 4536 3061 4605 γὰρ
3112 4532 3183 4586 τά
3229 4531 3499 4602 πρόσωπα
3542 4526 3747 4594 αὐτῶν,

478 4620 821 4690 perspicuum
878 4622 951 4676 sit
1006 4623 1319 4679 hominibus
1357 4629 1505 4696 ipsos
1566 4629 1841 4697 jejunare.
1882 4631 2044 4686 Amer

2179 4633 2313 4693 ὅπως
2369 4629 2577 4698 φανῶσι
2622 4629 2737 4689 τοῖς
2775 4624 3087 4696 ἀνθρώποις
3142 4622 3518 4693 νηστεύοντες.
3573 4618 3751 4689 Ἀμὴν

475 4716 598 4769 dico
628 4715 800 4779 vobis,
834 4717 1034 4771 habent.
1082 4721 1387 4775 mercedem
1421 4737 1603 4775 suam.
1640 4721 1721 4777 Tu
1767 4738 1896 4777 VPI‘O
1935 4740 2060 4779 cum

471 4806 714 4877 jejunus,
739 4825 879 4878 ttnge
903 4819 1068 4881 caput
1102 4820 1280 4877 tuum,
1312 4821 1366 4868 et
1394 4813 1590 4870 faciem
1618 4824 1767 4871 tuam
1794 4818 1935 4885 lava,
1955 4828 2061 4874 etc.

554 4988 582 5043 1
638 4989 763 5045 Cor.
804 5005 883 5045 ιι.
943 4990 1131 5047 Omnis
1152 4992 1247 5064 qui
1278 5001 1468 5061 certat,
1500 5008 1597 5064 per
1632 4997 1819 5051 omnia
1851 5004 2066 5068 tempe-

479 5098 609 5138 rans
636 5092 738 5137 est.

555 5175 831 5246 Chrysost.
860 5175 962 5241 Qui
995 5191 1213 5231 carnem
1246 5175 1453 5233 Christi
1502 5158 1651 5235 Jesu'
1679 5181 2069 5237 cruciﬁxerunt

486 5282 610 5321 eum
644 5268 928 5324 allectibus
954 5277 1009 5323 et
1033 5270 1446 5340 cupiditatibus.

558 5358 672 5412 lsa.
706 5375 862 5415 Lvnt.
922 5361 1005 5415 Ad
1035 5363 1155 5418 lites
1177 5371 1233 5417 et
1266 5363 1446 5434 jurgia
1479 5363 1742 5432 jejunatis
1776 5374 1830 5420 et
1874 5366 2070 5435 pugnis

2161 4726 2307 4792 λέγω
2346 4716 2507 4793 ύμῖν,
2545 4722 2810 4791 ἀπέχουσι
2858 4720 2952 4773 τὸν
3001 4718 3194 4789 μισθὸν
3235 4717 3442 4772 αὐτῶν.
3467 4714 3540 4768 Σὺ
3569 4714 3628 4767 δὲ
3655 4729 3754 4784 νη·-

2166 4815 2372 4870 στεύων
2425 4814 2644 4884 ἄλειψαί
2691 4830 2785 4867 σου
2843 4813 2943 4880 τὴν
2993 4810 3236 4881 κεφαλὴν
3296 4808 3488 4876 ἐλαίῳ,
3543 4808 3640 4861 καὶ
3686 4807 3755 4858 τὸ

2167 4910 2461 4982 πρόσωπόν
2495 4925 2591 4962 σου
2624 4907 2797 4977 νίψαι,
2841 4906 2937 4960 καὶ
2964 4905 3033 4959 τὰ
3068 4904 3216 4972 ἑξῆς.

2241 5002 2353 5065 Πᾶς
2380 5002 2409 5055 ὁ
2433 4999 2838 5069 ἀγωνιζόμενος
2871 4997 3051 5052 πάντα
3076 4994 3497 5066 ἐγκρατεύεται.

2241 5183 2304 5236 Οἳ
2332 5181 2425 5236 τοῦ
2454 5181 2692 5253 Χριστοῦ
2724 5179 2905 5250 Ἰησοῦ
2936 5177 3033 5251 τὴν
3064 5180 3245 5249 σάρκα
3269 5178 3626 5249 ἐσταύρωσαν
3657 5179 3759 5233 σὺν

2170 5278 2283 5339 τοῖς
2318 5273 2605 5345 παθήμασι
2641 5272 2735 5325 καὶ
2767 5275 2885 5337 ταῖς
2921 5272 3266 5340 ἐπιθυμίαις.

2245 5369 2335 5430 Εἰς
2384 5366 2593 5437 κρίσεις
2645 5366 2741 5419 καὶ
2791 5366 2971 5436 μάχας
3027 5366 3344 5434 νηστεύετε,
3381 5364 3474 5415 καὶ
3521 5361 3762 5419 τύπτετε

487 5450 745 5504 amictum
787 5452 1014 5509 creditis.
1075 5454 1215 5519 Quid
1247 5465 1331 5510 est
1387 5458 1532 5527 quod
1592 5457 1726 5512 mihi
1771 5459 2035 5528 jejunatis

2179 5460 2423 5529 πυγμαῖς
2472 5458 2746 5511 ταπεινόν.
2805 5456 2973 5510 Ὶνατί
3027 5472 3117 5525 μοι
3180 5455 3606 5525 νηστεύετε;ού
3648 5455 3764 5521 γὰρ

488 5558 599 5598 non
655 5543 801 5597 enim
838 5544 943 5600 tale
992 5545 1261 5614 jejunium
1316 5549 1590 5618 approbo,
1623 5548 1754 5604 dicit
1785 5549 2072 5604 Dominus.

2175 5552 2432 5620 τοιαύτην
2459 5551 2714 5621 νηστείαν
2760 5548 3115 5618 ἐξελεξάμην,
3144 5547 3292 5613 λέγει
3340 5546 3544 5616 Κύριος
3573 5559 3589 5575 ⁸
3624 5545 3765 5597 ἀλλὰ

495 5632 602 5689 Sed
640 5643 699 5688 tu
755 5634 908 5691 solve
957 5653 1179 5693 omnem
1218 5643 1420 5692 nodum
1475 5640 1805 5711 iniquitatis,
1838 5642 2039 5697 dissolv

2179 5643 2267 5696 λύε
2304 5643 2484 5696 πάντα
2537 5641 2836 5709 σύνδεσμον
2871 5641 3105 5702 ἀδικίας,
3149 5639 3332 5693 διάλυε
3385 5636 3765 5705 στραγγαλιὲς
3816 5662 3822 5674 ~

490 5742 666 5781 nexus
690 5726 1052 5783 violentorum
1079 5738 1464 5785 contractuum
1493 5771 1508 5796 ,
1541 5747 1834 5803 oppressos
1860 5735 2043 5789 dimitt

2179 5733 2372 5803 βιαίων
2410 5733 2875 5803 συναλλαγμάτων
2898 5749 2913 5764 ο
2955 5731 3278 5786 ἀπόστειλον
3320 5730 3764 5800 τεθραυσμένους

491 5830 618 5871 cum
672 5816 963 5884 libertate,
1019 5829 1073 5874 et
1113 5833 1334 5897 omnem
1389 5821 1647 5894 injustam
1705 5827 2044 5895 syngraphae

2179 5830 2235 5882 ἑν
2268 5826 2459 5897 ἀφέσει
2484 5842 2498 5857 ·
2523 5826 2618 5881 καὶ
2642 5826 2821 5882 πᾶσαν
2850 5843 2943 5879 σου
2976 5824 3303 5897 συγγραφὴν
3325 5825 3509 5880 άδιγον
3532 5822 3758 5877 διάσπα.
