4038 6446
343 428 462 494 905

1139 438 1312 500 LOCI
1352 442 1795 514 COMMUNES.
1825 475 1892 488 -
1922 451 2122 514 PARS
2164 457 2215 519 Ι.
2259 457 2522 520 SERMO
2547 459 2884 523 XXXVIII.

3490 469 3596 533 906

332 547 643 653 dtdlipume
691 551 947 609 πεινῶντι
988 555 1082 609 τὸν
1136 558 1302 630 ἄρτον
1351 578 1471 628 σου,
1528 567 1619 619 καὶ
1668 569 1922 639 πτωχοὺς

2030 580 2177 628 tuam
2212 574 2476 635 dilacera.
2527 579 2769 651 Frangas
2806 581 3065 637 esurienti
3106 598 3297 653 panem
3340 594 3510 649 tuum,
3542 596 3597 640 et

334 637 600 708 άστέγους
641 643 905 713 εἰσάγαγε
958 647 1040 710 είς
1090 646 1183 700 τὸν
1239 647 1388 705 οἶκόν
1438 669 1554 709 σου.
1617 656 1746 711 Ἐάν
1794 637 1909 730 ίδῃς

2030 677 2286 733 pauperes
2315 666 2436 722 sine
2457 668 2993 725 domibusintrodue
3030 673 3082 727 in
3118 675 3260 730 aedes
3298 683 3441 731 tuas.
3485 676 3598 731 Nu-

334 734 563 798 τυμνδν,
589 735 880 818 περίϐαλε,
912 739 1005 790 καὶ
1037 738 1142 794 άπὸ
1166 742 1273 796 τῶν
1300 744 1517 801 οἰκείων
1539 747 1632 802 τοῦ
1663 751 1913 822 σπέρμα-

336 820 427 882 τός
460 838 554 874 σου
585 824 684 893 οὐχ
716 827 999 897 ύπερόψει.

416 911 741 980 ’Υπωπίαζέ
802 934 896 972 σου
945 921 1007 974 τὺ
1065 922 1224 992 σῶμα
1283 926 1375 978 καὶ
1426 926 1781 998 δουλαγῶγει,
1837 932 1913 1001 μή

337 1019 453 1065 πως
484 1005 831 1073 εύεκτοῦντος
864 1011 956 1066 καὶ
1010 1014 1370 1085 ύπερζέοντός
1404 1036 1499 1072 σου
1527 1021 1619 1074 τοῦ
1662 1022 1914 1094 αἵματος,

338 1096 562 1167 ἀφορμὴ
596 1098 736 1169 πρὸς
762 1102 1038 1173 ἁμαρτίαν
1065 1107 1098 1177 ἡ
1131 1108 1470 1181 πολυσαρκία
1502 1113 1751 1184 γένηται.

413 1188 504 1278 Μὴ
555 1190 816 1247 κολὰκευέ
859 1212 953 1248 σου
994 1199 1094 1267 τὴν
1122 1200 1299 1264 σάρκα
1344 1201 1496 1275 ὕπνῳ
1532 1207 1626 1259 καὶ
1671 1206 1919 1278 λουτροῖς

340 1277 437 1329 καὶ
479 1279 745 1349 μαλακοῖς
795 1285 1132 1356 στρώμασιν,
1183 1293 1269 1344 ἀεὶ
1326 1293 1598 1363 ἐπιλέγων
1651 1298 1712 1352 τὸ
1765 1277 1919 1369 ῥῆμα

342 1369 501 1422 τοῦτο
527 1385 543 1401 ο
572 1373 668 1433 Τίς
698 1375 935 1442 ὠφέλεια
981 1378 1040 1431 ἐν
1069 1379 1145 1449 τῷ
1178 1383 1372 1445 αἵματί
1401 1402 1525 1453 μου,
1555 1388 1614 1441 ἐν
1643 1389 1720 1458 τῷ
1748 1407 1917 1444 κατα-

345 1457 552 1552 ϐαίνειν
611 1480 678 1532 με
734 1465 816 1528 εἰς
862 1466 1190 1540 διαφθοράν;
1244 1473 1395 1544 Ὀσῳ
1447 1468 1557 1549 γάρ
1609 1457 1922 1552 παχυτέραν

344 1551 522 1622 σάρκα
558 1556 769 1627 σεαυτῷ
812 1562 1006 1626 ποιεῖς,
1047 1565 1288 1636 τοσούτῳ
1334 1566 1640 1641 βαρύτερον
1671 1574 1736 1643 τῇ
1768 1551 1916 1642 ψυχῇ

343 1645 774 1714 κατασκευάζεις
803 1653 862 1707 τὸ
884 1654 1277 1730 δεσμωτήριον.

327 1738 333 1743 ”
422 1734 663 1808 Ἀληθῶς
692 1742 963 1817 ἐγκρατής
1007 1752 1153 1806 ἐστιν
1199 1752 1228 1805 δ
1272 1755 1475 1820 παντὸς
1524 1756 1731 1823 πάθους
1773 1762 1915 1816 ἀνώ-

341 1834 626 1922 τερος,καὶ
649 1835 855 1904 μηδένα
879 1839 938 1904 ἐξ
963 1841 1153 1912 ἡδονῆς
1198 1846 1487 1917 ὲρεθισμδν
1534 1852 1919 1922 προσιέμενος,

2014 753 2143 808 dum
2197 756 2242 810 si
2279 756 2479 815 videris
2509 799 2525 827 ,
2582 762 2802 827 restito,
2863 770 2917 816 et
2965 775 3224 834 cognatos
3269 768 3483 837 generis
3517 770 3593 822 tui

2017 860 2125 899 non
2156 851 2485 916 asperneris.

2095 938 2315 998 Basilii.
2342 942 2549 1013 Sugilla
2571 961 2769 1017 corpus
2798 958 2948 1003 tuum
2968 958 3022 1005 et
3045 952 3305 1006 servitute
3332 952 3593 1020 astringe,

2022 1047 2088 1087 ne
2121 1042 2215 1089 tuo
2246 1037 2513 1107 sanguine
2544 1048 2706 1095 aucto
2731 1050 2781 1096 et
2807 1041 3220 1107 effervescente.
3267 1045 3335 1099 ad
3371 1060 3600 1113 peccan—

2021 1123 2147 1176 dum
2184 1124 2402 1180 occasio
2433 1126 2530 1180 tibi
2574 1129 2664 1181 iiut
2694 1144 2957 1187 carnosus
2978 1131 3222 1200 corporis
3251 1132 3490 1188 habitus.

2092 1213 2172 1270 Ne
2218 1219 2437 1287 corpori
2479 1228 2578 1273 tuo
2627 1221 2907 1277 blandiare
2940 1238 3154 1290 somno,
3185 1234 3238 1279 et
3284 1223 3515 1289 balneis,
3546 1235 3600 1280 et

2025 1305 2281 1362 mollibus
2335 1308 2628 1378 stragulis,
2689 1326 2903 1379 semper
2938 1312 3050 1367 haec
3073 1314 3238 1368 verba
3268 1311 3596 1383 proferens:

2028 1393 2289 1462 Quaenam
2350 1399 2558 1454 utilitas
2617 1404 2870 1462 sanguini
2924 1418 3048 1458 tneo
3094 1418 3181 1459 me
3240 1405 3601 1460 descendente

2025 1487 2134 1561 74
2168 1489 2221 1544 in
2251 1489 2658 1559 perditionem?
2687 1491 2821 1547 Nam
2851 1509 2961 1563 quo
3000 1494 3325 1550 crassiorem
3354 1494 3453 1549 tibi
3482 1509 3602 1549 car-

2027 1597 2149 1637 nem
2181 1583 2447 1653 acquiris,
2477 1584 2579 1639 hoc
2617 1585 2920 1654 graviorem
2966 1586 3163 1642 animae
3195 1596 3300 1643 tua:
3326 1600 3599 1642 carcerem

2027 1686 2209 1743 paras.

2105 1762 2241 1820 Vere
2267 1765 2559 1820 continens
2592 1776 2675 1821 est
2707 1766 2798 1834 qui
2827 1767 2972 1821 omni
3007 1765 3414 1836 perturbatione
3441 1779 3603 1835 supe-

2030 1855 2141 1909 rior
2176 1864 2279 1920 est,
2303 1865 2356 1910 et
2393 1856 2600 1910 nullum
2634 1857 2930 1926 voluptatis
2961 1858 3363 1912 irritamentum
3400 1858 3601 1912 admit-

343 1919 773 2016 diA’Aérxpart‘b;
800 1930 896 1984 καὶ
924 1933 1218 2001 ἀνενδότως
1252 1938 1386 2009 πρὸς
1409 1919 1592 1996 πᾶσαν
1617 1919 1921 2001 ἀπόλαυσιν

2030 1944 2109 2010 tit,
2138 1945 2233 2000 sed
2265 1919 2447 2000 animo
2494 1947 2681 2000 sobrio
2722 1919 2777 2001 et
2806 1962 3073 2016 nusquam
3115 1947 3343 2003 cedente
3392 1947 3458 2002 ad
3487 1961 3604 2001 om-

348 2011 620 2085 βλασερὰν
649 2018 1012 2091 διακείμενος.

429 2105 756 2179 Ἑγκράτειά
812 2115 961 2171 ἐστιν
1023 2121 1300 2192 ἁμαρτίας
1355 2126 1674 2197 ἀναίρεσις,
1728 2128 1921 2185 παθῶν

343 2196 716 2271 ἁλλοτρίωσις,
745 2206 996 2279 σώματος
1046 2213 1332 2285 νέκρωσις.
1363 2196 1704 2276 Φυλάσσεται
1735 2222 1793 2276 δὲ
1824 2221 1922 2277 οὔ·

345 2305 456 2352 τως
493 2293 523 2345 ό
551 2293 648 2360 τῆς
680 2297 1005 2369 ἐγκρατείας
1034 2306 1262 2368 σκοπόν
1309 2310 1421 2372 τοῖς
1469 2311 1569 2376 μὲν
1610 2313 1924 2368 εύτελεστέο

348 2396 469 2445 ροις
512 2385 608 2438 καὶ
653 2387 971 2457 ἀναγκαίοις
1002 2395 1139 2462 πρὸς
1167 2393 1229 2447 τὸ
1272 2394 1372 2468 ζῇν
1408 2397 1571 2472 μέχρι
1601 2404 1701 2472 τῆς
1726 2403 1924 2473 χρείας

347 2475 808 2546 προσδιατρίσειν,
837 2479 948 2535 τῶν
982 2480 1038 2535 δὲ
1084 2485 1224 2555 πρὸς
1271 2486 1461 2559 ἡδονὴν
1504 2490 1734 2545 καθόλου
1784 2492 1922 2549 ἀπέ-

348 2568 566 2637 χεσθαι.

421 2661 586 2717 Ὅσον
636 2664 891 2737 ὑφαιρεϊς
936 2671 1037 2741 τῆς
1086 2673 1311 2744 σαρκὸς,
1337 2674 1594 2730 τοσοῦτον
1624 2678 1797 2740 ποιεῖς
1825 2679 1925 2747 τῆς

348 2757 732 2828 πνευματικῆς
763 2759 975 2828 εὐεξίας
1000 2763 1099 2835 τὴν
1123 2764 1302 2837 ψυχὴν
1326 2765 1694 2821 ἀποστίλϐειν.
1716 2768 1788 2821 Οὐ
1816 2770 1925 2838 γὰρ

347 2849 687 2912 σωματικοῖς
729 2849 921 2920 τόνοις,
972 2855 1111 2910 ἀλλὰ
1160 2857 1425 2928 καρτερίᾳ
1479 2857 1661 2929 ψυχῆς
1713 2859 1809 2912 καὶ
1854 2861 1921 2930 τῇ

349 2937 488 3005 πρὸς
516 2939 614 3005 τὰς
660 2941 871 3012 θλίψεις
911 2944 1154 3019 ὑπομονῇ
1204 2950 1267 3002 τὸ
1305 2949 1441 3020 πρὸς
1487 2949 1613 3015 τοὺς
1661 2951 1927 3022 ἀοράτους

347 3026 577 3099 ἐχθροὺς
605 3024 942 3103 περῖγίνεται
973 3038 1197 3109 κράτος.

428 3119 489 3173 '0
531 3125 598 3193 τῇ
648 3125 812 3195 σαρκὶ
862 3128 1234 3197 προσθέμενος
1279 3130 1340 3186 τδ
1376 3133 1593 3204 πνεῦμα
1639 3150 1922 3201 καταγνω-

351 3205 598 3277 ρίζεται,
652 3211 748 3265 καὶ
802 3213 831 3266 ό
875 3214 1011 3284 πρὸς
1067 3217 1129 3270 τδ
1175 3219 1396 3290 πνεῦμα
1450 3223 1921 3292 καταταξὲιμενος,

344 3297 774 3355 καταδουλοῦται
819 3303 920 3377 τὴν
950 3305 1148 3376 σάρκα.
1185 3310 1372 3367 Ταῦτα
1397 3312 1508 3384 γὰρ
1542 3315 1796 3386 ἀλλήλοις
1830 3317 1921 3369 άν-

350 3392 607 3450 1είκειται.
638 3395 804 3450 Ὥστε
837 3397 887 3451 εί
918 3399 1100 3470 βούλει
1130 3403 1349 3475 ἰσχυρὸν
1396 3408 1622 3479 ποιῆσαι
1655 3409 1748 3462 τὸν
1777 3408 1924 3471 νοῦν,

351 3484 593 3556 δάμασον
622 3486 722 3560 τὴν
749 3489 928 3560 σάρκα
962 3491 1049 3547 διὰ
1083 3495 1360 3563 νηστείας.
1393 3497 1567 3553 Τοῦτο
1592 3499 1702 3570 γάρ
1733 3499 1881 3553 ἔστιν
1901 3500 1930 3553 ὃ

358 3594 523 3649 φησιν
554 3580 585 3634 ό
616 3580 960 3652 Ἀπόστολος,
982 3585 1065 3639 δτι
1113 3605 1132 3639 ι
1165 3587 1331 3641 Ὅσον
1358 3589 1387 3643 δ
1417 3588 1617 3657 ἔξωθεν
1640 3589 1930 3661 ἄνθρωπος

353 3668 750 3744 διαφθείρεται,
770 3673 1021 3730 τοσοῦτον
1044 3679 1074 3731 ό
1101 3676 1212 3733 ἔσω
1237 3680 1642 3738 ἀνακαινοῦταιο
1674 3700 1696 3735 ι
1727 3682 1824 3737 καὶ⁵
1846 3681 1931 3751 τὸ,

359 3776 382 3814 ε
416 3761 589 3818 Ὅταν
615 3765 844 3833 ἀσθενῶ,
869 3767 991 3822 τότε
1019 3767 1242 3836 δύνατός
1268 3773 1405 3843 είμι.
1443 3790 1465 3826 ι

438 3853 660 3926 Ἐπειδὴ
708 3859 808 3912 οὐκ
855 3859 1278 3934 ὲνηστεύσαμεν,
1316 3862 1649 3938 ὲξεπέσομεν
1700 3867 1797 3922 τοῦ
1832 3884 1933 3921 πα-

357 3945 626 4017 ραδείσου.
653 3948 1059 4021 Νηστεύσωμεν
1083 3953 1285 4022 τοίνυν,
1318 3954 1405 4010 ινα
1431 3956 1566 4029 πρὸς
1580 3957 1744 4014 αὐτὸν
1767 3959 1937 4014 ἐπαν-

355 4038 624 4110 ἔλθωμεν.

427 4132 798 4204 Νηστεύοντος
835 4135 1034 4206 σεμνὸν
1059 4137 1123 4191 τὸ
1152 4138 1376 4211 χρῶμα,
1410 4139 1516 4197 ούκ
1555 4142 1638 4207 είς
1678 4143 1934 4216 ἐρύθημα

357 4224 614 4292 ἐξανθοῦν
662 4228 901 4294 ἀναιδὲς,
932 4228 1048 4284 ἀλλ’
1074 4230 1348 4304 ὠχρότητι
1394 4233 1633 4305 σώφρονι
1658 4252 1937 4308 κεκοσμη-

365 4319 565 4389 μένονθ
605 4318 888 4391 ὀφθαλμὸς
942 4321 1146 4392 πραῢς,
1198 4324 1638 4398 κατεσταλμένον
1670 4327 1933 4400 βάδισμα,

360 4410 649 4482 πρόσωπον
681 4411 924 4479 σύννουν,
960 4413 1245 4486 ἀκολάστῳ
1281 4415 1485 4480 γέλωτι
1541 4417 1619 4489 μὴ
1666 4417 1932 4491 καθυϐρι-

359 4499 609 4571 ζόμενον,
639 4505 949 4575 συμμετρία
976 4505 1158 4573 λόγου,
1194 4507 1506 4578 καθαρότης
1535 4509 1788 4580 καρδίας.

2025 2050 2145 2089 nem
2180 2034 2489 2089 fruitiOuem
2524 2035 2741 2089 noxiam
2770 2035 3021 2090 adicitur.

2097 2125 2444 2182 Continentia
2470 2137 2748 2195 peccatum
2784 2127 3049 2182 interimit
3069 2166 3084 2189 ,
3111 2125 3338 2181 aii‘ectus
3363 2134 3598 2189 amovet,

2022 2233 2221 2290 corpus
2249 2218 2560 2273 mortiﬁcat.
2603 2219 2864 2273 Servatur
2909 2228 3091 2273 autem
3126 2219 3228 2273 bne
3277 2219 3439 2274 modo
3470 2234 3603 2275 con-

2026 2311 2273 2367 tinentize
2298 2325 2525 2380 scapus,
2551 2312 2596 2365 si
2639 2309 2921 2366 vilioribus
2946 2310 3166 2379 quidem
3197 2319 3250 2365 et
3278 2312 3601 2365 necessariis

2025 2405 2089 2456 ad
2128 2402 2297 2456 vitam
2330 2409 2596 2470 quantum
2625 2400 2857 2471 requirit
2885 2417 3017 2456 usus
3043 2400 3346 2466 adluereas,
3379 2400 3446 2455 iis
3471 2416 3601 2455 vero

2024 2509 2144 2563 quae
2185 2495 2251 2549 ad
2282 2494 2620 2565 voluptatem
2654 2493 2970 2563 pertinent,
3012 2508 3236 2563 prorsus
3265 2492 3563 2548 abstineas.

2096 2670 2373 2736 Quantum
2408 2670 2609 2727 adimis
2636 2671 2791 2726 carui
2825 2710 2844 2737 ,
2908 2680 3061 2726 tanto
3104 2672 3412 2728 nitidiorem
3442 2672 3606 2742 spiri-

2027 2762 2158 2815 tuali
2227 2761 2413 2816 habitu
2488 2762 2672 2817 reddis
2730 2763 2993 2817 animam.
3031 2762 3147 2818 Non
3199 2765 3344 2819 enim
3395 2764 3605 2819 viribus

2025 2856 2295 2926 corporis,
2331 2857 2424 2911 sed
2467 2856 2661 2911 animat
2694 2858 3053 2921 continentia,
3095 2866 3151 2912 et
3189 2860 3241 2912 in
3296 2858 3605 2913 alllictioui-

2026 2951 2128 3004 bus
2164 2949 2454 3019 patientia,
2481 2948 2741 3005 adversus
2766 2947 3152 3018 inconspicuos
3180 2950 3361 3004 hostes
3380 2949 3603 3005 victoria

2023 3049 2398 3110 comparatur.

2091 3131 2199 3199 Qui
2224 3146 2446 3221 carnem
2487 3141 2670 3203 anget,
2718 3131 2970 3206 spiritum
3008 3132 3256 3204 impedit,
3290 3140 3345 3187 et
3371 3131 3462 3203 qui
3490 3133 3603 3202 spi-

1949 3257 1992 3316 C
2028 3224 2161 3282 ritui
2183 3241 2241 3283 se
2276 3227 2560 3297 coujungit
2590 3266 2605 3291 ,
2664 3241 2886 3282 carnem
2920 3226 3145 3294 subigit.
3178 3223 3302 3281 llaec
3331 3225 3477 3280 enim
3509 3225 3604 3279 ad-

2027 3330 2320 3375 versantur
2356 3318 2458 3376 sihi
2490 3319 2744 3376 invicem.
2785 3320 2928 3390 Ergo
2976 3319 3021 3374 si
3074 3327 3306 3373 mentem
3345 3318 3606 3374 roborare

2030 3411 2185 3475 velis,
2211 3411 2435 3466 domato
2476 3425 2698 3466 carnem
2734 3409 2972 3480 jejunio.
3011 3409 3297 3480 lloe,enim
3345 3419 3432 3465 est
3459 3409 3609 3480 quod

2033 3501 2215 3573 inquit
2249 3502 2569 3572 Apostolus,
2603 3519 2625 3555 ι
2661 3499 2932 3567 Quantum
2973 3510 3235 3558 externus
3276 3502 3439 3557 homo
3486 3515 3610 3556 cor-

2029 3592 2328 3664 rumpitur,
2361 3602 2575 3649 tantutn
2608 3600 2903 3648 renovatur
2929 3593 3212 3660 internus;
3238 3611 3258 3645 ι
3293 3601 3349 3649 et
3376 3606 3605 3648 rursus:

2038 3703 2058 3737 ε
2084 3684 2224 3741 Cum
2252 3686 2502 3756 langueo,
2539 3695 2654 3741 tum
2683 3683 2897 3741 validus
2925 3699 3070 3740 sum.
3110 3701 3131 3736 ι

2103 3861 2247 3928 Quia
2292 3876 2400 3917 non
2426 3860 2836 3933 jejunavimus,
2868 3861 3177 3919 excidimus
3198 3859 3496 3933 paradiso;
3531 3856 3612 3930 je-

2028 3950 2292 4022 juuemus
2320 3951 2509 4023 igitur,
2545 3959 2604 4006 ut
2643 3951 2696 4006 in
2723 3950 3037 4023 paradisum
3063 3952 3374 4006 redeamus.

2105 4134 2384 4208 Jejunanti
2415 4135 2571 4193 color
2609 4136 2872 4193 honestus
2915 4144 3041 4199 est.
3100 4151 3208 4192 non
3235 4134 3615 4191 ellioresoente

2036 4224 2245 4283 lascivo
2273 4226 2496 4291 rubore,
2529 4224 2626 4281 sed
2660 4225 2867 4294 pallore
2892 4225 3081 4283 sobrio
3109 4233 3341 4281 ornatus
3368 4240 3386 4292 ;
3419 4222 3614 4279 oculus

2036 4318 2212 4382 mitis,
2267 4317 2614 4388 compositus
2657 4332 2923 4388 gressus;
2957 4317 3141 4373 vultus
3191 4316 3611 4388 cogitabundus,

2036 4424 2147 4466 non
2184 4407 2476 4465 luxurioso
2532 4408 2646 4462 risu
2690 4407 3007 4464 indecenter
3033 4406 3305 4472 aﬂectus;
3346 4407 3614 4461 modestia

2037 4503 2333 4567 sermonis,
2369 4500 2579 4570 puritas
2610 4499 2812 4556 cordis.
2864 4536 2871 4543 ι

434 4596 670 4650 Ἀτοπόν
716 4597 833 4650 ἐστι
874 4596 950 4668 μὴ
995 4598 1206 4669 χαίρειν
1247 4600 1343 4653 ἐπὶ
1372 4598 1535 4671 ὑγεία
1560 4599 1759 4673 ψυχῆς,
1795 4600 1929 4657 ἀλλὰ

2106 4592 2417 4649 Absurdum
2443 4601 2527 4649 est
2551 4608 2657 4657 non
2681 4593 2916 4662 gaudere
2934 4593 3004 4649 ob
3036 4593 3235 4648 animat
3266 4593 3616 4648 incolumita-

358 4684 648 4741 λυπεῖσθαι
707 4688 801 4742 ἐπὶ
853 4689 1158 4760 βρωματων
1214 4690 1506 4762 ὲναλλαγῇ,
1551 4692 1647 4746 καὶ
1712 4692 1937 4747 πλείονα

361 4779 524 4851 χάριν
567 4781 853 4851 φαίνεσθαι
898 4782 1138 4846 διδόντας
1191 4782 1352 4855 ἡδονῇ
1393 4784 1633 4855 γαστρὸς
1678 4784 1712 4858 ἢ
1746 4786 1941 4856 ἐπιμε-

362 4869 485 4942 λείᾳ
509 4871 687 4942 ψυχῆς
708 4889 724 4905 ·
756 4872 918 4943 κόρος
952 4874 1052 4944 μὲν
1076 4872 1186 4942 γὰρ
1235 4876 1318 4938 είς
1365 4876 1611 4948 γαστέρα
1648 4876 1749 4949 τὴν
1777 4877 1939 4948 χάριν

368 4961 573 5036 ἵστησι,
592 4965 813 5035 νηστεία
841 4964 899 5020 δὲ
923 4965 1060 5038 πρὸς
1081 4965 1259 5038 ψυχὴν
1291 4966 1614 5034 ἀναϐιϐάζει
1641 4973 1702 5023 τὸ
1725 4970 1938 5041 κέρδος.

439 5141 596 5196 Ἐστι
621 5141 721 5213 μὲν
749 5139 842 5196 οὖν
873 5141 1052 5196 πάντα
1073 5143 1166 5198 τὸν
1201 5145 1395 5216 χρόνον
1423 5147 1457 5215 ἠ
1491 5146 1716 5218 νηστεία
1744 5146 1942 5217 ὠφέλι-

372 5250 470 5306 μος
496 5236 607 5299 τοῖς
637 5234 986 5306 αἱρουμένοις
1011 5236 1203 5307 αὑτήν.
1239 5237 1380 5292 Οὔτε
1407 5239 1519 5308 γὰρ
1544 5239 1779 5310 ὲπήρεια
1821 5237 1942 5294 δαι-

372 5327 551 5397 μόνων
577 5327 898 5398 κατατολμᾷ
938 5327 1035 5382 τοῦ
1086 5329 1458 5400 νηστεύοντος,
1489 5331 1583 5385 καὶ
1613 5332 1663 5384 oi
1705 5331 1944 5401 φύλακες

368 5423 468 5493 τῆς
496 5420 645 5492 ζωῆς
665 5421 824 5493 ἡμῶν
843 5420 1067 5491 ἄγγελοι
1094 5422 1526 5493 φιλοπον·ἱ›τερον
1557 5423 1943 5496 παραμένουσι

371 5510 483 5572 τοις
512 5509 603 5563 διὰ
627 5509 883 5581 νηστείας
914 5510 1372 5582 κεκαθαρμένοις.

441 5600 536 5672 Μὴ
580 5600 766 5672 μέντοι
807 5600 868 5654 ιν
905 5601 974 5672 τῇ
995 5600 1176 5672 ἁποχῇ
1207 5599 1372 5671 μόνον
1398 5599 1508 5656 τῶν
1550 5601 1858 5673 βρωμάτων
1886 5601 1949 5657 τδ

372 5689 438 5747 lat
461 5691 558 5761 τῆς
587 5689 842 5764 νηστείας
867 5688 1071 5758 ἀγαθὸν
1092 5690 1299 5763 ὀρίζον.
1329 5690 1576 5763 Νηστεία
1600 5693 1710 5764 γὰρ
1737 5692 1949 5764 ἀληθὴς

371 5783 409 5854 ἡ
446 5779 556 5838 τῶν
586 5781 775 5838 κακῶν
811 5780 1187 5853 άλλοτρίωσις.
1225 5799 1248 5837 ε
1284 5781 1394 5839 Atia
1436 5782 1614 5839 πάντα
1653 5782 1951 5858 σύνδεσμον

378 5872 618 5938 ἀδικίας,
646 5873 783 5942 ἄφες
808 5871 886 5944 τῷ
910 5873 1141 5950 πλησίον
1162 5874 1264 5943 τὴν
1300 5871 1504 5944 λύπην,
1536 5874 1673 5947 ἄφες
1702 5875 1850 5934 αύτῷ
1882 5875 1950 5933 τά

703 5969 972 6030 Ρλτιιοι.
1009 5972 1128 6031 Gn.
1160 5966 1498 6032 CXXXVI.

2042 4699 2173 4755 tem,
2206 4688 2298 4747 sed
2324 4694 2543 4760 propter
2573 4685 2728 4742 cibos
2759 4692 2999 4742 mutatos
3043 4684 3247 4740 tristari
3274 4724 3293 4751 ,
3341 4695 3396 4740 et
3440 4686 3615 4740 videri

2040 4782 2215 4852 magis
2272 4779 2572 4851 gratiﬁcari
2614 4777 2879 4848 voluptati
2921 4777 3170 4845 ventris,
3218 4793 3383 4848 quam
3419 4779 3616 4834 animae

2041 4870 2234 4926 cultui.
2268 4869 2564 4926 'Satietatis
2612 4867 2758 4922 enim
2802 4866 2979 4935 gratia
3023 4865 3165 4921 intra
3205 4876 3448 4923 ventrem
3487 4882 3621 4923 con-

2041 4963 2209 5025 sistit,
2253 4960 2524 5032 jejunium
2581 4972 2711 5014 vero
2765 4958 2833 5013 ad
2876 4957 3117 5012 animam
3170 4973 3349 5029 usque
3399 4960 3616 5015 lucrum

2041 5055 2238 5110 elevat.

2116 5141 2345 5212 Semper
2396 5142 2618 5211 quidem
2657 5141 2791 5198 utile
2819 5152 2904 5198 est
2926 5142 3195 5214 jejunium
3227 5140 3622 5211 usurpantibus

2046 5251 2134 5292 se.
2167 5235 2304 5290 Nam
2359 5249 2543 5305 neque
2599 5234 2932 5291 contumelia
2978 5235 3290 5291 daemonum
3321 5232 3622 5305 quidquam

2045 5329 2207 5385 audet
2235 5330 2496 5383 adversus
2518 5324 2876 5397 jejuuantem,
2904 5335 2961 5382 et
2983 5327 3108 5383 vitae
3125 5336 3332 5384 nostra
3359 5325 3623 5384 custodes

2048 5419 2227 5491 angeli
2257 5417 2500 5475 alacrius
2536 5425 2759 5475 manent
2780 5419 2926 5491 apud
2957 5417 3081 5475 illos
3111 5418 3207 5490 qui
3235 5433 3330 5490 per
3350 5417 3629 5489 jejunium

2047 5509 2264 5583 purgati
2292 5519 2442 5567 sunt.

2116 5601 2232 5658 Ιεα.
2263 5616 2420 5658 Lvut.
2446 5599 2566 5658 Non
2607 5599 2665 5657 in
2696 5599 3026 5658 abstinentia
3054 5601 3231 5657 solum
3258 5601 3506 5657 ciborum
3543 5599 3625 5670 je-

2046 5693 2191 5764 junii
2223 5694 2431 5751 bonum
2457 5691 2910 5751 circumscribas.
2939 5692 3143 5748 Verum
3173 5694 3320 5747 enim
3354 5692 3625 5763 jejunium

2051 5794 2139 5844 est
2162 5787 2431 5844 malorum
2465 5786 2744 5844 alienatio.
2795 5804 2817 5840 ι
2871 5783 3035 5842 Solve
3066 5798 3285 5840 omnem
3321 5783 3627 5854 lniquitatia

2056 5877 2280 5936 nodum'
2316 5879 2534 5937 remitte
2562 5878 2866 5935 molestiam
2886 5877 3175 5949 proximo;
3210 5874 3424 5931 remitte
3451 5875 3502 5930 ei
3528 5876 3632 5935 (ει-τ.

3179 5965 3257 6026 29
