4038 6398
436 401 547 464 909

1225 408 1396 470 LOCI
1433 410 1884 481 COMMUNES.
1909 441 1976 452 —
2021 417 2216 481 PARS
2259 421 2306 484 Ι.
2354 421 2615 488 SERMO
2650 427 2932 488 XXXIX.

3589 424 3700 490 910

435 521 658 598 Βάδιζε,
719 520 994 592 κατάϐηθι
1061 522 1121 576 τὺ
1179 521 1346 596 τάχος
1377 517 1679 584 Ἐντεῦθεν.
1734 531 2009 602 Ἦνόμησε

2134 536 2294 594 ninus
2331 541 2398 596 ad
2428 541 2607 598 Mosen
2641 543 2724 606 τι,
2761 551 2816 599 et
2860 543 3045 598 statim
3085 543 3211 600 ltinc
3237 543 3542 609 descende;
3573 561 3698 614 pec-

435 615 545 684 γὰρ
587 614 615 666 ό
664 611 791 674 λαός
833 629 950 678 σου,
1007 614 1101 679 οὓς
1142 616 1412 687 ἐξήγαγες
1454 621 1516 675 ἐκ
1559 623 1662 690 γῆς
1711 623 2013 693 Αἰγύπτου,

434 703 752 774 παρέϐησαν
781 705 920 774 ταχὺ
955 704 1020 758 ἐκ
1063 706 1163 775 τῆς
1209 708 1350 774 ὀδοῦ,
1391 707 1458 782 ἧς
1510 715 1766 770 ένετείλω
1796 716 2012 780 αὐτοῖς·

434 792 700 862 ἐποίησαν
729 793 947 859 ἑαυτοῖς
983 796 1186 867 μόσχον
1213 803 1502 871 χωνευτὸν,
1551 806 1645 858 καὶ
1671 808 2014 878 προσεκύνη-

436 901 535 938 σαν
567 883 738 953 αὐτῷ.

527 975 596 1033 Ἥ
627 975 856 1047 δύναμις
882 978 974 1032 τοῦ
1000 981 1219 1037 Σατανᾶ
1244 984 1333 1038 ἐπ’
1357 986 1606 1057 ὀμφαλοῦ
1642 989 1900 1061 γαστρός.

508 1154 600 1226 Μὴ
640 1155 986 1226 ἀπληστεύου
1034 1160 1124 1214 ἐπὶ
1169 1157 1470 1242 τραπέζης,
1508 1170 1583 1240 μή
1621 1183 1750 1224 ποτε
1781 1169 2017 1239 προσκό-

438 1247 568 1321 ψῃς·
923 1271 946 1283 -

479 1263 672 1413 ῃΨυχὴ
701 1345 762 1398 ὲν
787 1347 1070 1421 πλησμονῇ
1100 1347 1237 1406 οὖσα
1272 1352 1487 1424 κηρίοις
1536 1356 1795 1425 ἐμπαίζει
1819 1372 1834 1387 ⁶
1868 1355 2015 1427 ψυχῇ

441 1431 497 1484 δὲ
524 1434 695 1490 ἐνδεεῖ
721 1439 815 1494 καὶ
846 1439 914 1494 τὰ
943 1443 1114 1514 πικρά
1144 1443 1358 1512 γλυκέα
1401 1446 1675 1517 φαίνεται.

514 1614 613 1678 Ὃς
638 1621 1037 1694 κατασπαταλᾷ
1069 1622 1131 1675 ὲκ
1173 1624 1450 1697 παιδόθεν,
1479 1629 1700 1702 οἰκέτης
1729 1630 1904 1687 ἔσται.

523 1791 612 1845 Ἑν
671 1794 738 1866 τῇ
805 1794 983 1868 κοιλίᾳ
1052 1797 1342 1872 έπτέρνισε
1418 1801 1510 1859 τὸν
1558 1804 1787 1874 ἀδελφὺν
1845 1805 2011 1861 αύτοῦ

451 1882 667 1940 Ἶακώὄ.

509 1978 574 2032 Οί
598 1978 956 2045 καθεύδοντες
995 1981 1089 2038 ἐπὶ
1120 1983 1320 2040 κλινῶν
1347 1986 1737 2056 ἐλεφαντίνων,
1779 1990 1874 2044 καὶ
1919 2008 2020 2045 κα-

437 2073 893 2138 τασπαταλῶντες
924 2075 1017 2129 ἐπὶ
1046 2079 1169 2142 ταῖς
1195 2083 1511 2149 στρωμναῖς
1536 2081 1739 2146 αὐτῶν,
1772 2084 1823 2136 οἱ
1859 2101 2020 2137 κατε-

441 2165 685 2229 σθίοντες
733 2168 955 2238 ἐρίφους
1013 2170 1080 2223 ἐκ
1135 2171 1422 2241 ποιμνίων,
1482 2175 1577 2227 καὶ
1629 2175 1904 2247 μοσχάρια
1960 2177 2022 2228 ὲκ

443 2259 615 2326 μέσου
663 2258 962 2329 βουκολίων
1006 2261 1310 2331 γαλαθηνὰ,
1343 2265 1391 2316 oi
1429 2263 1677 2326 πίνοντες
1714 2265 1806 2317 τὸν
1859 2264 2021 2320 διυλι-

444 2353 641 2423 σμένον
672 2351 836 2418 οἶνον,
868 2354 962 2408 καὶ¹
991 2354 1062 2409 τά
1092 2355 1285 2426 πρῶτα
1315 2355 1464 2427 μύρα
1495 2357 1799 2426 χρεόμενοι.

513 2447 651 2500 Οὐαὶ
682 2448 732 2502 οί
767 2445 1109 2517 ἐγειρόμενοι
1153 2447 1216 2500 τὸ
1252 2447 1401 2518 πρωῒ
1433 2451 1528 2504 καὶ
1565 2451 1627 2504 τὸ
1661 2452 1860 2520 σίκερα
1896 2451 2023 2505 6U?)-

441 2549 648 2599 κοντες,
688 2534 737 2588 oi
791 2535 1046 2606 μένοντες
1103 2537 1165 2614 τὸ
1207 2533 1329 2606 ὀψέ.
1379 2537 1438 2591 '0
1488 2540 1597 2612 γὰρ
1641 2537 1782 2605 οἶνος
1826 2542 2022 2604 αύτοῦς

442 2625 722 2680 ὲκκαύσεμ

526 2718 734 2771 Ὀπίσω
762 2718 872 2773 τῶν
902 2719 1214 2788 ἐπιθυμιῶν
1258 2739 1352 2776 σου
1386 2723 1462 2794 μὴ
1504 2723 1770 2796 πορεύου,
1795 2727 1889 2780 καὶ
1917 2726 2025 2780 ἀπὸ

441 2809 551 2862 τῶν
579 2809 811 2880 ὀρέξεών
845 2828 940 2866 σου
971 2812 1204 2868 κωλύου.
1247 2813 1374 2868 Ἐὰν
1425 2817 1748 2891 χορηγήσῃς
1778 2820 1846 2887 τῇ
1872 2818 2020 2889 ψυχῇ

443 2916 538 2953 σευ
617 2899 886 2972 χορηγίαν
949 2902 1271 2974 ἐπιθυμίας,
1323 2905 1544 2976 ποιήσει
1621 2923 1682 2960 σε
1739 2908 2023 2980 ἐπίχαρμα

442 2992 535 3062 ὲχθ
545 2992 651 3061 ρῶν
679 3010 793 3048 σου.

513 3084 605 3154 Μὴ
632 3086 926 3158 εὐφραίνου
953 3089 1046 3145 ἐπὶ
1069 3089 1235 3163 πολλῇ
1260 3091 1462 3162 τρυφῇ.
1483 3091 1722 3164 Στρόφος
1749 3093 1858 3164 γὰρ
1885 3094 2023 3164 μετά

441 3179 635 3249 ἀνδρὸς
670 3181 972 3252 ἀπλήστου.

512 3275 605 3342 Μὴ
647 3272 992 3342 ἀπληστεύου
1027 3275 1085 3328 ἐν
1115 3274 1265 3347 πάσῃ
1319 3278 1502 3348 τρυφῇ
1530 3291 1546 3308 ⁶
1578 3276 1637 3332 ὲν
1667 3279 1877 3341 πολλοῖς
1911 3278 2015 3350 γὰρ

444 3351 730 3438 βρώμασιν
761 3367 914 3422 ἔσται
953 3367 1134 3431 νόσος.

525 3458 692 3530 Ἀνὴρ
720 3457 934 3530 βλέπων
957 3462 1039 3524 είς
1076 3460 1368 3532 ἀλλοτρίαν
1399 3462 1704 3534 τράπεζαν,
1736 3462 1839 3517 οὐκ
1871 3462 2022 3520 ἔστιν

439 3555 470 3608 ὁ
497 3553 611 3624 βίος
636 3553 800 3608 αὐτοῦ
829 3555 887 3608 ἐν
923 3552 1173 3624 λογισμῷ
1199 3553 1372 3624 ζωῆς.

517 3647 758 3712 Ἀὓπνός
781 3650 896 3702 ἐστι
922 3647 1018 3702 καὶ
1048 3647 1350 3718 ἀκοίμητος
1376 3647 1517 3718 πρὸς
1537 3648 1751 3722 τὴντοῦ
1774 3651 2022 3718 πλείονος

444 3743 744 3816 ἐπιθυμίαν
771 3744 806 3816 ἠ
841 3742 1160 3814 ἀνθρωπίνη
1192 3743 1378 3813 φύσις.

519 3927 878 4000 Βαρυνομένη
907 3925 1127 3998 γαστὴρ
1154 3925 1258 3997 οὐχ
1303 3925 1453 3992 ὅπως
1478 3928 1618 3998 πρὸς
1646 3928 1870 4000 δρόμον,
1907 3931 2026 3985 ἀλλ’

443 4020 569 4076 om
617 4020 756 4091 πρὸς
805 4019 972 4074 ὕπνον
1024 4019 1176 4074 ἐστὶν
1227 4019 1720 4090 ἑπιτηδεία,’διότι
1767 4023 2027 4078 καταθλι-

446 4119 652 4190 ϐομένη
705 4113 782 4188 τῷ
835 4115 1033 4186 πλήθει
1075 4115 1184 4169 οὐδ’
1216 4115 1449 4186 ἠρεμεῖν
1483 4117 1875 4188 συγχωρεῖται,
1909 4118 2032 4174 ἀλλ’

445 4209 816 4279 ἀναγκάζεται
844 4207 1048 4272 πολλὰς
1099 4205 1371 4260 ποιεῖσθαι
1403 4206 1502 4270 τὰς
1530 4209 1906 4279 περιστροφάς
1937 4211 2027 4282 ἐφ’

447 4303 710 4373 ἑκάτερα.

521 4393 741 4465 Γαστὴρ
773 4391 1148 4461 συναλλακτής
1178 4388 1330 4444 ἐστιν
1371 4390 1764 4459 ἀπιστότατος,
1793 4394 2025 4462 ταμεῖον

2124 633 2267 688 cavit
2312 634 2454 688 enim
2503 636 2742 705 populus
2791 644 2918 690 tuus
2972 651 3113 706 quos
3167 636 3402 691 eduxisti
3440 636 3507 692 de
3556 645 3698 692 terra

2123 723 2361 797 Egypti,
2396 727 2504 782 cito
2533 728 2870 796 prxvaricati
2930 738 3056 782 sunt
3086 745 3114 782 a
3152 728 3234 782 via
3257 769 3270 794 ,
3307 743 3468 798 quam
3501 729 3710 798 prtece-'

2121 817 2253 886 pisti
2284 817 2398 880 eis,
2433 817 2681 872 fecerunt
2722 819 2824 874 sibi
2857 820 2990 888 ipsis
3010 819 3239 874 vitulum
3261 818 3611 886 conﬂatilem,
3645 831 3701 874 et

2125 909 2425 965 adorarunt
2456 925 2601 963 cunt.

2202 1001 2303 1057 Job
2340 1018 2427 1056 ιι.
2479 1000 2724 1057 Potentia
2781 1001 2996 1057 Satanae
3057 1003 3160 1059 sita
3214 1011 3298 1058 est
3346 1004 3399 1059 in
3435 1003 3694 1059 umbilico

2119 1096 2350 1152 ventris.

2190 1186 2271 1243 Ne
2327 1187 2663 1257 inexplebilis
2716 1196 2833 1243 esto
2868 1187 2922 1242 in
2965 1202 3175 1254 mensa,
3234 1203 3302 1243 ne
3353 1189 3570 1258 quando
3611 1183 3699 1240 of-

2119 1279 2334 1337 fendas.

2193 1373 2357 1430 Prov.
2408 1389 2574 1430 xxvu.
2633 1374 2830 1429 Anima
2877 1374 3080 1444 repleta
3131 1372 3284 1427 favos
3331 1371 3696 1428 conitemnit:

2122 1466 2318 1521 animae
2384 1482 2514 1521 vero
2576 1467 2840 1537 indigenti
2914 1482 3101 1520 amara
3161 1478 3382 1534 quoque
3444 1463 3701 1518 videntur

2122 1558 2326 1612 duit-ia.

2191 1647 2332 1704 Ibid.
2385 1665 2536 1704 xxix.
2609 1649 2714 1715 Qui
2761 1649 3027 1705 delicatus
3073 1659 3157 1706 est
3209 1665 3238 1706 a
3285 1666 3476 1721 puero,
3513 1668 3702 1710 servus

2117 1742 2224 1798 erit
2247 1741 2348 1814 (1).

2189 1834 2344 1892 Osee.
2389 1833 2448 1892 lu
2477 1843 2631 1891 utero
2660 1836 2852 1892 matris
2881 1834 3106 1894 fratrem
3136 1851 3300 1893 suum
3331 1839 3704 1910 supplantavit

2122 1925 2315 1982 Jacob.

2195 2019 2354 2075 Amas
2381 2027 2454 2074 vt.
2508 2018 2612 2086 Qui
2653 2019 2936 2075 dormiunt
2976 2019 3030 2074 in
3067 2019 3226 2076 lectis
3256 2018 3538 2086 eburneis,
3563 2021 3700 2076 etin

2125 2110 2382 2180 stragulis
2421 2110 2535 2164 suis
2562 2109 2937 2178 deliciantur;
2975 2110 3066 2182 qui
3110 2109 3294 2167 haedos
3341 2127 3409 2168 ex
3443 2111 3704 2183 gregibus

2125 2203 2444 2266 comedunt,
2497 2210 2556 2257 et
2608 2201 2811 2260 vitulos
2868 2205 3091 2259 teneros
3141 2220 3206 2260 ex
3259 2204 3549 2265 armentis.
3605 2205 3702 2272 qui

2125 2296 2314 2350 vinum
2351 2293 2657 2348 defecatum
2700 2293 2919 2360 bibunt,
2971 2301 3026 2349 et
3079 2293 3370 2366 praecipuis
3404 2295 3703 2367 unguentis

2125 2394 2428 2456 unguntur.

2197 2477 2312 2534 Isa.
2349 2493 2400 2534 v.
2439 2476 2530 2534 νινε
2566 2478 2672 2535 illis
2705 2479 2798 2550 qui
2848 2487 3082 2548 surgunt
3134 2495 3296 2535 mane
3353 2487 3408 2536 et
3461 2481 3696 2536 siceram

2126 2581 2429 2636 sectantur,
2475 2580 2528 2626 ct
2575 2587 2700 2627 cum
2737 2586 2800 2626 ea
2856 2581 3178 2642 exspectant
3227 2581 3467 2627 noctem.
3505 2571 3702 2626 Vinum

2131 2663 2276 2716 enim
2307 2671 2500 2717 exuret
2533 2663 2700 2731 ipsos.

2197 2753 2409 2808 εἰναι-ἡ.
2437 2753 2517 2809 Ne
2539 2757 2788 2824 sequaris
2815 2753 3140 2824 cupiditates
3167 2761 3314 2822 tuas,
3345 2761 3399 2810 et
3416 2753 3705 2811 desideriis

2124 2844 2233 2902 tuis
2275 2843 2513 2899 abstine.
2565 2843 2621 2898 Si
2674 2843 2870 2899 anima:
2913 2851 3023 2898 ture
3080 2844 3364 2916 indulgeas
3409 2853 3464 2900 et
3499 2846 3705 2915 gratiﬁ-

2123 2936 2266 2992 ceris
2293 2951 2390 3006 pro
2412 2934 2664 3006 cupidine
2693 2948 2816 3001 sua,
2845 2935 3010 2991 faciet
3043 2942 3095 2990 te
3126 2933 3425 2990 ludibrium
3452 2933 3708 2990 hostibus

2127 3029 2260 3084 tuis.

2197 3118 2276 3176 Ne
2309 3119 2611 3175 delectator
2645 3118 2833 3174 multis
2867 3116 3124 3188 deliciis;
3169 3119 3408 3176 tormina
3446 3119 3592 3178 enim
3625 3121 3708 3175 vi-

2044 3212 2091 3274 ο
2128 3233 2247 3273 rum
2282 3216 2661 3287 inexplebilem
2700 3215 2974 3271 cruciant.

2200 3311 2281 3366 Ne
2335 3309 2505 3366 fueris
2539 3310 2884 3380 inexplebilis
2931 3309 2987 3365 in
3025 3309 3224 3380 quavis
3273 3310 3552 3381 voluptate
3591 3325 3607 3366 :
3641 3327 3709 3366 ex

2130 3403 2319 3459 multis
2349 3401 2492 3456 enim
2523 3401 2717 3456 eduliis
2753 3401 2980 3458 morbus
3013 3401 3120 3457 lict.

2209 3493 2372 3550 Eccli.
2397 3509 2487 3548 xc.
2511 3493 2622 3548 Viri
2654 3508 2898 3549 mensam
2953 3494 3188 3550 alienam
3238 3494 3537 3565 spectantis
3598 3493 3708 3546 vita

2131 3602 2238 3664 non
2275 3596 2357 3642 est
2387 3601 2487 3656 pro
2513 3586 2622 3640 vita
2658 3584 2996 3655 deputanda.

2199 3673 2396 3730 Incerti
2423 3675 2676 3730 auctoris.
2709 3673 2998 3728 llominum
3031 3683 3224 3729 natura
3253 3675 3338 3730 vel
3378 3683 3566 3732 noctes
3632 3677 3716 3728 in-

2128 3783 2349 3824 somnes
2378 3767 2550 3833 ducit,
2589 3783 2689 3823 nec
2712 3781 2952 3836 unquam
2997 3767 3234 3838 quiescit
3275 3784 3388 3840 pra:
3435 3767 3712 3825 desiderio

2132 3859 2288 3930 plura
2336 3858 2719 3929 conquirendi.

2203 3949 2423 4006 Basilii.
2461 3949 2735 4006 Gravatus
2793 3959 2986 4008 venter
3018 3966 3130 4007 non
3165 3952 3327 4007 modo
3359 3953 3426 4008 ad
3461 3967 3714 4019 cursum,

2131 4042 2227 4100 sed
2281 4041 2349 4098 ad
2405 4057 2658 4098 somnum
2709 4042 2873 4098 etiam
2929 4043 3150 4112 ineptus
3197 4052 3302 4100 est.
3351 4041 3715 4114 Compressas

2134 4135 2279 4190 enim
2308 4136 2551 4206 pondere
2584 4151 2693 4190 non
2722 4142 2902 4206 potest
2934 4135 3244 4207 quiescere.
3265 4137 3363 4193 sed
3399 4137 3714 4208 frequenter

2138 4226 2243 4282 ltuc
2269 4235 2322 4282 et
2357 4226 2488 4282 illuc
2520 4241 2579 4282 se
2605 4227 2897 4284 convertit.

2203 4400 2423 4458 Nullum
2457 4416 2584 4457 cum
2624 4411 2814 4460 ventre
2839 4404 3006 4461 ﬁdum
3033 4406 3425 4462 commercium
3459 4409 3712 4462 contrahi

447 4485 791 4555 ἀφύλακτον·
832 4483 1046 4538 πολλῶν
1071 4481 1476 4547 ἀποτεθέντων,
1513 4482 1615 4552 τὴν
1669 4482 1771 4554 μὶν
1818 4482 2023 4554 βλάϐην

2137 4502 2319 4565 potest
2349 4510 2365 4561 ;
2398 4502 2484 4550 est
2537 4493 2683 4549 enim
2711 4510 2854 4565 penu
2890 4496 3304 4564 incustoditum,
3331 4508 3387 4554 et
3421 4499 3712 4554 multorum

447 4578 932 4651 παρακατέχουσα,
965 4575 1034 4629 τὰ
1064 4574 1121 4628 δὲ
1146 4572 1528 4644 παρατεθέντα
1562 4573 1625 4627 ού
1656 4573 2023 4640 διασώζουσα.

2137 4559 2260 4656 quae
2285 4585 2340 4638 in
2364 4599 2428 4639 eo
2450 4583 2847 4655 depositafsunt
2871 4601 3070 4642 noxam
3097 4589 3314 4659 quidem
3342 4588 3564 4656 retinet,
3594 4588 3714 4659 ipsa

518 4760 690 4833 Δίχνη
741 4758 955 4829 γαστὴρ
997 4757 1031 4828 ή
1091 4757 1180 4811 ἀεὶ
1245 4754 1555 4812 ἀπαιτοῦσα
1610 4757 1706 4810 καὶ
1759 4756 2031 4827 μηδέποτε

445 4854 691 4926 λήγουσα
714 4867 730 4884 °
760 4853 796 4924 ἡ
846 4851 1198 4920 λαμϐάνουσα
1247 4851 1510 4919 σήμερον,
1545 4849 1641 4903 καὶ
1661 4848 1855 4918 αὔριον
1909 4850 2034 4904 ὲπι-

445 4944 842 5014 λανθανομένη.
876 4940 1051 4997 Ὅταν
1109 4940 1438 5010 ἐμπλησθῇ,
1503 4939 1635 5010 περὶ
1694 4940 2032 5010 ἐγκρατείας

448 5037 762 5107 φιλοσοφεί’
822 5035 952 5088 ὅταν
1025 5031 1359 5104 διαπνευθῇ,
1420 5030 1841 5086 ἐπιλανθάνεται
1920 5034 2031 5088 τῶν

445 5128 753 5196 δογμάτων.

401 5245 428 5295 η
515 5221 791 5292 Φοϐήθητι
841 5217 903 5271 τὸ
945 5217 1250 5287 ὑπόδειγμα
1301 5215 1397 5270 τοῦ
1455 5215 1718 5270 πλουσίου
1748 5231 1764 5248 ο
1821 5216 2030 5285 ἐκεῖνον

447 5313 735 5379 παρέδωκε
765 5308 843 5378 τῷ
883 5309 1017 5380 πυρὶ
1053 5310 1087 5377 ὴ
1133 5307 1221 5360 διὰ
1251 5307 1368 5378 βίου
1407 5306 1612 5378 τρυφή.
1657 5306 1733 5361 Οὗ
1769 5305 1878 5378 γὰρ
1916 5307 2032 5362 ἀδι-

447 5401 592 5468 κίαν,
619 5399 754 5454 ἀλλά
776 5397 837 5452 τὸ
867 5395 1212 5468 ἁϐροδίαιτον
1239 5396 1553 5467 ἐγκληθεὶς,
1577 5395 2024 5469 ἀπετηγανίζετο

447 5498 507 5550 ἐν
536 5498 603 5565 τῇ
639 5493 802 5562 φλογὶ
835 5491 940 5561 τῆς
973 5489 1227 5561 καμίνου.

517 5584 631 5654 Τῆς
659 5582 754 5637 οὖν
784 5579 1040 5652 δαψιλοῦς
1078 5581 1170 5633 καὶ
1206 5577 1440 5649 παχείας
1466 5578 1676 5651 τροφῆς
1704 5579 2028 5646 αἰθαλώδεις

446 5675 592 5739 τινὲς
637 5672 1036 5744 ἀναθυμιάσεις
1069 5669 1552 5740 ἀναπεμπόμεναι,
1585 5669 1820 5742 νεφέλης
1866 5671 2023 5744 δίκην

2137 4690 2266 4731 vero
2287 4675 2530 4745 deposita
2563 4691 2671 4732 non
2695 4684 3005 4734 conservat.

2210 4766 2487 4839 Liguritor
2552 4776 2746 4823 venter
2797 4783 3013 4837 semper
3063 4767 3270 4838 aliquid
3333 4768 3600 4840 postulat,
3659 4779 3716 4824 et

2136 4871 2414 4924 nunquam
2446 4855 2793 4923 intermittit;
2847 4855 3009 4913 hodie
3058 4859 3276 4927 accipit,
3324 4866 3380 4914 et
3422 4875 3544 4915 cras
3575 4861 3716 4916 obli-

2134 4946 2384 5003 viscitur.
2422 4945 2561 5002 Cum
2613 4947 2815 5018 plenus
2864 4958 2972 5015 est,
3011 4949 3077 5005 de
3124 4950 3459 5006 continentia
3490 4950 3712 5020 cogitat,

2136 5042 2428 5112 vaporibus
2461 5051 2644 5099 autem
2672 5043 2780 5100 cibi
2840 5043 3105 5102 discussis
3156 5043 3496 5103 obliviscitur
3522 5059 3714 5102 eorum

2135 5149 2256 5204 quae
2277 5143 2563 5192 statuerat.

2204 5227 2395 5284 Divitis
2430 5229 2736 5298 exemplum
2788 5239 2988 5296 metue,
3026 5245 3191 5301 quem
3230 5229 3571 5301 voluptnaria
3600 5231 3712 5288 vita

2135 5314 2244 5388 igni
2288 5317 2534 5374 tradidit.
2569 5319 2692 5375 Non
2720 5319 2826 5390 77
2851 5320 2993 5375 enim
3030 5322 3097 5376 de
3134 5321 3420 5392 iniustitia,
3457 5323 3552 5379 sed
3585 5326 3712 5380 vitae

2131 5407 2342 5466 deliciis
2367 5420 2683 5479 accusatus,
2715 5412 2771 5466 in
2821 5411 3041 5468 ﬂamma
3073 5414 3278 5469 camini
3309 5415 3644 5471 terrebatur.

2201 5588 2248 5641 A
2282 5589 2510 5660 copioso
2543 5600 2598 5647 ct
2630 5591 2817 5664 pingui
2873 5593 3210 5651 nutrimento
3256 5591 3534 5664 fuliginosi
3593 5591 3710 5662 qui-

2129 5679 2254 5736 dam
2289 5696 2519 5752 vapores
2551 5684 2778 5753 sublati,
2812 5685 2988 5742 instar
3035 5685 3198 5742 nubis
3226 5697 3435 5756 opacae,
3486 5682 3713 5739 interci—

519 5788 600 5851 (ι)
647 5787 1140 5867 ῌαηε-σεηιεηιίαηι
1175 5785 1272 5840 alii
1303 5800 1369 5840 ea:
1401 5784 1622 5867 (teet-cro
1655 5787 1733 5842 sic
1770 5797 2018 5846 vertunt:
2053 5787 2157 5855 Qui
2197 5807 2421 5862 servum
2456 5810 2617 5854 suum
2669 5809 2701 5852 a
2748 5795 2983 5867 pueritia
3036 5793 3267 5852 delicate
3309 5793 3524 5861 educat,
3585 5808 3699 5865 pos

450 5870 623 5917 tremo
648 5857 740 5928 jus
776 5858 1009 5916 ﬁliorum
1033 5870 1300 5929 occupare
1324 5855 1600 5912 molietur.
