4038 6466
306 429 407 494 911

1589 421 1916 484 ΑΝΤΟΝΙΙ
1957 421 2308 485 MELISSJE

3469 425 3576 485 912

303 547 459 612 piunt
497 544 956 602 illuminationem
1006 556 1126 612 qua:
1179 555 1207 594 a
1241 537 1447 610 Spiritu
1481 547 1672 594 sancto
1701 548 1882 593 trans—

2005 540 2224 609 τυκνῆς.
2257 537 2354 603 τὰς
2384 537 2492 593 ἀπὸ
2523 537 2614 591 τοῦ
2659 535 2815 606 ἁγίου
2863 539 3183 607 ῐῐνεὺματος
3215 539 3574 609 ἐγγινομένας

306 641 548 695 mittitttr
581 639 748 695 menti
777 657 790 705 ;
849 639 1203 708 quamober
1240 647 1292 688 et
1320 633 1496 688 Moses
1524 648 1648 686 cum
1685 632 1751 686 ad
1787 631 1883 685 Dei

307 733 818 804 contemplationem
880 739 1058 784 mente
1112 726 1528 791 conscenderet,
1585 725 1708 779 sine
1761 725 1884 779 cibo

308 834 362 880 et
398 827 518 880 sine
555 836 687 896 potu
743 823 934 877 diebus
987 822 1353 892 quadraginta
1410 819 1640 886 mansit,
1685 820 1885 888 imper-

307 918 579 972 turbatam
617 916 720 970 sibi
759 916 958 970 mentis
1011 913 1184 968 aciem
1227 912 1544 966 conservari
1601 921 1880 980 satagens.

375 1097 512 1150 Cum
568 1108 767 1164 corpus
815 1095 954 1149 bene
994 1093 1239 1147 habitum
1277 1102 1380 1151 est.
1416 1101 1470 1146 et
1518 1093 1688 1146 multa
1719 1107 1885 1148 carne

303 1197 578 1255 gravatur,
629 1202 852 1242 necesse
884 1195 971 1242 est
1014 1187 1282 1240 infirmam
1315 1195 1370 1240 et
1403 1187 1726 1241 imbecillem
1763 1202 1885 1241 esse

306 1290 540 1336 mentem
574 1281 641 1335 ad
673 1281 923 1350 proprias
951 1280 1256 1333 functiones
1284 1295 1298 1344 ;
1327 1289 1516 1333 contra
1545 1294 1667 1333 cum
1699 1282 1884 1334 anima

305 1375 441 1426 bene
475 1374 661 1438 habet,
712 1381 767 1426 et
816 1372 1209 1428 exercitatione
1263 1387 1441 1424 rerum
1501 1372 1764 1426 bonarum
1819 1372 1888 1426 ad

306 1482 462 1521 suam
520 1465 954 1537 magnitndlneni
999 1467 1664 1535 attollitur,fconsequens
1713 1475 1797 1520 cst
1831 1473 1889 1518 ut

305 1561 554 1629 corporis
582 1560 805 1614 habitus
828 1569 1186 1616 emarcescat.

377 1650 480 1705 Job
507 1667 593 1705 xL.
651 1651 839 1705 Robur
875 1650 1115 1715 Satanzc,
1155 1651 1354 1720 inquit,
1404 1650 1457 1703 in
1487 1649 1687 1703 lumbis
1719 1649 1885 1703 situm

307 1753 414 1805 est,
446 1753 497 1798 et
530 1745 770 1809 potentia
822 1743 942 1813 ejus
993 1744 1045 1797 in
1085 1743 1347 1798 umbilico
1381 1742 1604 1796 ventris.
1672 1740 1886 1795 Etenim

316 1833 451 1888 cibis
472 1833 699 1903 ingestis
722 1835 1133 1904 pinguescente,
1163 1835 1478 1889 necessario
1510 1841 1693 1902 partes
1726 1832 1886 1885 etiam

1989 634 2284 705 ἐλλάμψεις
2321 634 2400 696 εἰς
2448 632 2538 686 τὸν
2578 631 2703 685 νοῦν
2736 633 3139 685 διακόπτουσιν·
3167 633 3247 686 διὸ
3278 634 3374 685 καὶ
3409 634 3577 686 Μωῦ-

1991 731 2090 797 σῆς
2136 727 2274 798 πρὸς
2335 725 2568 796 θεωρίαν
2622 726 2760 778 θεοῦ
2822 727 3132 780 ἀναϐαίνων
3182 727 3269 779 διὰ
3319 725 3413 779 τοῦ
3457 727 3575 790 νοῦ,

1989 821 2170 882 ἄσιτος
2203 821 2297 874 καὶ
2325 820 2524 882 ἄποτος
2555 819 2779 889 ἡμερῶν
2808 820 3214 886 τεσσαράκοντα
3249 819 3574 884 διετέλεσεν,

1988 916 2258 968 ἀθόλωτον
2312 914 2590 984 διαμένειν
2641 912 2791 982 αὖτῷ
2846 913 2907 964 τὸ
2953 912 3287 983 ἡγεμονικὸν
3339 911 3575 964 διοικοῦ-

1994 1023 2172 1075 μενος.

2062 1097 2318 1168 Σώματος
2370 1097 2468 1167 μὲν
2511 1098 2620 1166 γὰρ
2678 1096 3029 1160 εὖεκτοῦντος
3083 1100 3178 1152 καὶ
3232 1097 3574 1167 πολυσαρκίᾳ

1994 1191 2385 1261 βαρυνομένου,
2423 1190 2636 1260 ἀνάγκη
2670 1191 2878 1258 ἀδρανῆ
2908 1191 3001 1242 καὶ
3038 1191 3229 1243 ἄτονον
3267 1189 3406 1242 εἶναι
3436 1190 3574 1259 πρὸς

1991 1283 2088 1346 τὸς
2123 1283 2332 1344 οἰκείας
2366 1283 2651 1353 ἐνεργείας
2691 1283 2782 1335 τδν
2809 1282 2968 1336 νοῦν·
3013 1282 3194 1354 ψυχῆς
3223 1283 3281 1336 δὲ
3317 1282 3576 1336 εὐεκτού-

1993 1394 2113 1444 σης,
2143 1378 2234 1430 καὶ
2285 1376 2372 1429 διὰ
2406 1377 2502 1444 τῆς
2555 1377 2667 1429 τῶν
2711 1377 2932 1444 ἀγαθῶν
2968 1376 3201 1444 μελέτης
3240 1376 3377 1446 προς
3409 1376 3466 1426 τὸ
3495 1376 3578 1427 oi-

1993 1470 2138 1520 κεῖον
2193 1468 2424 1535 μέγεθος
2472 1467 2804 1537 ὑψουμένης,
2852 1469 3122 1535 ἐπόμενόν
3167 1469 3283 1519 ἐστι
3334 1466 3433 1536 τὴν
3478 1466 3576 1518 τοῦ

1993 1560 2248 1629 σώματος
2273 1562 2386 1626 ἕξιν
2416 1562 2952 1632 καταμαραίνεσθαι.

2073 1654 2140 1706 'll
2195 1653 2351 1724 ἰσχὺς
2398 1654 2493 1707 τοῦ
2535 1655 2770 1724 Σατανᾷ,
2830 1656 2997 1724 φησὶν
3046 1654 3134 1708 ἐπ’
3183 1653 3382 1721 ὀσφύϊ,
3441 1654 3474 1720 ἡ
3519 1652 3579 1706 δὲ

1989 1743 2220 1814 δύναμις
2255 1746 2423 1800 αὑτοῦ
2473 1747 2560 1800 ἐπ’
2609 1747 2859 1812 ὀμφαλοῦ
2896 1747 3156 1817 γαστρός.
3210 1745 3582 1816 Πιαινομένης

1994 1840 2103 1910 γὰρ
2164 1840 2368 1910 ταύτης
2420 1840 2526 1892 ὑπό
2582 1840 2685 1910 τῆς
2745 1840 3029 1904 γεύσεως,
3084 1840 3298 1909 ἀνὰικη
3358 1839 3428 1891 τὰ
3484 1837 3582 1891 ὑπ’

310 1925 592 1993 subjectae,
624 1926 855 1981 humore
885 1927 1111 1996 copioso
1143 1942 1237 1996 per
1265 1926 1435 1981 imum
1470 1925 1786 1991 cbulliente,
1821 1924 1887 1980 ad

2005 1899 2164 2003 αὐτὴν
2207 1899 2371 2002 μόρια
2407 1933 2512 1985 ὑπὸ
2555 1899 3160 2004 τοδνπλημμυρουντος
3200 1899 3371 2000 θγροῦ
3401 1931 3576 2001 βρασ-

309 2018 584 2075 naturales
613 2019 854 2075 actiones
888 2030 1198 2074 moventur.

365 2204 617 2260 “Satietas
669 2204 884 2260 initium
935 2214 1018 2259 est
1063 2204 1304 2274 injuriae.
1341 2204 1537 2260 Statim
1584 2205 1729 2260 enim
1766 2221 1890 2261 cum

311 2293 609 2361 voluptate,
645 2294 907 2348 ebrietate
955 2302 1010 2349 et
1054 2295 1221 2349 variis
1276 2295 1757 2350 condimentorum
1793 2311 1891 2350 cu-

313 2387 488 2454 pediis
524 2400 686 2441 omne
719 2401 891 2456 genus
928 2386 1180 2440 bellninzc.
1216 2386 1448 2443 luxuria:
1485 2403 1544 2442 se
1579 2389 1890 2456 immiscet;

313 2479 439 2536 hinc
473 2480 726 2534 homines
755 2479 914 2549 equis
943 2478 1008 2533 ad
1047 2479 1329 2534 libidinem
1393 2480 1705 2538 furibundis
1740 2484 1894 2538 simi-

314 2575 392 2628 les
449 2572 776 2639 redduntur,
833 2581 1058 2642 propter
1098 2571 1341 2628 furorem
1393 2590 1457 2628 ex
1517 2575 1797 2646 voluptate
1838 2577 1892 2630 in

312 2665 493 2720 anima
537 2675 749 2719 natum.

394 2756 694 2828 Ἀκρασίαν
728 2756 902 2812 ϐπ·ωοί
964 2767 1160 2812 vocant
1211 2757 1689 2827 incontinentiam,
1748 2762 1894 2832 quod

312 2853 536 2922 κράτος,
576 2851 629 2905 id
678 2860 762 2906 est
802 2851 931 2917 vim,
975 2850 1182 2905 nullam
1240 2851 1438 2907 habeat
1489 2855 1756 2912 adversus
1808 2855 1893 2910 in-

312 2953 567 3015 gruentes
593 2948 916 3016 voluptates.

386 3039 651 3111 Tlieologi.
713 3041 1172 3098 lucontinentiam
1215 3056 1351 3096 voco
1384 3039 1648 3111 quidquid
1703 3055 1892 3110 super-

310 3128 477 3182 ﬂuum
528 3138 612 3183 est
657 3140 712 3186 et
746 3149 904 3187 usum
937 3133 1171 3196 excedit,
1228 3132 1389 3201 idque
1430 3129 1806 3185 esurientibus
1837 3139 1894 3185 et

1994 2025 2226 2094 σομένου
2280 2027 2337 2079 ὲν
2396 2025 2552 2097 βάθει
2618 2025 2758 2095 πρὸς
2830 2026 2929 2089 τὰς
2994 2027 3230 2095 φυσικὰς
3294 2025 3577 2096 ἐνεργείας

1993 2118 2280 2172 κινεῖσθαι.

2066 2212 2242 2280 Κόρος
2269 2210 2481 2282 ὕϐρεως
2509 2213 2652 2283 ἀρχή
2683 2229 2698 2244 ο
2734 2211 2936 2274 εὐθέως
2961 2212 3069 2280 γὰρ
3097 2211 3473 2264 συνεισπίπτει
3510 2211 3576 2280 τῇ

1994 2307 2171 2374 τρυφῇ
2201 2306 2296 2357 καὶ
2322 2309 2389 2375 τῇ
2429 2304 2569 2377 μέθῃ
2595 2306 2687 2357 καὶ
2710 2307 2831 2367 ταῖς
2854 2303 3225 2365 παντοδαπαῖς
3250 2303 3578 2372 καρυκείαις

1995 2398 2108 2450 πᾶν
2160 2394 2304 2460 εἶδος
2350 2396 2654 2462 ἀκολασίας
2697 2393 3199 2466 βοσκηματώδους·
3236 2392 3391 2446 ἐνθεν
3420 2393 3582 2445 ἵπποι

1994 2488 2327 2558 θηλυμανείς
2361 2489 2411 2541 οἱ
2446 2488 2724 2559 ἄνθρωποι
2754 2488 2841 2541 διὰ
2887 2487 2978 2542 τὸν
3017 2488 3081 2541 ἐκ
3124 2486 3226 2557 τῆς
3258 2467 3474 2558 τρυφῆς
3504 2481 3584 2538 οἵ·

1993 2598 2158 2654 στρον
2192 2583 2574 2654 ἐπιγινόμενον
2609 2585 2679 2654 τῇ
2712 2583 2885 2655 ψυχῇ.

2075 2762 2342 2834 ’Λκρασία
2387 2763 2603 2834 ἐστὶνὴ
2657 2765 2733 2835 μὴ
2778 2765 2980 2838 ἔχουσα
3029 2765 3233 2836 κράτος
3277 2763 3422 2819 κατὰ
3471 2761 3584 2815 τῶν

1993 2855 2359 2928 ἐνοχλούντων
2393 2855 2621 2926 ἡδονῶν.

2077 3041 2347 3112 Ἀκρασία
2402 3041 2510 3113 γὰρ
2554 3041 2678 3112 ἐμοὶ
2727 3042 2837 3095 πᾶν
2896 3041 2960 3095 τδ
3008 3041 3264 3112 περιττὸν
3299 3041 3393 3094 καὶ
3441 3041 3584 3110 ὑπὲρ

1992 3135 2092 3206 τὴν
2117 3135 2330 3206 χρείαν,
2360 3136 2452 3190 καὶ
2495 3135 2670 3189 ταῦτα
2719 3133 3036 3189 πεινώντων
3065 3135 3244 3190 ἄλλων
3275 3135 3372 3188 καὶ
3397 3134 3585 3203 δεομέ-

310 3223 684 3292 indigentibus
731 3225 875 3291 aliis,
919 3226 1012 3295 qui
1061 3241 1125 3279 ex
1178 3225 1367 3280 eodem
1425 3225 1539 3278 luto
1591 3232 1645 3278 et
1701 3223 1889 3279 eadem

2005 3245 2124 3293 νων,
2151 3226 2260 3280 τῶν
2285 3226 2348 3280 ἐκ
2375 3225 2470 3280 τοῦ
2494 3226 2659 3280 αὑτοῦ
2687 3227 2862 3296 πηλοῦ
2888 3242 2948 3280 τε
2981 3229 3075 3282 καὶ
3102 3227 3415 3296 κράματος.

309 3315 564 3371 rnistione
597 3317 845 3387 producti
882 3329 1031 3375 sunt.

380 3406 525 3460 Nihil
573 3417 682 3461 tam
731 3409 1143 3466 eontentiosum
1192 3419 1280 3467 est
1333 3419 1388 3466 et
1418 3425 1650 3481 pronum
1682 3409 1736 3464 in
1769 3409 1891 3464 lites

307 3513 471 3566 quam
505 3507 710 3553 venter.

381 3591 720 3649 Admirabile
772 3594 1034 3661 quiddam
1083 3605 1166 3650 est
1210 3596 1577 3659 continentia,
1619 3603 1674 3650 et
1706 3609 1888 3648 rerum

307 3700 608 3751 paucarum
655 3685 976 3757 indigentia,
1008 3696 1062 3742 et
1100 3703 1210 3743 non
1242 3688 1387 3743 vinci
1434 3703 1464 3743 a
1497 3686 1888 3757 voluptatibus,

309 3794 407 3832 nec
437 3792 467 3832 a
499 3785 686 3833 ventre
717 3787 978 3850 tanquam
1013 3789 1235 3837 austero
1284 3789 1338 3836 et
1369 3779 1620 3835 illiberali
1666 3778 1892 3834 domino

307 3870 444 3940 regi.
1364 3886 1370 3894 ·

381 3966 438 4020 Si
467 3967 596 4036 quid
625 3966 888 4036 voluptati
938 3966 1122 4022 carnis
1150 3964 1455 4032 ademisnis,
1488 3964 1614 4019 date
1643 3962 1888 4034 spiritui.

308 4057 365 4112 in
401 4060 710 4131 propinquo
761 4068 846 4115 est
880 4074 1109 4131 pauper,
1158 4058 1288 4128 juva
1322 4058 1440 4126 ejus
1487 4055 1890 4127 aegritudinem,

307 4152 364 4205 in
415 4152 570 4206 iilum
606 4152 812 4222 aliquid
864 4155 930 4208 de
980 4152 1274 4222 supertluis
1323 4151 1594 4207 ellundas.
1631 4148 1770 4216 Quid
1805 4157 1891 4204 est

307 4245 452 4312 quod
491 4255 548 4299 et
587 4253 644 4299 tu
698 4244 916 4301 labores
957 4243 1179 4299 fastidio
1213 4244 1347 4310 cibi,
1400 4252 1454 4299 et
1500 4243 1591 4298 ille
1622 4240 1801 4297 fame?
1832 4251 1888 4296 tu

306 4336 530 4405 crapula
580 4335 936 4406 distendaris,
984 4337 1076 4392 ille
1125 4335 1412 4409 hydrope?
1464 4343 1524 4389 tu
1572 4334 1886 4390 satietatem

307 4443 506 4482 oneres
560 4429 830 4494 satietate,
892 4437 946 4490 et
1001 4429 1092 4483 ille
1145 4429 1339 4483 morbo
1385 4425 1760 4482 conficiatur?
1809 4424 1891 4479 Ne

305 4534 461 4578 tuum
493 4521 760 4577 Lazarum
811 4521 902 4576 hie
943 4519 1278 4591 neglexeris,
1324 4533 1394 4574 ne
1429 4526 1480 4574 te
1513 4517 1676 4573 faciat
1709 4516 1890 4586 qualis

307 4617 422 4671 i-ilic
454 4626 574 4672 erat
611 4617 763 4671 dives
792 4615 904 4670 ille.

394 4708 551 4764 Nulla
584 4709 807 4766 satietas
838 4707 1024 4763 sobrie
1051 4716 1108 4762 et
1138 4704 1440 4778 prudenter
1474 4717 1636 4775 agere
1666 4707 1885 4771 potest;

391 4798 606 4856 Etenim
652 4798 794 4868 ignis
841 4797 985 4853 solet
1033 4809 1354 4852 exarescere
1406 4808 1501 4864 per
1549 4791 1661 4862 78
1714 4798 1885 4845 mate-

303 4909 463 4950 nam.

377 5008 457 5063 Ne
485 5017 629 5062 terra
663 5013 718 5060 et
755 5019 907 5061 mare
943 5004 1242 5074 pretiosum
1281 5001 1442 5057 nobis
1473 5007 1886 5056 excrementum

306 5103 603 5157 adducant.
641 5099 760 5154 Non
785 5098 932 5153 enim
979 5095 1436 5152 honorificentius
1489 5094 1558 5150 de
1611 5094 1891 5163 voluptate

307 5193 460 5262 loqui
495 5192 650 5246 libet.

378 5305 652 5373 (.hrysost.
678 5301 818 5357 Cibo
843 5309 1125 5356 saturatos
1143 5313 1334 5355 curam
1369 5297 1446 5354 tui
1483 5297 1708 5354 habeas.
1741 5269 1889 5351 Prat-

306 5412 436 5468 ceps
465 5396 613 5450 enim
644 5402 729 5449 est
755 5392 1050 5463 voluptatis
1075 5392 1247 5449 locus.

375 5506 583 5563 Venter
619 5520 842 5562 crassus
873 5517 1104 5562 mentem
1147 5507 1402 5563 subtilem
1440 5523 1548 5562 non
1584 5508 1746 5577 parit.

378 5623 514 5677 Cum
547 5621 761 5678 nativus
786 5622 938 5676 calor
967 5623 1119 5678 cibos
1157 5622 1358 5679 nimios
1387 5639 1734 5693 concoquere
1777 5638 1883 5678 non
1913 5607 1920 5616 ’

307 5703 508 5786 potest,
547 5715 649 5771 sed
701 5715 951 5770 obruitur
977 5755 990 5780 ,
1044 5724 1404 5782 supernatant
1447 5717 1796 5788 fumigantes,
1832 5727 1889 5772 et

309 5806 540 5863 multum
576 5807 783 5866 fastidii
816 5807 1187 5878 molestiaeque
1215 5818 1498 5878 generant.

2076 3405 2246 3462 Οὐδὲν
2294 3406 2468 3471 οὕτως
2528 3407 2800 3479 ἐπίμαχόν
2851 3425 2913 3462 τε
2967 3407 3064 3464 καὶ
3113 3407 3453 3478 φιλόνεικον,
3506 3407 3587 3471 ὡς

1995 3500 2238 3572 γαστήρ.

2065 3591 2390 3662 Θαυμαστὸν
2415 3593 2447 3663 ἡ
2475 3591 2774 3662 ἐγκράτεια
2802 3593 2897 3648 καὶ
2922 3593 3268 3663 ὀλιγάρκεια.
3289 3594 3384 3649 καὶ
3413 3593 3476 3648 τδ
3504 3594 3582 3663 μὴ

1995 3685 2318 3756 κρατεῖσθαι
2366 3683 2472 3738 ὑπὸ
2506 3685 2618 3740 τῶν
2663 3685 2890 3754 ἡδονῶν,
2935 3686 3073 3758 μηδὲ
3104 3688 3181 3751 ὡς
3227 3687 3334 3741 ὑπὸ
3378 3687 3585 3758 πικρᾶς

1995 3778 2088 3832 καὶ
2119 3777 2477 3848 ἀνελευθέρου
2509 3778 2802 3849 δεσποίνης
2829 3779 2927 3846 τῆς
2949 3779 3187 3850 γαστρὸς
3215 3778 3473 3848 ἄγεσθαι.

2063 3961 2128 4014 Εἰ
2155 3960 2286 4029 περὶ
2315 3958 2415 4030 τὴν
2445 3957 2660 4030 τρυφὴν
2693 3958 2966 4030 ὑφέλησθέ
2997 3977 3048 4012 τι
3073 3961 3172 4031 τῆς
3195 3958 3424 4030 σαρκδς,
3458 3957 3579 4012 δότε

1992 4052 2073 4123 τῷ
2112 4052 2413 4123 πνεύματι.
2459 4052 2660 4120 Ἐγγὺς
2696 4053 2726 4106 ὁ
2760 4051 2953 4122 πένης,
2995 4053 3061 4124 τῇ
3113 4052 3255 4122 νόσῳ
3289 4051 3580 4121 βοήθησον,

1993 4146 2076 4206 είς
2119 4143 2310 4198 τοῦτον
2340 4142 2644 4213 ἁπέρευξαί
2671 4160 2727 4194 τι
2773 4142 2884 4197 τῶν
2920 4141 3226 4213 περισσῶν.
3257 4140 3324 4193 Τί
3368 4141 3462 4193 καὶ
3515 4139 3581 4191 σὺ

1994 4235 2226 4305 κάμνεις
2255 4235 2529 4298 ἀπαιτῶν,
2557 4235 2654 4289 καὶ
2673 4227 2828 4298 οὗτος
2854 4234 3059 4288 πεινῶν
3080 4251 3097 4302 ;
3130 4237 3224 4288 καὶ
3251 4235 3319 4288 σὺ
3348 4249 3586 4305 κραιπα-

1994 4327 2127 4392 λῶν,
2163 4328 2256 4382 καὶ
2288 4321 2445 4390 οὗτος
2479 4327 2754 4398 ὑδεριῶν;
2797 4327 2894 4380 καὶ
2929 4327 2996 4381 σὺ
3027 4326 3190 4397 κόρον
3219 4327 3368 4396 κόρῳ
3405 4324 3582 4394 βαρύ-

1994 4436 2124 4486 νων,
2157 4420 2252 4474 καὶ
2281 4411 2439 4484 οὗτος
2483 4419 2960 4490 περιτρεπόμενος
2986 4418 3127 4489 νόσῳ
3157 4435 3173 4487 ;
3222 4418 3315 4488 Μὴ
3347 4415 3582 4488 παρίδῃς

1992 4513 2086 4566 τὸν
2118 4513 2211 4568 σὺν
2240 4512 2494 4582 Λάζαρον
2525 4512 2787 4574 ἐνταῦθα.
2815 4513 2892 4585 μή
2927 4529 2988 4567 σε
3012 4513 3220 4585 ποιήσῃ
3252 4511 3344 4566 τὸν
3367 4510 3585 4564 ἐκεῖθεν

1921 4603 1965 4660 ῐ)
1992 4604 2272 4661 πλούσιον.

2175 4695 2369 4761 Οὐδεὶς
2406 4697 2572 4768 κόρος
2601 4696 2814 4768 πέφυκε
2855 4697 3150 4768 σωφρόνως
3181 4697 3326 4768 ἔχειν
3360 4714 3376 4730 °

2175 4789 2288 4843 Καὶ
2313 4789 2423 4860 γὰρ
2451 4788 2527 4858 τῷ
2550 4787 2683 4860 πυρὶ
2708 4787 2870 4842 εἴωθε
2895 4790 3018 4853 ταῖς
3050 4789 3207 4854 ὕλαις
3232 4790 3398 4842 θέειν.

2071 4995 2162 5064 Μὴ
2220 4993 2290 5064 γῆ
2341 4993 2438 5046 καὶ
2496 4991 2744 5047 θάλαττα
2796 4993 2897 5064 τὴν
2945 4992 3137 5064 τιμίαν
3185 4993 3319 5064 ἡμῖν
3375 4991 3586 5062 κόπρον

1997 5085 2498 5157 δορυφορείτωσαν.
2526 5081 2684 5140 Οὕτω
2719 5084 2829 5155 γὰρ
2858 5081 2971 5153 ἐγὼ
3002 5083 3169 5154 τιμᾷν
3198 5079 3318 5138 οἴδα
3350 5084 3586 5155 τρυφήν.

2070 5294 2265 5362 Φαγὼν
2302 5293 2399 5348 καὶ
2439 5291 2579 5347 πιὼν
2611 5291 2705 5345 καὶ
2741 5289 3106 5362 ἐμπλησθεὶς,
3139 5291 3376 5362 πρόσεχε
3426 5307 3626 5345 ceae--

2006 5387 2083 5460 τῷ
2101 5403 2116 5419 ·
2153 5386 2510 5458 ἀπόκρημνος
2539 5384 2647 5455 γάρ
2678 5384 2827 5439 ἐστιν
2853 5383 2883 5437 ὁ
2913 5383 3079 5448 τόπος
3103 5382 3476 5454 τῆςιτρυφῆς.

2077 5502 2284 5571 Παχεῖα
2323 5501 2538 5570 γαστὴρ
2578 5498 2774 5553 λεπτὸν
2803 5498 2865 5552 οὐ
2893 5499 3074 5553 τίκτει
3105 5497 3258 5554 νοῦν.

2075 5615 2182 5668 Τοῦ
2217 5613 2359 5668 κατὰ
2391 5614 2553 5682 φύσιν
2581 5610 2789 5682 θερμοῦ
2823 5611 2924 5666 οὐκ
2958 5611 3260 5683 ἀρκοῦντος
3302 5612 3373 5668 τὰ
3415 5611 3592 5666 πολλὰ

2000 5707 2451 5778 κατεργάσασθαι
2515 5705 2802 5776 βρώματα,
2862 5704 3000 5758 ἀλλὰ
3062 5704 3589 5774 καταχωννυμένου,

1996 5799 2310 5851 ἐπίκεινται
2337 5795 2545 5851 ἄνωθεν
2570 5795 3079 5867 καπνιζόμενα,καὶ
3102 5796 3308 5868 πολλὴν
3333 5793 3594 5851 ποιοῦντα
3655 5841 3658 5844 .

1997 5893 2098 5962 τὴν
2138 5888 2351 5962 ἀηδίαν.
