4038 6398
426 367 563 436 9η

429 578 634 647 ἄρκτου
668 577 834 630 ἐστίν.

499 671 613 722 Οὐκ
642 670 792 725 ἔστιν
824 672 959 740 ἡμῖν
1008 672 1152 743 πάλη
1185 672 1319 741 πρὸς
1370 668 1508 741 αἷμα
1542 673 1635 726 καὶ
1664 671 1864 743 σάρκα.
1900 672 2009 726 Καὶ

431 765 538 834 γὰρ
568 762 855 834 ἀριστῶσι,
889 764 985 818 καὶΙ
1023 764 1324 835 βαδίζουσι,
1353 765 1447 819 καὶ
1488 764 1804 835 λουομένοις
1835 766 2010 835 πάρε-

436 872 553 908 στιν
580 858 610 908 ὁ
636 855 850 926 ἐχθρὸς,
884 857 979 910 καὶ
1004 858 1104 911 οὐκ
1126 852 1236 911 εἶδε
1267 859 1462 929 καιρὸν
1499 859 1809 928 ἁνακωχῆς,
1840 858 1890 910 εῖ
1931 857 2009 927 μὴ

432 948 521 999 τὸν
550 946 643 1000 τοῦ
669 946 837 1000 ὕπνου
868 947 1060 1017 μόνον·
1096 949 1359 1013 πολλάκις
1389 951 1445 1002 δὲ
1480 951 1572 1002 καὶ
1598 949 1720 1004 τότε
1757 950 2006 1019 πολεμεῖ,

430 1040 725 1111 λογισμοὺς
751 1040 1039 1110 ἐμϐάλλων
1060 1040 1423 1112 ἀκαθάρτους,
1452 1041 1551 1096 καὶ
1577 1043 2009 1112 ἀσελγεστέρους

427 1135 537 1188 ἀπὸ
568 1134 677 1188 τῶν
699 1135 995 1205 ὀνειράτων
1025 1136 1417 1207 ἐργαζόμενος.

512 1227 577 1281 Ἠ
625 1230 925 1297 αὐτάρκεια
985 1230 1080 1283 καὶ
1128 1230 1306 1300 τροφή
1369 1232 1487 1284 ἐστι
1544 1230 1642 1285 καὶ
1691 1229 1854 1301 ἡδονὴ
1914 1231 2008 1283 καὶ

428 1321 586 1387 ὑγεῖα
608 1337 623 1352 ·
655 1321 716 1375 τὸ
737 1321 795 1375 δὲ
826 1321 989 1377 πλέον
1011 1322 1158 1394 λύμη
1192 1325 1285 1377 καὶ
1310 1322 1469 1394 αήδία
1495 1323 1590 1378 καὶ⁸
1605 1324 1781 1387 νόσος.
1805 1323 1872 1376 ’Δ
1903 1323 2010 1392 γὰρ

431 1414 627 1467 ποιεῖδ
652 1414 833 1485 λιμδς,
868 1415 1043 1470 ταῦτα
1078 1417 1224 1470 ποιεῖ
1263 1416 1359 1470 καὶ
1396 1419 1431 1487 η
1462 1416 1772 1488 πλησμονὴ,
1805 1416 2007 1482 μᾶλλον

426 1504 484 1556 δὲ
521 1504 900 1577 χαλεπώτερα.
955 1507 1191 1572 Ἐκεῖνος
1234 1509 1335 1578 μὲν
1363 1509 1473 1581 γὰρ
1515 1511 1574 1563 ἐν
1626 1508 1839 1576 ὀλίγαις
1870 1506 2007 1578 ἡμέ-

432 1615 553 1669 ραις
584 1599 871 1671 ἀπηλλάγη
903 1600 995 1653 τοῦ
1026 1600 1344 1672 ἀνθρώπου,
1374 1602 1514 1674 αὕτη
1543 1602 1599 1655 δὲ
1629 1601 2007 1672 διατρὼγουοα

430 1693 526 1746 καὶ
590 1695 837 1763 σήπουσα
906 1694 969 1747 τὰ
1024 1694 1189 1765 σῶμα
1246 1695 1435 1766 μακρᾷ
1468 1692 1803 1765 παραδίδωσι
1840 1695 2004 1762 νόσῳ,

428 1783 523 1836 καί
550 1799 678 1836 ποτε
711 1783 927 1854 θανάτῳ
976 1785 1369 1855 χαλεπωτάτῳ.
1396 1784 1559 1839 ’Δλλά
1597 1785 1692 1839 καὶ
1721 1783 1820 1855 ὕλη
1853 1784 2011 1837 ἐστὶν
2040 1823 2080 1878 Β

427 1873 460 1942 ἡ
494 1872 787 1944 πλησμονὴ
810 1877 931 1939 ταῖς
954 1876 1179 1940 ἀτόποις
1211 1876 1557 1946 ἐπιθυμίαις.
1584 1875 1705 1932 Κᾶν
1730 1874 1839 1947 γάρ
1867 1874 2003 1928 πάν-

424 1983 534 2019 των
643 1966 1078 2036 φιλοσοφώτερος
1127 1971 1156 2022 ὁ
1196 1968 1440 2040 τρυφῶν,
1473 1968 1688 2038 ἀνάγκη
1723 1968 1784 2022 τὸ
1814 1966 2005 2020 παθεῖν

424 2059 593 2112 αὑτὸν
635 2060 748 2112 ἀπὸ
781 2057 876 2113 τοῦ
911 2060 1078 2126 οῖνου,
1113 2060 1223 2114 ἀπὸ
1267 2060 1375 2114 τῶν
1416 2060 1602 2115 σιτίων
1641 2059 1857 2130 ἀνάγκη
1893 2060 2007 2112 δια-

427 2151 657 2220 χυθῆναι
682 2168 697 2183 ·
746 2153 1001 2207 ἐντεῦθεν
1044 2155 1315 2225 πορνεῖαι,
1356 2154 1607 2208 ἐντεῦθεν
1638 2154 1895 2225 μοιχεῖαι.
1928 2153 2004 2208 Οὐ

427 2244 538 2313 γὰρ
570 2243 795 2298 δύναται
824 2245 1070 2301 πεινῶσα
1094 2246 1306 2318 γαστὴρ
1332 2246 1513 2316 ἔρωτα
1541 2248 1742 2302 τεκεῖν.

500 2336 817 2405 Ποδαλγίαι,
850 2337 944 2391 καὶ
981 2339 1343 2410 καρησαρίαι,
1373 2339 1467 2394 καὶ
1511 2339 1887 2411 ἀμϐλυωπίαι,
1920 2340 2008 2392 καὶ

429 2428 760 2499 χειραλγίαι,
791 2432 888 2484 καὶ
932 2432 1148 2505 τρόμοι,
1192 2435 1286 2486 καὶ
1320 2433 1606 2502 παρέσεις,
1635 2433 1731 2485 καὶ
1768 2433 2006 2503 ῖκτερος,

429 2521 523 2573 καὶ
570 2524 797 2592 πυρετοὶ
845 2524 1051 2594 μακροὶ
1100 2525 1195 2579 καὶ
1247 2525 1561 2596 φρικώδεις,
1596 2524 1657 2589 ἐξ
1702 2524 2007 2591 ἀδηφαγίας

430 2614 522 2665 καὶ
561 2613 879 2685 πλησμονῆς
924 2616 1209 2670 τίκτεσθαι
1257 2618 1593 2686 πεφύκασιν.
1636 2617 1854 2687 Ἀκορίη
1898 2614 2007 2684 γὰρ

427 2704 632 2774 τροφῆς
664 2706 845 2776 ὑγεία,
870 2709 1034 2778 φασὶν
1066 2710 1266 2781 ἰατρῶν
1302 2710 1508 2773 παῖδες.

498 2888 761 2959 Τράπεζα
816 2891 1095 2962 μονοειδὴς
1136 2892 1237 2960 μὲν
1289 2886 1424 2945 οὖσα
1473 2889 1638 2962 κόρον
1695 2889 2002 2960 ἐντίθησιν*

426 2978 484 3034 αι
506 2981 562 3034 δὲ
597 2982 837 3035 ποικίλαι
872 2983 970 3053 τὴν
996 2983 1178 3054 ὄρεξιν
1210 2985 1591 3053 διεγείρουσιν.

506 3073 673 3142 Ὀψον
704 3091 784 3128 σοι
820 3076 1062 3143 γενέσθω
1102 3077 1301 3142 ἔνδεια,
1337 3079 1428 3131 καὶ
1482 3079 1546 3131 τὸ
1582 3076 1658 3146 μὴ
1692 3076 2008 3130 ἐπιϐάλλειν

1222 369 1394 429 LOCI
1438 367 1882 431 COMMUNES.
1926 391 1996 402 -
2036 368 2237 428 PARS
2279 370 2334 433 Ῑ.
2372 372 2631 433 SERth
2676 375 2954 436 XXXIX.

499 485 583 539 Τὰ
614 484 783 541 πολλά
833 483 1099 541 σιτεῖσθαι
1150 484 1472 555 παρδάλεως
1522 484 1615 537 καὶ
1667 483 1881 548 λέοντος
1909 486 2004 539 καὶ
2038 488 2078 545 Α

3579 379 3684 442 914

2184 486 2349 542 Multa
2397 504 2589 544 vorare
2654 490 2719 545 ad
2775 490 3074 561 pardalim,
3134 490 3343 549 leonem
3394 499 3450 548 et
3496 509 3683 549 ursum

2113 582 2366 649 pertinet.

2186 668 2303 725 Non
2339 681 2421 727 est
2447 672 2607 729 nobis
2635 675 2776 728 lucta
2811 673 3073 731 adversus
3115 677 3437 747 sanguinem
3484 687 3539 732 et
3569 693 3689 733 ear-

2118 778 2264 816 nem.
2313 762 2450 818 Nam
2498 775 2551 820 et
2600 766 3010 835 prandentibus,
3070 776 3122 821 ct
3173 768 3603 834 ambulantibus,
3632 780 3688 824 et

2114 853 2444 922 lat-antibus,
2495 868 2843 925 praesens—est
2874 858 3067 923 hostis,
3116 875 3218 915 nec
3260 860 3398 915 ullas
3436 862 3686 917 inducias

2111 946 2381 1014 agnoscit,
2436 948 2538 1002 nisi
2589 956 2803 1019 tempus
2851 951 3026 1004 somni
3055 969 3069 1006 :
3104 954 3356 1021 quamvis
3382 969 3527 1022 saepe
3556 964 3687 1009 tunc

2110 1040 2275 1090 etiam
2304 1038 2609 1108 impugnet,
2647 1040 3013 1111 cogitationes.
3062 1043 3309 1113 impuras
3360 1060 3682 1117 suggerens,

2112 1137 2166 1183 et
2191 1142 2287 1197 per
2322 1129 2595 1185 insomnia
2622 1131 2938 1188 lasciviores
2968 1133 3228 1192 efﬁciens.

2183 1218 2492 1290 Frugalitas
2524 1229 2578 1276 et
2607 1222 2930 1278 alimentum
2965 1235 3072 1290 est,
3117 1236 3172 1281 et
3216 1227 3488 1299 voluptas,
3517 1239 3572 1284 et
3599 1245 3686 1284 sa-

2112 1314 2254 1367 nitas
2282 1330 2297 1381 ;
2345 1314 2573 1369 nimium
2604 1331 2735 1371 vero
2769 1332 2989 1384 noxam.
3034 1318 3313 1376 fastidium
3347 1330 3401 1376 et
3432 1325 3683 1378 morbum

2116 1405 2308 1474 gignit.
2340 1404 2477 1461 Nam
2507 1422 2850 1478 quaecunque
2882 1408 3078 1474 fames,
3108 1412 3296 1467 eadem
3325 1412 3486 1467 el'licit
3512 1413 3687 1483 reple-

2113 1496 2210 1563 tio,
2250 1500 2362 1554 imo
2410 1500 2686 1569 graviora.
2732 1499 2931 1555 Fames
2964 1501 3112 1556 enim
3147 1504 3336 1573 paucis
3361 1505 3559 1560 diebus
3586 1507 3685 1560 ho-

2110 1589 2311 1644 minem
2364 1590 2623 1662 relinquit
2666 1610 2680 1648 :
2730 1592 2848 1647 haec
2879 1608 3006 1648 vero
3047 1596 3321 1652 excedens
3356 1605 3412 1652 et
3444 1598 3687 1668 putrefa-

2109 1695 2258 1737 crens
2287 1698 2490 1752 corpus
2511 1684 2563 1738 in
2595 1686 2815 1756 longum
2842 1687 3095 1743 morbum
3121 1688 3375 1758 impellit,
3411 1691 3684 1745 interdum

2108 1783 2291 1829 autem
2331 1777 2715 1846 gravissimam
2751 1790 3007 1834 mortem.
3058 1781 3202 1847 Quin
3256 1781 3418 1837 etiam
3461 1782 3685 1836 materia

2108 1876 2194 1923 cst
2226 1870 2455 1937 repletio
2481 1870 2734 1927 absurdis
2766 1871 3075 1928 desideriis.
3108 1872 3245 1928 Nam
3281 1874 3408 1929 licet
3453 1874 3689 1928 maxime

2109 1961 2469 2031 philosophus
2524 1963 2597 2019 sit
2637 1973 2693 2020 et
2745 1966 2918 2036 sapiat
2950 1967 3045 2035 qui
3097 1966 3363 2036 voluptati
3419 1966 3685 2036 indulget,

2108 2070 2333 2111 necesse
2385 2065 2577 2111 tametr
2610 2066 2695 2113 est
2726 2072 2850 2113 eum
2908 2058 3114 2129 aliquid
3148 2058 3256 2127 pati
3301 2074 3332 2113 a
3386 2059 3537 2126 vino,
3568 2071 3617 2113 et
3654 2076 3685 2113 a

2107 2150 2247 2206 cibis
2274 2150 2415 2205 allici
2443 2169 2456 2206 ε
2482 2150 2610 2207 hinc
2636 2152 2999 2207 scortationes
3020 2161 3074 2208 et
3097 2152 3363 2207 adulteria
3392 2155 3682 2224 prodeunt.

2113 2242 2312 2299 Venter
2337 2245 2486 2301 enim
2519 2243 2807 2300 famelicus
2830 2259 3050 2301 amores
3083 2246 3310 2317 gignere
3341 2261 3448 2300 non
3482 2255 3680 2313 potest.

2181 2335 2386 2391 Pedum
2422 2336 2662 2401 dolores,
2711 2345 2767 2392 et
2812 2336 3010 2407 capitis
3054 2338 3370 2408 gravitates,
3410 2344 3465 2392 et
3500 2336 3683 2391 oculu-

2110 2446 2230 2484 rutn
2268 2430 2643 2494 hebetudines,
2676 2437 2728 2485 et
2759 2443 3018 2484 manuum
3070 2428 3443 2498 aegritudines,
3479 2439 3533 2483 et
3575 2437 3683 2485 tre-

2111 2535 2312 2581 mores,
2353 2528 2407 2572 et
2452 2519 2841 2586 resolutiones,
2881 2525 2935 2574 et
2966 2518 3182 2588 aurigo,
3213 2526 3269 2573 et
3298 2517 3476 2574 febres
3510 2518 3684 2588 longa:

2111 2627 2176 2665 ac
2206 2611 2510 2676 horrentes,
2564 2626 2631 2666 ex
2665 2611 2964 2666 voracitate
3012 2621 3068 2665 ct
3119 2608 3420 2679 repletione
3457 2612 3681 2680 produci

2109 2702 2306 2756 solent.
2344 2699 2477 2755 Nam
2511 2702 2634 2757 cibo
2688 2717 2796 2756 non
2829 2701 3066 2756 saturari
3099 2703 3391 2759 sanitatem
3419 2719 3541 2759 esse
3572 2718 3685 2758 me-

2109 2793 2358 2850 dicorum
2400 2794 2492 2849 ﬁlii
2528 2795 2905 2863 pronuntiant.

2180 2887 2379 2943 Mensae
2435 2886 2761 2958 simplicitas
2808 2895 3040 2957 saturat,
3094 2887 3332 2944 varietas
3383 2888 3693 2960 appetitum

2107 2981 2329 3036 excitat.

2182 3074 2405 3130 Ohsonii
2437 3077 2557 3131 loco
2594 3076 2689 3131 tibi
2722 3076 2791 3132 sit
2822 3076 3028 3148 inopia,
3062 3086 3115 3132 et
3142 3078 3288 3148 quod
3318 3076 3543 3133 satietas
3573 3091 3683 3131 non

429 3166 579 3236 κόρῳ
610 3166 701 3218 τὸν
744 3165 927 3236 κόρον,
964 3167 1100 3237 μηδὲ
1137 3170 1435 3239 ἀμὸλίινειν
1476 3173 1543 3239 τῇ
1592 3172 1873 3242 κραιπάλῃ
1907 3170 2007 3239 τὴν

2112 3166 2363 3220 obruitur
2418 3167 2696 3232 satietate,
2762 3181 2862 3222 nec
2926 3167 3198 3237 appetitus
3252 3167 3542 3223 hebetatur
3591 3183 3687 3237 per

428 3259 629 3330 ὅρεξιν.
655 3259 708 3311 Μ
729 3264 834 3328 ⁷χρι
855 3260 954 3327 τῆς
984 3260 1245 3331 ὑπερῴας
1270 3264 1302 3332 ἡ
1330 3263 1439 3316 τῶν
1463 3264 1788 3334 ἡδυσμάτων
1818 3264 2006 3334 αἴσθη-

431 3371 515 3418 σις
552 3354 645 3407 τὸν
681 3355 806 3423 ὅρον
853 3353 989 3423 ἔχει,
1038 3353 1146 3407 ἀπὸ
1174 3353 1230 3406 δὲ
1268 3354 1369 3421 τῆς
1402 3353 1662 3424 ὑπερῴας
1691 3355 2009 3423 ἀδιάκριτος

428 3447 461 3511 ἡ
490 3445 600 3498 τῶν
631 3445 1055 3514 ἐμϐαλλομένων
1104 3446 1358 3515 διαφορὰ,
1392 3445 1669 3517 ὁμοτίμως
1717 3447 1785 3499 τὰ
1831 3449 2010 3500 πάντα

428 3539 521 3606 τῆς
556 3536 769 3604 φύσεως
800 3536 935 3604 πρὸς
967 3536 1230 3589 δυσωδίαν
1263 3537 1605 3605 ἀλλοιούσης.

511 3624 870 3697 Ἑγκρατείας
920 3628 1020 3692 μὲν
1055 3626 1212 3697 ὑγεία
1260 3630 1354 3681 καὶ
1398 3629 1550 3699 ἰσχύς
1577 3645 1592 3661 ο
1635 3630 1903 3697 ἀκρασίας
1952 3627 2008 3680 δὲ

428 3717 680 3770 ἀσθένεια
707 3719 800 3771 καὶ
830 3719 983 3783 νόσος
1011 3719 1305 3789 γειτνιῶσα
1335 3721 1575 3791 θανάτῳ.

500 3895 837 3966 Θλιϐομένης
880 3895 1113 3962 κοιλίας,
1165 3894 1517 3949 ταπεινοῦται
1572 3897 1802 3966 καρδίαο
1838 3898 2001 3966 θερα-

428 3988 735 4059 πευομὲνης
766 3988 822 4042 δὲ
849 3986 1037 4049 αὖτιῦ,
1070 3989 1273 4058 γαυριᾷ
1306 3988 1587 4057 λογισμόξ.

511 4080 977 4150 Ἐπιτηρήσαντες
1019 4079 1281 4144 πολλάκις
1323 4081 1630 4150 εὑρήσομεν
1678 4083 1885 4151 γελοῖον
1918 4099 2009 4134 πι-

427 4173 560 4244 κρδν
619 4172 769 4240 παρά
824 4172 936 4232 τοῖς
1006 4171 1225 4239 δαίμοσι
1305 4173 1430 4225 καθ’
1479 4174 1636 4244 ἡμῶν
1691 4176 2003 4244 γενόμενον.

427 4263 803 4332 κορεσθέντας
829 4263 936 4332 γὰρ
963 4264 1112 4334 ἡμᾶς
1140 4264 1565 4327 κατανύσσουσι,
1592 4266 1688 4317 καὶ
1720 4267 2003 4334 νηστεύονο

424 4370 525 4416 τας
560 4353 970 4424 σκληρὺνουσιν,
1008 4355 1096 4407 ἴνα
1121 4356 1234 4417 τοῖς
1264 4354 1442 4413 νόθοις
1484 4355 1751 4426 δάκρυσιν
1787 4359 2006 4426 ἀπατη-

427 4445 612 4508 θέντες
652 4450 715 4515 τῇ
754 4447 954 4516 μητέρι
1003 4446 1114 4500 τῶν
1147 4447 1336 4499 παθῶν
1365 4451 1547 4518 τρυφῇ
1579 4449 1808 4512 ἑαυτοὺς
1839 4449 2004 4501 ἐκδώ-

2110 3258 2412 3327 crapulam.
2448 3259 2931 3314 Coudimentorum
2976 3274 3173 3316 sensus
3201 3260 3267 3314 ad
3298 3261 3538 3330 palatum
3573 3271 3686 3315 ter-

2110 3351 2373 3413 minatur,
2414 3351 2667 3420 deinceps
2719 3367 2844 3406 vero
2877 3351 3195 3408 indiderens
3239 3361 3323 3408 εει
3350 3351 3498 3422 quod
3538 3353 3686 3425 iugeo

2112 3439 2274 3505 ritur,
2311 3441 2493 3492 omnia
2521 3456 2585 3493 ex
2623 3456 2781 3511 aequo
2824 3443 2890 3495 ad
2923 3440 3173 3499 fmtorcm
3205 3457 3383 3511 usque
3419 3443 3687 3497 alterante

2110 3541 2328 3586 natura.

2183 3623 2442 3679 Philonis.
2468 3624 2871 3680 Coutinentiam
2896 3624 3104 3680 sanitas
3124 3633 3177 3681 et
3204 3625 3371 3679 robur
3396 3624 3682 3695 sequitur:

2111 3716 2561 3771 incontinentiam
2593 3732 2721 3772 vero
2769 3716 3061 3772 infirmitas
3103 3725 3158 3772 et
3208 3716 3471 3788 aegritudo
3522 3718 3683 3772 morti

2112 3807 2311 3862 vicina.

2182 3900 2453 3955 Climacis.
2509 3898 2751 3955 Onerato
2788 3907 2995 3967 ventre,
3056 3898 3384 3969 deprimitur
3440 3914 3580 3968 cor;
3639 3900 3683 3954 si

2114 4001 2296 4046 autem
2330 3992 2470 4047 ratio
2505 3993 2622 4063 ejus
2648 3993 2933 4058 habeatur,
2971 3990 3212 4047 exsultat
3240 4005 3415 4047 meus.
3636 4060 3639 4063 _

2184 4085 2338 4154 Saepe
2369 4085 2414 4139 si
2447 4085 2804 4140 observemus
2844 4084 3142 4140 ridiculum
3173 4084 3378 4140 malum
3412 4083 3685 4139 daemones

2110 4186 2299 4232 centra
2331 4193 2430 4232 nos
2464 4176 2644 4230 moliri
2678 4175 2789 4248 79
2822 4177 3206 4231 inveniemus:
3235 4185 3508 4232 saturatos
3538 4177 3684 4232 enim

2111 4286 2208 4323 nos
2246 4277 2493 4338 pungunt
2519 4269 2594 4337 (ιιι
2631 4278 2731 4333 εει,
2765 4270 3029 4339 instigant
3081 4269 3147 4323 ad
3199 4266 3686 4340 lacrymas),,iejuc

2112 4370 2304 4415 nautes
2338 4369 2518 4415 autem
2561 4361 2837 4430 iudurant,
2867 4371 2925 4416 ut
2955 4360 3159 4430 spuriis
3192 4360 3444 4436 laerytuis
3473 4361 3681 4427 decepti

2110 4451 2375 4521 voluptati
2432 4453 2907 4521 perturbationum
2956 4451 3169 4521 parenti
3225 4466 3328 4505 nos
3377 4449 3683 4531 dedamus;

426 4551 631 4604 σωμεν,
667 4532 894 4589 οἷστισιν
922 4539 981 4589 οὗ
1025 4536 1309 4591 πείθεσθαι
1334 4537 1433 4605 δεῖ,
1464 4537 1666 4609 μᾶλλον
1692 4540 1749 4592 δὲ
1786 4539 2005 4593 τούναν-

2113 4510 2310 4614 quibus
2343 4510 2450 4599 noti
2479 4544 2868 4611 obediendum,
2900 4510 2994 4599 sed
3028 4544 3364 4597 contrariqu
3393 4518 3579 4612 potius
3609 4541 3685 4593 fa-

423 4628 536 4679 τίον
564 4630 760 4682 ποιεῖν.

495 4716 740 4786 Καρδίας
772 4717 1176 4788 ἡδυπαθοὺσης,
1206 4717 1472 4790 λογισμοῦ
1516 4720 1692 4790 λοιμοὶ
1736 4721 2006 4789 ἀναφὺον-

420 4823 530 4871 ται,
564 4809 658 4861 καὶ
701 4811 758 4861 ἐν
793 4810 869 4879 τῷ
916 4810 1108 4880 καπνῷ
1151 4811 1251 4882 τὴν
1282 4812 1617 4882 ὲγκειμένην
1646 4811 1780 4884 ὕλην
1817 4815 2005 4883 ἐπιγι-

422 4899 723 4967 νώσκομεν.

490 4990 556 5041 Τί
606 4990 839 5058 βέλτιον,
865 4994 1076 5065 τρυφᾷν
1126 4994 1219 5046 ἐπὶ
1252 4994 1442 5063 ὀλίγας
1499 4996 1730 5066 ἡμέρας,
1769 4998 1862 5051 καὶ
1900 4999 2003 5068 τὴν

420 5078 719 5149 ἐπιθυμίαν
766 5084 866 5151 τῆς
919 5086 1122 5154 σαρκὸς
1167 5089 1363 5150 ποιεῖν,
1407 5086 1502 5139 καὶ
1531 5089 1857 5160 στερηθῆναι
1900 5093 1999 5159 τῆς

419 5169 639 5222 αἰωνίου
671 5170 851 5240 ζωῆς
894 5176 986 5226 καὶ
1015 5178 1081 5228 τά
1113 5176 1296 5232 λο.πά.

500 5260 724 5328 Ὑγείαν
776 5263 919 5334 ἔχειν
950 5268 1099 5335 παρὰ
1125 5269 1261 5322 Θεοῦ
1303 5272 1583 5325 αἰτοῦνται
1618 5274 1667 5325 oi
1695 5272 1995 5341 ἄνθρωποι,

417 5350 515 5421 τὴν
560 5353 618 5405 δὲ
650 5354 854 5424 ταύτης
905 5355 1137 5427 δύναμιν
1187 5364 1319 5430 παρ’
1368 5364 1582 5426 ἑαυτοῖς
1632 5366 1847 5435 ἔχοντες
1899 5369 1999 5420 οὐκ

419 5441 601 5496 ἴσασιν
627 5461 641 5475 ο
668 5447 911 5515 ἀκρασίᾳ
957 5449 1067 5516 γὰρ
1093 5449 1161 5501 τά
1188 5452 1409 5504 ἐναντία
1439 5457 1801 5523 πράσσοντες,
1842 5460 1999 5512 αὐτοὶ

414 5535 669 5603 προδόται
694 5540 795 5609 τῆς
822 5540 1009 5609 ὑγείας
1039 5543 1301 5611 γίνονται.

488 5630 664 5700 Τάχος
706 5634 801 5685 καὶ
848 5635 1057 5699 ἔπειξις
1090 5637 1310 5691 ἀπέστω
1358 5640 1451 5693 τοῦ
1482 5641 1706 5697 ἐσθίειν.
1742 5647 1994 5711 Κυνῶδες

413 5719 522 5791 γὰρ
552 5723 730 5792 τοῦτο,
764 5726 860 5780 καὶ
906 5728 1080 5801 θηρίῳ
1136 5732 1339 5801 μᾶλλον
1371 5732 1403 5787 ii
1448 5734 1723 5809 ἀνθρώπῳ
1757 5741 1989 5811 πρέπον.

2114 4638 2365 4694 ciendum
2396 4647 2503 4695 est.

2181 4732 2374 4786 Marci.
2399 4731 2631 4796 Quando
2657 4746 2755 4786 cor
2779 4730 3020 4799 indulget
3039 4728 3274 4796 deliciis,
3290 4712 3686 4798 ,rationi'pcstis

2113 4824 2454 4878 innascitur:
2485 4823 2865 4893 cegnoscimus
2900 4832 3081 4875 autem
3133 4818 3416 4874 materiam
3464 4819 3682 4873 insitam

2110 4928 2175 4965 ex
2202 4911 2372 4966 fumo.
3436 4982 3441 4985 ι
3534 4964 3549 4969 -

2185 5003 2368 5059 lsaire.
2406 5006 2601 5060 Utrum
2661 5004 2863 5060 melius
2913 5014 3017 5068 cst,
3077 5020 3144 5059 au
3199 5003 3440 5059 deliciari
3496 5005 3684 5073 paucis

2111 5099 2325 5163 diebus,
2367 5106 2421 5151 et
2455 5096 2639 5151 carnis
2679 5096 2954 5151 desiderio
3007 5095 3353 5165 Satisfaccre,
3389 5106 3440 5150 et
3486 5096 3683 5164 privari

2106 5200 2309 5245 aeterna
2348 5189 2495 5244 vita?
2526 5199 2632 5243 etc.

2182 5282 2430 5336 Democr.
2472 5282 2732 5336 Homines
2760 5296 2789 5335 a
2836 5281 2946 5337 Deo
2977 5282 3262 5337 sanitatem
3293 5290 3502 5350 petunt,
3530 5279 3687 5351 igno-

2108 5385 2232 5429 rant
2289 5384 2467 5429 autem
2501 5375 2642 5445 quod
2674 5374 2798 5443 ejus
2839 5381 3162 5443 potestatem
3213 5387 3378 5442 penes
3424 5387 3547 5426 sese
3591 5373 3688 5426 ha-

2108 5470 2289 5522 beant.
2335 5465 2469 5520 Nam
2523 5481 2619 5536 per
2670 5467 3119 5521 incontinentiam
3177 5466 3438 5521 facientes
3473 5465 3524 5520 ei
3557 5480 3686 5520 con-

2108 5559 2295 5626 traria,
2333 5558 2436 5626 ipsi
2477 5560 2787 5612 desertores
2820 5559 3072 5614 sanitatis
3101 5559 3397 5614 exsistunt.

2178 5648 2440 5703 Celeritas
2467 5657 2521 5703 et
2571 5650 2846 5703 festinatio
2892 5654 3035 5704 absit
3086 5667 3114 5704 a
3168 5652 3528 5706 eomedcudo.
3571 5650 3685 5709 "uc

2105 5744 2251 5796 enim
2290 5742 2546 5796 caninum
2583 5752 2689 5810 est,
2723 5755 2776 5800 et
2807 5746 2998 5802 bellua:
3034 5748 3289 5802 convenit
3316 5747 3488 5818 magis
3514 5762 3681 5818 quam

2113 5833 2340 5891 honuuL
