  <div class='ocr_page' id='page_1' title='image "/cluster/home/n/w/nwhite01/storage/ocr_20150623/136/coo.31924054870419/466.png"; bbox 0 0 4038 6452; ppageno 0'>
   <div class='ocr_carea' id='block_1_1' title="bbox 327 349 431 419">
    <p class='ocr_par' dir='ltr' id='par_1_1' title="bbox 327 349 431 419">
     <span class='ocr_line' id='line_1_1' title="bbox 327 349 431 419; baseline -0.019 0"><span class='ocrx_word' id='word_1_1' title='bbox 327 349 431 419; x_wconf 79' lang='grc'><strong>921</strong></span> 
     </span>
    </p>
   </div>
   <div class='ocr_carea' id='block_1_2' title="bbox 1149 345 2808 414">
    <p class='ocr_par' dir='ltr' id='par_1_2' title="bbox 1149 345 2808 414">
     <span class='ocr_line' id='line_1_2' title="bbox 1149 345 2808 414; baseline -0.001 -1"><span class='ocrx_word' id='word_1_2' title='bbox 1149 351 1324 414; x_wconf 89' lang='lat' dir='ltr'><strong>LOCI</strong></span> <span class='ocrx_word' id='word_1_3' title='bbox 1365 348 1812 412; x_wconf 82' lang='lat' dir='ltr'><strong>COMMUNES.</strong></span> <span class='ocrx_word' id='word_1_4' title='bbox 1847 367 1912 384; x_wconf 92' lang='grc'><strong>-·</strong></span> <span class='ocrx_word' id='word_1_5' title='bbox 1947 345 2149 409; x_wconf 83' lang='lat' dir='ltr'><strong>PARS</strong></span> <span class='ocrx_word' id='word_1_6' title='bbox 2193 347 2233 412; x_wconf 85' lang='grc' dir='ltr'>Ι.</span> <span class='ocrx_word' id='word_1_7' title='bbox 2275 347 2543 410; x_wconf 79' lang='lat' dir='ltr'><strong>SERMO</strong></span> <span class='ocrx_word' id='word_1_8' title='bbox 2575 349 2808 412; x_wconf 77' lang='lat' dir='ltr'><strong>XLIII.</strong></span> 
     </span>
    </p>
   </div>
   <div class='ocr_carea' id='block_1_3' title="bbox 3495 354 3606 423">
    <p class='ocr_par' dir='ltr' id='par_1_3' title="bbox 3495 354 3606 423">
     <span class='ocr_line' id='line_1_3' title="bbox 3495 354 3606 423; baseline 0.081 -9"><span class='ocrx_word' id='word_1_9' title='bbox 3495 354 3606 423; x_wconf 81' lang='grc'><strong>922</strong></span> 
     </span>
    </p>
   </div>
   <div class='ocr_carea' id='block_1_4' title="bbox 398 459 1966 538">
    <p class='ocr_par' dir='ltr' id='par_1_4' title="bbox 398 459 1966 538">
     <span class='ocr_line' id='line_1_4' title="bbox 398 459 1966 538; baseline -0.006 -16"><span class='ocrx_word' id='word_1_10' title='bbox 398 463 497 531; x_wconf 73' lang='grc' dir='ltr'><strong>Εἷς</strong></span> <span class='ocrx_word' id='word_1_11' title='bbox 535 463 635 538; x_wconf 71' lang='grc' dir='ltr'>μὲν</span> <span class='ocrx_word' id='word_1_12' title='bbox 674 466 703 520; x_wconf 78' lang='grc' dir='ltr'><strong>δ</strong></span> <span class='ocrx_word' id='word_1_13' title='bbox 733 464 924 533; x_wconf 79' lang='grc' dir='ltr'>ὕπνος,</span> <span class='ocrx_word' id='word_1_14' title='bbox 975 463 1178 529; x_wconf 76' lang='grc' dir='ltr'>πολλὰς</span> <span class='ocrx_word' id='word_1_15' title='bbox 1201 463 1258 518; x_wconf 85' lang='grc' dir='ltr'>δὲ</span> <span class='ocrx_word' id='word_1_16' title='bbox 1293 463 1391 526; x_wconf 81' lang='grc' dir='ltr'>τὰς</span> <span class='ocrx_word' id='word_1_17' title='bbox 1423 461 1710 524; x_wconf 76' lang='grc' dir='ltr'>ὑποθέσεις</span> <span class='ocrx_word' id='word_1_18' title='bbox 1743 459 1840 514; x_wconf 77' lang='grc' dir='ltr'>καὶ</span> <span class='ocrx_word' id='word_1_19' title='bbox 1881 460 1966 532; x_wconf 60' lang='lat' dir='ltr'><strong>tu</strong></span> 
     </span>
    </p>
   </div>
   <div class='ocr_carea' id='block_1_5' title="bbox 2022 459 3601 538">
    <p class='ocr_par' dir='ltr' id='par_1_5' title="bbox 2089 459 3601 538">
     <span class='ocr_line' id='line_1_5' title="bbox 2089 459 3601 538; baseline 0.007 -23"><span class='ocrx_word' id='word_1_20' title='bbox 2089 459 2245 519; x_wconf 90' lang='lat' dir='ltr'><strong>Unus</strong></span> <span class='ocrx_word' id='word_1_21' title='bbox 2276 464 2492 533; x_wconf 78' lang='lat' dir='ltr'><strong>quidem</strong></span> <span class='ocrx_word' id='word_1_22' title='bbox 2523 479 2752 520; x_wconf 80' lang='lat' dir='ltr'><strong>somnus</strong></span> <span class='ocrx_word' id='word_1_23' title='bbox 2787 471 2890 530; x_wconf 80' lang='lat' dir='ltr'><strong>est,</strong></span> <span class='ocrx_word' id='word_1_24' title='bbox 2920 463 3118 520; x_wconf 89' lang='lat' dir='ltr'><strong>multas</strong></span> <span class='ocrx_word' id='word_1_25' title='bbox 3151 481 3282 522; x_wconf 87' lang='lat' dir='ltr'><strong>vero</strong></span> <span class='ocrx_word' id='word_1_26' title='bbox 3315 465 3441 538; x_wconf 84' lang='lat' dir='ltr'><strong>ejus</strong></span> <span class='ocrx_word' id='word_1_27' title='bbox 3477 485 3601 526; x_wconf 85' lang='lat' dir='ltr'><strong>car-</strong></span> 
     </span>
    </p>
   </div>
   <div class='ocr_carea' id='block_1_6' title="bbox 330 555 1909 632">
    <p class='ocr_par' dir='ltr' id='par_1_6' title="bbox 330 555 1909 632">
     <span class='ocr_line' id='line_1_6' title="bbox 330 555 1909 632; baseline -0.006 -16"><span class='ocrx_word' id='word_1_28' title='bbox 330 561 596 632; x_wconf 79' lang='grc' dir='ltr'>έπιθυμία</span> <span class='ocrx_word' id='word_1_29' title='bbox 627 559 740 630; x_wconf 80' lang='grc' dir='ltr'>ἔχει</span> <span class='ocrx_word' id='word_1_30' title='bbox 760 575 774 591; x_wconf 78' lang='grc' dir='ltr'><strong>ο</strong></span> <span class='ocrx_word' id='word_1_31' title='bbox 802 559 948 627; x_wconf 86' lang='grc' dir='ltr'>λέγω</span> <span class='ocrx_word' id='word_1_32' title='bbox 977 558 1061 630; x_wconf 79' lang='grc' dir='ltr'>δὴ.</span> <span class='ocrx_word' id='word_1_33' title='bbox 1091 560 1157 612; x_wconf 79' lang='grc' dir='ltr'>ὲκ</span> <span class='ocrx_word' id='word_1_34' title='bbox 1202 559 1442 626; x_wconf 81' lang='grc' dir='ltr'>φύσεως,</span> <span class='ocrx_word' id='word_1_35' title='bbox 1478 560 1542 611; x_wconf 74' lang='grc' dir='ltr'>ὲκ</span> <span class='ocrx_word' id='word_1_36' title='bbox 1573 555 1909 627; x_wconf 85' lang='grc' dir='ltr'>βρωμάτων,</span> 
     </span>
    </p>
   </div>
   <div class='ocr_carea' id='block_1_7' title="bbox 331 636 1915 723">
    <p class='ocr_par' dir='ltr' id='par_1_7' title="bbox 331 636 1915 723">
     <span class='ocr_line' id='line_1_7' title="bbox 331 636 1915 723; baseline -0.004 -17"><span class='ocrx_word' id='word_1_37' title='bbox 331 653 395 706; x_wconf 71' lang='grc' dir='ltr'>ὶκ</span> <span class='ocrx_word' id='word_1_38' title='bbox 426 652 720 723; x_wconf 77' lang='grc' dir='ltr'><strong>δαιμόνων,</strong></span> <span class='ocrx_word' id='word_1_39' title='bbox 772 651 804 722; x_wconf 77' lang='grc' dir='ltr'>ἢ</span> <span class='ocrx_word' id='word_1_40' title='bbox 838 650 983 721; x_wconf 82' lang='grc' dir='ltr'>τάχα</span> <span class='ocrx_word' id='word_1_41' title='bbox 1031 653 1130 707; x_wconf 76' lang='grc' dir='ltr'>καὶ</span> <span class='ocrx_word' id='word_1_42' title='bbox 1168 649 1228 715; x_wconf 78' lang='grc' dir='ltr'><strong>ἐξ</strong></span> <span class='ocrx_word' id='word_1_43' title='bbox 1258 651 1432 721; x_wconf 77' lang='grc' dir='ltr'>ἄκρας</span> <span class='ocrx_word' id='word_1_44' title='bbox 1462 649 1554 702; x_wconf 55' lang='grc' dir='ltr'><strong>κοιλ⁵</strong></span> <span class='ocrx_word' id='word_1_45' title='bbox 1581 636 1915 714; x_wconf 76' lang='grc' dir='ltr'>ἐπιτεταμέ-</span> 
     </span>
    </p>
   </div>
   <div class='ocr_carea' id='block_1_8' title="bbox 329 735 1913 814">
    <p class='ocr_par' dir='ltr' id='par_1_8' title="bbox 329 735 1913 814">
     <span class='ocr_line' id='line_1_8' title="bbox 329 735 1913 814; baseline -0.004 -18"><span class='ocrx_word' id='word_1_46' title='bbox 329 760 428 812; x_wconf 90' lang='grc' dir='ltr'><strong>νης</strong></span> <span class='ocrx_word' id='word_1_47' title='bbox 465 743 743 813; x_wconf 74' lang='grc' dir='ltr'><strong>νηστείας,</strong></span> <span class='ocrx_word' id='word_1_48' title='bbox 793 741 852 806; x_wconf 75' lang='grc' dir='ltr'><strong>ἐξ</strong></span> <span class='ocrx_word' id='word_1_49' title='bbox 889 738 956 814; x_wconf 77' lang='grc' dir='ltr'>ἦς</span> <span class='ocrx_word' id='word_1_50' title='bbox 985 740 1317 806; x_wconf 79' lang='grc' dir='ltr'>ὲξατονοῦσα</span> <span class='ocrx_word' id='word_1_51' title='bbox 1360 741 1394 808; x_wconf 85' lang='grc' dir='ltr'>ἠ</span> <span class='ocrx_word' id='word_1_52' title='bbox 1451 737 1611 810; x_wconf 68' lang='grc' dir='ltr'>σὰρξ,</span> <span class='ocrx_word' id='word_1_53' title='bbox 1648 736 1716 790; x_wconf 87' lang='grc' dir='ltr'><strong>δι’</strong></span> <span class='ocrx_word' id='word_1_54' title='bbox 1739 735 1913 791; x_wconf 76' lang='grc' dir='ltr'>ὕπνου</span> 
     </span>
    </p>
   </div>
   <div class='ocr_carea' id='block_1_9' title="bbox 327 829 1621 904">
    <p class='ocr_par' dir='ltr' id='par_1_9' title="bbox 327 829 1621 904">
     <span class='ocr_line' id='line_1_9' title="bbox 327 829 1621 904; baseline 0 -18"><span class='ocrx_word' id='word_1_55' title='bbox 327 835 513 887; x_wconf 71' lang='grc' dir='ltr'>λοιπὶν</span> <span class='ocrx_word' id='word_1_56' title='bbox 550 833 752 904; x_wconf 77' lang='grc' dir='ltr'>ἑαυτὴν</span> <span class='ocrx_word' id='word_1_57' title='bbox 787 832 1305 904; x_wconf 73' lang='grc' dir='ltr'>παραμυθήσασθαι</span> <span class='ocrx_word' id='word_1_58' title='bbox 1344 829 1621 903; x_wconf 79' lang='grc' dir='ltr'>βούλεται.</span> 
     </span>
    </p>
   </div>
   <div class='ocr_carea' id='block_1_10' title="bbox 401 922 1914 995">
    <p class='ocr_par' dir='ltr' id='par_1_10' title="bbox 401 922 1914 995">
     <span class='ocr_line' id='line_1_10' title="bbox 401 922 1914 995; baseline -0.005 -13"><span class='ocrx_word' id='word_1_59' title='bbox 401 927 614 994; x_wconf 83' lang='grc' dir='ltr'>Ὥσπερ</span> <span class='ocrx_word' id='word_1_60' title='bbox 660 928 692 995; x_wconf 86' lang='grc' dir='ltr'>ἡ</span> <span class='ocrx_word' id='word_1_61' title='bbox 748 925 1093 980; x_wconf 87' lang='grc' dir='ltr'>πολυπλασία</span> <span class='ocrx_word' id='word_1_62' title='bbox 1131 925 1395 994; x_wconf 83' lang='grc' dir='ltr'>συνήθεια</span> <span class='ocrx_word' id='word_1_63' title='bbox 1450 925 1690 995; x_wconf 71' lang='grc' dir='ltr'>εἴρηται,</span> <span class='ocrx_word' id='word_1_64' title='bbox 1739 922 1914 984; x_wconf 78' lang='grc' dir='ltr'>οὕτως</span> 
     </span>
    </p>
   </div>
   <div class='ocr_carea' id='block_1_11' title="bbox 326 1013 1914 1091">
    <p class='ocr_par' dir='ltr' id='par_1_11' title="bbox 326 1013 1914 1091">
     <span class='ocr_line' id='line_1_11' title="bbox 326 1013 1914 1091; baseline -0.003 -18"><span class='ocrx_word' id='word_1_65' title='bbox 326 1022 420 1073; x_wconf 73' lang='grc' dir='ltr'><strong>καὶ</strong></span> <span class='ocrx_word' id='word_1_66' title='bbox 453 1021 486 1091; x_wconf 81' lang='grc' dir='ltr'><strong>ἡ</strong></span> <span class='ocrx_word' id='word_1_67' title='bbox 519 1020 848 1074; x_wconf 76' lang='grc' dir='ltr'>πολυυπνὲα.</span> <span class='ocrx_word' id='word_1_68' title='bbox 897 1019 1153 1073; x_wconf 82' lang='grc' dir='ltr'>Χαλεπὸν</span> <span class='ocrx_word' id='word_1_69' title='bbox 1206 1013 1302 1073; x_wconf 77' lang='grc' dir='ltr'>οὖν</span> <span class='ocrx_word' id='word_1_70' title='bbox 1351 1017 1646 1090; x_wconf 78' lang='grc' dir='ltr'>συνήθειαν</span> <span class='ocrx_word' id='word_1_71' title='bbox 1695 1016 1914 1088; x_wconf 80' lang='grc' dir='ltr'>μακρὰν</span> 
     </span>
    </p>
   </div>
   <div class='ocr_carea' id='block_1_12' title="bbox 331 1112 611 1166">
    <p class='ocr_par' dir='ltr' id='par_1_12' title="bbox 331 1112 611 1166">
     <span class='ocr_line' id='line_1_12' title="bbox 331 1112 611 1166; baseline 0 0"><span class='ocrx_word' id='word_1_72' title='bbox 331 1112 611 1166; x_wconf 79' lang='grc' dir='ltr'>ἰάσασθαι.</span> 
     </span>
    </p>
   </div>
   <div class='ocr_carea' id='block_1_13' title="bbox 415 1198 1912 1276">
    <p class='ocr_par' dir='ltr' id='par_1_13' title="bbox 415 1198 1912 1276">
     <span class='ocr_line' id='line_1_13' title="bbox 415 1198 1912 1276; baseline -0.005 -17"><span class='ocrx_word' id='word_1_73' title='bbox 415 1206 741 1276; x_wconf 85' lang='grc' dir='ltr'>Ἧμερήσιοι</span> <span class='ocrx_word' id='word_1_74' title='bbox 783 1203 941 1258; x_wconf 79' lang='grc' dir='ltr'>ὕπνοι</span> <span class='ocrx_word' id='word_1_75' title='bbox 991 1205 1024 1275; x_wconf 82' lang='grc' dir='ltr'>ἢ</span> <span class='ocrx_word' id='word_1_76' title='bbox 1071 1203 1320 1275; x_wconf 80' lang='grc' dir='ltr'>σώματος</span> <span class='ocrx_word' id='word_1_77' title='bbox 1348 1201 1669 1275; x_wconf 81' lang='grc' dir='ltr'>ὅχλησιν,ἢ</span> <span class='ocrx_word' id='word_1_78' title='bbox 1724 1198 1912 1271; x_wconf 77' lang='grc' dir='ltr'>ψυχῆς</span> 
     </span>
    </p>
   </div>
   <div class='ocr_carea' id='block_1_14' title="bbox 333 1290 1913 1367">
    <p class='ocr_par' dir='ltr' id='par_1_14' title="bbox 333 1290 1913 1367">
     <span class='ocr_line' id='line_1_14' title="bbox 333 1290 1913 1367; baseline -0.003 -19"><span class='ocrx_word' id='word_1_79' title='bbox 333 1294 734 1367; x_wconf 84' lang='grc' dir='ltr'>ἀδημοσύνην,</span> <span class='ocrx_word' id='word_1_80' title='bbox 786 1295 820 1366; x_wconf 76' lang='grc' dir='ltr'>ἢ</span> <span class='ocrx_word' id='word_1_81' title='bbox 875 1293 1119 1367; x_wconf 83' lang='grc' dir='ltr'>ἀργίαν,</span> <span class='ocrx_word' id='word_1_82' title='bbox 1174 1294 1210 1366; x_wconf 81' lang='grc' dir='ltr'>ἢ</span> <span class='ocrx_word' id='word_1_83' title='bbox 1285 1291 1649 1349; x_wconf 80' lang='grc' dir='ltr'><strong>ἀπαιδευσίαν</strong></span> <span class='ocrx_word' id='word_1_84' title='bbox 1710 1290 1913 1361; x_wconf 86' lang='grc' dir='ltr'>σημαί-</span> 
     </span>
    </p>
   </div>
   <div class='ocr_carea' id='block_1_15' title="bbox 330 1401 536 1440">
    <p class='ocr_par' dir='ltr' id='par_1_15' title="bbox 330 1401 536 1440">
     <span class='ocr_line' id='line_1_15' title="bbox 330 1401 536 1440; baseline 0.005 -1"><span class='ocrx_word' id='word_1_85' title='bbox 330 1403 421 1440; x_wconf 90' lang='grc' dir='ltr'><strong>νου</strong></span> <span class='ocrx_word' id='word_1_86' title='bbox 431 1401 536 1440; x_wconf 87' lang='grc' dir='ltr'>σιν.</span> 
     </span>
    </p>
   </div>
   <div class='ocr_carea' id='block_1_16' title="bbox 401 1471 1912 1550">
    <p class='ocr_par' dir='ltr' id='par_1_16' title="bbox 401 1471 1912 1550">
     <span class='ocr_line' id='line_1_16' title="bbox 401 1471 1912 1550; baseline -0.003 -19"><span class='ocrx_word' id='word_1_87' title='bbox 401 1477 477 1531; x_wconf 82' lang='grc' dir='ltr'><strong>Τὸ</strong></span> <span class='ocrx_word' id='word_1_88' title='bbox 511 1477 690 1550; x_wconf 79' lang='grc' dir='ltr'>πέραν</span> <span class='ocrx_word' id='word_1_89' title='bbox 723 1475 1011 1533; x_wconf 83' lang='grc' dir='ltr'>καθεύδειν</span> <span class='ocrx_word' id='word_1_90' title='bbox 1059 1477 1156 1532; x_wconf 75' lang='grc' dir='ltr'>τοῦ</span> <span class='ocrx_word' id='word_1_91' title='bbox 1202 1476 1505 1549; x_wconf 73' lang='grc' dir='ltr'>πρέποντος</span> <span class='ocrx_word' id='word_1_92' title='bbox 1549 1475 1664 1541; x_wconf 77' lang='grc' dir='ltr'>τοῖς</span> <span class='ocrx_word' id='word_1_93' title='bbox 1716 1471 1912 1544; x_wconf 82' lang='grc' dir='ltr'>τεθνη-</span> 
     </span>
    </p>
   </div>
   <div class='ocr_carea' id='block_1_17' title="bbox 301 1569 1520 1644">
    <p class='ocr_par' dir='ltr' id='par_1_17' title="bbox 301 1569 1520 1644">
     <span class='ocr_line' id='line_1_17' title="bbox 301 1569 1520 1644; baseline 0.002 -21"><span class='ocrx_word' id='word_1_94' title='bbox 301 1611 305 1615; x_wconf 82' lang='lat'><strong>.</strong></span> <span class='ocrx_word' id='word_1_95' title='bbox 329 1569 451 1624; x_wconf 85' lang='grc' dir='ltr'>κὸσι</span> <span class='ocrx_word' id='word_1_96' title='bbox 482 1571 685 1642; x_wconf 82' lang='grc' dir='ltr'>μᾶλλον</span> <span class='ocrx_word' id='word_1_97' title='bbox 711 1571 857 1644; x_wconf 71' lang='grc' dir='ltr'>ἥπερ</span> <span class='ocrx_word' id='word_1_98' title='bbox 887 1573 1006 1635; x_wconf 76' lang='grc' dir='ltr'>τοῖς</span> <span class='ocrx_word' id='word_1_99' title='bbox 1034 1571 1201 1636; x_wconf 80' lang='grc' dir='ltr'>ζῶσιν</span> <span class='ocrx_word' id='word_1_100' title='bbox 1230 1569 1520 1642; x_wconf 83' lang='grc' dir='ltr'>ἁρμόδιον.</span> 
     </span>
    </p>
   </div>
   <div class='ocr_carea' id='block_1_18' title="bbox 912 1648 1384 1720">
    <p class='ocr_par' dir='ltr' id='par_1_18' title="bbox 912 1648 1384 1720">
     <span class='ocr_line' id='line_1_18' title="bbox 912 1648 1384 1720; baseline 0.002 -1"><span class='ocrx_word' id='word_1_101' title='bbox 912 1664 1135 1719; x_wconf 82' lang='grc' dir='ltr'><strong>ΛΟΓΟΣ</strong></span> <span class='ocrx_word' id='word_1_102' title='bbox 1181 1663 1311 1720; x_wconf 81' lang='lat' dir='ltr'><strong>Ml&quot;.</strong></span> <span class='ocrx_word' id='word_1_103' title='bbox 1377 1648 1384 1656; x_wconf 88' lang='grc'><em>’</em></span> 
     </span>
    </p>
   </div>
   <div class='ocr_carea' id='block_1_19' title="bbox 870 1758 1376 1826">
    <p class='ocr_par' dir='ltr' id='par_1_19' title="bbox 870 1758 1376 1826">
     <span class='ocr_line' id='line_1_19' title="bbox 870 1758 1376 1826; baseline 0.002 -15"><span class='ocrx_word' id='word_1_104' title='bbox 870 1758 1011 1826; x_wconf 76' lang='grc' dir='ltr'>Περὶ</span> <span class='ocrx_word' id='word_1_105' title='bbox 1043 1758 1376 1812; x_wconf 81' lang='grc' dir='ltr'><strong>ἐνυπνίων.</strong></span> 
     </span>
    </p>
   </div>
   <div class='ocr_carea' id='block_1_20' title="bbox 398 1807 1984 1920">
    <p class='ocr_par' dir='ltr' id='par_1_20' title="bbox 398 1807 1984 1920">
     <span class='ocr_line' id='line_1_20' title="bbox 398 1807 1984 1920; baseline -0.001 -17"><span class='ocrx_word' id='word_1_106' title='bbox 398 1847 585 1919; x_wconf 76' lang='grc' dir='ltr'>Μηδέν</span> <span class='ocrx_word' id='word_1_107' title='bbox 612 1864 701 1902; x_wconf 85' lang='grc' dir='ltr'><strong>σοι</strong></span> <span class='ocrx_word' id='word_1_108' title='bbox 728 1848 826 1902; x_wconf 71' lang='grc' dir='ltr'>καὶ</span> <span class='ocrx_word' id='word_1_109' title='bbox 1432 1847 1606 1903; x_wconf 85' lang='grc' dir='ltr'>πολλὰ</span> <span class='ocrx_word' id='word_1_110' title='bbox 1636 1863 1744 1920; x_wconf 83' lang='grc' dir='ltr'><strong>γαρ</strong></span> <span class='ocrx_word' id='word_1_111' title='bbox 1777 1846 1910 1902; x_wconf 81' lang='grc' dir='ltr'>ἐπα·</span> <span class='ocrx_word' id='word_1_112' title='bbox 1941 1807 1984 1864; x_wconf 71' lang='grc' dir='ltr'><strong>Β</strong></span> 
     </span>
    </p>
   </div>
   <div class='ocr_carea' id='block_1_21' title="bbox 325 1938 1373 2013">
    <p class='ocr_par' dir='ltr' id='par_1_21' title="bbox 325 1938 1373 2013">
     <span class='ocr_line' id='line_1_21' title="bbox 325 1938 1373 2013; baseline 0.003 -19"><span class='ocrx_word' id='word_1_113' title='bbox 325 1938 420 1994; x_wconf 88' lang='grc' dir='ltr'><strong>θον</strong></span> <span class='ocrx_word' id='word_1_114' title='bbox 452 1942 691 2012; x_wconf 79' lang='grc' dir='ltr'><strong>σήμερον</strong></span> <span class='ocrx_word' id='word_1_115' title='bbox 729 1941 854 1995; x_wconf 79' lang='grc' dir='ltr'>κατ’</span> <span class='ocrx_word' id='word_1_116' title='bbox 883 1941 1019 2013; x_wconf 74' lang='grc' dir='ltr'>ὄναρ</span> <span class='ocrx_word' id='word_1_117' title='bbox 1071 1939 1141 1995; x_wconf 86' lang='grc' dir='ltr'>δι’</span> <span class='ocrx_word' id='word_1_118' title='bbox 1180 1942 1373 1997; x_wconf 81' lang='grc' dir='ltr'>αὐτόν.</span> 
     </span>
    </p>
   </div>
   <div class='ocr_carea' id='block_1_22' title="bbox 402 2027 1910 2103">
    <p class='ocr_par' dir='ltr' id='par_1_22' title="bbox 402 2027 1910 2103">
     <span class='ocr_line' id='line_1_22' title="bbox 402 2027 1910 2103; baseline -0.001 -16"><span class='ocrx_word' id='word_1_119' title='bbox 402 2027 514 2087; x_wconf 84' lang='grc' dir='ltr'>Ἦν</span> <span class='ocrx_word' id='word_1_120' title='bbox 541 2032 599 2086; x_wconf 88' lang='grc' dir='ltr'><strong>δέ</strong></span> <span class='ocrx_word' id='word_1_121' title='bbox 629 2047 716 2092; x_wconf 89' lang='grc' dir='ltr'><strong>τις</strong></span> <span class='ocrx_word' id='word_1_122' title='bbox 748 2030 998 2102; x_wconf 80' lang='grc' dir='ltr'>μαθητὴς</span> <span class='ocrx_word' id='word_1_123' title='bbox 1043 2032 1103 2085; x_wconf 80' lang='grc' dir='ltr'>ὲν</span> <span class='ocrx_word' id='word_1_124' title='bbox 1145 2030 1445 2103; x_wconf 76' lang='grc' dir='ltr'><strong>Δαμασκῷ,</strong></span> <span class='ocrx_word' id='word_1_125' title='bbox 1481 2030 1708 2101; x_wconf 69' lang='grc' dir='ltr'>ὀνόματι</span> <span class='ocrx_word' id='word_1_126' title='bbox 1749 2031 1910 2086; x_wconf 77' lang='grc' dir='ltr'>Ἀνα-</span> 
     </span>
    </p>
   </div>
   <div class='ocr_carea' id='block_1_23' title="bbox 324 2117 1904 2195">
    <p class='ocr_par' dir='ltr' id='par_1_23' title="bbox 324 2117 1904 2195">
     <span class='ocr_line' id='line_1_23' title="bbox 324 2117 1904 2195; baseline -0.001 -19"><span class='ocrx_word' id='word_1_127' title='bbox 324 2123 466 2186; x_wconf 85' lang='grc' dir='ltr'>νίας,</span> <span class='ocrx_word' id='word_1_128' title='bbox 512 2122 610 2177; x_wconf 74' lang='grc' dir='ltr'>καὶ</span> <span class='ocrx_word' id='word_1_129' title='bbox 663 2117 787 2176; x_wconf 75' lang='grc' dir='ltr'>εἷπε</span> <span class='ocrx_word' id='word_1_130' title='bbox 847 2121 986 2192; x_wconf 76' lang='grc' dir='ltr'>πρὸς</span> <span class='ocrx_word' id='word_1_131' title='bbox 1041 2121 1206 2176; x_wconf 78' lang='grc' dir='ltr'>αὑτὸν</span> <span class='ocrx_word' id='word_1_132' title='bbox 1239 2124 1268 2177; x_wconf 80' lang='grc' dir='ltr'>ὁ</span> <span class='ocrx_word' id='word_1_133' title='bbox 1304 2123 1508 2194; x_wconf 84' lang='grc' dir='ltr'>Κύριος</span> <span class='ocrx_word' id='word_1_134' title='bbox 1540 2124 1601 2177; x_wconf 69' lang='grc' dir='ltr'>ἐν</span> <span class='ocrx_word' id='word_1_135' title='bbox 1632 2123 1904 2195; x_wconf 77' lang='grc' dir='ltr'>ὁράματι,</span> 
     </span>
    </p>
   </div>
   <div class='ocr_carea' id='block_1_24' title="bbox 325 2215 1578 2270">
    <p class='ocr_par' dir='ltr' id='par_1_24' title="bbox 325 2215 1578 2270">
     <span class='ocr_line' id='line_1_24' title="bbox 325 2215 1578 2270; baseline -0.001 0"><span class='ocrx_word' id='word_1_136' title='bbox 325 2233 380 2270; x_wconf 89' lang='grc' dir='ltr'><strong>κ.</strong></span> <span class='ocrx_word' id='word_1_137' title='bbox 408 2233 460 2270; x_wconf 91' lang='grc' dir='ltr'><strong>τ.</strong></span> <span class='ocrx_word' id='word_1_138' title='bbox 489 2215 542 2270; x_wconf 89' lang='grc' dir='ltr'><strong>λ.</strong></span> <span class='ocrx_word' id='word_1_139' title='bbox 1575 2226 1578 2230; x_wconf 77' lang='lat'>‘</span> 
     </span>
    </p>
   </div>
   <div class='ocr_carea' id='block_1_25' title="bbox 395 2304 1770 2378">
    <p class='ocr_par' dir='ltr' id='par_1_25' title="bbox 395 2304 1770 2378">
     <span class='ocr_line' id='line_1_25' title="bbox 395 2304 1770 2378; baseline 0.001 -18"><span class='ocrx_word' id='word_1_140' title='bbox 395 2305 766 2378; x_wconf 86' lang='grc' dir='ltr'>Παραγίνεται</span> <span class='ocrx_word' id='word_1_141' title='bbox 799 2305 1059 2362; x_wconf 73' lang='grc' dir='ltr'>ἐνύπνιον</span> <span class='ocrx_word' id='word_1_142' title='bbox 1085 2307 1146 2360; x_wconf 79' lang='grc' dir='ltr'>ὲν</span> <span class='ocrx_word' id='word_1_143' title='bbox 1182 2304 1384 2377; x_wconf 87' lang='grc' dir='ltr'>πλήθει</span> <span class='ocrx_word' id='word_1_144' title='bbox 1426 2306 1770 2378; x_wconf 78' lang='grc' dir='ltr'>πειρασμοῦ.</span> 
     </span>
    </p>
   </div>
   <div class='ocr_carea' id='block_1_26' title="bbox 416 2481 1902 2557">
    <p class='ocr_par' dir='ltr' id='par_1_26' title="bbox 416 2481 1902 2557">
     <span class='ocr_line' id='line_1_26' title="bbox 416 2481 1902 2557; baseline -0.001 -19"><span class='ocrx_word' id='word_1_145' title='bbox 416 2484 506 2550; x_wconf 86' lang='grc' dir='ltr'><strong>Ὠς</strong></span> <span class='ocrx_word' id='word_1_146' title='bbox 555 2487 583 2540; x_wconf 84' lang='grc' dir='ltr'><strong>δ</strong></span> <span class='ocrx_word' id='word_1_147' title='bbox 635 2484 1004 2557; x_wconf 77' lang='grc' dir='ltr'>δρασσόμενος</span> <span class='ocrx_word' id='word_1_148' title='bbox 1031 2485 1212 2549; x_wconf 77' lang='grc' dir='ltr'>σκιᾶς,</span> <span class='ocrx_word' id='word_1_149' title='bbox 1256 2482 1352 2536; x_wconf 73' lang='grc' dir='ltr'>καὶ</span> <span class='ocrx_word' id='word_1_150' title='bbox 1399 2481 1615 2538; x_wconf 85' lang='grc' dir='ltr'><strong>διώκων</strong></span> <span class='ocrx_word' id='word_1_151' title='bbox 1645 2481 1902 2554; x_wconf 84' lang='grc' dir='ltr'>ἀνέμους,</span> 
     </span>
    </p>
   </div>
   <div class='ocr_carea' id='block_1_27' title="bbox 333 2577 1229 2648">
    <p class='ocr_par' dir='ltr' id='par_1_27' title="bbox 333 2577 1229 2648">
     <span class='ocr_line' id='line_1_27' title="bbox 333 2577 1229 2648; baseline 0 -16"><span class='ocrx_word' id='word_1_152' title='bbox 333 2577 504 2642; x_wconf 77' lang='grc' dir='ltr'>οὕτως</span> <span class='ocrx_word' id='word_1_153' title='bbox 554 2579 584 2632; x_wconf 83' lang='grc' dir='ltr'><strong>ὁ</strong></span> <span class='ocrx_word' id='word_1_154' title='bbox 618 2578 903 2648; x_wconf 84' lang='grc' dir='ltr'>προσέχων</span> <span class='ocrx_word' id='word_1_155' title='bbox 935 2577 1229 2640; x_wconf 79' lang='grc' dir='ltr'>ἐνυπνίοις.</span> 
     </span>
    </p>
   </div>
   <div class='ocr_carea' id='block_1_28' title="bbox 410 2667 1906 2741">
    <p class='ocr_par' dir='ltr' id='par_1_28' title="bbox 410 2667 1906 2741">
     <span class='ocr_line' id='line_1_28' title="bbox 410 2667 1906 2741; baseline 0.001 -18"><span class='ocrx_word' id='word_1_156' title='bbox 410 2669 500 2734; x_wconf 87' lang='grc' dir='ltr'>Ὧς</span> <span class='ocrx_word' id='word_1_157' title='bbox 531 2672 639 2741; x_wconf 81' lang='grc' dir='ltr'>γὰρ</span> <span class='ocrx_word' id='word_1_158' title='bbox 679 2670 776 2722; x_wconf 75' lang='grc' dir='ltr'><strong>ἐπὶ</strong></span> <span class='ocrx_word' id='word_1_159' title='bbox 826 2670 967 2723; x_wconf 82' lang='grc' dir='ltr'>πολὺ</span> <span class='ocrx_word' id='word_1_160' title='bbox 1027 2669 1096 2722; x_wconf 91' lang='grc' dir='ltr'><strong>τά</strong></span> <span class='ocrx_word' id='word_1_161' title='bbox 1153 2668 1278 2722; x_wconf 80' lang='grc' dir='ltr'>καθ’</span> <span class='ocrx_word' id='word_1_162' title='bbox 1316 2667 1487 2722; x_wconf 73' lang='grc' dir='ltr'>ὕπνον</span> <span class='ocrx_word' id='word_1_163' title='bbox 1533 2669 1906 2740; x_wconf 81' lang='grc' dir='ltr'>φαντάσματα</span> 
     </span>
    </p>
   </div>
   <div class='ocr_carea' id='block_1_29' title="bbox 331 2759 1728 2833">
    <p class='ocr_par' dir='ltr' id='par_1_29' title="bbox 331 2759 1728 2833">
     <span class='ocr_line' id='line_1_29' title="bbox 331 2759 1728 2833; baseline 0.003 -18"><span class='ocrx_word' id='word_1_164' title='bbox 331 2759 432 2815; x_wconf 76' lang='grc' dir='ltr'><strong>τῶν</strong></span> <span class='ocrx_word' id='word_1_165' title='bbox 467 2761 856 2832; x_wconf 81' lang='grc' dir='ltr'>μεθημερινῶν</span> <span class='ocrx_word' id='word_1_166' title='bbox 889 2761 1112 2814; x_wconf 81' lang='grc' dir='ltr'>ἐννοιῶν</span> <span class='ocrx_word' id='word_1_167' title='bbox 1165 2764 1306 2816; x_wconf 77' lang='grc' dir='ltr'>εἰσιν</span> <span class='ocrx_word' id='word_1_168' title='bbox 1357 2762 1728 2833; x_wconf 79' lang='grc' dir='ltr'>ἀπηχήματα.</span> 
     </span>
    </p>
   </div>
   <div class='ocr_carea' id='block_1_30' title="bbox 402 2854 1908 2926">
    <p class='ocr_par' dir='ltr' id='par_1_30' title="bbox 402 2854 1908 2926">
     <span class='ocr_line' id='line_1_30' title="bbox 402 2854 1908 2926; baseline 0.001 -17"><span class='ocrx_word' id='word_1_169' title='bbox 402 2855 688 2924; x_wconf 82' lang='grc' dir='ltr'>Πεφύκασι</span> <span class='ocrx_word' id='word_1_170' title='bbox 726 2855 835 2926; x_wconf 86' lang='grc' dir='ltr'>γάρ</span> <span class='ocrx_word' id='word_1_171' title='bbox 863 2871 981 2918; x_wconf 89' lang='grc' dir='ltr'><strong>πως</strong></span> <span class='ocrx_word' id='word_1_172' title='bbox 1011 2857 1067 2908; x_wconf 86' lang='grc' dir='ltr'><strong>αί</strong></span> <span class='ocrx_word' id='word_1_173' title='bbox 1120 2854 1244 2908; x_wconf 85' lang='grc' dir='ltr'>καθ’</span> <span class='ocrx_word' id='word_1_174' title='bbox 1275 2854 1443 2909; x_wconf 77' lang='grc' dir='ltr'>ὕπνον</span> <span class='ocrx_word' id='word_1_175' title='bbox 1484 2856 1800 2926; x_wconf 73' lang='grc' dir='ltr'>φαντασίαι,</span> <span class='ocrx_word' id='word_1_176' title='bbox 1832 2858 1908 2921; x_wconf 87' lang='grc' dir='ltr'>ὡς</span> 
     </span>
    </p>
   </div>
   <div class='ocr_carea' id='block_1_31' title="bbox 327 2941 1909 3019">
    <p class='ocr_par' dir='ltr' id='par_1_31' title="bbox 327 2941 1909 3019">
     <span class='ocr_line' id='line_1_31' title="bbox 327 2941 1909 3019; baseline 0 -17"><span class='ocrx_word' id='word_1_177' title='bbox 327 2948 394 3002; x_wconf 77' lang='grc' dir='ltr'><strong>τὰ</strong></span> <span class='ocrx_word' id='word_1_178' title='bbox 424 2947 596 3000; x_wconf 88' lang='grc' dir='ltr'>πολλὰ</span> <span class='ocrx_word' id='word_1_179' title='bbox 620 2947 971 3017; x_wconf 81' lang='grc' dir='ltr'>ἀπηχήματα</span> <span class='ocrx_word' id='word_1_180' title='bbox 1006 2941 1147 2999; x_wconf 76' lang='grc' dir='ltr'>εἶναι</span> <span class='ocrx_word' id='word_1_181' title='bbox 1178 2947 1286 2998; x_wconf 80' lang='grc' dir='ltr'><strong>τῶν</strong></span> <span class='ocrx_word' id='word_1_182' title='bbox 1319 2947 1710 3019; x_wconf 74' lang='grc' dir='ltr'>μεθημερινῶν</span> <span class='ocrx_word' id='word_1_183' title='bbox 1743 2966 1909 3018; x_wconf 64' lang='grc' dir='ltr'>φροντι</span> 
     </span>
    </p>
   </div>
   <div class='ocr_carea' id='block_1_32' title="bbox 326 3035 1908 3112">
    <p class='ocr_par' dir='ltr' id='par_1_32' title="bbox 326 3035 1908 3112">
     <span class='ocr_line' id='line_1_32' title="bbox 326 3035 1908 3112; baseline 0.001 -19"><span class='ocrx_word' id='word_1_184' title='bbox 326 3041 502 3094; x_wconf 76' lang='grc' dir='ltr'>τίδων.</span> <span class='ocrx_word' id='word_1_185' title='bbox 547 3038 742 3092; x_wconf 87' lang='grc' dir='ltr'>Ὀποῖα</span> <span class='ocrx_word' id='word_1_186' title='bbox 796 3039 906 3107; x_wconf 91' lang='grc' dir='ltr'><strong>γάρ</strong></span> <span class='ocrx_word' id='word_1_187' title='bbox 955 3038 1024 3092; x_wconf 79' lang='grc' dir='ltr'><strong>ἀν</strong></span> <span class='ocrx_word' id='word_1_188' title='bbox 1155 3039 1229 3093; x_wconf 76' lang='grc' dir='ltr'><strong>τὰ</strong></span> <span class='ocrx_word' id='word_1_189' title='bbox 1278 3039 1423 3094; x_wconf 84' lang='grc' dir='ltr'>κατὰ</span> <span class='ocrx_word' id='word_1_190' title='bbox 1457 3041 1550 3092; x_wconf 86' lang='grc' dir='ltr'>τὸν</span> <span class='ocrx_word' id='word_1_191' title='bbox 1598 3039 1715 3111; x_wconf 82' lang='grc' dir='ltr'>βίον</span> <span class='ocrx_word' id='word_1_192' title='bbox 1748 3040 1908 3111; x_wconf 79' lang='grc' dir='ltr'>ἡμῶν</span> 
     </span>
    </p>
   </div>
   <div class='ocr_carea' id='block_1_33' title="bbox 2018 553 3599 628">
    <p class='ocr_par' dir='ltr' id='par_1_33' title="bbox 2018 553 3599 628">
     <span class='ocr_line' id='line_1_33' title="bbox 2018 553 3599 628; baseline 0.007 -20"><span class='ocrx_word' id='word_1_193' title='bbox 2018 553 2182 624; x_wconf 90' lang='lat' dir='ltr'><strong>pendi</strong></span> <span class='ocrx_word' id='word_1_194' title='bbox 2236 557 2610 626; x_wconf 75' lang='lat' dir='ltr'><strong>suggestiones</strong></span> <span class='ocrx_word' id='word_1_195' title='bbox 2655 557 2925 628; x_wconf 73' lang='lat' dir='ltr'><strong>cupiditas</strong></span> <span class='ocrx_word' id='word_1_196' title='bbox 2986 558 3190 614; x_wconf 80' lang='lat' dir='ltr'><strong>habet:</strong></span> <span class='ocrx_word' id='word_1_197' title='bbox 3241 561 3518 628; x_wconf 77' lang='lat' dir='ltr'><strong>videlicet,</strong></span> <span class='ocrx_word' id='word_1_198' title='bbox 3566 579 3599 619; x_wconf 87' lang='lat' dir='ltr'><strong>a</strong></span> 
     </span>
    </p>
   </div>
   <div class='ocr_carea' id='block_1_34' title="bbox 2017 647 3598 716">
    <p class='ocr_par' dir='ltr' id='par_1_34' title="bbox 2017 647 3598 716">
     <span class='ocr_line' id='line_1_34' title="bbox 2017 647 3598 716; baseline 0.007 -16"><span class='ocrx_word' id='word_1_199' title='bbox 2017 657 2235 712; x_wconf 87' lang='lat' dir='ltr'><strong>natura,</strong></span> <span class='ocrx_word' id='word_1_200' title='bbox 2278 662 2308 702; x_wconf 92' lang='lat' dir='ltr'><strong>a</strong></span> <span class='ocrx_word' id='word_1_201' title='bbox 2345 647 2506 712; x_wconf 86' lang='lat' dir='ltr'><strong>cibis,</strong></span> <span class='ocrx_word' id='word_1_202' title='bbox 2541 663 2570 703; x_wconf 87' lang='lat' dir='ltr'><strong>a</strong></span> <span class='ocrx_word' id='word_1_203' title='bbox 2611 649 2973 716; x_wconf 65' lang='lat' dir='ltr'><strong>daemonibus,</strong></span> <span class='ocrx_word' id='word_1_204' title='bbox 3027 659 3083 706; x_wconf 83' lang='lat' dir='ltr'><strong>et</strong></span> <span class='ocrx_word' id='word_1_205' title='bbox 3143 651 3287 709; x_wconf 87' lang='lat' dir='ltr'><strong>forte</strong></span> <span class='ocrx_word' id='word_1_206' title='bbox 3340 652 3509 710; x_wconf 78' lang='lat' dir='ltr'><strong>etiam</strong></span> <span class='ocrx_word' id='word_1_207' title='bbox 3565 668 3598 710; x_wconf 83' lang='lat' dir='ltr'><strong>a</strong></span> 
     </span>
    </p>
   </div>
   <div class='ocr_carea' id='block_1_35' title="bbox 2016 741 3597 816">
    <p class='ocr_par' dir='ltr' id='par_1_35' title="bbox 2016 741 3597 816">
     <span class='ocr_line' id='line_1_35' title="bbox 2016 741 3597 816; baseline 0.006 -21"><span class='ocrx_word' id='word_1_208' title='bbox 2016 753 2234 795; x_wconf 87' lang='lat' dir='ltr'><strong>summo</strong></span> <span class='ocrx_word' id='word_1_209' title='bbox 2261 749 2318 795; x_wconf 86' lang='lat' dir='ltr'><strong>et</strong></span> <span class='ocrx_word' id='word_1_210' title='bbox 2351 741 2573 798; x_wconf 87' lang='lat' dir='ltr'><strong>intenso</strong></span> <span class='ocrx_word' id='word_1_211' title='bbox 2614 741 2847 813; x_wconf 83' lang='lat' dir='ltr'><strong>jejunio,</strong></span> <span class='ocrx_word' id='word_1_212' title='bbox 2898 759 3010 816; x_wconf 90' lang='lat' dir='ltr'><strong>quo</strong></span> <span class='ocrx_word' id='word_1_213' title='bbox 3061 743 3347 802; x_wconf 76' lang='lat' dir='ltr'><strong>debilitata</strong></span> <span class='ocrx_word' id='word_1_214' title='bbox 3399 756 3597 804; x_wconf 84' lang='lat' dir='ltr'><strong>natura</strong></span> 
     </span>
    </p>
   </div>
   <div class='ocr_carea' id='block_1_36' title="bbox 2016 833 3000 906">
    <p class='ocr_par' dir='ltr' id='par_1_36' title="bbox 2016 833 3000 906">
     <span class='ocr_line' id='line_1_36' title="bbox 2016 833 3000 906; baseline 0.005 -20"><span class='ocrx_word' id='word_1_215' title='bbox 2016 845 2212 886; x_wconf 88' lang='lat' dir='ltr'><strong>somno</strong></span> <span class='ocrx_word' id='word_1_216' title='bbox 2241 833 2423 888; x_wconf 86' lang='lat' dir='ltr'><strong>statim</strong></span> <span class='ocrx_word' id='word_1_217' title='bbox 2454 849 2518 890; x_wconf 86' lang='lat' dir='ltr'><strong>se.</strong></span> <span class='ocrx_word' id='word_1_218' title='bbox 2546 849 2796 890; x_wconf 84' lang='lat' dir='ltr'><strong>recreare</strong></span> <span class='ocrx_word' id='word_1_219' title='bbox 2825 834 3000 906; x_wconf 90' lang='lat' dir='ltr'><strong>cupit.</strong></span> 
     </span>
    </p>
   </div>
   <div class='ocr_carea' id='block_1_37' title="bbox 2091 923 3597 989">
    <p class='ocr_par' dir='ltr' id='par_1_37' title="bbox 2091 923 3597 989">
     <span class='ocr_line' id='line_1_37' title="bbox 2091 923 3597 989; baseline 0.007 -12"><span class='ocrx_word' id='word_1_220' title='bbox 2091 923 2564 989; x_wconf 83' lang='lat' dir='ltr'><strong>Quemadmodum</strong></span> <span class='ocrx_word' id='word_1_221' title='bbox 2633 926 2991 983; x_wconf 88' lang='lat' dir='ltr'><strong>vinolentiam</strong></span> <span class='ocrx_word' id='word_1_222' title='bbox 3061 941 3328 986; x_wconf 87' lang='lat' dir='ltr'><strong>vocamus</strong></span> <span class='ocrx_word' id='word_1_223' title='bbox 3393 928 3597 987; x_wconf 85' lang='lat' dir='ltr'><strong>malam</strong></span> 
     </span>
    </p>
   </div>
   <div class='ocr_carea' id='block_1_38' title="bbox 2014 1016 3599 1086">
    <p class='ocr_par' dir='ltr' id='par_1_38' title="bbox 2014 1016 3599 1086">
     <span class='ocr_line' id='line_1_38' title="bbox 2014 1016 3599 1086; baseline 0.007 -19"><span class='ocrx_word' id='word_1_224' title='bbox 2014 1016 2305 1086; x_wconf 86' lang='lat' dir='ltr'><strong>quamdam</strong></span> <span class='ocrx_word' id='word_1_225' title='bbox 2324 1019 2796 1086; x_wconf 80' lang='lat' dir='ltr'><strong>consuetudinem,</strong></span> <span class='ocrx_word' id='word_1_226' title='bbox 2827 1020 2908 1075; x_wconf 85' lang='lat' dir='ltr'><strong>sic</strong></span> <span class='ocrx_word' id='word_1_227' title='bbox 2937 1027 2991 1076; x_wconf 92' lang='lat' dir='ltr'><strong>et</strong></span> <span class='ocrx_word' id='word_1_228' title='bbox 3009 1021 3452 1078; x_wconf 85' lang='lat' dir='ltr'><strong>somnolentiam.</strong></span> <span class='ocrx_word' id='word_1_229' title='bbox 3483 1021 3599 1078; x_wconf 88' lang='lat' dir='ltr'><strong>Dif-</strong></span> 
     </span>
    </p>
   </div>
   <div class='ocr_carea' id='block_1_39' title="bbox 2014 1109 3367 1185">
    <p class='ocr_par' dir='ltr' id='par_1_39' title="bbox 2014 1109 3367 1185">
     <span class='ocr_line' id='line_1_39' title="bbox 2014 1109 3367 1185; baseline 0.002 -21"><span class='ocrx_word' id='word_1_230' title='bbox 2014 1109 2157 1164; x_wconf 83' lang='lat' dir='ltr'><strong>licile</strong></span> <span class='ocrx_word' id='word_1_231' title='bbox 2189 1119 2272 1166; x_wconf 88' lang='lat' dir='ltr'><strong>est</strong></span> <span class='ocrx_word' id='word_1_232' title='bbox 2307 1120 2486 1166; x_wconf 88' lang='lat' dir='ltr'><strong>autem</strong></span> <span class='ocrx_word' id='word_1_233' title='bbox 2516 1113 2904 1170; x_wconf 87' lang='lat' dir='ltr'><strong>consuetudini</strong></span> <span class='ocrx_word' id='word_1_234' title='bbox 2930 1112 3102 1185; x_wconf 81' lang='lat' dir='ltr'><strong>longae</strong></span> <span class='ocrx_word' id='word_1_235' title='bbox 3138 1114 3367 1171; x_wconf 88' lang='lat' dir='ltr'><strong>mederi.</strong></span> 
     </span>
    </p>
   </div>
   <div class='ocr_carea' id='block_1_40' title="bbox 2092 1200 3594 1278">
    <p class='ocr_par' dir='ltr' id='par_1_40' title="bbox 2092 1200 3594 1278">
     <span class='ocr_line' id='line_1_40' title="bbox 2092 1200 3594 1278; baseline 0.005 -24"><span class='ocrx_word' id='word_1_236' title='bbox 2092 1201 2280 1255; x_wconf 90' lang='lat' dir='ltr'><strong>Diurni</strong></span> <span class='ocrx_word' id='word_1_237' title='bbox 2316 1201 2495 1257; x_wconf 92' lang='lat' dir='ltr'><strong>somni</strong></span> <span class='ocrx_word' id='word_1_238' title='bbox 2545 1215 2640 1259; x_wconf 85' lang='lat' dir='ltr'><strong>aut</strong></span> <span class='ocrx_word' id='word_1_239' title='bbox 2689 1200 2938 1276; x_wconf 74' lang='lat' dir='ltr'><strong>corporis</strong></span> <span class='ocrx_word' id='word_1_240' title='bbox 2987 1207 3293 1262; x_wconf 88' lang='lat' dir='ltr'><strong>molestiam</strong></span> <span class='ocrx_word' id='word_1_241' title='bbox 3328 1206 3594 1278; x_wconf 83' lang='lat' dir='ltr'><strong>aliquam,</strong></span> 
     </span>
    </p>
   </div>
   <div class='ocr_carea' id='block_1_41' title="bbox 2013 1293 3598 1371">
    <p class='ocr_par' dir='ltr' id='par_1_41' title="bbox 2013 1293 3598 1371">
     <span class='ocr_line' id='line_1_41' title="bbox 2013 1293 3598 1371; baseline 0.006 -25"><span class='ocrx_word' id='word_1_242' title='bbox 2013 1301 2109 1347; x_wconf 91' lang='lat' dir='ltr'><strong>aut</strong></span> <span class='ocrx_word' id='word_1_243' title='bbox 2152 1293 2352 1348; x_wconf 67' lang='lat' dir='ltr'><strong>animae</strong></span> <span class='ocrx_word' id='word_1_244' title='bbox 2399 1297 2750 1366; x_wconf 77' lang='lat' dir='ltr'><strong>anxietatem,</strong></span> <span class='ocrx_word' id='word_1_245' title='bbox 2793 1306 2884 1353; x_wconf 88' lang='lat' dir='ltr'><strong>aut</strong></span> <span class='ocrx_word' id='word_1_246' title='bbox 2917 1298 3229 1369; x_wconf 77' lang='lat' dir='ltr'><strong>segnitiem,</strong></span> <span class='ocrx_word' id='word_1_247' title='bbox 3286 1309 3380 1354; x_wconf 87' lang='lat' dir='ltr'><strong>aut</strong></span> <span class='ocrx_word' id='word_1_248' title='bbox 3425 1299 3598 1371; x_wconf 86' lang='lat' dir='ltr'><strong>impe-</strong></span> 
     </span>
    </p>
   </div>
   <div class='ocr_carea' id='block_1_42' title="bbox 2013 1385 2481 1457">
    <p class='ocr_par' dir='ltr' id='par_1_42' title="bbox 2013 1385 2481 1457">
     <span class='ocr_line' id='line_1_42' title="bbox 2013 1385 2481 1457; baseline 0.006 -17"><span class='ocrx_word' id='word_1_249' title='bbox 2013 1385 2192 1440; x_wconf 89' lang='lat' dir='ltr'><strong>ritiam</strong></span> <span class='ocrx_word' id='word_1_250' title='bbox 2218 1394 2481 1457; x_wconf 80' lang='lat' dir='ltr'><strong>arguunt.</strong></span> 
     </span>
    </p>
   </div>
   <div class='ocr_carea' id='block_1_43' title="bbox 2079 1477 3598 1553">
    <p class='ocr_par' dir='ltr' id='par_1_43' title="bbox 2079 1477 3598 1553">
     <span class='ocr_line' id='line_1_43' title="bbox 2079 1477 3598 1553; baseline 0.005 -21"><span class='ocrx_word' id='word_1_251' title='bbox 2079 1477 2370 1534; x_wconf 66' lang='grc' dir='ltr'><strong>ᾸΰςεΙιὶηἱε.</strong></span> <span class='ocrx_word' id='word_1_252' title='bbox 2403 1480 2988 1538; x_wconf 68' lang='grc' dir='ltr'>δοιηηιιεύίιιῑιιτιιὶοι·</span> <span class='ocrx_word' id='word_1_253' title='bbox 3012 1497 3176 1553; x_wconf 81' lang='lat' dir='ltr'><strong>quam</strong></span> <span class='ocrx_word' id='word_1_254' title='bbox 3201 1483 3408 1550; x_wconf 85' lang='lat' dir='ltr'><strong>deceat,</strong></span> <span class='ocrx_word' id='word_1_255' title='bbox 3449 1499 3598 1539; x_wconf 79' lang='lat' dir='ltr'><strong>mor-</strong></span> 
     </span>
    </p>
   </div>
   <div class='ocr_carea' id='block_1_44' title="bbox 2011 1570 3010 1643">
    <p class='ocr_par' dir='ltr' id='par_1_44' title="bbox 2011 1570 3010 1643">
     <span class='ocr_line' id='line_1_44' title="bbox 2011 1570 3010 1643; baseline 0.004 -17"><span class='ocrx_word' id='word_1_256' title='bbox 2011 1570 2122 1626; x_wconf 90' lang='lat' dir='ltr'><strong>tuis</strong></span> <span class='ocrx_word' id='word_1_257' title='bbox 2156 1571 2339 1643; x_wconf 86' lang='lat' dir='ltr'><strong>potius</strong></span> <span class='ocrx_word' id='word_1_258' title='bbox 2369 1586 2532 1642; x_wconf 87' lang='lat' dir='ltr'><strong>quam</strong></span> <span class='ocrx_word' id='word_1_259' title='bbox 2563 1572 2700 1629; x_wconf 81' lang='lat' dir='ltr'><strong>vivis</strong></span> <span class='ocrx_word' id='word_1_260' title='bbox 2732 1573 3010 1630; x_wconf 86' lang='lat' dir='ltr'><strong>convenit.</strong></span> 
     </span>
    </p>
   </div>
   <div class='ocr_carea' id='block_1_45' title="bbox 2395 1664 3213 1741">
    <p class='ocr_par' dir='ltr' id='par_1_45' title="bbox 2395 1664 3213 1741">
     <span class='ocr_line' id='line_1_45' title="bbox 2395 1664 3213 1741; baseline -0.002 -19"><span class='ocrx_word' id='word_1_261' title='bbox 2395 1664 2629 1724; x_wconf 81' lang='lat' dir='ltr'><strong>SEltMO</strong></span> <span class='ocrx_word' id='word_1_262' title='bbox 2677 1665 2837 1722; x_wconf 82' lang='lat' dir='ltr'><strong>xun</strong></span> <span class='ocrx_word' id='word_1_263' title='bbox 2874 1665 2975 1740; x_wconf 85' lang='grc' dir='ltr'>[αι.</span> <span class='ocrx_word' id='word_1_264' title='bbox 3024 1666 3213 1741; x_wconf 78' lang='lat' dir='ltr'><strong>LXX].</strong></span> 
     </span>
    </p>
   </div>
   <div class='ocr_carea' id='block_1_46' title="bbox 2599 1756 3003 1814">
    <p class='ocr_par' dir='ltr' id='par_1_46' title="bbox 2599 1756 3003 1814">
     <span class='ocr_line' id='line_1_46' title="bbox 2599 1756 3003 1814; baseline 0.005 -2"><span class='ocrx_word' id='word_1_265' title='bbox 2599 1756 2674 1812; x_wconf 79' lang='lat' dir='ltr'><strong>De</strong></span> <span class='ocrx_word' id='word_1_266' title='bbox 2706 1759 3003 1814; x_wconf 75' lang='lat' dir='ltr'><strong>insomniis.</strong></span> 
     </span>
    </p>
   </div>
   <div class='ocr_carea' id='block_1_47' title="bbox 2089 1845 3594 1919">
    <p class='ocr_par' dir='ltr' id='par_1_47' title="bbox 2089 1845 3594 1919">
     <span class='ocr_line' id='line_1_47' title="bbox 2089 1845 3594 1919; baseline 0.005 -19"><span class='ocrx_word' id='word_1_267' title='bbox 2089 1845 2286 1903; x_wconf 75' lang='lat' dir='ltr'><strong>Matth.</strong></span> <span class='ocrx_word' id='word_1_268' title='bbox 2320 1864 2488 1904; x_wconf 78' lang='lat' dir='ltr'><strong>xxv&quot;.</strong></span> <span class='ocrx_word' id='word_1_269' title='bbox 2534 1848 2679 1905; x_wconf 88' lang='lat' dir='ltr'><strong>Nihil</strong></span> <span class='ocrx_word' id='word_1_270' title='bbox 2711 1851 2812 1906; x_wconf 89' lang='lat' dir='ltr'><strong>tibi</strong></span> <span class='ocrx_word' id='word_1_271' title='bbox 2839 1861 2892 1906; x_wconf 89' lang='lat' dir='ltr'><strong>et</strong></span> <span class='ocrx_word' id='word_1_272' title='bbox 2916 1851 3068 1919; x_wconf 89' lang='lat' dir='ltr'><strong>justo</strong></span> <span class='ocrx_word' id='word_1_273' title='bbox 3092 1850 3206 1917; x_wconf 87' lang='lat' dir='ltr'><strong>illi;</strong></span> <span class='ocrx_word' id='word_1_274' title='bbox 3247 1851 3415 1905; x_wconf 84' lang='lat' dir='ltr'><strong>multa</strong></span> <span class='ocrx_word' id='word_1_275' title='bbox 3446 1851 3594 1907; x_wconf 75' lang='lat' dir='ltr'><strong>enim</strong></span> 
     </span>
    </p>
   </div>
   <div class='ocr_carea' id='block_1_48' title="bbox 2015 1941 3382 2012">
    <p class='ocr_par' dir='ltr' id='par_1_48' title="bbox 2015 1941 3382 2012">
     <span class='ocr_line' id='line_1_48' title="bbox 2015 1941 3382 2012; baseline 0.004 -21"><span class='ocrx_word' id='word_1_276' title='bbox 2015 1951 2209 2006; x_wconf 87' lang='lat' dir='ltr'><strong>passus</strong></span> <span class='ocrx_word' id='word_1_277' title='bbox 2241 1954 2361 1995; x_wconf 86' lang='lat' dir='ltr'><strong>sum</strong></span> <span class='ocrx_word' id='word_1_278' title='bbox 2396 1941 2555 1996; x_wconf 85' lang='lat' dir='ltr'><strong>hodie</strong></span> <span class='ocrx_word' id='word_1_279' title='bbox 2585 1941 2642 1995; x_wconf 90' lang='lat' dir='ltr'><strong>in</strong></span> <span class='ocrx_word' id='word_1_280' title='bbox 2682 1941 2893 1998; x_wconf 89' lang='lat' dir='ltr'><strong>somnis</strong></span> <span class='ocrx_word' id='word_1_281' title='bbox 2926 1953 3145 2012; x_wconf 83' lang='lat' dir='ltr'><strong>praptcr</strong></span> <span class='ocrx_word' id='word_1_282' title='bbox 3177 1943 3382 2011; x_wconf 88' lang='lat' dir='ltr'><strong>ipsum.</strong></span> 
     </span>
    </p>
   </div>
   <div class='ocr_carea' id='block_1_49' title="bbox 2085 2031 3592 2103">
    <p class='ocr_par' dir='ltr' id='par_1_49' title="bbox 2085 2031 3592 2103">
     <span class='ocr_line' id='line_1_49' title="bbox 2085 2031 3592 2103; baseline 0.001 -20"><span class='ocrx_word' id='word_1_283' title='bbox 2085 2031 2202 2084; x_wconf 78' lang='lat' dir='ltr'><strong>Act.</strong></span> <span class='ocrx_word' id='word_1_284' title='bbox 2237 2047 2312 2085; x_wconf 80' lang='lat' dir='ltr'><strong>ix.</strong></span> <span class='ocrx_word' id='word_1_285' title='bbox 2359 2032 2488 2087; x_wconf 89' lang='lat' dir='ltr'><strong>Erat</strong></span> <span class='ocrx_word' id='word_1_286' title='bbox 2531 2043 2710 2088; x_wconf 84' lang='lat' dir='ltr'><strong>autem</strong></span> <span class='ocrx_word' id='word_1_287' title='bbox 2759 2034 3064 2103; x_wconf 77' lang='lat' dir='ltr'><strong>discipulus</strong></span> <span class='ocrx_word' id='word_1_288' title='bbox 3099 2033 3151 2088; x_wconf 91' lang='lat' dir='ltr'><strong>in</strong></span> <span class='ocrx_word' id='word_1_289' title='bbox 3187 2032 3456 2089; x_wconf 85' lang='lat' dir='ltr'><strong>Damasco</strong></span> <span class='ocrx_word' id='word_1_290' title='bbox 3492 2049 3592 2086; x_wconf 85' lang='lat' dir='ltr'><strong>no-</strong></span> 
     </span>
    </p>
   </div>
   <div class='ocr_carea' id='block_1_50' title="bbox 2011 2119 3590 2193">
    <p class='ocr_par' dir='ltr' id='par_1_50' title="bbox 2011 2119 3590 2193">
     <span class='ocr_line' id='line_1_50' title="bbox 2011 2119 3590 2193; baseline 0.001 -17"><span class='ocrx_word' id='word_1_291' title='bbox 2011 2123 2158 2178; x_wconf 91' lang='lat' dir='ltr'><strong>mine</strong></span> <span class='ocrx_word' id='word_1_292' title='bbox 2185 2123 2448 2192; x_wconf 82' lang='lat' dir='ltr'><strong>Ananias,</strong></span> <span class='ocrx_word' id='word_1_293' title='bbox 2485 2136 2538 2181; x_wconf 91' lang='lat' dir='ltr'><strong>ct</strong></span> <span class='ocrx_word' id='word_1_294' title='bbox 2571 2127 2710 2182; x_wconf 80' lang='lat' dir='ltr'><strong>dixit</strong></span> <span class='ocrx_word' id='word_1_295' title='bbox 2731 2127 2798 2182; x_wconf 88' lang='lat' dir='ltr'><strong>ad</strong></span> <span class='ocrx_word' id='word_1_296' title='bbox 2825 2143 2948 2183; x_wconf 88' lang='lat' dir='ltr'><strong>cum</strong></span> <span class='ocrx_word' id='word_1_297' title='bbox 2974 2125 3239 2182; x_wconf 88' lang='lat' dir='ltr'><strong>Dominus</strong></span> <span class='ocrx_word' id='word_1_298' title='bbox 3270 2119 3590 2193; x_wconf 40' lang='lat' dir='ltr'><strong>in&#39;visioue,</strong></span> 
     </span>
    </p>
   </div>
   <div class='ocr_carea' id='block_1_51' title="bbox 2010 2223 2124 2270">
    <p class='ocr_par' dir='ltr' id='par_1_51' title="bbox 2010 2223 2124 2270">
     <span class='ocr_line' id='line_1_51' title="bbox 2010 2223 2124 2270; baseline 0.009 -1"><span class='ocrx_word' id='word_1_299' title='bbox 2010 2223 2124 2270; x_wconf 70' lang='lat' dir='ltr'><strong>CIC.</strong></span> 
     </span>
    </p>
   </div>
   <div class='ocr_carea' id='block_1_52' title="bbox 2081 2306 3594 2368">
    <p class='ocr_par' dir='ltr' id='par_1_52' title="bbox 2081 2306 3594 2368">
     <span class='ocr_line' id='line_1_52' title="bbox 2081 2306 3594 2368; baseline 0.003 -6"><span class='ocrx_word' id='word_1_300' title='bbox 2081 2306 2359 2366; x_wconf 84' lang='lat' dir='ltr'><strong>Salomon.</strong></span> <span class='ocrx_word' id='word_1_301' title='bbox 2393 2309 2727 2368; x_wconf 88' lang='lat' dir='ltr'><strong>insomnium</strong></span> <span class='ocrx_word' id='word_1_302' title='bbox 2763 2311 2973 2368; x_wconf 86' lang='lat' dir='ltr'><strong>accedit</strong></span> <span class='ocrx_word' id='word_1_303' title='bbox 3002 2312 3056 2366; x_wconf 92' lang='lat' dir='ltr'><strong>in</strong></span> <span class='ocrx_word' id='word_1_304' title='bbox 3091 2310 3441 2368; x_wconf 85' lang='lat' dir='ltr'><strong>multitudine</strong></span> <span class='ocrx_word' id='word_1_305' title='bbox 3473 2322 3594 2368; x_wconf 82' lang='lat' dir='ltr'><strong>ten-</strong></span> 
     </span>
    </p>
   </div>
   <div class='ocr_carea' id='block_1_53' title="bbox 2011 2398 2255 2453">
    <p class='ocr_par' dir='ltr' id='par_1_53' title="bbox 2011 2398 2255 2453">
     <span class='ocr_line' id='line_1_53' title="bbox 2011 2398 2255 2453; baseline 0.016 -4"><span class='ocrx_word' id='word_1_306' title='bbox 2011 2398 2255 2453; x_wconf 81' lang='lat' dir='ltr'><strong>talionis.</strong></span> 
     </span>
    </p>
   </div>
   <div class='ocr_carea' id='block_1_54' title="bbox 2081 2487 3595 2560">
    <p class='ocr_par' dir='ltr' id='par_1_54' title="bbox 2081 2487 3595 2560">
     <span class='ocr_line' id='line_1_54' title="bbox 2081 2487 3595 2560; baseline 0.003 -18"><span class='ocrx_word' id='word_1_307' title='bbox 2081 2487 2252 2543; x_wconf 84' lang='lat' dir='ltr'><strong>Eccli.</strong></span> <span class='ocrx_word' id='word_1_308' title='bbox 2287 2503 2473 2544; x_wconf 75' lang='lat' dir='ltr'><strong>uxrv.</strong></span> <span class='ocrx_word' id='word_1_309' title='bbox 2513 2489 2617 2558; x_wconf 87' lang='lat' dir='ltr'><strong>Qui</strong></span> <span class='ocrx_word' id='word_1_310' title='bbox 2665 2491 2916 2547; x_wconf 77' lang='lat' dir='ltr'><strong>observat</strong></span> <span class='ocrx_word' id='word_1_311' title='bbox 2953 2491 3248 2560; x_wconf 81' lang='lat' dir='ltr'><strong>insomnia,</strong></span> <span class='ocrx_word' id='word_1_312' title='bbox 3279 2489 3476 2548; x_wconf 83' lang='lat' dir='ltr'><strong>similis</strong></span> <span class='ocrx_word' id='word_1_313' title='bbox 3505 2499 3595 2546; x_wconf 85' lang='lat' dir='ltr'><strong>est</strong></span> 
     </span>
    </p>
   </div>
   <div class='ocr_carea' id='block_1_55' title="bbox 2007 2581 3245 2654">
    <p class='ocr_par' dir='ltr' id='par_1_55' title="bbox 2007 2581 3245 2654">
     <span class='ocr_line' id='line_1_55' title="bbox 2007 2581 3245 2654; baseline 0.002 -18"><span class='ocrx_word' id='word_1_314' title='bbox 2007 2581 2244 2650; x_wconf 84' lang='lat' dir='ltr'><strong>captanti</strong></span> <span class='ocrx_word' id='word_1_315' title='bbox 2283 2583 2532 2638; x_wconf 88' lang='lat' dir='ltr'><strong>umbram</strong></span> <span class='ocrx_word' id='word_1_316' title='bbox 2563 2593 2619 2638; x_wconf 89' lang='lat' dir='ltr'><strong>et</strong></span> <span class='ocrx_word' id='word_1_317' title='bbox 2650 2593 2840 2640; x_wconf 87' lang='lat' dir='ltr'><strong>ventos</strong></span> <span class='ocrx_word' id='word_1_318' title='bbox 2875 2585 3245 2654; x_wconf 85' lang='lat' dir='ltr'><strong>persequenli.</strong></span> 
     </span>
    </p>
   </div>
   <div class='ocr_carea' id='block_1_56' title="bbox 2077 2674 3593 2748">
    <p class='ocr_par' dir='ltr' id='par_1_56' title="bbox 2077 2674 3593 2748">
     <span class='ocr_line' id='line_1_56' title="bbox 2077 2674 3593 2748; baseline 0.003 -20"><span class='ocrx_word' id='word_1_319' title='bbox 2077 2674 2185 2745; x_wconf 78' lang='lat'><strong>83</strong></span> <span class='ocrx_word' id='word_1_320' title='bbox 2218 2675 2432 2731; x_wconf 78' lang='lat' dir='ltr'><strong>Basilii.</strong></span> <span class='ocrx_word' id='word_1_321' title='bbox 2486 2676 2910 2746; x_wconf 84' lang='lat' dir='ltr'><strong>Imaginationes</strong></span> <span class='ocrx_word' id='word_1_322' title='bbox 2945 2677 2998 2732; x_wconf 92' lang='lat' dir='ltr'><strong>in</strong></span> <span class='ocrx_word' id='word_1_323' title='bbox 3050 2677 3262 2732; x_wconf 75' lang='lat' dir='ltr'><strong>somnis</strong></span> <span class='ocrx_word' id='word_1_324' title='bbox 3307 2686 3369 2733; x_wconf 87' lang='lat' dir='ltr'><strong>ut</strong></span> <span class='ocrx_word' id='word_1_325' title='bbox 3419 2677 3593 2748; x_wconf 83' lang='lat' dir='ltr'><strong>pluri-</strong></span> 
     </span>
    </p>
   </div>
   <div class='ocr_carea' id='block_1_57' title="bbox 2009 2767 3242 2840">
    <p class='ocr_par' dir='ltr' id='par_1_57' title="bbox 2009 2767 3242 2840">
     <span class='ocr_line' id='line_1_57' title="bbox 2009 2767 3242 2840; baseline 0.004 -22"><span class='ocrx_word' id='word_1_326' title='bbox 2009 2783 2156 2820; x_wconf 89' lang='lat' dir='ltr'><strong>mum</strong></span> <span class='ocrx_word' id='word_1_327' title='bbox 2189 2767 2402 2824; x_wconf 85' lang='lat' dir='ltr'><strong>diurnis</strong></span> <span class='ocrx_word' id='word_1_328' title='bbox 2431 2770 2852 2840; x_wconf 70' lang='lat' dir='ltr'><strong>cogitationibus</strong></span> <span class='ocrx_word' id='word_1_329' title='bbox 2886 2770 3242 2839; x_wconf 88' lang='lat' dir='ltr'><strong>respondent.</strong></span> 
     </span>
    </p>
   </div>
   <div class='ocr_carea' id='block_1_58' title="bbox 2081 2859 3594 2932">
    <p class='ocr_par' dir='ltr' id='par_1_58' title="bbox 2081 2859 3594 2932">
     <span class='ocr_line' id='line_1_58' title="bbox 2081 2859 3594 2932; baseline 0.003 -18"><span class='ocrx_word' id='word_1_330' title='bbox 2081 2859 2267 2914; x_wconf 80' lang='lat' dir='ltr'><strong>Solent</strong></span> <span class='ocrx_word' id='word_1_331' title='bbox 2322 2864 2467 2918; x_wconf 84' lang='lat' dir='ltr'><strong>enim</strong></span> <span class='ocrx_word' id='word_1_332' title='bbox 2539 2861 2654 2918; x_wconf 84' lang='lat' dir='ltr'><strong>fere</strong></span> <span class='ocrx_word' id='word_1_333' title='bbox 2702 2863 3125 2932; x_wconf 81' lang='lat' dir='ltr'><strong>imaginationes</strong></span> <span class='ocrx_word' id='word_1_334' title='bbox 3159 2865 3208 2916; x_wconf 90' lang='lat' dir='ltr'><strong>in</strong></span> <span class='ocrx_word' id='word_1_335' title='bbox 3246 2863 3479 2929; x_wconf 78' lang='lat' dir='ltr'><strong>somnis,</strong></span> <span class='ocrx_word' id='word_1_336' title='bbox 3531 2873 3594 2919; x_wconf 84' lang='lat' dir='ltr'><strong>ut</strong></span> 
     </span>
    </p>
   </div>
   <div class='ocr_carea' id='block_1_59' title="bbox 2011 2950 3589 3022">
    <p class='ocr_par' dir='ltr' id='par_1_59' title="bbox 2011 2950 3589 3022">
     <span class='ocr_line' id='line_1_59' title="bbox 2011 2950 3589 3022; baseline 0.002 -19"><span class='ocrx_word' id='word_1_337' title='bbox 2011 2950 2306 3020; x_wconf 81' lang='lat' dir='ltr'><strong>plurimum</strong></span> <span class='ocrx_word' id='word_1_338' title='bbox 2367 2953 2696 3022; x_wconf 79' lang='lat' dir='ltr'><strong>reapondere</strong></span> <span class='ocrx_word' id='word_1_339' title='bbox 2730 2953 2878 3007; x_wconf 90' lang='lat' dir='ltr'><strong>curis</strong></span> <span class='ocrx_word' id='word_1_340' title='bbox 2916 2951 3152 3008; x_wconf 78' lang='lat' dir='ltr'><strong>diurnis.</strong></span> <span class='ocrx_word' id='word_1_341' title='bbox 3193 2953 3384 3018; x_wconf 78' lang='lat' dir='ltr'><strong>Qualia</strong></span> <span class='ocrx_word' id='word_1_342' title='bbox 3440 2955 3589 3007; x_wconf 81' lang='lat' dir='ltr'><strong>enim</strong></span> 
     </span>
    </p>
   </div>
   <div class='ocr_carea' id='block_1_60' title="bbox 2014 3042 3588 3110">
    <p class='ocr_par' dir='ltr' id='par_1_60' title="bbox 2014 3042 3588 3110">
     <span class='ocr_line' id='line_1_60' title="bbox 2014 3042 3588 3110; baseline 0.005 -15"><span class='ocrx_word' id='word_1_343' title='bbox 2014 3042 2218 3097; x_wconf 80' lang='lat' dir='ltr'><strong>fuerint</strong></span> <span class='ocrx_word' id='word_1_344' title='bbox 2269 3046 2392 3098; x_wconf 73' lang='lat' dir='ltr'><strong>vita:</strong></span> <span class='ocrx_word' id='word_1_345' title='bbox 2429 3053 2630 3101; x_wconf 73' lang='lat' dir='ltr'><strong>nostra:</strong></span> <span class='ocrx_word' id='word_1_346' title='bbox 2683 3045 2885 3110; x_wconf 81' lang='lat' dir='ltr'><strong>studia,</strong></span> <span class='ocrx_word' id='word_1_347' title='bbox 2914 3047 3037 3101; x_wconf 85' lang='lat' dir='ltr'><strong>talia</strong></span> <span class='ocrx_word' id='word_1_348' title='bbox 3068 3049 3382 3101; x_wconf 79' lang='lat' dir='ltr'><strong>necessario</strong></span> <span class='ocrx_word' id='word_1_349' title='bbox 3423 3049 3588 3103; x_wconf 77' lang='lat' dir='ltr'><strong>etiam</strong></span> 
     </span>
    </p>
   </div>
   <div class='ocr_carea' id='block_1_61' title="bbox 325 3125 1966 3204">
    <p class='ocr_par' dir='ltr' id='par_1_61' title="bbox 325 3125 1966 3204">
     <span class='ocr_line' id='line_1_61' title="bbox 325 3125 1966 3204; baseline -0.001 -17"><span class='ocrx_word' id='word_1_350' title='bbox 325 3131 736 3204; x_wconf 72' lang='grc' dir='ltr'>ἐπιτηδεύματα</span> <span class='ocrx_word' id='word_1_351' title='bbox 762 3170 778 3197; x_wconf 93' lang='grc'><strong>,</strong></span> <span class='ocrx_word' id='word_1_352' title='bbox 825 3129 1052 3185; x_wconf 82' lang='grc' dir='ltr'>τοιαῦτα</span> <span class='ocrx_word' id='word_1_353' title='bbox 1101 3132 1316 3203; x_wconf 80' lang='grc' dir='ltr'><strong>ἀνάγκη</strong></span> <span class='ocrx_word' id='word_1_354' title='bbox 1362 3125 1503 3185; x_wconf 76' lang='grc' dir='ltr'>εἶναι</span> <span class='ocrx_word' id='word_1_355' title='bbox 1537 3133 1634 3186; x_wconf 72' lang='grc' dir='ltr'>καὶ</span> <span class='ocrx_word' id='word_1_356' title='bbox 1671 3132 1743 3186; x_wconf 72' lang='grc' dir='ltr'><strong>τὰ</strong></span> <span class='ocrx_word' id='word_1_357' title='bbox 1782 3133 1903 3186; x_wconf 83' lang='grc' dir='ltr'>ἐνύ-</span> <span class='ocrx_word' id='word_1_358' title='bbox 1934 3141 1966 3200; x_wconf 72' lang='grc' dir='ltr'>ε</span> 
     </span>
    </p>
   </div>
   <div class='ocr_carea' id='block_1_62' title="bbox 2022 3125 2462 3204">
    <p class='ocr_par' dir='ltr' id='par_1_62' title="bbox 2022 3137 2462 3190">
     <span class='ocr_line' id='line_1_62' title="bbox 2022 3137 2462 3190; baseline 0.005 -4"><span class='ocrx_word' id='word_1_359' title='bbox 2022 3137 2285 3189; x_wconf 67' lang='lat' dir='ltr'><strong>insomnia</strong></span> <span class='ocrx_word' id='word_1_360' title='bbox 2320 3137 2462 3190; x_wconf 82' lang='lat' dir='ltr'><strong>flent.</strong></span> 
     </span>
    </p>
   </div>
   <div class='ocr_carea' id='block_1_63' title="bbox 325 3241 480 3283">
    <p class='ocr_par' dir='ltr' id='par_1_63' title="bbox 325 3241 480 3283">
     <span class='ocr_line' id='line_1_63' title="bbox 325 3241 480 3283; baseline 0.026 -4"><span class='ocrx_word' id='word_1_361' title='bbox 325 3241 480 3283; x_wconf 79' lang='grc' dir='ltr'>πνια.</span> 
     </span>
    </p>
   </div>
   <div class='ocr_carea' id='block_1_64' title="bbox 401 3315 1906 3390">
    <p class='ocr_par' dir='ltr' id='par_1_64' title="bbox 401 3315 1906 3390">
     <span class='ocr_line' id='line_1_64' title="bbox 401 3315 1906 3390; baseline 0.001 -19"><span class='ocrx_word' id='word_1_362' title='bbox 401 3318 470 3372; x_wconf 82' lang='lat' dir='ltr'><strong>Al</strong></span> <span class='ocrx_word' id='word_1_363' title='bbox 513 3318 714 3384; x_wconf 82' lang='grc' dir='ltr'>νύκτες</span> <span class='ocrx_word' id='word_1_364' title='bbox 770 3316 871 3383; x_wconf 86' lang='grc' dir='ltr'><strong>τὰς</strong></span> <span class='ocrx_word' id='word_1_365' title='bbox 940 3317 1322 3390; x_wconf 85' lang='grc' dir='ltr'>μεθημερινὰς</span> <span class='ocrx_word' id='word_1_366' title='bbox 1374 3315 1669 3388; x_wconf 77' lang='grc' dir='ltr'>φροντίδας</span> <span class='ocrx_word' id='word_1_367' title='bbox 1725 3334 1906 3390; x_wconf 85' lang='grc' dir='ltr'>παρα-</span> 
     </span>
    </p>
   </div>
   <div class='ocr_carea' id='block_1_65' title="bbox 326 3409 1906 3479">
    <p class='ocr_par' dir='ltr' id='par_1_65' title="bbox 326 3409 1906 3479">
     <span class='ocr_line' id='line_1_65' title="bbox 326 3409 1906 3479; baseline -0.001 -14"><span class='ocrx_word' id='word_1_368' title='bbox 326 3409 574 3478; x_wconf 81' lang='grc' dir='ltr'>λασοῦσι,</span> <span class='ocrx_word' id='word_1_369' title='bbox 615 3413 673 3466; x_wconf 81' lang='grc' dir='ltr'>ὲν</span> <span class='ocrx_word' id='word_1_370' title='bbox 719 3413 842 3474; x_wconf 81' lang='grc' dir='ltr'>ταῖς</span> <span class='ocrx_word' id='word_1_371' title='bbox 892 3410 1076 3465; x_wconf 80' lang='grc' dir='ltr'>αὐτῶν</span> <span class='ocrx_word' id='word_1_372' title='bbox 1104 3409 1433 3479; x_wconf 80' lang='grc' dir='ltr'>φαντασίαις</span> <span class='ocrx_word' id='word_1_373' title='bbox 1468 3409 1783 3476; x_wconf 76' lang='grc' dir='ltr'>ἐξαπατῶσι</span> <span class='ocrx_word' id='word_1_374' title='bbox 1813 3411 1906 3464; x_wconf 75' lang='grc' dir='ltr'>τὸν</span> 
     </span>
    </p>
   </div>
   <div class='ocr_carea' id='block_1_66' title="bbox 328 3503 474 3558">
    <p class='ocr_par' dir='ltr' id='par_1_66' title="bbox 328 3503 474 3558">
     <span class='ocr_line' id='line_1_66' title="bbox 328 3503 474 3558; baseline 0.014 -2"><span class='ocrx_word' id='word_1_375' title='bbox 328 3503 474 3558; x_wconf 79' lang='grc' dir='ltr'>νοῦν.</span> 
     </span>
    </p>
   </div>
   <div class='ocr_carea' id='block_1_67' title="bbox 397 3594 1906 3668">
    <p class='ocr_par' dir='ltr' id='par_1_67' title="bbox 397 3594 1906 3668">
     <span class='ocr_line' id='line_1_67' title="bbox 397 3594 1906 3668; baseline -0.002 -16"><span class='ocrx_word' id='word_1_376' title='bbox 397 3597 472 3652; x_wconf 87' lang='grc' dir='ltr'>Τὸ</span> <span class='ocrx_word' id='word_1_377' title='bbox 502 3596 622 3650; x_wconf 75' lang='grc' dir='ltr'>κατ’</span> <span class='ocrx_word' id='word_1_378' title='bbox 644 3595 778 3668; x_wconf 82' lang='grc' dir='ltr'>δναρ</span> <span class='ocrx_word' id='word_1_379' title='bbox 811 3596 940 3652; x_wconf 81' lang='grc' dir='ltr'>ίδεϊν</span> <span class='ocrx_word' id='word_1_380' title='bbox 961 3595 1031 3652; x_wconf 83' lang='grc' dir='ltr'><strong>τὰ</strong></span> <span class='ocrx_word' id='word_1_381' title='bbox 1056 3594 1392 3662; x_wconf 82' lang='grc' dir='ltr'>ποθούμενα,</span> <span class='ocrx_word' id='word_1_382' title='bbox 1429 3595 1586 3667; x_wconf 80' lang='grc' dir='ltr'>φέρει</span> <span class='ocrx_word' id='word_1_383' title='bbox 1618 3598 1733 3659; x_wconf 87' lang='grc' dir='ltr'>τοῖς</span> <span class='ocrx_word' id='word_1_384' title='bbox 1764 3596 1906 3665; x_wconf 84' lang='grc' dir='ltr'>ἀγα-</span> 
     </span>
    </p>
   </div>
   <div class='ocr_carea' id='block_1_68' title="bbox 327 3689 880 3760">
    <p class='ocr_par' dir='ltr' id='par_1_68' title="bbox 327 3689 880 3760">
     <span class='ocr_line' id='line_1_68' title="bbox 327 3689 880 3760; baseline 0.005 -19"><span class='ocrx_word' id='word_1_385' title='bbox 327 3689 473 3742; x_wconf 75' lang='grc' dir='ltr'>πῶσι</span> <span class='ocrx_word' id='word_1_386' title='bbox 501 3691 880 3760; x_wconf 85' lang='grc' dir='ltr'>παραμυθίαν.</span> 
     </span>
    </p>
   </div>
   <div class='ocr_carea' id='block_1_69' title="bbox 401 3781 1904 3854">
    <p class='ocr_par' dir='ltr' id='par_1_69' title="bbox 401 3781 1904 3854">
     <span class='ocr_line' id='line_1_69' title="bbox 401 3781 1904 3854; baseline 0.001 -18"><span class='ocrx_word' id='word_1_387' title='bbox 401 3785 465 3836; x_wconf 83' lang='lat' dir='ltr'><strong>Oi</strong></span> <span class='ocrx_word' id='word_1_388' title='bbox 498 3784 638 3854; x_wconf 80' lang='grc' dir='ltr'>μὲθῃ</span> <span class='ocrx_word' id='word_1_389' title='bbox 687 3783 784 3836; x_wconf 71' lang='grc' dir='ltr'>καὶ</span> <span class='ocrx_word' id='word_1_390' title='bbox 839 3783 1122 3854; x_wconf 80' lang='grc' dir='ltr'>ἀδηφαγίᾳ</span> <span class='ocrx_word' id='word_1_391' title='bbox 1149 3781 1548 3854; x_wconf 82' lang='grc' dir='ltr'>δεδουλωμένοι</span> <span class='ocrx_word' id='word_1_392' title='bbox 1577 3782 1703 3837; x_wconf 76' lang='grc' dir='ltr'>οὕτε</span> <span class='ocrx_word' id='word_1_393' title='bbox 1732 3781 1904 3837; x_wconf 78' lang='grc' dir='ltr'>ὕπνον</span> 
     </span>
    </p>
   </div>
   <div class='ocr_carea' id='block_1_70' title="bbox 326 3873 1905 3947">
    <p class='ocr_par' dir='ltr' id='par_1_70' title="bbox 326 3873 1905 3947">
     <span class='ocr_line' id='line_1_70' title="bbox 326 3873 1905 3947; baseline -0.001 -18"><span class='ocrx_word' id='word_1_394' title='bbox 326 3875 613 3947; x_wconf 81' lang='grc' dir='ltr'>αἱροῦνται</span> <span class='ocrx_word' id='word_1_395' title='bbox 645 3877 866 3947; x_wconf 86' lang='grc' dir='ltr'>γνήσιον</span> <span class='ocrx_word' id='word_1_396' title='bbox 924 3877 1018 3930; x_wconf 75' lang='grc' dir='ltr'>καὶ</span> <span class='ocrx_word' id='word_1_397' title='bbox 1075 3876 1390 3947; x_wconf 83' lang='grc' dir='ltr'>εἰλικρινῆ,</span> <span class='ocrx_word' id='word_1_398' title='bbox 1437 3873 1561 3929; x_wconf 79' lang='grc' dir='ltr'>οὕτε</span> <span class='ocrx_word' id='word_1_399' title='bbox 1607 3876 1905 3947; x_wconf 81' lang='grc' dir='ltr'>ὀνειράτων</span> 
     </span>
    </p>
   </div>
   <div class='ocr_carea' id='block_1_71' title="bbox 327 3969 1064 4039">
    <p class='ocr_par' dir='ltr' id='par_1_71' title="bbox 327 3969 1064 4039">
     <span class='ocr_line' id='line_1_71' title="bbox 327 3969 1064 4039; baseline 0 -16"><span class='ocrx_word' id='word_1_400' title='bbox 327 3971 758 4026; x_wconf 61' lang='grc' dir='ltr'>ἀπαλλάττονται</span> <span class='ocrx_word' id='word_1_401' title='bbox 792 3969 1064 4039; x_wconf 76' lang='grc' dir='ltr'>φοϐερῶν.</span> 
     </span>
    </p>
   </div>
   <div class='ocr_carea' id='block_1_72' title="bbox 410 4057 1904 4130">
    <p class='ocr_par' dir='ltr' id='par_1_72' title="bbox 410 4057 1904 4130">
     <span class='ocr_line' id='line_1_72' title="bbox 410 4057 1904 4130; baseline 0.001 -17"><span class='ocrx_word' id='word_1_402' title='bbox 410 4060 471 4113; x_wconf 88' lang='lat'><strong>&#39;0</strong></span> <span class='ocrx_word' id='word_1_403' title='bbox 497 4063 614 4123; x_wconf 79' lang='grc' dir='ltr'>τοῖς</span> <span class='ocrx_word' id='word_1_404' title='bbox 661 4059 895 4130; x_wconf 81' lang='grc' dir='ltr'>ὀνείροις</span> <span class='ocrx_word' id='word_1_405' title='bbox 953 4058 1247 4130; x_wconf 85' lang='grc' dir='ltr'>προσέχων</span> <span class='ocrx_word' id='word_1_406' title='bbox 1296 4059 1446 4114; x_wconf 79' lang='grc' dir='ltr'>ἔοικε</span> <span class='ocrx_word' id='word_1_407' title='bbox 1491 4058 1570 4130; x_wconf 85' lang='grc' dir='ltr'>τῷ</span> <span class='ocrx_word' id='word_1_408' title='bbox 1611 4057 1709 4130; x_wconf 83' lang='grc' dir='ltr'>τὴν</span> <span class='ocrx_word' id='word_1_409' title='bbox 1741 4059 1904 4114; x_wconf 77' lang='grc' dir='ltr'>σκιὰν</span> 
     </span>
    </p>
   </div>
   <div class='ocr_carea' id='block_1_73' title="bbox 329 4151 948 4206">
    <p class='ocr_par' dir='ltr' id='par_1_73' title="bbox 329 4151 948 4206">
     <span class='ocr_line' id='line_1_73' title="bbox 329 4151 948 4206; baseline 0 0"><span class='ocrx_word' id='word_1_410' title='bbox 329 4152 494 4206; x_wconf 78' lang='grc' dir='ltr'>αὑτοῦ</span> <span class='ocrx_word' id='word_1_411' title='bbox 535 4151 948 4206; x_wconf 84' lang='grc' dir='ltr'>καταδιώκοντι.</span> 
     </span>
    </p>
   </div>
   <div class='ocr_carea' id='block_1_74' title="bbox 411 4243 1903 4316">
    <p class='ocr_par' dir='ltr' id='par_1_74' title="bbox 411 4243 1903 4316">
     <span class='ocr_line' id='line_1_74' title="bbox 411 4243 1903 4316; baseline -0.001 -16"><span class='ocrx_word' id='word_1_412' title='bbox 411 4247 646 4300; x_wconf 87' lang='grc' dir='ltr'>Ὀπόταν</span> <span class='ocrx_word' id='word_1_413' title='bbox 697 4247 756 4300; x_wconf 73' lang='grc' dir='ltr'>ὲν</span> <span class='ocrx_word' id='word_1_414' title='bbox 793 4247 907 4310; x_wconf 86' lang='grc' dir='ltr'>τοῖς</span> <span class='ocrx_word' id='word_1_415' title='bbox 951 4245 1146 4309; x_wconf 77' lang='grc' dir='ltr'>ὕπνοις</span> <span class='ocrx_word' id='word_1_416' title='bbox 1195 4244 1309 4308; x_wconf 82' lang='grc' dir='ltr'>τοῖς</span> <span class='ocrx_word' id='word_1_417' title='bbox 1342 4244 1566 4316; x_wconf 84' lang='grc' dir='ltr'>δαίμοσι</span> <span class='ocrx_word' id='word_1_418' title='bbox 1616 4243 1903 4299; x_wconf 80' lang='grc' dir='ltr'>πείθεσθαι</span> 
     </span>
    </p>
   </div>
   <div class='ocr_carea' id='block_1_75' title="bbox 334 4337 1900 4410">
    <p class='ocr_par' dir='ltr' id='par_1_75' title="bbox 334 4337 1900 4410">
     <span class='ocr_line' id='line_1_75' title="bbox 334 4337 1900 4410; baseline -0.001 -18"><span class='ocrx_word' id='word_1_419' title='bbox 334 4337 662 4409; x_wconf 69' lang='grc' dir='ltr'>ἀρξώμεθα,</span> <span class='ocrx_word' id='word_1_420' title='bbox 703 4339 825 4392; x_wconf 85' lang='grc' dir='ltr'>τότε</span> <span class='ocrx_word' id='word_1_421' title='bbox 878 4338 1064 4393; x_wconf 81' lang='grc' dir='ltr'>λοιπὸν</span> <span class='ocrx_word' id='word_1_422' title='bbox 1097 4337 1212 4400; x_wconf 71' lang='grc' dir='ltr'>,καὶ</span> <span class='ocrx_word' id='word_1_423' title='bbox 1269 4338 1646 4410; x_wconf 80' lang='grc' dir='ltr'>ἐγρηγορότας</span> <span class='ocrx_word' id='word_1_424' title='bbox 1695 4337 1900 4408; x_wconf 75' lang='grc' dir='ltr'>ἐμπαίο</span> 
     </span>
    </p>
   </div>
   <div class='ocr_carea' id='block_1_76' title="bbox 334 4433 532 4497">
    <p class='ocr_par' dir='ltr' id='par_1_76' title="bbox 334 4433 532 4497">
     <span class='ocr_line' id='line_1_76' title="bbox 334 4433 532 4497; baseline 0.015 -12"><span class='ocrx_word' id='word_1_425' title='bbox 334 4433 532 4497; x_wconf 71' lang='grc' dir='ltr'>ζουσιν.</span> 
     </span>
    </p>
   </div>
   <div class='ocr_carea' id='block_1_77' title="bbox 914 4525 1309 4579">
    <p class='ocr_par' dir='ltr' id='par_1_77' title="bbox 914 4525 1309 4579">
     <span class='ocr_line' id='line_1_77' title="bbox 914 4525 1309 4579; baseline -0.008 0"><span class='ocrx_word' id='word_1_426' title='bbox 914 4525 1132 4579; x_wconf 87' lang='grc' dir='ltr'><strong>ΛΟΓΟΣ</strong></span> <span class='ocrx_word' id='word_1_427' title='bbox 1179 4525 1309 4578; x_wconf 70' lang='lat' dir='ltr'><strong>MA’.</strong></span> 
     </span>
    </p>
   </div>
   <div class='ocr_carea' id='block_1_78' title="bbox 884 4617 1335 4685">
    <p class='ocr_par' dir='ltr' id='par_1_78' title="bbox 884 4617 1335 4685">
     <span class='ocr_line' id='line_1_78' title="bbox 884 4617 1335 4685; baseline 0 -14"><span class='ocrx_word' id='word_1_428' title='bbox 884 4617 1024 4685; x_wconf 82' lang='grc' dir='ltr'>Περὶ</span> <span class='ocrx_word' id='word_1_429' title='bbox 1052 4617 1335 4681; x_wconf 82' lang='grc' dir='ltr'>πίστεως.</span> 
     </span>
    </p>
   </div>
   <div class='ocr_carea' id='block_1_79' title="bbox 397 4708 1894 4780">
    <p class='ocr_par' dir='ltr' id='par_1_79' title="bbox 397 4708 1894 4780">
     <span class='ocr_line' id='line_1_79' title="bbox 397 4708 1894 4780; baseline 0.001 -17"><span class='ocrx_word' id='word_1_430' title='bbox 397 4710 596 4780; x_wconf 78' lang='grc' dir='ltr'>Χάριτι</span> <span class='ocrx_word' id='word_1_431' title='bbox 647 4712 770 4763; x_wconf 76' lang='grc' dir='ltr'>ἐστε</span> <span class='ocrx_word' id='word_1_432' title='bbox 820 4711 1148 4780; x_wconf 78' lang='grc' dir='ltr'>σεσωσμένοι</span> <span class='ocrx_word' id='word_1_433' title='bbox 1206 4710 1295 4764; x_wconf 70' lang='grc' dir='ltr'><strong>διὰ</strong></span> <span class='ocrx_word' id='word_1_434' title='bbox 1340 4711 1438 4778; x_wconf 78' lang='grc' dir='ltr'>τῆς</span> <span class='ocrx_word' id='word_1_435' title='bbox 1487 4708 1746 4774; x_wconf 85' lang='grc' dir='ltr'>πίστεως,</span> <span class='ocrx_word' id='word_1_436' title='bbox 1802 4708 1894 4766; x_wconf 72' lang='grc' dir='ltr'>καί</span> 
     </span>
    </p>
   </div>
   <div class='ocr_carea' id='block_1_80' title="bbox 339 4800 1901 4872">
    <p class='ocr_par' dir='ltr' id='par_1_80' title="bbox 339 4800 1901 4872">
     <span class='ocr_line' id='line_1_80' title="bbox 339 4800 1901 4872; baseline 0 -18"><span class='ocrx_word' id='word_1_437' title='bbox 339 4802 488 4856; x_wconf 72' lang='grc' dir='ltr'>τοῦτο</span> <span class='ocrx_word' id='word_1_438' title='bbox 512 4803 612 4856; x_wconf 80' lang='grc' dir='ltr'><strong>οὐκ</strong></span> <span class='ocrx_word' id='word_1_439' title='bbox 642 4801 699 4868; x_wconf 74' lang='grc' dir='ltr'>ἐξ</span> <span class='ocrx_word' id='word_1_440' title='bbox 719 4801 898 4871; x_wconf 80' lang='grc' dir='ltr'>ὑμῶν·</span> <span class='ocrx_word' id='word_1_441' title='bbox 922 4801 1056 4855; x_wconf 85' lang='grc' dir='ltr'>Θεοῦ</span> <span class='ocrx_word' id='word_1_442' title='bbox 1081 4802 1140 4855; x_wconf 77' lang='grc' dir='ltr'>τὸ</span> <span class='ocrx_word' id='word_1_443' title='bbox 1163 4801 1356 4869; x_wconf 83' lang='grc' dir='ltr'>δῶρον,</span> <span class='ocrx_word' id='word_1_444' title='bbox 1377 4800 1478 4854; x_wconf 86' lang='grc' dir='ltr'><strong>ούκ</strong></span> <span class='ocrx_word' id='word_1_445' title='bbox 1501 4800 1560 4864; x_wconf 77' lang='grc' dir='ltr'><strong>ἐξ</strong></span> <span class='ocrx_word' id='word_1_446' title='bbox 1589 4801 1790 4872; x_wconf 81' lang='grc' dir='ltr'>ἔργων,</span> <span class='ocrx_word' id='word_1_447' title='bbox 1811 4802 1901 4855; x_wconf 85' lang='grc' dir='ltr'>ἴνα</span> 
     </span>
    </p>
   </div>
   <div class='ocr_carea' id='block_1_81' title="bbox 335 4896 906 4964">
    <p class='ocr_par' dir='ltr' id='par_1_81' title="bbox 335 4896 906 4964">
     <span class='ocr_line' id='line_1_81' title="bbox 335 4896 906 4964; baseline 0.007 -20"><span class='ocrx_word' id='word_1_448' title='bbox 335 4897 408 4964; x_wconf 83' lang='grc' dir='ltr'>μή</span> <span class='ocrx_word' id='word_1_449' title='bbox 433 4911 512 4956; x_wconf 82' lang='grc' dir='ltr'><strong>τις</strong></span> <span class='ocrx_word' id='word_1_450' title='bbox 539 4896 906 4964; x_wconf 84' lang='grc' dir='ltr'>καυχήσηται.</span> 
     </span>
    </p>
   </div>
   <div class='ocr_carea' id='block_1_82' title="bbox 407 4981 1902 5056">
    <p class='ocr_par' dir='ltr' id='par_1_82' title="bbox 407 4981 1902 5056">
     <span class='ocr_line' id='line_1_82' title="bbox 407 4981 1902 5056; baseline -0.001 -20"><span class='ocrx_word' id='word_1_451' title='bbox 407 4985 594 5046; x_wconf 86' lang='grc' dir='ltr'>Πίστις</span> <span class='ocrx_word' id='word_1_452' title='bbox 636 4987 781 5036; x_wconf 66' lang='grc' dir='ltr'>ἐστὶν</span> <span class='ocrx_word' id='word_1_453' title='bbox 804 4985 1176 5056; x_wconf 72' lang='grc' dir='ltr'>ἐλπιζομένων</span> <span class='ocrx_word' id='word_1_454' title='bbox 1206 4985 1528 5048; x_wconf 74' lang='grc' dir='ltr'>ὑπόστασις,</span> <span class='ocrx_word' id='word_1_455' title='bbox 1556 4981 1902 5054; x_wconf 73' lang='grc' dir='ltr'>πραγμάτων</span> 
     </span>
    </p>
   </div>
   <div class='ocr_carea' id='block_1_83' title="bbox 334 5075 1033 5147">
    <p class='ocr_par' dir='ltr' id='par_1_83' title="bbox 334 5075 1033 5147">
     <span class='ocr_line' id='line_1_83' title="bbox 334 5075 1033 5147; baseline 0.003 -18"><span class='ocrx_word' id='word_1_456' title='bbox 334 5075 552 5146; x_wconf 76' lang='grc' dir='ltr'>ἔλεγχος</span> <span class='ocrx_word' id='word_1_457' title='bbox 575 5077 634 5128; x_wconf 85' lang='grc' dir='ltr'><strong>ού</strong></span> <span class='ocrx_word' id='word_1_458' title='bbox 664 5077 1033 5147; x_wconf 80' lang='grc' dir='ltr'>βλεπομένων.</span> 
     </span>
    </p>
   </div>
   <div class='ocr_carea' id='block_1_84' title="bbox 412 5167 1758 5240">
    <p class='ocr_par' dir='ltr' id='par_1_84' title="bbox 412 5167 1758 5240">
     <span class='ocr_line' id='line_1_84' title="bbox 412 5167 1758 5240; baseline -0.003 -18"><span class='ocrx_word' id='word_1_459' title='bbox 412 5169 889 5240; x_wconf 79' lang='grc' dir='ltr'>Ἐπιδεικνυμένην</span> <span class='ocrx_word' id='word_1_460' title='bbox 940 5169 1126 5223; x_wconf 88' lang='grc' dir='ltr'>πίστιν</span> <span class='ocrx_word' id='word_1_461' title='bbox 1182 5169 1477 5238; x_wconf 73' lang='grc' dir='ltr'>ἀναγγελεῖ</span> <span class='ocrx_word' id='word_1_462' title='bbox 1534 5167 1758 5229; x_wconf 80' lang='grc' dir='ltr'>δίκαιος.</span> 
     </span>
    </p>
   </div>
   <div class='ocr_carea' id='block_1_85' title="bbox 278 5343 1904 5418">
    <p class='ocr_par' dir='ltr' id='par_1_85' title="bbox 278 5343 1904 5418">
     <span class='ocr_line' id='line_1_85' title="bbox 278 5343 1904 5418; baseline -0.004 -17"><span class='ocrx_word' id='word_1_463' title='bbox 278 5354 296 5393; x_wconf 73' lang='grc' dir='ltr'><strong>ἶ</strong></span> <span class='ocrx_word' id='word_1_464' title='bbox 397 5346 626 5400; x_wconf 74' lang='grc' dir='ltr'>Πίστευε</span> <span class='ocrx_word' id='word_1_465' title='bbox 656 5347 732 5417; x_wconf 82' lang='grc' dir='ltr'><strong>τῷ</strong></span> <span class='ocrx_word' id='word_1_466' title='bbox 758 5346 969 5418; x_wconf 81' lang='grc' dir='ltr'>Κυρίῳ,</span> <span class='ocrx_word' id='word_1_467' title='bbox 1009 5347 1103 5399; x_wconf 73' lang='grc' dir='ltr'>καὶ</span> <span class='ocrx_word' id='word_1_468' title='bbox 1135 5346 1341 5416; x_wconf 75' lang='grc' dir='ltr'>ἔμμενε</span> <span class='ocrx_word' id='word_1_469' title='bbox 1375 5346 1455 5412; x_wconf 81' lang='grc' dir='ltr'>τῷ</span> <span class='ocrx_word' id='word_1_470' title='bbox 1487 5343 1634 5408; x_wconf 75' lang='grc' dir='ltr'>πόνῳ</span> <span class='ocrx_word' id='word_1_471' title='bbox 1671 5359 1786 5406; x_wconf 73' lang='grc' dir='ltr'>σου,</span> <span class='ocrx_word' id='word_1_472' title='bbox 1822 5344 1904 5394; x_wconf 79' lang='grc' dir='ltr'>ὅτι</span> 
     </span>
    </p>
   </div>
   <div class='ocr_carea' id='block_1_86' title="bbox 329 5435 1900 5508">
    <p class='ocr_par' dir='ltr' id='par_1_86' title="bbox 329 5435 1900 5508">
     <span class='ocr_line' id='line_1_86' title="bbox 329 5435 1900 5508; baseline -0.003 -18"><span class='ocrx_word' id='word_1_473' title='bbox 329 5439 528 5507; x_wconf 77' lang='grc' dir='ltr'>κοῦφον</span> <span class='ocrx_word' id='word_1_474' title='bbox 581 5441 640 5492; x_wconf 82' lang='grc' dir='ltr'>ὲν</span> <span class='ocrx_word' id='word_1_475' title='bbox 703 5439 1005 5508; x_wconf 66' lang='grc' dir='ltr'>ὀφθαλμοῖς</span> <span class='ocrx_word' id='word_1_476' title='bbox 1071 5438 1276 5507; x_wconf 80' lang='grc' dir='ltr'>Κυρίου</span> <span class='ocrx_word' id='word_1_477' title='bbox 1326 5435 1559 5500; x_wconf 66' lang='grc' dir='ltr'>ἐξάπινα</span> <span class='ocrx_word' id='word_1_478' title='bbox 1612 5435 1900 5486; x_wconf 77' lang='grc' dir='ltr'>πλουτίσαι</span> 
     </span>
    </p>
   </div>
   <div class='ocr_carea' id='block_1_87' title="bbox 328 5526 1622 5602">
    <p class='ocr_par' dir='ltr' id='par_1_87' title="bbox 328 5526 1622 5602">
     <span class='ocr_line' id='line_1_87' title="bbox 328 5526 1622 5602; baseline -0.002 -21"><span class='ocrx_word' id='word_1_479' title='bbox 328 5531 554 5602; x_wconf 84' lang='grc' dir='ltr'>πένητα.</span> <span class='ocrx_word' id='word_1_480' title='bbox 584 5530 739 5594; x_wconf 81' lang='grc' dir='ltr'>Δόσις</span> <span class='ocrx_word' id='word_1_481' title='bbox 771 5530 979 5599; x_wconf 81' lang='grc' dir='ltr'>Κυρίου</span> <span class='ocrx_word' id='word_1_482' title='bbox 1013 5530 1318 5598; x_wconf 72' lang='grc' dir='ltr'>παραμενεῖ</span> <span class='ocrx_word' id='word_1_483' title='bbox 1350 5526 1622 5578; x_wconf 72' lang='grc' dir='ltr'>εὐσεϐέσι.</span> 
     </span>
    </p>
   </div>
   <div class='ocr_carea' id='block_1_88' title="bbox 399 5618 1938 5706">
    <p class='ocr_par' dir='ltr' id='par_1_88' title="bbox 399 5618 1938 5706">
     <span class='ocr_line' id='line_1_88' title="bbox 399 5618 1938 5706; baseline -0.002 -32"><span class='ocrx_word' id='word_1_484' title='bbox 399 5623 473 5674; x_wconf 84' lang='grc' dir='ltr'>Τὸ</span> <span class='ocrx_word' id='word_1_485' title='bbox 495 5625 603 5692; x_wconf 75' lang='grc' dir='ltr'><strong>γὰρ</strong></span> <span class='ocrx_word' id='word_1_486' title='bbox 629 5623 730 5674; x_wconf 83' lang='grc' dir='ltr'>οὐκ</span> <span class='ocrx_word' id='word_1_487' title='bbox 758 5621 1000 5691; x_wconf 74' lang='grc' dir='ltr'>ἐφικτὸν,</span> <span class='ocrx_word' id='word_1_488' title='bbox 1029 5620 1149 5674; x_wconf 76' lang='grc' dir='ltr'>οὐδὲ</span> <span class='ocrx_word' id='word_1_489' title='bbox 1177 5621 1368 5672; x_wconf 77' lang='grc' dir='ltr'>πιστόν</span> <span class='ocrx_word' id='word_1_490' title='bbox 1399 5637 1512 5682; x_wconf 78' lang='grc' dir='ltr'><strong>πως</strong></span> <span class='ocrx_word' id='word_1_491' title='bbox 1543 5618 1632 5671; x_wconf 75' lang='grc' dir='ltr'>διὰ</span> <span class='ocrx_word' id='word_1_492' title='bbox 1657 5618 1748 5670; x_wconf 79' lang='grc' dir='ltr'>τὸν</span> <span class='ocrx_word' id='word_1_493' title='bbox 1771 5618 1904 5687; x_wconf 67' lang='grc' dir='ltr'><strong>φθᾶ-</strong></span> <span class='ocrx_word' id='word_1_494' title='bbox 1931 5699 1938 5706; x_wconf 26' lang='grc' dir='ltr'><strong><em>Ι</em></strong></span> 
     </span>
    </p>
   </div>
   <div class='ocr_carea' id='block_1_89' title="bbox 1932 4488 1980 4543">
    <p class='ocr_par' dir='ltr' id='par_1_89' title="bbox 1932 4488 1980 4543">
     <span class='ocr_line' id='line_1_89' title="bbox 1932 4488 1980 4543; baseline 0 0"><span class='ocrx_word' id='word_1_495' title='bbox 1932 4488 1980 4543; x_wconf 84' lang='grc' dir='ltr'><strong>Ι)</strong></span> 
     </span>
    </p>
   </div>
   <div class='ocr_carea' id='block_1_90' title="bbox 2079 3311 3590 3391">
    <p class='ocr_par' dir='ltr' id='par_1_90' title="bbox 2079 3311 3590 3391">
     <span class='ocr_line' id='line_1_90' title="bbox 2079 3311 3590 3391; baseline 0.007 -28"><span class='ocrx_word' id='word_1_496' title='bbox 2079 3311 2282 3366; x_wconf 76' lang='lat' dir='ltr'><strong>Nor-tes</strong></span> <span class='ocrx_word' id='word_1_497' title='bbox 2336 3314 2613 3383; x_wconf 80' lang='lat' dir='ltr'><strong>excipiunt</strong></span> <span class='ocrx_word' id='word_1_498' title='bbox 2652 3330 2816 3373; x_wconf 81' lang='lat' dir='ltr'><strong>curas</strong></span> <span class='ocrx_word' id='word_1_499' title='bbox 2865 3317 3105 3382; x_wconf 89' lang='lat' dir='ltr'><strong>dierum,</strong></span> <span class='ocrx_word' id='word_1_500' title='bbox 3144 3331 3348 3385; x_wconf 53' lang='lat' dir='ltr'><strong>castiue</strong></span> <span class='ocrx_word' id='word_1_501' title='bbox 3397 3316 3590 3391; x_wconf 72' lang='lat' dir='ltr'><strong>imagi-</strong></span> 
     </span>
    </p>
   </div>
   <div class='ocr_carea' id='block_1_91' title="bbox 2011 3405 2716 3464">
    <p class='ocr_par' dir='ltr' id='par_1_91' title="bbox 2011 3405 2716 3464">
     <span class='ocr_line' id='line_1_91' title="bbox 2011 3405 2716 3464; baseline 0.009 -6"><span class='ocrx_word' id='word_1_502' title='bbox 2011 3406 2192 3460; x_wconf 90' lang='lat' dir='ltr'><strong>nando</strong></span> <span class='ocrx_word' id='word_1_503' title='bbox 2224 3405 2462 3460; x_wconf 86' lang='lat' dir='ltr'><strong>illudunt</strong></span> <span class='ocrx_word' id='word_1_504' title='bbox 2493 3407 2716 3464; x_wconf 88' lang='lat' dir='ltr'><strong>animis.</strong></span> 
     </span>
    </p>
   </div>
   <div class='ocr_carea' id='block_1_92' title="bbox 2079 3579 3589 3650">
    <p class='ocr_par' dir='ltr' id='par_1_92' title="bbox 2079 3579 3589 3650">
     <span class='ocr_line' id='line_1_92' title="bbox 2079 3579 3589 3650; baseline 0.005 -16"><span class='ocrx_word' id='word_1_505' title='bbox 2079 3579 2136 3635; x_wconf 92' lang='lat' dir='ltr'><strong>ln</strong></span> <span class='ocrx_word' id='word_1_506' title='bbox 2182 3581 2391 3638; x_wconf 80' lang='lat' dir='ltr'><strong>somnis</strong></span> <span class='ocrx_word' id='word_1_507' title='bbox 2429 3583 2613 3640; x_wconf 85' lang='lat' dir='ltr'><strong>videre</strong></span> <span class='ocrx_word' id='word_1_508' title='bbox 2663 3599 2763 3640; x_wconf 86' lang='lat' dir='ltr'><strong>sua</strong></span> <span class='ocrx_word' id='word_1_509' title='bbox 2815 3583 3114 3650; x_wconf 86' lang='lat' dir='ltr'><strong>desideria,</strong></span> <span class='ocrx_word' id='word_1_510' title='bbox 3163 3584 3420 3640; x_wconf 82' lang='lat' dir='ltr'><strong>solatium</strong></span> <span class='ocrx_word' id='word_1_511' title='bbox 3483 3583 3589 3641; x_wconf 89' lang='lat' dir='ltr'><strong>fert</strong></span> 
     </span>
    </p>
   </div>
   <div class='ocr_carea' id='block_1_93' title="bbox 2009 3676 2346 3729">
    <p class='ocr_par' dir='ltr' id='par_1_93' title="bbox 2009 3676 2346 3729">
     <span class='ocr_line' id='line_1_93' title="bbox 2009 3676 2346 3729; baseline 0.003 -1"><span class='ocrx_word' id='word_1_512' title='bbox 2009 3676 2346 3729; x_wconf 85' lang='lat' dir='ltr'><strong>amantibus.</strong></span> 
     </span>
    </p>
   </div>
   <div class='ocr_carea' id='block_1_94' title="bbox 2083 3765 3584 3838">
    <p class='ocr_par' dir='ltr' id='par_1_94' title="bbox 2083 3765 3584 3838">
     <span class='ocr_line' id='line_1_94' title="bbox 2083 3765 3584 3838; baseline 0.002 -19"><span class='ocrx_word' id='word_1_513' title='bbox 2083 3765 2202 3820; x_wconf 86' lang='lat' dir='ltr'><strong>Nili</strong></span> <span class='ocrx_word' id='word_1_514' title='bbox 2243 3767 2344 3834; x_wconf 88' lang='lat' dir='ltr'><strong>Qui</strong></span> <span class='ocrx_word' id='word_1_515' title='bbox 2363 3767 2530 3822; x_wconf 88' lang='lat' dir='ltr'><strong>dediti</strong></span> <span class='ocrx_word' id='word_1_516' title='bbox 2557 3777 2687 3823; x_wconf 88' lang='lat' dir='ltr'><strong>sunt</strong></span> <span class='ocrx_word' id='word_1_517' title='bbox 2707 3767 2954 3823; x_wconf 84' lang='lat' dir='ltr'><strong>ebrietati</strong></span> <span class='ocrx_word' id='word_1_518' title='bbox 2975 3775 3028 3822; x_wconf 89' lang='lat' dir='ltr'><strong>ct</strong></span> <span class='ocrx_word' id='word_1_519' title='bbox 3047 3767 3208 3838; x_wconf 66' lang='lat' dir='ltr'><strong>gulae,</strong></span> <span class='ocrx_word' id='word_1_520' title='bbox 3232 3767 3309 3822; x_wconf 91' lang='lat' dir='ltr'><strong>illi</strong></span> <span class='ocrx_word' id='word_1_521' title='bbox 3331 3783 3584 3824; x_wconf 88' lang='lat' dir='ltr'><strong>somnum</strong></span> 
     </span>
    </p>
   </div>
   <div class='ocr_carea' id='block_1_95' title="bbox 2007 3863 3590 3935">
    <p class='ocr_par' dir='ltr' id='par_1_95' title="bbox 2007 3863 3590 3935">
     <span class='ocr_line' id='line_1_95' title="bbox 2007 3863 3590 3935; baseline 0.004 -21"><span class='ocrx_word' id='word_1_522' title='bbox 2007 3867 2300 3934; x_wconf 75' lang='lat' dir='ltr'><strong>genuinum</strong></span> <span class='ocrx_word' id='word_1_523' title='bbox 2338 3863 2723 3933; x_wconf 70' lang='lat' dir='ltr'><strong>sim-eruntque</strong></span> <span class='ocrx_word' id='word_1_524' title='bbox 2751 3879 2862 3920; x_wconf 90' lang='lat' dir='ltr'><strong>non</strong></span> <span class='ocrx_word' id='word_1_525' title='bbox 2892 3864 3138 3935; x_wconf 87' lang='lat' dir='ltr'><strong>capiunt,</strong></span> <span class='ocrx_word' id='word_1_526' title='bbox 3168 3871 3224 3920; x_wconf 91' lang='lat' dir='ltr'><strong>et</strong></span> <span class='ocrx_word' id='word_1_527' title='bbox 3251 3865 3590 3920; x_wconf 82' lang='lat' dir='ltr'><strong>terribilibus</strong></span> 
     </span>
    </p>
   </div>
   <div class='ocr_carea' id='block_1_96' title="bbox 1922 3956 2654 4012">
    <p class='ocr_par' dir='ltr' id='par_1_96' title="bbox 1922 3956 2654 4012">
     <span class='ocr_line' id='line_1_96' title="bbox 1922 3956 2654 4012; baseline 0.003 -3"><span class='ocrx_word' id='word_1_528' title='bbox 1922 3960 1928 3966; x_wconf 85' lang='lat'>&#39;</span> <span class='ocrx_word' id='word_1_529' title='bbox 2009 3956 2298 4012; x_wconf 79' lang='lat' dir='ltr'><strong>insmnniis</strong></span> <span class='ocrx_word' id='word_1_530' title='bbox 2326 3957 2654 4012; x_wconf 74' lang='lat' dir='ltr'><strong>afﬁciuntur.</strong></span> 
     </span>
    </p>
   </div>
   <div class='ocr_carea' id='block_1_97' title="bbox 2077 4049 3584 4118">
    <p class='ocr_par' dir='ltr' id='par_1_97' title="bbox 2077 4049 3584 4118">
     <span class='ocr_line' id='line_1_97' title="bbox 2077 4049 3584 4118; baseline 0.001 -14"><span class='ocrx_word' id='word_1_531' title='bbox 2077 4052 2180 4118; x_wconf 88' lang='lat' dir='ltr'><strong>Qui</strong></span> <span class='ocrx_word' id='word_1_532' title='bbox 2213 4053 2466 4108; x_wconf 83' lang='lat' dir='ltr'><strong>observat</strong></span> <span class='ocrx_word' id='word_1_533' title='bbox 2487 4049 2783 4112; x_wconf 85' lang='lat' dir='ltr'><strong>insomnia,</strong></span> <span class='ocrx_word' id='word_1_534' title='bbox 2813 4049 3008 4106; x_wconf 87' lang='lat' dir='ltr'><strong>similis</strong></span> <span class='ocrx_word' id='word_1_535' title='bbox 3035 4057 3120 4107; x_wconf 78' lang='lat' dir='ltr'><strong>est</strong></span> <span class='ocrx_word' id='word_1_536' title='bbox 3151 4051 3400 4106; x_wconf 84' lang='lat' dir='ltr'><strong>umbram</strong></span> <span class='ocrx_word' id='word_1_537' title='bbox 3428 4065 3584 4106; x_wconf 82' lang='lat' dir='ltr'><strong>suam</strong></span> 
     </span>
    </p>
   </div>
   <div class='ocr_carea' id='block_1_98' title="bbox 2008 4144 2378 4214">
    <p class='ocr_par' dir='ltr' id='par_1_98' title="bbox 2008 4144 2378 4214">
     <span class='ocr_line' id='line_1_98' title="bbox 2008 4144 2378 4214; baseline 0.005 -16"><span class='ocrx_word' id='word_1_538' title='bbox 2008 4144 2378 4214; x_wconf 81' lang='lat' dir='ltr'><strong>persequenti.</strong></span> 
     </span>
    </p>
   </div>
   <div class='ocr_carea' id='block_1_99' title="bbox 2082 4233 3586 4306">
    <p class='ocr_par' dir='ltr' id='par_1_99' title="bbox 2082 4233 3586 4306">
     <span class='ocr_line' id='line_1_99' title="bbox 2082 4233 3586 4306; baseline -0.001 -16"><span class='ocrx_word' id='word_1_539' title='bbox 2082 4236 2311 4303; x_wconf 87' lang='lat' dir='ltr'><strong>Quando</strong></span> <span class='ocrx_word' id='word_1_540' title='bbox 2334 4237 2387 4291; x_wconf 90' lang='lat' dir='ltr'><strong>in</strong></span> <span class='ocrx_word' id='word_1_541' title='bbox 2413 4235 2623 4292; x_wconf 90' lang='lat' dir='ltr'><strong>somnis</strong></span> <span class='ocrx_word' id='word_1_542' title='bbox 2653 4236 2995 4292; x_wconf 65' lang='lat' dir='ltr'><strong>daemonibus</strong></span> <span class='ocrx_word' id='word_1_543' title='bbox 3018 4234 3240 4292; x_wconf 89' lang='lat' dir='ltr'><strong>obedire</strong></span> <span class='ocrx_word' id='word_1_544' title='bbox 3264 4233 3586 4306; x_wconf 79' lang='lat' dir='ltr'><strong>incipimus,</strong></span> 
     </span>
    </p>
   </div>
   <div class='ocr_carea' id='block_1_100' title="bbox 2007 4327 3228 4398">
    <p class='ocr_par' dir='ltr' id='par_1_100' title="bbox 2007 4327 3228 4398">
     <span class='ocr_line' id='line_1_100' title="bbox 2007 4327 3228 4398; baseline -0.002 -14"><span class='ocrx_word' id='word_1_545' title='bbox 2007 4336 2139 4385; x_wconf 90' lang='lat' dir='ltr'><strong>tunc</strong></span> <span class='ocrx_word' id='word_1_546' title='bbox 2165 4330 2329 4384; x_wconf 89' lang='lat' dir='ltr'><strong>etiam</strong></span> <span class='ocrx_word' id='word_1_547' title='bbox 2361 4328 2647 4398; x_wconf 81' lang='lat' dir='ltr'><strong>vigilantes</strong></span> <span class='ocrx_word' id='word_1_548' title='bbox 2682 4329 2940 4398; x_wconf 88' lang='lat' dir='ltr'><strong>deinceps</strong></span> <span class='ocrx_word' id='word_1_549' title='bbox 2969 4327 3228 4382; x_wconf 86' lang='lat' dir='ltr'><strong>illudunt.</strong></span> 
     </span>
    </p>
   </div>
   <div class='ocr_carea' id='block_1_101' title="bbox 2393 4505 3193 4580">
    <p class='ocr_par' dir='ltr' id='par_1_101' title="bbox 2393 4505 3193 4580">
     <span class='ocr_line' id='line_1_101' title="bbox 2393 4505 3193 4580; baseline -0.003 -16"><span class='ocrx_word' id='word_1_550' title='bbox 2393 4505 2625 4564; x_wconf 62' lang='grc' dir='ltr'>ποιιο</span> <span class='ocrx_word' id='word_1_551' title='bbox 2655 4506 2818 4561; x_wconf 79' lang='lat' dir='ltr'><strong>xuv</strong></span> <span class='ocrx_word' id='word_1_552' title='bbox 2855 4505 2956 4580; x_wconf 78' lang='grc' dir='ltr'>[αΙ.</span> <span class='ocrx_word' id='word_1_553' title='bbox 2985 4505 3193 4578; x_wconf 75' lang='lat' dir='ltr'><strong>0th].</strong></span> 
     </span>
    </p>
   </div>
   <div class='ocr_carea' id='block_1_102' title="bbox 2631 4603 2962 4673">
    <p class='ocr_par' dir='ltr' id='par_1_102' title="bbox 2631 4603 2962 4673">
     <span class='ocr_line' id='line_1_102' title="bbox 2631 4603 2962 4673; baseline 0.003 -18"><span class='ocrx_word' id='word_1_554' title='bbox 2631 4603 2707 4655; x_wconf 85' lang='lat' dir='ltr'><strong>De</strong></span> <span class='ocrx_word' id='word_1_555' title='bbox 2737 4603 2841 4671; x_wconf 76' lang='lat' dir='ltr'><strong>ﬁde</strong></span> <span class='ocrx_word' id='word_1_556' title='bbox 2864 4603 2962 4673; x_wconf 84' lang='lat' dir='ltr'><strong>(l).</strong></span> 
     </span>
    </p>
   </div>
   <div class='ocr_carea' id='block_1_103' title="bbox 2080 4692 3584 4764">
    <p class='ocr_par' dir='ltr' id='par_1_103' title="bbox 2080 4692 3584 4764">
     <span class='ocr_line' id='line_1_103' title="bbox 2080 4692 3584 4764; baseline -0.001 -16"><span class='ocrx_word' id='word_1_557' title='bbox 2080 4695 2269 4762; x_wconf 79' lang='lat' dir='ltr'><strong>Ephes.</strong></span> <span class='ocrx_word' id='word_1_558' title='bbox 2323 4710 2384 4750; x_wconf 85' lang='grc' dir='ltr'><strong>ιι.</strong></span> <span class='ocrx_word' id='word_1_559' title='bbox 2423 4693 2607 4750; x_wconf 82' lang='lat' dir='ltr'><strong>Gratia</strong></span> <span class='ocrx_word' id='word_1_560' title='bbox 2641 4695 2838 4749; x_wconf 86' lang='lat' dir='ltr'><strong>servati</strong></span> <span class='ocrx_word' id='word_1_561' title='bbox 2873 4696 3005 4750; x_wconf 59' lang='lat' dir='ltr'><strong>estis</strong></span> <span class='ocrx_word' id='word_1_562' title='bbox 3055 4708 3152 4764; x_wconf 89' lang='lat' dir='ltr'><strong>per</strong></span> <span class='ocrx_word' id='word_1_563' title='bbox 3210 4692 3367 4746; x_wconf 78' lang='lat' dir='ltr'><strong>fidem</strong></span> <span class='ocrx_word' id='word_1_564' title='bbox 3419 4692 3584 4762; x_wconf 84' lang='lat' dir='ltr'><strong>idque</strong></span> 
     </span>
    </p>
   </div>
   <div class='ocr_carea' id='block_1_104' title="bbox 2006 4786 3584 4854">
    <p class='ocr_par' dir='ltr' id='par_1_104' title="bbox 2006 4786 3584 4854">
     <span class='ocr_line' id='line_1_104' title="bbox 2006 4786 3584 4854; baseline -0.003 -11"><span class='ocrx_word' id='word_1_565' title='bbox 2006 4804 2116 4843; x_wconf 89' lang='lat' dir='ltr'><strong>non</strong></span> <span class='ocrx_word' id='word_1_566' title='bbox 2171 4805 2238 4842; x_wconf 78' lang='lat' dir='ltr'><strong>ex</strong></span> <span class='ocrx_word' id='word_1_567' title='bbox 2289 4790 2487 4841; x_wconf 84' lang='lat' dir='ltr'><strong>vobis:</strong></span> <span class='ocrx_word' id='word_1_568' title='bbox 2519 4788 2609 4843; x_wconf 90' lang='lat' dir='ltr'><strong>Dei</strong></span> <span class='ocrx_word' id='word_1_569' title='bbox 2662 4789 2861 4841; x_wconf 90' lang='lat' dir='ltr'><strong>donum</strong></span> <span class='ocrx_word' id='word_1_570' title='bbox 2893 4797 3014 4854; x_wconf 87' lang='lat' dir='ltr'><strong>est,</strong></span> <span class='ocrx_word' id='word_1_571' title='bbox 3065 4803 3172 4840; x_wconf 91' lang='lat' dir='ltr'><strong>non</strong></span> <span class='ocrx_word' id='word_1_572' title='bbox 3205 4803 3267 4840; x_wconf 78' lang='lat' dir='ltr'><strong>ex</strong></span> <span class='ocrx_word' id='word_1_573' title='bbox 3305 4786 3584 4854; x_wconf 74' lang='lat' dir='ltr'><strong>open-ilus,</strong></span> 
     </span>
    </p>
   </div>
   <div class='ocr_carea' id='block_1_105' title="bbox 2005 4881 2546 4952">
    <p class='ocr_par' dir='ltr' id='par_1_105' title="bbox 2005 4881 2546 4952">
     <span class='ocr_line' id='line_1_105' title="bbox 2005 4881 2546 4952; baseline -0.004 -16"><span class='ocrx_word' id='word_1_574' title='bbox 2005 4897 2074 4936; x_wconf 94' lang='lat' dir='ltr'><strong>ne</strong></span> <span class='ocrx_word' id='word_1_575' title='bbox 2110 4883 2234 4951; x_wconf 88' lang='lat' dir='ltr'><strong>quis</strong></span> <span class='ocrx_word' id='word_1_576' title='bbox 2264 4881 2546 4952; x_wconf 79' lang='lat' dir='ltr'><strong>glorietur.</strong></span> 
     </span>
    </p>
   </div>
   <div class='ocr_carea' id='block_1_106' title="bbox 2079 4970 3581 5040">
    <p class='ocr_par' dir='ltr' id='par_1_106' title="bbox 2079 4970 3581 5040">
     <span class='ocr_line' id='line_1_106' title="bbox 2079 4970 3581 5040; baseline -0.005 -13"><span class='ocrx_word' id='word_1_577' title='bbox 2079 4973 2243 5028; x_wconf 78' lang='lat' dir='ltr'><strong>Hebr.</strong></span> <span class='ocrx_word' id='word_1_578' title='bbox 2281 4990 2355 5028; x_wconf 69' lang='lat' dir='ltr'><strong>ait.</strong></span> <span class='ocrx_word' id='word_1_579' title='bbox 2388 4972 2548 5028; x_wconf 87' lang='lat' dir='ltr'><strong>Fides</strong></span> <span class='ocrx_word' id='word_1_580' title='bbox 2577 4982 2661 5028; x_wconf 89' lang='lat' dir='ltr'><strong>est</strong></span> <span class='ocrx_word' id='word_1_581' title='bbox 2701 4973 3094 5040; x_wconf 81' lang='lat' dir='ltr'><strong>Sperandorum</strong></span> <span class='ocrx_word' id='word_1_582' title='bbox 3131 4970 3459 5035; x_wconf 67' lang='lat' dir='ltr'><strong>substantia,</strong></span> <span class='ocrx_word' id='word_1_583' title='bbox 3489 4983 3581 5022; x_wconf 82' lang='lat' dir='ltr'><strong>ar-</strong></span> 
     </span>
    </p>
   </div>
   <div class='ocr_carea' id='block_1_107' title="bbox 2005 5075 3139 5139">
    <p class='ocr_par' dir='ltr' id='par_1_107' title="bbox 2005 5075 3139 5139">
     <span class='ocr_line' id='line_1_107' title="bbox 2005 5075 3139 5139; baseline -0.004 -18"><span class='ocrx_word' id='word_1_584' title='bbox 2005 5076 2319 5139; x_wconf 83' lang='lat' dir='ltr'><strong>gumentum</strong></span> <span class='ocrx_word' id='word_1_585' title='bbox 2355 5083 2537 5121; x_wconf 84' lang='lat' dir='ltr'><strong>rerum</strong></span> <span class='ocrx_word' id='word_1_586' title='bbox 2563 5082 2680 5133; x_wconf 74' lang='lat' dir='ltr'><strong>qua:</strong></span> <span class='ocrx_word' id='word_1_587' title='bbox 2715 5083 2818 5119; x_wconf 88' lang='lat' dir='ltr'><strong>non</strong></span> <span class='ocrx_word' id='word_1_588' title='bbox 2856 5075 3139 5134; x_wconf 81' lang='lat' dir='ltr'><strong>apparent.</strong></span> 
     </span>
    </p>
   </div>
   <div class='ocr_carea' id='block_1_108' title="bbox 2077 5157 3581 5226">
    <p class='ocr_par' dir='ltr' id='par_1_108' title="bbox 2077 5157 3581 5226">
     <span class='ocr_line' id='line_1_108' title="bbox 2077 5157 3581 5226; baseline -0.005 -10"><span class='ocrx_word' id='word_1_589' title='bbox 2077 5161 2350 5217; x_wconf 75' lang='lat' dir='ltr'><strong>Salomon.</strong></span> <span class='ocrx_word' id='word_1_590' title='bbox 2379 5160 2597 5215; x_wconf 85' lang='lat' dir='ltr'><strong>Cerlam</strong></span> <span class='ocrx_word' id='word_1_591' title='bbox 2629 5169 2681 5214; x_wconf 89' lang='lat' dir='ltr'><strong>et</strong></span> <span class='ocrx_word' id='word_1_592' title='bbox 2709 5159 3009 5213; x_wconf 72' lang='lat' dir='ltr'><strong>exitibitaru</strong></span> <span class='ocrx_word' id='word_1_593' title='bbox 3050 5158 3207 5212; x_wconf 80' lang='lat' dir='ltr'><strong>fidem</strong></span> <span class='ocrx_word' id='word_1_594' title='bbox 3237 5157 3581 5226; x_wconf 83' lang='lat' dir='ltr'><strong>protltcbitnr</strong></span> 
     </span>
    </p>
   </div>
   <div class='ocr_carea' id='block_1_109' title="bbox 2003 5255 2205 5325">
    <p class='ocr_par' dir='ltr' id='par_1_109' title="bbox 2003 5255 2205 5325">
     <span class='ocr_line' id='line_1_109' title="bbox 2003 5255 2205 5325; baseline 0.01 -19"><span class='ocrx_word' id='word_1_595' title='bbox 2003 5255 2205 5325; x_wconf 73' lang='lat' dir='ltr'><strong>justus.</strong></span> 
     </span>
    </p>
   </div>
   <div class='ocr_carea' id='block_1_110' title="bbox 2083 5341 3578 5403">
    <p class='ocr_par' dir='ltr' id='par_1_110' title="bbox 2083 5341 3578 5403">
     <span class='ocr_line' id='line_1_110' title="bbox 2083 5341 3578 5403; baseline -0.005 -6"><span class='ocrx_word' id='word_1_596' title='bbox 2083 5346 2250 5399; x_wconf 63' lang='lat' dir='ltr'><strong>lz&#39;cclt&#39;.</strong></span> <span class='ocrx_word' id='word_1_597' title='bbox 2278 5363 2354 5400; x_wconf 70' lang='lat' dir='ltr'><strong>SI.</strong></span> <span class='ocrx_word' id='word_1_598' title='bbox 2387 5345 2558 5399; x_wconf 83' lang='lat' dir='ltr'><strong>Crede</strong></span> <span class='ocrx_word' id='word_1_599' title='bbox 2592 5345 2843 5403; x_wconf 81' lang='lat' dir='ltr'><strong>DOtninn,</strong></span> <span class='ocrx_word' id='word_1_600' title='bbox 2870 5352 2923 5395; x_wconf 88' lang='lat' dir='ltr'><strong>ct</strong></span> <span class='ocrx_word' id='word_1_601' title='bbox 2953 5356 3109 5394; x_wconf 73' lang='lat' dir='ltr'><strong>ttltltte</strong></span> <span class='ocrx_word' id='word_1_602' title='bbox 3140 5342 3193 5393; x_wconf 84' lang='lat' dir='ltr'><strong>in</strong></span> <span class='ocrx_word' id='word_1_603' title='bbox 3229 5341 3416 5392; x_wconf 81' lang='lat' dir='ltr'><strong>labore</strong></span> <span class='ocrx_word' id='word_1_604' title='bbox 3447 5348 3578 5390; x_wconf 88' lang='lat' dir='ltr'><strong>tuo:</strong></span> 
     </span>
    </p>
   </div>
   <div class='ocr_carea' id='block_1_111' title="bbox 2009 5425 3588 5506">
    <p class='ocr_par' dir='ltr' id='par_1_111' title="bbox 2009 5425 3588 5506">
     <span class='ocr_line' id='line_1_111' title="bbox 2009 5425 3588 5506; baseline -0.008 -17"><span class='ocrx_word' id='word_1_605' title='bbox 2009 5437 2265 5506; x_wconf 74' lang='lat' dir='ltr'><strong>quoniam</strong></span> <span class='ocrx_word' id='word_1_606' title='bbox 2304 5436 2462 5490; x_wconf 78' lang='lat' dir='ltr'><strong>facile</strong></span> <span class='ocrx_word' id='word_1_607' title='bbox 2493 5443 2577 5488; x_wconf 86' lang='lat' dir='ltr'><strong>est</strong></span> <span class='ocrx_word' id='word_1_608' title='bbox 2605 5449 2786 5487; x_wconf 78' lang='lat' dir='ltr'><strong>coram</strong></span> <span class='ocrx_word' id='word_1_609' title='bbox 2822 5433 3050 5484; x_wconf 69' lang='lat' dir='ltr'><strong>anniuo</strong></span> <span class='ocrx_word' id='word_1_610' title='bbox 3080 5442 3371 5500; x_wconf 70' lang='lat' dir='ltr'><strong>pauperi-nt</strong></span> <span class='ocrx_word' id='word_1_611' title='bbox 3406 5425 3588 5480; x_wconf 72' lang='lat' dir='ltr'><strong>stibio</strong></span> 
     </span>
    </p>
   </div>
   <div class='ocr_carea' id='block_1_112' title="bbox 2011 5518 3439 5594">
    <p class='ocr_par' dir='ltr' id='par_1_112' title="bbox 2011 5518 3439 5594">
     <span class='ocr_line' id='line_1_112' title="bbox 2011 5518 3439 5594; baseline -0.008 -14"><span class='ocrx_word' id='word_1_612' title='bbox 2011 5529 2206 5580; x_wconf 75' lang='lat' dir='ltr'><strong>ditare.</strong></span> <span class='ocrx_word' id='word_1_613' title='bbox 2238 5523 2481 5594; x_wconf 80' lang='lat' dir='ltr'><strong>Largitio</strong></span> <span class='ocrx_word' id='word_1_614' title='bbox 2517 5524 2727 5578; x_wconf 82' lang='lat' dir='ltr'><strong>Domini</strong></span> <span class='ocrx_word' id='word_1_615' title='bbox 2760 5522 2899 5590; x_wconf 82' lang='lat' dir='ltr'><strong>apud</strong></span> <span class='ocrx_word' id='word_1_616' title='bbox 2929 5525 3044 5591; x_wconf 79' lang='lat' dir='ltr'><strong>pios</strong></span> <span class='ocrx_word' id='word_1_617' title='bbox 3077 5518 3439 5589; x_wconf 77' lang='lat' dir='ltr'><strong>permanebit.</strong></span> 
     </span>
    </p>
   </div>
   <div class='ocr_carea' id='block_1_113' title="bbox 2083 5603 3582 5684">
    <p class='ocr_par' dir='ltr' id='par_1_113' title="bbox 2083 5603 3582 5684">
     <span class='ocr_line' id='line_1_113' title="bbox 2083 5603 3582 5684; baseline -0.009 -14"><span class='ocrx_word' id='word_1_618' title='bbox 2083 5615 2350 5684; x_wconf 82' lang='lat' dir='ltr'><strong>Theologi.</strong></span> <span class='ocrx_word' id='word_1_619' title='bbox 2384 5613 2540 5681; x_wconf 83' lang='lat' dir='ltr'><strong>Quod</strong></span> <span class='ocrx_word' id='word_1_620' title='bbox 2597 5615 2798 5684; x_wconf 65' lang='lat' dir='ltr'><strong>aliquis</strong></span> <span class='ocrx_word' id='word_1_621' title='bbox 2850 5631 2956 5667; x_wconf 81' lang='lat' dir='ltr'><strong>non</strong></span> <span class='ocrx_word' id='word_1_622' title='bbox 3008 5621 3183 5682; x_wconf 72' lang='lat' dir='ltr'><strong>potest</strong></span> <span class='ocrx_word' id='word_1_623' title='bbox 3235 5607 3477 5678; x_wconf 73' lang='lat' dir='ltr'><strong>assequi,</strong></span> <span class='ocrx_word' id='word_1_624' title='bbox 3527 5603 3582 5659; x_wconf 82' lang='lat' dir='ltr'><strong>id</strong></span> 
     </span>
    </p>
   </div>
   <div class='ocr_carea' id='block_1_114' title="bbox 401 5795 2995 5876">
    <p class='ocr_par' dir='ltr' id='par_1_114' title="bbox 401 5795 2995 5876">
     <span class='ocr_line' id='line_1_114' title="bbox 401 5795 2995 5876; baseline -0.004 -19"><span class='ocrx_word' id='word_1_625' title='bbox 401 5802 477 5875; x_wconf 87' lang='grc' dir='ltr'><strong>(ι)</strong></span> <span class='ocrx_word' id='word_1_626' title='bbox 504 5804 722 5861; x_wconf 86' lang='lat' dir='ltr'><strong>Inerant</strong></span> <span class='ocrx_word' id='word_1_627' title='bbox 753 5818 1046 5876; x_wconf 84' lang='lat' dir='ltr'><strong>nonpauca</strong></span> <span class='ocrx_word' id='word_1_628' title='bbox 1073 5811 1193 5874; x_wconf 71' lang='lat' dir='ltr'><strong>qua:</strong></span> <span class='ocrx_word' id='word_1_629' title='bbox 1225 5805 1390 5860; x_wconf 85' lang='lat' dir='ltr'><strong>etiam</strong></span> <span class='ocrx_word' id='word_1_630' title='bbox 1425 5800 1692 5857; x_wconf 84' lang='lat' dir='ltr'><strong>habentur</strong></span> <span class='ocrx_word' id='word_1_631' title='bbox 1723 5813 1890 5869; x_wconf 82' lang='lat' dir='ltr'><strong>supra</strong></span> <span class='ocrx_word' id='word_1_632' title='bbox 1928 5799 2100 5868; x_wconf 64' lang='lat' dir='ltr'><strong>prima</strong></span> <span class='ocrx_word' id='word_1_633' title='bbox 2132 5813 2383 5854; x_wconf 64' lang='lat' dir='ltr'><strong>sermone</strong></span> <span class='ocrx_word' id='word_1_634' title='bbox 2415 5815 2426 5849; x_wconf 93' lang='lat'>:</span> <span class='ocrx_word' id='word_1_635' title='bbox 2470 5811 2532 5851; x_wconf 85' lang='lat' dir='ltr'><strong>ea</strong></span> <span class='ocrx_word' id='word_1_636' title='bbox 2570 5795 2654 5851; x_wconf 86' lang='lat' dir='ltr'><strong>hic</strong></span> <span class='ocrx_word' id='word_1_637' title='bbox 2689 5796 2995 5852; x_wconf 75' lang='lat' dir='ltr'><strong>oniis’mns.</strong></span> 
     </span>
    </p>
   </div>
  </div>
