4038 6434
450 361 561 426 923

1713 354 2040 417 ΛΝΤΟΝΙΙ
2085 354 2432 416 ΜΕΙᾸΒΒᾸΞ

3603 351 3725 413 924

451 475 778 547 simpliciter
827 473 941 528 ﬁeri
989 485 1151 543 posse
1194 485 1299 524 non
1351 470 1544 524 credit.
1592 467 1726 523 Nam
1760 463 2024 538 prolauus

2163 484 2236 522 ον.
2271 469 2488 537 11¹ὐχιιὶς
2513 465 2618 539 γὰρ
2649 465 2897 537 βεϐήλοις
2929 464 3082 520 οὐδὲν
3115 465 3223 518 τῶν
3270 463 3454 521 καλῶν
3496 463 3730 531 ἀξιόπι-

454 571 670 624 animus
703 567 837 622 nihil
882 567 1170 622 honestum
1215 574 1270 619 et
1323 563 1601 634 egregium
1643 562 1789 633 quod
1838 560 2028 616 credat

453 660 677 730 dignum
717 658 1036 713 arbitratur.

521 749 635 821 84
663 747 723 802 8.
750 747 956 818 Cyrilli.
1005 747 1161 813 Quod
1212 746 1316 800 ﬁde
1365 746 1685 814 suscipitur,
1716 759 1820 796 non
1865 743 2028 798 debet

454 846 668 896 curiose
696 840 1020 895 examinari.
1046 838 1178 894 Nam
1203 839 1349 908 quod
1376 837 1682 893 rationibus
1704 837 2028 908 inquiritur,

452 931 727 1003 quomodo
759 929 940 986 adhuc
966 929 1252 984 creditur?

840 1019 1075 1075 SERMO
1104 1019 1236 1073 XLV
1260 1018 1361 1090 [al.
1387 1015 1640 1088 CLVIII}.

1009 1110 1083 1163 De
1111 1109 1473 1163 Providentia.

526 1204 724 1260 Matth.
765 1221 819 1258 ι.
870 1201 1070 1258 Nonne
1119 1203 1228 1255 duo
1281 1198 1581 1270 passen-uli
1643 1198 1856 1252 Iniuqu
1909 1213 2032 1253 asse

453 1292 768 1346 venduntur
787 1293 809 1345 ?
828 1299 883 1346 et
906 1307 1048 1344 unus
1074 1307 1139 1344 ex
1175 1290 1279 1344 illis
1309 1305 1412 1342 non
1431 1289 1587 1342 cadet
1619 1287 1671 1340 in
1691 1297 1888 1340 terram
1913 1291 2034 1341 siue

457 1385 620 1441 l'atre
651 1394 854 1440 vestro.
911 1382 1084 1438 Vestri
1122 1397 1254 1438 vero
1283 1383 1449 1434 etiam
1483 1381 1576 1450 pili
1609 1378 1805 1450 capitis
1839 1395 2034 1435 omnes

457 1481 724 1533 numerati
752 1484 899 1531 sunt.

528 1571 684 1625 Rom.
733 1586 808 1623 xl.
835 1567 880 1621 0
908 1566 1252 1638 profunditas
1272 1565 1611 1627 divitiarum,
1642 1573 1700 1618 et
1728 1562 2030 1631 sapientiae,

457 1673 513 1718 et
559 1661 888 1733 cognitionis
946 1661 1064 1724 Dei,
1133 1673 1296 1729 quam
1361 1656 1851 1727 imperscrutabilia
1909 1665 2038 1710 sunt

456 1755 659 1826 judicia
689 1753 829 1821 ejus,
858 1763 913 1807 et
945 1753 1347 1821 investigabiles
1377 1750 1476 1804 vite
1504 1750 1622 1818 ejus
1649 1751 1663 1804 ι

2130 576 2277 614 στον.

2200 737 2276 793 Τὸ
2329 738 2510 792 πίστει
2554 739 2896 810 παραδεκτδν
2949 739 3518 814 ἀπολυπραγμόνητον
3567 741 3727 797 εἶναι

2132 833 2259 905 χρή.
2285 833 2359 887 Τὸ
2387 833 2494 903 γὰρ
2521 832 2949 902 βασανιζόμενον
2978 835 3093 897 πῶς
3124 834 3204 887 ἔτι
3242 836 3638 904 πεπίστευται;

2734 1011 2952 1065 ΛΟΓΟΣ
2985 1013 3038 1066 Μ
3048 1012 3118 1067 E'.

2667 1104 2807 1172 Περὶ
2863 1106 3180 1172 Προνοίας.

2207 1201 2344 1271 Οὐχὶ
2388 1199 2484 1253 δύο
2516 1200 2736 1252 στουθία
2783 1197 3048 1267 ἀσσαρίου
3093 1197 3393 1263 πωλείταις
3432 1200 3524 1251 καὶ
3569 1201 3626 1254 ἒν
3664 1203 3738 1266 ἐξ

2134 1293 2314 1346 αὐτῶν
2339 1294 2400 1346 οὐ
2451 1295 2696 1344 πεσεῖται
2742 1292 2836 1345 ἐπὶ
2888 1291 2986 1360 τὴν
3035 1293 3160 1358 γῆν,
3197 1291 3323 1345 ἄνευ
3355 1292 3450 1346 τοῦ
3505 1294 3733 1363 [ἰατρὸς

2134 1384 2311 1454 ὑμῶν.
2352 1383 2540 1454 ’Υμῶν
2584 1383 2640 1435 δὲ
2671 1385 2765 1438 καὶ
2808 1384 2864 1436 αἱ
2893 1383 3080 1454 τρίχες
3124 1384 3223 1453 τῆς
3255 1384 3496 1454 κεφαλῆς
3542 1387 3735 1438 πᾶσαι.

2134 1474 2514 1545 ἠριθμημέναι
2537 1476 2698 1527 εἰσίν.

2217 1567 2282 1618 Ὢ
2317 1567 2485 1637 βάθος
2515 1568 2749 1620 πλούτου
2785 1568 2879 1620 καὶ
2911 1568 3102 1637 σοφίας
3131 1569 3227 1620 καὶ
3271 1567 3525 1635 γνώσεως
3553 1569 3730 1634 Θεοῦ,

2136 1658 2214 1722 ὡς
2249 1657 2647 1730 ἀνεξερεύνητα
2679 1661 2745 1714 τὰ
2773 1661 3018 1731 κρίματα
3048 1661 3236 1724 αὐτοῦ,
3282 1663 3374 1714 καὶ
3412 1661 3732 1731 ἀνεξιχνία-

2139 1766 2256 1802 στοι
2283 1751 2340 1802 αι
2365 1751 2477 1804 ὁδοὶ
2507 1749 2674 1804 αὐτοῦ
2699 1751 2712 1803 l

534 1847 699 1901 Eccli.
736 1861 848 1900 xu.
899 1843 980 1899 Ne
1025 1844 1265 1898 dixeris:
1298 1843 1637 1906 Abscondar,
1671 1853 1722 1898 et
1753 1843 1878 1914 quis
1930 1842 2034 1896 mei

2210 1841 2303 1912 Μὴ
2353 1842 2538 1913 εἴπῃς,
2600 1841 3127 1910 Ἀποκρυϐήσομαιο
3171 1840 3262 1894 καὶ
3314 1840 3371 1906 ἐξ
3413 1839 3584 1910 ὕψους
3634 1843 3734 1906 τίς

463 1954 673 1995 memor
701 1940 804 1996 erit
835 1955 897 1993 ex
931 1939 1081 1992 alto?
1132 1936 1271 1993 Ecce
1295 1938 1521 2001 cmlum,
1550 1947 1604 1992 et
1632 1938 1830 1991 coelum
1869 1937 2040 1991 coelu-

466 2050 609 2096 rum,
642 2033 873 2102 abyssus
901 2040 956 2086 et
994 2042 1139 2084 terra
1185 2031 1238 2084 in
1290 2030 1602 2085 visitatione
1656 2030 1779 2099 ejus
1829 2044 2039 2087 concu-

467 2127 692 2181 tieutur.
721 2124 848 2180 Vias
868 2123 989 2193 ejus
1019 2124 1143 2193 quis
1163 2124 1349 2178 animo
1384 2122 1824 2194 complectetur?

535 2303 598 2359 S.
627 2303 839 2359 Basilii.
891 2298 1037 2356 Nihil
1085 2300 1202 2355 sine
1247 2298 1618 2368 Providentia,
1673 2300 1807 2355 nihil
1862 2301 2046 2369 negle-

467 2403 621 2446 ctum
652 2401 737 2445 est
795 2394 938 2459 apud
967 2389 1135 2443 Deum
1161 2404 1177 2454 ;
1213 2389 1396 2444 omnia
1429 2391 1830 2460 contemplatur
1857 2392 2046 2446 oculus

467 2482 942 2552 vigilantissimus,
975 2481 1232 2538 omnibus
1267 2479 1443 2547 adest,
1481 2482 1737 2539 omnibus
1767 2483 2048 2539 distribuit

468 2579 725 2631 salutem.

542 2667 813 2736 Tlieologi.
866 2665 1082 2723 Numen
1145 2667 1488 2737 providentia
1546 2684 1646 2723 sua
1695 2683 1927 2739 pronum
1990 2671 2046 2726 in

471 2761 888 2832 benignitatem,
918 2776 1063 2830 sape
1117 2761 1254 2817 solet
1306 2761 1644 2832 inopinatam
1685 2763 1913 2818 salutem
1971 2765 2049 2818 ai-

471 2853 637 2910 ferre.

541 2947 785 3019 Epicuri.
838 2948 1054 3004 Gratias
1101 2964 1201 3018 ago
1253 2950 1426 3006 beatae
1461 2959 1704 3018 natura,
1732 2954 1876 3022 quod
1931 2970 2052 3024 qua:

473 3044 782 3098 necessaria
813 3051 941 3098 sunt
984 3042 1112 3097 fecit
1138 3043 1426 3113 parabilia,
1475 3043 1713 3100 dilIicilia
1743 3059 1924 3102 autem
1960 3062 2052 3118 pa-

472 3145 615 3202 ratu,
642 3152 748 3190 non
787 3137 1119 3191 necessaria.

2145 1951 2246 2003 μου
2302 1935 2710 2005 μνησθήσεται;
2759 1934 2890 1989 Ἰδοὺ
2933 1935 2963 1986 ὁ
2993 1935 3222 2004 οὐρανὸς
3273 1934 3367 1986 καὶ
3412 1936 3441 1986 ὁ
3492 1936 3735 2006 οὐρανὸς

2139 2027 2236 2080 τοῦ
2266 2026 2520 2097 οὐρανοῦ,
2557 2027 2796 2089 ἄϐυσσος
2826 2025 2920 2079 καὶ
2952 2025 3046 2095 γῆ,
3081 2026 3175 2077 καὶ
3214 2024 3287 2078 τὰ
3332 2027 3389 2078 ὲν
3422 2026 3631 2090 αὐτοῖς,
3664 2030 3735 2079 ἐν

2139 2121 2207 2190 τῇ
2239 2119 2510 2188 ἐπισκοπῇ
2539 2118 2707 2173 αὐτοῦ
2733 2119 3192 2188 σαλευθήσονται.
3221 2117 3336 2178 Τὰς
3365 2119 3518 2182 ὀδοὺς
3553 2118 3733 2172 αὐτοῦ

2141 2209 2226 2272 τίς
2259 2208 2738 2280 ὲνθυμηθήσεται;

2215 2300 2384 2354 Οὐδὲν
2425 2301 2760 2371 ἀπρονόητον
2806 2301 2928 2355 οὐδὲ
2976 2300 3322 2372 ἠμελημένον
3376 2303 3530 2372 παρὰ
3560 2302 3726 2372 Θεῷ·

2145 2391 2322 2446 πάντα
2360 2393 2616 2446 σκοπεύει
2642 2396 2669 2447 ὁ
2703 2380 3003 2464 ἀκοίμητος
3037 2393 3340 2464 ὀφθαλμὸς,
3387 2398 3516 2449 πᾶσι
3554 2395 3735 2466 πάρε-

2147 2504 2257 2555 στι,
2291 2488 2607 2558 σκορπίζων
2641 2489 2858 2561 ἑκάστῳ
2885 2491 2984 2560 τὴν
3019 2489 3317 2560 σωτηρίαν.

2223 2668 2488 2732 Πολλάκις
2511 2668 2850 2738 παραδόξους
2886 2668 3164 2736 σωτηρίας
3195 2663 3304 2720 οἶδε
3333 2665 3395 2720 τδ
3421 2665 3575 2719 Θεῖον
3611 2684 3734 2719 και-

2149 2763 2420 2830 νοτομεῖν,
2472 2757 2628 2812 νεῦον
2677 2759 2814 2831 πρὸς
2867 2761 2928 2813 τὸ
2975 2759 3357 2830 φιλάνθρωπον
3399 2762 3466 2828 τῇ
3531 2756 3738 2811 ἑαυτοῦ

2149 2854 2404 2925 προνοίᾳ.

2219 2945 2397 3013 Χάρις
2462 2947 2530 3016 τῇ
2600 2944 2849 3016 μακαρίᾳ
2911 2942 3108 3014 φύσει,
3181 2947 3264 2999 ὅτι
3334 2945 3402 2999 τὰ
3457 2947 3738 3012 ἀναγκαῖα

2151 3037 2410 3106 εποίησεν
2458 3037 2786 3106 εὐπόριστα,
2836 3036 2906 3089 τὰ
2947 3035 3006 3089 δὲ
3041 3036 3376 3107 δυσπόριστα
3423 3036 3523 3088 οὐκ
3563 3035 3738 3104 ἀναγσ

2154 3135 2307 3185 καῒα.

547 3227 898 3298 ΤΙιθορεηιριὶ.
930 3227 1116 3298 Neque
1138 3230 1405 3284 malorum
1438 3240 1718 3287 auctorem
1751 3232 1918 3287 Deum
1937 3215 2049 3287 exi-

2224 3224 2378 3293 Μήτε
2413 3222 2586 3277 αἴτιον
2619 3224 2806 3277 κακῶν
2855 3223 2915 3276 τὸ
2964 3224 3123 3276 Θεῖον
3171 3223 3558 3295 ὑπολάμϐανε,
3593 3227 3741 3298 μήτε

474 3320 686 3386 stimes,
719 3335 896 3390 neque
930 3321 1049 3376 sine
1078 3336 1142 3376 eo
1192 3319 1508 3376 infortuniis
1557 3339 1657 3377 nos
1703 3323 1838 3377 allici
1870 3336 2048 3393 putes.

550 3411 813 3465 Platonis.
851 3410 986 3464 Cum
1022 3412 1163 3466 Deus
1195 3411 1408 3466 civitati
1433 3412 1758 3468 beneﬁcium
1796 3425 2054 3483 priestare

475 3504 613 3566 vult,
655 3504 828 3558 bonos
877 3504 1024 3559 viros
1060 3504 1108 3558 ei
1143 3505 1437 3573 producit:
1490 3521 1614 3559 eum
1667 3522 1798 3560 vero
1846 3509 2052 3563 civitati

479 3597 843 3652 calamitatem
874 3596 1228 3654 immissurus
1257 3609 1361 3661 est,
1387 3601 1564 3654 aufert
1595 3601 1664 3655 ab
1691 3615 1754 3654 ea
1785 3603 1931 3656 viros
1963 3602 2056 3656 bo—

478 3705 602 3744 nos.

549 3784 826 3839 Demadis.
865 3785 1139 3849 Quantum
1185 3781 1329 3838 Deus
1356 3782 1538 3853 justos
1575 3786 1814 3854 adjuvat,
1847 3796 2058 3842 tantum

479 3876 704 3944 iujustis
728 3876 1073 3930 adversatur.

549 3963 925 4034 Xeiwphontis.
947 3963 1238 4032 Nunquam
1266 3963 1485 4020 dill'eras
1506 3967 1814 4022 necessaria
1833 3983 2053 4038 compa-

481 4073 630 4124 rare,
660 4058 836 4112 donec
869 4058 985 4126 ipsa
1020 4068 1072 4111 te
1089 4067 1246 4126 cogat
1276 4058 1576 4112 necessitas
1597 4076 1610 4113 :
1629 4060 1723 4114 sed
1751 4075 1872 4113 cum
1892 4061 2062 4113 ahun-

481 4153 581 4204 das
616 4151 869 4214 maxime,
903 4158 1032 4203 tunc
1065 4144 1192 4202 ante
1227 4149 1467 4220 inopiam
1524 4165 1637 4204 rem
1687 4151 1856 4205 ellice.
1907 4150 2065 4206 Faci-

485 4241 586 4294 lius
619 4238 730 4310 85
770 4239 917 4292 enim
953 4238 1210 4307 acquircs
1260 4239 1328 4292 ab
1359 4237 1471 4293 illis
1505 4241 1647 4297 unde
1681 4239 1778 4295 tibi
1810 4256 1951 4310 opus
1983 4250 2064 4296 est

484 4331 792 4399 aequirere,
813 4327 856 4383 si
897 4328 1137 4381 videaris
1171 4327 1330 4398 inops
1357 4346 1466 4383 non
1498 4346 1642 4386 esse.

533 4421 744 4474 .Divina
781 4420 1121 4490 providentia
1152 4422 1520 4478 communiter
1567 4423 1823 4479 omnibus
1854 4427 1920 4479 ad
1957 4426 2067 4479 uti-

2154 3316 2326 3386 χωρὶς
2347 3315 2511 3368 αὐτοῦ
2545 3315 2831 3385 δυστυχεῖν
2869 3317 3016 3384 ἡμᾶς
3056 3314 3264 3384 νόμιζε.

2229 3409 2400 3462 Ὅταν
2448 3409 2703 3479 βούληται
2759 3410 2892 3473 Θεὸς
2949 3406 3007 3466 εὖ
3067 3411 3268 3481 πρᾶξαι
3311 3411 3485 3479 πόλιν,
3535 3413 3744 3484 ἄνδρας

2157 3499 2396 3567 ἀγαθοὺς
2452 3500 2740 3570 εποίησεν·
2794 3502 2926 3553 ὅταν
2973 3503 3028 3556 δὲ
3081 3503 3252 3573 μέλλῃ
3289 3505 3474 3564 κακῶς
3523 3507 3743 3574 πρᾶξαι

2159 3591 2336 3658 πόλιν,
2369 3591 2542 3656 ἐξεῖλε
2583 3593 2712 3656 τοὺς
2740 3593 2941 3664 ἄνδρας
2972 3595 3096 3656 τοὺς
3132 3595 3369 3664 ἀγαυοὺς
3400 3594 3605 3666 ταύτης
3636 3599 3744 3662 τῆς

2161 3686 2366 3748 πόλεως
2396 3684 2423 3736 ὁ
2456 3685 2610 3746 Θεός.

2235 3777 2401 3830 Ὅσον
2427 3777 2540 3838 τοῖς
2560 3777 2788 3841 δικαίοις
2810 3777 2870 3830 τὸ
2901 3779 3054 3831 Θείον
3079 3778 3523 3849 συναγωνίζεται,
3550 3786 3748 3836 τυσοῦ-

2162 3883 2257 3920 τον
2285 3869 2395 3928 τοῖς
2436 3867 2648 3932 ἀδίκοις
2677 3869 3040 3924 ἐναντιοῦται.

2231 3959 2517 4030 Μηδέποτε
2571 3961 2869 4030 ἀναμένειν
2923 3963 3244 4033 πορίζεσθαι
3294 3969 3365 4019 τὰ
3429 3968 3745 4038 ἐπιτήδεια,

2163 4054 2274 4107 ἔστ’
2307 4055 2377 4107 ἂν
2423 4055 2456 4124 ἠ
2494 4055 2651 4122 χρεία
2688 4071 2748 4107 σε
2794 4056 3116 4128 ἀναγκάσῃο
3167 4057 3284 4110 ἀλλ’
3331 4059 3458 4112 ὅταν
3506 4060 3748 4130 μάλιστα

2161 4145 2425 4217 εὐπορῇς,
2458 4145 2580 4198 τότε
2622 4145 2728 4216 πρὸ
2779 4147 2878 4217 τῆς
2914 4151 3149 4219 ἀπορίας
3199 4153 3447 4221 μηχανῶ.
3501 4153 3608 4205 Καὶ
3632 4155 3750 4222 γὰρ

2164 4236 2331 4309 τεύξῃ
2385 4236 2588 4308 μᾶλλον
2625 4238 2755 4308 παρ’
2786 4235 2861 4292 ῶν
2917 4239 2984 4294 ἂν
3019 4241 3134 4313 δὲῃ,
3189 4243 3266 4311 μὴ
3319 4244 3524 4314 ἄπορος
3571 4243 3750 4297 δοκῶν

2166 4345 2328 4385 ειναι.

2255 4422 2320 4475 Ἥ
2347 4424 2468 4478 θεία
2505 4428 2730 4497 πρόνοια
2763 4429 2956 4490 κοινῶς
2993 4428 3249 4482 ἁπάντων
3297 4429 3430 4499 πρὸς
3473 4427 3750 4497 ὠφέλειαν

484 4513 691 4568 litatem
723 4513 1005 4582 providet:
1036 4529 1155 4582 qua:
1189 4523 1370 4568 autem
1400 4516 1564 4570 rebus
1592 4517 1857 4571 accedunt
1885 4516 2040 4570 noxia

2171 4519 2513 4583 προνοεῖταιο
2545 4521 2614 4573 τὰ
2661 4521 2716 4574 δὲ
2761 4521 3120 4590 ἐπιγινόμενα
3174 4521 3453 4592 φθαρτικὰ
3502 4522 3753 4590 ἑπόμενα

489 4613 544 4658 et
575 4603 852 4659 interitum
879 4603 1134 4667 aﬂerunt,
1161 4604 1402 4659 materiae
1429 4605 1800 4662 inﬁrmitatem
1825 4621 2065 4677 sequun-

487 4704 596 4750 Illl'.

815 4783 1046 4841 SERMO
1084 4785 1247 4840 XLVI
1297 4785 1317 4858 [
1346 4786 1420 4840 al.
1455 4784 1759 4861 CLXVIII].

1104 4877 1182 4931 De
1207 4879 1467 4932 oratione.

560 4969 756 5024 Matth.
789 4986 861 5024 vt.
893 4969 1126 5025 Orantes
1154 4987 1258 5024 nou
1297 4971 1417 5026 sitis
1451 4973 1780 5043 tnultiloqui.

558 5061 829 5132 Aﬁligitur
868 5062 1070 5131 aliquis
1126 5062 1266 5116 inter
1294 5064 1427 5117 Vos?
1465 5066 1735 5135 imploret.

558 5152 833 5207 Salomon.
891 5153 1187 5223 Impiorum
1236 5155 1503 5210 sacriﬁcia
1556 5157 1893 5213 abominatio
1944 5167 2070 5214 sunt

490 5245 747 5308 Domino,
778 5261 968 5314 preces
994 5256 1175 5301 autem
1216 5257 1485 5302 rectorum
1520 5261 1753 5318 accepta:
1770 5259 1894 5304 sunt
1923 5253 1992 5305 ei.

558 5335 940 5400 Prov.Procul
977 5338 1129 5393 abest
1161 5339 1300 5394 Deus
1337 5341 1406 5394 ab
1438 5339 1640 5410 impiis,
1683 5342 1937 5410 precibus
1965 5360 2066 5398 au-

491 5437 599 5480 tem
633 5425 906 5494 justorum
943 5431 1234 5487 auscultat.

561 5516 730 5572 Eccli.
757 5533 797 5571 ι.
829 5517 908 5572 Ne
947 5521 1025 5575 sis
1057 5521 1423 5590 pusillanimis
1455 5522 1508 5577 iu
1541 5524 1788 5579 oratione
1823 5533 1938 5580 tua.

560 5605 639 5662 Ne
665 5607 886 5666 diﬂ'eras
907 5611 1132 5666 reddere
1160 5615 1463 5668 orationem
1506 5613 1559 5666 in
1589 5625 1850 5681 tempore.

566 5698 630 5752 S.
672 5698 886 5756 Basilii.
955 5700 1302 5756 Auscultatio
1375 5705 1467 5759 Dei
1532 5722 1638 5760 nou
1686 5707 1885 5772 indiget
1942 5723 2072 5761 voce

494 5791 560 5845 ad
599 5792 970 5851 sentiendum.
1005 5792 1163 5851 Novit
1189 5796 1334 5851 enim
1385 5798 1571 5854 statim
1603 5814 1671 5853 ex
1711 5810 1856 5852 metu
1887 5799 2071 5854 cordi;

2171 4609 2287 4662 ἐστι
2316 4611 2385 4681 τῇ
2422 4613 2518 4684 τῆς
2555 4613 2687 4684 ὕλης
2724 4615 3000 4686 ἀσθενείᾳ.

2755 4791 2971 4844 ΛΟΓΟΣ
3009 4791 3157 4858 Μαι.

2675 4879 2815 4948 Περὶ
2847 4881 3221 4950 προσευχῆς.

2179 4981 2184 4985 ‘
2240 4969 2675 5040 Προσευχόμενοι
2709 4973 2784 5042 μὴ
2817 4973 3274 5044 βαττολογήσητε.
3325 5035 3345 5050 κ

2240 5064 2560 5116 Κακοπαθεῖ
2586 5082 2668 5129 τις
2701 5067 2756 5118 ὲν
2791 5066 2952 5134 Clytii;
2986 5067 3390 5137 προσευχέσθω.

2239 5158 2436 5210 Θυσίαι
2481 5158 2700 5211 ἀσεϐῶν
2745 5159 3021 5228 βδέλυγμα
3076 5163 3303 5231 Κυρίῳο
3343 5163 3644 5231 προσευχαὶ
3696 5163 3752 5214 δὲ

2171 5249 2608 5302 κατευθυνόντων
2637 5251 2822 5305 δεκταὶ
2855 5253 2987 5320 παρ’
3017 5253 3187 5322 αὐτῷ.

2254 5340 2486 5408 Μακρὰν
2512 5344 2703 5410 ἀπέχει
2731 5345 2759 5395 ὁ
2786 5344 2918 5408 Θεὸς
2946 5345 3056 5397 ἀπὸ
3081 5345 3295 5397 ἀσεϐῶν
3322 5362 3337 5377 ο
3366 5347 3553 5415 εὐχαῖς
3592 5346 3646 5398 δὲ
3675 5347 3755 5400 δι-

2171 5431 2342 5484 καίων
2366 5433 2650 5485 ὑπακούει.

2242 5523 2333 5593 Μὴ
2368 5524 2773 5598 ὀλιγοψυχήσῃς
2810 5529 2866 5580 ἐν
2893 5532 2955 5598 τῇ
2987 5531 3268 5601 προσευχῇ
3300 5547 3420 5582 σου.

2241 5615 2335 5682 Μὴ
2371 5614 2675 5685 ὲμπςδὶσῃς
2699 5616 2793 5669 τοῦ
2826 5617 3116 5670 ἀποδοῦναι
3146 5619 3313 5688 εὐχὴν
3341 5619 3633 5685 εὐκαίρως.

2256 5707 2316 5758 'II
2343 5707 2460 5759 θεία
2481 5708 2618 5778 ἀκοὴ
2646 5709 2706 5760 οὐ
2742 5712 2926 5778 φωνῆς
2956 5709 3125 5762 δεῖται
3164 5711 3296 5778 πρὸς
3328 5709 3601 5778 αἴσθησιν.
3634 5702 3759 5761 Οἵδε

2176 5796 2281 5863 γὰρ
2325 5798 2419 5850 καὶ
2461 5799 2518 5851 ὲν
2551 5799 2625 5870 τῷ
2661 5803 2920 5870 κινήματι
2953 5799 3050 5871 τῆς
3109 5801 3334 5871 καρδίας
3403 5801 3664 5870 γνωρὲσαι
3693 5799 3758 5850 τὰ
