4038 6410
231 348 341 411 923

1049 351 1219 415 LOCI
1259 353 1706 418 COMMUNES.
1751 374 1826 392 ···
1870 355 2066 418 PARS
2109 358 2161 420 Ι.
2202 359 2461 422 8ΕΒΜΟ
2501 359 2709 422 XLVI.

3381 363 3489 427 926

225 461 654 534 ἐπιζητούμενα.
703 463 776 517 Ἦ
818 462 918 520 οὐκ
969 465 1193 530 ἀκούεις
1241 467 1325 521 ὅτι
1367 468 1614 540 Μωῦσῆς
1647 471 1812 541 μηδὲν

1915 485 2036 540 qum
2093 474 2450 542 requiruntur
2500 489 2856 545 cognoscere.
2889 475 2970 530 An
3007 489 3118 532 non
3149 476 3312 534 audis
3346 480 3490 550 quod

225 555 624 627 φθεγγόμενος,
654 557 767 621 τοῖς
798 556 1091 630 ἀλαλήτοις
1134 559 1329 613 ἑαυτοῦ
1358 565 1684 632 στεναγμοῖς
1718 565 1805 616 ἐν·

223 649 511 721 τυγχάνων
539 648 618 718 τῷ
651 649 862 722 Κυρίῳ,
893 649 1124 714 ἠκούετο
1156 655 1307 724 παρὰ
1331 653 1426 706 τοῦ
1470 654 1677 726 Κυρίου
1714 655 1809 709 λέο

223 756 432 809 γοντος,
481 742 547 796 Τί
580 741 711 814 βοᾷς
737 743 873 814 πρδς
907 742 975 814 με
995 761 1012 812 ;

303 833 466 898 Ἐθος
488 835 596 906 γὰρ
625 837 737 900 τοῖς
761 835 980 907 δαίμοσι
1027 837 1168 892 κατὰ
1191 838 1291 903 τὰς
1320 839 1467 911 ὧρας
1495 840 1606 895 τῶν
1637 859 1803 912 προσ-

222 925 425 996 ευχῶν,
455 927 727 997 προφάσει
753 929 914 998 δῆθεν
947 929 1297 998 εύλογοποιοῦ
1323 931 1523 998 αίτίας,
1555 934 1802 1002 ἐπείγειν

221 1019 372 1087 ἡμᾶς
402 1018 540 1089 προς
574 1017 944 1091 ὑποχώρησιν,
979 1021 1066 1074 ἵνα
1108 1021 1471 1091 ἀπαγάγωσιν
1517 1023 1668 1094 ἡμᾶς
1710 1023 1803 1076 εύ-

219 1109 537 1178 λογοφανῶς
572 1111 670 1180 τῆς
712 1115 1089 1183 σωτηριὼδους
1122 1117 1304 1189 εὐχῆς.

293 1203 453 1270 Μέγα
481 1203 686 1273 ἀγαθὸν
710 1205 873 1278 εὐχὴ,
911 1208 1004 1262 ἐὰν
1036 1209 1176 1276 μετᾶ
1200 1209 1440 1274 διανοίας
1470 1209 1796 1283 εὐχαρίστου

217 1298 465 1367 γένηται.
1372 1353 1387 1377 ς

297 1387 470 1441 Ὅταν
504 1389 610 1458 γὰρ
635 1389 698 1442 ἐκ
725 1387 984 1460 καθαρῶν
1023 1389 1246 1460 χειλέων
1271 1391 1562 1465 ἐξέρχηται
1589 1394 1798 1465 δέησις,

221 1480 320 1531 καὶ
357 1480 422 1532 ἐκ
455 1479 681 1549 καρδίας
709 1480 1095 1551 ἀνυποκρίτου,
1135 1477 1244 1538 οἵδε
1278 1485 1486 1554 φθάσαι
1509 1485 1570 1538 τὸ
1598 1486 1797 1541 ἀκολά-

219 1586 415 1624 κευτον
440 1568 533 1634 οὖς
561 1573 654 1625 τοῦ
685 1574 976 1628 Δεσπότου.

296 1664 474 1718 Καλὸν
512 1666 742 1720 πάντοτε
789 1665 880 1720 διὰ
931 1669 1240 1740 προσευχῆς
1283 1671 1494 1740 ὁμιλεῖν
1526 1670 1606 1743 τῷ
1651 1670 1791 1742 Θεῷ.

219 1758 283 1811 Et
319 1757 426 1829 γὰρ
453 1743 713 1830 συντυχία
741 1760 933 1832 ἀνδρὸς
960 1762 1166 1826 ἀγαθοῦ
1192 1763 1392 1832 βελτιοί
1412 1765 1504 1819 τὸν
1529 1767 1792 1837 ἐντυγχά-

1916 563 2092 618 Moses
2117 579 2242 619 cum
2299 567 2430 621 nihil
2469 567 2804 636 quueretur,
2857 567 3038 623 tacitis
3097 568 3353 638 suspiriis
3376 570 3494 626 suis

1916 653 2205 709 Dominum
2232 657 2534 727 appellans,
2561 660 2850 715 exauditus
2878 660 3041 716 fuerit
3075 676 3105 716 a
3145 663 3374 718 Domino
3406 663 3488 719 di-

1913 755 2102 800 cente:
2137 746 2277 812 Quid
2305 748 2511 804 clamas
2537 753 2604 805 ad
2635 752 2759 806 me?

1997 836 2113 892 Mos
2157 840 2301 893 enim
2347 849 2430 896 est
2487 841 2825 899 demonihos
2855 845 3166 900 orationum
3222 855 3488 917 tempore,

1909 937 2174 999 praetextu
2206 931 2413 986 scllicet
2447 933 2602 988 bonae
2631 945 2685 990 et
2713 936 2877 1004 iusta:
2899 951 3097 1004 causa,
3127 955 3320 1009 urgere
3381 955 3486 995 nos

1911 1021 1978 1098 ad
2018 1035 2316 1090 secessum,
2355 1032 2412 1079 ut
2438 1039 2539 1080 nos
2573 1040 2605 1079 a
2642 1027 2870 1083 salutari
2907 1032 3156 1085 oratione
3195 1032 3358 1086 veluti
3393 1049 3488 1103 per

1911 1110 2271 1181 probabilem,
2307 1123 2366 1168 nt
2398 1114 2568 1171 videri
2596 1127 2791 1185 potest,
2831 1133 3048 1175 causam
3082 1123 3376 1178 abducant.

1997 1201 2060 1258 S.
2087 1201 2363 1274 C/irysost.
2395 1205 2640 1277 Magnum
2670 1208 2873 1264 bonum
2914 1219 3000 1265 est
3027 1215 3222 1278 oratio,
3254 1213 3301 1268 si
3332 1224 3488 1284 grato

1909 1295 2097 1351 animo
2129 1297 2244 1353 liat.

1980 1385 2118 1443 Nam
2144 1403 2269 1444 cum
2301 1405 2363 1445 ex
2392 1391 2546 1461 puris
2580 1390 2737 1448 labiis
2770 1395 2952 1463 prodit
2994 1397 3170 1453 oratio
3227 1406 3282 1453 et
3321 1401 3484 1454 corde

1909 1493 2017 1534 non
2087 1479 2386 1550 simulato,
2429 1497 2674 1540 severam
2727 1486 2942 1542 Domini
2998 1502 3188 1544 aurem
3217 1504 3488 1561 occupare

1907 1580 2105 1642 potest.

1986 1663 2197 1720 Bonum
2249 1675 2336 1724 cst
2383 1682 2598 1738 semper
2647 1685 2772 1727 cum
2813 1671 2925 1730 Deo
2956 1673 3193 1745 colloqui
3231 1691 3328 1746 per
3359 1690 3482 1730 ora-

1905 1754 2132 1812 tionem.
2157 1757 2294 1813 Nam
2339 1759 2386 1815 si
2419 1761 2545 1816 boni
2573 1763 2673 1817 viri
2703 1778 2972 1822 occursus
2999 1767 3280 1822 meliorem
3307 1767 3484 1822 reddit

217 1868 399 1915 νοντα,
434 1852 585 1922 πόσῳ
617 1851 821 1922 μᾶλλον
846 1853 908 1906 τὸ
933 1855 1026 1908 καὶ
1075 1856 1134 1909 ἐν
1177 1856 1367 1929 ήμέρᾳ
1419 1856 1511 1910 καὶ
1541 1857 1600 1912 ἐν
1635 1856 1793 1910 νυκτὶ
1827 1845 1838 1900 1

1911 1846 2049 1901 illum
2101 1864 2264 1918 quem
2313 1853 2652 1924 convenerit,
2693 1865 2902 1926 quanto
2934 1857 3109 1929 magis
3149 1859 3481 1930 colloquium

217 1944 572 2015 προσομιλεῖν
601 1942 680 2015 τῷ
713 1944 832 2017 Θεῷ
856 1962 872 2008 ;

289 2037 405 2107 Ούχ
456 2036 628 2101 οὕτως
679 2037 740 2090 τὸ
793 2036 906 2110 πῦρ
955 2037 1050 2093 τὸν
1097 2038 1175 2092 ἱὸν
1231 2039 1568 2112 ἀποσμήχει,
1606 2039 1684 2104 ὡς
1741 2040 1834 2094 oti-

217 2128 537 2199 νυκτεριναὶ
567 2128 782 2200 δεήσεις
828 2129 923 2183 τὶν
963 2127 1039 2182 ίὸν
1067 2130 1178 2184 τῶν
1218 2129 1506 2202 ἡμετέρων
1549 2119 1804 2202 ἁμαρτη-

223 2221 431 2294 μάτων.

305 2309 566 2364 Ἐνώπιον
607 2313 810 2381 Κυρίου
850 2310 1068 2383 εὔχεται
1097 2313 1125 2365 ὁ
1169 2310 1437 2365 πάλτοθεν
1473 2310 1672 2366 ἑαυτοῦ
1703 2311 1802 2384 τὴν

219 2399 399 2475 ψυχὴν
443 2404 734 2473 συλλέγων,
765 2407 858 2459 καὶ
899 2406 1066 2476 μηδὲν
1111 2403 1256 2475 ἔχων
1304 2405 1489 2459 κοινὸν
1537 2406 1673 2477 πρῦς
1702 2405 1802 2476 τὴν

220 2500 346 2566 γῆν,
373 2495 508 2551 ἀλλὰ
542 2497 676 2567 πρὸς
710 2496 904 2552 ἑαυτὸν
953 2497 1306 2569 μετοικήσας,
1348 2497 1445 2552 καὶ
1491 2499 1670 2553 πάντα
1710 2499 1802 2552 ἁν-

222 2587 492 2661 θρώπινον
528 2587 788 2661 λογισμὸν
821 2589 930 2643 ἀπὸ
965 2590 1064 2661 τῆς
1100 2589 1280 2661 ψυχῆς
1311 2586 1586 2646 ἐκϐαλών.

298 2699 477 2756 Ὅπου
534 2701 669 2771 εὐχὴ
717 2702 814 2754 καὶ
866 2701 1208 2773 εὐχαριστία,
1261 2702 1420 2771 ἁγίου
1480 2701 1800 2772 Πνεύματος

223 2797 587 2868 παραγίνεται
613 2795 792 2866 χάρις,
830 2796 925 2848 καὶ
969 2793 1386 2876 φυγαδεύοντακ
1401 2793 1678 2862 δαίμονες,
1705 2795 1800 2849 καὶ

225 2890 375 2944 πᾶσα
404 2888 761 2959 ἀντικειμένη
795 2885 1022 2957 δύναμις
1063 2886 1394 2960 δραπετεύει
1429 2886 1528 2942 καὶ
1568 2886 1805 2958 ἀφίσταο

223 2999 338 3040 ται.

295 3098 581 3170 Προσευχὴ
611 3095 831 3166 λέγεται
854 3096 950 3152 καὶ
971 3096 1006 3168 ή
1031 3096 1118 3152 διὰ
1140 3095 1404 3169 ῥημάτων
1443 3095 1654 3167 δέησις,
1711 3093 1803 3148 λέ-

1904 1939 2049 2009 quod
2079 1941 2195 1997 dies
2221 1951 2518 2015 noctesque
2541 1961 2666 2002 cum
2694 1947 2804 2004 Deo
2825 1949 2917 2004 fit?

1978 2030 2124 2102 Ignis
2172 2047 2282 2090 non
2319 2037 2392 2092 ita
2426 2039 2688 2109 abstergit
2744 2043 3064 2112 aeruginem,
3095 2053 3154 2100 ut
3200 2055 3484 2103 nocturna:

1903 2137 2094 2194 preces
2119 2135 2468 2197 peccatorum
2499 2139 2819 2189 nostrorum
2854 2137 3052 2192 sordes
3075 2145 3404 2209 expurgant.

1993 2301 2186 2358 Coram
2222 2303 2452 2362 Domino
2503 2317 2651 2375 ora',
2693 2310 2785 2380 qui
2832 2313 3070 2367 animam
3115 2329 3268 2368 suam
3301 2314 3476 2370 unde-

1904 2407 2119 2464 quaque
2157 2396 2383 2464 colligit,
2419 2407 2474 2455 et
2521 2401 2655 2456 nihil
2703 2415 2996 2458 commune
3027 2405 3186 2460 habet
3216 2423 3338 2461 cum
3371 2417 3478 2463 ter-

1907 2499 1990 2552 ra,
2021 2487 2114 2542 sed
2145 2487 2287 2543 intra
2315 2489 2560 2560 seipsum
2591 2492 2812 2563 migrat,
2844 2503 2902 2551 et
2938 2510 3154 2552 omnem
3187 2499 3480 2554 humanam

1905 2575 2294 2645 cogitationem
2331 2597 2396 2637 ex
2427 2583 2609 2638 anima
2640 2586 2810 2657 ejicit.

1985 2691 2090 2748 Ubi
2130 2695 2307 2751 oratio
2339 2705 2392 2752 et
2423 2699 2723 2768 gratiarum
2763 2703 2906 2758 actio
2953 2713 3058 2770 est,
3092 2707 3268 2762 sancti
3306 2706 3484 2778 Spiri-

1906 2792 1994 2840 tus
2021 2787 2194 2856 gratia
2219 2789 2453 2856 accedit,
2489 2800 2541 2846 et
2570 2792 2828 2864 fugantur
2859 2795 3160 2866 daemones,
3197 2810 3252 2856 et
3299 2803 3483 2859 omnis

1905 2878 2180 2934 contraria
2211 2883 2448 2950 potentia
2476 2882 2690 2956 aufugit
2720 2902 2785 2944 ac
2822 2888 3073 2946 discedit.

1982 3084 2268 3154 Προσευχή
2313 3083 2519 3142 Graecis
2565 3098 2810 3156 vocatur,
2856 3099 2972 3146 tum
3007 3108 3129 3162 quae
3182 3095 3366 3154 verbis
3421 3098 3480 3154 lit

227 3207 385 3261 γεται
419 3189 517 3244 καὶ
552 3191 586 3261 ή
617 3189 913 3258 ὑπόσχεσις
938 3189 1032 3242 καὶ
1053 3187 1381 3258 ἐπαγγελία.
1407 3186 1628 3299 ΕύηεόςΙ
1649 3188 1801 3242 ἐστιν
1831 3249 1838 3290 1

1911 3176 2086 3232 oratio
2137 3177 2222 3232 vel
2273 3178 2534 3248 precatio,
2568 3188 2682 3234 tum
2715 3182 3030 3250 pollicitatio
3088 3196 3144 3241 et
3165 3188 3481 3257 promissio.

1912 3266 2121 3299 Rnnnno
2155 3277 2235 3299 nol
2271 3269 2356 3299 “In
2408 3285 2509 3299 κη-
2544 3282 2590 3299 ,ιι
2627 3287 2799 3299 ...υ-..Α
2847 3289 2872 3299 ..
2897 3276 2909 3299 I
2953 3277 3079 3299 Δηυξ.
3102 3293 3190 3299 --.Α
3235 3296 3293 3299 ,η
3321 3281 3378 3299 ιε.
3443 3298 3448 3299 ,

226 3282 410 3353 ἐκείνη
440 3282 474 3353 ή
509 3280 684 3352 φωνὴ,
713 3280 811 3334 καὶ
846 3279 1013 3352 μέχρι
1060 3279 1164 3350 τῆς
1213 3279 1366 3346 θείας
1426 3266 1838 3334 ἀναὸαίνουσα’

1911 3266 2121 3321 Sonora
2154 3277 2239 3324 est
2271 3269 2360 3324 illa
2408 3285 2512 3325 vox
2542 3282 2596 3326 et
2627 3287 2801 3344 usque
2845 3276 2911 3329 ad
2949 3277 3194 3334 divinum
3231 3281 3478 3337 auditunt

229 3373 421 3444 ἀκοῆς,
449 3375 548 3444 οὐχ
576 3374 610 3446 ή
649 3373 787 3444 μετά
831 3389 978 3436 τινος
1010 3372 1312 3436 διατάσεως
1339 3372 1601 3442 γινομένη
1635 3388 1805 3443 κραυ-

229 3467 321 3538 γὴ,
352 3466 539 3538 ἀλλ’,ή
581 3466 689 3521 ἀπὸ
734 3465 985 3538 καθαρᾶς
1041 3465 1400 3536 συνειδήσεως
1449 3465 1802 3537 ἀναπταμένη

228 3555 547 3630 ἑνθύμησις.

311 3675 439 3728 Ἐὰν
470 3676 504 3746 ή
543 3674 676 3746 εὐχὴ
704 3675 769 3745 τῇ
823 3673 1027 3746 σπουδῇ
1083 3673 1516 3745 προσηγῆται,ἡ
1556 3670 1802 3742 ἁμαρτία

228 3767 462 3839 πάροδον
489 3768 627 3822 κατὰ
654 3768 755 3840 τῆς
788 3767 968 3839 ψυχῆς
997 3767 1098 3839 οὐχ
1126 3766 1394 3836 εὑρίσκει.
1422 3765 1534 3835 Τῆς
1565 3764 1675 3834 γὰρ
1705 3761 1802 3816 τοῦ

229 3861 365 3916 Θεοῦ
403 3861 623 3933 μνήμης
653 3861 712 3914 ἐν
739 3861 805 3930 τῇ
838 3858 1036 3929 καρδίᾳ
1067 3858 1499 3929 καθιδρυμένης,
1527 3857 1805 3927 ἄπρακτοι

166 3986 180 3994 -
231 3956 483 4024 μένουσιν
536 3953 590 4006 αί
634 3951 728 4006 τοῦ
777 3950 1165 4022 ἀντικειμένου
1221 3952 1482 4015 ἐπίνοιαι,
1521 3945 1804 4017 πανταχοῦ

227 4046 326 4116 τῆς
371 4044 720 4114 δικαιοσύνης
771 4043 830 4098 ἐν
888 4045 1001 4106 τοῖς
1058 4040 1600 4112 ἀμφισϐητουμένοις
1649 4055 1804 4110 μεσι-

226 4155 283 4192 τε
292 4138 510 4208 νούσης.

305 4253 403 4307 Ἐκ
444 4251 538 4306 τοῦ
589 4251 988 4324 προσεύχεσθαι
1027 4249 1369 4322 περιγίνεται
1419 4251 1481 4302 τὸ
1522 4247 1664 4318 μετὰ
1707 4245 1803 4300 τοῦ

227 4343 364 4398 Θεοῦ
393 4342 570 4398 εἶναι’
613 4343 907 4415 χωρίζεται
951 4343 1008 4398 δέ
1038 4343 1131 4396 τοῦ
1172 4338 1308 4396 Θεοῦ
1339 4342 1367 4395 ὁ
1405 4339 1481 4412 μὴ
1512 4339 1805 4395 συνάπτων

226 4432 418 4486 ἐαυτὸν
459 4433 545 4487 διὰ
574 4436 884 4504 προσευχῆς
921 4432 999 4503 τῷ
1039 4431 1180 4502 Θεῷ.
1212 4429 1321 4485 Τοῦ
1366 4433 1426 4487 δέ
1459 4429 1598 4485 Θεοῦ
1628 4446 1802 4502 χωριο

227 4523 451 4592 ζὸμενον
481 4523 695 4596 ἀνάγκη
732 4525 883 4578 πᾶσα
909 4523 987 4594 τῷ
1016 4521 1244 4592 ἐναντίῳ
1276 4519 1673 4574 συνάπτεσθαι.

298 4631 586 4704 Προσευχὴ
633 4631 990 4702 σωφροσύνης
1040 4630 1160 4684 ἐστὶ
1212 4629 1607 4701 φυλακτήριον,
1661 4645 1805 4700 παρ⁶

226 4726 440 4791 θενείας
489 4727 752 4796 σφραγὶς,
793 4723 968 4794 θυμοῦ
1005 4723 1372 4793 παιδαγωγία,
1407 4722 1577 4790 τύφου
1630 4738 1805 4775 κατα-

228 4817 411 4885 στολὴ,
448 4815 812 4888 μνησικακίας
856 4813 1411 4886 καθάρσιον,“φθόνου
1457 4810 1804 4880 καθαίρεσις,

226 4907 450 4978 εἰρήνης
488 4906 778 4976 ἀσφάλεια.

326 5028 470 5076 υταν
495 5022 624 5093 περί
650 5037 796 5084 τινος
843 5019 1053 5090 ἀγαθοῦ
1089 5018 1482 5091 παρακαλέσῃς
1524 5015 1616 5070 τὸν
1649 5014 1808 5082 Θεὸν,

228 5118 322 5172 καὶ
372 5117 446 5188 μὴ
486 5116 782 5187 εἰσακούσῃ
815 5133 908 5170 σου
959 5114 1296 5186 παραυτίκα,
1335 5113 1412 5184 μὴ
1463 5111 1808 5182 ὀλιγωρήσῃς

231 5205 370 5277 μηδὲ
411 5207 849 5278 μικροψυχήσῃς.
883 5204 1152 5268 Πολλάκις
1181 5203 1292 5275 γὰρ
1332 5201 1473 5273 πρὸς
1525 5199 1588 5253 τὸ
1628 5197 1810 5268 stapr

229 5299 291 5352 οὑ
326 5299 596 5371 συμφέρει
621 5315 706 5352 σοι
737 5299 800 5352 τὸ
833 5297 1063 5368 αἴτημα.

194 5393 224 5459 δ
302 5409 409 5465 Τὸν
432 5411 728 5482 εὐχόμενον
755 5409 838 5462 δεῖ
865 5409 1129 5480 φρόνιμον
1157 5423 1321 5476 ειναι,
1355 5402 1432 5478 μὴ
1459 5402 1598 5474 λάθῃ
1633 5419 1684 5456 τι
1721 5400 1812 5454 εύ-

232 5504 468 5574 ξάμενος
505 5506 627 5557 κατ’
658 5502 850 5560 αὑτοῦ.

305 5618 370 5672 Oi
413 5617 691 5689 ἄνθρωποι
740 5618 862 5672 τότε
899 5618 1140 5688 γίνονται
1185 5615 1452 5687 βελτίους,
1505 5613 1637 5668 ὅταν
1694 5609 1814 5681 Θεῷ

237 5710 669 5780 προσέρχωνται.
695 5711 924 5783 Ὅμοιον
949 5711 1005 5767 δέ
1044 5709 1230 5782 ἔχουσι
1259 5706 1380 5776 Θεῷ
1413 5707 1472 5762 τὸ
1503 5706 1816 5777 εὐεργετεῖν

238 5804 332 5859 καὶ
353 5803 670 5874 ἀληθεύειν.

1907 3355 2228 3420 ascendens,
2278 3373 2386 3412 non
2413 3373 2535 3429 quae
2563 3361 2678 3432 86
2709 3378 2834 3417 cum
2866 3365 3127 3423 clamoris
3171 3369 3354 3440 aliqua
3388 3373 3476 3425 iu-

1909 3447 2150 3502 tentione
2172 3448 2252 3515 ﬁt,
2275 3450 2368 3505 sed
2392 3465 2514 3521 quae
2547 3467 2643 3523 per
2674 3455 3024 3513 conscientize
3057 3474 3209 3530 pune
3251 3462 3487 3518 medita-

1912 3541 2114 3595 tionem
2145 3543 2380 3597 excitatu
2391 3557 2438 3597 r.

1995 3650 2050 3708 Si
2080 3656 2256 3710 oratio
2288 3655 2436 3712 feriae
2469 3657 2777 3716 assiduitati
2806 3662 3050 3730 accedat,
3081 3666 3264 3723 nullus
3283 3684 3487 3740 pecca-

1909 3755 1964 3800 to
1992 3747 2058 3801 ad
2099 3749 2338 3804 animam
2385 3764 2640 3809 accessus
2686 3763 2851 3824 patet.
2893 3754 3172 3814 Collocata
3210 3761 3356 3816 enim
3391 3763 3489 3822 Dei

1907 3839 2171 3894 memoria
2201 3841 2252 3895 in
2285 3842 2473 3911 corde,
2502 3843 2637 3899 nihil
2665 3845 2824 3902 ellicit
2850 3849 3118 3904 machinis
3149 3852 3263 3908 suis
3285 3854 3490 3909 adver-

1907 3934 2116 4000 sarius,
2153 3932 2369 4004 justitia
2416 3935 2472 3991 in
2519 3939 2776 3996 omnibus
2829 3939 2897 3996 de
2936 3943 3137 4014 quibus
3187 3947 3491 4019 ambigitur

1908 4027 2079 4081 facem
2108 4031 2454 4099 praeferente.

1981 4227 2240 4286 Oratione
2283 4233 2586 4303 acquiritur
2612 4238 2962 4295 conversatio
3014 4239 3132 4309 Dei,
3179 4244 3495 4317 sejungitur

1907 4330 2088 4377 autem
2115 4338 2146 4376 a
2167 4321 2300 4389 Deo,
2325 4325 2420 4394 qui
2446 4340 2555 4380 non
2590 4341 2650 4382 se
2678 4330 3025 4395 conjunxerit
3067 4335 3117 4389 ei
3149 4350 3245 4404 per
3282 4341 3492 4394 oratin-t

1908 4429 2052 4468 nem.
2087 4413 2190 4482 Qui
2227 4430 2352 4471 vero
2372 4427 2653 4488 separatur
2689 4434 2719 4474 a
2771 4420 2903 4487 Deo,
2935 4423 3090 4480 illum
3131 4442 3356 4496 prorsus
3390 4448 3492 4488 ne-

1835 4537 1882 4598 D
1910 4517 2062 4560 cesso
2087 4516 2172 4559 est
2199 4505 2511 4561 adversario
2543 4510 2822 4583 conjungi.

1965 4617 2153 4676 Oratio
2179 4620 2430 4677 custodia
2472 4632 2558 4679 est
2597 4626 2994 4695 temperantiae,
3025 4628 3356 4701 virginitatis
3404 4635 3480 4690 si-

1908 4710 2118 4780 gillum,
2151 4713 2249 4768 irae
2278 4715 2588 4786 castigatio,
2616 4718 2894 4787 superbiae
2929 4721 3252 4789 moderatio,
3283 4724 3490 4782 anima)

1908 4808 2171 4864 memoris
2219 4808 2543 4878 iniuriarum
2604 4813 2870 4884 expiatio,
2920 4815 3144 4872 invidiae
3177 4819 3482 4891 dentolitio,

1910 4903 2059 4969 picis
2079 4899 2443 4957 conﬁrmatio.

1982 5011 2120 5067 Nili.
2153 5011 2383 5080 Quando
2410 5015 2613 5072 bonum
2645 5017 2865 5089 aliquod
2901 5036 2928 5074 a
2965 5020 3072 5076 Deo
3105 5024 3352 5092 petieris,
3389 5041 3490 5081 nec

1913 5106 2004 5162 ille
2037 5117 2087 5162 te
2117 5108 2302 5161 Statim
2331 5109 2585 5177 audierit,
2618 5111 2728 5166 noli
2786 5113 3020 5181 teipsum
3065 5117 3357 5187 negligere,
3388 5135 3489 5174 nec

1913 5198 2160 5254 animum
2199 5197 2458 5269 dejicere.
2487 5200 2872 5272 Saepenumero
2895 5206 3042 5263 enim
3067 5223 3178 5265 non
3225 5212 3485 5268 conducit

1915 5289 2014 5345 tihi
2047 5299 2136 5345 tua
2162 5293 2355 5361 petitio
2387 5294 2451 5348 ad
2486 5309 2727 5364 praesens
2753 5304 2990 5368 tempus.

1997 5404 2274 5462 Isocratis.
2326 5406 2583 5465 Orantem
2635 5421 2849 5481 oportet
2883 5429 3098 5485 sapere,
3141 5432 3209 5474 ne
3240 5418 3368 5489 quid
3403 5418 3497 5476 in-

1917 5497 2068 5552 scius
2102 5507 2290 5552 contra
2333 5499 2576 5570 seipsum
2603 5509 2742 5560 oret.

2002 5610 2263 5668 llomincs
2317 5623 2448 5670 tunc
2499 5615 2636 5671 liunt
2671 5616 2944 5687 meliores,
2973 5635 3096 5675 cum
3142 5619 3310 5677 Deum
3343 5637 3499 5679 προσ·

1919 5702 2324 5762 (ίυιιι.’11ιιι›οιιι
2353 5716 2532 5763 autem
2582 5707 2784 5766 similia
2815 5710 2944 5778 Deo,
2974 5712 3388 5794 beneﬁcentiam
3438 5725 3494 5773 ot

1925 5797 2226 5852 veritatem.
