4038 6406
226 395 343 469 929,

1052 360 1224 455 Lucr
1267 392 1710 458 conum-es.
1753 420 1823 432 -
1854 393 2053 454 PARS
2082 392 2132 458 I.
2175 391 2432 453 SERPdO
2477 392 2686 454 xux.

3390 389 3496 452 £30

295 514 463 570 Οὐδὲν
490 509 681 583 ὄφελος
708 509 1094 582 κατηχήσεως,
1123 510 1255 563 ὅταν
1287 512 1318 581 ἡ
1348 508 1440 563 ait:
1487 510 1595 565 τῶν
1625 509 1805 580 ἔργων
1836 517 1874 571 Α

1977 505 2294 577 Nihiljuvat
2325 504 2593 561 institutio
2616 501 2800 565 verbis
2832 499 2997 564 facta,
3027 499 3132 556 nisi
3164 500 3338 571 ipsius
3365 517 3499 573 0pc-

230 605 493 671 ἐπίδειξις
529 605 604 676 μὴ
638 603 913 673 συμδαίνῃ
940 604 1051 663 τοῖς
1081 601 1419 672 λεγομένοις.
1520 612 1534 629 λ

303 699 604 770 Βουλοίμην
648 699 694 750 δ’
733 699 801 753 ἂν
849 696 962 765 ἐγὼ
1012 697 1120 750 τῶν
1165 694 1389 764 ἀγαθῶν
1439 712 1494 748 τι
1540 695 1812 765 λεγόντων

228 790 450 877 ἀκούειν
483 789 705 858 μᾶλλον,
733 790 767 859 ἢ
796 789 975 859 λέγειν
1003 788 1188 851 αὐτός.

298 880 564 951 Περισσὸς
608 882 716 943 πᾶς
762 880 924 946 λόγος
965 878 1102 949 πρὸς
1135 877 1445 948 διόρθωσιν,
1477 879 1607 931 ὅταν
1636 879 1671 948 ἡ
1699 877 1812 931 τῶν

227 973 534 1026 ἀκουόντων
568 974 709 1046 πρὸς
732 974 789 1027 τδ
823 977 1009 1043 χεῖρον
1043 972 1273 1025 νεύουσα
1302 972 1508 1042 σπουδὴ
1533 973 1644 1037 τοῖς
1670 969 1812 1042 μετά

231 1062 545 1136 συμϐουλὴν
570 1064 889 1133 λεγομένοις
921 1062 1182 1126 ἐναντίως
1207 1063 1507 1118 διάκειται.

294 1241 642 1309 Κατόπτροις
671 1240 916 1294 ἐοίκασιν
946 1242 997 1295 oi
1030 1240 1202 1310 λόγοι,
1236 1241 1332 1296 καὶ
1351 1239 1543 1313 ὥσπερ
1570 1241 1628 1294 ὲν
1667 1239 1813 1294 ὲκεί-

229 1351 344 1396 νοις
390 1336 418 1387 ό
468 1331 563 1386 τοῦ
602 1335 854 1403 σώματος
901 1334 996 1387 καὶ
1038 1334 1139 1403 τῆς
1187 1335 1406 1404 μορφῆς
1451 1330 1812 1402 ἐμφανίζεται

229 1422 422 1489 τύπος,
455 1422 630 1484 οὕτως
675 1423 734 1475 ἐν
775 1425 895 1486 ταῖς
940 1423 1181 1492 ὁμιλίαις
1210 1422 1272 1477 τὸ
1302 1423 1401 1493 τῆς
1437 1421 1618 1493 ψυχῆς
1669 1417 1813 1486 εἶδος

229 1516 778 1588 χαρακτηριζόμενον
801 1516 1129 1587 καθορᾶται.

298 1609 431 1662 Τότε
455 1611 610 1663 ἀνύει
633 1608 968 1674 διδάσκαλος,
996 1610 1089 1662 καὶ
1116 1607 1432 1663 πιστεύεται
1462 1607 1657 1678 λέγων,
1682 1608 1812 1662 ὅταν

229 1704 323 1772 ἀφ’
365 1696 442 1757 ὧν
491 1705 722 1776 πράττει
754 1705 1009 1777 παιδεύῃ,
1039 1703 1183 1758 κατά
1218 1703 1279 1758 τό
1304 1719 1320 1736 ⁸
1367 1722 1388 1757 ι
1418 1698 1521 1757 Ὧν
1550 1702 1753 1774 ἧρξατο
1782 1703 1812 1755 ὁ

241 1796 449 1866 Ἰησοῦς
491 1800 667 1852 ποιεῖν
693 1816 750 1852 τε
782 1800 876 1852 καὶ
908 1798 1238 1853 διδάσκειν.»

1916 599 1994 655 ris
2021 598 2287 657 exhibitio
2322 598 2487 654 dictis
2527 596 2769 653 accedat.
2933 652 2951 668 _

1987 691 2141 763 Greg.
2180 690 2409 762 Nyssen.
2450 691 2632 746 Malim
2685 688 2942 760 equidem
3004 687 3196 744 audire
3251 687 3497 744 dicentes

1913 786 2117 856 aliquid
2152 784 2304 845 boni.
2334 800 2498 856 quam
2531 785 2643 854 ipse
2668 783 2871 838 dicere.

1987 877 2127 932 Nili.
2167 876 2390 933 Frustra
2426 876 2775 932 insumuntur
2804 875 2987 931 omnia
3020 877 3180 931 verba
3216 876 3281 932 ad
3307 892 3495 933 cmen-

1914 969 2217 1038 dationem,
2250 969 2474 1040 quando
2506 969 2723 1023 animus
2755 968 3096 1023 audientium
3125 974 3191 1025 ad
3222 971 3493 1025 deteriora

1916 1064 2215 1128 inclinans,
2246 1063 2582 1118 contrarium
2604 1064 2939 1120 consultoris
2985 1064 3227 1119 sermoni
3272 1065 3498 1119 institu-

1917 1164 2029 1210 tum
2057 1155 2243 1209 habet.

1992 1244 2169 1301 Photii
2198 1244 2543 1313 patriarchw.
2578 1243 2810 1313 Speculo
2860 1243 3057 1300 similis
3104 1254 3189 1300 est
3215 1260 3417 1310 so-rmo,
3447 1252 3501 1299 et

1917 1339 2062 1395 sicut
2111 1338 2166 1392 in
2198 1338 2307 1391 illis
2349 1347 2769 1419 repraesentetur
2803 1337 3011 1406 species
3034 1338 3279 1405 corporis
3307 1348 3363 1391 et
3392 1339 3501 1391 for-

1914 1444 2040 1494 mae,
2074 1428 2150 1483 ita
2177 1428 2230 1483 in
2252 1426 2544 1498 colloquiis
2562 1426 2768 1481 anima:
2789 1425 2967 1481 forma
3000 1441 3256 1497 expressa
3283 1429 3502 1498 conspi-

1918 1523 2086 1577 citur.

1989 1613 2232 1685 Didymi.
2271 1614 2410 1669 Tum
2441 1612 2658 1685 proiicit
2685 1611 2968 1683 magister,
2995 1621 3050 1667 et
3082 1611 3242 1666 ﬁdem
3270 1610 3500 1667 dicendo

1916 1702 2069 1770 facit,
2093 1720 2221 1761 cum
2254 1706 2373 1761 suis
2400 1704 2667 1776 operibus
2713 1705 2893 1772 docet,
2919 1703 3072 1773 juxta
3104 1703 3275 1759 illud:
3323 1722 3341 1754 ι
3370 1701 3503 1769 Quae

1914 1800 2081 1868 erepit
2108 1798 2271 1855 Jcsus
2290 1797 2467 1852 facere
2488 1807 2543 1853 et
2572 1803 2789 1852 docere.
2822 1815 2842 1850 ι

290 1889 423 1953 Bia;
446 1891 576 1944 ἄνευ
607 1891 768 1961 λόγου
811 1892 1015 1963 μᾶλλον
1048 1892 1281 1962 ὠφελεῖν
1310 1891 1563 1960 πέφυκεν
1591 1891 1625 1962 ἢ
1652 1890 1810 1959 λόγος
1843 1874 1874 1931 Ε

1986 1886 2187 1946 Isidori
2220 1889 2530 1946 Pelusiotae.
2571 1888 2691 1943 Vita
2720 1890 2839 1945 sine
2872 1905 3129 1946 sermone
3158 1890 3277 1958 plus
3307 1888 3502 1961 juva'e

228 1979 356 2034 ἄνευ
394 1980 512 2051 βίου
540 1997 553 2012 ο
597 1981 626 2033 ὁ
660 1982 760 2052 μὲν
792 1983 898 2053 γὰρ
926 1984 1022 2037 καὶ
1072 1982 1244 2050 σιγῶν
1273 1981 1496 2052 ὠφελεῖ,
1529 1984 1557 2035 ὁ
1583 1980 1640 2035 δὲ
1670 1979 1812 2052 βοῶν

229 2073 459 2144 ἐνοχλεῖ.
492 2072 552 2127 El
589 2075 646 2127 δὲ
675 2075 768 2128 καὶ
791 2074 950 2144 λόγος
991 2074 1087 2128 καὶ
1129 2073 1246 2142 βίος
1281 2074 1634 2146 συνδράμειε,
1663 2073 1816 2142 φιλο-

232 2166 424 2235 σοφίας
457 2166 679 2236 ἀπάσης
717 2166 1144 2222 ἀποτελέσουσιν
1179 2167 1428 2239 ἄγαλμα.

306 2347 520 2416 Πρᾶττε
548 2344 809 2415 λογικῶς,
841 2346 935 2401 καὶ
962 2346 1089 2416 λέγε
1120 2345 1470 2418 πρακτικῶς.

314 2441 550 2497 Ἐσθλῶν
586 2441 685 2512 μὲν
717 2440 827 2510 γὰρ
871 2440 968 2496 ἀπ’
1002 2438 1169 2494 ἐσθλὰ
1211 2439 1484 2507 διδάξεαι·
1520 2439 1586 2494 ἂν
1626 2439 1683 2494 δὲ
1714 2457 1814 2495 κα·-

1574 2528 1745 2605 [κοῖσι

386 2627 459 2680 Συ
467 2628 703 2698 μμιγῇς,
732 2625 955 2690 ἀπολεῖς
984 2625 1081 2681 καὶ
1107 2626 1204 2679 τὸν
1234 2625 1396 2680 ἐόντα
1415 2624 1555 2680 νόον.

301 2721 383 2775 Τὰ
428 2720 528 2791 μὲν
559 2721 669 2791 γὰρ
712 2718 942 2791 σώματα
989 2721 1104 2783 τοῖς
1150 2720 1493 2790 συμμέτροις
1544 2717 1751 2784 πόνοις,
1777 2716 1812 2787 ἡ

230 2815 288 2869 δὲ
331 2814 481 2889 ψυχὴ
518 2819 634 2881 τοῖς
671 2816 985 2881 σπουδαίοις
1017 2814 1203 2884 λόγοις
1246 2811 1512 2878 αὔξεσθαι
1541 2812 1808 2881 πέφυκεν.

308 2900 410 2964 Ἔν
442 2908 541 2979 μὲν
586 2910 700 2972 τοῖς
739 2908 1029 2981 ἐσόπτροις
1072 2909 1102 2961 ό
1137 2907 1238 2977 τῆς
1270 2905 1468 2976 ὅψεως,
1515 2906 1576 2958 ὲν
1603 2905 1660 2959 δὲ
1690 2906 1813 2968 ταῖς

231 3000 470 3070 ὁμιλίαις
504 3000 533 3053 ό
560 3000 664 3072 τῆς
692 2998 872 3072 ψυχῆς
903 2998 1192 3072 χαρακτὴρ
1217 2997 1500 3070 βλέπεται.

317 3092 407 3146 Ἐν
445 3091 690 3165 συλλόγῳ
717 3092 936 3162 πρῶτος
978 3092 1158 3161 λέγειν
1190 3090 1266 3164 μὴ
1309 3091 1618 3162 ἑπιτήδευε.
1651 3090 1811 3144 Μετὰ

228 3184 338 3259 γὰρ
366 3184 618 3250 πλείονας
640 3185 839 3255 λέγων,
855 3185 978 3257 ὕψει
1003 3184 1205 3257 μᾶλλον
1224 3184 1296 3238 τὰ
1323 3184 1699 3254 συμφέροντα.

299 3358 366 3412 Ai
400 3356 501 3429 μὲν
529 3356 800 3429 χελιδόνες
844 3355 1028 3412 εὐδίαν
1055 3356 1188 3427 ἡμῖν
1223 3352 1720 3427 προσημαίνουσιν,
1762 3352 1815 3407 οἱ

228 3450 287 3505 δὲ
321 3451 384 3504 ὲκ
410 3451 729 3522 φιλοσοφίας
754 3452 906 3521 λόγοι
934 3449 1194 3506 ἀλυπίαν.

297 3634 462 3691 Μισῶ
493 3634 759 3707 πονηρὸν,
786 3633 1025 3706 χρηστὸν
1059 3632 1190 3688 ὅταν
1221 3630 1354 3704 εἴπῃ
1383 3630 1563 3700 λόγον.

297 3731 381 3784 Τὰ
411 3724 530 3785 ὦτά
575 3747 672 3784 σου
707 3731 785 3801 μὴ
831 3730 1000 3783 πᾶσιν
1046 3726 1215 3799 ὕπεχε
1244 3726 1451 3798 λόγοις.
1491 3726 1670 3799 Λόγος
1701 3727 1813 3801 γὰρ

228 3823 396 3887 κακὸς
429 3823 617 3878 κακῶν
646 3822 823 3895 ἔργων
848 3821 1100 3896 ἡγεμών.

298 3915 443 3968 Ἴσον
489 3914 671 3968 ἐκεῖνο
702 3912 836 3986 παρ’
873 3916 1001 3984 ἔμοι
1032 3916 1307 3986 κέκριται,
1338 3911 1590 3969 φοονᾱιν
1619 3929 1682 3967 τε
1724 3906 1812 3980 εὖ,

228 4006 325 4062 καὶ
353 4007 433 4080 τῷ
460 4000 672 4077 λέγοντι
702 4007 920 4078 χρηστὰ
944 4006 1253 4062 πείθεσθαι.

306 4099 683 4172 Αἱρετώτερόν
708 4116 792 4156 σοι
818 4098 963 4154 ἔστω
1010 4099 1161 4155 λίθον
1189 4098 1313 4171 εἰκῆ
1356 4097 1545 4170 βαλεῖν
1574 4098 1609 4172 ἢ
1641 4098 1814 4171 ἀργὸν

227 4195 408 4264 λόγον.
1073 4235 1076 4239 .

309 4288 624 4360 θίνοπίδης,
673 4288 835 4343 ὁποία
888 4289 926 4361 ἡ
986 4289 1151 4360 φύσις
1182 4287 1279 4347 τοῦ
1329 4286 1622 4361 ἀνθρώπου
1668 4286 1808 4355 leti,

227 4379 469 4435 τοιοῦτον
497 4378 739 4451 ἔφασκεν
763 4374 908 4434 εῖναι
936 4381 1149 4435 καὶτὸν
1175 4380 1362 4449 λόγον.

304 4472 585 4546 Ῥωμύλος
612 4473 705 4527 τὸν
735 4471 836 4542 μὲν
868 4471 1112 4542 κέραμον
1139 4472 1205 4524 ἐκ
1241 4468 1336 4525 τοῦ
1365 4469 1537 4523 κόπου
1579 4470 1687 4541 ἔφη
1718 4468 1810 4524 δο-

228 4565 584 4640 κιμάζεσθαι,
610 4566 704 4621 τὸν
732 4563 791 4620 δὲ
819 4564 1110 4636 ἄνθρωπον
1138 4563 1205 4618 ἐκ
1231 4561 1328 4617 τοῦ
1361 4562 1547 4632 λόγου.

314 4655 533 4728 ’Δνδρδς
562 4654 851 4727 χαρακτὴρ
876 4656 939 4709 ὲκ
960 4654 1124 4724 λόγου
1151 4652 1505 4723 γνωρίζεται.

213 4789 217 4794 .
297 4748 376 4805 οὐ
409 4747 622 4803 πώποτ’
652 4747 821 4821 ἔργου
853 4746 1058 4819 μᾶλλον
1085 4744 1317 4816 εἱλόμην
1341 4744 1558 4816 λόγους.

818 4969 1041 5026 ΛΟΓΟΣ
1073 4970 1209 5027 MU.

757 5086 897 5175 ῌερί
930 5087 1279 5157 νουθεσίας.

308 5174 410 5256 Ἴδε
434 5198 597 5272 ὑγιὴς
623 5174 888 5273 γέγονας,
909 5200 1113 5274 μηκιτι
1137 5200 1449 5277 ἁμάρτανε.
1476 5202 1567 5260 ενα
1596 5201 1674 5276 μὴ
1696 5204 1808 5277 χεῖ-

227 5293 320 5367 ρόν
345 5293 400 5347 τί
428 5310 513 5348 σοι
546 5294 781 5364 γίνοιτο.

295 5382 738 5457 Παρακαλοῦμεν
784 5383 954 5456 ὑμᾶς,
980 5382 1255 5455 (ἀδελφοὶ,
1309 5385 1619 5441 νουθετεῖτε
1676 5385 1809 5448 τοὺς

228 5474 514 5544 ἀτάκτους,
543 5474 960 5548 παραμυθεῖσθε
979 5476 1108 5541 τοὺς
1128 5475 1513 5550 ὀλιγοψύχους,
1535 5477 1631 5534 καὶ⁵
1651 5477 1814 5535 ἀντέ-

225 5567 389 5640 χεσθε
413 5568 521 5622 τῶν
545 5567 943 5637 ἀσθενούντων,
970 5567 1388 5641 μακροθυμεῖτε
1408 5570 1546 5640 πρὸς
1576 5567 1808 5634 πάντας.

235 5661 440 5733 Ὁρᾶτε
472 5661 550 5734 μή
600 5678 685 5727 τις
712 5661 884 5718 κακὸν
913 5664 1041 5720 ἀντὶ
1070 5661 1245 5720 κακοῦ
1271 5679 1379 5717 τινι
1415 5660 1625 5735 ἀποδῷ,
1670 5662 1813 5720 ἀλλά

225 5753 462 5809 πάντοτε
486 5754 550 5810 τδ
571 5755 778 5828 ἀγαθὸν
800 5757 1077 5817 διώκετε.·

299 5843 489 5903 Βίαιον
515 5846 619 5921 μὲν
650 5848 762 5923 γὰρ
789 5848 1021 5924 μάθημα
1066 5849 1129 5907 οὐ
1175 5847 1390 5921 πέφυκε
1418 5847 1765 5923 παραμένειν
1788 5867 1808 5887 σ

1919 1990 2118 2054 potest,
2178 1998 2346 2055 quam
2404 1996 2587 2038 sermo
2641 1981 2763 2038 sine
2817 1984 2950 2038 vita.
2977 1981 3095 2038 Vita
3149 1982 3296 2039 enim
3346 1983 3504 2053 juvat

1915 2078 2080 2133 etiam
2133 2078 2328 2147 tacita,
2384 2091 2565 2133 sermo
2594 2084 2776 2131 autem
2814 2076 3056 2131 clamore
3102 2090 3204 2132 suo
3236 2075 3502 2131 nudestus

1915 2181 2023 2226 est.
2057 2169 2217 2238 Quod
2245 2171 2292 2227 si
2322 2184 2508 2227 sermo
2530 2180 2586 2226 et
2616 2169 2724 2225 vita
2749 2170 3103 2235 conveniant,
3134 2171 3300 2225 totius
3329 2170 3503 2240 philo-

1915 2264 2130 2334 sophiae
2157 2263 2519 2319 simulacrum
2551 2262 2862 2333 perﬁcient.

1985 2355 2149 2425 Agite
2181 2369 2306 2409 cum
2339 2369 2622 2422 sermone,
2653 2363 2707 2408 et
2738 2353 2906 2409 dicito
2940 2369 3062 2407 cum
3098 2353 3336 2409 actione.

1991 2444 2330 2517 Tlteognidis.
2387 2445 2432 2501 A
2461 2446 2623 2502 bonis
2649 2445 2850 2501 etenim
2885 2444 3023 2499 bona
3054 2443 3269 2500 disces:
3303 2444 3349 2499 si
3375 2460 3504 2501 vero

3236 2535 3426 2608 [malis

1989 2629 2309 2697 Miscearis,
2367 2631 2590 2687 amittes
2644 2645 2864 2701 quoque
2912 2630 3198 2702 pristinam
3239 2642 3500 2687 mentem.

1987 2719 2230 2792 Corpora
2257 2721 2559 2778 moderatis
2584 2720 2868 2777 laboribus
2886 2722 3074 2792 augeri
3099 2721 3299 2791 solent,
3319 2723 3503 2777 anima

1915 2827 2049 2870 vero
2070 2814 2316 2870 honestis
2349 2813 2697 2870 sermonibus
2733 2813 2968 2883 prolicit.

1979 2904 2041 2961 In
2057 2903 2293 2976 speculis
2317 2904 2537 2975 quidem
2572 2904 2754 2969 faciei,
2800 2905 2853 2960 in
2900 2904 3195 2977 colloquiis
3250 2905 3366 2977 88
3400 2919 3498 2960 au-

1916 3004 2024 3052 tem
2065 2997 2261 3051 animae
2288 2996 2576 3052 character
2606 2996 2846 3052 videtur.

1986 3085 2264 3143 Clitarclti.
2288 3085 2345 3141 ln
2383 3095 2655 3143 conventu
2708 3103 2776 3142 ne
2802 3087 3024 3145 studeas
3048 3089 3259 3160 primus
3316 3088 3502 3144 dicere

1835 3214 1885 3278 ε
1915 3180 2238 3237 sententiam
2268 3189 2435 3237 tuam.
2458 3178 2594 3235 Nam
2617 3181 2663 3235 si
2692 3190 2812 3252 post
2841 3180 3026 3252 plures
3060 3180 3294 3248 dixeris,
3326 3182 3502 3253 magis

1916 3270 2129 3328 videbis
2148 3286 2269 3343 quae
2297 3271 2449 3326 utilia
2475 3278 2626 3327 sunt.

1981 3364 2313 3422 llirundines
2338 3364 2560 3436 quidem
2601 3364 2957 3420 serenitatem
2993 3364 3155 3421 nobis
3205 3361 3324 3420 fore
3355 3379 3498 3435 pra:-

1916 3457 2156 3529 sagiunt,
2197 3471 2483 3514 sermones
2525 3467 2708 3512 autem
2756 3455 3124 3528 philosophiei
3169 3456 3500 3513 vacuitatem

1916 3548 2172 3605 tristitiae.

1984 3643 2085 3701 Odi
2108 3643 2311 3700 malum
2343 3641 2568 3717 quando
2590 3642 2793 3699 bonum
2818 3656 3132 3699 sermonem
3163 3642 3321 3699 dicit.
3340 3640 3365 3661 ⁴

1984 3735 2163 3792 Aures
2216 3744 2338 3792 tuas
2387 3751 2498 3792 non
2550 3736 2729 3794 cuivis
2766 3738 3010 3795 sermoni
3065 3738 3282 3810 praebe;
3325 3740 3503 3797 malus

1914 3826 2060 3884 enim
2085 3843 2268 3885 sermo
2290 3828 2559 3885 malorum
2585 3844 2813 3901 operum
2841 3832 2952 3888 dux
2994 3840 3100 3889 est.

1984 3916 2266 3975 Herodoti.
2318 3917 2555 3993 Equale
2592 3923 2699 3979 hoc
2750 3923 2894 3994 apud
2942 3938 3031 3980 me
3065 3922 3365 3994 iudicatur,
3383 3932 3498 3979 tum

1911 4009 2054 4068 bene
2076 4027 2292 4083 sapere,
2318 4022 2432 4070 tum
2465 4016 2610 4071 bona
2645 4015 2851 4072 dicenti
2880 4017 3286 4097 obtemperare.

1991 4100 2336 4175 Pythagora.
2368 4104 2630 4177 Lapidem
2658 4109 2846 4179 potius
2870 4115 3080 4165 temere
3112 4108 3379 4180 projicere
3406 4107 3503 4164 de-

1912 4197 2031 4264 bes,
2061 4210 2227 4267 quam
2269 4199 2509 4254 otiosum
2541 4214 2882 4257 sermonem.

1983 4285 2302 4358 (Enopidls.
2350 4287 2669 4355 (Enopides
2716 4290 2877 4347 talem
2919 4291 3135 4349 dicebat
3185 4306 3495 4352 sermonem

1909 4391 2035 4436 esse
2073 4378 2336 4448 hominis,
2359 4380 2541 4451 qualis
2568 4380 2691 4451 ejus
2720 4392 2919 4439 natura
2950 4393 3118 4440 esset.

1979 4468 2214 4542 Romyli.
2270 4470 2535 4544 Romylus
2583 4486 2683 4530 vas
2731 4472 2896 4531 ﬁctile
2944 4474 3055 4532 ictu
3097 4482 3153 4531 et
3189 4489 3347 4543 sono,
3396 4477 3498 4532 ho-

1833 4572 1887 4634 ι)
1912 4564 2116 4621 minem
2146 4579 2401 4622 sermone
2426 4565 2644 4638 probari
2667 4565 2906 4623 dicebat.

1984 4657 2103 4715 Viri
2132 4659 2422 4717 character
2445 4675 2515 4716 ex
2538 4661 2725 4717 verbis
2750 4661 2870 4732 ejus
2903 4661 3173 4720 noscitur.

1916 4842 1952 4900 ι)
1983 4749 2280 4826 Nunquam
2329 4753 2495 4811 verba
2550 4755 2735 4827 potius
2790 4769 2958 4828 quam
3000 4769 3118 4812 rem
3167 4755 3342 4829 ipsam
3371 4771 3500 4829 pro-

1953 4844 2064 4900 avi.

1953 4844 2064 4902 avi.

2378 4980 2613 5041 SERMO
2644 4981 2814 5039 xmx
2842 4983 2944 5058 [αι.
2972 4981 3068 5058 Lj.

2465 5096 2546 5153 De
2581 5096 2967 5156 admonitione.

1983 5206 2149 5264 Joan.
2200 5222 2257 5266 ν.
2301 5206 2444 5266 Ecce
2489 5215 2718 5267 sanatus
2763 5222 2866 5277 es,
2930 5207 3046 5266 noli
3097 5208 3333 5281 amplius
3372 5225 3499 5284 pec-

1912 5314 2060 5357 care.

1982 5391 2049 5449 ll
2074 5392 2256 5451 Thess.
2272 5408 2327 5451 ν.
2358 5392 2729 5452 Obsecremus
2756 5401 2939 5452 autem
2971 5408 3094 5464 vos,
3128 5394 3347 5467 fratres,
3380 5412 3501 5455 mo.

1912 5492 2039 5542 nete
2070 5485 2430 5553 inordinatos,
2456 5486 2823 5544 consolamini
2865 5486 3273 5559 pusillanimes,
3309 5489 3497 5545 suble-

1915 5585 2040 5632 vate
2064 5575 2339 5646 inlirmos,
2369 5576 2642 5648 patientes
2669 5584 2847 5634 estote
2868 5592 2995 5649 erga
3026 5591 3242 5647 omnes,
3260 5587 3372 5637 etc.
3407 5577 3498 5635 Vi-

1911 5665 2035 5724 dete
2066 5683 2135 5723 ne
2163 5667 2290 5739 quis
2325 5669 2531 5724 malum
2562 5682 2664 5740 pro
2691 5669 2838 5725 malo
2861 5669 3103 5741 cuipiam
3157 5669 3371 5738 reddat,
3394 5670 3493 5728 sed

1913 5773 2131 5830 semper
2157 5759 2306 5831 quod
2342 5760 2546 5817 bonum
2576 5771 2664 5818 est
2685 5760 2993 5818 sectamini.
3194 5816 3197 5819 .

1988 5847 2050 5905 S.
2081 5847 2292 5909 Basilii.
2330 5848 2589 5910 Doctrina
2616 5850 2861 5910 violenta
2889 5865 2997 5908 non
3042 5850 3184 5910 solet
3204 5865 3494 5925 permane.
