4038 6408
553 388 660 458 931

1835 389 2159 453 ANTONII
2200 392 2553 456 MELISSE

3737 396 3868 460 9'12

555 523 660 564 re:
717 501 866 577 quod
917 509 1101 558 autem
1148 513 1276 557 cum
1347 497 1713 558 delectatione
1757 509 1812 557 et
1854 501 2029 572 gratia
2086 516 2146 558 sc

2282 505 2309 557 δ
2335 505 2392 559 δὲ
2425 507 2566 578 peti
2595 505 2842 579 τέρψεως
2887 505 2983 562 καὶ
3015 505 3240 581 χάριτος
3272 505 3624 580 είσδυόμενον
3686 526 3870 581 μονι-

558 598 822 665 lnsinuat,
844 595 1095 652 tenacius
1124 591 1534 664 quodammodo
1588 592 1796 650 nostris
1826 594 2026 652 animis
2055 593 2142 650 in-

555 692 705 752 sidit.

628 810 688 866 S.
731 809 1010 880 Chrysost.
1057 807 1328 864 Conducit
1373 814 1666 878 peccantes
1710 803 1950 860 morderi
1999 801 2144 857 acri-

557 904 744 961 monia
789 903 1127 969 verborum,
1177 910 1238 957 ut
1296 899 1418 972 ipsa
1473 913 1656 957 rerum
1711 895 1940 953 infamia
2008 894 2148 950 libe-

557 1006 772 1056 rentur.

630 1087 1193 1161 Diogenis.Morluum
1218 1083 1504 1151 medicari,
1520 1091 1576 1140 ct
1599 1095 1784 1140 senem
1817 1083 2137 1145 admonere,

557 1182 703 1239 idem
737 1181 920 1236 fuerit.
1282 1226 1287 1230 _

629 1275 856 1329 Aristot.
893 1270 1094 1327 Omnes
1125 1267 1238 1323 fere
1284 1264 1516 1322 libenter
1546 1262 1843 1319 admittunt
1869 1259 1994 1317 illos
2049 1259 2142 1329 qui

505 1394 508 1396 τ
557 1364 850 1422 desideriis
885 1362 1128 1432 ipsorum
1155 1359 1478 1423 inserviunt,
1498 1364 1551 1411 et
1570 1369 1667 1410 eos
1698 1368 1804 1408 non
1836 1352 2005 1408 modo
2039 1351 2140 1407 sibi

557 1457 857 1514 benevolos
885 1454 1250 1516 arbitrantur,
1272 1451 1365 1506 sed
1397 1447 1546 1505 solos
1572 1447 1737 1502 etiam
1777 1444 2030 1500 homines
2058 1457 2144 1496 re-

557 1565 688 1605 vera
713 1562 860 1604 csse.
925 1545 1153 1601 Moleste
1185 1551 1368 1598 autem
1397 1540 1580 1597 ferunt
1606 1539 1729 1594 illos
1757 1552 1788 1593 a
1817 1537 2019 1608 quibus
2059 1548 2147 1591 ca-

559 1644 851 1712 stigantur.

629 1733 928 1801 Euripidis.
966 1728 1171 1786 Omnes
1233 1728 1286 1782 in
1330 1721 1678 1781 admonendo
1720 1720 2003 1792 sapimus;

2248 595 2496 669 μώτερόν
2526 615 2644 663 πως
2669 599 2788 662 ταῖς
2811 597 3015 670 ψυχαῖς
3039 599 3198 671 ἡμῶν
3229 599 3487 666 ὲνιζάνει.

2318 800 2596 872 Συμιρέρει
2624 800 2917 855 δάκνεσθαι
2946 799 3036 854 διὰ
3064 800 3166 872 τῆς
3214 801 3326 856 τῶν
3356 800 3626 873 ῥημάτων
3669 806 3862 876 ἀλγη-

2245 895 2398 958 δόνος
2431 894 2557 958 τοὺς
2589 892 3031 966 ἁμαρτάνοντας,
3054 893 3141 948 ἵνα
3171 893 3262 948 διὰ
3295 895 3395 966 τῆς
3426 895 3538 952 τῶν
3571 899 3829 970 πραγμά

2244 1004 2354 1041 των
2387 984 2651 1057 αἰσχύνης
2681 983 3093 1054 ἀπαλλαγῶσιν.
3899 1051 3907 1058 η

2316 1079 2530 1151 Νεκρδν
2588 1077 2884 1149 ἰατρεύειν,
2917 1080 3012 1134 καὶ
3045 1079 3281 1150 γέροντα
3320 1080 3594 1138 νουθετεῖν
3631 1084 3857 1140 ταύτόν
3895 1089 3904 1110 '

2246 1175 2416 1229 ἐστιν.

2318 1267 2550 1335 Πάντες,
2591 1267 2668 1331 ὡς
2714 1267 2849 1332 ἔπος
2879 1269 3082 1332 εἰπεῖν,
3114 1269 3244 1332 τοὺς
3278 1267 3382 1338 μὲν
3413 1268 3851 1340 ὑπηρετοῦντας

2247 1360 2430 1415 αὐτῶν
2459 1363 2580 1424 ταῖς
2607 1360 2930 1430 ἐπιθυμίαις
2969 1361 3350 1432 ἀποδέχονται,
3383 1363 3478 1416 καὶ
3509 1361 3848 1432 νομίζουσιν

2247 1456 2308 1508 ού
2339 1454 2499 1526 μόνον
2525 1453 2737 1520 εὖνους,
2767 1455 2902 1508 ἀλλὰ
2928 1456 3022 1508 καὶ
3055 1456 3253 1523 μόνους
3279 1454 3480 1527 ἄνδρας
3508 1454 3584 1518 ώς
3614 1455 3849 1526 ἀληθῶς

2248 1544 2389 1602 εἶναι
2413 1562 2430 1580 ο
2464 1549 2576 1613 τοῖς
2598 1548 2655 1603 δὲ
2687 1549 3046 1619 σωφρονίζειν
3077 1549 3457 1621 ἐπιχειροῦσιν
3479 1550 3658 1622 ἀηδῶς
3685 1551 3851 1622 ἔχου-

2250 1659 2355 1696 σιν.

2321 1728 2598 1795 ’Ἀπαντές
2634 1731 2804 1801 ἐσμεν
2837 1731 2917 1794 είς
2951 1731 3012 1786 τὺ
3051 1731 3323 1788 νουθετεῖν
3363 1733 3540 1805 σοφοί*

630 1826 736 1896 Ipsi
770 1841 898 1881 vero
921 1826 968 1880 si
1008 1823 1137 1894 quid
1163 1817 1557 1888 delinquimus,
1589 1829 1696 1870 non
1728 1813 2101 1884 agnoscimus.

2318 1822 2486 1876 Αὐτοὶ⁵
2514 1823 2559 1876 δ’
2584 1825 2713 1877 ὅταν
2747 1823 3016 1896 ποιῶμεν,
3049 1825 3109 1880 ού
3141 1826 3510 1897 γινώσκομεν.

634 1917 846 1987 Λῖεορὶ.
912 1914 1160 1985 ιΕεορυε
1229 1911 1444 1967 dicebat
1519 1918 1969 1977 unumquemque
2035 1919 2146 1957 no-

560 2021 739 2068 strum
769 2009 908 2065 duas
937 2018 1096 2078 peras
1121 2019 1309 2060 secum
1340 2003 1506 2069 ferre,
1540 2015 1706 2058 unam
1735 2007 1882 2065 ante,
1916 1997 2144 2052 alteram

558 2118 590 2156 a
625 2111 826 2171 tergo:
868 2107 923 2154 et
969 2097 1022 2152 in
1074 2093 1332 2150 anteriori
1380 2092 1602 2164 quidem
1653 2091 1886 2146 aliorum
1921 2093 2147 2158 peccata

557 2207 848 2265 reponere,
888 2191 945 2246 in
980 2176 1272 2260 postériori
1307 2199 1436 2241 vero
1475 2192 1690 2239 nostra.

630 2286 918 2340 Isocratis.
979 2281 1126 2336 Nulli
1185 2281 1344 2335 malae
1404 2277 1484 2332 rei
1555 2273 1898 2331 defensorem
1954 2279 2007 2328 te
2054 2281 2151 2327 aut

557 2393 852 2452 patronum
920 2375 1204 2432 adhibeas.
1256 2369 1548 2427 Videberis
1607 2368 1752 2424 enim
1807 2375 1866 2422 tu
1927 2375 2149 2435 quoque

560 2472 830 2547 ejusmodi
891 2469 1118 2535 facere,
1168 2466 1215 2523 si
1288 2462 1615 2520 facientibus
1677 2459 1799 2515 aliis
1853 2457 2151 2514 auxiliator

559 2568 754 2622 fueris.

875 2698 990 2771 89
1043 2693 1275 2752 SEBMO
1319 2691 1362 2747 L
1393 2689 1490 2764 [αι.
1521 2684 1831 2758 CXXXIII].

914 2816 993 2871 De
1020 2810 1304 2881 disciplina
1342 2814 1392 2861 et
1419 2801 1772 2876 philosophia.

628 2953 660 3009 Ι
690 2950 816 3006 Cor.
855 2963 938 3003 ιιι.
965 2945 1024 3000 Si
1057 2943 1181 3014 quis
1209 2940 1314 2997 sibi
1354 2935 1572 2992 videtur
1599 2932 1820 3004 sapiens
1851 2944 1975 2986 esse
2007 2929 2153 2984 inter

557 3059 657 3100 vos
686 3044 741 3098 in
775 3039 976 3096 saeculo
1006 3036 1132 3104 hoc,
1165 3033 1368 3089 stultus
1387 3029 1504 3095 fiat,
1530 3038 1590 3082 ut
1620 3025 1882 3082 reddatur
1905 3023 2149 3092 sapiens.

2321 1913 2573 1979 Αἴσωπος
2596 1915 2720 1987 ἔφη,
2743 1915 2836 1972 δύο
2862 1921 3046 1991 πήρας
3077 1919 3312 1976 ἕκαστον
3340 1923 3501 1994 ἡμῶν
3526 1924 3846 1995 ἐπιφέρειν,

2247 2004 2346 2077 τὴν
2382 2006 2483 2077 μὲν
2517 2008 2764 2078 ὄπισθεν,
2793 2010 2895 2082 τὴν
2951 2012 3009 2066 δὲ
3063 2012 3378 2086 ἔμπροσθεν
3403 2031 3418 2046 ⁸
3454 2018 3550 2071 καὶ
3599 2018 3678 2080 εἰς
3732 2017 3846 2086 μὲν

2248 2102 2348 2167 τὴν
2399 2099 2717 2172 ἔμπροσθεν
2763 2103 3081 2160 ἀποτιθέναι
3110 2107 3178 2162 τὰ
3222 2105 3334 2161 τῶν
3363 2107 3541 2164 ἄλλων
3575 2109 3846 2183 ἁμαρτή-

2253 2209 2420 2262 ματα,
2454 2193 2536 2257 είς
2561 2195 2618 2248 δὲ
2647 2195 2748 2267 τὴν
2777 2195 3006 2252 ὄπισθεν
3041 2199 3112 2253 τὰ
3152 2201 3387 2259 ἑαυτῶν,

2320 2281 2522 2355 Μηδενὶ
2555 2286 2779 2356 πονηρῷ
2813 2289 3104 2360 πράγματι
3151 2292 3288 2362 μήτε
3330 2290 3662 2362 παρεστασο,
3695 2291 3849 2362 μήτε

2253 2376 2570 2447 συνηγόρει.
2599 2377 2783 2446 Δόξεις
2815 2381 2925 2452 γὰρ
2961 2384 3056 2436 καὶ
3086 2384 3250 2446 αὐτὸς
3278 2384 3509 2438 τοιαῦτα
3547 2386 3849 2457 πράττειν,

2249 2469 2301 2522 εί
2330 2471 2444 2534 τοῖς
2475 2468 2656 2535 ἄλλοις
2689 2473 2996 2544 πράττουσι
3035 2474 3274 2548 βοηθεῖς.

2855 2699 3075 2755 ΛΟΓΟΣ
3140 2701 3222 2758 N'.

2553 2813 2694 2886 Περὶ
2722 2814 3003 2884 παιδείας
3036 2817 3134 2873 καί
3157 2823 3552 2892 φιλοσοφίας.

2324 2943 2394 3000 Εἴ
2426 2963 2512 3011 τις
2553 2944 2703 3002 δοκεῖ
2762 2949 2924 3017 σοφὸς
2957 2945 3095 3005 εἶναι
3151 2953 3208 3005 ἐν
3257 2955 3388 3024 ὑμῖν
3439 2957 3498 3011 ὲν
3545 2957 3624 3029 τῷ
3675 2961 3845 3018 αἰῶνι

2254 3037 2451 3109 τούτῳ,
2497 3039 2681 3109 μωρὸς
2717 3041 2978 3110 γενέσθω,
3013 3043 3098 3098 ἵνα
3131 3045 3358 3112 γένηται
3391 3047 3576 3120 σοφός.
3623 3047 3689 3104 Ἦ
3728 3054 3847 3124 γὰρ

558 3135 773 3190 Etenim
805 3131 1076 3201 sapientia
1112 3124 1305 3181 mundi
1373 3121 1538 3191 hujus
1593 3115 1820 3174 stultitia
1869 3123 1954 3171 est
2008 3111 2148 3182 apud

2282 3131 2418 3224 topia
2448 3130 2541 3184 τοῦ
2574 3131 2782 3224 κόσμου
2811 3135 2998 3189 τούτου
3041 3138 3226 3209 μωρία
3259 3144 3411 3212 παρὰ
3436 3111 3515 3213 si};
3544 3145 3666 3217 Θεῷ
3693 3111 3846 3206 isti...

559 3228 752 3283 Deum.
788 3194 1067 3293 Sciiptum
1097 3229 1182 3275 est
1208 3217 1353 3272 enim
1385 3231 1400 3270 :
1437 3211 1540 3281 Qui
1594 3206 2013 3281 comprehendit
2055 3219 2147 3262 sa-

2282 3220 2569 3292 ’ἐγραπται
2629 3223 2766 3296 γὰρ,
2839 3225 2899 3279 '0
2930 3194 3297 3300 δρασσόμενος
3342 3194 3752 3309 abigit;

556 3321 770 3390 pientes
799 3315 856 3371 in
885 3313 1090 3368 astutia
1125 3311 1398 3382 ipsorum.
1454 3307 1524 3360 Et
1578 3317 1801 3360 rursum
1832 3317 1848 3358 :
1884 3297 2147 3356 Dominus

555 3410 709 3467 novit
741 3405 1099 3478 cogitationes
1150 3401 1478 3471 sapientum,
1505 3398 1654 3472 quod
1683 3399 1796 3456 sint
1831 3410 2005 3453 vanae.

625 3588 789 3645 Hebr.
816 3603 916 3644 ιιι.
950 3585 1007 3641 Si
1030 3593 1186 3642 extra
1215 3581 1564 3653 disciplinam
1590 3579 1748 3644 estis,
1777 3578 1950 3653 spurii
1983 3578 2148 3649 igitur

552 3685 689 3742 estis
711 3693 768 3740 et
787 3697 897 3738 non
927 3679 1044 3735 filii.
1072 3677 1206 3746 Quis
1235 3677 1381 3733 enim
1417 3675 1560 3731 ﬁlius
1579 3683 1684 3739 est,
1708 3688 1870 3745 quem
1915 3687 2023 3728 non
2053 3687 2150 3728 ca-
2200 3704 2202 3707 -

555 3779 719 3850 stigat
754 3773 956 3847 pater?

627 3889 899 3946 Solomon.
931 3884 1079 3942 Nihil
1116 3893 1224 3941 tam
1247 3881 1547 3954 pretiosum
1577 3888 1664 3939 est
1696 3879 1842 3952 quod
1868 3895 1994 3938 cum
2023 3895 2151 3937 eru-

555 3983 671 4038 dita
706 3981 889 4036 anima
914 3975 1215 4049 permutari
1265 3973 1480 4030 debeat.

625 4072 789 4127 Prov.
823 4077 904 4126 ιιι.
935 4068 1060 4135 Fili,
1096 4082 1166 4124 ne
1193 4063 1874 4135 contemnasdisciplinam
1907 4063 2146 4130 Domini,

555 4179 732 4236 neque
757 4163 1008 4219 fastidias
1032 4175 1156 4217 eum
1181 4159 1429 4231 argueris
1449 4159 1517 4214 ab
1547 4159 1688 4230 ipso.

556 4250 566 4257 ’
630 4256 895 4314 Dominus
923 4256 1068 4312 enim
1087 4253 1322 4324 castigat
1359 4265 1522 4322 quem
1558 4251 1757 4323 diligit,
1807 4257 1864 4308 et
1913 4250 2150 4323 ﬂagellat

553 4365 772 4405 omnem
809 4348 978 4403 filium
1010 4362 1173 4414 quem
1224 4346 1476 4417 suscipit.

624 4442 794 4502 Ecch‘.
824 4457 898 4496 vt.
941 4439 1068 4509 Fili,
1115 4439 1172 4494 in
1220 4437 1590 4495 adolescentia
1645 4448 1736 4494 tua
1787 4437 1926 4509 elige
1983 4438 2150 4495 disci-

552 4536 777 4605 plinam,
811 4542 868 4589 et
901 4535 1097 4589 accede
1129 4531 1197 4587 ad
1228 4533 1404 4600 ipsam
1433 4541 1695 4602 tanquam
1749 4545 1916 4588 aratis
1970 4540 2025 4588 et
2055 4546 2144 4588 se-

2282 4562 2326 4607 ις
2354 4547 2628 4620 ἀροτριῶν
2657 4552 2754 4605 καὶ
2775 4553 3017 4625 σπείρων
3041 4531 3312 4627 πρόσελθε

551 4641 700 4695 rens,
731 4640 796 4681 ac
819 4626 992 4680 bonos
1031 4624 1169 4684 iinde
1198 4622 1408 4680 fructus
1430 4631 1710 4695 exspecta.

624 4715 889 4785 Theologi.
923 4712 1254 4770 Confessum
1289 4727 1411 4770 esse
1445 4723 1577 4784 puto
1609 4715 1751 4786 apud
1785 4701 1980 4774 omnes
2053 4732 2146 4772 sa-

551 4809 784 4876 pientes,
841 4806 1182 4876 disciplinam
1231 4795 1556 4877 primarium
1602 4807 1747 4877 apud
1802 4823 1904 4865 nos
1941 4809 2144 4866 bonum

548 4915 692 4956 esse.

619 4991 724 5061 Qui
755 4991 956 5047 vacatis
987 4990 1367 5063 philosophiae,
1400 5008 1468 5050 ne
1498 4994 1728 5052 nimium
1792 4997 2016 5055 tribuite
2057 5013 2148 5054 ra-

551 5082 815 5151 tionibus,
834 5097 1008 5152 neqne
1036 5082 1160 5154 plus
1188 5097 1352 5154 quam
1371 5085 1674 5158 modumget
1699 5089 1966 5146 rationem
1991 5090 2147 5147 decet

547 5173 887 5242 argumentis
931 5186 997 5227 ac
1044 5173 1402 5244 sOphismatis
1455 5177 1886 5236 inhaeretcmec
1938 5182 2145 5254 ubique

549 5264 729 5318 velitis
764 5264 1011 5334 improbe
1035 5264 1288 5336 vincere,
1318 5270 1414 5324 scd
1461 5271 1662 5327 alicubi
1697 5273 1861 5328 etiam
1917 5275 2146 5332 honeste

549 5370 718 5411 νιιιοι.

547 5564 592 5621 D
621 5473 899 5546 Praecipua
931 5475 1198 5548 sapientia
1227 5488 1309 5534 est
1337 5478 1447 5534 vita
1476 5478 1767 5540 laudabilis
1818 5492 1874 5540 et
1925 5483 2144 5556 expiata

593 5581 682 5621 eo.

593 5581 682 5621 θο.

615 5660 797 5720 Prima
819 5665 1088 5736 sapientia
1116 5675 1202 5724 est
1233 5678 1584 5729 contemnere
1615 5671 1966 5744 sapientiam,
2018 5687 2143 5742 quae

549 5757 764 5814 ratione
786 5769 842 5814 et
865 5760 1161 5816 verborum
1189 5762 1453 5833 strophis,
1478 5773 1534 5820 et
1563 5765 1828 5836 improbis
1857 5779 1922 5823 ac
1945 5781 2138 5838 super-

543 5849 668 5910 fluis
691 5851 1106 5924 argumentandi
1129 5854 1574 5916 contentionibus
1603 5859 1814 5914 nititur.

2251 3312 2317 3383 τῇ
2378 3316 2689 3388 πανουργίᾳ
2761 3317 2963 3374 αὐτῶν.
3018 3321 3128 3376 Καὶ
3171 3324 3358 3391 πάλιν,
3418 3327 3619 3400 Κύριος
3676 3332 3844 3399 γινώ-

2253 3419 2376 3458 σκει
2426 3406 2554 3471 τοὺς
2601 3407 2988 3480 διαλογισμοὺς
3039 3415 3147 3470 τῶν
3209 3419 3412 3488 σοςῶν,
3457 3421 3542 3476 ὅτι
3591 3423 3701 3477 εἰσὶ
3735 3427 3849 3497 μά-

2251 3512 2418 3554 ταιοι.

2328 3591 2389 3686 Idl
2413 3592 2577 3686 έκτὸς
2608 3595 2862 3660 παιδείας
2916 3598 3063 3670 ἐστὲ,
3114 3602 3224 3674 ἄρα
3273 3605 3417 3661 νόθοι
3451 3607 3578 3663 ἐστὲ
3608 3611 3707 3664 καὶ
3738 3613 3847 3686 οὐχ

2257 3681 2383 3737 υίοί.
2411 3683 2507 3749 Τίς
2549 3686 2658 3757 γὰρ
2698 3687 2836 3758 υίὸς,
2863 3688 2923 3743 δν
2950 3691 3010 3745 οὐ
3040 3695 3285 3750 παιδεύει
3315 3702 3498 3771 πατήρ
3523 3720 3538 3770 ;

2289 3891 2440 3992 ⁸υύκ
2463 3892 2610 3948 ἔστιν
2641 3894 3001 3970 ἀντάλλαγμα
3055 3903 3208 3959 οὐδὲν
3236 3908 3684 3984 πεπαιδευμένης
3724 3917 3843 3988 ψυ-

2252 3996 2379 4050 χηςο

2325 4072 2444 4142 Υἱὲ,
2471 4075 2546 4146 μὴ
2580 4077 2834 4154 ὀλιγώρει
2873 4083 3125 4151 παιδείας
3173 4088 3410 4163 Κυρίου,
3446 4095 3583 4167 μηδὲ
3633 4097 3844 4155 ἐκλύου

2254 4167 2348 4219 ὑπ’
2377 4169 2542 4224 αὑτοῦ
2577 4171 2959 4245 ἐλεγχόμενος.

2331 4265 2428 4318 Ὃν
2461 4265 2572 4337 γὰρ
2620 4269 2810 4342 ἀγαπᾷ
2852 4274 3079 4346 Κύριος,
3126 4247 3414 4336 παιδεύειο
3474 4289 3732 4356 μαστιγοῖ
3784 4290 3847 4345 δὲ

2254 4361 2432 4414 πάντα
2456 4359 2592 4426 υίδν,
2630 4361 2692 4417 ὃν
2723 4367 3118 4439 παραδέχεται.

2325 4449 2551 4519 Τέκνον,
2601 4457 2659 4510 ὲν
2702 4458 2915 4531 νεότητί
2950 4479 3048 4516 σου
3105 4464 3352 4534 ὲπίλεξαι
3408 4469 3684 4537 παιδείαν,
3741 4477 3845 4529 καὶ

3344 4561 3538 4635 αὐτὴν,
3569 4567 3663 4620 καὶ
3700 4567 3843 4624 ἀνά-

2255 4652 2382 4705 μενε
2410 4640 2535 4702 τοὺς
2563 4641 2802 4711 ἀγαθοὺς
2826 4648 3073 4716 καρποὺς
3102 4651 3298 4722 αὐτῆς.
3473 4647 3475 4649 ’

2321 4727 2577 4826 Οἶμαι-δὲ
2624 4736 2792 4790 πᾶσιν
2822 4737 2890 4792 ἂν
2926 4740 3316 4812 ὁμολογεῖσθαι
3362 4749 3474 4803 τῶν
3508 4752 3635 4805 νοῦν
3690 4755 3843 4826 ἐχόν-

2248 4837 2380 4928 των,
2418 4823 2704 4880 παίδευσιν
2757 4827 2868 4883 τῶν
2919 4832 3049 4906 παρ’
3103 4835 3235 4906 ἡμῖν
3289 4839 3512 4907 ἀγαθῶν
3577 4823 3841 4901 εἶναι-τὸ

2249 4925 2486 4984 πρῶτον.
3533 4925 3541 4933 '

2324 5007 2388 5060 Οἱ
2429 5012 2559 5082 περὶ
2581 5012 2795 5080 λόγους,
2830 5014 2906 5086 μὴ
2940 5017 3149 5088 σφόδρα
3178 5022 3292 5083 τοῖς
3337 5022 3518 5093 λόγοις
3551 5025 3831 5098 θαρρεῖτε,

2253 5103 2390 5174 μηδὲ
2431 5104 2721 5174 σοφίζεσθε
2775 5111 3018 5178 περισσὰ
3067 5112 3163 5165 καὶ
3195 5113 3334 5185 ὑπὲρ
3366 5116 3458 5168 τὸν
3486 5117 3663 5185 λόγον’
3699 5120 3834 5188 μηδὲ

2248 5197 2405 5266 νικᾷν
2466 5196 2791 5264 ἐπιθυμεῖτε
2847 5203 3028 5256 πάντα
3095 5206 3321 5272 κακῶ;,’
3349 5205 3465 5260 ἀλλ’
3494 5208 3647 5261 ἐστιν
3676 5209 3712 5264 ἃ
3743 5214 3835 5265 καὶ

2247 5286 2515 5356 ἡττᾶσθαι
2541 5287 2728 5352 καλῶς
2770 5289 3050 5361 ἀνέχεσθε.

2317 5489 2488 5559 Σοφία
2523 5489 2718 5562 πρώτη
2763 5491 2879 5564 βίος
2910 5493 3198 5560 ὶπαινετὸς
3259 5497 3356 5550 καὶ
3385 5495 3507 5569 Θεῷ
3552 5497 3834 5570 κεκαθαρ-

2248 5583 2428 5654 μένος.

2317 5676 2488 5746 Σοφία
2519 5677 2712 5750 πρώτη
2753 5679 2948 5749 σοφίας
2981 5680 3278 5756 ύπερορᾷν,
3315 5685 3413 5756 τῆς
3445 5687 3502 5740 ὲν
3539 5685 3690 5758 λόγῳ
3719 5705 3837 5741 κει-

2247 5768 2414 5840 μένης
2449 5772 2547 5824 καὶ
2574 5775 2836 5842 στροφαῖς
2871 5772 3096 5842 λέξεων,
3132 5778 3226 5830 καὶ
3261 5779 3380 5843 ταῖς
3426 5778 3702 5849 κιὸδηλοις
3735 5782 3837 5835 καὶ

2245 5865 2524 5933 περιτταῖς
2571 5863 2936 5922 ἁντιθέςεσιν.
