4038 6420
339 428 450 491 933

1274 419 1445 480 LOCI
1483 415 1931 483 COMMUNES.
1972 439 2036 452 -·-
2079 413 2277 476 PARS
2315 414 2364 475 Ι.
2410 412 2671 473 SERMO
2705 411 2771 476 L.

3520 403 3630 466 931

424 543 584 613 Ἐμοὶ
625 541 682 596 δὲ
716 543 928 612 γένοιτο
961 539 1121 597 πέντε
1164 539 1357 608 λόγους
1405 539 1464 590 ὲν
1516 535 1786 608 ἐκκλησίᾳ
1833 534 1930 587 λα-

2109 531 2173 586 H
2210 529 2334 585 Cor.
2369 547 2480 586 xw.
2510 531 2638 586 Mihi
2665 543 2795 586 vero
2828 527 3112 597 contingat
3152 523 3335 596 potius
3390 520 3636 592 quinque

338 638 502 709 λῆσαι
541 639 681 710 μετὰ
715 636 983 698 συνέσεως
1013 633 1046 706 ἢ
1085 633 1312 704 μυρίους
1341 633 1399 685 ὲν
1429 630 1671 701 γλώσσῃ.

417 820 492 875 Οὐ
541 819 651 888 γὰρ
691 819 720 872 ὁ
755 817 814 872 ὲν
841 815 1026 888 λόγοις
1063 815 1251 885 σοφὸς,
1283 809 1440 878 οὗτός
1474 832 1566 885 μοι
1595 812 1783 883 σοφὸς,
1816 815 1928 868 οὐδ’

339 914 492 977 ὅστις
525 912 784 982 γλῶσσαν
820 911 923 982 μὲν
960 909 1260 983 εὔστροφον
1288 909 1423 980 ἔχει,
1454 909 1633 980 ψυχὴν
1671 909 1728 964 δὲ
1759 909 1926 963 ἄστα-

287 1071 308 1080 _
338 1025 432 1061 τον
462 1007 556 1059 καὶ
586 1006 935 1060 ἀπαίδευτονο
967 1003 1084 1059 ἀλλ’
1111 1004 1261 1064 ὅστις
1296 1001 1452 1070 ὀλίγα
1492 1003 1591 1072 μὲν
1631 1001 1761 1071 περὶ
1793 1001 1927 1071 άρε-

336 1099 437 1167 τῆς
468 1097 790 1166 φθέγγεται,
824 1096 996 1151 πολλὰ
1029 1095 1087 1150 δὲ
1121 1091 1200 1159 οἷς
1243 1096 1458 1167 ἐνεργεῖ
1506 1093 1926 1169 παραδείκνυσι,

337 1195 434 1246 καὶ
465 1192 526 1243 τὸ
557 1191 875 1256 ἀξιόπιστον
924 1187 1003 1260 τῷ
1041 1189 1189 1259 λόγῳ
1217 1188 1305 1241 διὰ
1332 1187 1429 1242 τοῦ
1463 1185 1581 1256 βίου
1625 1185 1928 1255 προστίθη-

341 1299 448 1338 σιν.
478 1283 768 1353 Κρείσσων
801 1280 912 1352 γὰρ
945 1281 1223 1352 εὐμορφία
1251 1280 1606 1350 θεωρουμένη
1655 1278 1753 1348 τῆς
1783 1276 1929 1348 λόγῳ

342 1373 846 1446 ζωγραφουμὲνης⁶
876 1374 974 1428 καὶ
1005 1372 1236 1436 πλοῦτος
1267 1371 1328 1424 ὃν
1368 1371 1426 1425 αἱ
1456 1373 1638 1442 χεῖρες
1664 1370 1922 1441 κατέχου-

341 1484 448 1533 σιν,
479 1465 513 1535 ἢ
548 1466 754 1529 ὄνειροι
786 1463 1088 1518 πλάττουσι
1112 1480 1128 1494 ο
1159 1464 1257 1518 καὶ
1291 1464 1456 1530 σοφία
1483 1462 1582 1532 οὐχ
1614 1463 1649 1532 ἡ
1679 1461 1756 1532 τῷ
1784 1461 1930 1530 λόγῳ

338 1558 792 1630 λαμπρυνομένη,
825 1556 940 1611 ἀλλ’
981 1558 1014 1627 ἡ
1047 1555 1132 1610 διά
1164 1556 1275 1611 τῶν
1329 1555 1510 1627 ἔργων
1564 1554 1925 1626 ὲλεγχομένη.

340 1653 568 1714 Σύνεσις
619 1653 730 1722 γάρ
763 1651 949 1724 ἀγαθὴ
983 1653 1120 1706 πᾶσι
1153 1652 1270 1714 τοῖς
1315 1648 1567 1703 ποιοῦσιν
1597 1650 1773 1720 αὐτὴν
1799 1649 1930 1720 (φη-

342 1747 472 1812 c‘tv),
507 1745 626 1800 ἀλλ’
655 1747 716 1800 οὐ
746 1749 859 1810 τοῖς
885 1745 1243 1816 κηρύττουσι.

416 1840 488 1893 Ἢ
538 1840 648 1910 γὰρ
685 1839 1120 1910 φιλοσοφητέον,
1175 1840 1207 1909 ἢ
1262 1837 1525 1911 τιμητέον
1580 1837 1919 1909 φιλοσοφίαν,

336 1932 497 2002 είπερ
537 1933 615 2003 μὴ
668 1931 960 2002 μέλλοιμεν
1007 1931 1293 1995 παντελῶς
1327 1932 1432 1998 ἔξω
1487 1931 1584 1986 τοῦ
1619 1930 1786 1984 καλοῦ
1830 1931 1923 1982 πί-

337 2039 514 2091 πτειν,
537 2023 671 2096 μηδὲ
697 2023 921 2092 ἀλογίαν
938 2024 1472 2097 κατακριθήσεσθαι,
1514 2023 1727 2092 λογικοὶ
1756 2039 1922 2092 γεγο-

336 2117 510 2182 νότες,
541 2119 638 2172 καὶ
670 2117 760 2171 διὰ
799 2117 962 2187 λόγου
990 2117 1128 2191 πρὸς
1149 2117 1309 2186 λόγον
1334 2115 1680 2180 σπεύδοντες.

410 2293 720 2365 Σοφώτεροι
755 2296 865 2364 γάρ
913 2295 1022 2348 τῶν
1061 2295 1273 2349 πολλῶν
1302 2297 1352 2349 oi
1400 2296 1612 2367 κόσμου
1645 2298 1923 2368 χωρῖααν-

341 2406 430 2451 τες
465 2389 716 2455 ἑαυτοὺς,
753 2389 852 2442 καὶ
901 2388 980 2458 τῷ
1031 2388 1152 2462 Θεῷ
1181 2390 1272 2444 τὸν
1304 2389 1424 2460 βίον
1453 2391 1922 2461 καθιερώσαντες.

415 2481 582 2535 Οὐδὲν
615 2482 1024 2551 άναλωτότερον
1056 2483 1405 2552 φιλοσοφίας,
1442 2484 1599 2538 οὐδὲν
1645 2484 1926 2540 ἁλυπώτε-

339 2592 522 2645 τερον.
566 2575 752 2630 Πάντα
794 2576 1017 2630 ἐνδώσει
1064 2561 1334 2646 πρότερον
1377 2576 1410 2648 ἢ
1471 2576 1783 2648 φιλόσοφος.
1819 2579 1926 2632 Δύο

338 2666 515 2720 ταῦτα
545 2667 916 2740 δυσκράτητα.
957 2671 1044 2720 θε⁴
1063 2687 1089 2732 ς
1111 2670 1206 2721 καὶ
1238 2669 1491 2739 ἄγγελος,
1531 2671 1624 2723 καὶ
1649 2671 1710 2724 τὸ
1740 2671 1924 2742 τρίτον

359 2760 664 2830 φιλοσοφῖα,
689 2761 856 2825 άῦλος
889 2763 947 2815 ὲν
980 2761 1198 2834 arma
1243 2762 1456 2831 σώματι
1489 2762 1924 2836 ἁπερίγραπτος,

341 2852 435 2905 ἐπὶ
461 2852 566 2922 γῆς
597 2853 874 2924 οὐράνιος,
901 2855 958 2906 ἐν
988 2852 1218 2906 πάθεσιν
1240 2852 1478 2924 ἀπαθὴς,
1510 2854 1728 2909 πάντων
1755 2855 1928 2924 ἡττώ-

345 2961 506 3014 μενος
564 2947 706 3015 πλὴν
762 2946 1132 3016 φρονήματος,
1189 2944 1358 3002 νικῶν
1414 2946 1477 2998 τὸ
1507 2948 1764 3003 νικᾶσθαι
1799 2949 1930 3012 τοὺς

343 3039 570 3108 κρατεῖν
598 3037 942 3107 νομίζοντας.

2032 623 2199 678 verba
2233 625 2284 677 in
2320 623 2553 677 ecclesia
2585 623 2729 692 loqui
2765 636 2891 675 cum
2921 618 3222 683 intellectu,
3251 631 3415 688 quam
3445 618 3632 675 decem

2033 715 2201 770 millia
2228 730 2325 785 per
2344 714 2609 785 linguam.

2103 806 2225 862 Non
2263 807 2418 864 illum
2446 809 2540 879 qui
2568 807 2752 863 verbis
2782 807 2925 877 sapit
2947 806 3134 878 judico
3157 806 3483 876 sapientem,
3541 819 3635 859 ne-

2030 915 2139 970 que
2172 901 2323 956 illum
2352 903 2437 955 cui
2473 900 2654 969 lingua
2677 900 2952 963 volubilis,
2979 900 3195 954 animus
3222 906 3406 952 autem
3440 897 3631 950 incon—

2031 1005 2189 1049 stans
2210 1004 2316 1058 est,
2339 993 2435 1047 sed
2453 993 2546 1063 qui
2580 1007 2772 1062 parum
2793 991 3012 1062 quidem
3043 993 3109 1046 de
3131 992 3336 1044 virtute
3363 989 3632 1057 loquitur,

2031 1077 2204 1140 multa
2235 1100 2366 1140 vero
2390 1101 2449 1141 re
2476 1086 2595 1156 ipsa
2625 1093 2869 1151 praestat,
2895 1092 2948 1138 et
2979 1083 3222 1138 sermoni
3258 1097 3360 1136 suo
3383 1082 3495 1136 vita
3549 1081 3632 1134 fa-

2030 1179 2244 1248 ctisque
2275 1178 2434 1234 (idem
2461 1177 2746 1234 conciliat.
2771 1177 2905 1231 Nam
2927 1186 2980 1232 et
3009 1176 3362 1247 pulchritudo
3383 1175 3630 1243 subjecta

2031 1272 2208 1328 oculis
2234 1279 2460 1342 praestat
2503 1271 2794 1341 descriptae
2816 1270 3019 1337 verbis,
3061 1279 3116 1324 et
3157 1269 3359 1323 divitiae
3381 1266 3632 1322 manibus

2031 1363 2463 1435 comprehensae,
2495 1379 2593 1434 per
2621 1363 2896 1417 somnium
2946 1362 3355 1432 apparentibus.
3419 1360 3482 1414 Et
3538 1375 3632 1415 sa-

2030 1457 2232 1526 pientia
2263 1471 2372 1512 non
2405 1471 2525 1528 qua:
2553 1457 2734 1512 verbis
2767 1456 3100 1518 illuStratnr,
3134 1454 3226 1510 sed
3252 1469 3374 1524 qua:
3416 1454 3470 1508 in
3504 1468 3633 1521 ope-

2033 1552 2188 1608 ribus
2216 1551 2663 1622 deprehenditur,
2712 1547 3078 1620 praestabilior
3141 1557 3244 1602 est.
3306 1546 3622 1600 Intellectus

2036 1643 2262 1716 (inquit)
2296 1645 2473 1699 bonus
2501 1650 2589 1698 est
2617 1643 2835 1698 cunctis
2890 1657 2949 1698 re
2979 1650 3034 1697 et
3058 1633 3226 1712 opere
3297 1637 3634 1695 declaranti-

2034 1736 2136 1792 bus
2161 1751 2310 1802 eum,
2342 1751 2450 1791 non
2471 1745 2655 1790 autem
2677 1749 2959 1790 sermone.

2101 1829 2212 1883 Aut
2237 1828 2612 1898 phil050phari
2654 1835 2891 1896 oportet,
2944 1835 3041 1881 aut
3076 1825 3349 1881 honorare
3389 1824 3636 1897 philoso-

2027 1923 2233 1994 phiam,
2253 1921 2300 1979 si
2318 1937 2424 1977 non
2443 1937 2668 1992 prorsus
2681 1921 2750 1977 ab
2769 1923 2998 1976 honesto
3013 1919 3267 1976 excidere
3290 1918 3520 1973 velimus
3545 1936 3555 1969 :
3579 1921 3636 1969 ct

2027 2015 2457 2072 cumrationales
2485 2014 2610 2069 facti
2637 2015 2834 2076 simus,
2866 2020 2920 2067 et
2938 2012 3155 2066 ratione
3182 2009 3423 2065 feramur
3442 2009 3508 2063 ad
3540 2009 3629 2061 in-

2025 2107 2328 2180 dagandam
2385 2107 2680 2172 rationem,
2716 2106 2976 2176 neglecta:
3020 2104 3348 2174 amissaeque
3401 2100 3632 2156 rationis

2026 2200 2224 2256 merito
2259 2200 2533 2255 damnari.
2927 2207 2936 2218 ‘

2099 2292 2200 2360 Qui
2225 2308 2282 2349 se
2305 2308 2336 2348 a
2357 2291 2564 2347 mundo
2581 2297 2961 2363 segregarunt,
2978 2299 3031 2345 ct
3051 2289 3164 2360 90
3185 2287 3348 2343 vitam
3369 2286 3480 2342 Deo
3501 2299 3635 2342 con-

2030 2397 2343 2450 secrarnnt,
2380 2387 2665 2442 hominum
2699 2385 2862 2456 vulgo
2896 2384 3260 2453 sapientiores
3283 2388 3436 2438 sunt.

2100 2480 2242 2536 Nihil
2275 2479 2757 2551 inexpugnabilius
2811 2477 3176 2549 philosophia,
3206 2475 3340 2530 nihil
3367 2469 3637 2540 tranquil.

2031 2575 2158 2631 lius.
2215 2573 2411 2630 Omnia
2445 2573 2602 2643 prius
2635 2574 2831 2628 cedent
2861 2585 3029 2640 quam
3077 2568 3462 2640 philosophus.
3518 2564 3635 2618 Duo

2029 2678 2158 2723 sunt
2187 2667 2411 2730 invicta,
2449 2666 2588 2720 Deus
2634 2674 2688 2718 et
2733 2663 2994 2734 angelus;
3030 2671 3085 2718 et
3132 2661 3350 2716 tertium
3394 2657 3638 2728 philoso-

2028 2761 2180 2831 phia.
2217 2758 2310 2815 Est
2358 2759 2504 2813 enim
2547 2757 2905 2828 philosophus
2935 2755 3159 2827 quidem
3193 2768 3302 2808 non
3339 2749 3639 2814 materialis

2031 2855 2086 2908 in
2126 2853 2378 2916 materia,
2430 2852 2486 2906 in
2516 2865 2748 2920 corpore
2793 2857 2976 2904 autem
3014 2844 3546 2924 incircumscriptus,
3579 2841 3634 2895 in

2033 2954 2177 3001 terra
2234 2943 2496 3010 caelestis,
2551 2943 2605 2997 in
2673 2940 2958 2997 aﬂectibus
3016 2938 3466 3008 imperturbatus,
3517 2933 3638 2988 nhi-

2029 3054 2138 3109 que
2174 3035 2404 3092 inferior
2449 3035 2660 3090 caeteris
2733 3040 3094 3103 praeterquam
3129 3029 3298 3084 animi
3367 3029 3638 3099 magnitu-

2033 3128 2179 3190 dine,
2208 3137 2262 3184 et
2291 3126 2535 3183 cedendo
2563 3123 2935 3180 vincensillos
2953 3123 3043 3192 qui
3072 3137 3130 3178 se
3163 3121 3388 3176 vincere
3420 3127 3635 3188 putant.

435 3215 580 3286 Ἐγὼ
606 3216 738 3286 μίαν
779 3215 975 3284 σοφίαν
1002 3211 1141 3278 οἶδα,
1162 3196 1228 3266 τὸ
1249 3213 1536 3283 φοϐεῖσθαι
1567 3215 1727 3271 Θεόν.
1761 3217 1930 3289 Ἀρχή

2108 3219 2284 3276 Unam
2311 3233 2411 3290 ego
2443 3217 2766 3287 sapientiam
2801 3217 2950 3283 novi,
2985 3216 3178 3270 timere
3198 3215 3388 3270 Deum.
3421 3213 3634 3270 Etenim

351 3328 411 3364 τε
451 3313 559 3380 γὰρ
591 3308 788 3377 σοφίας
826 3307 991 3377 φόϐος
1042 3307 1251 3375 Κυρίου
1272 3323 1286 3338 ο
1319 3307 1440 3373 καὶ,
1471 3306 1640 3371 Τέλος
1669 3307 1833 3378 λόγου
1868 3311 1933 3364 τὺ

329 3400 461 3478 ⁵πεῖν
511 3402 702 3463 ἄκουε,
735 3399 826 3452 τὸν
856 3397 990 3450 Θεὸν
1022 3394 1214 3464 φοϐοῦ,
1250 3396 1345 3450 καὶ
1375 3397 1471 3462 τὰς
1503 3399 1727 3464 ἐντολάς
1768 3401 1935 3455 αὐτοῦ

355 3490 622 3559 φύλασσε.

430 3584 664 3638 Ἐπεται
717 3583 784 3654 τῇ
823 3580 1024 3653 γνώσει
1071 3580 1141 3635 τά
1193 3579 1375 3653 ἔργα,
1422 3581 1502 3646 ὡς
1534 3582 1612 3654 τῷ
1659 3582 1873 3655 σώματι
1904 3586 1938 3656 ἠ
1979 3664 1992 3670 ,_

356 3677 507 3730 σκιά.

436 3769 750 3841 Ἀμήχανον
793 3769 862 3824 τὰ
901 3770 1117 3841 μεγάλα
1165 3767 1272 3842 πρὸ
1317 3768 1428 3823 τῶν
1464 3771 1682 3844 μικρῶν
1717 3773 1940 3828 παιδευ-

355 3861 536 3932 θῆναι.

429 3957 643 4028 Ὥσπερ
671 3957 777 4028 γάρ
807 3959 834 4011 ὁ
879 3957 1031 4028 ἥλιος
1060 3957 1321 4011 ἁπάντων
1347 3958 1469 4014 ἐστὶ
1501 3957 1618 4029 φῶς
1643 3959 1756 4013 τῶν
1785 3960 1940 4025 ὄψεις

356 4049 613 4119 ἐχόντων,
652 4048 801 4104 οὕτω
833 4049 929 4105 καὶ
958 4052 987 4104 ὁ
1015 4051 1178 4121 σοφὸς
1208 4049 1320 4106 τῶν
1350 4050 1467 4105 ὅσοι
1500 4051 1727 4122 λογικῆς
1759 4069 1942 4109 κεκοι-

355 4144 554 4210 νῇκασι
591 4143 824 4212 φύσεως.

441 4237 668 4308 Ὀνείρῳ
717 4235 896 4291 ἔοικεν
953 4237 982 4290 ὁ
1025 4236 1138 4292 τῶν
1183 4239 1530 4299 ἀπαιδεύτων
1577 4241 1716 4315 βίος,
1775 4239 1941 4305 κενὰς

358 4326 498 4397 ἔχων
528 4329 856 4397 φαντασίας.

431 4419 749 4474 Εὔπλαστον
793 4420 886 4474 καὶ
929 4421 1099 4493 ὑγρὸν
1145 4423 1180 4494 η
1223 4422 1436 4495 νεότης,
1470 4422 1568 4479 καὶ
1597 4426 1718 4488 ταῖς
1745 4425 1944 4478 νεωτέ-

362 4532 488 4585 ραις
528 4514 733 4586 ψυχαῖς
769 4515 1007 4581 ἁπαλαῖς
1035 4516 1117 4571 ἔτι
1165 4517 1234 4571 τὰ
1277 4517 1579 4588 μαθήματα
1611 4518 1937 4573 ὲντίκτεται.

367 4608 482 4661 Πάν
510 4607 568 4663 δὲ
594 4607 654 4661 τδ
699 4608 937 4680 σκληρὸν
969 4608 1224 4680 χαλεπῶς
1260 4609 1618 4680 μαλάττεται.

434 4697 509 4754 Τὸ
562 4701 732 4756 πᾶσιν
783 4701 1175 4770 ἀπολογεῖσθαι
1234 4699 1638 4775 θεραπευτικὸν
1699 4700 1793 4754 καὶ
1843 4701 1948 4755 οὐκ

361 4792 738 4865 ἀξιωματικόν
759 4811 776 4827 ο
812 4795 875 4849 τὸ
901 4795 960 4850 δὲ
998 4795 1222 4850 πάντων
1257 4796 1628 4867 καταφρονεῖν
1659 4794 1949 4869 ὑπερήφα-

361 4901 452 4937 νον
479 4886 574 4939 atat
600 4887 850 4958 ἀνόητον.

430 4978 506 5032 Τὸ
530 4978 730 5034 ειδέναι
764 4980 889 5036 τινὰ
917 4981 1002 5035 ὅτι
1023 4980 1214 5050 ἀγνοεῖ
1244 4983 1443 5055 σοφίας
1471 4984 1642 5053 ἐστὶν,
1665 4984 1741 5049 ὼς
1763 4983 1859 5038 καὶ
1888 4983 1950 5038 τὸ

362 5071 565 5127 εἰδέναι
591 5074 675 5127 ὅτι
707 5073 938 5145 ἠδίκησε
969 5074 1341 5149 δικαιοσύνης.

437 5165 544 5220 Τδν
573 5167 876 5234 γνωστικὸν
899 5167 1158 5222 οὐδέποτε
1179 5168 1240 5222 τὸ
1266 5169 1523 5225 πλουτεῖν
1553 5169 1750 5242 γήθειν
1777 5171 1947 5238 ποιεῖ,

364 5259 486 5312 οὐδὲ
519 5261 582 5313 τὸ
614 5259 916 5330 χρημάτων
944 5261 1176 5332 ἀπορεῖν
1203 5262 1284 5325 εἰς
1306 5263 1641 5317 ταπείνωσιν
1669 5263 1820 5332 ἄγει,
1847 5263 1950 5331 τῆς

364 5351 564 5422 ἀρετῆς
597 5350 695 5404 καὶ
727 5352 922 5418 σοφίας
972 5351 1134 5406 αὐτὸν
1168 5351 1560 5426 ὖπερυψούσης
1582 5394 1597 5422 ,
1634 5355 1731 5410 καὶ
1777 5341 1950 5425 ὑπερ-

365 5443 478 5496 άνω
523 5442 706 5497 αὐτῶν
740 5441 999 5498 ἵστασθαι
1031 5443 1598 5514 παρασκευαζούσης.

439 5535 599 5592 Πᾶσα
634 5535 945 5607 ἐπιστήμη,
970 5533 1314 5607 χωριζομένη
1351 5537 1700 5607 δικαιοσύνης
1730 5537 1826 5592 καὶ
1851 5538 1952 5606 τῆς
1979 5569 1982 5572 ~

368 5627 538 5700 ἄλλης
590 5628 818 5702 ἀρετῆς,
872 5628 1226 5701 πανουργία,
1275 5627 1394 5683 ἀλλ’
1426 5630 1487 5684 οὐ
1545 5631 1712 5701 σοφία
1766 5631 1953 5702 φαίνε-

366 5738 480 5776 ται.

451 5816 805 5889 Ἀντισθένης
835 5817 1158 5892 ἐρωτηθεὶς,
1197 5819 1250 5873 τί
1277 5818 1470 5889 δήποτ’
1499 5819 1598 5891 οὐχ
1625 5822 1674 5876 oi
1707 5821 1954 5876 πλούσιοι

369 5909 509 5984 πρὸς
549 5911 676 5976 τοὺς
724 5911 928 5984 σοφοὺς
983 5913 1234 5981 ἀπίασιν,
1273 5912 1390 5994 ἀλλ’
1417 5912 1729 5982 ἀνάπαλιν,
1774 5910 1951 5979 εἶπεν,

2037 3313 2320 3386 sapientia:
2369 3313 2588 3368 initium
2643 3320 2729 3367 est
2781 3310 2946 3365 timor
3010 3308 3252 3364 Domini.
3313 3307 3379 3364 Et
3455 3308 3637 3364 alibi:

2039 3405 2183 3460 Audi.
2231 3418 2503 3462 summam
2557 3400 2851 3464 sermonis,
2890 3401 3061 3456 Deum
3095 3399 3250 3467 time,
3285 3407 3339 3454 et
3369 3407 3638 3470 praecepta

2038 3498 2158 3568 ejus
2212 3499 2471 3553 observa.

2109 3586 2414 3643 Clementis.
2431 3583 2812 3656 Cognitionem
2835 3599 2999 3654 opera
3020 3591 3351 3655 sequuntur,
3370 3590 3428 3636 ut
3446 3578 3638 3636 umbra

2040 3695 2264 3735 ('Ol'DllS.

2114 3698 2134 3733 r
2175 3697 2264 3735 ns.
2881 3705 2889 3713 -

2114 3697 2384 3828 Ifhilom's.
2411 3769 2532 3826 Non
2563 3772 2680 3827 ﬁeri
2700 3778 2880 3841 potest
2910 3779 2970 3826 ut
2994 3784 3193 3840 magna
3213 3767 3496 3824 discantur
3512 3775 3640 3821 ante

2042 3882 2228 3938 parva.

2115 3959 2264 4014 Sicut
2300 3957 2380 4012 sol
2413 3956 2658 4012 omnium
2683 3956 2858 4012 oculis
2884 3953 3237 4025 praeditorum
3270 3951 3359 4006 lux
3390 3958 3498 4017 est,
3556 3950 3640 4005 sic

2041 4053 2204 4106 etiam
2239 4051 2459 4122 sapiens
2483 4050 2730 4105 omnium
2769 4050 2862 4121 qui
2891 4048 3146 4104 rationali
3177 4056 3382 4115 natura
3420 4046 3639 4118 pzutici-

2043 4151 2192 4215 paul.

2117 4235 2336 4292 Isidori.
2373 4238 2603 4294 Somnio
2637 4237 2831 4294 similis
2865 4245 2945 4294 est
2980 4238 3361 4308 imperitorum
3393 4239 3528 4304 vita,
3549 4255 3640 4295 va-

2044 4344 2145 4385 nas
2174 4329 2592 4400 imaginationcs
2623 4330 2850 4385 habens.
2928 4339 2935 4347 ‘
3494 4336 3499 4340 ’

2117 4421 2378 4476 Formatu
2409 4422 2585 4478 facilis
2602 4433 2654 4476 et
2679 4424 2860 4479 mollis
2896 4433 2982 4480 est
3037 4425 3444 4489 adolescentia;
3471 4432 3522 4480 et
3548 4424 3639 4493 jn-

2046 4517 2296 4572 nioribus
2347 4518 2586 4590 ingeniis
2645 4519 2824 4574 adhuc
2875 4521 3081 4576 teneris
3132 4520 3435 4589 disciplina:
3484 4519 3642 4574 inna—

1977 4605 2020 4662 D
2048 4619 2298 4665 scuntnr.
2323 4608 2500 4666 Omne
2527 4618 2712 4666 autem
2748 4613 2946 4668 durum
2977 4629 3118 4683 a'gre
3151 4613 3417 4668 mollitur.

2121 4703 2389 4760 Omnibus
2424 4704 2693 4759 rationem
2724 4703 2972 4769 reddere,
3002 4705 3200 4761 servile
3228 4713 3391 4760 estet
3425 4705 3493 4760 ab
3541 4720 3638 4759 au-

2049 4799 2300 4853 ctoritate
2326 4797 2829 4854 alienumzomnes
2877 4809 3060 4854 autem
3113 4807 3490 4865 contemnere,
3541 4797 3642 4852 ho—

2052 4889 2217 4947 minis
2246 4899 2331 4946 est
2355 4891 2576 4960 superbi
2599 4898 2653 4945 et
2677 4890 2882 4945 stolidi.

2128 4983 2363 5053 Didymi.
2417 4981 2575 5038 Scire
2625 4984 2773 5054 quod
2832 4983 3069 5048 nescias,
3125 4983 3368 5039 scientim
3418 4990 3524 5050 est,
3580 4995 3642 5039 ut

2055 5089 2352 5147 agnoscere
2383 5089 2538 5131 suam
2571 5073 2929 5144 iniustitiam,
2966 5075 3212 5144 iustitiae.

2126 5167 2401 5239 Sapientis
2433 5171 2677 5224 animum
2735 5169 2916 5239 inopia
2969 5170 3217 5240 pecunia:
3267 5183 3376 5224 non
3431 5167 3637 5238 dejicit,

2053 5277 2179 5318 cum
2202 5263 2378 5317 virtus
2402 5271 2458 5318 et
2485 5262 2755 5333 sapientia
2784 5262 2961 5334 ipsum
2992 5263 3275 5332 extollant,
3305 5275 3357 5318 et
3387 5262 3633 5320 altiorem

2052 5355 2284 5433 pecunia
2313 5357 2602 5412 collocent.

2126 5540 2394 5598 Platonis.
2418 5539 2613 5600 Omnis
2645 5541 2875 5600 scientia
2910 5543 2953 5600 si
3004 5553 3289 5616 separetur
3335 5559 3364 5599 a
3425 5544 3642 5614 iustitia

2054 5646 2106 5692 et
2125 5636 2329 5709 reliqua
2348 5636 2569 5704 virtute,
2584 5637 2878 5703 calliditas,
2894 5647 2947 5694 et
2965 5653 3070 5693 non
3096 5638 3363 5710 sapientia
3385 5637 3639 5694 ellieitur.

2128 5817 2474 5874 Antisthenis.
2535 5818 2888 5878 Antisthenes
2948 5819 3317 5892 interrogatus
3375 5818 3644 5888 quamob-

2059 5929 2170 5971 rem
2202 5913 2398 5971 divites
2427 5928 2535 5971 aon
2577 5915 2724 5971 irent
2758 5916 2822 5966 ad
2857 5915 3153 5981 sapientes,
3181 5914 3279 5970 sed
3306 5912 3362 5969 hi
3393 5913 3460 5969 ad
3492 5911 3638 5972 illos.
