4038 6466
400 430 510 495 935

1681 433 2007 497 ΛΝΤΟΝῘΙ
2042 437 2391 499 MELISS/E

3571 427 3685 489 930

394 542 536 599 dixit
565 561 579 599 :
606 542 874 610 Ouoniam
913 544 1188 617 sapientes
1219 545 1404 603 sciunt
1433 544 1566 617 quid
1600 545 1680 602 eis
1733 560 1991 602 necessa-

2127 553 2221 605 Οτι
2253 542 2303 604 oi
2336 550 2493 618 σοφοὶ
2548 550 2648 619 μὲν
2700 549 2883 605 ἴσασιν
2941 539 3018 602 ὧν
3065 545 3214 601 ἔστιν
3274 539 3461 604 αὐτοῖς
3520 540 3687 611 χρεία

394 635 537 691 rium
568 636 640 691 sit
669 636 735 692 ad
763 637 951 703 vitam,
986 638 1059 693 illi
1096 653 1228 694 vero
1290 638 1587 695 nesciunt:
1628 653 1792 695 secus
1845 637 1994 694 enim

397 728 683 795 Sapientiae
712 730 895 798 potius
917 745 1080 799 quam
1106 731 1357 799 pecunia:
1390 731 1696 788 studerent.

470 820 697 874 Aristot.
745 820 1145 878 Demosthenes
1191 823 1329 878 dixit
1382 823 1631 880 radicem
1683 823 1996 895 disciplinae

394 926 642 968 amarum
672 927 815 974 esse,
848 912 1058 970 fructus
1082 924 1261 970 autem
1293 916 1504 972 dulces.

470 1005 778 1060 Democriti.
812 1006 1103 1076 Disciplina
1130 1006 1427 1064 fortunatis
1456 1008 1675 1078 quidem
1700 1022 1994 1064 ornamen-

395 1103 508 1151 tum
537 1107 640 1161 est,
675 1096 1032 1155 iuiurtuuatis
1053 1106 1238 1155 autem
1276 1099 1573 1168 refugium.

466 1188 726 1247 Civitates
762 1201 958 1247 ornant
1000 1191 1375 1259 anathemata,
1444 1193 1656 1249 animas
1700 1209 1831 1250 vero
1881 1209 1993 1250 mae

395 1280 659 1337 themata.

467 1369 728 1429 Socratis.
793 1375 1050 1433 Socrates
1099 1377 1459 1447 interroganti
1515 1380 1792 1450 quodnam
1847 1390 1998 1437 esset

395 1465 828 1532 pulcherrimum
893 1470 1119 1538 animal,
1173 1470 1351 1527 dixit:
1383 1471 1559 1529 Homo
1602 1474 1850 1531 doctrina
1901 1490 1997 1532 or-

395 1566 580 1613 natus.

467 1649 615 1705 idem
664 1667 789 1707 cum
844 1653 894 1709 ei
952 1671 1133 1712 sermo
1183 1657 1462 1716 barbarus
1509 1663 1991 1730 exprobraretur:

397 1739 509 1811 Ego
537 1743 783 1813 quidem,
808 1745 965 1815 dixit,
996 1749 1265 1806 barbarus
1293 1766 1417 1806 sum
1445 1750 1642 1821 verbis,
1675 1766 1775 1810 vos
1815 1760 1995 1809 autem

402 1835 678 1894 moribus.

2101 642 2240 713 πρὸς
2282 641 2377 697 τὸν
2413 642 2553 715 βίον,
2587 643 2637 696 οῖ
2694 642 2753 696 δὲ
2792 643 2894 696 οὒκ
2933 641 3135 704 ῐσασιν,
3189 636 3314 692 ἐπεὶ
3347 634 3550 707 μᾶλλον
3585 649 3685 686 σο-⁹

2098 736 2228 807 φίας
2259 735 2291 807 ἢ
2319 735 2623 806 χρημάτων
2653 734 3044 805 δπεμελοῦντο.

2184 827 2562 900 Ἀριστοτέλης
2611 825 2710 897 τὴν
2776 826 2874 895 μὲν
2910 824 3068 895 ῥίζαν
3118 823 3220 892 τῆς
3280 818 3525 882 παιδείας
3570 818 3684 890 ἔφη

2098 916 2239 975 εἶναι
2269 920 2498 991 πικρὰν,
2532 917 2656 981 τοὺς
2677 916 2733 971 δὲ
2764 917 3016 987 καρποὺς
3041 913 3289 983 γλυκεῖς.

2173 1010 2404 1066 Παιδεία
2435 1006 2727 1078 εὐτυχοῦσι
2766 1005 2866 1077 μὲν
2896 1005 3014 1059 ἔστι
3044 1003 3272 1073 κόσμος,
3331 998 3596 1071 ἀτυχοῦσι
3622 996 3684 1051 δὲ

2097 1102 2458 1173 καταφύγιον.

2169 1197 2282 1260 Τὰς
2311 1195 2411 1267 μὲν
2451 1194 2637 1257 πόλεις
2667 1190 3002 1263 ἀναθήμασι,
3038 1186 3139 1251 τὰς
3182 1186 3240 1240 δὲ
3284 1182 3466 1255 ψυχὰς
3502 1180 3685 1253 μαθή-

2101 1305 2235 1359 μασι
2266 1289 2347 1343 δεῖ
2371 1290 2622 1360 κοσμεῖν.

2170 1379 2470 1449 Σωκράτης
2518 1375 2820 1450 ἐρωτηθεὶς
2846 1413 2865 1442 ,
2915 1373 2971 1427 τί
3013 1372 3123 1427 τῶν
3161 1370 3320 1436 ζώων
3366 1368 3682 1432 κάλλιστον,

2097 1471 2227 1543 ἔφη·
2263 1471 2589 1543 ΙἌνθρωπος
2628 1468 2851 1542 παιδείᾳ
2884 1464 3331 1537 κεκοσμημένος.

2178 1668 2239 1723 '0
2268 1669 2429 1733 αὐτὸς
2457 1667 2853 1739 ὀνειδιζόμενος
2891 1665 3000 1722 ὑπό
3028 1681 3177 1728 τινος
3210 1663 3295 1717 ὅτι
3328 1656 3682 1732 βαρϐαρίζω,

2098 1758 2225 1832 ἔφη*
2271 1759 2414 1830 Ἐγὼ
2441 1759 2542 1832 μὲν
2575 1758 2656 1831 τῷ
2683 1759 2853 1830 λόγῳ,
2895 1757 3054 1829 ὑμεῖς
3084 1755 3142 1809 δὲ
3175 1755 3250 1826 τῷ
3280 1752 3493 1824 τρόπῳ.

473 1926 656 1987 Solon.
691 1931 878 1989 Soloni
908 1950 1033 1991 c-um
1066 1935 1401 2007 ohjiceretur
1421 1937 1566 2008 quod
1589 1953 1716 1993 cum
1764 1938 1996 1995 haberet

2175 1939 2356 1994 Σόλων
2379 1937 2780 2008 ὀνειδιζόμενός
2808 1953 2943 1992 ποτε
2972 1936 3059 1990 ὅτι
3087 1916 3245 2006 δίκην
3272 1933 3412 2005 ἔχων
3438 1930 3683 2002 ἐμισθώ-

398 2013 616 2079 forense
642 2014 941 2097 neéotium,
962 2029 1313 2087 conduxisset
1339 2029 1446 2102 91
1467 2039 1738 2086 oratorem
1767 2049 1783 2087 :
1808 2033 1997 2104 Atqui,

399 2114 558 2180 dixit,
587 2133 712 2173 cum
741 2119 916 2176 habeo
949 2123 1283 2187 convivium,
1308 2137 1547 2193 coquum
1581 2124 1854 2182 conduco.

472 2207 758 2265 Cleanthis.
803 2210 1097 2269 Cleanthes
1140 2214 1357 2269 dicebat
1407 2214 1657 2271 homines
1712 2215 1998 2286 imperitos

399 2299 516 2353 Sola
547 2299 720 2354 iorma
762 2301 982 2357 diliertze
1003 2319 1033 2357 a
1062 2304 1274 2359 bestiis.

474 2388 831 2459 Empedoclis.
877 2392 1233 2465 Empedocles
1261 2394 1327 2451 ad
1377 2397 1666 2467 quemdam
1723 2398 1996 2455 dicentem

401 2480 550 2551 quod
578 2483 785 2538 nullum
818 2486 1121 2553 sapientem
1156 2487 1395 2556 reperire
1455 2499 1640 2557 posset
1670 2506 1686 2545 :
1717 2487 1839 2545 Non
1890 2491 1996 2543 mi-

399 2590 525 2629 rum
547 2583 652 2642 est,
677 2575 814 2632 dixit
851 2594 865 2631 :
897 2588 1111 2648 oportet
1141 2590 1199 2634 ut
1226 2579 1318 2636 ille
1347 2581 1589 2652 primum
1657 2583 1858 2654 sapiat,
1903 2593 2000 2653 qui

403 2666 712 2737 sapientem
772 2673 991 2740 quaerit.

482 2756 769 2817 Theocriti.
815 2760 1146 2821 Theocritus
1180 2758 1354 2825 Chius
1409 2767 1656 2837 ineptum
1706 2762 2000 2838 quemdam

405 2857 623 2920 poetam
652 2852 972 2909 recitantem
993 2855 1311 2913 auscultans
1340 2865 1394 2912 et
1424 2856 1801 2928 interrogatus
1820 2853 1890 2910 ah
1909 2866 1997 2921 eo,

405 2954 657 3012 quanam
691 2942 740 2998 ei
774 2943 1052 3013 placerent
1077 2945 1101 3000 ῖ
1127 2946 1415 3017 respondit
1448 2962 1466 3002 :
1496 2944 1630 3013 Quae
1659 2941 1920 3000 omisisti.

465 3032 832 3107 Philosophus
857 3036 1080 3108 quidam
1104 3052 1232 3094 cum
1253 3040 1394 3096 duos
1427 3039 1732 3107 discipulos
1754 3038 1998 3104 haberet,

404 3126 636 3182 alterum
666 3126 888 3197 quidem
931 3128 1292 3195 laboriosum,
1341 3131 1440 3186 sed
1492 3129 1703 3185 hebetis
1765 3126 1996 3200 ingenii,

2105 2048 2238 2086 σατο
2266 2032 2496 2103 ῥήτορα,
2526 2030 2641 2086 Καὶ
2668 2030 2805 2103 γὰρ,
2839 2028 2967 2101 ἔφη,
3015 2029 3145 2083 ὅταν
3173 2028 3391 2081 δεῖπνον
3417 2024 3548 2097 ἔχω,
3577 2027 3686 2095 μά-

2099 2138 2286 2194 γειρον
2320 2119 2646 2194 μισθοῦμαι.

2174 2216 2459 2289 Κλεάνθης
2488 2216 2616 2281 τοὺς
2655 2215 3022 2280 ἀπαιδεύτους
3066 2212 3175 2286 ἔφη
3223 2214 3363 2287 μόνῃ
3397 2215 3464 2286 τῇ
3498 2213 3687 2285 μορψῇ

2099 2305 2209 2361 τῶν
2239 2306 2449 2378 Θηρίων
2471 2306 2775 2377 διαφέρειν.

2181 2393 2554 2466 Ἐμπεδοκλῆς
2588 2397 2726 2466 πρὸς
2758 2394 2851 2451 τδν
2881 2395 3132 2464 λέγοντα,
3161 2394 3247 2449 ὅτι
3275 2393 3480 2448 Οὐδένα
3517 2390 3685 2461 copi»

2100 2483 2284 2553 εὑρεῖν
2311 2482 2569 2555 δύναμαι,
2598 2486 2759 2540 Κατὰ
2778 2485 2966 2554 λόγον,
2995 2481 3139 2539 εἶπε⁹
3170 2486 3263 2539 τὸν
3291 2486 3399 2554 γὰρ
3419 2483 3689 2553 ζητοῦντα

2103 2573 2266 2645 σοφὸν
2311 2574 2478 2629 αὐτὸν
2522 2576 2789 2649 πρότερον
2827 2573 2970 2631 εῖναι
2998 2576 3079 2631 δεῖ
3105 2578 3290 2646 σοφόν.

2100 2789 2120 2805 ν
2168 2760 2466 2832 Θεόκριτος
2488 2762 2517 2815 ὁ
2543 2760 2679 2825 Χῖος
2709 2762 2920 2831 ἀφυοῦς
2943 2763 3174 2833 ποιητοῦ
3204 2764 3470 2836 ἀκρόασιν
3500 2766 3691 2821 ποιού-

2105 2868 2289 2923 μενος,
2321 2853 2681 2926 ἐρωτώμενος
2718 2854 2814 2908 ὑπ’
2838 2855 3005 2910 αὐτοῦ
3037 2856 3164 2911 ποῖά
3208 2858 3360 2910 ἐστιν
3388 2858 3460 2912 τὰ
3503 2858 3691 2922 καλῶς

2101 2943 2393 3016 εἰρημένα,
2420 2943 2548 3016 εφη·
2585 2947 2653 3000 ’Δ
2683 2947 3013 3018 παρέλιπες.

2171 3035 2468 3107 Φιλόσοφος
2499 3038 2643 3110 ἔχων
2673 3039 2769 3093 δύο
2808 3041 3085 3111 μαθητὰς,
3120 3043 3219 3097 ἕνα
3252 3042 3356 3110 μὲν
3386 3041 3563 3112 ἀφυῆ,
3600 3058 3694 3110 φι-

2100 3130 2326 3186 λόπονον
2350 3130 2430 3196 δὲ,
2459 3131 2651 3205 ἕτερον
2678 3132 2736 3187 δὲ
2766 3133 2966 3205 εὐφυῆ,
2996 3135 3167 3206 ἀργὸν
3196 3134 3277 3200 δὲ,
3312 3129 3467 3191 εἶπεν
3487 3149 3502 3165 ·
3552 3135 3611 3187 Ἀ
3624 3153 3696 3203 μ-

402 3221 633 3274 alterum
663 3220 1032 3292 ingeniosum,
1064 3223 1159 3279 sed
1190 3222 1447 3293 ignavum
1483 3239 1498 3277 :
1534 3222 1734 3288 Ambo,
1758 3222 1994 3291 dicebat,

2127 3226 2325 3296 pdsspOt
2364 3224 2685 3279 ἀπόλοισθεο
2742 3225 2846 3281 aer
2880 3224 2945 3281 σὺ
2998 3227 3100 3298 μὲν
3130 3226 3304 3282 θέλων
3334 3226 3396 3281 οὐ
3426 3225 3579 3299 δύνῃ,
3621 3226 3695 3280 σὺ

403 3314 684 3385 pereatis;
716 3315 973 3385 quoniam
1003 3326 1062 3371 tu
1091 3330 1217 3372 cum
1242 3315 1399 3383 velis,
1419 3330 1531 3372 non
1563 3324 1745 3387 potes,
1778 3324 1835 3372 tu
1870 3330 1997 3373 vero

2127 3316 2160 3369 ῖὲ
2183 3313 2482 3387 δυνάμενος
2504 3317 2565 3371 οὐ
2591 3316 2801 3383 θέλεις.

405 3420 532 3459 cum
563 3405 762 3475 possis,
822 3421 931 3462 non
959 3406 1067 3463 vis.

479 3501 711 3556 Pra'stat
738 3515 890 3566 sero,
915 3515 1079 3573 quam
1100 3499 1235 3557 nihil
1262 3499 1499 3558 discere.

475 3592 733 3663 Agricola
756 3601 981 3659 terram,
1006 3591 1370 3665 philosOphus
1394 3590 1677 3665 ingenium
1701 3592 1927 3652 excolit.

481 3774 797 3834 Democriti.
819 3773 1152 3833 Civitatibus
1197 3774 1426 3843 moenia,
1446 3774 1649 3831 animis
1688 3788 1822 3831 vero
1844 3789 2001 3832 mens

407 3886 503 3942 per
521 3869 871 3942 disciplinam
894 3869 1116 3926 exculta
1152 3867 1321 3927 decus
1342 3874 1396 3925 et
1434 3866 1836 3923 munimentum
1865 3880 2004 3938 prat-

410 3969 580 4019 stant.

481 4055 620 4111 Cum
645 4051 866 4123 juvenis
895 4051 952 4109 in
986 4050 1203 4108 theatro
1228 4050 1584 4125 gloriaretur,
1617 4062 1675 4110 et
1696 4052 2000 4125 sapientem

411 4163 472 4202 se
495 4146 841 4217 praedicaret,
864 4152 925 4200 ut
946 4143 1040 4217 qui
1073 4143 1259 4201 multis
1280 4144 1621 4217 sapientibus
1644 4154 2003 4204 conversatus

409 4249 579 4307 esset,
609 4238 894 4311 respondit
917 4237 1140 4311 quidam
1174 4256 1189 4295 :
1219 4237 1290 4295 Et
1335 4252 1437 4311 ego
1495 4237 1686 4297 multis
1740 4237 2004 4296 divitibus

408 4342 789 4399 conversatus.
825 4347 936 4389 non
963 4340 1146 4389 tamen
1169 4331 1321 4389 dives
1359 4346 1505 4388 sum.

483 4426 631 4483 idem
664 4423 849 4482 dixit:
884 4424 1001 4481 Non
1055 4424 1213 4481 decet
1272 4422 1498 4480 doctum
1548 4420 1697 4479 inter
1752 4419 2004 4479 indoctos

413 4520 586 4593 loqui,
614 4527 676 4576 ut
702 4533 879 4590 neque
897 4516 1144 4574 sobrium
1162 4517 1306 4573 inter
1332 4515 1539 4573 ebrios.

487 4707 805 4776 (Euopidia.
833 4703 1146 4777 CEuopides
1175 4716 1305 4760 cum
1334 4700 1544 4759 videret
1594 4699 1999 4758 adolescentem

417 4801 621 4858 multos
637 4799 806 4855 libros
825 4798 1173 4870 conquirere,
1198 4795 1382 4856 dixit:
1408 4794 1529 4852 Non
1560 4795 1733 4863 cistas,
1766 4793 1860 4851 sed
1878 4808 2005 4865 pec-

418 4895 547 4951 tori.

494 4988 752 5048 Socratis.
776 4985 1030 5043 Socrates
1057 4985 1426 5053 interrogatus
1454 4980 1601 5053 quod
1629 4979 1689 5037 in
1718 4979 1831 5035 vita
1880 4994 2006 5035 sua-

418 5085 705 5143 vissimum
730 5089 897 5147 esset,
921 5076 1060 5134 dixit
1086 5093 1102 5132 :
1135 5071 1430 5145 Disciplina
1459 5080 1516 5131 et
1534 5073 1728 5139 virtus,
1750 5081 1803 5127 et
1821 5084 2004 5126 rerum

418 5175 821 5248 incognitarum
851 5169 1110 5241 cognitio.

488 5267 637 5324 Lari.
685 5264 860 5321 Lasus
913 5262 1298 5331 interrogatus“
1333 5257 1469 5332 quid
1533 5253 2005 5329 sapientissimum

418 5368 566 5419 esset
595 5376 612 5414 :
643 5352 1010 5426 Experientia,
1038 5351 1200 5409 dixit.

493 5448 641 5506 Idem
673 5459 799 5501 cum
861 5443 1119 5500 indoctus
1167 5439 1388 5513 quidem
1443 5439 1619 5512 pictor
1649 5439 1700 5495 ei
1757 5437 2004 5496 diceret:

420 5545 599 5616 Opere
640 5537 869 5597 tectorio
886 5537 1039 5594 illine
1056 5536 1280 5592 domum
1309 5544 1485 5603 tuam,
1515 5542 1577 5590 ut
1596 5533 1782 5607 ipsam
1818 5532 2009 5606 depin-

423 5653 569 5710 gam,
596 5630 882 5706 respondit
910 5649 926 5688 :
952 5630 1198 5696 Minime,
1220 5628 1317 5685 sed
1349 5636 1405 5684 tu
1438 5631 1593 5699 prius
1612 5642 1732 5685 eam
1753 5626 2007 5699 depinge,

422 5741 484 5792 ut
509 5729 716 5787 illinam
739 5720 949 5798 postea.

496 5819 771 5878 Demadis.
794 5817 1000 5876 Rerum
1018 5815 1261 5889 ipsarum
1273 5810 1608 5887 experientis
1623 5818 1847 5886 prastat
1859 5806 2011 5869 omni

422 5913 740 5986 sophistica:
771 5912 1055 5971 doctrinae.

2172 3501 2394 3558 Βέλτιον
2420 3501 2663 3574 ὀψιμαθῆ
2687 3501 3000 3569 καλεῖσθαι,
3027 3502 3061 3575 ἢ
3090 3503 3304 3576 ἀμαθῆ.

2187 3594 2252 3650 '0
2302 3595 2404 3667 μὲν
2452 3595 2706 3666 γεωργὸς
2762 3595 2862 3668 τὴν
2911 3597 3038 3669 γῆν,
3074 3598 3105 3653 ό
3151 3597 3209 3653 δὲ
3259 3598 3548 3671 φιλόσοφος
3587 3598 3696 3675 τὴν

2100 3685 2287 3759 ψυχὴν
2335 3687 2623 3761 ἐξημεροῐ·
3318 3702 3325 3705 ·

2174 3780 2312 3845 Ταῖς
2341 3780 2443 3851 μὲν
2484 3780 2683 3836 πόλεσι
2722 3782 2792 3837 τὰ
2839 3782 3018 3856 τείχη,
3044 3783 3170 3848 ταῖς
3218 3783 3276 3841 δὲ
3323 3783 3527 3857 ψυχαῖς
3564 3787 3593 3840 ό
3624 3784 3694 3840 ὲκ

2104 3873 2357 3939 παιδείας
2390 3872 2514 3941 νοῦς
2543 3874 2751 3946 κόσμον
2791 3876 2889 3930 καὶ
2929 3876 3238 3947 ἀσφάλειαν
3288 3876 3612 3950 παρέχεται.

2136 4062 2139 4065 λ
2175 4055 2486 4113 Νεανίσκου
2543 4058 2606 4112 ιν
2651 4056 2870 4130 θεάτρῳ
2927 4057 3369 4131 ἔνασρυνομένου
3394 4098 3410 4124 ,
3446 4059 3538 4115 καὶ
3591 4056 3688 4112 λέ-

2103 4166 2296 4221 γοντος
2343 4149 2508 4222 σοφὸς
2554 4143 2719 4220 εῖναι,
2751 4150 2972 4215 πολλοῖς
3001 4149 3277 4222 ὁμιλήσας
3316 4151 3525 4221 σοφοῖς,
3560 4147 3689 4205 εἶπέ.

2123 4259 2233 4308 τις*
2270 4241 2446 4313 Κάγὼ
2495 4240 2710 4306 πολλοῖς
2754 4240 3052 4308 πλουσίοις,
3085 4242 3224 4298 ἀλλὰ
3277 4241 3536 4307 πλούσιος
3586 4242 3696 4296 οὐκ

2107 4332 2247 4388 εἰμί.

2207 4351 2247 4388 ι.

2163 4351 2254 4482 μζο
2280 4424 2445 4489 αὒτδς
2470 4423 2576 4497 εφη
2599 4442 2614 4459 ο
2645 4426 2722 4480 Οὐ
2757 4424 2926 4481 καλὸν
2966 4424 3408 4495 πεπαιδευμένον
3435 4426 3495 4480 ἓν
3523 4424 3696 4478 ἀπαι-

2114 4518 2330 4584 δεύτοις
2369 4517 2737 4588 διαλέγεσθαι,
2792 4517 2984 4590 ὥσπερ
3038 4518 3164 4574 οὐδὲ
3194 4518 3437 4591 νήφοντα
3462 4516 3698 4589 μεθύου-

2023 4615 2078 4678 ι)
2106 4629 2216 4667 σιν.

2183 4704 2476 4777 Οἰνοπίδης
2518 4703 2666 4776 δρῶν
2704 4702 2995 4775 μειράκιον
3041 4704 3212 4759 πολλὰ
3260 4703 3444 4775 βιϐλία
3473 4700 3690 4774 κτώμε-

2107 4813 2218 4865 νον,
2248 4796 2376 4868 ἔφη·
2405 4794 2497 4867 Μὴ
2519 4798 2585 4868 τῇ
2615 4794 2859 4867 κιϐωτῷ,
2889 4794 3027 4850 ἀλλὰ.
3070 4794 3151 4867 τῷ
3177 4796 3385 4867 στήθει.

2182 4979 2488 5052 Σωκράτης
2525 4974 2828 5050 ἐρωτηθεὶς
2858 4975 2913 5030 τί
2946 4974 3164 5047 ἥδιστον
3199 4975 3259 5030 ἓν
3286 4974 3366 5047 τῷ
3393 4974 3513 5046 βίῳ,
3542 4973 3649 5046 ἔφη
3684 4993 3697 5009 ’

2107 5070 2336 5125 Παιδεία
2372 5067 2466 5123 καὶ
2492 5066 2685 5139 ἁρετὴ,
2719 5067 2816 5120 καὶ
2851 5065 3065 5137 ίστορία
3084 5064 3196 5120 τῶν
3219 5067 3623 5135 ἀγνοουμένων.

2142 5311 2147 5314 ,
2183 5253 2368 5316 Λᾶσος
2402 5248 2706 5323 ἒρωτηθεὶς
2764 5244 2873 5302 ὑπό
2926 5262 3073 5312 τινος
3128 5244 3185 5300 τί
3228 5246 3317 5318 εἴη
3360 5245 3700 5315 σοφώτατον,

2109 5350 2305 5419 Πεῖρα,
2329 5344 2459 5416 ἔφη.

2193 5438 2255 5496 '0
2289 5436 2475 5502 αὐτὸς,
2498 5431 2712 5511 ἀφυοῦς
2749 5432 3047 5504 ζωγράφου
3079 5429 3332 5502 λέγοντος
3383 5427 3556 5501 αὐτῷ,
3588 5429 3701 5484 Κο-

2110 5529 2300 5589 νίασόν
2325 5543 2422 5582 σου
2445 5525 2544 5596 τὴν
2583 5525 2786 5591 οἰκίαν,
2815 5523 2907 5578 ἵνα
2935 5522 3110 5595 αὐτὴν
3140 5522 3512 5592 ζωγραφήσει),
3542 5519 3651 5591 ἔφη
3676 5534 3695 5552 ·

2112 5617 2415 5692 Οὐμενοῦν,
2475 5614 2613 5672 ἀλλὰ
2650 5613 2719 5668 σὺ
2768 5614 3037 5685 πρότερον
3089 5613 3263 5683 αὐτὴν
3305 5608 3699 5683 ζωγράφησον,

2114 5715 2201 5769 ita
2232 5710 2374 5784 μετὰ
2398 5708 2576 5765 ταῦτα
2602 5705 2715 5778 ἰτὼ
2742 5704 2916 5777 αὐτὴν
2939 5704 3199 5760 κονιάσω.

2200 5804 2267 5857 Ἥ
2308 5801 2401 5857 διὰ
2452 5798 2565 5854 τῶν
2596 5795 2944 5868 πραγμάτων
2990 5796 3260 5870 ἑμπειρία
3291 5796 3560 5870 κρείττων
3583 5794 3699 5851 πά-

2121 5911 2219 5966 σης
2258 5890 2580 5964 σοφιστικῆς
2611 5887 2960 5952 διδασκαλίας
2990 5886 3126 5942 ἔστί.
