4038 6458
389 411 510 474 939
1647 400 1968 462 ΑΝΤΟΝΙΙ
2007 397 2353 460 ΜΕΙᾸδὲᾸΕ
3569 375 3683 440 940

402 524 730 585 existimans
763 522 902 594 (hare
929 519 1074 576 enim
1116 515 1404 589 persuasio
1437 530 1530 586 per
1561 514 1776 571 laudem
1811 529 1868 570 se
1914 516 1994 570 in-
2020 521 2065 578 Α

2203 516 2381 586 ιφέναι
2413 511 2505 565 τοῦ
2559 508 2761 580 δρόμου
2796 509 2855 560 τὸ
2901 506 3080 576 τέρμα
3117 499 3298 573 (τοῦτο
3327 495 3436 565 γὰρ
3467 493 3494 545 ὁ
3525 492 3689 546 ἐπαι-

407 620 617 689 sinuat)
645 631 871 676 currere
901 612 1122 670 desinit.
1158 619 1209 668 e'
1240 581 1528 666 victoriam
1555 607 1756 681 perdit.

2214 601 2616 673 ύπαινίττεται)
2635 599 2876 654 παύεται
2898 593 2994 650 τοῦ
3023 593 3262 665 τρέχειν,
3287 587 3382 642 καὶ
3401 583 3499 655 τὴν
3525 581 3692 652 νίκην

481 794 826 854 Moschionis.
860 791 919 848 Si
947 791 1086 846 bene
1113 788 1305 844 audire
1329 801 1508 859 cupis,
1547 787 1690 842 bene
1720 785 1870 856 loqui
1905 783 1992 839 di-

2205 701 2380 753 λλυσι.

2203 795 2232 846 ζί
2264 792 2441 854 θέλεις
2475 786 2656 850 καλῶς
2692 784 2936 848 ἀκούειν,
2978 778 3220 850 μάνθανε
3253 772 3436 835 καλῶς
3466 770 3650 838 λέγειν
3675 783 3692 800 ο

411 905 556 946 scas.
591 886 820 944 Coneris
851 886 989 942 bene
1010 881 1214 948 facere,
1232 889 1288 940 et
1319 881 1400 939 sic
1430 880 1567 936 bene
1594 877 1848 935 audiendi
1873 877 1997 932 fru-

2204 884 2279 955 ρῶ
2313 881 2495 944 καλῶς
2541 879 2825 950 πράττειν,
2860 873 2957 928 καὶ
2990 870 3164 933 οὕτως
3197 867 3474 939 καρπώσῃ
3499 864 3562 917 to
3593 879 3701 915 κα-

405 990 559 1038 cuum
589 979 864 1048 acquires.

2203 997 2210 1039 :
2240 975 2485 1032 ἀκούειν.

495 1043 755 1144 Ροιυιέηί.
791 1069 1100 1126 Praescntes
1128 1081 1308 1138 neque
1337 1066 1634 1135 vituperes,
1673 1078 1851 1129 neque
1882 1061 2002 1117 lau-

2203 1065 2475 1138 Ῑαρόντων
2510 1062 2610 1132 μὲν
2643 1060 2784 1129 μήτε
2827 1056 2988 1125 ψέγε,
3033 1053 3172 1124 μήτε
3211 1048 3461 1104 ἐπαίνειο
3488 1045 3547 1101 τὸ
3592 1043 3702 1117 μὲν

416 1165 538 1232 des,
567 1164 675 1220 hoc
700 1163 847 1220 enim
879 1160 1276 1227 adulationem,
1313 1156 1448 1213 illud
1497 1153 1607 1226 93
1658 1152 2000 1208 inimicitiam

2203 1177 2216 1213 ›
2259 1157 2464 1229 ἔχθραν
2494 1152 2674 1226 φέρει,
2695 1150 2758 1205 τὸ
2784 1149 2842 1204 δὲ
2875 1145 3195 1203 κολακείαν.

413 1257 582 1330 parit.

495 1350 814 1421 Autagem‘s.
864 1347 1099 1418 Operam
1121 1346 1189 1400 da
1221 1351 1280 1400 ut
1310 1342 1472 1400 vivus
1506 1339 1821 1407 laudabilis,
1855 1353 2007 1394 mor-

421 1449 551 1498 tuus
579 1453 761 1498 autem
795 1443 990 1497 beatus
1017 1435 1305 1508 iudiceris.

498 1531 647 1588 Idem
679 1531 835 1597 dixit,
863 1531 1004 1588 Cum
1039 1529 1193 1584 multi
1232 1543 1320 1585 me
1353 1527 1602 1593 laudant,
1637 1536 1750 1581 tum
1809 1522 2012 1579 nullius

427 1626 590 1698 pretii
621 1626 895 1696 meipsum
939 1623 1232 1692 existimo;
1265 1638 1390 1678 cum
1423 1637 1552 1677 vero
1579 1620 1758 1692 pauci,
1804 1619 2011 1674 bonum

2203 1616 2326 1679 ιίζω
2362 1612 2591 1685 μηδενὸς
2634 1609 2783 1675 ἄξιος
2818 1603 2960 1661 εἶναι
2986 1620 3000 1635 °
3041 1603 3168 1658 ὅταν
3208 1599 3267 1653 δὲ
3310 1596 3504 1665 ὀλίγοι,

427 1725 486 1773 et
514 1717 793 1789 egregium
827 1716 1126 1773 hominem.

2203 1714 2264 1774 ὀς
2291 1709 2599 1777 ἄνθρωπος.

501 1807 755 1866 Civitatis
779 1817 1161 1864 ornamentum
1187 1815 1269 1862 est
1293 1803 1555 1860 fortitudo
1580 1804 1857 1869 virorum;
1895 1817 2017 1857 cor—
2048 1861 2065 1871 _

2203 1803 2412 1871 Κόσμος
2462 1797 2616 1851 πόλει
2663 1793 2762 1864 μὲν
2809 1787 3086 1859 εὐανδρία,
3118 1785 3331 1854 σώματι
3373 1781 3429 1834 δέ
3473 1777 3669 1839 κάλλος
3696 1792 3713 1806 ο

432 1900 602 1971 poris,
623 1899 1004 1970 pulchritudo;
1028 1899 1244 1965 animae,
1265 1898 1479 1968 iustitia
1496 1915 1510 1952 :
1529 1897 1612 1954 his
1627 1895 1900 1952 contraria
1919 1895 2016 1950 de-
2048 1861 2065 1918 1

2205 1897 2273 1967 κῇ
2306 1861 2373 1966 ο
2396 1861 2463 1946 ᾐδὲ
2496 1861 2864 1953 δικαιδσύνηί.
2893 1880 2962 1934 τὰ
2987 1879 3029 1932 δ’
3056 1876 3273 1930 ἐναντία
3299 1871 3505 1927 τούτων
3543 1871 3719 1922 ἀκοσ-

435 1993 622 2050 decori
683 2005 834 2051 sunt.
893 1995 1126 2067 Oportet
1156 2003 1339 2050 autem
1387 1995 1594 2057 virum,
1624 2001 1678 2048 et
1707 1991 2016 2056 mulierem,

2203 1962 2492 2054 ’λνδρα
2518 1980 2575 2035 δὲ
2606 1978 2701 2032 καὶ
2728 1977 2965 2045 γυναῖκα
2996 1971 3089 2024 καὶ
3110 1968 3268 2035 λόγον
3295 1966 3391 2019 καὶ
3424 1964 3582 2032 ἔργον
3614 1962 3718 2012 καὶ

435 2093 491 2139 et
543 2099 882 2154 sermonem,
931 2096 986 2142 et
1024 2085 1267 2153 factum,
1321 2093 1378 2141 et
1428 2084 1741 2150 civitatem,
1796 2090 1852 2137 et
1906 2095 2020 2136 rem

2203 2081 2285 2134 λιν
2313 2051 2674 2146 καὶ-πρᾶγμα
2705 2068 2812 2140 χρὴ
2838 2067 2899 2120 ti:
2949 2063 3050 2134 μὲν
3079 2061 3230 2127 ἄξιον
3259 2056 3478 2111 ἐπαίνου
3505 2051 3719 2120 ἐπαίνῳ

439 2148 764 2246 quamlibet,
802 2177 847 2233 si
869 2143 1044 2232 laude
1077 2143 1372 2245 digna'sit,
1403 2174 1680 2231 laudando
1707 2143 1984 2228 honorare
2004 2211 2020 2236 ,

2203 2169 2319 2241 ιᾷν,
2371 2165 2450 2237 τῷ
2481 2143 2531 2218 δ’
2569 2161 2775 2231 ἀναξίῳ
2833 2156 3026 2227 μῶμον
3085 2148 3380 2205 ἐπιθεῖναι.
3433 2145 3555 2212 Ἰση
3602 2143 3720 2208 γὰρ

440 2263 722 2338 indignam
753 2281 883 2323 vero
908 2267 1180 2337 vituperio
1215 2265 1450 2322 allicere.
1482 2263 1658 2331 (Eque
1681 2264 1827 2321 enim
1869 2235 2026 2318 vitio-

2203 2235 2375 2333 .a'ptia
2397 2235 2494 2315 καὶ
2519 2256 2727 2328 ἀμαθία
2761 2247 3073 2324 μέμφεσθαι
3105 2263 3166 2299 τε
3199 2242 3267 2297 τὰ
3309 2236 3589 2301 ἐπαινετὰ,
3620 2235 3720 2289 καὶ

443 2373 564 2413 sum
591 2365 648 2414 et
695 2359 951 2414 stolidum
981 2367 1088 2426 est,
1137 2358 1458 2430 vituperare
1500 2355 1798 2423 laudanda,
1835 2361 1889 2411 et
1909 2354 2028 2408 lau-

2203 2357 2380 2412 αινεϊν
2409 2351 2480 2406 τὰ
2515 2348 2773 2421 οιωμητά.

2182 1339 2301 1395 Ζῶν
2332 1338 2436 1409 μὲν
2463 1333 2712 1400 ἐπαινοῦ,
2735 1327 3025 1386 ἀποθανὼν
3051 1326 3111 1381 δέ
3152 1323 3482 1396 μακαρίζου.

2194 1529 2258 1581 ὐ
2289 1525 2449 1586 αὐτὸς
2498 1515 2677 1585 εἷπεν,
2721 1515 2895 1570 Ὅταν
2949 1508 3217 1567 ἐπαινῶσί
3252 1523 3321 1576 με
3350 1501 3558 1568 πολλοὶ,
3581 1500 3713 1553 τότε

3533 1609 3713 1644 σπου-

443 2449 576 2505 dare
605 2449 989 2520 vituperanda.

394 3550 456 3617 /

376 3628 454 3798 \

876 2586 1108 2644 SERMO
1136 2586 1224 2643 ιιι
1258 2586 1355 2660 [aL
1399 2585 1556 2658 vui].

1025 2703 1105 2759 De
1133 2703 1466 2758 adulatione.

524 2817 656 2874 Luc.
699 2833 774 2874 vt.
835 2815 923 2873 γε
975 2818 1200 2888 quando
1257 2819 1397 2875 bene
1441 2817 1595 2875 vobis
1637 2815 1882 2873 dixerint
1937 2815 2039 2871 ho-

452 2910 652 2965 mines.

523 2998 704 3056 Judtr.
761 3001 826 3056 Hi
860 3009 990 3058 sunt
1046 3011 1510 3066 murmuratores,
1570 2999 1825 3073 queruli,
1885 2997 2041 3068 juxta

455 3091 935 3164 concupiscentias
1010 3107 1142 3149 suas
1186 3092 1557 3160 ambulantes,
1615 3099 1671 3148 et
1699 3106 1762 3147 os
1818 3089 2040 3144 illorum

2203 3084 2447 3154 τιθυμίας
2481 3078 2661 3134 αὐτῶν
2696 3073 3082 3146 πορευόμενοι,

458 3185 708 3256 loquitur
760 3184 967 3241 tumida
996 3226 1012 3254 ,
1055 3184 1396 3242 admirantes
1449 3199 1736 3256 personas,
1784 3179 2040 3238 utilitatis

2203 3148 2652 3246 dei-ﬁnépoyxa,
2703 3164 3080 3236 Θαυμάζοντες
3132 3156 3405 3229 πρόσωπα
3459 3148 3734 3219 ὠφελείας

459 3288 658 3347 gratia.

533 3369 636 3426 Per
695 3370 1224 3444 blandiloquentiam
1281 3373 1563 3444 decipiunt
1603 3372 1771 3426 corda
1835 3366 2046 3439 simpli-

460 3463 632 3544 cium.

538 3560 818 3617 Solomon.
864 3556 1159 3618 Sermones
1187 3570 1494 3618 astutorum
1543 3561 1736 3617 molles
1769 3567 1918 3626 sunt,
1952 3557 2048 3615 sed

468 3652 672 3709 feriunt
703 3657 998 3724 penetralia
1025 3655 1324 3710 viscerum.

538 3747 728 3804 Melior
755 3758 840 3806 est
873 3750 957 3804 vir
985 3750 1076 3820 qui
1110 3747 1411 3818 redarguit,
1451 3761 1616 3818 quam
1642 3745 1737 3817 qui
1772 3744 2046 3800 adulatur.

547 3840 663 3896 Ira.
705 3840 813 3907 Qui
853 3856 950 3897 vos
980 3840 1167 3897 felices
1196 3840 1516 3910 praedicant,
1553 3839 1822 3894 seducunt
1847 3850 1969 3900 vos,
1999 3843 2053 3889 et

469 3935 661 3990 callem
694 3934 794 3989 via:
820 3932 1165 4003 perturbant.

545 4026 606 4084 S.
640 4026 858 4081 Basilii.
883 4023 1186 4092 Fugiamus
1243 4021 1611 4077 adulationem
1645 4029 1700 4076 et
1733 4020 2054 4076 assentatio—

473 4135 622 4183 nem,
649 4129 704 4175 et
726 4117 1004 4175 insidiosa:
1027 4115 1206 4188 volpis
1235 4115 1492 4171 astutiam
1525 4122 1579 4168 et
1608 4113 1785 4170 varias
1810 4113 2055 4170 fraudes.

2737 2570 2958 2626 ΛΟΓΟΣ
2985 2563 3112 2621 NB'.

2669 2687 2811 2757 Περὶ
2845 2682 3192 2755 κολακβιας.

2211 2811 2371 2877 Οὐαὶ,
2403 2810 2532 2864 ὅταν
2564 2804 2750 2867 καλῶς
2780 2800 3010 2854 εἴπωσιν
3041 2795 3187 2866 ὑμᾶς
3217 2794 3267 2848 οἱ
3309 2791 3617 2861 ἄνθρωποι.

2213 2984 2376 3049 Οὗτοί
2435 2989 2544 3042 εἱσι
2588 2979 2916 3052 γογγυσταὶ.
2981 2973 3370 3045 μεμψίμοιροι,
3427 2966 3567 3021 κατὰ
3622 2963 3732 3025 τὰς

3118 3067 3214 3121 καὶ
3250 3063 3311 3117 τὸ
3335 3063 3511 3130 στόμα
3541 3055 3732 3111 αὐτῶν

2148 3275 2329 3348 χάριν.

2223 3335 2324 3421 litat
2351 3364 2450 3433 τῆς
2476 3354 2882 3432 χρηστολογίας
2912 3347 3230 3415 ἐξαπατῶσι
3254 3344 3349 3407 τὰς
3373 3339 3600 3410 καρδίας
3623 3335 3737 3388 τῶν

2152 3458 2400 3516 ἀκάκων.

2224 3550 2392 3618 Λόγοι
2426 3545 2734 3613 κερκὼπων
2765 3542 3022 3613 μαλακοὶ,
3048 3531 3198 3596 οὗτοι
3227 3536 3286 3591 δὲ
3318 3533 3618 3587 τύπτουσιν
3656 3523 3740 3583 εἰς

2153 3645 2360 3714 ταμεϊα
2397 3639 2742 3710 σπλάγχνων.

2227 3735 2516 3808 Κρείσσων
2566 3731 2707 3802 ἀνὴρ
2766 3729 3007 3798 ἐλέγχων
3055 3723 3148 3779 τοῦ
3203 3715 3620 3776 κολακεύοντος.

2229 3802 2295 3884 Ol
2325 3825 2729 3900 μακαρίζοντες
2779 3823 2924 3892 ὑμᾶς
2979 3817 3260 3872 πλανῶσιν
3303 3811 3469 3881 ὑμᾶς,
3501 3805 3598 3860 καὶ
3637 3802 3744 3868 τὴν

2158 3925 2347 3999 τρίϐον
2376 3924 2486 3978 τῶν
2516 3921 2652 3975 ὁδῶν
2683 3917 3074 3988 ταράσσουσιν.

2231 4019 2500 4087 Φύγωμεν
2531 4014 2823 4076 κολακείας
2853 4012 2947 4065 καὶ
2974 4005 3233 4071 θωπείας,
3271 4003 3366 4058 καὶ
3393 4001 3493 4070 τῆς
3523 3993 3747 4066 ἀρχιλό-

2161 4129 2260 4182 χου
2285 4086 2570 4170 ἀλώπεκος
2603 4106 2662 4159 τὸ
2697 4101 2988 4173 κερδαλέον
3019 4098 3114 4152 καὶ
3138 4095 3408 4149 ποικίλον.
3441 4087 3607 4144 Οὐδὲν
3631 4086 3749 4154 γὰρ

472 4212 623 4268 Nihil
649 4211 799 4268 enim
831 4209 1230 4266 intolerabilius
1256 4217 1340 4264 est
1366 4215 1516 4262 recte
1539 4205 1874 4277 sapientibus
1892 4220 2054 4276 quam

2203 4201 2550 4270 αλεπώτερον
2591 4199 2706 4260 τοῖς
2737 4196 2798 4249 εὖ
2830 4189 3089 4263 φρονοῦσι
3123 4185 3218 4241 τοῦ
3256 4183 3394 4256 πρὸς
3425 4179 3582 4247 δόξαν
3618 4177 3750 4246 ζῇν,

475 4306 663 4362 vivere
694 4305 760 4360 ad
795 4303 1052 4376 gloriam,
1075 4309 1131 4357 et
1158 4301 1224 4356 ad
1266 4299 1575 4370 Opinionem
1603 4268 1857 4369 pluribus
1883 4268 2056 4352 ratam

2203 4297 2258 4351 αὶ
2301 4293 2372 4348 τὰ
2400 4294 2511 4355 τοῖς
2541 4289 2758 4350 πολλοῖς
2805 4284 3065 4339 δοκοῦντα
3101 4275 3486 4349 περισκοπεῖν,
3531 4269 3627 4325 καὶ
3669 4268 3752 4338 μὴ

479 4398 780 4468 respicere,
807 4410 920 4452 non
950 4403 1132 4451 autem
1169 4403 1375 4448 rectam
1401 4392 1673 4447 rationem
1711 4390 1834 4445 vitae
1862 4389 2056 4446 ducem

2203 4391 2257 4441 δν
2290 4386 2449 4458 ὀρθὸν
2479 4384 2639 4451 λόγον
2674 4377 2918 4450 ἡγεμόνα
2951 4371 3224 4428 ποιεῖσθαι
3254 4367 3351 4422 toﬁ
3379 4365 3521 4438 βίου.

479 4488 785 4546 instituere.

552 4583 615 4641 In
648 4537 785 4638 hoc"
814 4579 1025 4636 amicus
1088 4577 1157 4633 ab
1191 4575 1478 4633 adulatore
1536 4571 1737 4639 dill‘ert,
1791 4571 1934 4641 quod
1972 4569 2061 4625 hic

2240 4571 2412 4628 Toﬁto
2467 4568 2618 4638 φίλος
2665 4564 2896 4620 κόλακος
2943 4555 3244 4621 διενήνοχε,
3269 4549 3332 4602 τὸ
3361 4546 3452 4600 τὸν
3486 4543 3584 4612 μὲν
3613 4537 3759 4641 πρὸς

485 4675 708 4748 quidem
768 4679 1135 4731 conversatur
1164 4673 1232 4725 ad
1259 4668 1618 4737 voluptatem,
1671 4665 1762 4720 ille
1792 4678 1922 4720 vero
1951 4677 2066 4718 mo-

482 4771 640 4826 lestis
667 4769 832 4826 etiam
867 4781 978 4821 non
1011 4764 1268 4820 abstinet.

563 4861 836 4930 Theotogi.
873 4858 970 4915 Est
1017 4855 1164 4912 enim
1216 4855 1318 4909 viri
1367 4851 1726 4925 magnanimi,
1764 4850 2067 4906 amicorum

487 4957 669 5028 potius
724 4953 1031 5008 libertatem
1091 4947 1434 5019 approbare,
1487 4960 1650 5015 quam
1721 4941 2070 4998 inimicorum

489 5046 876 5106 adulationem.

569 5141 738 5197 Multo
779 5138 950 5195 satius
975 5144 1057 5191 est
1087 5149 1182 5204 per
1206 5130 1508 5188 molestiam
1545 5142 1766 5199 parvam
1819 5122 2072 5178 utilitatis

495 5235 787 5308 plurimum
843 5228 1168 5288 conciliare,
1225 5239 1390 5293 quam
1431 5222 1769 5290 voluptatem
1815 5217 2074 5274 sectaudo

421 5339 423 5342 ‘
497 5328 664 5383 totius
697 5323 864 5381 sortis
893 5323 1168 5393 iacturam
1212 5318 1437 5372 inferre.

566 5418 625 5474 S.
659 5417 934 5484 Chrysost.
963 5411 1099 5467 Cum
1130 5409 1310 5479 aliqua
1357 5404 1588 5461 mutatio
1633 5403 1693 5458 ﬁt
1718 5402 1769 5456 in
1810 5401 2073 5465 deterius,

499 5523 634 5567 tunc
664 5508 987 5565 auferuntur
1015 5504 1360 5558 adulatorum
1404 5512 1652 5569 personae
1680 5514 1692 5550 :
1727 5505 1839 5550 tum
1873 5493 2074 5548 chorus

502 5600 854 5662 histrionum,
876 5606 929 5651 et
963 5595 1040 5649 rei
1079 5591 1355 5648 simulatio
1382 5595 1703 5660 arguuntur.
1741 5581 2078 5654 Aperiuntur

501 5695 746 5750 omnium
811 5705 928 5754 ora,
986 5682 1407 5745 exsecrandum,
1464 5667 1770 5748 improbum
1817 5670 2077 5727 cthomi—

504 5801 627 5843 nem
655 5783 954 5856 pessimum
991 5775 1252 5830 vocitant.
1292 5772 1371 5824 An
1413 5783 1520 5824 non
1557 5768 1675 5822 heri
1705 5759 2079 5819 asseutabaris

2169 4664 2363 4736 ἡδονὴν
2412 4632 2644 4730 ὁμιλεῖν,
2694 4656 2784 4709 τὸν
2835 4652 2894 4705 δὲ
2945 4649 3085 4720 μήτε
3137 4642 3251 4697 τῶν
3285 4637 3601 4694 λυπούντων
3647 4632 3758 4684 ἀπ-

2169 4757 2414 4828 ἔχεσθαι.

2244 4847 2402 4900 Ἐστι
2447 4843 2555 4910 γὰρ
2592 4837 2784 4903 ἀνδρὸς
2826 4828 3235 4902 μεγαλόφρονος
3267 4820 3436 4892 φίλων
3487 4814 3762 4884 ἀποδέχε-

2174 4942 2297 4996 σθαι
2328 4936 2529 5009 μᾶλλον
2564 4925 2899 4998 ἐλευθερίαν,
2936 4922 2969 4990 ἢ
2999 4916 3211 4990 ἐχθρῶν
3243 4911 3559 4968 κολακείαν.

2247 5116 2435 5187 Πολλῷ
2470 5113 2679 5184 βέλτιον
2717 5105 2924 5179 βραχέα
2951 5101 3300 5170 λυπήσαντα,
3347 5090 3581 5187 μέγιστα
3613 5084 3763 5185 dupe:

2173 5171 2425 5281 λῆσαι,ἧ
2471 5171 2536 5256 τὸ
2589 5171 2728 5270 πρὸς
2754 5171 2967 5267 ’ἡδονὴν
3014 5189 3303 5251 διώκοντα,
3352 5177 3633 5252 ζημιῶσαι
3681 5171 3764 5242 τῷ

2175 5298 2483 5372 κεφαλαίῳ.

2249 5356 2731 5459 ίοταν.μετα6ολὴ
2755 5397 2840 5444 τις
2873 5376 3102 5448 γένηται
3145 5366 3286 5439 πρὸς
3313 5363 3375 5419 to
3402 5356 3766 5459 xe't'pov,-t6ts

2174 5489 2286 5542 τῶν
2320 5452 2572 5541 κολάκων
2604 5452 2927 5546 ἀφαιρεῖται
2953 5467 3024 5522 τὰ
3055 5461 3374 5534 προσωπεῖα
3396 5471 3412 5488 ⁸
3444 5453 3573 5546 τότε
3613 5452 3641 5504 ὁ
3668 5465 3767 5546 Xo:

2323 5537 2609 5643 ἐλέγχεται
2656 5537 2774 5619 ¹τῶν
2826 5556 3160 5627 ὑποκριτῶν,
3194 5551 3290 5606 καὶ
3336 5550 3372 5620 ἡ
3419 5541 3623 5652 σκῆψις

2181 5629 2529 5741 πραγματξς.
2603 5657 2909 5726 Ἀνοίγεται
2965 5649 3184 5702 πάντων
3238 5641 3308 5696 τὰ
3368 5637 3636 5704 στόματα,

2187 5716 2736 5833 μῖαρέῖςῑλνέγοντες,
2764 5716 2827 5800 ’ὁ
2881 5740 3138 5833 πονηρδς,
3188 5729 3634 5833 ὁ-παμπόνηρος.
3683 5716 3767 5774 Οὐ

505 5813 627 5843 IICIII
655 5813 954 5856 Pcaalululu
997 5813 1252 5830 vuuuu-un
1292 5813 1371 5824 uu-
1415 5813 1520 5824 ην..
1558 5813 1674 5822 ...μγ
1706 5813 1998 5819 ..-νγ-ηνηη

505 5878 579 5947 ei,
631 5885 688 5934 et
731 5883 931 5930 manus
984 5866 1106 5938 eius
1154 5856 1602 5917 deosculabaris?
1666 5853 1907 5910 Persona
1963 5851 2065 5906 btet

2203 5813 2311 5920 [θὲς
2335 5813 2498 5900 α’ύτδν
2529 5813 2891 5903 ἐκολάκευες;
2918 5832 2979 5886 ού
3010 5813 3121 5893 τὰς
3166 5825 3356 5895 χεῖρας
3395 5813 3562 5874 αὑτοῦ
3600 5825 3768 5866 κατε-
