4038 6446
389 377 488 440 941

1232 377 1405 437 LOCI
1450 377 1890 438 COMMUNES.
1931 403 2000 415 —
2030 378 2226 440 PARS
2266 378 2310 440 Ι.
2361 379 2618 440 SERMO
2658 378 2783 439 [Π.

3520 379 3630 446 942

378 501 588 564 φίλεις;
626 498 978 568 Προσωπεῖον
1023 491 1092 570 ἦν
1143 496 1351 550 ἐκεῖνα.
1403 490 1607 548 Ἦλθεν
1653 495 1681 546 ὁ
1731 490 1945 562 καιρὸς,
1975 491 2008 551 Α

2053 503 2236 560 erant;
2275 511 2420 550 nunc
2469 505 2681 564 tempus
2722 496 2889 562 venit,
2937 495 2990 550 in
3049 510 3160 566 quo
3211 509 3500 567 personam
3531 497 3628 552 ah-

378 592 474 644 καὶ
495 591 697 663 έρριψα
721 590 782 643 τὸ
813 589 1178 661 προσωπεῖον,
1214 588 1308 641 καὶ
1344 589 1715 660 ἀπεφηνάμην
1743 589 1807 656 τῇ
1837 585 1948 638 δια-

377 679 514 750 νοίᾳ.

449 773 623 833 Νόσος
660 775 842 842 φιλίας
879 777 910 844 ἡ
949 775 1231 830 κολακεία.

449 866 563 928 Ίῖὰς
587 866 700 919 τῶν
729 867 1004 936 ἀρχόντων
1025 867 1334 936 εὐπραγίας
1379 868 1582 938 μᾶλλον
1613 866 1645 937 ἤ
1686 865 1810 926 τοὺς
1851 864 1953 929 ἄρ-

378 975 577 1028 χοντας
607 959 806 1022 αὐτοὺς
833 958 1059 1011 εἰώθασι
1090 957 1419 1029 θεραπεύειν
1447 960 1495 1013 oi
1526 959 1788 1012 πλεῖστοι.

456 1048 674 1102 Ἔοικεν
703 1048 736 1118 ἡ
767 1047 1029 1102 κολακεία
1061 1050 1281 1118 γραπτῇ
1315 1050 1611 1120 πανοπλίᾳ.
1639 1049 1731 1102 Διὸ
1760 1049 1954 1118 τέρψιν

383 1140 483 1209 μὲν
512 1141 651 1210 ἔχει,
687 1141 878 1210 χρείαν
905 1140 962 1193 δὲ
993 1141 1252 1210 οὐδεμίαν
1283 1142 1534 1212 παρέχει.

451 1316 534 1369 Τὰ
563 1314 664 1384 μὲν
705 1314 841 1379 ξύλα
883 1315 945 1369 τδ
974 1316 1087 1388 πῦρ
1115 1317 1436 1382 αὐξάνοντα,
1468 1317 1559 1372 ὑπ’
1589 1316 1752 1372 αὑτοῦ
1786 1319 1954 1385 πυρὸς

379 1405 838 1460 καταναλίσκεται
859 1421 875 1437 ο
901 1407 930 1460 ὀ
953 1405 1011 1460 δὲ
1040 1407 1270 1472 πλοῦτος
1295 1409 1512 1480 τρέφων
1553 1412 1680 1474 τοὺς
1717 1410 1955 1476 κόλακας

380 1497 474 1549 ὑπ’
505 1496 686 1550 αὐτῶν
717 1495 925 1550 τούτων
954 1497 1355 1568 διαφθείρεται.

453 1586 665 1655 Ὥσπερ
718 1586 769 1637 οἱ
818 1587 1056 1656 κόρακες
1118 1588 1553 1658 παρεδρεύοντες
1598 1591 1953 1664 ἐξορύσσουσι

380 1676 506 1738 τοὺς
555 1676 665 1727 τῶν
724 1675 934 1745 νεκρῶν
983 1676 1333 1748 ὀφθαλμοὺς,
1414 1679 1588 1744 οὕτως
1635 1684 1683 1734 οἱ
1724 1683 1954 1749 κᾶλακες

380 1768 496 1828 τοῖς
527 1766 768 1830 ἐπαίνοις
803 1767 929 1830 τοὺς
969 1765 1265 1840 λογισμοὺς
1296 1768 1671 1842 διαφθείρουσι
1716 1775 1824 1827 τῶν
1863 1776 1954 1829 ἀν-

384 1856 643 1926 θρώπων.

457 1949 624 2020 Λαγῷ
657 1949 756 2020 μὲν
795 1948 957 2014 κύνα,
982 1951 1124 2022 φίλῳ
1167 1952 1224 2006 δὲ
1256 1952 1464 2009 κόλακα
1495 1954 1657 2024 φύσει
1693 1955 1958 2026 πολέμιον

385 2038 642 2110 ἡγητέον.

455 2129 685 2197 Χαίρειν
713 2131 819 2203 χρὴ
862 2135 978 2197 τοῖς
1024 2132 1358 2202 ἐλέγχουσιν,
1388 2131 1451 2185 ού
1484 2131 1598 2196 τοῖς
1631 2130 1961 2186 κολακεύου-

2063 584 2191 654 jeci,
2227 595 2277 640 et
2311 589 2480 641 animi
2506 589 2610 642 mei
2640 588 2970 643 sententiam
3004 587 3322 643 declaravi-

2126 764 2429 822 Clementis.
2459 765 2710 821 Adulatio
2735 765 2963 820 morbus
2992 773 3073 819 est
3103 762 3372 819 amicitiae.

2126 857 2379 928 Plerique
2464 859 2636 928 magis
2697 858 3012 913 felicitatem
3089 855 3400 926 principum
3467 869 3628 924 quam

2055 950 2332 1019 principes
2363 950 2510 1020 ipsos
2542 951 2723 1005 colere
2751 951 2953 1005 solent.

2132 1039 2439 1094 Plutarchi.
2475 1039 2730 1094 Adulatio
2772 1038 2972 1095 similis
3002 1047 3084 1094 est
3110 1037 3380 1108 panOpIiae
3427 1035 3621 1105 pictae:

2055 1133 2166 1206 95.
2224 1133 2457 1188 delectat
2513 1132 2660 1186 enim
2721 1133 2930 1197 solum,
2991 1131 3133 1187 nihil
3175 1145 3310 1187 vero
3375 1129 3628 1184 utilitatis

2059 1229 2284 1298 praabet.

2124 1321 2298 1390 Ligna
2325 1319 2540 1390 quidem
2573 1315 2821 1388 augendo
2837 1315 3016 1384 ignem
3041 1313 3111 1369 ab
3138 1313 3257 1385 ipso
3278 1313 3401 1384 igne
3425 1327 3630 1368 consu-

2057 1422 2313 1466 muntur:
2359 1410 2561 1465 divitia:
2598 1418 2777 1463 autem
2841 1421 2966 1462 cum
3003 1406 3249 1460 nutriant
3295 1404 3627 1469 adulatores,

2057 1504 2126 1558 ab
2154 1503 2243 1560 bis
2281 1502 2414 1573 ipsis
2457 1501 2785 1572 pet-duntur.

2125 1591 2596 1660 Quemadmodum
2651 1591 2799 1648 corvi
2849 1589 3181 1645 cadaverum
3237 1587 3425 1643 oculos
3480 1585 3626 1642 effo-

2057 1685 2232 1750 diunt,
2280 1684 2361 1738 sic
2387 1683 2700 1739 adulatores
2739 1681 2856 1738 suis
2883 1681 3140 1736 laudibus
3189 1679 3473 1734 hominum
3510 1677 3632 1732 ani-

2060 1788 2176 1828 mos
2199 1779 2573 1842 corrumpunt.

2129 1952 2323 2023 Lepori
2360 1965 2572 2015 canem,
2626 1951 2805 2006 amico
2862 1950 3199 2005 adulatorem
3254 1933 3445 2003 natura
3494 1945 3634 2002 infe-

2056 2052 2200 2098 stum
2229 2057 2352 2099 esse
2371 2041 2715 2113 cogitandum
2745 2048 2852 2097 est.

2128 2133 2484 2190 Gaudendum
2559 2142 2645 2189 est
2707 2131 3039 2188 commercio
3095 2128 3630 2201 reprehendentium,

385 2236 493 2274 σιν.
523 2222 588 2274 0i
621 2221 721 2289 μὲν
753 2223 862 2292 γὰρ
893 2223 1044 2294 ἡμᾶς
1074 2221 1372 2286 λυποῦντες
1399 2223 1782 2292 διεγείρουσιν,
1820 2224 1868 2276 oi
1900 2223 1957 2277 δὲ

2059 2242 2166 2283 non
2197 2227 2575 2291 adulantium;
2615 2223 2669 2278 hi
2716 2223 2862 2278 enim
2916 2221 3275 2294 gratiﬁcando
3331 2219 3635 2275 dissolvunt

385 2313 737 2383 χαριζόμενοι
764 2313 1018 2368 ἐκλύουσι
1051 2314 1145 2370 καὶ
1169 2313 1532 2377 σκελίζουσιν.

459 2492 624 2561 Διόρα
649 2491 744 2545 καὶ
771 2493 897 2555 τοὺς
924 2493 1088 2562 τέχνῃ
1115 2491 1542 2554 κολακεύοντας,
1567 2495 1660 2547 καὶ
1688 2495 1815 2557 τοὺς
1842 2496 1958 2564 μετ’

2058 2328 2111 2375 et
2139 2319 2465 2374 subvertunt
2503 2332 2628 2382 nos,
2695 2315 2773 2369 illi
2805 2328 2936 2370 vero
2986 2313 3291 2370 molestiam
3327 2311 3635 2366 exhibendo

2058 2411 2300 2466 excitant
2321 2419 2374 2466 et
2396 2411 2633 2480 erigunt.

2132 2500 2266 2557 Vide
2294 2501 2518 2574 quinam
2559 2515 2624 2556 ex
2651 2511 2770 2557 arte
2817 2499 3130 2560 adulentur,
3160 2505 3252 2551 aut
3300 2510 3366 2550 ex
3396 2495 3633 2550 benevo—

384 2583 600 2647 εὐνοίας
624 2583 1051 2653 θεραπεύοντας,
1081 2584 1170 2638 ἴνα
1201 2585 1278 2655 μὴ
1311 2585 1498 2638 πλεῖον
1517 2587 1566 2639 oi
1589 2586 1815 2657 πονηροὶ
1850 2587 1959 2639 τῶν

2061 2593 2227 2648 lentia
2255 2601 2307 2649 te
2337 2593 2537 2658 colant,
2570 2607 2640 2647 ne
2661 2592 2819 2647 malis
2853 2591 2972 2660 plus
3002 2589 3211 2644 tribuas
3234 2601 3396 2657 quam
3449 2585 3630 2640 bonis.

384 2675 642 2748 χρηστῶν
665 2676 883 2747 ἔχωσιν.

455 2770 622 2823 Μίσει
653 2772 780 2832 τοὺς
815 2768 1236 2833 κολακεύοντας,
1266 2770 1458 2843 ὥσπερ
1486 2774 1611 2839 τοὺς
1641 2775 1960 2841 ἐξαπατῶν-

383 2881 503 2928 τας.
537 2852 867 2934 Ἀμφότεροι
899 2862 1008 2933 γὰρ
1037 2863 1420 2928 πιστευθέντες
1457 2868 1585 2930 τοὺς
1625 2867 1952 2921 πιστεύσαν-

384 2973 486 3019 τας
514 2955 782 3011 ἀδικοῦσι.

469 3048 594 3101 Ἐπὶ
644 3049 747 3118 τῆς
799 3049 1088 3116 κολακείας
1142 3054 1332 3124 ὥσπερ
1390 3051 1485 3106 ἐπὶ
1531 3050 1627 3104 τοῦ
1671 3051 1957 3121 μνήματος

383 3141 518 3195 αὐτὸ
547 3141 710 3210 μόνον
738 3143 800 3195 τὸ
835 3144 1006 3212 ὄνομα
1033 3145 1134 3215 τῆς
1165 3145 1349 3213 φιλίας
1381 3144 1810 3215 ἐπιγέγραπται.

467 3228 524 3285 Ὀ
551 3232 715 3296 αὐτὸς
760 3235 1062 3304 ἐρωτηθεὶς
1112 3235 1166 3288 τί
1200 3235 1308 3288 τῶν
1339 3235 1544 3307 θηρίων
1587 3235 1824 3289 κάκιστα
1860 3235 1953 3291 δά-

381 3339 523 3390 κνει,
570 3325 675 3392 ἔφη
704 3340 719 3356 ο
762 3343 782 3377 ι
820 3327 942 3379 Τῶν
977 3326 1078 3396 μὲν
1127 3327 1333 3397 ἀγρίων
1367 3327 1728 3398 συκοφάντης,
1759 3327 1868 3380 τῶν
1909 3326 1954 3379 δ’

379 3414 605 3486 ἡμέρων
635 3414 799 3482 κόλαξ
807 3456 820 3470 .
855 3435 872 3468 ι

451 3507 803 3578 Δημοσθένης
830 3507 960 3578 ἔφη,
991 3509 1082 3562 τὸν
1110 3507 1323 3562 κόλακα
1352 3506 1512 3562 τοῦτο
1558 3509 1833 3578 διαφέρειν
1858 3510 1951 3563 τοῦ

378 3599 636 3670 κόρακος,
669 3601 750 3654 ὅτι
781 3601 810 3654 ὁ
847 3601 946 3670 μὲν
972 3599 1216 3665 ζῶντας,
1236 3603 1263 3654 ὁ
1295 3601 1350 3654 δὲ
1380 3601 1604 3670 νεκροὺς
1632 3602 1820 3657 ἐσθίει.

455 3779 802 3850 Ἀντισθένης
836 3779 1030 3851 φησίν·
1060 3779 1430 3848 Αίρετώτερον
1473 3782 1550 3844 εἰς
1578 3781 1818 3850 κόρακας
1854 3784 1951 3854 ἐμ-

378 3872 567 3924 πεσεῐν
605 3871 639 3942 ἢ
687 3871 770 3934 είς
813 3871 1092 3934 κόλακας⁹
1123 3871 1174 3924 οἱ
1218 3870 1319 3942 μὲν
1360 3871 1468 3943 γὰρ
1503 3874 1863 3939 ἀποθανόντος
1889 3880 1951 3931 τὸ

377 3960 560 4027 σῶμα,
583 3961 633 4013 oi
662 3960 721 4014 δὲ
751 3960 954 4025 ζῶντος
981 3959 1082 4031 τὴν
1109 3959 1288 4030 ψυχὴν
1317 3959 1694 4028 λυμαίνονται.

445 4053 510 4104 ΟΞ
555 4051 656 4121 μὲν
693 4051 934 4122 κόρακες
958 4051 1067 4104 τῶν
1095 4053 1562 4120 τετελευτηκότων
1593 4055 1717 4118 τοὺς
1748 4056 1949 4125 ὀφθαλ-

375 4143 512 4208 μοὺς
543 4139 916 4210 λυμαίνονται,
957 4143 1006 4194 οἱ
1039 4140 1093 4194 δὲ
1127 4141 1356 4204 κόλακες
1408 4143 1520 4196 τῶν
1575 4144 1792 4208 ζώντων
1849 4147 1947 4209 τὰς

369 4229 550 4300 ψυχὰς
572 4229 1000 4301 διαφθείρουσιν.

445 4321 656 4392 Ὥσπερ
682 4325 711 4376 ὁ
731 4321 985 4385 Ἀκταῖος
1009 4321 1115 4375 ὑπὸ
1145 4322 1255 4375 τῶν
1277 4325 1630 4392 τρεφομένων
1660 4325 1753 4380 ὑπ’
1781 4326 1945 4381 αὑτοῦ

372 4412 552 4465 κυνῶν
595 4413 889 4478 ἀπέθανεν,
925 4410 1100 4477 οὕτως
1132 4414 1183 4467 oi
1219 4413 1454 4480 κόλακες
1487 4417 1615 4480 τοὺς
1647 4419 1947 4487 τρέφοντας

371 4504 775 4559 κατεσθίουσιν.

358 4629 364 4642 .
439 4596 666 4667 Κράτης
730 4597 868 4668 πρὸς
925 4597 1046 4651 νέον
1097 4598 1379 4665 πλούσιον,
1413 4599 1643 4654 πολλοὺς
1705 4603 1942 4667 κόλακας

373 4686 790 4760 ἐπισυρόμενον,
821 4684 943 4741 εἶπε
966 4703 980 4719 ⁸
1015 4689 1310 4754 Νεανίσκε,
1361 4692 1495 4745 ἐ).εῶ
1543 4709 1639 4745 σου
1680 4694 1779 4760 τὴν
1815 4697 1944 4764 ἐρη-

377 4779 529 4847 μίαν.

481 4871 709 4943 Ἔλεγχε
737 4873 932 4928 σαυτὸν
958 4873 1107 4939 ὅστις
1127 4869 1198 4941 εἶ,
1224 4877 1316 4928 καὶ
1348 4875 1422 4946 μὴ
1444 4876 1580 4946 πρὸς
1611 4875 1773 4945 χάριν

477 4963 687 5029 ’Λκου’,
717 4965 952 5035 ἀφαιροῦ
986 4967 1041 5019 δέ
1064 4968 1313 5022 κολάκων
1339 4967 1672 5039 παρρησίαν.

438 5056 615 5126 Χαῖρε
675 5059 786 5120 τοῖς
839 5058 1119 5128 ἐλέγχουσί
1169 5077 1229 5113 σε
1288 5061 1493 5127 μᾶλλον
1543 5060 1576 5130 ἢ
1620 5061 1732 5122 τοῖς
1783 5060 1947 5113 κολα-

369 5146 660 5203 κεύουσιν’
716 5149 794 5214 ὡς
847 5149 890 5202 δ’
934 5150 1143 5220 ἐχθρῶν
1185 5153 1433 5224 χείρονας
1499 5153 1770 5223 ἑκτρέπου
1823 5153 1948 5214 τοὺς

368 5255 792 5302 κολακευοντας.

449 5329 511 5384 Ἦ
536 5331 645 5385 τῶν
673 5331 926 5386 κολάκων
955 5332 1140 5387 εὔνοια
1176 5335 1429 5406 καθάπερ
1477 5338 1539 5390 ὲκ
1575 5337 1786 5408 τροπῆς
1812 5337 1938 5406 φεύ-

366 5438 454 5492 γει
477 5425 577 5488 τὰς
610 5425 861 5496 ἀτυχίας.

447 5514 820 5586 Ἀποστρέφου
873 5516 982 5570 τῶν
1027 5517 1276 5572 κολάκων
1321 5521 1448 5582 τοὺς
1502 5521 1816 5590 ἀπατηλοῦς
1855 5522 1943 5576 λόο

361 5623 524 5676 γουςο
555 5607 982 5677 ἐξαμϐλύνοντες
1010 5609 1116 5680 γὰρ
1145 5611 1273 5673 τοὺς
1298 5611 1396 5680 τῆς
1417 5610 1596 5681 ψυχῆς
1618 5612 1938 5682 λογισμοὺς,

2128 2771 2498 2827 Odiobabeas
2549 2771 2854 2832 adulantes,
2884 2769 3028 2825 sicut
3083 2769 3441 2838 decipientes.
3478 2763 3634 2819 Utri-

2059 2879 2166 2936 que
2195 2864 2362 2930 enim,
2394 2864 2483 2918 ubi
2507 2862 2640 2918 fides
2670 2865 2750 2918 eis
2779 2861 3038 2924 habetur,
3092 2859 3436 2914 credentibus
3492 2855 3635 2923 inju-

2060 2961 2128 3015 rii
2159 2969 2308 3014 sunt.

2131 3052 2401 3122 Diogenis.
2442 3049 2500 3105 ln
2527 3049 2840 3106 adulatione
2865 3045 3032 3102 veluti
3055 3042 3305 3115 sepulcro
3325 3052 3522 3094 nomen
3545 3052 3632 3092 so-

1981 3164 2026 3222 c
2059 3144 2171 3200 lum
2223 3143 2476 3198 amicitiae
2529 3141 2850 3210 inscriptum
2885 3149 2988 3195 est.

2129 3239 2275 3294 Idem
2334 3238 2703 3306 interrogatus
2731 3235 3008 3306 quodnam
3050 3234 3368 3290 animalium
3397 3230 3631 3304 pessime

2054 3333 2353 3394 morderet,
2410 3329 2545 3384 dixit
2579 3347 2592 3382 :
2634 3347 2652 3379 ι
2694 3329 2957 3383 Ferorum
2991 3327 3208 3398 quidem
3244 3326 3629 3386 calumniator,

2055 3422 2300 3476 cicurum
2341 3428 2522 3496 autem
2556 3419 2825 3474 adulator.
2865 3437 2883 3470 ι

2125 3511 2513 3566 Demosthenis.
2563 3509 2953 3564 Demosthenes
3014 3507 3354 3562 adulatorem
3404 3505 3457 3559 in
3521 3503 3627 3558 hoc

2053 3603 2270 3660 dill'errc
2296 3603 2430 3657 dixit
2461 3617 2489 3656 a
2527 3616 2712 3665 corvo,
2743 3601 2886 3670 quod
2926 3600 3013 3653 hic
3045 3608 3311 3664 mortuos,
3360 3597 3449 3653 ille
3478 3596 3630 3650 vivos

2053 3698 2278 3752 devorat
2313 3695 2410 3764 (1).

2123 3788 2468 3843 Antisthenis.
2504 3785 2856 3841 Antisthenes
2906 3781 3115 3854 inquit:
3147 3781 3328 3837 Satius
3366 3780 3526 3836 fuerit
3572 3780 3625 3832 in

2051 3896 2249 3936 corvos
2282 3879 2540 3944 incidere,
2567 3891 2729 3948 quam
2783 3876 3114 3930 adulatores.
3139 3873 3221 3926 llli
3251 3873 3398 3927 enim
3428 3885 3627 3940 corpus

2053 3971 2273 4034 mortui,
2305 3971 2362 4024 lii
2389 3985 2516 4022 vero
2545 3969 2786 4022 animum
2821 3966 3052 4020 viventis
3082 3965 3306 4019 lmdunt.
3444 4014 3468 4024 .-

2121 4061 2372 4132 Epicteti.
2408 4059 2570 4114 Corvi
2615 4061 2941 4113 cadaverum
2974 4057 3164 4113 oculos
3193 4051 3468 4120 infestant,
3494 4039 3624 4109 adu-

2050 4154 2250 4209 latores
2275 4167 2402 4207 vero
2429 4150 2726 4206 viventium
2756 4149 2966 4203 animas
2997 4155 3379 4217 corrumpunt.

2122 4328 2432 4384 Phavorini.
2491 4325 2646 4381 Sicut
2691 4326 2998 4378 Actaeonem
3039 4322 3230 4376 nutriti
3280 4321 3349 4374 ab
3390 4319 3509 4388 ipso
3535 4332 3628 4372 ca-

2051 4439 2147 4479 nes
2183 4421 2522 4481 occiderunt.
2573 4421 2646 4473 ita
2706 4417 3040 4472 dcvorantur
3109 4414 3178 4468 ab
3252 4410 3625 4467 adulatoribus

1967 4513 2023 4574 D
2050 4512 2343 4569 nutritores
2372 4525 2584 4565 eorum.

2113 4607 2302 4662 Crates
2336 4603 2401 4658 ad
2427 4605 2683 4672 juvenem
2714 4599 3000 4668 quemdam
3036 4596 3382 4665 locupletem,
3424 4591 3626 4646 multos

2045 4700 2355 4754 adulatores
2379 4709 2567 4749 serum
2593 4694 2905 4755 ducentem,
2931 4690 3094 4743 dixit:
3139 4687 3495 4750 Adolescens,
3527 4686 3627 4738 mi-

2048 4799 2191 4845 seret
2223 4803 2307 4842 me
2343 4797 2445 4841 tute
2478 4783 2809 4840 solitudinis.

2119 4879 2372 4933 Zenonis.
2429 4875 2644 4944 Castiga
2677 4884 2729 4928 te
2756 4872 3006 4943 quisquis
3038 4886 3119 4936 es,
3170 4884 3270 4926 nec
3298 4869 3365 4924 ad
3397 4868 3624 4939 gratiam

2122 4972 2348 5035 Audias,
2380 4970 2473 5026 sed
2509 4967 2667 5022 aufer
2711 4965 3139 5021 assentatoribus
3164 4964 3501 5017 libertatem.

2121 5064 2458 5134 Pythagorae.
2511 5059 2696 5115 Gaude
2723 5059 2905 5127 potius
2959 5057 3316 5127 arguentibus
3357 5062 3429 5116 te,
3463 5065 3623 5121 quam

2047 5154 2439 5220 adulantibus;
2478 5159 2531 5206 et
2584 5159 2843 5220 tanquam
2879 5148 3178 5203 deteriores
3211 5145 3446 5200 inimicis
3494 5144 3626 5198 adu—

2049 5250 2247 5302 latores
2287 5259 2563 5300 aversare.

2120 5336 2383 5392 Socratis.
2408 5333 2763 5387 Adulatorum
2797 5329 3173 5385 benevolentia
3232 5335 3492 5395 tanquam
3527 5322 3626 5376 ho-

2051 5433 2228 5488 stibus
2261 5440 2413 5500 tergo
2443 5429 2570 5482 dato
2609 5427 2745 5497 fugit
2776 5425 3159 5479 infortunium.

2119 5519 2386 5573 Philonis.
2417 5517 2683 5571 Aversarc
2715 5515 3088 5569 fraudulentos
3130 5515 3470 5567 adulatorum
3503 5525 3623 5565 ser-

2053 5625 2262 5675 mones,
2294 5609 2385 5675 qui
2417 5623 2538 5663 cum
2567 5607 2764 5661 anima:
2817 5606 3080 5661 rationem
3115 5607 3389 5669 ln-bt-tcnt,
3423 5603 3616 5656 verita-

438 5798 514 5868 (Ι)
551 5800 701 5872 Apud
728 5799 946 5855 Graecos
967 5797 1138 5870 lepida
1173 5803 1551 5870 parouomasia
1581 5802 1815 5858 estinter
1839 5804 2006 5875 κόραξ

2060 5818 2258 5868 corvus,
2297 5805 2348 5853 et
2383 5796 2568 5860 κόλαξ,
2601 5797 2861 5850 adulator.
