4038 6410
401 351 519 415 943
1707 355 2031 419 ΛΝΤΟΝῙΙ
2069 360 2420 422 ΜΕΙΛΞΒᾹΞ
3591 356 3702 424 9M

411 477 520 522 tem
555 468 608 522 in
651 467 816 523 rebus
849 466 1158 538 perspicere
1205 480 1312 521 non
1334 467 1540 522 sinunt.
1577 467 1846 524 Autenim
1884 471 1997 524 lau-

2221 473 2564 546 συγχωροῦσι
2616 473 2724 528 τῶν
2775 471 3124 544 πραγμάτων
3166 469 3266 541 τὴν
3300 468 3582 540 ἀλήθειαν.
3623 473 3702 526 Ἦ

413 561 547 615 dant
580 560 957 631 vituperanda,
993 567 1088 613 aut
1117 558 1431 629 vituperant
1457 575 1602 630 saepe
1626 576 1747 631 qua:
1779 577 1995 617 omnem

2168 585 2216 634 ιρ
2255 566 2542 621 ἐπαινοῦσι
2576 569 2644 620 τά
2679 566 2855 636 ψόγου
2901 563 3052 632 ἀξια,
3078 564 3112 634 ἢ
3149 563 3386 633 ψέγουσι
3432 562 3706 628 πολλάκις

415 653 631 708 Iaudem
655 653 950 708 excellunt.

2168 677 2174 711 ι
2198 659 2438 713 ἐπαίνων
2467 657 2777 728 κρείττονα.

487 747 724 802 Sotionis
747 763 811 802 ex
836 747 971 800 libro
1009 745 1192 802 Deira.
1237 747 1487 816 Delphini
1541 761 1826 816 quousque
1859 749 2002 803 unda

2181 750 2246 801 Οί
2299 748 2542 818 δελφῖνες
2602 747 2765 818 μέχρι
2800 746 2896 799 τοῦ
2932 746 3208 810 κλύδωνος
3248 746 3704 816 συνδιανήχονται

417 839 609 894 subest
645 840 976 894 comitantur
1034 847 1307 905 natantes,
1360 838 1415 893 in
1479 839 1632 894 littus
1674 854 1808 894 vero
1861 856 2004 894 nun-

2168 839 2220 900 ιῖς
2252 838 2592 909 κολυμϐὦσι,
2617 838 2754 908 πρὸς
2785 837 2842 891 δέ
2874 839 2934 891 τὸ
2962 837 3128 908 ξηρὸν
3153 838 3254 891 οὐκ
3283 836 3662 904 ἐξοκέλλουσιν
3681 852 3701 870 ο

407 947 578 1002 quam
609 931 719 1004 95
748 933 1124 1004 egrediuntur.
1151 931 1242 988 Sic
1263 931 1572 988 adulatores
1604 931 1659 988 in
1687 946 1885 988 sereno
1915 947 2004 988 re-

2168 945 2287 992 >τως
2317 930 2368 982 οἰ
2405 928 2638 992 κόλακες
2683 930 2742 981 ἐν
2773 926 2926 998 εὐδία
2972 928 3378 997 παραμένουσι,
3423 926 3520 979 καὶ
3569 925 3705 988 τοὺς

417 1041 539 1081 rum
581 1034 726 1082 statu
759 1033 1020 1082 manent:
1055 1029 1200 1082 sicut
1229 1025 1320 1096 qui
1365 1025 1572 1080 amicos
1601 1025 1668 1080 ad
1695 1025 2009 1098 peregrina-

420 1119 622 1172 tionem
659 1129 872 1180 euntes,
903 1118 1033 1173 dum
1066 1118 1150 1173 via
1182 1117 1344 1188 plana
1386 1126 1490 1184 est,
1527 1117 1832 1185 deducunt,
1880 1133 2006 1174 cum

418 1208 674 1278 asperior
711 1218 792 1266 est
826 1211 1112 1266 recedunt.

491 1301 700 1359 Dionis.
749 1303 1010 1361 Omnium
1058 1307 1173 1363 fere
1223 1307 1480 1364 vitiorum
1538 1305 1858 1378 turpissima
1912 1307 2010 1362 de-

420 1397 781 1467 prehenditur
814 1398 1081 1456 adulatio.

497 1487 758 1544 Phocion.
787 1489 1028 1547 Phocion
1065 1491 1131 1546 ad
1161 1493 1511 1562 Antipatrum
1536 1494 1718 1550 dicere
1766 1493 2005 1550 solebat:

420 1581 540 1638 Non
562 1593 720 1654 potes
757 1599 842 1639 me
881 1592 935 1638 et
967 1584 1145 1640 amico
1180 1596 1234 1639 et
1262 1584 1551 1640 adulatore
1581 1585 1680 1639 uti.

846 1675 1084 1732 SERMO
1118 1675 1237 1732 Llll
1285 1673 1384 1748 [αι.
1412 1675 1575 1748 LIII].

811 1769 892 1824 De
929 1770 1188 1839 vituperio
1239 1779 1290 1825 et
1330 1769 1623 1823 calumnia.

2113 1019 2303 1090 φίλους
2325 1022 2404 1084 εἰς
2431 1021 2748 1094 ἀποδημίαν
2777 1020 3203 1090 προπέμποντες
3235 1019 3397 1088 μέχρι
3426 1018 3522 1086 τῆς
3546 1016 3706 1079 λείας

2113 1114 2738 1184 συμπαρακολουθοῦσιν
2764 1130 2780 1148 ·
2817 1113 3042 1168 ἐπειδὰν
3077 1113 3134 1165 δέ
3186 1112 3268 1175 εἰς
3319 1112 3578 1181 τραχεῖαν
3610 1109 3706 1161 ἐλ-

2113 1205 2302 1270 θωσιν,
2340 1208 2590 1262 ἀπίασιν.

2187 1299 2388 1354 Πασῶν
2417 1300 2527 1372 γὰρ
2549 1299 2657 1354 τῶν
2677 1299 2890 1355 κακιῶν
2920 1299 3210 1371 αἰσχίστην
3237 1298 3304 1352 ἀν
3328 1314 3409 1362 τις
3434 1295 3585 1367 εὖροι
3600 1295 3709 1366 τὴν

2112 1391 2428 1449 κολακείαν.

2185 1483 2413 1538 Φωκίων
2445 1483 2629 1538 εἰώθει
2653 1485 2833 1554 λέγειν
2857 1485 2996 1556 πρὸς
3023 1484 3406 1554 Ἀντίπατρον·
3437 1481 3511 1536 0-3
3541 1478 3709 1534 δύνα-

2115 1573 2207 1628 σαί
2247 1576 2454 1646 μοικαὶ
2481 1575 2623 1647 φίλῳ
2652 1576 2750 1631 καὶ
2780 1579 2976 1632 κόλακι
3009 1575 3342 1648 χρήσασθαι.

2717 1670 2937 1724 ΔΟΓυΣ
2978 1669 3105 1723 NI".

2473 1762 2614 1830 Περὶ
2647 1763 2844 1831 ψόγου
2889 1761 2991 1817 καὶ
3021 1760 3348 1826 ιδιαόολῆς.

495 1859 694 1918 Matth.
729 1879 782 1917 v.
823 1860 976 1918 Beati
1009 1862 1144 1919 estis
1173 1861 1393 1932 quando
1429 1861 1630 1933 probra
1655 1860 1708 1916 in
1741 1875 1839 1918 vos
1857 1861 2008 1933 jece-

2184 1854 2472 1924 Maxc'zptot
2525 1855 2672 1920 ἐστὲ,
2709 1855 2839 1908 ὅταν
2881 1853 3221 1909 ὀνειδίσωσιν
3251 1853 3399 1922 ὑμᾶς
3439 1851 3536 1904 καλ⁸
3577 1848 3711 1903 διώ-

424 1952 534 2008 rint
577 1963 634 2010 et
671 1954 946 2024 persecuti
981 1953 1203 2012 fuerint.

498 2044 529 2100 1
571 2035 695 2103 Cor.
724 2063 798 2104 tv.
824 2046 962 2104 Male
979 2048 1264 2104 audientes
1292 2047 1697 2114 benedicimus,
1744 2047 2013 2105 conviciis

425 2135 606 2192 allecti
650 2138 1027 2195 obsecramus.

497 2228 664 2285 Prov.
717 2247 773 2286 ι.
817 2231 1173 2287 Abscondunt
1223 2229 1570 2287 inimicitiam
1626 2231 1767 2286 labia
1828 2232 2010 2302 justa:

425 2320 520 2393 qui
547 2331 728 2376 autem
765 2321 1054 2391 proferunt
1074 2321 1344 2383 convicia.
1373 2321 1680 2377 stultissimi
1717 2329 1866 2377 sunt.

498 2411 714 2470 Sirach.
753 2412 1022 2470 Peccator
1058 2412 1554 2478 turbabitamieos,
1591 2423 1646 2468 et
1683 2413 1826 2468 inter
1860 2411 2011 2482 paci-

428 2505 562 2563 ficos
593 2507 928 2562 calumniam
989 2507 1261 2578 pro'jiciet.

499 2598 828 2671 Priusquam
855 2603 1135 2659 examines
1162 2618 1303 2670 retu,
1328 2618 1398 2658 ne
1429 2615 1693 2664 accuses;
1728 2601 2015 2657 considera

429 2693 691 2764 primum,
722 2705 776 2750 et
806 2705 995 2766 postea
1022 2698 1374 2767 repreliende.

507 2784 569 2842 S.
596 2785 810 2842 Basilii.
833 2787 1007 2843 Verba
1069 2805 1176 2844 non
1214 2793 1390 2846 solent
1442 2793 1747 2847 molestiam
1781 2801 1835 2846 et
1865 2793 2016 2847 dolo-

433 2892 550 2933 rem
583 2880 884 2945 concitare,
918 2880 1011 2935 sed
1043 2889 1392 2952 contemptus
1430 2881 1578 2939 illius
1630 2883 1721 2952 qui
1763 2884 2016 2938 convicia

434 2969 631 3025 dixerit
662 2979 851 3026 contra
881 2986 999 3038 nos,
1030 2983 1083 3028 et
1110 2987 1209 3028 sua
1240 2973 1506 3044 cujusque
1562 2974 1903 3044 imaginario.

507 3061 804 3120 Illiberales
835 3065 923 3120 iSti
957 3066 1140 3121 cultus
1184 3080 1414 3136 magnos
1441 3067 1697 3123 dominos
1760 3069 2014 3124 comitari

434 3156 632 3222 solent,
663 3157 807 3228 apud
826 3173 964 3228 quos
987 3158 1080 3228 qui
1109 3159 1245 3213 nihil
1265 3160 1470 3230 proprii
1497 3161 1626 3216 boni
1650 3161 1852 3217 habent
1873 3161 2016 3217 unde

433 3250 802 3316 innotescant,
835 3266 898 3306 ex
933 3251 1133 3308 alienis
1163 3252 1312 3308 vitiis
1351 3253 1566 3322 seipsos
1601 3254 2015 3310 commendant.

505 3431 705 3487 Tribus
737 3431 899 3488 simul
925 3431 1230 3486 damnosus
1269 3438 1353 3485 est
1383 3429 1770 3485 calumniator.
1801 3428 1936 3486 Nam
1967 3441 2022 3488 et

432 3524 510 3578 illi
543 3541 706 3593 quem
738 3524 974 3580 traducit
1003 3521 1240 3594 injurias
1273 3532 1379 3588 est,
1414 3531 1468 3576 et
1501 3520 1854 3579 audientibus
1870 3539 2018 3590 cum,

431 3629 484 3673 et
517 3618 630 3688 ipse
657 3618 782 3676 sibi.

504 3796 622 3853 Non
659 3815 854 3872 magna
884 3815 996 3858 res-
1019 3812 1103 3859 cst
1137 3802 1563 3872 reprehendere,
1596 3801 1712 3855 imo
1763 3797 2021 3856 facillima

432 3899 486 3945 et
511 3891 808 3962 cujuslibet
838 3893 1073 3949 volentis
1107 3911 1122 3951 :
1153 3910 1311 3949 suum
1349 3909 1481 3949 vero
1513 3893 1802 3948 consilium
1849 3892 2023 3962 culpa:

433 3999 728 4054 apponere,
766 3986 865 4040 viri
899 3987 970 4055 pii
1003 3996 1057 4040 et
1087 3986 1301 4042 cordati
1333 3996 1436 4041 est.

506 4075 736 4132 Praestat
761 4077 904 4134 male
933 4079 1147 4146 audire,
1179 4093 1341 4149 quam
1371 4078 1514 4133 male
1549 4079 1751 4133 dicere.

508 4169 1008 4238 Reprehensionem
1067 4186 1174 4226 non
1205 4170 1458 4241 vulgares
1503 4171 1689 4236 modo,
1718 4171 1813 4226 sed
1856 4172 2019 4226 etiam

435 4261 876 4332 prrestautissimi
922 4263 1234 4318 incurrunt.

507 4351 979 4418 Quemadmodum
1021 4355 1402 4411 benedicentia
1454 4366 1500 4409 et
1542 4355 1784 4410 laudatio
1821 4356 2022 4424 princi-

434 4447 584 4517 pium
615 4456 702 4502 est
735 4448 1026 4515 amicitiae,
1080 4449 1158 4503 sic
1210 4449 1590 4505 maledicentia
1640 4457 1694 4502 et
1747 4447 2021 4503 calumnia

2119 1947 2302 2014 ξωσιν.

2191 2040 2631 2109 Λοιδορούμενοι,
2652 2041 2991 2112 εὐλογοῦμεν
3008 2059 3022 2072 ο
3051 2039 3568 2112 βλασφημούμενοι,
3595 2055 3712 2092 πα·-

2121 2131 2496 2202 ρακαλοῦμεν.

2189 2224 2577 2278 Καλύπτουσιν
2607 2225 2812 2296 ἔχθραν
2839 2226 2991 2297 χείλη
3025 2225 3209 2280 δίκαια
3235 2241 3250 2256 ·
3281 2225 3331 2278 οἱ
3365 2223 3421 2276 δέ
3450 2221 3715 2291 ἐκφέρον-

2118 2332 2209 2379 τες
2241 2315 2509 2386 λοιδορίας
2538 2317 2939 2386 ἀφρονέστατοι
2968 2320 3098 2372 εἰσι.

2204 2407 2369 2480 Ἀνὴρ
2405 2409 2729 2478 ἁμαρτωλὸς
2759 2411 2988 2481 ταράξει
3019 2411 3232 2479 φίλους,
3259 2410 3354 2464 καὶ
3388 2408 3494 2464 ἀνὰ
3541 2409 3714 2480 μέσον

2121 2503 2520 2570 εἰρηνευνίντων
2554 2501 2710 2570 βαλεῖ
2736 2503 3015 2574 διαϐολήν.

2195 2594 2334 2664 Πρὶν
2389 2594 2678 2667 ἐξετάσῃς,
2705 2595 2780 2666 μὴ
2829 2597 3044 2668 μέμψῃ.
3094 2597 3309 2668 Νόησον
3344 2595 3582 2668 πρῶτον,
3614 2594 3714 2647 καὶΙ

2119 2684 2242 2736 τότε
2272 2683 2419 2738 ἐπιτί
2427 2703 2524 2754 μα.

2165 2768 2269 2830 ’οὑ
2298 2778 2368 2831 τὰ
2397 2779 2622 2849 ῥήματα
2678 2783 2891 2852 πέφυκε
2930 2793 3030 2845 τας
3078 2782 3256 2846 λύπας
3305 2784 3498 2844 κινεῖν,
3531 2779 3648 2832 ἀλλ’
3679 2779 3714 2850 ἡ

2121 2869 2267 2924 κατά
2307 2870 2404 2924 τοῦ
2447 2871 2866 2943 λοιδορήσαντος
2896 2876 3044 2946 ἡμᾶς
3075 2873 3371 2945 ὑπεροψία,
3399 2874 3495 2927 καὶ
3521 2875 3553 2942 ἡ
3586 2874 3717 2926 ἐκά-

2123 2977 2253 3013 στου
2281 2961 2463 3016 αὐτῶν
2496 2966 2792 3032 φαντασία.

2198 3053 2485 3124 Πεφύκασί
2513 3073 2632 3121 πως
2657 3059 2776 3121 ταῖς
2815 3058 3087 3126 μεγάλαις
3119 3059 3464 3121 δυναστείαις
3492 3060 3546 3111 αἱ
3589 3059 3716 3112 ἀνε-

2122 3143 2370 3216 λεύθεροι
2423 3146 2583 3202 αῦται
2626 3149 3016 3218 παραφύεσθαι
3065 3149 3381 3220 θεραπεῖαι,
3425 3150 3480 3202 αἳ
3519 3150 3609 3202 διὰ
3652 3152 3718 3204 τδ

2127 3238 2359 3308 ἀπορεῖν
2384 3239 2587 3294 οἰκείου
2617 3241 2826 3306 ἀγαθοῦ
2858 3241 2928 3294 δι’
2969 3236 3030 3296 οὗ
3063 3241 3466 3310 γνωρισθῶσιν,
3500 3242 3564 3295 ἐκ
3603 3242 3719 3294 τῶν

2126 3330 2429 3400 ἀλλοτρίων
2460 3335 2645 3388 κακῶν
2674 3337 2902 3399 ἑαυτοὺς
2936 3334 3280 3388 συνιστῶσιν.

2199 3424 2394 3494 Τρισὶν
2423 3427 2560 3496 ὁμοῦ
2592 3429 2912 3498 προσώποις
2942 3429 3042 3498 τὴν
3075 3427 3286 3498 βλάϐην
3323 3429 3721 3498 προστρίϐεται

2126 3517 2154 3568 ὁ
2185 3515 2498 3572 διαϐάλλων
2521 3535 2534 3549 °
2569 3521 2662 3572 τόν
2695 3537 2755 3572 τε
2803 3521 2912 3590 γὰρ
2965 3521 3478 3590 συκοφαντούμενον
3515 3524 3718 3592 ἀδικεῖ,

2128 3609 2224 3662 καὶ
2277 3611 2413 3681 πρὸς
2447 3611 2539 3676 οὒς
2573 3615 2600 3666 ὁ
2632 3613 2790 3681 λόγος
2833 3614 2982 3666 ἐστὶν
3033 3613 3204 3683 αὐτῷ,
3241 3615 3336 3667 καὶ
3375 3614 3536 3678 αὐτὸς
3585 3616 3721 3668 ἐαυ-

2127 3704 2236 3755 τόν.

2201 3798 2274 3852 Τὸ
2329 3799 2429 3868 μὲν
2476 3801 2740 3871 ἐπιτιμᾷν
2769 3800 2830 3854 ού
2887 3800 3032 3871 μέγα
3057 3815 3074 3831 ο
3124 3803 3324 3873 ῥᾷστον
3353 3804 3462 3874 γὰρ
3498 3805 3590 3858 καὶ
3622 3803 3724 3856 τοῦ

2133 3887 2462 3958 βουλομένου
2496 3891 2699 3954 παντός
2721 3907 2735 3922 ·
2771 3891 2833 3945 τὸ
2864 3893 2922 3946 δέ
2966 3893 3318 3962 ἀντεισάγειν
3365 3895 3466 3966 τὴν
3517 3895 3718 3950 ἐαυτοῦ

2128 3979 2358 4050 γνώμην
2387 3983 2581 4054 ἀνδρὸς
2611 3983 2871 4048 εὐσεϐοῦς
2899 3985 2996 4038 καὶ
3029 3987 3155 4040 νοῦν
3189 3987 3426 4056 ἔχοντος.

2202 4076 2406 4138 Κακῶς
2437 4077 2656 4130 ἀκούειν
2686 4080 2943 4147 κρεῖσσον
2979 4080 3009 4150 ἢ
3039 4079 3221 4147 λέγειν
3255 4082 3464 4144 κακῶς.

2203 4168 2478 4222 "Ament
2528 4169 2589 4222 ού
2635 4169 2745 4222 τῶν
2800 4171 3016 4227 πολλῶν
3075 4175 3256 4242 μόνον,
3305 4172 3444 4226 ἀλλὰ
3474 4175 3568 4226 καὶ
3610 4174 3727 4228 τῶν

2133 4259 2377 4331 ἀρίστων
2404 4263 2432 4313 ὁ
2467 4260 2676 4330 μῶμος.

2203 4352 2421 4422 Ὥσπερ
2472 4352 2532 4406 τὸ
2581 4353 2764 4416 καλῶς
2813 4352 2995 4422 λέγειν
3029 4355 3127 4409 καὶ
3157 4357 3532 4428 ἐγκωμιάζειν
3578 4359 3730 4430 ἀρχὴ

2132 4444 2313 4512 φιλίας
2351 4444 2499 4496 ἐστὶν
2522 4482 2536 4505 ,
2573 4441 2718 4497 οὕτω
2749 4443 2808 4496 τὸ
2839 4445 3028 4508 κακῶς
3061 4444 3246 4514 λέγειν
3278 4451 3369 4508 καὶ
3390 4449 3732 4514 διαϐάλλειν,

437 4539 742 4595 inimicitiae
773 4550 826 4595 et
848 4541 1000 4607 odio,
1028 4552 1081 4595 et
1123 4541 1352 4596 inﬁnitis
1402 4543 1559 4596 malis
1587 4542 1800 4595 initium
1835 4550 1887 4594 ct
1917 4555 2019 4596 an-

2168 4536 2333 4606 χθρας
2367 4537 2460 4588 καὶ
2492 4536 2786 4606 ἀπεχθείας
2819 4537 2915 4589 καὶ
2967 4539 3181 4608 μυρίων
3228 4541 3418 4594 κακῶν
3449 4541 3594 4612 ἀρχὴ
3631 4543 3734 4596 καὶ

434 4645 551 4684 sam
587 4631 812 4701 praebet.

504 4720 564 4776 S.
603 4722 878 4794 Clirysost.
909 4722 1048 4776 Fieri
1088 4739 1194 4777 non
1239 4733 1416 4792 potest
1449 4733 1503 4776 ut
1534 4725 1625 4792 qui
1656 4723 1851 4777 virtute
1885 4738 2022 4792 pran-

433 4813 531 4868 diti
568 4827 696 4870 sunt
721 4816 861 4883 apud
889 4830 1081 4870 omnes
1116 4815 1252 4870 bene
1285 4817 1531 4870 audiant.

2133 4629 2387 4693 ύπόθεσις
2421 4630 2634 4698 γέγονε.

2203 4721 2280 4774 Οὐ
2317 4721 2544 4775 δυνατὸν
2595 4723 2723 4785 τοὺς
2775 4723 2834 4774 ἐν
2885 4722 3055 4793 ἀρετῇ
3091 4721 3251 4786 ὂντας
3301 4725 3452 4796 παρά
3505 4713 3734 4781 πάντων

2133 4815 2354 4867 ἀκούειν
2385 4815 2587 4881 καλῶς,

511 4925 566 4984 Si
599 4928 688 4997 qui
721 4938 926 4983 temere
960 4945 1118 4986 aures
1145 4932 1413 5001 praebent,
1444 4933 1599 4986 venia
1635 4931 1841 5002 indigni
1872 4942 2022 4996 sunt,

433 5020 711 5088 quomodo
743 5019 820 5074 illi
856 5035 917 5075 se
957 5021 1251 5078 defendent
1297 5023 1392 5092 qui
1459 5024 1766 5078 calumnias
1813 5032 1869 5078 et
1895 5039 2027 5077 con-

434 5111 576 5166 vicia
612 5111 900 5180 proferunt
925 5113 948 5166 ?

2208 4929 2268 4982 Εἰ
2291 4931 2337 4981 οἰ
2357 4927 2796 4998 παραδεχόμενοι
2825 4929 2995 4999 ἀκοὴν
3025 4930 3264 5000 ματαίαν
3289 4930 3393 4983 οὐκ
3416 4929 3482 4984 ἂν
3511 4930 3736 4999 τύχοιεν

2137 5022 2495 5092 συγγνώμης,
2528 5023 2578 5075 οἰ
2611 5020 2993 5085 διαϐάλλοντες
3050 5023 3147 5076 καλ⁷
3171 5022 3540 5094 λοιδοροῦντες
3570 5025 3737 5078 ποίαν

2135 5113 2350 5180 ἕξουσιν
2385 5112 2684 5180 ἀπολογίαν
2707 5131 2722 5177 ;

507 5227 587 5283 Ne
627 5227 910 5284 doleamus
965 5230 1107 5286 male
1144 5229 1451 5296 audientes,
1505 5229 1610 5284 nisi
1638 5229 1834 5284 merito
1886 5229 2028 5284 male

438 5320 756 5377 audiamus.

2212 5226 2304 5298 Μὴ
2337 5225 2415 5295 τῷ
2443 5224 2629 5289 κακῶς
2653 5226 2877 5281 ἀκούειν
2912 5228 3193 5299 ἀλγῶμεν,
3221 5229 3360 5282 ἀλλὰ
3395 5227 3473 5298 τῷ
3504 5227 3740 5290 δικαίως

2139 5319 2362 5374 ἀκούειν
2401 5318 2608 5381 κακῶς.

515 5436 740 5490 Plurimi
775 5437 890 5493 suis
921 5438 1162 5508 peccatis
1187 5436 1626 5507 patrocinantur,
1649 5445 1912 5493 accusant
1934 5433 2038 5490 aui

441 5539 550 5585 tem
575 5529 778 5583 aliena.

2211 5437 2276 5490 Ol
2313 5435 2496 5490 πολλοὶ
2531 5436 2641 5489 τῶν
2667 5435 2981 5508 ἀνθρώπων
3011 5437 3119 5490 τῶν
3151 5437 3252 5507 μὲν
3301 5437 3449 5490 ἰδίων
3479 5437 3743 5510 ἁμαρτη-

2145 5531 2334 5599 μάτων
2386 5530 2681 5600 συνήγοροι
2716 5530 2983 5600 γίνονται,
3005 5531 3117 5585 τῶν
3145 5531 3200 5585 δέ
3229 5531 3532 5601 ἀλλοτρίων
3567 5533 3745 5603 κατή-

2144 5639 2314 5692 γοροα

525 5732 765 5789 Maximi.
791 5733 1190 5789 Calumniatori
1247 5750 1408 5790 aures
1440 5753 1506 5792 ne
1536 5737 1807 5807 pra-beas,
1842 5752 1908 5792 ne
1935 5738 2035 5790 du-

455 5826 572 5894 plcx
624 5839 910 5898 peccatum
959 5843 1081 5885 cum
1137 5829 1229 5884 illo
1264 5830 1597 5896 committas,
1635 5841 1748 5887 tum
1800 5831 2033 5900 teipsum

2229 5737 2586 5807 Ἐπιστὸμιξε
2633 5736 2725 5790 τὸν
2773 5737 3127 5792 διαϐάλλοντα
3160 5741 3216 5793 ἐν
3251 5740 3447 5801 ἀκοαῖς
3502 5754 3621 5800 σου,
3653 5737 3745 5792 ἵνα

2140 5829 2228 5901 ’μὴ
2262 5829 2458 5900 διπλῆν
2481 5829 2756 5901 ἁμαρτίαν
2778 5833 2874 5886 σὺν
2907 5830 3054 5902 αὐτῷ
3086 5831 3435 5904 ἁμαρτὰνης,
3473 5831 3564 5883 καὶ
3607 5847 3746 5884 σαυ-
