4038 6412
333 479 440 545 945

1201 488 1374 550 LOCI
1415 490 1860 558 COMMUNES.
1886 481 1958 533 '—
2000 499 2198 561 PARS
2223 500 2271 564 Ι.
2316 502 2577 563 SERMO
2615 502 2783 564 L1H.

3508 502 3614 565 946

331 598 425 650 τὸν
455 594 688 668 ὀλεθρίῳ
729 597 896 654 πάθει
926 600 1145 667 ἐθίζων,
1188 604 1444 659 κάκεῖνον
1484 606 1629 660 κατά
1657 607 1752 662 τοῦ
1782 609 1924 682 πλη·
1955 630 1970 674 Α

2043 615 2345 681 pernicioso
2374 616 2593 672 all‘ectui
2620 613 3018 685 assuefaciens,
3051 617 3165 692 96
3201 627 3314 675 tum
3349 618 3499 675 illum
3521 597 3616 676 adi~
3653 666 3673 703 ί

336 688 452 741 σίον
480 689 750 758 φλυαρεῖν
773 691 873 745 οὐκ
905 691 1254 752 ἀνακόπτων.

411 782 511 844 Ὃς
539 783 784 852 εὐχερῶς
813 782 912 848 τὰς
959 784 1252 856 ἀλλοτρίας
1286 785 1542 852 διαϐολάς
1573 792 1922 864 ἀποδέχεται,

337 873 459 927 οὐδὲ
489 874 598 929 τῶν
635 876 842 945 ὁμοίων
885 871 1044 943 οὗτος
1092 881 1363 951 ἀπέχεται
1399 883 1676 952 πράξεων.
1723 885 1787 940 Ἢ
1815 887 1926 956 γὰρ

335 963 570 1032 ἐργασία
601 963 699 1019 τοῦ
722 967 1152 1040 ἐπιτηδεύματος
1179 972 1263 1036 είς
1295 973 1583 1029 κοινωνίαν
1615 975 1765 1045 φιλεῖ
1792 976 1927 1031 καθ-

337 1051 518 1107 έλκειν
542 1054 752 1110 καὶτὸν
780 1058 1046 1116 ἀναίτιον.
1596 1077 1602 1084 ’

409 1231 642 1288 Γλῶσσα
674 1233 996 1308 βλάσφημος
1027 1239 1269 1306 διανοίας
1304 1244 1482 1314 κακῆς
1518 1244 1759 1314 ἐλεγχος.

413 1407 684 1481 Καθάπερ
721 1414 754 1484 ἡ
804 1415 1112 1482 Αἰσώπειος
1155 1419 1466 1488 ἀλεκτορὶς,
1499 1422 1637 1493 πρὸς
1687 1422 1787 1494 τὴν
1837 1424 1926 1477 αῖ-

341 1498 536 1570 λουρον
549 1501 624 1566 ώς
641 1503 706 1573 δὴ
730 1506 853 1559 κατ’
874 1506 1110 1576 εὔνοιαν,
1136 1510 1307 1581 αὐτῆς
1327 1512 1613 1582 νοσούσης,
1635 1513 1783 1577 ὅπως
1811 1513 1926 1583 ἔχει

343 1591 784 1668 πυνθανομένης,
810 1599 1033 1668 Καλῶς,
1059 1598 1236 1669 εἴπεν,
1263 1604 1330 1658 ἂν
1366 1605 1432 1659 σὺ
1463 1608 1712 1676 ἀποστῇς
1735 1622 1752 1638 ⁶

342 1683 482 1755 πρὸς
511 1688 756 1744 τοιοῦτον
791 1691 1083 1763 ἄνθρωπον
1111 1695 1424 1766 ἐμϐαλόντα
1464 1697 1625 1766 λόγον
1655 1696 1798 1768 ὑπὲρ
1824 1695 1927 1766 τῆς

342 1777 635 1848 διαφορᾶς,
659 1781 756 1834 καὶ
788 1783 1199 1855 πυνθανόμενον
1248 1790 1340 1841 καὶ
1392 1787 1770 1858 ὑπορύττοντα
1814 1787 1926 1840 τῶν

343 1871 680 1941 ἀπορρήτων
713 1873 831 1928 ἔνια
877 1877 986 1947 χρὴ
1043 1877 1249 1946 λέγειν’
1286 1879 1428 1934 Ἀλλ’
1469 1880 1661 1949 ἔμοιγε
1691 1880 1928 1949 πρᾶγμα

2028 720 2224 762 versus
2245 709 2552 776 proximum
2594 712 2787 780 nugari
2821 728 2929 768 non
2963 712 3288 781 impediens.

2104 796 2288 853 Photii
2319 801 2661 869 patriarchae.
2703 802 2806 870 Qui
2843 803 3004 860 facile
3052 804 3261 861 alienas
3307 806 3616 862 calumnias

2029 889 2290 956 admittit,
2320 907 2386 948 ne
2415 892 2532 963 ipse
2566 895 2790 964 quidem
2825 897 3098 953 similibus
3159 896 3318 954 factis
3350 899 3611 954 abstinet.

2029 978 2164 1034 Nam
2229 982 2345 1051 ipsa
2399 984 2852 1044 calumniantium
2941 987 3210 1045 admissio
3266 990 3612 1046 innocentem

2030 1088 2252 1142 quoque
2281 1073 2374 1144 qui
2433 1075 2673 1131 admittit
2732 1077 2786 1132 in
2829 1079 3151 1136 societatem
3198 1080 3492 1138 detrahere
3524 1096 3614 1136 so-

2030 1166 2125 1223 let.

2106 1260 2404 1318 Plutarchi.
2439 1263 2651 1337 Lingua
2681 1266 2999 1338 blasphema
3055 1268 3213 1324 malae
3241 1269 3440 1326 mentis
3469 1267 3614 1324 indi-

2031 1352 2175 1408 cium
2208 1364 2311 1410 est.

2097 1445 2568 1513 Quemadmodum
2604 1449 2865 1522 .‘Esopica
2905 1451 2996 1508 illa
3031 1453 3232 1525 gallina
3280 1468 3404 1509 cum
3437 1467 3613 1524 aegro-

2031 1547 2195 1604 taret,
2246 1539 2313 1596 ad
2368 1542 2527 1597 felcm
2587 1542 3019 1615 interrogantem
3077 1562 3199 1602 eam
3235 1556 3493 1619 tanquam
3544 1564 3612 1609 ex

1783 1605 1927 1704 οῧξω
2027 1627 2430 1700 benevolentia,
2463 1636 2738 1702 quomodo
2789 1636 3012 1704 valeret,
3053 1639 3242 1702 Recte,
3274 1638 3434 1704 dixit.
3470 1639 3516 1694 εἴ
3557 1649 3612 1693 ῑυ

2029 1721 2314 1779 discedas:
2347 1724 2429 1780 sic
2458 1725 2524 1781 ad
2549 1725 2823 1797 ejusmodi
2846 1729 3148 1796 hominem,
3182 1731 3275 1802 qui
3313 1747 3480 1802 super
3501 1732 3617 1786 dis-

2031 1815 2288 1872 sensione
2312 1831 2623 1874 sermonem
2648 1830 2852 1886 movet,
2881 1830 2937 1877 et
2966 1822 3288 1897 interrogat.
3319 1833 3374 1879 et
3406 1833 3614 1880 secreta

2032 1908 2212 1978 aliqua
2270 1908 2513 1974 suffodit,
2548 1910 2841 1968 dicendum
2879 1923 2998 1970 est:
3039 1916 3204 1984 Atqui
3239 1916 3373 1970 nihil
3427 1931 3526 1986 ego
3559 1916 3614 1970 in

345 1961 484 2029 πρὸς
499 1963 749 2077 ιάδελφδν
777 1968 953 2035 οὐδὲν,
987 1969 1054 2024 ἂν
1086 1971 1225 2042 μήτε
1273 1971 1384 2040 ἐγὼ
1429 1974 1544 2035 τοῖς
1573 1970 1928 2026 διαϐάλλουσι
1958 2004 1970 2061 Ι

2072 1961 2079 1962 ,
2113 1961 2211 1978 τί-.
2556 1961 2841 1968 _-______._-
2881 1961 2998 1970 ν--.
3429 1961 3524 1986 -.οη

2043 2000 2202 2056 l‘ratrc
2242 2002 2519 2069 desidero,
2552 2005 2598 2060 si
2633 2019 2734 2061 nec
2775 2007 2892 2077 ipse
2923 2006 3318 2064 calumniantes
3370 2007 3616 2072 audiam,

345 2055 624 2125 προσέχω,
652 2059 793 2129 μήτε
823 2060 1053 2124 ἐκεῖνος.

415 2147 664 2222 Ψίθυρον
710 2154 806 2208 καὶ
857 2156 1104 2211 διάϐολον
1133 2158 1304 2226 ἄνδρα
1353 2160 1429 2228 μὴ
1482 2156 1782 2229 προσδέχου
1811 2170 1827 2187 ⁶
1864 2155 1925 2210 ού

344 2241 458 2312 γὰρ
485 2241 676 2299 ἕνεκεν
703 2247 917 2310 εὐνοίας
949 2249 1107 2303 τοῦτο
1135 2252 1298 2306 ποιεῖ.
1338 2249 1430 2316 Ὦς
1460 2250 1570 2320 γάρ
1598 2250 1670 2304 τά
1698 2249 1808 2303 τῶν
1832 2248 1927 2303 ἅλ-

348 2333 459 2389 λων
489 2337 784 2410 ἀπόρρητα
823 2341 1143 2412 ἀπεκάλυψέ
1175 2359 1282 2410 σοι,
1305 2342 1570 2407 ὡσαύτως
1601 2343 1698 2396 καὶ
1728 2343 1796 2396 τὰ
1823 2342 1929 2396 ὑπὸ

348 2426 444 2481 σοῦ
476 2428 748 2500 λεγόμενα
778 2433 990 2503 ἑτέροις
1019 2435 1378 2505 ἀναϐήσεται.

429 2521 569 2577 Ὑπὸ
614 2525 828 2580 πολλῶν
873 2525 1258 2581 διαϐάλλεσθαι
1303 2527 1494 2580 κακῶν
1545 2527 1671 2581 οὔτε
1727 2527 1930 2598 ἀληθὲς

345 2613 472 2668 οὔτε
505 2615 769 2690 βλαϐερόν
788 2635 804 2652 ο
833 2619 894 2672 τὸ
921 2619 980 2674 δὲ
1009 2618 1103 2690 ὑφ’
1133 2618 1252 2682 ἑνὸς
1283 2617 1491 2688 ἀγαθοῦ
1533 2617 1798 2689 ψέγεσθαι
1834 2619 1930 2672 καὶ

343 2707 563 2772 ἀληθὲς,
594 2711 691 2764 καὶ
723 2709 1026 2776 λυσιτελές.
1531 2711 1541 2727 ”

419 2799 580 2865 Τινὸς
630 2803 888 2872 σοφιστοῦ
935 2806 1263 2876 αἰτιωμένου
1293 2805 1481 2873 αὑτὸν,
1523 2806 1618 2859 καὶ
1647 2806 1923 2874 λέγοντος,

348 2891 449 2946 Διά
479 2891 536 2946 τί
569 2911 638 2964 με
662 2894 850 2959 κακῶς
875 2894 1094 2966 λέγεις;
1120 2897 1244 2952 Ὀτι
1279 2898 1356 2969 μὴ
1391 2900 1777 2967 καταφρονεῖς,
1800 2897 1926 2970 ἔφη,

347 2987 441 3042 τδν
470 2988 662 3053 κακῶς
684 2989 935 3060 λέγοντα.

423 3082 722 3137 Πελοπίδου
767 3084 1016 3156 ἀνδρείου
1061 3089 1400 3159 στρατιώτου
1439 3087 1826 3159 διαϐληθέντος
1851 3090 1931 3160 τῷ

349 3174 702 3243 Δημώνακτι,
731 3176 806 3240 ώς
831 3177 1288 3250 βλασφημοῦντος
1320 3181 1506 3248 αὐτὸν,
1548 3181 1691 3250 Ἐγὼ
1720 3182 1789 3238 τά
1831 3184 1931 3254 μὲν

345 3263 503 3333 ἔργα,
527 3265 656 3336 ἔφη,
700 3267 866 3322 αὑτοῦ
916 3269 1124 3339 βλέπω,
1150 3271 1240 3325 τὸν
1268 3271 1324 3325 δὲ
1373 3271 1535 3341 λόγον
1561 3274 1664 3327 οὐκ
1698 3274 1928 3343 ἥκουσα.

349 3357 438 3413 Δί.
488 3359 792 3426 Πελοπίδας
839 3363 1094 3433 ἀνδρείου
1153 3366 1491 3435 στρατιώτου
1544 3364 1930 3436 διαϐληθέντος
1959 3343 2002 3402 C

349 3451 516 3525 αὐτῷ,
561 3454 639 3519 ὡς
672 3455 1144 3528 βλασφημοῦντος,
1172 3478 1226 3513 κ.
1259 3477 1316 3513 τ.
1348 3460 1401 3514 λ.

442 3574 446 3578 -
497 3547 687 3601 Ἥδιον
714 3549 886 3616 οὐδὲν,
919 3550 1042 3604 οὐδὲ
1077 3552 1481 3624 μουσικώτερον

495 3641 647 3694 Ἐπ’
681 3643 715 3711 ἢ
745 3642 1008 3696 δύνασθαι
1030 3645 1442 3716 λοιδορούμενον
1470 3647 1684 3719 φέρειν.

491 3732 603 3785 Καὶ
640 3733 752 3802 γὰρ
781 3734 810 3786 ὁ
844 3731 1121 3805 λοιδορῶν,
1153 3734 1220 3789 ἃν
1245 3738 1273 3789 ὁ
1298 3736 1710 3808 λοιδορούμενος

490 3822 584 3894 Μὴ
615 3823 1005 3894 προσποιῆται,
1030 3823 1352 3894 λοιδορεῖται
1378 3826 1408 3878 δ
1439 3826 1718 3896 λοιδορῶν.

499 4003 689 4067 Ὅστις
717 4003 994 4070 διαϐολαῖς
1024 4022 1088 4075 γε
1122 4008 1368 4062 πείθεται
1400 4009 1560 4078 ταχὺ,

507 4101 664 4154 Ἤτοι
694 4101 930 4172 πονηρὸς
957 4100 1123 4166 αὑτός
1155 4105 1270 4156 ὲστι
1301 4105 1413 4166 τοῖς
1439 4102 1682 4174 τρόποις,

499 4197 573 4251 Ἢ
605 4197 924 4251 παντάπασι
959 4195 1253 4266 παιδαρίου
1285 4194 1511 4268 γνώμην
1537 4196 1674 4264 ἔχει.

333 4283 345 4357 i
423 4289 618 4344 Πολλοὶ
651 4289 782 4358 γοῦν
805 4289 908 4360 ἤδη
941 4289 1116 4359 μείζω
1142 4292 1287 4344 κακά
1320 4288 1661 4343 πεπόνθασιν
1693 4289 1800 4342 ὑπὸ
1825 4289 1935 4342 τῶν

349 4383 675 4454 διαϐολῶνῆ
707 4384 818 4437 τῶν
873 4383 1172 4455 πολεμίων.
1218 4385 1331 4438 Καὶ
1367 4383 1554 4438 πολλοὶ
1605 4381 1708 4452 ἤδη
1759 4380 1938 4452 μείζω

335 4446 640 4582 ἰὴδίκηνται
663 4446 779 4530 ’ὑπὸ
819 4476 922 4544 τῆς
959 4446 1070 4530 τῶν
1099 4455 1255 4529 (Itin
1299 4446 1667 4545 ἁσθενείας,ἦ
1837 4474 1937 4545 τῆς

349 4568 461 4622 τῶν
499 4568 708 4640 ἐχθρῶν
739 4567 1052 4638 ἐπιϐουλῆς.

331 4610 458 4715 ΓΜ
499 4610 963 4734 ΐαζίούργότερον
985 4610 1142 4716 ἓύδὲν
1169 4663 1422 4735 διαϐολῆς
1449 4665 1566 4717 ἐστί
1594 4681 1718 4728 που,

496 4755 692 4824 Δάθρα
721 4754 832 4824 γὰρ
859 4756 1196 4826 ἀπατήσασα
1231 4757 1326 4810 τὸν
1365 4759 1754 4825 πεπεισμένον,

490 4848 661 4911 Μῖσος
693 4849 1024 4904 ἀναπλάττει
1055 4849 1194 4920 πρὸς
1217 4851 1308 4903 τὸν
1331 4851 1482 4903 οὐδὲν
1511 4849 1706 4904 αἴτιον.

436 4940 495 4995 '0
549 4942 824 4998 διαϐαλὼν
864 4943 1016 5012 φίλον
1059 4943 1138 5013 μὴ
1173 4942 1552 5015 εὐδοκιμείτω,
1601 4942 1705 4996 κᾶν
1753 4943 1934 5014 ἀληθῇ

351 5034 506 5106 λέγῃ.

430 5128 690 5192 Εἰπόντος
723 5129 871 5200 αὐτῷ
902 5148 1070 5198 τινος,
1109 5132 1170 5185 ὐ
1202 5131 1358 5200 φίλος
1386 5147 1447 5184 σε
1475 5129 1650 5200 λάθρα
1682 5130 1936 5198 λοιδορεῖ,

356 5215 518 5296 εἷπε·
568 5221 662 5292 Μὴ
711 5221 905 5292 ἔλεγχε
956 5223 1144 5289 αὐτὸν,
1176 5223 1302 5278 ἐπεὶ
1355 5222 1609 5292 φανερῶς
1651 5220 1782 5276 αὐτὸ
1821 5221 1938 5291 ἔχει

355 5328 477 5364 ποιε
487 5330 557 5367 ιν.

433 5402 494 5458 '0
547 5406 646 5475 μὲν
687 5406 896 5474 ἀγαθὸς
947 5408 1186 5477 δρομεὺς
1237 5411 1338 5477 τῆς
1397 5408 1720 5477 ὕσπληγγος
1776 5409 1940 5469 εὐθὺς

356 5496 800 5566 καταπεσούσης,
832 5498 996 5566 μόνου
1024 5498 1118 5551 τοῦ
1147 5498 1672 5568 πρόσωὲφιὲμενος,
1709 5504 1805 5553 καὶ
1839 5501 1938 5568 τὴν

351 5588 594 5644 διάνοιαν
626 5590 922 5653 ἀποτείνας
972 5590 1110 5661 πρὸς
1164 5593 1225 5643 τὸ
1278 5592 1480 5660 τέρμα,
1517 5594 1611 5644 καὶ
1663 5593 1790 5645 ποσὶ
1841 5594 1939 5663 τὴν

356 5679 550 5734 ἐλπίδα
579 5685 679 5752 τῆς
729 5683 886 5752 νίκης
931 5683 1094 5753 ἔχων,
1119 5683 1197 5750 τῷ
1228 5684 1457 5754 πλησίον
1490 5684 1644 5737 οὐδὲν
1693 5703 1940 5756 κακουρ-

354 5775 464 5842 γεῖ,
495 5773 613 5828 οὐδὲ
641 5791 694 5826 τι
718 5774 910 5829 τούτου
947 5776 1089 5829 κατὰ
1117 5775 1243 5838 τοὺς
1271 5777 1582 5843 ἀγωνιστὰς
1618 5777 1939 5847 πολυπραγ-

358 5865 512 5937 μονεῐ
534 5883 547 5896 ·
573 5867 601 5918 ὁ
623 5865 678 5918 δὲ
702 5865 872 5928 κακὸς
891 5868 1099 5930 ἐκεῖνος
1119 5867 1214 5920 καὶ
1245 5867 1475 5932 ἄναθλος
1496 5869 1934 5942 ἀνταγωνιστὴς,

352 5959 626 6026 ἀπογνοὺς
655 5957 752 6028 τὴν
772 5960 833 6012 ἐκ
848 5959 940 6014 τοῦ
972 5959 1171 6029 τάχους
1201 5961 1418 6030 ἐλπίδα,
1455 5961 1549 6015 ἐπὶ
1579 5963 1676 6033 τὴν
1709 5981 1931 6031 uanita-

2033 2110 2137 2151 nec
2179 2095 2291 2150 ille.

2109 2184 2376 2244 Socratis.
2417 2187 2730 2260 Loquacem
2754 2199 2808 2244 et
2839 2188 3292 2246 calumniatorem
3332 2207 3398 2246 ne
3421 2190 3616 2244 admit-

2032 2285 2154 2334 tas:
2178 2293 2288 2333 non
2320 2280 2466 2336 enim
2490 2295 2553 2336 ex
2595 2280 2976 2337 benevolentia
3000 2281 3051 2335 id
3081 2280 3234 2347 facit,
3265 2285 3361 2338 sed
3394 2291 3454 2337 ut
3484 2282 3620 2338 alio-

2031 2385 2153 2426 rum
2185 2385 2385 2427 arcana
2418 2372 2512 2427 tibi
2561 2371 2787 2440 detexit,
2851 2372 3103 2428 similiter
3158 2373 3322 2428 etiam
3379 2388 3499 2445 quae
3561 2385 3619 2429 tu

2032 2465 2235 2520 dixeris
2263 2474 2498 2534 exponet
2526 2465 2674 2521 aliis.

2115 2557 2463 2614 Moschiom's.
2482 2561 2523 2613 Δ
2545 2558 2732 2615 multis
2755 2558 2915 2613 malis
2942 2557 3181 2622 traduci,
3209 2572 3388 2628 neque
3406 2572 3617 2622 verum,

2033 2668 2211 2723 neque
2241 2653 2569 2707 damnosum
2599 2661 2716 2707 est:
2753 2652 2821 2706 ab
2873 2665 2984 2705 uno
3016 2661 3200 2705 autem
3256 2650 3401 2705 bono
3437 2664 3620 2720 reprc-

2034 2745 2221 2809 hendi,
2249 2753 2304 2800 et
2347 2758 2539 2800 verum
2575 2753 2631 2798 et
2667 2742 2802 2797 utile
2828 2751 2936 2798 est.

2107 2837 2402 2892 Demonax.
2436 2837 2573 2891 Cum
2625 2835 2874 2906 sophista
2907 2834 3130 2906 quidam
3163 2833 3619 2903 culparet-eum,

2033 2941 2086 2984 et
2112 2929 2323 2984 diceret
2362 2947 2376 2983 :
2412 2929 2525 2983 Cur
2572 2926 2704 2980 mihi
2745 2926 3065 2982 maledicis?
3112 2925 3433 2996 respondit:
3466 2923 3619 2992 Quo~

2034 3022 2179 3077 niam
2213 3030 2271 3077 tu
2295 3021 2710 3076 malediceutem
2748 3034 2856 3072 non
2899 3018 3229 3073 contemnis.

2103 3115 2242 3170 Cum
2293 3114 2579 3185 Pelopides
2633 3123 2896 3169 strenuus
2943 3111 3100 3168 miles
3151 3112 3295 3180 apud
3352 3108 3620 3164 Demona-

2034 3220 2176 3266 ctem
2209 3209 2492 3265 traductus
2515 3216 2684 3274 esset,
2717 3215 2777 3262 ut
2807 3207 2899 3277 qui
2934 3205 3182 3262 convicia
3220 3204 3274 3258 in
3307 3218 3434 3258 eum
3471 3202 3620 3257 dice-

2035 3312 2155 3360 ret:
2189 3301 2323 3373 Ego,
2372 3300 2575 3371 inquit,
2605 3315 2774 3371 opera
2823 3299 2942 3371 ejus
2991 3296 3253 3369 respicio,
3304 3309 3615 3352 sermonem

2036 3412 2166 3452 vero
2197 3411 2306 3452 non
2347 3394 2552 3451 audivi.

2034 3574 2181 3630 Nihil
2205 3573 2453 3638 suavius,
2497 3587 2675 3643 neque
2723 3572 2897 3640 magis
2929 3571 3199 3628 musicum

2036 3665 2152 3732 Est,
2188 3681 2348 3736 quam
2377 3666 2623 3723 convicia
2650 3665 2793 3722 ferre
2832 3680 3014 3736 posse.

2035 3758 2172 3813 Nam
2208 3759 2475 3825 convicia,
2500 3757 2546 3815 si
2572 3759 2620 3814 is
2658 3766 2847 3813 contra
2879 3771 3040 3828 quem
3074 3759 3334 3815 dicuntur

2037 3848 2377 3918 Dissimulet,
2406 3851 2461 3907 in
2498 3851 2582 3908 sui
2620 3861 2899 3908 auctorem
2925 3850 3200 3908 recidunt.

3073 3943 3474 4014 (Philemonis)

2037 4033 2300 4104 Quisquis
2328 4037 2512 4092 statim
2547 4037 2707 4092 (idem
2738 4036 2906 4093 habet
2937 4035 3256 4102 calumniis,

2036 4121 2143 4176 Aut
2173 4123 2418 4178 tuorihus
2451 4125 2718 4194 improbis
2754 4125 3017 4194 praeditus
3047 4133 3152 4190 est,

2037 4214 2444 4282 Autingcuium
2485 4231 2716 4283 prorsus
2748 4217 2914 4270 habet
2951 4217 3180 4285 puerile.
3273 4216 3623 4286 (Menandri)

2113 4303 2353 4374 Rhegini.
2380 4305 2662 4373 Multijam
2705 4306 3008 4374 majoribus
3048 4306 3214 4362 malis
3249 4305 3434 4362 allecti
3493 4317 3622 4361 sunt

2039 4412 2134 4465 per
2165 4397 2473 4450 calumnias
2525 4413 2687 4466 quant
2731 4399 2937 4452 hostes.
2973 4396 3040 4452 Et
3083 4397 3237 4452 multi
3282 4399 3393 4466 jam
3451 4398 3623 4467 magis

2041 4491 2153 4546 laesi
2183 4501 2309 4546 sunt
2337 4490 2408 4545 ob
2454 4493 2670 4545 aurium
2724 4492 3122 4556 infirmitatem,
3157 4507 3321 4562 quam
3376 4491 3620 4547 hostium

2041 4581 2293 4637 insidias.

1963 4707 2014 4766 θ
2043 4673 2188 4730 Nihil
2221 4691 2450 4746 usquam
2489 4676 2784 4747 malignius
2807 4685 2892 4731 est
2918 4673 3220 4730 calumnia.

2041 4769 2168 4822 Haec
2190 4769 2334 4822 enim
2359 4770 2450 4823 ulti
2481 4770 2620 4824 clam
2641 4769 2879 4839 aliquem
2905 4783 2934 4822 a
2956 4783 3015 4824 se
3038 4782 3361 4838 persuasum
3389 4766 3624 4834 decepit,

2037 4859 2236 4914 Odium
2254 4861 2458 4916 excitat
2471 4862 2732 4918 adversus
2747 4878 2869 4917 eum
2889 4860 2980 4931 qui
2999 4860 3136 4915 nihil
3153 4869 3236 4916 est
3251 4857 3627 4914 commeritus.

2116 4952 2285 5007 Sexti.
2326 4953 2426 5020 Qui
2455 4955 2831 5010 calumniatur
2886 4954 3148 5018 amicum,
3210 4967 3317 5007 non
3350 4951 3628 5016 laudetur,

2044 5045 2166 5100 licet
2200 5062 2325 5100 vera
2366 5048 2588 5102 dixerit.

2113 5138 2420 5208 Chrysippi.
2450 5139 2584 5195 Cum
2613 5141 2833 5211 quidam
2861 5141 2909 5194 ei
2933 5139 3199 5195 dixisset:
3238 5138 3462 5191 Anticus
3486 5137 3626 5190 clam

2044 5242 2093 5286 te
2125 5232 2384 5299 traducit,
2422 5234 2734 5303 respondit:
2763 5233 2842 5290 Ne
2868 5231 3237 5303 reprehendas
3278 5246 3436 5296 eum;
3502 5230 3632 5285 licet

2042 5324 2187 5378 enim
2227 5325 2328 5380 hoc
2361 5325 2436 5380 illi
2461 5326 2624 5380 etiam
2658 5327 2835 5394 palam
2867 5326 3065 5380 facere.

2115 5413 2362 5471 Luciuui.
2397 5417 2582 5473 Bonus
2614 5417 2832 5488 quidem
2885 5431 3102 5490 cursor,
3137 5424 3196 5470 ut
3239 5413 3477 5483 primum
3504 5429 3631 5468 cur-

2043 5507 2198 5560 rendi
2228 5508 2444 5577 signum
2468 5509 2656 5564 datum
2688 5519 2792 5574 est,
2825 5507 2958 5562 nihil
2982 5521 3148 5577 quam
3177 5521 3401 5576 pergere
3421 5504 3632 5559 deside-

2045 5613 2194 5661 rans,
2230 5609 2285 5653 et
2317 5601 2562 5653 animum
2600 5600 2666 5654 ad
2697 5610 2894 5655 metam
2920 5607 3269 5660 convertens,
3303 5605 3358 5652 ct
3387 5596 3442 5648 in
3476 5595 3629 5665 pedi-

2046 5690 2145 5744 ltus
2179 5690 2420 5745 victoriae
2442 5707 2593 5761 spetn
2630 5691 2929 5756 collucens,
2966 5691 3102 5744 nihil
3148 5689 3274 5742 ntali
3320 5687 3545 5740 molitur
3575 5687 3626 5741 itt

2044 5788 2378 5851 proximum,
2405 5801 2582 5855 neque
2625 5786 2925 5856 quidquam
2956 5785 3024 5839 de
3057 5785 3175 5852 ipso
3206 5781 3314 5851 97
3348 5793 3504 5834 curat
3543 5781 3625 5833 iu-

2043 5885 2122 5928 ter
2160 5885 2493 5939 certatores;
2523 5877 2698 5931 malus
2727 5891 2856 5930 vero
2888 5883 2943 5929 ct
2977 5874 3206 5943 ignavus
3252 5871 3622 5938 autagonistu,

2043 5968 2106 6022 de
2131 5967 2408 6024 celeritate
2438 5983 2534 6024 sua
2555 5969 2873 6038 desperans,
2901 5966 2967 6021 ad
2994 5965 3166 6021 malas
3193 5971 3336 6017 artes
3361 5963 3622 6036 scyertit,
