  <div class='ocr_page' id='page_1' title='image "/cluster/home/n/w/nwhite01/storage/ocr_20150623/136/coo.31924054870419/479.png"; bbox 0 0 4038 6406; ppageno 0'>
   <div class='ocr_carea' id='block_1_1' title="bbox 401 441 506 503">
    <p class='ocr_par' dir='ltr' id='par_1_1' title="bbox 401 441 506 503">
     <span class='ocr_line' id='line_1_1' title="bbox 401 441 506 503; baseline 0 -1"><span class='ocrx_word' id='word_1_1' title='bbox 401 441 506 503; x_wconf 78' lang='grc'><strong>947</strong></span> 
     </span>
    </p>
   </div>
   <div class='ocr_carea' id='block_1_2' title="bbox 1679 443 2384 507">
    <p class='ocr_par' dir='ltr' id='par_1_2' title="bbox 1679 443 2384 507">
     <span class='ocr_line' id='line_1_2' title="bbox 1679 443 2384 507; baseline 0.007 -7"><span class='ocrx_word' id='word_1_2' title='bbox 1679 443 2002 507; x_wconf 73' lang='grc' dir='ltr'><strong>ΛΝΤΟΝΙΙ</strong></span> <span class='ocrx_word' id='word_1_3' title='bbox 2038 445 2384 507; x_wconf 67' lang='lat' dir='ltr'><strong>MELISSIE</strong></span> 
     </span>
    </p>
   </div>
   <div class='ocr_carea' id='block_1_3' title="bbox 3569 446 3682 512">
    <p class='ocr_par' dir='ltr' id='par_1_3' title="bbox 3569 446 3682 512">
     <span class='ocr_line' id='line_1_3' title="bbox 3569 446 3682 512; baseline 0.053 -6"><span class='ocrx_word' id='word_1_4' title='bbox 3569 446 3682 512; x_wconf 67' lang='lat'><strong>948</strong></span> 
     </span>
    </p>
   </div>
   <div class='ocr_carea' id='block_1_4' title="bbox 402 556 1987 631">
    <p class='ocr_par' dir='ltr' id='par_1_4' title="bbox 402 556 1984 626">
     <span class='ocr_line' id='line_1_4' title="bbox 402 556 1984 626; baseline -0.001 -13"><span class='ocrx_word' id='word_1_5' title='bbox 402 570 458 612; x_wconf 90' lang='lat' dir='ltr'><strong>et</strong></span> <span class='ocrx_word' id='word_1_6' title='bbox 498 561 603 613; x_wconf 85' lang='lat' dir='ltr'><strong>hoc</strong></span> <span class='ocrx_word' id='word_1_7' title='bbox 632 572 800 613; x_wconf 90' lang='lat' dir='ltr'><strong>unum</strong></span> <span class='ocrx_word' id='word_1_8' title='bbox 862 569 974 624; x_wconf 73' lang='lat' dir='ltr'><strong>pra:</strong></span> <span class='ocrx_word' id='word_1_9' title='bbox 1003 556 1263 611; x_wconf 88' lang='lat' dir='ltr'><strong>omnibus</strong></span> <span class='ocrx_word' id='word_1_10' title='bbox 1303 564 1538 626; x_wconf 75' lang='lat' dir='ltr'><strong>spectat,</strong></span> <span class='ocrx_word' id='word_1_11' title='bbox 1578 567 1639 612; x_wconf 85' lang='grc' dir='ltr'><strong>ιιι</strong></span> <span class='ocrx_word' id='word_1_12' title='bbox 1671 567 1984 612; x_wconf 85' lang='lat' dir='ltr'><strong>currentem</strong></span> 
     </span>
    </p>
   </div>
   <div class='ocr_carea' id='block_1_5' title="bbox 2121 556 3673 631">
    <p class='ocr_par' dir='ltr' id='par_1_5' title="bbox 2121 557 3673 631">
     <span class='ocr_line' id='line_1_5' title="bbox 2121 557 3673 631; baseline 0.001 -18"><span class='ocrx_word' id='word_1_13' title='bbox 2121 559 2248 629; x_wconf 38' lang='grc' dir='ltr'><strong>,νίαν</strong></span> <span class='ocrx_word' id='word_1_14' title='bbox 2274 559 2562 631; x_wconf 82' lang='grc' dir='ltr'><strong>τρέπεται,</strong></span> <span class='ocrx_word' id='word_1_15' title='bbox 2591 559 2687 613; x_wconf 80' lang='grc' dir='ltr'><strong>καὶ</strong></span> <span class='ocrx_word' id='word_1_16' title='bbox 2710 557 2870 613; x_wconf 90' lang='grc' dir='ltr'><strong>τοῦτο</strong></span> <span class='ocrx_word' id='word_1_17' title='bbox 2896 559 3058 629; x_wconf 82' lang='grc' dir='ltr'><strong>μόνον</strong></span> <span class='ocrx_word' id='word_1_18' title='bbox 3085 558 3147 624; x_wconf 73' lang='grc' dir='ltr'><strong>ἐξ</strong></span> <span class='ocrx_word' id='word_1_19' title='bbox 3175 558 3416 624; x_wconf 75' lang='grc' dir='ltr'><strong>ἅπαντος</strong></span> <span class='ocrx_word' id='word_1_20' title='bbox 3449 565 3673 626; x_wconf 87' lang='grc' dir='ltr'><strong>σκοπεῖ,</strong></span> 
     </span>
    </p>
   </div>
   <div class='ocr_carea' id='block_1_6' title="bbox 401 649 1986 722">
    <p class='ocr_par' dir='ltr' id='par_1_6' title="bbox 401 649 1986 722">
     <span class='ocr_line' id='line_1_6' title="bbox 401 649 1986 722; baseline 0.003 -21"><span class='ocrx_word' id='word_1_21' title='bbox 401 651 597 722; x_wconf 81' lang='lat' dir='ltr'><strong>quovis</strong></span> <span class='ocrx_word' id='word_1_22' title='bbox 630 650 793 706; x_wconf 83' lang='lat' dir='ltr'><strong>modo</strong></span> <span class='ocrx_word' id='word_1_23' title='bbox 839 649 1076 703; x_wconf 88' lang='lat' dir='ltr'><strong>retardet</strong></span> <span class='ocrx_word' id='word_1_24' title='bbox 1102 664 1167 705; x_wconf 90' lang='lat' dir='ltr'><strong>ac</strong></span> <span class='ocrx_word' id='word_1_25' title='bbox 1217 649 1499 719; x_wconf 88' lang='lat' dir='ltr'><strong>impediat,</strong></span> <span class='ocrx_word' id='word_1_26' title='bbox 1533 658 1591 704; x_wconf 90' lang='lat' dir='ltr'><strong>ut</strong></span> <span class='ocrx_word' id='word_1_27' title='bbox 1645 652 1739 720; x_wconf 88' lang='lat' dir='ltr'><strong>qui</strong></span> <span class='ocrx_word' id='word_1_28' title='bbox 1772 651 1986 706; x_wconf 88' lang='lat' dir='ltr'><strong>vincere</strong></span> 
     </span>
    </p>
   </div>
   <div class='ocr_carea' id='block_1_7' title="bbox 403 741 1173 814">
    <p class='ocr_par' dir='ltr' id='par_1_7' title="bbox 403 741 1173 814">
     <span class='ocr_line' id='line_1_7' title="bbox 403 741 1173 814; baseline -0.005 -16"><span class='ocrx_word' id='word_1_29' title='bbox 403 749 658 814; x_wconf 85' lang='lat' dir='ltr'><strong>nequeat,</strong></span> <span class='ocrx_word' id='word_1_30' title='bbox 691 742 740 797; x_wconf 90' lang='lat' dir='ltr'><strong>si</strong></span> <span class='ocrx_word' id='word_1_31' title='bbox 777 741 880 797; x_wconf 85' lang='lat' dir='ltr'><strong>hoc</strong></span> <span class='ocrx_word' id='word_1_32' title='bbox 905 742 1173 798; x_wconf 84' lang='lat' dir='ltr'><strong>omiserit.</strong></span> 
     </span>
    </p>
   </div>
   <div class='ocr_carea' id='block_1_8' title="bbox 477 923 1989 996">
    <p class='ocr_par' dir='ltr' id='par_1_8' title="bbox 477 923 1989 996">
     <span class='ocr_line' id='line_1_8' title="bbox 477 923 1989 996; baseline -0.001 -16"><span class='ocrx_word' id='word_1_33' title='bbox 477 926 718 996; x_wconf 74' lang='lat' dir='ltr'><strong>Dionysii</strong></span> <span class='ocrx_word' id='word_1_34' title='bbox 769 924 926 995; x_wconf 82' lang='lat' dir='ltr'><strong>regis.</strong></span> <span class='ocrx_word' id='word_1_35' title='bbox 990 923 1280 996; x_wconf 87' lang='lat' dir='ltr'><strong>Dionysius</strong></span> <span class='ocrx_word' id='word_1_36' title='bbox 1345 939 1441 978; x_wconf 87' lang='lat' dir='ltr'><strong>rex</strong></span> <span class='ocrx_word' id='word_1_37' title='bbox 1505 939 1628 979; x_wconf 91' lang='lat' dir='ltr'><strong>cum</strong></span> <span class='ocrx_word' id='word_1_38' title='bbox 1689 923 1989 978; x_wconf 83' lang='lat' dir='ltr'><strong>audivisset</strong></span> 
     </span>
    </p>
   </div>
   <div class='ocr_carea' id='block_1_9' title="bbox 403 1016 1987 1088">
    <p class='ocr_par' dir='ltr' id='par_1_9' title="bbox 403 1016 1987 1088">
     <span class='ocr_line' id='line_1_9' title="bbox 403 1016 1987 1088; baseline -0.003 -15"><span class='ocrx_word' id='word_1_39' title='bbox 403 1019 544 1074; x_wconf 89' lang='lat' dir='ltr'><strong>duos</strong></span> <span class='ocrx_word' id='word_1_40' title='bbox 578 1017 962 1074; x_wconf 81' lang='lat' dir='ltr'><strong>adolescentes</strong></span> <span class='ocrx_word' id='word_1_41' title='bbox 1011 1016 1185 1072; x_wconf 87' lang='lat' dir='ltr'><strong>multa</strong></span> <span class='ocrx_word' id='word_1_42' title='bbox 1235 1016 1640 1072; x_wconf 88' lang='lat' dir='ltr'><strong>contumeliosa</strong></span> <span class='ocrx_word' id='word_1_43' title='bbox 1669 1016 1736 1072; x_wconf 88' lang='lat' dir='ltr'><strong>de</strong></span> <span class='ocrx_word' id='word_1_44' title='bbox 1787 1016 1909 1088; x_wconf 88' lang='lat' dir='ltr'><strong>ipso</strong></span> <span class='ocrx_word' id='word_1_45' title='bbox 1934 1025 1987 1070; x_wconf 86' lang='lat' dir='ltr'><strong>et</strong></span> 
     </span>
    </p>
   </div>
   <div class='ocr_carea' id='block_1_10' title="bbox 404 1110 1988 1184">
    <p class='ocr_par' dir='ltr' id='par_1_10' title="bbox 404 1110 1988 1184">
     <span class='ocr_line' id='line_1_10' title="bbox 404 1110 1988 1184; baseline -0.001 -17"><span class='ocrx_word' id='word_1_46' title='bbox 404 1111 692 1184; x_wconf 84' lang='lat' dir='ltr'><strong>tyrannide</strong></span> <span class='ocrx_word' id='word_1_47' title='bbox 758 1111 904 1167; x_wconf 89' lang='lat' dir='ltr'><strong>inter</strong></span> <span class='ocrx_word' id='word_1_48' title='bbox 957 1112 1392 1182; x_wconf 88' lang='lat' dir='ltr'><strong>compotandum</strong></span> <span class='ocrx_word' id='word_1_49' title='bbox 1446 1110 1673 1176; x_wconf 79' lang='lat' dir='ltr'><strong>dixisse,</strong></span> <span class='ocrx_word' id='word_1_50' title='bbox 1725 1121 1988 1180; x_wconf 86' lang='lat' dir='ltr'><strong>utrosque</strong></span> 
     </span>
    </p>
   </div>
   <div class='ocr_carea' id='block_1_11' title="bbox 402 1202 1986 1260">
    <p class='ocr_par' dir='ltr' id='par_1_11' title="bbox 402 1202 1986 1260">
     <span class='ocr_line' id='line_1_11' title="bbox 402 1202 1986 1260; baseline -0.001 -2"><span class='ocrx_word' id='word_1_51' title='bbox 402 1206 620 1260; x_wconf 88' lang='lat' dir='ltr'><strong>vocavit</strong></span> <span class='ocrx_word' id='word_1_52' title='bbox 650 1205 719 1259; x_wconf 92' lang='lat' dir='ltr'><strong>ad</strong></span> <span class='ocrx_word' id='word_1_53' title='bbox 755 1217 998 1260; x_wconf 72' lang='lat' dir='ltr'><strong>cmnam.</strong></span> <span class='ocrx_word' id='word_1_54' title='bbox 1035 1202 1176 1258; x_wconf 89' lang='lat' dir='ltr'><strong>Cum</strong></span> <span class='ocrx_word' id='word_1_55' title='bbox 1207 1202 1419 1260; x_wconf 75' lang='lat' dir='ltr'><strong>videret</strong></span> <span class='ocrx_word' id='word_1_56' title='bbox 1445 1211 1628 1258; x_wconf 88' lang='lat' dir='ltr'><strong>autem</strong></span> <span class='ocrx_word' id='word_1_57' title='bbox 1662 1202 1894 1256; x_wconf 84' lang='lat' dir='ltr'><strong>alterum</strong></span> <span class='ocrx_word' id='word_1_58' title='bbox 1923 1215 1986 1256; x_wconf 88' lang='lat' dir='ltr'><strong>ex</strong></span> 
     </span>
    </p>
   </div>
   <div class='ocr_carea' id='block_1_12' title="bbox 403 1292 1988 1367">
    <p class='ocr_par' dir='ltr' id='par_1_12' title="bbox 403 1292 1988 1367">
     <span class='ocr_line' id='line_1_12' title="bbox 403 1292 1988 1367; baseline -0.002 -15"><span class='ocrx_word' id='word_1_59' title='bbox 403 1298 725 1354; x_wconf 79' lang='lat' dir='ltr'><strong>temulentia</strong></span> <span class='ocrx_word' id='word_1_60' title='bbox 778 1296 1119 1367; x_wconf 85' lang='lat' dir='ltr'><strong>petulantem</strong></span> <span class='ocrx_word' id='word_1_61' title='bbox 1156 1303 1212 1351; x_wconf 93' lang='lat' dir='ltr'><strong>et</strong></span> <span class='ocrx_word' id='word_1_62' title='bbox 1266 1293 1437 1350; x_wconf 92' lang='lat' dir='ltr'><strong>multa</strong></span> <span class='ocrx_word' id='word_1_63' title='bbox 1483 1303 1778 1364; x_wconf 76' lang='lat' dir='ltr'><strong>nugantein</strong></span> <span class='ocrx_word' id='word_1_64' title='bbox 1805 1333 1822 1358; x_wconf 94' lang='lat'><strong>,</strong></span> <span class='ocrx_word' id='word_1_65' title='bbox 1857 1292 1988 1349; x_wconf 89' lang='lat' dir='ltr'><strong>alte-</strong></span> 
     </span>
    </p>
   </div>
   <div class='ocr_carea' id='block_1_13' title="bbox 403 1384 1988 1448">
    <p class='ocr_par' dir='ltr' id='par_1_13' title="bbox 403 1384 1988 1448">
     <span class='ocr_line' id='line_1_13' title="bbox 403 1384 1988 1448; baseline -0.003 -5"><span class='ocrx_word' id='word_1_66' title='bbox 403 1405 524 1444; x_wconf 88' lang='lat' dir='ltr'><strong>rum</strong></span> <span class='ocrx_word' id='word_1_67' title='bbox 551 1405 682 1446; x_wconf 89' lang='lat' dir='ltr'><strong>vero</strong></span> <span class='ocrx_word' id='word_1_68' title='bbox 711 1386 956 1444; x_wconf 88' lang='lat' dir='ltr'><strong>modeste</strong></span> <span class='ocrx_word' id='word_1_69' title='bbox 976 1397 1032 1444; x_wconf 88' lang='lat' dir='ltr'><strong>et</strong></span> <span class='ocrx_word' id='word_1_70' title='bbox 1055 1394 1213 1442; x_wconf 85' lang='lat' dir='ltr'><strong>caute</strong></span> <span class='ocrx_word' id='word_1_71' title='bbox 1251 1384 1526 1440; x_wconf 87' lang='lat' dir='ltr'><strong>bibentem</strong></span> <span class='ocrx_word' id='word_1_72' title='bbox 1551 1421 1568 1448; x_wconf 86' lang='lat'><strong>,</strong></span> <span class='ocrx_word' id='word_1_73' title='bbox 1606 1384 1759 1438; x_wconf 90' lang='lat' dir='ltr'><strong>illum</strong></span> <span class='ocrx_word' id='word_1_74' title='bbox 1808 1393 1869 1439; x_wconf 92' lang='lat' dir='ltr'><strong>ut</strong></span> <span class='ocrx_word' id='word_1_75' title='bbox 1891 1399 1988 1438; x_wconf 88' lang='lat' dir='ltr'><strong>na-</strong></span> 
     </span>
    </p>
   </div>
   <div class='ocr_carea' id='block_1_14' title="bbox 403 1471 1987 1537">
    <p class='ocr_par' dir='ltr' id='par_1_14' title="bbox 403 1471 1987 1537">
     <span class='ocr_line' id='line_1_14' title="bbox 403 1471 1987 1537; baseline 0 -8"><span class='ocrx_word' id='word_1_76' title='bbox 403 1486 528 1530; x_wconf 86' lang='lat' dir='ltr'><strong>tura</strong></span> <span class='ocrx_word' id='word_1_77' title='bbox 558 1475 838 1531; x_wconf 83' lang='lat' dir='ltr'><strong>ebriosum</strong></span> <span class='ocrx_word' id='word_1_78' title='bbox 873 1482 928 1530; x_wconf 88' lang='lat' dir='ltr'><strong>et</strong></span> <span class='ocrx_word' id='word_1_79' title='bbox 959 1473 1219 1530; x_wconf 89' lang='lat' dir='ltr'><strong>stolidum</strong></span> <span class='ocrx_word' id='word_1_80' title='bbox 1253 1471 1486 1537; x_wconf 86' lang='lat' dir='ltr'><strong>dimisit,</strong></span> <span class='ocrx_word' id='word_1_81' title='bbox 1541 1475 1690 1528; x_wconf 81' lang='lat' dir='ltr'><strong>hunc</strong></span> <span class='ocrx_word' id='word_1_82' title='bbox 1739 1487 1872 1529; x_wconf 84' lang='lat' dir='ltr'><strong>vero</strong></span> <span class='ocrx_word' id='word_1_83' title='bbox 1904 1474 1987 1529; x_wconf 84' lang='lat' dir='ltr'><strong>in-</strong></span> 
     </span>
    </p>
   </div>
   <div class='ocr_carea' id='block_1_15' title="bbox 405 1563 1990 1637">
    <p class='ocr_par' dir='ltr' id='par_1_15' title="bbox 405 1563 1990 1637">
     <span class='ocr_line' id='line_1_15' title="bbox 405 1563 1990 1637; baseline 0.001 -18"><span class='ocrx_word' id='word_1_84' title='bbox 405 1565 626 1621; x_wconf 85' lang='lat' dir='ltr'><strong>terfecit</strong></span> <span class='ocrx_word' id='word_1_85' title='bbox 656 1577 916 1637; x_wconf 83' lang='lat' dir='ltr'><strong>tanquam</strong></span> <span class='ocrx_word' id='word_1_86' title='bbox 951 1579 1016 1621; x_wconf 92' lang='lat' dir='ltr'><strong>ex</strong></span> <span class='ocrx_word' id='word_1_87' title='bbox 1044 1564 1212 1619; x_wconf 91' lang='lat' dir='ltr'><strong>animi</strong></span> <span class='ocrx_word' id='word_1_88' title='bbox 1244 1563 1525 1636; x_wconf 86' lang='lat' dir='ltr'><strong>proposito</strong></span> <span class='ocrx_word' id='word_1_89' title='bbox 1571 1564 1901 1621; x_wconf 87' lang='lat' dir='ltr'><strong>malevolum</strong></span> <span class='ocrx_word' id='word_1_90' title='bbox 1934 1575 1990 1622; x_wconf 90' lang='lat' dir='ltr'><strong>et</strong></span> 
     </span>
    </p>
   </div>
   <div class='ocr_carea' id='block_1_16' title="bbox 405 1659 711 1715">
    <p class='ocr_par' dir='ltr' id='par_1_16' title="bbox 405 1659 711 1715">
     <span class='ocr_line' id='line_1_16' title="bbox 405 1659 711 1715; baseline 0.01 -3"><span class='ocrx_word' id='word_1_91' title='bbox 405 1659 711 1715; x_wconf 88' lang='lat' dir='ltr'><strong>inimicum.</strong></span> 
     </span>
    </p>
   </div>
   <div class='ocr_carea' id='block_1_17' title="bbox 484 1751 1989 1832">
    <p class='ocr_par' dir='ltr' id='par_1_17' title="bbox 484 1751 1989 1832">
     <span class='ocr_line' id='line_1_17' title="bbox 484 1751 1989 1832; baseline 0.004 -28"><span class='ocrx_word' id='word_1_92' title='bbox 484 1751 794 1811; x_wconf 74' lang='lat' dir='ltr'><strong>Alexandri.</strong></span> <span class='ocrx_word' id='word_1_93' title='bbox 823 1759 1132 1816; x_wconf 83' lang='lat' dir='ltr'><strong>Alexander</strong></span> <span class='ocrx_word' id='word_1_94' title='bbox 1158 1778 1282 1818; x_wconf 89' lang='lat' dir='ltr'><strong>cum</strong></span> <span class='ocrx_word' id='word_1_95' title='bbox 1325 1760 1611 1832; x_wconf 86' lang='lat' dir='ltr'><strong>epistolam</strong></span> <span class='ocrx_word' id='word_1_96' title='bbox 1651 1767 1844 1813; x_wconf 89' lang='lat' dir='ltr'><strong>contra</strong></span> <span class='ocrx_word' id='word_1_97' title='bbox 1879 1769 1989 1810; x_wconf 91' lang='lat' dir='ltr'><strong>me-</strong></span> 
     </span>
    </p>
   </div>
   <div class='ocr_carea' id='block_1_18' title="bbox 2088 651 3678 726">
    <p class='ocr_par' dir='ltr' id='par_1_18' title="bbox 2088 651 3678 726">
     <span class='ocr_line' id='line_1_18' title="bbox 2088 651 3678 726; baseline 0.002 -21"><span class='ocrx_word' id='word_1_98' title='bbox 2088 653 2240 714; x_wconf 80' lang='grc' dir='ltr'><strong>ὅπως</strong></span> <span class='ocrx_word' id='word_1_99' title='bbox 2263 652 2358 707; x_wconf 84' lang='grc' dir='ltr'><strong>τὸν</strong></span> <span class='ocrx_word' id='word_1_100' title='bbox 2387 653 2652 722; x_wconf 81' lang='grc' dir='ltr'><strong>τρέχοντα</strong></span> <span class='ocrx_word' id='word_1_101' title='bbox 2680 651 2948 722; x_wconf 81' lang='grc' dir='ltr'><strong>ἐπισχὼν,</strong></span> <span class='ocrx_word' id='word_1_102' title='bbox 2971 652 3005 722; x_wconf 78' lang='grc' dir='ltr'>ἢ</span> <span class='ocrx_word' id='word_1_103' title='bbox 3038 651 3338 721; x_wconf 73' lang='grc' dir='ltr'><strong>ἐμποδίσας</strong></span> <span class='ocrx_word' id='word_1_104' title='bbox 3369 653 3678 726; x_wconf 71' lang='grc' dir='ltr'><strong>ἐπιστομῇ,</strong></span> 
     </span>
    </p>
   </div>
   <div class='ocr_carea' id='block_1_19' title="bbox 2088 741 3681 814">
    <p class='ocr_par' dir='ltr' id='par_1_19' title="bbox 2088 741 3681 814">
     <span class='ocr_line' id='line_1_19' title="bbox 2088 741 3681 814; baseline 0.004 -18"><span class='ocrx_word' id='word_1_105' title='bbox 2088 741 2191 809; x_wconf 83' lang='grc' dir='ltr'><strong>ώς,</strong></span> <span class='ocrx_word' id='word_1_106' title='bbox 2223 743 2273 796; x_wconf 85' lang='grc' dir='ltr'><strong>εί</strong></span> <span class='ocrx_word' id='word_1_107' title='bbox 2299 741 2494 796; x_wconf 86' lang='grc' dir='ltr'><strong>τούτου</strong></span> <span class='ocrx_word' id='word_1_108' title='bbox 2528 743 2848 814; x_wconf 76' lang='grc' dir='ltr'><strong>διαμάρτοι,</strong></span> <span class='ocrx_word' id='word_1_109' title='bbox 2870 743 2972 798; x_wconf 83' lang='grc' dir='ltr'><strong>οὐκ</strong></span> <span class='ocrx_word' id='word_1_110' title='bbox 3001 743 3069 798; x_wconf 73' lang='grc' dir='ltr'><strong>ἄν</strong></span> <span class='ocrx_word' id='word_1_111' title='bbox 3098 760 3228 798; x_wconf 83' lang='grc' dir='ltr'><strong>ποτε</strong></span> <span class='ocrx_word' id='word_1_112' title='bbox 3261 743 3482 814; x_wconf 77' lang='grc' dir='ltr'><strong>νικῆσαι</strong></span> <span class='ocrx_word' id='word_1_113' title='bbox 3511 746 3681 803; x_wconf 81' lang='grc' dir='ltr'><strong>δυνά·</strong></span> 
     </span>
    </p>
   </div>
   <div class='ocr_carea' id='block_1_20' title="bbox 2092 851 2276 904">
    <p class='ocr_par' dir='ltr' id='par_1_20' title="bbox 2092 851 2276 904">
     <span class='ocr_line' id='line_1_20' title="bbox 2092 851 2276 904; baseline 0.022 -19"><span class='ocrx_word' id='word_1_114' title='bbox 2092 851 2276 904; x_wconf 84' lang='grc' dir='ltr'><strong>μενος.</strong></span> 
     </span>
    </p>
   </div>
   <div class='ocr_carea' id='block_1_21' title="bbox 2163 923 3683 997">
    <p class='ocr_par' dir='ltr' id='par_1_21' title="bbox 2163 923 3683 997">
     <span class='ocr_line' id='line_1_21' title="bbox 2163 923 3683 997; baseline 0.007 -21"><span class='ocrx_word' id='word_1_115' title='bbox 2163 923 2444 990; x_wconf 89' lang='grc' dir='ltr'><strong>Διονύσιος</strong></span> <span class='ocrx_word' id='word_1_116' title='bbox 2500 929 2528 980; x_wconf 86' lang='grc' dir='ltr'><strong>ό</strong></span> <span class='ocrx_word' id='word_1_117' title='bbox 2582 925 2837 997; x_wconf 79' lang='grc' dir='ltr'><strong>βασιλεὺς</strong></span> <span class='ocrx_word' id='word_1_118' title='bbox 2911 929 3153 992; x_wconf 83' lang='grc' dir='ltr'><strong>ἀκούσας</strong></span> <span class='ocrx_word' id='word_1_119' title='bbox 3209 931 3304 984; x_wconf 86' lang='grc' dir='ltr'><strong>δύο</strong></span> <span class='ocrx_word' id='word_1_120' title='bbox 3355 931 3683 997; x_wconf 73' lang='grc' dir='ltr'><strong>νεανίσκους</strong></span> 
     </span>
    </p>
   </div>
   <div class='ocr_carea' id='block_1_22' title="bbox 2093 1017 3681 1092">
    <p class='ocr_par' dir='ltr' id='par_1_22' title="bbox 2093 1017 3681 1092">
     <span class='ocr_line' id='line_1_22' title="bbox 2093 1017 3681 1092; baseline 0.006 -22"><span class='ocrx_word' id='word_1_121' title='bbox 2093 1017 2268 1072; x_wconf 89' lang='grc' dir='ltr'><strong>πολλὰ</strong></span> <span class='ocrx_word' id='word_1_122' title='bbox 2305 1018 2608 1091; x_wconf 73' lang='grc' dir='ltr'><strong>βλάσφημα</strong></span> <span class='ocrx_word' id='word_1_123' title='bbox 2642 1023 2773 1090; x_wconf 75' lang='grc' dir='ltr'><strong>περὶ</strong></span> <span class='ocrx_word' id='word_1_124' title='bbox 2804 1022 2970 1074; x_wconf 81' lang='grc' dir='ltr'><strong>αὑτοῦ</strong></span> <span class='ocrx_word' id='word_1_125' title='bbox 2999 1023 3095 1076; x_wconf 82' lang='grc' dir='ltr'><strong>καὶ</strong></span> <span class='ocrx_word' id='word_1_126' title='bbox 3120 1023 3220 1090; x_wconf 82' lang='grc' dir='ltr'><strong>τῆς</strong></span> <span class='ocrx_word' id='word_1_127' title='bbox 3255 1023 3571 1092; x_wconf 75' lang='grc' dir='ltr'><strong>τυραννίδος</strong></span> <span class='ocrx_word' id='word_1_128' title='bbox 3602 1028 3681 1080; x_wconf 79' lang='grc' dir='ltr'><strong>εί-</strong></span> 
     </span>
    </p>
   </div>
   <div class='ocr_carea' id='block_1_23' title="bbox 2093 1110 3683 1187">
    <p class='ocr_par' dir='ltr' id='par_1_23' title="bbox 2093 1110 3683 1187">
     <span class='ocr_line' id='line_1_23' title="bbox 2093 1110 3683 1187; baseline 0.003 -23"><span class='ocrx_word' id='word_1_129' title='bbox 2093 1110 2327 1180; x_wconf 83' lang='grc' dir='ltr'><strong>ρηκέναι</strong></span> <span class='ocrx_word' id='word_1_130' title='bbox 2363 1115 2517 1182; x_wconf 86' lang='grc' dir='ltr'><strong>παρὰ</strong></span> <span class='ocrx_word' id='word_1_131' title='bbox 2551 1113 2737 1178; x_wconf 85' lang='grc' dir='ltr'><strong>πότον,</strong></span> <span class='ocrx_word' id='word_1_132' title='bbox 2762 1112 3114 1184; x_wconf 75' lang='grc' dir='ltr'><strong>ἀμφοτέρους</strong></span> <span class='ocrx_word' id='word_1_133' title='bbox 3146 1113 3378 1168; x_wconf 81' lang='grc' dir='ltr'><strong>ἐκάλεσε</strong></span> <span class='ocrx_word' id='word_1_134' title='bbox 3409 1117 3539 1187; x_wconf 81' lang='grc' dir='ltr'><strong>περὶ</strong></span> <span class='ocrx_word' id='word_1_135' title='bbox 3569 1117 3683 1170; x_wconf 70' lang='lat' dir='ltr'><strong>51i-</strong></span> 
     </span>
    </p>
   </div>
   <div class='ocr_carea' id='block_1_24' title="bbox 2091 1202 3682 1278">
    <p class='ocr_par' dir='ltr' id='par_1_24' title="bbox 2091 1202 3682 1278">
     <span class='ocr_line' id='line_1_24' title="bbox 2091 1202 3682 1278; baseline 0.004 -23"><span class='ocrx_word' id='word_1_136' title='bbox 2091 1219 2259 1256; x_wconf 80' lang='grc' dir='ltr'><strong>πνον-</strong></span> <span class='ocrx_word' id='word_1_137' title='bbox 2294 1202 2440 1273; x_wconf 86' lang='grc' dir='ltr'><strong>όρῶν</strong></span> <span class='ocrx_word' id='word_1_138' title='bbox 2485 1203 2544 1257; x_wconf 84' lang='grc' dir='ltr'><strong>δὲ</strong></span> <span class='ocrx_word' id='word_1_139' title='bbox 2584 1205 2677 1258; x_wconf 86' lang='grc' dir='ltr'><strong>τὸν</strong></span> <span class='ocrx_word' id='word_1_140' title='bbox 2725 1206 2828 1275; x_wconf 82' lang='grc' dir='ltr'><strong>μὲν</strong></span> <span class='ocrx_word' id='word_1_141' title='bbox 2878 1205 3248 1275; x_wconf 79' lang='grc' dir='ltr'><strong>παροινοῦντα</strong></span> <span class='ocrx_word' id='word_1_142' title='bbox 3278 1208 3374 1260; x_wconf 74' lang='grc' dir='ltr'><strong>καὶ</strong></span> <span class='ocrx_word' id='word_1_143' title='bbox 3405 1207 3682 1278; x_wconf 78' lang='grc' dir='ltr'><strong>ληροῦντα</strong></span> 
     </span>
    </p>
   </div>
   <div class='ocr_carea' id='block_1_25' title="bbox 2093 1294 3682 1367">
    <p class='ocr_par' dir='ltr' id='par_1_25' title="bbox 2093 1294 3682 1367">
     <span class='ocr_line' id='line_1_25' title="bbox 2093 1294 3682 1367; baseline 0.004 -20"><span class='ocrx_word' id='word_1_144' title='bbox 2093 1295 2288 1361; x_wconf 76' lang='grc' dir='ltr'><strong>πολλὰ,</strong></span> <span class='ocrx_word' id='word_1_145' title='bbox 2329 1294 2422 1348; x_wconf 81' lang='grc' dir='ltr'><strong>τὸν</strong></span> <span class='ocrx_word' id='word_1_146' title='bbox 2451 1294 2512 1348; x_wconf 79' lang='grc' dir='ltr'><strong>δέ</strong></span> <span class='ocrx_word' id='word_1_147' title='bbox 2549 1297 2794 1366; x_wconf 79' lang='grc' dir='ltr'><strong>κοσμίως</strong></span> <span class='ocrx_word' id='word_1_148' title='bbox 2845 1298 2965 1367; x_wconf 74' lang='grc' dir='ltr'><strong>μετ’</strong></span> <span class='ocrx_word' id='word_1_149' title='bbox 2990 1297 3280 1362; x_wconf 81' lang='grc' dir='ltr'><strong>εὐλαϐείας</strong></span> <span class='ocrx_word' id='word_1_150' title='bbox 3307 1301 3430 1363; x_wconf 86' lang='grc' dir='ltr'><strong>ταῖς</strong></span> <span class='ocrx_word' id='word_1_151' title='bbox 3483 1301 3682 1354; x_wconf 84' lang='grc' dir='ltr'><strong>πόσεσι</strong></span> 
     </span>
    </p>
   </div>
   <div class='ocr_carea' id='block_1_26' title="bbox 2092 1385 3683 1460">
    <p class='ocr_par' dir='ltr' id='par_1_26' title="bbox 2092 1385 3683 1460">
     <span class='ocr_line' id='line_1_26' title="bbox 2092 1385 3683 1460; baseline 0.003 -21"><span class='ocrx_word' id='word_1_152' title='bbox 2092 1385 2400 1457; x_wconf 80' lang='grc' dir='ltr'><strong>χρώμενον,</strong></span> <span class='ocrx_word' id='word_1_153' title='bbox 2438 1389 2654 1443; x_wconf 78' lang='grc' dir='ltr'><strong>ἐκεῖνον</strong></span> <span class='ocrx_word' id='word_1_154' title='bbox 2706 1389 2807 1458; x_wconf 80' lang='grc' dir='ltr'><strong>μὲν</strong></span> <span class='ocrx_word' id='word_1_155' title='bbox 2839 1390 3114 1444; x_wconf 81' lang='grc' dir='ltr'><strong>ἀπέλυσεν</strong></span> <span class='ocrx_word' id='word_1_156' title='bbox 3159 1391 3238 1455; x_wconf 83' lang='grc' dir='ltr'><strong>ὡς</strong></span> <span class='ocrx_word' id='word_1_157' title='bbox 3281 1391 3446 1460; x_wconf 83' lang='grc' dir='ltr'><strong>φύσει</strong></span> <span class='ocrx_word' id='word_1_158' title='bbox 3480 1409 3683 1460; x_wconf 84' lang='grc' dir='ltr'><strong>παροι-</strong></span> 
     </span>
    </p>
   </div>
   <div class='ocr_carea' id='block_1_27' title="bbox 2092 1479 3682 1554">
    <p class='ocr_par' dir='ltr' id='par_1_27' title="bbox 2092 1479 3682 1554">
     <span class='ocr_line' id='line_1_27' title="bbox 2092 1479 3682 1554; baseline 0.002 -22"><span class='ocrx_word' id='word_1_159' title='bbox 2092 1479 2357 1549; x_wconf 82' lang='grc' dir='ltr'><strong>νήσαντα,</strong></span> <span class='ocrx_word' id='word_1_160' title='bbox 2388 1479 2576 1534; x_wconf 90' lang='grc' dir='ltr'><strong>τοῦτον</strong></span> <span class='ocrx_word' id='word_1_161' title='bbox 2604 1481 2662 1534; x_wconf 77' lang='grc' dir='ltr'><strong>δέ</strong></span> <span class='ocrx_word' id='word_1_162' title='bbox 2689 1481 2899 1535; x_wconf 78' lang='grc' dir='ltr'><strong>ἀνεῖλεν</strong></span> <span class='ocrx_word' id='word_1_163' title='bbox 2925 1482 3002 1545; x_wconf 84' lang='grc' dir='ltr'><strong>ὼς</strong></span> <span class='ocrx_word' id='word_1_164' title='bbox 3033 1481 3265 1538; x_wconf 83' lang='grc' dir='ltr'><strong>δύσνουν</strong></span> <span class='ocrx_word' id='word_1_165' title='bbox 3288 1481 3387 1536; x_wconf 75' lang='grc' dir='ltr'><strong>καὶ</strong></span> <span class='ocrx_word' id='word_1_166' title='bbox 3416 1482 3682 1554; x_wconf 77' lang='grc' dir='ltr'><strong>πολέμιον</strong></span> 
     </span>
    </p>
   </div>
   <div class='ocr_carea' id='block_1_28' title="bbox 2091 1571 2590 1642">
    <p class='ocr_par' dir='ltr' id='par_1_28' title="bbox 2091 1571 2590 1642">
     <span class='ocr_line' id='line_1_28' title="bbox 2091 1571 2590 1642; baseline 0.008 -20"><span class='ocrx_word' id='word_1_167' title='bbox 2091 1571 2156 1623; x_wconf 82' lang='grc' dir='ltr'><strong>ἐκ</strong></span> <span class='ocrx_word' id='word_1_168' title='bbox 2189 1573 2590 1642; x_wconf 85' lang='grc' dir='ltr'><strong>προαιρέσεως.</strong></span> 
     </span>
    </p>
   </div>
   <div class='ocr_carea' id='block_1_29' title="bbox 2177 1753 3683 1827">
    <p class='ocr_par' dir='ltr' id='par_1_29' title="bbox 2177 1753 3683 1827">
     <span class='ocr_line' id='line_1_29' title="bbox 2177 1753 3683 1827; baseline 0.001 -21"><span class='ocrx_word' id='word_1_169' title='bbox 2177 1753 2527 1824; x_wconf 78' lang='grc' dir='ltr'><strong>Ἀλέξανδρος</strong></span> <span class='ocrx_word' id='word_1_170' title='bbox 2561 1755 2856 1827; x_wconf 77' lang='grc' dir='ltr'><strong>ἐπιστολὴν</strong></span> <span class='ocrx_word' id='word_1_171' title='bbox 2885 1756 3029 1810; x_wconf 75' lang='grc' dir='ltr'><strong>κατὰ</strong></span> <span class='ocrx_word' id='word_1_172' title='bbox 3084 1755 3182 1809; x_wconf 88' lang='grc' dir='ltr'><strong>τοῦ</strong></span> <span class='ocrx_word' id='word_1_173' title='bbox 3219 1753 3412 1824; x_wconf 85' lang='grc' dir='ltr'><strong>ίατροῦ</strong></span> <span class='ocrx_word' id='word_1_174' title='bbox 3445 1755 3683 1826; x_wconf 82' lang='grc' dir='ltr'><strong>δεξάμεο</strong></span> 
     </span>
    </p>
   </div>
   <div class='ocr_carea' id='block_1_30' title="bbox 409 1846 1987 1923">
    <p class='ocr_par' dir='ltr' id='par_1_30' title="bbox 409 1847 1987 1923">
     <span class='ocr_line' id='line_1_30' title="bbox 409 1847 1987 1923; baseline 0.003 -27"><span class='ocrx_word' id='word_1_175' title='bbox 409 1847 591 1902; x_wconf 86' lang='lat' dir='ltr'><strong>dicum</strong></span> <span class='ocrx_word' id='word_1_176' title='bbox 621 1863 780 1905; x_wconf 89' lang='lat' dir='ltr'><strong>suum</strong></span> <span class='ocrx_word' id='word_1_177' title='bbox 826 1853 1147 1923; x_wconf 81' lang='lat' dir='ltr'><strong>accepisset,</strong></span> <span class='ocrx_word' id='word_1_178' title='bbox 1197 1863 1386 1923; x_wconf 87' lang='lat' dir='ltr'><strong>utpote</strong></span> <span class='ocrx_word' id='word_1_179' title='bbox 1419 1849 1770 1906; x_wconf 83' lang='lat' dir='ltr'><strong>insidiantem</strong></span> <span class='ocrx_word' id='word_1_180' title='bbox 1817 1848 1890 1914; x_wconf 91' lang='lat' dir='ltr'><strong>ei,</strong></span> <span class='ocrx_word' id='word_1_181' title='bbox 1935 1857 1987 1901; x_wconf 90' lang='lat' dir='ltr'><strong>et</strong></span> 
     </span>
    </p>
   </div>
   <div class='ocr_carea' id='block_1_31' title="bbox 2121 1846 3687 1923">
    <p class='ocr_par' dir='ltr' id='par_1_31' title="bbox 2121 1846 3687 1920">
     <span class='ocr_line' id='line_1_31' title="bbox 2121 1846 3687 1920; baseline 0.001 -20"><span class='ocrx_word' id='word_1_182' title='bbox 2121 1865 2203 1908; x_wconf 76' lang='grc' dir='ltr'><strong>ος,</strong></span> <span class='ocrx_word' id='word_1_183' title='bbox 2227 1847 2302 1910; x_wconf 88' lang='grc' dir='ltr'><strong>ώς</strong></span> <span class='ocrx_word' id='word_1_184' title='bbox 2319 1846 2788 1914; x_wconf 87' lang='grc' dir='ltr'><strong>ἐπιϐουλεύοντος,</strong></span> <span class='ocrx_word' id='word_1_185' title='bbox 2807 1849 3028 1904; x_wconf 75' lang='grc' dir='ltr'><strong>ἐπειδὰν</strong></span> <span class='ocrx_word' id='word_1_186' title='bbox 3046 1847 3237 1920; x_wconf 81' lang='grc' dir='ltr'><strong>ἔτυχεν</strong></span> <span class='ocrx_word' id='word_1_187' title='bbox 3260 1849 3318 1902; x_wconf 89' lang='grc' dir='ltr'><strong>ἐν</strong></span> <span class='ocrx_word' id='word_1_188' title='bbox 3338 1848 3486 1919; x_wconf 82' lang='grc' dir='ltr'><strong>αὐτῷ</strong></span> <span class='ocrx_word' id='word_1_189' title='bbox 3503 1849 3687 1920; x_wconf 81' lang='grc' dir='ltr'><strong>καιρῷ</strong></span> 
     </span>
    </p>
   </div>
   <div class='ocr_carea' id='block_1_32' title="bbox 405 1941 1986 2016">
    <p class='ocr_par' dir='ltr' id='par_1_32' title="bbox 405 1941 1986 2016">
     <span class='ocr_line' id='line_1_32' title="bbox 405 1941 1986 2016; baseline 0 -22"><span class='ocrx_word' id='word_1_190' title='bbox 405 1941 519 2010; x_wconf 85' lang='lat' dir='ltr'><strong>jam</strong></span> <span class='ocrx_word' id='word_1_191' title='bbox 555 1943 769 1998; x_wconf 90' lang='lat' dir='ltr'><strong>essetin</strong></span> <span class='ocrx_word' id='word_1_192' title='bbox 793 1946 911 2012; x_wconf 88' lang='lat' dir='ltr'><strong>ipso</strong></span> <span class='ocrx_word' id='word_1_193' title='bbox 940 1952 1188 2016; x_wconf 85' lang='lat' dir='ltr'><strong>tempore</strong></span> <span class='ocrx_word' id='word_1_194' title='bbox 1219 1945 1442 2000; x_wconf 71' lang='lat' dir='ltr'><strong>bibendi</strong></span> <span class='ocrx_word' id='word_1_195' title='bbox 1476 1944 1695 2006; x_wconf 79' lang='lat' dir='ltr'><strong>veneni,</strong></span> <span class='ocrx_word' id='word_1_196' title='bbox 1715 1944 1848 1996; x_wconf 85' lang='lat' dir='ltr'><strong>adeo</strong></span> <span class='ocrx_word' id='word_1_197' title='bbox 1878 1954 1986 1994; x_wconf 93' lang='lat' dir='ltr'><strong>non</strong></span> 
     </span>
    </p>
   </div>
   <div class='ocr_carea' id='block_1_33' title="bbox 409 2031 1986 2106">
    <p class='ocr_par' dir='ltr' id='par_1_33' title="bbox 409 2031 1986 2106">
     <span class='ocr_line' id='line_1_33' title="bbox 409 2031 1986 2106; baseline -0.002 -18"><span class='ocrx_word' id='word_1_198' title='bbox 409 2032 641 2088; x_wconf 87' lang='lat' dir='ltr'><strong>credidit</strong></span> <span class='ocrx_word' id='word_1_199' title='bbox 671 2035 1000 2104; x_wconf 86' lang='lat' dir='ltr'><strong>traducenti,</strong></span> <span class='ocrx_word' id='word_1_200' title='bbox 1045 2045 1104 2091; x_wconf 90' lang='lat' dir='ltr'><strong>ut</strong></span> <span class='ocrx_word' id='word_1_201' title='bbox 1135 2036 1300 2092; x_wconf 89' lang='lat' dir='ltr'><strong>simul</strong></span> <span class='ocrx_word' id='word_1_202' title='bbox 1345 2046 1400 2091; x_wconf 91' lang='lat' dir='ltr'><strong>et</strong></span> <span class='ocrx_word' id='word_1_203' title='bbox 1427 2035 1719 2106; x_wconf 86' lang='lat' dir='ltr'><strong>epistolam</strong></span> <span class='ocrx_word' id='word_1_204' title='bbox 1770 2031 1986 2103; x_wconf 78' lang='lat' dir='ltr'><strong>legerit,</strong></span> 
     </span>
    </p>
   </div>
   <div class='ocr_carea' id='block_1_34' title="bbox 407 2127 1064 2184">
    <p class='ocr_par' dir='ltr' id='par_1_34' title="bbox 407 2127 1064 2184">
     <span class='ocr_line' id='line_1_34' title="bbox 407 2127 1064 2184; baseline 0.008 -5"><span class='ocrx_word' id='word_1_205' title='bbox 407 2133 462 2179; x_wconf 91' lang='lat' dir='ltr'><strong>ct</strong></span> <span class='ocrx_word' id='word_1_206' title='bbox 487 2139 758 2180; x_wconf 89' lang='lat' dir='ltr'><strong>venenum</strong></span> <span class='ocrx_word' id='word_1_207' title='bbox 798 2127 1064 2184; x_wconf 87' lang='lat' dir='ltr'><strong>hauserit.</strong></span> 
     </span>
    </p>
   </div>
   <div class='ocr_carea' id='block_1_35' title="bbox 476 2216 1990 2290">
    <p class='ocr_par' dir='ltr' id='par_1_35' title="bbox 476 2216 1990 2290">
     <span class='ocr_line' id='line_1_35' title="bbox 476 2216 1990 2290; baseline -0.002 -18"><span class='ocrx_word' id='word_1_208' title='bbox 476 2217 737 2274; x_wconf 89' lang='lat' dir='ltr'><strong>Eumdem</strong></span> <span class='ocrx_word' id='word_1_209' title='bbox 765 2219 958 2276; x_wconf 89' lang='lat' dir='ltr'><strong>dicunt</strong></span> <span class='ocrx_word' id='word_1_210' title='bbox 982 2236 1106 2278; x_wconf 90' lang='lat' dir='ltr'><strong>cum</strong></span> <span class='ocrx_word' id='word_1_211' title='bbox 1141 2221 1432 2278; x_wconf 78' lang='lat' dir='ltr'><strong>familiaris</strong></span> <span class='ocrx_word' id='word_1_212' title='bbox 1480 2219 1702 2290; x_wconf 81' lang='lat' dir='ltr'><strong>quidam</strong></span> <span class='ocrx_word' id='word_1_213' title='bbox 1740 2216 1990 2271; x_wconf 86' lang='lat' dir='ltr'><strong>traduce-</strong></span> 
     </span>
    </p>
   </div>
   <div class='ocr_carea' id='block_1_36' title="bbox 405 2313 1985 2382">
    <p class='ocr_par' dir='ltr' id='par_1_36' title="bbox 405 2313 1985 2382">
     <span class='ocr_line' id='line_1_36' title="bbox 405 2313 1985 2382; baseline -0.002 -17"><span class='ocrx_word' id='word_1_214' title='bbox 405 2321 489 2366; x_wconf 88' lang='lat' dir='ltr'><strong>ret</strong></span> <span class='ocrx_word' id='word_1_215' title='bbox 513 2313 657 2382; x_wconf 87' lang='lat' dir='ltr'><strong>apud</strong></span> <span class='ocrx_word' id='word_1_216' title='bbox 689 2328 838 2380; x_wconf 91' lang='lat' dir='ltr'><strong>eum,</strong></span> <span class='ocrx_word' id='word_1_217' title='bbox 887 2315 1114 2371; x_wconf 86' lang='lat' dir='ltr'><strong>alteram</strong></span> <span class='ocrx_word' id='word_1_218' title='bbox 1165 2330 1359 2370; x_wconf 89' lang='lat' dir='ltr'><strong>aurem</strong></span> <span class='ocrx_word' id='word_1_219' title='bbox 1401 2313 1742 2369; x_wconf 81' lang='lat' dir='ltr'><strong>obstruxisse</strong></span> <span class='ocrx_word' id='word_1_220' title='bbox 1799 2322 1985 2373; x_wconf 87' lang='lat' dir='ltr'><strong>manu,</strong></span> 
     </span>
    </p>
   </div>
   <div class='ocr_carea' id='block_1_37' title="bbox 405 2399 1753 2474">
    <p class='ocr_par' dir='ltr' id='par_1_37' title="bbox 405 2399 1753 2474">
     <span class='ocr_line' id='line_1_37' title="bbox 405 2399 1753 2474; baseline 0.002 -20"><span class='ocrx_word' id='word_1_221' title='bbox 405 2399 614 2457; x_wconf 89' lang='lat' dir='ltr'><strong>scilicet</strong></span> <span class='ocrx_word' id='word_1_222' title='bbox 643 2409 699 2456; x_wconf 87' lang='lat' dir='ltr'><strong>ut</strong></span> <span class='ocrx_word' id='word_1_223' title='bbox 727 2400 874 2457; x_wconf 90' lang='lat' dir='ltr'><strong>illam</strong></span> <span class='ocrx_word' id='word_1_224' title='bbox 907 2418 1100 2474; x_wconf 88' lang='lat' dir='ltr'><strong>puram</strong></span> <span class='ocrx_word' id='word_1_225' title='bbox 1133 2405 1350 2460; x_wconf 86' lang='lat' dir='ltr'><strong>absenti</strong></span> <span class='ocrx_word' id='word_1_226' title='bbox 1396 2405 1753 2474; x_wconf 87' lang='lat' dir='ltr'><strong>relinqueret.</strong></span> 
     </span>
    </p>
   </div>
   <div class='ocr_carea' id='block_1_38' title="bbox 471 2571 1990 2640">
    <p class='ocr_par' dir='ltr' id='par_1_38' title="bbox 471 2571 1990 2640">
     <span class='ocr_line' id='line_1_38' title="bbox 471 2571 1990 2640; baseline 0.002 -13"><span class='ocrx_word' id='word_1_227' title='bbox 471 2571 769 2630; x_wconf 88' lang='lat' dir='ltr'><strong>Cleobulus</strong></span> <span class='ocrx_word' id='word_1_228' title='bbox 830 2575 981 2631; x_wconf 87' lang='lat' dir='ltr'><strong>illam</strong></span> <span class='ocrx_word' id='word_1_229' title='bbox 1033 2575 1315 2633; x_wconf 87' lang='lat' dir='ltr'><strong>civitatem</strong></span> <span class='ocrx_word' id='word_1_230' title='bbox 1368 2575 1607 2632; x_wconf 79' lang='lat' dir='ltr'><strong>maxime</strong></span> <span class='ocrx_word' id='word_1_231' title='bbox 1653 2576 1795 2640; x_wconf 74' lang='lat' dir='ltr'><strong>dixit</strong></span> <span class='ocrx_word' id='word_1_232' title='bbox 1851 2577 1990 2632; x_wconf 91' lang='lat' dir='ltr'><strong>bene</strong></span> 
     </span>
    </p>
   </div>
   <div class='ocr_carea' id='block_1_39' title="bbox 405 2667 1988 2739">
    <p class='ocr_par' dir='ltr' id='par_1_39' title="bbox 405 2667 1988 2739">
     <span class='ocr_line' id='line_1_39' title="bbox 405 2667 1988 2739; baseline 0.001 -17"><span class='ocrx_word' id='word_1_233' title='bbox 405 2667 768 2736; x_wconf 86' lang='lat' dir='ltr'><strong>compositam</strong></span> <span class='ocrx_word' id='word_1_234' title='bbox 827 2682 972 2734; x_wconf 88' lang='lat' dir='ltr'><strong>esse,</strong></span> <span class='ocrx_word' id='word_1_235' title='bbox 1012 2669 1106 2725; x_wconf 92' lang='lat' dir='ltr'><strong>ubi</strong></span> <span class='ocrx_word' id='word_1_236' title='bbox 1166 2669 1450 2724; x_wconf 82' lang='lat' dir='ltr'><strong>infamiam</strong></span> <span class='ocrx_word' id='word_1_237' title='bbox 1485 2669 1661 2739; x_wconf 82' lang='lat' dir='ltr'><strong>magis</strong></span> <span class='ocrx_word' id='word_1_238' title='bbox 1695 2683 1856 2739; x_wconf 90' lang='lat' dir='ltr'><strong>quam</strong></span> <span class='ocrx_word' id='word_1_239' title='bbox 1912 2668 1988 2723; x_wconf 91' lang='lat' dir='ltr'><strong>le-</strong></span> 
     </span>
    </p>
   </div>
   <div class='ocr_carea' id='block_1_40' title="bbox 404 2761 999 2830">
    <p class='ocr_par' dir='ltr' id='par_1_40' title="bbox 404 2761 999 2830">
     <span class='ocr_line' id='line_1_40' title="bbox 404 2761 999 2830; baseline 0.005 -17"><span class='ocrx_word' id='word_1_240' title='bbox 404 2774 526 2830; x_wconf 75' lang='lat' dir='ltr'><strong>gem</strong></span> <span class='ocrx_word' id='word_1_241' title='bbox 553 2761 702 2816; x_wconf 82' lang='lat' dir='ltr'><strong>cives</strong></span> <span class='ocrx_word' id='word_1_242' title='bbox 730 2770 999 2817; x_wconf 86' lang='lat' dir='ltr'><strong>metuant.</strong></span> 
     </span>
    </p>
   </div>
   <div class='ocr_carea' id='block_1_41' title="bbox 476 2850 1985 2927">
    <p class='ocr_par' dir='ltr' id='par_1_41' title="bbox 476 2850 1985 2927">
     <span class='ocr_line' id='line_1_41' title="bbox 476 2850 1985 2927; baseline 0.001 -21"><span class='ocrx_word' id='word_1_243' title='bbox 476 2850 866 2909; x_wconf 84' lang='lat' dir='ltr'><strong>Conviciorum</strong></span> <span class='ocrx_word' id='word_1_244' title='bbox 892 2856 1252 2926; x_wconf 88' lang='lat' dir='ltr'><strong>reprehensio</strong></span> <span class='ocrx_word' id='word_1_245' title='bbox 1306 2871 1414 2912; x_wconf 91' lang='lat' dir='ltr'><strong>non</strong></span> <span class='ocrx_word' id='word_1_246' title='bbox 1475 2855 1694 2927; x_wconf 75' lang='lat' dir='ltr'><strong>attingit</strong></span> <span class='ocrx_word' id='word_1_247' title='bbox 1745 2855 1868 2911; x_wconf 93' lang='lat' dir='ltr'><strong>illos</strong></span> <span class='ocrx_word' id='word_1_248' title='bbox 1891 2853 1985 2924; x_wconf 87' lang='lat' dir='ltr'><strong>qui</strong></span> 
     </span>
    </p>
   </div>
   <div class='ocr_carea' id='block_1_42' title="bbox 405 2941 1243 3003">
    <p class='ocr_par' dir='ltr' id='par_1_42' title="bbox 405 2941 1243 3003">
     <span class='ocr_line' id='line_1_42' title="bbox 405 2941 1243 3003; baseline 0.007 -7"><span class='ocrx_word' id='word_1_249' title='bbox 405 2941 704 2997; x_wconf 86' lang='lat' dir='ltr'><strong>secundum</strong></span> <span class='ocrx_word' id='word_1_250' title='bbox 737 2943 996 3002; x_wconf 85' lang='lat' dir='ltr'><strong>virtutem</strong></span> <span class='ocrx_word' id='word_1_251' title='bbox 1031 2947 1243 3003; x_wconf 86' lang='lat' dir='ltr'><strong>vivunt.</strong></span> 
     </span>
    </p>
   </div>
   <div class='ocr_carea' id='block_1_43' title="bbox 477 3031 1989 3110">
    <p class='ocr_par' dir='ltr' id='par_1_43' title="bbox 477 3031 1989 3110">
     <span class='ocr_line' id='line_1_43' title="bbox 477 3031 1989 3110; baseline 0.007 -24"><span class='ocrx_word' id='word_1_252' title='bbox 477 3031 756 3104; x_wconf 82' lang='lat' dir='ltr'><strong>Diogenes.</strong></span> <span class='ocrx_word' id='word_1_253' title='bbox 781 3035 916 3090; x_wconf 88' lang='lat' dir='ltr'><strong>Cum</strong></span> <span class='ocrx_word' id='word_1_254' title='bbox 949 3052 978 3091; x_wconf 90' lang='lat' dir='ltr'><strong>a</strong></span> <span class='ocrx_word' id='word_1_255' title='bbox 1003 3040 1160 3094; x_wconf 89' lang='lat' dir='ltr'><strong>calvo</strong></span> <span class='ocrx_word' id='word_1_256' title='bbox 1193 3039 1431 3110; x_wconf 89' lang='lat' dir='ltr'><strong>quodam</strong></span> <span class='ocrx_word' id='word_1_257' title='bbox 1465 3040 1719 3096; x_wconf 83' lang='lat' dir='ltr'><strong>convicio</strong></span> <span class='ocrx_word' id='word_1_258' title='bbox 1747 3042 1989 3097; x_wconf 84' lang='lat' dir='ltr'><strong>allicere-</strong></span> 
     </span>
    </p>
   </div>
   <div class='ocr_carea' id='block_1_44' title="bbox 405 3126 1988 3204">
    <p class='ocr_par' dir='ltr' id='par_1_44' title="bbox 405 3126 1988 3204">
     <span class='ocr_line' id='line_1_44' title="bbox 405 3126 1988 3204; baseline 0.006 -25"><span class='ocrx_word' id='word_1_259' title='bbox 405 3136 530 3181; x_wconf 89' lang='lat' dir='ltr'><strong>tur:</strong></span> <span class='ocrx_word' id='word_1_260' title='bbox 563 3126 680 3182; x_wconf 92' lang='lat' dir='ltr'><strong>Tibi</strong></span> <span class='ocrx_word' id='word_1_261' title='bbox 717 3129 1131 3198; x_wconf 80' lang='lat' dir='ltr'><strong>contumeliam,</strong></span> <span class='ocrx_word' id='word_1_262' title='bbox 1161 3131 1360 3203; x_wconf 87' lang='lat' dir='ltr'><strong>inquit,</strong></span> <span class='ocrx_word' id='word_1_263' title='bbox 1381 3147 1490 3188; x_wconf 92' lang='lat' dir='ltr'><strong>non</strong></span> <span class='ocrx_word' id='word_1_264' title='bbox 1520 3132 1664 3200; x_wconf 91' lang='lat' dir='ltr'><strong>dico,</strong></span> <span class='ocrx_word' id='word_1_265' title='bbox 1687 3134 1784 3189; x_wconf 89' lang='lat' dir='ltr'><strong>sed</strong></span> <span class='ocrx_word' id='word_1_266' title='bbox 1817 3134 1988 3204; x_wconf 87' lang='lat' dir='ltr'><strong>capil-</strong></span> 
     </span>
    </p>
   </div>
   <div class='ocr_carea' id='block_1_45' title="bbox 404 3218 1876 3293">
    <p class='ocr_par' dir='ltr' id='par_1_45' title="bbox 404 3218 1876 3293">
     <span class='ocr_line' id='line_1_45' title="bbox 404 3218 1876 3293; baseline 0.005 -21"><span class='ocrx_word' id='word_1_267' title='bbox 404 3218 488 3274; x_wconf 89' lang='lat' dir='ltr'><strong>los</strong></span> <span class='ocrx_word' id='word_1_268' title='bbox 515 3227 642 3276; x_wconf 86' lang='lat' dir='ltr'><strong>tuos</strong></span> <span class='ocrx_word' id='word_1_269' title='bbox 676 3219 865 3288; x_wconf 88' lang='lat' dir='ltr'><strong>laudo,</strong></span> <span class='ocrx_word' id='word_1_270' title='bbox 893 3224 1038 3293; x_wconf 91' lang='lat' dir='ltr'><strong>quod</strong></span> <span class='ocrx_word' id='word_1_271' title='bbox 1093 3223 1294 3280; x_wconf 84' lang='lat' dir='ltr'><strong>malam</strong></span> <span class='ocrx_word' id='word_1_272' title='bbox 1321 3222 1613 3293; x_wconf 77' lang='lat' dir='ltr'><strong>eﬂ‘ugerint</strong></span> <span class='ocrx_word' id='word_1_273' title='bbox 1641 3225 1876 3279; x_wconf 83' lang='lat' dir='ltr'><strong>calvam.</strong></span> 
     </span>
    </p>
   </div>
   <div class='ocr_carea' id='block_1_46' title="bbox 477 3312 1986 3386">
    <p class='ocr_par' dir='ltr' id='par_1_46' title="bbox 477 3312 1986 3386">
     <span class='ocr_line' id='line_1_46' title="bbox 477 3312 1986 3386; baseline 0.003 -17"><span class='ocrx_word' id='word_1_274' title='bbox 477 3312 616 3369; x_wconf 90' lang='lat' dir='ltr'><strong>Cum</strong></span> <span class='ocrx_word' id='word_1_275' title='bbox 660 3314 905 3384; x_wconf 86' lang='lat' dir='ltr'><strong>proditor</strong></span> <span class='ocrx_word' id='word_1_276' title='bbox 951 3316 1172 3386; x_wconf 87' lang='lat' dir='ltr'><strong>quidam</strong></span> <span class='ocrx_word' id='word_1_277' title='bbox 1234 3317 1284 3372; x_wconf 90' lang='lat' dir='ltr'><strong>ei</strong></span> <span class='ocrx_word' id='word_1_278' title='bbox 1340 3317 1723 3374; x_wconf 87' lang='lat' dir='ltr'><strong>malediceret:</strong></span> <span class='ocrx_word' id='word_1_279' title='bbox 1761 3315 1986 3373; x_wconf 79' lang='lat' dir='ltr'><strong>Gaudeo</strong></span> 
     </span>
    </p>
   </div>
   <div class='ocr_carea' id='block_1_47' title="bbox 407 3403 1989 3473">
    <p class='ocr_par' dir='ltr' id='par_1_47' title="bbox 407 3403 1989 3473">
     <span class='ocr_line' id='line_1_47' title="bbox 407 3403 1989 3473; baseline 0.005 -18"><span class='ocrx_word' id='word_1_280' title='bbox 407 3403 633 3473; x_wconf 83' lang='lat' dir='ltr'><strong>(inquit)</strong></span> <span class='ocrx_word' id='word_1_281' title='bbox 697 3420 784 3460; x_wconf 90' lang='lat' dir='ltr'><strong>me</strong></span> <span class='ocrx_word' id='word_1_282' title='bbox 835 3405 1044 3467; x_wconf 79' lang='lat' dir='ltr'><strong>factum</strong></span> <span class='ocrx_word' id='word_1_283' title='bbox 1105 3407 1394 3464; x_wconf 90' lang='lat' dir='ltr'><strong>inimicum</strong></span> <span class='ocrx_word' id='word_1_284' title='bbox 1447 3419 1643 3465; x_wconf 91' lang='lat' dir='ltr'><strong>tuum:</strong></span> <span class='ocrx_word' id='word_1_285' title='bbox 1681 3424 1790 3464; x_wconf 93' lang='lat' dir='ltr'><strong>non</strong></span> <span class='ocrx_word' id='word_1_286' title='bbox 1841 3409 1989 3464; x_wconf 90' lang='lat' dir='ltr'><strong>enim</strong></span> 
     </span>
    </p>
   </div>
   <div class='ocr_carea' id='block_1_48' title="bbox 407 3495 1382 3562">
    <p class='ocr_par' dir='ltr' id='par_1_48' title="bbox 407 3495 1382 3562">
     <span class='ocr_line' id='line_1_48' title="bbox 407 3495 1382 3562; baseline 0.008 -14"><span class='ocrx_word' id='word_1_287' title='bbox 407 3495 667 3562; x_wconf 81' lang='lat' dir='ltr'><strong>inimicis,</strong></span> <span class='ocrx_word' id='word_1_288' title='bbox 701 3497 796 3552; x_wconf 89' lang='lat' dir='ltr'><strong>sed</strong></span> <span class='ocrx_word' id='word_1_289' title='bbox 820 3497 1012 3558; x_wconf 83' lang='lat' dir='ltr'><strong>amicis</strong></span> <span class='ocrx_word' id='word_1_290' title='bbox 1044 3499 1187 3554; x_wconf 85' lang='lat' dir='ltr'><strong>male</strong></span> <span class='ocrx_word' id='word_1_291' title='bbox 1221 3499 1382 3556; x_wconf 81' lang='lat' dir='ltr'><strong>facis.</strong></span> 
     </span>
    </p>
   </div>
   <div class='ocr_carea' id='block_1_49' title="bbox 482 3589 1988 3666">
    <p class='ocr_par' dir='ltr' id='par_1_49' title="bbox 482 3589 1988 3666">
     <span class='ocr_line' id='line_1_49' title="bbox 482 3589 1988 3666; baseline 0.005 -24"><span class='ocrx_word' id='word_1_292' title='bbox 482 3589 762 3658; x_wconf 73' lang='lat' dir='ltr'><strong>Aristippi.</strong></span> <span class='ocrx_word' id='word_1_293' title='bbox 791 3589 1102 3661; x_wconf 81' lang='lat' dir='ltr'><strong>Aristippus</strong></span> <span class='ocrx_word' id='word_1_294' title='bbox 1147 3607 1275 3648; x_wconf 89' lang='lat' dir='ltr'><strong>cum</strong></span> <span class='ocrx_word' id='word_1_295' title='bbox 1309 3595 1648 3650; x_wconf 86' lang='lat' dir='ltr'><strong>contumelia</strong></span> <span class='ocrx_word' id='word_1_296' title='bbox 1677 3609 1708 3649; x_wconf 90' lang='lat' dir='ltr'><strong>a</strong></span> <span class='ocrx_word' id='word_1_297' title='bbox 1752 3597 1988 3666; x_wconf 87' lang='lat' dir='ltr'><strong>quodam</strong></span> 
     </span>
    </p>
   </div>
   <div class='ocr_carea' id='block_1_50' title="bbox 405 3679 1988 3757">
    <p class='ocr_par' dir='ltr' id='par_1_50' title="bbox 405 3679 1988 3757">
     <span class='ocr_line' id='line_1_50' title="bbox 405 3679 1988 3757; baseline 0.003 -20"><span class='ocrx_word' id='word_1_298' title='bbox 405 3679 735 3746; x_wconf 68' lang='lat' dir='ltr'><strong>adiceretur,</strong></span> <span class='ocrx_word' id='word_1_299' title='bbox 759 3682 1080 3749; x_wconf 79' lang='lat' dir='ltr'><strong>secedebat:</strong></span> <span class='ocrx_word' id='word_1_300' title='bbox 1107 3683 1384 3741; x_wconf 84' lang='lat' dir='ltr'><strong>maledico</strong></span> <span class='ocrx_word' id='word_1_301' title='bbox 1404 3694 1587 3742; x_wconf 79' lang='lat' dir='ltr'><strong>autem</strong></span> <span class='ocrx_word' id='word_1_302' title='bbox 1609 3695 1988 3757; x_wconf 89' lang='lat' dir='ltr'><strong>persequente,</strong></span> 
     </span>
    </p>
   </div>
   <div class='ocr_carea' id='block_1_51' title="bbox 406 3772 1992 3848">
    <p class='ocr_par' dir='ltr' id='par_1_51' title="bbox 406 3772 1992 3848">
     <span class='ocr_line' id='line_1_51' title="bbox 406 3772 1992 3848; baseline 0.003 -18"><span class='ocrx_word' id='word_1_303' title='bbox 406 3790 472 3830; x_wconf 89' lang='lat' dir='ltr'><strong>ac</strong></span> <span class='ocrx_word' id='word_1_304' title='bbox 497 3775 735 3842; x_wconf 88' lang='lat' dir='ltr'><strong>dicente,</strong></span> <span class='ocrx_word' id='word_1_305' title='bbox 765 3772 973 3846; x_wconf 76' lang='lat' dir='ltr'><strong>Fugisl</strong></span> <span class='ocrx_word' id='word_1_306' title='bbox 999 3775 1202 3844; x_wconf 87' lang='lat' dir='ltr'><strong>Etiam,</strong></span> <span class='ocrx_word' id='word_1_307' title='bbox 1235 3778 1447 3848; x_wconf 84' lang='lat' dir='ltr'><strong>inquit:</strong></span> <span class='ocrx_word' id='word_1_308' title='bbox 1484 3793 1612 3833; x_wconf 89' lang='lat' dir='ltr'><strong>nam</strong></span> <span class='ocrx_word' id='word_1_309' title='bbox 1641 3787 1699 3834; x_wconf 89' lang='lat' dir='ltr'><strong>tu</strong></span> <span class='ocrx_word' id='word_1_310' title='bbox 1738 3780 1884 3834; x_wconf 90' lang='lat' dir='ltr'><strong>male</strong></span> <span class='ocrx_word' id='word_1_311' title='bbox 1909 3779 1992 3834; x_wconf 88' lang='lat' dir='ltr'><strong>di-</strong></span> 
     </span>
    </p>
   </div>
   <div class='ocr_carea' id='block_1_52' title="bbox 407 3868 1881 3943">
    <p class='ocr_par' dir='ltr' id='par_1_52' title="bbox 407 3868 1881 3943">
     <span class='ocr_line' id='line_1_52' title="bbox 407 3868 1881 3943; baseline 0.001 -19"><span class='ocrx_word' id='word_1_312' title='bbox 407 3868 563 3924; x_wconf 86' lang='lat' dir='ltr'><strong>cendi</strong></span> <span class='ocrx_word' id='word_1_313' title='bbox 591 3877 919 3938; x_wconf 86' lang='lat' dir='ltr'><strong>potestatem</strong></span> <span class='ocrx_word' id='word_1_314' title='bbox 949 3869 1143 3937; x_wconf 88' lang='lat' dir='ltr'><strong>babes,</strong></span> <span class='ocrx_word' id='word_1_315' title='bbox 1167 3887 1268 3943; x_wconf 79' lang='lat' dir='ltr'><strong>ego</strong></span> <span class='ocrx_word' id='word_1_316' title='bbox 1298 3886 1428 3927; x_wconf 81' lang='lat' dir='ltr'><strong>vero</strong></span> <span class='ocrx_word' id='word_1_317' title='bbox 1456 3885 1568 3928; x_wconf 90' lang='lat' dir='ltr'><strong>non</strong></span> <span class='ocrx_word' id='word_1_318' title='bbox 1599 3871 1881 3927; x_wconf 90' lang='lat' dir='ltr'><strong>audiendi.</strong></span> 
     </span>
    </p>
   </div>
   <div class='ocr_carea' id='block_1_53' title="bbox 480 3959 1987 4034">
    <p class='ocr_par' dir='ltr' id='par_1_53' title="bbox 480 3959 1987 4034">
     <span class='ocr_line' id='line_1_53' title="bbox 480 3959 1987 4034; baseline 0.003 -18"><span class='ocrx_word' id='word_1_319' title='bbox 480 3959 752 4017; x_wconf 85' lang='lat' dir='ltr'><strong>Demosth.</strong></span> <span class='ocrx_word' id='word_1_320' title='bbox 775 3961 1175 4020; x_wconf 82' lang='lat' dir='ltr'><strong>Demosthenes</strong></span> <span class='ocrx_word' id='word_1_321' title='bbox 1197 3979 1325 4019; x_wconf 87' lang='lat' dir='ltr'><strong>cum</strong></span> <span class='ocrx_word' id='word_1_322' title='bbox 1346 3963 1570 4034; x_wconf 85' lang='lat' dir='ltr'><strong>quidam</strong></span> <span class='ocrx_word' id='word_1_323' title='bbox 1600 3963 1652 4019; x_wconf 89' lang='lat' dir='ltr'><strong>ei</strong></span> <span class='ocrx_word' id='word_1_324' title='bbox 1675 3965 1987 4020; x_wconf 90' lang='lat' dir='ltr'><strong>convicium</strong></span> 
     </span>
    </p>
   </div>
   <div class='ocr_carea' id='block_1_54' title="bbox 408 4052 1989 4126">
    <p class='ocr_par' dir='ltr' id='par_1_54' title="bbox 408 4052 1989 4126">
     <span class='ocr_line' id='line_1_54' title="bbox 408 4052 1989 4126; baseline 0.003 -19"><span class='ocrx_word' id='word_1_325' title='bbox 408 4054 646 4109; x_wconf 82' lang='lat' dir='ltr'><strong>faceret:</strong></span> <span class='ocrx_word' id='word_1_326' title='bbox 677 4053 797 4111; x_wconf 85' lang='lat' dir='ltr'><strong>Non</strong></span> <span class='ocrx_word' id='word_1_327' title='bbox 827 4052 1125 4122; x_wconf 90' lang='lat' dir='ltr'><strong>descendo,</strong></span> <span class='ocrx_word' id='word_1_328' title='bbox 1164 4055 1360 4125; x_wconf 90' lang='lat' dir='ltr'><strong>inquit,</strong></span> <span class='ocrx_word' id='word_1_329' title='bbox 1394 4055 1447 4109; x_wconf 91' lang='lat' dir='ltr'><strong>in</strong></span> <span class='ocrx_word' id='word_1_330' title='bbox 1466 4064 1769 4120; x_wconf 85' lang='lat' dir='ltr'><strong>certamen,</strong></span> <span class='ocrx_word' id='word_1_331' title='bbox 1805 4055 1989 4126; x_wconf 81' lang='lat' dir='ltr'><strong>inquo</strong></span> 
     </span>
    </p>
   </div>
   <div class='ocr_carea' id='block_1_55' title="bbox 406 4144 1248 4216">
    <p class='ocr_par' dir='ltr' id='par_1_55' title="bbox 406 4144 1248 4216">
     <span class='ocr_line' id='line_1_55' title="bbox 406 4144 1248 4216; baseline 0.004 -17"><span class='ocrx_word' id='word_1_332' title='bbox 406 4145 591 4202; x_wconf 89' lang='lat' dir='ltr'><strong>victus</strong></span> <span class='ocrx_word' id='word_1_333' title='bbox 631 4144 837 4201; x_wconf 87' lang='lat' dir='ltr'><strong>victore</strong></span> <span class='ocrx_word' id='word_1_334' title='bbox 864 4147 1119 4216; x_wconf 87' lang='lat' dir='ltr'><strong>superior</strong></span> <span class='ocrx_word' id='word_1_335' title='bbox 1144 4156 1248 4203; x_wconf 83' lang='lat' dir='ltr'><strong>est.</strong></span> 
     </span>
    </p>
   </div>
   <div class='ocr_carea' id='block_1_56' title="bbox 762 4236 1631 4313">
    <p class='ocr_par' dir='ltr' id='par_1_56' title="bbox 762 4236 1631 4313">
     <span class='ocr_line' id='line_1_56' title="bbox 762 4236 1631 4313; baseline 0.002 -20"><span class='ocrx_word' id='word_1_336' title='bbox 762 4236 998 4294; x_wconf 81' lang='lat' dir='ltr'><strong>SERMO</strong></span> <span class='ocrx_word' id='word_1_337' title='bbox 1032 4239 1150 4296; x_wconf 85' lang='lat' dir='ltr'><strong>LIV</strong></span> <span class='ocrx_word' id='word_1_338' title='bbox 1182 4240 1282 4312; x_wconf 84' lang='grc' dir='ltr'><strong>[αι.</strong></span> <span class='ocrx_word' id='word_1_339' title='bbox 1315 4239 1631 4313; x_wconf 76' lang='lat' dir='ltr'><strong>LXXXIV].</strong></span> 
     </span>
    </p>
   </div>
   <div class='ocr_carea' id='block_1_57' title="bbox 1016 4329 1393 4389">
    <p class='ocr_par' dir='ltr' id='par_1_57' title="bbox 1016 4329 1393 4389">
     <span class='ocr_line' id='line_1_57' title="bbox 1016 4329 1393 4389; baseline 0.008 -3"><span class='ocrx_word' id='word_1_340' title='bbox 1016 4329 1094 4387; x_wconf 81' lang='lat' dir='ltr'><strong>De</strong></span> <span class='ocrx_word' id='word_1_341' title='bbox 1115 4335 1393 4389; x_wconf 82' lang='lat' dir='ltr'><strong>memoria.</strong></span> 
     </span>
    </p>
   </div>
   <div class='ocr_carea' id='block_1_58' title="bbox 475 4421 1989 4499">
    <p class='ocr_par' dir='ltr' id='par_1_58' title="bbox 475 4421 1989 4499">
     <span class='ocr_line' id='line_1_58' title="bbox 475 4421 1989 4499; baseline 0.001 -20"><span class='ocrx_word' id='word_1_342' title='bbox 475 4421 606 4479; x_wconf 84' lang='lat' dir='ltr'><strong>Luc.</strong></span> <span class='ocrx_word' id='word_1_343' title='bbox 642 4440 775 4483; x_wconf 71' lang='grc' dir='ltr'><strong>χχιι.</strong></span> <span class='ocrx_word' id='word_1_344' title='bbox 823 4424 938 4480; x_wconf 81' lang='lat' dir='ltr'><strong>Hoc</strong></span> <span class='ocrx_word' id='word_1_345' title='bbox 969 4434 1054 4482; x_wconf 91' lang='lat' dir='ltr'><strong>est</strong></span> <span class='ocrx_word' id='word_1_346' title='bbox 1088 4441 1292 4496; x_wconf 89' lang='lat' dir='ltr'><strong>corpus</strong></span> <span class='ocrx_word' id='word_1_347' title='bbox 1319 4444 1526 4495; x_wconf 91' lang='lat' dir='ltr'><strong>meum,</strong></span> <span class='ocrx_word' id='word_1_348' title='bbox 1556 4427 1704 4499; x_wconf 90' lang='lat' dir='ltr'><strong>quod</strong></span> <span class='ocrx_word' id='word_1_349' title='bbox 1759 4443 1860 4499; x_wconf 92' lang='lat' dir='ltr'><strong>pro</strong></span> <span class='ocrx_word' id='word_1_350' title='bbox 1890 4443 1989 4481; x_wconf 87' lang='lat' dir='ltr'><strong>vo-</strong></span> 
     </span>
    </p>
   </div>
   <div class='ocr_carea' id='block_1_59' title="bbox 406 4517 1695 4578">
    <p class='ocr_par' dir='ltr' id='par_1_59' title="bbox 406 4517 1695 4578">
     <span class='ocr_line' id='line_1_59' title="bbox 406 4517 1695 4578; baseline 0.003 -6"><span class='ocrx_word' id='word_1_351' title='bbox 406 4518 492 4572; x_wconf 90' lang='lat' dir='ltr'><strong>bis</strong></span> <span class='ocrx_word' id='word_1_352' title='bbox 521 4518 775 4574; x_wconf 88' lang='lat' dir='ltr'><strong>traditur.</strong></span> <span class='ocrx_word' id='word_1_353' title='bbox 807 4517 920 4574; x_wconf 84' lang='lat' dir='ltr'><strong>Hoc</strong></span> <span class='ocrx_word' id='word_1_354' title='bbox 940 4517 1104 4575; x_wconf 85' lang='lat' dir='ltr'><strong>facite</strong></span> <span class='ocrx_word' id='word_1_355' title='bbox 1129 4520 1183 4574; x_wconf 92' lang='lat' dir='ltr'><strong>in</strong></span> <span class='ocrx_word' id='word_1_356' title='bbox 1213 4522 1318 4575; x_wconf 90' lang='lat' dir='ltr'><strong>mei</strong></span> <span class='ocrx_word' id='word_1_357' title='bbox 1348 4522 1695 4578; x_wconf 89' lang='lat' dir='ltr'><strong>memoriam.</strong></span> 
     </span>
    </p>
   </div>
   <div class='ocr_carea' id='block_1_60' title="bbox 2093 1938 3686 2012">
    <p class='ocr_par' dir='ltr' id='par_1_60' title="bbox 2093 1938 3686 2012">
     <span class='ocr_line' id='line_1_60' title="bbox 2093 1938 3686 2012; baseline 0.001 -20"><span class='ocrx_word' id='word_1_358' title='bbox 2093 1939 2388 2008; x_wconf 82' lang='grc' dir='ltr'><strong>φὰρμακον</strong></span> <span class='ocrx_word' id='word_1_359' title='bbox 2438 1938 2579 1993; x_wconf 82' lang='grc' dir='ltr'><strong>ὥστε</strong></span> <span class='ocrx_word' id='word_1_360' title='bbox 2637 1943 2806 2005; x_wconf 80' lang='grc' dir='ltr'><strong>πιεῖν,</strong></span> <span class='ocrx_word' id='word_1_361' title='bbox 2837 1939 3096 1995; x_wconf 87' lang='grc' dir='ltr'><strong>τοσοῦτον</strong></span> <span class='ocrx_word' id='word_1_362' title='bbox 3129 1941 3340 2012; x_wconf 81' lang='grc' dir='ltr'><strong>ἀπέσχε</strong></span> <span class='ocrx_word' id='word_1_363' title='bbox 3386 1939 3686 1994; x_wconf 82' lang='grc' dir='ltr'><strong>πιστεῦσαι</strong></span> 
     </span>
    </p>
   </div>
   <div class='ocr_carea' id='block_1_61' title="bbox 2091 2029 3686 2105">
    <p class='ocr_par' dir='ltr' id='par_1_61' title="bbox 2091 2029 3686 2105">
     <span class='ocr_line' id='line_1_61' title="bbox 2091 2029 3686 2105; baseline 0.004 -22"><span class='ocrx_word' id='word_1_364' title='bbox 2091 2029 2168 2098; x_wconf 83' lang='grc' dir='ltr'><strong>τῷ</strong></span> <span class='ocrx_word' id='word_1_365' title='bbox 2196 2029 2554 2097; x_wconf 77' lang='grc' dir='ltr'><strong>διαϐάλλοντι,</strong></span> <span class='ocrx_word' id='word_1_366' title='bbox 2591 2032 2734 2086; x_wconf 84' lang='grc' dir='ltr'><strong>ὥστε</strong></span> <span class='ocrx_word' id='word_1_367' title='bbox 2783 2033 2921 2102; x_wconf 86' lang='grc' dir='ltr'><strong>ὁμοῦ</strong></span> <span class='ocrx_word' id='word_1_368' title='bbox 2965 2051 3028 2087; x_wconf 88' lang='grc' dir='ltr'><strong>τε</strong></span> <span class='ocrx_word' id='word_1_369' title='bbox 3068 2033 3362 2105; x_wconf 81' lang='grc' dir='ltr'><strong>ἐπιστολὴν</strong></span> <span class='ocrx_word' id='word_1_370' title='bbox 3416 2034 3686 2102; x_wconf 77' lang='grc' dir='ltr'><strong>ἀνεγίνωο</strong></span> 
     </span>
    </p>
   </div>
   <div class='ocr_carea' id='block_1_62' title="bbox 2094 2121 2989 2192">
    <p class='ocr_par' dir='ltr' id='par_1_62' title="bbox 2094 2121 2989 2192">
     <span class='ocr_line' id='line_1_62' title="bbox 2094 2121 2989 2192; baseline 0.006 -20"><span class='ocrx_word' id='word_1_371' title='bbox 2094 2135 2214 2184; x_wconf 86' lang='grc' dir='ltr'><strong>σκε,</strong></span> <span class='ocrx_word' id='word_1_372' title='bbox 2243 2121 2338 2173; x_wconf 76' lang='grc' dir='ltr'><strong>καὶ</strong></span> <span class='ocrx_word' id='word_1_373' title='bbox 2369 2121 2429 2174; x_wconf 82' lang='grc' dir='ltr'><strong>τδ</strong></span> <span class='ocrx_word' id='word_1_374' title='bbox 2460 2121 2757 2192; x_wconf 77' lang='grc' dir='ltr'><strong>φάρμακον</strong></span> <span class='ocrx_word' id='word_1_375' title='bbox 2780 2122 2989 2177; x_wconf 81' lang='grc' dir='ltr'><strong>ἔπινεν.</strong></span> 
     </span>
    </p>
   </div>
   <div class='ocr_carea' id='block_1_63' title="bbox 2164 2211 3686 2285">
    <p class='ocr_par' dir='ltr' id='par_1_63' title="bbox 2164 2211 3686 2285">
     <span class='ocr_line' id='line_1_63' title="bbox 2164 2211 3686 2285; baseline 0.003 -21"><span class='ocrx_word' id='word_1_376' title='bbox 2164 2211 2270 2265; x_wconf 80' lang='grc' dir='ltr'><strong>Τὸν</strong></span> <span class='ocrx_word' id='word_1_377' title='bbox 2314 2212 2476 2266; x_wconf 84' lang='grc' dir='ltr'><strong>αὐτόν</strong></span> <span class='ocrx_word' id='word_1_378' title='bbox 2518 2231 2653 2282; x_wconf 84' lang='grc' dir='ltr'><strong>φασι</strong></span> <span class='ocrx_word' id='word_1_379' title='bbox 2687 2213 3115 2284; x_wconf 85' lang='grc' dir='ltr'><strong>διαϐαλλομένου</strong></span> <span class='ocrx_word' id='word_1_380' title='bbox 3158 2215 3305 2280; x_wconf 85' lang='grc' dir='ltr'><strong>τινὸς</strong></span> <span class='ocrx_word' id='word_1_381' title='bbox 3349 2216 3460 2270; x_wconf 86' lang='grc' dir='ltr'><strong>τῶν</strong></span> <span class='ocrx_word' id='word_1_382' title='bbox 3509 2216 3686 2285; x_wconf 82' lang='grc' dir='ltr'><strong>συνή-</strong></span> 
     </span>
    </p>
   </div>
   <div class='ocr_carea' id='block_1_64' title="bbox 2093 2303 3685 2379">
    <p class='ocr_par' dir='ltr' id='par_1_64' title="bbox 2093 2303 3685 2379">
     <span class='ocr_line' id='line_1_64' title="bbox 2093 2303 3685 2379; baseline 0.003 -21"><span class='ocrx_word' id='word_1_383' title='bbox 2093 2303 2224 2370; x_wconf 83' lang='grc' dir='ltr'><strong>Θων,</strong></span> <span class='ocrx_word' id='word_1_384' title='bbox 2256 2305 2356 2376; x_wconf 85' lang='grc' dir='ltr'><strong>τὴν</strong></span> <span class='ocrx_word' id='word_1_385' title='bbox 2394 2305 2494 2375; x_wconf 74' lang='grc' dir='ltr'><strong>μὲν</strong></span> <span class='ocrx_word' id='word_1_386' title='bbox 2518 2307 2716 2378; x_wconf 86' lang='grc' dir='ltr'><strong>ἐτέραν</strong></span> <span class='ocrx_word' id='word_1_387' title='bbox 2758 2307 2870 2360; x_wconf 85' lang='grc' dir='ltr'><strong>τῶν</strong></span> <span class='ocrx_word' id='word_1_388' title='bbox 2899 2309 3082 2362; x_wconf 82' lang='grc' dir='ltr'><strong>ἀκοῶν</strong></span> <span class='ocrx_word' id='word_1_389' title='bbox 3121 2309 3404 2379; x_wconf 73' lang='grc' dir='ltr'><strong>ἐπιμελῶς</strong></span> <span class='ocrx_word' id='word_1_390' title='bbox 3437 2309 3685 2377; x_wconf 65' lang='grc' dir='ltr'><strong>ἐπιφρά-</strong></span> 
     </span>
    </p>
   </div>
   <div class='ocr_carea' id='block_1_65' title="bbox 2096 2395 3686 2470">
    <p class='ocr_par' dir='ltr' id='par_1_65' title="bbox 2096 2395 3686 2470">
     <span class='ocr_line' id='line_1_65' title="bbox 2096 2395 3686 2470; baseline 0.003 -21"><span class='ocrx_word' id='word_1_391' title='bbox 2096 2395 2293 2457; x_wconf 80' lang='grc' dir='ltr'><strong>ξασθαι</strong></span> <span class='ocrx_word' id='word_1_392' title='bbox 2319 2399 2385 2466; x_wconf 83' lang='grc' dir='ltr'><strong>τῇ</strong></span> <span class='ocrx_word' id='word_1_393' title='bbox 2419 2397 2586 2467; x_wconf 73' lang='grc' dir='ltr'><strong>χειρὶ,</strong></span> <span class='ocrx_word' id='word_1_394' title='bbox 2624 2399 2894 2467; x_wconf 75' lang='grc' dir='ltr'><strong>ἀκεραίαν</strong></span> <span class='ocrx_word' id='word_1_395' title='bbox 2941 2399 3189 2469; x_wconf 88' lang='grc' dir='ltr'><strong>δηλονότι</strong></span> <span class='ocrx_word' id='word_1_396' title='bbox 3237 2398 3448 2470; x_wconf 86' lang='grc' dir='ltr'><strong>ταύτην</strong></span> <span class='ocrx_word' id='word_1_397' title='bbox 3478 2399 3686 2454; x_wconf 87' lang='grc' dir='ltr'><strong>διασώ-</strong></span> 
     </span>
    </p>
   </div>
   <div class='ocr_carea' id='block_1_66' title="bbox 2092 2489 2755 2562">
    <p class='ocr_par' dir='ltr' id='par_1_66' title="bbox 2092 2489 2755 2562">
     <span class='ocr_line' id='line_1_66' title="bbox 2092 2489 2755 2562; baseline 0.005 -20"><span class='ocrx_word' id='word_1_398' title='bbox 2092 2489 2254 2552; x_wconf 79' lang='grc' dir='ltr'><strong>ζοντα</strong></span> <span class='ocrx_word' id='word_1_399' title='bbox 2286 2491 2364 2559; x_wconf 82' lang='grc' dir='ltr'><strong>τῷ</strong></span> <span class='ocrx_word' id='word_1_400' title='bbox 2398 2489 2476 2562; x_wconf 79' lang='grc' dir='ltr'><strong>μὴ</strong></span> <span class='ocrx_word' id='word_1_401' title='bbox 2506 2491 2755 2560; x_wconf 87' lang='grc' dir='ltr'><strong>παρόντι.</strong></span> 
     </span>
    </p>
   </div>
   <div class='ocr_carea' id='block_1_67' title="bbox 2162 2579 3686 2656">
    <p class='ocr_par' dir='ltr' id='par_1_67' title="bbox 2162 2579 3686 2656">
     <span class='ocr_line' id='line_1_67' title="bbox 2162 2579 3686 2656; baseline 0.002 -21"><span class='ocrx_word' id='word_1_402' title='bbox 2162 2579 2505 2644; x_wconf 86' lang='grc' dir='ltr'><strong>Κλεόϐουλος</strong></span> <span class='ocrx_word' id='word_1_403' title='bbox 2559 2583 2798 2651; x_wconf 84' lang='grc' dir='ltr'><strong>μάλιστα</strong></span> <span class='ocrx_word' id='word_1_404' title='bbox 2868 2588 3170 2656; x_wconf 74' lang='grc' dir='ltr'><strong>σωφρονεῖν</strong></span> <span class='ocrx_word' id='word_1_405' title='bbox 3221 2584 3351 2654; x_wconf 80' lang='grc' dir='ltr'><strong>ἐφη,</strong></span> <span class='ocrx_word' id='word_1_406' title='bbox 3395 2586 3535 2638; x_wconf 82' lang='grc' dir='ltr'><strong>ὅπου</strong></span> <span class='ocrx_word' id='word_1_407' title='bbox 3587 2583 3686 2638; x_wconf 80' lang='grc' dir='ltr'><strong>τὸν</strong></span> 
     </span>
    </p>
   </div>
   <div class='ocr_carea' id='block_1_68' title="bbox 2090 2671 3688 2749">
    <p class='ocr_par' dir='ltr' id='par_1_68' title="bbox 2090 2671 3688 2749">
     <span class='ocr_line' id='line_1_68' title="bbox 2090 2671 3688 2749; baseline 0.003 -23"><span class='ocrx_word' id='word_1_408' title='bbox 2090 2671 2259 2741; x_wconf 76' lang='grc' dir='ltr'><strong>ψόγον</strong></span> <span class='ocrx_word' id='word_1_409' title='bbox 2312 2674 2516 2742; x_wconf 80' lang='grc' dir='ltr'><strong>μᾶλλον</strong></span> <span class='ocrx_word' id='word_1_410' title='bbox 2550 2675 2598 2727; x_wconf 86' lang='grc' dir='ltr'><strong>οί</strong></span> <span class='ocrx_word' id='word_1_411' title='bbox 2629 2676 3043 2746; x_wconf 75' lang='grc' dir='ltr'><strong>πολιτευόμενοι</strong></span> <span class='ocrx_word' id='word_1_412' title='bbox 3073 2675 3399 2742; x_wconf 81' lang='grc' dir='ltr'><strong>δεδοίκασιν,</strong></span> <span class='ocrx_word' id='word_1_413' title='bbox 3423 2676 3457 2749; x_wconf 72' lang='grc' dir='ltr'><strong>η</strong></span> <span class='ocrx_word' id='word_1_414' title='bbox 3481 2677 3573 2730; x_wconf 56' lang='grc' dir='ltr'><strong>τιν</strong></span> <span class='ocrx_word' id='word_1_415' title='bbox 3597 2677 3688 2731; x_wconf 76' lang='grc' dir='ltr'><strong>νόρ</strong></span> 
     </span>
    </p>
   </div>
   <div class='ocr_carea' id='block_1_69' title="bbox 2097 2781 2218 2835">
    <p class='ocr_par' dir='ltr' id='par_1_69' title="bbox 2097 2781 2218 2835">
     <span class='ocr_line' id='line_1_69' title="bbox 2097 2781 2218 2835; baseline 0.025 -19"><span class='ocrx_word' id='word_1_416' title='bbox 2097 2781 2218 2835; x_wconf 87' lang='grc' dir='ltr'><strong>μον.</strong></span> 
     </span>
    </p>
   </div>
   <div class='ocr_carea' id='block_1_70' title="bbox 2164 2856 3684 2931">
    <p class='ocr_par' dir='ltr' id='par_1_70' title="bbox 2164 2856 3684 2931">
     <span class='ocr_line' id='line_1_70' title="bbox 2164 2856 3684 2931; baseline 0.001 -21"><span class='ocrx_word' id='word_1_417' title='bbox 2164 2856 2287 2910; x_wconf 83' lang='grc' dir='ltr'><strong>Τῶν</strong></span> <span class='ocrx_word' id='word_1_418' title='bbox 2317 2859 2438 2912; x_wconf 83' lang='grc' dir='ltr'><strong>κατ’</strong></span> <span class='ocrx_word' id='word_1_419' title='bbox 2472 2860 2678 2928; x_wconf 80' lang='grc' dir='ltr'><strong>ἀρετὴν</strong></span> <span class='ocrx_word' id='word_1_420' title='bbox 2709 2859 2928 2924; x_wconf 79' lang='grc' dir='ltr'><strong>ζώντων</strong></span> <span class='ocrx_word' id='word_1_421' title='bbox 2957 2863 2983 2915; x_wconf 87' lang='grc' dir='ltr'><strong>ό</strong></span> <span class='ocrx_word' id='word_1_422' title='bbox 3026 2861 3127 2930; x_wconf 80' lang='grc' dir='ltr'><strong>τῆς</strong></span> <span class='ocrx_word' id='word_1_423' title='bbox 3173 2860 3449 2931; x_wconf 80' lang='grc' dir='ltr'><strong>λοιδορίας</strong></span> <span class='ocrx_word' id='word_1_424' title='bbox 3488 2858 3684 2929; x_wconf 84' lang='grc' dir='ltr'><strong>μῶμος</strong></span> 
     </span>
    </p>
   </div>
   <div class='ocr_carea' id='block_1_71' title="bbox 2091 2947 2466 3018">
    <p class='ocr_par' dir='ltr' id='par_1_71' title="bbox 2091 2947 2466 3018">
     <span class='ocr_line' id='line_1_71' title="bbox 2091 2947 2466 3018; baseline 0.011 -18"><span class='ocrx_word' id='word_1_425' title='bbox 2091 2949 2152 3000; x_wconf 82' lang='grc' dir='ltr'><strong>ού</strong></span> <span class='ocrx_word' id='word_1_426' title='bbox 2157 2968 2190 3018; x_wconf 84' lang='grc' dir='ltr'><strong>χ</strong></span> <span class='ocrx_word' id='word_1_427' title='bbox 2211 2947 2466 3004; x_wconf 75' lang='grc' dir='ltr'><strong>ἅπτεται.</strong></span> 
     </span>
    </p>
   </div>
   <div class='ocr_carea' id='block_1_72' title="bbox 2164 3042 3685 3118">
    <p class='ocr_par' dir='ltr' id='par_1_72' title="bbox 2164 3042 3685 3118">
     <span class='ocr_line' id='line_1_72' title="bbox 2164 3042 3685 3118; baseline 0.003 -24"><span class='ocrx_word' id='word_1_428' title='bbox 2164 3042 2591 3114; x_wconf 86' lang='grc' dir='ltr'><strong>Λοιδορούμενος</strong></span> <span class='ocrx_word' id='word_1_429' title='bbox 2621 3044 2730 3097; x_wconf 82' lang='grc' dir='ltr'><strong>ύπό</strong></span> <span class='ocrx_word' id='word_1_430' title='bbox 2781 3063 2926 3108; x_wconf 87' lang='grc' dir='ltr'><strong>τινος</strong></span> <span class='ocrx_word' id='word_1_431' title='bbox 2965 3047 3273 3118; x_wconf 74' lang='grc' dir='ltr'><strong>φαλακροῦ,</strong></span> <span class='ocrx_word' id='word_1_432' title='bbox 3306 3045 3410 3116; x_wconf 78' lang='grc' dir='ltr'><strong>ἔφη</strong></span> <span class='ocrx_word' id='word_1_433' title='bbox 3434 3065 3448 3078; x_wconf 72' lang='grc' dir='ltr'><strong>θ</strong></span> <span class='ocrx_word' id='word_1_434' title='bbox 3479 3046 3546 3100; x_wconf 79' lang='grc' dir='ltr'><strong>Σὲ</strong></span> <span class='ocrx_word' id='word_1_435' title='bbox 3579 3045 3685 3113; x_wconf 81' lang='grc' dir='ltr'><strong>μὲν</strong></span> 
     </span>
    </p>
   </div>
   <div class='ocr_carea' id='block_1_73' title="bbox 2092 3133 3683 3208">
    <p class='ocr_par' dir='ltr' id='par_1_73' title="bbox 2092 3133 3683 3208">
     <span class='ocr_line' id='line_1_73' title="bbox 2092 3133 3683 3208; baseline 0.003 -20"><span class='ocrx_word' id='word_1_436' title='bbox 2092 3136 2191 3205; x_wconf 80' lang='grc' dir='ltr'><strong>οὐχ</strong></span> <span class='ocrx_word' id='word_1_437' title='bbox 2226 3133 2459 3205; x_wconf 76' lang='grc' dir='ltr'><strong>ύϐρίζω,</strong></span> <span class='ocrx_word' id='word_1_438' title='bbox 2487 3135 2586 3200; x_wconf 81' lang='grc' dir='ltr'><strong>τὰς</strong></span> <span class='ocrx_word' id='word_1_439' title='bbox 2627 3135 2682 3189; x_wconf 83' lang='grc' dir='ltr'><strong>δὲ</strong></span> <span class='ocrx_word' id='word_1_440' title='bbox 2737 3137 2931 3208; x_wconf 78' lang='grc' dir='ltr'><strong>τρίχας</strong></span> <span class='ocrx_word' id='word_1_441' title='bbox 2983 3154 3078 3192; x_wconf 86' lang='grc' dir='ltr'><strong>σου</strong></span> <span class='ocrx_word' id='word_1_442' title='bbox 3127 3137 3358 3204; x_wconf 81' lang='grc' dir='ltr'><strong>ἐπαινῶ,</strong></span> <span class='ocrx_word' id='word_1_443' title='bbox 3391 3137 3474 3192; x_wconf 81' lang='grc' dir='ltr'><strong>ὅτι</strong></span> <span class='ocrx_word' id='word_1_444' title='bbox 3505 3137 3683 3192; x_wconf 62' lang='grc' dir='ltr'><strong>κακὸν</strong></span> 
     </span>
    </p>
   </div>
   <div class='ocr_carea' id='block_1_74' title="bbox 2013 3227 2637 3309">
    <p class='ocr_par' dir='ltr' id='par_1_74' title="bbox 2013 3227 2637 3309">
     <span class='ocr_line' id='line_1_74' title="bbox 2013 3227 2637 3309; baseline 0.003 -28"><span class='ocrx_word' id='word_1_445' title='bbox 2013 3251 2060 3309; x_wconf 71' lang='lat' dir='ltr'>c</span> <span class='ocrx_word' id='word_1_446' title='bbox 2093 3227 2363 3298; x_wconf 78' lang='grc' dir='ltr'><strong>ἐξέφυγον</strong></span> <span class='ocrx_word' id='word_1_447' title='bbox 2392 3229 2637 3298; x_wconf 86' lang='grc' dir='ltr'><strong>κρανίον.</strong></span> 
     </span>
    </p>
   </div>
   <div class='ocr_carea' id='block_1_75' title="bbox 2166 3322 3683 3395">
    <p class='ocr_par' dir='ltr' id='par_1_75' title="bbox 2166 3322 3683 3395">
     <span class='ocr_line' id='line_1_75' title="bbox 2166 3322 3683 3395; baseline 0.004 -21"><span class='ocrx_word' id='word_1_448' title='bbox 2166 3322 2436 3391; x_wconf 88' lang='grc' dir='ltr'><strong>Προδότου</strong></span> <span class='ocrx_word' id='word_1_449' title='bbox 2481 3323 2538 3377; x_wconf 88' lang='grc' dir='ltr'><strong>δέ</strong></span> <span class='ocrx_word' id='word_1_450' title='bbox 2586 3342 2733 3390; x_wconf 87' lang='grc' dir='ltr'><strong>τινος</strong></span> <span class='ocrx_word' id='word_1_451' title='bbox 2783 3327 2974 3387; x_wconf 85' lang='grc' dir='ltr'><strong>κακῶς</strong></span> <span class='ocrx_word' id='word_1_452' title='bbox 3023 3325 3188 3380; x_wconf 77' lang='grc' dir='ltr'><strong>αὐτὸν</strong></span> <span class='ocrx_word' id='word_1_453' title='bbox 3234 3327 3485 3394; x_wconf 80' lang='grc' dir='ltr'><strong>λέγοντος</strong></span> <span class='ocrx_word' id='word_1_454' title='bbox 3531 3325 3683 3395; x_wconf 80' lang='grc' dir='ltr'><strong>ἐφηο</strong></span> 
     </span>
    </p>
   </div>
   <div class='ocr_carea' id='block_1_76' title="bbox 2092 3408 3684 3486">
    <p class='ocr_par' dir='ltr' id='par_1_76' title="bbox 2092 3408 3684 3486">
     <span class='ocr_line' id='line_1_76' title="bbox 2092 3408 3684 3486; baseline 0.006 -26"><span class='ocrx_word' id='word_1_455' title='bbox 2092 3408 2284 3474; x_wconf 82' lang='grc' dir='ltr'><strong>Χαίρω</strong></span> <span class='ocrx_word' id='word_1_456' title='bbox 2327 3409 2522 3481; x_wconf 85' lang='grc' dir='ltr'><strong>ἐχθρός</strong></span> <span class='ocrx_word' id='word_1_457' title='bbox 2577 3428 2670 3465; x_wconf 90' lang='grc' dir='ltr'><strong>σου</strong></span> <span class='ocrx_word' id='word_1_458' title='bbox 2719 3415 3040 3483; x_wconf 76' lang='grc' dir='ltr'><strong>γενόμενος.</strong></span> <span class='ocrx_word' id='word_1_459' title='bbox 3069 3415 3141 3468; x_wconf 78' lang='grc' dir='ltr'><strong>Σὺ</strong></span> <span class='ocrx_word' id='word_1_460' title='bbox 3175 3415 3288 3486; x_wconf 81' lang='grc' dir='ltr'><strong>γὰρ</strong></span> <span class='ocrx_word' id='word_1_461' title='bbox 3317 3415 3379 3466; x_wconf 86' lang='grc' dir='ltr'><strong>ού</strong></span> <span class='ocrx_word' id='word_1_462' title='bbox 3429 3417 3554 3478; x_wconf 69' lang='grc' dir='ltr'><strong>τοὺς</strong></span> <span class='ocrx_word' id='word_1_463' title='bbox 3586 3415 3684 3486; x_wconf 86' lang='grc' dir='ltr'><strong>ἐχ-</strong></span> 
     </span>
    </p>
   </div>
   <div class='ocr_carea' id='block_1_77' title="bbox 2095 3497 3293 3574">
    <p class='ocr_par' dir='ltr' id='par_1_77' title="bbox 2095 3497 3293 3574">
     <span class='ocr_line' id='line_1_77' title="bbox 2095 3497 3293 3574; baseline 0.008 -24"><span class='ocrx_word' id='word_1_464' title='bbox 2095 3497 2280 3569; x_wconf 82' lang='grc' dir='ltr'><strong>θροὺς,</strong></span> <span class='ocrx_word' id='word_1_465' title='bbox 2317 3501 2459 3556; x_wconf 78' lang='grc' dir='ltr'><strong>ἀλλὰ</strong></span> <span class='ocrx_word' id='word_1_466' title='bbox 2485 3506 2611 3568; x_wconf 71' lang='grc' dir='ltr'><strong>τοὺς</strong></span> <span class='ocrx_word' id='word_1_467' title='bbox 2647 3504 2837 3574; x_wconf 83' lang='grc' dir='ltr'><strong>φίλους</strong></span> <span class='ocrx_word' id='word_1_468' title='bbox 2873 3504 3061 3568; x_wconf 84' lang='grc' dir='ltr'><strong>κακῶς</strong></span> <span class='ocrx_word' id='word_1_469' title='bbox 3094 3508 3293 3569; x_wconf 77' lang='grc' dir='ltr'><strong>ποιεῖς.</strong></span> 
     </span>
    </p>
   </div>
   <div class='ocr_carea' id='block_1_78' title="bbox 2179 3589 3683 3668">
    <p class='ocr_par' dir='ltr' id='par_1_78' title="bbox 2179 3589 3683 3668">
     <span class='ocr_line' id='line_1_78' title="bbox 2179 3589 3683 3668; baseline 0.004 -22"><span class='ocrx_word' id='word_1_470' title='bbox 2179 3589 2545 3662; x_wconf 82' lang='grc' dir='ltr'><strong>Ἀρίστιππος</strong></span> <span class='ocrx_word' id='word_1_471' title='bbox 2570 3595 2931 3666; x_wconf 75' lang='grc' dir='ltr'><strong>ὑϐριζόμενος</strong></span> <span class='ocrx_word' id='word_1_472' title='bbox 2955 3597 3062 3652; x_wconf 79' lang='grc' dir='ltr'><strong>ύπό</strong></span> <span class='ocrx_word' id='word_1_473' title='bbox 3088 3615 3230 3662; x_wconf 89' lang='grc' dir='ltr'><strong>τινος</strong></span> <span class='ocrx_word' id='word_1_474' title='bbox 3254 3599 3522 3668; x_wconf 82' lang='grc' dir='ltr'><strong>ἀνεχώρει</strong></span> <span class='ocrx_word' id='word_1_475' title='bbox 3543 3614 3559 3628; x_wconf 77' lang='grc'><strong>⁸</strong></span> <span class='ocrx_word' id='word_1_476' title='bbox 3582 3597 3683 3652; x_wconf 82' lang='grc' dir='ltr'><strong>τοῦ</strong></span> 
     </span>
    </p>
   </div>
   <div class='ocr_carea' id='block_1_79' title="bbox 2091 3683 3680 3762">
    <p class='ocr_par' dir='ltr' id='par_1_79' title="bbox 2091 3683 3680 3762">
     <span class='ocr_line' id='line_1_79' title="bbox 2091 3683 3680 3762; baseline 0.004 -26"><span class='ocrx_word' id='word_1_477' title='bbox 2091 3683 2146 3737; x_wconf 86' lang='grc' dir='ltr'><strong>δέ</strong></span> <span class='ocrx_word' id='word_1_478' title='bbox 2179 3683 2581 3754; x_wconf 84' lang='grc' dir='ltr'><strong>ἐπιδιώκοντος,</strong></span> <span class='ocrx_word' id='word_1_479' title='bbox 2613 3689 2708 3744; x_wconf 75' lang='grc' dir='ltr'><strong>καὶ</strong></span> <span class='ocrx_word' id='word_1_480' title='bbox 2740 3689 3011 3758; x_wconf 82' lang='grc' dir='ltr'><strong>λέγοντος,</strong></span> <span class='ocrx_word' id='word_1_481' title='bbox 3039 3689 3308 3758; x_wconf 76' lang='grc' dir='ltr'><strong>Φεύγεις;</strong></span> <span class='ocrx_word' id='word_1_482' title='bbox 3345 3689 3481 3758; x_wconf 69' lang='grc' dir='ltr'><strong>Ναὶ,</strong></span> <span class='ocrx_word' id='word_1_483' title='bbox 3519 3689 3636 3762; x_wconf 77' lang='grc' dir='ltr'><strong>ἔφη</strong></span> <span class='ocrx_word' id='word_1_484' title='bbox 3661 3707 3680 3723; x_wconf 78' lang='grc' dir='ltr'><strong><em>ο</em></strong></span> 
     </span>
    </p>
   </div>
   <div class='ocr_carea' id='block_1_80' title="bbox 2091 3775 3680 3853">
    <p class='ocr_par' dir='ltr' id='par_1_80' title="bbox 2091 3775 3680 3853">
     <span class='ocr_line' id='line_1_80' title="bbox 2091 3775 3680 3853; baseline 0.006 -25"><span class='ocrx_word' id='word_1_485' title='bbox 2091 3775 2188 3829; x_wconf 88' lang='grc' dir='ltr'><strong>τοῦ</strong></span> <span class='ocrx_word' id='word_1_486' title='bbox 2221 3777 2324 3847; x_wconf 80' lang='grc' dir='ltr'><strong>μὲν</strong></span> <span class='ocrx_word' id='word_1_487' title='bbox 2354 3779 2466 3849; x_wconf 83' lang='grc' dir='ltr'><strong>γὰρ</strong></span> <span class='ocrx_word' id='word_1_488' title='bbox 2497 3780 2689 3845; x_wconf 86' lang='grc' dir='ltr'><strong>κακῶς</strong></span> <span class='ocrx_word' id='word_1_489' title='bbox 2723 3781 2906 3850; x_wconf 84' lang='grc' dir='ltr'><strong>λέγειν</strong></span> <span class='ocrx_word' id='word_1_490' title='bbox 2961 3782 3028 3836; x_wconf 81' lang='grc' dir='ltr'><strong>σὺ</strong></span> <span class='ocrx_word' id='word_1_491' title='bbox 3080 3782 3182 3852; x_wconf 83' lang='grc' dir='ltr'><strong>τὴν</strong></span> <span class='ocrx_word' id='word_1_492' title='bbox 3225 3780 3479 3847; x_wconf 80' lang='grc' dir='ltr'><strong>ἐξουσίαν</strong></span> <span class='ocrx_word' id='word_1_493' title='bbox 3508 3781 3680 3853; x_wconf 74' lang='grc' dir='ltr'><strong>ἔχεις,</strong></span> 
     </span>
    </p>
   </div>
   <div class='ocr_carea' id='block_1_81' title="bbox 2091 3866 2818 3941">
    <p class='ocr_par' dir='ltr' id='par_1_81' title="bbox 2091 3866 2818 3941">
     <span class='ocr_line' id='line_1_81' title="bbox 2091 3866 2818 3941; baseline 0.008 -19"><span class='ocrx_word' id='word_1_494' title='bbox 2091 3866 2188 3922; x_wconf 77' lang='grc' dir='ltr'><strong>τοῦ</strong></span> <span class='ocrx_word' id='word_1_495' title='bbox 2223 3867 2281 3921; x_wconf 73' lang='grc' dir='ltr'><strong>δὲ</strong></span> <span class='ocrx_word' id='word_1_496' title='bbox 2313 3869 2389 3940; x_wconf 80' lang='grc' dir='ltr'><strong>μὴ</strong></span> <span class='ocrx_word' id='word_1_497' title='bbox 2423 3871 2650 3926; x_wconf 81' lang='grc' dir='ltr'><strong>ἀκούειν</strong></span> <span class='ocrx_word' id='word_1_498' title='bbox 2685 3872 2818 3941; x_wconf 84' lang='grc' dir='ltr'><strong>ἐγώ.</strong></span> 
     </span>
    </p>
   </div>
   <div class='ocr_carea' id='block_1_82' title="bbox 2164 3959 3679 4034">
    <p class='ocr_par' dir='ltr' id='par_1_82' title="bbox 2164 3959 3679 4034">
     <span class='ocr_line' id='line_1_82' title="bbox 2164 3959 3679 4034; baseline 0.005 -24"><span class='ocrx_word' id='word_1_499' title='bbox 2164 3959 2520 4030; x_wconf 82' lang='grc' dir='ltr'><strong>Δημοσθένης</strong></span> <span class='ocrx_word' id='word_1_500' title='bbox 2574 3961 2992 4034; x_wconf 78' lang='grc' dir='ltr'><strong>λοιδορουμένου</strong></span> <span class='ocrx_word' id='word_1_501' title='bbox 3039 3961 3184 4026; x_wconf 73' lang='grc' dir='ltr'><strong>τινὸς</strong></span> <span class='ocrx_word' id='word_1_502' title='bbox 3214 3963 3398 4031; x_wconf 81' lang='grc' dir='ltr'><strong>αὐτὸν,</strong></span> <span class='ocrx_word' id='word_1_503' title='bbox 3428 3963 3505 4017; x_wconf 85' lang='grc' dir='ltr'><strong>Οὐ</strong></span> <span class='ocrx_word' id='word_1_504' title='bbox 3537 3963 3679 4031; x_wconf 79' lang='grc' dir='ltr'><strong>σύγ-</strong></span> 
     </span>
    </p>
   </div>
   <div class='ocr_carea' id='block_1_83' title="bbox 2092 4045 3682 4126">
    <p class='ocr_par' dir='ltr' id='par_1_83' title="bbox 2092 4045 3682 4126">
     <span class='ocr_line' id='line_1_83' title="bbox 2092 4045 3682 4126; baseline 0.003 -21"><span class='ocrx_word' id='word_1_505' title='bbox 2092 4051 2426 4117; x_wconf 86' lang='grc' dir='ltr'><strong>καταϐαίνω,</strong></span> <span class='ocrx_word' id='word_1_506' title='bbox 2458 4048 2636 4119; x_wconf 78' lang='grc' dir='ltr'><strong>εἶπεν,</strong></span> <span class='ocrx_word' id='word_1_507' title='bbox 2661 4055 2740 4118; x_wconf 81' lang='grc' dir='ltr'><strong>είς</strong></span> <span class='ocrx_word' id='word_1_508' title='bbox 2767 4053 2980 4122; x_wconf 83' lang='grc' dir='ltr'><strong>ἀγῶνα,</strong></span> <span class='ocrx_word' id='word_1_509' title='bbox 3012 4054 3070 4106; x_wconf 83' lang='grc' dir='ltr'><strong>ἐν</strong></span> <span class='ocrx_word' id='word_1_510' title='bbox 3096 4045 3142 4120; x_wconf 79' lang='grc' dir='ltr'>ᾧ</span> <span class='ocrx_word' id='word_1_511' title='bbox 3180 4055 3210 4108; x_wconf 89' lang='grc' dir='ltr'><strong>ό</strong></span> <span class='ocrx_word' id='word_1_512' title='bbox 3244 4054 3550 4126; x_wconf 83' lang='grc' dir='ltr'><strong>νικώμενος</strong></span> <span class='ocrx_word' id='word_1_513' title='bbox 3578 4055 3682 4112; x_wconf 89' lang='grc' dir='ltr'><strong>τοῦ</strong></span> 
     </span>
    </p>
   </div>
   <div class='ocr_carea' id='block_1_84' title="bbox 2091 4143 2820 4219">
    <p class='ocr_par' dir='ltr' id='par_1_84' title="bbox 2091 4143 2820 4219">
     <span class='ocr_line' id='line_1_84' title="bbox 2091 4143 2820 4219; baseline 0.004 -22"><span class='ocrx_word' id='word_1_514' title='bbox 2091 4143 2348 4208; x_wconf 83' lang='grc' dir='ltr'><strong>νικῶντός</strong></span> <span class='ocrx_word' id='word_1_515' title='bbox 2376 4144 2494 4198; x_wconf 88' lang='grc' dir='ltr'><strong>ἐστι</strong></span> <span class='ocrx_word' id='word_1_516' title='bbox 2530 4146 2820 4219; x_wconf 85' lang='grc' dir='ltr'><strong>κρείττων.</strong></span> 
     </span>
    </p>
   </div>
   <div class='ocr_carea' id='block_1_85' title="bbox 2691 4239 3074 4296">
    <p class='ocr_par' dir='ltr' id='par_1_85' title="bbox 2691 4239 3074 4296">
     <span class='ocr_line' id='line_1_85' title="bbox 2691 4239 3074 4296; baseline 0.01 -4"><span class='ocrx_word' id='word_1_517' title='bbox 2691 4239 2912 4294; x_wconf 85' lang='grc' dir='ltr'>ΛΟΓΟΣ</span> <span class='ocrx_word' id='word_1_518' title='bbox 2951 4240 3074 4296; x_wconf 84' lang='grc' dir='ltr'><strong>ΝΔ’.</strong></span> 
     </span>
    </p>
   </div>
   <div class='ocr_carea' id='block_1_86' title="bbox 2669 4333 3104 4404">
    <p class='ocr_par' dir='ltr' id='par_1_86' title="bbox 2669 4333 3104 4404">
     <span class='ocr_line' id='line_1_86' title="bbox 2669 4333 3104 4404; baseline 0.005 -4"><span class='ocrx_word' id='word_1_519' title='bbox 2669 4333 2808 4400; x_wconf 66' lang='grc' dir='ltr'><strong>Περὶ</strong></span> <span class='ocrx_word' id='word_1_520' title='bbox 2833 4334 3104 4404; x_wconf 66' lang='grc' dir='ltr'><strong>μνήμης.</strong></span> 
     </span>
    </p>
   </div>
   <div class='ocr_carea' id='block_1_87' title="bbox 2161 4423 3677 4500">
    <p class='ocr_par' dir='ltr' id='par_1_87' title="bbox 2161 4423 3677 4500">
     <span class='ocr_line' id='line_1_87' title="bbox 2161 4423 3677 4500; baseline 0.005 -23"><span class='ocrx_word' id='word_1_521' title='bbox 2161 4423 2334 4478; x_wconf 84' lang='grc' dir='ltr'><strong>Τοῦτό</strong></span> <span class='ocrx_word' id='word_1_522' title='bbox 2369 4425 2487 4477; x_wconf 85' lang='grc' dir='ltr'><strong>ἐστι</strong></span> <span class='ocrx_word' id='word_1_523' title='bbox 2515 4425 2575 4477; x_wconf 83' lang='grc' dir='ltr'><strong>τὸ</strong></span> <span class='ocrx_word' id='word_1_524' title='bbox 2609 4423 2772 4494; x_wconf 84' lang='grc' dir='ltr'><strong>σῶμά</strong></span> <span class='ocrx_word' id='word_1_525' title='bbox 2798 4443 2902 4497; x_wconf 91' lang='grc' dir='ltr'><strong>μου</strong></span> <span class='ocrx_word' id='word_1_526' title='bbox 2925 4426 2986 4480; x_wconf 82' lang='grc' dir='ltr'><strong>τὸ</strong></span> <span class='ocrx_word' id='word_1_527' title='bbox 3013 4425 3155 4496; x_wconf 76' lang='grc' dir='ltr'><strong>ὑπὲρ</strong></span> <span class='ocrx_word' id='word_1_528' title='bbox 3181 4427 3340 4497; x_wconf 87' lang='grc' dir='ltr'><strong>ήμῶν</strong></span> <span class='ocrx_word' id='word_1_529' title='bbox 3369 4428 3677 4500; x_wconf 79' lang='grc' dir='ltr'><strong>διδόμενον.</strong></span> 
     </span>
    </p>
   </div>
   <div class='ocr_carea' id='block_1_88' title="bbox 2091 4515 3275 4588">
    <p class='ocr_par' dir='ltr' id='par_1_88' title="bbox 2091 4515 3275 4588">
     <span class='ocr_line' id='line_1_88' title="bbox 2091 4515 3275 4588; baseline 0.001 -18"><span class='ocrx_word' id='word_1_530' title='bbox 2091 4515 2266 4570; x_wconf 86' lang='grc' dir='ltr'><strong>Τοῦτο</strong></span> <span class='ocrx_word' id='word_1_531' title='bbox 2297 4516 2503 4569; x_wconf 83' lang='grc' dir='ltr'><strong>ποιεῖτε</strong></span> <span class='ocrx_word' id='word_1_532' title='bbox 2528 4516 2611 4579; x_wconf 84' lang='grc' dir='ltr'><strong>είς</strong></span> <span class='ocrx_word' id='word_1_533' title='bbox 2646 4516 2746 4585; x_wconf 82' lang='grc' dir='ltr'><strong>τὴν</strong></span> <span class='ocrx_word' id='word_1_534' title='bbox 2769 4516 2912 4588; x_wconf 81' lang='grc' dir='ltr'><strong>ἐμὴν</strong></span> <span class='ocrx_word' id='word_1_535' title='bbox 2939 4517 3275 4588; x_wconf 77' lang='grc' dir='ltr'><strong>ἀνάμνησιν.</strong></span> 
     </span>
    </p>
   </div>
   <div class='ocr_carea' id='block_1_89' title="bbox 474 4592 1987 4682">
    <p class='ocr_par' dir='ltr' id='par_1_89' title="bbox 474 4610 1987 4678">
     <span class='ocr_line' id='line_1_89' title="bbox 474 4610 1987 4678; baseline 0.003 -15"><span class='ocrx_word' id='word_1_536' title='bbox 474 4610 664 4678; x_wconf 80' lang='lat' dir='ltr'><strong>Apost.</strong></span> <span class='ocrx_word' id='word_1_537' title='bbox 713 4610 982 4667; x_wconf 84' lang='lat' dir='ltr'><strong>Memores</strong></span> <span class='ocrx_word' id='word_1_538' title='bbox 1035 4621 1211 4668; x_wconf 89' lang='lat' dir='ltr'><strong>estote</strong></span> <span class='ocrx_word' id='word_1_539' title='bbox 1242 4611 1372 4669; x_wconf 82' lang='lat' dir='ltr'><strong>Jesu</strong></span> <span class='ocrx_word' id='word_1_540' title='bbox 1415 4613 1624 4669; x_wconf 83' lang='lat' dir='ltr'><strong>Christi</strong></span> <span class='ocrx_word' id='word_1_541' title='bbox 1669 4629 1698 4668; x_wconf 88' lang='lat' dir='ltr'><strong>a</strong></span> <span class='ocrx_word' id='word_1_542' title='bbox 1752 4614 1987 4668; x_wconf 86' lang='lat' dir='ltr'><strong>mortuis</strong></span> 
     </span>
    </p>
   </div>
   <div class='ocr_carea' id='block_1_90' title="bbox 2121 4592 3688 4682">
    <p class='ocr_par' dir='ltr' id='par_1_90' title="bbox 2165 4607 3688 4682">
     <span class='ocr_line' id='line_1_90' title="bbox 2165 4607 3688 4682; baseline 0.001 -19"><span class='ocrx_word' id='word_1_543' title='bbox 2165 4609 2555 4680; x_wconf 84' lang='grc' dir='ltr'><strong>Μνημονεῦετε</strong></span> <span class='ocrx_word' id='word_1_544' title='bbox 2628 4607 2840 4678; x_wconf 81' lang='grc' dir='ltr'><strong>Ἰησοῦν</strong></span> <span class='ocrx_word' id='word_1_545' title='bbox 2895 4609 3152 4680; x_wconf 82' lang='grc' dir='ltr'><strong>Χριστὸν,</strong></span> <span class='ocrx_word' id='word_1_546' title='bbox 3211 4609 3588 4682; x_wconf 70' lang='grc' dir='ltr'><strong>ἐγηγερμένον</strong></span> <span class='ocrx_word' id='word_1_547' title='bbox 3618 4611 3688 4665; x_wconf 86' lang='grc' dir='ltr'><strong>ἐκ</strong></span> 
     </span>
    </p>
   </div>
   <div class='ocr_carea' id='block_1_91' title="bbox 404 4702 652 4758">
    <p class='ocr_par' dir='ltr' id='par_1_91' title="bbox 404 4702 652 4758">
     <span class='ocr_line' id='line_1_91' title="bbox 404 4702 652 4758; baseline 0 0"><span class='ocrx_word' id='word_1_548' title='bbox 404 4702 652 4758; x_wconf 86' lang='lat' dir='ltr'><strong>excitati.</strong></span> 
     </span>
    </p>
   </div>
   <div class='ocr_carea' id='block_1_92' title="bbox 481 4793 1984 4866">
    <p class='ocr_par' dir='ltr' id='par_1_92' title="bbox 481 4793 1984 4866">
     <span class='ocr_line' id='line_1_92' title="bbox 481 4793 1984 4866; baseline 0.004 -18"><span class='ocrx_word' id='word_1_549' title='bbox 481 4793 646 4850; x_wconf 85' lang='lat' dir='ltr'><strong>Prov.</strong></span> <span class='ocrx_word' id='word_1_550' title='bbox 687 4811 742 4850; x_wconf 87' lang='lat' dir='ltr'><strong>x.</strong></span> <span class='ocrx_word' id='word_1_551' title='bbox 775 4793 1037 4851; x_wconf 78' lang='lat' dir='ltr'><strong>Memoria</strong></span> <span class='ocrx_word' id='word_1_552' title='bbox 1085 4797 1362 4866; x_wconf 89' lang='lat' dir='ltr'><strong>justorum</strong></span> <span class='ocrx_word' id='word_1_553' title='bbox 1392 4813 1514 4854; x_wconf 89' lang='lat' dir='ltr'><strong>cum</strong></span> <span class='ocrx_word' id='word_1_554' title='bbox 1570 4799 1751 4865; x_wconf 90' lang='lat' dir='ltr'><strong>laude,</strong></span> <span class='ocrx_word' id='word_1_555' title='bbox 1783 4813 1984 4854; x_wconf 88' lang='lat' dir='ltr'><strong>nomen</strong></span> 
     </span>
    </p>
   </div>
   <div class='ocr_carea' id='block_1_93' title="bbox 405 4886 1342 4960">
    <p class='ocr_par' dir='ltr' id='par_1_93' title="bbox 405 4886 1342 4960">
     <span class='ocr_line' id='line_1_93' title="bbox 405 4886 1342 4960; baseline 0.001 -19"><span class='ocrx_word' id='word_1_556' title='bbox 405 4893 592 4941; x_wconf 89' lang='lat' dir='ltr'><strong>autem</strong></span> <span class='ocrx_word' id='word_1_557' title='bbox 623 4886 917 4957; x_wconf 86' lang='lat' dir='ltr'><strong>impiorum</strong></span> <span class='ocrx_word' id='word_1_558' title='bbox 949 4886 1342 4960; x_wconf 76' lang='lat' dir='ltr'><strong>exstinguitur.</strong></span> 
     </span>
    </p>
   </div>
   <div class='ocr_carea' id='block_1_94' title="bbox 484 4977 1987 5053">
    <p class='ocr_par' dir='ltr' id='par_1_94' title="bbox 484 4977 1987 5053">
     <span class='ocr_line' id='line_1_94' title="bbox 484 4977 1987 5053; baseline 0.006 -21"><span class='ocrx_word' id='word_1_559' title='bbox 484 4977 653 5034; x_wconf 83' lang='lat' dir='ltr'><strong>Eccli.</strong></span> <span class='ocrx_word' id='word_1_560' title='bbox 684 4995 778 5036; x_wconf 78' lang='lat' dir='ltr'><strong>ut.</strong></span> <span class='ocrx_word' id='word_1_561' title='bbox 814 4979 869 5034; x_wconf 93' lang='lat' dir='ltr'><strong>In</strong></span> <span class='ocrx_word' id='word_1_562' title='bbox 923 4983 1183 5038; x_wconf 87' lang='lat' dir='ltr'><strong>omnibus</strong></span> <span class='ocrx_word' id='word_1_563' title='bbox 1231 4983 1491 5053; x_wconf 85' lang='lat' dir='ltr'><strong>operibus</strong></span> <span class='ocrx_word' id='word_1_564' title='bbox 1547 4985 1658 5039; x_wconf 88' lang='lat' dir='ltr'><strong>tuis</strong></span> <span class='ocrx_word' id='word_1_565' title='bbox 1709 4996 1987 5041; x_wconf 88' lang='lat' dir='ltr'><strong>memento</strong></span> 
     </span>
    </p>
   </div>
   <div class='ocr_carea' id='block_1_95' title="bbox 403 5071 1202 5142">
    <p class='ocr_par' dir='ltr' id='par_1_95' title="bbox 403 5071 1202 5142">
     <span class='ocr_line' id='line_1_95' title="bbox 403 5071 1202 5142; baseline 0.001 -16"><span class='ocrx_word' id='word_1_566' title='bbox 403 5071 530 5128; x_wconf 79' lang='lat' dir='ltr'><strong>linis</strong></span> <span class='ocrx_word' id='word_1_567' title='bbox 557 5071 656 5137; x_wconf 90' lang='lat' dir='ltr'><strong>tui,</strong></span> <span class='ocrx_word' id='word_1_568' title='bbox 676 5081 740 5128; x_wconf 87' lang='lat' dir='ltr'><strong>et</strong></span> <span class='ocrx_word' id='word_1_569' title='bbox 770 5086 883 5127; x_wconf 86' lang='lat' dir='ltr'><strong>non</strong></span> <span class='ocrx_word' id='word_1_570' title='bbox 926 5073 1202 5142; x_wconf 89' lang='lat' dir='ltr'><strong>peccabis.</strong></span> 
     </span>
    </p>
   </div>
   <div class='ocr_carea' id='block_1_96' title="bbox 472 5162 1983 5239">
    <p class='ocr_par' dir='ltr' id='par_1_96' title="bbox 472 5162 1983 5239">
     <span class='ocr_line' id='line_1_96' title="bbox 472 5162 1983 5239; baseline 0.004 -19"><span class='ocrx_word' id='word_1_571' title='bbox 472 5162 532 5220; x_wconf 87' lang='lat' dir='ltr'><strong>S.</strong></span> <span class='ocrx_word' id='word_1_572' title='bbox 551 5162 769 5218; x_wconf 79' lang='lat' dir='ltr'><strong>Basilii.</strong></span> <span class='ocrx_word' id='word_1_573' title='bbox 797 5162 914 5219; x_wconf 82' lang='lat' dir='ltr'><strong>Non</strong></span> <span class='ocrx_word' id='word_1_574' title='bbox 947 5164 1060 5220; x_wconf 85' lang='lat' dir='ltr'><strong>lleri</strong></span> <span class='ocrx_word' id='word_1_575' title='bbox 1079 5175 1256 5234; x_wconf 84' lang='lat' dir='ltr'><strong>potest</strong></span> <span class='ocrx_word' id='word_1_576' title='bbox 1277 5177 1382 5222; x_wconf 90' lang='lat' dir='ltr'><strong>uta</strong></span> <span class='ocrx_word' id='word_1_577' title='bbox 1407 5168 1557 5239; x_wconf 87' lang='lat' dir='ltr'><strong>justa</strong></span> <span class='ocrx_word' id='word_1_578' title='bbox 1578 5170 1662 5223; x_wconf 91' lang='lat' dir='ltr'><strong>via</strong></span> <span class='ocrx_word' id='word_1_579' title='bbox 1688 5170 1983 5238; x_wconf 88' lang='lat' dir='ltr'><strong>declinent,</strong></span> 
     </span>
    </p>
   </div>
   <div class='ocr_carea' id='block_1_97' title="bbox 403 5253 1841 5332">
    <p class='ocr_par' dir='ltr' id='par_1_97' title="bbox 403 5253 1841 5332">
     <span class='ocr_line' id='line_1_97' title="bbox 403 5253 1841 5332; baseline 0.005 -23"><span class='ocrx_word' id='word_1_580' title='bbox 403 5254 508 5309; x_wconf 89' lang='lat' dir='ltr'><strong>nisi</strong></span> <span class='ocrx_word' id='word_1_581' title='bbox 531 5257 626 5325; x_wconf 90' lang='lat' dir='ltr'><strong>qui</strong></span> <span class='ocrx_word' id='word_1_582' title='bbox 659 5253 755 5310; x_wconf 90' lang='lat' dir='ltr'><strong>Dei</strong></span> <span class='ocrx_word' id='word_1_583' title='bbox 778 5255 1110 5312; x_wconf 81' lang='lat' dir='ltr'><strong>oblivionem</strong></span> <span class='ocrx_word' id='word_1_584' title='bbox 1161 5259 1347 5315; x_wconf 91' lang='lat' dir='ltr'><strong>animo</strong></span> <span class='ocrx_word' id='word_1_585' title='bbox 1377 5261 1506 5330; x_wconf 68' lang='lat' dir='ltr'><strong>aegri</strong></span> <span class='ocrx_word' id='word_1_586' title='bbox 1533 5262 1841 5332; x_wconf 88' lang='lat' dir='ltr'><strong>patiuntur.</strong></span> 
     </span>
    </p>
   </div>
   <div class='ocr_carea' id='block_1_98' title="bbox 477 5344 1983 5420">
    <p class='ocr_par' dir='ltr' id='par_1_98' title="bbox 477 5344 1983 5420">
     <span class='ocr_line' id='line_1_98' title="bbox 477 5344 1983 5420; baseline 0.007 -22"><span class='ocrx_word' id='word_1_587' title='bbox 477 5344 736 5400; x_wconf 70' lang='lat' dir='ltr'><strong>Memoria</strong></span> <span class='ocrx_word' id='word_1_588' title='bbox 789 5355 875 5402; x_wconf 87' lang='lat' dir='ltr'><strong>est</strong></span> <span class='ocrx_word' id='word_1_589' title='bbox 917 5348 1125 5419; x_wconf 77' lang='grc' dir='ltr'><strong>σοεηίιί</strong></span> <span class='ocrx_word' id='word_1_590' title='bbox 1185 5351 1486 5408; x_wconf 87' lang='lat' dir='ltr'><strong>reservatio</strong></span> <span class='ocrx_word' id='word_1_591' title='bbox 1512 5394 1528 5420; x_wconf 94' lang='lat'><strong>,</strong></span> <span class='ocrx_word' id='word_1_592' title='bbox 1568 5354 1983 5410; x_wconf 87' lang='lat' dir='ltr'><strong>reminiscentia</strong></span> 
     </span>
    </p>
   </div>
   <div class='ocr_carea' id='block_1_99' title="bbox 402 5438 1178 5511">
    <p class='ocr_par' dir='ltr' id='par_1_99' title="bbox 402 5438 1178 5511">
     <span class='ocr_line' id='line_1_99' title="bbox 402 5438 1178 5511; baseline 0.006 -20"><span class='ocrx_word' id='word_1_593' title='bbox 402 5448 582 5492; x_wconf 87' lang='lat' dir='ltr'><strong>autem</strong></span> <span class='ocrx_word' id='word_1_594' title='bbox 615 5438 782 5508; x_wconf 85' lang='lat' dir='ltr'><strong>elapsi</strong></span> <span class='ocrx_word' id='word_1_595' title='bbox 814 5442 1178 5511; x_wconf 84' lang='lat' dir='ltr'><strong>recuperatio.</strong></span> 
     </span>
    </p>
   </div>
   <div class='ocr_carea' id='block_1_100' title="bbox 474 5527 1980 5608">
    <p class='ocr_par' dir='ltr' id='par_1_100' title="bbox 474 5527 1980 5608">
     <span class='ocr_line' id='line_1_100' title="bbox 474 5527 1980 5608; baseline 0.005 -26"><span class='ocrx_word' id='word_1_596' title='bbox 474 5527 748 5601; x_wconf 83' lang='lat' dir='ltr'><strong>Theologi.</strong></span> <span class='ocrx_word' id='word_1_597' title='bbox 777 5529 872 5585; x_wconf 90' lang='lat' dir='ltr'><strong>Dei</strong></span> <span class='ocrx_word' id='word_1_598' title='bbox 896 5533 1156 5587; x_wconf 86' lang='lat' dir='ltr'><strong>memoria</strong></span> <span class='ocrx_word' id='word_1_599' title='bbox 1179 5537 1350 5606; x_wconf 78' lang='lat' dir='ltr'><strong>magis</strong></span> <span class='ocrx_word' id='word_1_600' title='bbox 1371 5538 1680 5593; x_wconf 83' lang='lat' dir='ltr'><strong>necessaria</strong></span> <span class='ocrx_word' id='word_1_601' title='bbox 1701 5546 1785 5592; x_wconf 90' lang='lat' dir='ltr'><strong>est</strong></span> <span class='ocrx_word' id='word_1_602' title='bbox 1819 5553 1980 5608; x_wconf 89' lang='lat' dir='ltr'><strong>quam</strong></span> 
     </span>
    </p>
   </div>
   <div class='ocr_carea' id='block_1_101' title="bbox 403 5623 710 5692">
    <p class='ocr_par' dir='ltr' id='par_1_101' title="bbox 403 5623 710 5692">
     <span class='ocr_line' id='line_1_101' title="bbox 403 5623 710 5692; baseline 0.016 -18"><span class='ocrx_word' id='word_1_603' title='bbox 403 5623 710 5692; x_wconf 82' lang='lat' dir='ltr'><strong>respiratio.</strong></span> 
     </span>
    </p>
   </div>
   <div class='ocr_carea' id='block_1_102' title="bbox 479 5717 1982 5787">
    <p class='ocr_par' dir='ltr' id='par_1_102' title="bbox 479 5717 1982 5787">
     <span class='ocr_line' id='line_1_102' title="bbox 479 5717 1982 5787; baseline 0.005 -19"><span class='ocrx_word' id='word_1_604' title='bbox 479 5717 646 5769; x_wconf 88' lang='lat' dir='ltr'><strong>Deum</strong></span> <span class='ocrx_word' id='word_1_605' title='bbox 696 5717 959 5786; x_wconf 82' lang='lat' dir='ltr'><strong>operibus</strong></span> <span class='ocrx_word' id='word_1_606' title='bbox 989 5721 1128 5786; x_wconf 89' lang='lat' dir='ltr'><strong>cole,</strong></span> <span class='ocrx_word' id='word_1_607' title='bbox 1164 5723 1345 5776; x_wconf 84' lang='lat' dir='ltr'><strong>verbis</strong></span> <span class='ocrx_word' id='word_1_608' title='bbox 1377 5723 1560 5787; x_wconf 84' lang='lat' dir='ltr'><strong>lauda,</strong></span> <span class='ocrx_word' id='word_1_609' title='bbox 1598 5732 1773 5776; x_wconf 81' lang='lat' dir='ltr'><strong>mente</strong></span> <span class='ocrx_word' id='word_1_610' title='bbox 1825 5740 1982 5775; x_wconf 73' lang='lat' dir='ltr'><strong>\cnt—</strong></span> 
     </span>
    </p>
   </div>
   <div class='ocr_carea' id='block_1_103' title="bbox 403 5821 547 5862">
    <p class='ocr_par' dir='ltr' id='par_1_103' title="bbox 403 5821 547 5862">
     <span class='ocr_line' id='line_1_103' title="bbox 403 5821 547 5862; baseline 0.014 -2"><span class='ocrx_word' id='word_1_611' title='bbox 403 5821 547 5862; x_wconf 79' lang='lat' dir='ltr'><strong>rare.</strong></span> 
     </span>
    </p>
   </div>
   <div class='ocr_carea' id='block_1_104' title="bbox 477 5899 1980 5982">
    <p class='ocr_par' dir='ltr' id='par_1_104' title="bbox 477 5899 1980 5982">
     <span class='ocr_line' id='line_1_104' title="bbox 477 5899 1980 5982; baseline 0.005 -26"><span class='ocrx_word' id='word_1_612' title='bbox 477 5899 778 5960; x_wconf 77' lang='lat' dir='ltr'><strong>Clementis.</strong></span> <span class='ocrx_word' id='word_1_613' title='bbox 817 5907 1053 5965; x_wconf 78' lang='lat' dir='ltr'><strong>Evidens</strong></span> <span class='ocrx_word' id='word_1_614' title='bbox 1086 5911 1348 5966; x_wconf 83' lang='lat' dir='ltr'><strong>memoria</strong></span> <span class='ocrx_word' id='word_1_615' title='bbox 1377 5911 1566 5966; x_wconf 87' lang='lat' dir='ltr'><strong>mortis</strong></span> <span class='ocrx_word' id='word_1_616' title='bbox 1588 5909 1834 5982; x_wconf 72' lang='lat' dir='ltr'><strong>ciborum</strong></span> <span class='ocrx_word' id='word_1_617' title='bbox 1885 5926 1980 5979; x_wconf 84' lang='lat' dir='ltr'><strong>ap-</strong></span> 
     </span>
    </p>
   </div>
   <div class='ocr_carea' id='block_1_105' title="bbox 2095 4720 2329 4773">
    <p class='ocr_par' dir='ltr' id='par_1_105' title="bbox 2095 4720 2329 4773">
     <span class='ocr_line' id='line_1_105' title="bbox 2095 4720 2329 4773; baseline 0.004 -17"><span class='ocrx_word' id='word_1_618' title='bbox 2095 4720 2329 4773; x_wconf 89' lang='grc' dir='ltr'><strong>νεκρων.</strong></span> 
     </span>
    </p>
   </div>
   <div class='ocr_carea' id='block_1_106' title="bbox 2161 4797 3684 4870">
    <p class='ocr_par' dir='ltr' id='par_1_106' title="bbox 2161 4797 3684 4870">
     <span class='ocr_line' id='line_1_106' title="bbox 2161 4797 3684 4870; baseline 0.001 -18"><span class='ocrx_word' id='word_1_619' title='bbox 2161 4798 2370 4868; x_wconf 82' lang='grc' dir='ltr'><strong>Μνήμη</strong></span> <span class='ocrx_word' id='word_1_620' title='bbox 2403 4797 2617 4852; x_wconf 86' lang='grc' dir='ltr'><strong>δικαίου</strong></span> <span class='ocrx_word' id='word_1_621' title='bbox 2651 4797 2774 4866; x_wconf 87' lang='grc' dir='ltr'><strong>μετ’</strong></span> <span class='ocrx_word' id='word_1_622' title='bbox 2801 4798 3121 4869; x_wconf 85' lang='grc' dir='ltr'><strong>ἐγκωμίων,</strong></span> <span class='ocrx_word' id='word_1_623' title='bbox 3149 4797 3324 4870; x_wconf 77' lang='grc' dir='ltr'><strong>ὄνομα</strong></span> <span class='ocrx_word' id='word_1_624' title='bbox 3365 4799 3422 4854; x_wconf 86' lang='grc' dir='ltr'><strong>δὲ</strong></span> <span class='ocrx_word' id='word_1_625' title='bbox 3459 4799 3684 4854; x_wconf 83' lang='grc' dir='ltr'><strong>ἀσεϐῶν</strong></span> 
     </span>
    </p>
   </div>
   <div class='ocr_carea' id='block_1_107' title="bbox 2092 4889 2894 4942">
    <p class='ocr_par' dir='ltr' id='par_1_107' title="bbox 2092 4889 2894 4942">
     <span class='ocr_line' id='line_1_107' title="bbox 2092 4889 2894 4942; baseline 0.001 0"><span class='ocrx_word' id='word_1_626' title='bbox 2092 4889 2400 4942; x_wconf 89' lang='grc' dir='ltr'><strong>σϐέννυται.</strong></span> <span class='ocrx_word' id='word_1_627' title='bbox 2885 4893 2894 4901; x_wconf 87' lang='grc'><strong><em>“</em></strong></span> 
     </span>
    </p>
   </div>
   <div class='ocr_carea' id='block_1_108' title="bbox 2173 4985 3683 5059">
    <p class='ocr_par' dir='ltr' id='par_1_108' title="bbox 2173 4985 3683 5059">
     <span class='ocr_line' id='line_1_108' title="bbox 2173 4985 3683 5059; baseline 0.005 -23"><span class='ocrx_word' id='word_1_628' title='bbox 2173 4985 2264 5039; x_wconf 84' lang='grc' dir='ltr'><strong>Ἐν</strong></span> <span class='ocrx_word' id='word_1_629' title='bbox 2297 4987 2434 5038; x_wconf 75' lang='grc' dir='ltr'><strong>πᾶσι</strong></span> <span class='ocrx_word' id='word_1_630' title='bbox 2480 4988 2592 5048; x_wconf 85' lang='grc' dir='ltr'><strong>τοῖς</strong></span> <span class='ocrx_word' id='word_1_631' title='bbox 2641 4986 2825 5056; x_wconf 73' lang='grc' dir='ltr'><strong>ἔργοις</strong></span> <span class='ocrx_word' id='word_1_632' title='bbox 2860 5003 2956 5040; x_wconf 87' lang='grc' dir='ltr'><strong>σου</strong></span> <span class='ocrx_word' id='word_1_633' title='bbox 3009 4990 3327 5058; x_wconf 84' lang='grc' dir='ltr'><strong>μιμνήσκου</strong></span> <span class='ocrx_word' id='word_1_634' title='bbox 3368 4990 3437 5042; x_wconf 73' lang='grc' dir='ltr'><strong>τὰ</strong></span> <span class='ocrx_word' id='word_1_635' title='bbox 3469 4987 3683 5059; x_wconf 80' lang='grc' dir='ltr'><strong>ἔσχατά</strong></span> 
     </span>
    </p>
   </div>
   <div class='ocr_carea' id='block_1_109' title="bbox 2090 5079 2843 5150">
    <p class='ocr_par' dir='ltr' id='par_1_109' title="bbox 2090 5079 2843 5150">
     <span class='ocr_line' id='line_1_109' title="bbox 2090 5079 2843 5150; baseline 0.005 -20"><span class='ocrx_word' id='word_1_636' title='bbox 2090 5093 2206 5141; x_wconf 86' lang='grc' dir='ltr'><strong>σου,</strong></span> <span class='ocrx_word' id='word_1_637' title='bbox 2234 5079 2327 5132; x_wconf 74' lang='grc' dir='ltr'><strong>καὶ</strong></span> <span class='ocrx_word' id='word_1_638' title='bbox 2357 5079 2455 5149; x_wconf 85' lang='grc' dir='ltr'><strong>οὐχ</strong></span> <span class='ocrx_word' id='word_1_639' title='bbox 2483 5080 2843 5150; x_wconf 85' lang='grc' dir='ltr'><strong>ἁμαρτήσεις.</strong></span> 
     </span>
    </p>
   </div>
   <div class='ocr_carea' id='block_1_110' title="bbox 2172 5161 3716 5248">
    <p class='ocr_par' dir='ltr' id='par_1_110' title="bbox 2172 5161 3716 5248">
     <span class='ocr_line' id='line_1_110' title="bbox 2172 5161 3716 5248; baseline 0.003 -24"><span class='ocrx_word' id='word_1_640' title='bbox 2172 5172 2474 5241; x_wconf 77' lang='grc' dir='ltr'><strong>Ἀμήχανον</strong></span> <span class='ocrx_word' id='word_1_641' title='bbox 2522 5172 2866 5242; x_wconf 81' lang='grc' dir='ltr'><strong>ἐκτραπῆναι</strong></span> <span class='ocrx_word' id='word_1_642' title='bbox 2887 5174 2982 5243; x_wconf 83' lang='grc' dir='ltr'><strong>τῆς</strong></span> <span class='ocrx_word' id='word_1_643' title='bbox 3015 5174 3229 5238; x_wconf 87' lang='grc' dir='ltr'><strong>δικαίας</strong></span> <span class='ocrx_word' id='word_1_644' title='bbox 3291 5175 3413 5228; x_wconf 70' lang='grc' dir='ltr'><strong>ὀδοῦ</strong></span> <span class='ocrx_word' id='word_1_645' title='bbox 3446 5177 3524 5246; x_wconf 81' lang='grc' dir='ltr'><strong>μὴ</strong></span> <span class='ocrx_word' id='word_1_646' title='bbox 3555 5176 3672 5248; x_wconf 80' lang='grc' dir='ltr'><strong>λή-</strong></span> <span class='ocrx_word' id='word_1_647' title='bbox 3713 5161 3716 5164; x_wconf 35' lang='grc'><strong>’</strong></span> 
     </span>
    </p>
   </div>
   <div class='ocr_carea' id='block_1_111' title="bbox 2089 5263 3141 5338">
    <p class='ocr_par' dir='ltr' id='par_1_111' title="bbox 2089 5263 3141 5338">
     <span class='ocr_line' id='line_1_111' title="bbox 2089 5263 3141 5338; baseline 0.002 -18"><span class='ocrx_word' id='word_1_648' title='bbox 2089 5265 2190 5334; x_wconf 86' lang='grc' dir='ltr'><strong>Θην</strong></span> <span class='ocrx_word' id='word_1_649' title='bbox 2219 5263 2357 5318; x_wconf 82' lang='grc' dir='ltr'><strong>Θεοῦ</strong></span> <span class='ocrx_word' id='word_1_650' title='bbox 2389 5267 2513 5328; x_wconf 87' lang='grc' dir='ltr'><strong>ταῖς</strong></span> <span class='ocrx_word' id='word_1_651' title='bbox 2547 5265 2750 5334; x_wconf 70' lang='grc' dir='ltr'><strong>ψυχαῖς</strong></span> <span class='ocrx_word' id='word_1_652' title='bbox 2775 5267 3141 5338; x_wconf 78' lang='grc' dir='ltr'><strong>νοσήσαντας.</strong></span> 
     </span>
    </p>
   </div>
   <div class='ocr_carea' id='block_1_112' title="bbox 2156 5354 3675 5432">
    <p class='ocr_par' dir='ltr' id='par_1_112' title="bbox 2156 5354 3675 5432">
     <span class='ocr_line' id='line_1_112' title="bbox 2156 5354 3675 5432; baseline 0.005 -25"><span class='ocrx_word' id='word_1_653' title='bbox 2156 5354 2360 5425; x_wconf 69' lang='grc' dir='ltr'><strong>Μνήμη</strong></span> <span class='ocrx_word' id='word_1_654' title='bbox 2392 5355 2541 5408; x_wconf 80' lang='grc' dir='ltr'><strong>ἐστὶν</strong></span> <span class='ocrx_word' id='word_1_655' title='bbox 2571 5356 2604 5424; x_wconf 76' lang='grc' dir='ltr'>ἡ</span> <span class='ocrx_word' id='word_1_656' title='bbox 2632 5355 2728 5408; x_wconf 88' lang='grc' dir='ltr'><strong>τοῦ</strong></span> <span class='ocrx_word' id='word_1_657' title='bbox 2753 5357 3092 5424; x_wconf 82' lang='grc' dir='ltr'><strong>γνωσθέντος</strong></span> <span class='ocrx_word' id='word_1_658' title='bbox 3122 5361 3380 5430; x_wconf 85' lang='grc' dir='ltr'><strong>τήρησις,</strong></span> <span class='ocrx_word' id='word_1_659' title='bbox 3421 5362 3675 5432; x_wconf 77' lang='grc' dir='ltr'><strong>ἀνάμνηο</strong></span> 
     </span>
    </p>
   </div>
   <div class='ocr_carea' id='block_1_113' title="bbox 2089 5443 3143 5517">
    <p class='ocr_par' dir='ltr' id='par_1_113' title="bbox 2089 5443 3143 5517">
     <span class='ocr_line' id='line_1_113' title="bbox 2089 5443 3143 5517; baseline 0.003 -22"><span class='ocrx_word' id='word_1_660' title='bbox 2089 5461 2170 5506; x_wconf 76' lang='lat' dir='ltr'><strong>at;</strong></span> <span class='ocrx_word' id='word_1_661' title='bbox 2199 5444 2257 5497; x_wconf 83' lang='grc' dir='ltr'><strong>δὲ</strong></span> <span class='ocrx_word' id='word_1_662' title='bbox 2346 5445 2444 5496; x_wconf 87' lang='grc' dir='ltr'><strong>τοῦ</strong></span> <span class='ocrx_word' id='word_1_663' title='bbox 2475 5443 2810 5508; x_wconf 75' lang='grc' dir='ltr'><strong>ἀπελθόντος</strong></span> <span class='ocrx_word' id='word_1_664' title='bbox 2845 5446 3143 5517; x_wconf 68' lang='grc' dir='ltr'><strong>ἀνάληψις.</strong></span> 
     </span>
    </p>
   </div>
   <div class='ocr_carea' id='block_1_114' title="bbox 2155 5536 3508 5610">
    <p class='ocr_par' dir='ltr' id='par_1_114' title="bbox 2155 5536 3508 5610">
     <span class='ocr_line' id='line_1_114' title="bbox 2155 5536 3508 5610; baseline 0.007 -22"><span class='ocrx_word' id='word_1_665' title='bbox 2155 5537 2579 5606; x_wconf 67' lang='grc' dir='ltr'><strong>Μνημονευτέον</strong></span> <span class='ocrx_word' id='word_1_666' title='bbox 2609 5536 2748 5590; x_wconf 87' lang='grc' dir='ltr'><strong>Θεοῦ</strong></span> <span class='ocrx_word' id='word_1_667' title='bbox 2781 5540 2985 5607; x_wconf 86' lang='grc' dir='ltr'><strong>μᾶλλον</strong></span> <span class='ocrx_word' id='word_1_668' title='bbox 3020 5539 3052 5610; x_wconf 77' lang='grc' dir='ltr'>ἢ</span> <span class='ocrx_word' id='word_1_669' title='bbox 3084 5543 3508 5599; x_wconf 66' lang='grc' dir='ltr'><strong>ἁναπνευετέον.</strong></span> 
     </span>
    </p>
   </div>
   <div class='ocr_carea' id='block_1_115' title="bbox 2163 5722 3682 5794">
    <p class='ocr_par' dir='ltr' id='par_1_115' title="bbox 2163 5722 3682 5794">
     <span class='ocr_line' id='line_1_115' title="bbox 2163 5722 3682 5794; baseline 0.004 -20"><span class='ocrx_word' id='word_1_670' title='bbox 2163 5722 2265 5774; x_wconf 79' lang='grc' dir='ltr'><strong>Τὸν</strong></span> <span class='ocrx_word' id='word_1_671' title='bbox 2297 5722 2431 5773; x_wconf 65' lang='grc' dir='ltr'><strong>Θεὶν</strong></span> <span class='ocrx_word' id='word_1_672' title='bbox 2478 5723 2662 5789; x_wconf 69' lang='grc' dir='ltr'><strong>ἕργιις</strong></span> <span class='ocrx_word' id='word_1_673' title='bbox 2701 5723 2801 5791; x_wconf 78' lang='grc' dir='ltr'><strong>μὲν</strong></span> <span class='ocrx_word' id='word_1_674' title='bbox 2841 5724 3021 5788; x_wconf 71' lang='grc' dir='ltr'><strong>σέϐου,</strong></span> <span class='ocrx_word' id='word_1_675' title='bbox 3071 5723 3249 5790; x_wconf 73' lang='grc' dir='ltr'><strong>λόγοις</strong></span> <span class='ocrx_word' id='word_1_676' title='bbox 3279 5725 3334 5776; x_wconf 80' lang='grc' dir='ltr'><strong>δὲ</strong></span> <span class='ocrx_word' id='word_1_677' title='bbox 3373 5725 3556 5794; x_wconf 80' lang='grc' dir='ltr'><strong>ὕμνει,</strong></span> <span class='ocrx_word' id='word_1_678' title='bbox 3589 5727 3682 5780; x_wconf 86' lang='grc' dir='ltr'><strong>ἐν-</strong></span> 
     </span>
    </p>
   </div>
   <div class='ocr_carea' id='block_1_116' title="bbox 2087 5812 2470 5882">
    <p class='ocr_par' dir='ltr' id='par_1_116' title="bbox 2087 5812 2470 5882">
     <span class='ocr_line' id='line_1_116' title="bbox 2087 5812 2470 5882; baseline -0.003 -15"><span class='ocrx_word' id='word_1_679' title='bbox 2087 5814 2204 5882; x_wconf 73' lang='grc' dir='ltr'><strong>νοίᾳ</strong></span> <span class='ocrx_word' id='word_1_680' title='bbox 2230 5812 2287 5865; x_wconf 82' lang='grc' dir='ltr'><strong>δὲ</strong></span> <span class='ocrx_word' id='word_1_681' title='bbox 2316 5813 2470 5881; x_wconf 76' lang='grc' dir='ltr'><strong>τίμα.</strong></span> 
     </span>
    </p>
   </div>
   <div class='ocr_carea' id='block_1_117' title="bbox 2159 5906 3675 5980">
    <p class='ocr_par' dir='ltr' id='par_1_117' title="bbox 2159 5906 3675 5980">
     <span class='ocr_line' id='line_1_117' title="bbox 2159 5906 3675 5980; baseline 0.003 -20"><span class='ocrx_word' id='word_1_682' title='bbox 2159 5907 2367 5976; x_wconf 80' lang='grc' dir='ltr'><strong>Μνὴμη</strong></span> <span class='ocrx_word' id='word_1_683' title='bbox 2424 5906 2656 5962; x_wconf 70' lang='grc' dir='ltr'><strong>Θανάτου</strong></span> <span class='ocrx_word' id='word_1_684' title='bbox 2724 5910 2956 5979; x_wconf 65' lang='grc' dir='ltr'><strong>ἐναργὴς</strong></span> <span class='ocrx_word' id='word_1_685' title='bbox 3025 5909 3316 5978; x_wconf 57' lang='grc' dir='ltr'><strong>περιέκοψε</strong></span> <span class='ocrx_word' id='word_1_686' title='bbox 3383 5911 3675 5980; x_wconf 74' lang='grc' dir='ltr'><strong>βρώματα·</strong></span> 
     </span>
    </p>
   </div>
  </div>
