4038 6450
381 413 488 480 949

1231 407 1406 472 LOCI
1447 407 1898 474 COMMUNES.
1923 433 1992 446 -
2034 408 2232 471 PABS
2264 410 2315 472 Ι.
2358 408 2620 472 SERMO
2648 409 2772 474 LV.

3537 405 3656 472 950

392 528 701 604 βρωμάτων
731 527 788 581 δὲ
821 526 880 582 ὲν
910 523 1240 598 ταπεινώσει
1276 523 1555 581 κοπέντων
1602 523 1971 592 συνεξεκόπη-

2073 526 2303 594 petitum
2331 526 2541 582 aufert:
2583 526 2782 583 ablatis
2810 532 2993 582 autem
3029 523 3168 581 cibis
3215 535 3341 579 cum
3396 521 3658 577 humilia-

383 641 485 678 σαν
509 621 683 692 πάθη.

459 714 684 768 Πλάτων
722 712 876 780 ἔλεγε
909 711 1035 774 τοὺς
1085 711 1184 780 μὲν
1232 709 1388 772 νέους
1425 707 1656 779 σφόδρα,
1690 708 1786 764 καὶ
1834 709 1966 769 τοὺς

387 808 654 878 γέροντας
685 806 1010 876 ἀμνήμονας
1033 801 1193 858 εἶναι’
1235 804 1498 875 ὑπορρεῖν
1550 801 1659 872 γὰρ
1706 800 1818 855 τῶν
1869 802 1969 871 μὲν

381 897 471 951 διὰ
497 896 596 967 τὴν
629 895 880 968 αὔξησιν,
917 896 1026 951 τῶν
1051 895 1106 949 δὲ
1133 895 1223 949 διὰ
1248 895 1350 967 τὴν
1379 895 1587 964 φθίσιν.

465 1079 589 1131 Ἐὰν
618 1078 704 1130 ἀεὶ
750 1072 1125 1148 μνημονεύῃς,
1161 1076 1243 1130 ὅτι
1274 1069 1319 1144 ᾧ
1357 1072 1571 1148 ἐργάζῃ
1603 1073 1744 1127 κατὰ
1773 1071 1954 1143 ψυχὴν

379 1171 412 1238 ἢ
443 1172 598 1239 σῶμα
620 1169 753 1232 Θεὸς
782 1167 1138 1237 παρέστηκεν
1162 1166 1380 1238 ἔφορος,
1404 1169 1462 1218 ὲν
1487 1168 1693 1228 πάσαις
1721 1181 1814 1216 σου
1840 1165 1964 1227 ταῖς

380 1263 710 1330 προσευχαῖς
738 1261 832 1314 καὶ
859 1263 979 1323 ταῖς
1010 1258 1278 1328 πράξεσιν
1310 1260 1372 1313 οὐ
1406 1259 1481 1330 μὴ
1514 1257 1791 1330 ἁμάρτῃς,
1818 1255 1963 1320 ἔξεις

377 1354 435 1404 δὲ
466 1352 555 1407 τὸν
580 1352 713 1407 Θεὸν
741 1352 1022 1407 σύνοικον.

460 1530 551 1594 Ὠς
583 1530 683 1601 ἡδὺ
723 1531 824 1603 τὴν
860 1531 1138 1586 θάλασσαν
1172 1531 1280 1586 ἀπὸ
1309 1531 1413 1603 γῆς
1450 1532 1606 1603 όρᾷν,
1650 1529 1823 1596 οὕτως
1869 1530 1964 1600 ἡδὺ

376 1623 454 1694 τῷ
485 1624 715 1678 σωθέντι
748 1624 1060 1696 μεμνῆσθαι
1087 1626 1196 1679 τῶν
1225 1625 1423 1678 πόνων.

977 1737 1200 1793 ΛΟΓΟΣ
1235 1739 1364 1794 NE'.

956 1828 1096 1896 Περὶ
1134 1829 1366 1898 ψυχῆς·

2075 616 2223 671 tione
2249 617 2409 672 simul
2447 617 2772 673 auferuntur
2801 626 2857 673 et
2886 617 3258 674 excinduntur
3280 613 3536 671 aﬂectus.

2141 707 2411 764 Platonis.
2446 707 2602 764 Plato
2633 709 2869 776 dicebat,
2899 716 3014 764 tum
3047 707 3206 762 valde
3251 706 3481 774 juvenes
3535 715 3652 761 tum
3695 693 3704 702 '

2075 811 2235 852 senes
2267 797 2569 854 obliviosos
2601 813 2722 856 esse
2746 817 2759 854 :
2785 798 3150 869 praeterﬂuere
3200 797 3349 853 enim
3387 795 3652 866 imagines

2005 941 2007 944 ι
2073 890 2372 956 memoriae,
2418 891 2504 946 his
2535 901 2756 962 propter
2799 891 3262 955 imminutionem,
3291 887 3398 944 illis
3428 897 3655 959 propter

2071 981 2468 1038 incrementum
2503 985 2770 1054 corporis.

2141 1075 2255 1145 98
2306 1075 2361 1130 Si
2396 1090 2611 1146 semper
2635 1075 2970 1143 memineris,
2996 1077 3140 1145 quod
3169 1077 3319 1146 operi
3353 1077 3450 1130 abs
3473 1082 3526 1131 te
3551 1089 3650 1144 ge-

2073 1168 2268 1229 rendo,
2314 1165 2430 1220 sive
2482 1179 2578 1235 per
2628 1165 2864 1220 animam
2921 1168 3037 1221 sive
3089 1180 3183 1232 per
3233 1179 3454 1235 corpus,
3511 1163 3654 1219 Deus

2071 1253 2294 1308 assistat
2347 1263 2641 1324 spectator,
2677 1256 2730 1307 in
2769 1255 3025 1310 omnibus
3073 1253 3181 1310 tuis
3210 1263 3265 1310 et
3309 1253 3563 1323 precibus
3599 1261 3654 1306 et

2071 1346 2382 1402 actionibus
2436 1361 2547 1401 non
2605 1346 2841 1412 errabis,
2897 1347 2995 1402 sed
3053 1345 3222 1402 Deum
3275 1345 3502 1402 habebis
3554 1345 3653 1400 tibi

2072 1437 2421 1492 familiarem.

2141 1531 2210 1587 Ut
2236 1531 2537 1597 iucundum
2567 1541 2650 1588 est
2684 1545 2838 1587 mare
2864 1547 2895 1586 a
2929 1540 3072 1588 terra
3100 1529 3433 1601 prospicere,
3466 1530 3541 1585 ita
3563 1529 3653 1600 ju-

2069 1622 2312 1676 cundum
2343 1629 2430 1678 est
2455 1631 2674 1677 servato
2699 1622 3018 1679 meminisse
3043 1621 3320 1678 laborum.

2408 1713 2655 1790 'SEnMo
2693 1735 2782 1791 Lv
2819 1735 2938 1809 [αι.
2979 1733 3274 1806 CLXVII].

2698 1827 2776 1882 De
2807 1828 3015 1883 animo.

457 1920 516 1971 Ὀ
549 1919 724 1989 εὑρὼν
768 1919 866 1991 τὴν
896 1921 1074 1991 ψυχὴν
1114 1922 1279 1975 αὑτοῦ
1320 1921 1582 1976 ἀπολέσει
1634 1921 1830 1992 αὐτὴν,
1864 1922 1961 1975 καὶ

2140 1919 2336 1976 Matth.
2358 1936 2413 1977 ι.
2446 1919 2552 1986 Qui
2583 1919 2789 1975 invenit
2807 1919 3046 1974 animam
3077 1934 3256 1988 suam,
3281 1921 3471 1992 perdet
3493 1935 3652 1978 eam:

371 2015 400 2067 ὁ
438 2015 710 2074 ἀπολέσας
737 2013 909 2083 αὐτὴν
945 2015 1130 2067 ἕνεκεν
1164 2014 1296 2084 ἐμοῦ
1327 2015 1549 2087 εὑρήσει
1579 2016 1776 2086 αὑτήν.

447 2108 508 2160 Et
541 2107 635 2160 καὶ
665 2108 692 2160 ὁ
721 2105 826 2172 ἔξω
873 2109 1030 2177 ἡμῶν
1071 2107 1357 2178 ἄνθρωπος
1411 2109 1812 2178 διαφθείρεται,
1845 2108 1962 2163 ἀλλ’

371 2202 398 2253 ό
432 2200 631 2252 ἔσωθεν
657 2200 1051 2255 ἀνακαινοῦται
1084 2200 1269 2272 ἡμέρᾳ
1295 2202 1388 2256 καὶ
1422 2202 1631 2272 ἡμέρᾳ.
1718 2241 1721 2245 -

447 2379 606 2450 Ψυχὴ
633 2380 976 2450 εὐλογημένη
1018 2381 1168 2434 πᾶσα
1197 2380 1370 2450 ἁπλῆ.

453 2471 518 2524 Ἦ
566 2471 919 2540 καταστροφὴ
966 2470 1074 2524 τῶν
1117 2472 1456 2542 παρανόμων
1505 2473 1673 2543 κακή.
1714 2470 1795 2543 Τῇ
1847 2471 1956 2542 γὰρ

370 2563 597 2633 ἀσεϐείᾳ.
620 2565 720 2635 τὴν
759 2563 968 2616 ἑαυτῶν
998 2563 1178 2634 ψυχὴν
1216 2565 1598 2634 ἀφαιροῦνται.

443 2655 668 2719 Τέκνον,
697 2656 754 2708 ὲν
786 2656 1066 2727 πραΰτητι
1095 2655 1318 2723 δόξασαν
1346 2656 1445 2727 τὴν
1485 2657 1665 2730 ψυχήν
1699 2678 1818 2725 σου,
1853 2662 1949 2715 καὶ

369 2749 456 2811 δὸς
485 2747 620 2818 αὐτῇ
656 2745 822 2817 τιμὴν
847 2746 988 2800 κατὰ
1020 2749 1119 2818 τὴν
1148 2748 1300 2812 τάξιν
1331 2747 1431 2821 [αι.
1466 2749 1647 2823 ἀξίαν]
1680 2753 1872 2822 αὐτῆς.

443 2930 636 3000 Ψυχῆς
667 2928 1020 3000 θησαύρισμα
1051 2929 1309 2998 σώματος
1357 2929 1555 2985 ἔνδεια.
1599 2930 1803 2985 Τούτου
1846 2932 1956 3004 γὰρ

371 3022 749 3086 πλουτοῦντος,
786 3022 970 3092 ἐκείνη
1002 3023 1249 3077 πένεται.

444 3119 666 3186 Δέχεται
718 3115 817 3185 μὲν
846 3115 954 3186 γάρ
1001 3116 1148 3186 ζωὴν
1181 3118 1246 3172 ἐκ
1276 3117 1376 3188 τῆς
1416 3119 1594 3192 ψυχῆς
1645 3122 1704 3174 τὸ
1749 3121 1909 3191 σῶμα
1936 3138 1951 3155 ο

373 3205 780 3279 μεταλαμϐάνει
838 3207 896 3261 δὲ
946 3207 1248 3279 ἀλγηδόνας
1301 3211 1409 3265 ἀπὸ
1464 3210 1560 3265 τοῦ
1611 3211 1865 3283 σώματος
1917 3215 2026 3290 hc

366 3304 539 3373 ιὶ·υχήο

438 3397 641 3467 Αἴματι
681 3397 777 3450 καὶ
824 3397 962 3466 πνοῇ
993 3399 1281 3468 κρατεῖται
1312 3399 1344 3468 ή
1371 3397 1539 3468 ψυχή.
1571 3395 1790 3453 Τούτων
1835 3401 1947 3472 γὰρ

367 3490 726 3543 ἐκλειπόντων
756 3490 1033 3559 ἀναχωρεῖ
1053 3489 1148 3543 καὶ
1186 3490 1216 3559 ἡ
1253 3489 1426 3560 ψυχή.

436 3583 511 3636 Οὐ
550 3581 710 3652 μόνον
737 3579 962 3649 ἄγγελοι
1008 3579 1078 3633 τὰ
1106 3581 1228 3633 καθ’
1258 3583 1404 3651 ἡμᾶς
1450 3580 1767 3651 βλέπουσιν,
1801 3583 1938 3639 ἀλλά

365 3674 458 3726 καὶ
484 3671 702 3726 πάντων
727 3671 900 3738 ἁγίων
932 3671 987 3723 αί
1013 3669 1204 3740 ψυχαί.

437 3765 504 3818 Τί
550 3782 633 3818 σοι
673 3765 846 3826 θέλεις
890 3763 1185 3830 γενέσθαι;
1238 3761 1418 3833 ψυχὴν
1463 3765 1604 3836 ἐμὴν
1644 3767 1855 3837 ἐρωτῶ.
1884 3769 1950 3822 Τί

367 3875 449 3912 σοι
473 3857 694 3929 μέγα,ῆ
729 3857 779 3908 τί
813 3857 1008 3926 μικρὸν
1043 3856 1153 3910 τῶν
1179 3856 1415 3926 τιμίων;
1448 3859 1653 3929 Κράτει
1684 3876 1802 3917 σου.
1839 3864 1949 3934 Ζή.

364 3967 446 4002 τει
479 3951 641 4022 μόνον
671 3947 968 4018 προθύμως
991 3966 1043 4002 τι
1077 3947 1348 4018 λαμπρὸν,
1376 3951 1469 4003 καὶ
1497 3951 1764 4023 δώσομεν.

435 4130 602 4200 Σῶμα
652 4128 752 4198 μὲν
796 4126 1010 4180 εὐεκτεϊ
1065 4126 1382 4198 καμνούσης
1421 4128 1604 4201 ψυχῆς
1634 4147 1648 4163 ο
1704 4133 1852 4207 ψυχὴ
1889 4138 1947 4191 δὲ

365 4223 544 4278 ϐάλλει
580 4223 673 4274 καὶ
719 4221 832 4275 ἀνω
887 4219 1095 4289 βλέπει,
1125 4220 1234 4273 τῶν
1277 4223 1482 4292 ἡδονῶν
1539 4223 1948 4282 ὑποὸαινουσῶν

364 4318 456 4368 καὶ
491 4311 1119 4383 συναπομαραινομένων
1155 4311 1233 4383 τῷ
1267 4313 1505 4383 σώματι.

432 4407 705 4478 Τρέφεται
761 4407 862 4475 μὲν
889 4404 978 4458 διὰ
1014 4405 1195 4476 ψυχῆς
1251 4405 1434 4478 σῶμα,
1468 4411 1718 4463 κοινωνεί
1758 4411 1814 4463 δὲ
1858 4413 1947 4467 διὰ

364 4499 615 4569 σώματος
648 4497 858 4560 πάθους
887 4499 920 4567 ἡ
955 4498 1128 4568 ψυχή.

2066 2021 2122 2068 et
2153 2013 2246 2082 qui
2283 2027 2406 2068 eam
2436 2013 2732 2084 perdiderit
2762 2023 2986 2086 propter
3018 2008 3126 2084 me,
3157 2015 3398 2072 inveniet
3427 2031 3570 2072 eam.

2135 2101 2195 2158 Il
2227 2102 2345 2158 Cor.
2380 2119 2454 2158 IV.
2488 2102 2750 2171 Quamvis
2798 2113 3059 2162 externus
3107 2117 3292 2162 noster
3329 2107 3496 2162 homo
3525 2121 3652 2162 cor-

2065 2193 2384 2264 rumpitur,
2435 2194 2686 2250 internus
2747 2205 2930 2252 tamen
2987 2204 3283 2252 renovatur
3337 2195 3406 2252 de
3456 2196 3544 2252 die
3594 2197 3652 2253 in

2066 2286 2235 2340 diem.

2138 2375 2297 2432 Prov.
2336 2393 2416 2432 in.
2447 2377 2639 2434 Omnis
2679 2378 2863 2434 anima
2899 2379 3183 2435 benedicta
3215 2377 3469 2450 simplex.

2140 2467 2332 2525 Exitus
2361 2470 2679 2540 iniquorum
2712 2470 2889 2526 malus
2919 2479 3025 2527 est.
3078 2471 3310 2528 Abolent
3341 2472 3486 2529 enim
3537 2473 3656 2528 ani-

2066 2573 2212 2614 mam
2248 2574 2404 2615 suam
2433 2560 2738 2630 impietate.

2139 2646 2330 2704 Siraclt
2392 2665 2448 2704 κ.
2510 2644 2613 2704 Fili
2644 2690 2660 2715 ,
2713 2665 2811 2722 per
2882 2654 3358 2712 mansuetudinem
3421 2656 3650 2727 gloriam

2063 2742 2260 2798 animae
2287 2751 2394 2798 tuae
2419 2743 2674 2811 concilia,
2699 2756 2752 2801 et
2779 2762 2899 2803 eam
2951 2749 3160 2805 honore
3205 2764 3364 2820 quem
3414 2759 3653 2808 meretur

2062 2835 2236 2890 aliiee.

2137 2930 2198 2985 S.
2248 2929 2458 2986 Basilii.
2510 2933 2724 2989 Animae
2757 2936 3053 2994 thesaurus
3085 2943 3169 2993 est
3195 2937 3425 3008 penuria
3453 2953 3650 3012 corpo-

2059 3022 2158 3077 ris.
2189 3021 2301 3079 lloc
2326 3026 2472 3080 enim
2504 3024 2698 3094 ditato,
2731 3027 2822 3083 illa
2853 3029 3012 3100 inops
3036 3037 3140 3085 est.

2145 3113 2358 3186 Corpus
2385 3117 2532 3172 enim
2555 3118 2722 3174 vitam
2746 3122 2814 3177 ab
2841 3122 3023 3178 anima
3050 3122 3282 3193 recipit:
3315 3125 3498 3182 anima
3521 3139 3650 3183 vero

2061 3203 2308 3259 dolorum
2340 3207 2591 3277 corporis
2616 3211 2894 3282 particeps
2925 3211 3003 3268 fit.

2137 3379 2414 3449 Sanguine
2444 3391 2496 3438 et
2525 3383 2718 3454 spiritu
2761 3387 3075 3443 continetur
3116 3390 3323 3448 anima.
3359 3391 3459 3450 His
3497 3395 3645 3453 enim

2063 3470 2443 3532 deﬁcientibus
2469 3477 2651 3530 anima
2684 3463 2904 3546 quoque
2931 3478 3180 3535 discedit.

2128 3563 2245 3619 Non
2281 3568 2456 3622 solum
2510 3569 2688 3638 angeli
2734 3586 2822 3625 res
2858 3579 3076 3628 nostras
3125 3574 3495 3647 conspiciunt,
3546 3579 3644 3636 sed

2061 3661 2306 3716 omnium
2339 3678 2558 3734 quoque
2588 3671 2909 3718 sanctorum
2945 3667 3164 3722 animae.

2139 3751 2406 3823 Theologi.
2441 3754 2580 3820 Quid
2613 3755 2709 3809 tibi
2744 3755 2826 3811 vis
2861 3756 2976 3812 ﬁeri
3005 3758 3028 3811 ἲ
3065 3761 3146 3814 sic
3184 3761 3424 3817 animam
3462 3778 3640 3820 meam

2061 3844 2366 3910 interrogo.
2429 3844 2570 3911 Quid
2616 3845 2711 3900 tibi
2767 3863 3046 3917 magnum,
3097 3861 3189 3904 aut
3239 3851 3367 3921 quid
3417 3868 3642 3924 parvum

2060 3937 2204 3993 inter
2241 3953 2328 3993 res
2366 3939 2683 4007 optabiles?
2725 3938 2935 4008 Impera
2964 3940 3084 3996 tibi.
3130 3941 3259 3997 Pete
3293 3944 3640 4014 Splendidum

2057 4030 2283 4100 aliquid,
2318 4039 2371 4086 et
2399 4030 2674 4086 dabimus.

2141 4121 2357 4192 Corpus
2389 4123 2606 4193 quidem
2647 4123 2831 4178 anima
2869 4123 3154 4181 laborante
3201 4127 3345 4184 bene
3391 4130 3639 4190 habitum

2054 4224 2140 4270 est
2168 4232 2183 4269 :
2215 4217 2398 4272 anima
2432 4233 2561 4272 vero
2583 4216 2743 4272 floret
2765 4233 2830 4273 ac
2857 4219 3089 4288 erigitur
3128 4221 3350 4291 quando
3387 4225 3638 4298 volupta-

2057 4315 2139 4362 tes
2191 4307 2518 4374 abscedunt,
2564 4317 2618 4363 et
2648 4309 2814 4364 simul
2845 4323 2971 4364 cum
3003 4326 3232 4380 corpore
3267 4329 3634 4376 marcescunt.

2127 4398 2345 4470 Corpus
2383 4401 2600 4469 quidem
2631 4400 2720 4466 ,ab
2758 4401 2941 4454 anima
2976 4404 3239 4469 nutritur,
3274 4409 3458 4462 anima
3503 4426 3636 4467 vero

2054 4493 2328 4562 passionis
2351 4493 2622 4562 particeps
2652 4491 2886 4548 efﬁcitur
2916 4507 2946 4546 a
2978 4508 3226 4562 corpore.

441 4589 834 4662 ’Υποχωροῦσα
856 4589 950 4643 τοῦ
979 4589 1232 4660 σώματος
1264 4592 1296 4660 ἡ
1334 4589 1504 4661 ψυχὴ,
1545 4593 1604 4646 ἐν
1640 4595 1933 4665 συναισθή-
1976 4594 1990 4649 1

2117 4584 2314 4638 Anima
2344 4600 2468 4639 cum
2509 4601 2538 4638 a
2573 4601 2806 4654 corpore
2865 4585 3121 4653 diSCedit,
3157 4592 3440 4657 praesentit
3486 4597 3635 4664 quod

363 4700 445 4735 σει
483 4683 691 4750 γίνεται
719 4682 813 4736 τοῦ
844 4681 1131 4751 μέλλοντος
1160 4682 1332 4753 αὐτὴν
1356 4682 1699 4754 διαδέχεσθαι
1731 4688 1942 4752 ἀγαθοῦ

361 4775 393 4845 ἢ
427 4776 619 4843 κακοῦ,
653 4775 790 4829 ἀλλά
821 4777 914 4830 καὶ⁵
949 4775 1264 4828 αίσθάνεται
1308 4773 1416 4827 τῶν
1444 4775 1697 4830 ἐντεῦθεν
1728 4781 1810 4841 είς
1845 4781 1944 4832 αύ-

358 4869 458 4937 τὴν
489 4868 831 4936 τελουμένων
856 4882 872 4899 ·
905 4867 962 4919 αί
994 4865 1051 4919 δὲ
1097 4866 1206 4919 τῶν
1236 4865 1461 4920 δικαίων
1486 4868 1581 4921 καὶ
1617 4871 1946 4940 πρεσϐεύειν

360 4959 503 5030 ὑπὲρ
532 4961 564 5029 ή
575 4959 690 5028 μῶν
721 4958 998 5012 δύνανται.

433 5053 698 5122 Πείθομαι
747 5051 930 5121 σοφῶν
975 5052 1175 5120 λόγοις,
1209 5052 1292 5106 ὅτι
1326 5053 1475 5123 ψυχὴ
1505 5055 1656 5108 πᾶσα
1710 5055 1851 5122 καλή
1882 5075 1941 5111 τε

360 5143 456 5196 καὶ
513 5142 793 5214 θεοφιλὴς,
852 5142 1077 5196 ἐπειδὰν
1125 5142 1220 5196 τοῦ
1277 5144 1663 5214 συνδεδεμένου
1717 5144 1945 5199 λυθεῖσα

365 5233 616 5304 σώματος
652 5232 864 5288 ἐνθένδε
913 5233 1227 5306 ἀπαλλαγῇ,
1281 5236 1444 5300 εὐθὺς
1496 5238 1595 5306 μὲν
1648 5240 1706 5289 ἐν
1757 5255 1942 5291 συναι-

358 5327 548 5396 σθήσει
579 5325 672 5379 καὶ
703 5325 908 5397 θεωρίᾳ
933 5325 1030 5378 τοῦ
1069 5325 1356 5396 μέλλοντος
1390 5329 1528 5400 αὐτῇ
1577 5329 1744 5382 καλοῦ
1791 5347 1943 5397 γενο-

358 5422 518 5489 μένη,
563 5419 660 5473 ἅτε
713 5417 810 5472 τοῦ
873 5417 1292 5482 ἐπισκοτοῦντος
1350 5421 1848 5492 ἀνακαθαρθέντος,
1907 5424 1940 5492 ἢ

355 5505 713 5568 ἀποτεθέντος
743 5506 776 5575 ἢ
813 5505 917 5558 οὐκ
957 5503 1055 5559 οἷδ’
1085 5506 1114 5559 ὅ
1139 5524 1192 5558 τι
1222 5507 1315 5559 καὶ
1348 5507 1527 5576 λέγειν
1558 5513 1684 5580 χρὴ,
1720 5509 1938 5580 θαυμα-

355 5600 474 5650 σίαν
523 5599 646 5650 τινὰ
697 5596 891 5669 ἡδονὴν
940 5597 1125 5669 ἥδεται
1175 5601 1270 5651 καὶ
1316 5600 1612 5667 ἀγάλλεται
1644 5603 1741 5655 καὶ
1786 5603 1940 5666 ἵλεως

352 5690 523 5757 χωρεῖ
552 5689 692 5759 πρὸς
721 5688 815 5742 τὸν
841 5689 1044 5757 ἑαυτῆς
1096 5689 1378 5760 Δεσπότην
1399 5707 1413 5721 ⁸
1436 5691 1624 5761 ὥσπερ
1654 5709 1706 5746 τι
1733 5693 1946 5764 δεσμω-

351 5785 537 5852 τήριον
566 5780 802 5852 χαλεπὸν
831 5782 923 5836 τὸν
966 5783 1218 5837 ἐντεῦθεν
1249 5783 1364 5852 βίον
1411 5784 1792 5852 ἀποφυγοῦσα,
1834 5787 1929 5840 καὶ⁹

353 5876 452 5938 τὰς
495 5875 886 5944 περικειμένας
932 5875 1341 5947 ἀποσεισαμένη
1392 5875 1580 5945 πέδας,
1608 5877 1701 5947 ὑφ’
1756 5874 1831 5933 ὦν
1879 5881 1939 5932 τὸ

2050 4676 2414 4732 adventurum
2441 4679 2490 4732 ei
2525 4686 2612 4732 est
2641 4678 2847 4732 bonum
2883 4685 2980 4732 aut
3021 4677 3246 4749 malum,
3276 4693 3472 4755 etquae
3503 4687 3634 4744 hinc

2049 4768 2106 4822 in
2144 4769 2317 4837 ipsam
2352 4767 2683 4823 conferenda
2719 4777 2850 4825 sunt
2880 4784 2894 4821 :
2921 4767 3197 4837 justorum
3226 4781 3410 4830 autem
3439 4776 3636 4833 animat

2047 4859 2208 4913 ctiam
2241 4859 2575 4915 intercedere
2604 4875 2706 4929 pro
2729 4862 2888 4916 nobis
2920 4872 3178 4933 possunt.

2121 5041 2458 5112 Sapientium
2487 5043 2652 5098 dictis
2680 5045 2840 5102 fidem
2883 5044 3082 5110 habeo,
3113 5049 3258 5116 quod
3301 5051 3482 5107 omnis
3511 5053 3635 5109 ani-

2046 5151 2135 5188 ma
2201 5136 2342 5189 bona
2388 5145 2443 5190 et
2489 5137 2599 5206 pia,
2649 5147 2941 5208 postquam
2973 5140 3206 5196 astricto
3251 5141 3356 5198 sibi
3403 5159 3637 5215 corpore

2047 5226 2221 5281 soluta
2257 5227 2384 5282 hinc
2417 5227 2752 5294 discesserit,
2805 5245 2934 5285 mox
2987 5232 3233 5289 sentiens
3275 5243 3330 5290 et
3387 5248 3636 5291 contem-

2045 5321 2202 5389 plans
2237 5331 2564 5375 eventurum
2592 5321 2696 5377 sibi
2727 5323 2956 5393 bonum,
2981 5335 3170 5396 utpote
3198 5327 3292 5382 illo
3315 5329 3461 5397 quod
3488 5337 3636 5385 tene-

2046 5415 2174 5469 bras
2239 5413 2557 5470 oli‘undebat
2603 5425 2933 5486 expurgato,
3005 5419 3121 5475 sive
3173 5421 3455 5490 deposito,
3520 5422 3636 5478 sive

2045 5523 2378 5579 quocunque
2413 5507 2522 5563 alio
2544 5511 2709 5564 modo
2749 5510 3040 5567 dicendum
3081 5521 3188 5579 est,
3221 5513 3453 5570 mirifica
3496 5530 3636 5585 qua-

2045 5603 2172 5657 dam
2205 5603 2482 5672 voluptate
2515 5603 2810 5670 mulcetur,
2841 5614 2897 5660 ct
2925 5606 3186 5671 exsultat,
3229 5613 3285 5662 et
3312 5607 3521 5676 placida
3566 5608 3634 5662 ad

2050 5695 2340 5750 Dominum
2371 5710 2534 5751 suum
2568 5696 2964 5768 proﬁciscitur,
2992 5713 3022 5752 a
3049 5699 3304 5767 praesenti
3331 5699 3439 5753 vita
3463 5698 3632 5753 voluti

2046 5802 2266 5842 carcere
2317 5788 2556 5856 quodam
2609 5788 2762 5860 gravi
2823 5788 3120 5860 refugiens,
3175 5800 3230 5846 et
3287 5789 3487 5860 injecta
3524 5790 3630 5845 sibi

2048 5878 2263 5934 vincula
2310 5880 2612 5946 decutiens,
2667 5895 2696 5935 a
2745 5881 2946 5952 quibus
2987 5883 3184 5938 mentis
3237 5880 3320 5937 ala
3380 5880 3633 5937 detrahe-
