4038 6476
430 459 537 527 951

1705 446 1958 509 ANTON
1972 447 2033 507 ΙΙ
2064 446 2414 509 MELISSxE

3602 437 3739 502 952

430 569 617 647 baltr,
646 576 701 624 et
723 567 838 639 jam
866 564 1269 638 quodammodo
1299 561 1412 636 99
1448 576 1545 635 per
1567 560 2013 632 imaginationem
2040 606 2051 623 α

2181 583 2215 633 χς
2271 562 2514 625 διανοίας
2561 559 2759 631 πτερΣν
2803 556 3167 613 καθείλκετε·
3213 556 3313 611 καὶ
3351 546 3604 626 οἷονῇδη
3648 556 3733 626 τῇ

430 662 699 720 destinata
730 661 835 717 sibi
876 659 1135 717 felicitate
1176 657 1402 713 fruitur.

497 754 557 812 S.
593 754 868 826 Chrysost.
899 751 1096 811 Omnia
1130 749 1373 821 duplicia
1400 760 1613 806 natura:
1640 759 1844 803 nostrae
1874 746 2018 804 Deus

419 848 606 915 dedit,
651 847 815 903 binos
857 845 1084 911 oculos,
1139 843 1300 899 binas
1349 856 1546 908 aures,
1590 839 1747 896 binas
1798 854 2018 907 manus,

433 940 592 995 binos
621 938 822 1009 pedes:
860 938 906 992 si
928 938 1189 993 alterutra
1221 947 1350 1005 pars
1371 948 1403 987 e
1425 931 1639 987 duabus
1676 930 1803 985 laesa
1835 929 2020 997 fuerit,

433 1030 745 1094 necessitati
780 1043 876 1100 per
909 1027 1138 1083 alteram
1176 1025 1551 1083 inservimus:
1608 1022 1845 1078 animam
1894 1037 2023 1078 vero

433 1140 598 1179 uuam
640 1123 790 1180 dedit
826 1122 1021 1190 nobis;
1063 1121 1203 1176 lianc
1240 1120 1286 1177 si
1313 1118 1737 1191 perdiderimus,
1779 1117 1910 1187 quid
1934 1132 2026 1173 su-

432 1226 614 1288 perest
642 1229 881 1286 quocum
917 1213 974 1269 in
1000 1213 1110 1269 vita
1142 1226 1464 1269 maneamus
1491 1211 1516 1265 ί

504 1306 702 1363 Anima
727 1315 815 1363 est
845 1303 1151 1362 substantia
1184 1306 1434 1377 quaedam
1476 1304 1803 1377 incorporea
1835 1315 1891 1360 et
1917 1305 2024 1358 im-

436 1401 710 1458 mortalis.

514 1495 712 1552 Anima
737 1504 828 1551 est
865 1493 1174 1552 substantia
1211 1493 1413 1563 genita,
1443 1489 1750 1546 substantia
1791 1488 1912 1543 viva
1944 1488 2028 1542 in-

439 1589 761 1659 telligibilis.

521 1679 803 1738 Clitore/ii.
849 1680 1063 1735 Anima:
1094 1691 1357 1749 tanquam
1409 1675 1593 1739 ducis,
1623 1674 1872 1746 corporis
1902 1688 2031 1730 vero

440 1786 701 1847 tanquam
737 1772 928 1829 militis
954 1787 1144 1828 curam
1182 1772 1344 1826 habe.

513 1865 874 1929 Philistionis.
930 1863 1128 1919 Anima
1169 1862 1435 1933 sapientis
1478 1860 1591 1918 Deo
1657 1860 2029 1932 coniungitur.

442 1960 696 2015 Animam
727 1973 835 2014 non
867 1971 1034 2022 mors,
1061 1955 1154 2012 sed
1183 1956 1324 2010 mala
1356 1955 1464 2011 vita
1497 1954 1694 2025 perdit.

511 2048 761 2106 Zaleuci.
802 2047 1265 2120 Unumquemque
1321 2046 1492 2125 igitur
1520 2046 1725 2102 habere
1750 2054 1806 2100 et
1840 2058 2034 2116 parare

442 2151 662 2214 oportet
688 2142 935 2197 animam
983 2155 1165 2208 suam,
1200 2140 1270 2195 ab
1306 2138 1563 2195 omnibus
1609 2138 1771 2194 malis
1819 2151 2034 2209 puram.

2122 657 2397 728 φαντασίᾳ
2419 652 2728 726 καρποῦται
2757 652 2860 715 τὴν
2884 649 3266 720 ἀποκειμένην
3297 651 3695 719 μακαριότητα
3710 684 3732 703 .

2195 751 2383 806 Πάντα
2409 749 2574 804 διπλᾶ
2614 746 2848 803 δέδωκεν
2873 744 3036 817 ἡμῶν
3067 747 3098 799 ὁ
3122 744 3256 810 Θεδς
3298 747 3365 817 τῇ
3395 744 3582 814 φύσει,
3612 741 3728 797 δύο

2122 843 2460 915 ὀφθαλμοὺς,
2512 840 2605 896 δύο
2647 834 2780 906 ὦτα,
2834 838 2930 893 δόο
2978 840 3194 910 χεῖρας,
3236 837 3332 893 δύο
3375 837 3582 901 πόδας’
3617 837 3736 890 ἐὰν

2124 936 2386 1007 ὁπότερον
2414 935 2623 989 τούτων
2662 932 2858 1005 βλασῇ,
2891 932 2979 987 διὰ
3012 933 3107 988 τοῦ
3143 930 3335 1002 ἑτέρου
3378 931 3483 1002 τὴν
3520 930 3736 1002 χρείαν

2129 1031 2649 1102 παραμυθώμεθα⁹
2679 1030 2858 1100 ψυχὴν
2907 1029 2964 1083 δὲ
2996 1028 3130 1098 μίαν
3162 1026 3399 1081 δέδωκεν
3433 1025 3566 1094 ἡμῖν
3591 1040 3608 1056 ·
3660 1025 3741 1077 ἂν

2126 1126 2333 1196 ταύτην
2362 1126 2739 1194 ἀπολέσωμεν,
2773 1125 2914 1196 μετὰ
2938 1127 3083 1187 τίνος
3116 1122 3582 1192 ἑμὸιοτεύσομενς

2205 1308 2366 1380 Ψυχή
2399 1309 2550 1362 ἐστιν
2577 1306 2735 1361 οὐσία
2761 1323 2846 1371 τις
2871 1306 3161 1376 ἀσώματος
3192 1311 3290 1357 και
3315 1302 3609 1367 ἀθάνατος.

2203 1492 2365 1563 Ψυχή
2393 1491 2540 1545 ἐστιν
2565 1491 2722 1544 οὐσία
2758 1489 3016 1560 γεννητὴ.
3043 1486 3202 1542 οὐσία
3230 1487 3384 1553 ζῶσα
3422 1485 3607 1557 νοερά.

2204 1671 2314 1742 Τῆς
2343 1670 2521 1741 ψυχῆς
2541 1669 2617 1733 ὡς
2641 1671 2906 1741 ἡγεμόνος
2932 1668 3195 1740 ἐπιμελοῦ
3220 1684 3237 1700 ⁸
3260 1666 3353 1721 τοῦ
3384 1668 3440 1722 δὲ
3464 1664 3732 1738 σώματος

2134 1768 2209 1832 ὡς
2243 1765 2584 1837 στρατιώτου
2614 1765 2860 1835 προνόει.

2206 1861 2370 1932 Ψυχὴ
2398 1859 2565 1929 σοφοῦ
2616 1859 2920 1930 ἁρμόζεται
2955 1856 3091 1928 πρὸς
3127 1856 3278 1912 Θεόν.
3317 1854 3514 1928 Ψυχὴν
3559 1854 3742 1909 θάνασ

2135 1972 2227 2018 τος
2256 1954 2357 2009 οῦκ
2382 1953 2699 2017 ἀπόλλυσιν,
2734 1951 2884 2024 ἀλλὰ,
2906 1952 3073 2014 κακὸς
3104 1949 3238 2020 βίος.

2210 2050 2484 2105 Ἕκαστον
2529 2043 2624 2102 οῦν
2672 2047 2821 2118 ἔχειν
2866 2045 2963 2099 καὶ
3014 2043 3468 2118 παρασκευάζειν
3498 2043 3581 2097 δεῖ
3629 2041 3741 2113 τὴν

2139 2141 2334 2198 ἑαυτοῦ
2367 2141 2546 2214 ψυχὴν
2576 2140 2796 2196 πάντων
2822 2139 3074 2209 καθαρὰν
3111 2136 3218 2194 τῶν
3240 2137 3450 2192 κακῶν.
3493 2136 3584 2199 Ὠς
3614 2136 3741 2207 γὰρ

445 2233 660 2291 Etenim
707 2231 853 2289 Deus
889 2246 998 2288 non
1029 2232 1230 2288 colitur
1271 2231 1340 2286 ab
1386 2229 1610 2286 homine
1664 2230 1828 2298 malo,
1861 2244 2036 2300 neque

2181 2241 2199 2293 5
2231 2239 2461 2308 τιμᾶται
2502 2235 2638 2298 Θεὸς
2676 2235 2769 2288 ὑπ’
2800 2231 3094 2304 ἀνθρώπου
3138 2232 3372 2299 φαύλου,
3408 2230 3531 2284 οὐδὲ
3565 2229 3744 2299 θερα-

447 2326 697 2397 placatur
721 2322 1063 2393 sumptibus,
1109 2337 1289 2394 neque
1334 2317 1619 2392 tragcediis
1669 2322 1902 2392 capitur,
1941 2319 2038 2375 sed

449 2418 593 2473 bOIIa
619 2417 898 2473 voluntate
927 2414 1196 2479 bonorum
1230 2425 1284 2469 et
1310 2412 1590 2484 justorum
1620 2428 1871 2483 operum.

523 2598 772 2654 Democr.
819 2597 1093 2653 Convenit
1130 2594 1384 2650 homines
1433 2595 1631 2661 anima:
1666 2594 1842 2665 magis
1877 2608 2040 2664 quam

453 2694 700 2762 corporis
731 2691 1001 2745 rationem
1032 2686 1259 2747 habere.

530 2783 785 2854 Ericteti.
840 2781 1011 2854 Magis
1055 2781 1433 2840 necessarium
1491 2791 1575 2835 est
1636 2780 1836 2837 anima:
1879 2791 2043 2847 quam

457 2876 678 2947 corpori
728 2876 957 2931 mederi.
1009 2874 1241 2933 Praestat
1291 2875 1440 2941 enim
1490 2877 1631 2929 mori
1691 2888 1855 2943 quam
1909 2869 2048 2925 male

458 2981 665 3024 Vivere.

837 3058 1071 3116 διεβιιο
1101 3058 1218 3116 LVI
1254 3058 1374 3133 [αι.
1411 3058 1667 3130 CXLVI].

1068 3153 1147 3210 De
1189 3154 1437 3209 medicis.

2141 2333 2370 2386 πεύεται
2429 2329 2730 2394 δαπάναις,
2787 2326 2909 2382 οὐδὲ
2966 2324 3297 2398 τραγῳδίαις
3346 2323 3457 2377 τῶν
3511 2322 3743 2377 ἁλισκο-

2145 2425 2346 2494 μένων,
2382 2422 2501 2476 άλλ’
2557 2422 2734 2493 ἀγαθῇ
2790 2420 3111 2491 προαιρέσει
3155 2418 3265 2473 τῶν
3311 2417 3497 2471 καλῶν
3549 2416 3743 2486 ἔργων

2144 2518 2240 2570 καὶ
2269 2516 2517 2571 δικαίων.

2186 2611 2564 2683 -Ἆνθρώποις
2593 2611 2853 2682 ἁρμόδιον
2875 2611 3058 2683 ψυχῆς
3113 2609 3318 2680 μᾶλλον
3385 2608 3420 2678 ἢ
3475 2605 3740 2676 σώματος

2147 2707 2303 2775 λόγον
2330 2706 2622 2762 ποιεῖσθαι.

2216 2801 2410 2873 Ψυχὴν
2447 2799 2698 2871 σώματος
2742 2799 3175 2871 ἀναγκαιότερον
3217 2796 3443 2853 ἰᾶσθαι⁹
3493 2794 3589 2851 τοῦ
3627 2795 3745 2868 γὰρ

2150 2894 2338 2961 κακῶς
2370 2899 2471 2968 ζῇν
2502 2895 2566 2950 τὸ
2593 2895 2849 2950 τεθνάναι
2882 2896 3164 2965 κρεῖσσον.

2721 3069 2945 3126 ΑοΓοΣ
2989 3068 3137 3138 Nc".

2725 3163 2865 3233 Περὶ
2898 3159 3137 3231 ἰατρῶν.

534 3247 666 3304 Lac.
700 3262 755 3302 ν.
785 3246 903 3302 Non
930 3260 1068 3318 opus
1108 3245 1311 3302 habent
1341 3244 1555 3301 medico
1582 3243 1726 3310 sani,
1765 3243 1860 3300 sed
1909 3242 2049 3299 male

2226 3264 2302 3317 Οὐ
2338 3262 2532 3334 χρείαν
2556 3260 2777 3332 ἔχουσιν
2828 3257 2879 3311 οἱ
2926 3254 3264 3322 ὑγιαίνοντες
3300 3250 3512 3321 ίατροῦ,
3545 3250 3668 3306 ἀλλ’
3701 3250 3753 3304 οἱ

461 3340 665 3398 allecti.

536 3432 704 3492 Hebr.
751 3449 847 3489 xu.
885 3431 1075 3489 Facite
1105 3440 1166 3488 ut
1197 3433 1329 3489 recti
1386 3432 1497 3488 sint
1546 3445 1772 3503 gressus
1820 3430 2049 3502 pedibus

463 3526 685 3586 vestris.
722 3542 793 3582 ne
835 3525 1163 3582 claudicatio
1194 3525 1413 3589 aberret
1450 3540 1480 3579 a
1520 3526 1629 3591 via,
1667 3524 1779 3578 imo
1827 3530 2051 3576 sanetur

465 3635 672 3693 potius.

536 3711 813 3779 Solomon.
871 3711 964 3773 Vir
1007 3712 1149 3779 lenis
1198 3722 1256 3773 et
1309 3718 1630 3773 mansuetus
1678 3707 1924 3770 medicus
1971 3717 2056 3763 est

467 3805 674 3866 cordis.

542 3898 715 3966 Eccli.
777 3912 1013 3955 sxum.
1075 3895 1318 3952 Scientia
1370 3891 1566 3948 medici
1614 3889 1857 3948 extollet
1890 3900 2059 3962 caput

454 3996 685 4067 'ejus,et
703 4006 887 4049 colam
919 3988 1257 4061 principibus
1281 3988 1333 4042 in
1355 3984 1717 4043 admiratione
1745 3983 2056 4041 habebitur.

544 4086 605 4143 S.
631 4085 851 4153 Basilii.
884 4081 1073 4154 Neque
1107 4094 1334 4153 prorsus
1376 4079 1637 4148 fugienda
1677 4087 1763 4136 est
1808 4092 1900 4133 ars
1947 4092 2060 4132 me-

474 4181 623 4246 dica,
683 4192 785 4235 nec
835 4158 1057 4232 omnem
1120 4176 1174 4229 in
1249 4187 1315 4226 ea
1364 4186 1519 4242 spem
1562 4170 1835 4227 collocare
1882 4168 2059 4224 decet.

479 4272 679 4328 Verum
705 4281 767 4337 ut
791 4268 1186 4349 agriculturam
1212 4280 1535 4331 exercemus
1554 4264 1799 4343 quidem,
1827 4262 2063 4333 petimus

475 4375 661 4423 autem
694 4364 911 4427 fructus
944 4377 975 4417 a
1002 4360 1115 4418 Deo
1147 4403 1165 4430 ,
1199 4370 1256 4416 et
1281 4359 1635 4431 gubernatori
1657 4356 1880 4428 quidem
1915 4368 2066 4411 com-

481 4454 748 4515 mittimus
773 4461 1073 4517 temonem,
1114 4449 1288 4508 Deum
1332 4460 1518 4506 autem
1545 4449 1904 4508 obsecramus
1939 4457 1999 4501 ut
2035 4460 2067 4501 e

480 4548 673 4622 pelago
696 4560 987 4613 serventur
1011 4545 1126 4609 :sic
1143 4546 1309 4602 etiam
1332 4543 1748 4601 introducentes
1766 4539 2063 4608 medicum,

482 4644 538 4699 in
572 4640 745 4697 Deum
777 4653 1001 4712 sperare
1026 4653 1093 4693 ne
1121 4638 1467 4700 desinamus.

554 4731 846 4803 lmperitus
891 4731 1139 4794 medicus
1185 4731 1253 4786 ad
1313 4740 1546 4808 aegrotos
1592 4730 1919 4800 ingressus,
1972 4742 2069 4797 pro

484 4825 832 4884 restitutione
874 4824 1117 4896 ipsorum
1169 4823 1229 4879 in
1273 4824 1588 4891 sanitatem,
1632 4828 1860 4893 exiguas
1905 4821 2070 4877 etiam

490 4921 686 4977 tirium
713 4920 975 4991 reliquias
1005 4919 1218 4975 adimit.

557 5012 617 5069 S.
653 5010 931 5086 Chrysost.
965 5010 1189 5068 Veteres
1225 5008 1471 5067 medicos
1492 5009 1748 5065 existimo
1792 5005 1898 5065 non
1944 5009 2077 5065 sim-

487 5103 723 5176 pliciter,
753 5088 932 5174 neque
971 5112 1175 5156 temere
1222 5102 1505 5167 statuisse,
1549 5114 1610 5158 ut
1640 5104 1914 5159 variarum
1950 5115 2078 5172 ope-

494 5196 764 5251 rationum
799 5195 1065 5255 exhibitio
1096 5194 1313 5264 publica
1345 5194 1520 5262 iieret,
1570 5197 1665 5251 sed
1702 5203 1764 5251 ut
1795 5211 1960 5252 sanus
2004 5200 2078 5253 ita

490 5288 780 5343 redderent
809 5288 1063 5352 tutiores.

572 5376 734 5434 Illum
761 5375 854 5445 qui
881 5392 988 5433 non
1029 5385 1113 5432 est
1158 5378 1406 5433 medicus
1450 5386 1674 5452 praestat
1727 5393 1832 5435 non
1880 5378 2079 5433 habere

493 5466 858 5534 medicamen.
902 5467 1041 5523 Nam
1088 5469 1182 5535 ille
1216 5471 1310 5549 qui
1364 5470 1529 5525 liabet
1580 5469 1775 5551 perdit,
1828 5470 2079 5525 nesciens

491 5560 770 5633 quomodo
801 5574 867 5616 co
895 5563 975 5617 uti
1005 5562 1223 5631 debeat.

576 5650 738 5722 100
759 5648 983 5733 Gregor.
1006 5653 1165 5732 Nysa.
1204 5654 1419 5717 Ouauto
1439 5654 1780 5731 prmstantinr
1795 5663 1881 5710 est
1901 5655 2083 5709 anima

494 5758 660 5825 quam
687 5742 909 5814 corpus,
944 5752 1099 5798 tanta
1139 5744 1364 5815 majoris
1396 5746 1553 5815 pretii
1598 5755 1682 5802 est
1710 5747 1804 5823 qui
1837 5749 2085 5802 medetur

497 5838 696 5905 aui-mis
726 5852 888 5908 quam
922 5838 1017 5907 qui
1048 5852 1281 5909 corpora
1315 5849 1497 5895 curat.

575 5928 815 6003 Didymi,
858 5928 1170 5989 Perfectum
1224 5933 1494 5990 medicum
1552 5932 1802 6002 dicimus,
1839 5948 1946 5991 non
1990 5939 2083 6004 qui

2153 3354 2338 3418 κακῶς
2369 3354 2608 3424 ἔχοντες.

2225 3446 2467 3517 Τροχιὰς
2494 3443 2663 3515 ὀρθὰς
2694 3442 2959 3514 ποιήσατε
2988 3441 3100 3502 τοῖς
3150 3437 3312 3493 ποσὶν
3342 3435 3520 3508 ὑμῶν,
3548 3434 3640 3489 ἵνα
3676 3432 3756 3505 μὴ

2155 3540 2216 3594 τὶ)
2250 3538 2426 3613 χωλὸν
2462 3537 2743 3608 ἐκτραπῇ,
2779 3534 2905 3606 ἰαθῇ
2946 3533 3003 3587 δὲ
3037 3531 3263 3604 μᾶλλον.

2229 3721 2564 3796 Πραΰθυμος
2588 3724 2728 3795 ἀνὴρ
2756 3721 2990 3795 καρδίας
3023 3721 3233 3791 ίατρός.

2230 3910 2546 3980 Ἐπιστήμη
2593 3903 2781 3977 ἰατροῦ
2824 3902 3102 3975 ἅνυψὼσει
3128 3900 3376 3973 κεφαλήν
3428 3897 3622 3966 αὐτοῦ,
3660 3897 3759 3954 καὶ

2161 4002 2344 4058 ἔναντι
2382 3999 2730 4073 μεγιστάνων
2763 3994 3319 4068 θαυμαστωθήσεται.

2236 4092 2374 4149 Οὔτε
2407 4091 2672 4164 φευκτέον
2721 4089 2903 4161 πάντη
2930 4087 3030 4160 τὴν
3068 4087 3291 4158 τέχνην,
3323 4083 3438 4139 οὔτ’
3469 4085 3557 4140 ἐπ’
3584 4084 3759 4157 αὐτὴν

2165 4191 2344 4248 πάσας
2378 4183 2477 4248 τὰς
2502 4180 2723 4245 ἐλπίδας
2756 4179 2903 4251 ἔχειν
2928 4178 3246 4233 ἀκόλουθον.
3276 4176 3425 4232 Ἀλλ’
3447 4177 3524 4239 ὡς
3551 4179 3758 4247 κεχρή-

2170 4278 2312 4349 μεθα
2348 4277 2447 4349 μὲν
2476 4277 2542 4347 τῇ
2567 4275 2874 4345 γεωργικῇ,
2904 4271 3204 4342 αἰτούμεθα
3228 4270 3286 4325 δὲ
3311 4271 3465 4342 παρὰ
3499 4267 3594 4323 τοῦ
3620 4266 3759 4323 Θεοῦ

2168 4372 2293 4434 τοὺς
2324 4368 2595 4442 καρποὺς,
2647 4367 2748 4423 καὶ
2802 4367 2880 4436 τῷ
2910 4364 3223 4438 κυϐερνήτῂ
3275 4365 3377 4433 μὲν
3408 4363 3470 4417 τὸ
3494 4362 3759 4434 πηδάλιον

2169 4463 2565 4535 ἐπιτρέπομεν,
2617 4462 2697 4530 τῷ
2745 4459 2865 4531 Θεῷ
2892 4459 2951 4514 δὲ
2994 4458 3423 4531 προσευχόμεθα
3454 4458 3518 4511 ὲκ
3546 4456 3641 4510 τοῦ
3666 4472 3762 4509 πε-

2169 4558 2370 4628 λάγους
2390 4553 2745 4626 άποσωθῆναι
2767 4571 2781 4586 ο
2809 4553 2956 4608 οὕτω
2979 4552 3078 4607 καὶ
3100 4552 3288 4624 ἰατρὸν
3320 4550 3637 4622 είσάγοντες
3666 4548 3763 4617 τῆς

2102 4670 2145 4725 ι)
2173 4650 2311 4723 πρὸς
2335 4650 2470 4703 Θεὸν
2503 4647 2723 4709 ἐλπίδος
2749 4647 2826 4719 μὴ
2856 4645 3243 4717 ἀφιστώμεθα.

2246 4742 2541 4813 Ἀνεπιστή
2550 4759 2667 4812 μων
2698 4739 2886 4811 ἰατρὸς
2910 4739 3048 4810 πρὸς
3073 4738 3389 4810 κάμνοντας
3412 4736 3624 4802 εἰσιὼν,
3647 4733 3765 4790 ἀντὶ

2174 4835 2271 4893 τοῦ
2295 4822 2375 4900 εἱς
2406 4834 2597 4906 ὑγείαν
2617 4832 2819 4897 αὐτοὺς
2851 4832 3173 4901 ἐπανάγειν,
3208 4831 3305 4885 καὶ
3333 4829 3395 4884 τὸ
3421 4828 3623 4901 μικρὸν
3658 4822 3765 4881 λεί-

2174 4932 2346 5004 ψανον
2371 4929 2473 4999 τῆς
2504 4927 2792 4997 δυνάμεως
2825 4925 3170 4995 ἀφαιρεῖται.

2250 5016 2421 5090 Οἶμαι
2452 5019 2583 5081 τοῦς
2625 5015 2892 5087 ἀρχαίους
2923 5014 3032 5068 τῶν
3070 5013 3274 5086 ἰατρῶν
3304 5013 3404 5085 οὐχ
3437 5012 3627 5076 ἁπλῶς
3651 5005 3768 5063 οὐδὲ

2178 5112 2388 5180 ἀλόγως
2417 5108 2780 5180 νομοθετῆσαι
2802 5145 2819 5174 ,
2850 5106 3279 5177 δημοσιεύεσθαι
3310 5105 3408 5177 τὴν
3453 5105 3565 5159 τῶν
3594 5100 3768 5157 ποικί-

2180 5204 2287 5258 λων
2315 5201 2588 5273 ἐργασιῶν
2637 5198 2941 5266 ἀπόδειξιν,
2973 5197 3092 5253 ἀλλ’
3137 5198 3229 5253 ἴνα
3270 5197 3399 5260 τοὺς
3427 5197 3770 5267 ὑγιαίνοντας

2181 5295 2614 5366 άσςραλίζωνται.

2257 5387 2362 5440 Τόν
2384 5387 2491 5457 γὰρ
2516 5386 2616 5439 οὐκ
2651 5384 2836 5456 ἰατρὸν
2865 5382 3080 5455 βέλτιον
3111 5381 3249 5453 μηδὲ
3280 5379 3430 5452 ἔχειν
3460 5380 3769 5451 φάρμακον.

2197 5479 2257 5533 '0
2283 5479 2380 5548 μὲν
2401 5475 2494 5532 οῧν
2524 5477 2601 5548 μὴ
2631 5476 2769 5547 ἔχων
2798 5475 3124 5542 ἀπόλλυσιν,
3156 5477 3259 5530 οὐκ
3281 5473 3440 5538 εἰδὼς
3467 5473 3618 5537 ὅπως
3643 5473 3771 5545 χρὴ·

2189 5586 2365 5622 σεται.

2259 5660 2412 5731 Ὅσῳ
2436 5661 2713 5730 ,κρεῖττων
2753 5658 2904 5730 ψυχὴ
2959 5658 3053 5713 τοῦ
3091 5658 3370 5730 σώματος,
3425 5659 3669 5729 τοσούτῳ
3697 5670 3771 5709 τιο

2193 5751 2462 5824 μιὼτερος
2518 5752 2625 5805 τῶν
2654 5755 2724 5804 τὰ
2763 5751 2995 5823 σώματα
3057 5753 3483 5823 θεραπευόντων
3507 5756 3535 5808 ό
3560 5755 3657 5818 τὰς
3680 5751 3773 5821 ψυ-

2190 5847 2293 5917 χὰς
2327 5845 2644 5916 ἐξιώμενος.

2266 5939 2483 5995 Τέλειον
2521 5942 2706 6010 ἰατρὸν
2739 5941 2973 6011 λέγομεν
3027 5934 3209 5999 οῦτὸν
3242 5943 3624 6015 θεραπεύοντα
3649 5939 3770 5995 πάν·
