4038 6448
377 431 484 497 953

1192 431 1367 491 LOCI
1405 429 1854 490 COMMUNES.
1897 451 1962 463 -
2002 427 2202 486 PARS
2225 427 2268 488 Ι.
2317 428 2578 488 SERMO
2620 430 2810 492 LVII.

3546 429 3653 493 954

379 569 511 617 τως,
548 551 686 606 ἀλλά
739 551 830 604 τὸν
887 550 1058 621 μηδὲν
1092 553 1170 616 εἰς
1199 549 1469 620 ὠφέλειαν
1520 551 1834 620 ἀνηκόντων
1869 549 1965 603 καὶ

2085 551 2292 603 )mnino
2319 559 2494 618 curat,
2532 550 2627 606 sed
2657 551 2749 621 qui
2795 549 2928 604 nihil
2968 564 3157 608 eorum
3199 562 3321 618 qum
3350 546 3415 602 ad
3450 547 3657 605 utilita-

378 645 678 714 θεραπείαν
708 639 1127 712 παραλείποντα.

449 735 658 806 ’ἰατρὸν
711 737 808 789 καὶ
842 735 996 806 φίλον
1049 734 1185 807 ἡγοῦ
1218 736 1344 800 τοὺς
1374 737 1433 790 ὲν
1480 735 1751 805 ἀνάγκαις
1798 751 1965 788 σπουο

373 826 578 888 δαίους.

446 920 722 991 Νικοκλῆς
771 920 898 984 τοὺς
949 920 1174 992 ἰατροὺς
1205 921 1453 992 εὐτυχεῖς
1497 921 1706 991 ἔλεγεν,
1740 921 1822 974 ὅτι
1863 919 1962 982 τάς

379 1011 479 1081 μὲν
506 1012 796 1082 ὲπιτυχίας
827 1011 1007 1065 αὐτῶν
1037 1012 1065 1064 ὁ
1098 1013 1251 1084 ἥλιος
1296 1015 1418 1085 ὁρᾷ,
1453 1015 1549 1076 τὰς
1577 1014 1633 1068 δὲ
1662 1013 1964 1081 ἀποτυχίας

375 1104 410 1174 ἡ
440 1103 510 1171 γῆ
542 1102 836 1157 καλύπτει.

449 1197 811 1266 Στρατόνικος
863 1195 1050 1262 ἰατρὸν
1093 1195 1406 1249 κολακεύων
1439 1197 1650 1266 ἔλεγεν,
1715 1199 1962 1253 Ἐπαινῶ

377 1304 473 1342 σου
508 1287 608 1358 τὴν
639 1290 955 1358 ἐμπειρίαν,
992 1289 1073 1341 ὅτι
1111 1289 1210 1342 οῦκ
1233 1291 1327 1359 ἐᾷς
1353 1293 1481 1352 τοὺς
1508 1292 1827 1360 ἀρρώστους
1862 1310 1964 1346 κα-

373 1381 713 1448 τασαπῆναι,
747 1382 940 1452 τάχιον
968 1382 1165 1444 αὐτοὺς
1195 1383 1292 1434 τοῦ
1330 1382 1430 1452 ζῇν
1458 1383 1852 1440 ἀπαλλάσσων.

449 1474 576 1538 Τοῖς
598 1473 1030 1544 Ἀσκληπιάδαις
1065 1475 1270 1543 μείζων
1304 1475 1577 1542 ὀφείλεται
1609 1477 1768 1548 χάρις
1794 1479 1961 1549 ἐπερ-

375 1566 614 1637 χομένην
649 1565 1040 1620 ἀναστέλλουσι
1093 1568 1250 1620 νόσον
1275 1569 1306 1632 ἦ
1344 1571 1776 1639 παραπεσοῦσαν
1807 1573 1962 1624 ἰασα-

377 1657 582 1728 μένοις.
625 1656 732 1710 Τοῦ
765 1658 874 1728 γάρ
907 1657 1256 1730 ἀπηλλάχθαι
1305 1661 1478 1714 κακοῦ
1510 1660 1572 1714 τὸ
1617 1659 1693 1732 μὴ
1725 1662 1962 1734 πάσχειν

378 1749 644 1820 αἰρετώτε
657 1767 773 1822 ρον.

446 1843 570 1906 Τοῖς
623 1842 722 1910 μὲν
751 1841 1002 1897 νοσοῦσιν
1054 1845 1297 1916 ἰατροὺς,
1335 1846 1450 1909 τοῖς
1478 1845 1535 1898 δὲ
1578 1825 1844 1917 ἀτυχοῦσι
1869 1849 1961 1918 φί-

373 1933 496 1996 λους
526 1934 608 1988 δεῖ
637 1937 1033 2004 συμπαρεῖναι.

449 2027 555 2080 Καὶ
577 2028 765 2098 ἰατρὸν
784 2029 877 2081 καὶ
897 2029 1052 2096 φίλον
1075 2029 1135 2082 οὐ
1155 2029 1245 2083 τὸν
1273 2029 1400 2083 [διον
1421 2028 1486 2102 [ί.
1508 2027 1688 2102 ήδίω],
1711 2029 1846 2085 ἀλλὰ
1871 2031 1964 2086 τὸν

374 2121 696 2192 ὠφελιμώτε
706 2139 795 2192 ρον
821 2123 904 2175 δεῖ
932 2123 1281 2189 ἐκλέγεσθαι.
1876 2184 1894 2199 α

445 2213 616 2279 Σοφδς
656 2213 895 2277 ἀκούσας
933 2216 1086 2282 παρᾶ
1117 2214 1329 2268 ἰδιώτου
1387 2215 1599 2286 ἰατροῦ,
1654 2218 1737 2272 ὅτι
1775 2219 1962 2292 Γέρων

374 2303 623 2374 γέγονας,
656 2303 764 2376 ἔφη
786 2321 799 2334 ο
831 2305 953 2360 Ὅτι
989 2307 1091 2359 οὑκ
1125 2307 1454 2380 ἐχρησάμην
1486 2311 1677 2381 ἰατρῷ.

971 2486 1194 2541 ΛΟΓΟΣ
1229 2485 1355 2541 ΝΖ¹.

875 2578 1015 2646 Περί
1049 2580 1421 2637 νοσούντων.

443 2668 779 2739 Ἠσθένησα,
809 2671 902 2724 καὶ
933 2673 1311 2742 ἐπεσκέψασθέ
1350 2691 1440 2743 με.

445 2760 837 2832 Μιμνὴσκεσθε
874 2763 982 2816 τῶν
1013 2763 1274 2834 δεσμίων,
1323 2765 1398 2828 ὡς
1429 2765 1811 2837 συνδεδεμένοι
1857 2765 1965 2819 τῶν

374 2851 637 2916 ἀσθενῶν,
668 2853 742 2917 ὡς
767 2855 860 2908 καὶ
891 2854 1045 2909 αὐτοὶ
1071 2854 1222 2920 ὄντες
1244 2857 1299 2908 ἐν
1327 2855 1560 2928 σώματι.

439 3035 534 3098 Ὃς
557 3034 791 3105 φράσσει
814 3034 882 3088 τά
899 3029 1014 3090 ὦτα
1033 3035 1198 3088 αὐτοῦ
1219 3034 1310 3089 τοῦ
1334 3036 1408 3106 μὴ
1431 3036 1659 3090 ἀκοῦσαι
1679 3037 1959 3100 ἀσθενοῦς.

375 3127 474 3179 καὶ
509 3127 670 3190 αὐτὸς
701 3127 1114 3193 ὲπικαλέσεται,
1148 3129 1244 3181 καὶ
1298 3128 1398 3181 οὐκ
1457 3129 1610 3182 ἔσται
1661 3130 1689 3183 ὁ
1716 3129 1952 3186 ἀκούων.

446 3219 539 3289 Μὴ
567 3217 718 3272 Ι5κνει
750 3219 1186 3272 ἐπισκέπτεσθαι
1215 3217 1555 3290 ἀρρώστους.

2073 647 2177 695 tem
2203 643 2330 708 aegri
2360 651 2416 696 ct
2442 657 2631 697 curam
2664 643 2942 712 pertinent
2966 640 3191 696 omittit.

2143 732 2414 789 Hieronis.
2463 732 2732 792 Medicum
2768 743 2822 788 et
2855 734 3088 788 amicum
3117 731 3447 799 existimato,
3475 730 3567 801 qui
3599 731 3652 785 in

2071 825 2391 880 necessitate
2421 825 2708 896 diligentes
2736 825 2955 882 iuerint.
3137 882 3140 890 π

2145 917 2401 974 Νἰεοείὶδ.
2451 920 2704 975 Nicocles
2736 919 2977 974 medicos
3017 917 3204 974 felices
3247 917 3482 980 dicebat,
3516 930 3653 986 quo-

2071 1009 2218 1064 niam
2252 1025 2540 1066 successus
2563 1011 2780 1079 quidem
2813 1012 3058 1081 ipsormn
3093 1009 3174 1064 sol
3209 1008 3472 1071 intuetur,
3501 1021 3655 1062 erro-

2070 1117 2161 1156 res
2192 1111 2371 1156 autem
2406 1102 2567 1156 tellus
2598 1104 2799 1172 operit.

2151 1195 2470 1252 Stratonici.
2522 1195 2868 1253 Stratonicus
2917 1197 3148 1251 adulans
3199 1195 3451 1260 medico,
3500 1192 3652 1248 dicc-

2069 1289 2164 1344 bat
2197 1305 2209 1343 :
2252 1288 2445 1344 Laudo
2474 1298 2620 1344 tuam
2652 1289 3065 1358 experientiam,
3103 1287 3228 1357 quia
3263 1301 3370 1340 non
3404 1286 3540 1340 sinis
3573 1287 3653 1338 in-

2071 1382 2263 1437 firmos
2296 1390 2766 1451 computrescere,
2816 1380 3000 1435 statim
3053 1379 3334 1433 cosavita
3387 1376 3652 1430 liberans.
3703 1369 3723 1418 ἶ

2132 1474 2410 1532 'Demadt's.
2441 1474 2614 1545 Major
2646 1475 2820 1545 gratia
2857 1473 3086 1528 medicis
3129 1471 3362 1526 debetur
3396 1473 3658 1540 ingruen-

2071 1578 2179 1624 tem
2221 1568 2472 1622 morbum
2523 1569 2862 1634 arcentibus,
2914 1581 3078 1636 quam
3131 1564 3490 1619 constitutum
3539 1560 3651 1628 jam

2069 1661 2493 1718 medicantibus.
2522 1659 2732 1731 Quippe
2758 1661 2938 1731 magis
2959 1657 3255 1729 optandum
3286 1666 3369 1712 est
3395 1671 3499 1710 non
3519 1655 3653 1724 pati,

2068 1770 2233 1826 quam
2259 1755 2479 1810 liberari
2505 1755 2667 1809 malo.

2151 1845 2381 1901 Demetr.
2445 1846 2634 1917 .IEgi-is
2696 1844 2982 1912 medicos,
3044 1843 3398 1900 inlortunatis
3449 1844 3655 1898 amicos

1998 1925 2040 1982 Β
2069 1936 2264 1992 adesse
2297 1947 2532 2006 oportet.

2139 2024 2206 2078 Et
2234 2025 2485 2082 medicus
2513 2033 2567 2082 et
2597 2024 2829 2091 amicus,
2863 2039 2969 2080 non
3001 2023 3321 2094 jucundior,
3347 2022 3441 2078 sed
3469 2021 3657 2076 utilior

2077 2114 2357 2186 eligendus
2387 2126 2490 2174 est.

2143 2208 2375 2279 Sapiens
2425 2212 2672 2281 quidam,
2736 2226 2860 2267 cum
2931 2209 3218 2279 imperitus
3279 2207 3528 2262 medicus
3566 2203 3654 2261 'ei

2068 2302 2320 2369 dixisset,
2357 2301 2537 2358 Senex
2593 2302 2768 2359 factus
2835 2318 2918 2369 es,
2975 2299 3302 2371 respondit:
3355 2299 3493 2366 Quia
3544 2312 3652 2354 non

2068 2409 2203 2451 usus
2235 2410 2357 2451 sum
2395 2395 2629 2451 medico.

2450 2485 2684 2543 SERMO
2717 2485 2855 2542 Lvn
2883 2485 2903 2558 [
2932 2486 3007 2540 αι.
3040 2483 3271 2559 CXLV].

2592 2581 2672 2636 De
2711 2581 3118 2650 wgrotantibus.

2137 2673 2336 2733 Matth.
2367 2690 2492 2730 xxv.
2522 2673 2824 2744 IEgrotavi,
2852 2682 2906 2727 et
2934 2671 3204 2728 visitastis
3231 2686 3336 2728 me.

2145 2765 2312 2820 Hebr.
2353 2782 2477 2820 xm.
2512 2765 2782 2820 Memores
2828 2773 3005 2820 estote
3052 2763 3358 2819 vinctorum
3395 2772 3652 2831 tanquam

2069 2874 2175 2914 una
2225 2876 2348 2915 cum
2396 2861 2506 2915 illis
2543 2860 2708 2915 vincti
2744 2878 2758 2914 :
2800 2873 2990 2915 eorum
3033 2860 3124 2930 qui
3165 2858 3502 2930 afﬂiguntur,
3536 2868 3654 2912 tau-

2067 2967 2230 3023 quam
2265 2955 2365 3024 ipsi
2395 2968 2614 3024 quoque
2633 2962 2915 3010 versantes
2948 2952 3002 3006 in
3030 2967 3278 3022 corpore.

2140 3044 2244 3112 Qui
2277 3046 2503 3101 obturat
2531 3060 2692 3101 aures
2723 3059 2851 3101 suas
2891 3060 2958 3099 ne
2988 3045 3174 3100 audiat
3212 3043 3511 3113 inﬁrmum,
3539 3045 3655 3116 ipse

2068 3152 2289 3208 quoque
2319 3136 2615 3204 invocabit,
2645 3147 2698 3193 et
2727 3153 2758 3192 a
2793 3135 3010 3192 nemine
3043 3136 3318 3190 audietur.

2144 3225 2314 3283 Ecrli.
2343 3243 2442 3283 vn.
2478 3226 2555 3282 Ne
2581 3229 2856 3284 cuncteris
2885 3224 3122 3282 invisere
3150 3228 3423 3282 iutirmos.

445 3271 671 3377 Τέκνον,
801 3271 1331 3382 ἀρῤωστήμασίσου
1364 3271 1812 3383 μὴπα-ράϐλεπε,
1845 3313 1962 3369 ἀλλ’

2140 3321 2279 3376 Ibid.
2297 3336 2527 3376 xsxvui.
2560 3317 2685 3388 Fili,
2711 3321 2768 3374 in
2798 3319 3003 3375 morliis
3021 3321 3128 3374 tuis
3153 3334 3221 3374 ne
3248 3319 3326 3374 sis
3346 3318 3652 3390 negligens,

376 3405 525 3474 εὖξαι
578 3405 788 3477 Κυρίῳ,
853 3406 950 3461 καὶ
990 3405 1152 3470 αὐτὸς
1215 3405 1428 3461 ἰάσεταί
1490 3423 1572 3460 σε.
1621 3405 1962 3477 Ἀπόστησον

377 3497 789 3568 πλημμέλειαν,
823 3499 920 3550 καὶ
979 3495 1206 3552 εὔθυνον
1257 3499 1471 3570 χεῖρας,
1504 3501 1597 3552 καὶ
1630 3499 1738 3552 ἀπὸ
1781 3500 1963 3567 πάσης

377 3592 653 3663 ἁμαρτίας
719 3591 1021 3662 καθάρισον
1085 3590 1334 3662 καρδίαν.
1407 3593 1519 3646 Καὶ
1586 3592 1965 3662 μνημόνευσον

377 3682 732 3752 σεμιδάλεως,
782 3685 878 3736 καὶ
912 3680 1085 3753 ἰατρῷ
1115 3681 1204 3745 δὺς
1252 3681 1443 3747 τόπον,
1498 3684 1596 3737 καὶ
1648 3685 1760 3753 γὰρ
1797 3681 1964 3737 αὐτοῦ

377 3775 556 3848 χρεία.
587 3776 700 3829 Καὶ
737 3773 814 3846 μὴ
840 3775 1136 3844 άποστήτω
1169 3791 1263 3829 σου
1285 3791 1303 3808 ο
1341 3777 1437 3828 καὶ
1464 3775 1574 3845 γὰρ
1609 3777 1774 3830 αὐτὸν
1817 3775 1967 3829 ἐκτι-

377 3885 469 3922 σεν
497 3869 526 3920 ὁ
571 3866 792 3937 Κύριος.
831 3867 989 3918 Ἔστι
1013 3865 1206 3938 καιρὸς
1230 3867 1319 3920 ὅτε
1366 3867 1460 3919 καὶ
1489 3869 1544 3921 ὲν
1572 3867 1763 3937 χερσὶν
1788 3867 1968 3919 αὐτῶν

377 3960 578 4014 εὐοδία.
604 3961 718 4014 Καὶ
756 3959 866 4030 γὰρ
915 3958 1072 4011 αὐτοὶ
1107 3958 1315 4028 Κυρίου
1356 3959 1732 4030 δεηθήσονται,
1763 3958 1850 4010 ἵνα
1893 3956 1969 4027 δῷ

378 4053 560 4115 αὐτοῖς
607 4051 914 4105 ἀνάπαυσιν
957 4049 1051 4102 καὶ
1106 4050 1252 4103 ῐασιν
1303 4051 1466 4122 χάριν
1521 4049 1863 4120 ἐμϐιώσεως.
1907 4049 1968 4103 '0

377 4141 710 4216 ἁμαρτάνων
743 4142 924 4197 ἔναντι
943 4143 1040 4196 τοῦ
1072 4144 1400 4216 ποιήσαντος
1448 4143 1614 4198 αὑτὸν
1643 4143 1968 4214 ἐμπεσεῖται

376 4241 456 4298 εἰς
480 4237 669 4306 χεῖρας
699 4234 912 4306 ἰατροῦ.
1005 4218 1012 4226 ’

449 4326 622 4395 ’Ύλην
647 4327 850 4398 ἀρετῆς
884 4325 1041 4381 ποιοῦ
1077 4330 1174 4398 τὴν
1206 4324 1512 4378 ἀσθένειαν.

452 4419 719 4483 Πολλάκις
754 4419 848 4473 καὶ
886 4420 1153 4489 μάστιγες
1181 4417 1605 4488 ἁμαρτημάτων
1640 4414 1750 4468 εἰσὶ
1773 4414 1842 4469 τά
1872 4415 1972 4486 ἁρ-

381 4509 734 4580 ρωστήματα.
768 4509 866 4562 Ὃν
890 4509 1001 4578 γὰρ
1033 4508 1226 4580 ἀγαπᾷ
1260 4507 1484 4579 Κύριος,
1511 4505 1786 4560 παιδεύει.

2068 3417 2160 3474 sed
2206 3429 2306 3470 ora
2340 3413 2658 3479 Dominum,
2688 3421 2743 3468 et
2781 3413 2901 3483 ipse
2942 3412 3160 3468 sanabit
3193 3420 3266 3468 te.
3307 3412 3532 3468 Mtssum
3570 3414 3655 3469 fac

2067 3508 2350 3572 delictum,
2395 3520 2705 3576 manusque
2758 3514 2939 3560 rectas
2987 3503 3206 3569 exhibe,
3274 3513 3441 3575 atque
3505 3505 3653 3559 omni

2065 3607 2292 3672 peccato
2355 3610 2455 3653 cor
2523 3605 2675 3652 tuum
2733 3597 3002 3664 emunda,
3040 3604 3226 3652 tamen
3283 3596 3653 3652 summentum

2072 3691 2267 3757 adole,
2325 3688 2941 3758 commendatitiamque
2989 3686 3355 3757 similaginem
3394 3706 3410 3743 :
3462 3687 3658 3741 deinde

2068 3783 2248 3838 locum
2277 3783 2375 3839 des
2398 3781 2633 3851 medico,
2657 3789 2718 3837 ut
2743 3780 2902 3850 cujus
2927 3779 3191 3835 Dominus
3218 3789 3413 3833 auctor
3441 3781 3533 3843 sit,
3556 3793 3657 3833 nec

2067 3875 2312 3932 discedat
2340 3875 2439 3930 abs
2463 3883 2538 3943 te,
2555 3875 2681 3945 quia
2707 3875 2880 3943 ipsius
2902 3871 3133 3942 indiges.
3160 3871 3254 3924 Est
3275 3885 3399 3925 cum
3426 3870 3659 3925 medico-

2071 3984 2190 4024 rum
2216 3982 2437 4039 quoque
2457 3983 2654 4022 manus
2678 3980 2996 4022 successum
3015 3973 3585 4038 consequantur;qnam
3606 3971 3659 4017 et

2069 4060 2172 4130 ipsi
2200 4060 2488 4116 Dominum
2515 4068 2695 4126 orant,
2730 4068 2790 4113 ut
2821 4058 3176 4112 lenimentum
3232 4058 3497 4111 secundet
3527 4055 3656 4120 sibi,

2074 4153 2310 4222 vitasque
2355 4167 2523 4209 causa
2556 4153 2920 4208 curationem.
2947 4151 3051 4218 Qui
3084 4152 3137 4206 in
3168 4162 3468 4207 creatorem
3498 4166 3657 4206 suum

2073 4245 2406 4316 peccaverit,
2432 4244 2486 4298 in
2519 4259 2717 4299 manus
2748 4244 2942 4299 medici
2979 4244 3117 4299 solet
3149 4244 3417 4300 incidere.

2140 4337 2198 4392 S.
2241 4335 2460 4394 Basilii.
2494 4336 2874 4392 Inﬁrmitatem
2910 4337 3079 4391 tacito
3105 4336 3320 4391 virtutis
3352 4337 3658 4391 materiam.

2141 4426 2320 4482 Morbi
2350 4442 2494 4496 saepe
2541 4425 2754 4499 ﬂagella
2799 4437 2929 4482 sunt
2965 4435 3345 4498 peccatorum.
3394 4427 3659 4481 Dominus

2071 4521 2219 4575 enim
2250 4521 2482 4590 castigat
2504 4535 2666 4590 quem
2712 4520 2914 4589 diligit.

455 4599 736 4671 Ἔπρεπεν
770 4602 903 4670 ἡμῖν
957 4601 1031 4672 μὴ
1061 4599 1486 4671 μακαρίζεσθαι,
1539 4599 1676 4669 μηδὲ
1713 4600 1968 4669 κάμπτε-

2154 4613 2428 4682 Theologi.
2494 4611 2730 4667 Decehat
2774 4627 2874 4667 nos
2922 4625 3023 4666 nec
3073 4610 3424 4680 applaudere,
3485 4626 3660 4682 neque

383 4689 504 4744 σθαι
537 4692 674 4763 πρὸς
701 4693 770 4745 τά
817 4692 989 4761 πάθη,
1048 4691 1186 4744 ἀλλά
1236 4692 1590 4760 περιφρονεῖν
1650 4689 1964 4760 τὺνξπηλόν·

381 4785 475 4836 καὶ
500 4784 560 4837 τὺ
583 4784 682 4855 μὲν
709 4785 871 4854 σῶμα
899 4786 996 4854 ὲᾷν
1033 4784 1267 4855 πάσχειν
1300 4785 1362 4836 τὸ
1388 4784 1611 4849 ἑαυτοῦ,
1662 4787 1884 4846 πάντως
1933 4783 1965 4853 ἢ

383 4873 668 4944 ῦστερονῆ
703 4875 799 4929 νῦν
827 4874 1201 4947 λυθησόμενον
1225 4877 1376 4948 νόμῳ
1416 4877 1634 4944 φύσεως
1663 4875 1970 4946 (οἰχήσεται

381 4967 548 5038 γὰρῆ
580 4967 721 5037 νόσῳ
768 4968 1000 5038 κάμνον,
1036 4971 1066 5040 ἢ
1113 4970 1336 5041 χρόνῳ),
1376 4971 1523 5040 ἡμᾶς
1579 4969 1636 5020 δὲ
1691 4967 1826 5036 ὑψοῦ
1871 4969 1970 5037 τὴν

382 5057 561 5129 ψυχὴν
591 5058 756 5129 ἔχειν,
794 5064 888 5113 καὶ
937 5047 1079 5131 μετὰ
1125 5061 1220 5114 τοῦ
1252 5062 1388 5115 Θεοῦ
1418 5060 1717 5115 τάττεσθαι
1743 5064 1854 5123 τοῖς
1888 5061 1975 5114 λοο

383 5153 635 5220 γισμοῖς.

454 5245 581 5300 Ἐάν
608 5245 778 5315 μηδὲν
809 5247 939 5318 ἔχῃς
981 5249 1228 5316 ἐνεγκεῖν
1267 5246 1346 5318 τῷ
1395 5247 1716 5302 ἀσθενοῦντι
1741 5246 1832 5300 διά
1873 5246 1972 5317 τὴν

384 5337 600 5406 πενίαν,
631 5338 829 5391 σαυτὸν
857 5340 1141 5408 εἰσάγαγε,
1174 5340 1271 5393 καὶ
1300 5341 1538 5412 τὴν-άπὸ
1560 5340 1672 5394 τῶν
1709 5339 1974 5410 ῥημάτων

386 5431 567 5483 αὐτῶν
620 5431 983 5501 παραμυθίαν
1041 5433 1418 5501 προσένεγκεο
1488 5431 1659 5495 οὕτως
1712 5433 1821 5500 γὰρ
1882 5433 1976 5484 καὶ

387 5521 508 5575 κατ’
527 5522 739 5592 εκείνην
760 5521 970 5594 ἀκούσῃ
992 5523 1090 5594 τὴν
1108 5524 1345 5594 ἡμέραν,
1373 5525 1656 5596 «Ἀσθενὴς
1683 5527 1854 5596 ἥμην,
1882 5527 1977 5578 καὶ

389 5612 767 5682 ἐπεσκέψασθὲ
806 5631 894 5684 με.
925 5631 944 5664 ι

467 5705 734 5769 Πολλάκις
772 5708 866 5760 καὶ
892 5707 1053 5776 φύσις
1088 5707 1266 5779 ἀέρων
1298 5709 1500 5780 ἤρκεσε
1547 5709 1682 5779 μόνη
1714 5709 1852 5781 πρὸς
1879 5709 1978 5782 τὴν

389 5795 485 5850 τοῦ
512 5798 809 5869 κάμνοντος
839 5800 1031 5868 ὑγείαν
1051 5816 1064 5830 ⁸
1085 5801 1200 5854 ἔστι
1230 5801 1287 5854 δὲ
1308 5802 1442 5854 ὅπου
1463 5801 1558 5854 καὶ
1583 5799 1737 5862 ὓπνο⁴
1758 5841 1774 5868 ,
1803 5819 1980 5872 προσ-

393 5889 577 5944 πεσὼν
621 5892 757 5962 πρῦς
806 5893 1039 5964 καιρὸν,
1091 5893 1295 5958 παντὸς
1355 5893 1639 5964 ἀπήλλαξε
1673 5893 1858 5948 ’πόνου
1889 5895 1978 5949 τὸν

395 5981 601 6054 ἰατρόν.

2072 4707 2213 4763 ﬂecti
2240 4703 2612 4778 passionibus,
2648 4708 2741 4761 sed
2764 4712 3121 4760 contemnere
3143 4704 3314 4757 lutum
3339 4720 3352 4756 :
3375 4711 3428 4758 et
3458 4716 3659 4772 corpus

2073 4801 2292 4872 quidem
2317 4809 2563 4856 nostrum
2588 4799 2698 4871 pati
2726 4800 2879 4869 ιο]
2897 4803 3097 4859 sinere,
3120 4804 3304 4866 utpote
3324 4797 3659 4860 necessario,

2075 4896 2192 4950 sive
2220 4909 2390 4961 nunc,
2421 4893 2536 4948 sive
2559 4909 2664 4948 non
2695 4893 2866 4947 multo
2891 4899 3036 4961 post,
3068 4905 3164 4959 pro
3182 4890 3299 4958 lege
3319 4898 3527 4942 natura:
3557 4888 3665 4942 dis-

2077 4987 2398 5042 solvendum
2424 4985 2644 5057 (peribit
2673 4985 2820 5040 enim
2855 4991 2950 5038 aut
2982 4984 3175 5037 morbo
3206 4991 3303 5036 aut
3332 4982 3496 5052 longo
3525 4991 3662 5034 tem-

2077 5094 2208 5150 pore
2239 5077 2598 5148 confectum),
2635 5093 2734 5134 nos
2763 5092 2890 5131 vero
2929 5077 3165 5130 animam
3199 5075 3250 5128 in
3287 5074 3516 5128 sublime
3559 5074 3664 5126 tol-

2081 5172 2199 5224 lere
2229 5181 2286 5225 et
2317 5171 2742 5241 cogitationibus
2777 5171 3086 5225 conversari
3127 5169 3258 5224 Deo.

2147 5261 2206 5317 S.
2241 5262 2512 5334 Chrysost.
2556 5263 2612 5318 Si
2665 5279 2760 5332 per
2803 5263 3042 5333 inopiam
3090 5263 3221 5316 nihil
3271 5261 3365 5318 tibi
3413 5261 3486 5317 sit
3524 5260 3666 5332 quod

2078 5355 2274 5410 alleras
2324 5365 2552 5424 aegroto,
2612 5355 2846 5425 teipsum
2900 5355 2950 5410 ei
3003 5354 3222 5420 exhibe,
3273 5364 3326 5410 et
3376 5357 3665 5409 verborum

2079 5448 2510 5503 consolationem
2543 5447 2693 5503 olIer.
2731 5448 2822 5503 Sic
2854 5450 2999 5503 enim
3050 5451 3213 5503 etiam
3271 5446 3460 5502 audies
3489 5445 3616 5500 olim
3651 5459 3667 5502 :

2085 5558 2104 5592 ι
2141 5541 2392 5596 lnlirmus
2429 5556 2602 5604 eram,
2626 5548 2680 5595 et
2709 5540 2971 5596 visitaslis
3003 5555 3144 5594 me.»

2153 5721 2305 5786 Saepe
2336 5720 2417 5772 vel
2445 5721 2560 5774 sola
2590 5730 2784 5776 natura
2816 5721 2958 5776 aeris
2991 5719 3128 5776 satis
3151 5719 3253 5774 fuit
3277 5713 3344 5771 ad
3374 5713 3667 5770 sanitatem

2083 5811 2273 5879 aegroti
2305 5834 2318 5866 :
2354 5813 2627 5868 interdum
2655 5824 2710 5868 et
2743 5829 2970 5869 somnus
2998 5812 3294 5868 obveuiens
3350 5807 3671 5878 tempestive

2083 5906 2231 5961 omni
2263 5905 2449 5964 labore
2478 5909 2749 5966 medicum
2773 5908 3042 5985 liberavit.

3701 1106 3712 1222 Ξ

3702 1227 3712 1256 l
