4038 6476
378 326 381 331 ’
437 358 545 424 955

1711 358 2039 421 ANTONII
2083 360 2439 424 MELISSIE

3610 378 3719 445 956

504 470 808 528 Athanasii.
859 468 1102 539 Corpora
1146 467 1364 538 quidem
1406 482 1551 538 {egra
1605 471 1910 525 curationis
1965 487 1997 526 e

2193 477 2274 529 Τὰ
2310 476 2543 549 σώματα
2574 479 2857 551 κάμνοντα
2915 483 3016 555 μὲν
3067 485 3187 550 ταῖς
3231 483 3556 554 θεραπείαις
3585 488 3721 545 ἀνα.

437 563 779 619 abstinentiae
812 558 1075 614 beneﬁcio
1140 557 1546 626 restituuntur,
1596 559 1850 613 restituta
1885 574 2016 615 vero

436 670 536 724 per
561 652 948 723 negligentiam
991 657 1045 704 et
1068 649 1424 717 repletionem
1464 649 1724 720 paulatim
1757 649 2019 706 relabun-

436 758 546 811 tur,
580 754 638 801 et
668 744 733 800 ad
765 743 983 800 eosdem
1023 740 1245 795 morbos
1278 742 1553 800 recidunt.

829 832 1065 890 ssmuo
1100 831 1259 887 LVlll
1294 832 1311 904 ι
1340 832 1411 888 al.
1445 832 1628 906 CLV].
1706 846 1709 851 -

1070 925 1148 979 De
1188 938 1377 978 morte.

408 1074 414 1083 ,
510 1016 674 1072 Joun.
709 1034 784 1071 χι.
817 1016 920 1082 Qui
951 1015 1126 1070 credit
1154 1016 1210 1070 in
1244 1031 1352 1079 me,
1395 1015 1523 1069 licet
1573 1015 1860 1081 moriatur,
1909 1019 2020 1072 vic-

438 1123 596 1169 turus
650 1120 751 1165 est.
810 1109 875 1162 Et
922 1109 1101 1163 omnis
1149 1107 1241 1177 qui
1274 1107 1406 1162 vivit
1440 1120 1495 1163 et
1527 1108 1703 1163 credit
1737 1110 1788 1162 in
1825 1126 1931 1174 me,
1964 1111 2018 1165 in

436 1216 698 1260 aeternum
732 1217 840 1257 non
873 1201 1160 1255 morietur.

511 1297 681 1352 Eccli.
718 1313 848 1351 xu.
887 1293 1081 1350 Melior
1119 1303 1205 1351 est
1239 1310 1390 1352 mors
1434 1310 1600 1366 quam
1650 1295 1758 1350 vita
1808 1310 2018 1363 amara,

448 1399 543 1443 aut
572 1389 840 1458 argritudo
872 1388 1056 1458 longa.

522 1481 580 1537 S.
605 1482 816 1536 Basilii.
847 1481 950 1547 Qui
1001 1480 1135 1537 vivit
1162 1480 1363 1547 adhuc,
1387 1481 1632 1536 nondum
1689 1462 1883 1536 beatus
1938 1492 2022 1536 est

2121 568 2279 638 φέρει
2327 571 2421 622 καὶ
2470 572 2592 635 ταῖς
2617 572 2843 636 ἐνδείαις
2866 587 2881 601 ’
2910 575 3274 643 ἀνενεγκόντα
3302 576 3358 629 δὲ
3409 580 3531 642 ταῖς
3575 581 3720 636 κατὰ

2123 660 2324 731 μικρὸν
2353 662 2640 732 ἀμελείαις
2671 667 2769 719 καὶ
2817 668 2940 729 ταῖς
2969 667 3310 737 πλησμοναῖς
3340 669 3507 724 πάλιν
3536 671 3718 744 ὑπερ-

2124 754 2229 822 ρεἰ,
2259 753 2355 807 καὶ
2382 756 2520 826 πρὸς
2551 757 2652 820 τὰς
2696 758 2795 812 αὐτ
2808 757 2868 821 ὰς
2893 759 3207 831 ἀρρωστίας
3237 762 3541 820 ἐπάνεισιν.

2718 848 2939 905 ΛΟΓΟΣ
2978 852 3117 905 NH'.

2689 942 2827 1012 Περὶ
2860 944 3146 1000 θανάτοιν.

2208 1031 2267 1086 '0
2297 1033 2575 1088 πιστεύων
2606 1036 2684 1098 εἷς
2732 1036 2852 1106 ἐμὲ.
2888 1038 2995 1091 κᾶν
3022 1038 3296 1112 ἀποθάνῃ,
3329 1042 3580 1111 ζήσεταν
3617 1047 3719 1102 καὶ

2126 1128 2236 1187 πᾶς
2265 1129 2291 1178 ὁ
2323 1125 2434 1189 ζῶν
2474 1127 2570 1181 καὶ
2596 1128 2876 1183 πιστεύων
2907 1133 2985 1194 είς
3021 1133 3122 1202 ἐμὲ
3151 1133 3213 1187 οὐ
3248 1134 3325 1207 μὴ
3353 1136 3601 1211 ἀποθάνῃ
3635 1143 3720 1205 είς

2125 1215 2217 1268 τὸν
2243 1216 2441 1273 αἰῶνα.

2197 1308 2487 1377 Κρείσσων
2512 1310 2744 1377 Θάνατος
2771 1314 2911 1387 ὑπὲρ
2929 1316 3074 1388 ζωὴν
3092 1319 3299 1391 πικρὰν
3319 1319 3349 1392 ἢ
3368 1322 3629 1395 ἀρίἷώστη
3640 1343 3718 1394 μα

2127 1400 2387 1470 ἔμμονον.

2210 1493 2270 1547 '0
2316 1496 2416 1564 μὲν
2457 1496 2516 1550 ὲν
2558 1496 2636 1569 τῷ
2683 1498 2786 1571 βίῳ
2829 1500 3117 1572 τυγχάνων
3152 1503 3307 1559 οῦπω
3345 1513 3710 1579 μακαριστὸς,

448 1586 668 1647 propter
702 1576 822 1631 linis
849 1576 1292 1631 incertitudinem
1323 1594 1338 1631 :
1384 1576 1478 1647 qui
1502 1590 1637 1631 vero
1662 1576 1775 1648 jam
1803 1576 2002 1631 lunctu:

2124 1582 2215 1638 διὰ
2263 1584 2324 1639 τὸ
2375 1587 2570 1659 ἄδηλον
2616 1591 2715 1661 τῆς
2772 1591 3075 1657 ὲκῦάσεως·
3108 1597 3135 1649 ὁ
3185 1595 3244 1650 δὲ
3294 1576 3716 1671 συμπληρώσας

437 1678 522 1722 cst
549 1668 727 1722 ollicio
755 1682 878 1734 suo,
911 1675 963 1721 et
998 1667 1162 1722 vitam
1225 1666 1453 1723 indubio
1496 1668 1604 1723 line
1649 1668 1938 1731 conclusit,
1978 1669 2002 1722 i:

2127 1676 2193 1727 τά
2229 1676 2613 1747 ἑπιῦάὶλοντα,
2650 1683 2747 1736 καὶ
2795 1686 3176 1760 ἀναντιρῤἡτῳ
3210 1663 3379 1744 τέλει-
3408 1663 3537 1764 τὴν..
3561 1663 3714 1766 ζωὴν

436 1764 659 1816 domum
694 1770 1010 1815 coitstanter
1041 1761 1230 1815 beatus
1259 1760 1605 1830 praedicatur.

510 1852 678 1909 Nemo
703 1854 898 1909 solutis
918 1857 1025 1923 jam
1049 1853 1314 1908 nundinis
1336 1855 1671 1924 negotiatur,
1700 1871 1876 1926 neque
1898 1864 2021 1923 post

2125 1768 2513 1834 κατακλείσας,
2545 1771 2701 1833 οὗτος
2724 1774 2826 1844 ἤδη
2854 1774 3114 1841 ἀσφαλῶς
3145 1779 3538 1849 μακαρίζεται.

2192 1859 2384 1946 Οὐδεὶς
2410 1863 2549 1930 μετὰ
2579 1864 2638 1917 τὸ
2675 1864 2907 1936 λυθῆναι
2938 1867 3036 1938 τὴν
3087 1870 3394 1941 πανήγυριν
3444 1891 3715 1946 πραγμα-

435 1946 737 1999 cvrtamina
763 1945 981 1998 rediens
1008 1955 1329 2009 coronatur,
1366 1961 1546 2015 neque
1582 1955 1704 2016 post
1732 1945 1873 2001 bella
1908 1944 2002 2001 for-

2121 1945 2362 2011 τεύεται,
2400 1950 2521 2004 οὐδὲ
2561 1954 2705 2022 μετὰ
2744 1955 2872 2019 τοὺς
2904 1956 3123 2025 ἀγῶνας
3153 1961 3475 2019 επανελθὼν
3503 1983 3715 2037 στεφα-

435 2038 685 2092 titudims
717 2037 992 2106 specimen
1025 2035 1267 2092 exhibet.

509 2131 830 2185 Diuturnior
866 2129 1028 2201 hujus
1077 2128 1201 2184 vita:
1268 2145 1422 2185 mora
1468 2129 1708 2202 plurium
1757 2130 2015 2186 vitiorum

429 2231 519 2277 est
546 2222 791 2277 occasio.

500 2309 646 2366 Mors
677 2321 860 2364 autem
886 2309 1371 2381 inlerturexpletis
1390 2310 1556 2381 hujus
1587 2311 1709 2367 vitae
1737 2312 2015 2377 terminis,

427 2416 569 2469 quos
600 2400 671 2455 ab
713 2400 870 2455 initio
903 2401 1136 2470 singulis
1183 2402 1392 2470 justum
1433 2401 1529 2456 Dei
1560 2403 1853 2469 judicium,
1881 2404 2013 2473 quid

428 2493 630 2562 cuique
657 2492 930 2547 conducat
958 2494 1129 2548 multo
1162 2504 1290 2549 ante
1322 2494 1659 2565 providentis
1691 2496 1941 2567 praeﬁxit.

496 2671 687 2742 Cogita
721 2672 866 2743 quod
893 2674 986 2742 qui
1033 2689 1133 2729 nos
1178 2673 1512 2731 formavitet
1541 2675 1804 2732 animavit
1844 2676 2012 2744 Deus,

424 2762 705 2832 propriam
747 2764 949 2834 cuique
976 2766 1172 2820 animae
1210 2765 1262 2820 in
1306 2768 1408 2822 hac
1438 2768 1546 2822 vita
1586 2770 2010 2825 transactionem

424 2855 595 2922 dedit,
627 2863 682 2910 et
718 2855 839 2910 aliis
871 2857 1008 2912 alios
1039 2859 1271 2914 exeundi
1331 2861 1597 2916 terminos
1655 2864 2010 2934 praescripsit.

420 2947 602 3000 Alium
634 2950 779 3002 enim
808 2950 1016 3005 diutius
1039 2953 1359 3007 conversari
1398 2970 1522 3008 cum
1562 2970 1730 3011 carne
1761 2956 2008 3011 destina-

422 3041 519 3103 vit,
552 3038 718 3094 alium
752 3056 881 3096 vero
913 3043 1079 3098 citius
1122 3043 1371 3114 corporis
1404 3047 1569 3115 hujus
1598 3047 1831 3103 vinculis
1872 3048 2008 3105 libe-

423 3131 535 3185 rari
568 3131 875 3198 constituit,
905 3134 1207 3190 secundum
1238 3134 1544 3192 inell‘ahiles
1574 3138 1857 3209 sapientiae
1882 3138 2004 3211 ejus

422 3231 477 3275 ct
506 3221 731 3291 iustitiae
767 3225 1031 3281 rationes.

491 3316 967 3381 Quemadmodum
1024 3320 1343 3378 carceribus
1382 3322 1720 3379 inclusorum
1762 3326 1854 3382 alii
1885 3328 2008 3398 qui-

417 3406 540 3461 dem
576 3409 783 3465 diutius
826 3410 882 3464 in
934 3410 1228 3468 afﬂictione
1263 3414 1609 3470 vinculorum
1660 3429 2003 3488 permanent,

417 3500 510 3553 alii
539 3515 670 3556 vero
697 3503 930 3558 Celerius
983 3504 1323 3565 liberantur:
1374 3508 1453 3562 sic
1494 3508 1659 3564 etiam
1692 3511 2003 3566 animarum

416 3593 538 3648 alim
565 3594 660 3650 diu
683 3595 739 3649 in
768 3597 869 3651 hac
895 3599 1008 3653 vita
1036 3598 1368 3664 detinentur,
1417 3600 1537 3656 alia:
1566 3602 1810 3668 brevius,
1852 3620 2007 3660 crea-

416 3699 536 3742 tore
563 3697 752 3742 nostro
782 3689 1104 3759 providente
1142 3692 1300 3746 nobis
1330 3694 1565 3764 singulis
1603 3697 1847 3765 sapiente
1877 3714 2003 3769 pro-

412 3778 697 3850 fundoque
746 3782 1005 3847 cousilio,
1047 3785 1196 3852 quod
1241 3786 1481 3840 humana
1524 3797 1708 3843 mente
1756 3789 2001 3861 indagari

413 3888 522 3927 non
576 3881 778 3944 potest,
833 3872 993 3945 juxta
1042 3889 1361 3931 mensuram
1422 3877 1696 3947 cujusque
1747 3881 1999 3949 dignitati

412 3964 856 4020 convenientem.
878 3964 999 4020 Non
1017 3967 1176 4021 audis
1194 3968 1452 4024 Davidem
1474 3971 1744 4026 dicentem
1768 3990 1782 4028 :
1815 3992 1833 4025 ι
1848 3973 2000 4031 Educ

407 4070 440 4109 e
473 4068 693 4109 carcere
719 4055 958 4110 animam
987 4072 1162 4112 meam
1183 4059 1207 4112 *ί
1230 4078 1251 4112 ι
1274 4057 1390 4114 Non
1416 4060 1670 4117 audivisti
1690 4060 1759 4117 de
1782 4076 1998 4133 sancto,

2120 2036 2330 2104 ναῦται,
2362 2043 2485 2096 οὐδὲ
2523 2046 2664 2114 μετὰ
2696 2048 2825 2112 τοὺς
2860 2050 3137 2120 πολέμους
3164 2054 3522 2126 ἀνδραγαθεί.

2207 2131 2271 2186 Ἦ
2328 2137 2616 2193 ἐπιπλεῖον
2649 2142 2890 2199 ἐνταῦθα
2932 2144 3187 2218 διατρισὴ
3220 2148 3486 2209 πλειόνων
3517 2157 3713 2213 κακῶν

2118 2223 2271 2276 ἐστιν
2300 2228 2547 2301 ἀφορμή.

2188 2314 2423 2414 Θάνατοι
2454 2321 2511 2374 δὲ
2539 2325 2841 2392 ἐπάγονται
2869 2331 2980 2386 τῶν
3005 2334 3151 2406 ὅρων
3176 2337 3276 2408 τῆς
3306 2340 3455 2412 ζωῆς
3483 2341 3714 2414 πληρω-

2119 2405 2321 2503 θέντων
2344 2409 2439 2503 οῦς
2469 2414 2528 2481 ἐξ
2555 2417 2733 2489 ἀρχῆς
2763 2423 2893 2494 περ)⁵
2926 2405 3162 2483 ἕκαστον
3195 2405 3472 2503 ἔπηξευή
3518 2405 3712 2493 ﬁta-ala

2115 2497 2212 2551 τοῦ
2257 2498 2395 2599 θεοῦ
2431 2506 2635 2576 κρίσις,
2673 2511 2962 2582 πόρρωθεν
2992 2517 3055 2572 τὸ
3106 2521 3232 2591 περὶ
3268 2497 3504 2581 ἕκαστον
3547 2528 3714 2599 ἡμῶν

2118 2590 2398 2663 συμφέρον
2428 2599 2898 2671 προϐλεπομένου.

2200 2687 2492 2755 Ἐννόησον
2520 2690 2629 2761 γὰρ
2663 2693 2743 2745 ὅτι
2792 2697 2820 2749 ὁ
2868 2697 3084 2766 πλάσας
3134 2704 3286 2773 ἡμᾶς
3324 2709 3418 2762 καὶ
3444 2709 3712 2782 ψυχὼσας

2115 2776 2250 2840 Θεὸς
2280 2778 2419 2832 ίδίαν
2451 2778 2657 2835 ἔδωκεν
2683 2784 2892 2859 ἑκάστῃ
2926 2789 3072 2861 ψυχῇ
3106 2793 3201 2847 τοῦ
3236 2794 3355 2864 βίου
3388 2776 3706 2874 διαγωγήνί

2116 2866 2213 2918 καὶ
2240 2866 2424 2929 ἄλλοις
2448 2868 2645 2935 ἄλλους
2693 2873 2855 2944 ὅρους
2888 2877 3058 2947 ἔπηξε
3092 2883 3191 2953 τῆς
3219 2886 3422 2950 ἐξόδου.
3459 2866 3709 2965 Ἰλὸννμὲν

2115 2957 2225 3055 γὰρ
2256 2959 2541 3015 ὲπιπλείον
2584 2969 2929 3035 παραμεῖναι
2956 2974 3022 3042 τῇ
3058 2979 3337 3050 παρουσίᾳ
3366 2982 3467 3052 τῆς
3497 2957 3709 3055 capite;

2110 3047 2454 3123 ᾠκονόμησε,
2490 3053 2585 3107 τὸν
2617 3055 2676 3110 δὲ
2711 3057 2910 3115 θᾶττον
2940 3063 3280 3138 ἀπολυθῆναι
3311 3047 3432 3127 τῶν
3478 3047 3708 3147 δεσμῶν

2109 3142 2205 3195 τοῦ
2253 3142 2508 3215 σώματος
2564 3147 2869 3220 διετάξατο,
2901 3156 3045 3209 κατὰ
3094 3158 3223 3222 τοὺς
3266 3162 3545 3235 «ipsam;
3581 3142 3705 3240 ’τῆς

2111 3237 2306 3305 σοφίας
2333 3239 2531 3293 ἑαυτοῦ
2558 3241 2651 3294 καὶ
2686 3243 2787 3313 τῆς
2814 3245 3169 3319 δικαιοσύνης
3196 3251 3411 3321 λόγους.

2183 3330 2400 3403 Ὠσπερ
2430 3328 2525 3387 οὖν
2558 3334 2610 3387 οἱ
2639 3337 2760 3398 ταῖς
2795 3337 3042 3408 εἱρκταῖς
3078 3342 3474 3411 ἐμπίπτοντες,
3510 3350 3560 3403 ei
3596 3353 3705 3418 μὲν

2109 3419 2203 3472 ἐπὶ
2233 3420 2459 3475 πλείονα
2504 3424 2698 3494 χρόνον
2744 3428 2809 3497 τῇ
2858 3428 3104 3484 κακώσει
3150 3433 3260 3486 τῶν
3300 3435 3705 3510 δεσμωτηρίων

2107 3511 2582 3581 ὲναποκλείονται,
2618 3517 2668 3570 oi
2695 3516 2754 3571 δὲ
2781 3519 3094 3591 ταχυτέραν
3119 3523 3436 3595 εὑρίσκουσι
3466 3533 3568 3600 τῆς
3600 3551 3703 3588 κα-

2108 3604 2409 3667 κοπαθείας
2443 3605 2797 3678 ἀπαλλαγήν*
2848 3610 2993 3665 οὕτω
3028 3613 3122 3668 καὶ
3162 3616 3219 3669 ai
3256 3616 3451 3689 ψυχαὶ,
3493 3624 3546 3674 ai
3599 3627 3705 3695 μὲν

2105 3696 2199 3749 ἐπὶ
2231 3696 2366 3751 πολὺ
2399 3700 2873 3771 προσκατέχονται
2919 3705 2987 3775 τῇ
3020 3704 3134 3777 ζωῇ
3185 3709 3383 3783 ταύτῃ,
3419 3713 3477 3766 ai
3510 3713 3566 3768 δὲ
3606 3717 3703 3772 ἐπ’

2105 3788 2331 3877 ἔλαττον
2382 3791 2526 3845 κατὰ
2576 3793 2679 3865 τὴν
2732 3795 3031 3866 ἀναλογίαν
3082 3802 3186 3873 τῆς
3238 3803 3395 3871 ἀξίας
3427 3807 3700 3877 ἑκάστου,

2106 3852 2298 3950 σοφῶς.
2342 3884 2440 3938 καὶ
2493 3852 2727 3957 βαθέως,
2766 3890 2863 3943 καὶ
2894 3890 2972 3955 ὡς
3024 3852 3236 3949 ούκιᾶν
3270 3852 3518 3966 ἐφίκοιτο
3567 3853 3701 3970 νοῦς

2103 3973 2429 4046 ἀνθρώπων,
2466 3977 2538 4031 τὰ
2581 3978 2714 4051 περὶ⁷
2761 3981 2997 4038 ἕκαστον
3043 3986 3205 4056 ἡμῶν
3255 3991 3352 4044 τοῦ
3404 3996 3703 4060 κτίσαντος

2103 4067 2255 4138 ἡμᾶς
2303 4069 2782 4142 προσλεπομὲνου.
2832 4075 2948 4129 Οὐκ
3002 4077 3228 4145 ἀκούεις
3286 4082 3540 4153 λέγοντος
3594 4088 3699 4144 τοῦ

407 4150 555 4216 quod
577 4148 735 4219 102
761 4149 938 4204 soluta
960 4149 1029 4205 sit
1057 4150 1236 4207 anima
1261 4152 1421 4223 ejus?
1443 4153 1661 4212 Simeon
1687 4165 1869 4213 autem
1893 4158 2001 4215 Do—

2121 4159 2289 4227 iaﬁib,
2324 4177 2344 4211 ι
2391 4159 2661 4231 Ἐξάγαγε
2711 4165 2777 4218 ἐκ
2807 4165 3062 4236 φυλακῆς
3091 4170 3193 4238 τὴν
3248 4148 3433 4242 ψυχήν
3485 4148 3623 4245 μους
3672 4199 3693 4232 ι

409 4238 619 4292 minum
652 4249 903 4295 nostrum
936 4242 1081 4297 ulnis
1117 4246 1456 4316 complexus,
1480 4262 1666 4305 nonne
1688 4249 1806 4305 btec
1833 4250 1997 4306 verba

2121 4252 2218 4305 )t'nt
2245 4251 2492 4323 ἧκουσας
2521 4254 2653 4324 περὶ
2680 4254 2777 4309 τοῦ
2808 4257 2994 4327 ἁγίου,
3028 4260 3113 4315 ὅτι
3169 4238 3418 4337 ἀπέλύδη
3459 4238 3630 4322 αὑτοῦ
3660 4271 3696 4342 ἡ

407 4331 678 4401 p:otulit?
749 4330 908 4389 Nunc
950 4335 1180 4390 dimittis
1227 4354 1448 4393 servum
1493 4352 1668 4409 tuum,
1714 4341 1989 4398 Domine:

2121 4344 2248 4416 ρυχὴ
2272 4362 2287 4412 ;
2320 4346 2388 4400 Τί
2416 4345 2504 4400 δαὶ
2532 4347 2782 4419 Συμεὼν,
2808 4351 2896 4406 ὅτε
2926 4354 3338 4423 ἠναγκαλίσατο
3359 4330 3452 4413 τδν
3485 4330 3697 4431 Κύριού

406 4423 543 4479 Nam
605 4424 853 4495 corporis
910 4431 1254 4485 conservatio
1302 4432 1370 4487 ad
1427 4433 1770 4505 superiorem
1823 4438 1988 4490 vitam

2121 4438 2280 4507 jpt‘bv,
2315 4443 2478 4495 ποίαν
2530 4441 2718 4513 φωνὴν
2762 4444 3014 4515 άφῆκεν;
3047 4447 3165 4518 Οὐχ
3213 4450 3298 4504 ὅτι
3332 4470 3351 4503 ι
3383 4452 3500 4506 Νῦν
3552 4423 3693 4510 άπο-

406 4519 722 4586 properanti
750 4520 945 4589 quavis
978 4520 1274 4578 alllictione
1311 4535 1367 4580 et
1391 4541 1612 4582 carcere
1637 4528 1856 4596 gravior
1885 4537 1990 4583 est.

2099 4529 2251 4595 λύεις
2283 4532 2376 4586 τὸν
2427 4532 2615 4589 δοῦλόν
2669 4552 2787 4603 σου,
2828 4536 3115 4608 Δέσποτα;
3148 4560 3168 4594 ι
3199 4542 3291 4614 Τῷ
3329 4546 3440 4618 γὰρ
3468 4548 3695 4617 ἐπειγο-

404 4609 555 4682 μένῳ
613 4612 751 4684 πρὸς
800 4612 900 4686 τὴν
952 4616 1065 4670 άνω
1121 4616 1402 4691 διαγωγὴν
1457 4619 1741 4691 βαρυτέρα
1807 4623 1992 4694 πάσης
2031 4622 2317 4689 κολάσεως
2348 4628 2446 4681 καὶ
2489 4629 2870 4702 δεσμωτηρίου
2912 4633 3115 4699 παντὸς
3144 4636 3176 4706 ἡ
3210 4609 3353 4707 μετά
3406 4609 3521 4694 τοῦ
3576 4609 3689 4695 aib-

406 4706 575 4776 ματὸς
603 4705 720 4760 ἐστι
753 4706 1031 4781 διατριϐή.

473 4800 1058 4885 incomprehensibilis
1094 4811 1348 4876 quaedam
1378 4824 1548 4865 causa
1606 4823 1712 4879 est,
1764 4823 1990 4883 propter

2104 4836 2109 4841 ς
2174 4808 2329 4861 Ἔστι
2360 4825 2446 4872 τις
2474 4808 2623 4864 αίτία
2649 4810 3062 4884 άκατάληπτος.
3090 4814 3161 4869 δι’
3185 4816 3252 4887 ἢν
3282 4821 3331 4872 oi
3358 4820 3460 4890 μὲν
3487 4821 3688 4881 θᾶττον

405 4909 569 4968 quam
624 4895 718 4949 alii
760 4896 996 4954 celerius
1036 4898 1166 4954 hinc
1213 4901 1604 4970 abducuntur,
1650 4904 1744 4959 alii
1780 4906 1990 4963 diutius

2125 4899 2351 4953 ντεῦθεν
2394 4901 2726 4967 ἀπάγονται,
2765 4903 2815 4957 οἱ
2846 4904 2902 4958 δὲ
2933 4906 3217 4961 ἐπιπλεῖον
3257 4914 3687 4979 προσταλαιπωο

402 4986 647 5043 molestae
664 4986 792 5042 huic
820 4988 944 5044 vitae
966 4989 1167 5048 misere
1193 4991 1559 5051 immorantes
1578 4994 1988 5065 relinquuntur.

471 5078 641 5135 Decet
685 5080 852 5135 etiam
884 5081 1242 5153 incipientem
1302 5085 1491 5142 vivere
1541 5086 1613 5144 ob
1642 5087 1837 5145 oculos
1888 5088 1988 5145 ha-

397 5172 530 5227 bere
562 5181 814 5231 mortem.

469 5263 731 5329 Quotidie
769 5282 870 5323 nos
898 5279 1123 5338 paratos
1149 5287 1272 5329 esse
1300 5281 1523 5343 oportet
1556 5272 1624 5331 ad
1674 5276 1983 5333 discessum

398 5353 596 5408 cxhac
658 5358 792 5421 vita,
839 5370 895 5415 et
952 5372 1148 5418 nutum
1206 5363 1427 5421 Domini
1482 5366 1608 5423 lixis
1646 5370 1826 5426 oculis
1890 5386 1985 5427 ex-

401 5454 674 5514 spectare.
705 5467 725 5502 ι
758 5449 881 5507 Sint
912 5456 1083 5523 enim,
1112 5458 1313 5528 inquit,
1334 5459 1507 5516 lumbi
1536 5462 1982 5532 vestriiaccincti,

396 5546 450 5590 et
478 5538 735 5598 ardentes
767 5545 1032 5612 candelae,
1059 5558 1115 5604 et
1142 5565 1241 5606 vos
1286 5553 1498 5611 similes
1523 5558 1981 5628 exspectantibus

400 5629 688 5692 dominum
731 5649 917 5706 suum,
940 5641 1162 5710 quando
1197 5643 1388 5701 redeat
1412 5663 1475 5704 ex
1507 5651 1734 5721 nuptiis.
1775 5670 1795 5706 ι

2095 4995 2209 5065 ρεϊν
2236 4993 2314 5062 τῷ
2348 4993 2597 5066 ὀδυνηρῷ
2627 4998 2809 5068 τούτῳ
2838 5000 3376 5068 καταλιμπάνονται.

2164 5085 2447 5156 Προσήκει
2479 5088 2573 5140 καὶ
2621 5088 2714 5143 τὸν
2754 5089 3062 5161 ἀρχόμενον
3098 5092 3195 5146 τοῦ
3238 5094 3359 5167 βίου
3390 5098 3452 5153 ὲν
3478 5099 3686 5171 ὀφθαλ-

2095 5179 2216 5249 μοῖς
2242 5177 2392 5248 ἔχειν
2416 5178 2517 5249 τὴν
2549 5180 2832 5253 τελευτήν.

2162 5269 2254 5320 Δεῖ
2286 5272 2853 5340 παρασκευασμένους
2885 5278 2975 5345 ἐφ’
3002 5279 3219 5350 ἡμέραν
3244 5277 3385 5337 εἶναι
3419 5285 3559 5354 πρὸς
3580 5285 3685 5359 τὴν

2089 5358 2342 5412 ἐντεῦθεν
2390 5359 2703 5431 ἀποδημίαν
2754 5366 2923 5435 ἡμᾶς,
2979 5370 3075 5424 και
3140 5371 3200 5424 τὸ
3247 5374 3344 5427 τοῦ
3402 5358 3684 5433 Δεσπότου

2087 5444 2263 5516 νεῦμα
2287 5447 2611 5517 περιμένειν
2647 5452 2850 5508 ἑστῶσι
2884 5459 2996 5523 τοῖς
3040 5458 3363 5530 ὀφθαλμοῖς.
3406 5485 3426 5518 ι
3462 5468 3683 5524 Ἔστω-

2096 5554 2195 5592 σαν
2244 5540 2591 5611 γὰρ,φησὶν,
2644 5546 2703 5598 αί
2752 5547 2954 5617 ὀσφύες
3003 5552 3160 5623 ὑμῶν
3209 5557 3677 5629 περιεζωσμέναι,

2094 5630 2190 5683 καὶ
2217 5632 2264 5685 oi
2301 5630 2484 5704 λύχνοι
2517 5639 2823 5708 καιόμενοι,
2850 5643 2945 5696 καὶ
2972 5643 3132 5714 ὑμεῖς
3156 5645 3336 5715 ὅμοιοι
3365 5650 3684 5721 ἀνθρώποις

2091 5722 2553 5794 προσδεχομένοις
2598 5730 2690 5785 τὸν
2720 5732 2912 5801 κύριον
2946 5736 3147 5804 αὐτῶν,
3178 5744 3309 5795 ποτε
3333 5743 3587 5799 ἀναλύσει
3612 5746 3684 5801 ἐκ

2089 5813 2199 5869 τῶν
2231 5816 2443 5884 γάμων,
2488 5839 2506 5871 ι
