4038 6452
382 415 485 480 95⁸1

451 526 686 591 Θάνατός
715 529 833 582 ἐστι
865 524 1122 597 στέρησις
1152 521 1321 592 ζωῆς.

448 621 618 680 Παντὶ
640 618 820 694 βροτῷ
844 619 1134 691 θνήσκοντι
1174 618 1328 672 πάσα
1349 615 1422 686 γῆ
1447 615 1637 686 τάφος.

448 825 510 879 El
548 821 707 876 πόλιν
736 823 802 875 ὲκ
827 819 1038 882 πόλεως
1065 819 1389 889 ἀμείϐοντες
1424 818 1522 871 τοῦ
1551 816 1957 889 χειραγωγοῦν-

375 934 464 981 τος
509 913 765 984 δεόμεθα,
800 910 984 981 πολλῷ
1043 910 1246 982 μᾶλλον
1296 912 1332 983 ἡ
1389 910 1535 982 ψυχὴ
1591 910 1695 981 τῆς
1751 910 1955 980 σαρκὸς

369 1007 658 1076 άπάρασα,
711 1006 807 1057 καὶ
861 1003 1001 1073 πρὸς
1051 1005 1151 1073 τὴν
1205 1003 1512 1073 μέλλουσαν
1569 1002 1954 1072 μεθισταμένη

371 1101 541 1170 ζωὴν,
571 1099 680 1151 τῶν
717 1095 1104 1166 όδηγητόντων
1142 1096 1315 1163 αὐτὴν
1347 1094 1703 1165 δεηθήσεται.

443 1192 535 1245 Δεῖ
558 1190 618 1244 δὲ
648 1188 745 1242 ἐπὶ
793 1187 1013 1257 θανάτῳ
1044 1188 1277 1257 χαίρειν,
1312 1186 1379 1239 ἂν
1411 1186 1514 1256 μὲν
1562 1186 1703 1252 νέος,
1739 1187 1823 1240 δτι
1858 1203 1954 1241 τα-

370 1286 510 1355 χέως
541 1280 834 1351 ἀπηλλάγη
868 1279 979 1332 τῶν
1023 1280 1085 1332 ὲν
1141 1279 1294 1348 μέσῳ
1341 1278 1548 1332 κακῶνο
1581 1277 1648 1331 ἂν
1678 1278 1736 1331 δὲ
1783 1293 1953 1348 πρεσ-

372 1375 621 1444 6ύτερος,
677 1370 763 1425 ὅτι
810 1369 840 1423 δ
872 1368 1025 1423 δοκεῖ
1073 1368 1322 1422 ποθεινὸν
1377 1364 1542 1435 εἶναι,
1598 1366 1759 1421 τοῦτο
1812 1366 1955 1439 μετά

372 1465 535 1533 κόρου
566 1461 751 1516 λαϐὼν
777 1457 1041 1532 ἀπῆλθεν.

441 1555 690 1625 Πονηράς
716 1551 905 1623 βιοτῆς
931 1551 1168 1621 πονηρὸν
1195 1550 1350 1605 ἔσται
1374 1550 1438 1605 τὺ
1467 1551 1643 1615 τέλος.

446 1650 509 1703 Ὅ
544 1648 647 1718 μὲν
695 1647 755 1700 ὲν
789 1644 942 1714 φόϐῳ
985 1643 1376 1715 εὑρισκόμενος
1408 1647 1467 1698 ἐν
1509 1644 1590 1714 τῷ
1630 1643 1814 1713 καιρῷ
1848 1643 1952 1713 τῆς

273 1784 287 1799 .
369 1739 574 1805 ἐξόδου,
599 1735 893 1806 ἐλευθερίῳ
925 1735 1117 1806 τρόπῳ
1155 1734 1281 1799 τοὺς
1311 1736 1646 1806 ταρταρίους
1678 1737 1741 1788 οὐ
1780 1752 1952 1807 παρε-

1183 408 1359 472 LOCI
1386 404 1837 471 COMMUNES.
1879 428 1952 443 -
1987 405 2183 468 PARS
2220 404 2276 470 Ῑ.
2317 401 2581 467 SERMO
2615 404 2833 470 LVIII.

1986 523 2037 585 Α
2134 519 2281 576 Mors
2309 528 2392 576 est
2421 519 2659 591 privatio
2687 519 2833 575 vitae.

3528 401 3643 470 958

2134 609 2404 682 Theologt'.
2434 611 2673 667 Cuillhct
2723 610 2974 668 morienti
3001 612 3210 684 quiaevis
3254 625 3402 671 terra
3448 615 3634 688 sepul-

2059 716 2215 757 crum
2255 710 2363 757 εει.

2130 815 2403 886 Clirysost.
2455 815 2513 871 Si
2566 816 2976 886 proficiscentes
3024 817 3095 873 ab
3135 834 3243 873 una
3301 818 3526 875 civitate
3577 819 3638 875 in

2056 905 2281 961 alteram
2315 906 2630 978 indigemus
2654 907 2816 974 duce,
2876 909 3051 963 multo
3082 911 3260 980 magis
3292 911 3480 966 anima
3527 910 3640 967 sol-

2057 1013 2190 1053 vens
2219 1013 2251 1052 a
2278 1011 2532 1068 corpore,
2558 1009 2613 1054 et
2642 1000 2884 1071 migrans
2915 1002 2982 1055 ad
3011 999 3253 1057 futuram
3310 1002 3501 1069 vitam,
3534 1004 3644 1060 du-

2058 1091 2217 1147 cibus
2255 1091 2538 1163 indigebit.
3665 1144 3672 1165 τ

2127 1182 2490 1238 Gaudendum
2540 1193 2625 1240 est
2661 1195 2857 1253 morte,
2909 1186 3025 1241 sive
3066 1186 3306 1254 juvenis,
3343 1197 3490 1257 quod
3525 1177 3668 1242 sta?

2058 1279 2158 1334 tim
2189 1279 2457 1335 liberatus
2491 1280 2565 1336 sit
2586 1281 2748 1353 hujus
2773 1282 2896 1336 vitae
2922 1282 3115 1348 malis;
3152 1282 3270 1338 sive
3290 1283 3460 1348 senis,
3485 1282 3637 1351 quod

2056 1369 2227 1427 rebus
2258 1384 2382 1442 quae
2429 1370 2488 1424 in
2525 1370 2635 1426 vita
2682 1372 3007 1442 exoptanda:
3038 1353 3316 1439 videntur,
3363 1372 3431 1428 ad
3476 1373 3643 1429 satie-

2058 1470 2224 1517 tatem
2255 1475 2433 1533 usque
2468 1461 2694 1530 fruitus,
2737 1463 2959 1521 abierit.

2130 1552 2285 1609 Malae
2318 1555 2439 1608 vitae
2466 1553 2645 1611 malus
2668 1554 2835 1609 etiam
2860 1554 2987 1611 ﬁnis
3017 1557 3149 1613 erit.

2127 1645 2412 1701 Diadochi.
2441 1645 2547 1713 Qui
2590 1647 2829 1701 exeundi
2885 1657 3132 1718 tempore
3184 1649 3400 1707 laborat
3464 1658 3641 1716 metu,

2052 1754 2165 1794 non
2192 1740 2367 1794 libere
2406 1738 2665 1794 transibit
2700 1738 2980 1810 principes
3014 1739 3341 1797 inferorum.
3368 1742 3464 1797 Est
3492 1743 3641 1796 enim

368 1827 618 1882 λεύσεται
664 1829 954 1900 ἄρχοντας.
990 1830 1301 1902 Συνήγορον
1328 1831 1441 1901 γὰρ
1493 1828 1685 1900 ὥσπερ
1730 1829 1949 1901 ἔχουσιν
1980 1873 2017 1933 Β

2072 1833 2255 1886 mima;
2282 1830 2548 1887 timiditas
2602 1832 2822 1886 illorum
2855 1834 3081 1889 malitiae
3111 1836 3281 1890 veluti
3314 1846 3546 1905 patrona
3583 1845 3644 1892 et

368 1922 570 1973 ἐκείνοι
598 1919 698 1990 τὴν
740 1918 844 1989 τῆς
876 1919 1059 1990 ψυχῆς
1087 1922 1293 1976 δειλίαν
1324 1922 1422 1989 τῆς
1465 1920 1675 1973 ἑαυτῶν
1720 1922 1944 1985 κακίαςο

370 2013 401 2080 ἡ
439 2011 497 2064 δὲ
522 2013 580 2064 ὲν
608 2013 676 2081 τῇ
722 2011 917 2084 ἀγάπῃ
952 2013 1046 2068 τοῦ
1079 2012 1219 2069 Θεοῦ
1265 2012 1654 2083 ἀγαλλιωμὲνη
1701 2011 1850 2084 ψυχὴ
1888 2014 1950 2066 ὲν

366 2105 433 2174 τῇ
459 2101 581 2174 ὥρᾳ
609 2104 714 2174 τῆς
760 2102 1079 2168 ἀναλύσεως
1115 2105 1305 2159 ἐπάνω
1340 2106 1534 2159 πασῶν
1566 2103 1678 2157 τῶν
1734 2120 1950 2158 σκοτει-

368 2199 478 2248 νῶν
508 2193 870 2267 παρατάξεων
906 2199 1005 2251 σὺν
1035 2199 1152 2261 τοῖς
1176 2197 1433 2266 ἀγγέλοις
1460 2197 1561 2268 τῆς
1592 2197 1821 2266 εἰρήνης
1851 2202 1950 2266 φέο

369 2304 547 2358 ρεται.

452 2400 545 2453 Ἐκ
567 2399 662 2454 τοῦ
697 2400 815 2472 βίου
842 2403 1134 2471 κράτιστόν
1160 2404 1308 2457 ἐστιν
1336 2403 1587 2471 ἐξελθεῖν,
1612 2400 1691 2466 ῶς
1719 2402 1785 2455 ὲκ
1815 2418 1952 2473 συμ-

369 2492 579 2558 ποσίου,
625 2494 765 2564 μήτε
798 2493 1066 2565 διψῶντα,
1100 2496 1240 2565 μήτε
1273 2495 1571 2565 μεθύοντα.

448 2582 537 2635 Ἐν
577 2584 720 2655 νόσῳ
749 2585 1019 2656 διαθήκας
1062 2587 1314 2657 γράφων,
1355 2589 1716 2661 παραπλήσια
1743 2588 1950 2658 πάσχει

364 2676 480 2738 τοῖς
526 2678 586 2729 ἐν
618 2676 850 2747 χειμῶνι
895 2677 1172 2749 θαλαττίῳ
1224 2680 1575 2752 εὐτρεπίζειν
1619 2682 1950 2754 ἀρχομένοις

364 2769 433 2821 τά
459 2767 562 2839 τῆς
584 2768 722 2833 νεὼς
749 2771 913 2827 ὅπλα.

434 2860 606 2932 Δξροῦ
640 2861 825 2926 καλῶς
860 2862 1121 2919 τεθνάναι
1148 2866 1373 2936 μᾶλλον,
1404 2867 1439 2939 ἢ
1465 2867 1566 2939 ζῇν
1598 2866 1864 2940 αἰσχρῶς.

437 3041 702 3113 Κρεῖττον
748 3040 1063 3110 ἀποθανεῖν,
1111 3044 1146 3115 ἢ
1188 3045 1256 3099 δι’
1304 3045 1580 3116 ἀκρασίας
1613 3044 1715 3116 τὴν
1767 3045 1951 3116 ψυχὴν

366 3133 720 3205 ἀμαυρῶσαι.

2053 1925 2317 1997 adiutrix.
2351 1924 2549 1979 Anima
2582 1939 2713 1980 vero
2734 1940 2860 1995 quae
2888 1925 2948 1980 in
2980 1926 3277 1982 dilectione
3318 1926 3417 1982 Dei
3442 1928 3636 1985 exsul-

2052 2025 2133 2071 tat
2184 2028 2431 2087 tempore
2469 2016 2774 2083 discessus,
2826 2032 2993 2087 supra
3053 2032 3249 2072 omnes
3301 2019 3633 2076 tenebrosos

2052 2110 2275 2168 ordines
2301 2113 2470 2177 elata,
2493 2124 2621 2165 cum
2662 2109 2874 2181 angelis
2903 2108 3055 2180 pacis
3084 2110 3285 2167 fertur.

2122 2385 2348 2441 Aristot.
2383 2384 2664 2457 Optimum
2694 2398 2780 2443 est
2806 2403 2837 2442 e
2880 2387 2990 2442 vita
3036 2395 3299 2456 tanquam
3327 2401 3358 2443 e
3381 2386 3639 2443 convivio

2053 2476 2357 2542 discedere,
2400 2493 2582 2549 neque
2610 2480 2890 2535 sitientem
2934 2494 3033 2535 nec
3064 2478 3422 2534 iuebriatum.

2123 2571 2230 2638 Qui
2287 2584 2564 2642 aegrOtaus
2637 2580 3032 2628 testamentum
3110 2569 3328 2634 scribit,
3377 2567 3638 2625 similiter

2052 2664 2207 2732 facit,
2234 2669 2413 2738 utqui
2447 2667 2503 2722 in
2542 2677 2874 2739 tempestate
2929 2666 3100 2721 maris
3154 2664 3379 2720 nautica
3432 2662 3640 2719 instru-

2053 2772 2238 2815 menta
2268 2774 2463 2831 parare
2492 2760 2786 2832 incipiunt.

2125 2851 2389 2927 Socratis.
2418 2851 2660 2911 Honeste
2709 2853 2895 2924 potius
2943 2854 3080 2909 mori
3113 2855 3271 2920 velis,
3301 2868 3467 2927 quam
3518 2863 3639 2910 tur-

2051 2944 2198 3015 piter
2222 2945 2428 3000 vivere.

2127 3036 2405 3092 Clitarclu'.
2438 3037 2623 3092 Satius
2648 3046 2732 3092 est
2784 3038 2949 3103 mori,
2999 3053 3165 3109 quam
3221 3037 3625 3094 iucoutincntia

2057 3130 2296 3184 animam
2328 3128 2642 3185 obfuscare.

436 3227 569 3291 Ταῖς
604 3228 783 3292 νόσοις
814 3229 844 3282 ὁ
873 3227 1107 3292 θάνατος
1138 3229 1397 3299 ἀλλήλαις
1437 3229 1945 3302 ἑπιλαμόανούσαις
1974 3222 2017 3281 C

2123 3218 2472 3275 Moschiom’s.
2515 3219 2687 3287 Mors,
2731 3220 2952 3291 quando
2980 3219 3296 3289 frequentes
3331 3221 3509 3277 morbi
3543 3218 3641 3274 alii

364 3321 475 3376 οὐδ’
502 3321 668 3386 αὐτὸς
694 3322 950 3391 παρεῖναι
972 3319 1361 3377 ἀναϐάλλεται.

434 3436 693 3507 Διογένης
720 3437 749 3489 ό
776 3436 1038 3503 Κυνικὸς,
1071 3437 1404 3508 ὀδυρομένου
1428 3439 1572 3502 τινὸς
1599 3436 1822 3492 ἐπειδὰν
1854 3437 1949 3490 ἐπὶ

364 3528 526 3598 ξένης
554 3527 748 3598 ἔμελλε
778 3529 1058 3600 τελευτᾷν,
1092 3525 1268 3583 εἶπεν·
1297 3530 1363 3583 Τί
1396 3530 1585 3602 ὀδύρῃ,
1624 3524 1671 3586 ὦ
1705 3531 1904 3602 μάταιε
1929 3544 1945 3596 ;

369 3619 712 3691 πανταχόθεν
737 3620 848 3691 γὰρ
876 3623 910 3692 ἡ
947 3620 1065 3685 ὁδὸς
1090 3622 1126 3692 ἠ
1159 3622 1298 3693 αὑτὴ
1331 3624 1408 3685 είς
1438 3622 1591 3695 ᾅδου,

445 3806 505 3858 ’0
534 3804 768 3871 θάνατος
816 3807 934 3870 τοῖς
982 3807 1306 3879 εὐτυχοῦσίν
1346 3808 1463 3860 ἐστι
1509 3807 1879 3877 λυπηρότερος
1911 3805 1946 3877 ἢ

362 3899 478 3960 τοῖς
513 3897 788 3962 ἐπιπόνως
821 3892 1011 3963 ζῶσινὶ

436 3986 504 4042 Οἱ
527 3989 629 4059 μὲν
653 3989 856 4054 ζῶντες
886 3992 953 4044 ἐκ
1001 3989 1110 4044 τῶν
1140 3989 1331 4056 φίλων,
1364 3991 1414 4043 οἱ
1467 3990 1526 4044 δὲ
1559 3988 1853 4052 τεθνεῶτες
1882 3990 1948 4044 ἐκ

366 4077 479 4132 τῶν
503 4079 820 4151 ἐπιτρόπων
850 4080 1183 4135 δείκνυνται.

453 4172 654 4244 Ἐχρῆν
684 4175 794 4245 γάρ
822 4174 973 4244 ἡμᾶς
1004 4175 1266 4243 σύλλογον
1293 4175 1659 4245 ποιουμένους

438 4265 542 4320 Τὸν
567 4267 742 4336 φύντα
769 4268 991 4340 θρηνεῖν
1017 4270 1098 4332 είς
1121 4269 1203 4322 ὅσ’
1223 4268 1444 4341 ἔρχεται
1475 4270 1624 4324 κακά
1644 4287 1659 4302 ο

438 4361 541 4413 Τὸν
563 4360 610 4414 δ’
638 4358 706 4413 αὖ
739 4359 991 4427 θανόντα,
1025 4360 1120 4415 καὶ
1147 4363 1326 4417 πόνων
1355 4363 1731 4433 πεπαυμένον,

434 4450 762 4522 Χαίροντας,
787 4449 1191 4523 εὐφημοῦντας,
1228 4453 1537 4524 ἐκπέμπειν
1561 4453 1765 4523 δόμων.

438 4648 782 4718 Δημόκριτος
815 4650 1052 4720 νοσήσας
1089 4649 1184 4704 καὶ
1211 4649 1472 4722 ληθάργῳ
1502 4648 1839 4720 περιπεσὼν,
1868 4649 1945 4714 ὡς
1997 4695 2005 4704 .

365 4741 653 4811 ἀνένηψεν,
677 4759 698 4795 ι
725 4742 892 4797 Οὐδέν
916 4759 1006 4813 με,
1037 4742 1165 4813 ἔφη,
1189 4741 1529 4813 ὲξαπατήσει
1551 4745 1585 4813 ἠ
1610 4741 1897 4811 φιλοζωία,
1925 4762 1945 4795 ι

365 4837 460 4887 καὶ
488 4834 757 4906 ἐξήγαγεν
783 4836 973 4890 ἑαυτὸν
1001 4837 1096 4891 τοῦ
1127 4837 1268 4907 βίου.

436 5012 632 5085 Ψυχὴν
680 5012 935 5083 σώματος
968 5013 1399 5085 ἀναγκαιότερον
1453 5011 1659 5068 ἰᾶσθαι.
1694 5010 1804 5065 Τοῦ
1839 5011 1948 5081 γάρ

365 5106 553 5170 κακῶς
582 5105 684 5177 ζῇν
714 5108 778 5158 τὸ
805 5106 1060 5162 τεθνάναι
1101 5110 1380 5179 κρεῖσσον.

435 5285 645 5358 Τύμδῳ
670 5286 782 5358 γὰρ
804 5287 983 5349 οὐδεὶς
1014 5287 1208 5351 πιστὸς
1232 5286 1540 5358 ἀνθρώπων
1573 5288 1752 5358 φίλος.

438 5376 568 5442 Βίας
593 5378 928 5450 θεασάμενος
959 5377 1235 5448 μάχαιραν
1262 5378 1626 5450 ἐρριμμένην,
1651 5378 1777 5450 ἔφη’
1809 5396 1829 5430 ι
1854 5376 1950 5440 Τίς

367 5487 426 5523 σε
450 5469 753 5532 ἀπώλεσεν,
782 5469 814 5539 ἢ
840 5470 962 5523 τίνα
993 5469 1057 5521 σύ
1082 5484 1098 5536 ;
1138 5487 1159 5521 ι

451 5564 509 5619 '0
541 5564 703 5628 αὐτὸς
748 5564 1047 5636 ἐρωτηθεὶς
1097 5564 1252 5626 ποτες
1300 5562 1408 5618 τῶν
1439 5565 1686 5618 θανάτων
1751 5562 1948 5627 κακὸς,

364 5657 491 5725 ἔφη·
526 5674 546 5708 ι
591 5658 649 5712 '0
683 5658 793 5711 ἀπὸ
817 5657 926 5711 τῶν
955 5657 1138 5726 νόμων
1168 5656 1533 5727 ἐπαγόμενος.
1570 5675 1590 5710 ι

436 5751 629 5822 Ψυχὴν
664 5751 894 5817 θάνατος
928 5753 1025 5806 οὐκ
1056 5750 1373 5818 ἀπόλλυσιν,
1410 5751 1546 5805 ἀλλά
1577 5751 1747 5815 κακὸς
1804 5753 1940 5822 βίος.

2049 3323 2173 3383 post
2224 3313 2362 3369 alios
2412 3312 2696 3383 ingruunt,
2729 3313 2847 3383 ipsa
2880 3321 3122 3367 actutum
3162 3313 3339 3368 adest.

2124 3426 2403 3497 Diogenes.
2467 3425 2736 3497 Diogenes
2782 3426 3026 3497 Cynicus
3102 3426 3326 3496 lugente
3395 3423 3642 3495 quodam

2048 3518 2196 3588 quod
2243 3517 2296 3572 in
2343 3516 2625 3587 peregrina
2671 3524 2820 3572 terra
2864 3516 3167 3571 moriturus
3222 3523 3389 3579 esset,
3441 3513 3622 3568 dixit:

2049 3611 2188 3677 Quid
2225 3612 2399 3682 luges,
2438 3626 2473 3667 ο
2512 3610 2716 3667 stulte?
2762 3608 3139 3679 Undecunque
3166 3607 3356 3663 eadem
3411 3605 3501 3661 via
3542 3612 3635 3661 est

2053 3704 2119 3758 ad
2151 3703 2381 3758 inferos.

2122 3794 2392 3850 Platonis.
2428 3794 2712 3851 Molestior
2760 3804 2849 3850 est
2901 3806 3053 3850 mors
3116 3788 3436 3858 fortunatis,
3465 3802 3639 3860 quam

2049 3887 2331 3955 laboriose
2365 3888 2700 3943 viventibus.

2121 3977 2243 4035 Vivi
2285 3980 2506 4047 quidem
2536 3980 2608 4034 ab
2641 3977 2862 4045 amicis,
2896 3977 3103 4034 mortui
3133 3983 3316 4035 autem
3367 3988 3401 4029 a
3437 3970 3637 4029 tutori-

2051 4074 2156 4130 bus
2185 4073 2524 4129 indicantur.

2132 4164 2290 4235 103
2329 4162 2623 4236 Oporteret
2671 4163 2817 4218 enim
2855 4176 2956 4219 nos
2993 4173 3263 4219 conventu
3292 4163 3437 4221 facto

2050 4253 2263 4325 Lugere
2291 4264 2480 4311 natum
2516 4261 2737 4326 propter
2767 4252 2936 4309 multa
2966 4254 3111 4309 mala
3141 4269 3263 4326 quae
3289 4255 3630 4325 ingreditur;

2049 4348 2323 4403 Mortunm
2346 4362 2477 4403 vero
2509 4356 2564 4401 et
2589 4344 2870 4401 laboribus
2904 4345 3151 4401 solutum

2049 4440 2364 4497 Gaudentes
2392 4449 2449 4496 et
2481 4442 2624 4494 bona
2655 4437 2823 4494 verba
2846 4438 3092 4493 dicentes
3116 4452 3180 4491 ex
3211 4437 3420 4493 adibus
3450 4436 3634 4492 dimit-

3062 4529 3228 4600 |tere.
3271 4530 3621 4600 (Euripidis)

2129 4648 2416 4703 Democrit.
2458 4646 2802 4702 Democritus
2845 4653 3118 4716 aegrotans
3150 4657 3275 4699 cum
3307 4642 3363 4696 in
3426 4641 3633 4697 lethar-

2052 4756 2181 4813 gum
2219 4739 2527 4803 incidisset,
2573 4746 2630 4793 et
2683 4745 2874 4809 postea
2917 4735 3176 4790 rediisset
3219 4734 3285 4788 ad
3324 4747 3423 4789 se:
3460 4752 3478 4785 ι
3508 4731 3630 4787 Non

2054 4845 2141 4885 me
2176 4829 2434 4901 decipiet,
2469 4828 2630 4897 dixit,
2675 4842 2833 4883 amor
2866 4826 3010 4891 vitae,
3044 4843 3064 4877 ι
3101 4835 3154 4881 et
3185 4823 3427 4895 seipsum
3457 4837 3489 4879 e
3520 4823 3631 4877 vita

2052 4921 2261 4977 eduxit.

2121 5013 2374 5085 Epicteti.
2438 5010 2615 5083 Magis
2650 5011 3025 5067 necessarium
3084 5018 3171 5065 est
3203 5008 3404 5064 animae
3460 5024 3629 5079 quam

2052 5105 2271 5175 corpori
2306 5105 2539 5162 mederi.
2596 5105 2828 5160 Praestat
2883 5104 3030 5158 enim
3075 5101 3215 5156 mori
3281 5115 3447 5171 quam
3489 5099 3633 5157 male

2054 5199 2259 5253 vivere.

2124 5289 2320 5344 Nullus
2344 5289 2488 5344 enim
2524 5288 2808 5344 hominum
2839 5287 2979 5342 fidus
3008 5286 3221 5342 amicus
3243 5298 3330 5342 est
3349 5285 3624 5357 sepulcro.

2122 5381 2274 5438 Bias.
2305 5381 2433 5436 Bias
2463 5392 2758 5450 conspectu
2778 5396 2912 5435 ense
2937 5381 3205 5450 projecto,
3234 5378 3371 5433 dixit
3398 5394 3414 5431 ;
3443 5393 3465 5430 ι
3493 5376 3631 5444 Quis

2054 5483 2105 5528 te
2128 5473 2386 5543 perdidit,
2420 5483 2516 5529 aut
2553 5488 2715 5542 quem
2746 5472 2846 5528 tu?
2876 5490 2895 5524 ι

2123 5566 2268 5621 Idem
2333 5569 2710 5637 interrogatus
2767 5580 3021 5636 quaenam
3067 5576 3213 5621 esset
3268 5563 3410 5619 mala
3453 5577 3627 5629 mors,

2051 5655 2334 5724 respondit
2364 5672 2380 5711 :
2414 5673 2436 5707 ‹
2470 5653 2604 5721 Quae
2626 5654 2836 5724 legibus
2866 5653 3120 5709 infertur.
3155 5669 3173 5702 ι

2126 5747 2474 5804 Philistionis.
2503 5746 2755 5803 Animam
2789 5745 2967 5818 perdit
2990 5758 3117 5816 ,non
3151 5759 3321 5811 mors,
3348 5739 3442 5799 sed
3489 5737 3631 5795 mala

2052 5850 2183 5895 Vlla.
