4038 6480
358 1154 368 1217 l

381 4839 400 5020 ἓ

381 443 484 512 959

1643 439 1738 501 AN
1750 435 1969 498 TONII
2008 433 2360 498 MELISS/E

3531 431 3648 494 960

455 562 513 619 Si
548 559 730 616 nullus
770 553 1407 624 moreretur,’_impunita
1449 559 1692 605 maneret
1716 550 1950 603 malitia.
1983 598 1986 608 ς

2123 548 2185 600 Et
2217 545 2404 618 μηδεὶς
2448 545 2816 616 ἀπέθνησκεν,
2853 540 3201 612 ἀτιμώρητος
3235 539 3303 593 ἂν
3334 531 3403 609 ἦν
3451 539 3485 611 ἡ
3533 559 3639 596 κα-

453 740 710 796 Causiani
739 740 928 810 lugent
977 739 1031 792 in
1083 737 1255 792 lucem
1303 736 1502 795 editos,
1540 731 1829 786 defunctos
1862 747 1958 784 au-

385 847 492 892 tem
524 836 713 889 beatos
747 833 1072 902 praedicant.

773 948 1003 1004 SERMU
1043 947 1157 1001 le
1204 944 1301 1018 [αι.
1328 941 1569 1014 LXXX}.

773 1067 850 1121 De
894 1061 1247 1135 cognoscendo
1287 1060 1542 1128 seipsum.

457 1164 646 1220 Matth.
679 1176 773 1215 vlt.
807 1157 951 1225 Quid
985 1155 1138 1209 vides
1180 1153 1442 1208 festucam
1476 1153 1530 1205 in
1583 1151 1744 1205 oculo
1775 1147 1965 1203 fratris

387 1259 492 1322 tui,
532 1257 740 1311 trabem
773 1263 951 1306 autem
981 1250 1034 1303 in
1068 1257 1162 1301 tuo
1195 1246 1356 1300 oculo
1382 1260 1492 1298 non
1524 1242 1967 1297 animadvertis?

465 1431 616 1486 Rom.
646 1445 722 1485 tv.
755 1427 838 1481 Tu
887 1425 1012 1496 quis
1049 1439 1106 1479 es
1140 1422 1234 1491 qui
1275 1419 1490 1490 iudicas
1551 1418 1790 1471 alienum
1847 1431 1968 1471 ser—

387 1523 549 1577 vum?
573 1520 794 1590 proprio
836 1517 1060 1571 domino
1091 1522 1201 1566 stat
1221 1521 1316 1564 aut
1338 1510 1486 1563 cadit
1513 1526 1528 1572 ;
1558 1508 1668 1561 imo
1699 1507 1970 1562 fulcietur

394 1624 456 1668 ut
492 1622 633 1676 stet;
679 1620 877 1680 potens
911 1607 1057 1660 enim
1093 1613 1178 1659 est
1205 1603 1348 1656 Deus
1385 1599 1606 1654 ellicere
1640 1607 1701 1653 ut
1731 1605 1860 1653 stet.

470 1703 733 1757 Eccle.x1.
761 1699 1056 1752 Ambulato
1085 1697 1138 1748 in
1188 1694 1291 1748 viis
1317 1691 1504 1746 cordis
1529 1690 1602 1744 liti
1635 1690 1970 1760 inculpatus,

395 1807 453 1850 et
487 1809 651 1850 nosce
688 1793 943 1860 teipsum.
971 1788 1106 1842 Nam
1135 1785 1202 1841 de
1228 1784 1489 1840 omnibus
1513 1783 1634 1838 istis
1680 1782 1822 1838 Deus
1857 1797 1886 1836 a
1921 1792 1974 1838 te

395 1888 664 1942 rationem
699 1881 1023 1950 postulabit.

2065 641 2181 695 κία.

2138 731 2440 786 Καυσιανοὶ
2472 733 2596 794 τοὺς
2649 731 2749 800 μὲν
2785 728 3162 799 γεννωμένους
3197 726 3482 797 θρηνοῦσι,
3513 729 3647 790 τοὺς

2064 825 2120 878 δὲ
2150 826 2580 894 τελευτήσαντας
2613 822 3006 892 μακαρίζουσι.

2663 937 2884 994 ΛΟΓΟΣ
2921 938 3045 994 NG'.

2443 1053 2579 1121 Περὶ
2617 1053 2744 1118 τοῦ,
2777 1052 2972 1106 Γνῶθι
3005 1053 3259 1107 σαυτόν.
3338 1037 3344 1043 ’

2138 1146 2203 1198 Τί
2257 1146 2480 1216 βλέπεις
2527 1146 2588 1198 τὸ
2639 1143 2850 1213 κάρφος
2898 1141 2958 1194 τὸ
2991 1145 3048 1195 ἐν
3094 1142 3175 1212 τῷ
3232 1141 3502 1213 ὀφθαλμῷ
3548 1143 3650 1198 τοῦ

2068 1238 2299 1306 ἀδελφοῦ
2354 1255 2471 1304 σου,
2521 1236 2618 1308 τὴν
2655 1235 2712 1290 δὲ
2761 1236 2819 1287 ὲν
2868 1235 2945 1302 τῷ
2979 1233 3057 1304 σῷ
3093 1233 3362 1304 ὀφθαλμῷ
3395 1235 3551 1290 δοκὸν
3587 1237 3650 1291 οὐ

2071 1333 2351 1392 κατανοεῖς
2370 1348 2386 1397 ;

2139 1423 2213 1475 Σὺ
2241 1424 2326 1484 τίς
2375 1417 2425 1474 εἷ
2461 1423 2490 1474 6
2537 1420 2739 1491 κρίνων
2786 1418 3068 1487 ἀλλότριον
3123 1418 3375 1489 οίκέτην;
3413 1419 3490 1488 τῷ
3533 1417 3652 1488 ἰδίῳ

2073 1515 2246 1585 κυρίῳ
2277 1515 2467 1583 στήκει
2496 1514 2529 1582 ἢ
2561 1513 2776 1565 πίπτει.
2807 1510 3148 1580 Σταθήσεται
3177 1511 3256 1563 δέ.
3282 1512 3516 1573 Δυνατὸς
3541 1513 3652 1583 γάρ

2073 1609 2220 1661 ἐστιν
2246 1608 2272 1658 6
2297 1606 2428 1669 Θεὸς
2457 1605 2652 1673 στῆσαι
2685 1603 2872 1658 αὐτόν.

2146 1699 2444 1770 Περιπάτει
2470 1699 2526 1750 ὲν
2547 1697 2688 1759 ὁδοῖς
2712 1696 2941 1765 καρδίας
2966 1711 3060 1748 σου
3087 1695 3338 1766 ἄμωμος,
3372 1700 3458 1752 κατ.
3484 1701 3657 1767 γνῶθι

2077 1792 2296 1844 σαυτόν·
2333 1792 2416 1845 ὅτι
2465 1793 2524 1844 ἐν
2577 1792 2714 1844 πᾶσι
2760 1789 2972 1850 τούτοις
3023 1787 3142 1854 ἄξει
3206 1805 3266 1841 σε
3315 1793 3340 1844 6
3383 1791 3516 1852 Θεὸς
3574 1794 3658 1855 εἰς

2077 1901 2279 1954 κρισιν.

466 1979 676 2036 Sirach.
710 1977 813 2041 Qui
857 1975 1068 2042 seipsos
1104 1979 1471 2040 cognoscunt,
1510 1967 1787 2038 sapientes
1816 1974 1966 2022 sunt.

2118 1944 2210 2028 ’οί
2242 1976 2452 2030 ἑαυτῶν
2477 1975 2850 2045 ἐπιγνώμονες
2890 1977 3067 2046 σοφοί.

469 2072 635 2124 Eccli.
678 2085 802 2123 xm.
855 2065 1096 2120 Observa
1148 2071 1202 2118 et
1237 2063 1616 2116 animadverte
1657 2059 1970 2129 diligenter,

395 2164 656 2236 quaniam
692 2175 819 2214 cum
849 2158 1006 2211 ruina
1046 2164 1138 2209 tua
1170 2153 1447 2208 ambulas.

470 2255 526 2312 S.
551 2255 763 2309 Basilii.
818 2253 1082 2305 Accurata
1133 2249 1374 2316 euguitio
1428 2248 1504 2300 tui
1586 2245 1759 2314 ipsius
1828 2243 1979 2299 sufﬁ-

399 2349 609 2401 cicnler
667 2355 718 2398 te
765 2341 932 2397 veluti
976 2354 1140 2392 manu
1191 2337 1427 2393 deducet
1484 2338 1550 2392 ad
1602 2341 1882 2392 notionem
1924 2345 1980 2391 et

401 2435 922 2504 contemplationem
956 2429 1075 2484 Dei.
1903 2423 1908 2429 ’

472 2527 682 2583 Memor
717 2535 946 2589 naturae,
975 2536 1254 2589 nunquam
1297 2519 1606 2588 superbies.
1647 2518 1853 2573 Memor
1879 2534 1976 2574 au-

401 2629 514 2676 tem
548 2622 661 2674 eris
689 2616 883 2686 ipsius,
923 2614 967 2669 si
997 2613 1238 2683 teipsum
1273 2611 1556 2666 observes.

478 2708 595 2764 lloc
630 2716 744 2761 tute
775 2705 983 2777 pateris
1012 2705 1159 2774 quod
1189 2718 1440 2768 accusas,
1470 2713 1525 2757 et
1565 2702 1804 2756 alienum
1857 2703 1980 2770 qui—

403 2804 527 2857 dem
561 2800 764 2855 malurn
805 2807 965 2853 acute
1007 2798 1178 2863 vides,
1212 2805 1364 2850 tuum
1395 2810 1521 2850 vero
1547 2793 1789 2850 dedecus
1821 2795 1978 2851 nihili

405 2895 565 2951 facis.

474 2991 536 3047 S.
569 2990 843 3061 Chrysou.
883 2987 983 3042 llic
1014 2986 1254 3040 maxime
1292 2984 1529 3056 seipsum
1565 2985 1857 3056 cognoscit
1887 2985 1983 3056 qui

406 3083 648 3152 seipsum
683 3095 783 3150 pro
823 3076 1001 3131 nihilo
1029 3083 1268 3144 reputat.

478 3171 783 3227 Clementis.
843 3168 899 3222 Si
951 3168 1034 3222 vis
1072 3165 1243 3220 Deum
1290 3177 1650 3234 cognoscere.
1693 3164 1779 3220 fac
1814 3172 1975 3220 antea

407 3265 646 3334 teipsum
689 3273 1012 3329 cognoscas.

487 3353 824 3424 Antiphanis.
867 3349 926 3405 Si
984 3349 1233 3405 mortalis
1267 3363 1352 3414 es,
1396 3348 1541 3404 bone
1592 3347 1696 3416 vir,
1734 3348 1984 3405 mortalia

413 3462 636 3520 quoque
662 3446 870 3515 sapias.

485 3536 875 3593 Demosthenis.
917 3535 1121 3588 Futura
1174 3532 1391 3587 cunctis
1427 3530 1745 3587 hominibus
1799 3531 1986 3602 ignota

409 3630 648 3686 arbitror
703 3643 846 3693 esse,
902 3634 959 3680 et
1012 3639 1194 3695 parvae
1241 3622 1562 3678 occasiones
1625 3621 1986 3676 maximarum

411 3724 550 3778 ﬁunt
592 3737 776 3776 rerum
825 3733 1027 3775 caussa.
1078 3716 1424 3786 Quapropter
1474 3716 1528 3769 in
1577 3714 1721 3769 bona
1764 3712 1986 3768 fortuna

411 3815 723 3870 moderatos
755 3827 879 3868 esse
919 3809 1201 3876 convenit,
1244 3816 1301 3862 et
1345 3808 1528 3862 futura
1569 3804 1729 3877 104
1775 3806 1990 3876 prospi-

409 3921 533 3961 cere
564 3905 758 3960 videri.

497 3998 830 4052 Heraclitus.
887 3993 1193 4048 Heraclitus
1233 3992 1416 4047 adhuc
1469 3991 1692 4060 juvenis
1741 3989 1989 4045 omnium

414 4089 861 4158 sapientissimus
883 4084 1008 4150 fuit,
1033 4085 1163 4154 quia
1193 4083 1406 4138 sciebat
1439 4097 1499 4137 se
1528 4081 1667 4135 nihil
1703 4096 1847 4136 esse.

488 4181 752 4236 Socratis.
803 4178 1064 4232 Socrates
1118 4175 1470 4232 existimabat
1522 4173 1661 4228 nihil
1726 4189 1786 4228 se
1849 4174 1994 4230 scire

417 4283 616 4345 praeter
651 4271 755 4326 hoc
791 4286 960 4325 unum
1001 4269 1150 4339 quod
1184 4267 1324 4322 nihil
1356 4268 1530 4323 sciret
1556 4284 1570 4321 :
1596 4267 1837 4336 reliquos
1865 4281 1994 4323 vero

422 4380 492 4419 ne
521 4364 622 4416 huc
649 4361 870 4430 quidem
899 4359 1066 4414 scire.

491 4453 590 4521 Qui
617 4453 770 4506 valde
795 4449 1128 4513 febricitaul,
1159 4448 1462 4517 appetitum
1516 4455 1574 4501 et
1628 4447 1800 4500 robur
1833 4444 1996 4500 amit-

423 4551 583 4596 tunt:
620 4539 715 4611 qui
753 4555 882 4594 vero
910 4539 1222 4609 principum
1273 4538 1423 4592 aulas
1477 4536 1810 4600 inhabitant,
1845 4551 1996 4589 men-

2149 2068 2500 2138 Συντήρησον
2533 2069 2630 2122 καὶ
2667 2069 2904 2140 πρόσεχε
2937 2069 3204 2140 σφοδρῶς,
3239 2071 3321 2124 ὅτι
3371 2071 3511 2141 μετὰ
3556 2075 3658 2142 τῆς

2080 2159 2342 2224 πτώσεως
2375 2177 2469 2213 σου
2503 2164 2850 2232 περιπατεῖς.

2164 2251 2228 2304 Ἦ
2253 2254 2486 2324 ἀκριϐὴς
2509 2255 2741 2308 σεαυτοῦ
2765 2258 3094 2328 κατανόησις
3119 2257 3371 2327 αὐτάρκη
3407 2275 3487 2310 σοι
3518 2275 3663 2326 παρ-

2079 2343 2195 2415 έχει
2230 2345 2329 2397 καὶ
2380 2346 2751 2416 χειραγωγίαν
2802 2349 2938 2418 πρὸς
2990 2351 3089 2418 τὴν
3127 2349 3337 2404 ἔννοιαν
3373 2349 3466 2402 τοῦ
3499 2348 3662 2402 Θεοῦ.

2153 2527 2520 2597 Μεμνημένος
2566 2527 2665 2590 'c'm;
2713 2527 2948 2595 φύσεως,
3009 2527 3110 2579 οὐκ
3160 2528 3450 2598 ἐπαρθήοῃ
3506 2527 3666 2581 ποτέ.

1975 2616 1980 2622 ’
2081 2619 2354 2690 Μεμνήσῃ
2382 2618 2437 2670 δὲ
2469 2618 2633 2672 αὑτοῦ
2677 2618 2916 2692 [au-51;],
2950 2618 3045 2672 ἐὰν
3096 2620 3372 2691 προσέχῃς
3439 2621 3663 2674 σαυτόν.

2159 2711 2424 2775 Ἔπαθες,
2461 2709 2739 2781 ἄνθρωπε,
2769 2710 2796 2763 δ
2827 2711 3104 2778 ἐγκαλεῖςο
3155 2713 3250 2764 καὶ
3283 2715 3342 2764 τὸ
3377 2713 3478 2782 μὲν
3508 2711 3667 2765 ἀλλό-

2083 2819 2236 2872 τριον
2265 2802 2436 2856 κακὸν
2461 2802 2737 2872 ἐπιμελῶς
2769 2801 3010 2872 βλέπεις,
3034 2803 3095 2854 τὸ
3125 2803 3182 2855 δὲ
3214 2803 3412 2856 σαυτοῦ
3440 2805 3668 2874 αἰσχρὸν

2085 2894 2322 2962 οὐδαμοῦ
2354 2894 2548 2957 τιθεῖς.

2157 2987 2330 3050 Οὗτος
2370 2987 2606 3057 μάλιστά
2642 2988 2794 3042 ἐστιν
2850 2989 2879 3041 6
2925 2989 3122 3042 ἑαυτὸν
3179 2985 3359 3053 εἰδὼς,
3411 2989 3440 3041 ὁ
3497 2987 3671 3059 μηδὲν

2087 3080 2282 3134 ἑαυτὸν
2311 3074 2458 3132 εἶναι
2489 3078 2752 3149 νομίζων.

2157 3173 2222 3226 Et
2262 3171 2441 3241 βούλει
2470 3171 2672 3240 γνῶναι
2702 3171 2857 3238 Θεὸν,
2897 3173 3188 3244 προλαϐὼν
3226 3173 3394 3245 γνῶθι
3447 3171 3668 3226 σαυτόν.

2159 3349 2222 3402 Ei
2257 3348 2454 3420 θνητὸς
2478 3344 2550 3416 εἴ,
2587 3348 2856 3420 βέλτιστε,
2887 3349 3058 3421 θνητά
3091 3352 3183 3406 καὶ
3217 3352 3425 3422 φρόνει.

2159 3524 2332 3596 Οἶμαι
2374 3528 2434 3581 τὸ
2481 3528 2676 3598 μέλλον
2708 3529 2917 3584 ἅπασιν
2947 3529 3262 3598 ἀνθρώποις
3305 3531 3536 3601 ἄδηλον,
3574 3535 3677 3588 καὶ

2093 3622 2286 3689 μικροὶ
2313 3620 2497 3690 καιροὶ
2541 3621 2794 3691 μεγάλων
2827 3621 3174 3691 πραγμάτων
3207 3621 3372 3674 αῐτιοι
3403 3623 3676 3690 γίνονται.

2091 3710 2183 3762 Διδ
2208 3710 2289 3762 δεῖ
2317 3708 2636 3780 μετριάζειν
2669 3713 2728 3764 ὲν
2757 3713 2878 3776 ταῖς
2908 3711 3260 3783 εὐπραξίαις,
3294 3712 3390 3765 καὶ
3418 3728 3677 3783 προορω-

2093 3802 2289 3872 μένους
2310 3801 2371 3854 τὸ
2396 3801 2592 3872 μέλλον
2622 3803 2938 3872 φαίνεσθαι.

2177 3984 2534 4055 Ἡράκλειτος
2570 3987 2690 4051 νέος
2735 3989 2813 4043 ὢν
2860 3990 3081 4045 πάντων
3115 3991 3309 4061 γέγονε
3343 3995 3675 4064 σοφώτερος⁹

2091 4077 2174 4130 ὅτι
2201 4077 2319 4147 ⁴ᾔδει
2358 4078 2553 4132 ἑαυτὸν
2581 4081 2751 4149 μηδὲν
2775 4081 2929 4136 ὄντα.

2164 4170 2464 4239 Σωκράτης
2494 4169 2636 4241 ᾦετο
2668 4173 2837 4244 μηδὲν
2885 4173 3110 4240 εἰδέναι,
3143 4175 3285 4243 πλὴν
3327 4176 3457 4230 αὐτὸ
3489 4177 3677 4243 τοῦτο,

2093 4260 2177 4314 ὅτι
2214 4261 2380 4331 μηδὲν
2425 4259 2586 4317 οἶδεν·
2618 4264 2747 4327 τοὺς
2783 4265 2840 4318 δὲ
2890 4265 3115 4330 λοιποὺς
3163 4267 3300 4336 μηδὲ
3337 4266 3495 4321 τοῦτο
3533 4269 3678 4322 εἰδέ-

2095 4369 2204 4405 ναι.

2167 4443 2231 4496 Οί
2260 4443 2361 4514 μὲν
2394 4445 2642 4517 σφοδρῶς
2683 4448 3045 4518 πυρέττοντες
3087 4448 3186 4520 τὴν
3228 4449 3413 4520 ὄρεξιν
3449 4451 3543 4504 καὶ
3575 4451 3681 4523 τὴν

2101 4532 2316 4603 ῥώμην,
2353 4535 2404 4587 οἱ
2443 4535 2489 4587 δ’
2522 4537 2580 4590 ἐν
2609 4539 2724 4600 τοῖς
2763 4537 3059 4607 βασιλείοις
3113 4539 3531 4608 παροικοῦντες,
3581 4542 3681 4594 τὸν

421 4645 528 4690 tem
563 4643 622 4688 et
653 4634 826 4687 bonos
860 4645 1043 4685 mores
1082 4629 1311 4699 perdere
1361 4629 1558 4694 solent,
1599 4629 1703 4683 nisi
1742 4628 1986 4697 frequen-

2100 4627 2223 4681 νοῦν
2252 4631 2346 4681 καὶ
2389 4630 2457 4683 τὰ
2484 4629 2591 4700 ἤθη
2631 4631 2910 4698 πεφύκασι
2943 4631 3375 4702 διαφθείρεσθαι,
3404 4635 3451 4688 εί
3488 4633 3566 4704 μὴ
3590 4634 3679 4702 τὸ,

424 4735 506 4780 ter
546 4725 734 4779 animo
771 4731 1021 4790 repetant
1076 4720 1181 4775 hoc
1217 4719 1426 4774 dictum
1459 4736 1476 4774 :
1509 4717 1689 4773 Nosce
1736 4717 1986 4786 teipsunt.

2100 4717 2277 4772 Γνῶθι
2314 4719 2533 4786 σαυτὸν,
2571 4721 2780 4790 συχνῶς
2812 4722 3027 4786 ἑαυτοῖς
3052 4722 3416 4790 ἐπιλέγουσιν.

865 4829 1099 4886 SERMO
1135 4827 1228 4884 1.x
1261 4827 1360 4900 [αι.
1394 4826 1531 4899 ειη.

949 4942 1023 4996 De
1053 4941 1467 5012 pulchritudine.

507 5038 707 5091 Matth.
748 5053 822 5091 γι.
851 5035 1182 5105 Cognoscile
1227 5034 1336 5088 lilia
1368 5035 1484 5104 agri
1545 5034 1823 5104 quomodo
1875 5049 1998 5089 cre-

427 5138 584 5184 scaut
634 5142 795 5180 :non
849 5126 1096 5179 laborant
1157 5139 1334 5192 neque
1387 5131 1535 5178 nent.
1564 5127 1820 5178 Attamen
1873 5125 1999 5178 dico

427 5219 609 5281 vobis,
644 5233 710 5270 ne
756 5218 1109 5272 Salomonem
1172 5215 1392 5284 quidem
1440 5216 1491 5267 in
1528 5214 1784 5270 universa
1825 5215 1998 5284 gloria

432 5324 530 5363 sua
554 5308 634 5360 sic
662 5307 926 5360 amictum
962 5306 1154 5370 fuisse,
1186 5316 1244 5360 ut
1279 5320 1449 5359 unum
1483 5320 1550 5358 ex
1577 5305 1683 5359 bis.

500 5400 527 5454 Ι
556 5399 694 5453 Tim.
735 5415 793 5453 ll.
823 5398 966 5454 Volo
987 5399 1242 5454 mulieres
1273 5401 1324 5452 in
1357 5400 1560 5453 amictu
1597 5399 1846 5452 modesto
1868 5414 1994 5453 cum

428 5491 756 5545 verecundia
805 5500 859 5544 et
911 5493 1168 5546 castitate
1237 5505 1435 5545 ornare
1475 5491 1821 5558 semetipsas,
1884 5506 1993 5544 non

430 5585 591 5639 tortis
623 5583 867 5638 crinibus
897 5592 991 5638 aut
1019 5598 1156 5639 auro
1189 5593 1284 5636 aut
1311 5583 1646 5653 margaritis,
1679 5591 1772 5636 aut
1802 5583 2000 5638 vestitu

431 5683 774 5742 sumptuoso.
1124 5682 1129 5687 ’

509 5766 759 5820 Pruverb.
787 5781 858 5819 vt.
891 5764 970 5820 Nc
1023 5774 1077 5822 te
1103 5767 1287 5821 vincat
1321 5767 1654 5822 desiderium
1702 5767 2002 5836 pulchritu-

429 5857 596 5920 dinis,
629 5871 805 5926 neque
834 5855 1106 5925 palpebris
1151 5857 1257 5913 tuis
1291 5866 1440 5910 utere
1481 5857 1548 5912 ad
1581 5858 1831 5912 illicium.

2706 4831 2924 4886 ΛΟΓΟΣ
2973 4833 3048 4888 Ξθ.

2679 4949 2819 5018 Περὶ
2851 4948 3147 5017 κάλλους.

2173 5037 2534 5104 Καταμάθετε
2576 5041 2645 5094 τά
2678 5043 2838 5110 κρίνα
2884 5040 2980 5094 τοῦ
3023 5040 3214 5111 ἀγροῦ,
3262 5043 3379 5107 πῶς
3409 5042 3636 5110 αὐξάνει
3662 5065 3678 5082 ·

2107 5125 2166 5177 οὐ
2199 5128 2386 5196 κοπιᾷ,
2417 5129 2535 5181 οὐδὲ
2567 5129 2741 5198 νήθει.
2787 5132 2945 5198 Λέγω
2972 5131 3080 5198 γὰρ
3130 5133 3280 5200 ὑμῖν,
3308 5133 3389 5186 ὅτι
3421 5135 3542 5188 οὐδὲ
3574 5139 3679 5190 Σο-

2105 5214 2286 5286 λομὼν
2326 5219 2383 5269 ἐν
2419 5219 2566 5290 πάσῃ
2618 5222 2682 5290 τῇ
2732 5220 2856 5292 δόξῃ
2907 5221 3075 5276 αὑτοῦ
3129 5223 3483 5291 περιεϐάλετο
3513 5225 3587 5291 ὡς
3617 5228 3681 5283 ἓν

2104 5323 2329 5364 τουτων.
2526 5357 2529 5360 .

2180 5399 2451 5485 Βούλομαι
2471 5399 2572 5464 τὰς
2596 5404 2862 5467 γυναῖκας
2891 5405 2950 5457 ὲν
2977 5409 3281 5480 καταστολῇ
3309 5413 3513 5481 κοσμία
3539 5411 3684 5480 μετὰ

2104 5492 2285 5556 αἰδοῦς
2314 5494 2407 5546 καὶ
2441 5495 2792 5565 σωφροσύνης
2817 5500 3044 5566 κοσμεῖν
3074 5499 3294 5564 ἑαυτάς,
3329 5502 3404 5570 μὴ
3431 5504 3487 5552 ὲν
3515 5503 3686 5568 πλέγ-

2107 5601 2301 5652 μασιν,
2335 5584 2367 5654 ἢ
2400 5586 2609 5657 χρυσῷ,
2640 5586 2672 5656 ἢ
2705 5588 3097 5658 μαργαρίταις,
3131 5591 3163 5661 ἢ
3198 5590 3687 5662 ἱματισμῷ”πολυ-

2105 5675 2268 5728 τελεῖ.

2175 5769 2266 5837 Μή
2304 5785 2360 5820 σε
2391 5771 2587 5843 νικήσῃ
2622 5771 2851 5835 κάλλους
2900 5770 3188 5843 ἐπιθυμία,
3237 5773 3371 5845 μηδὲ
3401 5772 3679 5848 ἀγρευθῇς

2107 5863 2219 5924 σοῖς
2253 5862 2542 5934 βλεφάροις
