4038 6438
361 381 466 444 9ιῖ1

443 490 655 554 Κάλλος
697 486 995 560 προσώπου
1025 485 1118 540 ἐπὶ
1144 486 1325 556 ἡλικίᾳ
1359 485 1622 554 στασίμῃ.

430 669 524 740 Μὴ
558 666 787 738 βδελύξῃ
822 667 991 735 ἄνδρα
1017 667 1074 717 ὲν
1103 664 1294 736 όρὲεσει
1325 663 1515 726 αὑτοῦ,
1554 662 1688 731 μηδὲ
1723 661 1947 730 αἰνέσῃς

359 761 529 830 ἄνδρα
553 761 611 814 ὲν
646 760 836 814 κάλλει
868 757 1056 810 αὐτοῦ.

436 853 650 914 Κάλλος
689 852 809 905 ἐστὶ
839 853 898 903 τὸ
939 853 997 903 ὲν
1046 852 1110 920 τῇ
1151 849 1533 902 συνθέσειτῶν
1569 849 1746 918 μελῶν
1779 847 1948 918 εὐάρ-

363 960 585 1015 μοστον,
615 942 960 996 ἐπανθοῦσαν
988 943 1136 1013 αὐτῷ
1161 943 1257 1012 τὴν
1289 943 1450 1012 χάριν
1481 941 1626 1011 ἕχον.

427 1123 641 1186 Κάλλος
669 1123 862 1192 νόμιζε
890 1121 991 1190 τὴν
1022 1120 1239 1191 φρενῶν
1266 1119 1591 1190 εὐκοσμίαν.

434 1299 548 1352 Οὐκ
579 1298 691 1353 ἀπὸ
721 1300 820 1369 τῆς
868 1297 1234 1361 διαπλάσεως,
1271 1299 1387 1351 ἀλλ’
1419 1297 1544 1365 ζὰπδ
1585 1297 1696 1351 τῶν
1726 1297 1951 1367 τρόπων

359 1393 454 1445 καὶ
483 1392 582 1461 τῆς
611 1392 982 1461 κοσμιότητος
1009 1390 1070 1442 τὸ
1101 1391 1298 1454 κάλλος
1330 1388 1824 1461 χαρακτηρίζεται.

427 1487 520 1548 Εἰς
552 1485 862 1556 κάτοπτρον
905 1483 1108 1552 κύψας,
1143 1482 1341 1552 θεώρει
1364 1497 1378 1512 ·
1424 1484 1520 1534 καὶ
1550 1483 1599 1534 εί
1635 1481 1737 1551 μὲν
1783 1479 1951 1544 καλὸς

359 1580 558 1647 φαίνει,
597 1577 724 1642 ἄξια
753 1576 946 1631 τούτου
999 1575 1207 1647 πρᾶττε
1231 1591 1244 1605 '
1283 1577 1331 1628 εί
1374 1573 1430 1628 δὲ
1476 1575 1727 1644 αίσχρός,
1759 1572 1820 1626 τὸ
1848 1573 1949 1642 τῆς

358 1672 535 1742 ὅψεως
567 1672 817 1734 ὲλλειπὲς
845 1669 1052 1743 ὡράῖζε
1085 1667 1489 1738 καλοκάγαθίᾳ.

1169 373 1339 434 LOCI
1376 363 1937 433 COMMUNES.'.—
1971 369 2257 430 PARSOI.
2304 367 2564 429 SERMO
2608 368 2758 429 LXI.

3522 369 3630 434 962

1973 483 2026 543 Α
2128 481 2294 536 Ercli.
2343 498 2488 536 xxvr.
2553 481 2825 535 Venustas
2873 479 3032 534 faciei
3095 479 3148 534 in
3211 478 3390 534 :etatis
3445 480 3631 552 vigore

2053 573 2186 645 (vel,
2211 574 2264 626 in
2294 584 2452 627 aetate
2482 571 2808 640 constanti).

2123 664 2266 721 Ibid.
2295 681 2368 719 ιι.
2397 664 2474 720 Ne
2500 665 2834 719 abomineris
2866 678 3198 733 quemquam
3232 663 3284 716 in
3312 663 3459 716 vultu
3487 662 3632 734 ejus,

2050 771 2232 824 neque
2266 757 2580 810 laudaveris
2603 757 2778 810 virum
2817 756 2870 808 iu
2901 755 3313 824 pulchritudine
3343 755 3487 822 ejus.

2121 847 2482 903 Pulchritudo
2510 856 2596 904 est
2619 849 2762 903 bona
2789 849 2880 901 illa
2911 847 3253 901 concinnitas
3289 846 3341 898 in
3403 859 3632 912 cumpo-

2053 940 2254 994 sitione
2313 941 2706 1005 membrorum,
2752 937 2903 993 ﬂoris
2942 939 3118 993 instar
3183 936 3633 1006 superiuductam

2052 1032 2155 1086 sibi
2189 1033 2421 1100 gratiam
2448 1031 2678 1086 habens.

2126 1123 2398 1193 Theologi.
2472 1121 2948 1178 Pulchritudinem
3019 1119 3274 1176 existima
3363 1126 3619 1173 ornatum

2058 1213 2253 1266 animi.

2127 1304 2187 1360 S.
2223 1303 2496 1375 Chrysost.
2529 1302 2646 1358 Non
2677 1305 2732 1358 in
2777 1302 3032 1371 corporis
3071 1303 3270 1368 forma,
3299 1303 3394 1358 sed
3430 1304 3482 1358 in
3513 1318 3634 1357 mo-

2054 1397 2212 1452 ribus
2244 1407 2299 1452 et
2331 1397 2598 1451 mmlestia
2624 1395 2983 1465 pulchritudo
3013 1396 3117 1449 sita
3140 1403 3246 1449 est.

2126 1487 2425 1541 Plutarchi.
2459 1488 2519 1540 In
2569 1488 2792 1556 speculo
2823 1495 2874 1540 te
2905 1486 3296 1555 contemplare,
3327 1496 3381 1540 et
3407 1484 3454 1539 si
3505 1483 3626 1554 pul-

2055 1580 2185 1634 cher
2216 1596 2500 1649 appareas,
2541 1595 2606 1633 ea
2658 1578 2744 1633 fac
2784 1593 2904 1646 qua:
2949 1577 3145 1632 decent
3191 1577 3516 1646 pulchrum;
3549 1575 3632 1630 sin

2056 1671 2342 1737 deformis,
2399 1673 2453 1726 id
2493 1675 2639 1742 quod
2686 1670 2842 1725 faciei
2899 1669 3056 1726 deest
3092 1671 3377 1724 honestate
3415 1681 3634 1722 morum

2059 1768 2274 1834 supple.

435 1850 684 1912 Αἴσωπος
716 1847 1116 1917 ὀνειδιζόμενος
1146 1847 1229 1900 ὅτι
1255 1845 1501 1917 χαλεπὴν
1528 1845 1644 1915 ἔχει
1668 1843 1767 1914 τὴν
1794 1844 1942 1915 ὄψιν,
1983 1819 1999 1879 Ῑ

2130 1819 2369 1926 Ἇέεοριιε
2401 1858 2470 1911 ob
2521 1855 2927 1912 deformitatem
2975 1854 3249 1923 culpatus,
3305 1853 3490 1924 dixit:
3551 1849 3631 1906 Ne

361 1941 466 2013 ἔφη
491 1959 507 1974 ο
542 1943 634 2010 Μή
671 1959 773 2011 μου
805 1941 865 1994 τὸ
895 1936 1058 2006 εἶδος,
1103 1939 1220 1993 ἀλλ’
1250 1941 1331 2002 είς
1366 1939 1459 1992 τὸν
1491 1937 1616 1991 νοῦν
1647 1938 1908 2008 πρόσεχε.

436 2035 606 2089 Ὅταν
640 2032 803 2102 φύσει
837 2033 898 2086 τὸ
927 2033 1126 2095 κάλλος
1159 2033 1435 2101 ὲπικοσμῇ
1471 2030 1674 2100 τρόπος

435 2125 708 2195 Χρηστὸς,
745 2123 1044 2186 διπλασίως
1082 2123 1109 2175 ὁ
1149 2121 1391 2193 προσιὼν
1424 2121 1734 2176 ἁλίσκεται.

437 2302 517 2356 Τὰ
547 2302 656 2355 τῶν
692 2301 875 2354 καλῶν
921 2300 1202 2370 φιλήματα
1237 2298 1605 2367 φυλάττεσθαι
1631 2297 1732 2363 δεῖ,
1772 2299 1846 2360 ὡς
1882 2297 1953 2352 τὰ

367 2393 476 2447 τῶν
512 2393 733 2446 ίοόόλων
760 2392 1038 2461 δήγματα.

444 2485 723 2552 Διογένης,
741 2483 1078 2551 θεασάμενος
1112 2481 1396 2552 μειράκιον
1421 2479 1719 2551 εὔμορφον,
1747 2479 1842 2532 καὶ
1867 2478 1956 2532 διὰ

370 2572 528 2629 τοῦτο
549 2574 896 2645 φιλούμενον,
927 2574 1035 2643 ἔφη
1057 2588 1070 2601 ·
1119 2572 1451 2640 Σπούδασον,
1487 2573 1796 2642 μειράκιον,
1827 2572 1955 2636 τοὺς

369 2669 466 2723 τοῦ
496 2667 748 2740 σώματος
786 2669 1024 2737 ἐραστὰς
1061 2667 1140 2730 είς
1178 2666 1278 2737 τὴν
1303 2666 1482 2737 ψυχὴν
1521 2667 1878 2737 μεταγαγεῖν.

464 2851 525 2904 '0
556 2850 741 2919 αὐτὸς,
776 2849 1112 2920 θεασάμενος
1142 2850 1425 2904 νεανίσκον
1453 2847 1957 2917 καλλωπιζόμενον,

371 2944 511 3017 ’ἔφη’
545 2948 607 3000 Et
657 2947 756 3016 μὲν
788 2947 923 3014 πρὸς
953 2947 1178 3016 ἄνδρας,
1219 2945 1438 3014 ἀτυχεῖς
1465 2958 1480 2973 '
1524 2943 1573 2995 εί
1602 2941 1660 2996 δὲ
1691 2941 1825 3010 πρὸς
1855 2957 1958 3008 γυ·¹

375 3043 589 3107 ναῖκας,
623 3041 847 3104 ἀδικεῖς.

463 3132 869 3200 Ἀριστοτέλης,
895 3132 1227 3201 θεασάμενος
1258 3130 1540 3202 μειράκιον
1567 3127 1960 3198 ὡραῖζόμενον,

382 3222 490 3294 ἔφη
513 3241 528 3256 ’
560 3226 675 3278 Οὐκ
722 3226 977 3296 αἰσχύνῃ,
1011 3228 1114 3290 ὅτι,
1141 3226 1239 3293 τῆς
1271 3223 1483 3292 φύσεως
1519 3222 1689 3293 ἄνδρα
1739 3237 1800 3273 σε
1843 3237 1961 3272 ποι-

375 3316 610 3387 ησάσης,
636 3318 826 3370 ἑαυτὸν
849 3317 1191 3387 τεθὴλυκαςς
1226 3379 1230 3384 ,

464 3408 523 3462 Ὀ
556 3411 718 3473 αὐτὸς
744 3411 866 3463 νέου
898 3409 1039 3472 τινὸς
1081 3407 1325 3471 εὐειδοῦς
1352 3407 1452 3477 μὲν
1494 3407 1594 3476 τὴν
1622 3402 1770 3474 ὄψιν,
1803 3402 1963 3456 ἀσελ-

379 3501 510 3570 γοῦς
543 3503 601 3555 δὲ
635 3503 726 3556 τὸν
755 3503 980 3573 τρόπον,
1010 3501 1424 3571 λοιδορουμένου
1458 3495 1625 3552 αὐτοῦ
1645 3496 1741 3549 καὶ
1771 3495 1962 3563 λέγον-

378 3611 491 3660 τος,
542 3597 591 3647 εἰ
624 3596 840 3666 ιὲπίσης
886 3594 1037 3665 αὺτῷ
1100 3595 1344 3664 ἐμισεῖτο
1398 3591 1504 3645 ὑπὸ
1547 3590 1658 3644 τῶν
1703 3587 1961 3652 πολιτῶν,

379 3684 666 3756 ἀπήγξατο
695 3688 782 3751 ἂν,
816 3687 952 3756 ἔφη’
997 3685 1141 3752 Ἐγὼ
1164 3685 1220 3737 δὲ
1252 3683 1594 3755 ἀπηγξάμην
1623 3681 1712 3747 ἂν,
1749 3680 1798 3733 εί
1841 3679 1964 3733 ἐπί-

383 3795 484 3849 σης
515 3795 599 3832 σοι
632 3779 739 3832 τῶν
771 3777 1005 3832 πολιτῶν
1039 3778 1362 3848 ὲφιλούμην.

470 3870 596 3924 Ἐὰν
632 3871 791 3926 καλὸν
823 3872 948 3942 ιχῃς
986 3872 1148 3942 σῶμα
1189 3871 1285 3924 καὶ
1328 3869 1509 3942 ψυχὴν
1538 3867 1741 3939 κακὴν,
1794 3863 1967 3936 καλὴν

382 3965 525 4035 ἔχεις
557 3963 692 4018 ναῦν
726 3964 820 4016 καὶ
844 3963 1014 4016 κακὸν
1046 3962 1414 4032 κυϐερνήτην.

456 4058 645 4128 Καλὴν
666 4055 886 4125 γυναῖκ’
929 4057 1023 4109 ἐὰν
1051 4055 1187 4127 ἴδῃς,
1222 4057 1296 4124 μὴ
1325 4055 1616 4125 θαυμάσῃς
1637 4069 1653 4084 -

456 4150 530 4204 Τὸ
552 4150 662 4219 γὰρ
701 4147 837 4201 πολὺ
865 4145 1060 4209 κάλλος
1092 4147 1189 4199 καλ⁸
1212 4145 1397 4215 ψόγων
1423 4144 1640 4198 πολλῶν
1671 4142 1860 4213 γέμει.

461 4328 767 4400 Σιμοκάτου
821 4326 923 4396 τήν
967 4342 1026 4378 τε
1075 4324 1202 4378 θέαν
1237 4322 1362 4377 οὔτε
1416 4323 1574 4393 λόγος
1621 4321 1968 4394 ὲκφράσειεν,

392 4415 516 4472 οὔτε
559 4415 854 4484 ζωγράφου
902 4416 1083 4484 χεῖρες
1116 4415 1475 4484 μιμήσαιντο.
1510 4412 1616 4465 Ἦν
1645 4413 1754 4483 γὰρ
1782 4414 1811 4466 ό
1851 4427 1974 4466 νεα-

393 4509 514 4573 νίας
560 4506 843 4577 εὐσθενὴς,
888 4505 1092 4577 ὗρθιος,
1129 4505 1192 4558 τὸ
1241 4505 1618 4575 περιστέρνιον
1667 4504 1890 4567 λάσιος·
1923 4504 1975 4557 οἱ

393 4601 451 4656 δὲ
484 4599 752 4670 ὀφθαλμοὶ
785 4598 1044 4667 δορκάδος
1087 4595 1260 4668 αὐτῷ,
1294 4597 1354 4649 τὸ
1383 4596 1440 4650 δὲ
1472 4595 1696 4667 βλέμμα
1726 4595 1851 4649 οὕτε
1883 4595 1976 4649 θυ-

399 4695 486 4766 μῷ
517 4691 954 4764 φοινισσόμενον,
987 4690 1113 4743 οὔτε
1163 4686 1556 4759 μαλακώτερον
1587 4689 1654 4758 τῇ
1691 4686 1976 4756 ὑγρότητι,

397 4788 512 4842 ἀλλ’
539 4787 787 4856 ἀνδρεῖον
816 4786 915 4839 καὶ
947 4785 1123 4854 πρᾶον
1175 4780 1348 4850 ὁμοῦ·
1404 4782 1439 4850 ἠ
1488 4779 1547 4833 δὲ
1593 4780 1754 4850 χροιά
1800 4781 1834 4850 ἡ
1885 4777 1979 4832 τοῦ

403 4880 656 4948 σώματος
693 4877 820 4932 οὔτε
865 4878 1004 4949 πρὸς
1036 4877 1097 4930 τὸ
1135 4872 1515 4945 μελανώτερον
1554 4873 1978 4942 μετεσκεύαστο.

410 4971 479 5027 Ἦ
507 4973 566 5026 δὲ
595 4972 718 5042 θρὶξ
746 4971 932 5040 ἠρέμα
962 4987 1078 5032 πως
1105 4966 1501 5036 ὲπεκύμαινεν,
1536 4967 1593 5017 ὲν
1623 4967 1690 5034 τῇ
1732 4964 1983 5034 οὐλότητι

404 5063 759 5129 κυανίζουσα.
801 5063 866 5114 Ai
897 5061 954 5113 δὲ
986 5059 1213 5131 παρειαὶ
1273 5056 1397 5111 οὔτε
1433 5056 1673 5128 κατέρῤυ
1726 5053 1986 5126 [κατέρυ-

404 5156 576 5230 θραιι,
607 5153 944 5224 γυναικῶδες
985 5153 1118 5222 γὰρ,
1161 5150 1284 5206 οὗτε
1336 5149 1498 5204 πάλιν
1564 5147 1836 5230 ῶχρότητι
1885 5147 1985 5215 τὴν

405 5226 576 5321 εθπρέ
585 5263 740 5300 πειαν
769 5243 1189 5312 ὲπεστύγναζον.
1573 5226 1584 5233 ”

476 5340 688 5400 Κάλλος
713 5335 971 5405 ὀξύτερον
998 5335 1294 5405 τιτρώσκει
1348 5333 1556 5404 βέλους,
1619 5347 1712 5409 και
1761 5329 1849 5385 διὰ
1877 5329 1984 5384 τῶν

404 5429 698 5502 ὀφθαλμῶν
723 5428 806 5491 είς
836 5425 934 5498 τὴν
961 5426 1140 5496 ψυχὴν
1171 5427 1461 5495 καταρρεῖ.

1009 5517 1230 5570 ΛΟΓΟΣ
1264 5517 1384 5570 ΞΑ’.

993 5607 1132 5678 Περὶ
1172 5607 1385 5676 δόξης.

481 5710 703 5781 Ζητεῖτε
737 5710 954 5776 πρῶτον
996 5703 1095 5774 τὴν
1131 5701 1409 5772 βασιλείαν
1432 5699 1528 5754 τοῦ
1572 5699 1706 5753 Θεοῦ
1769 5701 1862 5754 καὶ
1891 5700 1990 5771 τὴν

410 5801 759 5880 δικαιοσύνην
791 5795 983 5865 αὐτοῦ,
1014 5792 1311 5858 καὶταῦτα
1341 5793 1520 5855 πάντα
1555 5791 1987 5856 προστεθήσεται

415 5896 567 5967 ὑμῖν.

2057 1949 2188 2002 mihi
2226 1950 2476 2014 formam,
2509 1949 2603 2003 sed
2636 1939 2871 2002 menteni
2907 1947 3115 2016 aspice.

2125 2043 2258 2097 Cum
2293 2054 2500 2096 natum
2529 2049 2870 2096 venustatem
2903 2039 3290 2095 exornaveriut
3330 2052 3515 2092 mures

2128 2134 2314 2200 Probi,
2356 2136 2643 2206 dupliciter
2673 2135 2866 2205 aliquis
2913 2134 3179 2188 accedens
3231 2132 3466 2200 capitur.

3106 2221 3463 2294 (Menandri.)

2133 2319 2392 2374 Socratis.
2424 2317 2618 2374 Oscula
2656 2318 3021 2374 formosorum
3076 2316 3316 2370 cavenda
3351 2326 3501 2380 sunt,
3533 2313 3641 2371 sic.

2061 2423 2122 2468 ttt
2147 2428 2361 2468 morsus
2393 2420 2780 2467 venenatorum
2821 2409 3162 2464 animalium.

2138 2503 2416 2574 Diogenes.
2452 2501 2720 2571 Diogenes
2749 2516 2875 2555 cum
2909 2499 3136 2554 vidisset
3173 2497 3472 2550 formosum
3505 2497 3642 2552 ado-

2062 2597 2357 2653 lescentem
2390 2595 2579 2651 formae
2610 2609 2774 2648 causa
2803 2593 2998 2657 amari,
3031 2592 3207 2647 dixit:
3247 2591 3388 2656 Quin
3415 2605 3639 2660 operam

2066 2691 2184 2754 des,
2215 2688 2562 2750 adolescens,
2611 2693 2671 2738 ut
2714 2685 2967 2754 corporis
2998 2695 3273 2739 amatores
3305 2682 3371 2738 ad
3403 2684 3644 2737 animam

2067 2777 2388 2832 transferas.

2139 2868 2282 2922 Idem
2334 2879 2631 2937 conspecto
2683 2865 3030 2920 adolescente
3103 2864 3196 2934 qui
3255 2876 3315 2918 se
3381 2861 3634 2926 ornabat,

2067 2959 2241 3014 dixit:
2278 2958 2335 3013 Si
2367 2959 2498 3014 viris
2551 2959 2770 3029 quidem
2827 2967 2878 3012 te
2939 2972 3126 3024 ornas,
3170 2958 3359 3013 infelix
3395 2973 3494 3022 es;
3549 2959 3638 3014 sin

2071 3041 2418 3120 mulieribus,
2457 3051 2719 3120 iujuslus.

2137 3145 2456 3197 Aristoteles
2478 3159 2601 3198 cum
2642 3143 3042 3198 adolescentem
3067 3158 3125 3200 se
3150 3159 3347 3200 ornare
3383 3145 3630 3208 vidisset,

2069 3234 2236 3287 dixit:
2268 3232 2387 3287 Non
2437 3234 2734 3300 erubescis,
2774 3234 2916 3302 quod
2969 3249 3092 3288 cum
3129 3245 3324 3290 natura
3359 3247 3408 3290 te
3459 3235 3639 3291 virum

2069 3323 2281 3390 fecerit,
2321 3323 2477 3394 105
2508 3333 2564 3378 tu
2599 3324 2830 3393 teipsum
2869 3323 3258 3379 eﬂetuinaris?
3472 3306 3490 3316 ’

2141 3415 2286 3470 Idem
2324 3431 2449 3470 cum
2480 3417 2697 3485 juvenis
2753 3417 2978 3486 quidam
3033 3417 3172 3471 facie
3221 3415 3518 3482 formosus,
3549 3415 3644 3470 sed

2070 3509 2319 3564 moribus
2353 3511 2628 3579 petulans,
2683 3509 2827 3564 inter
2857 3510 2962 3564 alia
3013 3510 3263 3564 convicia
3298 3509 3347 3563 ei
3388 3510 3597 3564 diceret
3627 3524 3642 3561 :

2073 3599 2130 3656 Si
2163 3610 2272 3657 tam
2301 3616 2500 3657 exosus
2527 3616 2702 3657 essem
2751 3601 2985 3668 civibus,
3018 3612 3078 3655 u-t
3115 3610 3173 3655 tu
3206 3616 3285 3666 es,
3319 3601 3514 3670 laqueo
3558 3601 3644 3654 vi-

2073 3703 2184 3748 tam
2244 3693 2494 3757 finirem,‘
2525 3693 2849 3764 respondit:
2881 3693 2995 3763 Ego
3036 3709 3166 3748 vero
3201 3694 3458 3762 laqueum
3509 3694 3644 3747 mihi

2075 3785 2362 3848 inferrem,
2386 3787 2432 3841 si
2459 3785 2533 3839 ita
2558 3799 2645 3839 me
2679 3784 2828 3839 cives
2859 3794 3108 3838 amarent
3137 3793 3195 3838 ut
3226 3790 3300 3838 te.

2143 3877 2422 3933 Isocratis.
2450 3874 2506 3930 Si
2542 3876 2829 3946 pulchrum
2866 3874 2960 3928 tibi
2995 3889 3194 3944 corpus
3242 3885 3347 3941 est,
3375 3885 3428 3929 et
3470 3875 3652 3930 anima

2074 3970 2241 4031 mala,
2269 3970 2469 4024 bonam
2491 3967 2672 4020 navim
2695 3965 2869 4021 habes
2898 3966 3173 4020 etmalum
3201 3967 3651 4035 gubernatorem.

2075 4061 2372 4117 Pulchram
2402 4059 2683 4114 mulierem
2716 4057 2762 4113 si
2794 4057 2964 4122 vides,
3002 4073 3070 4113 ne
3103 4058 3355 4124 mireris;

2080 4150 2301 4206 Eximia
2321 4150 2469 4204 enim
2501 4148 2678 4204 forma
2704 4147 2891 4204 multis
2911 4149 3073 4203 etiam
3107 4149 3434 4204 criminibus
3455 4157 3652 4205 scatet.

3237 4236 3513 4306 (Incerti.)

2148 4324 2473 4382 Simocatus.
2511 4326 2779 4381 Simocati
2803 4326 3038 4382 formam
3073 4343 3175 4383 nec
3205 4329 3516 4397 exprimere
3541 4344 3660 4384 ser-

2081 4432 2192 4482 mo,
2225 4433 2403 4486 neque
2449 4433 2644 4473 manus
2688 4419 2908 4488 pictoris
2964 4421 3159 4474 imitari
3221 4429 3490 4490 poterant.
3524 4421 3660 4478 Erat

2011 4509 2230 4592 Denim
2279 4508 2501 4578 juvenis
2545 4510 2832 4572 robustus,
2861 4520 3099 4576 erectus,
3156 4511 3374 4566 hirsuto
3415 4522 3658 4582 pectore,

2085 4600 2264 4654 oculis
2299 4601 2562 4669 capreoli,
2615 4601 2735 4656 visu
2762 4613 2944 4656 autem
2979 4617 3158 4670 neque
3198 4602 3394 4658 minaci
3424 4614 3480 4658 et
3509 4605 3662 4659 rubi-

2085 4691 2288 4757 cundo,
2329 4706 2510 4760 neque
2543 4690 2770 4745 humido
2815 4701 2869 4746 et
2905 4692 3075 4758 molli,
3100 4694 3196 4747 sed
3227 4694 3372 4748 virili
3419 4696 3579 4749 simul
3607 4707 3660 4751 et

2085 4779 2243 4834 miti:
2274 4783 2522 4849 corporis
2561 4780 2766 4844 colore,
2805 4796 2904 4835 nec
2933 4782 3152 4835 albebat
3195 4783 3447 4846 nimium.
3488 4798 3662 4852 neque

2087 4871 2418 4939 nigricabat.
2444 4872 2712 4927 Caesaries
2737 4886 2867 4926 vero
2890 4873 3103 4942 placide
3129 4873 3454 4941 ﬂuctuabat,
3483 4877 3662 4945 cripsa

2087 4974 2142 5018 et
2170 4963 2503 5020 subcaerulei
2559 4963 2781 5018 coloris.
2813 4962 3062 5033 Denique
3084 4979 3257 5034 genae,
3279 4980 3458 5034 neque
3498 4967 3661 5022 rube-

2085 5056 2237 5121 bant,
2268 5055 2412 5123 quod
2437 5054 2700 5110 muliebre
2729 5062 2832 5122 est,
2868 5069 3046 5125 neque
3073 5055 3276 5125 pallore
3301 5067 3640 5112 venustatem

2087 5149 2474 5204 obfuscabant.

2159 5331 2466 5401 Leucippes.
2520 5329 2884 5386 Pulchritudo
2940 5331 3161 5387 acutius
3219 5332 3327 5388 telo
3385 5332 3659 5400 vulnerat,

2088 5434 2141 5480 et
2164 5441 2262 5495 per
2286 5425 2479 5480 ocuios
2513 5423 2568 5478 in
2598 5422 2840 5478 animam
2876 5421 3092 5478 defluit.

2512 5512 2748 5572 SERMO
2780 5512 2896 5568 LXI
2945 5513 3042 5585 [αι.
3071 5512 3243 5586 CXI].

2729 5605 2804 5660 De
2835 5605 3030 5676 gloria.
3166 5586 3175 5593 ’

2161 5698 2357 5753 Matth.
2385 5711 2462 5752 vr.
2491 5695 2730 5762 Quaerite
2765 5695 3002 5766 primum
3052 5707 3279 5766 regnum
3329 5691 3425 5750 Dei
3471 5704 3527 5752 et
3578 5695 3664 5767 ju-

2095 5791 2296 5848 stitiam
2320 5790 2464 5861 ejus,
2489 5797 2542 5845 et
2570 5790 2683 5844 haec
2715 5787 2911 5864 omnia.
2948 5785 3276 5855 adjicientur
3307 5785 3484 5842 vobis.
