4038 6462
377 383 486 449 963

1614 382 1931 443 ANTUNII
1978 382 2324 443 MELISSI‘E

3533 373 3649 435 θοι

449 493 606 548 Rom.
631 507 743 547 vnt.
779 491 894 548 Non
925 491 1304 562 comparandae
1330 501 1454 549 sunt
1475 491 1796 547 aﬂlictiones
1825 506 1965 558 prm-

2141 495 2256 548 Οὑκ
2301 493 2425 559 ἄξια
2455 493 2522 546 τὰ
2555 491 2851 561 παθήματα
2891 488 2978 542 τοῦ
3011 485 3107 540 νῦν
3142 483 3338 553 καιροῦ
3373 480 3510 554 πρὸς
3542 484 3650 551 τὴν

382 584 558 642 sentis
590 585 849 655 temporis
881 599 1006 641 cum
1039 585 1210 656 gloria
1262 585 1441 640 futura
1471 600 1593 655 qua:
1631 583 1960 638 revelabitur

381 677 560 731 nobis.

455 771 616 827 Prov.
635 785 692 825 tu
723 769 1006 838 Sapientes
1027 766 1253 836 gloriam
1277 766 1651 836 possidebunt,
1680 765 1832 836 impii
1865 779 1961 818 au-

385 874 494 916 tem
519 865 647 918 dum
691 862 1004 916 evehuntur
1035 861 1392 928 ignominiam
1428 859 1744 929 acquirunt.

453 953 617 1007 Prov.
653 969 764 1006 nt.
815 949 909 1006 Via
949 950 1174 1020 iustitiae
1219 958 1272 1004 et
1300 949 1689 1005 misericordia
1722 948 1962 1003 inveniet

387 1047 552 1100 vitam
588 1055 642 1099 et
683 1045 934 1115 gloriam.

459 1136 814 1206 Sapientibus
865 1135 1022 1190 adest
1073 1136 1245 1190 timor
1295 1133 1512 1191 Domini
1558 1143 1614 1189 et
1667 1132 1869 1188 divitiae
1908 1145 1962 1186 ct

385 1230 557 1302 gloria
582 1236 639 1283 et
671 1228 806 1281 vita.

455 1320 624 1374 Eccli.
654 1335 755 1375 vn.
778 1319 856 1376 Ne
884 1319 1146 1375 ridiculus
1177 1318 1276 1373 llas
1301 1317 1358 1372 in
1399 1315 1569 1387 gloria
1599 1325 1712 1378 tua,
1744 1325 1798 1371 et
1829 1325 1963 1374 tetu-

382 1428 518 1484 pore
544 1413 729 1484 gloria:
755 1428 824 1468 ne
853 1412 1152 1468 extollaris.

457 1505 535 1560 Ne
593 1514 744 1574 petas
792 1505 1158 1574 principatum
1220 1516 1249 1555 a
1307 1501 1558 1562 domino,
1597 1513 1696 1554 nec
1757 1513 1786 1552 a
1839 1513 1963 1569 rege

385 1596 584 1652 solium
619 1596 827 1666 glorias.

456 1686 611 1740 Multi
668 1694 920 1756 potentes
959 1700 1155 1756 magna
1217 1685 1516 1755 ignominia
1575 1683 1756 1740 affecti
1808 1688 1959 1743 sunt,

383 1787 440 1828 et
464 1775 688 1843 gloriosi
725 1776 778 1829 in
817 1789 1007 1830 manus
1031 1776 1263 1830 aliorum
1299 1775 1481 1829 traditi
1512 1785 1662 1830 sunt.

461 1865 608 1920 Ibid.
643 1883 718 1922 rx.
751 1866 830 1922 Ne
856 1866 1132 1922 aemuleris
1164 1863 1396 1934 gloriam
1440 1875 1818 1934 peccatorum.

460 1959 609 2014 Ibid.
636 1976 706 2014 tv.
745 1959 980 2026 Magnati
1007 1957 1237 2012 humilia
1269 1966 1432 2027 caput
1462 1967 1639 2013 tuum.

466 2050 612 2105 Ibid.
649 2065 772 2105 vttt.
803 2049 882 2104 Ne
929 2047 1231 2104 contendas
1281 2063 1406 2103 cum
1458 2049 1688 2106 homine
1717 2059 1956 2122 potente,

389 2158 459 2200 ne
489 2143 705 2214 quando
740 2143 950 2197 incidas
989 2145 1042 2196 in
1070 2157 1265 2196 manus
1289 2141 1432 2211 ejus.

462 2237 601 2292 Cum
648 2245 700 2289 te
725 2243 926 2303 potens
958 2231 1158 2300 aliquis
1194 2232 1262 2286 ad
1305 2247 1368 2288 se
1417 2242 1598 2299 vocat,
1643 2233 1846 2296 cedito,
1908 2247 1964 2288 et

388 2338 525 2384 tunc
563 2325 802 2381 maxime
834 2336 887 2380 te
912 2325 1152 2380 vocabit.

459 2416 582 2472 Noli
613 2424 668 2471 te
697 2430 882 2486 parem
906 2413 1089 2470 facere
1119 2413 1472 2485 magnatibus
1508 2415 1561 2468 in
1591 2413 1769 2470 medio
1809 2412 1964 2484 ipso-

385 2525 536 2567 rum.

466 2607 529 2662 S.
563 2606 776 2662 Basilii.
817 2604 875 2659 Si
909 2603 1138 2674 gloriam
1163 2609 1390 2671 quaeris,
1438 2613 1490 2659 et
1529 2604 1684 2674 cupis
1719 2606 1970 2676 superior

387 2697 579 2753 multis
609 2696 804 2758 videri,
833 2705 887 2751 et
917 2697 971 2749 in
998 2695 1164 2750 rebus
1192 2693 1486 2749 mundanis
1511 2695 1696 2750 clarus
1722 2697 1861 2761 ﬁeri,
1893 2699 1969 2753 sis

385 2791 592 2860 justus,
646 2797 974 2856 temperans,
1017 2785 1278 2856 prudens,
1325 2785 1508 2852 fortis,
1545 2797 1602 2842 ct
1648 2789 1863 2857 patiens
1913 2790 1965 2843 in

394 2880 556 2950 106
577 2878 823 2934 adversis
853 2892 949 2946 pro
977 2876 1241 2946 religione
1267 2876 1655 2946 suscipiendis.
1698 2879 1790 2934 Sic
1816 2880 1962 2934 enim

384 2981 444 3026 et
474 2973 706 3039 teipsunt
754 2968 1024 3032 servabis,
1049 2975 1104 3020 et
1138 2981 1234 3035 per
1268 2965 1474 3036 majora
1526 2967 1665 3023 bora
1710 2969 1970 3039 majorem

389 3060 616 3130 adeptus
645 3059 751 3114 eris
776 3058 1147 3128 splendorem.

461 3150 755 3207 Prtesidem
784 3148 1118 3205 conditionis
1133 3163 1246 3205 suae
1267 3151 1504 3220 dignitas
1533 3164 1599 3204 ne
1630 3149 1874 3210 extollat,
1903 3165 1968 3203 ne

382 3244 606 3300 excidat
650 3242 1007 3298 beatitudinis
1038 3243 1310 3312 praeconio
1338 3240 1628 3296 humilitati
1661 3241 1967 3310 proposito.

462 3334 739 3404 Ejusdem.
804 3333 1042 3388 Debebat
1087 3332 1253 3389 homo
1309 3332 1364 3387 in
1415 3333 1586 3402 gloria
1633 3347 1756 3402 quae
1800 3345 1969 3402 penes

389 3425 566 3482 Deum
597 3435 682 3481 est
712 3439 952 3489 manere,
987 3433 1041 3478 et
1069 3423 1150 3479 sic
1196 3439 1307 3478 non
1349 3423 1531 3479 ﬁctam
1564 3424 1966 3489 celsitudinem,

390 3517 488 3573 sed
515 3531 726 3582 veram,
769 3515 860 3569 Dei
890 3514 1130 3584 potentia
1160 3524 1468 3584 promotus,
1504 3515 1790 3573 habuisset
1821 3533 1833 3568 :
1875 3517 1970 3571 sed

391 3609 659 3680 quoniam
690 3608 888 3663 divina:
914 3606 1100 3678 gloriae
1131 3607 1466 3662 desiderium
1492 3607 1764 3679 deposuit,
1799 3607 1973 3676 majo-

394 3717 512 3757 rem
549 3709 897 3770 exspectans,
933 3707 986 3753 et
1017 3699 1162 3768 quod
1196 3699 1416 3769 assequi
1447 3715 1555 3754 non
1585 3709 1802 3770 poterat
1827 3699 1972 3755 desi-

393 3793 616 3854 derans,
649 3791 701 3845 id
730 3791 897 3846 etiam
935 3789 1175 3858 perdidit
1205 3791 1346 3860 quod
1386 3790 1589 3846 habere
1614 3799 1847 3860 poterat.

466 3876 745 3948 Ejusdem.
789 3877 922 3932 Volo
952 3877 1048 3930 tibi
1097 3876 1477 3934 vehementius
1525 3877 1692 3933 inseri
1735 3880 1974 3935 admira-

395 3969 600 4022 tionem
644 3967 963 4023 creationis.
1000 3965 1246 4021 Primum
1298 3968 1464 4038 igitur
1498 3984 1623 4025 cum
1665 3969 1815 4026 vides
1849 3972 1974 4026 her-

393 4061 519 4116 bam
555 4059 818 4130 graminis
847 4066 902 4114 et
934 4057 1154 4124 ﬂorem,
1182 4058 1250 4114 ad
1282 4060 1534 4115 humanae
1560 4069 1766 4118 naturae
1797 4064 1974 4120 consi-

396 4151 741 4207 derationem
793 4160 843 4206 te
899 4162 1231 4219 convertas,
1283 4167 1497 4208 memor
1545 4157 1972 4225 comparationis

397 4243 542 4313 apttd
588 4242 890 4312 sapientem
934 4243 1160 4310 Isaiam,
1192 4244 1339 4312 quod
1389 4245 1569 4301 omnis
1615 4261 1744 4302 caro
1786 4247 1968 4302 fenum

399 4337 493 4401 sit,
539 4344 596 4391 et
635 4336 815 4391 omnis
869 4335 1041 4406 gloria
1081 4335 1321 4391 hominis
1373 4346 1634 4408 tanquam
1689 4339 1789 4395 llos
1838 4339 1968 4395 feni.

399 4426 537 4481 Nam
590 4427 756 4496 hujus
808 4427 931 4482 vita:
981 4427 1242 4492 brevitas,
1297 4435 1351 4482 et
1399 4436 1509 4482 tam
1542 4429 1692 4484 brevi
1729 4444 1972 4500 tempore

2071 586 2374 655 μέλλουσαν
2408 584 2564 648 δόξαν
2594 580 3052 650 ἀποκαλυφθῆναι
3075 581 3154 641 είς
3185 578 3355 648 ἡμᾶς.

2140 762 2309 828 Δόξαν
2346 764 2497 829 σοφοὶ
2526 761 3023 830 κληρονομήσουσι,
3071 760 3120 812 οἱ
3165 758 3222 811 δὲ
3251 756 3467 820 ἀσεϐεῖς
3501 753 3658 824 ὑψῶ-

2069 871 2258 908 σουσιν
2287 856 2535 924 ἀτιμίαν.

2158 947 2313 1013 Ὁδὸς
2337 947 2690 1016 δικαιοσύνης
2724 947 2819 1000 καὶ
2850 946 2975 1017 ὲλεη
2986 945 3224 1014 μοσύνης
3248 943 3485 1012 εὑρήσει,
3503 939 3656 1010 ζωὴν

2070 1043 2162 1098 καὶ
2188 1041 2366 1108 δόξαν.

2140 1135 2310 1204 Γενεᾷ
2341 1135 2480 1204 σοφῇ
2515 1129 2682 1202 φόϐος
2721 1131 2949 1204 Κυρίου,
2980 1133 3071 1185 καὶ
3106 1129 3359 1196 πλοῦτος,
3382 1131 3480 1184 καὶ
3504 1130 3656 1197 δόξα,

2069 1226 2162 1279 καὶ
2199 1224 2336 1294 ζωή.

2138 1318 2232 1389 Μὴ
2258 1317 2348 1380 δὸς
2377 1316 2569 1386 μῶμον
2614 1317 2672 1372 ὲν
2705 1319 2773 1388 τῇ
2801 1316 2930 1389 δόξῃ
2961 1333 3078 1380 σου,
3114 1315 3208 1370 καὶ
3251 1315 3310 1367 ἐν
3338 1315 3524 1385 ἡμέρᾳ
3566 1314 3656 1367 δό-

2069 1408 2168 1476 ξης
2203 1408 2278 1479 μὴ
2312 1407 2563 1478 ἐπαίρου.

2139 1500 2232 1570 Μὴ
2289 1499 2440 1571 ζήτει
2479 1502 2630 1570 παρὰ
2687 1501 2878 1570 κυρίου
2933 1500 3254 1570 ἡγεμονίαν,
3311 1497 3448 1567 μηδὲ
3499 1498 3654 1565 παρὰ

2071 1590 2335 1660 βασιλέως
2361 1592 2630 1662 καθέδραν
2659 1592 2840 1661 δόξης.

2145 1683 2338 1736 Πολλοὶ
2370 1685 2628 1738 δυνάσται
2675 1685 3060 1756 ἡτιμάσθησαν
3105 1684 3337 1754 σφόδρα,
3384 1684 3478 1737 καὶ
3510 1681 3653 1735 ἔνδο-

2073 1773 2151 1840 ξοι
2183 1775 2557 1846 παρεδόθησαν
2591 1778 2673 1840 είς
2709 1780 2898 1849 χεῖρας
2925 1779 3151 1848 ἑτέρων.

1997 1850 2038 1905 Β
2139 1867 2231 1936 Μὴ
2261 1865 2528 1936 ζηλώσεις
2556 1869 2718 1935 δόξαν
2745 1868 3112 1939 ἁμαρτωλῶν.

2140 1959 2444 2028 Μεγιστᾶνι
2472 1961 2732 2016 ταπείνου
2767 1961 2868 2030 τὴν
2900 1962 3146 2032 κεφαλήν
3178 1979 3292 2016 σου.

2147 2051 2239 2122 Μὴ
2283 2053 2553 2122 διαμάχου
2591 2053 2732 2123 μετὰ
2769 2052 3058 2122 ἀνθρώπου
3091 2053 3379 2119 δυνάστου,
3413 2054 3486 2125 μή
3518 2071 3654 2109 ποτε

2067 2147 2317 2217 ὲμπέσῃς
2351 2146 2432 2208 είς
2460 2147 2562 2209 τὰς
2593 2149 2784 2216 χεῖρας
2816 2147 3005 2200 αὐτοῦ.

2140 2237 2632 2309 Προσκαλουμένου
2683 2255 2743 2291 σε
2796 2239 3059 2293 δυνάστου
3110 2241 3420 2310 ὑποχωρῶν
3473 2241 3652 2309 γίνου,

2070 2331 2165 2383 καὶ
2192 2328 2313 2382 τότε
2347 2329 2583 2398 μάλιστα
2618 2330 3083 2399 προσκαλέσεται.

2152 2421 2242 2473 Ἐν
2271 2421 2423 2490 μέσῳ
2460 2420 2805 2488 μεγιστάνων
2843 2420 2920 2490 μὴ
2949 2421 3224 2486 ὲξισάζου.

2142 2597 2205 2649 ΕΞ
2231 2595 2388 2665 δόξης
2416 2593 2727 2664 ἐπιθυμεῖς,
2759 2594 2854 2647 καὶ
2883 2593 3065 2660 βοῦλει
3095 2595 3203 2647 τῶν
3233 2595 3447 2647 πολλῶν
3485 2595 3661 2663 ὑπερ·

2072 2688 2382 2750 ϐαίνεσθαι,
2408 2688 2500 2743 καὶ
2527 2687 2818 2756 εὐδόκιμος
2849 2689 2906 2738 ὲν
2933 2690 3046 2748 τοῖς
3079 2688 3362 2756 κοσμικοῖς
3394 2689 3659 2756 πράγμα-

2075 2799 2128 2835 σι
2176 2781 2450 2848 γίνεσθαι,
2504 2781 2595 2832 ἔσο
2647 2779 2874 2841 δίκαιος,
2925 2777 3179 2849 σώφρων,
3227 2780 3521 2849 φρόνιμος,
3562 2782 3656 2832 ἁν-

2073 2869 2269 2938 δρεῖος,
2297 2867 2703 2938 ὑπομονητικὸς
2735 2869 2792 2919 ἐν
2824 2869 2939 2932 τοῖς
2978 2869 3120 2940 ὑπὲρ
3152 2871 3436 2932 εὐσεϐείας
3474 2870 3658 2937 παθή-

2080 2980 2264 3031 μασιν.
2321 2961 2481 3014 Οὕτω
2535 2960 2644 3030 γὰρ
2704 2962 2802 3014 καὶ
2859 2963 3086 3016 σεαυτὸν
3144 2967 3360 3032 σώσεις,
3415 2969 3507 3020 καὶ
3562 2971 3659 3021 ἐπὶ

2079 3053 2323 3122 μείζοσιν
2349 3052 2573 3120 ἀγαθοῖς
2610 3053 2830 3122 μείζονα
2861 3054 3002 3120 ἕξεις
3046 3055 3144 3124 τὴν
3176 3059 3557 3127 περιφάνειαν.

2153 3143 2256 3197 Τὸν
2286 3143 2608 3213 προεστῶτα
2641 3143 2717 3214 μὴ
2761 3145 3040 3214 ὲπαιρέτω
3077 3146 3138 3198 τὸ
3185 3148 3423 3218 ἀξίωμα,
3461 3151 3546 3202 ἵνα
3578 3151 3660 3222 μὴ

2077 3236 2287 3308 ἐκπέσῃ
2318 3235 2413 3289 τοῦ
2444 3235 2801 3305 μακαρισμοῦ
2833 3237 2934 3304 τῆς
2961 3243 3489 3309 ταπεινοφροσύνης.

2152 3329 2405 3396 Ὠερειλεν
2439 3327 2725 3395 ἅνθρωπος
2750 3329 2808 3379 ἔν
2835 3331 2900 3398 τῇ
2933 3329 3082 3398 παρά
3107 3329 3224 3397 Θεῴ
3252 3329 3378 3399 δόξῃ
3415 3347 3660 3400 μεμενη-

2075 3420 2250 3483 κέναι,
2292 3420 2390 3472 καὶ
2415 3416 2560 3489 εἶχεν
2588 3419 2655 3473 ἂν
2685 3419 2822 3489 ὕψος
2847 3421 2946 3473 οὐκ
2979 3421 3331 3487 ἐπίπλαστον,
3373 3422 3492 3475 ἀλλ’
3522 3423 3661 3494 ἀλη-

2073 3510 2244 3575 θινὸν,
2274 3510 2507 3579 δυνάμει
2537 3510 2673 3564 Θεοῦ
2702 3511 3160 3582 μεγαλυνόμενος.
3202 3515 3420 3580 Ἐπειδὴ
3463 3517 3520 3570 δὲ
3555 3518 3661 3588 τὴν

2071 3604 2174 3673 τῆς
2218 3603 2371 3668 θείας
2418 3605 2579 3675 δόξης
2619 3606 2916 3676 ἐπιθυμίαν
2969 3609 3238 3678 μετέθηκε
3286 3609 3379 3663 καὶ
3429 3609 3661 3678 μείζονα

2073 3697 2455 3770 προσδοκήσας
2481 3738 2498 3766 ,
2559 3699 2806 3762 σπεύσας
2836 3701 2976 3770 ὅπερ
3025 3703 3128 3756 οὐκ
3161 3703 3392 3772 ἠδύνατο
3444 3705 3657 3767 λαϐεῖν,

2074 3787 2359 3844 ἀπώλεσεν
2391 3791 2530 3857 ὅπερ
2563 3791 2708 3862 ἔχειν
2739 3792 3016 3862 ἠδύνατο.ί

2147 3882 2422 3951 Βούλομαι
2467 3900 2551 3937 σοι
2598 3887 2960 3955 σφοδρότερον
2990 3887 3092 3956 τῆς
3143 3889 3371 3952 κτίσεως
3404 3889 3659 3960 ἐνιδρυν-

2075 3971 2236 4040 θῆναι
2269 3973 2329 4024 τὸ
2359 3972 2566 4042 θαῦμα.
2601 3975 2828 4044 Πρῶτον
2861 3977 2960 4046 μὲν
2987 3974 3081 4031 οὖν
3115 3979 3244 4033 ὅταν
3279 3981 3397 4053 ἴδῃς
3423 3980 3660 4052 βοτάνην

2073 4064 2269 4133 χόρτου
2303 4064 2400 4118 καὶ
2428 4065 2608 4132 ἄνθος,
2639 4069 2719 4131 είς
2750 4068 2961 4122 ἔννοιαν
2988 4068 3147 4139 ἔρχου
3180 4072 3278 4138 τῆς
3301 4071 3661 4142 ἀνθρωπίνης

2075 4153 2315 4222 φύσεως,
2347 4157 2697 4225 μεμνημένος
2718 4160 2813 4226 τῆς
2847 4160 3056 4224 εἰκόνος
3081 4161 3174 4214 τοῦ
3203 4162 3368 4230 σοφοῦ
3405 4164 3658 4231 Ἡσαΐου,

2073 4245 2156 4296 ὅτι
2189 4263 2208 4295 ι
2253 4246 2407 4299 Πᾶσα
2445 4247 2583 4317 σὰρξ
2622 4251 2836 4319 χόρτος,
2871 4251 2967 4304 καὶ
3010 4254 3160 4305 πᾶσα
3204 4254 3332 4318 δόξα
3362 4255 3658 4325 ἀνθρώπου

2074 4334 2150 4397 ὡς
2182 4335 2344 4398 ἄνθος
2390 4338 2610 4406 χόρτου.
2651 4357 2669 4390 ›
2705 4341 2777 4392 Τὸ
2803 4342 2912 4412 γὰρ
2946 4342 3316 4412 ὀλιγοχρόνιον
3349 4348 3446 4414 τῆς
3480 4347 3655 4415 ξωῆῖο

2079 4427 2174 4478 καὶ
2214 4427 2278 4480 τὸ
2309 4429 2366 4481 ἐν
2398 4428 2567 4500 ὀλίγῳ
2595 4433 2893 4501 περιχαρὲς
2930 4435 3023 4486 καὶ
3070 4436 3257 4506 ἱλαρὸν
3301 4441 3400 4508 τῆς
3439 4440 3660 4506 ἀνθρω-

401 4518 614 4573 durans
668 4518 920 4572 humanae
978 4517 1259 4573 felicitatis
1315 4518 1502 4574 laetitia
1570 4529 1626 4575 et
1685 4521 1966 4585 hilaritas,

2085 4522 2241 4589 πίνης
2281 4521 2609 4593 εὐημερίας,
2651 4527 3023 4596 καιριιυτάτης
3073 4529 3226 4598 παρὰ
3272 4529 3352 4598 τῷ
3397 4532 3658 4604 προφήτῃ

399 4608 684 4676 aptissime
708 4622 736 4663 a
757 4610 1022 4678 propheta
1044 4609 1099 4663 in
1120 4609 1260 4664 hanc
1283 4610 1696 4666 similitudinem
1715 4613 1968 4667 trahitur.

401 4698 484 4752 Eu
538 4698 739 4768 aliquis
788 4697 966 4754 ﬂoridi
1011 4701 1259 4768 corporis
1312 4700 1503 4768 hodie,
1546 4711 1600 4756 et
1630 4717 1740 4771 prae
1762 4703 1972 4758 deliciis

398 4803 712 4855 carnosus,
769 4789 1002 4858 pulchro
1051 4789 1235 4846 colore
1288 4791 1514 4856 nitidus,
1560 4795 1736 4847 aetatis
1789 4795 1972 4865 vigore

396 4888 639 4948 vegetus,
682 4892 950 4932 nervosus
991 4887 1044 4932 et
1087 4880 1458 4947 praevalidus,
1515 4880 1605 4936 hic
1658 4882 1799 4937 idem
1853 4900 1974 4939 cras

397 4968 728 5025 miserabilis
760 4979 864 5037 est,
899 4969 983 5024 vel
1028 4977 1269 5039 tempore
1302 4971 1633 5039 labefactus,
1657 4974 1739 5029 vel
1782 4977 1973 5030 morbo

397 5062 720 5117 dissolutus.
751 5062 910 5117 Alius
941 5061 1238 5132 praeclarus
1280 5072 1364 5117 est
1388 5065 1638 5134 pecuniis
1667 5076 1721 5121 et
1752 5067 1968 5137 opibus,

398 5153 570 5208 ambit
606 5169 734 5209 eum
771 5156 1120 5210 adulatorum
1190 5156 1345 5210 turba
1375 5195 1390 5220 ,
1438 5159 1772 5214 comitantur
1809 5163 1970 5216 amici

400 5245 510 5299 ﬁcti
539 5253 594 5300 et
639 5247 723 5301 sui
785 5247 1024 5314 ipsorum
1066 5248 1236 5318 gratia
1268 5249 1511 5304 colentes
1542 5252 1741 5320 ipsum,
1772 5255 1973 5308 adsunt

400 5337 617 5404 cognati
648 5337 868 5405 plurimi
897 5346 951 5392 et
978 5338 1029 5393 hi
1059 5354 1280 5410 quoque
1321 5341 1582 5410 simulati,
1617 5343 1849 5413 denique
1887 5346 1971 5400 in-

399 5425 548 5477 ﬁnita
586 5432 672 5478 est
715 5434 931 5479 caterva
970 5431 1085 5482 sive
1117 5432 1294 5483 victus
1319 5431 1437 5485 sive
1466 5431 1691 5487 alterius
1726 5434 1973 5488 utilitatis

395 5512 566 5585 gratia
607 5514 656 5568 ei
691 5515 1085 5571 adhaerentium
1117 5559 1130 5582 ,
1159 5535 1299 5588 quos
1328 5522 1417 5575 ille
1454 5533 1507 5576 et
1543 5525 1883 5590 procedendo
1919 5527 1969 5580 in

395 5605 676 5674 publicum
707 5615 763 5661 et
809 5608 1086 5663 redeundo
1128 5626 1313 5665 secum
1377 5614 1626 5680 trahens,
1665 5615 1972 5673 invidiosus

396 5703 483 5750 est
510 5696 709 5752 obviis.
745 5696 903 5751 Vides
928 5708 1186 5766 praeterea
1217 5702 1428 5756 divitiis
1456 5709 1718 5762 accedere
1750 5709 1968 5765 civilem

397 5786 687 5852 quemdam
719 5789 1044 5857 potentiam,
1071 5801 1168 5844 aut
1203 5792 1365 5847 etiam
1412 5795 1647 5852 honores
1681 5813 1708 5852 a
1752 5801 1971 5868 regibus

2076 4609 2343 4680 τετύχηκε
2379 4611 2477 4680 τῆς
2506 4613 2738 4677 εἰκόνος.
2768 4616 3016 4686 Σήμερον
3045 4618 3282 4690 εὐθαλὴς
3312 4621 3390 4691 τῷ
3413 4622 3657 4688 σώματι,

2078 4707 2651 4774 κατασεσαρκωμένος
2699 4708 2805 4760 ὑπὸ
2833 4711 3070 4780 τρυφῆς,
3124 4712 3468 4766 ἐπανθοῦσαν
3511 4715 3660 4783 ἔχων

2076 4794 2174 4862 τὴν
2225 4793 2504 4865 εὔχροιαν,
2557 4797 2664 4850 ὑπὸ
2716 4800 2814 4868 τῆς
2860 4803 3002 4855 κατὰ
3051 4803 3149 4873 τὴν
3200 4803 3417 4873 ἠλικίαν
3468 4805 3660 4875 ἀκμῆς

2077 4888 2330 4957 σφριγῶν
2363 4889 2454 4940 καὶ
2481 4890 2755 4957 σύντονος,
2788 4894 2882 4945 καὶ
2911 4897 3284 4960 ἀνυπόστατος
3311 4897 3412 4967 τὴν
3435 4898 3616 4967 ὁρμήν
3639 4913 3658 4930 ⁸

2075 4979 2265 5046 αὔριον
2311 4981 2338 5031 ὁ
2387 4981 2550 5044 αὐτὸς
2597 4974 2752 5046 οὗτος
2815 4984 3072 5052 ἐλεεινὸς,
3101 4987 3180 5057 τῷ
3217 4989 3395 5059 χρόνῳ
3449 5007 3662 5060 μαραν-

2076 5070 2212 5131 θεὶς,
2247 5071 2280 5142 ἢ
2317 5071 2457 5140 νόσῳ
2512 5072 2805 5138 διαλυθείς.
2847 5077 2904 5128 ’0
2953 5077 3101 5130 δεῖνα
3147 5081 3513 5149 περίϐλεπτος
3562 5086 3659 5136 ἐπὶ

2076 5161 2376 5230 χρημάτων
2408 5165 2700 5235 περιουσίᾳ.
2751 5167 2844 5218 καὶ
2895 5169 3100 5238 πλῆθος
3131 5173 3260 5241 περὶ
3293 5172 3457 5226 αὐτὸν
3492 5175 3658 5226 κολά-

2077 5270 2210 5318 κων,
2243 5255 2545 5324 δορυφορία
2581 5255 2752 5322 φίλων
2799 5262 3198 5331 προσποιητῶν
3237 5265 3336 5333 τὴν
3370 5266 3460 5317 ἐπ’
3489 5267 3655 5319 αὐτοῦ

2075 5347 2234 5415 χάριν
2265 5345 2699 5414 θεραπευόντων,
2733 5347 2938 5416 πλῆθος
2971 5355 3294 5421 συγγενείας
3329 5362 3420 5408 καὶ
3443 5360 3656 5427 ταύτης

2075 5436 2683 5508 κατεσχηματισμένης,
2715 5440 2881 5508 ἑσμὸς
2915 5443 3026 5495 τῶν
3065 5446 3421 5516 ἐφεπομένων
3455 5453 3652 5520 μυρίος

2074 5527 2183 5578 τῶν
2217 5544 2275 5578 τε
2311 5527 2610 5594 ἐπισιτίων,
2661 5533 2755 5582 καὶ
2787 5535 2896 5586 τῶν
2925 5536 3066 5589 κατὰ
3110 5539 3209 5600 τὰς
3243 5539 3412 5603 ἄλλας
3460 5542 3656 5610 χρείας

2077 5618 2225 5688 αὐτῷ
2262 5617 2758 5686 προσεδρεύοντων,
2795 5623 2889 5686 οὒς
2935 5627 3028 5678 καὶ
3075 5633 3306 5697 προῖὼν,
3357 5632 3448 5685 καὶ
3488 5635 3653 5687 πάλιν

2077 5709 2320 5762 ἐπανιὼν
2347 5711 2738 5780 ἐπισυρόμενος
2769 5715 3059 5783 ἐπίφθονός
3104 5724 3254 5774 ἐστιν
3301 5725 3413 5785 τοῖς
3460 5725 3654 5793 ἐντυγμ

2077 5801 2354 5870 χάνουσιν,
2382 5801 2525 5868 Πρὸς
2569 5801 2626 5854 δὲ
2657 5803 2734 5873 τῷ
2765 5806 2980 5879 πλούτῳ
3011 5809 3192 5881 εὕροις
3240 5815 3334 5866 καὶ
3366 5813 3655 5884 πολιτικήν
