4038 6404
349 347 459 414 965
1165 349 1338 408 LOCI
1386 348 1829 413 COMMUNES.
1863 377 1934 389 --
1976 354 2173 414 PARS
2217 353 2262 413 Ι.
2300 353 2556 413 SERMO
2584 354 2738 414 LXI.
3501 351 3605 415 9.66

341 478 464 515 τινα
495 460 835 536 δυναστείαν,
871 461 904 527 ἢ
929 457 1025 512 καὶ
1052 458 1151 523 τὰς
1178 461 1236 511 ἐκ
1265 459 1527 525 βασιλέων
1550 463 1712 531 τιμὰς
1741 462 1912 516 ἐθνῶν
1944 507 1953 530 λ

2054 463 2280 528 onfcrri,
2331 464 2735 534 provinciarum
2766 479 2975 530 curam,
3013 465 3300 534 imperium
3344 465 3604 521 militare.

345 553 665 622 ἐπιμέλειαν
723 553 756 623 ἢ
829 553 924 606 καὶ
988 551 1370 621 στρατοπέδων
1422 553 1762 620 ἡγεμονίαν,
1825 554 1922 607 atati.

2054 572 2324 612 raceoncm
2352 559 2458 611 alta
2505 573 2638 612 voce
2681 557 3113 624 antecedentem,
3140 558 3398 614 satellites
3431 560 3601 611 utrin-

344 646 438 698 τὸν
459 647 681 715 κήρυκα
726 649 869 714 μέγα
900 644 1112 715 βοῶντα
1160 643 1418 714 προϊόντα
1449 645 1556 714 πρὸ
1581 645 1766 711 αὐτοῦ,
1794 647 1924 710 τοὺς

2054 663 2134 716 [ue
2191 649 2576 717 gravissimum
2639 658 2900 702 terrorem
2983 650 3311 704 incutientes
3351 650 3605 710 subditis,

349 738 713 808 ῥαϐδοφόρους
740 738 895 790 ἔνθεν
920 739 1014 790 καὶ
1056 737 1209 790 ἐνθεν
1238 735 1551 806 βαρυτάτην
1581 736 1924 806 κατάπληξιν

2054 738 2279 801 'erbera,
2306 736 2546 800 vincula,
2576 737 2954 804 abductiones,
2982 752 3251 802 carceres,
3277 739 3420 791 unde
3445 740 3608 790 timor

345 830 458 891 τοῖς
489 827 818 899 ἀρχομένοις
863 826 1259 894 ἐμϐάλλοντας,
1294 825 1394 888 τὰς
1439 826 1676 895 πληγὰς,
1710 827 1810 889 τὰς
1843 829 1930 880 δε-

351 919 634 988 σμεύσεις,
669 919 990 986 ἐπαγωγὰς,
1022 919 1090 971 τὰ
1127 918 1498 987 δεσμωτήρια,
1526 918 1586 981 ἐξ
1610 911 1686 971 ὧν
1716 919 1928 990 ἀφόρη-

299 1055 306 1062 .
350 1028 443 1072 τος
491 1011 522 1064 ὁ
559 1010 710 1079 παρὰ
759 1009 868 1060 τῶν
918 1007 1248 1078 ὑποχειρίων
1297 1007 1712 1077 συναθροίζεται
1743 1008 1931 1077 φόϐος.

353 1101 464 1155 Καὶ
490 1101 543 1155 τί
580 1101 717 1170 μετὰ
745 1101 947 1166 τοῦτο;
982 1100 1099 1158 Μία
1129 1098 1248 1165 νὺξ,
1280 1100 1314 1171 ἢ
1353 1100 1588 1168 πυρετὸς
1626 1099 1660 1170 ἢ
1713 1100 1937 1170 πλευρῖ-

351 1211 456 1256 τις,
501 1192 535 1263 ἦ
591 1194 1061 1262 περιπνευμονίαι,
1119 1193 1470 1264 ἀνάρπαστον
1517 1193 1576 1258 ἐξ
1631 1191 1934 1262 ἀνθρώπων

354 1285 646 1352 ἀπάγουσα
677 1285 770 1336 τὸν
818 1284 1130 1352 ἄνθρωπον,
1165 1283 1400 1352 οἴχεται,
1450 1284 1632 1336 πᾶσαν
1662 1282 1760 1352 τὴν
1812 1282 1932 1335 κατ’

355 1377 527 1444 αὐτὴν
560 1378 762 1444 σκευὴν
791 1377 1048 1446 ἐξαπίνης
1080 1375 1554 1444 ἀπογυμνώσασα,
1576 1376 1670 1429 καὶ
1719 1378 1752 1445 ἡ
1803 1372 1932 1440 δόξα

2029 829 2370 883 subditorum
2405 829 2763 885 intolerabilis
2797 831 2874 883 fit.
2912 829 3014 884 Sed
3045 831 3173 900 quid
3225 831 3450 899 postea?
3489 828 3610 884 Una

2038 935 2147 974 nox
2197 928 2252 975 et
2308 919 2494 988 febris,
2531 931 2622 974 aut
2671 928 2951 976 costarum
3005 929 3099 976 aut
3147 921 3420 992 pulmonis
3453 934 3611 974 acuta

2041 1013 2331 1082 aegritudo,
2383 1027 2447 1066 ex
2497 1014 2638 1068 vivis
2683 1022 2901 1082 raptum
2951 1014 3227 1068 hominem
3273 1014 3472 1067 aufert.
3520 1011 3614 1065 Sic

2044 1110 2153 1155 tota
2207 1101 2353 1157 illius
2399 1118 2561 1157 scena
2603 1103 2786 1158 subito
2830 1104 3169 1171 denudatur,
3209 1113 3268 1159 et
3316 1105 3486 1172 gloria
3523 1105 3614 1159 il'a

2043 1204 2302 1264 tanquam
2338 1196 2609 1249 somnium
2663 1198 2962 1251 evanescit.
2999 1197 3296 1252 Commode
3347 1197 3514 1266 igitur
3559 1209 3615 1251 ct

2037 1301 2165 1340 vere
2218 1285 2593 1340 infirmissimo
2623 1284 2751 1340 ﬂori
2784 1287 3076 1340 humanam
3126 1287 3354 1356 gloriam
3389 1301 3618 1354 compa-

2041 1377 2179 1430 ravit
2207 1378 2495 1445 prOpheta.

353 1469 561 1539 ἐκείνη,
597 1469 788 1542 ὥσπερ
818 1469 1093 1534 ἐνύπνιον,
1125 1470 1431 1540 ἀπηνέχθη.
1460 1471 1627 1523 Ὥστε
1661 1471 2044 1526 ἐπιτέτευκται
2107 1469 2185 1541 τῷ
2246 1471 2502 1541 προφήτῃ
2568 1471 2601 1539 ή
2677 1468 2816 1540 πρὸς
2863 1470 2924 1522 τὸ
2999 1469 3393 1539 ἀδρανεστατον
3458 1469 3617 1525 ἄνθος

353 1561 614 1633 ὁμοίωσις
646 1562 744 1632 τῆς
773 1560 1123 1632 ἀνθρωπίνης
1155 1561 1336 1630 δόξης.

463 1697 635 1768 Δόξης
664 1698 750 1751 ἀεὶ
775 1697 1030 1768 φρόντιζε
1065 1697 1165 1767 τῆς
1191 1697 1439 1753 αἰωνίου’

474 1793 539 1846 Ἠ
569 1792 680 1860 γὰρ
712 1791 966 1862 παροῦσα
1001 1788 1262 1859 ψεύδεται
1292 1791 1414 1845 καθ’
1445 1789 1688 1862 ἡμέραν.

467 1884 636 1949 Δόξαν
659 1884 846 1949 δίωκε,
880 1885 1020 1955 μήτε
1048 1884 1252 1951 πᾶσαν,
1289 1883 1419 1953 μήτ’
1456 1884 1602 1951 ἄγαν
1621 1899 1637 1916 ⁶

468 1975 735 2044 Κρεῐσσον
765 1974 872 2045 γὰρ
905 1971 1045 2030 εἶναι
1077 1973 1172 2028 τοῦ
1203 1975 1416 2028 δοκεῖνο
1451 1976 1499 2028 εί
1521 1974 1568 2029 δ’
1597 1974 1838 2048 ἄμετρος
1868 1970 1943 2043 εί,

466 2154 559 2226 Μὴ
590 2153 689 2224 τὴν
715 2155 880 2226 κενὴν
910 2155 1134 2226 θήρευε,
1169 2154 1306 2226 μηδέ
1331 2155 1435 2225 τὴν
1460 2155 1608 2210 νέαν.

2041 1695 2199 1751 Cura:
2238 1696 2332 1752 tibi
2361 1705 2563 1751 aeterna
2596 1711 2813 1768 semper
2843 1699 2914 1754 sit
2945 1698 3116 1770 gloria
3144 1715 3157 1753 :

1971 1769 2020 1832 Β
2047 1787 2292 1844 Praesens
2324 1788 2470 1843 enim
2498 1789 2738 1859 quotidie
2769 1788 2929 1845 fallit.

2043 1879 2286 1934 Gloriam
2318 1879 2568 1950 sequitor
2588 1895 2688 1936 nec
2721 1896 2942 1937 omnem
2974 1898 3153 1952 neque
3176 1884 3431 1942 nimium.

2046 1969 2279 2027 Praestat
2309 1973 2456 2028 enim
2487 1988 2609 2032 esse
2639 1989 2801 2045 quam
2828 1975 2997 2031 videri
3022 1993 3037 2031 :
3073 1978 3157 2032 sin
3184 1986 3492 2048 temperare
3521 1977 3619 2033 tibi

3344 2069 3582 2142 [nequis.

2058 2157 2215 2229 107
2235 2157 2456 2214 Inanem
2487 2159 2715 2229 gloriam
2749 2168 2844 2215 aut
2868 2175 3067 2217 novam
3098 2162 3288 2217 saltem
3317 2178 3384 2216 ne
3414 2170 3620 2232 captes.

3161 2250 3480 2323 (Theologi.)

434 2358 716 2430 Ejusdem.
748 2357 1122 2428 Subjiciamur
1150 2366 1204 2413 et
1250 2357 1385 2428 Deo,
1419 2367 1475 2414 et
1506 2357 1665 2415 nobis
1694 2357 1924 2414 invicem
1960 2367 2014 2415 et
2066 2361 2404 2431 principibus
2432 2363 2486 2418 in
2521 2373 2686 2431 terra,
2718 2364 2882 2436 idque
2930 2380 2996 2422 eo
3053 2367 3248 2438 magis.
3285 2382 3394 2436 quo
3451 2367 3624 2420 lenio-

363 2454 552 2522 res-{et
603 2452 954 2523 benigniores
1005 2451 1084 2506 illi
1149 2451 1373 2507 fuerint.
1428 2451 1648 2524 (Malum
1695 2451 1839 2506 enim
1909 2460 1995 2507 est
2044 2453 2434 2522 benignitatem
2484 2457 2793 2528 principum
2859 2460 3114 2530 frangere
3177 2461 3524 2531 pervicacia,
3575 2469 3627 2512 tt

364 2546 690 2616 cavendum)
719 2561 791 2601 ne
818 2546 872 2600 in
903 2544 1160 2615 nosipsos
1189 2546 1502 2614 asperitatis
1532 2546 1749 2602 illorum
1777 2547 1940 2615 culpa
1991 2547 2220 2615 recidat,
2261 2549 2304 2604 si
2348 2553 2801 2622 tranquillitatem
2860 2553 3108 2610 immisso
3175 2565 3340 2610 vento
3400 2554 3632 2610 solveri-

363 2654 508 2707 mus,
555 2639 660 2695 luci
701 2639 953 2695 tenebras
978 2639 1391 2702 immiserimus,
1423 2647 1479 2694 et
1513 2638 1848 2694 absinthium
1881 2639 2028 2694 melli
2059 2641 2465 2699 miscuerimus.

445 2759 513 2814 'H
546 2760 646 2830 μὲν
673 2760 782 2829 γάρ
809 2761 962 2830 παρά
991 2759 1100 2814 τῶν
1134 2759 1442 2830 ἀνθρώπων
1473 2760 1601 2827 δόξα
1643 2760 1751 2815 τῶν
1786 2759 1940 2826 δοξαο

2115 2762 2387 2834 Chrysost.
2429 2765 2638 2820 Etenim
2691 2780 2813 2836 qua:
2865 2767 2934 2822 ab
2995 2767 3310 2822 hominibus
3353 2765 3633 2821 confertur

367 2852 574 2918 ζόντων
603 2853 854 2922 μιμεῖται
877 2851 979 2920 τὴν
1010 2851 1310 2915 εὐτέλειαν,
1338 2852 1460 2905 ὅθεν
1489 2853 1585 2906 καὶ
1618 2854 1949 2922 μεταπίπτει

2054 2856 2262 2924 gloria.
2314 2856 2717 2913 conferentium
2779 2858 3042 2913 vilitatem
3114 2859 3402 2926 sequitur,
3457 2875 3633 2926 quare

369 2942 567 3015 ῥᾳδίως
595 2942 668 3012 ’ἡ
721 2942 780 2996 δέ
817 2942 911 2996 τοῦ
947 2941 1081 2995 Θεοῦ
1125 2943 1225 3012 οὐχ
1277 2941 1472 3006 οὕτως,
1523 2941 1642 2996 ἀλλ’
1692 2943 1948 3016 ἀκίνητος

2057 2947 2221 3000 etiam
2278 2946 2434 3002 facile
2466 2947 2725 3002 dilabitur
2772 2966 2787 3002 :
2831 2949 3012 3003 divina
3045 2963 3174 3002 vero
3216 2963 3323 3002 nun
3371 2949 3443 3002 ita
3489 2948 3631 3000 ﬂuxa

373 3034 526 3104 μένει
553 3034 838 3104 διηνεκῶς.
869 3033 979 3086 Καὶ
1007 3031 1161 3088 ταῦτ’
1197 3033 1490 3103 ἀμφότερα
1538 3033 1716 3105 δηλῶν
1743 3039 1770 3090 ό
1813 3053 1952 3107 προ-

373 3128 575 3198 φήτης,
605 3126 872 3196 κάκείνης
915 3127 977 3181 τὺ
1006 3125 1464 3195 ἐμμετάπτωτον,
1510 3128 1605 3179 καὶ
1653 3128 1860 3198 ταύτης
1893 3127 1953 3181 τὸ

375 3220 633 3291 μόνιμον,
682 3218 858 3280 οὕτως
911 3217 1134 3286 ἔλεγεν·
1187 3237 1208 3270 ι
1243 3218 1402 3273 Πᾶσα
1443 3217 1582 3288 σὰρξ
1617 3219 1831 3290 χόρτος,
1859 3218 1953 3272 καί¹

377 3309 528 3362 πᾶσα
557 3307 684 3375 δόξα
714 3307 1007 3377 ἀνθρώπου
1055 3306 1130 3370 ὡς
1175 3306 1338 3370 ἄνθος
1370 3306 1587 3377 χόρτου.
1627 3327 1646 3361 ι
1700 3308 1955 3364 Ἀπασαν

375 3403 475 3474 τὴν
505 3400 852 3475 ἀνθρωπίνην
889 3399 1192 3472 εὐημερίαν
1235 3400 1355 3454 οὐδὲ
1402 3402 1538 3470 πρὸς
1569 3401 1785 3472 χόρτον,
1838 3401 1953 3454 ἀλλ’

378 3494 573 3560 ἑτέραν
603 3493 738 3564 ὕλην
793 3491 1179 3562 εὐτελεστέραν
1219 3492 1247 3544 ό
1281 3491 1567 3562 προφήτης
1619 3485 1956 3563 παρέϐαλεν,

379 3585 540 3650 ἄνθος
572 3585 741 3656 αὐτὴν
791 3583 1064 3654 ὀνομάσας
1097 3583 1294 3654 χόρτου
1347 3584 1529 3636 πᾶσαν
1584 3581 1740 3649 ἐμοῦ.
1790 3583 1956 3636 Οὐδὲν

383 3678 493 3749 γὰρ
525 3678 691 3746 μέρος
718 3677 902 3732 αὐτῶν
952 3676 1281 3747 προέθηκεν,
1313 3670 1426 3729 οἷον
1458 3674 1708 3742 πλοῦτον,
1747 3674 1781 3743 ἢ
1828 3692 1959 3745 τρυ-

382 3771 515 3841 φὴν,
545 3770 582 3841 ἦ
618 3769 964 3835 δυναστείαν,
1012 3769 1047 3840 ἢ
1077 3767 1268 3840 τιμὴν,
1317 3768 1353 3839 ἦ
1397 3785 1451 3821 τι
1496 3767 1772 3822 τοιοῦτον·
1803 3768 1960 3839 tam

384 3861 566 3916 πάντα
606 3861 676 3916 τὰ
704 3862 763 3916 ἐν
791 3861 1102 3931 ἀνθρώποις
1134 3857 1368 3931 λαμπρά
1398 3860 1498 3930 μιᾷ
1547 3859 1856 3930 προηγορία
1889 3861 1957 3930 τῇ

384 3954 486 4025 τῆς
539 3953 700 4024 δόξης
751 3952 1088 4023 περιϐαλὼν,
1133 3951 1308 4016 οὕτως
1344 3953 1590 4022 ἐπήγαγε
1643 3952 1743 4024 τὴν
1774 3953 1962 4007 εἰκόνα

383 4045 480 4101 τοῦ
513 4046 730 4117 χόρτου,
767 4045 973 4100 εἰπών’
1019 4063 1040 4098 ι
1087 4047 1246 4101 Πᾶσα
1282 4044 1413 4111 δόξα
1441 4042 1736 4116 ἀνθρώπου
1763 4043 1840 4108 ὡς
1869 4045 1962 4100 άν-

383 4138 476 4203 θος
505 4139 724 4211 χόρτου,
764 4131 1040 4211 ἐξηράνθη
1089 4140 1303 4211 χόρτος,
1355 4139 1452 4192 καὶ
1497 4138 1556 4192 τὸ
1585 4136 1746 4202 ἄνθος
1772 4135 1966 4201 ἐξέπε-

387 4247 503 4287 σεν.
542 4251 563 4284 ι

456 4345 620 4398 Φύσει
654 4344 754 4415 μὲν
787 4344 898 4414 γὰρ
932 4345 1124 4415 χόρτου
1162 4344 1374 4416 (φησὶν)
1421 4344 1566 4400 ἔοικε
1608 4345 1718 4401 τῶν
1751 4345 1966 4418 ἀνθρώ-

387 4455 506 4493 πων
537 4438 599 4492 τὸ
627 4439 804 4508 γένος,
857 4437 992 4509 ἄνθη
1037 4437 1095 4491 δὲ
1129 4438 1326 4508 χόρτου
1377 4438 1411 4508 ἠ
1453 4439 1808 4510 ἐπιγινομένη
1841 4439 1968 4506 δόξα

389 4532 483 4586 καὶ
511 4531 823 4588 δυναστεία.
869 4531 982 4585 Καὶ
1019 4512 1274 4601 καθάπερ
1326 4527 1422 4583 τοῦ
1469 4528 1666 4600 χόρτου
1713 4530 1969 4602 ξηραινο-

392 4624 554 4693 μένου
586 4623 649 4677 τὸ
692 4621 856 4686 ἄνθος
903 4620 1182 4688 ἐκπίπτει,
1227 4621 1372 4675 οὕτω
1417 4620 1514 4676 τοῦ
1569 4620 1802 4678 θανάτου
1857 4625 1969 4687 τοῖς

390 4712 698 4784 ἀνθρώποις
731 4711 979 4777 ἐπιόντος
1005 4712 1039 4783 ὴ
1072 4709 1369 4766 δυναστεία
1397 4708 1492 4764 καὶ
1521 4709 1556 4781 ἠ
1585 4709 1969 4781 ὕπερηφάνεια

392 4804 696 4858 σὸἐννυται.

463 4895 546 4950 Τά
585 4895 688 4966 μὲν
711 4894 854 4964 φυτὰ
881 4894 991 4952 ἀπὸ
1020 4893 1124 4962 τῆς
1169 4892 1349 4966 ῥίζης,
1386 4893 1420 4964 ἠ
1469 4891 1528 4948 δὲ
1554 4891 1683 4961 δόξα
1735 4893 1843 4948 ἀπὸ
1871 4893 1972 4962 τῆς

393 4987 618 5058 πρώτης
639 4987 856 5057 λήψεως
888 4985 990 5060 [αι.
1025 4983 1246 5058 λίξεως]
1278 4984 1457 5052 αὔξει.

469 5102 660 5167 Οὐδεὶς
687 5100 991 5174 φροντίζων
1029 5101 1191 5171 δόξης
1231 5101 1444 5173 ἀγαθῆς
1485 5099 1686 5170 γένοιτ’
1734 5100 1801 5154 ἂν
1833 5098 1972 5171 ἀνὴρ

395 5193 624 5264 φαῦλος.
654 5193 836 5248 Καλὸν
859 5194 916 5248 δέ
948 5191 1073 5248 ἀντὶ
1108 5191 1210 5265 [αι.
1259 5192 1374 5265 ἀρ’]
1418 5191 1680 5264 βραχείας
1731 5190 1973 5246 ἀπολαύ-

399 5297 538 5347 σεως
567 5281 901 5348 ἀλλάξασθαι
930 5281 1094 5349 δόξαν
1123 5280 1362 5336 αἰώνιον.

480 5395 725 5466 Ἀξίωμα
757 5395 1018 5466 μέγιστόν
1063 5395 1212 5449 ἐστιν
1245 5395 1306 5449 οὐ
1351 5395 1414 5450 τὸ
1451 5394 1756 5467 κεχρῆσθαι
1789 5393 1975 5463 τιμαῖς

398 5487 500 5562 [σί.
529 5485 743 5560 τιμῆς],
773 5487 911 5542 ἀλλὰ
930 5487 991 5540 τὸ
1024 5484 1176 5552 ἄξιον
1204 5487 1399 5542 ἑαυτὸν
1439 5485 1574 5558 [fon
1605 5483 1809 5556 αὐτῶν]
1836 5481 1973 5538 εἶναι

397 5579 736 5651 νομίζεσθαι.

469 5667 574 5731 ’Ὧν
602 5677 702 5742 τὰς
735 5675 897 5743 δόξας
927 5673 1134 5746 ζηλοῖς,
1171 5673 1378 5728 τούτων
1412 5671 1506 5727 καὶ
1532 5671 1600 5728 τὰ
1627 5672 1808 5742 ἁγαθά
1840 5670 1980 5743 πρά-

400 5763 519 5836 Ens-

2053 3048 2157 3105 est,
2179 3039 2274 3094 sed
2294 3048 2556 3109 perpetuo
2581 3039 2796 3095 stabilis
2816 3039 3087 3094 manct.Et
3114 3041 3225 3095 haec
3243 3041 3404 3094 ambo
3428 3039 3632 3094 docens

2057 3131 2343 3200 propheta,
2409 3131 2578 3197 illius,
2632 3131 2872 3201 inquam.
2933 3131 3299 3186 lubricitatem
3364 3140 3417 3186 et
3467 3131 3632 3198 hujus

2055 3223 2432 3290 stabilitatem,
2454 3223 2541 3278 his
2566 3222 2747 3278 verbis
2776 3222 2978 3276 utitur:
3005 3240 3024 3274 ι
3055 3221 3250 3276 Omnis
3279 3236 3408 3276 caro
3443 3223 3630 3276 fenum

2055 3320 2160 3379 est,
2195 3321 2250 3368 et
2279 3315 2459 3369 omnis
2487 3313 2655 3382 gloria
2685 3312 2926 3368 hominis
2947 3328 3048 3369 ceu
3079 3313 3178 3370 ﬂos
3205 3313 3345 3370 feni:
3385 3331 3403 3365 ι
3432 3313 3633 3380 quibus

2057 3419 2274 3460 omnem
2295 3405 2586 3459 humanam
2605 3403 2921 3460 felicitatem
2941 3419 3009 3459 ne
3029 3403 3156 3459 feno
3172 3405 3411 3473 quidem,
3432 3405 3526 3459 sed
3551 3404 3634 3455 vi-

2055 3496 2176 3551 liori
2223 3499 2460 3552 materia
2481 3497 3065 3567 comparando,ﬂorem
3091 3498 3197 3552 feni
3219 3505 3388 3552 totam
3414 3512 3535 3552 eam
3562 3511 3634 3550 Sl-

2057 3587 2168 3643 mul
2188 3585 2741 3643 nominavit.anlam
2759 3587 2905 3642 enim
2928 3596 3135 3658 partem
3154 3587 3274 3655 ejus
3304 3587 3547 3658 praefert,
3579 3599 3634 3639 ut

2058 3679 2297 3745 divitias,
2329 3688 2423 3734 aut
2453 3678 2810 3748 voluptatem,
2834 3685 2928 3732 aut
2980 3679 3302 3748 potentiam,
3333 3687 3428 3734 aut
3464 3681 3636 3735 hono-

2059 3787 2199 3838 rem,
2217 3781 2313 3827 aut
2329 3769 2536 3840 aliquid
2555 3770 2891 3837 huiusmodi,
2911 3770 3006 3825 sed
3030 3769 3214 3826 omnia
3235 3773 3372 3825 inter
3392 3770 3638 3826 homines

2062 3862 2344 3932 splendida
2374 3860 2845 3932 comprehendens
2887 3875 2992 3915 una
3033 3859 3393 3930 appellatione
3426 3860 3635 3929 gloriae,

2065 3954 2179 4010 feni
2227 3953 2644 4009 similitudinem
2687 3951 2992 4025 subiungit,
3033 3953 3288 4024 inquiens
3323 3967 3339 4004 :
3398 3971 3416 4005 ι
3448 3951 3636 4008 Omnis

2067 4046 2240 4118 gloria
2271 4044 2510 4101 hominis
2539 4053 2623 4101 est
2650 4053 2909 4115 tanquam
2965 4041 3067 4100 ﬂos
3099 4042 3387 4116 graminis,
3413 4057 3637 4115 gramen

2067 4137 2284 4194 exaruit
2303 4144 2356 4194 et
2415 4134 2518 4192 ﬂos
2547 4134 2763 4191 cecidit.
2795 4150 2815 4187 ι

2142 4336 2206 4393 S.
2239 4335 2446 4407 Cyrilh'.
2487 4333 2783 4389 Hominum
2833 4349 3005 4404 genus
3056 4335 3234 4390 simile
3283 4345 3366 4389 est
3436 4342 3645 4388 natum

2068 4427 2356 4498 graminis,
2384 4425 2546 4481 flores
2578 4435 2758 4480 autem
2777 4424 3037 4495 graminis
3065 4435 3194 4480 sunt
3223 4441 3345 4493 quae
3378 4427 3645 4480 accrescit

2070 4521 2243 4592 gloria
2279 4527 2334 4575 et
2363 4517 2610 4590 potentia
2639 4532 2654 4572 :
2689 4527 2743 4572 et
2769 4518 2916 4572 sicut
2939 4525 3225 4572 arescente
3271 4518 3520 4587 gramine
3547 4517 3647 4574 ﬂos

2069 4611 2295 4674 excidit,
2327 4609 2408 4664 sic
2437 4615 2615 4664 morte
2641 4607 2958 4663 hominibus
2991 4607 3278 4677 ingruente
3320 4608 3562 4678 potentia
3592 4616 3648 4665 et

2071 4704 2322 4774 superbia
2349 4702 2792 4772 exstinguuntur.

2151 4883 2443 4939 Plutarchi.
2483 4882 2693 4937 Planta:
2733 4883 2952 4953 quidem
2995 4898 3024 4938 a
3069 4883 3276 4951 radice,
3311 4880 3485 4953 gloria
3521 4895 3651 4937 vero

2073 4977 2128 5048 (a
2154 4979 2299 5032 bono
2337 4973 2522 5045 opere)
2549 4977 2770 5031 crescit.

2144 5089 2338 5146 Nullus
2366 5090 2653 5146 honestam
2694 5089 2921 5159 gloriam
2958 5102 3178 5153 curans,
3208 5088 3293 5144 vir
3323 5087 3499 5144 malus
3529 5102 3652 5146 esse

2076 5191 2278 5254 potest.
2341 5181 2640 5237 Pulchrum
2687 5187 2771 5236 est
2821 5181 2970 5235 enim
3031 5196 3134 5252 pro
3177 5180 3328 5235 brevi
3376 5180 3654 5251 voluptate

2078 5287 2337 5333 aeternam
2381 5275 2606 5346 gloriam
2635 5275 2998 5346 permutando
3035 5275 3298 5330 nancisci.

2148 5388 2371 5443 Aristot.
2407 5385 2642 5442 Maxima
2677 5386 2915 5457 dignitas
2949 5396 3054 5454 est,
3101 5401 3212 5442 non
3241 5385 3462 5457 quidem
3495 5399 3656 5441 usur-

2081 5498 2209 5554 pare
2238 5484 2528 5549 honorem,
2566 5480 2662 5538 sed
2693 5481 2904 5536 honore
2930 5480 3156 5552 dignum
3185 5478 3510 5537 existimari.
3561 5537 3567 5540 _

2152 5663 2426 5719 Isocratis.
2478 5661 2724 5730 Quorum
2755 5660 2984 5732 gloriam
3005 5657 3306 5728 aemularis,
3338 5652 3657 5714 earumdem

2078 5759 2219 5816 bona
2251 5756 2433 5813 facito.
