4038 6460
349 357 458 419 ῡατ
1575 351 1893 413 ANTONII
1938 357 1944 414 Ξ

2027 356 2284 416 ELISSxE
3512 349 3622 416 968

425 465 684 520 Philonis.
720 465 822 530 Qui
855 461 1282 518 didicitobedire
1319 476 1440 516 mox
1467 463 1628 516 etiam
1659 464 1932 533 imperare
1967 471 2002 525 Α

2118 469 2178 521 '0
2217 469 2407 538 μαθὼν
2435 470 2723 540 ἄρχεσθαι,
2761 471 2855 522 καὶ
2882 471 3074 542 ἄρχειν
3117 467 3278 532 εὐθὺς
3315 466 3622 538 μανθάνει⁹

349 560 532 612 disrit.
583 555 714 610 Nam
765 554 860 626 qui
911 556 1105 624 subjici
1157 570 1268 610 nou
1318 563 1476 608 antea
1511 556 1785 618 didicerit,
1829 571 1934 610 nec

2039 562 2160 614 οὐδὲ
2208 563 2344 630 γὰρ,
2380 562 2429 614 εἰ
2464 563 2647 630 πάσης
2693 567 2794 632 γῆς
2850 565 2945 616 καὶ
2979 561 3258 633 Θαλάσσης
3307 561 3368 615 τὸ
3417 559 3621 630 κράτος

353 650 579 705 obmlire
609 649 900 702 institutus
953 646 1138 711 fuerit,
1181 647 1226 700 is
1261 661 1604 716 nequaquam
1638 662 1801 701 verus
1850 656 1934 702 est

2039 651 2309 720 ἀνάψαιτό
2349 671 2453 715 τις,
2485 653 2670 724 ἄρχων
2701 653 2766 706 ἂν
2811 656 2896 722 εἴη
2948 655 3082 724 πρὸς
3117 652 3396 721 ἀλήθειαν,
3449 653 3500 706 εί
3545 652 3625 721 μὴ

356 743 627 810 princeps,
686 739 818 794 licet
887 737 1056 792 totius
1113 748 1271 794 terrte
1317 748 1372 793 et
1420 739 1588 795 maris
1644 740 1934 809 imperium

1644 740 1934 809 imperium
2045 749 2195 820 μάθῃ
2229 749 2322 802 καί⁵
2352 748 2774 819 προπαιδευθείη
2805 749 2865 802 τὸ
2900 748 3186 818 ἄρχεσθαι.

357 835 576 890 habent.

429 943 514 999 Ex
550 944 972 1015 Antiquitatibus
1012 942 1246 1010 Iosephi.
1273 941 1473 998 Omnes
1497 946 1588 1012 qui
1631 953 1775 998 recte
1809 945 1940 998 obe-

2119 949 2326 1012 Πάντες
2357 949 2402 1002 οἱ
2433 948 2698 1018 ἄρχεσθαι
2731 945 2913 1009 καλῶς
2967 943 3374 1014 μεμαθηκότες,
3401 941 3496 995 καὶ
3523 938 3628 1009 ἆρ-

357 1037 475 1090 dire
522 1036 853 1103 didicerunt,
878 1036 1054 1092 scient
1083 1037 1250 1089 etiam
1284 1036 1580 1104 imperare,
1612 1043 1938 1104 potestatem

1667 1043 1938 1090 itestatem
2045 1057 2163 1110 χειν
2193 1041 2450 1105 εἴσονται,
2483 1039 2847 1107 παρελθόντες
2883 1038 2963 1098 είς
2991 1034 3262 1104 ἐξουσίαν.

355 1130 556 1201 adepti.

751 1285 984 1342 δεηΜο
1025 1283 1162 1338 an
1195 1283 1296 1356 [aL
1317 1281 1547 1356 XCIX].

2651 1282 2872 1337 ΛΟΓΟΣ
2913 1282 3032 1338 EB’.
3584 1360 3596 1371 .

973 1416 1050 1470 De
1082 1417 1315 1470 invidia.

2615 1417 2753 1484 Περὶ
2805 1417 3057 1485 φθόνου.

441 1531 643 1585 Matth.
678 1547 770 1587 xx.
807 1529 1098 1584 Venientes
1143 1540 1325 1584 autem
1392 1528 1553 1598 primi
1592 1527 1862 1598 putabant
1886 1541 1946 1581 se

2129 1533 2414 1596 Ἐλθόντες
2436 1531 2494 1585 δὲ
2524 1530 2619 1583 ttat
2647 1527 2937 1597 οίξπρῶτοι
2984 1524 3246 1594 ἐνόμισαν
3270 1524 3354 1578 ὅτι
3407 1523 3641 1578 πλείονα

363 1624 517 1691 plura
577 1631 918 1689 accepturos,
977 1631 1030 1675 et
1068 1620 1168 1691 ipsi
1194 1634 1409 1690 quoque
1434 1627 1761 1688 acceperunt
1783 1618 1949 1672 dena-

1863 1632 1949 1670 na-
2047 1625 2338 1695 λήψονται,
2374 1624 2469 1677 καὶ
2491 1620 2684 1676 ἔλαϐον
2715 1621 2810 1672 καὶ
2843 1619 3011 1673 αὐτοὶ
3040 1616 3150 1670 ἀνὰ
3184 1615 3458 1685 δηνάριον.

364 1715 504 1766 rium
537 1714 760 1781 singuli.

440 1804 601 1874 108
624 1803 741 1858 Jac.
775 1819 854 1860 III.
895 1802 996 1859 Ubi
1025 1804 1304 1859 :emulatio
1332 1814 1386 1859 et
1416 1803 1720 1868 contentio,
1755 1802 1828 1857 ibi
1867 1802 1949 1856 in-
1980 1813 2022 1869 Β

2119 1804 2300 1859 ’Ὀπου
2333 1801 2496 1870 ζῆλος
2533 1799 2629 1853 καὶ
2676 1797 2908 1868 ὲριθεία,
2950 1796 3071 1849 ἐκεῖ
3121 1791 3513 1849 ἀκαταστασία
3541 1790 3644 1843 καὶ

364 1896 676 1949 constantia
704 1906 756 1950 et
777 1911 940 1951 omne
969 1911 1107 1966 opus
1139 1911 1391 1965 pravum.
1562 1962 1567 1967 ι

1088 1912 1107 1950 s
1139 1911 1391 1965 pravum.
1562 1962 1567 1967 ι
2052 1898 2161 1950 πᾶν
2191 1895 2394 1965 φαῦλον
2425 1895 2683 1964 πρᾶγμα.

443 1985 718 2040 Salomon.
747 1983 950 2040 Invidia
973 1985 1118 2056 quod
1146 1987 1334 2041 utilius
1358 1996 1440 2040 est
1469 1985 1722 2057 praeferre
1749 1987 1949 2042 nescit.

1717 2005 1722 2037 ε
1749 1987 1949 2042 nescit.
2121 1989 2317 2049 Φθόνος
2341 1987 2442 2040 οὐκ
2467 1981 2576 2039 οἶδε
2604 1985 2888 2055 προτιμᾷν
2918 1982 2980 2035 τδ
3008 1980 3312 2051 συμφέρον.

437 2077 752 2132 ᾹΞηιιιΙοιυι·
789 2077 971 2133 socius
999 2078 1232 2134 socium.

2124 2079 2206 2149 Τιῖ
2242 2078 2398 2149 ἀνδρὶ
2421 2079 2448 2130 ὁ
2486 2077 2647 2148 ζῆλος
2683 2076 2835 2146 παρὰ
2865 2073 2958 2127 τοῦ
2983 2074 3200 2144 ἑταίρου
3233 2071 3424 2128 αὐτοῦ.

441 2190 609 2246 Eccli.
642 2208 854 2248 xxxvii.
884 2191 963 2247 Ne
987 2195 1270 2248 consultes
1307 2207 1430 2247 cum
1458 2207 1524 2246 eo
1546 2193 1639 2262 qui
1679 2201 1730 2247 te
1757 2207 1946 2262 suspe-

2123 2193 2216 2262 Μὴ
2277 2190 2654 2262 συμϐουλεύου
2712 2189 2852 2258 μετὰ
2908 2186 3364 2256 ύποϐλεπομένου
3401 2201 3494 2239 σεο
3526 2184 3649 2239 ἀπὸ

367 2292 514 2336 ctum
583 2283 799 2351 habet;
877 2285 1265 2340 mniulantibus
1329 2286 1608 2339 absconde
1659 2285 1950 2339 consilium

1579 2300 1608 2339 e
1659 2285 1950 2339 consilium
2053 2284 2162 2338 τῶν
2183 2283 2494 2356 ζηλούντων
2516 2281 2792 2352 ἔκκρυψον
2821 2280 3020 2350 βουλήν
3050 2297 3169 2336 σου.

367 2382 546 2427 tuum.

443 2462 505 2518 S.
549 2464 759 2520 Basilii.
809 2465 1016 2530 Invide,
1084 2466 1213 2536 quid
1268 2466 1557 2537 suspiras?
1607 2466 1957 2536 propriumne

2128 2460 2194 2513 Τί
2227 2459 2528 2523 στενάζεις,
2564 2457 2792 2527 φθονερέ
2820 2473 2836 2524 ;
2869 2458 2928 2510 τὸ
2952 2456 3087 2510 ῐδιον
3110 2454 3302 2521 κακὸν,
3333 2454 3366 2524 ἢ
3397 2454 3456 2507 τὸ
3485 2453 3646 2506 ἁλλό-

373 2555 598 2619 malum,
637 2567 732 2610 aut
760 2556 997 2611 alienum
1033 2557 1285 2610 bonum?

890 2573 997 2611 tum
1033 2557 1285 2610 bonum?
2057 2570 2208 2624 τριον
2239 2551 2442 2620 ἀγαθόν
2473 2569 2485 2615 ;

443 2644 558 2699 Non
592 2647 741 2712 vides
770 2649 943 2716 qualis
992 2663 1080 2704 res
1117 2649 1396 2702 simulatio
1433 2650 1505 2702 sit
1535 2648 1560 2702 ?
1593 2657 1649 2703 et
1687 2648 1801 2702 haec
1839 2649 1956 2702 fru-

2133 2649 2246 2718 Ούχ
2289 2648 2424 2718 ὁρᾷς
2469 2644 2662 2715 ἡλίκον
2720 2644 2868 2696 ἐστὶν
2918 2643 2951 2712 ἡ
3001 2642 3330 2709 ὑπόκρισις;
3369 2640 3465 2693 καὶ
3498 2638 3648 2708 αῦτη

371 2744 494 2790 ctus
526 2739 878 2802 est,invidi:=e.
929 2738 1158 2794 Animus
1189 2741 1336 2793 enim
1386 2739 1608 2808 duplex,
1638 2751 1693 2794 ct
1723 2740 1957 2795 diversis

2059 2744 2272 2817 καρπός
2305 2744 2422 2796 ἐστι
2459 2741 2554 2794 τοῦ
2597 2739 2815 2809 φθόνου.
2845 2737 2920 2790 Τὸ
2954 2738 3062 2806 γὰρ
3088 2735 3311 2789 διπλοῦν
3358 2734 3449 2786 τοῦ
3474 2733 3647 2804 ἤθους

375 2829 638 2899 atlingens
683 2846 742 2886 se
791 2833 1066 2901 partibus,
1099 2848 1165 2887 ex
1198 2833 1398 2887 invidia
1443 2833 1680 2887 maxime
1714 2831 1955 2887 homini-

1767 2834 1955 2887 )mini-
2060 2840 2124 2890 ὲκ
2152 2837 2350 2908 φθόνου
2379 2835 2616 2906 μάλιστα
2646 2834 2759 2894 τοῖς
2780 2829 3092 2900 ἀνθρώποις
3127 2829 3362 2898 γίνεται.

373 2921 478 2977 bus
501 2922 730 2978 accedit.

453 3011 645 3069 Nullus
682 3013 1043 3082 perniciosior
1079 3013 1306 3070 affectus
1330 3013 1530 3068 animis
1562 3011 1845 3066 hominum
1876 3012 1960 3066 in-

2133 3011 2335 3065 Φθόνου
2376 3010 2485 3079 γὰρ
2513 3006 2685 3069 πάθος
2706 3004 2860 3058 οὐδὲν
2900 3001 3299 3071 όλεθριώτερον
3325 2998 3525 3068 ψυχαῖς
3552 2997 3653 3050 άν-

379 3104 624 3158 nascitur
655 3119 816 3174 quam
845 3104 1074 3158 invidia.

1032 3119 1074 3157 ι.
1987 3146 2033 3206 c
2066 3104 2303 3178 θρώπων
2333 3101 2627 3173 ἐμφύεται.

451 3196 584 3249 Nam
614 3205 673 3249 ut
709 3211 894 3265 zerugo
935 3195 1168 3259 ferrum,
1215 3195 1297 3250 sic
1345 3195 1552 3250 invidia
1618 3210 1783 3269 quam
1825 3192 1962 3250 infe-
1988 3182 2033 3206 ν

2137 3197 2351 3264 Ὥσπερ
2384 3195 2492 3264 γὰρ
2525 3193 2602 3254 ίὸς
2647 3190 2740 3244 τὸν
2781 3189 3023 3258 σίδηρον,
3057 3186 3232 3250 οὕτως
3267 3186 3294 3238 ό
3319 3184 3512 3255 φθόνος
3544 3182 3651 3253 τὴν

377 3288 453 3342 cit
477 3291 722 3341 animam
755 3289 1050 3341 consumit.

2066 3289 2300 3360 ἔχουσαν
2322 3287 2487 3341 αὐτὸν
2525 3284 2704 3356 ψυχὴν
2741 3282 3109 3348 ὲξαναλίσκει.

451 3379 630 3434 Canes
666 3379 1032 3433 nutricatione
1056 3379 1393 3442 cicurantur,
1443 3390 1497 3434 et
1541 3381 1687 3436 cultu
1714 3395 1965 3436 mansue-

2138 3382 2203 3436 OI
2231 3379 2392 3442 κύνες
2425 3377 2752 3448 τρεφόμενοι
2798 3373 3155 3444 ἡμεροῦνται,
3195 3372 3292 3426 καὶ
3341 3373 3390 3424 oi
3433 3371 3654 3434 λέοντες

383 3473 747 3529 scuntleones
781 3487 796 3525 :
833 3472 1000 3526 invidi
1035 3485 1168 3525 vero
1195 3471 1261 3526 ad
1293 3471 1556 3541 obsequia
1613 3472 1786 3540 magis
1828 3471 1959 3526 επο-

2068 3473 2374 3545 χειροήθεις
2405 3469 2839 3542 θεραπευόμενοι
2875 3467 3143 3535 γίνονται.
3180 3467 3243 3520 Οἱ
3288 3465 3346 3518 δὲ
3383 3464 3653 3536 βάσκανοι

385 3575 598 3620 ralllur-
1123 3555 1132 3562 ⁷
2067 3569 2188 3630 ταῖς
2225 3564 2546 3631 θεραπείαις
2580 3561 2742 3615 πλέον
2777 3559 3240 3629 ὲξαγριαίνονται.

459 3655 738 3724 Scriptura
789 3655 974 3710 multis
1021 3657 1073 3707 in
1122 3653 1257 3709 locis
1307 3655 1572 3711 invidiam
1631 3670 1755 3711 cum
1819 3657 1966 3711 caede

2144 3656 2308 3720 Ἐθος
2336 3657 2402 3724 τῇ
2428 3654 2619 3724 Γραφῇ
2652 3648 2921 3719 πολλαχοῦ
2955 3649 3093 3719 μετά
3129 3647 3222 3702 τοῦ
3246 3648 3408 3716 φόνου
3428 3647 3655 3699 τάσσειν

386 3749 654 3804 nominat.

2069 3751 2161 3805 τὸν
2192 3748 2403 3816 φθόνον.

459 3841 932 3906 Quemadmodum
968 3840 1162 3910 rubigo
1185 3840 1464 3910 peculiare
1497 3850 1581 3897 est
1621 3841 1814 3895 vitium
1858 3839 1971 3896 fru-

2148 3844 2363 3910 Ὤσπερ
2398 3840 2431 3909 ἠ
2474 3835 2704 3906 ὲρυσίδη
2764 3832 2896 3887 ίδιόν
2929 3833 3044 3887 ὲστι
3079 3832 3174 3886 τοῦ
3230 3833 3380 3887 σίτου
3413 3833 3656 3903 νόσημα,

391 3935 579 3994 menti,
615 3933 694 3987 sic
750 3933 949 3984 invidia
981 3933 1204 3986 morbus
1229 3940 1314 3986 est
1337 3932 1608 3986 amicitiae.

2077 3939 2252 3999 οὕτως
2281 3936 2308 3988 ὁ
2337 3934 2530 4004 φθόνος
2559 3930 2741 4001 φιλίας
2776 3931 2927 3983 ἐστὶν
2954 3930 3321 4003 ἀρρώστημα.

465 4024 669 4078 Inimici
703 4024 987 4092 probitatis
1009 4024 1281 4077 daemones
1309 4038 1434 4077 cum
1464 4024 1565 4077 sibi
1599 4025 1891 4080 familiares
1920 4036 1975 4080 et

2146 4030 2210 4083 Οἱ
2264 4026 2547 4098 μισόκαλοι
2589 4025 2846 4094 δαίμονες
2901 4023 3127 4077 ἐπειδὰν
3171 4023 3378 4084 οἰκείας
3438 4023 3659 4083 ἑαυτοῖς

392 4127 668 4177 congruas
691 4113 988 4179 ‘hominum
1013 4112 1326 4167 voluntates
1354 4113 1689 4180 invenerint,
1717 4115 1973 4169 omnibus

2080 4122 2285 4194 εὕρωσι
2318 4118 2694 4190 προαιρέσεις,
2728 4116 2999 4179 παντοίως
3030 4116 3221 4177 αὐταῖς
3245 4115 3660 4184 ἀποκέχρηνται

405 4205 585 4258 modis
641 4204 944 4258 abutuntur
995 4205 1076 4258 eis
1127 4205 1192 4256 ad
1246 4219 1401 4258 suam
1439 4203 1740 4270 libidinem,
1788 4206 1862 4259 ita
1914 4215 1974 4259 ut

2077 4214 2214 4283 πρὸς
2243 4213 2304 4265 τὸ
2324 4211 2455 4264 ἴδιον
2491 4209 2760 4280 βούλημα,
2802 4207 2944 4261 ὥστε
2967 4207 3196 4269 καὶτοῖς
3223 4204 3520 4274 ὀφθαλμοῖς
3546 4204 3663 4256 τῶν

399 4296 563 4348 etiam
592 4295 767 4349 oculis
799 4295 1106 4350 invidorum
1127 4296 1194 4350 ad
1225 4297 1593 4351 ministerium
1625 4311 1736 4352 suae
1763 4297 1975 4365 cupidi-

2079 4303 2370 4375 βασκάνων
2402 4302 2482 4365 είς
2517 4300 2826 4370 ὑπηρεσίαν
2858 4296 3168 4369 χρήσασθαι
3198 4296 3293 4350 τοῦ
3335 4297 3468 4349 ἰδίου
3501 4295 3665 4365 θελή-

401 4388 530 4441 talis
559 4394 804 4440 utantur.

674 4395 804 4440 Itur.
2081 4412 2269 4466 ματος.

473 4497 740 4568 Theologi.
791 4496 910 4553 Noli
965 4497 1212 4555 invidere
1261 4498 1586 4569 praeclarum
1623 4499 1830 4568 aliquid
1885 4498 1968 4552 fa-
1998 4493 2052 4552 D

2148 4508 2241 4576 Μὴ
2277 4507 2568 4578 φθονήσεις
2613 4503 2690 4574 τῷ
2734 4502 3090 4576 κατορθοῦντι
3139 4502 3466 4573 όφθανηθεὶς
3497 4501 3663 4572 [forte

398 4591 585 4656 cienti,
619 4591 869 4659 quamvis
901 4589 1052 4644 illum
1090 4591 1186 4646 tibi
1224 4591 1470 4646 invidum
1515 4607 1638 4647 esse
1673 4608 1976 4662 persuasus

2078 4601 2154 4663 ὡς
2187 4598 2527 4669 φθονηθεὶςῖ,
2581 4597 2677 4651 καὶ
2727 4594 3045 4665 φθονεῖσθαι
3106 4597 3374 4660 πεισθεὶς,
3419 4596 3517 4648 καὶ
3567 4595 3663 4647 διὰ

398 4699 497 4745 sns.
526 4699 590 4738 ac
621 4685 742 4739 ideo
764 4698 1114 4744 succenseas.
1342 4718 1344 4720 τ

1038 4699 1114 4744 as.
1342 4718 1344 4720 τ
2078 4691 2236 4744 τοῦτο
2264 4691 2633 4762 κατενεχθείς.

353 4793 361 4830 θ
472 4797 692 4854 Utinam
727 4811 914 4870 pereat
940 4815 1004 4856 ex
1049 4800 1364 4856 hominibus
1395 4800 1624 4867 invidia,
1653 4800 1948 4855 habentiun

2165 4809 2251 4872 Ὦς
2303 4807 2555 4861 ἀπόλοιτο
2606 4807 2664 4872 ἐξ
2717 4805 3021 4876 ἀνθρώπων
3049 4806 3077 4858 ό
3114 4803 3392 4874 φθόνος,ή
3445 4802 3665 4870 δαπάνη

402 4910 462 4950 se
509 4892 878 4960 consumptio,
916 4901 971 4946 et
1013 4890 1330 4946 atl‘ectorum
1395 4905 1620 4960 aerugo:
1656 4889 1808 4945 solus
1840 4891 1981 4944 inter

2079 4902 2192 4956 τῶν
2218 4900 2478 4972 ἐχόντων,
2526 4899 2554 4951 ὁ
2585 4897 2691 4950 τῶν
2724 4897 3046 4967 πασχόντων
3099 4896 3176 4959 ίός
3197 4911 3210 4924 ·
3244 4895 3304 4947 τὸ
3337 4895 3500 4961 μόνον
3551 4894 3667 4946 τῖὐν

404 4986 633 5041 allectus
663 4984 1058 5054 injustissimus
1086 4982 1250 5037 simul
1277 4993 1330 5036 et
1355 4983 1727 5051 iustissimus;
1772 4983 1978 5052 justum

2080 4990 2272 5045 παθῶν
2294 4988 2630 5043 ἀδικώτατόν
2658 5005 2716 5040 τε
2749 4987 2868 5057 ἅμα
2901 4987 2996 5041 καὶ
3028 4986 3372 5040 δικαιότατον
3395 4999 3410 5014 °
3445 4984 3507 5039 τδ
3537 4985 3665 5052 μὲν,

402 5079 548 5144 dico,
580 5076 840 5146 quoniam
885 5073 1034 5128 laedit
1079 5088 1109 5128 a
1144 5073 1346 5143 quibus
1393 5072 1644 5138 fovetur;
1693 5071 1978 5142 iniustum,

2081 5085 2166 5136 ὅτι
2202 5083 2337 5135 πᾶσι
2369 5082 2568 5150 διοχλεί
2606 5081 2718 5142 τοῖς
2756 5079 2964 5144 καλοῖς,
2995 5079 3056 5132 τὸ
3105 5077 3186 5145 δὲ,
3220 5079 3303 5131 ὅτι
3334 5077 3512 5131 ἀδικεῖ
3535 5077 3667 5140 τοῦς

406 5167 535 5237 quia
567 5167 841 5236 praeclaris
867 5163 1125 5220 omnibus
1153 5163 1414 5218 molesms
1448 5174 1550 5218 est.

729 5167 841 5221 aris
867 5163 1125 5220 omnibus
1153 5163 1414 5218 molesms
1448 5174 1550 5218 est.
2081 5172 2324 5242 ἔχοντας.

481 5279 540 5334 8.
583 5279 864 5348 Chrysost.
913 5277 1122 5333 Invidet
1158 5275 1375 5344 quidem
1407 5276 1639 5340 daznion,
1679 5275 1772 5330 sed
1806 5275 1984 5330 homi-

2163 5282 2224 5335 Ὃ
2259 5282 2470 5352 δαίμων
2502 5281 2687 5349 φθονεῖ
2721 5281 2840 5350 μὲν,
2873 5278 3185 5349 ἀνθρώποις
3235 5279 3315 5344 δὲ,
3355 5278 3577 5347 δαίμονι
3605 5277 3667 5331 δὲ

409 5369 596 5434 nibus,
619 5369 752 5422 nulli
776 5383 902 5422 vero
935 5367 1192 5432 daemoni;
1219 5378 1270 5420 tu
1296 5381 1422 5420 vero
1439 5381 1562 5420 cum
1589 5367 1666 5421 sis
1686 5367 1864 5434 homo,
1889 5368 1984 5423 ho-

2084 5374 2294 5428 οὐδενίο
2327 5377 2390 5427 σὺ
2417 5373 2474 5426 δὲ
2507 5371 2796 5441 ἄνθρωπος
2830 5370 2926 5440 ὢν,
2968 5371 3280 5443 ἀνθρώποις
3305 5371 3543 5440 φθονεῖς,
3569 5373 3669 5426 καὶ

415 5459 658 5513 minibus
693 5457 930 5523 invides,
953 5467 1008 5512 et
1030 5457 1309 5526 quomodo
1348 5460 1704 5526 consequeris
1728 5458 1987 5514 veniam?

1255 5457 1309 5511 lo
1348 5460 1704 5526 consequeris
1728 5458 1987 5514 veniam?
2087 5468 2249 5529 ποίας
2277 5464 2445 5536 τεύξῃ
2477 5463 2807 5533 συγγνώμης
2835 5480 2850 5530 ;

484 5571 542 5627 Si
585 5571 675 5627 ille
701 5571 790 5641 qui
825 5570 999 5640 diligit
1035 5581 1334 5635 amantem,
1365 5570 1501 5625 nihil
1531 5572 1654 5638 plus
1681 5572 1847 5627 habet
1877 5589 1984 5642 pu-

2157 5577 2222 5631 Ei
2257 5577 2365 5649 γὰρ
2405 5579 2434 5630 ὁ
2466 5575 2557 5629 τὸν
2603 5575 2864 5644 φιλοῦντα
2904 5575 3137 5645 ἀγαπῶν
3169 5575 3322 5630 οὐδὲν
3351 5575 3514 5629 πλέον
3550 5575 3669 5646 ἔχει

411 5663 628 5719 blieano
665 5677 680 5717 :
724 5664 818 5732 qui
860 5664 987 5716 od-io
1019 5661 1184 5716 habet
1233 5662 1594 5730 immeritum,
1624 5665 1843 5734 qualem
1897 5663 1986 5728 ille

2085 5669 2341 5735 τελώνου,
2368 5670 2397 5722 ὁ
2431 5668 2521 5722 τὸν
2548 5667 2702 5724 οὐδὲν
2740 5667 3031 5724 ἀδικοῦντα
3065 5669 3242 5740 μισῶν
3277 5667 3437 5732 ποίας
3480 5667 3665 5734 τεύξει

417 5757 852 5815 benevolentiam
885 5763 1206 5826 assequetur
1236 5757 1258 5809 ?

1058 5763 1206 5811 ηριω-
1236 5757 1258 5809 εξ
2087 5779 2179 5816 ται
2211 5760 2653 5830 φιλανθρωπίας;
