4038 6402
308 308 416 372 969

1090 313 1266 376 LOCl
1306 312 1753 377 COMMUNES.
1784 339 1855 350 —
1885 313 2080 375 PARS
2126 316 2183 377 Ι.
2209 314 2470 377 SERMO
2511 314 2731 381 LXIII;

3475 321 3583 383 9'70

395 425 794 497 Ἀριστοτέλης,
830 425 1046 496 Φθόνος,
1096 429 1284 498 φησὶν,
1334 430 1746 501 ἀνταγωνιστής
1777 431 1896 485 ἐστι
1925 434 1951 491 .4

2075 435 2358 492 Aristotel.
2401 431 2743 497 Aristoteles,
2787 428 3016 497 Invidia,
3048 429 3245 502 inquit,
3291 430 3466 490 hostis
3498 445 3584 490 est

306 517 420 573 τῶν
443 519 836 589 εὐτυχούντων.

381 608 508 671 Τοῖς
540 608 641 679 μὲν
668 610 757 664 διὰ
788 609 881 664 τοῦ
916 610 1069 682 ἡλίου
1098 612 1489 683 πορευομένοις
1521 613 1720 668 ἕπεται
1753 614 1895 669 κατὰ

312 698 561 767 ἀνάγκην
608 704 778 756 σκιά·
808 704 922 768 τοῖς
979 704 1036 758 δὲ
1083 703 1176 758 διὰ
1218 703 1320 774 τῆς
1366 703 1525 777 δόξης
1580 704 1894 775 βαδίζουσιν

310 792 597 849 ἀκολουθεῖ
626 795 842 863 φθόνος.

383 881 593 952 Τὸλτῆς
615 884 775 955 δόξης
804 887 998 955 κάλλος
1025 888 1215 961 ὥσπερ
1245 889 1350 944 ὐπὸ
1374 889 1532 945 νόσου
1562 888 1660 945 τοῦ
1692 887 1893 959 φθόνου

310 970 448 1041 τοιχύ
476 974 923 1045 καταφθείρεται.

397 1065 722 1138 Ἀνάχαρσις
748 1069 778 1122 ό
819 1071 1037 1144 Σκύθης
1067 1074 1388 1147 ἐρωτηθεὶς,
1422 1075 1514 1130 διὰ
1552 1074 1675 1129 τίνα
1712 1073 1896 1128 αἰτίαν

311 1154 592 1227 ἄνθρωποι
643 1158 948 1218 λυποῦνται
991 1166 1245 1232 πάντοτε,
1279 1167 1383 1238 ἔφη
1407 1184 1421 1199 ο
1454 1167 1581 1222 Ὀτι
1622 1167 1683 1220 οὐ
1733 1167 1896 1236 μόνον

309 1248 508 1392 fregi:
552 1250 623 1307 τὰ
656 1254 764 1309 fata
795 1258 943 1312 κακὰ
973 1258 1153 1328 λυπεῖ,
1182 1261 1320 1317 ἀλλὰ
1373 1263 1470 1316 καὶ
1503 1261 1576 1316 τὰ
1631 1259 1893 1330 ἀλλότρια

350 1355 420 1392 γα
501 1380 516 1392 .

350 1340 516 1405 γαθά.

386 1429 598 1506 Ὠσπερ
631 1435 737 1491 ὐπὸ
764 1439 857 1492 τοῦ
893 1440 973 1495 toﬁ
1008 1441 1101 1495 τὸν
1133 1444 1370 1515 σίδηρον,
1402 1443 1547 1498 οὔτω
1593 1443 1722 1507 τοὺς
1763 1442 1895 1512 φθο-

311 1522 502 1593 νεροὺς
540 1525 647 1579 ὐπὸ
676 1527 770 1582 τοῦ
808 1528 941 1588 ἰδίου
969 1532 1137 1604 ἤθους
1171 1532 1582 1588 κατεσθίεσθαι.

310 1703 338 1757 ο
376 1614 453 1757 εὋ
489 1616 653 1683 αὐτὸς
682 1620 774 1674 τδν
815 1622 1011 1699 φθόνον
1064 1619 1222 1681 εἶπεν
1259 1626 1420 1689 ἕλκος
1449 1621 1592 1681 εεῖναι
1620 1625 1723 1694 τῆς
1754 1626 1892 1696 ἀλη·

343 1720 369 1757 ε
395 1722 480 1757 ας.

343 1720 480 1769 stag.

380 1798 577 1864 Φθόνος
618 1802 840 1870 στάσιος
862 1807 1039 1879 ἀρχὴν
1063 1809 1465 1880 ἀπεργάζεται.

357 1892 582 1983 ,Πολλοὶ
629 1894 898 1965 θανόντας
936 1902 1232 1972 ἀμείϐουσι
1265 1906 1384 1968 τοῖς
1434 1902 1650 1974 τάφοις,
1686 1904 1782 1968 οὓς
1819 1903 1898 1974 τῷ

311 1986 495 2059 φθόνῳ
517 1990 786 2063 πρότερον
824 1995 1068 2067 ἤλγυναν
1102 1998 1338 2066 ζῶντας.

395 2164 456 2218 '0
492 2167 656 2232 αὐτὸς
685 2169 780 2225 τὸν
812 2173 1005 2242 φθόνον
1039 2175 1143 2247 ἔφη
1173 2175 1275 2246 τῆς
1300 2176 1482 2249 ψυχῆς
1507 2175 1650 2234 εἴναι
1678 2182 1895 2253 πρίονα.

392 2259 728 2341 Κλεόϐουλος
785 2268 814 2319 ό
848 2267 1063 2331 Λίνδιος
1095 2271 1395 2343 ἐρωτηθεὶς
1422 2272 1529 2326 ὐπό
1572 2290 1739 2340 τινος,
1775 2275 1899 2329 τίνα

316 2349 399 2403 δεῖ
429 2351 672 2422 μάλιστα
726 2357 1117 2427 φυλάττεσθαι,
1169 2345 1369 2417 εἶπεν*
1408 2367 1530 2422 Τῶν
1581 2366 1683 2437 μὲν
1730 2366 1900 2436 φίλων

318 2445 411 2496 τον
442 2443 662 2514 φθόνον,
694 2450 803 2503 τῶν
835 2451 895 2506 δὲ
915 2453 1129 2523 ἐχθρῶν
1160 2455 1260 2527 τὴν
1284 2458 1605 2531 ἐπιϐουλήν.

390 2538 532 2593 Βίων
564 2543 591 2594 ὁ
622 2544 905 2614 σοφιστὴς,
934 2546 1059 2601 ἰδών
1107 2565 1232 2603 τινα
1265 2549 1530 2623 φθονερὸν
1562 2555 1772 2626 σφόδρα
1805 2574 1902 2610 κε-

321 2632 553 2699 κυφότα,
585 2630 775 2691 εἶπενο
813 2640 884 2692 Ἦ
909 2642 1087 2713 τούτῳ
1127 2644 1273 2714 μέγα
1315 2646 1489 2700 κακὸν
1524 2647 1899 2720 συμϐέϐηκεν,

321 2720 355 2791 ἢ
384 2722 529 2795 ἄλλῳ
551 2724 696 2797 μέγα
730 2728 957 2798 ἀγαθόν.

407 2906 658 2976 Ἀγάθων
683 2906 807 2965 εἷπε
839 2913 964 2978 τοὺς
996 2914 1293 2987 φθονεροὺς
1330 2918 1441 2972 τῶν
1475 2919 1783 2993 ἀνθρώπων
1804 2926 1906 2997 οὐχ

323 2997 499 3063 οὕτως
521 3001 917 3072 εὐφραίνεσθαι
956 3006 1050 3061 ἐπὶ
1079 3010 1194 3072 τοῖς
1243 3009 1397 3076 ἰδίοις
1428 3012 1677 3082 ἀγαθοῖς,
1704 3015 1782 3082 ὡς
1812 3018 1906 3073 ἐπὶ

321 3095 436 3155 τοῖς
468 3094 769 3165 ἀλλοτρίοις
805 3101 1018 3164 κακοῖς.

393 3184 774 3257 Θεμιστοκλῆς
825 3192 1116 3261 μειράκιον
1146 3193 1224 3248 ῶν
1271 3194 1427 3251 οὐδὲν
1478 3197 1582 3271 ἔφη
1641 3201 1908 3272 πράττειν

325 3272 614 3344 λαμπρόν·
677 3278 830 3333 οὔπω
879 3283 986 3352 γὰρ
1018 3283 1356 3352 φθονεῖσθαι.
1389 3286 1661 3360 Καθάπερ
1708 3291 1820 3361 γὰρ
1852 3293 1910 3346 αἱ

327 3366 650 3437 κανθαρίδες
680 3370 982 3441 ἐμφύονται
1042 3379 1278 3447 μάλιστα
1311 3380 1389 3450 τῷ
1427 3382 1730 3451 ἀκμάζοντι
1779 3384 1911 3456 σίτῳ

327 3459 422 3510 καὶ
474 3462 587 3523 τοῖς
635 3463 891 3519 εὐθαλέσι
928 3467 1140 3536 ῥόδοις·
1182 3468 1326 3526 οὕτω
1361 3473 1390 3524 ὁ
1429 3471 1629 3540 φθόνος
1674 3473 1911 3529 ἅπτεται

330 3548 569 3620 μάλιστα
620 3553 731 3608 τῶν
765 3557 1021 3627 χρηστῶν
1055 3559 1150 3613 καὶ
1186 3561 1573 3630 αὐξανομένων
1609 3563 1748 3632 πρὸς
1785 3548 1921 3634 ἀρε-Ἴ

327 3640 453 3711 τὴν,
484 3644 580 3696 καὶ
629 3642 791 3712 δόξαν
822 3647 970 3718 ἠθῶν
1006 3650 1100 3702 καὶ
1160 3649 1470 3721 προσώπων
1527 3652 1909 3724 κεκτημένων.

930 3830 1149 3883 ΛΟΓΟΣ
1187 3828 1317 3886 ΞΓ’.

889 3964 1030 4032 Περὶ
1058 3964 1340 4032 γέλωτος.

405 4100 546 4159 Οὐαὶ⁵
574 4100 704 4170 ὑμῖν
737 4100 786 4154 οἱ
825 4099 1117 4169 γελῶντες,
1152 4102 1236 4157 ὅτι
1265 4102 1569 4174 πενθήσετε
1592 4102 1596 4109 ’
1620 4106 1716 4159 καὶ
1755 4106 1919 4164 κλαύ-

337 4210 483 4254 σετε.

408 4286 738 4360 Δίσχρότης,
778 4287 876 4342 καὶ
906 4287 1239 4359 μωρολογία,
1288 4290 1386 4343 καὶ
1437 4290 1795 4362 εὐτραπελία,
1824 4293 1919 4347 καὶ

334 4376 404 4430 τὰ
429 4376 531 4431 οὐκ
580 4378 885 4450 ἀνήκοντα,
939 4377 1078 4449 μηδὲ
1118 4378 1479 4450 ὀνομαζέσθω
1503 4383 1562 4437 ἔν
1594 4383 1746 4455 ὐμτν,
1783 4384 1920 4440 ἀλλὰ

340 4470 544 4541 μᾶλλον
574 4470 916 4542 εὐχαριστία.

405 4563 673 4634 Διήγησις
714 4564 918 4634 μωρῶν
961 4565 1375 4636 προσόχθισμα,
1411 4567 1509 4622 καὶ
1556 4568 1584 4621 ό
1614 4568 1794 4637 γέλως
1824 4569 1923 4623 αὐ-

335 4655 446 4711 τῶν
481 4658 539 4708 ὲν
568 4656 825 4727 σπατάλῃ
873 4656 1175 4727 ἁμαρτίας.

413 4748 579 4818 Ἀχρι
609 4747 710 4816 μὲν
741 4746 852 4816 γὰρ
887 4746 1243 4818 μειδιάματος
1271 4749 1500 4821 φαιδροῦ
1537 4750 1639 4823 τὴν
1668 4752 1924 4824 διάχυσιν

337 4838 437 4908 τῆς
477 4838 661 4909 ψυχῆς
697 4839 1026 4906 ὑποφαίνειν
1084 4839 1207 4893 οὐκ.
1237 4841 1510 4913 ἀπρεπὲς,
1569 4844 1695 4897 ὅσον
1747 4844 1918 4910 δεῖξαι

344 4929 505 4999 μόνον
554 4931 618 4983 τὸ
661 4931 1053 5001 γεγραμμένον
1074 4946 1089 4961 ⁸
1128 4950 1147 4984 ι
1179 4933 1425 5003 Καρδίας
1455 4936 1919 5008 εὐφραινομὲνης,

342 5021 636 5093 πρόσωπον
664 5021 873 5079 θάλλει.
907 5041 926 5074 ι
974 5023 1376 5095 Ἐκκαχλὰζειν
1407 5027 1463 5080 δὲ
1505 5030 1570 5098 τῇ
1620 5030 1773 5099 φωνῇ
1821 5027 1921 5100 ἰαί.

341 5113 446 5185 τὴν
480 5112 713 5185 φωνὴνῙ,
742 5114 838 5168 καὶ
869 5114 1320 5186 ἁναὸράσσεσθαι
1354 5118 1456 5192 [αι.
1486 5119 1923 5192 ἀναῦράζεσθαι]

343 5201 405 5256 τὸ
450 5203 609 5275 σῶμα
634 5242 652 5271 ,
687 5205 750 5257 οὐ
828 5203 922 5259 τοῦ
967 5203 1244 5279 [δοκίμου]
1311 5209 1661 5280 περικρατῶς
1708 5208 1925 5280 ἔχοντος

346 5295 564 5350 ἑαυτοῦ.

422 5384 667 5449 Γέλωτος
700 5385 874 5456 θυμὸς
923 5385 1152 5457 ἔμφρων
1208 5390 1626 5459 προτιμότερος.
1668 5389 1929 5459 Αὐστηρᾷ

347 5474 459 5546 γὰρ
478 5475 724 5531 διαθέσει
764 5477 1066 5548 προσώπου
1110 5479 1474 5549 κατορθοῦται
1502 5482 1676 5551 ψυχή.

1931 3128 1978 3188 C

2000 527 2427 585 fortunatorum.

2084 619 2355 675 Plutarch.
2377 620 2435 675 ln
2460 619 2576 677 sole
2607 621 2951 679 ambulantes
2980 621 3301 679 necessario
3327 619 3580 693 sequitur

2000 714 2193 777 umbra
2224 755 2239 781 ,
2267 713 2321 768 in
2352 713 2523 785 gloria
2555 729 2687 771 vero
2709 716 3039 773 constitutos
3073 715 3298 771 invidia.

2070 903 2270 959 Gloriae
2307 900 2656 972 pulchritudo
2680 901 2748 957 ab
2767 900 2973 957 invidia
2995 901 3154 975 quasi
3184 900 3378 957 morbo
3400 899 3583 963 statim

1998 995 2401 1063 corrumpitur.

2079 1087 2382 1141 Anachars.
2424 1086 2759 1141 Anacharsis
2814 1085 3022 1154 Scytha
3076 1083 3447 1154 interrogatus
3488 1101 3586 1140 cur

1998 1179 2250 1235 homines
2278 1178 2582 1250 generatim
2615 1179 2932 1244 tristentur,
2979 1177 3154 1232 dixit:
3187 1175 3326 1243 Quia
3361 1191 3465 1231 non
3496 1192 3588 1232 so-

1997 1271 2106 1327 lum
2133 1271 2351 1343 propria
2379 1272 2522 1326 mala
2543 1271 2625 1327 eis
2658 1270 2888 1327 molesta
2914 1276 3063 1337 sunt,
3086 1268 3180 1325 sed
3213 1268 3379 1324 etiam
3409 1268 3585 1324 aliena

1998 1365 2163 1420 bona.

2083 1456 2244 1527 109
2280 1454 2564 1511 Plutarch.
2600 1455 2666 1511 Ut
2697 1452 2905 1511 ferrum
2936 1453 3179 1524 aarugine
3211 1453 3585 1515 consumitur,

2004 1550 2085 1606 sic
2113 1550 2280 1604 invidi
2313 1558 2508 1619 suopte
2535 1549 2777 1619 ingenio.

2068 1643 2509 1700 DemocritJdem
2528 1642 2666 1697 dixit
2683 1641 2941 1701 invidiam
2960 1654 3082 1697 esse
3099 1639 3255 1698 ulcus
3274 1637 3469 1693 anima:
3488 1636 3533 1707 (l
3547 1636 3589 1707 ).

2075 1825 2282 1881 invidia
2315 1824 2604 1882 seditionis
2632 1823 2847 1879 initium
2878 1823 3043 1893 parit.

2076 1918 2292 1976 Socrat.
2339 1918 2493 1974 Multi
2513 1919 2564 1973 in
2601 1924 2961 1972 monumenta
2988 1913 3374 1970 defunctorum
3403 1919 3591 1982 gratos

2001 2022 2056 2070 et
2080 2013 2356 2069 beneﬁcos
2387 2028 2446 2068 se
2489 2010 2772 2075 exhibent,
2819 2022 2960 2079 quos
3001 2015 3157 2061 antea
3208 2020 3318 2076 [me
3374 2002 3583 2059 invidia

2002 2105 2185 2160 vivere
2219 2105 2500 2162 dolebant.

2076 2195 2227 2251 Idem
2257 2196 2394 2253 dixit
2423 2195 2685 2251 invidiam
2716 2195 2912 2250 animae
2947 2205 3154 2248 serram
3187 2204 3330 2246 esse.

2081 2290 2322 2347 Cleobul.
2364 2289 2660 2347 Cleobulus
2697 2287 2947 2355 Lindius,
2989 2287 3358 2354 interrogatus
3389 2296 3418 2335 a
3447 2295 3587 2350 quo-

2004 2386 2127 2440 dam
2164 2396 2417 2453 quaenam
2444 2380 2716 2450 praecipue
2741 2377 2978 2433 cavenda
3013 2375 3142 2440 sint,
3167 2373 3342 2429 dixit:
3368 2371 3588 2425 Amico-

2006 2493 2124 2534 rum
2155 2474 2374 2546 quidem
2406 2471 2693 2537 invidiam,
2729 2469 3079 2525 inimicorum
3123 2473 3304 2519 antem
3334 2463 3586 2518 insidias.

2077 2569 2231 2623 Bion.
2254 2566 2387 2621 Bion
2404 2565 2651 2635 sophista
2681 2578 2805 2618 cum
2833 2561 3058 2616 vidisset
3112 2556 3353 2612 invidum
3403 2569 3592 2623 quem-

2005 2663 2134 2717 dam
2177 2659 2337 2714 valde
2386 2658 2694 2714 tristantem
2744 2654 2985 2710 demisso
3038 2651 3092 2705 in
3148 2660 3350 2705 terram
3408 2645 3584 2706 vultu,

2006 2752 2187 2809 dixit:
2218 2751 2326 2807 Aut
2357 2750 2491 2805 huic
2540 2763 2792 2824 magnum
2825 2746 3028 2801 malum
3076 2740 3331 2811 contigit,
3382 2744 3476 2792 aut
3501 2735 3590 2789 alii

2008 2842 2248 2914 cuipiam
2285 2854 2543 2908 magnum
2578 2839 2809 2893 bonum.

2079 2934 2349 3007 Agatho».
2382 2915 2632 3003 Algathon
2662 2929 2802 2984 dixit
2826 2927 3043 2983 invidos
3065 2925 3314 2981 homines
3350 2937 3456 2979 non
3484 2932 3591 2980 tam

2009 3029 2183 3086 laetari
2218 3023 2460 3098 propriis
2488 3022 2668 3090 bonis,
2691 3036 2857 3093 quam
2894 3020 3091 3074 alienis
3121 3019 3304 3073 malis.

2083 3200 2481 3259 Themistocles
2553 3198 2732 3253 adhuc
2778 3195 3094 3250 adolescens
3140 3192 3402 3245 nihildum
3458 3205 3596 3260 prae-

2012 3296 2160 3353 clare
2228 3310 2289 3351 se
2368 3291 2547 3348 facere
2630 3289 2818 3346 dixit:
2873 3287 3116 3341 nondum
3163 3284 3308 3339 enim
3363 3282 3591 3337 invideri

2012 3389 2138 3444 sibi.
2180 3385 2316 3441 Nam
2357 3385 2503 3441 sicut
2533 3379 2882 3439 cantharides
2921 3389 3109 3447 vegeto
3142 3376 3381 3430 maxime
3416 3373 3598 3427 tritico

2012 3479 2398 3540 innascuntur,
2428 3483 2481 3530 et
2513 3473 2652 3529 rosis
2692 3471 2919 3541 pulchre
2951 3468 3308 3523 ﬂorentibus:
3345 3466 3425 3521 sic
3459 3465 3599 3518 invi-

2015 3571 2100 3626 dia
2130 3571 2365 3625 maxime
2390 3566 2599 3622 invadit
2632 3565 2806 3619 bonos
2842 3563 3010 3628 viros,
3040 3563 3172 3617 etin
3205 3561 3404 3613 virtute
3435 3555 3600 3627 proii-

2016 3662 2241 3727 cientcs,
2278 3666 2331 3713 et
2358 3656 2561 3728 ingenii
2597 3668 2956 3725 personaaquc
2979 3651 3208 3722 gloriam
3233 3649 3595 3711 sustinentes.

2398 3831 2630 3890 διεπιΜο
2666 3830 2830 3886 anl
2864 3827 2962 3902 [αι.
2998 3825 3210 3898 LXXI].

2683 3967 2763 4022 De
2804 3967 2937 4023 risu.

2091 4105 2224 4161 Luc.
2240 4119 2316 4160 vr.
2344 4103 2439 4160 Va:
2456 4104 2612 4160 vobis
2637 4103 2730 4173 qui
2769 4099 2961 4156 ridetis
2981 4112 3147 4162 nunc,
3169 4095 3429 4167 quoniam
3453 4094 3604 4163 luge-

2018 4199 2146 4255 bitis
2173 4207 2228 4254 et
2250 4197 2470 4254 ﬂebitis.

2096 4288 2235 4359 Eph.
2265 4305 2316 4344 v.
2349 4288 2692 4352 Obscenilas,
2739 4300 2844 4340 nec
2891 4280 3319 4359 stultiloquium,
3365 4292 3474 4333 nec
3508 4292 3601 4332 ca-

2021 4381 2256 4447 villatio,
2294 4387 2389 4433 aut
2423 4393 2487 4433 ea
2533 4392 2657 4447 qua:
2687 4391 2798 4431 non
2833 4372 3185 4438 conveniunt,
3222 4385 3290 4423 ne
3316 4368 3605 4422 nominen-

1950 4480 1994 4537 D
2025 4482 2114 4529 tur
2148 4472 2366 4543 quidem
2410 4471 2550 4524 inter
2592 4483 2708 4534 vos,
2769 4466 2862 4520 sed
2901 4464 3085 4534 potius
3112 4462 3407 4533 gratiarum
3438 4462 3602 4516 actio.

2094 4563 2307 4620 Siraeh.
2348 4560 2605 4616 Narratio
2631 4558 2923 4614 stultorum
2946 4555 3181 4611 ollensio
3220 4562 3326 4619 est,
3358 4561 3413 4607 et
3460 4553 3604 4609 risus

2021 4670 2216 4713 eorum
2247 4654 2300 4708 in
2332 4652 2544 4709 deliciis
2578 4650 2808 4721 peccati.

2093 4746 2155 4802 S.
2195 4746 2410 4801 Basilii.
2478 4744 2557 4799 Ad
2604 4745 2781 4797 lenem
2822 4754 2996 4809 usque
3025 4739 3196 4792 risum
3229 4736 3427 4790 anima:
3462 4732 3602 4787 hila-

2028 4838 2242 4895 ritatem
2305 4816 2657 4892 subindieare
2701 4847 2809 4887 non
2848 4830 3098 4895 dedecet,
3158 4828 3315 4896 juxta
3354 4824 3606 4892 Scriptu-

2027 4945 2172 4991 ram.
2206 4944 2329 5000 qua:
2357 4929 2480 4983 ait:
2540 4945 2559 4978 ι
2591 4926 2839 4980 Laatante
2881 4920 3046 4976 corde
3090 4919 3274 4973 vultus
3317 4916 3549 4971 renidet.
3583 4932 3602 4963 ι

2028 5021 2360 5079 Caeliinnari
2410 5030 2590 5073 autem
2624 5030 2792 5080 voce,
2828 5023 2883 5070 et
2927 5011 3149 5071 concuti
3195 5020 3445 5079 corpore,
3499 5022 3606 5068 non

2030 5124 2116 5170 est
2150 5113 2386 5169 hominis
2417 5110 2594 5181 probi,
2622 5121 2801 5180 neque
2833 5107 2919 5163 sui
2949 5101 3246 5173 compotis.

2113 5389 2381 5459 Theotogi.
2435 5385 2669 5440 Animus
2718 5380 2899 5454 gravis
2944 5386 2998 5435 et
3042 5377 3283 5449 prudens
3330 5375 3525 5431 melior
3545 5392 3611 5432 ac

2037 5482 2259 5552 dignior
2279 5488 2363 5533 est
2380 5477 2495 5533 risu
2518 5489 2778 5544 ;severus
2806 5471 2952 5531 enim
2986 5468 3207 5527 habitus
3239 5465 3398 5525 faciei
3428 5481 3614 5523 einen-

2038 5575 2136 5630 dat.
2168 5572 2430 5631 animam.

425 5747 502 5822 (l)
534 5749 598 5806 In
624 5749 830 5808 διοικεῖ
879 5750 1017 5809 locis
1049 5750 1265 5806 Socrati
1309 5749 1631 5811 attribuitur
1662 5753 1767 5811 hoc
1818 5751 2047 5811 dictum.

606 5844 881 5931 Parnm.
913 5846 1030 5907 Gtt.
1064 5841 1387 5910 CXXXVI.

3148 5833 3220 5898 31
