4038 6466
483 344 594 411 971

1707 346 1995 409 ᾹΝἹὉΝΙ
2002 346 2031 407 Ι
2066 345 2414 408 ΜΕΙᾸΞΒᾺΕ

3650 339 3767 404 9⁵ἷῖ

565 457 908 530 Sapientium
947 458 1143 516 animae
1189 459 1376 515 tristes
1420 466 1548 514 sunt
1575 469 1627 514 et
1655 458 1708 513 in
1757 474 1815 514 se
1846 471 2065 515 contra-

2244 463 2310 515 Αἱ
2347 462 2444 529 μὲν
2473 458 2656 513 τοίνυν
2709 459 2818 512 τῶν
2863 456 3043 528 σοφῶν
3073 455 3244 527 ψυχαὶ
3294 453 3764 525 σκυθρωπὶζουσι

487 556 618 612 ctre.
654 551 1032 620 insipientium
1059 565 1187 606 vero
1255 550 1516 606 inllautur
1544 560 1598 607 et
1637 550 1906 607 dillluunt.

563 733 795 788 Isocrat.
848 731 924 786 Ne
975 733 1153 787 serius
1186 745 1303 787 csto
1336 733 1388 787 in
1425 733 1585 790 rebus
1625 733 1850 802 jocosis,
1889 749 2068 803 neque

481 827 628 878 iutcr
677 825 819 879 seria
869 823 1134 879 ridiculus
1182 825 1378 891 gaude.
1425 822 1558 877 Nam
1601 825 1749 894 quod
1798 824 2066 894 intompe-

480 916 686 970 srivum
715 926 817 982 est,
849 915 1050 984 ubique
1081 916 1366 970 molestum
1405 925 1509 970 est.

563 1006 854 1062 Moschion.
888 1007 988 1073 Qui
1021 1023 1144 1059 cum
1174 1007 1518 1062 adolescente
1571 1006 1750 1062 ridere
1778 1007 1911 1073 vult,
1955 1015 2066 1062 tur-

487 1113 584 1170 pes
615 1099 977 1153 contumelias
1007 1107 1060 1153 et
1084 1100 1562 1166 reprehensionem
1601 1100 1922 1154 lucrabitur.

561 1190 799 1246 Catonis.
826 1191 928 1256 Qui
955 1191 1008 1244 in
1033 1191 1278 1245 ridiculis
1311 1191 1439 1246 serii
1461 1199 1610 1254 sunt,
1637 1192 1688 1244 in
1722 1191 1880 1246 seriis
1910 1194 2069 1264 llo

489 1295 612 1340 sunt
644 1283 880 1338 ridiculi.

559 1375 799 1430 Straton.
857 1374 1203 1428 Stratonicus
1253 1374 1593 1431 citharoedus
1641 1391 1766 1430 cum
1827 1377 2059 1433 vidisset

488 1466 778 1537 quemdam
829 1466 1079 1536 imperite
1122 1466 1482 1536 jaculantem,
1537 1467 1728 1523 abiens
1769 1467 1834 1522 ad
1885 1469 2061 1538 ipsum

487 1572 719 1627 scopum
756 1558 1025 1622 constitit,
1055 1566 1108 1612 et
1143 1573 1268 1613 cum
1299 1557 1518 1628 quidam
1555 1559 1914 1629 interrogaret
1936 1574 2063 1615 cau-

491 1660 628 1713 sam,
662 1645 942 1717 respondit
972 1662 986 1700 :
1025 1645 1154 1700 (Ne
1179 1645 1361 1702 feriar.
1393 1665 1412 1698 ι

863 1737 1092 1793 SERMO
1117 1737 1278 1791 xuv
1315 1736 1414 1809 [al.
1450 1736 1719 1808 xxxvn.

669 1829 747 1884 De
781 1831 1054 1896 rationali,
1083 1841 1132 1885 et
1167 1831 1374 1884 ratione
1398 1847 1488 1884 seu
1526 1831 1864 1900 cogitatione.

565 1922 757 1977 Matth.
800 1939 898 1979 xu.
935 1923 1118 1978 Bonus
1165 1923 1331 1978 homo
1378 1923 1518 1977 bona
1567 1921 1773 1991 profert
1819 1936 1882 1975 ex
1916 1920 2063 1974 bono

2177 555 2279 607 καὶ
2311 550 2721 605 συστέλλονται·
2764 550 2819 604 αί
2856 549 2913 603 δὲ
2960 550 3069 602 τῶν
3099 547 3362 618 ἀφρόνων
3393 547 3763 617 ἐπαιρόμεναι

2175 646 2506 715 διαχέονται.

2247 738 2337 807 Μὴ
2367 738 2516 806 παρὰ
2545 737 2732 805 γέλοια
2762 736 3060 800 σπούδαζε,
3097 735 3232 805 μηδὲ
3277 734 3428 804 παρὰ
3475 735 3546 784 τὰ
3585 749 3760 785 σπου-

2174 829 2297 882 δαῖα
2333 831 2444 892 τοῖς
2478 829 2709 898 γελοίοις
2741 830 2924 899 χαῖρε.
2957 826 3032 881 Τὸ
3078 828 3188 897 γὰρ
3220 826 3448 895 ἄκαιρον
3477 824 3759 895 πανταχοῦ

2174 921 2440 992 λυπηρόν.

2254 1014 2423 1084 Γελᾷν
2455 1018 2482 1066 ὁ
2517 1013 2688 1066 θέλων
2748 1012 2887 1080 μετὰ
2946 1011 3231 1082 μειρακίου
3286 1010 3518 1080 αἰσχρὰς
3567 1009 3759 1081 ὕϐρεις

2175 1107 2435 1175 κερδήσει
2475 1106 2572 1158 καλ⁹
2607 1105 2838 1174 μέμψιν.

2247 1200 2311 1250 Ol
2345 1196 2743 1259 σπουδάζοντες
2788 1197 2846 1250 ὲν
2885 1197 2999 1257 τοῖς
3045 1195 3282 1264 γελοίοις
3337 1195 3395 1247 ὲν
3430 1195 3544 1258 τοῖς
3581 1209 3755 1246 σπου-

2173 1290 2345 1352 δαίοις
2361 1289 2602 1358 γίνονται
2621 1289 3043 1357 καταγέλαστοι.

2243 1383 2602 1452 Στρατόνικος
2634 1384 2661 1434 ὁ
2692 1381 3018 1450 κιθαριστὴς
3057 1380 3390 1449 θεασάμενός
3414 1397 3536 1433 τινα
3567 1378 3756 1446 ἀφυῶς

2173 1470 2488 1534 τοξεύοντα,
2519 1471 2779 1525 ἀπελθὼν
2828 1470 2960 1540 ἔστη
2997 1472 3150 1540 παρὰ
3195 1472 3286 1524 τὸν
3325 1469 3526 1523 σκοπόν
3554 1485 3569 1498 ·
3623 1487 3754 1521 πυν-

2175 1559 2472 1630 θανομένου
2521 1561 2581 1615 δέ
2629 1578 2773 1625 τινος
2799 1560 2897 1632 τὴν
2928 1562 3144 1628 αἰτίαν,
3187 1581 3206 1613 ι
3247 1563 3456 1626 Ὅπως,
3507 1561 3641 1630 ἔφη,
3680 1561 3752 1631 μὴ

2169 1654 2387 1724 πληγῶ.
2433 1673 2454 1707 ι

2773 1745 2991 1797 ΛΟΓΟΣ
3037 1741 3154 1800 ΞΥ.

2506 1837 2647 1904 Περὶ
2674 1835 2923 1906 λογικοῦ
2948 1836 3047 1890 καὶ
3077 1837 3398 1906 λογισμοῦ.

2248 1929 2308 1983 '0
2339 1930 2541 1996 ἀγαθὸς
2600 1930 2885 1998 ἅνθρωπο,
2946 1931 3008 1982 ἐκ
3054 1929 3147 1982 τοῦ
3195 1929 3408 1998 ἀγαθοῦ
3466 1928 3750 1999 θησαυροῦ

490 2017 749 2072 thesauro
783 2017 982 2082 cordis,
1014 2025 1068 2070 ct
1119 2016 1296 2071 malus
1326 2017 1489 2072 homo
1519 2031 1585 2071 ex
1619 2015 1761 2068 malo
1809 2014 2064 2069 thesauro

2175 2020 2263 2086 τῆς
2326 2020 2556 2090 καρδίας
2609 2019 2861 2073 ἐκϐάλλει
2914 2020 3114 2088 ἀγαθὰ,
3148 2021 3243 2073 καὶ
3284 2023 3312 2073 ὁ
3367 2021 3608 2090 πονηρὸς
3662 2021 3751 2074 ἄν·

491 2107 630 2161 mala
661 2107 889 2177 profert.

557 2198 880 2254 Salomonis.
907 2197 1197 2254 Prudentis
1229 2199 1587 2269 cogitationes
1612 2198 1712 2253 viae
1755 2206 1883 2254 sunt
1909 2196 2062 2252 vitae:

2169 2109 2384 2181 09mm;
2421 2113 2483 2162 ἐκ
2519 2111 2612 2163 τοῦ
2651 2111 2890 2178 πονηροῦ
2923 2110 3201 2180 θησαυροῦ
3231 2110 3484 2164 ἐκϐάλλει
3513 2109 3748 2179 πονηρά.

2249 2201 2394 2255 Ὀδοὶ
2445 2201 2590 2271 ζωῆς
2636 2202 2975 2272 διανοήματα
3024 2202 3286 2256 συνετοῦ·
3316 2203 3424 2256 ἀπὸ
3475 2201 3586 2256 τῶν
3638 2203 3751 2256 δια-

491 2291 976 2360 acogitationibus
1037 2299 1217 2345 autem
1283 2290 1403 2360 ejus
1469 2289 1767 2361 replebitur
1831 2290 1912 2347 vir
1967 2289 2068 2344 bo-

2175 2294 2459 2364 νοημάτων
2484 2291 2651 2348 αὐτοῦ
2681 2293 3055 2364 πλησθήσεται
3082 2293 3221 2365 ἀνὴρ
3251 2293 3497 2363 ἀγαθῶν.

491 2398 615 2438 nus.

562 2479 722 2535 Prov.
757 2494 856 2535 xu.
895 2478 1269 2548 Cogitationes
1299 2477 1573 2548 iustorum
1601 2476 1802 2546 judicia
1837 2483 1988 2530 sunt.

563 2572 732 2628 Eccli.
773 2588 945 2627 xxvu.
993 2571 1064 2627 Ut
1104 2571 1297 2626 sordes
1351 2569 1406 2623 in
1440 2582 1672 2624 excusso
1729 2567 1935 2632 cribro,
1995 2565 2069 2621 ita

493 2663 786 2734 spurcitiae
845 2662 1085 2718 hominis
1143 2662 1282 2716 ratio
1334 2658 1599 2715 discernit
1653 2658 1754 2728 (vel
1804 2658 2070 2729 spurcitia

494 2757 726 2811 inhzeret
757 2755 1072 2825 cogitationi
1101 2753 1386 2819 hominis).

564 2848 723 2903 Prov.
749 2863 864 2902 xu.
889 2846 1069 2901 Multae
1098 2856 1225 2901 sunt
1248 2845 1603 2915 cogitationes
1624 2845 1678 2899 in
1707 2845 1869 2900 corde
1893 2843 2074 2900 homi-

494 2941 603 3007 nis;
630 2939 918 2996 consilium
953 2947 1133 2994 autem
1166 2938 1256 2993 Dei
1287 2939 1568 3008 superabit
1591 2938 1643 2992 in
1671 2946 1963 2994 aeternum.

571 3028 834 3097 Theologi.
869 3027 1032 3082 Ratio
1089 3027 1285 3082 melior
1316 3036 1402 3083 est
1435 3029 1745 3083 actionibus
1780 3035 1873 3082 aut
1909 3042 2071 3098 pecu-

493 3122 620 3176 niis.
655 3119 790 3174 Nam
823 3120 940 3174 ista:
973 3129 1423 3188 corrumpuntur,
1463 3118 1603 3174 ratio
1630 3128 1936 3188 permanet.

2242 2476 2506 2546 Λογισμοὶ
2529 2477 2757 2531 δικαίων
2786 2477 3050 2548 κρίματα.

2253 2569 2344 2622 Ἐν
2398 2569 2657 2639 σείσματι
2711 2570 2962 2625 κοσκίνου
3009 2571 3260 2641 διαμένει
3294 2570 3537 2643 κοπρία·
3587 2567 3753 2634 οὕτως

2175 2658 2422 2714 σκύϐαλα
2450 2659 2741 2732 ἀνθρώπου
2769 2663 2830 2715 ὲν
2857 2661 3106 2734 λογισμῷ
3131 2661 3324 2718 αὐτοῦ.

2249 2838 2438 2892 Πολλοὶ
2495 2838 2751 2911 λογισμοὶ
2793 2842 2850 2895 ὲν
2902 2841 3100 2914 καρδίᾳ
3135 2842 3365 2916 ἀνδρός·
3401 2843 3436 2914 ή
3482 2842 3541 2896 δὲ
3593 2840 3748 2914 βουλή

2174 2931 2268 2985 τοῦ
2299 2929 2436 2984 Θεοῦ
2503 2933 2772 3002 κρατήσει
2805 2934 2888 2998 είς
2918 2935 3009 2988 τὸν
3034 2935 3233 2989 αίῶνα.

2245 3021 2514 3090 Κρείσσον
2573 3020 2834 3092 λογισμὸς
2901 3025 3160 3095 πράξεων
3205 3025 3238 3096 ἢ
3299 3029 3622 3097 χρημάτων.
3671 3023 3747 3078 Τὰ

2180 3111 2278 3183 μὲν
2313 3113 2418 3182 γὰρ
2451 3114 2550 3183 τῆς
2587 3115 2794 3184 φθορᾶς
2828 3117 2996 3182 ἐστιν,
3025 3119 3053 3170 ὁ
3077 3117 3133 3171 δὲ
3168 3117 3404 3171 ἵσταται.

568 3213 632 3270 S.
661 3212 938 3282 Chrysost.
988 3179 1233 3267 Aviculis
1259 3210 1379 3266 ideo
1405 3179 1544 3266 datae
1573 3179 1703 3265 su-nt
1742 3211 1864 3277 alae,
1889 3219 1951 3264 ut
1982 3209 2066 3264 fu-

2181 3179 2193 3183 ⁷
2245 3179 2342 3258 Διᾶ
2363 3179 2522 3258 τοῦτο
2553 3179 2725 3275 ποτερα
2748 3209 2862 3271 τοῖς
2889 3179 3214 3278 στρουθίοις,
3235 3212 3325 3266 ἵνα
3352 3212 3504 3283 φύγῃ
3526 3209 3741 3279 παγίδα·

491 3307 645 3377 giant
671 3305 934 3374 laqueos;
969 3313 1024 3360 et
1081 3304 1222 3358 ratio
1273 3303 1608 3370 hominibus,
1643 3311 1704 3358 ut
1749 3319 1778 3356 a
1833 3301 2074 3372 peccatis

488 3396 782 3466 eﬂ'ugiant.
1796 3396 1808 3404 ⁸

567 3487 720 3543 Mens
772 3502 880 3542 non
949 3487 1150 3544 desinit
1200 3488 1504 3556 producere
1577 3485 1974 3556 cogitationes;
2017 3492 2073 3540 tu

493 3594 630 3635 vero
654 3579 826 3635 malas
855 3579 1048 3644 evelle,
1077 3580 1250 3635 bonas
1280 3579 1419 3635 cole.

566 3756 876 3812 Clementis.
907 3755 1252 3810 Abstinentia
1271 3755 1540 3832 factorum
1575 3770 1684 3809 non
1706 3753 1922 3821 justum
1949 3753 2076 3808 red-

499 3848 580 3901 dit
614 3846 847 3910 ﬁdelem,
875 3845 969 3902 sed
989 3845 1376 3916 cogitationum
1411 3845 1636 3902 castitas
1663 3853 1719 3901 et
1753 3854 1984 3916 punias.

576 3938 875 3994 Plutarchi.
905 3938 1086 3994 Solem
1116 3954 1261 4010 smpe
1293 3941 1466 3995 nubes
1520 3940 1872 4008 obumbrant,
1912 3941 2077 3996 ratio-

503 4044 627 4084 nem
647 4030 898 4086 affectus.

575 4119 704 4177 Pedi
740 4121 973 4192 spinam,
1002 4122 1181 4182 bruta:
1213 4122 1408 4179 animae
1439 4123 1804 4197 ignorantiam
1832 4125 2078 4187 eximere

503 4218 739 4280 oportet.

558 4301 680 4369 Ὠιιὶ
713 4302 896 4358 omnia
931 4315 1116 4359 secum
1152 4304 1360 4362 ratione
1383 4291 1725 4376 considerat,

571 4395 772 4453 Malum
806 4405 1066 4463 removet,
1091 4397 1293 4454 bonum
1325 4409 1505 4455 autem
1534 4402 1729 4466 carpit.

1577 4494 1968 4566 (Philemonis)

604 4577 886 4634 Isocratis.
909 4579 1045 4648 Quae
1067 4580 1161 4636 tibi
1194 4581 1542 4639 ratiocinanti
1565 4586 1773 4656 optima
1804 4587 2074 4653 videntur,

503 4667 690 4724 eadem
721 4684 781 4724 re
808 4669 925 4740 ipsa
952 4671 1171 4740 perfice.

577 4760 708 4826 Qua:
739 4777 849 4817 non
885 4762 1065 4821 facere
1091 4771 1366 4833 convenit,
1397 4770 1464 4824 de
1490 4767 1557 4824 iis
1599 4767 1863 4824 faciendis
1897 4783 1964 4823 ne
1987 4781 2081 4824 co-

506 4850 612 4921 gita
640 4852 885 4922 quidem.

564 5032 1044 5100 Quemadmodum
1071 5049 1137 5090 ex
1168 5033 1386 5090 civitate
1413 5033 1576 5090 bonis
1620 5033 1831 5104 legibus
1861 5033 2078 5089 intituta

495 5124 784 5180 hominem
811 5124 1154 5190 seditiosum,
1189 5125 1269 5181 sic
1298 5141 1363 5181 ex
1391 5125 1572 5180 anima
1605 5125 1988 5196 cogitationem
2012 5124 2078 5180 ad

511 5216 654 5272 mala
677 5217 1029 5273 inclinantem
1061 5216 1250 5286 fugare
1283 5224 1519 5285 oportet.

967 5308 1194 5365 SERMO
1224 5308 1360 5364 va
1387 5308 1482 5381 [αι.
1507 5309 1572 5365 IV
1583 5311 1618 5382 ι.

851 5399 930 5454 De
970 5401 1268 5456 voluntario
1295 5411 1342 5455 et
1375 5401 1754 5456 incoluntario.

586 5491 710 5546 Luc.
765 5507 863 5545 xu.
897 5491 1100 5546 Servus
1150 5492 1240 5546 ille
1268 5491 1359 5562 qui
1386 5491 1716 5548 voluntatem
1764 5491 1968 5546 domini
1999 5490 2081 5546 sui

2175 3296 2267 3349 καὶ
2312 3297 2400 3350 διὰ
2450 3297 2610 3351 τοῦτο
2637 3298 2896 3370 λογισμὸς
2932 3302 3046 3365 τοῖς
3091 3302 3423 3372 ἀνθρώποις,
3454 3304 3544 3356 ἴνα
3582 3297 3745 3369 ἐκφύ-

2176 3408 2344 3460 γωσιν
2377 3391 2411 3442 ἀ
2418 3408 2489 3459 μα
2500 3392 2595 3462 ρτή
2606 3409 2770 3461 ματα.

2247 3483 2320 3536 Οὐ
2371 3483 2606 3536 παύεται
2659 3483 2955 3555 λογισμοὺς
3007 3487 3039 3555 ἡ
3091 3487 3300 3542 διάνοια
3351 3487 3653 3541 τίκτουσα·
3685 3485 3743 3540 σὺ

2175 3574 2233 3628 δὲ
2293 3575 2423 3637 τοὺς
2480 3573 2580 3645 μὲν
2636 3576 2876 3644 φαύλους
2931 3577 3166 3644 ἑκτιλλε,
3221 3579 3348 3642 τοὺς
3397 3581 3453 3634 δὲ
3517 3578 3745 3650 ἀγαθοὺς

2176 3665 2431 3734 γεώργει.

2248 3760 2362 3829 Οὐχ
2410 3762 2444 3828 ὴ
2481 3761 2592 3815 τῶν
2635 3761 2892 3832 πράξεων
2939 3763 3119 3832 ἀποχὴ
3166 3763 3370 3818 δικαιοῖ
3409 3763 3501 3816 τὸν
3537 3761 3740 3824 πιστὸν,

2178 3846 2292 3900 ἀλλ’
2323 3850 2356 3918 ἡ
2380 3848 2488 3902 τῶν
2523 3851 2740 3905 ἐννοιῶν
2770 3851 2961 3918 ἁγνεία
2993 3853 3088 3906 καὶ
3123 3853 3467 3925 εἰλικρίνεια.

2262 3941 2580 3995 Ἐπισκοτεῖ
2610 3944 2687 4014 τῷ
2722 3944 2823 4014 μὲν
2854 3945 2990 4017 ἡλίῳ
3022 3946 3283 4010 πολλάκις
3312 3947 3381 4000 τὰ
3406 3947 3565 4018 νέφη,
3597 3943 3671 4015 τῷ
3693 3941 3744 3995 δὲ

2177 4031 2424 4100 λογισμῷ
2452 4034 2521 4086 τὰ
2548 4035 2718 4104 πάθη.

2257 4125 2357 4178 Ἐκ
2389 4126 2488 4195 μὲν
2514 4127 2606 4180 τοῦ
2637 4129 2795 4193 ποδὸς
2815 4129 2915 4199 τὴν
2949 4130 3227 4195 ἄκανθαν¹,
3259 4130 3325 4186 ὲκ
3353 4131 3409 4184 δὲ
3436 4132 3535 4203 τῆς
3564 4131 3743 4198 ἀλόγου

2178 4212 2357 4286 ψυχῆς
2381 4216 2480 4284 τὴν
2504 4217 2728 4284 ἄγνοιαν
2768 4218 3129 4283 ὑπεξελέσθαι
3167 4219 3272 4274 δεῖ.

2332 4307 2393 4359 '0
2424 4307 2502 4378 τῷ
2531 4307 2774 4379 λογισμῷ
2801 4309 2983 4363 πάντα
3017 4309 3149 4380 παρ’
3179 4310 3362 4381 ἑαυτῷ
3395 4310 3636 4374 σκοπῶν,

2327 4397 2402 4450 Τὸ
2434 4397 2604 4452 κακὸν
2632 4400 2880 4472 ἀφαιρεῖ,
2907 4400 3149 4466 τάγαθὸν
3178 4401 3235 4454 δὲ
3269 4401 3563 4472 λαμϐάνει.

2256 4576 2323 4630 Ἀ
2353 4575 2417 4630 ἄν
2447 4591 2530 4628 σοι
2562 4573 2897 4646 λογιζομένῳ
2927 4575 3210 4646 βέλτιστα,
3225 4574 3398 4628 ταῦτα
3428 4575 3545 4636 τοῖς
3575 4572 3742 4642 ἔργοις

2181 4666 2439 4720 ἐπιτέλει.

2257 4759 2324 4810 ’Λ
2361 4759 2434 4830 μὴ
2461 4759 2541 4813 δεῖ
2571 4761 2763 4822 ποιεῖν,
2798 4760 2933 4830 μηδὲ
2970 4759 3198 4817 ὑπονοοῦ
3223 4763 3422 4816 ποιεῖν.

2251 5034 2364 5100 Δεῖ,
2399 5031 2587 5100 ῶσπερ
2625 5031 2682 5100 ἐξ
2732 5031 3145 5102 εὐνομουμένης
3179 5030 3392 5094 πόλεως
3425 5021 3736 5100 φυγαδεύειν

2185 5123 2514 5190 στασιαστὴν
2545 5123 2856 5194 ἄνθρωπον,
2876 5122 3049 5187 οὕτως
3077 5125 3142 5177 ἐκ
3171 5122 3272 5193 τῆς
3295 5121 3472 5193 ψυχῆς
3499 5120 3590 5175 τὸν
3613 5111 3737 5186 πρὸς

2181 5216 2252 5270 τὰ
2277 5215 2458 5284 φαῦλα
2487 5214 2780 5269 κεκλικότα
2810 5214 3094 5284 λογισμόν.

2781 5307 3002 5362 ΛΟΓΟΣ
3033 5307 3153 5362 ΞΕ⁹.

2488 5393 2628 5464 Περὶ
2668 5395 2958 5451 ἑκουσίου
2993 5397 3092 5450 καί
3133 5395 3452 5458 ἀκουσίου,

2271 5489 2511 5551 Ἐκεῖνος
2538 5490 2566 5541 ὁ
2594 5486 2780 5551 δοῦλος
2816 5487 2846 5540 ὁ
2879 5486 3044 5556 γνοὺς
3090 5485 3160 5539 τὸ
3189 5483 3405 5555 θέλημα
3436 5481 3532 5537 τοῦ
3560 5471 3734 5547 κυρίου

513 5581 663 5637 novit
688 5589 742 5636 et
776 5595 881 5635 non
916 5579 1065 5647 facit,
1104 5560 1299 5636 multis
1316 5582 1635 5638 verberibus
1659 5581 1923 5638 aliieietur
1949 5599 1964 5650 ;
1988 5581 2068 5652 qui

2185 5577 2378 5643 αὐτοῦ,
2404 5578 2504 5632 καὶ
2527 5577 2603 5648 μὴ
2637 5578 2896 5648 ποιήσας,
2937 5577 3237 5649 δαρήσεται
3259 5572 3492 5636 πολλάς·
3521 5573 3548 5626 ὁ
3577 5568 3631 5622 δὲ
3665 5560 3734 5634 μὴ

509 5676 693 5722 autem
727 5667 960 5741 ignorat,
984 5668 1197 5738 paucis.

583 5757 607 5812 ι
637 5759 761 5817 Cor.
786 5775 861 5815 ιχ.
891 5758 984 5816 Vae
1009 5770 1190 5817 autem
1248 5760 1379 5817 mihi
1425 5771 1526 5829 est,
1557 5762 1660 5821 nisi
1689 5762 2078 5836 evangelizem.

2183 5671 2366 5740 γνοὺς,
2388 5669 2686 5740 δαρήσεται
2716 5669 2928 5739 ὀλίγας.

2256 5761 2396 5816 Οὐαὶ
2427 5759 2484 5816 δέ
2517 5760 2610 5842 μοί
2633 5762 2805 5830 ἐστιν,
2829 5760 2925 5819 ἰὰν
2959 5758 3036 5832 μὴ
3063 5758 3529 5830 εὐαγγελίζωμαι.
3559 5755 3616 5812 El
3638 5744 3734 5817 γὰρ
