4038 6402
368 317 480 382 9‘13

1181 313 1352 376 LOCI
1393 313 1838 376 COMMUNES.
1875 338 1944 350 —
1979 315 2179 376 PARS
2216 317 2268 378 Ῐ.
2302 315 2566 377 SERMO
2603 316 2811 379 LXVI.

3509 316 3615 381 9η

317 459 337 473 κ
371 429 518 485 ἑκὼν
547 429 709 484 τοῦτο
741 429 990 499 πράσσω,
1028 427 1218 498 μισθὸν
1241 428 1348 498 ἔχω
1369 445 1383 460 ’
1413 430 1461 481 εί
1492 428 1548 482 δὲ
1579 429 1746 493 άκων,
1788 430 1936 491 οἰκοε
1975 433 2018 490 Α

2066 431 2186 486 Nam
2223 432 2266 487 si
2299 432 2488 487 volens
2555 433 2659 488 hoc
2709 431 2929 498 faciam,
2957 430 3238 502 praemium
3279 429 3450 488 habeo
3480 448 3494 486 :
3529 433 3612 488 sin

371 521 568 590 νομίαν
598 520 990 588 πεπίστευμαι.

454 611 739 674 Ἀκούσιος
794 610 1017 680 ἐξῆλθεν
1072 611 1182 664 ἀπὸ
1240 609 1534 680 προσώπου
1600 609 1942 674 ἐξουσιάζον-

369 724 488 764 τος.

448 800 511 851 Ἀ
525 799 692 867 μελγε
723 797 885 865 γάλα,
912 797 1002 848 καὶ
1027 794 1181 848 ἔσται
1214 793 1495 865 βούτυρον.
1531 794 1656 846 Ἐὰν
1679 792 1736 846 δὲ
1762 790 1943 846 ἐκπιέ-

373 891 471 962 ζῐις
507 890 812 958 μυκτῆρας,
845 888 1186 954 ἐξελεύσεται
1246 885 1384 956 αἷμα
1410 903 1425 920 °
1463 887 1558 940 ἐὰν
1609 886 1668 940 δὲ
1721 883 1946 954 ἑξέλκῃς

373 981 584 1048 λόγους,
616 980 981 1045 ἐξελεύσονται
1034 980 1242 1052 κρίσεις
1268 978 1366 1033 καὶ
1395 978 1587 1048 μάχαι.

449 1072 531 1125 Τὰ
566 1073 626 1124 ἐν
669 1071 796 1143 ᾅδου
829 1070 976 1124 κακά
1006 1070 1066 1124 ού
1128 1070 1261 1123 Θεὸν
1296 1070 1408 1138 ἔχει
1457 1069 1551 1122 τὸν
1600 1068 1795 1133 αἴτιον,
1830 1065 1947 1119 ἀλλ’

377 1164 529 1235 ἡμᾶς
562 1162 782 1226 αὐτούς.
821 1162 992 1233 Ἀρχὴ
1026 1161 1136 1232 γὰρ
1159 1161 1254 1216 καὶ
1283 1159 1407 1231 ῥίζα
1433 1160 1531 1228 τῆς
1573 1157 1849 1229 ἁμαρτίας
1887 1157 1948 1210 τὸ

380 1254 466 1327 ἐφ’
499 1255 632 1324 ἡμῖν
663 1255 758 1306 καὶ
781 1252 843 1307 τὸ
870 1252 1238 1317 αὐτεξούσιον.

465 1430 830 1502 Ἐπαινοῦμεν
856 1432 984 1494 τοὺς
1038 1430 1180 1485 κατά
1229 1431 1550 1500 προαίρεσιν
1601 1425 1860 1492 ἀγαθοὺς,
1887 1423 1948 1476 οὐ

381 1525 506 1586 τοὺς
547 1523 652 1576 ὑπό
678 1539 821 1585 τινος
869 1523 1114 1593 ἀνάγκης
1163 1523 1246 1585 είς
1286 1519 1444 1574 τοῦτο
1487 1519 1744 1589 ἥκοντας.
1773 1515 1948 1568 Ὅπου

382 1613 490 1682 γὰρ
529 1611 850 1681 προαίρεσις
875 1611 1092 1682 ἑτοίμη,
1119 1610 1181 1664 τὸ
1211 1609 1420 1665 κωλύον
1441 1608 1614 1662 οὐδέν.

459 1701 560 1754 Βία
617 1701 726 1769 γὰρ
781 1700 815 1771 ἢ
870 1701 1035 1769 φόϐος
1079 1701 1281 1772 ἀρετῆς
1317 1701 1415 1754 οὐκ
1458 1701 1525 1755 ἄν
1555 1715 1688 1754 ποτε
1742 1697 1951 1765 γένοιτο

2049 524 2271 587 invitus,
2299 523 2638 593 dispensatio
2659 523 2961 583 commissa
2989 531 3073 582 est
3100 523 3256 579 mihi.

2118 613 2324 668 Invitus
2353 613 2518 668 exivit
2548 628 2576 666 a
2608 611 2746 668 facie
2771 621 3090 682 potestatem
3119 610 3399 668 habentis.

2136 797 2294 851 Prov.
2333 813 2461 851 xxx.
2498 796 2606 850 Lac
2656 796 2698 850 si
2739 809 2973 865 premas,
3030 795 3284 864 butyrum
3339 790 3492 856 exit;
3523 792 3616 861 qui

2049 903 2212 943 nares
2244 890 2508 955 emnogit,
2535 885 2853 955 sanguinem
2884 883 3030 940 elicit
3063 900 3078 938 :
3110 885 3202 939 sed
3234 883 3387 952 111
3410 882 3455 938 si
3489 896 3619 952 pro-

2049 978 2238 1032 tuleris
2266 977 2452 1042 verba,
2483 977 2607 1032 lites
2639 984 2925 1046 erumpent
2949 984 3004 1031 et
3027 990 3245 1046 pugnae.

2119 1068 2340 1122 Incerti.
2379 1067 2520 1123 Deus
2559 1081 2666 1122 non
2698 1075 2891 1123 auctor
2939 1074 3026 1122 est
3069 1065 3339 1121 malorum
3371 1066 3510 1134 apud
3535 1066 3616 1120 in-

2049 1160 2220 1222 feros,
2245 1159 2340 1215 sed
2399 1159 2626 1227 nosipsi.
2679 1157 3016 1227 Principium
3049 1156 3192 1212 enim
3220 1164 3275 1209 et
3296 1155 3450 1213 radix
3488 1170 3615 1224 pec-

2047 1251 2153 1305 cati
2185 1258 2269 1306 est
2324 1248 2609 1314 arbitrium
2663 1255 2934 1310 nostrum,
2989 1255 3043 1300 et
3092 1245 3390 1300 voluntatis
3418 1255 3618 1300 nostrae

2049 1342 2292 1398 libertas.

2122 1433 2436 1490 Laudamus
2477 1445 2573 1487 eos
2595 1432 2687 1501 qui
2730 1444 2794 1486 ex
2831 1428 2995 1484 animi
3027 1427 3299 1492 instituto,
3347 1441 3456 1488 non
3485 1426 3619 1480 ada-

2051 1527 2124 1583 cti
2159 1527 2340 1595 aliqua
2370 1521 2717 1586 necessitate,
2739 1519 2870 1576 boni
2903 1527 3052 1575 sunt.
3077 1515 3212 1572 Nam
3250 1517 3343 1585 ubi
3374 1523 3620 1588 prompta

2052 1620 2301 1676 voluntas
2331 1624 2436 1681 est,
2467 1615 2600 1670 nihil
2627 1613 2899 1684 prohibet.

2077 1712 2080 1716 ’
2124 1711 2220 1766 Vis
2265 1721 2357 1764 aut
2411 1718 2585 1764 metus
2637 1725 2746 1763 non
2799 1717 3026 1778 possunt
3071 1707 3278 1763 efficere
3329 1705 3618 1764 virtutem;

380 1790 714 1861 δημιουργός
745 1806 760 1821 ο
811 1791 1091 1858 έθελούσια
1133 1791 1242 1864 γὰρ
1282 1793 1380 1846 καὶ
1437 1791 1537 1846 οὐκ
1584 1789 1830 1858 ἀνάγκης
1883 1788 1950 1841 τά
1979 1789 2020 1843 Β

2066 1819 2118 1861 ex
2146 1802 2421 1858 voluntate
2451 1800 2618 1866 enim,
2663 1813 2771 1856 non
2827 1799 3152 1856 necessitate
3206 1796 3624 1867 proficiscuntur

385 1883 548 1938 καλά.

458 1975 532 2030 Τὸ
561 1975 807 2030 ἑκούσιον
827 1973 1072 2044 λυπηρὸν
1106 1973 1198 2028 τοῦ
1225 1974 1479 2027 ἀκουσίου
1499 1967 1736 2044 τερπνοῦ
1761 1966 1952 2036 τιμιώ-

386 2083 566 2136 τερον.

462 2157 536 2210 Τὸ
573 2157 672 2226 μὲν
702 2156 812 2226 γὰρ
839 2155 1086 2210 ἑκούσιον
1141 2155 1513 2225 μονιμώτερόν
1536 2169 1596 2208 τε
1645 2154 1741 2208 καί¹
1780 2153 1956 2224 ἀσφα-

387 2248 665 2319 λέστερον.
719 2248 870 2302 Φιλετ
922 2247 982 2314 τὸ
1018 2247 1106 2322 βίᾳ.
1136 2247 1506 2318 κρατούμενον
1555 2245 1957 2318 ἐλευθεριάζειν

393 2339 588 2410 καιροῦ
624 2339 943 2411 λαϐόμενον.

468 2434 686 2504 Ποιμὴν
724 2432 974 2504 ἀμέλγει,
1011 2435 1058 2486 εί
1084 2431 1246 2500 θέλοι,
1289 2431 1387 2485 καὶ
1417 2431 1541 2494 τοὺς
1570 2429 1830 2501 τράγους,

467 2523 610 2578 Ἀλλ’
639 2523 762 2578 ἀντὶ
796 2525 1063 2592 γάλακτος
1092 2523 1343 2593 αἱμάτων
1373 2525 1557 2593 πηγὰς
1586 2522 1744 2576 οῑσει.

465 2616 542 2671 Οὺ
578 2617 702 2680 τοὺς
734 2616 949 2689 ἀνάγκῃ
1002 2616 1101 2684 τῆς
1154 2617 1355 2677 κακίας
1385 2614 1786 2684 ἀπεχομένους,
1823 2611 1958 2666 ἀλλὰ

391 2707 520 2770 τοὺς
548 2707 886 2778 προαιρέσει,
918 2709 1174 2776 στεφανοῖ
1201 2709 1228 2760 ὁ
1259 2707 1416 2770 Θεός.

465 2799 580 2853 Οὐκ
609 2799 822 2871 ἀνάγκῃ
854 2800 950 2854 καὶ
999 2799 1112 2869 βίᾳ,
1143 2799 1281 2853 ἀλλὰ
1339 2797 1592 2870 βουλήσει
1635 2797 1730 2850 καλ⁵
1769 2795 1964 2865 γνώμῃ

396 2891 732 2962 προσάγεται
767 2890 912 2960 ἡμᾶς
943 2891 973 2945 ό
1001 2891 1158 2956 Θεός.

467 2983 656 3043 Οὐδεὶς
689 2985 898 3052 καρπὸς
928 2985 1199 3055 ἀνάγκης,
1237 2983 1374 3037 ἀλλά
1409 2985 1516 3047 πᾶς
1553 2984 1745 3054 μισθὸς
1771 2999 1964 3053 προαι-

403 3072 625 3144 ρέσεωςο
641 3071 702 3124 ού
733 3073 842 3142 γάρ
861 3073 1136 3140 λογίζεται
1155 3076 1183 3128 ὁ
1212 3073 1344 3136 Θεὸς
1373 3075 1441 3127 τὰ
1463 3075 1524 3141 ἐξ
1544 3075 1811 3142 ἀνάγκης,
1831 3072 1966 3125 ἀλλά

400 3161 472 3230 τὰ
497 3165 563 3218 ὲκ
589 3165 964 3236 προαιρέσεως
998 3166 1433 3235 κατορθούμενα.

471 3341 546 3395 Τὸ
577 3341 641 3394 ἐκ
665 3339 882 3408 φύσεως
917 3341 1126 3410 ἀγαθὸν
1148 3341 1408 3411 ἀδόκιμον
1427 3357 1442 3372 ο
1487 3341 1548 3394 τὸ
1590 3340 1649 3396 δὲ
1677 3343 1741 3395 ὲκ
1774 3358 1963 3412 προαιτ

403 3435 608 3508 ρέσεως
632 3434 940 3488 ἐπαινετόν.

475 3523 539 3578 Ei
589 3524 770 3596 βούλει
803 3524 1097 3595 ἀταράχως
1147 3527 1243 3580 καὶ
1281 3527 1594 3597 εὐαρέστως
1626 3525 1747 3594 ζῇν,
1791 3523 1968 3593 πειρῶ

407 3618 534 3682 τοὺς
593 3616 974 3681 συνοικοῦντάς
1015 3635 1097 3672 σοι
1137 3619 1462 3689 σύμπαντας
1505 3617 1749 3685 ἀγαθοὺς
1780 3615 1927 3686 ἔχειν
1951 3631 1966 3647 ο

406 3709 550 3776 ἔξεις
595 3709 653 3762 δὲ
704 3710 967 3778 ἀγαθοὺς,
1000 3712 1202 3774 εἰτοὺς
1242 3711 1342 3780 μὲν
1394 3710 1621 3780 ἑκόντας
1673 3708 1969 3774 παιδεύεις,

407 3801 532 3863 τοὺς
561 3800 618 3854 δὲ
643 3800 896 3869 ἄκοντας,
927 3803 1120 3856 ἔπειτα
1149 3803 1247 3856 καὶ
1273 3803 1650 3874 χειρωμένους
1688 3800 1968 3865 ἀπολύεις,

411 3891 801 3962 Συμφεύξεται
842 3895 951 3966 γὰρ
978 3895 1098 3964 τοῖς
1145 3893 1440 3965 φεύγουσιν
1470 3894 1503 3964 ή
1554 3890 1827 3964 μοχθηρία
1857 3890 1974 3958 ἅμα

405 3987 500 4038 καὶ
529 3987 563 4054 ὴ
595 3985 845 4041 δουλεία’
887 3987 1452 4056 συνυπολειφθήσεται
1497 3984 1555 4054 δὲ
1590 3985 1704 4048 τοῖς
1743 3980 1974 4052 συμϐαί-

411 4077 560 4132 νουσί
609 4093 693 4148 σοι
787 4079 1096 4150 χρηστότης
1129 4077 1225 4146 καὶ
1263 4075 1629 4160 ἠὲλευθερία.

998 4215 1218 4270 ΛΟΓΟΣ
1255 4212 1392 4272 Ξζῗ.

691 4330 831 4397 Περὶ
847 4329 1036 4400 φόϐου
1063 4329 1305 4397 Κυρίου,
1337 4326 1436 4382 καὶ
1465 4324 1693 4391 ἁπλῶς.

2053 1897 2219 1951 bona.

2119 1987 2401 2042 Molestum
2455 1991 2818 2057 spontaneum
2847 1979 3466 2050 involuntariolucundo
3488 1992 3628 2049 prte-

2054 2089 2184 2137 81%|.

2129 2169 2391 2240 Theotogi.
2424 2167 2804 2226 Voluntarium
2861 2165 3005 2222 enim
3065 2161 3318 2224 stabilius
3368 2166 3423 2216 et
3453 2157 3627 2213 tutius

2056 2269 2158 2320 est.
2193 2259 2346 2328 Quod
2372 2258 2636 2320 violenter
2663 2257 2922 2321 vincitur,
2947 2255 3002 2311 id
3026 2253 3369 2310 occasionem
3405 2256 3623 2314 nactum

2058 2353 2111 2405 in
2141 2352 2444 2408 libertatem
2477 2365 2537 2406 se
2575 2363 2825 2406 asserere
2855 2347 3014 2404 solet.

2129 2439 2320 2496 Pastor
2350 2439 2394 2497 si
2419 2440 2548 2496 velit
2572 2439 2758 2496 hircos
2796 2439 2959 2494 etiam
2991 2437 3218 2509 mulget,

2132 2533 2237 2587 Sed
2273 2546 2372 2602 pro
2400 2532 2540 2588 lacte
2571 2530 2854 2601 sanguinis
2880 2530 3056 2586 fontes
3084 2528 3322 2586 hauriet.

2134 2623 2193 2682 S.
2229 2624 2507 2696 Ckrysost.
2542 2622 2661 2678 Non
2722 2622 2844 2679 illos
2899 2621 2992 2693 qui
3031 2618 3369 2680 necessario.
3411 2615 3508 2674 sed
3538 2615 3631 2686 qui

2063 2724 2254 2785 sponte
2279 2730 2378 2771 sua
2409 2715 2560 2770 vitiis
2591 2714 2888 2776 abstinent,
2924 2710 3066 2768 Deus
3097 2717 3349 2770 coronat.

2139 2805 2279 2862 Deus
2331 2821 2432 2862 nos
2482 2806 2671 2871 allicit,
2713 2819 2821 2860 non
2854 2802 2906 2858 vi
2939 2813 2994 2867 et
3023 2801 3373 2868 necessitate,
3408 2797 3504 2861 sed
3541 2811 3637 2868 per

2032 2943 2040 2950 ,.
2064 2900 2399 2962 voluntatem
2423 2909 2474 2953 et
2516 2898 2810 2954 rationem.

2139 2990 2329 3047 Nullus
2353 2998 2435 3046 est
2461 2989 2804 3052 necessitatis
2836 2987 3066 3054 fruetus,
3091 2985 3186 3044 sed
3216 2983 3398 3042 omnis
3427 2995 3636 3039 merces

2069 3081 2336 3136 voluntati
2382 3081 2656 3136 tribuitur.
2714 3079 2834 3136 Non
2893 3079 3036 3134 enim
3084 3082 3299 3144 reputat
3347 3072 3490 3128 Deus
3515 3084 3637 3140 quae

2066 3172 2396 3235 necessario,
2431 3171 2526 3234 sed
2589 3187 2710 3242 quae
2759 3171 2904 3237 ultro
2945 3164 3310 3235 consultoque
3371 3170 3518 3218 recte
3550 3177 3640 3230 ge-

2067 3272 2281 3320 runtur.

2137 3357 2393 3414 Cltoricii.
2422 3355 2753 3412 Productum
2771 3369 2799 3408 a
2825 3364 3017 3410 natura
3045 3353 3245 3407 bonum
3279 3364 3386 3408 non
3443 3361 3638 3417 appro-

2069 3451 2267 3506 batur:
2300 3463 2329 3502 a
2366 3447 2643 3508 voluntate
2671 3460 2796 3501 vero
2826 3454 3013 3502 natum
3045 3441 3314 3505 laudabile
3345 3448 3449 3494 est.

2143 3539 2388 3608 Epicteti.
2421 3539 2478 3594 Si
2507 3539 2588 3594 vis
2615 3538 2732 3592 sine
2785 3535 3192 3608 perturbatione
3222 3540 3276 3587 et
3320 3528 3532 3602 placide
3561 3529 3642 3589 vi-

2071 3643 2219 3695 vere,
2248 3630 2332 3684 fac
2359 3636 2416 3683 ut
2436 3643 2627 3685 omnes
2659 3628 2756 3686 tibi
2788 3627 3086 3690 familiares
3121 3625 3248 3690 boni
3279 3625 3391 3680 sint
3423 3640 3437 3676 :
3481 3629 3642 3688 erunt

2073 3731 2252 3777 autem
2313 3722 2463 3787 boni,
2505 3719 2554 3774 si
2603 3720 2850 3776 volentes
2885 3718 3129 3780 erudias,
3160 3715 3360 3771 invitos
3401 3726 3532 3778 vero
3563 3713 3641 3776 (in

2077 3812 2258 3880 (irrepo
2299 3812 2536 3877 additur,
2571 3810 2760 3866 ἔπειτα
2805 3810 2902 3864 καὶ
2938 3807 3332 3881 χειρωμένους)
3373 3804 3641 3865 dimittas.

2076 3899 2254 3954 Simul
2286 3901 2432 3953 enim
2475 3897 2808 3966 fugientibus
2835 3897 2944 3956 illis
2979 3895 3297 3965 improbitas
3319 3901 3376 3950 et
3403 3893 3646 3964 servitus

2079 3990 2394 4061 aufugient;
2455 3990 2794 4060 relinquetur
2848 3996 3029 4044 autem
3079 4003 3202 4043 cum
3271 3985 3376 4043 illis
3422 3985 3516 4070 qui
3549 3984 3646 4051 tibi

2081 4093 2481 4152 conversantur
2505 4085 2750 4160 probitas
2779 4093 2835 4139 et
2860 4083 3105 4138 libertas.

2647 4215 2878 4273 SERMO
2911 4215 3096 4272 LXVI.

2227 4330 2304 4386 De
2351 4331 2534 4392 timore
2569 4328 2800 4396 Domini,
2831 4338 2879 4382 et
2913 4330 2976 4382 de
3009 4329 3196 4382 timore
3224 4327 3277 4382 in
3307 4343 3511 4406 genere.

482 4444 574 4518 Μὴ
604 4443 880 4515 φοϐηθῆτε
927 4442 1036 4496 ἀπὸ
1079 4443 1190 4496 τῶν
1222 4442 1660 4497 ἀποκτεινόντων
1700 4443 1761 4497 τὸ
1794 4442 1974 4518 σῶμα,
2009 4464 2027 4524 1

2155 4446 2342 4502 Matth.
2369 4462 2426 4500 x.
2454 4442 2533 4498 Ne
2555 4442 2789 4498 timeatis
2811 4443 3006 4497 abillis
3031 4442 3123 4512 qui
3153 4457 3351 4512 corpus
3373 4441 3647 4509 occidunt,

411 4537 509 4607 τὴν
537 4537 594 4591 δὲ
619 4535 798 4606 ψυχὴν
828 4535 902 4605 μὴ
933 4535 1248 4603 δυναμένων
1277 4534 1624 4590 ἀποκτεῖναι.

481 4629 556 4683 Τὸ
588 4629 686 4700 μὲν
717 4625 934 4696 πνεῦμα
965 4625 1265 4697 πρόθυμον,
1299 4626 1334 4694 ἡ
1361 4625 1416 4680 δὲ
1457 4625 1594 4697 σὰρξ
1629 4626 1883 4698 ἀσθενής.

494 4811 612 4865 Ἐπ’
641 4808 902 4880 ἀληθείας
949 4810 1378 4881 καταλαμϐάνω,
1412 4813 1494 4866 ὅτι
1521 4814 1622 4867 ούκ
1659 4813 1776 4869 ἔστι
1805 4833 1980 4887 προσ-

415 4901 748 4972 ωπολὴπτης
796 4901 825 4954 ὀ
885 4899 1039 4965 Θεὸς,
1089 4900 1207 4953 ἀλλ’
1246 4903 1305 4955 έν
1339 4903 1503 4957 παντὶ
1535 4902 1680 4958 ἔθνει
1729 4908 1757 4958 ό
1787 4906 1986 4974 φοϐού-

421 5009 578 5064 μενος
613 4991 774 5047 αὐτὸν
826 4991 922 5044 καὶ
955 4991 1321 5063 ἐργαζόμενος
1375 4994 1746 5067 δικαιοσύνην,
1801 4997 1986 5067 δεκτὸς

418 5084 568 5155 αὐτῷ
603 5084 771 5138 ἐστιν.

489 5176 658 5242 Φόϐος
690 5175 898 5246 Κυρίου
953 5176 1108 5248 πηγὴ
1145 5177 1313 5246 ζωῆς,
1350 5180 1498 5232 ποιεί
1527 5177 1583 5232 δὲ
1615 5178 1890 5235 ἐκκλίνειν
1923 5183 1986 5241 ἐκ

417 5268 645 5335 παγίδος
675 5267 929 5322 θανάτου.

488 5354 652 5418 Τέλος
687 5355 848 5422 λόγου
884 5355 946 5409 τὸ
989 5358 1097 5411 πᾶν
1135 5359 1322 5424 ἄκουε,
1365 5360 1453 5412 τὸν
1487 5360 1620 5414 Θεὸν
1665 5359 1854 5430 φοϐοῦ,
1893 5362 1988 5413 καὶ

416 5444 512 5507 τὰς
547 5444 770 5506 ἐντολὰς
804 5446 974 5499 αὐτοῦ
1018 5447 1261 5516 φύλασσε
1289 5464 1304 5479 °
1330 5449 1410 5502 ὅτι
1442 5448 1601 5503 τοῦτο
1641 5450 1748 5514 πᾶς
1776 5451 1986 5523 ἀνθρω-

417 5554 537 5599 πος.

487 5629 762 5700 Χρήματα
792 5629 884 5681 καὶ
931 5629 1086 5699 ἰσχὺς
1137 5629 1404 5702 ἀδιυψοῦσι
1452 5631 1698 5700 καοδίαν,
1729 5636 1820 5707 καὶ
1850 5635 1988 5703 ὑπὲρ

421 5719 710 5789 ἀμφότερα
739 5718 906 5790 φόϐος
932 5718 1160 5792 Κυρίου,

2085 4539 2322 4602 animam
2354 4549 2486 4589 vero
2513 4533 2763 4588 occidere
2797 4547 2902 4587 non
2939 4544 3188 4601 possunt.

2157 4628 2301 4684 Ibid.
2329 4642 2457 4684 xxv.
2490 4623 2726 4697 Spiritus
2783 4623 3004 4700 quidem
3069 4633 3355 4696 promptus
3385 4632 3494 4689 est,
3521 4637 3650 4677 caro

2087 4729 2266 4776 autem
2296 4716 2604 4775 imbecillis.

2162 4813 2283 4875 Act.
2317 4827 2395 4866 xt.
2427 4808 2486 4864 In
2517 4807 2745 4874 veritate
2766 4806 3135 4878 deprehendo,
3181 4805 3326 4876 quod
3370 4803 3512 4859 Deus
3545 4819 3651 4858 non

2086 4915 2168 4962 est
2228 4916 2585 4974 personarum
2636 4906 2911 4968 acceptor,
2960 4897 3058 4954 sed
3095 4899 3166 4954 .in
3198 4895 3346 4951 ontni
3374 4904 3532 4968 gente
3563 4895 3657 4964 qui

2090 4997 2279 5055 metuit
2304 4996 2482 5066 ipsum
2513 5001 2564 5048 et
2585 4992 2854 5064 justitiam
2883 4990 3036 5067 facit,
3072 4998 3332 5059 acceptus
3364 4997 3451 5043 est
3475 4988 3548 5042 ei.

2167 5176 2326 5234 Prov.
2363 5192 2474 5232 xtv.
2507 5176 2694 5232 Timor
2728 5173 2943 5236 Domini
2974 5174 3098 5242 fons
3137 5173 3282 5238 vitae,
3317 5171 3444 5227 facit
3475 5179 3656 5226 autent

2088 5267 2362 5322 declinare
2389 5279 2416 5319 a
2449 5265 2643 5335 laqueo
2672 5264 2884 5322 mortis.

2157 5357 2297 5413 Audi
2346 5371 2561 5412 omnem
2594 5356 2862 5420 sermonis
2889 5369 3189 5422 summam,
3222 5352 3389 5410 Deum
3415 5352 3569 5418 time,
3603 5356 3670 5404 ct'

2089 5458 2355 5520 praecepta
2384 5451 2504 5519 ejus
2537 5447 2772 5504 custodi.

2163 5625 2334 5681 Eccli.
2360 5641 2450 5681 η.
2468 5625 2725 5681 Pecuniae
2763 5633 2817 5680 et
2841 5625 2985 5682 vires
3009 5623 3278 5682 extollunt
3305 5634 3421 5688 cor,
3447 5625 3661 5675 utrum-

2091 5735 2196 5792 que
2226 5733 2353 5776 vero
2379 5727 2599 5788 superat
2625 5717 2786 5789 timor
2821 5717 3059 5785 Domini.
