4038 6474
370 384 491 447 ’9τῆ

1629 364 1947 428 ΑΝΤΟΝΙΙ
1974 361 2326 425 MELISSE

3545 345 3669 407 9'76

453 495 510 550 S.
537 493 747 548 Basilii.
767 489 1016 546 Timores
1046 500 1151 542 non
1182 483 1401 541 inutiles
1426 490 1555 539 sunt
1576 470 1933 553 prudentibus
1955 518 1970 543 ,

2149 483 2213 539 Ol.
2242 482 2398 552 φόϐοι
2426 479 2539 543 τοῖς
2580 473 2641 532 εὖ
2696 470 2987 544 φρονοῦσιν
3024 468 3126 523 οὐκ
3178 467 3444 539 ἄχρηστοι
3466 503 3483 530 ,
3519 462 3674 516 ἀλλὰ

387 590 481 645 sed
507 588 665 643 valde
701 585 830 641 boni
863 591 920 638 et
946 580 1216 637 salubres.
1249 576 1514 643 Quamvis
1540 576 1687 631 enim
1719 589 1815 628 eos
1848 573 1965 628 fieri

392 682 773 750 deprecamur,
807 674 966 744 112
998 671 1155 726 factis
1172 677 1362 725 tamen
1387 667 1734 735 castigamur.
1760 664 1967 719 Afﬂicta

390 773 535 827 enim
585 772 765 825 anima
811 763 1262 835 approquinquat
1310 761 1440 827 Deo,
1493 767 1554 815 ut
1596 758 1967 830 pulcherrime

391 862 590 920 alicubi
618 862 751 914 dicit
778 857 990 912 Prtrus.

463 953 724 1020 Theolagi.
760 950 880 1006 Non
909 957 1122 1021 oportet
1150 946 1306 1002 initio
1341 961 1370 1001 a
1397 941 1860 1014 contemplatione
1887 942 1970 996 fa-

392 1057 479 1102 rto
531 1048 583 1101 in
639 1048 894 1099 timorem
940 1042 1325 1105 descendere;
1373 1036 1766 1107 contemplatio
1821 1035 1967 1089 enim

393 1141 548 1193 freno
568 1137 847 1199 destituta,
882 1133 991 1189 cito
1021 1133 1087 1188 ad
1115 1132 1342 1198 abrupta
1371 1144 1473 1184 nos
1504 1128 1721 1183 trahere
1753 1135 1967 1195 potest;

392 1231 483 1285 sed
546 1228 739 1281 timore
798 1224 1016 1286 eruditi,
1045 1221 1256 1294 purgati
1294 1228 1348 1276 et
1400 1220 1559 1291 quasi
1605 1217 1879 1274 extenuati
1915 1217 1968 1270 in

392 1324 559 1378 altum
593 1321 901 1377 eﬂ'cramur.

462 1412 872 1480 Crepitantibus
909 1411 1053 1467 foliis
1082 1415 1355 1465 terrentur
1384 1407 1619 1475 lepores,

467 1502 580 1557 Viri
618 1514 794 1557 autem
823 1501 995 1557 timidi
1024 1516 1203 1555 rerum
1226 1497 1456 1554 umbris.

465 1596 524 1650 S.
549 1595 821 1665 Chrysost.
855 1593 973 1648 Non
1000 1599 1211 1650 tantum
1242 1588 1423 1647 verbis
1448 1587 1584 1644 ellici
1609 1595 1780 1656 potest
1809 1600 1970 1654 quam

398 1683 613 1738 timore.
665 1680 797 1735 Nam
834 1681 995 1736 timor
1024 1680 1285 1751 gehennae
1318 1676 1472 1746 regni
1520 1689 1776 1730 coronam
1811 1673 1974 1728 nobis

396 1775 600 1831 afferet.

466 1867 756 1922 Multorum
801 1864 958 1920 nobis
982 1863 1273 1923 bonorum,
1323 1860 1368 1916 si
1404 1859 1656 1923 velimus,
1688 1872 1853 1914 causa
1902 1856 1974 1912 sit

372 1960 643 2015 diabolus
671 1976 686 2013 :
713 1964 1019 2012 metuentes
1053 1956 1199 2011 enim
1228 1952 1457 2009 insidias
1482 1951 1629 2022 ejus,
1673 1948 1849 2005 sobrii
1879 1964 1972 2004 su-

397 2067 516 2106 mns
545 2059 600 2107 et
632 2063 903 2105 memores
950 2046 1070 2103 Dei.
1130 2044 1265 2101 Nam
1320 2045 1414 2115 qui
1473 2044 1625 2099 videt
1682 2043 1974 2098 instantem

397 2144 635 2205 hostem,
698 2143 763 2197 ad
795 2141 950 2197 illum
983 2137 1231 2208 confugit
1268 2138 1362 2208 qui
1394 2145 1572 2208 potest
1611 2149 1771 2205 opem
1804 2134 1971 2189 ferre.

466 2235 741 2292 Climacis.
786 2231 1255 2303 Quemadmodum
1303 2230 1434 2286 solis
1463 2229 1654 2283 radius
1695 2241 1793 2296 per
1830 2224 1976 2282 fora-

378 2342 522 2383 ‘tnen
569 2326 816 2396 illapsus,
859 2320 1134 2394 quidquid
1192 2319 1248 2374 in
1281 2317 1448 2374 domo
1479 2325 1562 2372 est
1599 2316 1868 2380 illustrat,
1899 2314 1975 2369 ita

398 2428 455 2474 ut
477 2418 563 2474 vel
594 2418 822 2472 minima
853 2416 1161 2479 videantur,
1217 2420 1271 2466 et
1320 2409 1498 2480 pulvis
1529 2409 1649 2481 ipse
1680 2408 1919 2464 volitans
1958 2426 1973 2463 :

399 2511 479 2567 sic
503 2511 664 2566 etiam
699 2510 791 2565 Dei
814 2509 999 2575 timor,
1020 2525 1142 2565 cum
1172 2508 1507 2565 discretione
1528 2511 1690 2559 natus
1719 2505 1772 2556 in
1791 2501 1975 2565 corde,

401 2605 582 2660 omnia
608 2603 727 2674 ejus
754 2612 976 2674 peccata
1007 2604 1212 2675 prodit.

469 2694 868 2750 Severiani.Dei
900 2695 1063 2750 timor
1091 2695 1307 2749 initium
1338 2699 1421 2748 est
1442 2690 1636 2748 salutis
1668 2688 1975 2749 hominum,

402 2795 457 2840 et
497 2787 582 2840 lex
624 2786 806 2840 divina
853 2787 1010 2841 radix
1061 2795 1145 2842 est
1174 2786 1331 2842 nobis
1384 2783 1626 2838 omnium
1682 2779 1973 2835 bonorum.

453 2876 626 2931 -Bins.
660 2877 782 2934 Bias
810 2878 1181 2949 interrogatus
1201 2877 1463 2947 quidnam
1493 2876 1548 2930 in
1570 2874 1679 2929 vita
1708 2880 1852 2925 metu
1886 2884 1980 2924 va-

376 2979 580 3036 iearrt,
614 2969 750 3024 dixit
781 2987 798 3025 :
840 2970 1004 3025 Recta
1037 2970 1398 3028 conscientia.

826 3060 1062 3117 sermo
1106 3061 1296 3118 van
1320 3060 1419 3134 [aL
1436 3060 1547 3134 Cl].

1065 3152 1141 3207 De
1180 3153 1308 3223 lege.

436 3241 635 3299 ε’]οαη.
669 3258 785 3299 νιιι.
806 3242 1083 3299 Judicium
1117 3259 1299 3299 meum
1326 3243 1533 3314 justum
1577 3253 1683 3311 est,
1720 3244 1847 3315 quia
1872 3261 1982 3303 non

370 3358 373 3361 λ
405 3351 526 3392 sum
560 3338 733 3402 solus,
780 3334 875 3392 sed
905 3350 1005 3408 ego
1033 3348 1089 3392 et
1118 3335 1212 3406 qui
1245 3336 1395 3391 misit
1424 3352 1541 3402 me;
1573 3346 1628 3391 et
1657 3339 1710 3393 in
1739 3338 1855 3411 lege
1884 3355 1983 3396 ve-

376 3436 549 3482 'stra-'
577 3427 842 3497 scriptum
881 3437 987 3496 est,
1045 3426 1193 3498 quod
1236 3428 1470 3484 duorum
1506 3428 1788 3484 hominum
1824 3431 1981 3488 testi-

376 3544 381 3559 ι
408 3518 648 3575 monium
671 3533 859 3574 verum
889 3519 984 3575 sit.

461 3609 637 3666 Rom.
672 3627 709 3667 ι.
738 3609 842 3676 Qui
879 3610 997 3666 sine
1030 3609 1149 3681 lege
1177 3608 1496 3681 pbccarunt,
1529 3614 1789 3683 peribunt
1815 3615 1980 3671 etiam

380 3703 525 3757 's'me
577 3702 729 3771 lege;
763 3709 819 3756 et
875 3700 973 3772 qui
1018 3700 1071 3756 in
1112 3701 1232 3773 lege
1293 3713 1607 3773 peccarunt,
1670 3719 1767 3775 per
1812 3706 1980 3778 legem

388 3794 807 3862 -jnd'rcabuntur.

477 3884 756 3940 Salomon.
788 3885 981 3957 Legem
1020 3900 1355 3959 cognoscere
1392 3896 1477 3944 est
1507 3889 1664 3945 bona:
1688 3888 1906 3946 mentis.

470 3977 790 4034 Eccli.xxt.
828 3978 931 4045 Qui
990 3979 1163 4047 legem
1215 3978 1433 4034 Domini
1489 3987 1697 4044 servat,
1752 3981 1985 4052 imperat

409 4068 836 4138 cogitationibus
862 4068 977 4123 suis
1003 4069 1108 4137 (vel
1138 4078 1321 4124 servat
1346 4071 1680 4126 voluntatem
1710 4071 1878 4142 ejus).

487 4158 546 4213 S.
582 4158 798 4233 Basilii.
830 4157 948 4214 Non
1004 4159 1124 4214 fieri
1166 4168 1341 4230 potest
1373 4170 1431 4216 ut
1475 4172 1720 4219 servetur
1749 4164 1841 4235 qui
1874 4179 1984 4220 non

413 4246 542 4302 facit
574 4261 740 4317 opera
778 4247 1076 4304 secundum
1112 4260 1381 4320 praecepta
1430 4250 1666 4317 Domini,
1696 4267 1872 4324 neque
1905 4255 1987 4308 nl-

393 4339 526 4391 .lum
579 4352 644 4393 ex
702 4339 997 4410 praeceptis
1029 4339 1149 4396 sine
1174 4341 1421 4412 periculo
1478 4342 1792 4416 negligitur.
1846 4345 1984 4401 Nam

417 4432 655 4486 inaudita
689 4447 774 4486 res
804 4442 887 4488 est
917 4433 1255 4489 constituere
1285 4448 1384 4489 nos
1396 4434 1608 4505 iudices
1632 4437 1982 4508 legislatoris,

2004 3149 2052 3212 C

2068 579 2189 632 λίαν
2214 576 2375 632 καλοὶ
2413 572 2506 628 καὶ
2541 569 2828 640 σωτήριοι.
2876 565 2939 618 El
2971 563 3079 634 γὰρ
3114 561 3211 615 καὶ
3261 556 3519 625 γίνεσθαι
3563 555 3675 608 αὖ-

2069 673 2194 733 τοὺς
2226 665 2578 736 ἀπευχόμεθα
2601 701 2617 724 ,
2649 658 2967 730 γενομένοις
3014 671 3078 722 γε
3112 647 3506 717 παιδευόμεθα.
3545 644 3675 698 Κά-

2072 778 2279 833 μνονσα
2310 761 2416 829 γὰρ
2441 756 2587 828 ψυχὴ
2615 753 2825 822 ἐγγίζει
2856 747 2996 818 Θεῷ,
3032 744 3170 816 φησί
3197 759 3303 797 που
3332 736 3675 808 θαυμασιώ-

2071 873 2204 911 τατα
2240 854 2416 923 λέγων
2444 852 2471 905 6
2499 851 2730 919 Πέτρος.

2144 947 2260 1000 Οὐκ
2289 945 2397 999 ἀπὸ
2430 942 2661 1013 θεωρίας
2702 935 3045 1007 ἀρξαμένους
3080 932 3161 994 είς
3211 928 3379 998 φόϐον
3415 925 3526 994 χρὴ
3562 940 3667 976 κα-

2073 1038 2348 1108 ταλήγειν.
2376 1033 2590 1103 Θεωρία
2614 1032 2724 1101 γὰρ
2752 1028 3088 1102 ἀχαλίνωτος
3116 1023 3259 1092 τάχα
3287 1020 3354 1073 ἂν
3384 1018 3483 1071 καὶ
3512 1016 3671 1108 κατά

2073 1106 2334 1201 κρημνῶν
2380 1128 2610 1182 ὤσειεν·
2648 1122 2785 1177 ἀλλὰ
2840 1118 2995 1189 φόϐῳ
3019 1111 3516 1186 στοιχειουμένους,
3561 1106 3671 1160 καὶ

2071 1222 2527 1292 καθαιρομένους,
2556 1218 2650 1273 καὶ
2677 1217 2766 1271 ἵνα
2790 1213 2965 1276 οὕτως
2994 1210 3158 1272 εῐπω,
3188 1201 3666 1273 λεπτυνομένους,

2074 1318 2150 1377 είς
2179 1313 2313 1384 ῦψος
2348 1310 2624 1383 αἴρεσθαι.

2139 1406 2356 1460 Φύλλων
2385 1403 2631 1472 λαγωοὺς
2654 1395 2980 1482 ὲκφοϐοῦσιν
3007 1396 3056 1449 οἱ
3088 1392 3313 1454 κτύποι,

2150 1501 2385 1570 Ἀνδρας
2413 1498 2459 1553 δ’
2492 1496 2790 1566 ἀνάνδρους
2818 1492 2875 1545 αἱ
2906 1491 3058 1544 σκιαὶ
3088 1488 3198 1541 τῶν
3217 1482 3602 1569 πραγμάτων.

2148 1592 2224 1646 Οὐ
2260 1590 2514 1645 τοσοῦτον
2566 1583 2911 1658 ἐργάσασθαι
2963 1580 3254 1650 δυνήσεται
3303 1574 3488 1641 λόγος,
3529 1571 3670 1625 ὅσον

2078 1684 2371 1755 ἐργάζεται
2401 1680 2586 1749 φόϐος.
2634 1678 2692 1732 '0
2724 1677 2834 1747 γὰρ
2861 1674 2962 1743 τῆς
2991 1672 3217 1739 γεέννης
3245 1666 3408 1736 φόϐος
3431 1664 3527 1716 τὸν
3555 1663 3671 1732 τῆς

2009 1817 2048 1875 Β
2084 1776 2359 1849 βασιλείας
2397 1775 2531 1842 ἡμῖν
2590 1770 2866 1839 κομιεῖται
2912 1764 3195 1875 στέφανονέ

2152 1867 2338 1931 Αἵτιος
2377 1867 2511 1935 ἡμῖν
2569 1859 2784 1916 πολλῶν
2840 1854 3086 1925 ἀγαθῶν,
3141 1853 3192 1906 εί
3244 1846 3603 1921 βουλοίμεθα,
3637 1846 3672 1900 ὁ

2074 1960 2321 2022 διάϐολος
2348 1973 2363 1987 ’
2423 1955 2727 2017 δεδοικότες
2776 1950 2886 2020 γὰρ
2937 1945 3105 2000 αὐτοῦ
3174 1942 3277 2004 τὰς
3333 1936 3673 1998 ἐπιϐουλὰς,

2075 2048 2439 2123 νήφομενκαὶ
2470 2041 2800 2118 μεμνήμεθα
2821 2039 2915 2093 τοῦ
2939 2035 3097 2091 Θεοῦ.
3149 2033 3210 2087 '0
3242 2032 3348 2100 γὰρ
3371 2025 3678 2123 ἐφεστῶτα

2207 2119 2403 2214 ἐχθρὸν
2437 2139 2582 2212 δρῶν
2621 2135 2701 2207 τῷ
2730 2130 3019 2201 δυναμένῳ
3049 2125 3378 2199 προστρέχει
3415 2119 3675 2214 βοηθεῖν.

2149 2210 2362 2304 ὀἀίπέρ
2399 2210 2558 2288 ἀκτὶς
2603 2228 2755 2299 ἡλίου
2783 2224 2854 2278 δι’
2883 2222 3024 2289 όπῆς
3059 2214 3383 2271 εισελθοῡσα
3434 2214 3492 2265 ἐν
3523 2210 3678 2280 οἴκῳ

2074 2329 2256 2383 πάντα
2288 2325 2535 2394 φωτίζει,
2557 2321 2632 2385 ὡς
2670 2319 2767 2375 καὶ
2801 2318 2865 2371 τὸ
2902 2312 3230 2368 λεπτότατον
3281 2309 3437 2378 όρᾷν,
3471 2305 3571 2357 τόν
3602 2319 3674 2356 τε

2076 2419 2354 2492 κονιορτὸν
2400 2415 2704 2486 πετόμενον
2731 2425 2746 2442 ⁶
2779 2409 2957 2472 οὕτως
3002 2406 3098 2461 καὶ
3141 2401 3307 2474 φόϐος
3345 2398 3484 2453 Θεοῦ
3510 2397 3677 2492 μετὰ

2075 2490 2403 2584 διακρίσεως
2431 2512 2489 2564 ὲν
2511 2507 2710 2580 καρδίᾳ
2738 2504 3054 2574 γενόμενος,
3088 2498 3267 2552 πάντα
3296 2493 3435 2565 αὐτῇ
3466 2490 3538 2545 τὰ
3562 2490 3639 2545 αὖ
3656 2523 3676 2532 -

2077 2608 2175 2678 τῆς
2206 2604 2584 2677 ἁμαρτήματα
2622 2597 3027 2654 ὑποδείκνυσιν.

2159 2674 2337 2766 Ἀρχὴή
2372 2692 2651 2764 σωτηρίας
2705 2687 3014 2758 ἀνθρώπων
3063 2685 3092 2737 6
3132 2679 3228 2734 τοῦ
3268 2677 3401 2733 Θεοῦ
3465 2674 3670 2745 φόϐος,

2080 2792 2173 2847 καὶ
2204 2788 2328 2861 ῥίζα
2358 2787 2576 2841 πάντων
2599 2786 2657 2837 ἐν
2690 2784 2822 2853 ἡμῖν
2852 2776 3074 2847 ἀγαθῶν
3128 2777 3157 2829 6
3180 2771 3272 2829 τοῦ
3298 2770 3435 2826 Θεοῦ
3465 2769 3670 2838 νόμος.

2150 2881 2284 2947 Βίας
2317 2878 2616 2951 ἐρωτηθεὶς
2641 2877 2694 2930 τί
2727 2874 2793 2930 ἂν
2824 2875 2910 2943 εῖη
2944 2871 3053 2926 τῶν
3086 2865 3229 2922 κατά
3261 2864 3354 2917 τὸν
3385 2862 3501 2933 βίον
3526 2861 3674 2929 ἀφο-

2078 2974 2195 3041 ϐον,
2232 2968 2408 3040 εἶπεν,
2458 2968 2625 3040 Ὀρθὴ
2664 2967 2993 3033 συνείδησις.

2686 3058 2907 3115 ΛΟΓΟΣ
2944 3056 3064 3110 ΞΖ’.

2682 3150 2819 3221 Περὶ
2845 3150 3056 3219 νόμον.

2166 3253 2230 3306 Ἦ
2265 3250 2445 3321 κρίσις
2493 3248 2526 3318 ἠ
2581 3246 2688 3317 ἒμὴ
2744 3243 2929 3298 δικαία
2979 3240 3151 3307 ἐστὶν,
3185 3239 3269 3293 ὅτι
3332 3238 3496 3309 μόνος
3556 3237 3669 3290 οὐκ

2083 3343 2218 3413 είμὶ,
2249 3341 2365 3395 ἀλλ’
2392 3339 2503 3406 ἐγὼ
2524 3338 2621 3391 καὶ
2640 3338 2670 3390 6
2698 3333 2921 3404 πέμψας
2951 3347 3017 3404 με
3038 3346 3056 3365 ο
3093 3332 3190 3385 καὶ
3222 3330 3280 3383 ἓν
3302 3329 3381 3399 τῷ
3413 3328 3565 3399 νόμῳ
3586 3328 3675 3395 τῷ

2085 3436 2335 3507 ὑμετέρῳ
2366 3434 2699 3502 γέγραπται,
2729 3429 2813 3483 ὅτι
2844 3427 2940 3483 δύο
2974 3423 3281 3498 ἀνθρώπων
3314 3425 3347 3495 ή
3380 3425 3671 3495 μαρτυρία

2086 3526 2293 3597 ἀληθής
2327 3526 2497 3579 ἐστιν.

2157 3619 2315 3673 Ὅσοι
2341 3617 2561 3688 ἀνόμως
2594 3617 2861 3687 ἥμαρτον,
2894 3613 3114 3683 ἀνόμως
3158 3612 3255 3667 καὶ
3284 3610 3626 3666 ἀπολοῦνται
3652 3629 3669 3647 ο

2084 3710 2179 3766 καὶ
2202 3711 2317 3765 ὅσοι
2362 3710 2422 3763 ὲν
2457 3709 2606 3781 νόμῳ
2634 3708 2906 3779 ἥμαρτον,
2939 3704 3027 3760 διὰ
3075 3703 3243 3776 νόμου
3283 3702 3670 3774 κριθήσονται.

2155 3892 2229 3946 Τδ
2255 3892 2419 3962 νόμον
2447 3890 2650 3959 γνῶναι
2683 3888 2925 3951 διανοίας
2954 3887 3105 3941 ἑστιν
3139 3886 3376 3956 ἀγαθῆς.

2166 3984 2225 4038 '0
2258 3983 2552 4054 φυλάσσων
2585 3983 2751 4051 νόμον
2778 3982 2987 4052 Κυρίου
3027 3984 3226 4052 κρατεῖ
3261 3977 3354 4033 τοῦ
3398 3978 3675 4048 ἐννοήμα-

2086 4094 2174 4141 τος
2198 4074 2389 4131 αὑτοῦ.

2158 4165 2235 4219 06
2269 4163 2495 4218 δυνατὸν
2525 4164 2766 4233 σωθῆναι
2802 4163 2876 4236 μὴ
2904 4161 3163 4217 ποιοῦντα
3198 4163 3266 4216 τά
3290 4160 3413 4215 κατ’
3443 4161 3673 4230 ἐντολὴν

2084 4255 2181 4312 τοῦ
2231 4255 2368 4311 Θεοῦ
2400 4254 2575 4326 ἔργα,
2628 4254 2753 4309 οῦτε
2798 4254 2861 4309 τὺ
2907 4254 3157 4324 παριδεῖν
3186 4270 3240 4307 τι
3280 4254 3391 4306 τῶν
3437 4269 3675 4324 προστε-

2084 4348 2373 4417 ταγμένων
2425 4347 2729 4402 ἀκίνδυνον.
2764 4347 2923 4416 Δεινὴ
2957 4347 3067 4416 γὰρ
3116 4347 3150 4418 ἠ
3183 4346 3415 4416 ἔπαρσις
3468 4345 3675 4415 κριτὰς

2088 4438 2237 4508 ἡμᾶς
2260 4436 2352 4491 τοῦ
2377 4436 2669 4506 νομοθέτου
2695 4435 3045 4513 καθέζεσθαι,
3079 4437 3172 4489 καὶ
3200 4436 3326 4500 τοὺς
3353 4435 3453 4503 μὲν
3479 4434 3676 4503 ἐγκρί-

390 4534 467 4579 νει
498 4524 677 4594 legum
711 4524 1011 4595 ejus-alias
1071 4526 1394 4591 admittere,
1442 4528 1579 4584 alias
1620 4530 1869 4599 rejicerc.
1926 4531 1977 4588 Si

2099 4546 2202 4583 νειν
2245 4528 2354 4582 τῶν
2387 4528 2591 4599 νόμων,
2626 4528 2753 4590 τοὺς
2804 4526 2861 4580 δὲ
2900 4526 3393 4597 παραπέμπεσθαι.
3449 4524 3513 4579 Εἰ
3556 4525 3675 4595 γὰρ

413 4616 555 4669 enim
606 4614 907 4684 perfectum
952 4624 1318 4684 esse'oportet
1368 4614 1464 4671 Dei
1511 4615 1820 4681 “hominem,
1870 4632 1985 4672 om-

391 4705 544 4757 nino
593 4704 965 4760 necessarium
1020 4713 1106 4760 est
1160 4715 1221 4759 ut
1285 4705 1337 4759 in
1390 4706 1646 4761 omnibus
1700 4708 1986 4778 praeceptis

414 4796 697 4853 absolutus
728 4797 821 4862 sit,
854 4797 1178 4852 ad'modum
1213 4805 1268 4851 et
1294 4808 1564 4852 summam
1600 4798 1986 4868 perfectionem

414 4887 640 4942 Christi.
709 4885 859 4955 lmo,
913 4903 982 4944 ex
1048 4889 1166 4958 lege
1226 4888 1441 4953 divina,
1503 4899 1988 4962 quantumcunque

398 4993 611 5046 purum
647 4978 717 5034 sit
746 4979 1097 5043 sacrificium,
1130 4978 1406 5049 indignum
1443 4989 1527 5035 est
1564 4979 1715 5036 cultu
1744 4979 1861 5036 Dei.

404 5070 608 5141 Legem
639 5073 961 5137 observans,
997 5070 1182 5139 eiicies
1204 5070 1480 5125 timorem.

418 5159 585 5215 Vacat
615 5161 759 5215 enim
781 5162 979 5217 timore
1008 5161 1237 5232 quilibet
1271 5174 1455 5217 cuStos
1492 5161 1647 5231 legis.
1667 5160 1988 5235 (Theologi.)

464 5252 605 5307 rDuo
642 5260 769 5307 sunt
798 5254 1000 5322 quibus
1023 5253 1282 5322 regimur,
1321 5261 1513 5307 natura
1541 5261 1596 5308 et
1628 5252 1737 5307 lex.
1772 5253 1990 5309 Fortior

418 5353 596 5399 autem
624 5355 706 5400 est
740 5354 931 5401 natura
957 5359 1123 5416 quam
1156 5347 1264 5401 lex.

486 5434 547 5489 5.
580 5433 853 5505 Chrysoat.
891 5435 1141 5493 Peccatis
1175 5451 1241 5492 ex
1290 5437 1613 5494 necessitate
1675 5438 1985 5496 commissis

422 5528 566 5596 leges
592 5526 756 5580 etiam
790 5526 1102 5595 ignoscunt.

493 5613 693 5684 Legum
747 5630 943 5685 genera
999 5617 1111 5703 tria
1140 5627 1285 5705 sunt,
1318 5621 1405 5703 lex
1455 5628 1688 5690 naturae,
1727 5623 1815 5681 lex
1846 5625 1983 5680 scri-

422 5713 510 5774 pta
544 5721 664 5775 quae
693 5703 859 5776 uoysi
894 5698 1017 5762 data
1048 5698 1132 5779 est
1195 5696 1287 5763 ie‘x;
1312 5696 1522 5783 gratiae.

2089 4619 2171 4672 δεῖ
2200 4618 2405 4672 τέλειον
2458 4614 2597 4672 εἶναι
2646 4619 2738 4671 τδν
2765 4617 2860 4671 τοῦ
2907 4617 3043 4670 Θεοῦ
3089 4617 3402 4687 ἄνθρωπον,
3450 4617 3676 4687 ἀνάγκη

2094 4710 2246 4766 πᾶσα.
2273 4711 2361 4765 διὰ
2396 4711 2576 4780 πάσης
2607 4710 2823 4780 ἐντολῆς
2865 4710 3317 4780 καταρτισθῆναι,
3348 4712 3431 4774 είς
3463 4711 3679 4781 μέτρον

2093 4802 2311 4874 ¹ἡλικίας
2353 4800 2448 4854 τοῦ
2504 4799 2874 4870 πληρώματος
2904 4799 2999 4852 τοῦ
3034 4800 3277 4870 Χριστοῦ
3300 4815 3316 4831 ο
3350 4799 3476 4853 ἐπεὶ
3524 4803 3679 4855 κατὰ

2090 4896 2184 4950 τὸν
2242 4896 2383 4949 θεῖον
2435 4894 2623 4963 νόμον,
2678 4892 2780 4947 κᾶν
2830 4892 3066 4964 καθαρὸν
3206 4894 3267 4946 τὸ
3319 4892 3675 4963 τελούμενον,

2094 4986 2463 5057 ἀπρόσδεκτον
2502 4986 2581 5049 είς
2609 4983 2798 5039 θυσίαν
2820 4984 2897 5054 τῷ
2924 4984 3065 5055 Θεῷ.

2230 5077 2450 5145 Νόμους
2482 5075 2790 5145 φυλάττων,
2824 5074 2951 5140 τοὺς
2979 5076 3178 5144 φόϐους
3207 5076 3313 5142 ἔξω
3343 5076 3550 5147 βαλεῖς.

2226 5169 2412 5222 Φόϐων
2437 5168 2551 5240 γὰρ
2588 5169 2695 5235 ἔξω
2728 5169 2837 5232 πᾶς
2877 5171 2906 5221 6
2932 5166 3026 5221 τοῦ
3053 5168 3222 5237 νόμου
3254 5170 3455 5235 φύλαξ.

2160 5264 2260 5314 Δύο
2297 5263 2395 5332 μὲν
2438 5262 2548 5332 γὰρ
2595 5261 2663 5314 τὰ
2695 5261 2951 5329 διάγοντα
2996 5262 3147 5331 ἡμᾶς
3183 5263 3322 5329 ἐστι,
3356 5259 3521 5329 φύσις
3576 5262 3681 5316 καὶ

2087 5353 2277 5421 νόμος.
2311 5353 2518 5420 Κρατεῖ
2546 5351 2602 5405 δὲ
2641 5350 2735 5409 τοῦ
2765 5351 2930 5420 νόμου
2957 5352 2990 5421 ἡ
3029 5350 3216 5419 φύσις.

2168 5444 2349 5496 Ἵσασι
2375 5444 2470 5495 καὶ
2515 5442 2565 5494 οἱ
2600 5441 2754 5511 νόμοι
2779 5442 2848 5495 τὰ
2881 5441 2940 5506 ἐξ
2985 5441 3233 5509 ἀνάγκης
3276 5431 3683 5511 συγγινώσκειν

2091 5532 2207 5602 ἅμα
2217 5535 2493 5602 ρτήματα.

2163 5624 2292 5695 Εἴδη
2319 5624 2428 5677 τῶν
2456 5624 2638 5695 νόμων
2663 5626 2813 5694 τρία,
2848 5626 3011 5696 νόμος
3039 5623 3067 5680 δ
3097 5627 3197 5697 τῆς
3230 5623 3469 5696 φύσεως,
3502 5624 3679 5695 νόμος

2090 5715 2118 5767 6
2144 5712 2238 5767 τοῦ
2266 5715 2595 5786 γράμματος
2626 5718 2655 5771 6
2697 5716 2774 5789 τῷ
2802 5718 3030 5794 Μαξῢσεῖ
3060 5717 3268 5788 δοθεὶς,
3311 5717 3478 5787 νόμος
3506 5718 3536 5771 ό
3568 5720 3678 5791 τῆς

2096 5803 2340 5873 χάριτος.
