4038 6402
285 436 389 502 981

285 554 418 622 σύνη
451 550 560 619 γάρ
590 547 742 601 ἐστιν
771 541 1094 612 ἐγκράτεια,
1131 540 1240 637 καὶ
1269 537 1331 589 τὸ
1393 535 1704 606 μαχόμενον
1757 548 1859 585 πε·
1889 533 1940 593 Α

286 638 600 707 ριγενὲσθαι
628 635 733 686 τῶν
767 630 997 700 ἡδονῶν.

362 810 537 877 Πολλὴ
564 810 699 878 πρὸς
724 809 822 876 τὴν
854 803 1054 859 κακίαν
1085 805 1235 856 ἐστὶν
1266 803 1300 874 ἡ
1328 801 1572 867 εὐκολία,
1595 799 1688 853 καί
1707 798 1873 870 ὀξύρο

291 905 462 974 ρωπος
495 900 592 953 ἐπὶ
623 899 682 952 τὸ
717 900 898 967 χεῖρον
936 900 971 965 ὴ
1000 895 1186 965 φύσις.

360 993 534 1063 Κόπῳ
564 989 764 1060 πολλῷ,
799 992 896 1044 καὶ
929 988 1136 1060 μόχθῳ,
1166 987 1258 1042 καὶ
1305 984 1491 1057 ἱδρῶτι
1525 1026 1541 1052 ,
1573 980 1878 1054 κατορθοῦ-

289 1100 383 1137 ται
431 1085 487 1138 ὲν
551 1082 683 1153 ἡμῖν
714 1079 845 1153 ἦθος
878 1081 1116 1152 χρηστὸν
1156 1084 1253 1133 καὶ
1308 1077 1714 1132 εὐκατάστατον
1736 1092 1750 1107 ·
1781 1072 1879 1127 καὶ

291 1176 363 1228 τὰ
391 1176 570 1246 πολλῷ
598 1177 783 1246 μόχθῳ
809 1172 1226 1243 κατορθούμενα
1255 1171 1574 1226 δυνατὸνκὲν
1605 1170 1710 1240 μιᾷ
1739 1185 1867 1221 και-

295 1264 395 1336 ροῦ
421 1268 567 1337 ῥοπῇ
610 1266 900 1320 ἀπολέσαι.
1600 1265 1630 1292 ⁴

930 1355 1154 1410 ΛΟΓΟΣ
1189 1357 1267 1408 0’.

591 1448 732 1519 Περὶ
762 1448 1050 1515 εὐτυχίας
1079 1446 1177 1500 καί
1207 1443 1569 1513 δυστυχίας.

773 1544 998 1615 (Actaei
1023 1556 1076 1594 τι
1109 1538 1419 1609 ἐνταῦθα.)

1098 421 1274 486 LOCI
1310 415 1758 482 COMMUNES.
1797 439 1867 452 -
1896 411 2096 475 PARS
2137 410 2187 472 Ι.
2227 406 2489 469 SERMO
2523 402 2706 466 LXX.

1967 528 2284 586 vocabimus
2329 534 2424 580 aut
2451 519 2893 578 coronabimus?
2935 513 3181 570 Minime.
3219 511 3558 584 Temperan-

3443 395 3562 459 εδει

1975 623 2047 678 tia
2097 621 2240 676 enim
2302 627 2385 674 est
2419 615 2752 672 continentia
2797 621 2852 668 et
2909 611 3221 679 voluptates
3265 607 3560 678 pugnando

1974 714 2218 765 vincere.

2048 802 2268 872 Gregor.
2302 798 2556 871 Nysseni.
2574 795 2763 866 Magna
2789 792 3020 848 facilitas
3048 800 3125 846 est
3166 788 3234 844 ad
3266 785 3560 849 malitiam,

1977 906 2032 950 et
2059 894 2113 948 in
2151 892 2422 949 deteriora
2461 890 2724 960 proclivis
2753 894 2947 941 natura
2973 884 3272 939 delabitur.

2047 984 2214 1039 Joan.
2247 981 2526 1038 Climacis.
2557 980 2770 1034 Labore
2816 978 2990 1031 multo
3035 985 3090 1030 et
3131 974 3329 1027 sudore
3376 981 3562 1024 mores

1980 1078 2109 1133 boni
2141 1086 2196 1132 et
2223 1084 2368 1130 recte
2394 1073 2680 1144 compositi
2733 1071 2788 1125 iu
2833 1070 2992 1124 nobis
3024 1067 3340 1144 efﬁciuntur
3373 1081 3387 1116 :
3419 1061 3563 1116 ﬁeri-

1981 1186 2089 1242 que
2139 1175 2320 1239 potest
2363 1174 2422 1221 ut
2470 1141 2592 1233 qua:
2642 1165 2812 1220 multo
2877 1164 3062 1216 labore
3115 1141 3376 1229 praeclare
3415 1155 3560 1212 facta

1983 1271 2134 1329 sunt,
2165 1275 2273 1317 uno
2302 1257 2564 1328 temporis
2603 1263 2877 1310 momento
2907 1253 3226 1324 pet-dantur.

2291 1350 2524 1408 SERMO
2579 1347 2721 1404 LXX
2796 1347 2894 1420 |_al.
2956 1341 3258 1414 CXLVIII].

2376 1445 2453 1500 De
2512 1445 2733 1514 fortuna
2765 1442 2901 1496 bona
2931 1448 2978 1494 et
3009 1439 3176 1492 mala.

2057 1541 2164 1608 Qui
2197 1539 2252 1594 in
2277 1539 2422 1594 bona
2454 1535 2672 1590 fortuna
2722 1533 2944 1588 modum
2978 1538 3033 1586 et
3077 1525 3422 1597 disciplinam
3454 1540 3566 1578 non

1989 1633 2230 1700 adhibet,
2267 1631 2396 1687 huic
2444 1630 2606 1685 etiam
2648 1626 2850 1683 dolenti
2904 1621 3208 1678 consolatio
3264 1617 3409 1674 nulla
3440 1632 3572 1688 pro-

1991 1728 2154 1785 derit.

371 1830 622 1901 Μεγίστη
657 1829 766 1899 γὰρ
818 1828 1108 1898 ἐπικουρία
1134 1830 1246 1890 τοῖς
1291 1827 1556 1895 ἀτυχοῦσι
1589 1824 1890 1896 μεταϐολῆς
1921 1843 1956 1904 ε

2063 1821 2358 1876 Maximum
2394 1817 2708 1890 praesidium
2757 1812 3097 1869 calamitosis
3121 1818 3206 1867 est
3240 1805 3573 1865 vicissitudi-

304 1925 477 1989 ἐλπὶς,
513 1925 609 1977 καὶ
643 1924 704 1974 τὸ
725 1921 976 1992 κρεῖττον
1007 1921 1066 1974 ὲν
1095 1917 1395 1988 ὀφθαλμοῖς
1430 1916 1704 1985 κείμενον.

377 2017 568 2087 Πληγὴ
620 2017 732 2078 τοῖς
771 2011 830 2066 εὖ
885 2012 1144 2082 φρονοῦσι
1192 2009 1470 2078 παίδευμα
1527 2007 1761 2076 γίνεται,
1797 2008 1892 2062 καὶ

305 2108 571 2179 κρείττων
599 2107 902 2176 εὐημερίας
932 2103 1194 2165 πολλάκις
1227 2100 1587 2154 κακοπάθεια.

377 2198 627 2268 Μεγίστη
661 2197 919 2267 συμφορὰ
952 2194 1227 2264 ἀνθρώπῳ
1275 2191 1677 2261 δυσπραγοῦντι
1735 2190 1892 2260 καὶὴ

309 2293 514 2364 ἐρημία
541 2292 636 2345 τοῦ
671 2289 1145 2358 ἀνακτησαμένου.

377 2386 536 2452 Μέγα
567 2382 644 2453 τῷ
698 2381 989 2448 ἀτυχοῦντι
1036 2378 1332 2448 φάρμακον
1386 2376 1536 2440 ἔλεος
1577 2375 1687 2430 ἀπὸ
1718 2373 1897 2444 ψυχῆς

312 2474 736 2544 εἰσφερόμενοςο
768 2473 864 2524 καὶ
910 2469 972 2522 τὸ
1029 2468 1320 2535 συναλγεῖν
1374 2466 1616 2536 γνησίως
1677 2463 1814 2519 πολύ
1846 2479 1899 2516 τι

315 2565 560 2632 κουφίζει
593 2564 694 2632 τῆς
729 2563 1042 2631 συμφορᾶς.

383 2659 459 2711 οὐ
496 2657 692 2727 μικρὸν
738 2654 796 2707 δὲ
842 2655 936 2708 καὶ
962 2655 1023 2707 τ’)
1066 2655 1124 2705 ἐν
1152 2651 1426 2723 εὐημερίῆι
1455 2648 1783 2720 γενομένους
1817 2646 1897 2719 μὴ

313 2753 396 2814 τις
423 2749 594 2818 λήθην
618 2749 882 2818 ἐμπεσεῖν
913 2745 1020 2798 τῶν
1050 2732 1556 2815 εὐεργετησάντων.

384 2843 586 2915 Θρήνει
619 2841 711 2894 τὸν
742 2838 1069 2911 ἁμαρτωλὸν
1099 2836 1436 2908 εὐθηνοῦντα
1461 2849 1476 2864 ο
1511 2835 1574 2886 τὸ
1609 2829 1762 2901 ξίφος
1793 2829 1901 2902 γὰρ

317 2934 466 3005 αὐτῷ
497 2934 595 3002 τῆς
625 2932 782 3002 δίκης
810 2929 1164 2983 ἐπιτείνεται.

393 3025 618 3079 [Ιάντων
676 3038 771 3076 σου
816 3021 927 3074 τῶν
987 3020 1331 3092 πραγμάτων
1397 3015 1904 3086 κατευοδουμὲνων,

321 3117 545 3187 ἐκδέχου
581 3115 920 3187 μεταϐολήνο
971 3115 1067 3166 καὶ
1104 3112 1272 3169 πάλιν
1310 3111 1440 3165 ποτὲ
1492 3110 1600 3163 ὑπὸ
1629 3106 1907 3179 ἀπροσδο-

1992 1915 2080 1972 nis
2106 1929 2252 1984 spes,
2284 1922 2340 1968 et
2367 1913 2559 1968 melior
2591 1919 2766 1966 status
2799 1907 2871 1962 ob
2891 1907 3083 1963 oculos
3108 1903 3343 1974 positus.

2063 2005 2299 2060 Alliictio
2344 2002 2708 2075 prudentibus
2757 1998 3043 2069 discip'iua
3077 1997 3156 2064 tit,
3201 1994 3466 2052 etmeiior
3491 2001 3578 2049 est

1994 2097 2265 2152 interdum
2303 2095 2606 2150 adversitas
2635 2092 3017 2163 prosperitate.

2065 2188 2302 2242 Maxima
2339 2185 2625 2242 calamitas
2659 2192 2745 2239 est
2789 2182 2996 2237 homini
3025 2181 3226 2236 misero
3278 2175 3499 2233 destitui
3545 2189 3578 2230 a

1995 2295 2111 2352 quo.
2147 2280 2467 2334 restituatur
2500 2285 2557 2331 et
2589 2284 2887 2333 recreetur.

2068 2373 2324 2444 Magnum
2358 2370 2662 2428 remedium
2708 2376 2797 2424 est
2827 2367 3170 2423 infortunato
3199 2361 3588 2420 misericordia.

1997 2483 2064 2524 ex
2095 2467 2280 2522 animo
2325 2465 2562 2521 collata:
2587 2471 2642 2519 et
2674 2462 2890 2518 sincera
2920 2457 3274 2516 condolentia
3305 2455 3476 2512 multo
3502 2454 3585 2510 le-

2001 2562 2206 2617 viorem
2239 2557 2420 2615 reddit
2463 2556 2859 2612 calamitatem.

2071 2651 2188 2706 Non
2215 2663 2404 2720 parum
2433 2655 2520 2703 est
2542 2647 2586 2702 si
2605 2645 2869 2700 fortunati
2895 2643 3026 2698 facti
3055 2656 3163 2698 non
3188 2637 3585 2696 obliviscantur

2003 2743 2222 2799 illorum
2251 2755 2283 2796 a
2315 2739 2510 2810 quibus
2536 2737 2717 2794 allecti
2749 2747 2879 2792 sunt
2907 2735 3212 2790 beneficiis.

2077 2833 2225 2888 Nili.
2255 2831 2407 2898 Luge
2467 2839 2814 2900 peccatorum
2856 2826 3220 2883 fortunatum.
3276 2824 3588 2881 lntentatur

2005 2929 2152 2986 enim
2183 2928 2230 2984 ei
2272 2925 2486 2999 gladius
2510 2923 2726 2997 judicii.

2067 3021 2208 3079 Cum
2237 3035 2430 3077 omnes
2478 3034 2568 3074 res
2605 3025 2714 3072 tuae
2756 3016 2894 3070 bene
2945 3011 3273 3084 procedunt,
3325 3015 3588 3080 exspecta

2010 3115 2368 3172 mutationem
2399 3120 2496 3168 τοι
2525 3125 2719 3165 rursus
2769 3107 2904 3162 alias
2954 3104 3255 3175 inopinatis
3291 3101 3450 3158 malis
3479 3101 3591 3157 cir-

322 3210 504 3278 κήτων
533 3206 832 3279 συμφορῶν
860 3206 1250 3274 κυκλούμενος,
1280 3203 1556 3275 φαντάζου
1590 3202 1661 3256 τὰ
1686 3198 1907 3272 χρηστὰ.
1931 3207 1956 3266 (

2022 3213 2320 3274 :umdatus,
2352 3206 2529 3262 fausta
2555 3214 2608 3262 et
2634 3203 2855 3260 meliora
2894 3200 2989 3257 tibi
3023 3199 3300 3270 promitte.

323 3301 419 3354 καὶ
443 3301 752 3370 κρείττονα.
1531 3343 1539 3354 ,

398 3389 760 3459 Εὐδαιμονίαν
786 3387 1094 3458 κτήσασθαι
1147 3387 1267 3457 μὲν,
1296 3386 1396 3440 οὐκ
1441 3386 1667 3457 εὐχερές
1692 3401 1708 3420 ο
1772 3402 1909 3456 κτη-

324 3481 514 3539 θεῖσαν
542 3482 601 3535 δὲ
627 3481 790 3552 μέχρι
816 3480 1002 3544 τέλους
1023 3479 1416 3544 διασώσασθαι,
1447 3475 1628 3548 πολλῷ
1653 3477 1914 3549 δυσχερέ-

331 3593 547 3646 στερον.

399 3671 559 3726 Πᾶσα
589 3667 846 3740 συμφορὰ
877 3666 1055 3736 κούφη
1089 3665 1238 3718 ἐστὶν
1263 3664 1417 3737 ἀνδρὶ
1447 3665 1523 3734 μὴ
1556 3661 1768 3733 κούφῳ.

399 3854 542 3908 Οὔτε
577 3852 670 3906 τὸν
701 3847 1094 3923 ἀρρωστοῦντα
1125 3847 1158 3917 ἡ
1186 3845 1498 3917 χρυσόπους
1543 3843 1748 3914 ὠφελεῖ
1791 3841 1916 3898 κλαί-

333 3965 421 4021 νη,
451 3947 578 4002 οῦτε
612 3945 704 3999 τὸν
741 3944 968 4014 ἀνόητον
1000 3943 1033 4011 ἡ
1062 3939 1334 4010 ἐπίσημος
1359 3938 1606 4008 εὐτυχία.

405 4042 530 4102 Τοῖς
561 4038 659 4108 μὲν
699 4036 946 4089 νοσοῦσιν
1000 4033 1245 4104 ἰατροὺς,
1303 4033 1417 4096 τοῖς
1459 4029 1506 4085 δ’
1536 4027 1798 4100 ἀτυχοῦσι
1830 4028 1917 4098 φί-

333 4132 460 4195 λους
480 4132 560 4184 δεῖ
588 4128 996 4199 συμπαρεῖναι.
1627 4113 1632 4122 ’

406 4227 472 4278 At
509 4223 794 4291 ἐπιφανεῖς
818 4218 1006 4288 τύχαι,
1036 4216 1288 4286 καθάπερ
1323 4215 1374 4268 oi
1405 4213 1626 4284 σφοδροὶ
1656 4211 1765 4267 τῶν
1794 4213 1916 4267 ἀνέ-

342 4335 480 4388 μων,
509 4315 718 4386 μεγάλα
744 4312 987 4366 ποιοῦσιν
1013 4311 1270 4378 ναυάγια.
1591 4368 1600 4376 _

412 4409 623 4477 Ὠσπερ
645 4405 696 4458 ot
745 4405 803 4457 ὲν
831 4403 984 4474 εὐδίᾳ
1015 4401 1276 4464 πλέοντες
1303 4397 1397 4453 καὶ
1421 4398 1492 4450 τὰ
1523 4396 1662 4468 πρὸς
1688 4397 1781 4450 τὸν
1811 4413 1925 4466 χει-

2084 3388 2281 3444 Photii.
2311 3385 2651 3441 Felicitatem
2683 3383 2967 3454 acquirere
3010 3396 3119 3436 non
3145 3377 3305 3434 facile
3346 3385 3428 3432 est
3455 3391 3472 3431 :
3497 3388 3594 3430 ac-

2013 3482 2272 3554 quisitam
2303 3494 2432 3536 vero
2455 3479 2524 3534 ad
2553 3479 2712 3535 tinem
2749 3489 2925 3547 usque
2983 3486 3205 3530 servare
3231 3469 3404 3526 multo
3455 3466 3596 3525 didi-

2013 3576 2195 3632 cilius.

2087 3665 2330 3736 Evagrii.
2380 3663 2598 3720 Homini
2639 3673 2749 3718 non
2781 3661 2884 3717 levi
2913 3659 3126 3730 quaevis
3151 3653 3436 3713 calamitas
3462 3651 3598 3708 levis

2015 3767 2125 3814 est.

2091 3847 2389 3905 Plutarchi.
2424 3845 2536 3902 Nec
2567 3859 2770 3914 aegrum
2827 3841 3010 3898 aureis
3067 3838 3297 3911 pedibus
3344 3835 3601 3892 suli'ultus

2019 3942 2600 4015 grabatusjuvat,nec
2638 3936 2896 3994 stolidum
2955 3934 3186 4005 insignis
3243 3932 3600 4003 prosperitas.

2091 4034 2278 4106 Egris
2307 4033 2572 4098 medicos,
2592 4028 2966 4092 jinfortunatis
2990 4027 3203 4083 amicos
3225 4027 3418 4084 adesse
3440 4041 3604 4098 opor-

2024 4135 2122 4184 tet.

2094 4218 2341 4288 Insignes
2380 4213 2635 4280 fortunae,
2666 4211 2811 4268 sicut
2865 4209 3011 4265 venti
3065 4207 3442 4274 vehementes,
3471 4206 3611 4263 infe-

2025 4317 2155 4366 runt
2188 4323 2385 4380 magna
2409 4306 2741 4376 naufragim!

2099 4398 2170 4457 Ut
2195 4400 2288 4470 qui
2318 4397 2460 4454 coelo
2485 4411 2681 4452 sereno
2705 4395 2986 4466 navigant,
3015 4393 3383 4450 instrumenta
3442 4390 3608 4445 etiam

339 4501 502 4572 μῶνα
535 4499 752 4569 ἔχουσιν
786 4497 1004 4566 ἕτοιμα,
1037 4492 1212 4555 οὕτως
1241 4493 1289 4544 οἱ
1319 4492 1377 4543 ἐν
1405 4489 1632 4560 εὐτυχίᾳ
1668 4489 1926 4560 φρονοῦν·
1952 4508 1956 4561 j

2032 4496 2295 4551 adversus
2346 4500 2698 4562 tempeatates
2733 4489 2790 4543 in
2823 4498 3080 4558 promptu
3117 4485 3318 4541 habent
3350 4500 3366 4537 :
3404 4482 3478 4536 ita
3514 4481 3606 4551 qui

340 4610 432 4656 τες
459 4587 516 4646 εὖ
571 4591 668 4645 καὶ
696 4590 764 4642 τὰ
795 4588 932 4662 πρὸς
958 4587 1058 4658 τὴν
1088 4584 1319 4655 ἀτυχίαν
1349 4583 1685 4652 ήτοιμάκασι
1723 4580 1928 4652 βοηθή-

349 4699 518 4753 ματα.

423 4770 698 4840 Ἔοικενή
733 4767 872 4837 τύχη
919 4763 1108 4834 φαύλῳ
1140 4759 1479 4830 ἀγωνοθέτῃ.
1518 4756 1788 4820 Πολλάκις
1821 4753 1932 4826 γὰρ

348 4866 472 4928 τοὺς
507 4865 580 4934 μὴ
607 4863 936 4931 νικήσαντας
969 4859 1244 4925 στεφανοῖ.

433 4956 687 5026 Ἀτυχίαν
737 4955 974 5022 κρύπτε,
1012 4951 1100 5004 ἵνα
1139 4949 1216 5019 μὴ
1245 4949 1375 5010 τοὺς
1428 4944 1659 5017 ἐχθρούς
1718 4960 1813 4998 σου
1847 4942 1934 4997 εύ-

347 5056 389 5119 ’φ
398 5049 584 5120 ράνῃςο

426 5143 632 5212 Νόμιζε
669 5137 834 5210 μηδὲν
859 5131 1000 5191 εἶναι
1032 5133 1145 5188 τῶν
1175 5131 1534 5204 ἀνθρωπίνων
1567 5127 1810 5199 βέϐαιονο
1847 5124 1937 5178 οῦ-

355 5257 436 5291 τω
461 5239 570 5304 γὰρ
613 5231 739 5286 οὐτε
774 5230 1018 5300 εὐτυχῶν
1068 5229 1168 5298 ἔσῃ
1199 5223 1529 5296 περιχαρὴς,
1559 5218 1687 5276 οὔτε
1734 5219 1937 5272 δυστυ-

360 5332 471 5402 χῶν
495 5326 820 5398 περίλυπος.

432 5424 540 5476 Καὶ
568 5419 907 5488 κυϐερνήτης
935 5412 1137 5483 ἀγαθὸς
1168 5412 1339 5465 ἐνίοτε
1367 5406 1630 5475 ναυαγεῖ·
1665 5401 1762 5457 καὶ
1794 5400 1937 5472 ἀνὴρ

365 5517 652 5577 σπουδαῖος
680 5513 893 5582 ἀτυχεῖ.

436 5609 617 5662 Καλὸν
647 5607 744 5676 μὲν
766 5605 861 5658 ἐπὶ
889 5602 1076 5678 ἑστίας
1101 5597 1394 5671 φαίνεσθαι
1420 5597 1484 5652 τὺ
1517 5596 1627 5667 πῦρ
1660 5591 1938 5666 λαμπρὸν,

365 5703 459 5756 ἐπὶ
485 5703 542 5754 δὲ
563 5701 663 5770 τῆς
683 5698 936 5769 εὐτυχίας
964 5696 1057 5749 τὸν
1085 5693 1230 5748 νοῦν.

442 5794 736 5862 Σωκράτης
756 5789 1072 5858 ἐρωτηθεὶς,
1094 5786 1148 5842 τί
1176 5785 1341 5841 λυπεῖ
1375 5782 1501 5847 τοὺς
1524 5779 1790 5853 ἀγαθοὺς,
1812 5775 1940 5846 ἔφη’

377 5904 397 5941 ι
429 5883 668 5960 Εὐτυχία
694 5881 964 5956 πονηρῶν.
992 5900 1013 5938 ι

2033 4587 2236 4643 inlaeta
2289 4584 2509 4640 fortuna
2535 4592 2680 4638 recte
2739 4583 2979 4652 sapiunt,
3023 4577 3338 4650 prtesidium
3391 4587 3612 4646 quoque

2030 4677 2294 4734 adversus
2324 4674 2623 4731 infortunia
2649 4680 2995 4743 comparant.

2102 4767 2345 4824 Fortuna
2379 4765 2576 4823 similis
2609 4774 2695 4820 est
2745 4764 2891 4818 malo
2948 4761 3311 4818 certaminum
3368 4757 3610 4830 praesidi.

2031 4862 2172 4917 Nam
2204 4875 2346 4928 saepe
2363 4868 2592 4913 coronat
2618 4857 2742 4911 illos
2777 4856 2868 4926 qui
2903 4871 3010 4909 non
3045 4855 3319 4908 vicerunt.

2105 4951 2470 5008 lufortunium
2525 4949 2665 5019 cela,
2713 4963 2784 5002 ne
2835 4945 3091 5018 gaudium
3141 4944 3327 5016 parias
3377 4941 3617 4998 inimicis

2039 5045 2169 5100 tuis.

2113 5137 2274 5208 116
2298 5135 2577 5190 Isocratis.
2606 5129 2750 5185 Nihil
2800 5131 2854 5183 in
2907 5130 3070 5182 rebus
3107 5124 3362 5180 humanis
3400 5126 3615 5177 firmum

2039 5243 2161 5282 esse
2190 5228 2414 5296 cogites.
2458 5225 2547 5280 Sic
2605 5223 2750 5278 enim
2799 5234 2977 5290 neque
3021 5218 3331 5272 fortunatus
3388 5213 3618 5268 nimium

2044 5319 2325 5388 gaudebis,
2363 5332 2464 5372 nec
2484 5312 2854 5370 infortunatus
2885 5310 3176 5367 tristabere
3204 5307 3458 5363 nimium.

2114 5411 2424 5468 Democriti.
2478 5407 2650 5462 Etiam
2715 5406 2892 5461 bonus
2958 5402 3302 5473 gubernat-or
3373 5399 3624 5469 aliquan-

2043 5505 2112 5560 do
2145 5502 2440 5572 naufragus
2489 5500 2574 5566 iit,
2620 5506 2676 5552 et
2713 5498 2795 5551 vir
2846 5494 3175 5558 industrius.
3229 5490 3621 5546 infortunatus.

2115 5598 2174 5652 in
2208 5595 2330 5650 foco
2373 5593 2575 5664 ignem».
2602 5590 2655 5645 in
2683 5590 2826 5645 bona
2857 5587 3076 5644 fortuna
3098 5593 3338 5640 mentem
3370 5582 3622 5652 splende-

2046 5704 2105 5745 re
2135 5685 2426 5758 pulchrum
2459 5689 2562 5736 est.

2120 5776 2382 5834 Socratis.
2412 5773 2667 5829 Socrates
2703 5771 3073 5839 interrogatus
3097 5767 3228 5838 quid
3273 5765 3448 5832 bonis
3489 5761 3623 5817 viris

2063 5865 2353 5920 molestum
2381 5865 2550 5926 esset,
2580 5859 2718 5916 dixit
2751 5873 2765 5912 :
2798 5857 3051 5915 Felicitas
3087 5855 3376 5913 malorum.
