4038 6432
415 426 518 497 08‘)

1642 423 1967 485 ΑΝΤΟΝΙΙ
2009 425 2364 486 MELISSfE

3603 433 3740 498 984

486 542 798 599 Chartctete.
828 539 976 594 Solet
1005 538 1147 592 enim
1179 536 1513 607 prosperitas
1539 533 1821 605 inopinata
1873 552 1999 592 con-

2189 539 2337 592 Φιλεϊ
2366 540 2474 608 γὰρ
2501 537 2771 608 εὑημερία
2803 535 3118 608 παράλογος
3154 535 3368 608 ὕϐρεως
3391 536 3541 609 ἔργα
3566 555 3734 611 προ-

424 635 659 688 tumeliae
703 633 942 688 facinora
975 630 1258 698 prolicere.

490 722 831 777 Moschionis.
865 721 1031 786 Quem
1060 717 1278 773 fortuna
1319 714 1772 771 contumeliosum
1802 714 2000 792 reddit,

421 815 464 867 is
493 813 709 881 vapulat
733 811 897 865 etiam
921 827 950 864 a
986 809 1256 878 benignis.

489 904 846 958 Demonactis.
885 900 955 956 Ut
995 901 1221 957 musicae
1253 901 1418 956 rudes
1445 903 1689 972 organis,
1729 899 1809 956 sic
1842 899 2002 954 indo-

418 997 486 1050 rti
519 996 750 1050 fortunis
783 996 1208 1050 accommodare
1247 1009 1306 1049 se
1335 995 1611 1048 nesciunt.

488 1085 649 1155 Fuga:
714 1094 930 1154 tempus
999 1087 1051 1140 in
1116 1084 1260 1139 bello
1337 1086 1510 1136 virum
1565 1096 1754 1138 revera
1807 1080 2000 1136 {Ortem

418 1176 683 1243 declarat,
719 1175 1078 1230 infortunium
1105 1191 1233 1230 vero
1265 1175 1608 1243 prudentem.

491 1268 796 1322 Pharorim’.
846 1271 924 1326 lu,
953 1269 1069 1321 laeta
1103 1268 1316 1321 fortuna
1345 1285 1411 1322 ne
1440 1266 1743 1335 superbias,
1772 1274 1826 1319 et
1847 1265 2004 1332 inops

422 1377 488 1414 ne
513 1363 746 1431 dejieias
775 1362 1044 1415 animum.
1103 1359 1358 1413 Fortunae
1405 1359 1550 1412 vices
1598 1355 1816 1412 fortiter
1859 1356 2003 1412 ferre

421 1453 586 1508 scias.

492 1543 801 1599 Alexander
830 1559 921 1598 rex
960 1559 1085 1599 cum
1119 1543 1406 1611 Diogenem
1461 1542 1514 1596 in
1547 1542 1694 1600 dolio
1726 1539 2000 1596 dormien-

423 1641 529 1687 tem
551 1634 798 1700 vidisset,
834 1634 970 1687 dixit
999 1647 1016 1686 :
1049 1632 1242 1704 (Deest
1265 1630 1509 1701 aliquid.)
1689 1688 1696 1694 ,

494 1725 706 1780 Avarus
739 1726 954 1796 quidam
990 1725 1103 1779 haec
1143 1724 1304 1778 verba
1339 1723 1563 1792 protulit
1591 1723 1666 1793 (l)
1703 1739 1716 1776 :

428 1814 568 1870 Malo
597 1813 828 1870 fortuna}
850 1823 1080 1882 guttam,
1114 1828 1275 1883 quam
1302 1813 1508 1867 dolium
1545 1822 1727 1868 mente
1753 1813 1998 1883 plenum.

427 1911 557 1964 Nam
589 1911 678 1964 illa
713 1910 938 1964 absente
989 1906 1319 1962 infortunata
1356 1921 1512 1961 mens
1541 1915 1643 1960 est.

494 2003 592 2058 Cui
616 2003 837 2072 quidam
861 2016 927 2055 ex
975 2000 1279 2068 prudentiae
1313 1998 1578 2053 studiosis
1613 1998 1926 2068 respondit:

429 2095 585 2148 Stilla
615 2095 744 2147 mihi
781 2093 982 2148 mentis
1017 2091 1202 2161 potius
1233 2089 1505 2160 obtingat,
1554 2103 1717 2158 quam
1771 2088 2002 2144 fortunae

1735 2179 1927 2252 [marc.

501 2275 810 2329 Demetrius.
837 2273 1142 2328 Demetrius
1183 2273 1335 2329 illum
1366 2273 1460 2344 qui
1489 2273 1770 2330 sinistram
1833 2271 2004 2326 furtu-

427 2384 550 2423 nam
583 2367 724 2421 ferre
747 2375 1003 2436 nequeat,
1039 2381 1109 2421 ne
1139 2366 1386 2421 dextram
1414 2365 1636 2436 quidem
1672 2366 1812 2420 ferre
1843 2381 2003 2435 posse

426 2461 582 2514 dixit.

496 2553 726 2624 Cypseli.
759 2551 812 2606 in
844 2551 965 2607 laeta
989 2551 1206 2608 fortuna
1236 2549 1569 2614 moderatus,
1595 2549 1648 2603 in
1683 2547 1826 2604 tristi
1878 2563 2003 2620 pru-

426 2646 559 2698 dens
580 2653 720 2698 esto.

499 2729 646 2785 Docti
677 2732 950 2798 homines,
981 2731 1440 2801 quemadmodum
1479 2731 1532 2785 in
1559 2730 1814 2801 palaestra
1841 2745 2002 2785 exer-

427 2823 725 2887 citati,ctsi
794 2824 1111 2887 ceciderint,
1166 2825 1349 2879 statim
1403 2834 1456 2878 et
1485 2840 1609 2879 eum
1672 2824 2002 2879 dexteritate

425 2913 655 2982 quadam
686 2915 755 2969 ab
782 2915 1083 2969 infortunio
1112 2923 1434 2984 resurgunt.

497 3003 577 3058 Ad
612 3004 844 3084 faustam
881 3005 1283 3076 navigationem
1319 3007 1685 3077 gubernatore
1720 3014 1775 3060 et
1840 3014 2003 3060 vento

424 3110 562 3166 opus
588 3105 694 3162 est,
743 3097 808 3151 ad
843 3097 967 3152 vitae
994 3096 1308 3152 felicitatem
1342 3113 1471 3154 vero
1539 3099 1750 3153 ratione
1780 3109 1834 3152 et
1884 3097 2001 3150 for-

425 3197 576 3240 tuna.

496 3275 779 3332 Isocratis.
847 3277 1096 3336 Rationis
1147 3293 1304 3350 Opem
1361 3293 1460 3335 ceu
1504 3277 1631 3332 boni
1688 3277 1886 3332 medici
1941 3277 1997 3330 in

422 3372 732 3426 calamitate
770 3373 1027 3427 invocare
1059 3383 1294 3442 oportet.

495 3464 729 3527 Stultus,
768 3464 905 3518 bona
939 3464 1157 3518 fortuna
1188 3473 1446 3534 tanquam
1480 3465 1742 3520 ebrietate
1773 3463 1996 3516 nimium

424 3555 633 3621 fruens,
660 3555 883 3611 stultior
904 3558 1109 3610 evadit.

493 3648 919 3704 Fortunatorum
960 3647 1306 3720 antagonista
1342 3657 1423 3703 est
1457 3648 1684 3702 invidia.

493 3740 596 3809 Qui
625 3742 871 3796 meminit
906 3742 1038 3811 quid
1076 3742 1149 3796 sit
1181 3741 1368 3805 homo,
1394 3739 1604 3794 nullum
1659 3739 1998 3794 evenientem

422 3849 610 3889 casum
643 3849 788 3901 aegre
811 3834 969 3889 feret.

492 3926 693 3984 Hieron
717 3927 1107 3996 interregatus,
1135 3928 1258 3996 quis
1282 3925 1406 3981 felix
1431 3935 1596 3994 esset,
1627 3927 1767 3981 dixit
1797 3942 1810 3980 :
1851 3947 1868 3978 ‹
1896 3926 2000 3992 Qui

423 4031 654 4086 corpore
677 4032 844 4072 sanus
877 4027 984 4081 est,
1015 4017 1198 4072 animo
1230 4017 1492 4084 liberalis,
1519 4025 1575 4072 et
1635 4019 1854 4087 ingenio
1891 4018 1994 4072 du—

425 4109 565 4163 uiis.
609 4128 628 4161 ι

495 4197 758 4256 Romulus
789 4198 923 4254 dixit
954 4216 967 4252 :
1006 4217 1026 4250 ι
1069 4198 1196 4264 Qum
1223 4207 1421 4252 nocent
1468 4199 1800 4263 hominibus,
1835 4200 1998 4253 vitam

425 4302 612 4343 eorum
636 4289 851 4344 docent.
887 4287 1036 4343 Multi
1071 4291 1216 4344 enim
1253 4306 1376 4344 cum
1408 4290 1618 4345 ratione
1641 4289 1821 4344 futura
1855 4306 1993 4360 prte—

428 4383 612 4437 videre
639 4395 751 4437 non
779 4381 1012 4452 possint,
1047 4382 1306 4453 patiendo
1333 4397 1422 4438 res
1454 4381 1784 4453 intelligunt.
1832 4401 1850 4434 ι

2108 633 2412 686 καλεῖσθαι.

2181 724 2277 775 Ὃν
2311 725 2343 792 ἠ
2375 723 2511 792 τύχη
2551 719 2996 792 προπηλακίζει,
3034 721 3130 774 καὶ
3165 720 3322 792 παρά
3352 721 3465 775 τῶν
3495 723 3722 793 πράων

2103 807 2260 877 οὗτος
2307 813 2578 884 μάστιγας
2609 813 2880 881 εὑρίσκει.

2176 906 2314 960 Οὐτε
2344 907 2393 959 0i
2436 906 2666 976 ἄμουσοι
2709 909 2821 968 τοῖς
2846 905 3119 976 ὀργάνοις,
3151 901 3276 957 οὐτε
3304 903 3353 956 οἱ
3375 904 3727 957 ἀπαίδευτοι

2103 1003 2222 1063 ταῖς
2255 999 2444 1070 τύχαις
2474 999 2725 1052 δύνανται
2760 997 3228 1068 συναρμόσασθαι.

2174 1090 2456 1143 Δείκνυσιν
2504 1091 2535 1160 ὴ
2580 1091 2678 1160 μὲν
2725 1090 2904 1160 τροπὴ
2949 1091 3042 1143 τὸν
3093 1088 3235 1143 κατὰ
3289 1088 3555 1160 ἀλήθειαν
3596 1091 3715 1143 ἀν-

2101 1182 2300 1254 δρεῖον,
2331 1185 2364 1252 ὴ
2391 1182 2446 1236 δὲ
2474 1182 2670 1252 ἀτυχία
2703 1182 2796 1236 τὸν
2825 1181 3118 1252 φρόνιμον.

2175 1275 2432 1346 Εὐτυχῶν
2491 1275 2565 1346 μὴ
2621 1275 2712 1328 ἔσο
2767 1275 3146 1344 ὑπερήφανος,
3186 1273 3474 1342 ἀπορήσας
3515 1267 3579 1324 δὲ
3619 1271 3710 1341 μὴ

2103 1367 2382 1422 ταπεινοῦ.
2433 1367 2543 1429 Τὰς
2598 1365 2903 1436 μεταϐολὰς
2931 1366 3028 1435 τῆς
3057 1365 3230 1434 τύχης
3277 1363 3540 1432 γενναίως
3574 1363 3710 1416 ἐπί-

2105 1463 2272 1513 στᾱσο
2305 1459 2514 1528 φέρειν.

2179 1551 2523 1621 Ἀλέξανδρος
2557 1553 2585 1604 ὁ
2618 1546 2890 1619 βασιλεὺς,
2917 1546 3041 1618 ίδὼχ
3066 1545 3322 1614 Διογένην
3347 1542 3712 1614 κοιμώμενον

2102 1647 2160 1698 ἐν
2188 1643 2351 1714 πίθῳ,
2385 1644 2519 1712 ἔφη’
2557 1638 2629 1694 Ὦ
2655 1641 2779 1695 πίθε
2818 1641 2984 1712 μεστὲ
3017 1638 3251 1709 φρενῶν.
3288 1637 3346 1690 '0
3377 1636 3432 1690 δὲ
3468 1636 3704 1706 φιλόσο-

2105 1753 2202 1804 φος
2230 1735 2487 1800 ἀναστὰς,
2514 1733 2618 1804 ἔφη
2644 1749 2658 1763 ο
2685 1726 2758 1784 Ὦ
2792 1730 3012 1801 βασιλεῦ
3058 1729 3307 1799 μέγιστε,

2177 1829 2328 1881 Θέλω
2360 1827 2531 1897 τύχης
2563 1825 2878 1894 σταλαγμὸν
2916 1824 2948 1893 ἢ
2977 1823 3191 1893 φρενῶν
3221 1821 3401 1877 πίθον.

2105 1921 2249 1990 Πρὸς
2279 1919 2339 1972 ὃν
2358 1936 2442 1982 τις
2473 1919 2744 1988 ἀντέφησε
2778 1917 2891 1969 τῶν
2922 1916 3267 1985 φιλοφρόνων
3287 1930 3302 1944 ο

2116 2012 2296 2076 Ῥανὶς
2321 2012 2534 2081 φρενῶν
2565 2027 2657 2081 μοι
2690 2009 2891 2079 μᾶλλον
2921 2009 2953 2078 ἢ
2994 2007 3156 2077 βυθὸς
3178 2006 3368 2076 τύχης.

2103 2101 2208 2168 Ἦς
2247 2105 2322 2176 μὴ
2355 2102 2656 2174 παρούσης,
2692 2101 3048 2172 δυστυχοῦσιν
3077 2101 3134 2152 αἱ
3161 2102 3380 2171 φρένες.

2174 2276 2484 2346 Δημήτριος
2509 2273 2599 2327 τὸν
2627 2274 2701 2343 μὴ
2730 2272 3027 2342 δυνάμενον
3060 2269 3250 2340 φέρειν
3279 2269 3514 2340 ἀτυχίαν
3561 2265 3707 2342 μηδ’

2104 2367 2359 2437 εὐτυχίαν
2389 2366 2492 2436 ἔφη
2522 2364 2806 2418 δύνασθαι.

2176 2548 2433 2620 Εὐτυχῶν
2467 2547 2684 2620 μέτριος
2715 2544 2846 2612 ἴσθι,
2883 2543 3101 2614 ἀτυχῶν
3127 2543 3184 2596 δὲ
3211 2543 3498 2614 φρῦνιμος.

2176 2738 2240 2789 Οἱ
2267 2732 2690 2803 πεπαιδευμένοι
2727 2731 2981 2799 καθάπερ
3007 2732 3054 2782 οί
3083 2731 3146 2783 ἐκ
3173 2729 3542 2800 παλαίστρας,
3581 2733 3700 2787 κᾶν

2107 2829 2334 2889 πέσωσι,
2363 2829 2568 2896 ταχέως
2613 2825 2708 2879 καὶ
2733 2823 3017 2887 ἐπιδεξίως
3065 2823 3130 2874 ὲκ
3172 2821 3272 2888 τῆς
3304 2821 3534 2892 ἀτυχίας
3597 2823 3704 2887 ἑξ-

2105 2919 2439 2970 ανίστανται.

2178 3009 2270 3070 Εἰς
2293 3006 2391 3076 μὲν
2420 3007 2478 3060 τὸ
2508 3006 2806 3075 εὐπλοῆσαι
2844 3005 3181 3074 κυϐερνήτου
3213 3004 3310 3058 καὶ
3360 3005 3698 3072 πνεύματος

2105 3099 2284 3170 χρεία,
2304 3101 2383 3161 είς
2399 3098 2455 3151 δὲ
2487 3099 2548 3152 τὸ
2573 3097 2968 3168 εὐδαιμονῆσαι
2997 3097 3262 3169 λογισμοῦ
3293 3097 3385 3150 καὶ
3416 3097 3611 3168 τύχης.

2173 3280 2275 3333 Τὸν
2299 3277 2558 3347 λογισμὸν
2585 3275 2775 3348 ῶσπερ
2807 3277 2987 3348 ιατρὺν
3035 3275 3241 3345 ἀγαθὸν
3295 3277 3688 3332 ἐπικαλεῖσθαι

2097 3369 2177 3422 δεῖ
2208 3371 2265 3422 ἐν
2299 3371 2498 3442 ἀτυχίᾳ
2535 3367 2752 3440 βοηθόν.

2172 3463 2438 3533 Εὐτυχίας
2493 3465 2685 3533 ῶσπερ
2722 3461 2894 3532 μέθης
2944 3462 3136 3532 ἄφρων
3177 3464 3270 3516 ἐπὶ
3321 3463 3506 3516 πλεῖον
3545 3465 3692 3518 ἁποο

2099 3555 2199 3609 λαύ
2210 3573 2327 3622 σας,
2364 3555 2619 3626 ἁνοητότε
2627 3572 2720 3624 ρος
2749 3555 2984 3622 γίνεται.

2170 3645 2290 3698 Τῶν
2321 3644 2688 3715 εὐτυχούντων
2716 3643 3124 3712 ἀνταγωνιστὴς
3157 3645 3185 3696 ὁ
3215 3645 3439 3714 φθόνος.

2181 3736 2240 3789 '0
2269 3737 2621 3806 μεμνημένος
2654 3735 2708 3788 τί
2743 3736 2891 3788 ἐστιν
2921 3734 3210 3806 ἄνθρωπος
3250 3736 3338 3789 ἐπ’
3385 3738 3539 3790 οὐδὲν
3569 3739 3687 3794 τῶν

2104 3826 2511 3895 συμδαινόντων
2547 3827 2892 3896 δυσχερανεῖ.

2184 3918 2368 3988 Ἱέρων
2391 3918 2709 3988 ἐρωτηθεὶς,
2754 3918 2837 3982 τίς
2885 3922 2913 3973 ὁ
2945 3920 3244 3991 εὐδαίμων,
3301 3922 3405 3992 ἔφη
3427 3938 3444 3954 ο
3487 3941 3506 3975 ι
3531 3923 3592 3975 Ὃ
3623 3924 3685 3976 τὸ

2105 4011 2201 4078 μὲν
2234 4011 2392 4079 σῶμα
2421 4012 2601 4081 ὑγιὴς,
2621 4011 2720 4082 τὴν
2747 4010 2804 4065 δὲ
2833 4011 3014 4082 ψυχὴν
3051 4011 3305 4082 εὔπορος,
3343 4011 3442 4082 τὴν
3488 4012 3544 4065 δὲ
3577 4013 3682 4080 φύ-

2104 4119 2185 4153 σιν
2208 4101 2582 4164 εὐπαίδευτος.
2611 4121 2629 4155 ι

2185 4194 2460 4264 Ῥωμύλος
2484 4195 2587 4265 ἔφη
2611 4197 2682 4248 τὰ
2715 4195 3014 4266 παθήματα
3051 4197 3164 4259 τοῖς
3215 4196 3530 4267 ἀνθρώποις
3580 4214 3685 4265 μα-

2103 4288 2325 4358 θήματα
2358 4283 2498 4340 εἶναι
2534 4289 2663 4359 περὶ
2698 4289 2790 4341 τὸν
2827 4289 2961 4358 βίον.
2987 4289 3179 4341 Πολλοὶ
3205 4289 3310 4357 γὰρ
3341 4289 3404 4340 οὐ
3448 4289 3685 4356 δυνάμει

2104 4397 2182 4432 vo:
2214 4380 2291 4449 τῷ
2316 4380 2460 4449 λόγῳ
2499 4383 2739 4452 προορᾷν
2767 4381 2828 4433 τὸ
2865 4381 3079 4451 μέλλον,
3119 4381 3197 4452 τῷ
3226 4383 3462 4451 πάσχειν
3485 4380 3686 4450 ᾔσθον-

2103 4491 2164 4525 το
2202 4473 2270 4525 τὰ
2318 4473 2642 4542 πράγματα.

498 4565 742 4620 Diodori.
773 4565 1177 4636 Oportetenim
1206 4580 1314 4620 non
1373 4580 1438 4620 ex
1488 4567 1776 4621 eventibus
1837 4566 1995 4634 117

2177 4567 2296 4634 Χρὴ
2331 4567 2438 4635 γὰρ
2461 4566 2559 4618 οὐκ
2590 4568 2652 4619 ἐκ
2678 4565 2787 4620 τῶν
2813 4567 3274 4638 ἀποτελεσμάτων
3321 4567 3528 4637 κρίνειν
3556 4567 3688 4630 τοὺς

427 4657 600 4712 bonos
627 4657 771 4711 viros
807 4656 1073 4725 judicare,
1113 4656 1208 4711 sed
1235 4671 1300 4710 ex
1336 4657 1504 4709 animi
1536 4658 1839 4725 proposito.
1875 4658 1998 4710 Illu-

430 4763 548 4802 rum
581 4749 725 4802 enim
750 4747 974 4802 domina
1001 4761 1124 4802 esse
1153 4747 1399 4811 fortuna,
1431 4747 1591 4816 hujus
1654 4755 1836 4801 autem
1881 4747 2000 4816 ipsa

431 4840 682 4894 voluntas
711 4840 971 4896 creditur.

497 4931 781 4993 Felicioris
809 4933 1010 5002 ingenii
1041 4940 1124 4987 est
1157 4931 1457 4986 infortunia
1507 4949 1631 4986 eum
1683 4931 2002 4990 dexteritate

433 5025 593 5088 ferre,
625 5040 789 5096 quam
839 5024 1114 5095 ingentem
1170 5024 1588 5094 prosperitatetu
1651 5041 1840 5096 regere
1877 5043 2002 5096 pru-

432 5117 637 5169 denter.

500 5204 714 5261 L'ibam’i
741 5209 1009 5276 sophistas.
1065 5206 1418 5264 Calamitates
1471 5208 1637 5262 etiam
1673 5207 1830 5262 valde
1858 5211 2005 5276 :pru-

431 5297 646 5352 dentem
675 5314 819 5368 sape
843 5300 1205 5370 propulerunt
1236 5303 1399 5355 verba
1429 5301 1610 5369 aliqua
1645 5299 1759 5355 suis
1783 5300 2001 5368 indigna

431 5389 678 5445 moribus
703 5390 920 5445 efferre.

501 5482 648 5538 Dona
681 5497 1008 5538 conservare
1042 5479 1313 5536 dimeilius
1344 5490 1428 5538 est
1477 5495 1642 5550 quam
1685 5479 2000 5549 acquirere.

2102 4656 2341 4723 ἀγαθοὺς
2376 4656 2593 4724 ἄνδρας,
2642 4658 2758 4711 ἀλλ’
2788 4661 2851 4711 ὲκ
2885 4659 2984 4727 τῆς
3013 4659 3409 4729 προαιρέσεως.
3444 4657 3550 4712 Τοῦ
3584 4659 3686 4725 μὲν

2106 4749 2215 4813 γὰρ
2255 4747 2288 4816 ἡ
2323 4745 2458 4816 τύχη
2510 4747 2695 4817 κυρία,
2735 4747 2830 4800 τοῦ
2864 4748 2908 4801 δ’
2942 4750 2976 4818 ἡ
3014 4748 3339 4818 προαίρεσις
3389 4745 3687 4817 δοκιμάζε-

2106 4857 2214 4893 ται.

2181 4928 2577 4998 Εὐτυχέστερον
2612 4927 2849 4996 ὑπάρχει
2885 4927 3175 4997 συμφορὰς
3222 4928 3468 4995 ἐνεγκεῖν
3510 4927 3690 4979 ἐπιδε-

2111 5019 2290 5088 ξίωςῆ
2324 5021 2422 5082 τὰς
2443 5019 2764 5090 εὐμεγέθεις
2798 5019 3098 5090 εὐημερίας
3127 5021 3442 5091 ἐμφρόνως.

2181 5192 2246 5244 Δί
2274 5191 2552 5263 συμφοραὶ
2577 5193 2667 5244 καὶ
2696 5193 2786 5245 τὸν
2810 5192 2948 5261 ἄγαν
2981 5191 3239 5262 σώφρονα
3268 5192 3530 5254 πολλάκις
3561 5192 3690 5259 ἐξή-

2111 5301 2279 5353 γαγον
2309 5284 2524 5352 ἀφεῖναί
2543 5301 2595 5336 τι
2627 5284 2781 5355 ῥῆμα
2804 5285 2913 5338 τῶν
2936 5284 3100 5338 αὐτοῦ
3120 5284 3338 5352 τρόπων
3369 5285 3612 5347 ἀνάξιον.

2180 5470 2254 5522 Τὸ
2286 5469 2628 5539 φυλάξασθαι
2659 5468 2724 5524 τὰ
2757 5469 2939 5538 ἀγαθά
2975 5469 3068 5522 τοῦ
3103 5469 3406 5532 κτήσασθαι
3443 5469 3692 5540 χαλεπώ-

2111 5579 2290 5632 τερον.

501 5777 766 5849 (I)Graera
807 5788 930 5828 cum
961 5770 1172 5849 Latinis
1194 5785 1301 5828 non
1326 5771 1682 5838 concordant,
1719 5779 1772 5831 at
1800 5768 2088 5824 lectionem
2135 5773 2424 5834 utramque
2455 5761 2706 5821 consulto
2744 5761 3012 5827 dedimus,
3045 5773 3169 5814 nam
3227 5757 3344 5814 haec
3392 5755 3688 5828 Diogenem
3723 5788 3730 5794 -

431 5843 638 5905 dixiiése
659 5859 929 5916 nusquam
965 5843 1185 5912 legitur.
