4038 6462
391 451 501 515 989

1146 441 1317 512 LOC‘I
1345 439 1787 513 COMMUNES.
1823 460 1892 486 -‘-
1929 448 2126 510 PARS
2149 447 2198 512 Ι.
2231 447 2489 510 SERMO
2526 433 2800 511 LXXIET.

3547 446 3656 511 990

377 565 711 637 πειρασμόν.
755 565 820 620 ΊῙ
849 565 958 638 γὰρ
1003 564 1083 630 εἰς
1113 564 1353 636 Χριστὸν
1381 562 1570 634 ἀγάπη
1602 563 1672 617 δι’
1702 564 1962 618 ἐναντίων
1993 567 2037 626 Α

2094 568 2367 631 :xspectet.
2407 559 2638 616 Dilectio
2676 560 2822 617 enim
2861 572 2989 630 erga
3037 556 3320 616 Christum
3367 573 3466 631 per
3520 576 3653 618 con-

375 655 762 725 δοκιμάζεται.

452 747 626 816 Φεῦγε
655 749 963 820 πειρασμὸν
984 747 1052 803 δι’
1088 747 1368 818 ὑπομονῆς
1397 749 1494 802 καὶ
1519 745 1756 818 δεήσεως
1779 752 1797 780 ·’
1828 747 1877 800 εἰ
1905 746 1961 800 δὲ

379 839 538 903 ἐκτὸς
572 840 776 894 τούτων
809 841 1141 909 ἀντιτάσοει,
1169 839 1574 911 περισσοτέρως
1600 839 1922 910 ἐπέρχεται.

466 1025 535 1080 Ἦ
583 1027 788 1092 ἄνεσις,
827 1025 921 1078 καὶ
969 1026 1002 1095 ἡ
1041 1024 1363 1096 ἀμεριμνῑα,
1419 1024 1513 1078 καὶ
1557 1023 1589 1095 ἦ
1631 1022 1963 1090 ἀνάπαυσις.

2074 652 2246 708 traria
2289 654 2572 722 probatur.

2141 746 2290 815 Fuge
2326 746 2680 800 tentationem
2707 744 2969 815 patientia
3005 753 3060 800 et
3090 743 3341 800 oratione
3372 762 3386 798 :
3417 744 3502 801 sin
3529 744 3658 799 alis-

2078 849 2179 908 que
2218 838 2302 893 his
2341 837 2611 908 praesidiis
2640 847 2691 892 te
2740 852 2986 908 opponas
3012 877 3027 904 ,
3069 836 3446 894 vehementius
3506 837 3660 892 inva-

2071 933 2173 987 dit.

2147 1024 2418 1080 Dorothei.
2470 1024 2764 1092 Remissio,
2803 1023 3012 1080 incuria
3076 1032 3131 1079 et
3184 1024 3342 1094 quies
3387 1024 3564 1081 laxam
3606 1039 3664 1083 et

380 1117 641 1188 χαυνοῦσι
671 1121 766 1170 κα)⁵
809 1116 1082 1188 διαχέουσι
1115 1120 1216 1188 τὴν
1244 1117 1446 1189 ψυχήν.
1490 1118 1554 1171 υἱ
1578 1116 1635 1172 δὲ
1666 1119 1964 1188 πειρασμοὶ

2094 1117 2396 1174 lissoluta'tn
2466 1109 2700 1173 reddunt
2778 1118 3055 1185 animam;
3122 1120 3447 1176 tentationes
3533 1137 3662 1176 vero

383 1209 782 1278 συσφίγγουσιν
823 1209 1012 1280 αὐτὴν,
1051 1211 1146 1264 καὶ
1175 1209 1354 1264 ἐνοῦσι
1392 1211 1472 1281 τῷ
1497 1211 1638 1280 Θεῷ,
1661 1211 1736 1274 ὡς
1769 1211 1966 1279 λέγειὸ

382 1303 707 1373 προφήτηςο
743 1319 763 1352 ι
803 1300 999 1371 Κύριε.
1034 1301 1094 1354 ὲν
1123 1300 1302 1372 θλίψει
1327 1302 1682 1373 ἐμνήσθημεν
1714 1320 1831 1356 σου.
1877 1320 1898 1356 ι

476 1394 627 1447 Ὀδὸν
658 1393 758 1462 μὲν
786 1394 884 1464 τὴν
915 1393 1201 1467 λειοτάτην
1245 1394 1566 1465 ἐκλέγεσθαι
1596 1394 1725 1467 χρὴ,
1757 1393 1873 1466 βίον
1905 1394 1962 1449 δὲ

381 1485 478 1538 τὸν
505 1484 862 1540 ἀλυπότατον.

472 1576 853 1630 Ἐπενδύεσθαι
881 1576 961 1630 δεῖ
987 1575 1066 1649 τῷ
1111 1577 1210 1648 μὲν
1251 1575 1463 1648 θώρακι
1514 1578 1736 1649 χιτῶνα,
1783 1580 1850 1650 τῇ
1909 1570 1966 1630 δὲ

383 1668 449 1721 λύ
459 1686 530 1740 πῃ
562 1668 706 1723 νοῦν.

457 1762 753 1832 Σωκράτης
799 1761 1118 1832 ἐρωτηθεὶς,
1147 1760 1200 1816 τί
1232 1760 1397 1816 λυπεῖ
1427 1763 1552 1825 τοὺς
1595 1762 1855 1832 ἀγαθοὺς,
1889 1755 1966 1816 εἷε-

386 1871 488 1907 πεν
515 1869 531 1885 ο
559 1853 796 1923 Εὑτυχία
823 1854 1096 1924 πονηρῶν.

2074 1211 2618 1278 constringunteam,
2649 1218 2700 1263 et
2721 1209 2916 1263 uniunt
2943 1208 3074 1273 Deo,
3093 1217 3150 1264 ut
3175 1209 3352 1280 inquit
3396 1211 3662 1281 propheta

2078 1299 2164 1354 his
2196 1299 2374 1354 verbis
2397 1316 2409 1352 :
2432 1317 2449 1350 ι
2477 1298 2728 1366 Domine,
2746 1300 2799 1353 in
2823 1288 3108 1354 aiilictidne
3139 1300 3491 1357 meminimus
3507 1303 3610 1357 tui.
3636 1321 3656 1354 ι

2148 1386 2554 1445 ΡΙιιιαιτΙιὶΝίίι
2587 1390 2809 1460 quidem
2880 1389 3127 1459 eligenda
3183 1389 3527 1461 planissima,
3555 1394 3664 1449 vita

2078 1489 2208 1536 Vero
2241 1481 2718 1551 tranquillissima.

2149 1560 2381 1629 Thoraci
2416 1576 2678 1640 tunicam,
2719 1573 2960 1631 tristitiae
3007 1589 3138 1631 vero
3185 1583 3422 1632 mentem
3480 1581 3534 1631 et
3572 1590 3664 1630 ra-

2074 1665 2282 1722 tionem
2314 1665 2662 1720 introducere
2709 1675 2947 1734 oportet.

2149 1756 2403 1812 Socrates
2436 1757 2802 1829 interrogatus
2831 1759 2960 1828 quid
2995 1759 3155 1816 bonis
3181 1758 3470 1814 molestum
3498 1765 3664 1824 esset,

2079 1848 2218 1904 dixit
2245 1865 2258 1901 :
2293 1845 2635 1918 Prosperitas
2667 1847 3068 1917 improborum.

473 1945 534 1997 Ὀ
581 1946 743 2009 αὐτὸς
795 1923 1118 2016 ἐρωτηθεὶς,
1173 1945 1288 2010 πῶς
1319 1945 1385 2000 ἄν
1413 1965 1495 2012 τις
1521 1948 1728 2012 ἄλυπος
1766 1951 1968 2020 διάγοι,
2007 1923 2047 1978 Β

2145 1937 2292 1995 [dem
2324 1938 2691 2008 interrogatus
2713 1942 2986 2007 quomodo
3006 1937 3130 2008 quis
3145 1937 3309 1992 vitam
3336 1937 3554 1993 tristitia
3577 1947 3667 1992 va:

382 2035 556 2090 Τοῦτο
598 2037 880 2101 ἀδύνατον,
935 2033 1090 2090 εἶπεν
1112 2053 1126 2068 ο
1157 2037 1219 2090 ού
1248 2037 1358 2108 γὰρ
1387 2037 1504 2092 ἔστι
1535 2039 1688 2093 πόλιν
1782 2041 1959 2096 οἰκίαν

382 2127 636 2181 οἱκοῦντα
661 2131 755 2181 καὶ
779 2128 1087 2198 ἀνθρώποις
1108 2127 1400 2200 ὁμιλοῦντα
1457 2128 1533 2200 μὴ
1563 2131 1872 2188 λυπεῖσθαι.

459 2297 629 2363 Ὺούτο
662 2309 772 2379 γὰρ
800 2308 931 2362 ἴδιον
978 2305 1086 2360 τῶν
1117 2306 1436 2377 ὀφθαλμῶν,
1472 2309 1530 2362 ὲν
1563 2317 1676 2372 τόις
1711 2311 1971 2380 μεγάλοις

388 2405 574 2465 κακοῖς
604 2401 661 2454 τὺ
701 2403 775 2471 μὴ
809 2399 1018 2470 ὲκχέειν
1069 2400 1304 2470 δάκρυον
1327 2415 1342 2430 ·
1375 2401 1433 2452 ὲν
1465 2401 1519 2454 δὲ
1554 2403 1675 2466 ταῖς
1712 2404 1970 2474 μετρίαις

389 2498 693 2565 συμφοραῖς
740 2493 987 2561 ἀφθόνως
1019 2493 1083 2545 τά
1109 2493 1319 2564 δάκρυα
1344 2496 1662 2563 καταρρεῖν.

462 2588 730 2648 Πολλάκις
770 2585 880 2656 γὰρ
914 2585 974 2638 τὸ
1025 2586 1202 2656 χαρᾶς
1238 2583 1578 2654 ὑπερϐάλλον
1605 2587 1684 2650 εἰς
1713 2585 1967 2653 ἀλγεινὸν

389 2681 734 2750 περιίστησιν
754 2695 768 2710 ο
808 2680 904 2733 καὶ
932 2679 1033 2748 τῆς
1062 2679 1260 2751 ἡδονῆς
1289 2678 1347 2731 τὸ
1364 2679 1606 2752 ἄμετρον
1637 2681 1974 2735 ἐπίσπαστον

387 2775 564 2842 λύπην
593 2775 908 2842 ἐγέννησεν.

464 2866 532 2918 Ἐ
546 2865 732 2916 πεσθαι
755 2865 867 2925 τοῖς
902 2863 1156 2932 τερπνοῖς
1197 2859 1355 2916 εἴωθε
1383 2863 1452 2917 τὰ
1484 2862 1729 2933 λυπηρά.

463 2958 528 3009 El
551 2972 634 3019 τις
670 2957 897 3008 πλεῖστα
917 2956 1024 3008 τῶν
1054 2953 1275 3023 ἀγαθῶν
1303 2954 1665 3025 κεκτημένοςδ
1711 2953 1852 3023 μετὰ
1878 2955 1971 3009 τοῦ

390 3046 675 3101 λυπεῖσθαι
705 3045 880 3114 διάγει
907 3047 999 3100 τὸν
1044 3045 1180 3116 βίον,
1211 3045 1468 3100 ἁπάντων
1502 3043 1568 3098 ἂν
1612 3043 1697 3115 εἴη
1734 3047 1830 3098 καὶ
1865 3045 1975 3100 τῶν

391 3136 561 3196 ὄντων
591 3142 688 3196 καὶ
712 3141 818 3195 τῶν
859 3140 1134 3208 ἐσομένων
1165 3138 1517 3203 ἀθλιώτατος.

2075 2045 2235 2088 etiam
2273 2030 2515 2100 degeret,
2536 2030 2814 2099 respondit
2838 2045 2853 2083 :
2880 2028 2994 2084 l-loc
3019 2029 3133 2084 ﬁeri
3161 2044 3270 2084 non
3298 2038 3492 2098 potest.
3521 2027 3660 2083 Nunt

2075 2123 2169 2194 qui
2206 2125 2258 2178 in
2299 2123 2518 2179 civitate
2544 2130 2640 2176 aut
2670 2121 2875 2176 familia
2907 2121 3142 2187 habitat,
3175 2129 3229 2176 et
3257 2136 3384 2177 cum
3424 2121 3663 2175 homini-

2075 2215 2176 2272 bus
2209 2223 2588 2277 conversatur,
2612 2230 2717 2268 non
2751 2221 2928 2283 potest
2954 2229 3062 2268 non
3098 2213 3397 2283 aliquando
3431 2213 3661 2266 tristari.

2149 2307 2424 2376 Leucippi.
2473 2306 2586 2362 lioc
2619 2308 2764 2361 enim
2816 2307 3096 2376 preprium
3144 2315 3229 2361 est
3269 2305 3466 2371 oculis,
3502 2315 3564 2358 ut
3605 2303 3662 2358 in

2077 2403 2288 2470 magnis
2319 2400 2476 2454 malis
2517 2399 2790 2469 lacrymas
2846 2413 2950 2453 non
3003 2397 3305 2459 eii‘undaut,
3343 2397 3394 2449 in
3453 2395 3664 2449 medio-

2076 2495 2262 2547 cribus
2313 2503 2492 2547 autem
2549 2492 2955 2547 calamitatibus
2999 2489 3217 2545 abunde
3268 2491 3660 2560 lacrymentur.

2147 2586 2814 2642 Coricii.lmmoderatum
2861 2586 3116 2655 gaudium
3179 2583 3379 2653 saepius
3441 2587 3554 2639 exit
3603 2584 3662 2637 in

2075 2678 2362 2732 dolorem:
2400 2686 2454 2733 et
2513 2677 2806 2733 immodica
2861 2677 3110 2748 voluptas
3183 2677 3509 2732 accersitam
3557 2675 3664 2730 sibi

2078 2770 2355 2825 tristitiam
2385 2769 2662 2840 producit.

2150 2863 2485 2917 Moschionis.
2518 2861 2762 2918 Tristitia
2806 2861 2962 2931 sequi
2987 2859 3128 2916 solet
3155 2862 3516 2929 voluptatem.

2152 2952 2576 3024 Theopempti.Si
2607 2954 2730 3023 quis
2762 2953 3025 3020 plurimas
3053 2967 3184 3022 opes
3211 2952 3502 3021 possidens
3527 2966 3652 3006 cum

2079 3044 2301 3101 tristitia
2352 3045 2517 3099 vitam
2567 3045 2844 3114 transigit,
2902 3035 3150 3100 is'certe
3201 3043 3364 3098 fuerit
3416 3044 3662 3099 omnium

2078 3136 2172 3205 qui
2205 3144 2332 3191 sunt
2370 3135 2574 3205 quique
2610 3133 2780 3190 futuri
2813 3143 2943 3190 sunt
2968 3135 3252 3189 hominum
3290 3135 3658 3202 miserrimus.

462 3232 603 3293 Τοὺς
631 3230 870 3300 ἄφρονας
900 3229 927 3282 ὁ
961 3227 1177 3300 χρόνος,
1228 3227 1354 3292 τοὺς
1399 3227 1456 3281 δὲ
1483 3225 1786 3300 φρονίμους
1814 3227 1844 3281 ὁ
1881 3224 1969 3280 λό-
1999 3257 2044 3318 c

2151 3225 2731 3299 Epicteti.lIIsipientes
2764 3237 3000 3298 tempus,
3034 3227 3312 3298 sapientes
3346 3239 3528 3283 autem
3563 3244 3653 3284 rae

392 3341 488 3395 γος
520 3326 615 3394 τῆς
641 3325 819 3394 λύπης
847 3321 1208 3376 ἀπαλλάττει.

465 3417 776 3487 Εύγνώμων
805 3419 833 3470 ὁ
866 3416 941 3486 μὴ
971 3413 1313 3486 λυπούμενος
1353 3406 1442 3486 sq)"
1476 3411 1558 3480 οἷς
1588 3416 1666 3488 μὴ
1719 3415 1855 3489 ἔχει,
1889 3412 1978 3468 ἀλ·

395 3509 461 3564 λὰ
495 3510 703 3580 χαίρων
737 3512 793 3561 ἐν
827 3505 906 3572 οἷς
936 3509 1072 3579 ἔχει.

480 3602 806 3675 Ἐπίκτητος
836 3600 1154 3672 ἐρωτηθεὶς,
1186 3601 1302 3665 πῶς
1332 3600 1398 3656 ἄν
1426 3619 1512 3665 τις
1538 3603 1631 3656 τδν
1662 3601 1860 3676 ἐχθρὸν
1889 3603 1983 3658 λυ-

398 3693 722 3768 πήσωὲρη*
761 3694 986 3748 Ἑαυτὸν
1032 3693 1470 3766 παρασκευάζων
1496 3694 1748 3766 βέλτιστα
1801 3699 1980 3770 πράτ-

399 3803 531 3840 τειν.

469 3883 658 3946 Οὐδεὶς
702 3881 924 3945 ἀλύπως
961 3881 1053 3935 τὸν
1105 3879 1220 3952 βίον
1249 3883 1535 3952 διήγαγεν,
1567 3881 1855 3957 ἄνθρωπος
1881 3883 1978 3951 ὢν,

397 3973 508 4024 οὐδ’
536 3973 662 4042 ἄχρι
690 3973 876 4034 τέλους
905 3970 1120 4042 ἔμεινεν
1148 3971 1413 4042 εὐτυχῶν.

474 4065 590 4117 Θίικ
622 4063 769 4118 ἔστιν
795 4063 977 4133 εὑρεῖν
1007 4063 1122 4134 βίον
1149 4061 1357 4117 ἄλυπον
1385 4065 1444 4119 ὲν
1467 4062 1665 4119 οὐδενί.

985 4272 1208 4339 heros
1262 4279 1383 4340 01".

683 4385 826 4469 Περὶ
884 4398 1121 4468 σιωπῆς
1155 4398 1256 4454 καὶ
1320 4397 1696 4468 ἀέτορρήτων.

478 4505 591 4569 Πᾶν
621 4514 773 4586 ῥῆμα
797 4511 967 4584 ἀργὸν
996 4511 1024 4564 ὃ
1052 4510 1149 4564 ἐὰν
1215 4509 1524 4582 λαλήσωσιν
1581 4511 1631 4565 ol
1678 4511 1978 4583 ἄνθρωποι,

404 4609 746 4665 ἀποδώσουσι
785 4606 916 4676 περὶ
934 4605 1100 4658 αὑτοῦ
1128 4604 1284 4672 λόγον
1316 4605 1374 4657 ἐν
1403 4603 1586 4674 ἡμέρᾳ
1616 4605 1870 4673 κρίσεως.

480 4701 662 4752 Ἔστω
686 4699 792 4760 πᾶς
824 4696 1112 4765 ἄνθρωπος
1153 4694 1322 4766 ταχὺς
1368 4695 1448 4757 εἰς
1489 4693 1550 4747 τὸ
1603 4693 1857 4757 ἀκοῦσαι,
1890 4695 1988 4748 καὶ

407 4792 610 4862 βραδὺς
643 4792 722 4852 εἰς
754 4789 814 4842 τὸ
843 4788 1102 4858 λαλῆσαι.

482 4886 576 4945 Ὃς
604 4882 868 4949 φυλάσσει
892 4880 952 4933 τὸ
999 4878 1188 4933 ἑαυτοῦ
1240 4879 1436 4949 στόμα,
1468 4878 1718 4949 διατηρεί
1763 4879 1826 4931 ἐκ
1875 4876 1987 4931 ολί-

405 4974 552 5044 ψεως
585 4974 683 5045 τὴν
711 4973 890 5044 ψυχὴν
916 4971 1103 5026 αὑτοῦ.

491 5089 830 5158 ’Λντιλογίαν
857 5089 1090 5159 πραΰνει
1124 5087 1374 5158 σιγηρὺς,
1429 5084 1662 5157 ἀγαπῶν
1724 5084 1780 5139 δὲ
1841 5084 1990 5156 ζωὴν

407 5181 596 5247 αὐτοῦ,
629 5180 875 5251 φείδεται
930 5179 1204 5250 στόματος
1233 5177 1429 5234 αὑτοῦ.

477 5294 669 5351 Μισῶν
699 5294 916 5362 λαλιὰν,
945 5293 1269 5347 ἐλαττοῦται
1298 5293 1490 5364 κακίᾳ.

492 5389 696 5457 Ἀγαθὰ
727 5387 1073 5457 ὲκκεχυμένα
1103 5387 1195 5438 ἐπὶ
1229 5387 1458 5457 στόματι
1489 5385 1882 5456 κεκλεισμένῳ.

493 5483 550 5536 Ὀ
590 5482 820 5553 σιγηρὸς
844 5481 941 5534 καὶ
964 5481 1182 5551 νοήμων
1209 5481 1378 5550 τιμῆς
1429 5479 1815 5550 ἀξιωθήσεται.

483 5597 656 5667 Σοφία
720 5594 1086 5666 κεκρυμμένη
1139 5595 1235 5647 καὶ
1293 5593 1572 5665 θησαυρὸς
1625 5595 1860 5666 ἀφανὴς,
1914 5594 1994 5657 τίς

410 5690 650 5758 ὠφέλεια
684 5690 744 5744 ὲν
789 5687 1126 5759 ἀμφοτέροις
1156 5703 1171 5753 ἓ

490 5808 681 5859 Ἔστιν
720 5803 965 5873 ἔλεγχος,
1006 5801 1103 5856 καὶ
1135 5801 1233 5853 οὐκ
1257 5799 1407 5853 ἔστιν
1443 5798 1666 5868 ὡραῖος.
1703 5800 1814 5854 Καὶ
1874 5798 1994 5853 ἐστι

412 5915 495 5962 τις
521 5896 712 5968 σιγῶν,
746 5897 840 5952 καὶ
868 5895 1258 5966 εὑρισκόμενος
1310 5893 1495 5962 σοφός.

2085 3319 2162 3377 ιίο
2193 3334 2430 3376 moerere
2461 3320 2675 3376 liberat.

2150 3410 2304 3484 Sapit
2335 3413 2429 3484 qui
2471 3426 2580 3467 non
2646 3411 2896 3468 tristatur
2964 3421 3187 3483 propter
3242 3412 3512 3480 absentia,
3567 3412 3664 3469 sed

2081 3505 2281 3578 gaudet
2309 3507 2692 3576 praesentibus.

2155 3596 2430 3669 Epictetus
2458 3599 2834 3669 interrogatus
2862 3596 3138 3670 quomodo
3168 3601 3292 3671 quis
3325 3601 3468 3656 hosti
3516 3601 3668 3657 dolo-

2082 3704 2197 3745 rem
2231 3691 2472 3745 excitare
2503 3700 2711 3760 posset,
2745 3690 2879 3746 dixit
2917 3711 2931 3746 :
2969 3691 3129 3762 1:0
3165 3691 3224 3746 Si
3252 3693 3374 3760 quis
3407 3691 3482 3748 ita
3509 3708 3665 3748 cotu-

2082 3789 2237 3853 paret
2263 3783 2526 3852 seipsum,
2567 3793 2626 3837 ut
2655 3783 2861 3853 optima
2895 3797 3128 3856 quaeque
3166 3785 3352 3840 faciat.

2153 3872 2446 3944 Positiippi.
2478 3873 2672 3929 Nullus
2703 3875 2986 3931 hominum
3049 3878 3167 3933 sine
3225 3877 3444 3932 tristitia
3493 3879 3661 3934 vitam

2083 3968 2365 4038 transegit,
2396 3981 2576 4037 neque
2602 3966 2912 4025 fortunatus
2941 3970 3009 4025 ad
3031 3973 3192 4027 linem
3221 3987 3393 4042 usque
3425 3971 3660 4029 mansitt

2155 4057 2454 4127 Euripidis.
2481 4057 2599 4115 NOII
2639 4069 2721 4116 est
2753 4063 2806 4116 in
2836 4075 3112 4133 quoquam
3147 4065 3386 4134 reperire
3439 4071 3665 4122 vacuant

2081 4151 2305 4209 triSIitia
2344 4152 2531 4209 vitam.

2440 4285 2674 4344 SEBMO
2713 4288 2930 4344 LXXIII
2969 4287 3068 4362 [αι.
3103 4285 3311 4363 XCIII].

2541 4402 2612 4457 De
2640 4403 2850 4457 silentio
2884 4413 2932 4457 et
2965 4404 3200 4458 arcanis.

2152 4514 2352 4570 Matth.
2393 4529 2491 4569 χιι.
2543 4515 2617 4570 De
2656 4515 2803 4570 omni
2838 4519 3006 4571 verbo
3057 4515 3237 4571 otioSo
3287 4506 3433 4587 quod
3488 4507 3658 4574 locuti

2013 4602 2055 4656 ο
2087 4609 2290 4666 fuerint
2355 4607 2630 4670 homines,
2668 4607 2722 4661 in
2787 4608 2875 4662 die
2902 4607 3092 4677 judicii
3117 4610 3380 4663 rationem
3419 4609 3668 4667 reddent.

2158 4701 2344 4756 Jacob.
2377 4699 2567 4756 Omnis
2598 4699 2764 4754 homo
2795 4700 2868 4755 sit
2896 4701 3041 4756 celer
3089 4701 3156 4756 ad
3210 4701 3568 4769 audiendum,
3609 4713 3667 4758 et

2088 4795 2279 4849 tardus
2319 4795 2384 4848 ad
2407 4793 2766 4863 loquendum.

2163 4885 2326 4941 Prov.
2366 4903 2475 4940 χχι.
2521 4887 2625 4953 Qui
2679 4901 2742 4942 os
2785 4901 2945 4942 suum
2978 4887 3236 4953 custodit,
3277 4889 3346 4943 ab
3381 4885 3668 4944 amictione

2095 4990 2274 5037 servat
2309 4980 2545 5034 animam
2587 4994 2764 5035 suam.

2167 5094 2390 5149 Tacitus
2420 5093 2552 5149 lenit
2581 5093 2986 5150 contentionem
3025 5111 3040 5150 :
3073 5105 3128 5150 et
3157 5095 3248 5165 qui
3274 5095 3449 5166 diligit
3491 5095 3661 5150 vitam

2096 5200 2252 5242 suam
2285 5187 2458 5254 parcit
2489 5184 2569 5238 ori
2596 5197 2720 5238 suo.

2167 5301 2270 5366 Qui
2307 5299 2691 5369 loquacitatem
2722 5299 2860 5365 odit,
2890 5300 3155 5356 malitiam
3204 5300 3419 5355 minuit.

2173 5391 2341 5446 Eccli.
2383 5407 2510 5445 xxx.
2553 5389 2733 5446 EiluSa
2760 5391 2899 5446 bona
2935 5404 3060 5448 sunt
3087 5395 3139 5446 in
3163 5408 3257 5447 ore
3285 5393 3494 5447 clauso.

2141 5481 2314 5536 -lbid.
2349 5498 2460 5536 ιιι.
2493 5479 2715 5536 Tacitus
2744 5490 2798 5536 et
2828 5483 3070 5552 prudens
3101 5484 3204 5537 erit
3234 5485 3286 5537 in
3319 5484 3513 5553 pretio.

2170 5593 2319 5648 Ibid.
2350 5610 2458 5647 xm.
2493 5593 2768 5662 Sapientia
2806 5594 3126 5650 abscondita
3159 5606 3215 5650 et
3252 5597 3542 5652 thesaurus
3595 5597 3677 5652 la-

2093 5694 2240 5750 tens,
2263 5686 2391 5754 quid
2422 5682 2650 5754 juvant?

2176 5799 2316 5853 Ibid.
2357 5815 2447 5854 xx.
2479 5798 2574 5855 Est
2624 5815 2748 5855 cum
2802 5801 3027 5856 minime
3079 5803 3147 5854 sit
3199 5803 3444 5871 speciosa
3487 5817 3673 5872 repre.

2104 5894 2320 5965 hensio,
2353 5904 2406 5951 et
2433 5904 2519 5951 est
2555 5909 2682 5950 cum
2715 5894 2840 5958 quis
2871 5895 3147 5959 sapienter
3169 5903 3363 5951 taceat.
