4038 6408
446 389 544 451 991

1715 390 2042 453 ANTONII
2084 394 2434 459 ΜΕωΞδίΕ

3585 406 3703 473 992

512 502 783 573 Theologi.
814 500 871 556 Si
900 500 1027 571 quid
1071 499 1240 554 habes
1270 497 1487 554 silentio
1517 498 1712 555 melius
1741 500 1962 570 loquere
1992 518 1998 555 :

2187 507 2431 578 Φθέγγου
2464 510 2585 581 μὲν,
2618 512 2672 565 εί
2695 528 2746 566 τι
2771 514 3019 584 κρεῖττον
3051 518 3264 588 σιωπῆς
3292 516 3438 589 ἔχεις
3467 534 3482 551 ο
3502 518 3695 588 ἀγάπα

442 598 636 668 diligas
665 609 845 651 autem
874 593 1326 657 taciturnitatem,
1363 589 1454 644 ubi
1486 589 1765 647 silentium
1797 608 2013 647 sermo-

449 688 505 742 ιιί
557 696 797 756 βτωειιιι.

513 780 628 835 [Elis
674 781 887 835 dicendi
951 781 1169 838 libertas
1230 782 1581 839 concedenda
1640 794 1742 848 est,
1774 799 2009 855 quorum

442 871 718 926 modestus
756 886 821 925 ac
848 886 971 926 vere
1024 873 1283 939 mundus,
1321 883 1375 928 et
1426 874 1765 943 compositus
1812 883 1867 929 et
1919 888 2010 929 so.

440 962 592 1017 lirius
618 972 699 1016 est
728 978 929 1018 sermo.

510 1054 627 1111 Non
654 1056 894 1124 jucunda
942 1066 1027 1112 est
1079 1056 1326 1114 ﬁdelibus
1354 1056 1677 1128 loquacitas,
1704 1067 1761 1114 et
1793 1073 1999 1115 sermo-

434 1146 524 1201 nis
548 1147 840 1202 contentio.
873 1146 1090 1203 Suﬂicit
1114 1149 1258 1203 enim
1284 1148 1364 1205 eis
1394 1150 1479 1204 vel
1525 1163 1671 1207 unus
1694 1152 2001 1221 oppositus.

508 1236 697 1291 Melior
746 1248 830 1294 est
887 1254 1015 1295 cum
1068 1240 1278 1295 ratione
1333 1239 1563 1295 tarditas
1609 1241 2010 1297 inconsiderata

435 1328 733 1384 celeritate.

507 1420 618 1475 lloc
656 1422 817 1476 etiam
866 1421 1252 1477 taciturnitatis
1284 1422 1501 1478 lucrum
1553 1431 1657 1486 est,
1694 1421 1837 1491 quod
1898 1437 2007 1477 non

433 1524 571 1580 opus
597 1513 793 1566 habeat
822 1514 1153 1568 multitudini
1189 1514 1537 1583 respondere.

508 1604 793 1659 Silentium
866 1621 966 1675 pro
1010 1620 1280 1661 consensu
1330 1606 1519 1660 haberi
1567 1606 1795 1662 docetur
1845 1608 2009 1663 etiam

434 1694 740 1761 proverbio.

503 1786 563 1841 S.
598 1786 856 1858 Dionysii.
895 1788 1002 1843 Aut
1039 1788 1234 1843 melius
1266 1788 1469 1859 aliquid
1501 1788 1586 1843 dic
1620 1789 1865 1856 silentio,
1918 1799 2012 1844 aut

431 1876 553 1931 sile.

501 1965 667 2021 Sexti.
703 1966 797 2021 Vir
840 1967 1058 2037 sapiens
1086 1977 1135 2022 et
1168 1966 1336 2023 silens
1385 1966 1550 2021 Deum
1596 1968 1750 2035 colit,
1781 1976 1835 2023 et
1880 1982 2009 2023 cau-

430 2073 545 2114 sam
586 2060 685 2112 scit
712 2075 808 2113 cur
841 2060 1017 2114 sileat.

502 2150 803 2205 Sem‘omm.
844 2151 1015 2206 Silere
1062 2167 1222 2216 quam
1277 2151 1426 2221 loqui
1484 2149 1663 2204 malis.
1716 2146 2005 2205 Silentium

426 2242 574 2298 enim
606 2242 837 2311 colligit,
875 2242 1076 2296 locutio
1107 2243 1391 2312 dispergit.

502 2331 619 2387 l‘rze
661 2333 915 2387 omnibus
958 2332 1244 2401 prmceptis
1295 2333 1437 2387 Deus
1463 2332 1626 2403 elegit
1661 2332 2007 2387 taciturnita-

430 2439 539 2481 tem
565 2443 581 2492 ;
607 2427 868 2496 scriptum
906 2434 990 2481 est
1038 2425 1234 2478 enim:
1278 2443 1298 2477 ι
1328 2424 1500 2491 Quem
1552 2425 1843 2495 respiciam
1898 2424 2003 2480 nisi

430 2518 690 2573 humilem
728 2527 782 2573 et
814 2518 1063 2573 tacitum?
1089 2536 1108 2569 ι

500 2608 602 2675 Qui
630 2610 780 2678 cupit
805 2609 1028 2675 salvari,
1056 2620 1313 2676 sequatur
1341 2608 1575 2678 inepiam
1604 2618 1659 2664 et
1696 2609 2002 2665 silentium.

506 2700 809 2756 Plutarchi.
839 2699 1053 2755 Nemini
1099 2701 1301 2756 dixeris
1331 2701 1475 2772 quod
1522 2702 1685 2757 taceri
1724 2700 1825 2759 vis.
1858 2698 2003 2767 Quo-

430 2792 593 2847 modo
619 2793 765 2847 enim
801 2794 871 2847 ab
902 2794 1008 2848 alio
1047 2793 1354 2862 postulabis
1385 2792 1584 2849 silentii
1613 2792 1796 2860 ﬁdem,
1836 2807 2002 2862 quam

437 2895 548 2941 tute
576 2884 673 2940 tibi
699 2899 804 2939 non
842 2884 1187 2955 praestitisti?

504 3060 710 3115 Tacere
743 3074 849 3114 non
907 3059 1088 3115 solum
1145 3057 1293 3115 sitim
1347 3057 1544 3125 aufert,
1577 3067 1637 3114 ut
1664 3057 1839 3129 inquit
1870 3058 2003 3130 Hip-

427 3162 693 3225 pocrates,
727 3152 817 3206 sed
850 3151 1125 3206 tristitiam
1153 3165 1373 3221 quoque
1399 3159 1454 3205 et
1480 3150 1748 3205 dolorem.

506 3243 719 3299 Silentii
758 3244 1057 3305 neminem,
1085 3241 1354 3298 sermonis
1374 3240 1638 3311 plurimos
1659 3240 1937 3311 ptenituit.

499 3418 868 3474 Taciturnitas
897 3417 1100 3488 ubique
1133 3424 1305 3474 totum
1358 3426 1739 3472 ornamentum
1775 3426 1859 3473 est
1901 3419 1991 3489 ju-

424 3508 570 3563 veni.

501 3600 656 3668 121
686 3596 786 3664 Qui
819 3612 921 3651 non
950 3597 1057 3653 scit
1090 3606 1293 3663 tacere,
1332 3596 1480 3666 loqui
1508 3597 1669 3653 etiam
1696 3597 1888 3655 nescit.

498 3689 773 3744 Aristotel.
833 3689 1151 3744 AristOteles
1196 3676 1586 3759 interrogatus,
1632 3689 1988 3759 quamobrem

424 3797 551 3842 cum
584 3782 719 3836 alios
746 3779 966 3835 doceret
987 3781 1157 3848 loqui,
1190 3780 1309 3851 ipse
1333 3789 1555 3846 taceret,
1583 3780 1722 3835 dixit
1748 3799 1762 3835 :
1792 3780 1996 3850 Nempe

425 3888 521 3933 cos
553 3872 767 3943 quidem
814 3873 929 3942 ipsa
971 3887 1076 3927 non
1109 3872 1331 3936 scindit,
1375 3872 1583 3927 cultros
1613 3882 1794 3928 autem
1821 3873 1988 3926 acuit.

498 4044 746 4100 liominis
793 4045 1024 4116 improbi
1083 4049 1226 4102 sicut
1280 4047 1430 4102 taciti
1492 4049 1644 4105 canis
1719 4049 1992 4108 silentium

427 4137 603 4209 magis
629 4153 790 4207 quam
840 4153 1146 4192 sermonem
1176 4154 1365 4194 cavere
1395 4151 1634 4210 oportet.

496 4229 643 4285 Idem
673 4231 1039 4300 interrogatus
1078 4246 1107 4284 a
1137 4233 1370 4301 quodam
1411 4233 1534 4302 quis
1572 4247 1833 4288 arcanum
1882 4248 1982 4291 serv

424 4337 639 4378 mortem
660 4325 939 4378 continere
969 4335 1173 4393 posset,
1198 4323 1335 4379 dixit
1360 4341 1375 4379 :
1405 4324 1508 4391 Qui
1539 4327 1831 4381 carbonem
1857 4341 1996 4397 quo-

422 4431 530 4486 que
566 4416 792 4484 ignitum
824 4416 1009 4487 lingua
1046 4418 1280 4472 retinere
1310 4428 1508 4488 potest.

2113 601 2171 654 δὲ
2202 602 2456 672 ἡσυχίαν,
2481 603 2611 658 ἔνθα
2647 608 2903 676 κρεῖττον
2933 607 3092 675 λόγου
3117 609 3178 664 τὸ
3208 611 3442 681 σιωπᾷν.

2187 777 2301 847 Τὴν
2330 779 2388 832 ἐν
2422 779 2600 848 λόγοις
2632 781 2951 855 ἐλευθερίαν
2984 784 3131 854 ἔχειν
3160 786 3241 839 δεῖ
3271 788 3400 851 τοὺς
3431 788 3698 860 μετρίους

2113 873 2171 925 ὲν
2201 870 2363 943 λόγῳ,
2392 874 2487 927 καὶ
2516 874 2593 938 ὡς
2619 875 2831 947 άληθῶς
2859 878 3116 947 κοσμίους
3146 881 3240 933 καὶ
3279 880 3587 951 σώφρονας.

2183 1052 2295 1124 Οὐχ
2326 1054 2425 1123 ἡδὺ
2447 1057 2562 1119 τοῖς
2595 1058 2811 1119 πιστοῖς
2833 1057 3142 1128 ἀδολεσχία,
3170 1059 3267 1114 καὶ
3312 1061 3489 1128 λόγων
3542 1063 3698 1118 ἀντί-

2114 1143 2287 1207 θεσις.
2326 1146 2516 1218 Ἀρκεῖ
2535 1146 2645 1217 γὰρ
2668 1148 2762 1202 καὶ
2790 1144 2869 1212 εἷς
2902 1150 3302 1218 ἀντικείμενος.

2189 1235 2456 1305 Κρεῖσσον
2503 1237 2860 1312 λελογισμένη
2922 1241 3193 1313 βραδυτὴς
3254 1245 3449 1316 τάχους
3498 1247 3699 1318 ἀπερι-

2116 1324 2378 1380 σκέπτου.

2194 1419 2305 1474 Καὶ¹
2324 1420 2483 1476 τοῦτο
2506 1404 2693 1492 κέρδος
2739 1424 2841 1495 τῆς
2902 1425 3137 1497 σιωπῆς,
3186 1425 3248 1480 τὸ
3305 1429 3421 1492 τοῖς
3476 1426 3695 1492 πολλοῖς

2117 1514 2253 1584 μηδὲ
2282 1517 2697 1587 ἀποκρίνεσθαι.

2184 1606 2299 1678 Τὴν
2330 1609 2542 1681 σιωπὴν
2570 1611 2974 1679 συγκατάθεσιν
3029 1605 3169 1667 εἶναι
3218 1611 3463 1666 διδάσκει
3514 1613 3610 1668 καὶ
3656 1615 3692 1683 ή

2116 1701 2410 1769 παροιμία.

2189 1790 2259 1843 Ἢ
2291 1790 2415 1861 λέγε
2445 1792 2608 1864 σιγῆς
2636 1809 2690 1847 τι
2726 1795 2995 1865 κρεῖττον,
3030 1795 3064 1867 ἦ
3099 1795 3259 1868 σιγὴν
3291 1798 3406 1867 ἔχε.

2178 1969 2345 2037 Σοφδς
2373 1971 2515 2045 ἀνὴρ
2546 1973 2641 2026 καὶ
2670 1972 2842 2042 σιγῶν
2864 1971 2956 2027 τὸν
3006 1974 3141 2030 Θεὸν
3185 1979 3341 2050 τιμᾷ,
3393 1978 3549 2044 είδὼς
3594 1983 3692 2035 καὶ

2107 2062 2196 2117 διὰ
2229 2064 2282 2115 τί
2315 2064 2460 2134 σιγᾷ.

2189 2153 2402 2222 Ἀγάπα
2431 2155 2493 2208 τδ
2524 2158 2683 2227 σιγᾷν
2718 2155 2859 2229 ὑπὲρ
2889 2157 2947 2213 τὸ
2975 2156 3177 2216 λαλεῖν.
3223 2162 3288 2216 Ἦ
3350 2163 3532 2237 σιωπὴ
3575 2165 3689 2236 γάρ

2038 2254 2041 2257 ’
2108 2244 2454 2314 θησαυρίζει,
2480 2247 2541 2299 τὸ
2565 2248 2621 2301 δὲ
2641 2249 2824 2303 λαλεῖν
2855 2250 3257 2319 διασκορπίζει.

2181 2339 2290 2408 Πρὸ
2322 2340 2513 2393 πασῶν
2540 2341 2648 2393 τῶν
2701 2342 2934 2396 ἐντολῶν
2975 2345 3075 2412 τὴν
3110 2346 3343 2415 ἡσυχίαν
3405 2349 3689 2414 ἐξελέξατο

2106 2429 2135 2482 ὁ
2180 2427 2332 2491 Θεός.
2392 2429 2711 2499 Γέγραπται
2760 2434 2868 2503 γάρ
2901 2448 2916 2463 ·
2977 2453 2995 2486 ι
3059 2437 3185 2490 Ἐπὶ
3239 2438 3362 2492 τίνα
3405 2440 3690 2510 ὲπιϐλέψω

2105 2519 2223 2574 ἀλλ’
2256 2521 2288 2591 ἢ
2317 2522 2410 2574 ἐπὶ
2431 2523 2526 2576 τὸν
2544 2523 2801 2578 ταπεινὸν
2823 2526 2917 2578 καὶ
2941 2528 3162 2598 ἡσύχιον
3186 2546 3200 2594 ;
3234 2548 3252 2580 ι

2192 2614 2252 2668 '0
2286 2614 2455 2670 θέλων
2487 2616 2730 2687 σωθῆναι
2775 2618 3022 2686 διωξάτω
3047 2621 3142 2692 τὴν
3168 2623 3557 2698 ἀκτημοσύνην
3589 2627 3688 2681 καὶ

2104 2707 2203 2779 τὴν
2222 2710 2452 2779 σιωπήν.

2172 2797 2350 2868 Ὅπερ
2386 2800 2452 2853 ἂν
2508 2802 2825 2859 σιωπᾶσθαι
2877 2805 3068 2879 βούλῃ,
3127 2807 3317 2878 μηδενὶ
3374 2810 3556 2881 εἴπῃς.
3613 2802 3686 2863 Ἠ

2103 2888 2223 2950 πῶς
2249 2892 2402 2962 παρά
2431 2908 2577 2957 τινος
2606 2895 2936 2965 ἀπαιτήσεις
2996 2898 3059 2951 τὸ
3093 2900 3286 2954 πιστὸν
3311 2900 3415 2972 τῆς
3446 2903 3683 2973 σιωπῆς,

2102 2980 2131 3034 δ
2160 2980 2234 3052 μὴ
2261 2982 2535 3053 παρέσχες
2584 2985 2798 3057 σεαυτῷ
2826 3003 2843 3050 ;

2175 3071 2249 3123 Τὸ
2277 3073 2490 3142 σιωπᾷν
2524 3073 2583 3125 οὺ
2622 3074 2783 3142 μόνον
2813 3074 3024 3145 ἄδιψον,
3072 3076 3148 3142 ὥς
3181 3096 3348 3149 φησιν
3386 3080 3686 3153 Ἱπποκρά-

2021 3178 2065 3239 c
2098 3176 2219 3230 της,
2249 3159 2384 3215 ἀλλὰ
2418 3164 2509 3217 καὶ
2539 3162 2747 3217 ἄλυπον
2778 3165 2872 3218 καὶ
2897 3166 3189 3223 ἀνώδυνον.

2172 3251 2467 3323 Σιωπήσας
2497 3254 2596 3325 μὲν
2646 3255 2821 3320 οὐδεὶς
2875 3260 3197 3332 μετενόησε,
3252 3263 3585 3336 λαλήσαντες
3626 3266 3684 3320 δὲ

2099 3345 2470 3416 παμπληθεῖς.
2861 3340 2865 3345 ’

2168 3436 2454 3510 Πανταχοῠ
2484 3440 2561 3511 τῷ
2584 3442 2689 3514 νέῳ
2712 3444 2918 3516 κόσμος
2947 3448 3197 3523 ἀσφαλής
3226 3452 3376 3506 ἐστιν
3399 3455 3433 3525 ἠ
3468 3457 3676 3527 σιωπή.

2178 3609 2238 3664 Ὀ
2278 3613 2352 3684 μὴ
2382 3612 2539 3678 είδὼς
2566 3621 2778 3692 σιωπᾷν
2800 3622 2901 3677 οὐκ
2960 3621 3071 3680 οῐδε
3113 3628 3394 3697 λέγεσθαι.

2177 3702 2557 3776 Ἀριστοτέλης
2611 3710 3060 3781 ἐρωτηθεὶς,Διά
3108 3719 3267 3774 ποὶαν
3319 3723 3504 3778 αίτίαν
3554 3727 3682 3789 τοὺς

2093 3792 2289 3857 ἄλλους
2317 3793 2584 3850 διδάσκων
2614 3800 2814 3869 λέγειν,
2849 3808 3009 3872 αὐτὸς
3066 3814 3305 3883 σιωπᾷς,
3354 3814 3460 3886 ἔφη
3490 3834 3504 3849 ·
3572 3819 3682 3872 Καὶ

2094 3887 2258 3956 γάρὴ
2290 3885 2461 3958 ἀκόνη
2492 3891 2627 3964 αὐτὴ
2659 3894 2759 3963 μὲν
2780 3899 2842 3951 οὐ
2893 3900 3103 3971 τέμνει,
3139 3905 3205 3957 τὰ
3264 3906 3321 3960 δὲ
3363 3907 3490 3981 ξίφη
3546 3910 3679 3978 ὀξέα

2096 3983 2257 4034 ποιεῖ.

2164 4073 2377 4164 (ιξαύλου
2409 4075 2626 4147 ἀνδρὸς,
2655 4080 2909 4153 καθάπερ
2938 4086 3102 4149 κυνὸς
3133 4089 3385 4159 σιγηροῦ,
3441 4093 3522 4145 δεῖ
3578 4092 3677 4164 τὴν

2095 4161 2258 4233 σιγὴν
2288 4164 2320 4236 ἢ
2353 4166 2451 4235 τὴν
2485 4168 2669 4241 φωνὴν
2698 4172 3072 4232 εὐλαϐεῖσθαι.

2178 4252 2237 4309 Ὀ
2267 4257 2434 4320 αὐτὸς
2465 4260 2767 4332 ἐρωτηθεὶς
2798 4265 2904 4319 ὑπό
2932 4284 3097 4333 τινος,
3133 4271 3218 4335 τίς
3248 4280 3541 4348 κατασχεῖν
3574 4281 3636 4333 δύ

2095 4361 2255 4442 ναται
2285 4348 2444 4418 λόγον
2471 4352 2805 4424 ἀπόρρητον,
2832 4357 2936 4426 ἔφη
2968 4376 2983 4391 ·
3018 4360 3207 4426 Ὅστις
3263 4369 3358 4418 καὶ
3415 4369 3679 4442 διάπυρτν

2095 4436 2342 4509 ἄνθρακα
2374 4444 2439 4513 τῇ
2477 4442 2702 4518 γλώσσῃ
2727 4454 3020 4519 κατασχεῖν
3045 4453 3358 4525 δυνήσεται.

496 4506 905 4577 Theophrastus
929 4509 1312 4579 peripatetieus
1345 4511 1397 4564 in
1446 4510 1695 4564 convivio
1739 4510 1996 4581 juvenem

506 4598 713 4623 ΑιηΗιιΛι
743 4599 966 4623 ιΑΑξι-...ι
1012 4601 1058 4623 -.2
1087 4602 1197 4623 ιὴ-.-
1256 4601 1383 4623 ..ιπηει
1423 4617 1436 4623 Α
1464 4602 1519 4623 οξ
1572 4618 1598 4623 ..
1645 4603 1722 4623 J2-
1777 4605 1863 4623 ---ξ
1890 4606 1987 4623 1--.-

2173 4506 2524 4601 Θεόφραστος
2552 4538 2579 4588 ὁ
2612 4506 3069 4611 περιπατητικὸς,
3104 4506 3173 4598 ἐν.
3195 4551 3487 4623 συμποσίῳ
3506 4555 3680 4606 νεανί-

424 4598 715 4667 quemdam
743 4599 969 4653 tacitum
1012 4601 1219 4667 videns,
1250 4601 1387 4656 dixit
1423 4602 1519 4656 :Si
1572 4603 1726 4658 rudis
1769 4605 1992 4672 quidem

425 4705 549 4743 cum
573 4690 649 4743 sis
675 4697 842 4755 taces,
869 4692 1065 4760 sapis;
1121 4694 1165 4746 si
1227 4707 1352 4746 vero
1405 4693 1617 4758 doetus,
1667 4693 1997 4764 insipienter

425 4793 588 4839 taces.

491 4875 750 4930 CIwretis.
778 4871 1042 4946 Linguam
1086 4876 1277 4945 primis
1333 4875 1532 4946 ubique
1575 4879 1843 4933 moderari
1898 4893 1993 4936 co-

1742 4969 1939 5043 [neris.

490 5077 642 5144 Quod
680 5086 734 5133 et
767 5077 882 5133 seni
916 5088 968 5133 et
990 5075 1178 5146 juveni
1215 5078 1467 5136 decorum
1494 5089 1601 5137 est.

489 5185 644 5251 Quod
673 5188 915 5244 facturus
948 5206 1008 5245 es
1042 5206 1109 5245 ne
1147 5192 1391 5260 dixeris;
1418 5208 1544 5249 nam
1572 5194 1619 5251 si
1659 5208 1771 5252 non
1799 5211 1990 5254 succe-

418 5277 533 5343 tlal,
560 5277 895 5335 irrideberis.

487 5388 735 5460 Lycurgi.
771 5391 1051 5463 Lycurgus
1096 5396 1454 5468 interroganti
1506 5417 1606 5458 cur
1626 5402 1985 5477 ‘breviloqnio

419 5483 698 5536 studerent
747 5481 1159 5555 Lacedaemonii,
1216 5491 1403 5547 dixit:
1440 5492 1709 5560 Quoniam
1762 5500 1984 5555 silentio

415 5572 657 5627 vicinum
690 5580 794 5628 est.

484 5681 790 5742 Simonidis.
819 5682 1124 5745 Simonides
1157 5690 1368 5748 dicebat
1416 5710 1692 5766 nunquam
1751 5713 1811 5757 se
1866 5715 1982 5771 pm-

416 5773 648 5829 nituisse
674 5775 901 5841 silentii,
932 5782 1197 5840 sermonis
1236 5793 1414 5841 autem
1444 5790 1665 5859 smpius.

2104 4635 2236 4673 σκον
2266 4624 2389 4675 τινὰ
2437 4625 2652 4694 βλέπων
2699 4630 2928 4700 ἡσυχίαν
2970 4633 3184 4703 ἔχοντα,
3235 4636 3391 4693 εἶπεν
3427 4658 3442 4673 ο
3475 4644 3538 4695 Ei
3580 4646 3679 4713 μὲν

2101 4711 2424 4776 ἀπαίδευτος
2462 4715 2540 4770 ὣν
2599 4723 2830 4790 σιωπᾷῖ,
2879 4727 3308 4797 πεπαιδευμένος
3367 4732 3675 4803 ὑπάρχεις·

2100 4803 2233 4857 εἰδὲ
2265 4810 2723 4879 πεπαιδευμένος,
2780 4816 3123 4883 ἀπαιδεύτως
3161 4826 3392 4893 σιωπᾷς.

2099 4893 2359 4969 Γλώσσης
2391 4900 2628 4971 μάλιστα
2658 4905 2942 4977 πανταχοῦ
2976 4910 3156 4981 πειρῶ
3178 4918 3426 4984 κρατεῖν,

2104 5092 2169 5147 Ὃ
2192 5094 2285 5148 καὶ
2319 5098 2536 5170 γέροντι
2561 5101 2653 5154 καὶ
2672 5102 2777 5174 νέῳ
2806 5103 2972 5176 τιμὴν
3001 5109 3177 5178 φέρει.

2172 5208 2238 5261 Ὀ
2271 5210 2707 5280 μέλλειςποιεῖν,
2742 5219 2817 5290 μὴ
2859 5220 2989 5290 λέγε
3019 5239 3034 5254 ο
3075 5224 3367 5297 ἀποτυχὼν
3410 5228 3519 5300 γὰρ
3577 5249 3675 5286 κα-

2095 5300 2491 5376 ταγελασοήσῃ.

2165 5412 2487 5487 Λυκοῦργος
2523 5421 2659 5491 πρὸς
2690 5424 2783 5478 τὸν
2813 5426 3058 5495 εἰπόντα,
3091 5429 3178 5484 διὰ
3229 5432 3281 5483 τί
3324 5434 3669 5509 Λακεδαιμό-

2095 5506 2313 5575 νιοιτὴν
2345 5508 2710 5582 βραχυλογίαν
2763 5518 3045 5589 ἀσκοῦσιν,
3096 5518 3292 5576 εἶπεν·
3332 5527 3456 5581 Ὀτι
3502 5530 3669 5598 ἐγγύς

2091 5592 2204 5646 ἐστι
2234 5598 2327 5650 τοῦ
2379 5601 2508 5672 σιγᾷ
2521 5623 2559 5657 ι.

2167 5710 2472 5786 Σιμωνίδης
2509 5720 2779 5789 μηδέποτε
2804 5723 2903 5792 μὲν
2920 5724 3070 5796 αὑτῷ
3096 5726 3250 5800 ἔλεγε
3290 5733 3666 5808 μεταμελῆσαι

2092 5807 2395 5876 σιγζσαντι,
2430 5811 2787 5885 ςθεγξ.μένῳ
2820 5818 2873 5871 δὲ
2920 5818 3203 5887 πολλάκις.
