4038 6420
398 365 509 431 993

1141 368 1315 428 LOCl
1348 362 1799 427 COMMUNES.
1834 387 1905 400 -
1931 361 2133 426 PARS
2175 365 2228 429 Ι.
2257 364 2517 428 SERMO
2551 366 2807 429 LXXIV.

3536 371 3645 436 θοι

463 473 565 531 Ὦν
592 476 888 548 ἀκοσμοςό
937 474 1070 547 βίος,
1114 476 1326 541 τούτοις
1373 476 1406 545 ή
1469 474 1650 546 σιωπὴ
1712 473 2005 543 μέγιστος⁴

2146 478 2392 543 Quorum
2436 479 2688 534 indecora
2716 479 2828 533 vita
2851 482 2958 543 est,
2994 475 3102 533 illis
3128 477 3429 534 maximum
3464 481 3638 538 decus

390 570 616 626 κόσμος.

463 587 506 621 σ·
601 609 616 626 .

463 587 837 728 Δσήῖιςοσθένης,
874 659 1161 729 μειρακίου
1188 671 1261 711 πα
1271 658 1340 728 ρά
1362 656 1527 710 πότον
1550 654 1718 709 πολλά
1741 655 1971 726 ληροῦνσι

390 766 481 812 τος
537 752 632 803 καὶ
669 750 744 820 μὴ
776 749 1101 819 βουλομένου
1137 751 1432 819 σιωπῆσαι,
1468 747 1795 818 Μειράκιον,
1822 743 1967 812 εἶπε,

393 842 510 902 πῶς
531 840 662 912 παρ’
685 836 747 896 οὗ
779 841 983 911 ἔμαθες
1004 842 1208 905 λαλεῖν,
1245 841 1375 912 παρ’
1409 840 1574 894 αὐτοῦ
1607 840 1822 910 σιωπᾷν
1868 840 1969 892 οὐκ

390 932 593 1001 ἔμαθες
625 950 639 996 ;

475 1023 855 1087 Ὀνειδίζοντος
886 1024 1035 1094 αὐτῷ
1068 1041 1182 1076 τιείο
1242 1025 1324 1076 ὅτι
1348 1023 1526 1093 στόμα
1554 1022 1789 1084 δυσῶδες
1815 1020 1928 1092 εἶχε
1950 1038 1965 1053 ο

392 1113 569 1167 Πολλά
588 1117 717 1186 γὰρ,
742 1113 917 1182 εἶπεν,
940 1116 1088 1187 αὐτῷ
1107 1117 1212 1170 τῶν
1231 1118 1561 1189 ἀπορρήτων
1585 1117 1965 1186 ἑγκατεσάπη.

906 1242 918 1251 ’
985 1274 1206 1328 ΛΟΓΟΣ
1244 1276 1361 1331 οιν.

386 1390 526 1459 Περὶ
559 1389 922 1458 πολυλόγων
950 1390 1050 1444 καὶ
1080 1391 1458 1459 ταχυλόγων,
1492 1391 1591 1445 καὶ
1631 1390 1967 1461 ἑκφερομυ-

866 1461 1134 1514 θούντων
1160 1461 1485 1529 μυστήρια.

468 1572 529 1625 '0
559 1572 630 1624 τὰ
665 1572 836 1626 πολλὰ
872 1572 1049 1641 λέγων
1082 1574 1176 1625 καὶ
1211 1574 1625 1628 ἀιιτακούσεται.
1663 1574 1754 1646 Μὴ
1794 1573 1963 1638 πολὺς

385 1663 444 1717 ἐν
483 1665 693 1734 ῥήμασι
730 1665 904 1734 γίνου.
940 1665 1120 1737 Μέχρι
1155 1665 1299 1729 τίνος
1341 1666 1402 1720 οὐ
1444 1667 1773 1736 σιωπήσει;;
1812 1666 1956 1719 Ἐπί-

386 1772 534 1825 σχες,
561 1757 649 1810 ἵνα
675 1760 769 1810 καὶ
796 1759 949 1830 αὐτοὶ
977 1759 1323 1829 λαλήσωμεν.
1351 1761 1450 1813 Διά
1476 1763 1529 1811 τί
1552 1757 1742 1827 ὥσπερ
1768 1759 1964 1828 τετρά-

384 1834 523 1901 ποδα
553 1849 944 1920 ὲσιωπήσαμεν
975 1850 1212 1905 ἐναντίον
1244 1866 1377 1917 σου;

468 1941 631 2014 ’Δνὴρ
653 1942 980 2013 γλωσσώδης
1001 1943 1061 1996 οὗ
1088 1942 1582 2011 κατευθυνθήσεται
1604 1941 1699 1995 ἐπὶ
1717 1943 1815 2011 τῆς
1833 1942 1956 2010 γῆς.

457 2035 736 2098 Ἤκουσας
766 2034 945 2104 λόγον,
981 2034 1401 2090 συναποθανέτω
1433 2051 1535 2088 σοι.

450 2124 544 2195 Μὴ
579 2123 688 2177 tuo.
723 2125 892 2195 ταχὺς
927 2124 985 2177 ιν
1017 2124 1231 2192 λόγοις,
1267 2124 1361 2175 καὶ
1400 2123 1475 2192 μή
1513 2119 1960 2192 συμπαρεκτείνῃ

384 2217 552 2286 πένης
584 2215 659 2269 ῶν
690 2215 966 2287 πλουσίῳ,
1002 2216 1138 2286 μηδὲ
1169 2214 1325 2286 ζήτει
1354 2214 1460 2267 τῶν
1492 2212 1674 2282 σοφῶν
1704 2207 1842 2265 εἶναι
1876 2228 1962 2264 σο-

383 2308 523 2377 φὼτε
534 2325 648 2379 ρος.

464 2400 561 2453 Ἐκ
593 2398 918 2468 πολυλογίας
947 2400 1049 2453 οὐκ
1078 2396 1316 2469 ἐκφεύξῃ
1345 2397 1644 2467 ἁμαρτίαν.

467 2491 595 2545 Ἐὰν
629 2490 929 2564 ὲξελκύσῃς
967 2490 1162 2557 λόγον,
1198 2489 1581 2554 ἑξελκύσονται
1622 2490 1831 2562 κρίσεις
1870 2492 1964 2545 καὶ

387 2585 581 2654 μάχαι.

456 2679 642 2732 Ἔστιν
677 2678 929 2748 ἐλεγχος,
968 2677 1065 2730 καὶ
1102 2677 1204 2730 οὐκ
1244 2676 1391 2729 ἔστιν
1425 2674 1625 2746 ὡραῖος
1651 2692 1666 2706 ·
1704 2677 1798 2730 καὶ
1843 2676 1961 2730 ἐστι

381 2788 465 2834 τις
496 2771 684 2838 σιγῶν,
713 2773 807 2824 καὶ
837 2772 1227 2842 εὑρισκόμενος
1261 2773 1444 2836 σοφός.

456 2863 554 2924 ’ος
597 2862 950 2931 ἀποκρίνεται
993 2861 1121 2930 πρὶν
1165 2860 1424 2921 ἀκούσαι,
1475 2856 1757 2928 ἀφρονύνῃ
1813 2857 1963 2927 αὑτῷ

382 2955 496 3006 ἔστι
530 2954 624 3005 καὶ
654 2952 877 3014 ὄνειδος.
1010 2934 1013 2937 ’

453 3046 518 3097 Oi
545 3045 862 3096 ἀπαίδευτοι
893 3042 1154 3113 ἀκρατεῖς
1188 3039 1429 3110 γὶώσσῃ.

463 3136 590 3195 Ἐὰν
622 3138 737 3207 (in;
764 3135 935 3206 ἄνδρα
961 3138 1129 3204 ταχὺν
1159 3136 1216 3185 ἐν
1246 3132 1424 3200 λόγοις
1445 3171 1460 3197 ,
1493 3129 1727 3201 γίνωσκε
1758 3130 1841 3184 ὅτι
1872 3131 1959 3184 ἐλ-

380 3227 508 3282 πίδα
536 3230 647 3297 ἕχει
679 3227 876 3296 μᾶλλον
905 3228 932 3279 ό
962 3225 1152 3296 ἄφρων
1179 3223 1367 3278 αὑτοῦ.

454 3319 517 3373 '0
551 3321 740 3388 ἄφρων
773 3315 1034 3389 πληθύνει
1066 3315 1281 3383 λόγους
1315 3316 1344 3370 ό
1377 3315 1689 3381 πλεονάζων
1719 3317 1775 3369 ὲν
1808 3314 1953 3386 λόγῳ

380 3409 767 3482 μισηθήσεται.

448 3504 604 3574 Φωνὴ
631 3503 867 3574 ἄφρονος
895 3503 953 3557 ὲν
984 3500 1183 3573 πλήθει
1208 3499 1405 3570 λόγων.

445 3687 539 3758 Μὴ
567 3687 719 3755 γίνου
757 3686 927 3757 ταχὺς
957 3685 1016 3737 ὲν
1066 3683 1212 3754 λόγῳ
1260 3697 1378 3747 σου,
1410 3679 1544 3751 μηδὲ
1597 3675 1803 3749 νωθρὸς
1852 3677 1947 3731 καὶ

376 3779 703 3850 παρειμένος
735 3779 793 3829 ὲν
818 3777 1001 3844 λόγοις
1035 3791 1152 3828 σου.

444 3871 614 3942 Χείλη
646 3869 960 3923 πολυλάλων
987 3867 1057 3921 τά
1083 3867 1184 3919 οὐκ
1213 3864 1393 3919 αὐτῶν
1419 3863 1794 3935 διηγήσονται.

458 4056 518 4109 '0
551 4055 720 4109 Οέλων
754 4053 897 4123 ζωὴν
930 4052 1028 4106 καὶ
1060 4048 1293 4120 ἀγαπῶν
1327 4045 1539 4116 ἡμέρας
1577 4045 1707 4098 ἰδεῖν
1739 4042 1949 4112 ἀγαθάς

379 4147 681 4201 παυσάσθω
714 4144 813 4215 τὴν
847 4142 1096 4212 γλῶσσαν
1128 4141 1237 4194 ἀπὸ
1278 4136 1453 4192 κακοῦ
1474 4176 1488 4200 ,
1524 4137 1616 4188 καὶ
1658 4136 1811 4205 χείλη
1848 4134 1946 4186 τοῦ

382 4241 455 4310 μὴ
482 4238 710 4308 λαλῆσαι
737 4236 885 4289 δόλον
905 4276 920 4301 ,
953 4232 1257 4287 ἐκκλινάτω
1286 4231 1392 4283 ἀπὸ
1422 4227 1594 4283 κακοῦ
1613 4266 1630 4293 ,
1663 4225 1755 4281 καὶ
1784 4241 1946 4293 ποιη-

378 4332 525 4384 σάτω
582 4328 824 4397 ἀγαθὸν,
880 4324 1174 4396 ζητησάτω
1230 4323 1490 4393 εἰρήνην,
1550 4319 1645 4370 καὶ
1702 4316 1948 4381 διωξάτω

374 4424 568 4493 αὑτήν.

2069 576 2151 622 est
2180 569 2479 625 silentium.

2151 662 2542 718 Demosthenis.
2578 662 2991 730 Demosthenes,
3015 677 3137 718 cum
3167 662 3484 719 adolescens
3521 665 3645 735 qui-

2069 742 2193 814 dam
2232 762 2376 812 inter
2410 757 2606 827 pocula
2641 756 2842 812 multas
2892 771 3065 825 nugas
3098 754 3351 822 cﬁ‘utiret,
3378 765 3431 809 et
3459 764 3645 811 tacere

2068 853 2274 906 nollet:
2315 850 2855 916 Azlolescens,dixit,
2907 849 3183 918 quomodo
3233 863 3344 903 non
3396 849 3640 903 didicisti

2068 951 2251 997 tacere
2282 943 2350 996 ab
2382 943 2495 1005 illo,
2528 957 2560 996 a
2594 958 2703 1011 quo
2734 939 2974 996 didicisti
3012 940 3205 1010 loqui?

2137 1032 2273 1086 Cum
2319 1034 2584 1103 obiiceret
2637 1038 2684 1088 ei
2731 1036 2953 1099 quidam
3011 1034 3126 1086 oris
3178 1032 3437 1087 ictorem:
3476 1030 3641 1086 Multa

2065 1123 2235 1189 enim,
2275 1122 2435 1186 dixit,
2476 1132 2683 1177 secreta
2717 1122 2770 1177 in
2798 1138 2863 1177 eo
2896 1131 3374 1191 computrucrunt.

2385 1278 2620 1334 SERMO
2656 1280 2866 1335 Lxxw
2927 1278 3031 1351 [aL
3066 1280 3291 1353 XCVI].

2069 1392 2142 1444 De
2184 1391 2515 1461 multiloquis
2560 1403 2611 1447 et
2654 1397 2894 1465 festinate
2959 1396 3310 1465 loquentibus,
3343 1403 3392 1449 et
3435 1411 3638 1449 arcana

2669 1466 3030 1533 efferentibus.

2134 1569 2236 1624 Job
2277 1572 2480 1651 πικροὶ
2516 1573 2682 1628 multa
2721 1574 2873 1638 dicit,
2901 1575 2990 1629 ille
3045 1573 3287 1629 vicissim
3337 1573 3537 1627 audiet.
3564 1572 3641 1628 Ne

2063 1660 2139 1715 sis
2169 1663 2369 1715 multus
2402 1664 2454 1717 in
2488 1664 2686 1718 verbis.
2729 1664 3027 1734 Quousque
3058 1679 3167 1718 non
3208 1662 3459 1718 tacebis?
3497 1660 3641 1715 Tacu

2067 1759 2127 1805 ut
2159 1764 2209 1806 et
2231 1752 2334 1822 ipsi
2365 1755 2671 1823 loquamur.
2702 1755 2811 1810 Cur
2839 1757 3000 1810 veluti
3032 1755 3411 1827 quadrupedes
3443 1755 3644 1808 tacebi-

1986 1837 2036 1897 B
2066 1858 2185 1896 mus
2208 1858 2391 1897 coram
2426 1853 2477 1900 te
2501 1846 2525 1899 ?

2136 1931 2327 1987 David.
2369 1934 2459 1988 Vir
2493 1936 2711 2004 linguax
2756 1952 2861 1991 uon
2891 1936 3197 1992 fortunatus
3232 1937 3336 1992 erit
3365 1937 3417 1991 in
3467 1944 3634 1991 terra.

2135 2023 2406 2081 Solomon.
2441 2030 2706 2084 Audivisti
2730 2045 3062 2096 sermonem,
3090 2031 3488 2085 commoriatur
3514 2029 3632 2082 tibi.

2143 2119 2221 2173 Ne
2252 2121 2327 2174 sis
2343 2122 2485 2176 celer
2515 2123 2569 2175 in
2601 2123 2796 2189 verbis,
2818 2132 2867 2177 et
2891 2138 2976 2188 ne,
2998 2137 3202 2192 pauper
3227 2137 3349 2177 cum
3376 2122 3475 2186 sis,
3498 2136 3645 2199 con-1

2066 2215 2257 2270 tendas
2322 2230 2445 2270 cum
2499 2215 2688 2280 divite,
2719 2229 2895 2284 neque
2934 2216 3234 2284 sapientior
3289 2215 3634 2284 sapientibus

2064 2324 2186 2364 esse
2214 2323 2449 2379 quaeras.

2137 2400 2241 2453 Per
2269 2398 2674 2467 multiloquium
2701 2413 2808 2453 non
2844 2398 3068 2468 effugies
3090 2408 3394 2464 peccatum.

2137 2488 2191 2544 Si
2231 2492 2565 2560 protraxeris
2594 2482 2926 2555 sermonem,
2965 2491 3339 2545 contentiones
3366 2500 3417 2544 et
3438 2493 3634 2561 pugna)

2068 2585 2473 2654 prutraltentttr.

2139 2673 2303 2727 Eccli.
2337 2689 2425 2727 xx.
2464 2672 2557 2727 Est
2587 2687 2712 2727 cum
2762 2670 2992 2744 minime.
3027 2670 3101 2725 sit
3154 2672 3397 2738 speciosa
3447 2686 3633 2741 reprc-

2067 2766 2279 2825 beusio,
2310 2775 2362 2819 et
2383 2751 2473 2818 est.
2494 2780 2620 2817 cum
2655 2764 2779 2833 quis
2808 2766 3083 2831 sapienter
3115 2773 3309 2818 taceat.

2138 2852 2295 2908 Prov.
2332 2868 2488 2907 xvm.
2516 2852 2620 2919 Qui
2656 2852 2946 2920 respondet
2996 2852 3312 2921 priusquam
3365 2853 3630 2920 audierit,

2065 2946 2376 3015 insipientia
2408 2955 2459 2999 et
2487 2946 2749 3000 dedecore
2780 2953 3022 2998 notatur.

2135 3035 2379 3106 Imperiti
2412 3035 2649 3105 linguam
2682 3020 2963 3091 coiitinere
2998 3037 3273 3092 nesciunt.

2138 3128 2295 3199 122
2347 3126 2404 3181 Si
2463 3127 2659 3182 videris
2718 3129 2994 3182 hominem
3044 3128 3313 3198 loquendo
3365 3131 3629 3202 Velocem,

2058 3220 2200 3273 scias
2230 3219 2349 3288 plus
2379 3220 2491 3289 spei
2522 3235 2644 3274 esse
2672 3220 2840 3274 stulto
2866 3214 3030 3289 quam
3063 3222 3195 3290 ipsi:
3504 3288 3511 3293 _

2112 3308 2382 3379 Insipiens
2424 3311 2747 3383 multiplicat
2788 3312 2994 3379 verba;
3035 3314 3136 3386 qui
3176 3314 3418 3371 abundat
3448 3320 3630 3386 verbis

2054 3400 2340 3458 habebitur
2363 3404 2508 3458 odio.
3058 3384 3065 3386 Ὗ
3478 3384 3493 3402 ’

2052 3494 2296 3618 ru'l'sl'ccli.
2340 3495 2535 3552 Sermo
2570 3496 2878 3582 insipieutis
2905 3499 2982 3566 ,iu
3034 3498 3382 3555 multitudine
3425 3499 3625 3553 verbo-

2197 3580 2255 3618 es
2284 3602 2300 3618 .

2197 3580 2300 3619 651.

2122 3652 2201 3708 Ne
2230 3655 2306 3709 sis
2348 3670 2591 3726 praeceps
2622 3656 2675 3712 in
2707 3672 2961 3713 sermone
3002 3665 3125 3725 tuo,
3170 3673 3346 3727 neque
3391 3660 3628 3730 pigeret

2053 3744 2321 3800 remissus
2352 3746 2404 3799 in
2432 3748 2612 3804 verbis
2644 3748 2775 3805 tuis.
2928 3772 2939 3790 ι
3208 3816 3213 3827 ,
3463 3812 3471 3820 .

2124 3834 2291 3892 Labia
2321 3837 2629 3908 loquacium
2671 3839 2811 3895 nihil
2838 3840 2907 3896 ad
2934 3854 2994 3897 se
3012 3840 3357 3912 {pertinentia
3390 3842 3625 3913 loquen-

2052 3935 2160 3982 tur.

2127 4020 2159 4076 Ι
2184 4019 2333 4078 Patr.
2363 4039 2443 4078 tu.
2478 4020 2585 4089 Qui
2631 4023 2908 4079 desiderat
2950 4023 3138 4088 vitam,
3190 4031 3248 4080 et
3291 4024 3465 4078 bonos
3507 4023 3627 4079 dies

2049 4118 2232 4172 videre
2257 4117 2427 4187 cupit,
2455 4116 2743 4186 prohibeat
2772 4116 3009 4187 linguam
3034 4131 3064 4171 a
3090 4117 3253 4181 male,
3275 4125 3329 4169 et
3354 4115 3495 4184 labia
3523 4129 3623 4169 sua

2050 4226 2119 4267 ne
2166 4211 2461 4279 loquantur
2494 4208 2777 4276 fraudem;
2810 4208 3048 4264 declinet
3090 4223 3119 4262 a
3170 4207 3332 4275 malo,
3364 4215 3419 4260 et
3460 4204 3621 4261 faciat

2051 4302 2250 4357 bonum
2277 4319 2293 4369 ;
2326 4311 2534 4373 quaerat
2564 4315 2752 4372 pacem
2787 4309 2842 4355 et
2876 4308 3115 4357 sectetur
3144 4313 3289 4354 eam.

445 4474 621 4583 Κόρυς
655 4512 819 4578 λόγου
861 4506 1120 4578 πολέμιος
1160 4503 1373 4567 ἀκοαῖς,
1405 4500 1482 4565 ὡς
1523 4499 1944 4570 ὑπερϐάλλουσα
1974 4503 2005 4559 η

2082 4540 2086 4545 ,
2122 4477 2393 4549 Theologi.
2430 4476 2665 4532 Satietas
2704 4476 2973 4532 sermonis
3004 4474 3225 4556 inimica
3254 4483 3342 4529 est
3369 4475 3616 4541 auribus,

370 4605 546 4675 τροφὴ
578 4601 852 4672 σώμασιν.

445 4694 700 4758 Ὀλισθος
741 4689 1049 4766 ἀνθρώποις
1092 4687 1314 4760 γλῶσσα
1362 4685 1438 4758 μὴ
1481 4683 1623 4755 λόγῳ
1671 4680 1944 4752 κυϐερνω-

374 4790 786 4953 μῗιὲινομένων
815 4878 992 4950 ἔργων
1019 4873 1275 4947 περιττόν
1303 4872 1421 4924 ἐστι
1452 4866 1816 4941 μακρολογία.

440 5059 612 5126 Λόγος
662 5054 849 5118 ἁπλῶς
899 5050 1249 5124 προενεχθελς
1300 5044 1629 5115 ὁλοκλήρους
1679 5040 1943 5103 πολλάκις

368 5153 550 5214 οἴκους
578 5148 842 5219 ἀνέτρεψε
860 5187 876 5213 ,
906 5145 1004 5200 καὶ
1033 5143 1212 5213 ψυχὰς
1242 5138 1492 5194 ἀπώλεσε
1527 5135 1622 5189 καὶ
1651 5133 1936 5187 κατέδυσε.

372 5247 481 5297 Καὶ
514 5242 622 5295 τῶν
662 5241 760 5311 μὲν
800 5236 1098 5309 χρημάτων
1132 5234 1232 5303 τὴν
1275 5228 1480 5299 ζημίαν
1524 5227 1684 5281 πάλιν
1722 5223 1800 5275 ἔνι
1847 5222 1942 5274 λα-

372 5340 521 5391 νεῖνο
563 5335 721 5401 λόγον
763 5332 820 5385 δὲ
873 5327 1257 5399 ὲκπηδήσαντα
1313 5320 1462 5387 ἅπαξ
1533 5314 1940 5385 ἀνακτήσασθαι

371 5428 531 5480 πάλιν
560 5426 661 5478 οὐκ
689 5424 788 5476 ἔνι.

439 5519 521 5571 Τά
547 5516 709 5569 λοιπά
734 5514 841 5568 τῶν
867 5506 1280 5580 ἁμαρτημάτων
1327 5506 1417 5555 καὶ
1442 5500 1602 5567 λόγου
1638 5496 1731 5550 καὶ
1762 5510 1938 5564 πραγ-

373 5610 556 5678 μάτων
601 5608 695 5659 καὶ
736 5605 832 5670 τῆς
882 5601 1080 5669 ἔξωθεν
1129 5593 1445 5664 συνεργείας
1498 5588 1633 5659 πρὸς
1682 5587 1744 5638 τὸ
1786 5586 1937 5678 γενέ-

370 5675 495 5753 σθαι
539 5697 763 5750 δέονται.
798 5695 866 5747 ῚΙ
913 5695 970 5746 δὲ
1014 5689 1109 5746 τοῦ
1150 5688 1311 5756 λόγου
1361 5683 1523 5752 φύσις
1573 5675 1933 5743 κατεξουσίαν

369 5792 481 5861 ἕλει
505 5790 566 5842 τὸ
598 5785 957 5857 πλημμελεῖν.

2053 4576 2110 4623 ut
2142 4568 2370 4623 nimium
2396 4567 2709 4622 alimentum
2743 4566 3089 4635 corporibus.

2119 4662 2332 4731 Lingua
2380 4672 2488 4713 non
2532 4656 2831 4727 gubernata
2876 4653 3086 4714 ratione
3130 4650 3394 4707 subvertit
3444 4653 3622 4707 homi-

2050 4775 2167 4814 1185.

2120 4850 2255 4905 Cum
2288 4864 2376 4904 res
2400 4847 2532 4917 ipsa:
2560 4847 2843 4915 apparent,
2877 4837 3152 4910 superﬂua
3198 4845 3284 4893 est
3339 4836 3618 4893 sermonis

2090 4941 2358 4995 rulixitas.

2090 4957 2358 4995 ruuxuas.

2050 4957 2084 5012 Ρ
2118 5030 2176 5088 S.
2235 5031 2502 5099 Chrysost.
2572 5025 2767 5081 Sermo
2808 5018 3128 5090 simpliciter
3175 5024 3433 5071 narratus
3474 5013 3617 5067 inte-

2053 5138 2181 5193 gras
2238 5136 2382 5190 saepe
2430 5117 2664 5173 familias
2686 5113 2902 5178 evertit,
2931 5118 2986 5165 et
3011 5108 3236 5179 {animas
3286 5103 3519 5175 perdidit
3547 5118 3612 5156 ac

2050 5214 2364 5269 submersit.
2392 5210 2457 5263 Et
2492 5207 2737 5280 pecunia:
2781 5203 3003 5274 quidem
3043 5199 3314 5267 jacturam
3346 5196 3615 5250 resarcire.

2048 5305 2197 5367 licet,
2244 5314 2554 5357 sermonem
2607 5306 2786 5351 autem
2833 5292 3003 5350 semel
3061 5290 3305 5359 elapsum
3356 5298 3614 5341 revocare

2048 5411 2155 5449 nou
2181 5395 2325 5447 licet.

2117 5485 2340 5555 Gregor.
2373 5480 2535 5552 Nyss.
2564 5478 2791 5552 Reliqua
2822 5483 3045 5546 peccata
3076 5470 3261 5531 Verbis
3284 5479 3337 5525 et
3363 5469 3528 5524 rebus
3556 5477 3614 5521 et

2045 5590 2265 5637 externa
2296 5593 2398 5647 0pc
2435 5575 2677 5644 indigent
2699 5580 2758 5626 ut
2782 5570 3132 5640 perﬁciantur
3160 5584 3176 5620 :
3212 5564 3483 5621 sermonis
3506 5574 3609 5615 sua

2047 5683 2152 5728 tem
2187 5678 2382 5726 natura
2417 5675 2609 5738 sponte
2642 5671 2819 5736 potest
2848 5660 3183 5730 delinquere.
