  <div class='ocr_page' id='page_1' title='image "/cluster/home/n/w/nwhite01/storage/ocr_20150623/136/coo.31924054870419/504.png"; bbox 0 0 4038 6412; ppageno 0'>
   <div class='ocr_carea' id='block_1_1' title="bbox 350 335 464 403">
    <p class='ocr_par' dir='ltr' id='par_1_1' title="bbox 350 335 464 403">
     <span class='ocr_line' id='line_1_1' title="bbox 350 335 464 403; baseline 0.018 -1"><span class='ocrx_word' id='word_1_1' title='bbox 350 335 464 403; x_wconf 70' lang='grc' dir='ltr'>θθἾ</span> 
     </span>
    </p>
   </div>
   <div class='ocr_carea' id='block_1_2' title="bbox 348 546 1364 627">
    <p class='ocr_par' dir='ltr' id='par_1_2' title="bbox 348 546 1364 627">
     <span class='ocr_line' id='line_1_2' title="bbox 348 546 1364 627; baseline 0.013 -28"><span class='ocrx_word' id='word_1_2' title='bbox 348 546 493 601; x_wconf 88' lang='grc' dir='ltr'>λίσιν</span> <span class='ocrx_word' id='word_1_3' title='bbox 522 546 690 601; x_wconf 81' lang='grc' dir='ltr'>αὐτοῦ</span> <span class='ocrx_word' id='word_1_4' title='bbox 724 551 1115 617; x_wconf 81' lang='grc' dir='ltr'>κατατοξεύσει</span> <span class='ocrx_word' id='word_1_5' title='bbox 1148 556 1364 627; x_wconf 79' lang='grc' dir='ltr'>ἐχθρόν.</span> 
     </span>
    </p>
   </div>
   <div class='ocr_carea' id='block_1_3' title="bbox 425 638 1934 725">
    <p class='ocr_par' dir='ltr' id='par_1_3' title="bbox 425 638 1934 725">
     <span class='ocr_line' id='line_1_3' title="bbox 425 638 1934 725; baseline 0.011 -34"><span class='ocrx_word' id='word_1_6' title='bbox 425 638 675 694; x_wconf 85' lang='grc' dir='ltr'>Ἔσωσεν</span> <span class='ocrx_word' id='word_1_7' title='bbox 709 644 737 697; x_wconf 79' lang='grc' dir='ltr'>ὁ</span> <span class='ocrx_word' id='word_1_8' title='bbox 767 641 900 708; x_wconf 76' lang='grc' dir='ltr'>Θεὸς</span> <span class='ocrx_word' id='word_1_9' title='bbox 922 646 1016 699; x_wconf 81' lang='grc' dir='ltr'>τὸν</span> <span class='ocrx_word' id='word_1_10' title='bbox 1047 648 1209 702; x_wconf 78' lang='grc' dir='ltr'><strong>Δαυῖδ</strong></span> <span class='ocrx_word' id='word_1_11' title='bbox 1233 651 1292 705; x_wconf 82' lang='grc' dir='ltr'>ὲν</span> <span class='ocrx_word' id='word_1_12' title='bbox 1329 654 1494 707; x_wconf 75' lang='grc' dir='ltr'>πᾶσιν</span> <span class='ocrx_word' id='word_1_13' title='bbox 1522 648 1605 716; x_wconf 73' lang='grc' dir='ltr'>οἷς</span> <span class='ocrx_word' id='word_1_14' title='bbox 1637 655 1934 725; x_wconf 79' lang='grc' dir='ltr'>ἐπορεύθη,</span> 
     </span>
    </p>
   </div>
   <div class='ocr_carea' id='block_1_4' title="bbox 351 729 1937 819">
    <p class='ocr_par' dir='ltr' id='par_1_4' title="bbox 351 729 1937 819">
     <span class='ocr_line' id='line_1_4' title="bbox 351 729 1937 819; baseline 0.014 -38"><span class='ocrx_word' id='word_1_15' title='bbox 351 730 449 783; x_wconf 68' lang='grc' dir='ltr'>καὶ</span> <span class='ocrx_word' id='word_1_16' title='bbox 502 729 827 788; x_wconf 75' lang='grc' dir='ltr'>ἐϐασίλευσε</span> <span class='ocrx_word' id='word_1_17' title='bbox 874 737 1041 792; x_wconf 76' lang='grc' dir='ltr'>Δαυῖδ</span> <span class='ocrx_word' id='word_1_18' title='bbox 1086 741 1180 795; x_wconf 76' lang='grc' dir='ltr'>ἐπὶ</span> <span class='ocrx_word' id='word_1_19' title='bbox 1229 743 1460 806; x_wconf 76' lang='grc' dir='ltr'>πάντας.</span> <span class='ocrx_word' id='word_1_20' title='bbox 1496 745 1606 800; x_wconf 72' lang='grc' dir='ltr'><strong>Καὶ</strong></span> <span class='ocrx_word' id='word_1_21' title='bbox 1651 742 1720 819; x_wconf 81' lang='grc' dir='ltr'>ἦν</span> <span class='ocrx_word' id='word_1_22' title='bbox 1774 749 1937 803; x_wconf 81' lang='grc' dir='ltr'>Δαυῒδ</span> 
     </span>
    </p>
   </div>
   <div class='ocr_carea' id='block_1_5' title="bbox 352 820 1934 903">
    <p class='ocr_par' dir='ltr' id='par_1_5' title="bbox 352 820 1934 903">
     <span class='ocr_line' id='line_1_5' title="bbox 352 820 1934 903; baseline 0.016 -31"><span class='ocrx_word' id='word_1_23' title='bbox 352 820 527 877; x_wconf 73' lang='grc' dir='ltr'>ποιῶν</span> <span class='ocrx_word' id='word_1_24' title='bbox 560 825 733 894; x_wconf 82' lang='grc' dir='ltr'>κρίμα</span> <span class='ocrx_word' id='word_1_25' title='bbox 764 828 858 880; x_wconf 75' lang='grc' dir='ltr'><strong>καὶ</strong></span> <span class='ocrx_word' id='word_1_26' title='bbox 904 830 1255 903; x_wconf 75' lang='grc' dir='ltr'>δικαιοσύνην</span> <span class='ocrx_word' id='word_1_27' title='bbox 1288 838 1382 890; x_wconf 76' lang='grc' dir='ltr'><strong>ἐπὶ</strong></span> <span class='ocrx_word' id='word_1_28' title='bbox 1427 839 1606 893; x_wconf 82' lang='grc' dir='ltr'>πάντα</span> <span class='ocrx_word' id='word_1_29' title='bbox 1658 843 1751 896; x_wconf 83' lang='grc' dir='ltr'><strong>τὸν</strong></span> <span class='ocrx_word' id='word_1_30' title='bbox 1785 842 1934 898; x_wconf 88' lang='grc' dir='ltr'>λαόν.</span> 
     </span>
    </p>
   </div>
   <div class='ocr_carea' id='block_1_6' title="bbox 427 907 1937 1002">
    <p class='ocr_par' dir='ltr' id='par_1_6' title="bbox 427 907 1937 1002">
     <span class='ocr_line' id='line_1_6' title="bbox 427 907 1937 1002; baseline 0.017 -39"><span class='ocrx_word' id='word_1_31' title='bbox 427 907 560 970; x_wconf 64' lang='lat' dir='ltr'><strong>Eine</strong></span> <span class='ocrx_word' id='word_1_32' title='bbox 611 917 818 972; x_wconf 76' lang='grc' dir='ltr'><strong>Δαυῖδσ</strong></span> <span class='ocrx_word' id='word_1_33' title='bbox 855 922 1055 991; x_wconf 78' lang='grc' dir='ltr'>’Ἄφετε</span> <span class='ocrx_word' id='word_1_34' title='bbox 1116 928 1279 981; x_wconf 74' lang='grc' dir='ltr'>αὑτὸν</span> <span class='ocrx_word' id='word_1_35' title='bbox 1330 933 1803 1002; x_wconf 76' lang='grc' dir='ltr'>καταράσασθαι,</span> <span class='ocrx_word' id='word_1_36' title='bbox 1851 938 1937 990; x_wconf 78' lang='grc' dir='ltr'>ὅτι</span> 
     </span>
    </p>
   </div>
   <div class='ocr_carea' id='block_1_7' title="bbox 351 998 1939 1109">
    <p class='ocr_par' dir='ltr' id='par_1_7' title="bbox 351 998 1939 1109">
     <span class='ocr_line' id='line_1_7' title="bbox 351 998 1939 1109; baseline 0.019 -55"><span class='ocrx_word' id='word_1_37' title='bbox 351 998 507 1109; x_wconf 57' lang='grc' dir='ltr'>εἶπεν</span> <span class='ocrx_word' id='word_1_38' title='bbox 536 1007 688 1078; x_wconf 84' lang='grc' dir='ltr'><strong>αὐτῷ</strong></span> <span class='ocrx_word' id='word_1_39' title='bbox 714 1011 742 1063; x_wconf 85' lang='grc' dir='ltr'><strong>ό</strong></span> <span class='ocrx_word' id='word_1_40' title='bbox 775 1010 927 1076; x_wconf 83' lang='grc' dir='ltr'>Θεὸς.</span> <span class='ocrx_word' id='word_1_41' title='bbox 961 1017 1036 1069; x_wconf 72' lang='grc' dir='ltr'><strong>Ἐἴ</strong></span> <span class='ocrx_word' id='word_1_42' title='bbox 1062 1037 1180 1082; x_wconf 87' lang='grc' dir='ltr'><strong>πως</strong></span> <span class='ocrx_word' id='word_1_43' title='bbox 1202 1021 1315 1075; x_wconf 53' lang='grc' dir='ltr'>νῖδοι</span> <span class='ocrx_word' id='word_1_44' title='bbox 1342 1024 1547 1094; x_wconf 76' lang='grc' dir='ltr'>Κύριος</span> <span class='ocrx_word' id='word_1_45' title='bbox 1573 1028 1631 1079; x_wconf 86' lang='grc' dir='ltr'>ὲν</span> <span class='ocrx_word' id='word_1_46' title='bbox 1655 1030 1720 1098; x_wconf 84' lang='grc' dir='ltr'><strong>τῇ</strong></span> <span class='ocrx_word' id='word_1_47' title='bbox 1746 1046 1939 1083; x_wconf 86' lang='grc' dir='ltr'>ταπει-</span> 
     </span>
    </p>
   </div>
   <div class='ocr_carea' id='block_1_8' title="bbox 353 1105 1937 1190">
    <p class='ocr_par' dir='ltr' id='par_1_8' title="bbox 353 1105 1937 1190">
     <span class='ocr_line' id='line_1_8' title="bbox 353 1105 1937 1190; baseline 0.019 -45"><span class='ocrx_word' id='word_1_48' title='bbox 353 1105 515 1190; x_wconf 81' lang='grc' dir='ltr'>νωσει</span> <span class='ocrx_word' id='word_1_49' title='bbox 547 1114 673 1166; x_wconf 89' lang='grc' dir='ltr'>μου,</span> <span class='ocrx_word' id='word_1_50' title='bbox 711 1105 807 1157; x_wconf 79' lang='grc' dir='ltr'><strong>καὶ</strong></span> <span class='ocrx_word' id='word_1_51' title='bbox 834 1106 1157 1179; x_wconf 76' lang='grc' dir='ltr'><strong>ἐπιστρέψει</strong></span> <span class='ocrx_word' id='word_1_52' title='bbox 1188 1130 1279 1182; x_wconf 85' lang='grc' dir='ltr'><strong>μοι</strong></span> <span class='ocrx_word' id='word_1_53' title='bbox 1305 1117 1487 1183; x_wconf 71' lang='grc' dir='ltr'>ἀγαθὰ</span> <span class='ocrx_word' id='word_1_54' title='bbox 1510 1119 1634 1171; x_wconf 71' lang='grc' dir='ltr'>ἀντὶ</span> <span class='ocrx_word' id='word_1_55' title='bbox 1672 1119 1772 1190; x_wconf 78' lang='grc' dir='ltr'>τῆς</span> <span class='ocrx_word' id='word_1_56' title='bbox 1804 1138 1937 1174; x_wconf 79' lang='grc' dir='ltr'>κατ-</span> 
     </span>
    </p>
   </div>
   <div class='ocr_carea' id='block_1_9' title="bbox 351 1188 1319 1276">
    <p class='ocr_par' dir='ltr' id='par_1_9' title="bbox 351 1188 1319 1276">
     <span class='ocr_line' id='line_1_9' title="bbox 351 1188 1319 1276; baseline 0.019 -35"><span class='ocrx_word' id='word_1_57' title='bbox 351 1188 491 1257; x_wconf 84' lang='grc' dir='ltr'>άρας</span> <span class='ocrx_word' id='word_1_58' title='bbox 518 1192 686 1246; x_wconf 80' lang='grc' dir='ltr'>αὐτοῦ</span> <span class='ocrx_word' id='word_1_59' title='bbox 725 1197 783 1248; x_wconf 79' lang='grc' dir='ltr'>ὲν</span> <span class='ocrx_word' id='word_1_60' title='bbox 811 1200 874 1269; x_wconf 79' lang='grc' dir='ltr'>τῇ</span> <span class='ocrx_word' id='word_1_61' title='bbox 908 1201 1092 1272; x_wconf 74' lang='grc' dir='ltr'>ἡμέρᾳ</span> <span class='ocrx_word' id='word_1_62' title='bbox 1122 1204 1319 1276; x_wconf 75' lang='grc' dir='ltr'>ταύτῃ.</span> 
     </span>
    </p>
   </div>
   <div class='ocr_carea' id='block_1_10' title="bbox 440 1369 1937 1460">
    <p class='ocr_par' dir='ltr' id='par_1_10' title="bbox 440 1369 1937 1460">
     <span class='ocr_line' id='line_1_10' title="bbox 440 1369 1937 1460; baseline 0.018 -39"><span class='ocrx_word' id='word_1_63' title='bbox 440 1369 814 1446; x_wconf 80' lang='grc' dir='ltr'>Ἐμεγαλύνθη</span> <span class='ocrx_word' id='word_1_64' title='bbox 861 1378 1116 1451; x_wconf 85' lang='grc' dir='ltr'>Σολομὼν</span> <span class='ocrx_word' id='word_1_65' title='bbox 1146 1383 1238 1437; x_wconf 71' lang='grc' dir='ltr'><strong>ἐπὶ</strong></span> <span class='ocrx_word' id='word_1_66' title='bbox 1274 1387 1486 1453; x_wconf 78' lang='grc' dir='ltr'>πάντας</span> <span class='ocrx_word' id='word_1_67' title='bbox 1535 1390 1659 1454; x_wconf 78' lang='grc' dir='ltr'>τοὺς</span> <span class='ocrx_word' id='word_1_68' title='bbox 1696 1391 1937 1460; x_wconf 64' lang='grc' dir='ltr'>βασιλεῖς</span> 
     </span>
    </p>
   </div>
   <div class='ocr_carea' id='block_1_11' title="bbox 353 1461 1937 1556">
    <p class='ocr_par' dir='ltr' id='par_1_11' title="bbox 353 1461 1937 1556">
     <span class='ocr_line' id='line_1_11' title="bbox 353 1461 1937 1556; baseline 0.02 -45"><span class='ocrx_word' id='word_1_69' title='bbox 353 1461 452 1556; x_wconf 59' lang='grc' dir='ltr'><strong>τῇς</strong></span> <span class='ocrx_word' id='word_1_70' title='bbox 483 1461 587 1556; x_wconf 55' lang='grc' dir='ltr'>γῇς</span> <span class='ocrx_word' id='word_1_71' title='bbox 618 1465 838 1556; x_wconf 68' lang='grc' dir='ltr'>πλούτῳ</span> <span class='ocrx_word' id='word_1_72' title='bbox 868 1471 963 1524; x_wconf 82' lang='grc' dir='ltr'><strong>καὶ</strong></span> <span class='ocrx_word' id='word_1_73' title='bbox 997 1475 1160 1548; x_wconf 79' lang='grc' dir='ltr'>σοφίᾳ</span> <span class='ocrx_word' id='word_1_74' title='bbox 1186 1493 1199 1506; x_wconf 87' lang='grc'><strong>·</strong></span> <span class='ocrx_word' id='word_1_75' title='bbox 1253 1480 1349 1532; x_wconf 74' lang='grc' dir='ltr'>καὶ</span> <span class='ocrx_word' id='word_1_76' title='bbox 1382 1483 1582 1546; x_wconf 83' lang='grc' dir='ltr'>πάντες</span> <span class='ocrx_word' id='word_1_77' title='bbox 1608 1486 1657 1538; x_wconf 76' lang='lat' dir='ltr'><strong>oi</strong></span> <span class='ocrx_word' id='word_1_78' title='bbox 1695 1487 1937 1556; x_wconf 73' lang='grc' dir='ltr'>βασιλεῖς</span> 
     </span>
    </p>
   </div>
   <div class='ocr_carea' id='block_1_12' title="bbox 351 1549 1939 1641">
    <p class='ocr_par' dir='ltr' id='par_1_12' title="bbox 351 1549 1939 1641">
     <span class='ocr_line' id='line_1_12' title="bbox 351 1549 1939 1641; baseline 0.021 -42"><span class='ocrx_word' id='word_1_79' title='bbox 351 1549 455 1617; x_wconf 78' lang='grc' dir='ltr'>τῆς</span> <span class='ocrx_word' id='word_1_80' title='bbox 483 1551 587 1620; x_wconf 82' lang='grc' dir='ltr'><strong>γῆς</strong></span> <span class='ocrx_word' id='word_1_81' title='bbox 614 1552 906 1627; x_wconf 78' lang='grc' dir='ltr'>ὲξεζήτουν</span> <span class='ocrx_word' id='word_1_82' title='bbox 933 1563 994 1613; x_wconf 74' lang='grc' dir='ltr'><strong>τὸ</strong></span> <span class='ocrx_word' id='word_1_83' title='bbox 1027 1567 1319 1632; x_wconf 68' lang='grc' dir='ltr'>πρῦσωπον</span> <span class='ocrx_word' id='word_1_84' title='bbox 1359 1549 1731 1641; x_wconf 71' lang='grc' dir='ltr'>Σολομῶντος,</span> <span class='ocrx_word' id='word_1_85' title='bbox 1769 1549 1939 1633; x_wconf 44' lang='grc' dir='ltr'><strong>ἀκοῦλ</strong></span> 
     </span>
    </p>
   </div>
   <div class='ocr_carea' id='block_1_13' title="bbox 353 1643 1936 1743">
    <p class='ocr_par' dir='ltr' id='par_1_13' title="bbox 353 1643 1936 1743">
     <span class='ocr_line' id='line_1_13' title="bbox 353 1643 1936 1743; baseline 0.023 -52"><span class='ocrx_word' id='word_1_86' title='bbox 353 1656 442 1693; x_wconf 91' lang='grc' dir='ltr'><strong>σαι</strong></span> <span class='ocrx_word' id='word_1_87' title='bbox 467 1643 577 1743; x_wconf 60' lang='grc' dir='ltr'>τῆς</span> <span class='ocrx_word' id='word_1_88' title='bbox 638 1647 836 1715; x_wconf 82' lang='grc' dir='ltr'>σοφίας</span> <span class='ocrx_word' id='word_1_89' title='bbox 890 1653 1055 1708; x_wconf 82' lang='grc' dir='ltr'>αὐτοῦ</span> <span class='ocrx_word' id='word_1_90' title='bbox 1111 1651 1179 1727; x_wconf 84' lang='grc' dir='ltr'><strong>ἧς</strong></span> <span class='ocrx_word' id='word_1_91' title='bbox 1215 1659 1420 1715; x_wconf 80' lang='grc' dir='ltr'>ἔδωκεν</span> <span class='ocrx_word' id='word_1_92' title='bbox 1449 1666 1476 1717; x_wconf 83' lang='grc' dir='ltr'>ὁ</span> <span class='ocrx_word' id='word_1_93' title='bbox 1526 1666 1658 1731; x_wconf 84' lang='grc' dir='ltr'>Θεὸς</span> <span class='ocrx_word' id='word_1_94' title='bbox 1709 1671 1789 1729; x_wconf 78' lang='grc' dir='ltr'><strong>είς</strong></span> <span class='ocrx_word' id='word_1_95' title='bbox 1838 1673 1936 1743; x_wconf 82' lang='grc' dir='ltr'>τὴν</span> 
     </span>
    </p>
   </div>
   <div class='ocr_carea' id='block_1_14' title="bbox 1163 345 2724 421">
    <p class='ocr_par' dir='ltr' id='par_1_14' title="bbox 1163 345 2724 421">
     <span class='ocr_line' id='line_1_14' title="bbox 1163 345 2724 421; baseline 0.008 -13"><span class='ocrx_word' id='word_1_96' title='bbox 1163 345 1345 408; x_wconf 62' lang='lat' dir='ltr'><strong>&#39;LC&#39;CI</strong></span> <span class='ocrx_word' id='word_1_97' title='bbox 1387 347 1847 413; x_wconf 79' lang='lat' dir='ltr'><strong>COMMUNES.</strong></span> <span class='ocrx_word' id='word_1_98' title='bbox 1890 375 1962 392; x_wconf 83' lang='lat'><strong>--</strong></span> <span class='ocrx_word' id='word_1_99' title='bbox 2001 350 2200 415; x_wconf 68' lang='lat' dir='ltr'><strong>PAﬁS</strong></span> <span class='ocrx_word' id='word_1_100' title='bbox 2242 353 2320 418; x_wconf 84' lang='grc' dir='ltr'>Π.</span> <span class='ocrx_word' id='word_1_101' title='bbox 2372 354 2634 418; x_wconf 80' lang='lat' dir='ltr'><strong>SERMO</strong></span> <span class='ocrx_word' id='word_1_102' title='bbox 2673 358 2724 421; x_wconf 83' lang='grc' dir='ltr'>Ι.</span> 
     </span>
    </p>
   </div>
   <div class='ocr_carea' id='block_1_15' title="bbox 350 453 2009 539">
    <p class='ocr_par' dir='ltr' id='par_1_15' title="bbox 350 453 2009 539">
     <span class='ocr_line' id='line_1_15' title="bbox 350 453 2009 539; baseline 0.008 -29"><span class='ocrx_word' id='word_1_103' title='bbox 350 453 541 520; x_wconf 76' lang='grc' dir='ltr'>αὑτοῦ,</span> <span class='ocrx_word' id='word_1_104' title='bbox 574 454 768 512; x_wconf 78' lang='grc' dir='ltr'>καὶτὰ</span> <span class='ocrx_word' id='word_1_105' title='bbox 818 459 967 530; x_wconf 62' lang='grc' dir='ltr'>πάχη</span> <span class='ocrx_word' id='word_1_106' title='bbox 1008 460 1176 516; x_wconf 83' lang='grc' dir='ltr'><strong>αὐτοῦ</strong></span> <span class='ocrx_word' id='word_1_107' title='bbox 1212 465 1519 535; x_wconf 65' lang='grc' dir='ltr'>ὲοιμυελιεῖ,</span> <span class='ocrx_word' id='word_1_108' title='bbox 1557 467 1653 521; x_wconf 58' lang='grc' dir='ltr'><strong>καὶ⁵</strong></span> <span class='ocrx_word' id='word_1_109' title='bbox 1696 470 1815 531; x_wconf 71' lang='grc' dir='ltr'>ταῖς</span> <span class='ocrx_word' id='word_1_110' title='bbox 1849 467 1937 539; x_wconf 58' lang='grc' dir='ltr'>βου</span> <span class='ocrx_word' id='word_1_111' title='bbox 1969 466 2009 523; x_wconf 78' lang='grc' dir='ltr'>Α</span> 
     </span>
    </p>
   </div>
   <div class='ocr_carea' id='block_1_16' title="bbox 3524 364 3633 430">
    <p class='ocr_par' dir='ltr' id='par_1_16' title="bbox 3524 364 3633 430">
     <span class='ocr_line' id='line_1_16' title="bbox 3524 364 3633 430; baseline 0.028 -3"><span class='ocrx_word' id='word_1_112' title='bbox 3524 364 3633 430; x_wconf 77' lang='lat'><strong>993</strong></span> 
     </span>
    </p>
   </div>
   <div class='ocr_carea' id='block_1_17' title="bbox 2042 469 3628 542">
    <p class='ocr_par' dir='ltr' id='par_1_17' title="bbox 2042 469 3628 542">
     <span class='ocr_line' id='line_1_17' title="bbox 2042 469 3628 542; baseline 0.007 -18"><span class='ocrx_word' id='word_1_113' title='bbox 2042 469 2209 524; x_wconf 90' lang='lat' dir='ltr'><strong>stium</strong></span> <span class='ocrx_word' id='word_1_114' title='bbox 2246 470 2366 540; x_wconf 83' lang='lat' dir='ltr'><strong>ejus</strong></span> <span class='ocrx_word' id='word_1_115' title='bbox 2395 471 2541 537; x_wconf 78' lang='lat' dir='ltr'><strong>edet,</strong></span> <span class='ocrx_word' id='word_1_116' title='bbox 2564 480 2618 528; x_wconf 90' lang='lat' dir='ltr'><strong>et</strong></span> <span class='ocrx_word' id='word_1_117' title='bbox 2648 487 2768 542; x_wconf 69' lang='lat' dir='ltr'><strong>qua:</strong></span> <span class='ocrx_word' id='word_1_118' title='bbox 2801 470 2853 527; x_wconf 93' lang='lat' dir='ltr'><strong>in</strong></span> <span class='ocrx_word' id='word_1_119' title='bbox 2885 486 2953 526; x_wconf 89' lang='lat' dir='ltr'><strong>eo</strong></span> <span class='ocrx_word' id='word_1_120' title='bbox 2986 483 3115 530; x_wconf 90' lang='lat' dir='ltr'><strong>sunt</strong></span> <span class='ocrx_word' id='word_1_121' title='bbox 3146 487 3357 542; x_wconf 85' lang='lat' dir='ltr'><strong>crassa,</strong></span> <span class='ocrx_word' id='word_1_122' title='bbox 3386 480 3628 535; x_wconf 86' lang='lat' dir='ltr'><strong>emedul-</strong></span> 
     </span>
    </p>
   </div>
   <div class='ocr_carea' id='block_1_18' title="bbox 2042 563 3242 635">
    <p class='ocr_par' dir='ltr' id='par_1_18' title="bbox 2042 563 3242 635">
     <span class='ocr_line' id='line_1_18' title="bbox 2042 563 3242 635; baseline 0.006 -19"><span class='ocrx_word' id='word_1_123' title='bbox 2042 563 2193 630; x_wconf 84' lang='lat' dir='ltr'><strong>lahit,</strong></span> <span class='ocrx_word' id='word_1_124' title='bbox 2222 571 2277 617; x_wconf 85' lang='lat' dir='ltr'><strong>et</strong></span> <span class='ocrx_word' id='word_1_125' title='bbox 2307 564 2520 635; x_wconf 76' lang='lat' dir='ltr'><strong>saginis</strong></span> <span class='ocrx_word' id='word_1_126' title='bbox 2551 565 2669 619; x_wconf 85' lang='lat' dir='ltr'><strong>suis</strong></span> <span class='ocrx_word' id='word_1_127' title='bbox 2716 563 2968 621; x_wconf 78' lang='lat' dir='ltr'><strong>conﬁciet</strong></span> <span class='ocrx_word' id='word_1_128' title='bbox 3005 565 3242 624; x_wconf 87' lang='lat' dir='ltr'><strong>hostem.</strong></span> 
     </span>
    </p>
   </div>
   <div class='ocr_carea' id='block_1_19' title="bbox 2106 656 3634 728">
    <p class='ocr_par' dir='ltr' id='par_1_19' title="bbox 2106 656 3634 728">
     <span class='ocr_line' id='line_1_19' title="bbox 2106 656 3634 728; baseline 0.004 -17"><span class='ocrx_word' id='word_1_129' title='bbox 2106 656 2167 712; x_wconf 94' lang='lat' dir='ltr'><strong>II</strong></span> <span class='ocrx_word' id='word_1_130' title='bbox 2191 656 2316 728; x_wconf 73' lang='lat' dir='ltr'><strong>Reg.</strong></span> <span class='ocrx_word' id='word_1_131' title='bbox 2351 673 2465 713; x_wconf 84' lang='lat' dir='ltr'><strong>vm.</strong></span> <span class='ocrx_word' id='word_1_132' title='bbox 2520 656 2770 712; x_wconf 75' lang='lat' dir='ltr'><strong>Servavit</strong></span> <span class='ocrx_word' id='word_1_133' title='bbox 2828 658 2967 713; x_wconf 84' lang='lat' dir='ltr'><strong>Deus</strong></span> <span class='ocrx_word' id='word_1_134' title='bbox 3003 657 3259 715; x_wconf 88' lang='lat' dir='ltr'><strong>Davidem</strong></span> <span class='ocrx_word' id='word_1_135' title='bbox 3292 660 3346 715; x_wconf 90' lang='lat' dir='ltr'><strong>in</strong></span> <span class='ocrx_word' id='word_1_136' title='bbox 3378 663 3634 718; x_wconf 83' lang='lat' dir='ltr'><strong>omnibus</strong></span> 
     </span>
    </p>
   </div>
   <div class='ocr_carea' id='block_1_20' title="bbox 2037 748 3635 821">
    <p class='ocr_par' dir='ltr' id='par_1_20' title="bbox 2037 748 3635 821">
     <span class='ocr_line' id='line_1_20' title="bbox 2037 748 3635 821; baseline 0.006 -20"><span class='ocrx_word' id='word_1_137' title='bbox 2037 750 2102 801; x_wconf 89' lang='lat' dir='ltr'><strong>ad</strong></span> <span class='ocrx_word' id='word_1_138' title='bbox 2147 764 2270 818; x_wconf 82' lang='lat' dir='ltr'><strong>qme</strong></span> <span class='ocrx_word' id='word_1_139' title='bbox 2322 748 2608 818; x_wconf 76' lang='lat' dir='ltr'><strong>profectus</strong></span> <span class='ocrx_word' id='word_1_140' title='bbox 2659 758 2765 814; x_wconf 86' lang='lat' dir='ltr'><strong>est,</strong></span> <span class='ocrx_word' id='word_1_141' title='bbox 2805 749 3157 821; x_wconf 79' lang='lat' dir='ltr'><strong>regnavitque</strong></span> <span class='ocrx_word' id='word_1_142' title='bbox 3218 750 3535 818; x_wconf 75' lang='lat' dir='ltr'><strong>inmunes,</strong></span> <span class='ocrx_word' id='word_1_143' title='bbox 3570 768 3635 811; x_wconf 90' lang='lat' dir='ltr'><strong>ac</strong></span> 
     </span>
    </p>
   </div>
   <div class='ocr_carea' id='block_1_21' title="bbox 2042 841 3358 913">
    <p class='ocr_par' dir='ltr' id='par_1_21' title="bbox 2042 841 3358 913">
     <span class='ocr_line' id='line_1_21' title="bbox 2042 841 3358 913; baseline 0.003 -19"><span class='ocrx_word' id='word_1_144' title='bbox 2042 842 2302 896; x_wconf 84' lang='lat' dir='ltr'><strong>universo</strong></span> <span class='ocrx_word' id='word_1_145' title='bbox 2337 842 2538 912; x_wconf 85' lang='lat' dir='ltr'><strong>populo</strong></span> <span class='ocrx_word' id='word_1_146' title='bbox 2560 841 2651 910; x_wconf 83' lang='lat' dir='ltr'><strong>jus</strong></span> <span class='ocrx_word' id='word_1_147' title='bbox 2678 858 2802 897; x_wconf 89' lang='lat' dir='ltr'><strong>cum</strong></span> <span class='ocrx_word' id='word_1_148' title='bbox 2835 843 3092 913; x_wconf 84' lang='lat' dir='ltr'><strong>aequitate</strong></span> <span class='ocrx_word' id='word_1_149' title='bbox 3119 843 3358 900; x_wconf 82' lang='lat' dir='ltr'><strong>dicebat.</strong></span> 
     </span>
    </p>
   </div>
   <div class='ocr_carea' id='block_1_22' title="bbox 2114 931 3631 1005">
    <p class='ocr_par' dir='ltr' id='par_1_22' title="bbox 2114 931 3631 1005">
     <span class='ocr_line' id='line_1_22' title="bbox 2114 931 3631 1005; baseline 0.004 -18"><span class='ocrx_word' id='word_1_150' title='bbox 2114 931 2181 987; x_wconf 87' lang='grc' dir='ltr'><em>ΙΙ</em></span> <span class='ocrx_word' id='word_1_151' title='bbox 2213 932 2344 1004; x_wconf 79' lang='lat' dir='ltr'><strong>Reg.</strong></span> <span class='ocrx_word' id='word_1_152' title='bbox 2386 950 2498 988; x_wconf 77' lang='lat' dir='ltr'><strong>xw.</strong></span> <span class='ocrx_word' id='word_1_153' title='bbox 2543 933 2736 997; x_wconf 86' lang='lat' dir='ltr'><strong>Sinite,</strong></span> <span class='ocrx_word' id='word_1_154' title='bbox 2788 935 2964 1005; x_wconf 85' lang='lat' dir='ltr'><strong>inquit</strong></span> <span class='ocrx_word' id='word_1_155' title='bbox 3008 935 3171 990; x_wconf 87' lang='lat' dir='ltr'><strong>David</strong></span> <span class='ocrx_word' id='word_1_156' title='bbox 3200 976 3215 998; x_wconf 86' lang='lat'><strong>.</strong></span> <span class='ocrx_word' id='word_1_157' title='bbox 3255 936 3407 992; x_wconf 88' lang='lat' dir='ltr'><strong>illum</strong></span> <span class='ocrx_word' id='word_1_158' title='bbox 3459 939 3631 993; x_wconf 85' lang='lat' dir='ltr'><strong>male-</strong></span> 
     </span>
    </p>
   </div>
   <div class='ocr_carea' id='block_1_23' title="bbox 2036 1024 3630 1098">
    <p class='ocr_par' dir='ltr' id='par_1_23' title="bbox 2036 1024 3630 1098">
     <span class='ocr_line' id='line_1_23' title="bbox 2036 1024 3630 1098; baseline 0.004 -19"><span class='ocrx_word' id='word_1_159' title='bbox 2036 1025 2180 1081; x_wconf 87' lang='lat' dir='ltr'><strong>dicta</strong></span> <span class='ocrx_word' id='word_1_160' title='bbox 2207 1024 2412 1093; x_wconf 86' lang='lat' dir='ltr'><strong>jacere,</strong></span> <span class='ocrx_word' id='word_1_161' title='bbox 2445 1025 2570 1096; x_wconf 85' lang='lat' dir='ltr'><strong>quia</strong></span> <span class='ocrx_word' id='word_1_162' title='bbox 2623 1025 2765 1081; x_wconf 88' lang='lat' dir='ltr'><strong>Deus</strong></span> <span class='ocrx_word' id='word_1_163' title='bbox 2824 1028 2926 1097; x_wconf 87' lang='lat' dir='ltr'><strong>ipsi</strong></span> <span class='ocrx_word' id='word_1_164' title='bbox 2972 1026 3154 1095; x_wconf 77' lang='lat' dir='ltr'><strong>jussit.</strong></span> <span class='ocrx_word' id='word_1_165' title='bbox 3192 1025 3249 1083; x_wconf 91' lang='lat' dir='ltr'><strong>Si</strong></span> <span class='ocrx_word' id='word_1_166' title='bbox 3283 1044 3388 1098; x_wconf 85' lang='lat' dir='ltr'><strong>qua</strong></span> <span class='ocrx_word' id='word_1_167' title='bbox 3420 1029 3630 1085; x_wconf 83' lang='lat' dir='ltr'><strong>ratione</strong></span> 
     </span>
    </p>
   </div>
   <div class='ocr_carea' id='block_1_24' title="bbox 2038 1117 3628 1188">
    <p class='ocr_par' dir='ltr' id='par_1_24' title="bbox 2038 1117 3628 1188">
     <span class='ocr_line' id='line_1_24' title="bbox 2038 1117 3628 1188; baseline 0.002 -16"><span class='ocrx_word' id='word_1_168' title='bbox 2038 1118 2297 1188; x_wconf 84' lang='lat' dir='ltr'><strong>respiciet</strong></span> <span class='ocrx_word' id='word_1_169' title='bbox 2330 1117 2595 1172; x_wconf 85' lang='lat' dir='ltr'><strong>Dominus</strong></span> <span class='ocrx_word' id='word_1_170' title='bbox 2633 1118 2685 1172; x_wconf 93' lang='lat' dir='ltr'><strong>iu</strong></span> <span class='ocrx_word' id='word_1_171' title='bbox 2719 1119 2859 1173; x_wconf 89' lang='lat' dir='ltr'><strong>hanc</strong></span> <span class='ocrx_word' id='word_1_172' title='bbox 2897 1135 3069 1173; x_wconf 80' lang='lat' dir='ltr'><strong>meam</strong></span> <span class='ocrx_word' id='word_1_173' title='bbox 3117 1120 3500 1188; x_wconf 83' lang='lat' dir='ltr'><strong>ahjectionem,</strong></span> <span class='ocrx_word' id='word_1_174' title='bbox 3556 1120 3628 1175; x_wconf 89' lang='lat' dir='ltr'><strong>ad</strong></span> 
     </span>
    </p>
   </div>
   <div class='ocr_carea' id='block_1_25' title="bbox 2039 1210 3630 1283">
    <p class='ocr_par' dir='ltr' id='par_1_25' title="bbox 2039 1210 3630 1283">
     <span class='ocr_line' id='line_1_25' title="bbox 2039 1210 3630 1283; baseline 0.003 -18"><span class='ocrx_word' id='word_1_175' title='bbox 2039 1225 2127 1265; x_wconf 87' lang='lat' dir='ltr'><strong>me</strong></span> <span class='ocrx_word' id='word_1_176' title='bbox 2168 1218 2509 1266; x_wconf 81' lang='lat' dir='ltr'><strong>revertentur</strong></span> <span class='ocrx_word' id='word_1_177' title='bbox 2540 1212 2679 1266; x_wconf 89' lang='lat' dir='ltr'><strong>bona</strong></span> <span class='ocrx_word' id='word_1_178' title='bbox 2710 1226 2807 1281; x_wconf 92' lang='lat' dir='ltr'><strong>pro</strong></span> <span class='ocrx_word' id='word_1_179' title='bbox 2848 1210 3136 1266; x_wconf 84' lang='lat' dir='ltr'><strong>maledicto</strong></span> <span class='ocrx_word' id='word_1_180' title='bbox 3167 1213 3325 1268; x_wconf 86' lang='lat' dir='ltr'><strong>istius</strong></span> <span class='ocrx_word' id='word_1_181' title='bbox 3360 1214 3462 1268; x_wconf 86' lang='lat' dir='ltr'><strong>hoc</strong></span> <span class='ocrx_word' id='word_1_182' title='bbox 3511 1214 3630 1283; x_wconf 86' lang='lat' dir='ltr'><strong>ipso</strong></span> 
     </span>
    </p>
   </div>
   <div class='ocr_carea' id='block_1_26' title="bbox 2042 1302 2155 1357">
    <p class='ocr_par' dir='ltr' id='par_1_26' title="bbox 2042 1302 2155 1357">
     <span class='ocr_line' id='line_1_26' title="bbox 2042 1302 2155 1357; baseline -0.035 -1"><span class='ocrx_word' id='word_1_183' title='bbox 2042 1302 2155 1357; x_wconf 89' lang='lat' dir='ltr'><strong>die.</strong></span> 
     </span>
    </p>
   </div>
   <div class='ocr_carea' id='block_1_27' title="bbox 2113 1391 3626 1464">
    <p class='ocr_par' dir='ltr' id='par_1_27' title="bbox 2113 1391 3626 1464">
     <span class='ocr_line' id='line_1_27' title="bbox 2113 1391 3626 1464; baseline 0.004 -19"><span class='ocrx_word' id='word_1_184' title='bbox 2113 1391 2180 1446; x_wconf 87' lang='lat' dir='ltr'><strong>II</strong></span> <span class='ocrx_word' id='word_1_185' title='bbox 2216 1392 2407 1448; x_wconf 79' lang='lat' dir='ltr'><strong>Paral.</strong></span> <span class='ocrx_word' id='word_1_186' title='bbox 2456 1410 2533 1448; x_wconf 86' lang='lat' dir='ltr'><strong>tx.</strong></span> <span class='ocrx_word' id='word_1_187' title='bbox 2564 1395 2774 1449; x_wconf 87' lang='lat' dir='ltr'><strong>Auctus</strong></span> <span class='ocrx_word' id='word_1_188' title='bbox 2808 1402 2891 1447; x_wconf 90' lang='lat' dir='ltr'><strong>est</strong></span> <span class='ocrx_word' id='word_1_189' title='bbox 2931 1392 3191 1448; x_wconf 85' lang='lat' dir='ltr'><strong>Solomon</strong></span> <span class='ocrx_word' id='word_1_190' title='bbox 3227 1410 3393 1464; x_wconf 83' lang='lat' dir='ltr'><strong>supra</strong></span> <span class='ocrx_word' id='word_1_191' title='bbox 3434 1410 3626 1451; x_wconf 84' lang='lat' dir='ltr'><strong>omnes</strong></span> 
     </span>
    </p>
   </div>
   <div class='ocr_carea' id='block_1_28' title="bbox 2041 1487 3627 1557">
    <p class='ocr_par' dir='ltr' id='par_1_28' title="bbox 2041 1487 3627 1557">
     <span class='ocr_line' id='line_1_28' title="bbox 2041 1487 3627 1557; baseline -0.002 -17"><span class='ocrx_word' id='word_1_192' title='bbox 2041 1492 2202 1542; x_wconf 72' lang='lat' dir='ltr'><strong>terra:</strong></span> <span class='ocrx_word' id='word_1_193' title='bbox 2228 1501 2404 1557; x_wconf 82' lang='lat' dir='ltr'><strong>reges,</strong></span> <span class='ocrx_word' id='word_1_194' title='bbox 2443 1487 2717 1557; x_wconf 87' lang='lat' dir='ltr'><strong>opulentia</strong></span> <span class='ocrx_word' id='word_1_195' title='bbox 2760 1495 2815 1542; x_wconf 90' lang='lat' dir='ltr'><strong>et</strong></span> <span class='ocrx_word' id='word_1_196' title='bbox 2852 1487 3144 1553; x_wconf 85' lang='lat' dir='ltr'><strong>sapientia,</strong></span> <span class='ocrx_word' id='word_1_197' title='bbox 3201 1503 3266 1541; x_wconf 79' lang='lat' dir='ltr'><strong>ac</strong></span> <span class='ocrx_word' id='word_1_198' title='bbox 3311 1502 3503 1543; x_wconf 76' lang='lat' dir='ltr'><strong>omnes</strong></span> <span class='ocrx_word' id='word_1_199' title='bbox 3539 1503 3627 1541; x_wconf 55' lang='lat' dir='ltr'><strong>re.</strong></span> 
     </span>
    </p>
   </div>
   <div class='ocr_carea' id='block_1_29' title="bbox 2040 1579 3632 1651">
    <p class='ocr_par' dir='ltr' id='par_1_29' title="bbox 2040 1579 3632 1651">
     <span class='ocr_line' id='line_1_29' title="bbox 2040 1579 3632 1651; baseline 0.003 -18"><span class='ocrx_word' id='word_1_200' title='bbox 2040 1595 2134 1647; x_wconf 72' lang='lat' dir='ltr'><strong>ges</strong></span> <span class='ocrx_word' id='word_1_201' title='bbox 2181 1581 2537 1651; x_wconf 85' lang='lat' dir='ltr'><strong>requirebant</strong></span> <span class='ocrx_word' id='word_1_202' title='bbox 2565 1595 2626 1636; x_wconf 88' lang='lat' dir='ltr'><strong>os</strong></span> <span class='ocrx_word' id='word_1_203' title='bbox 2669 1580 2837 1645; x_wconf 89' lang='lat' dir='ltr'><strong>illius,</strong></span> <span class='ocrx_word' id='word_1_204' title='bbox 2870 1587 2930 1635; x_wconf 93' lang='lat' dir='ltr'><strong>ut</strong></span> <span class='ocrx_word' id='word_1_205' title='bbox 2962 1596 3126 1650; x_wconf 84' lang='lat' dir='ltr'><strong>quam</strong></span> <span class='ocrx_word' id='word_1_206' title='bbox 3155 1581 3202 1633; x_wconf 84' lang='lat' dir='ltr'><strong>ei</strong></span> <span class='ocrx_word' id='word_1_207' title='bbox 3230 1579 3372 1635; x_wconf 89' lang='lat' dir='ltr'><strong>Deus</strong></span> <span class='ocrx_word' id='word_1_208' title='bbox 3404 1581 3632 1651; x_wconf 82' lang='lat' dir='ltr'><strong>largitus</strong></span> 
     </span>
    </p>
   </div>
   <div class='ocr_carea' id='block_1_30' title="bbox 2038 1672 3631 1743">
    <p class='ocr_par' dir='ltr' id='par_1_30' title="bbox 2038 1672 3631 1743">
     <span class='ocr_line' id='line_1_30' title="bbox 2038 1672 3631 1743; baseline 0 -16"><span class='ocrx_word' id='word_1_209' title='bbox 2038 1680 2186 1727; x_wconf 84' lang='lat' dir='ltr'><strong>esset</strong></span> <span class='ocrx_word' id='word_1_210' title='bbox 2227 1672 2547 1743; x_wconf 84' lang='lat' dir='ltr'><strong>sapientiam</strong></span> <span class='ocrx_word' id='word_1_211' title='bbox 2579 1672 2849 1739; x_wconf 85' lang='lat' dir='ltr'><strong>audirent,</strong></span> <span class='ocrx_word' id='word_1_212' title='bbox 2881 1686 3091 1743; x_wconf 86' lang='lat' dir='ltr'><strong>suaque</strong></span> <span class='ocrx_word' id='word_1_213' title='bbox 3128 1672 3205 1727; x_wconf 87' lang='lat' dir='ltr'><strong>illi</strong></span> <span class='ocrx_word' id='word_1_214' title='bbox 3240 1672 3477 1742; x_wconf 89' lang='lat' dir='ltr'><strong>quisque</strong></span> <span class='ocrx_word' id='word_1_215' title='bbox 3510 1689 3631 1727; x_wconf 77' lang='lat' dir='ltr'><strong>tuu-</strong></span> 
     </span>
    </p>
   </div>
   <div class='ocr_carea' id='block_1_31' title="bbox 351 1735 1973 1836">
    <p class='ocr_par' dir='ltr' id='par_1_31' title="bbox 351 1735 1973 1836">
     <span class='ocr_line' id='line_1_31' title="bbox 351 1735 1973 1836; baseline 0.023 -52"><span class='ocrx_word' id='word_1_216' title='bbox 351 1735 581 1836; x_wconf 65' lang='grc' dir='ltr'>καρδίαν</span> <span class='ocrx_word' id='word_1_217' title='bbox 615 1740 804 1809; x_wconf 76' lang='grc' dir='ltr'>αὐτοῦ,</span> <span class='ocrx_word' id='word_1_218' title='bbox 852 1745 947 1800; x_wconf 74' lang='grc' dir='ltr'><strong>καὶ</strong></span> <span class='ocrx_word' id='word_1_219' title='bbox 981 1748 1135 1803; x_wconf 76' lang='grc' dir='ltr'>αὐτοὶ</span> <span class='ocrx_word' id='word_1_220' title='bbox 1183 1751 1383 1826; x_wconf 75' lang='grc' dir='ltr'>ἔφερον</span> <span class='ocrx_word' id='word_1_221' title='bbox 1422 1757 1653 1825; x_wconf 80' lang='grc' dir='ltr'>ἕκαστος</span> <span class='ocrx_word' id='word_1_222' title='bbox 1683 1762 1752 1816; x_wconf 78' lang='grc' dir='ltr'><strong>τὰ</strong></span> <span class='ocrx_word' id='word_1_223' title='bbox 1783 1735 1933 1836; x_wconf 64' lang='grc' dir='ltr'>δῶρά</span> <span class='ocrx_word' id='word_1_224' title='bbox 1965 1815 1973 1836; x_wconf 60' lang='grc' dir='ltr'><strong>ι</strong></span> 
     </span>
    </p>
   </div>
   <div class='ocr_carea' id='block_1_32' title="bbox 2058 1735 2494 1836">
    <p class='ocr_par' dir='ltr' id='par_1_32' title="bbox 2058 1764 2494 1821">
     <span class='ocr_line' id='line_1_32' title="bbox 2058 1764 2494 1821; baseline -0.007 0"><span class='ocrx_word' id='word_1_225' title='bbox 2058 1780 2173 1821; x_wconf 68' lang='lat' dir='ltr'><strong>tera</strong></span> <span class='ocrx_word' id='word_1_226' title='bbox 2209 1764 2494 1820; x_wconf 82' lang='lat' dir='ltr'><strong>oﬂ&#39;erebat.</strong></span> 
     </span>
    </p>
   </div>
   <div class='ocr_carea' id='block_1_33' title="bbox 348 1841 547 1880">
    <p class='ocr_par' dir='ltr' id='par_1_33' title="bbox 348 1841 547 1880">
     <span class='ocr_line' id='line_1_33' title="bbox 348 1841 547 1880; baseline 0.025 -5"><span class='ocrx_word' id='word_1_227' title='bbox 348 1841 547 1880; x_wconf 74' lang='grc' dir='ltr'>αυτων.</span> 
     </span>
    </p>
   </div>
   <div class='ocr_carea' id='block_1_34' title="bbox 432 1919 1933 2016">
    <p class='ocr_par' dir='ltr' id='par_1_34' title="bbox 432 1919 1933 2016">
     <span class='ocr_line' id='line_1_34' title="bbox 432 1919 1933 2016; baseline 0.021 -44"><span class='ocrx_word' id='word_1_228' title='bbox 432 1919 683 1998; x_wconf 25' lang='grc' dir='ltr'>Ἐνιταῖς</span> <span class='ocrx_word' id='word_1_229' title='bbox 736 1927 975 2000; x_wconf 77' lang='grc' dir='ltr'><strong>ἡμέραις</strong></span> <span class='ocrx_word' id='word_1_230' title='bbox 1031 1932 1166 1987; x_wconf 75' lang='grc' dir='ltr'>’Λσᾶ</span> <span class='ocrx_word' id='word_1_231' title='bbox 1222 1937 1497 2008; x_wconf 78' lang='grc' dir='ltr'>ἠσῦχασεν</span> <span class='ocrx_word' id='word_1_232' title='bbox 1547 1945 1578 2014; x_wconf 82' lang='grc' dir='ltr'>ἡ</span> <span class='ocrx_word' id='word_1_233' title='bbox 1627 1944 1698 2016; x_wconf 82' lang='grc' dir='ltr'><strong>γῆ</strong></span> <span class='ocrx_word' id='word_1_234' title='bbox 1761 1947 1933 2002; x_wconf 80' lang='grc' dir='ltr'>Ἰούδα</span> 
     </span>
    </p>
   </div>
   <div class='ocr_carea' id='block_1_35' title="bbox 348 2012 1933 2101">
    <p class='ocr_par' dir='ltr' id='par_1_35' title="bbox 348 2012 1933 2101">
     <span class='ocr_line' id='line_1_35' title="bbox 348 2012 1933 2101; baseline 0.02 -35"><span class='ocrx_word' id='word_1_235' title='bbox 348 2012 484 2068; x_wconf 75' lang='grc' dir='ltr'>δέκα</span> <span class='ocrx_word' id='word_1_236' title='bbox 518 2017 636 2088; x_wconf 78' lang='grc' dir='ltr'>ἔτη,</span> <span class='ocrx_word' id='word_1_237' title='bbox 674 2021 771 2076; x_wconf 79' lang='grc' dir='ltr'><strong>καὶ</strong></span> <span class='ocrx_word' id='word_1_238' title='bbox 802 2024 1060 2096; x_wconf 79' lang='grc' dir='ltr'>ἐποίησεν</span> <span class='ocrx_word' id='word_1_239' title='bbox 1090 2030 1223 2083; x_wconf 82' lang='grc' dir='ltr'><strong>Ἀσᾶ</strong></span> <span class='ocrx_word' id='word_1_240' title='bbox 1254 2032 1312 2084; x_wconf 76' lang='grc' dir='ltr'>τὸ</span> <span class='ocrx_word' id='word_1_241' title='bbox 1340 2012 1575 2101; x_wconf 19' lang='grc' dir='ltr'>ἀγαθδνν</span> <span class='ocrx_word' id='word_1_242' title='bbox 1598 2012 1698 2092; x_wconf 26' lang='grc' dir='ltr'><strong>καὶ*</strong></span> <span class='ocrx_word' id='word_1_243' title='bbox 1721 2040 1781 2093; x_wconf 79' lang='grc' dir='ltr'>τὸ</span> <span class='ocrx_word' id='word_1_244' title='bbox 1804 2043 1933 2098; x_wconf 85' lang='grc' dir='ltr'>εὐθὺ</span> 
     </span>
    </p>
   </div>
   <div class='ocr_carea' id='block_1_36' title="bbox 352 2105 1935 2202">
    <p class='ocr_par' dir='ltr' id='par_1_36' title="bbox 352 2105 1935 2202">
     <span class='ocr_line' id='line_1_36' title="bbox 352 2105 1935 2202; baseline 0.019 -43"><span class='ocrx_word' id='word_1_245' title='bbox 352 2105 586 2161; x_wconf 77' lang='grc' dir='ltr'>ἐνώπιον</span> <span class='ocrx_word' id='word_1_246' title='bbox 638 2112 850 2184; x_wconf 81' lang='grc' dir='ltr'><strong>Κυρίου</strong></span> <span class='ocrx_word' id='word_1_247' title='bbox 885 2118 981 2169; x_wconf 82' lang='grc' dir='ltr'><strong>τοῦ</strong></span> <span class='ocrx_word' id='word_1_248' title='bbox 1025 2118 1162 2172; x_wconf 82' lang='grc' dir='ltr'><strong>Θεοῦ</strong></span> <span class='ocrx_word' id='word_1_249' title='bbox 1189 2123 1374 2191; x_wconf 80' lang='grc' dir='ltr'>αὐτοῦ,</span> <span class='ocrx_word' id='word_1_250' title='bbox 1428 2130 1524 2182; x_wconf 80' lang='grc' dir='ltr'>καὶ</span> <span class='ocrx_word' id='word_1_251' title='bbox 1554 2131 1835 2202; x_wconf 63' lang='grc' dir='ltr'>ἀπέστησε</span> <span class='ocrx_word' id='word_1_252' title='bbox 1865 2136 1935 2191; x_wconf 75' lang='grc' dir='ltr'><strong>τὰ</strong></span> 
     </span>
    </p>
   </div>
   <div class='ocr_carea' id='block_1_37' title="bbox 352 2199 1936 2291">
    <p class='ocr_par' dir='ltr' id='par_1_37' title="bbox 352 2199 1936 2291">
     <span class='ocr_line' id='line_1_37' title="bbox 352 2199 1936 2291; baseline 0.018 -38"><span class='ocrx_word' id='word_1_253' title='bbox 352 2199 718 2276; x_wconf 75' lang='grc' dir='ltr'>Θυσιαστήρια</span> <span class='ocrx_word' id='word_1_254' title='bbox 768 2208 837 2262; x_wconf 81' lang='grc' dir='ltr'>τὰ</span> <span class='ocrx_word' id='word_1_255' title='bbox 865 2208 1123 2282; x_wconf 82' lang='grc' dir='ltr'>ἀλλότρια</span> <span class='ocrx_word' id='word_1_256' title='bbox 1170 2217 1365 2270; x_wconf 76' lang='grc' dir='ltr'>καὶτὰ</span> <span class='ocrx_word' id='word_1_257' title='bbox 1413 2219 1616 2291; x_wconf 62' lang='grc' dir='ltr'>ὑψηλὰ,</span> <span class='ocrx_word' id='word_1_258' title='bbox 1650 2199 1936 2281; x_wconf 32' lang='grc' dir='ltr'>καὶ-συνέ-</span> 
     </span>
    </p>
   </div>
   <div class='ocr_carea' id='block_1_38' title="bbox 350 2294 1936 2390">
    <p class='ocr_par' dir='ltr' id='par_1_38' title="bbox 350 2294 1936 2390">
     <span class='ocr_line' id='line_1_38' title="bbox 350 2294 1936 2390; baseline 0.019 -44"><span class='ocrx_word' id='word_1_259' title='bbox 350 2294 513 2365; x_wconf 80' lang='grc' dir='ltr'>τριψε</span> <span class='ocrx_word' id='word_1_260' title='bbox 547 2298 645 2390; x_wconf 70' lang='grc' dir='ltr'>τὰς</span> <span class='ocrx_word' id='word_1_261' title='bbox 677 2299 900 2370; x_wconf 80' lang='grc' dir='ltr'>στήλας,</span> <span class='ocrx_word' id='word_1_262' title='bbox 938 2306 1030 2357; x_wconf 73' lang='grc' dir='ltr'><strong>καὶ</strong></span> <span class='ocrx_word' id='word_1_263' title='bbox 1065 2307 1289 2378; x_wconf 78' lang='grc' dir='ltr'><strong>ἐξέκοψε</strong></span> <span class='ocrx_word' id='word_1_264' title='bbox 1315 2311 1382 2364; x_wconf 84' lang='grc' dir='ltr'>τὰ</span> <span class='ocrx_word' id='word_1_265' title='bbox 1412 2312 1573 2383; x_wconf 78' lang='grc' dir='ltr'>ἄλση,</span> <span class='ocrx_word' id='word_1_266' title='bbox 1605 2317 1696 2370; x_wconf 76' lang='grc' dir='ltr'><strong>καὶ</strong></span> <span class='ocrx_word' id='word_1_267' title='bbox 1727 2318 1936 2390; x_wconf 78' lang='grc' dir='ltr'><strong>ήσύχαο</strong></span> 
     </span>
    </p>
   </div>
   <div class='ocr_carea' id='block_1_39' title="bbox 356 2389 1936 2482">
    <p class='ocr_par' dir='ltr' id='par_1_39' title="bbox 356 2389 1936 2482">
     <span class='ocr_line' id='line_1_39' title="bbox 356 2389 1936 2482; baseline 0.019 -44"><span class='ocrx_word' id='word_1_268' title='bbox 356 2404 445 2446; x_wconf 77' lang='grc' dir='ltr'><strong>σεν</strong></span> <span class='ocrx_word' id='word_1_269' title='bbox 474 2390 507 2460; x_wconf 73' lang='grc' dir='ltr'><strong>ἡ</strong></span> <span class='ocrx_word' id='word_1_270' title='bbox 541 2389 790 2459; x_wconf 81' lang='grc' dir='ltr'>βασιλεία</span> <span class='ocrx_word' id='word_1_271' title='bbox 816 2392 1049 2450; x_wconf 71' lang='grc' dir='ltr'>ἐνώπιον</span> <span class='ocrx_word' id='word_1_272' title='bbox 1075 2399 1266 2466; x_wconf 80' lang='grc' dir='ltr'>αὑτοῦ,</span> <span class='ocrx_word' id='word_1_273' title='bbox 1304 2401 1399 2457; x_wconf 78' lang='grc' dir='ltr'><strong>καὶ</strong></span> <span class='ocrx_word' id='word_1_274' title='bbox 1425 2406 1525 2460; x_wconf 78' lang='grc' dir='ltr'><strong>οὐκ</strong></span> <span class='ocrx_word' id='word_1_275' title='bbox 1555 2403 1624 2478; x_wconf 80' lang='grc' dir='ltr'>ἦν</span> <span class='ocrx_word' id='word_1_276' title='bbox 1654 2410 1804 2482; x_wconf 85' lang='grc' dir='ltr'><strong>αὐτῷ</strong></span> <span class='ocrx_word' id='word_1_277' title='bbox 1837 2389 1936 2467; x_wconf 81' lang='grc' dir='ltr'>πό-</span> 
     </span>
    </p>
   </div>
   <div class='ocr_carea' id='block_1_40' title="bbox 352 2476 1194 2554">
    <p class='ocr_par' dir='ltr' id='par_1_40' title="bbox 352 2476 1194 2554">
     <span class='ocr_line' id='line_1_40' title="bbox 352 2476 1194 2554; baseline 0.02 -25"><span class='ocrx_word' id='word_1_278' title='bbox 352 2476 518 2547; x_wconf 82' lang='grc' dir='ltr'>λεμος</span> <span class='ocrx_word' id='word_1_279' title='bbox 539 2482 597 2534; x_wconf 78' lang='grc' dir='ltr'>ἐν</span> <span class='ocrx_word' id='word_1_280' title='bbox 628 2485 741 2546; x_wconf 82' lang='grc' dir='ltr'>τοῖς</span> <span class='ocrx_word' id='word_1_281' title='bbox 779 2482 923 2539; x_wconf 74' lang='grc' dir='ltr'>ἔτεσι</span> <span class='ocrx_word' id='word_1_282' title='bbox 960 2490 1194 2554; x_wconf 77' lang='grc' dir='ltr'>τούτοις.</span> 
     </span>
    </p>
   </div>
   <div class='ocr_carea' id='block_1_41' title="bbox 437 2570 1935 2658">
    <p class='ocr_par' dir='ltr' id='par_1_41' title="bbox 437 2570 1935 2658">
     <span class='ocr_line' id='line_1_41' title="bbox 437 2570 1935 2658; baseline 0.02 -35"><span class='ocrx_word' id='word_1_283' title='bbox 437 2570 687 2639; x_wconf 79' lang='grc' dir='ltr'><strong>Ἐγένετο</strong></span> <span class='ocrx_word' id='word_1_284' title='bbox 729 2576 935 2648; x_wconf 72' lang='grc' dir='ltr'>Κύριος</span> <span class='ocrx_word' id='word_1_285' title='bbox 976 2584 1115 2650; x_wconf 77' lang='grc' dir='ltr'>μετὰ</span> <span class='ocrx_word' id='word_1_286' title='bbox 1161 2586 1452 2658; x_wconf 77' lang='grc' dir='ltr'>Ἰωσαφὰτ,</span> <span class='ocrx_word' id='word_1_287' title='bbox 1495 2594 1593 2647; x_wconf 76' lang='grc' dir='ltr'><strong>καὶ</strong></span> <span class='ocrx_word' id='word_1_288' title='bbox 1634 2597 1935 2654; x_wconf 81' lang='grc' dir='ltr'>κατεύθυνε</span> 
     </span>
    </p>
   </div>
   <div class='ocr_carea' id='block_1_42' title="bbox 356 2660 1936 2756">
    <p class='ocr_par' dir='ltr' id='par_1_42' title="bbox 356 2660 1936 2756">
     <span class='ocr_line' id='line_1_42' title="bbox 356 2660 1936 2756; baseline 0.022 -44"><span class='ocrx_word' id='word_1_289' title='bbox 356 2660 557 2734; x_wconf 81' lang='grc' dir='ltr'>Κύριος</span> <span class='ocrx_word' id='word_1_290' title='bbox 589 2665 691 2737; x_wconf 78' lang='grc' dir='ltr'>τὴν</span> <span class='ocrx_word' id='word_1_291' title='bbox 721 2668 1005 2735; x_wconf 78' lang='grc' dir='ltr'>βασιλείαν</span> <span class='ocrx_word' id='word_1_292' title='bbox 1039 2676 1097 2728; x_wconf 84' lang='grc' dir='ltr'>ἐν</span> <span class='ocrx_word' id='word_1_293' title='bbox 1122 2678 1271 2749; x_wconf 78' lang='grc' dir='ltr'>χειρὶ</span> <span class='ocrx_word' id='word_1_294' title='bbox 1300 2680 1489 2750; x_wconf 82' lang='grc' dir='ltr'>αὐτοῦ,</span> <span class='ocrx_word' id='word_1_295' title='bbox 1520 2687 1615 2741; x_wconf 75' lang='grc' dir='ltr'><strong>καὶ</strong></span> <span class='ocrx_word' id='word_1_296' title='bbox 1642 2682 1712 2756; x_wconf 86' lang='grc' dir='ltr'>ἦν</span> <span class='ocrx_word' id='word_1_297' title='bbox 1748 2690 1936 2744; x_wconf 78' lang='grc' dir='ltr'>Ἰωσα-</span> 
     </span>
    </p>
   </div>
   <div class='ocr_carea' id='block_1_43' title="bbox 353 2755 1933 2853">
    <p class='ocr_par' dir='ltr' id='par_1_43' title="bbox 353 2755 1933 2853">
     <span class='ocr_line' id='line_1_43' title="bbox 353 2755 1933 2853; baseline 0.021 -46"><span class='ocrx_word' id='word_1_298' title='bbox 353 2755 462 2825; x_wconf 77' lang='grc' dir='ltr'>φὰτ</span> <span class='ocrx_word' id='word_1_299' title='bbox 495 2762 864 2829; x_wconf 78' lang='grc' dir='ltr'>πορευόμενος</span> <span class='ocrx_word' id='word_1_300' title='bbox 920 2767 1014 2819; x_wconf 78' lang='grc' dir='ltr'>καὶ</span> <span class='ocrx_word' id='word_1_301' title='bbox 1049 2771 1489 2845; x_wconf 81' lang='grc' dir='ltr'><strong>μεγαλυνόμενος</strong></span> <span class='ocrx_word' id='word_1_302' title='bbox 1514 2778 1621 2843; x_wconf 76' lang='grc' dir='ltr'>ἕως</span> <span class='ocrx_word' id='word_1_303' title='bbox 1667 2755 1748 2846; x_wconf 74' lang='grc' dir='ltr'><strong>είς</strong></span> <span class='ocrx_word' id='word_1_304' title='bbox 1775 2781 1933 2853; x_wconf 78' lang='grc' dir='ltr'>ὕψος.</span> 
     </span>
    </p>
   </div>
   <div class='ocr_carea' id='block_1_44' title="bbox 423 2941 1936 3030">
    <p class='ocr_par' dir='ltr' id='par_1_44' title="bbox 423 2941 1936 3030">
     <span class='ocr_line' id='line_1_44' title="bbox 423 2941 1936 3030; baseline 0.013 -35"><span class='ocrx_word' id='word_1_305' title='bbox 423 2941 624 3013; x_wconf 76' lang='grc' dir='ltr'>Κύριε,</span> <span class='ocrx_word' id='word_1_306' title='bbox 667 2943 727 2998; x_wconf 75' lang='grc' dir='ltr'>ἒν</span> <span class='ocrx_word' id='word_1_307' title='bbox 763 2948 829 3016; x_wconf 76' lang='grc' dir='ltr'><strong>τῇ</strong></span> <span class='ocrx_word' id='word_1_308' title='bbox 877 2948 1109 3020; x_wconf 75' lang='grc' dir='ltr'>δυνάμει</span> <span class='ocrx_word' id='word_1_309' title='bbox 1142 2969 1238 3006; x_wconf 85' lang='grc' dir='ltr'><strong>σου</strong></span> <span class='ocrx_word' id='word_1_310' title='bbox 1289 2952 1732 3027; x_wconf 79' lang='grc' dir='ltr'>εὐφρανθήσεται</span> <span class='ocrx_word' id='word_1_311' title='bbox 1776 2962 1805 3014; x_wconf 85' lang='grc' dir='ltr'><strong>ὁ</strong></span> <span class='ocrx_word' id='word_1_312' title='bbox 1838 2961 1936 3030; x_wconf 80' lang='grc' dir='ltr'>βαο</span> 
     </span>
    </p>
   </div>
   <div class='ocr_carea' id='block_1_45' title="bbox 349 3036 1932 3119">
    <p class='ocr_par' dir='ltr' id='par_1_45' title="bbox 349 3036 1932 3119">
     <span class='ocr_line' id='line_1_45' title="bbox 349 3036 1932 3119; baseline 0.012 -30"><span class='ocrx_word' id='word_1_313' title='bbox 349 3036 575 3102; x_wconf 73' lang='grc' dir='ltr'>σιλεὺς,</span> <span class='ocrx_word' id='word_1_314' title='bbox 629 3039 725 3093; x_wconf 79' lang='grc' dir='ltr'><strong>καὶ</strong></span> <span class='ocrx_word' id='word_1_315' title='bbox 782 3041 875 3095; x_wconf 77' lang='grc' dir='ltr'><strong>ἐπὶ</strong></span> <span class='ocrx_word' id='word_1_316' title='bbox 928 3043 1009 3114; x_wconf 78' lang='grc' dir='ltr'>τῷ</span> <span class='ocrx_word' id='word_1_317' title='bbox 1064 3047 1322 3119; x_wconf 80' lang='grc' dir='ltr'><strong>σωτηρίῳ</strong></span> <span class='ocrx_word' id='word_1_318' title='bbox 1382 3066 1477 3103; x_wconf 86' lang='grc' dir='ltr'><strong>σου</strong></span> <span class='ocrx_word' id='word_1_319' title='bbox 1533 3052 1932 3119; x_wconf 76' lang='grc' dir='ltr'>ἀγαλλιάσεται</span> 
     </span>
    </p>
   </div>
   <div class='ocr_carea' id='block_1_46' title="bbox 344 3130 580 3200">
    <p class='ocr_par' dir='ltr' id='par_1_46' title="bbox 344 3130 580 3200">
     <span class='ocr_line' id='line_1_46' title="bbox 344 3130 580 3200; baseline -0.004 -14"><span class='ocrx_word' id='word_1_320' title='bbox 344 3130 580 3200; x_wconf 61' lang='grc' dir='ltr'>σφόδρα.</span> 
     </span>
    </p>
   </div>
   <div class='ocr_carea' id='block_1_47' title="bbox 435 3220 1934 3307">
    <p class='ocr_par' dir='ltr' id='par_1_47' title="bbox 435 3220 1934 3307">
     <span class='ocr_line' id='line_1_47' title="bbox 435 3220 1934 3307; baseline 0.01 -31"><span class='ocrx_word' id='word_1_321' title='bbox 435 3220 496 3276; x_wconf 80' lang='grc' dir='ltr'><strong>Ὀ</strong></span> <span class='ocrx_word' id='word_1_322' title='bbox 540 3222 697 3290; x_wconf 85' lang='grc' dir='ltr'>Θεὸς,</span> <span class='ocrx_word' id='word_1_323' title='bbox 736 3224 796 3279; x_wconf 79' lang='grc' dir='ltr'><strong>τὺ</strong></span> <span class='ocrx_word' id='word_1_324' title='bbox 827 3226 1003 3298; x_wconf 84' lang='grc' dir='ltr'>κρίμα</span> <span class='ocrx_word' id='word_1_325' title='bbox 1048 3247 1143 3285; x_wconf 90' lang='grc' dir='ltr'><strong>σου</strong></span> <span class='ocrx_word' id='word_1_326' title='bbox 1169 3232 1247 3300; x_wconf 82' lang='grc' dir='ltr'><strong>τῷ</strong></span> <span class='ocrx_word' id='word_1_327' title='bbox 1293 3232 1509 3303; x_wconf 77' lang='grc' dir='ltr'>βασιλεῖ</span> <span class='ocrx_word' id='word_1_328' title='bbox 1538 3236 1650 3300; x_wconf 69' lang='grc' dir='ltr'>δὸς,</span> <span class='ocrx_word' id='word_1_329' title='bbox 1703 3239 1797 3291; x_wconf 74' lang='grc' dir='ltr'><strong>καὶ</strong></span> <span class='ocrx_word' id='word_1_330' title='bbox 1832 3237 1934 3307; x_wconf 83' lang='grc' dir='ltr'>τὴν</span> 
     </span>
    </p>
   </div>
   <div class='ocr_carea' id='block_1_48' title="bbox 354 3313 1936 3400">
    <p class='ocr_par' dir='ltr' id='par_1_48' title="bbox 354 3313 1936 3400">
     <span class='ocr_line' id='line_1_48' title="bbox 354 3313 1936 3400; baseline 0.011 -33"><span class='ocrx_word' id='word_1_331' title='bbox 354 3313 701 3387; x_wconf 78' lang='grc' dir='ltr'>δικαιοσύνην</span> <span class='ocrx_word' id='word_1_332' title='bbox 735 3335 830 3372; x_wconf 92' lang='grc' dir='ltr'><strong>σου</strong></span> <span class='ocrx_word' id='word_1_333' title='bbox 860 3321 938 3391; x_wconf 81' lang='grc' dir='ltr'><strong>τῷ</strong></span> <span class='ocrx_word' id='word_1_334' title='bbox 987 3322 1088 3392; x_wconf 82' lang='grc' dir='ltr'>υίῷ</span> <span class='ocrx_word' id='word_1_335' title='bbox 1120 3325 1213 3379; x_wconf 82' lang='grc' dir='ltr'><strong>τοῦ</strong></span> <span class='ocrx_word' id='word_1_336' title='bbox 1265 3325 1551 3397; x_wconf 83' lang='grc' dir='ltr'>βασιλέως,</span> <span class='ocrx_word' id='word_1_337' title='bbox 1600 3331 1810 3400; x_wconf 84' lang='grc' dir='ltr'>κρίνειν</span> <span class='ocrx_word' id='word_1_338' title='bbox 1841 3331 1936 3385; x_wconf 82' lang='grc' dir='ltr'>τὸν</span> 
     </span>
    </p>
   </div>
   <div class='ocr_carea' id='block_1_49' title="bbox 354 3407 1937 3495">
    <p class='ocr_par' dir='ltr' id='par_1_49' title="bbox 354 3407 1937 3495">
     <span class='ocr_line' id='line_1_49' title="bbox 354 3407 1937 3495; baseline 0.013 -36"><span class='ocrx_word' id='word_1_339' title='bbox 354 3407 482 3461; x_wconf 88' lang='grc' dir='ltr'>λαόν</span> <span class='ocrx_word' id='word_1_340' title='bbox 511 3425 606 3464; x_wconf 81' lang='grc' dir='ltr'><strong>σου</strong></span> <span class='ocrx_word' id='word_1_341' title='bbox 658 3411 720 3465; x_wconf 78' lang='grc' dir='ltr'>ἐν</span> <span class='ocrx_word' id='word_1_342' title='bbox 768 3411 1111 3489; x_wconf 80' lang='grc' dir='ltr'>δικαιοσύνῃ,</span> <span class='ocrx_word' id='word_1_343' title='bbox 1154 3419 1408 3483; x_wconf 78' lang='grc' dir='ltr'>καὶτοὺς</span> <span class='ocrx_word' id='word_1_344' title='bbox 1459 3423 1712 3495; x_wconf 74' lang='grc' dir='ltr'>πτωχούς</span> <span class='ocrx_word' id='word_1_345' title='bbox 1744 3440 1839 3478; x_wconf 85' lang='grc' dir='ltr'><strong>σου</strong></span> <span class='ocrx_word' id='word_1_346' title='bbox 1877 3426 1937 3479; x_wconf 79' lang='grc' dir='ltr'>ἐν</span> 
     </span>
    </p>
   </div>
   <div class='ocr_carea' id='block_1_50' title="bbox 356 3502 555 3572">
    <p class='ocr_par' dir='ltr' id='par_1_50' title="bbox 356 3502 555 3572">
     <span class='ocr_line' id='line_1_50' title="bbox 356 3502 555 3572; baseline 0.01 -18"><span class='ocrx_word' id='word_1_347' title='bbox 356 3502 555 3572; x_wconf 82' lang='grc' dir='ltr'>κρίσει.</span> 
     </span>
    </p>
   </div>
   <div class='ocr_carea' id='block_1_51' title="bbox 424 3593 1938 3681">
    <p class='ocr_par' dir='ltr' id='par_1_51' title="bbox 424 3593 1938 3681">
     <span class='ocr_line' id='line_1_51' title="bbox 424 3593 1938 3681; baseline 0.012 -34"><span class='ocrx_word' id='word_1_348' title='bbox 424 3593 711 3665; x_wconf 73' lang='grc' dir='ltr'>Βδέλυγμα</span> <span class='ocrx_word' id='word_1_349' title='bbox 754 3597 968 3669; x_wconf 88' lang='grc' dir='ltr'>βασιλεί</span> <span class='ocrx_word' id='word_1_350' title='bbox 1015 3602 1043 3654; x_wconf 87' lang='grc' dir='ltr'><strong>ὁ</strong></span> <span class='ocrx_word' id='word_1_351' title='bbox 1090 3602 1265 3658; x_wconf 84' lang='grc' dir='ltr'>ποιῶν</span> <span class='ocrx_word' id='word_1_352' title='bbox 1311 3607 1480 3662; x_wconf 84' lang='grc' dir='ltr'>κακά.</span> <span class='ocrx_word' id='word_1_353' title='bbox 1512 3607 1671 3662; x_wconf 80' lang='grc' dir='ltr'>Μετὰ</span> <span class='ocrx_word' id='word_1_354' title='bbox 1717 3609 1825 3681; x_wconf 82' lang='grc' dir='ltr'>γὰρ</span> <span class='ocrx_word' id='word_1_355' title='bbox 1858 3610 1938 3665; x_wconf 90' lang='grc' dir='ltr'>δι-</span> 
     </span>
    </p>
   </div>
   <div class='ocr_carea' id='block_1_52' title="bbox 354 3685 1475 3768">
    <p class='ocr_par' dir='ltr' id='par_1_52' title="bbox 354 3685 1475 3768">
     <span class='ocr_line' id='line_1_52' title="bbox 354 3685 1475 3768; baseline 0.01 -25"><span class='ocrx_word' id='word_1_356' title='bbox 354 3685 652 3761; x_wconf 79' lang='grc' dir='ltr'>καιοσύνης</span> <span class='ocrx_word' id='word_1_357' title='bbox 683 3691 1037 3756; x_wconf 75' lang='grc' dir='ltr'>ἑτοιμάζεται</span> <span class='ocrx_word' id='word_1_358' title='bbox 1062 3693 1253 3764; x_wconf 83' lang='grc' dir='ltr'>θρόνος</span> <span class='ocrx_word' id='word_1_359' title='bbox 1280 3696 1475 3768; x_wconf 83' lang='grc' dir='ltr'>ἀρχῆς.</span> 
     </span>
    </p>
   </div>
   <div class='ocr_carea' id='block_1_53' title="bbox 423 3865 1938 3953">
    <p class='ocr_par' dir='ltr' id='par_1_53' title="bbox 423 3865 1938 3953">
     <span class='ocr_line' id='line_1_53' title="bbox 423 3865 1938 3953; baseline 0.012 -34"><span class='ocrx_word' id='word_1_360' title='bbox 423 3865 602 3921; x_wconf 79' lang='grc' dir='ltr'>Δεκτὰ</span> <span class='ocrx_word' id='word_1_361' title='bbox 659 3866 876 3939; x_wconf 78' lang='grc' dir='ltr'>βασιλεῖ</span> <span class='ocrx_word' id='word_1_362' title='bbox 923 3870 1079 3943; x_wconf 81' lang='grc' dir='ltr'>χείλη</span> <span class='ocrx_word' id='word_1_363' title='bbox 1133 3872 1338 3943; x_wconf 79' lang='grc' dir='ltr'>δίκαια,</span> <span class='ocrx_word' id='word_1_364' title='bbox 1394 3876 1589 3946; x_wconf 77' lang='grc' dir='ltr'>λόγους</span> <span class='ocrx_word' id='word_1_365' title='bbox 1632 3878 1690 3934; x_wconf 78' lang='grc' dir='ltr'>δὲ</span> <span class='ocrx_word' id='word_1_366' title='bbox 1740 3880 1938 3953; x_wconf 77' lang='grc' dir='ltr'>ὀρθοὺς</span> 
     </span>
    </p>
   </div>
   <div class='ocr_carea' id='block_1_54' title="bbox 353 3958 567 4033">
    <p class='ocr_par' dir='ltr' id='par_1_54' title="bbox 353 3958 567 4033">
     <span class='ocr_line' id='line_1_54' title="bbox 353 3958 567 4033; baseline 0.014 -21"><span class='ocrx_word' id='word_1_367' title='bbox 353 3958 567 4033; x_wconf 73' lang='grc' dir='ltr'>ἀγαπᾷ.</span> 
     </span>
    </p>
   </div>
   <div class='ocr_carea' id='block_1_55' title="bbox 446 4052 1938 4136">
    <p class='ocr_par' dir='ltr' id='par_1_55' title="bbox 446 4052 1938 4136">
     <span class='ocr_line' id='line_1_55' title="bbox 446 4052 1938 4136; baseline 0.01 -31"><span class='ocrx_word' id='word_1_368' title='bbox 446 4054 534 4108; x_wconf 88' lang='grc' dir='ltr'>Ἐν</span> <span class='ocrx_word' id='word_1_369' title='bbox 562 4052 745 4123; x_wconf 89' lang='grc' dir='ltr'>πολλῷ</span> <span class='ocrx_word' id='word_1_370' title='bbox 795 4055 940 4111; x_wconf 76' lang='grc' dir='ltr'>ἔθνει</span> <span class='ocrx_word' id='word_1_371' title='bbox 984 4056 1115 4124; x_wconf 80' lang='grc' dir='ltr'>δόξα</span> <span class='ocrx_word' id='word_1_372' title='bbox 1163 4058 1453 4131; x_wconf 81' lang='grc' dir='ltr'>βασιλέως,</span> <span class='ocrx_word' id='word_1_373' title='bbox 1486 4063 1544 4117; x_wconf 79' lang='grc' dir='ltr'>ὲν</span> <span class='ocrx_word' id='word_1_374' title='bbox 1585 4063 1643 4118; x_wconf 79' lang='grc' dir='ltr'>δὲ</span> <span class='ocrx_word' id='word_1_375' title='bbox 1691 4063 1938 4136; x_wconf 72' lang='grc' dir='ltr'>ἐκλείψει</span> 
     </span>
    </p>
   </div>
   <div class='ocr_carea' id='block_1_56' title="bbox 355 4144 1106 4221">
    <p class='ocr_par' dir='ltr' id='par_1_56' title="bbox 355 4144 1106 4221">
     <span class='ocr_line' id='line_1_56' title="bbox 355 4144 1106 4221; baseline 0.008 -21"><span class='ocrx_word' id='word_1_376' title='bbox 355 4144 488 4201; x_wconf 84' lang='grc' dir='ltr'>λαοῦ</span> <span class='ocrx_word' id='word_1_377' title='bbox 522 4148 787 4221; x_wconf 80' lang='grc' dir='ltr'>συντριδὴ</span> <span class='ocrx_word' id='word_1_378' title='bbox 814 4149 1106 4208; x_wconf 85' lang='grc' dir='ltr'>δυνάστου.</span> 
     </span>
    </p>
   </div>
   <div class='ocr_carea' id='block_1_57' title="bbox 427 4239 1940 4316">
    <p class='ocr_par' dir='ltr' id='par_1_57' title="bbox 427 4239 1940 4316">
     <span class='ocr_line' id='line_1_57' title="bbox 427 4239 1940 4316; baseline 0.01 -25"><span class='ocrx_word' id='word_1_379' title='bbox 427 4239 733 4311; x_wconf 85' lang='grc' dir='ltr'>Λικμήτωρ</span> <span class='ocrx_word' id='word_1_380' title='bbox 767 4240 985 4297; x_wconf 82' lang='grc' dir='ltr'>ἀσεϐῶν</span> <span class='ocrx_word' id='word_1_381' title='bbox 1023 4241 1279 4313; x_wconf 81' lang='grc' dir='ltr'>βασιλεὺς</span> <span class='ocrx_word' id='word_1_382' title='bbox 1325 4246 1510 4316; x_wconf 80' lang='grc' dir='ltr'>σοφὸς,</span> <span class='ocrx_word' id='word_1_383' title='bbox 1545 4249 1640 4303; x_wconf 79' lang='grc' dir='ltr'><strong>καὶ</strong></span> <span class='ocrx_word' id='word_1_384' title='bbox 1686 4250 1940 4308; x_wconf 79' lang='grc' dir='ltr'>ἐπιϐαλεῖ</span> 
     </span>
    </p>
   </div>
   <div class='ocr_carea' id='block_1_58' title="bbox 355 4329 783 4405">
    <p class='ocr_par' dir='ltr' id='par_1_58' title="bbox 355 4329 783 4405">
     <span class='ocr_line' id='line_1_58' title="bbox 355 4329 783 4405; baseline 0.012 -23"><span class='ocrx_word' id='word_1_385' title='bbox 355 4329 541 4393; x_wconf 76' lang='grc' dir='ltr'>αὐτοῖς</span> <span class='ocrx_word' id='word_1_386' title='bbox 563 4330 783 4405; x_wconf 87' lang='grc' dir='ltr'>τροχόν.</span> 
     </span>
    </p>
   </div>
   <div class='ocr_carea' id='block_1_59' title="bbox 429 4422 1932 4503">
    <p class='ocr_par' dir='ltr' id='par_1_59' title="bbox 429 4422 1932 4503">
     <span class='ocr_line' id='line_1_59' title="bbox 429 4422 1932 4503; baseline 0.006 -25"><span class='ocrx_word' id='word_1_387' title='bbox 429 4424 599 4479; x_wconf 83' lang='grc' dir='ltr'>Ὅταν</span> <span class='ocrx_word' id='word_1_388' title='bbox 652 4422 910 4497; x_wconf 83' lang='grc' dir='ltr'>βασιλεὺς</span> <span class='ocrx_word' id='word_1_389' title='bbox 950 4424 1161 4491; x_wconf 83' lang='grc' dir='ltr'>δίκαιος</span> <span class='ocrx_word' id='word_1_390' title='bbox 1208 4427 1409 4500; x_wconf 81' lang='grc' dir='ltr'>καθίσῃ</span> <span class='ocrx_word' id='word_1_391' title='bbox 1455 4430 1549 4484; x_wconf 72' lang='grc' dir='ltr'><strong>ἐπὶ</strong></span> <span class='ocrx_word' id='word_1_392' title='bbox 1580 4430 1676 4485; x_wconf 82' lang='grc' dir='ltr'><strong>τοῦ</strong></span> <span class='ocrx_word' id='word_1_393' title='bbox 1717 4431 1932 4503; x_wconf 84' lang='grc' dir='ltr'>θρόνου,</span> 
     </span>
    </p>
   </div>
   <div class='ocr_carea' id='block_1_60' title="bbox 2107 1941 3631 2015">
    <p class='ocr_par' dir='ltr' id='par_1_60' title="bbox 2107 1941 3631 2015">
     <span class='ocr_line' id='line_1_60' title="bbox 2107 1941 3631 2015; baseline 0.001 -15"><span class='ocrx_word' id='word_1_394' title='bbox 2107 1945 2166 2000; x_wconf 87' lang='lat' dir='ltr'><strong>II</strong></span> <span class='ocrx_word' id='word_1_395' title='bbox 2200 1944 2387 2000; x_wconf 86' lang='lat' dir='ltr'><strong>Paral.</strong></span> <span class='ocrx_word' id='word_1_396' title='bbox 2408 1961 2526 2003; x_wconf 80' lang='lat' dir='ltr'><strong>xm.</strong></span> <span class='ocrx_word' id='word_1_397' title='bbox 2546 1944 2829 2015; x_wconf 81' lang='lat' dir='ltr'><strong>Beguante</strong></span> <span class='ocrx_word' id='word_1_398' title='bbox 2849 1944 2957 2000; x_wconf 84' lang='lat' dir='ltr'><strong>Asa</strong></span> <span class='ocrx_word' id='word_1_399' title='bbox 2988 1944 3169 2014; x_wconf 89' lang='lat' dir='ltr'><strong>quieta</strong></span> <span class='ocrx_word' id='word_1_400' title='bbox 3202 1943 3305 1998; x_wconf 77' lang='lat' dir='ltr'><strong>fuit</strong></span> <span class='ocrx_word' id='word_1_401' title='bbox 3326 1941 3512 1999; x_wconf 71' lang='lat' dir='ltr'><strong>Iudaea</strong></span> <span class='ocrx_word' id='word_1_402' title='bbox 3534 1961 3631 2001; x_wconf 82' lang='lat' dir='ltr'><strong>an-</strong></span> 
     </span>
    </p>
   </div>
   <div class='ocr_carea' id='block_1_61' title="bbox 2035 2026 3631 2107">
    <p class='ocr_par' dir='ltr' id='par_1_61' title="bbox 2035 2026 3631 2107">
     <span class='ocr_line' id='line_1_61' title="bbox 2035 2026 3631 2107; baseline -0.003 -14"><span class='ocrx_word' id='word_1_403' title='bbox 2035 2026 2137 2093; x_wconf 67' lang='lat' dir='ltr'><strong>ﬁos</strong></span> <span class='ocrx_word' id='word_1_404' title='bbox 2170 2036 2382 2100; x_wconf 88' lang='lat' dir='ltr'><strong>decem,</strong></span> <span class='ocrx_word' id='word_1_405' title='bbox 2407 2037 2685 2107; x_wconf 89' lang='lat' dir='ltr'><strong>probeque</strong></span> <span class='ocrx_word' id='word_1_406' title='bbox 2706 2051 2766 2092; x_wconf 87' lang='lat' dir='ltr'><strong>se</strong></span> <span class='ocrx_word' id='word_1_407' title='bbox 2788 2035 2957 2106; x_wconf 80' lang='lat' dir='ltr'><strong>gessit</strong></span> <span class='ocrx_word' id='word_1_408' title='bbox 2990 2034 3096 2089; x_wconf 85' lang='lat' dir='ltr'><strong>Asa</strong></span> <span class='ocrx_word' id='word_1_409' title='bbox 3127 2048 3191 2088; x_wconf 91' lang='lat' dir='ltr'><strong>ac</strong></span> <span class='ocrx_word' id='word_1_410' title='bbox 3224 2041 3374 2089; x_wconf 89' lang='lat' dir='ltr'><strong>recte</strong></span> <span class='ocrx_word' id='word_1_411' title='bbox 3408 2035 3459 2088; x_wconf 93' lang='lat' dir='ltr'><strong>in</strong></span> <span class='ocrx_word' id='word_1_412' title='bbox 3495 2049 3631 2089; x_wconf 83' lang='lat' dir='ltr'><strong>cun-</strong></span> 
     </span>
    </p>
   </div>
   <div class='ocr_carea' id='block_1_62' title="bbox 2037 2125 3629 2200">
    <p class='ocr_par' dir='ltr' id='par_1_62' title="bbox 2037 2125 3629 2200">
     <span class='ocr_line' id='line_1_62' title="bbox 2037 2125 3629 2200; baseline -0.003 -15"><span class='ocrx_word' id='word_1_413' title='bbox 2037 2137 2226 2200; x_wconf 73' lang='lat' dir='ltr'><strong>spet-tu</strong></span> <span class='ocrx_word' id='word_1_414' title='bbox 2264 2128 2481 2184; x_wconf 88' lang='lat' dir='ltr'><strong>Domini</strong></span> <span class='ocrx_word' id='word_1_415' title='bbox 2518 2128 2614 2183; x_wconf 89' lang='lat' dir='ltr'><strong>Dei</strong></span> <span class='ocrx_word' id='word_1_416' title='bbox 2640 2128 2752 2193; x_wconf 91' lang='lat' dir='ltr'><strong>sui,</strong></span> <span class='ocrx_word' id='word_1_417' title='bbox 2775 2138 2830 2182; x_wconf 91' lang='lat' dir='ltr'><strong>et</strong></span> <span class='ocrx_word' id='word_1_418' title='bbox 2866 2127 3060 2182; x_wconf 88' lang='lat' dir='ltr'><strong>altaria</strong></span> <span class='ocrx_word' id='word_1_419' title='bbox 3084 2125 3262 2181; x_wconf 83' lang='lat' dir='ltr'><strong>aliena</strong></span> <span class='ocrx_word' id='word_1_420' title='bbox 3300 2125 3629 2197; x_wconf 79' lang='lat' dir='ltr'><strong>excelsaque</strong></span> 
     </span>
    </p>
   </div>
   <div class='ocr_carea' id='block_1_63' title="bbox 2037 2217 3632 2284">
    <p class='ocr_par' dir='ltr' id='par_1_63' title="bbox 2037 2217 3632 2284">
     <span class='ocr_line' id='line_1_63' title="bbox 2037 2217 3632 2284; baseline -0.003 -8"><span class='ocrx_word' id='word_1_421' title='bbox 2037 2220 2283 2284; x_wconf 88' lang='lat' dir='ltr'><strong>sustulit,</strong></span> <span class='ocrx_word' id='word_1_422' title='bbox 2318 2235 2382 2275; x_wconf 90' lang='lat' dir='ltr'><strong>ac</strong></span> <span class='ocrx_word' id='word_1_423' title='bbox 2409 2219 2699 2275; x_wconf 84' lang='lat' dir='ltr'><strong>columnas</strong></span> <span class='ocrx_word' id='word_1_424' title='bbox 2732 2219 3018 2279; x_wconf 81' lang='lat' dir='ltr'><strong>contrivit.</strong></span> <span class='ocrx_word' id='word_1_425' title='bbox 3051 2228 3105 2272; x_wconf 86' lang='lat' dir='ltr'><strong>cl.</strong></span> <span class='ocrx_word' id='word_1_426' title='bbox 3133 2217 3289 2274; x_wconf 81' lang='lat' dir='ltr'><strong>lucos</strong></span> <span class='ocrx_word' id='word_1_427' title='bbox 3323 2217 3551 2282; x_wconf 81' lang='lat' dir='ltr'><strong>excidit,</strong></span> <span class='ocrx_word' id='word_1_428' title='bbox 3576 2225 3632 2271; x_wconf 85' lang='lat' dir='ltr'><strong>et</strong></span> 
     </span>
    </p>
   </div>
   <div class='ocr_carea' id='block_1_64' title="bbox 2038 2309 3629 2384">
    <p class='ocr_par' dir='ltr' id='par_1_64' title="bbox 2038 2309 3629 2384">
     <span class='ocr_line' id='line_1_64' title="bbox 2038 2309 3629 2384; baseline -0.001 -17"><span class='ocrx_word' id='word_1_429' title='bbox 2038 2313 2284 2384; x_wconf 73' lang='lat' dir='ltr'><strong>quietum</strong></span> <span class='ocrx_word' id='word_1_430' title='bbox 2338 2311 2442 2366; x_wconf 76' lang='lat' dir='ltr'><strong>fuit</strong></span> <span class='ocrx_word' id='word_1_431' title='bbox 2480 2326 2708 2382; x_wconf 73' lang='lat' dir='ltr'><strong>regnum</strong></span> <span class='ocrx_word' id='word_1_432' title='bbox 2759 2310 2813 2365; x_wconf 89' lang='lat' dir='ltr'><strong>in</strong></span> <span class='ocrx_word' id='word_1_433' title='bbox 2868 2312 3059 2376; x_wconf 74' lang='lat' dir='ltr'><strong>oculis</strong></span> <span class='ocrx_word' id='word_1_434' title='bbox 3096 2312 3257 2384; x_wconf 82' lang='lat' dir='ltr'><strong>ejus:</strong></span> <span class='ocrx_word' id='word_1_435' title='bbox 3295 2328 3397 2369; x_wconf 88' lang='lat' dir='ltr'><strong>nec</strong></span> <span class='ocrx_word' id='word_1_436' title='bbox 3445 2310 3548 2367; x_wconf 82' lang='lat' dir='ltr'><strong>fuit</strong></span> <span class='ocrx_word' id='word_1_437' title='bbox 3576 2309 3629 2366; x_wconf 89' lang='lat' dir='ltr'><strong>ei</strong></span> 
     </span>
    </p>
   </div>
   <div class='ocr_carea' id='block_1_65' title="bbox 2037 2401 2985 2474">
    <p class='ocr_par' dir='ltr' id='par_1_65' title="bbox 2037 2401 2985 2474">
     <span class='ocr_line' id='line_1_65' title="bbox 2037 2401 2985 2474; baseline -0.001 -14"><span class='ocrx_word' id='word_1_438' title='bbox 2037 2406 2206 2460; x_wconf 90' lang='lat' dir='ltr'><strong>ullum</strong></span> <span class='ocrx_word' id='word_1_439' title='bbox 2249 2403 2448 2458; x_wconf 85' lang='lat' dir='ltr'><strong>bellum</strong></span> <span class='ocrx_word' id='word_1_440' title='bbox 2489 2416 2587 2474; x_wconf 88' lang='lat' dir='ltr'><strong>per</strong></span> <span class='ocrx_word' id='word_1_441' title='bbox 2627 2401 2751 2458; x_wconf 89' lang='lat' dir='ltr'><strong>illos</strong></span> <span class='ocrx_word' id='word_1_442' title='bbox 2783 2416 2985 2458; x_wconf 88' lang='lat' dir='ltr'><strong>annos.</strong></span> 
     </span>
    </p>
   </div>
   <div class='ocr_carea' id='block_1_66' title="bbox 2114 2579 3631 2653">
    <p class='ocr_par' dir='ltr' id='par_1_66' title="bbox 2114 2579 3631 2653">
     <span class='ocr_line' id='line_1_66' title="bbox 2114 2579 3631 2653; baseline -0.001 -14"><span class='ocrx_word' id='word_1_443' title='bbox 2114 2583 2176 2639; x_wconf 92' lang='lat' dir='ltr'><strong>II</strong></span> <span class='ocrx_word' id='word_1_444' title='bbox 2215 2583 2411 2638; x_wconf 79' lang='lat' dir='ltr'><strong>Parai.</strong></span> <span class='ocrx_word' id='word_1_445' title='bbox 2441 2597 2577 2638; x_wconf 85' lang='lat' dir='ltr'><strong>xvn.</strong></span> <span class='ocrx_word' id='word_1_446' title='bbox 2601 2580 2730 2638; x_wconf 87' lang='lat' dir='ltr'><strong>Fuit</strong></span> <span class='ocrx_word' id='word_1_447' title='bbox 2765 2581 3031 2637; x_wconf 85' lang='lat' dir='ltr'><strong>Dominus</strong></span> <span class='ocrx_word' id='word_1_448' title='bbox 3065 2596 3188 2637; x_wconf 90' lang='lat' dir='ltr'><strong>cum</strong></span> <span class='ocrx_word' id='word_1_449' title='bbox 3219 2579 3538 2653; x_wconf 79' lang='lat' dir='ltr'><strong>Josaphato,</strong></span> <span class='ocrx_word' id='word_1_450' title='bbox 3565 2596 3631 2637; x_wconf 84' lang='lat' dir='ltr'><strong>ac</strong></span> 
     </span>
    </p>
   </div>
   <div class='ocr_carea' id='block_1_67' title="bbox 2039 2676 3633 2745">
    <p class='ocr_par' dir='ltr' id='par_1_67' title="bbox 2039 2676 3633 2745">
     <span class='ocr_line' id='line_1_67' title="bbox 2039 2676 3633 2745; baseline 0 -14"><span class='ocrx_word' id='word_1_451' title='bbox 2039 2691 2136 2745; x_wconf 85' lang='lat' dir='ltr'><strong>per</strong></span> <span class='ocrx_word' id='word_1_452' title='bbox 2170 2692 2392 2732; x_wconf 88' lang='lat' dir='ltr'><strong>manum</strong></span> <span class='ocrx_word' id='word_1_453' title='bbox 2440 2677 2593 2732; x_wconf 91' lang='lat' dir='ltr'><strong>illius</strong></span> <span class='ocrx_word' id='word_1_454' title='bbox 2642 2689 2868 2745; x_wconf 82' lang='lat' dir='ltr'><strong>regnum</strong></span> <span class='ocrx_word' id='word_1_455' title='bbox 2930 2686 3080 2729; x_wconf 88' lang='lat' dir='ltr'><strong>recte</strong></span> <span class='ocrx_word' id='word_1_456' title='bbox 3112 2676 3532 2736; x_wconf 86' lang='lat' dir='ltr'><strong>administravit.</strong></span> <span class='ocrx_word' id='word_1_457' title='bbox 3564 2690 3633 2731; x_wconf 88' lang='lat' dir='ltr'><strong>ac</strong></span> 
     </span>
    </p>
   </div>
   <div class='ocr_carea' id='block_1_68' title="bbox 2040 2762 3631 2836">
    <p class='ocr_par' dir='ltr' id='par_1_68' title="bbox 2040 2762 3631 2836">
     <span class='ocr_line' id='line_1_68' title="bbox 2040 2762 3631 2836; baseline 0 -16"><span class='ocrx_word' id='word_1_458' title='bbox 2040 2767 2093 2820; x_wconf 89' lang='lat' dir='ltr'><strong>in</strong></span> <span class='ocrx_word' id='word_1_459' title='bbox 2129 2767 2236 2820; x_wconf 86' lang='lat' dir='ltr'><strong>vita</strong></span> <span class='ocrx_word' id='word_1_460' title='bbox 2274 2780 2376 2822; x_wconf 86' lang='lat' dir='ltr'><strong>sua</strong></span> <span class='ocrx_word' id='word_1_461' title='bbox 2428 2772 2626 2820; x_wconf 90' lang='lat' dir='ltr'><strong>auctus</strong></span> <span class='ocrx_word' id='word_1_462' title='bbox 2673 2773 2758 2820; x_wconf 86' lang='lat' dir='ltr'><strong>est</strong></span> <span class='ocrx_word' id='word_1_463' title='bbox 2792 2762 3133 2834; x_wconf 79' lang='lat' dir='ltr'><strong>Josaphatus</strong></span> <span class='ocrx_word' id='word_1_464' title='bbox 3173 2780 3346 2836; x_wconf 86' lang='lat' dir='ltr'><strong>usque</strong></span> <span class='ocrx_word' id='word_1_465' title='bbox 3377 2765 3631 2821; x_wconf 79' lang='lat' dir='ltr'><strong>ad&#39;sum-</strong></span> 
     </span>
    </p>
   </div>
   <div class='ocr_carea' id='block_1_69' title="bbox 2038 2869 2211 2909">
    <p class='ocr_par' dir='ltr' id='par_1_69' title="bbox 2038 2869 2211 2909">
     <span class='ocr_line' id='line_1_69' title="bbox 2038 2869 2211 2909; baseline 0 0"><span class='ocrx_word' id='word_1_466' title='bbox 2038 2869 2211 2909; x_wconf 82' lang='lat' dir='ltr'><strong>tuum.</strong></span> 
     </span>
    </p>
   </div>
   <div class='ocr_carea' id='block_1_70' title="bbox 2114 2915 3630 3013">
    <p class='ocr_par' dir='ltr' id='par_1_70' title="bbox 2114 2915 3630 3013">
     <span class='ocr_line' id='line_1_70' title="bbox 2114 2915 3630 3013; baseline -0.001 -11"><span class='ocrx_word' id='word_1_467' title='bbox 2114 2948 2262 3005; x_wconf 70' lang='lat' dir='ltr'><strong>Paul.</strong></span> <span class='ocrx_word' id='word_1_468' title='bbox 2300 2963 2394 3004; x_wconf 85' lang='lat' dir='ltr'><strong>xx.</strong></span> <span class='ocrx_word' id='word_1_469' title='bbox 2426 2945 2673 3002; x_wconf 85' lang='lat' dir='ltr'><strong>Potentia</strong></span> <span class='ocrx_word' id='word_1_470' title='bbox 2703 2954 2813 3013; x_wconf 89' lang='lat' dir='ltr'><strong>tua,</strong></span> <span class='ocrx_word' id='word_1_471' title='bbox 2838 2915 3096 3013; x_wconf 87' lang='lat' dir='ltr'><strong>Domine,</strong></span> <span class='ocrx_word' id='word_1_472' title='bbox 3135 2946 3412 3002; x_wconf 60' lang='lat' dir='ltr'><strong>laetabitur</strong></span> <span class='ocrx_word' id='word_1_473' title='bbox 3436 2962 3550 3012; x_wconf 82' lang='lat' dir='ltr'><strong>rex,</strong></span> <span class='ocrx_word' id='word_1_474' title='bbox 3573 2953 3630 3002; x_wconf 88' lang='lat' dir='ltr'><strong>et</strong></span> 
     </span>
    </p>
   </div>
   <div class='ocr_carea' id='block_1_71' title="bbox 2040 3037 3098 3111">
    <p class='ocr_par' dir='ltr' id='par_1_71' title="bbox 2040 3037 3098 3111">
     <span class='ocr_line' id='line_1_71' title="bbox 2040 3037 3098 3111; baseline -0.005 -12"><span class='ocrx_word' id='word_1_475' title='bbox 2040 3042 2217 3100; x_wconf 89' lang='lat' dir='ltr'><strong>salute</strong></span> <span class='ocrx_word' id='word_1_476' title='bbox 2243 3054 2407 3111; x_wconf 88' lang='lat' dir='ltr'><strong>quam</strong></span> <span class='ocrx_word' id='word_1_477' title='bbox 2437 3039 2554 3105; x_wconf 86' lang='lat' dir='ltr'><strong>das,</strong></span> <span class='ocrx_word' id='word_1_478' title='bbox 2585 3037 2889 3093; x_wconf 78' lang='lat' dir='ltr'><strong>exsultabit</strong></span> <span class='ocrx_word' id='word_1_479' title='bbox 2917 3038 3098 3094; x_wconf 87' lang='lat' dir='ltr'><strong>valde.</strong></span> 
     </span>
    </p>
   </div>
   <div class='ocr_carea' id='block_1_72' title="bbox 2118 3220 3628 3293">
    <p class='ocr_par' dir='ltr' id='par_1_72' title="bbox 2118 3220 3628 3293">
     <span class='ocr_line' id='line_1_72' title="bbox 2118 3220 3628 3293; baseline -0.004 -16"><span class='ocrx_word' id='word_1_480' title='bbox 2118 3222 2271 3278; x_wconf 78' lang='lat' dir='ltr'><strong>Psal.</strong></span> <span class='ocrx_word' id='word_1_481' title='bbox 2304 3232 2456 3278; x_wconf 74' lang='lat' dir='ltr'><strong>Lxxr.</strong></span> <span class='ocrx_word' id='word_1_482' title='bbox 2492 3221 2658 3287; x_wconf 86' lang='lat' dir='ltr'><strong>Deus,</strong></span> <span class='ocrx_word' id='word_1_483' title='bbox 2678 3220 2949 3290; x_wconf 84' lang='lat' dir='ltr'><strong>judicium</strong></span> <span class='ocrx_word' id='word_1_484' title='bbox 2984 3230 3136 3276; x_wconf 88' lang='lat' dir='ltr'><strong>tuum</strong></span> <span class='ocrx_word' id='word_1_485' title='bbox 3184 3221 3296 3293; x_wconf 78' lang='lat' dir='ltr'><strong>regi</strong></span> <span class='ocrx_word' id='word_1_486' title='bbox 3331 3221 3420 3287; x_wconf 89' lang='lat' dir='ltr'><strong>da,</strong></span> <span class='ocrx_word' id='word_1_487' title='bbox 3449 3230 3505 3275; x_wconf 89' lang='lat' dir='ltr'><strong>et</strong></span> <span class='ocrx_word' id='word_1_488' title='bbox 3537 3220 3628 3291; x_wconf 77' lang='lat' dir='ltr'><strong>ju-</strong></span> 
     </span>
    </p>
   </div>
   <div class='ocr_carea' id='block_1_73' title="bbox 2045 3314 3628 3386">
    <p class='ocr_par' dir='ltr' id='par_1_73' title="bbox 2045 3314 3628 3386">
     <span class='ocr_line' id='line_1_73' title="bbox 2045 3314 3628 3386; baseline -0.002 -14"><span class='ocrx_word' id='word_1_489' title='bbox 2045 3316 2252 3372; x_wconf 72' lang='lat' dir='ltr'><strong>sﬁtiam</strong></span> <span class='ocrx_word' id='word_1_490' title='bbox 2283 3327 2429 3370; x_wconf 88' lang='lat' dir='ltr'><strong>tuam</strong></span> <span class='ocrx_word' id='word_1_491' title='bbox 2459 3316 2571 3370; x_wconf 77' lang='lat' dir='ltr'><strong>(ilio</strong></span> <span class='ocrx_word' id='word_1_492' title='bbox 2604 3315 2771 3386; x_wconf 66' lang='lat' dir='ltr'><strong>regis.</strong></span> <span class='ocrx_word' id='word_1_493' title='bbox 2799 3325 2852 3369; x_wconf 92' lang='lat' dir='ltr'><strong>ut</strong></span> <span class='ocrx_word' id='word_1_494' title='bbox 2885 3330 3011 3369; x_wconf 88' lang='lat' dir='ltr'><strong>cum</strong></span> <span class='ocrx_word' id='word_1_495' title='bbox 3043 3314 3304 3384; x_wconf 55' lang='lat' dir='ltr'><strong>equitate</strong></span> <span class='ocrx_word' id='word_1_496' title='bbox 3330 3330 3421 3370; x_wconf 82' lang='lat' dir='ltr'><strong>res</strong></span> <span class='ocrx_word' id='word_1_497' title='bbox 3442 3314 3628 3386; x_wconf 84' lang='lat' dir='ltr'><strong>populi</strong></span> 
     </span>
    </p>
   </div>
   <div class='ocr_carea' id='block_1_74' title="bbox 2038 3405 3349 3478">
    <p class='ocr_par' dir='ltr' id='par_1_74' title="bbox 2038 3405 3349 3478">
     <span class='ocr_line' id='line_1_74' title="bbox 2038 3405 3349 3478; baseline -0.002 -15"><span class='ocrx_word' id='word_1_498' title='bbox 2038 3408 2268 3478; x_wconf 74' lang='lat' dir='ltr'><strong>iudicet,</strong></span> <span class='ocrx_word' id='word_1_499' title='bbox 2303 3415 2357 3462; x_wconf 88' lang='lat' dir='ltr'><strong>et</strong></span> <span class='ocrx_word' id='word_1_500' title='bbox 2391 3421 2690 3478; x_wconf 86' lang='lat' dir='ltr'><strong>pauperum</strong></span> <span class='ocrx_word' id='word_1_501' title='bbox 2722 3415 2939 3460; x_wconf 88' lang='lat' dir='ltr'><strong>tuorum</strong></span> <span class='ocrx_word' id='word_1_502' title='bbox 2964 3421 3087 3460; x_wconf 88' lang='lat' dir='ltr'><strong>cum</strong></span> <span class='ocrx_word' id='word_1_503' title='bbox 3119 3405 3349 3475; x_wconf 81' lang='lat' dir='ltr'><strong>judicio.</strong></span> 
     </span>
    </p>
   </div>
   <div class='ocr_carea' id='block_1_75' title="bbox 2120 3583 3627 3654">
    <p class='ocr_par' dir='ltr' id='par_1_75' title="bbox 2120 3583 3627 3654">
     <span class='ocr_line' id='line_1_75' title="bbox 2120 3583 3627 3654; baseline -0.002 -14"><span class='ocrx_word' id='word_1_504' title='bbox 2120 3586 2284 3642; x_wconf 83' lang='lat' dir='ltr'><strong>Prov.</strong></span> <span class='ocrx_word' id='word_1_505' title='bbox 2322 3583 2438 3642; x_wconf 66' lang='grc' dir='ltr'>ιη’.</span> <span class='ocrx_word' id='word_1_506' title='bbox 2474 3584 2859 3641; x_wconf 82' lang='lat' dir='ltr'><strong>Exsecrandus</strong></span> <span class='ocrx_word' id='word_1_507' title='bbox 2885 3594 2970 3638; x_wconf 89' lang='lat' dir='ltr'><strong>est</strong></span> <span class='ocrx_word' id='word_1_508' title='bbox 3005 3585 3142 3654; x_wconf 73' lang='lat' dir='ltr'><strong>regi,</strong></span> <span class='ocrx_word' id='word_1_509' title='bbox 3174 3584 3265 3653; x_wconf 90' lang='lat' dir='ltr'><strong>qui</strong></span> <span class='ocrx_word' id='word_1_510' title='bbox 3301 3584 3441 3639; x_wconf 88' lang='lat' dir='ltr'><strong>male</strong></span> <span class='ocrx_word' id='word_1_511' title='bbox 3478 3584 3627 3649; x_wconf 81' lang='lat' dir='ltr'><strong>facit,</strong></span> 
     </span>
    </p>
   </div>
   <div class='ocr_carea' id='block_1_76' title="bbox 2048 3676 3627 3754">
    <p class='ocr_par' dir='ltr' id='par_1_76' title="bbox 2048 3676 3627 3754">
     <span class='ocr_line' id='line_1_76' title="bbox 2048 3676 3627 3754; baseline -0.002 -20"><span class='ocrx_word' id='word_1_512' title='bbox 2048 3681 2211 3754; x_wconf 66' lang='grc'><strong>124</strong></span> <span class='ocrx_word' id='word_1_513' title='bbox 2240 3680 2366 3752; x_wconf 87' lang='lat' dir='ltr'><strong>quia</strong></span> <span class='ocrx_word' id='word_1_514' title='bbox 2391 3693 2519 3735; x_wconf 89' lang='lat' dir='ltr'><strong>cum</strong></span> <span class='ocrx_word' id='word_1_515' title='bbox 2555 3676 2772 3749; x_wconf 88' lang='lat' dir='ltr'><strong>justitia</strong></span> <span class='ocrx_word' id='word_1_516' title='bbox 2805 3676 3004 3733; x_wconf 87' lang='lat' dir='ltr'><strong>solium</strong></span> <span class='ocrx_word' id='word_1_517' title='bbox 3050 3676 3405 3747; x_wconf 82' lang='lat' dir='ltr'><strong>magistratus</strong></span> <span class='ocrx_word' id='word_1_518' title='bbox 3443 3676 3627 3731; x_wconf 81' lang='lat' dir='ltr'><strong>ﬁrma-</strong></span> 
     </span>
    </p>
   </div>
   <div class='ocr_carea' id='block_1_77' title="bbox 2046 3786 2155 3829">
    <p class='ocr_par' dir='ltr' id='par_1_77' title="bbox 2046 3786 2155 3829">
     <span class='ocr_line' id='line_1_77' title="bbox 2046 3786 2155 3829; baseline 0 0"><span class='ocrx_word' id='word_1_519' title='bbox 2046 3786 2155 3829; x_wconf 79' lang='lat' dir='ltr'><strong>llll&#39;.</strong></span> 
     </span>
    </p>
   </div>
   <div class='ocr_carea' id='block_1_78' title="bbox 2118 3860 3626 3936">
    <p class='ocr_par' dir='ltr' id='par_1_78' title="bbox 2118 3860 3626 3936">
     <span class='ocr_line' id='line_1_78' title="bbox 2118 3860 3626 3936; baseline -0.005 -16"><span class='ocrx_word' id='word_1_520' title='bbox 2118 3865 2276 3922; x_wconf 85' lang='lat' dir='ltr'><strong>Prov.</strong></span> <span class='ocrx_word' id='word_1_521' title='bbox 2318 3880 2434 3920; x_wconf 83' lang='lat' dir='ltr'><strong>xtv.</strong></span> <span class='ocrx_word' id='word_1_522' title='bbox 2465 3865 2697 3936; x_wconf 79' lang='lat' dir='ltr'><strong>Accepta</strong></span> <span class='ocrx_word' id='word_1_523' title='bbox 2756 3874 2887 3920; x_wconf 89' lang='lat' dir='ltr'><strong>sunt</strong></span> <span class='ocrx_word' id='word_1_524' title='bbox 2910 3861 3023 3933; x_wconf 87' lang='lat' dir='ltr'><strong>regi</strong></span> <span class='ocrx_word' id='word_1_525' title='bbox 3079 3860 3225 3916; x_wconf 81' lang='lat' dir='ltr'><strong>labia</strong></span> <span class='ocrx_word' id='word_1_526' title='bbox 3275 3860 3463 3931; x_wconf 68' lang='lat' dir='ltr'><strong>iusta;</strong></span> <span class='ocrx_word' id='word_1_527' title='bbox 3499 3875 3626 3922; x_wconf 82' lang='lat' dir='ltr'><strong>nam</strong></span> 
     </span>
    </p>
   </div>
   <div class='ocr_carea' id='block_1_79' title="bbox 2043 3956 2774 4028">
    <p class='ocr_par' dir='ltr' id='par_1_79' title="bbox 2043 3956 2774 4028">
     <span class='ocr_line' id='line_1_79' title="bbox 2043 3956 2774 4028; baseline 0 -16"><span class='ocrx_word' id='word_1_528' title='bbox 2043 3972 2327 4013; x_wconf 77' lang='lat' dir='ltr'><strong>sermones</strong></span> <span class='ocrx_word' id='word_1_529' title='bbox 2352 3967 2530 4013; x_wconf 89' lang='lat' dir='ltr'><strong>rectos</strong></span> <span class='ocrx_word' id='word_1_530' title='bbox 2572 3956 2774 4028; x_wconf 78' lang='lat' dir='ltr'><strong>diligit.</strong></span> 
     </span>
    </p>
   </div>
   <div class='ocr_carea' id='block_1_80' title="bbox 2116 4045 3627 4120">
    <p class='ocr_par' dir='ltr' id='par_1_80' title="bbox 2116 4045 3627 4120">
     <span class='ocr_line' id='line_1_80' title="bbox 2116 4045 3627 4120; baseline -0.007 -14"><span class='ocrx_word' id='word_1_531' title='bbox 2116 4050 2175 4106; x_wconf 86' lang='lat' dir='ltr'><strong>In</strong></span> <span class='ocrx_word' id='word_1_532' title='bbox 2207 4050 2562 4105; x_wconf 84' lang='lat' dir='ltr'><strong>multitudine</strong></span> <span class='ocrx_word' id='word_1_533' title='bbox 2591 4048 2773 4119; x_wconf 76' lang='lat' dir='ltr'><strong>gentis</strong></span> <span class='ocrx_word' id='word_1_534' title='bbox 2805 4048 2978 4120; x_wconf 82' lang='lat' dir='ltr'><strong>gloria</strong></span> <span class='ocrx_word' id='word_1_535' title='bbox 3008 4048 3154 4117; x_wconf 83' lang='lat' dir='ltr'><strong>regis</strong></span> <span class='ocrx_word' id='word_1_536' title='bbox 3185 4064 3201 4103; x_wconf 89' lang='lat'><strong>:</strong></span> <span class='ocrx_word' id='word_1_537' title='bbox 3241 4055 3297 4101; x_wconf 87' lang='lat' dir='ltr'><strong>at</strong></span> <span class='ocrx_word' id='word_1_538' title='bbox 3331 4045 3376 4100; x_wconf 88' lang='lat' dir='ltr'><strong>si</strong></span> <span class='ocrx_word' id='word_1_539' title='bbox 3408 4045 3627 4100; x_wconf 79' lang='lat' dir='ltr'><strong>defece-.-</strong></span> 
     </span>
    </p>
   </div>
   <div class='ocr_carea' id='block_1_81' title="bbox 2044 4140 3105 4213">
    <p class='ocr_par' dir='ltr' id='par_1_81' title="bbox 2044 4140 3105 4213">
     <span class='ocr_line' id='line_1_81' title="bbox 2044 4140 3105 4213; baseline -0.004 -15"><span class='ocrx_word' id='word_1_540' title='bbox 2044 4141 2114 4199; x_wconf 89' lang='lat' dir='ltr'><strong>rit</strong></span> <span class='ocrx_word' id='word_1_541' title='bbox 2140 4142 2392 4213; x_wconf 79' lang='lat' dir='ltr'><strong>pupulas,</strong></span> <span class='ocrx_word' id='word_1_542' title='bbox 2425 4140 2686 4210; x_wconf 84' lang='lat' dir='ltr'><strong>principis</strong></span> <span class='ocrx_word' id='word_1_543' title='bbox 2713 4141 2982 4210; x_wconf 85' lang='lat' dir='ltr'><strong>pernicies</strong></span> <span class='ocrx_word' id='word_1_544' title='bbox 3003 4148 3105 4195; x_wconf 89' lang='lat' dir='ltr'><strong>est.</strong></span> 
     </span>
    </p>
   </div>
   <div class='ocr_carea' id='block_1_82' title="bbox 2123 4230 3632 4301">
    <p class='ocr_par' dir='ltr' id='par_1_82' title="bbox 2123 4230 3632 4301">
     <span class='ocr_line' id='line_1_82' title="bbox 2123 4230 3632 4301; baseline -0.005 -13"><span class='ocrx_word' id='word_1_545' title='bbox 2123 4232 2281 4288; x_wconf 85' lang='lat' dir='ltr'><strong>Prov.</strong></span> <span class='ocrx_word' id='word_1_546' title='bbox 2334 4248 2431 4287; x_wconf 87' lang='lat' dir='ltr'><strong>xx.</strong></span> <span class='ocrx_word' id='word_1_547' title='bbox 2466 4230 2772 4286; x_wconf 83' lang='lat' dir='ltr'><strong>Ventilator</strong></span> <span class='ocrx_word' id='word_1_548' title='bbox 2808 4231 3107 4301; x_wconf 89' lang='lat' dir='ltr'><strong>impiorum</strong></span> <span class='ocrx_word' id='word_1_549' title='bbox 3154 4243 3248 4284; x_wconf 89' lang='lat' dir='ltr'><strong>rex</strong></span> <span class='ocrx_word' id='word_1_550' title='bbox 3291 4230 3532 4299; x_wconf 81' lang='lat' dir='ltr'><strong>sapiens,</strong></span> <span class='ocrx_word' id='word_1_551' title='bbox 3576 4234 3632 4282; x_wconf 87' lang='lat' dir='ltr'><strong>et</strong></span> 
     </span>
    </p>
   </div>
   <div class='ocr_carea' id='block_1_83' title="bbox 2046 4326 2721 4398">
    <p class='ocr_par' dir='ltr' id='par_1_83' title="bbox 2046 4326 2721 4398">
     <span class='ocr_line' id='line_1_83' title="bbox 2046 4326 2721 4398; baseline -0.004 -16"><span class='ocrx_word' id='word_1_552' title='bbox 2046 4327 2101 4382; x_wconf 92' lang='lat' dir='ltr'><strong>in</strong></span> <span class='ocrx_word' id='word_1_553' title='bbox 2138 4341 2267 4398; x_wconf 74' lang='lat' dir='ltr'><strong>rege</strong></span> <span class='ocrx_word' id='word_1_554' title='bbox 2301 4334 2420 4381; x_wconf 85' lang='lat' dir='ltr'><strong>rota</strong></span> <span class='ocrx_word' id='word_1_555' title='bbox 2450 4326 2721 4394; x_wconf 85' lang='lat' dir='ltr'><strong>ipsorum.</strong></span> 
     </span>
    </p>
   </div>
   <div class='ocr_carea' id='block_1_84' title="bbox 2115 4410 3628 4488">
    <p class='ocr_par' dir='ltr' id='par_1_84' title="bbox 2115 4410 3628 4488">
     <span class='ocr_line' id='line_1_84' title="bbox 2115 4410 3628 4488; baseline -0.006 -15"><span class='ocrx_word' id='word_1_556' title='bbox 2115 4417 2258 4474; x_wconf 84' lang='lat' dir='ltr'><strong>Ibid.</strong></span> <span class='ocrx_word' id='word_1_557' title='bbox 2292 4434 2386 4473; x_wconf 83' lang='lat' dir='ltr'><strong>xx.</strong></span> <span class='ocrx_word' id='word_1_558' title='bbox 2415 4415 2552 4472; x_wconf 88' lang='lat' dir='ltr'><strong>Cum</strong></span> <span class='ocrx_word' id='word_1_559' title='bbox 2583 4416 2770 4488; x_wconf 85' lang='lat' dir='ltr'><strong>justus</strong></span> <span class='ocrx_word' id='word_1_560' title='bbox 2802 4431 2897 4471; x_wconf 86' lang='lat' dir='ltr'><strong>rex</strong></span> <span class='ocrx_word' id='word_1_561' title='bbox 2938 4414 2993 4469; x_wconf 93' lang='lat' dir='ltr'><strong>iu</strong></span> <span class='ocrx_word' id='word_1_562' title='bbox 3025 4414 3167 4469; x_wconf 88' lang='lat' dir='ltr'><strong>solio</strong></span> <span class='ocrx_word' id='word_1_563' title='bbox 3196 4411 3467 4477; x_wconf 87' lang='lat' dir='ltr'><strong>considet,</strong></span> <span class='ocrx_word' id='word_1_564' title='bbox 3493 4410 3628 4477; x_wconf 71' lang='lat' dir='ltr'><strong>nihil</strong></span> 
     </span>
    </p>
   </div>
   <div class='ocr_carea' id='block_1_85' title="bbox 353 4496 1973 4596">
    <p class='ocr_par' dir='ltr' id='par_1_85' title="bbox 353 4496 1973 4596">
     <span class='ocr_line' id='line_1_85' title="bbox 353 4496 1973 4596; baseline 0.008 -30"><span class='ocrx_word' id='word_1_565' title='bbox 353 4513 459 4567; x_wconf 81' lang='grc' dir='ltr'><strong>οὐκ</strong></span> <span class='ocrx_word' id='word_1_566' title='bbox 487 4513 830 4569; x_wconf 75' lang='grc' dir='ltr'>ἐναντιοῦται</span> <span class='ocrx_word' id='word_1_567' title='bbox 861 4496 920 4572; x_wconf 65' lang='grc' dir='ltr'>ἐν</span> <span class='ocrx_word' id='word_1_568' title='bbox 947 4516 1253 4589; x_wconf 82' lang='grc' dir='ltr'>ὀφθαλμοῖς</span> <span class='ocrx_word' id='word_1_569' title='bbox 1287 4496 1455 4574; x_wconf 79' lang='grc' dir='ltr'>αὐτοῦ</span> <span class='ocrx_word' id='word_1_570' title='bbox 1488 4522 1642 4576; x_wconf 69' lang='grc' dir='ltr'>οὐδὲν</span> <span class='ocrx_word' id='word_1_571' title='bbox 1672 4496 1935 4596; x_wconf 73' lang='grc' dir='ltr'>πονηρόν.</span> <span class='ocrx_word' id='word_1_572' title='bbox 1969 4508 1973 4562; x_wconf 61' lang='grc' dir='ltr'>Ῑ</span> 
     </span>
    </p>
   </div>
   <div class='ocr_carea' id='block_1_86' title="bbox 2058 4496 3200 4596">
    <p class='ocr_par' dir='ltr' id='par_1_86' title="bbox 2066 4496 3200 4581">
     <span class='ocr_line' id='line_1_86' title="bbox 2066 4496 3200 4581; baseline -0.005 -14"><span class='ocrx_word' id='word_1_573' title='bbox 2066 4510 2358 4581; x_wconf 85' lang='lat' dir='ltr'><strong>mprobum</strong></span> <span class='ocrx_word' id='word_1_574' title='bbox 2409 4496 2738 4565; x_wconf 82' lang='lat' dir='ltr'><strong>adversatur</strong></span> <span class='ocrx_word' id='word_1_575' title='bbox 2765 4508 2823 4563; x_wconf 92' lang='lat' dir='ltr'><strong>in</strong></span> <span class='ocrx_word' id='word_1_576' title='bbox 2851 4506 3027 4562; x_wconf 90' lang='lat' dir='ltr'><strong>oculis</strong></span> <span class='ocrx_word' id='word_1_577' title='bbox 3055 4506 3200 4577; x_wconf 83' lang='lat' dir='ltr'><strong>ejus.</strong></span> 
     </span>
    </p>
   </div>
   <div class='ocr_carea' id='block_1_87' title="bbox 425 4603 1456 4681">
    <p class='ocr_par' dir='ltr' id='par_1_87' title="bbox 425 4603 1456 4681">
     <span class='ocr_line' id='line_1_87' title="bbox 425 4603 1456 4681; baseline 0.008 -25"><span class='ocrx_word' id='word_1_578' title='bbox 425 4603 627 4667; x_wconf 82' lang='grc' dir='ltr'>Δεκτδς</span> <span class='ocrx_word' id='word_1_579' title='bbox 658 4604 875 4676; x_wconf 83' lang='grc' dir='ltr'>βασιλεῖ</span> <span class='ocrx_word' id='word_1_580' title='bbox 903 4607 1188 4680; x_wconf 84' lang='grc' dir='ltr'>ὑπηρέτης</span> <span class='ocrx_word' id='word_1_581' title='bbox 1213 4611 1456 4681; x_wconf 88' lang='grc' dir='ltr'>νοήμων.</span> 
     </span>
    </p>
   </div>
   <div class='ocr_carea' id='block_1_88' title="bbox 441 4695 1942 4773">
    <p class='ocr_par' dir='ltr' id='par_1_88' title="bbox 441 4695 1942 4773">
     <span class='ocr_line' id='line_1_88' title="bbox 441 4695 1942 4773; baseline 0.007 -25"><span class='ocrx_word' id='word_1_582' title='bbox 441 4695 817 4767; x_wconf 78' lang='grc' dir='ltr'>Ἐλεημοσύνη</span> <span class='ocrx_word' id='word_1_583' title='bbox 874 4699 971 4755; x_wconf 81' lang='grc' dir='ltr'><strong>καὶ</strong></span> <span class='ocrx_word' id='word_1_584' title='bbox 1024 4700 1255 4770; x_wconf 85' lang='grc' dir='ltr'>ἀλήθεια</span> <span class='ocrx_word' id='word_1_585' title='bbox 1300 4701 1518 4773; x_wconf 83' lang='grc' dir='ltr'>φυλακὴ</span> <span class='ocrx_word' id='word_1_586' title='bbox 1563 4703 1794 4771; x_wconf 83' lang='grc' dir='ltr'>βασιλεῖ,</span> <span class='ocrx_word' id='word_1_587' title='bbox 1846 4706 1942 4761; x_wconf 75' lang='grc' dir='ltr'><strong>καὶ</strong></span> 
     </span>
    </p>
   </div>
   <div class='ocr_carea' id='block_1_89' title="bbox 357 4785 1938 4862">
    <p class='ocr_par' dir='ltr' id='par_1_89' title="bbox 357 4785 1938 4862">
     <span class='ocr_line' id='line_1_89' title="bbox 357 4785 1938 4862; baseline 0.006 -25"><span class='ocrx_word' id='word_1_588' title='bbox 357 4785 869 4856; x_wconf 77' lang='grc' dir='ltr'>περικυκλώσουσιν</span> <span class='ocrx_word' id='word_1_589' title='bbox 919 4789 979 4844; x_wconf 69' lang='grc' dir='ltr'>ἒν</span> <span class='ocrx_word' id='word_1_590' title='bbox 1010 4789 1333 4862; x_wconf 79' lang='grc' dir='ltr'>δικαιοσύνῃ</span> <span class='ocrx_word' id='word_1_591' title='bbox 1383 4790 1475 4845; x_wconf 81' lang='grc' dir='ltr'>τὸν</span> <span class='ocrx_word' id='word_1_592' title='bbox 1507 4790 1697 4862; x_wconf 78' lang='grc' dir='ltr'>θρόνον</span> <span class='ocrx_word' id='word_1_593' title='bbox 1742 4793 1938 4859; x_wconf 80' lang='grc' dir='ltr'>αὐτοῦ.</span> 
     </span>
    </p>
   </div>
   <div class='ocr_carea' id='block_1_90' title="bbox 430 4877 1773 4956">
    <p class='ocr_par' dir='ltr' id='par_1_90' title="bbox 430 4877 1773 4956">
     <span class='ocr_line' id='line_1_90' title="bbox 430 4877 1773 4956; baseline 0.004 -24"><span class='ocrx_word' id='word_1_594' title='bbox 430 4877 692 4950; x_wconf 77' lang='grc' dir='ltr'>Μάχαιρα</span> <span class='ocrx_word' id='word_1_595' title='bbox 722 4881 946 4949; x_wconf 84' lang='grc' dir='ltr'>γλῶσσα</span> <span class='ocrx_word' id='word_1_596' title='bbox 977 4882 1268 4952; x_wconf 80' lang='grc' dir='ltr'>βασιλέως,</span> <span class='ocrx_word' id='word_1_597' title='bbox 1299 4884 1394 4937; x_wconf 75' lang='grc' dir='ltr'><strong>καὶ</strong></span> <span class='ocrx_word' id='word_1_598' title='bbox 1419 4883 1482 4937; x_wconf 80' lang='grc' dir='ltr'>οὐ</span> <span class='ocrx_word' id='word_1_599' title='bbox 1516 4885 1773 4956; x_wconf 84' lang='grc' dir='ltr'>σαρκίνη.</span> 
     </span>
    </p>
   </div>
   <div class='ocr_carea' id='block_1_91' title="bbox 426 4969 1939 5046">
    <p class='ocr_par' dir='ltr' id='par_1_91' title="bbox 426 4969 1939 5046">
     <span class='ocr_line' id='line_1_91' title="bbox 426 4969 1939 5046; baseline 0.005 -23"><span class='ocrx_word' id='word_1_600' title='bbox 426 4969 519 5041; x_wconf 79' lang='grc' dir='ltr'><strong>Μὴ</strong></span> <span class='ocrx_word' id='word_1_601' title='bbox 548 4970 880 5034; x_wconf 79' lang='grc' dir='ltr'>ἀλαζονεύου</span> <span class='ocrx_word' id='word_1_602' title='bbox 916 4971 1149 5027; x_wconf 75' lang='grc' dir='ltr'>ἐνώπιον</span> <span class='ocrx_word' id='word_1_603' title='bbox 1181 4973 1468 5043; x_wconf 80' lang='grc' dir='ltr'>βασιλέως,</span> <span class='ocrx_word' id='word_1_604' title='bbox 1500 4975 1635 5046; x_wconf 75' lang='grc' dir='ltr'>μηδὲ</span> <span class='ocrx_word' id='word_1_605' title='bbox 1664 4978 1724 5030; x_wconf 73' lang='grc' dir='ltr'>ὲν</span> <span class='ocrx_word' id='word_1_606' title='bbox 1747 4979 1939 5042; x_wconf 87' lang='grc' dir='ltr'>τόποις</span> 
     </span>
    </p>
   </div>
   <div class='ocr_carea' id='block_1_92' title="bbox 357 5060 1930 5140">
    <p class='ocr_par' dir='ltr' id='par_1_92' title="bbox 357 5060 1930 5140">
     <span class='ocr_line' id='line_1_92' title="bbox 357 5060 1930 5140; baseline 0.004 -25"><span class='ocrx_word' id='word_1_607' title='bbox 357 5060 639 5117; x_wconf 87' lang='grc' dir='ltr'>δυναστῶν</span> <span class='ocrx_word' id='word_1_608' title='bbox 699 5064 989 5134; x_wconf 74' lang='grc' dir='ltr'>ὑφίστασο.</span> <span class='ocrx_word' id='word_1_609' title='bbox 1050 5066 1320 5137; x_wconf 79' lang='grc' dir='ltr'>Κρείσσον</span> <span class='ocrx_word' id='word_1_610' title='bbox 1380 5068 1491 5138; x_wconf 86' lang='grc' dir='ltr'><strong>γάρ</strong></span> <span class='ocrx_word' id='word_1_611' title='bbox 1556 5084 1639 5122; x_wconf 88' lang='grc' dir='ltr'><strong>σοι</strong></span> <span class='ocrx_word' id='word_1_612' title='bbox 1668 5068 1930 5140; x_wconf 81' lang='grc' dir='ltr'>ῥηθῆναι,</span> 
     </span>
    </p>
   </div>
   <div class='ocr_carea' id='block_1_93' title="bbox 371 5149 1942 5227">
    <p class='ocr_par' dir='ltr' id='par_1_93' title="bbox 371 5149 1942 5227">
     <span class='ocr_line' id='line_1_93' title="bbox 371 5149 1942 5227; baseline 0.002 -22"><span class='ocrx_word' id='word_1_613' title='bbox 371 5149 659 5207; x_wconf 76' lang='grc' dir='ltr'>’Δνάόαινε</span> <span class='ocrx_word' id='word_1_614' title='bbox 707 5154 846 5224; x_wconf 84' lang='grc' dir='ltr'>πρός</span> <span class='ocrx_word' id='word_1_615' title='bbox 878 5171 970 5225; x_wconf 85' lang='grc' dir='ltr'>με,</span> <span class='ocrx_word' id='word_1_616' title='bbox 1006 5153 1040 5225; x_wconf 75' lang='grc' dir='ltr'>ἢ</span> <span class='ocrx_word' id='word_1_617' title='bbox 1075 5155 1414 5209; x_wconf 80' lang='grc' dir='ltr'>ταπεινῶσαι</span> <span class='ocrx_word' id='word_1_618' title='bbox 1464 5173 1527 5210; x_wconf 86' lang='grc' dir='ltr'><strong>σε</strong></span> <span class='ocrx_word' id='word_1_619' title='bbox 1570 5156 1628 5208; x_wconf 83' lang='grc' dir='ltr'>ὲν</span> <span class='ocrx_word' id='word_1_620' title='bbox 1664 5153 1942 5227; x_wconf 82' lang='grc' dir='ltr'>προσώπῳ</span> 
     </span>
    </p>
   </div>
   <div class='ocr_carea' id='block_1_94' title="bbox 356 5245 656 5301">
    <p class='ocr_par' dir='ltr' id='par_1_94' title="bbox 356 5245 656 5301">
     <span class='ocr_line' id='line_1_94' title="bbox 356 5245 656 5301; baseline 0.003 -1"><span class='ocrx_word' id='word_1_621' title='bbox 356 5245 656 5301; x_wconf 84' lang='grc' dir='ltr'>δυναστῶν.</span> 
     </span>
    </p>
   </div>
   <div class='ocr_carea' id='block_1_95' title="bbox 430 5335 1941 5412">
    <p class='ocr_par' dir='ltr' id='par_1_95' title="bbox 430 5335 1941 5412">
     <span class='ocr_line' id='line_1_95' title="bbox 430 5335 1941 5412; baseline 0.005 -23"><span class='ocrx_word' id='word_1_622' title='bbox 430 5335 707 5400; x_wconf 81' lang='grc' dir='ltr'>Βασιλέως</span> <span class='ocrx_word' id='word_1_623' title='bbox 735 5338 794 5391; x_wconf 75' lang='grc' dir='ltr'>ἐν</span> <span class='ocrx_word' id='word_1_624' title='bbox 826 5337 1057 5411; x_wconf 74' lang='grc' dir='ltr'>ἀληθείᾳ</span> <span class='ocrx_word' id='word_1_625' title='bbox 1084 5340 1367 5411; x_wconf 86' lang='grc' dir='ltr'>κρίνοντος</span> <span class='ocrx_word' id='word_1_626' title='bbox 1391 5341 1665 5412; x_wconf 79' lang='grc' dir='ltr'>πτωχοὺς,</span> <span class='ocrx_word' id='word_1_627' title='bbox 1695 5339 1725 5392; x_wconf 90' lang='grc' dir='ltr'><strong>ό</strong></span> <span class='ocrx_word' id='word_1_628' title='bbox 1751 5336 1941 5412; x_wconf 89' lang='grc' dir='ltr'>θρόνος</span> 
     </span>
    </p>
   </div>
   <div class='ocr_carea' id='block_1_96' title="bbox 358 5426 1520 5503">
    <p class='ocr_par' dir='ltr' id='par_1_96' title="bbox 358 5426 1520 5503">
     <span class='ocr_line' id='line_1_96' title="bbox 358 5426 1520 5503; baseline 0.006 -21"><span class='ocrx_word' id='word_1_629' title='bbox 358 5426 522 5482; x_wconf 79' lang='grc' dir='ltr'>αὐτοῦ</span> <span class='ocrx_word' id='word_1_630' title='bbox 553 5429 634 5492; x_wconf 81' lang='grc' dir='ltr'><strong>είς</strong></span> <span class='ocrx_word' id='word_1_631' title='bbox 672 5429 980 5501; x_wconf 67' lang='grc' dir='ltr'>μαρτύρνον</span> <span class='ocrx_word' id='word_1_632' title='bbox 1021 5431 1520 5503; x_wconf 83' lang='grc' dir='ltr'>κατασταθήσεται.</span> 
     </span>
    </p>
   </div>
   <div class='ocr_carea' id='block_1_97' title="bbox 431 5520 1942 5601">
    <p class='ocr_par' dir='ltr' id='par_1_97' title="bbox 431 5520 1942 5601">
     <span class='ocr_line' id='line_1_97' title="bbox 431 5520 1942 5601; baseline 0.005 -27"><span class='ocrx_word' id='word_1_633' title='bbox 431 5520 619 5593; x_wconf 81' lang='grc' dir='ltr'>Θυμδς</span> <span class='ocrx_word' id='word_1_634' title='bbox 644 5520 912 5593; x_wconf 72' lang='grc' dir='ltr'>βασιλέως</span> <span class='ocrx_word' id='word_1_635' title='bbox 943 5521 1176 5593; x_wconf 72' lang='grc' dir='ltr'>ἄγγελος</span> <span class='ocrx_word' id='word_1_636' title='bbox 1215 5525 1475 5593; x_wconf 82' lang='grc' dir='ltr'>θανάτου,</span> <span class='ocrx_word' id='word_1_637' title='bbox 1506 5528 1646 5601; x_wconf 75' lang='grc' dir='ltr'>ἀνὴρ</span> <span class='ocrx_word' id='word_1_638' title='bbox 1689 5529 1749 5584; x_wconf 82' lang='grc' dir='ltr'>δὲ</span> <span class='ocrx_word' id='word_1_639' title='bbox 1776 5527 1942 5599; x_wconf 78' lang='grc' dir='ltr'>σοφὸς</span> 
     </span>
    </p>
   </div>
   <div class='ocr_carea' id='block_1_98' title="bbox 361 5610 931 5678">
    <p class='ocr_par' dir='ltr' id='par_1_98' title="bbox 361 5610 931 5678">
     <span class='ocr_line' id='line_1_98' title="bbox 361 5610 931 5678; baseline 0.012 -15"><span class='ocrx_word' id='word_1_640' title='bbox 361 5610 710 5678; x_wconf 73' lang='grc' dir='ltr'>ὲξιλάσκεται</span> <span class='ocrx_word' id='word_1_641' title='bbox 747 5614 931 5670; x_wconf 82' lang='grc' dir='ltr'>αὐτόν.</span> 
     </span>
    </p>
   </div>
   <div class='ocr_carea' id='block_1_99' title="bbox 431 5704 1941 5781">
    <p class='ocr_par' dir='ltr' id='par_1_99' title="bbox 431 5704 1941 5781">
     <span class='ocr_line' id='line_1_99' title="bbox 431 5704 1941 5781; baseline 0.011 -24"><span class='ocrx_word' id='word_1_642' title='bbox 431 5704 706 5770; x_wconf 81' lang='grc' dir='ltr'>Βασιλέως</span> <span class='ocrx_word' id='word_1_643' title='bbox 751 5706 949 5779; x_wconf 82' lang='grc' dir='ltr'>ἀπειλὴ</span> <span class='ocrx_word' id='word_1_644' title='bbox 1000 5707 1165 5778; x_wconf 75' lang='grc' dir='ltr'>ὁμοία</span> <span class='ocrx_word' id='word_1_645' title='bbox 1195 5707 1426 5781; x_wconf 68' lang='grc' dir='ltr'>βρυγμῷ</span> <span class='ocrx_word' id='word_1_646' title='bbox 1468 5710 1723 5781; x_wconf 69' lang='grc' dir='ltr'>λέοντοςο</span> <span class='ocrx_word' id='word_1_647' title='bbox 1773 5717 1851 5781; x_wconf 81' lang='grc' dir='ltr'><strong>ὡς</strong></span> <span class='ocrx_word' id='word_1_648' title='bbox 1882 5717 1941 5773; x_wconf 72' lang='grc' dir='ltr'>δὲ</span> 
     </span>
    </p>
   </div>
   <div class='ocr_carea' id='block_1_100' title="bbox 363 5793 1657 5871">
    <p class='ocr_par' dir='ltr' id='par_1_100' title="bbox 363 5793 1657 5871">
     <span class='ocr_line' id='line_1_100' title="bbox 363 5793 1657 5871; baseline 0.007 -21"><span class='ocrx_word' id='word_1_649' title='bbox 363 5793 555 5867; x_wconf 81' lang='grc' dir='ltr'>δρόσος</span> <span class='ocrx_word' id='word_1_650' title='bbox 582 5796 677 5850; x_wconf 72' lang='grc' dir='ltr'><strong>ἐπὶ</strong></span> <span class='ocrx_word' id='word_1_651' title='bbox 707 5796 925 5870; x_wconf 78' lang='grc' dir='ltr'>χόρτον,</span> <span class='ocrx_word' id='word_1_652' title='bbox 957 5799 1131 5863; x_wconf 69' lang='grc' dir='ltr'>οὕτως</span> <span class='ocrx_word' id='word_1_653' title='bbox 1159 5799 1220 5852; x_wconf 83' lang='grc' dir='ltr'>τὸ</span> <span class='ocrx_word' id='word_1_654' title='bbox 1252 5800 1438 5871; x_wconf 79' lang='grc' dir='ltr'>ἱλαρὸν</span> <span class='ocrx_word' id='word_1_655' title='bbox 1469 5803 1657 5859; x_wconf 83' lang='grc' dir='ltr'>αὑτοῦ.</span> 
     </span>
    </p>
   </div>
   <div class='ocr_carea' id='block_1_101' title="bbox 2117 4594 3515 4668">
    <p class='ocr_par' dir='ltr' id='par_1_101' title="bbox 2117 4594 3515 4668">
     <span class='ocr_line' id='line_1_101' title="bbox 2117 4594 3515 4668; baseline -0.006 -12"><span class='ocrx_word' id='word_1_656' title='bbox 2117 4601 2260 4656; x_wconf 84' lang='lat' dir='ltr'><strong>Ibid.</strong></span> <span class='ocrx_word' id='word_1_657' title='bbox 2294 4614 2404 4663; x_wconf 78' lang='lat' dir='ltr'><strong>va.</strong></span> <span class='ocrx_word' id='word_1_658' title='bbox 2439 4600 2709 4668; x_wconf 85' lang='lat' dir='ltr'><strong>Acceptus</strong></span> <span class='ocrx_word' id='word_1_659' title='bbox 2737 4596 2851 4667; x_wconf 80' lang='lat' dir='ltr'><strong>regi</strong></span> <span class='ocrx_word' id='word_1_660' title='bbox 2896 4597 3145 4651; x_wconf 87' lang='lat' dir='ltr'><strong>minister</strong></span> <span class='ocrx_word' id='word_1_661' title='bbox 3173 4594 3515 4663; x_wconf 75' lang='lat' dir='ltr'><strong>intelligens.</strong></span> 
     </span>
    </p>
   </div>
   <div class='ocr_carea' id='block_1_102' title="bbox 2112 4686 3628 4763">
    <p class='ocr_par' dir='ltr' id='par_1_102' title="bbox 2112 4686 3628 4763">
     <span class='ocr_line' id='line_1_102' title="bbox 2112 4686 3628 4763; baseline -0.007 -14"><span class='ocrx_word' id='word_1_662' title='bbox 2112 4692 2261 4763; x_wconf 79' lang='lat' dir='ltr'><strong>Ibid.</strong></span> <span class='ocrx_word' id='word_1_663' title='bbox 2302 4708 2396 4752; x_wconf 79' lang='lat' dir='ltr'><strong>xx.</strong></span> <span class='ocrx_word' id='word_1_664' title='bbox 2433 4688 2807 4747; x_wconf 84' lang='lat' dir='ltr'><strong>Misericordia</strong></span> <span class='ocrx_word' id='word_1_665' title='bbox 2857 4698 2913 4743; x_wconf 92' lang='lat' dir='ltr'><strong>ct</strong></span> <span class='ocrx_word' id='word_1_666' title='bbox 2941 4689 3147 4748; x_wconf 86' lang='lat' dir='ltr'><strong>veritas</strong></span> <span class='ocrx_word' id='word_1_667' title='bbox 3194 4686 3458 4743; x_wconf 57' lang='lat' dir='ltr'><strong>custodia).</strong></span> <span class='ocrx_word' id='word_1_668' title='bbox 3498 4691 3628 4741; x_wconf 88' lang='lat' dir='ltr'><strong>sunt</strong></span> 
     </span>
    </p>
   </div>
   <div class='ocr_carea' id='block_1_103' title="bbox 2047 4780 3562 4859">
    <p class='ocr_par' dir='ltr' id='par_1_103' title="bbox 2047 4780 3562 4859">
     <span class='ocr_line' id='line_1_103' title="bbox 2047 4780 3562 4859; baseline -0.009 -14"><span class='ocrx_word' id='word_1_669' title='bbox 2047 4789 2183 4859; x_wconf 77' lang='lat' dir='ltr'><strong>regi,</strong></span> <span class='ocrx_word' id='word_1_670' title='bbox 2211 4796 2266 4841; x_wconf 84' lang='lat' dir='ltr'><strong>et</strong></span> <span class='ocrx_word' id='word_1_671' title='bbox 2294 4784 2491 4841; x_wconf 88' lang='lat' dir='ltr'><strong>solium</strong></span> <span class='ocrx_word' id='word_1_672' title='bbox 2523 4783 2642 4852; x_wconf 85' lang='lat' dir='ltr'><strong>ejus</strong></span> <span class='ocrx_word' id='word_1_673' title='bbox 2668 4798 2794 4839; x_wconf 89' lang='lat' dir='ltr'><strong>cum</strong></span> <span class='ocrx_word' id='word_1_674' title='bbox 2827 4781 3087 4852; x_wconf 64' lang='lat' dir='ltr'><strong>aequitate</strong></span> <span class='ocrx_word' id='word_1_675' title='bbox 3121 4780 3562 4836; x_wconf 88' lang='lat' dir='ltr'><strong>circumdabunt.</strong></span> 
     </span>
    </p>
   </div>
   <div class='ocr_carea' id='block_1_104' title="bbox 2121 4861 3281 4948">
    <p class='ocr_par' dir='ltr' id='par_1_104' title="bbox 2121 4861 3281 4948">
     <span class='ocr_line' id='line_1_104' title="bbox 2121 4861 3281 4948; baseline -0.004 -16"><span class='ocrx_word' id='word_1_676' title='bbox 2121 4879 2324 4948; x_wconf 75' lang='lat' dir='ltr'><strong>Lingua</strong></span> <span class='ocrx_word' id='word_1_677' title='bbox 2352 4861 2743 4947; x_wconf 59' lang='lat' dir='ltr'><strong>r«-gis°.gladius</strong></span> <span class='ocrx_word' id='word_1_678' title='bbox 2768 4874 2994 4929; x_wconf 86' lang='lat' dir='ltr'><strong>minime</strong></span> <span class='ocrx_word' id='word_1_679' title='bbox 3022 4886 3281 4929; x_wconf 87' lang='lat' dir='ltr'><strong>carueus.</strong></span> 
     </span>
    </p>
   </div>
   <div class='ocr_carea' id='block_1_105' title="bbox 2118 4961 3627 5034">
    <p class='ocr_par' dir='ltr' id='par_1_105' title="bbox 2118 4961 3627 5034">
     <span class='ocr_line' id='line_1_105' title="bbox 2118 4961 3627 5034; baseline -0.007 -9"><span class='ocrx_word' id='word_1_680' title='bbox 2118 4967 2263 5024; x_wconf 82' lang='lat' dir='ltr'><strong>Ibid.</strong></span> <span class='ocrx_word' id='word_1_681' title='bbox 2295 4983 2422 5023; x_wconf 83' lang='lat' dir='ltr'><strong>xxv.</strong></span> <span class='ocrx_word' id='word_1_682' title='bbox 2455 4966 2533 5021; x_wconf 78' lang='lat' dir='ltr'><strong>Ne</strong></span> <span class='ocrx_word' id='word_1_683' title='bbox 2565 4966 2643 5021; x_wconf 91' lang='lat' dir='ltr'><strong>sis</strong></span> <span class='ocrx_word' id='word_1_684' title='bbox 2669 4979 2938 5032; x_wconf 73' lang='lat' dir='ltr'><strong>arrogans</strong></span> <span class='ocrx_word' id='word_1_685' title='bbox 2962 4980 3147 5020; x_wconf 89' lang='lat' dir='ltr'><strong>coram</strong></span> <span class='ocrx_word' id='word_1_686' title='bbox 3178 4979 3324 5034; x_wconf 82' lang='lat' dir='ltr'><strong>rege,</strong></span> <span class='ocrx_word' id='word_1_687' title='bbox 3355 4977 3455 5018; x_wconf 89' lang='lat' dir='ltr'><strong>nec</strong></span> <span class='ocrx_word' id='word_1_688' title='bbox 3481 4961 3627 5032; x_wconf 87' lang='lat' dir='ltr'><strong>prin-</strong></span> 
     </span>
    </p>
   </div>
   <div class='ocr_carea' id='block_1_106' title="bbox 2044 5054 3627 5132">
    <p class='ocr_par' dir='ltr' id='par_1_106' title="bbox 2044 5054 3627 5132">
     <span class='ocr_line' id='line_1_106' title="bbox 2044 5054 3627 5132; baseline -0.006 -14"><span class='ocrx_word' id='word_1_689' title='bbox 2044 5061 2225 5132; x_wconf 88' lang='lat' dir='ltr'><strong>cipum</strong></span> <span class='ocrx_word' id='word_1_690' title='bbox 2274 5060 2394 5114; x_wconf 88' lang='lat' dir='ltr'><strong>loca</strong></span> <span class='ocrx_word' id='word_1_691' title='bbox 2442 5067 2754 5127; x_wconf 84' lang='lat' dir='ltr'><strong>occupato;</strong></span> <span class='ocrx_word' id='word_1_692' title='bbox 2817 5056 3015 5112; x_wconf 88' lang='lat' dir='ltr'><strong>melius</strong></span> <span class='ocrx_word' id='word_1_693' title='bbox 3064 5064 3149 5111; x_wconf 90' lang='lat' dir='ltr'><strong>est</strong></span> <span class='ocrx_word' id='word_1_694' title='bbox 3205 5054 3350 5110; x_wconf 91' lang='lat' dir='ltr'><strong>enim</strong></span> <span class='ocrx_word' id='word_1_695' title='bbox 3410 5064 3468 5109; x_wconf 92' lang='lat' dir='ltr'><strong>ut</strong></span> <span class='ocrx_word' id='word_1_696' title='bbox 3527 5055 3627 5109; x_wconf 84' lang='lat' dir='ltr'><strong>tibi</strong></span> 
     </span>
    </p>
   </div>
   <div class='ocr_carea' id='block_1_107' title="bbox 2042 5148 3625 5221">
    <p class='ocr_par' dir='ltr' id='par_1_107' title="bbox 2042 5148 3625 5221">
     <span class='ocr_line' id='line_1_107' title="bbox 2042 5148 3625 5221; baseline -0.004 -11"><span class='ocrx_word' id='word_1_697' title='bbox 2042 5155 2300 5210; x_wconf 83' lang='lat' dir='ltr'><strong>dicatur:</strong></span> <span class='ocrx_word' id='word_1_698' title='bbox 2334 5151 2584 5207; x_wconf 82' lang='lat' dir='ltr'><strong>Ascende</strong></span> <span class='ocrx_word' id='word_1_699' title='bbox 2647 5149 2716 5205; x_wconf 86' lang='lat' dir='ltr'><strong>ad</strong></span> <span class='ocrx_word' id='word_1_700' title='bbox 2762 5164 2868 5217; x_wconf 91' lang='lat' dir='ltr'><strong>me,</strong></span> <span class='ocrx_word' id='word_1_701' title='bbox 2921 5164 3086 5221; x_wconf 83' lang='lat' dir='ltr'><strong>quam</strong></span> <span class='ocrx_word' id='word_1_702' title='bbox 3142 5157 3204 5204; x_wconf 93' lang='lat' dir='ltr'><strong>ut</strong></span> <span class='ocrx_word' id='word_1_703' title='bbox 3245 5149 3519 5221; x_wconf 84' lang='lat' dir='ltr'><strong>abjiciaris</strong></span> <span class='ocrx_word' id='word_1_704' title='bbox 3570 5148 3625 5204; x_wconf 89' lang='lat' dir='ltr'><strong>in</strong></span> 
     </span>
    </p>
   </div>
   <div class='ocr_carea' id='block_1_108' title="bbox 2046 5243 2586 5316">
    <p class='ocr_par' dir='ltr' id='par_1_108' title="bbox 2046 5243 2586 5316">
     <span class='ocr_line' id='line_1_108' title="bbox 2046 5243 2586 5316; baseline -0.011 -12"><span class='ocrx_word' id='word_1_705' title='bbox 2046 5247 2224 5304; x_wconf 90' lang='lat' dir='ltr'><strong>oculis</strong></span> <span class='ocrx_word' id='word_1_706' title='bbox 2254 5243 2586 5316; x_wconf 89' lang='lat' dir='ltr'><strong>potentium.</strong></span> 
     </span>
    </p>
   </div>
   <div class='ocr_carea' id='block_1_109' title="bbox 2092 5332 3628 5406">
    <p class='ocr_par' dir='ltr' id='par_1_109' title="bbox 2092 5332 3628 5406">
     <span class='ocr_line' id='line_1_109' title="bbox 2092 5332 3628 5406; baseline -0.002 -17"><span class='ocrx_word' id='word_1_707' title='bbox 2092 5336 2256 5393; x_wconf 79' lang='lat' dir='ltr'><strong>Ibid.</strong></span> <span class='ocrx_word' id='word_1_708' title='bbox 2286 5351 2437 5392; x_wconf 84' lang='lat' dir='ltr'><strong>xxtx.</strong></span> <span class='ocrx_word' id='word_1_709' title='bbox 2469 5334 2632 5406; x_wconf 75' lang='lat' dir='ltr'><strong>Regis</strong></span> <span class='ocrx_word' id='word_1_710' title='bbox 2653 5348 2851 5391; x_wconf 81' lang='lat' dir='ltr'><strong>causas</strong></span> <span class='ocrx_word' id='word_1_711' title='bbox 2882 5347 3185 5404; x_wconf 85' lang='lat' dir='ltr'><strong>pauperum</strong></span> <span class='ocrx_word' id='word_1_712' title='bbox 3219 5347 3349 5389; x_wconf 87' lang='lat' dir='ltr'><strong>vere</strong></span> <span class='ocrx_word' id='word_1_713' title='bbox 3374 5332 3628 5403; x_wconf 81' lang='lat' dir='ltr'><strong>judican-</strong></span> 
     </span>
    </p>
   </div>
   <div class='ocr_carea' id='block_1_110' title="bbox 2045 5423 3193 5486">
    <p class='ocr_par' dir='ltr' id='par_1_110' title="bbox 2045 5423 3193 5486">
     <span class='ocr_line' id='line_1_110' title="bbox 2045 5423 3193 5486; baseline -0.004 -2"><span class='ocrx_word' id='word_1_714' title='bbox 2045 5432 2115 5486; x_wconf 90' lang='lat' dir='ltr'><strong>tis</strong></span> <span class='ocrx_word' id='word_1_715' title='bbox 2142 5430 2340 5486; x_wconf 91' lang='lat' dir='ltr'><strong>solium</strong></span> <span class='ocrx_word' id='word_1_716' title='bbox 2379 5428 2434 5482; x_wconf 90' lang='lat' dir='ltr'><strong>in</strong></span> <span class='ocrx_word' id='word_1_717' title='bbox 2465 5425 2781 5482; x_wconf 86' lang='lat' dir='ltr'><strong>testimonio</strong></span> <span class='ocrx_word' id='word_1_718' title='bbox 2816 5423 2976 5480; x_wconf 82' lang='lat' dir='ltr'><strong>ﬁrmo</strong></span> <span class='ocrx_word' id='word_1_719' title='bbox 3003 5425 3193 5479; x_wconf 79' lang='lat' dir='ltr'><strong>Stabit.</strong></span> 
     </span>
    </p>
   </div>
   <div class='ocr_carea' id='block_1_111' title="bbox 2118 5513 3626 5592">
    <p class='ocr_par' dir='ltr' id='par_1_111' title="bbox 2118 5513 3626 5592">
     <span class='ocr_line' id='line_1_111' title="bbox 2118 5513 3626 5592; baseline -0.005 -17"><span class='ocrx_word' id='word_1_720' title='bbox 2118 5519 2260 5576; x_wconf 84' lang='lat' dir='ltr'><strong>Ibid.</strong></span> <span class='ocrx_word' id='word_1_721' title='bbox 2286 5533 2398 5574; x_wconf 72' lang='lat' dir='ltr'><strong>xvr.</strong></span> <span class='ocrx_word' id='word_1_722' title='bbox 2430 5519 2517 5573; x_wconf 88' lang='lat' dir='ltr'><strong>Ira</strong></span> <span class='ocrx_word' id='word_1_723' title='bbox 2548 5516 2695 5592; x_wconf 73' lang='lat' dir='ltr'><strong>regis</strong></span> <span class='ocrx_word' id='word_1_724' title='bbox 2729 5516 2927 5575; x_wconf 87' lang='lat' dir='ltr'><strong>mortis</strong></span> <span class='ocrx_word' id='word_1_725' title='bbox 2960 5514 3148 5570; x_wconf 88' lang='lat' dir='ltr'><strong>nuntia</strong></span> <span class='ocrx_word' id='word_1_726' title='bbox 3178 5521 3273 5570; x_wconf 87' lang='lat' dir='ltr'><strong>:at</strong></span> <span class='ocrx_word' id='word_1_727' title='bbox 3297 5514 3382 5570; x_wconf 82' lang='lat' dir='ltr'><strong>vir</strong></span> <span class='ocrx_word' id='word_1_728' title='bbox 3406 5513 3626 5586; x_wconf 75' lang='lat' dir='ltr'><strong>sapiens</strong></span> 
     </span>
    </p>
   </div>
   <div class='ocr_carea' id='block_1_112' title="bbox 2042 5612 2488 5685">
    <p class='ocr_par' dir='ltr' id='par_1_112' title="bbox 2042 5612 2488 5685">
     <span class='ocr_line' id='line_1_112' title="bbox 2042 5612 2488 5685; baseline -0.004 -17"><span class='ocrx_word' id='word_1_729' title='bbox 2042 5613 2282 5685; x_wconf 88' lang='lat' dir='ltr'><strong>placabit</strong></span> <span class='ocrx_word' id='word_1_730' title='bbox 2311 5612 2488 5668; x_wconf 87' lang='lat' dir='ltr'><strong>illum.</strong></span> 
     </span>
    </p>
   </div>
   <div class='ocr_carea' id='block_1_113' title="bbox 2110 5695 3622 5776">
    <p class='ocr_par' dir='ltr' id='par_1_113' title="bbox 2110 5695 3622 5776">
     <span class='ocr_line' id='line_1_113' title="bbox 2110 5695 3622 5776; baseline -0.007 -16"><span class='ocrx_word' id='word_1_731' title='bbox 2110 5703 2255 5760; x_wconf 87' lang='lat' dir='ltr'><strong>Ibid.</strong></span> <span class='ocrx_word' id='word_1_732' title='bbox 2300 5720 2411 5760; x_wconf 71' lang='grc' dir='ltr'>ιιι.</span> <span class='ocrx_word' id='word_1_733' title='bbox 2472 5704 2630 5776; x_wconf 79' lang='lat' dir='ltr'><strong>Regis</strong></span> <span class='ocrx_word' id='word_1_734' title='bbox 2675 5702 2835 5759; x_wconf 62' lang='lat' dir='ltr'><strong>mium</strong></span> <span class='ocrx_word' id='word_1_735' title='bbox 2869 5701 3047 5760; x_wconf 75' lang='lat' dir='ltr'><strong>leonis</strong></span> <span class='ocrx_word' id='word_1_736' title='bbox 3104 5698 3311 5772; x_wconf 79' lang='grc' dir='ltr'><strong>ι·υείιυί</strong></span> <span class='ocrx_word' id='word_1_737' title='bbox 3388 5695 3622 5767; x_wconf 82' lang='lat' dir='ltr'><strong>similes;</strong></span> 
     </span>
    </p>
   </div>
   <div class='ocr_carea' id='block_1_114' title="bbox 2047 5786 3628 5869">
    <p class='ocr_par' dir='ltr' id='par_1_114' title="bbox 2047 5786 3628 5869">
     <span class='ocr_line' id='line_1_114' title="bbox 2047 5786 3628 5869; baseline -0.005 -16"><span class='ocrx_word' id='word_1_738' title='bbox 2047 5797 2228 5869; x_wconf 88' lang='lat' dir='ltr'><strong>qualis</strong></span> <span class='ocrx_word' id='word_1_739' title='bbox 2266 5805 2451 5854; x_wconf 85' lang='lat' dir='ltr'><strong>autem</strong></span> <span class='ocrx_word' id='word_1_740' title='bbox 2504 5805 2591 5853; x_wconf 86' lang='lat' dir='ltr'><strong>est</strong></span> <span class='ocrx_word' id='word_1_741' title='bbox 2641 5809 2737 5853; x_wconf 86' lang='lat' dir='ltr'><strong>ros</strong></span> <span class='ocrx_word' id='word_1_742' title='bbox 2778 5794 2960 5851; x_wconf 80' lang='lat' dir='ltr'><strong>herbae</strong></span> <span class='ocrx_word' id='word_1_743' title='bbox 3006 5791 3271 5863; x_wconf 80' lang='lat' dir='ltr'><strong>insidens,</strong></span> <span class='ocrx_word' id='word_1_744' title='bbox 3306 5788 3429 5846; x_wconf 85' lang='lat' dir='ltr'><strong>talis</strong></span> <span class='ocrx_word' id='word_1_745' title='bbox 3479 5786 3628 5845; x_wconf 82' lang='lat' dir='ltr'><strong>illius</strong></span> 
     </span>
    </p>
   </div>
   <div class='ocr_carea' id='block_1_115' title="bbox 2047 5889 2933 5947">
    <p class='ocr_par' dir='ltr' id='par_1_115' title="bbox 2047 5889 2933 5947">
     <span class='ocr_line' id='line_1_115' title="bbox 2047 5889 2933 5947; baseline 0 -1"><span class='ocrx_word' id='word_1_746' title='bbox 2047 5889 2318 5947; x_wconf 83' lang='lat' dir='ltr'><strong>hilaritas.</strong></span> <span class='ocrx_word' id='word_1_747' title='bbox 2918 5906 2933 5913; x_wconf 70' lang='grc'><em>’</em></span> 
     </span>
    </p>
   </div>
  </div>
