4038 6400
451 334 556 399 99.)

1716 330 2035 394 ANTONII
2081 330 2425 392 MELISSJ!

3573 317 3709 381 i600

528 449 772 505 Observa
801 447 948 519 regis
969 462 1055 515 os,
1084 447 1211 518 quia
1247 445 1507 517 quidquid
1541 445 1793 509 voluerit,
1817 443 2034 499 efﬁciet:

2200 445 2385 514 Στόμα
2440 441 2705 513 βασιλέως
2757 437 3014 509 φύλαξον,
3058 437 3140 490 ὅτι
3188 434 3297 490 πᾶν
3354 433 3382 487 ὃ
3429 432 3524 486 ἐὰν
3573 433 3709 499 θέλῃ

452 555 664 595 summa
700 541 961 611 praeditus
984 539 1313 595 auctoritate
1335 537 1599 609 loquitur,
1627 547 1680 591 et
1708 536 1910 606 quis.ei
1940 534 2022 590 di-

459 640 566 697 cet,
601 631 742 698 Quid
778 631 938 701 agis?

526 720 703 777 Eccle.
729 738 779 776 x.
809 721 941 793 Regi
972 738 1036 776 ne
1068 723 1120 776 in
1142 723 1474 778 conscientia
1498 723 1716 793 quidem
1743 730 1831 777 tua
1855 724 2025 778 male-

453 810 642 871 dicito.
669 827 769 867 nec
793 813 845 866 in
876 813 1113 868 cubiculi
1149 815 1223 868 tui
1253 822 1402 883 parte
1438 815 1732 869 secretiore
1766 814 2027 884 opulento

454 902 769 966 maledicas,
802 903 925 972 quia
961 904 1199 960 volucris
1223 920 1381 959 aerea
1412 906 1617 959 deferet
1635 920 1821 960 vocem
1854 915 2027 971 tuam,

455 1001 510 1046 et
530 993 619 1061 qui
646 993 902 1062 praeditus
932 1007 1016 1051 est
1039 997 1253 1065 pennis,
1290 1012 1598 1054 sermonem
1634 1008 1787 1052 tuum
1822 1001 2031 1053 denun-

461 1085 638 1140 tiabit.

526 1197 659 1253 Isai.
687 1215 858 1255 nm.
892 1202 969 1257 En
1027 1219 1119 1258 rex
1169 1203 1352 1273 justus
1388 1204 1655 1275 regnabit,
1684 1212 1739 1259 et
1759 1204 2031 1275 principes

458 1303 583 1341 cum
612 1289 829 1358 juStitia
864 1293 1225 1360 imperabunt.

532 1380 775 1450 Pepulus
815 1400 1023 1451 pauper
1077 1397 1132 1439 et
1187 1386 1439 1442 civitates
1499 1387 1777 1441 hominum
1830 1387 2035 1457 injuria

458 1472 780 1529 nti‘ectorum
831 1477 1087 1533 laudibus
1124 1487 1176 1534 te
1206 1479 1461 1545 adicient,
1490 1481 1635 1549 quod
1672 1480 1840 1535 fueris
1880 1482 2037 1535 auxi-

460 1566 532 1619 lio
563 1566 769 1621 civitati
806 1568 1038 1633 amictae,
1071 1578 1123 1625 et
1152 1571 1398 1625 animum
1446 1571 1843 1639 despondentes
1870 1585 2035 1642 prop-

460 1665 544 1711 ter
571 1658 808 1729 inopiam
839 1665 1159 1731 protexeris.

532 1750 746 1822 Diligite
774 1753 1041 1823 justitiam
1077 1760 1169 1827 qui
1199 1757 1461 1829 judicatis
1491 1768 1715 1814 terram.

536 1862 669 1934 Sap.
702 1881 777 1921 vt.
814 1866 930 1922 Rex
963 1870 1205 1935 prudens
1248 1872 1432 1941 populi
1467 1871 1760 1928 stabilitas.

536 1957 754 2011 εἰναι-ἠ.
799 1960 952 2027 Apud
988 1976 1168 2031 regem
1201 1964 1479 2032 captiosus
1514 1978 1580 2018 ne
1611 1974 1754 2019 esto.

541 2050 749 2103 Tobias.
784 2050 949 2120 Regis
979 2067 1240 2108 arcanum
1273 2055 1561 2110 honestum
1608 2063 1693 2112 est
1740 2056 1918 2113 celare
1942 2095 1959 2123 ,
1990 2036 2048 2111 at

464 2137 556 2194 Dei
580 2155 742 2210 opera
772 2146 1089 2200 renuntiare
1120 2145 1443 2217 gloriosum.

537 2230 668 2285 Luc.
699 2248 781 2288 ιιι.
814 2234 1299 2307 interrogaverunt
1331 2245 1514 2294 autem
1546 2255 1670 2295 eum
1695 2248 1750 2294 et
1779 2239 1874 2309 qui
1905 2238 2049 2294 mili-

463 2322 650 2378 tabant
676 2323 764 2380 his
785 2327 997 2383 verbis:
1033 2329 1100 2383 Et
1133 2343 1256 2394 nos,
1286 2329 1561 2400 inquiunt,
1584 2330 1714 2399 quid
1747 2330 2049 2386 faciemus?

472 2417 533 2469 Et
560 2417 684 2472 ille:
707 2415 751 2471 Ν
777 2420 1015 2479 ninam.
1048 2420 1250 2490 inquit,
1276 2423 1610 2477 concutiatis
1639 2432 1733 2477 aut
1754 2421 2046 2478 calumniis

468 2513 752 2579 prematis.
790 2511 856 2565 Et
878 2520 1053 2568 estote
1083 2514 1317 2569 contenti
1349 2514 1634 2581 stipendiis
1665 2515 1883 2569 vestris.

540 2597 571 2651 I
607 2598 757 2653 Petr.
794 2617 854 2655 Il.
888 2600 1233 2671 Subjicimiu'i
1298 2605 1445 2656 omni
1493 2604 1746 2657 humana:
1783 2611 2048 2659 creatum

468 2699 688 2759 propter
717 2690 1030 2756 Dominum,
1072 2695 1188 2749 sive
1228 2695 1344 2764 regi
1381 2704 1639 2764 tanquam
1688 2694 2042 2764 praecellenti.

467 2783 583 2836 sive
620 2780 892 2851 praefectis
920 2825 937 2850 ,
977 2792 1033 2837 ut
1066 2787 1158 2855 qui
1207 2787 1472 2855 perillum
1508 2786 1797 2842 mittuntur
1826 2788 1890 2839 ad
1925 2801 2048 2841 sce-

472 2871 779 2927 lerosorum
828 2872 1050 2943 quidem
1081 2874 1403 2938 vindictam,
1445 2874 1741 2943 proborum
1779 2887 1908 2927 vero
1934 2873 2051 2926 lau-

467 2964 612 3024 dem.

545 3079 702 3149 125
739 3080 892 3136 Rom.
943 3096 1063 3136 λιιι.
1113 3078 1318 3135 Omnes
1369 3078 1620 3135 homines
1683 3077 2046 3148 patestatibus

465 3172 900 3247 praecellentibus
931 3171 1312 3240 subiiciantur.

540 3283 683 3337 Ibid.
713 3284 974 3354 Quisquis
1011 3285 1265 3355 potestati
1304 3284 1534 3348 resiSIit,
1571 3283 1661 3339 Dei
1689 3286 1909 3340 decreto
1962 3300 2049 3339 rev

467 3376 654 3429 sistit:
691 3376 859 3445 atqui
896 3376 1225 3439 restilerint,
1258 3376 1362 3431 sibi
1412 3377 1818 3431 damnationem
1860 3376 2048 3446 acqui-

468 3480 612 3521 rent.
645 3465 931 3536 Principes
955 3468 1098 3521 enim
1122 3482 1231 3520 non
1257 3475 1385 3523 sunt
1412 3477 1591 3521 terror
1620 3468 1890 3521 bonorum
1923 3481 2050 3535 ope-

467 3574 587 3613 rmn
614 3599 631 3624 ,
662 3560 755 3614 sed
787 3559 1082 3614 malorum.
1117 3561 1173 3614 Si
1227 3560 1308 3615 vis
1337 3575 1443 3613 non
1478 3561 1669 3615 timere
1701 3566 2046 3628 potestatem,

464 3651 609 3720 quod
651 3651 858 3706 bonum
905 3661 990 3706 est
1026 3652 1209 3717 tacito,
1248 3660 1301 3707 ct
1349 3653 1420 3706 ab
1458 3652 1546 3705 illa
1592 3651 1804 3704 tandem
1849 3663 2047 3705 conse—

467 3742 673 3813 queris.
714 3741 811 3796 Sin
855 3752 1034 3796 autem
1085 3742 1287 3795 malum
1323 3740 1543 3805 feceris,
1581 3740 1730 3793 time.

546 3830 717 3886 Eccli.
747 3848 804 3885 ι.
841 3830 1033 3897 Qualis
1058 3830 1227 3900 iudex
1260 3832 1471 3900 populi,
1499 3832 1632 3886 tales
1666 3829 2049 3887 suntministri

470 3920 593 3988 ejus
619 3939 634 3974 :
662 3930 717 3976 et
748 3922 925 3990 qualis
954 3921 1296 3991 gubernator
1323 3921 1595 3987 civitatis,
1630 3919 1762 3976 tales
1789 3920 1934 3979 cives
1956 3923 2049 3992 qui

471 4013 527 4071 in
561 4027 623 4067 ea
656 4012 924 4067 habitant.

543 4103 717 4158 Eccle.
752 4119 850 4158 vn.
877 4103 953 4157 Ne
983 4118 1169 4172 quaere
1197 4102 1579 4174 praefecturam
1603 4118 1633 4158 a
1670 4103 1924 4173 Domino,
1949 4119 2052 4162 nec

471 4212 501 4249 a
535 4209 660 4263 rege
687 4193 884 4248 solium
917 4194 1121 4263 gloriae.

544 4285 604 4340 S.
640 4284 846 4340 Basilii.
881 4285 1128 4356 Regnum
1160 4294 1244 4342 est
1277 4286 1515 4358 legitima
1551 4290 1901 4360 praefectura.

546 4399 690 4470 Ergo
722 4408 990 4470 praecepta
1012 4415 1075 4455 ea
1104 4416 1225 4471 quae
1251 4417 1280 4457 a
1312 4418 1438 4473 rege
1472 4406 1780 4470 traduntur,
1810 4407 1901 4475 qui
1925 4407 2051 4471 qui-

2138 536 2374 605 ποιήσει.
2413 532 2774 599 Ἐξουσιάζων
2817 528 2989 597 λαλεῖ,
3020 528 3115 582 καὶ
3162 525 3246 590 τίς
3294 525 3411 594 ἐρεῖ
3441 520 3611 591 αὐτῷ,
3645 520 3713 574 Τί

2138 629 2311 690 ποιεῖς
2338 642 2353 694 ;

2232 720 2321 771 Ἑν
2354 717 2660 787 συνειδήσει
2690 732 2783 768 σου
2818 712 3043 783 βασιλέα
3074 710 3147 780 μὴ
3179 707 3468 779 καταράσῃ
3496 747 3512 769 ,
3542 705 3637 759 καὶ
3661 706 3719 759 ἓν

2143 812 2393 880 ταμείοις
2433 808 2692 870 κοιτῶνός
2725 824 2818 861 σου
2858 804 2934 875 μὴ
2983 801 3273 872 καταράσῃ
3306 798 3583 863 πλούσιον,
3636 797 3720 849 ὅτι

2143 902 2389 956 πετεινλν
2423 902 2518 955 τοῦ
2568 897 2802 971 οὐρανοῦ
2845 896 3060 951 ἀποίσει
3088 894 3188 953 τὴν
3234 894 3418 963 φωνήν
3469 909 3588 958 σου,
3627 887 3721 943 καὶ

2145 995 2174 1047 6
2200 993 2341 1063 ἔχων
2372 994 2649 1062 πτέρυγας
2687 988 2981 1058 ἀναγγελεῖ
3007 987 3164 1055 λόγον
3191 1002 3308 1039 σου.

2223 1195 2356 1249 Ἰδοὺ
2390 1194 2645 1265 βασιλεὺς
2695 1191 2903 1254 δίκαιος
2939 1187 3275 1260 βασιλεύσει,
3320 1188 3416 1240 καὶ
3463 1184 3725 1257 ἄρχοντες

2146 1287 2285 1360 μετά
2320 1288 2554 1358 κρίσεως
2592 1285 2870 1357 ἄρξουσιν.
2926 1320 2934 1328 -

2220 1382 2526 1450 Εὐλογήσει
2558 1397 2617 1433 σε
2653 1382 2681 1433 6
2703 1378 2830 1441 λαὸς
2857 1379 2886 1431 6
2913 1375 3151 1447 πτωχὸς,
3182 1377 3277 1430 ttat
3306 1373 3488 1435 πόλεις
3516 1372 3729 1443 ἀνθρὼ-

2148 1491 2267 1527 πων
2330 1473 2706 1541 ἀδικουμένων
2768 1468 3127 1539 εὐλογήσουσί
3189 1485 3268 1521 σε.
3346 1466 3565 1533 Ἑγένου
3618 1466 3728 1535 γὰρ

2153 1568 2307 1639 πάσῃ
2337 1566 2490 1620 πόλει
2521 1566 2752 1633 ταπεινῇ
2786 1561 3000 1633 βοηθὸς,
3030 1562 3128 1614 καὶ
3166 1562 3280 1623 τοῖς
3308 1559 3629 1628 ἀθυμήσασι
3663 1558 3729 1611 δι’

2147 1657 2356 1712 ἔνδειαν
2390 1657 2589 1726 σκέπη.

2232 1748 2582 1817 Ἀγαπήσατε
2619 1746 2989 1816 δικαιοσύνην,
3043 1745 3097 1797 oi
3139 1744 3421 1813 κρίνοντες
3454 1739 3556 1814 τὴν
3601 1743 3726 1811 γῆν.

2221 1859 2488 1922 Βασιλεὺς
2519 1858 2784 1928 φρόνιμος
2815 1856 3108 1910 εὐστάθεια
3138 1854 3340 1924 δήμου.

2218 1953 2379 2022 Παρὰ
2416 1951 2629 2021 βασιλεῖ
2664 1950 2737 2019 μὴ
2773 1948 3021 2017 σοφίζου.

2218 2046 2537 2116 Μυστήριον
2600 2042 2867 2113 βασιλέως
2907 2040 3074 2095 καλὸν
3135 2039 3404 2110 κρύπτειν
3431 2059 3447 2076 ο
3489 2041 3631 2112 ἔργα
3675 2042 3730 2096 δὲ

2147 2137 2286 2192 Θεοῦ
2318 2136 2679 2205 ἀναγγέλλειν
2711 2134 2941 2200 ἔνδοξον.

2240 2224 2643 2296 Ἐπηρώτησαν
2675 2223 2733 2278 δὲ
2762 2223 2926 2277 αὐτὸν
2953 2224 3050 2278 xui.
3074 2223 3517 2293 στρατευόμενοι,
3547 2223 3731 2291 λέγον.

2146 2337 2240 2383 τες
2267 2333 2284 2352 ⁶
2317 2317 2431 2374 Καὶ
2462 2318 2626 2389 ἡμεῖς
2673 2316 2729 2371 τί
2756 2316 3059 2387 ποιήσομεν
3085 2332 3100 2383 ;
3145 2315 3251 2370 Καὶ
3295 2313 3417 2369 εἷπε
3449 2315 3587 2383 πρὸς
3638 2317 3728 2370 αὐ-

2147 2411 2275 2473 τούς
2296 2427 2311 2443 ·
2347 2407 2571 2478 Μηδένα
2601 2407 2933 2478 διασείσητε,
2966 2406 3100 2476 μηδὲ
3128 2409 3611 2478 συκοφαντήσητε,
3638 2406 3731 2461 καὶ

2150 2502 2411 2573 ἀρκεῖσθε
2447 2503 2561 2565 τοῖς
2590 2501 2843 2569 ὀψωνίοις
2876 2500 3053 2570 ὑμῶν.

2238 2595 2584 2663 Ὑποτάγητε
2621 2594 2769 2665 πάσῃ
2798 2593 3119 2664 ἀνθρωπίνῃ
3150 2592 3329 2645 κτίσει
3361 2592 3450 2647 διὰ
3483 2591 3579 2646 τὸν
3620 2592 3732 2645 K6-

2154 2707 2291 2761 ριον,
2330 2688 2442 2742 εἴτε
2479 2687 2693 2757 βασιλεῖ
2716 2687 2792 2751 ὼς
2827 2686 3171 2758 ὑπερέχοντι,
3222 2687 3334 2740 εἴτε
3362 2686 3630 2756 ἡγεμόσιν
3659 2686 3732 2749 ὡς

2150 2779 2219 2831 δι’
2244 2778 2411 2833 αὐτοῦ
2439 2778 2816 2847 πεμπομένοις
2843 2778 2923 2841 είς
2968 2778 3249 2848 ἐκδίκησιν
3298 2776 3611 2831 κακοποιῶν
3642 2775 3734 2830 καὶ

2150 2872 2371 2925 ἔπαινον
2397 2869 2762 2938 ἀγαθοποιῶν.

2230 3071 2390 3126 Πᾶσα
2417 3070 2564 3143 ψυχὴ
2592 3070 2866 3137 ἐξουσίαις
2892 3071 3292 3143 ὑπερεχούσαις
3322 3071 3732 3127 ὑποτασσέσθω.

2202 3279 2347 3351 .Πᾶς
2408 3279 2436 3331 6
2470 3277 2935 3347 ἀντιτασσόμενος
2968 3280 3034 3348 τῇ
3085 3277 3305 3342 ἐξουσία
3350 3279 3416 3348 τῇ
3455 3277 3550 3330 τοῦ
3602 3275 3734 3330 Θεοῦ

2149 3370 2380 3441 διαταγῇ
2436 3372 2807 3443 ἀνθέστηκενο
2869 3373 2918 3424 ot
2975 3370 3031 3422 δὲ
3080 3370 3479 3438 ἀνθεστηκότες
3525 3371 3737 3432 ἑαυτοῖς

2152 3467 2329 3532 κρῖμα
2375 3463 2661 3532 λήψονται.
2713 3465 2777 3519 Oi
2812 3464 2920 3531 γὰρ
2968 3463 3233 3534 ἄρχοντες
3285 3463 3384 3515 οὐκ
3428 3463 3539 3516 εἰσὶ
3576 3462 3737 3529 φόϐος

2151 3555 2264 3609 τῶν
2288 3556 2508 3623 ἀγαθῶν
2534 3554 2734 3625 ἔργων.
2768 3555 2904 3608 ἀλλὰ
2939 3555 3046 3607 τῶν
3076 3553 3289 3608 κακῶν.
3319 3554 3510 3618 Θέλεις
3540 3555 3620 3624 μὴ
3646 3573 3735 3624 φο-

2154 3650 2368 3703 ϐεῖσθαι
2398 3649 2499 3719 τὴν
2553 3648 2848 3715 ὲξουσίαν;
2898 3647 2960 3701 τὸ
2990 3647 3198 3713 ἀγαθὸν
3257 3647 3422 3709 ποίει,
3464 3648 3557 3701 καὶ
3599 3648 3738 3714 ἕξεις

2153 3740 2380 3795 ἔπαινον
2412 3742 2471 3807 ἐξ
2522 3740 2714 3809 αὐτῆς.
2764 3739 2891 3794 Ἐὰν
2938 3738 2993 3791 δὲ
3034 3738 3094 3792 τὸ
3124 3739 3296 3791 κακὸν
3328 3741 3512 3809 ποιῇς,
3546 3738 3732 3807 φοϐοῦ.

2233 3833 2390 3886 Κατὰ
2421 3832 2514 3885 τὸν
2544 3831 2740 3904 κριτὴν
2769 3830 2863 3883 τοῦ
2898 3829 3055 3894 λαοῦ,
3089 3828 3263 3892 οὕτως
3290 3830 3383 3883 καὶ
3415 3831 3464 3883 οῖ
3498 3829 3739 3899 λειτουρο

2154 3926 2244 3993 γοὶ
2276 3923 2468 3988 αὐτοῦ,
2499 3925 2593 3978 καὶ
2623 3922 2769 3978 κατά
2789 3922 2879 3977 τδν
2901 3922 3209 3992 ἡγούμενον
3237 3921 3339 3991 τῆς
3369 3920 3583 3985 πόλεως
3608 3921 3739 3977 πάν-

2155 4034 2248 4080 τες
2281 4017 2330 4069 οἱ
2366 4014 2755 4077 κατοικοῦντες
2785 4015 2844 4068 ὲν
2870 4013 3036 4085 αὐτῇ.

2231 4106 2324 4178 Μὴ
2362 4108 2517 4178 ζήτει
2570 4108 2724 4178 παρὰ
2773 4105 2984 4177 Κυρίου
3033 4104 3360 4175 ἡγεμονίαν,
3420 4106 3556 4177 μηδὲ
3589 4105 3737 4175 παρά

2159 4200 2427 4271 βασιλέως
2453 4199 2721 4271 καθέδραν
2749 4198 2927 4270 δόξης.

2232 4291 2491 4346 Βασιλεία
2520 4291 2672 4344 ἐστὶν
2698 4289 2923 4358 ἔννομος
2966 4287 3280 4342 ἐπιστασία.

2223 4409 2289 4460 Δί
2323 4402 2417 4458 οὗν
2472 4404 2625 4476 παρά
2659 4404 2927 4476 βασιλέως
2975 4404 3251 4474 διδόμεναι
3299 4403 3596 4473 ὑποθῆκαι,
3646 4400 3733 4456 τοῦ

471 4489 596 4545 dem
633 4491 740 4546 hoc
793 4489 1059 4546 vocabulo
1109 4491 1307 4563 dignus
1364 4492 1552 4560 fuerit,
1611 4495 1849 4564 legitima
1898 4505 2044 4564 sunt,

2160 4515 2223 4566 γε
2258 4497 2477 4569 ἀληθῶς
2518 4499 2619 4566 τῆς
2666 4496 3040 4567 προσηγορίας
3068 4496 3274 4565 ταύτης
3312 4495 3489 4561 ἀξίου.
3514 4495 3651 4550 πολὺ
3681 4494 3737 4545 τὸ

477 4596 827 4636 communem
861 4582 1154 4636 utilitatem
1182 4584 1511 4652 spectantia,
1542 4600 1640 4640 nec
1682 4587 1908 4654 privatae
1938 4589 2048 4640 uti-

474 4670 642 4727 litatis
663 4688 827 4726 causa
850 4666 1185 4743 comparata.
1210 4674 1270 4729 In
1299 4676 1402 4730 hoc
1428 4679 1574 4731 enim
1599 4678 2054 4749 diﬂ'erttyrannus

474 4778 505 4816 a
535 4778 677 4833 rege,
701 4765 846 4833 quod
881 4764 969 4821 ille
1000 4780 1099 4819 sua
1133 4767 1492 4836 undecunque
1516 4776 1725 4837 spectat
1747 4773 2051 4836 commoda,

485 4855 574 4909 hic
602 4870 791 4909 eorum
823 4856 1022 4925 quibus
1052 4866 1247 4925 praeest
1277 4858 1561 4914 utilitatem
1597 4862 1813 4930 quzerit.

553 5057 842 5129 Proprium
873 5070 957 5115 est
986 5060 1128 5131 regis
1167 5060 1237 5116 iis
1268 5061 1466 5131 quibus
1500 5065 1685 5133 praesit
1721 5067 2051 5134 pr05picere.

555 5169 712 5227 Prov.
749 5188 867 5227 xxi.
919 5172 975 5228 Si
1015 5178 1109 5230 eor
1164 5174 1309 5245 regis
1344 5156 1410 5230 in
1466 5190 1631 5231 manu
1668 5176 1761 5233 Dei
1807 5186 1912 5242 est,
1946 5195 2053 5233 non

479 5272 733 5318 servatur
761 5280 1040 5320 armorum
1076 5267 1297 5329 robore,
1344 5268 1439 5323 sed
1491 5269 1676 5324 divino
1723 5271 2056 5328 adminiculo

482 5370 549 5409 ac
575 5354 762 5409 ductu.
796 5356 893 5409 Est
927 5366 1107 5413 autem
1154 5361 1207 5415 iu
1242 5358 1339 5415 Dei
1391 5376 1555 5416 manu
1588 5377 1699 5417 non
1728 5363 1929 5433 quivis,
1958 5366 2053 5421 sed

482 5448 631 5515 regis
659 5448 882 5503 nomine
906 5450 1128 5520 dignus.

552 5561 705 5617 Rom.
758 5579 885 5620 xui.
939 5567 1197 5625 Dominus
1246 5582 1402 5639 reges
1452 5569 1755 5636 constituit,
1800 5580 1854 5626 et
1912 5570 2052 5627 idem

485 5653 710 5722 deponit
762 5674 778 5713 :
845 5672 944 5716 nec
1002 5668 1087 5716 est
1141 5668 1405 5730 potestas,
1470 5662 1574 5718 nisi
1634 5678 1667 5717 ιι
1730 5662 1841 5722 Deo
1903 5666 2054 5723 ordi-

478 5754 625 5804 nata.

2156 4594 2392 4661 νόμιμον
2423 4588 2612 4660 έχουσι
2653 4588 2716 4641 τὺ
2747 4590 2900 4659 κοινῇ
2942 4589 3078 4640 πᾶσι
3108 4587 3386 4650 λυσιτελὲς
3418 4587 3735 4647 σκοποῦσαι,

2159 4685 2254 4737 καὶ
2289 4683 2412 4753 οὐχὶ
2447 4681 2583 4752 πρὸς
2609 4681 2700 4735 τὸν
2738 4680 2943 4734 σκοπὸν
2978 4680 3077 4746 τῆς
3124 4679 3261 4739 ίδίας
3300 4679 3574 4747 ὠφελείας
3620 4694 3737 4729 συν-

2155 4775 2516 4844 τεταγμέναι.
2559 4773 2733 4830 Τοῦτο
2753 4775 2861 4843 γὰρ
2887 4773 3135 4844 διαφέρει
3155 4770 3420 4843 τύραννος
3451 4772 3734 4840 βασιλέως.

2155 4868 2238 4921 ὃτι
2267 4868 2296 4919 6
2334 4867 2432 4938 μὲν
2464 4867 2526 4920 τὸ
2555 4866 2755 4921 ἑαυτοῦ
2782 4866 3122 4933 πανταχόθεν
3154 4865 3369 4931 σκοπεῖ,
3404 4866 3433 4916 6
3460 4864 3517 4916 δὲ
3544 4862 3605 4916 τὸ
3631 4863 3735 4923 τοῖς

2159 4959 2492 5030 ἀρχομένοις
2518 4959 2800 5030 ὠφέλιμον
2831 4956 3138 5028 ὲκπορίζει.

2238 5074 2403 5129 Ἵδιον
2458 5072 2727 5144 βασιλέως
2789 5069 3202 5142 προμηθεῖσθαι
3254 5067 3363 5123 τῶν
3397 5066 3733 5139 ἀρχομένων.

2232 5191 2294 5243 Εἰ
2335 5189 2532 5260 καρδία
2582 5188 2850 5260 βασιλέως
2884 5189 2942 5238 ὲν
2989 5185 3135 5256 χειρὶ
3187 5183 3347 5251 Θεοῦ,
3400 5182 3462 5237 οὐ
3509 5180 3733 5246 σώζεται

2157 5280 2248 5336 διὰ
2279 5281 2575 5351 ὁπλιτικὴν
2631 5280 2882 5351 δύναμιν,
2917 5276 3054 5330 ἀλλά
3099 5277 3189 5331 διὰ
3218 5277 3317 5346 τὴν
3350 5275 3504 5338 θείαν
3551 5288 3735 5343 χειρα-

2157 5373 2367 5443 γωγίαν
2391 5389 2405 5404 ⁸
2438 5374 2496 5426 ἐν
2526 5373 2670 5443 χειρὶ
2701 5372 2756 5426 δὲ
2798 5370 2935 5424 Θεοῦ
2975 5373 3124 5424 ἔστιν
3147 5370 3246 5439 οὐχ
3276 5369 3304 5421 6
3335 5365 3531 5438 τυχὼν,
3563 5362 3676 5417 ἀλλ’
3707 5361 3735 5417 ὁ

2163 5468 2316 5532 ἄξιος
2342 5466 2445 5535 τῆς
2473 5465 2568 5519 τοῦ
2610 5463 2875 5535 βασιλέως
2912 5461 3312 5533 προσηγορίας.

2238 5579 2442 5650 Κύριος
2495 5578 2730 5648 καθιοτᾷ
2780 5576 3020 5645 βασιλεῖς
3055 5576 3146 5629 κα)⁵
3196 5574 3428 5645 μεθιστᾷ
3453 5588 3469 5604 '
3502 5572 3597 5627 καὶ
3637 5569 3738 5629 οὐκ

2163 5671 2312 5728 ἔστιν
2340 5669 2561 5737 ἐξουσία
2591 5670 2640 5722 εἰ
2674 5668 2749 5755 μὴ
2782 5668 2889 5722 ὑπὸ
2911 5666 3046 5720 Θεοῦ
3077 5667 3414 5737 τεταγμένη.
