  <div class='ocr_page' id='page_1' title='image "/cluster/home/n/w/nwhite01/storage/ocr_20150623/136/coo.31924054870419/506.png"; bbox 0 0 4038 6400; ppageno 0'>
   <div class='ocr_carea' id='block_1_1' title="bbox 326 367 456 435">
    <p class='ocr_par' dir='ltr' id='par_1_1' title="bbox 326 367 456 435">
     <span class='ocr_line' id='line_1_1' title="bbox 326 367 456 435; baseline -0.015 -1"><span class='ocrx_word' id='word_1_1' title='bbox 326 367 456 435; x_wconf 79' lang='lat'><strong>100!</strong></span> 
     </span>
    </p>
   </div>
   <div class='ocr_carea' id='block_1_2' title="bbox 1159 369 2647 451">
    <p class='ocr_par' dir='ltr' id='par_1_2' title="bbox 1159 369 2647 451">
     <span class='ocr_line' id='line_1_2' title="bbox 1159 369 2647 451; baseline 0.007 -21"><span class='ocrx_word' id='word_1_2' title='bbox 1159 369 1338 433; x_wconf 86' lang='lat' dir='ltr'><strong>LOCI</strong></span> <span class='ocrx_word' id='word_1_3' title='bbox 1365 370 1806 439; x_wconf 80' lang='lat' dir='ltr'><strong>COMMUNES.</strong></span> <span class='ocrx_word' id='word_1_4' title='bbox 1840 397 1911 410; x_wconf 90' lang='grc'><strong><em>-</em></strong></span> <span class='ocrx_word' id='word_1_5' title='bbox 1946 372 2146 440; x_wconf 75' lang='lat' dir='ltr'><strong>PARS</strong></span> <span class='ocrx_word' id='word_1_6' title='bbox 2186 377 2272 442; x_wconf 89' lang='grc' dir='ltr'>ΙΙ.</span> <span class='ocrx_word' id='word_1_7' title='bbox 2306 378 2568 442; x_wconf 84' lang='lat' dir='ltr'><strong>SERMO</strong></span> <span class='ocrx_word' id='word_1_8' title='bbox 2596 380 2647 451; x_wconf 83' lang='grc' dir='ltr'>Ι,</span> 
     </span>
    </p>
   </div>
   <div class='ocr_carea' id='block_1_3' title="bbox 3466 381 3597 450">
    <p class='ocr_par' dir='ltr' id='par_1_3' title="bbox 3466 381 3597 450">
     <span class='ocr_line' id='line_1_3' title="bbox 3466 381 3597 450; baseline 0.015 -2"><span class='ocrx_word' id='word_1_9' title='bbox 3466 381 3597 450; x_wconf 62' lang='grc' dir='ltr'>ιροε</span> 
     </span>
    </p>
   </div>
   <div class='ocr_carea' id='block_1_4' title="bbox 393 488 1916 577">
    <p class='ocr_par' dir='ltr' id='par_1_4' title="bbox 393 488 1903 567">
     <span class='ocr_line' id='line_1_4' title="bbox 393 488 1903 567; baseline 0.001 -19"><span class='ocrx_word' id='word_1_10' title='bbox 393 491 667 556; x_wconf 76' lang='grc' dir='ltr'><strong>Πολλάκις</strong></span> <span class='ocrx_word' id='word_1_11' title='bbox 691 488 935 563; x_wconf 77' lang='grc' dir='ltr'><strong>ἀκρασία</strong></span> <span class='ocrx_word' id='word_1_12' title='bbox 970 488 1150 562; x_wconf 84' lang='grc' dir='ltr'>δήμου</span> <span class='ocrx_word' id='word_1_13' title='bbox 1180 491 1274 545; x_wconf 78' lang='grc' dir='ltr'>τὸν</span> <span class='ocrx_word' id='word_1_14' title='bbox 1303 493 1578 564; x_wconf 70' lang='grc' dir='ltr'>χείριστον</span> <span class='ocrx_word' id='word_1_15' title='bbox 1610 496 1692 561; x_wconf 81' lang='grc' dir='ltr'><strong>εἰς</strong></span> <span class='ocrx_word' id='word_1_16' title='bbox 1725 495 1903 567; x_wconf 81' lang='grc' dir='ltr'>ἀρχὴν</span> 
     </span>
    </p>
   </div>
   <div class='ocr_carea' id='block_1_5' title="bbox 2031 488 3600 577">
    <p class='ocr_par' dir='ltr' id='par_1_5' title="bbox 2082 497 3600 577">
     <span class='ocr_line' id='line_1_5' title="bbox 2082 497 3600 577; baseline 0.008 -25"><span class='ocrx_word' id='word_1_17' title='bbox 2082 497 2470 569; x_wconf 80' lang='lat' dir='ltr'><strong>Saepenumero</strong></span> <span class='ocrx_word' id='word_1_18' title='bbox 2508 500 2692 574; x_wconf 83' lang='lat' dir='ltr'><strong>populi</strong></span> <span class='ocrx_word' id='word_1_19' title='bbox 2732 501 3053 574; x_wconf 77' lang='lat' dir='ltr'><strong>impotentia</strong></span> <span class='ocrx_word' id='word_1_20' title='bbox 3081 503 3379 562; x_wconf 87' lang='lat' dir='ltr'><strong>deterrimo</strong></span> <span class='ocrx_word' id='word_1_21' title='bbox 3425 509 3600 577; x_wconf 70' lang='lat' dir='ltr'><strong>magi:-</strong></span> 
     </span>
    </p>
   </div>
   <div class='ocr_carea' id='block_1_6' title="bbox 319 586 731 660">
    <p class='ocr_par' dir='ltr' id='par_1_6' title="bbox 319 586 731 660">
     <span class='ocr_line' id='line_1_6' title="bbox 319 586 731 660; baseline 0 -18"><span class='ocrx_word' id='word_1_22' title='bbox 319 586 731 660; x_wconf 74' lang='grc' dir='ltr'>προεστήσατο.</span> 
     </span>
    </p>
   </div>
   <div class='ocr_carea' id='block_1_7' title="bbox 394 670 1905 753">
    <p class='ocr_par' dir='ltr' id='par_1_7' title="bbox 394 670 1905 753">
     <span class='ocr_line' id='line_1_7' title="bbox 394 670 1905 753; baseline 0 -19"><span class='ocrx_word' id='word_1_23' title='bbox 394 679 541 753; x_wconf 79' lang='grc' dir='ltr'>Πρὸς</span> <span class='ocrx_word' id='word_1_24' title='bbox 570 679 634 733; x_wconf 82' lang='grc' dir='ltr'><strong>τὸ</strong></span> <span class='ocrx_word' id='word_1_25' title='bbox 662 676 758 733; x_wconf 81' lang='grc' dir='ltr'><strong>τοῦ</strong></span> <span class='ocrx_word' id='word_1_26' title='bbox 786 676 1050 748; x_wconf 78' lang='grc' dir='ltr'>ἄρχοντος</span> <span class='ocrx_word' id='word_1_27' title='bbox 1081 670 1217 750; x_wconf 75' lang='grc' dir='ltr'>ἦθος</span> <span class='ocrx_word' id='word_1_28' title='bbox 1267 674 1609 734; x_wconf 81' lang='grc' dir='ltr'><strong>πλάττεσθαι</strong></span> <span class='ocrx_word' id='word_1_29' title='bbox 1655 681 1905 748; x_wconf 73' lang='grc' dir='ltr'>πέφυκεν</span> 
     </span>
    </p>
   </div>
   <div class='ocr_carea' id='block_1_8' title="bbox 322 768 1905 845">
    <p class='ocr_par' dir='ltr' id='par_1_8' title="bbox 322 768 1905 845">
     <span class='ocr_line' id='line_1_8' title="bbox 322 768 1905 845; baseline 0 -15"><span class='ocrx_word' id='word_1_30' title='bbox 322 778 399 841; x_wconf 79' lang='grc' dir='ltr'><strong>ὡς</strong></span> <span class='ocrx_word' id='word_1_31' title='bbox 427 777 497 832; x_wconf 78' lang='grc' dir='ltr'><strong>τά</strong></span> <span class='ocrx_word' id='word_1_32' title='bbox 526 774 701 828; x_wconf 83' lang='grc' dir='ltr'>πολλὰ</span> <span class='ocrx_word' id='word_1_33' title='bbox 744 773 806 828; x_wconf 76' lang='grc' dir='ltr'><strong>τὸ</strong></span> <span class='ocrx_word' id='word_1_34' title='bbox 855 773 1180 845; x_wconf 80' lang='grc' dir='ltr'>ἀρχόμενον,</span> <span class='ocrx_word' id='word_1_35' title='bbox 1234 768 1377 825; x_wconf 76' lang='grc' dir='ltr'>ὥστε</span> <span class='ocrx_word' id='word_1_36' title='bbox 1427 772 1605 826; x_wconf 82' lang='grc' dir='ltr'>ὁποῖοί</span> <span class='ocrx_word' id='word_1_37' title='bbox 1667 790 1802 829; x_wconf 89' lang='grc' dir='ltr'>ποτε</span> <span class='ocrx_word' id='word_1_38' title='bbox 1854 776 1905 830; x_wconf 80' lang='grc' dir='ltr'>οἱ</span> 
     </span>
    </p>
   </div>
   <div class='ocr_carea' id='block_1_9' title="bbox 319 859 1906 935">
    <p class='ocr_par' dir='ltr' id='par_1_9' title="bbox 319 859 1906 935">
     <span class='ocr_line' id='line_1_9' title="bbox 319 859 1906 935; baseline -0.002 -12"><span class='ocrx_word' id='word_1_39' title='bbox 319 872 547 934; x_wconf 83' lang='grc' dir='ltr'>ἄγοντες</span> <span class='ocrx_word' id='word_1_40' title='bbox 574 859 702 932; x_wconf 81' lang='grc' dir='ltr'>ὦσι,</span> <span class='ocrx_word' id='word_1_41' title='bbox 751 863 994 920; x_wconf 84' lang='grc' dir='ltr'>τοιοῦτον</span> <span class='ocrx_word' id='word_1_42' title='bbox 1037 863 1257 934; x_wconf 83' lang='grc' dir='ltr'><strong>ἀνάγκη</strong></span> <span class='ocrx_word' id='word_1_43' title='bbox 1305 862 1399 918; x_wconf 77' lang='grc' dir='ltr'>καὶ</span> <span class='ocrx_word' id='word_1_44' title='bbox 1437 862 1530 918; x_wconf 81' lang='grc' dir='ltr'>τὸν</span> <span class='ocrx_word' id='word_1_45' title='bbox 1563 862 1906 935; x_wconf 78' lang='grc' dir='ltr'><strong>ἀναγόμενον</strong></span> 
     </span>
    </p>
   </div>
   <div class='ocr_carea' id='block_1_10' title="bbox 322 959 486 1016">
    <p class='ocr_par' dir='ltr' id='par_1_10' title="bbox 322 959 486 1016">
     <span class='ocr_line' id='line_1_10' title="bbox 322 959 486 1016; baseline 0.006 -2"><span class='ocrx_word' id='word_1_46' title='bbox 322 959 486 1016; x_wconf 73' lang='grc' dir='ltr'>εἶναι.</span> 
     </span>
    </p>
   </div>
   <div class='ocr_carea' id='block_1_11' title="bbox 393 1050 1908 1123">
    <p class='ocr_par' dir='ltr' id='par_1_11' title="bbox 393 1050 1908 1123">
     <span class='ocr_line' id='line_1_11' title="bbox 393 1050 1908 1123; baseline -0.002 -15"><span class='ocrx_word' id='word_1_47' title='bbox 393 1053 574 1108; x_wconf 80' lang='grc' dir='ltr'>Καλὸν</span> <span class='ocrx_word' id='word_1_48' title='bbox 608 1051 696 1105; x_wconf 75' lang='grc' dir='ltr'><strong>ἀεὶ</strong></span> <span class='ocrx_word' id='word_1_49' title='bbox 739 1051 800 1105; x_wconf 78' lang='grc' dir='ltr'>τὸ</span> <span class='ocrx_word' id='word_1_50' title='bbox 829 1051 1104 1123; x_wconf 88' lang='grc' dir='ltr'>χείριστον</span> <span class='ocrx_word' id='word_1_51' title='bbox 1145 1050 1253 1104; x_wconf 73' lang='grc' dir='ltr'><strong>ὑπὸ</strong></span> <span class='ocrx_word' id='word_1_52' title='bbox 1291 1051 1385 1105; x_wconf 83' lang='grc' dir='ltr'>τοῦ</span> <span class='ocrx_word' id='word_1_53' title='bbox 1418 1053 1730 1123; x_wconf 84' lang='grc' dir='ltr'>κρείττονος</span> <span class='ocrx_word' id='word_1_54' title='bbox 1778 1054 1908 1123; x_wconf 82' lang='grc' dir='ltr'>ἄγε-</span> 
     </span>
    </p>
   </div>
   <div class='ocr_carea' id='block_1_12' title="bbox 322 1146 469 1201">
    <p class='ocr_par' dir='ltr' id='par_1_12' title="bbox 322 1146 469 1201">
     <span class='ocr_line' id='line_1_12' title="bbox 322 1146 469 1201; baseline 0.007 -1"><span class='ocrx_word' id='word_1_55' title='bbox 322 1146 469 1201; x_wconf 87' lang='grc' dir='ltr'>σθαι.</span> 
     </span>
    </p>
   </div>
   <div class='ocr_carea' id='block_1_13' title="bbox 394 1238 1904 1310">
    <p class='ocr_par' dir='ltr' id='par_1_13' title="bbox 394 1238 1904 1310">
     <span class='ocr_line' id='line_1_13' title="bbox 394 1238 1904 1310; baseline 0 -16"><span class='ocrx_word' id='word_1_56' title='bbox 394 1240 627 1305; x_wconf 88' lang='grc' dir='ltr'>Παλαιός</span> <span class='ocrx_word' id='word_1_57' title='bbox 652 1241 766 1293; x_wconf 69' lang='grc' dir='ltr'>ἐστι</span> <span class='ocrx_word' id='word_1_58' title='bbox 794 1238 953 1306; x_wconf 85' lang='grc' dir='ltr'>λόγος</span> <span class='ocrx_word' id='word_1_59' title='bbox 987 1238 1115 1301; x_wconf 79' lang='grc' dir='ltr'>τοὺς</span> <span class='ocrx_word' id='word_1_60' title='bbox 1152 1240 1357 1310; x_wconf 82' lang='grc' dir='ltr'>ἀρετῆς</span> <span class='ocrx_word' id='word_1_61' title='bbox 1397 1238 1904 1309; x_wconf 70' lang='grc' dir='ltr'><strong>μεταποιουμένους</strong></span> 
     </span>
    </p>
   </div>
   <div class='ocr_carea' id='block_1_14' title="bbox 326 1330 1618 1402">
    <p class='ocr_par' dir='ltr' id='par_1_14' title="bbox 326 1330 1618 1402">
     <span class='ocr_line' id='line_1_14' title="bbox 326 1330 1618 1402; baseline 0.001 -18"><span class='ocrx_word' id='word_1_62' title='bbox 326 1331 448 1402; x_wconf 78' lang='grc' dir='ltr'>μεθ’</span> <span class='ocrx_word' id='word_1_63' title='bbox 478 1331 674 1402; x_wconf 75' lang='grc' dir='ltr'>ἡδονῆς</span> <span class='ocrx_word' id='word_1_64' title='bbox 705 1331 907 1393; x_wconf 76' lang='grc' dir='ltr'>αὐτοὺς</span> <span class='ocrx_word' id='word_1_65' title='bbox 944 1332 1019 1400; x_wconf 83' lang='grc' dir='ltr'>μὴ</span> <span class='ocrx_word' id='word_1_66' title='bbox 1049 1330 1367 1385; x_wconf 76' lang='grc' dir='ltr'>ἐπιϐάλλειν</span> <span class='ocrx_word' id='word_1_67' title='bbox 1399 1331 1618 1402; x_wconf 82' lang='grc' dir='ltr'><strong>ἀρχαῖς.</strong></span> 
     </span>
    </p>
   </div>
   <div class='ocr_carea' id='block_1_15' title="bbox 395 1421 1904 1494">
    <p class='ocr_par' dir='ltr' id='par_1_15' title="bbox 395 1421 1904 1494">
     <span class='ocr_line' id='line_1_15' title="bbox 395 1421 1904 1494; baseline -0.001 -17"><span class='ocrx_word' id='word_1_68' title='bbox 395 1425 503 1477; x_wconf 85' lang='grc' dir='ltr'><strong>Τὸν</strong></span> <span class='ocrx_word' id='word_1_69' title='bbox 535 1424 859 1494; x_wconf 82' lang='grc' dir='ltr'><strong>προεστῶτα</strong></span> <span class='ocrx_word' id='word_1_70' title='bbox 908 1423 985 1493; x_wconf 80' lang='grc' dir='ltr'>μὴ</span> <span class='ocrx_word' id='word_1_71' title='bbox 1021 1423 1298 1494; x_wconf 81' lang='grc' dir='ltr'>ὲπαιρέτω</span> <span class='ocrx_word' id='word_1_72' title='bbox 1330 1423 1392 1476; x_wconf 76' lang='grc' dir='ltr'>τὸ</span> <span class='ocrx_word' id='word_1_73' title='bbox 1422 1422 1664 1493; x_wconf 78' lang='grc' dir='ltr'>ἀξίωμα,</span> <span class='ocrx_word' id='word_1_74' title='bbox 1706 1421 1794 1476; x_wconf 84' lang='grc' dir='ltr'><strong>ἴνα</strong></span> <span class='ocrx_word' id='word_1_75' title='bbox 1829 1421 1904 1494; x_wconf 77' lang='grc' dir='ltr'>μὴ</span> 
     </span>
    </p>
   </div>
   <div class='ocr_carea' id='block_1_16' title="bbox 322 1514 1761 1589">
    <p class='ocr_par' dir='ltr' id='par_1_16' title="bbox 322 1514 1761 1589">
     <span class='ocr_line' id='line_1_16' title="bbox 322 1514 1761 1589; baseline -0.001 -16"><span class='ocrx_word' id='word_1_76' title='bbox 322 1519 536 1589; x_wconf 79' lang='grc' dir='ltr'><strong>ἐκπέσῃ</strong></span> <span class='ocrx_word' id='word_1_77' title='bbox 565 1516 661 1570; x_wconf 78' lang='grc' dir='ltr'>τοῦ</span> <span class='ocrx_word' id='word_1_78' title='bbox 698 1514 1057 1587; x_wconf 84' lang='grc' dir='ltr'>μακαρισμοῦ</span> <span class='ocrx_word' id='word_1_79' title='bbox 1097 1517 1198 1585; x_wconf 81' lang='grc' dir='ltr'><strong>τῆς</strong></span> <span class='ocrx_word' id='word_1_80' title='bbox 1228 1515 1761 1587; x_wconf 79' lang='grc' dir='ltr'>ταπεινοφροσύνης.</span> 
     </span>
    </p>
   </div>
   <div class='ocr_carea' id='block_1_17' title="bbox 401 1694 1906 1768">
    <p class='ocr_par' dir='ltr' id='par_1_17' title="bbox 401 1694 1906 1768">
     <span class='ocr_line' id='line_1_17' title="bbox 401 1694 1906 1768; baseline 0.001 -19"><span class='ocrx_word' id='word_1_81' title='bbox 401 1695 473 1749; x_wconf 90' lang='grc' dir='ltr'><strong><em>Ἦ</em></strong></span> <span class='ocrx_word' id='word_1_82' title='bbox 523 1696 623 1765; x_wconf 82' lang='grc' dir='ltr'>μὲν</span> <span class='ocrx_word' id='word_1_83' title='bbox 669 1695 1178 1767; x_wconf 72' lang='grc' dir='ltr'>ἀταξίαοάναρχίας</span> <span class='ocrx_word' id='word_1_84' title='bbox 1225 1695 1345 1749; x_wconf 72' lang='grc' dir='ltr'>ἐστὶ</span> <span class='ocrx_word' id='word_1_85' title='bbox 1403 1694 1736 1768; x_wconf 79' lang='grc' dir='ltr'>γνώρισμα,</span> <span class='ocrx_word' id='word_1_86' title='bbox 1784 1695 1906 1768; x_wconf 83' lang='grc' dir='ltr'><strong>ἡδὲ</strong></span> 
     </span>
    </p>
   </div>
   <div class='ocr_carea' id='block_1_18' title="bbox 320 1786 1909 1859">
    <p class='ocr_par' dir='ltr' id='par_1_18' title="bbox 320 1786 1909 1859">
     <span class='ocr_line' id='line_1_18' title="bbox 320 1786 1909 1859; baseline 0.001 -18"><span class='ocrx_word' id='word_1_87' title='bbox 320 1790 478 1856; x_wconf 80' lang='grc' dir='ltr'>τάξις</span> <span class='ocrx_word' id='word_1_88' title='bbox 505 1788 598 1841; x_wconf 72' lang='grc' dir='ltr'>τὸν</span> <span class='ocrx_word' id='word_1_89' title='bbox 628 1786 1034 1859; x_wconf 81' lang='grc' dir='ltr'><strong>ἡγεμονεύοντα</strong></span> <span class='ocrx_word' id='word_1_90' title='bbox 1061 1787 1323 1842; x_wconf 80' lang='grc' dir='ltr'>δείκνυσι.</span> <span class='ocrx_word' id='word_1_91' title='bbox 1352 1787 1418 1840; x_wconf 90' lang='grc' dir='ltr'>Τί</span> <span class='ocrx_word' id='word_1_92' title='bbox 1457 1790 1566 1858; x_wconf 85' lang='grc' dir='ltr'><strong>γάρ</strong></span> <span class='ocrx_word' id='word_1_93' title='bbox 1590 1788 1785 1857; x_wconf 69' lang='grc' dir='ltr'>ὕφελος</span> <span class='ocrx_word' id='word_1_94' title='bbox 1811 1807 1909 1843; x_wconf 83' lang='grc' dir='ltr'>κυ-</span> 
     </span>
    </p>
   </div>
   <div class='ocr_carea' id='block_1_19' title="bbox 322 1878 1906 1956">
    <p class='ocr_par' dir='ltr' id='par_1_19' title="bbox 322 1878 1906 1956">
     <span class='ocr_line' id='line_1_19' title="bbox 322 1878 1906 1956; baseline -0.001 -20"><span class='ocrx_word' id='word_1_95' title='bbox 322 1885 563 1956; x_wconf 75' lang='grc' dir='ltr'>ϐερνήτῃ</span> <span class='ocrx_word' id='word_1_96' title='bbox 594 1878 731 1934; x_wconf 84' lang='grc' dir='ltr'>εἶναι</span> <span class='ocrx_word' id='word_1_97' title='bbox 759 1881 1021 1952; x_wconf 79' lang='grc' dir='ltr'>χρηστὸν,</span> <span class='ocrx_word' id='word_1_98' title='bbox 1046 1883 1305 1950; x_wconf 86' lang='grc' dir='ltr'>πονηροῖς</span> <span class='ocrx_word' id='word_1_99' title='bbox 1333 1878 1619 1952; x_wconf 85' lang='grc' dir='ltr'>χρώμενον</span> <span class='ocrx_word' id='word_1_100' title='bbox 1647 1882 1865 1950; x_wconf 79' lang='grc' dir='ltr'>ἐρέταις</span> <span class='ocrx_word' id='word_1_101' title='bbox 1890 1897 1906 1949; x_wconf 87' lang='lat'><strong>;</strong></span> 
     </span>
    </p>
   </div>
   <div class='ocr_carea' id='block_1_20' title="bbox 394 2063 1911 2142">
    <p class='ocr_par' dir='ltr' id='par_1_20' title="bbox 394 2063 1911 2142">
     <span class='ocr_line' id='line_1_20' title="bbox 394 2063 1911 2142; baseline -0.003 -20"><span class='ocrx_word' id='word_1_102' title='bbox 394 2067 469 2123; x_wconf 86' lang='grc' dir='ltr'>Τό</span> <span class='ocrx_word' id='word_1_103' title='bbox 502 2085 561 2121; x_wconf 81' lang='grc' dir='ltr'><strong>τε</strong></span> <span class='ocrx_word' id='word_1_104' title='bbox 594 2068 702 2142; x_wconf 86' lang='grc' dir='ltr'><strong>γὰρ</strong></span> <span class='ocrx_word' id='word_1_105' title='bbox 756 2068 993 2140; x_wconf 81' lang='grc' dir='ltr'>ἄναρχον</span> <span class='ocrx_word' id='word_1_106' title='bbox 1039 2068 1318 2127; x_wconf 77' lang='grc' dir='ltr'>ἄτακτονο</span> <span class='ocrx_word' id='word_1_107' title='bbox 1374 2064 1436 2127; x_wconf 82' lang='grc' dir='ltr'><strong>τό</strong></span> <span class='ocrx_word' id='word_1_108' title='bbox 1479 2080 1541 2116; x_wconf 88' lang='grc' dir='ltr'><strong>τε</strong></span> <span class='ocrx_word' id='word_1_109' title='bbox 1594 2063 1911 2141; x_wconf 82' lang='grc' dir='ltr'>πολύαρχον</span> 
     </span>
    </p>
   </div>
   <div class='ocr_carea' id='block_1_21' title="bbox 323 2162 637 2224">
    <p class='ocr_par' dir='ltr' id='par_1_21' title="bbox 323 2162 637 2224">
     <span class='ocr_line' id='line_1_21' title="bbox 323 2162 637 2224; baseline -0.013 -6"><span class='ocrx_word' id='word_1_110' title='bbox 323 2162 637 2224; x_wconf 79' lang='grc' dir='ltr'>στασιῶδες.</span> 
     </span>
    </p>
   </div>
   <div class='ocr_carea' id='block_1_22' title="bbox 392 2337 1987 2413">
    <p class='ocr_par' dir='ltr' id='par_1_22' title="bbox 392 2337 1987 2413">
     <span class='ocr_line' id='line_1_22' title="bbox 392 2337 1987 2413; baseline -0.004 -16"><span class='ocrx_word' id='word_1_111' title='bbox 392 2343 486 2413; x_wconf 80' lang='grc' dir='ltr'><strong>Μή</strong></span> <span class='ocrx_word' id='word_1_112' title='bbox 517 2359 624 2405; x_wconf 90' lang='grc' dir='ltr'>τις,</span> <span class='ocrx_word' id='word_1_113' title='bbox 664 2339 784 2394; x_wconf 66' lang='grc' dir='ltr'>ἐνὸν</span> <span class='ocrx_word' id='word_1_114' title='bbox 821 2339 1125 2403; x_wconf 76' lang='grc' dir='ltr'>ἀκινδύνως</span> <span class='ocrx_word' id='word_1_115' title='bbox 1177 2338 1430 2406; x_wconf 80' lang='grc' dir='ltr'>ἕπεσθαι,</span> <span class='ocrx_word' id='word_1_116' title='bbox 1463 2337 1657 2411; x_wconf 77' lang='grc' dir='ltr'>ἄρχειν</span> <span class='ocrx_word' id='word_1_117' title='bbox 1696 2340 1937 2394; x_wconf 58' lang='grc' dir='ltr'>ἐπικινι</span> <span class='ocrx_word' id='word_1_118' title='bbox 1982 2386 1987 2391; x_wconf 83' lang='lat'><strong>.</strong></span> 
     </span>
    </p>
   </div>
   <div class='ocr_carea' id='block_1_23' title="bbox 324 2431 1911 2504">
    <p class='ocr_par' dir='ltr' id='par_1_23' title="bbox 324 2431 1911 2504">
     <span class='ocr_line' id='line_1_23' title="bbox 324 2431 1911 2504; baseline -0.001 -15"><span class='ocrx_word' id='word_1_119' title='bbox 324 2434 495 2499; x_wconf 84' lang='grc' dir='ltr'>δύνως</span> <span class='ocrx_word' id='word_1_120' title='bbox 522 2433 887 2504; x_wconf 84' lang='grc' dir='ltr'>ὲπιθυμείτω,</span> <span class='ocrx_word' id='word_1_121' title='bbox 925 2431 1051 2503; x_wconf 80' lang='grc' dir='ltr'>μηδ’</span> <span class='ocrx_word' id='word_1_122' title='bbox 1079 2434 1109 2485; x_wconf 83' lang='grc' dir='ltr'><strong><em>ὁ</em></strong></span> <span class='ocrx_word' id='word_1_123' title='bbox 1150 2436 1252 2503; x_wconf 74' lang='grc' dir='ltr'>τῆς</span> <span class='ocrx_word' id='word_1_124' title='bbox 1301 2433 1588 2502; x_wconf 80' lang='grc' dir='ltr'>ὑποταγῆς</span> <span class='ocrx_word' id='word_1_125' title='bbox 1614 2433 1779 2503; x_wconf 89' lang='grc' dir='ltr'>νόμος</span> <span class='ocrx_word' id='word_1_126' title='bbox 1813 2451 1911 2488; x_wconf 90' lang='grc' dir='ltr'>κα-</span> 
     </span>
    </p>
   </div>
   <div class='ocr_carea' id='block_1_24' title="bbox 323 2524 1908 2598">
    <p class='ocr_par' dir='ltr' id='par_1_24' title="bbox 323 2524 1908 2598">
     <span class='ocr_line' id='line_1_24' title="bbox 323 2524 1908 2598; baseline 0.001 -17"><span class='ocrx_word' id='word_1_127' title='bbox 323 2527 625 2592; x_wconf 72' lang='grc' dir='ltr'>ταλυέσθω,</span> <span class='ocrx_word' id='word_1_128' title='bbox 659 2528 692 2598; x_wconf 78' lang='grc' dir='ltr'><strong>ἢ</strong></span> <span class='ocrx_word' id='word_1_129' title='bbox 722 2524 817 2579; x_wconf 77' lang='grc' dir='ltr'>κα).</span> <span class='ocrx_word' id='word_1_130' title='bbox 846 2527 917 2580; x_wconf 85' lang='grc' dir='ltr'>τὰ</span> <span class='ocrx_word' id='word_1_131' title='bbox 946 2526 1169 2595; x_wconf 79' lang='grc' dir='ltr'>ἐπίγεια</span> <span class='ocrx_word' id='word_1_132' title='bbox 1200 2526 1415 2598; x_wconf 79' lang='grc' dir='ltr'>συνέχει</span> <span class='ocrx_word' id='word_1_133' title='bbox 1440 2529 1535 2583; x_wconf 77' lang='grc' dir='ltr'>καὶ</span> <span class='ocrx_word' id='word_1_134' title='bbox 1566 2527 1633 2581; x_wconf 86' lang='grc' dir='ltr'><strong>τὰ</strong></span> <span class='ocrx_word' id='word_1_135' title='bbox 1657 2527 1908 2598; x_wconf 84' lang='grc' dir='ltr'>οὐράνια.</span> 
     </span>
    </p>
   </div>
   <div class='ocr_carea' id='block_1_25' title="bbox 391 2620 1911 2699">
    <p class='ocr_par' dir='ltr' id='par_1_25' title="bbox 391 2620 1911 2699">
     <span class='ocr_line' id='line_1_25' title="bbox 391 2620 1911 2699; baseline -0.001 -22"><span class='ocrx_word' id='word_1_136' title='bbox 391 2621 471 2677; x_wconf 76' lang='grc' dir='ltr'><strong>’Τὸ</strong></span> <span class='ocrx_word' id='word_1_137' title='bbox 521 2621 812 2699; x_wconf 83' lang='grc' dir='ltr'>βούλεσθαι</span> <span class='ocrx_word' id='word_1_138' title='bbox 844 2620 1118 2690; x_wconf 81' lang='grc' dir='ltr'>βασιλέως</span> <span class='ocrx_word' id='word_1_139' title='bbox 1155 2620 1404 2692; x_wconf 79' lang='grc' dir='ltr'>ἄγραφός</span> <span class='ocrx_word' id='word_1_140' title='bbox 1452 2621 1571 2674; x_wconf 86' lang='grc' dir='ltr'>ὲστι</span> <span class='ocrx_word' id='word_1_141' title='bbox 1612 2621 1778 2693; x_wconf 89' lang='grc' dir='ltr'>νόμος</span> <span class='ocrx_word' id='word_1_142' title='bbox 1831 2621 1911 2689; x_wconf 83' lang='grc' dir='ltr'>τῷ</span> 
     </span>
    </p>
   </div>
   <div class='ocr_carea' id='block_1_26' title="bbox 323 2710 1910 2784">
    <p class='ocr_par' dir='ltr' id='par_1_26' title="bbox 323 2710 1910 2784">
     <span class='ocr_line' id='line_1_26' title="bbox 323 2710 1910 2784; baseline 0 -18"><span class='ocrx_word' id='word_1_143' title='bbox 323 2714 519 2783; x_wconf 81' lang='grc' dir='ltr'>κράτει</span> <span class='ocrx_word' id='word_1_144' title='bbox 554 2710 1052 2782; x_wconf 80' lang='grc' dir='ltr'>συνηγορούμενος,</span> <span class='ocrx_word' id='word_1_145' title='bbox 1087 2713 1184 2765; x_wconf 77' lang='grc' dir='ltr'>καὶ</span> <span class='ocrx_word' id='word_1_146' title='bbox 1222 2710 1358 2765; x_wconf 88' lang='grc' dir='ltr'>πολύ</span> <span class='ocrx_word' id='word_1_147' title='bbox 1390 2728 1455 2781; x_wconf 89' lang='grc' dir='ltr'><strong>γε</strong></span> <span class='ocrx_word' id='word_1_148' title='bbox 1497 2711 1610 2765; x_wconf 86' lang='grc' dir='ltr'><strong>τῶν</strong></span> <span class='ocrx_word' id='word_1_149' title='bbox 1644 2713 1910 2784; x_wconf 85' lang='grc' dir='ltr'>γραπτῶν</span> 
     </span>
    </p>
   </div>
   <div class='ocr_carea' id='block_1_27' title="bbox 327 2800 1699 2874">
    <p class='ocr_par' dir='ltr' id='par_1_27' title="bbox 327 2800 1699 2874">
     <span class='ocr_line' id='line_1_27' title="bbox 327 2800 1699 2874; baseline 0.003 -20"><span class='ocrx_word' id='word_1_150' title='bbox 327 2801 700 2873; x_wconf 72' lang='grc' dir='ltr'>ἰσχυρότερος,</span> <span class='ocrx_word' id='word_1_151' title='bbox 733 2801 845 2855; x_wconf 85' lang='grc' dir='ltr'><strong>τῶν</strong></span> <span class='ocrx_word' id='word_1_152' title='bbox 874 2801 936 2854; x_wconf 85' lang='grc' dir='ltr'>οὐ</span> <span class='ocrx_word' id='word_1_153' title='bbox 971 2800 1263 2871; x_wconf 79' lang='grc' dir='ltr'>δυναστείᾳ</span> <span class='ocrx_word' id='word_1_154' title='bbox 1289 2801 1699 2874; x_wconf 77' lang='grc' dir='ltr'>βοηθουμένων.</span> 
     </span>
    </p>
   </div>
   <div class='ocr_carea' id='block_1_28' title="bbox 396 2891 1909 2966">
    <p class='ocr_par' dir='ltr' id='par_1_28' title="bbox 396 2891 1909 2966">
     <span class='ocr_line' id='line_1_28' title="bbox 396 2891 1909 2966; baseline 0.001 -18"><span class='ocrx_word' id='word_1_155' title='bbox 396 2894 462 2948; x_wconf 76' lang='lat' dir='ltr'><strong>Oi</strong></span> <span class='ocrx_word' id='word_1_156' title='bbox 494 2892 762 2965; x_wconf 79' lang='grc' dir='ltr'>βασιλεῖς,</span> <span class='ocrx_word' id='word_1_157' title='bbox 791 2891 1033 2948; x_wconf 75' lang='grc' dir='ltr'>αἰδεῖσθε</span> <span class='ocrx_word' id='word_1_158' title='bbox 1062 2891 1165 2962; x_wconf 81' lang='grc' dir='ltr'><strong>τὴν</strong></span> <span class='ocrx_word' id='word_1_159' title='bbox 1191 2892 1511 2963; x_wconf 79' lang='grc' dir='ltr'>ἁλουργίδα.</span> <span class='ocrx_word' id='word_1_160' title='bbox 1531 2893 1909 2966; x_wconf 81' lang='grc' dir='ltr'>Νομοθετήσει</span> 
     </span>
    </p>
   </div>
   <div class='ocr_carea' id='block_1_29' title="bbox 322 2982 1911 3056">
    <p class='ocr_par' dir='ltr' id='par_1_29' title="bbox 322 2982 1911 3056">
     <span class='ocr_line' id='line_1_29' title="bbox 322 2982 1911 3056; baseline 0.003 -17"><span class='ocrx_word' id='word_1_161' title='bbox 322 2984 436 3056; x_wconf 79' lang='grc' dir='ltr'><strong>γάρ</strong></span> <span class='ocrx_word' id='word_1_162' title='bbox 468 2983 564 3038; x_wconf 76' lang='grc' dir='ltr'>καὶ</span> <span class='ocrx_word' id='word_1_163' title='bbox 606 2982 931 3054; x_wconf 75' lang='grc' dir='ltr'>νομοθέταις</span> <span class='ocrx_word' id='word_1_164' title='bbox 976 2985 1006 3037; x_wconf 86' lang='grc' dir='ltr'><strong>ό</strong></span> <span class='ocrx_word' id='word_1_165' title='bbox 1041 2982 1224 3053; x_wconf 84' lang='grc' dir='ltr'>λόγος.</span> <span class='ocrx_word' id='word_1_166' title='bbox 1275 2983 1590 3039; x_wconf 83' lang='grc' dir='ltr'>Γινώσκετε</span> <span class='ocrx_word' id='word_1_167' title='bbox 1640 2986 1694 3040; x_wconf 85' lang='grc' dir='ltr'><strong>τί</strong></span> <span class='ocrx_word' id='word_1_168' title='bbox 1726 2986 1787 3041; x_wconf 82' lang='grc' dir='ltr'><strong>τὸ</strong></span> <span class='ocrx_word' id='word_1_169' title='bbox 1818 3004 1911 3044; x_wconf 86' lang='grc' dir='ltr'>πι-</span> 
     </span>
    </p>
   </div>
   <div class='ocr_carea' id='block_1_30' title="bbox 323 3058 1912 3149">
    <p class='ocr_par' dir='ltr' id='par_1_30' title="bbox 323 3058 1912 3149">
     <span class='ocr_line' id='line_1_30' title="bbox 323 3058 1912 3149; baseline -0.006 -19"><span class='ocrx_word' id='word_1_170' title='bbox 323 3058 550 3131; x_wconf 75' lang='grc' dir='ltr'>στευθὲν</span> <span class='ocrx_word' id='word_1_171' title='bbox 580 3075 733 3146; x_wconf 81' lang='grc' dir='ltr'>ὑμῖν,</span> <span class='ocrx_word' id='word_1_172' title='bbox 780 3074 874 3129; x_wconf 81' lang='grc' dir='ltr'>καὶ</span> <span class='ocrx_word' id='word_1_173' title='bbox 905 3072 958 3128; x_wconf 91' lang='grc' dir='ltr'><strong>τί</strong></span> <span class='ocrx_word' id='word_1_174' title='bbox 984 3074 1046 3128; x_wconf 80' lang='grc' dir='ltr'>τὸ</span> <span class='ocrx_word' id='word_1_175' title='bbox 1077 3075 1210 3146; x_wconf 78' lang='grc' dir='ltr'>περὶ</span> <span class='ocrx_word' id='word_1_176' title='bbox 1250 3075 1399 3146; x_wconf 82' lang='grc' dir='ltr'>ὑμᾶς</span> <span class='ocrx_word' id='word_1_177' title='bbox 1440 3077 1745 3149; x_wconf 88' lang='grc' dir='ltr'>μυστήριον</span> <span class='ocrx_word' id='word_1_178' title='bbox 1769 3092 1788 3113; x_wconf 69' lang='grc' dir='ltr'>ν</span> <span class='ocrx_word' id='word_1_179' title='bbox 1817 3081 1912 3134; x_wconf 71' lang='grc' dir='ltr'><strong>κά-</strong></span> 
     </span>
    </p>
   </div>
   <div class='ocr_carea' id='block_1_31' title="bbox 326 3167 1910 3244">
    <p class='ocr_par' dir='ltr' id='par_1_31' title="bbox 326 3167 1910 3244">
     <span class='ocr_line' id='line_1_31' title="bbox 326 3167 1910 3244; baseline 0.003 -20"><span class='ocrx_word' id='word_1_180' title='bbox 326 3186 465 3240; x_wconf 88' lang='grc' dir='ltr'>σμος</span> <span class='ocrx_word' id='word_1_181' title='bbox 496 3168 617 3232; x_wconf 84' lang='grc' dir='ltr'>ὅλος</span> <span class='ocrx_word' id='word_1_182' title='bbox 673 3167 780 3222; x_wconf 81' lang='grc' dir='ltr'>ὑπὸ</span> <span class='ocrx_word' id='word_1_183' title='bbox 814 3168 975 3239; x_wconf 88' lang='grc' dir='ltr'>χεῖρα</span> <span class='ocrx_word' id='word_1_184' title='bbox 1002 3168 1102 3241; x_wconf 82' lang='grc' dir='ltr'>τὴν</span> <span class='ocrx_word' id='word_1_185' title='bbox 1152 3168 1430 3241; x_wconf 77' lang='grc' dir='ltr'>ὑμετέραν</span> <span class='ocrx_word' id='word_1_186' title='bbox 1464 3170 1760 3242; x_wconf 83' lang='grc' dir='ltr'>διαδήματι</span> <span class='ocrx_word' id='word_1_187' title='bbox 1822 3191 1910 3244; x_wconf 90' lang='grc' dir='ltr'>μι-</span> 
     </span>
    </p>
   </div>
   <div class='ocr_carea' id='block_1_32' title="bbox 323 3260 1912 3336">
    <p class='ocr_par' dir='ltr' id='par_1_32' title="bbox 323 3260 1912 3336">
     <span class='ocr_line' id='line_1_32' title="bbox 323 3260 1912 3336; baseline 0.003 -19"><span class='ocrx_word' id='word_1_188' title='bbox 323 3261 445 3333; x_wconf 81' lang='grc' dir='ltr'><strong>κρῷ</strong></span> <span class='ocrx_word' id='word_1_189' title='bbox 489 3265 586 3317; x_wconf 73' lang='grc' dir='ltr'>καὶ</span> <span class='ocrx_word' id='word_1_190' title='bbox 620 3260 818 3334; x_wconf 80' lang='grc' dir='ltr'>βραχεῖ</span> <span class='ocrx_word' id='word_1_191' title='bbox 872 3260 1050 3334; x_wconf 79' lang='grc' dir='ltr'>ρακίῳ</span> <span class='ocrx_word' id='word_1_192' title='bbox 1079 3261 1477 3334; x_wconf 84' lang='grc' dir='ltr'>κρατούμενος.</span> <span class='ocrx_word' id='word_1_193' title='bbox 1515 3263 1598 3318; x_wconf 85' lang='grc' dir='ltr'>Τά</span> <span class='ocrx_word' id='word_1_194' title='bbox 1651 3265 1751 3336; x_wconf 80' lang='grc' dir='ltr'>μὲν</span> <span class='ocrx_word' id='word_1_195' title='bbox 1798 3267 1912 3323; x_wconf 68' lang='lat' dir='ltr'><strong>em</strong></span> 
     </span>
    </p>
   </div>
   <div class='ocr_carea' id='block_1_33' title="bbox 328 3353 1914 3429">
    <p class='ocr_par' dir='ltr' id='par_1_33' title="bbox 328 3353 1914 3429">
     <span class='ocr_line' id='line_1_33' title="bbox 328 3353 1914 3429; baseline 0.003 -21"><span class='ocrx_word' id='word_1_196' title='bbox 328 3354 494 3426; x_wconf 88' lang='grc' dir='ltr'>μόνου</span> <span class='ocrx_word' id='word_1_197' title='bbox 525 3353 686 3420; x_wconf 79' lang='grc' dir='ltr'>Θεοῦ,</span> <span class='ocrx_word' id='word_1_198' title='bbox 713 3355 783 3410; x_wconf 75' lang='grc' dir='ltr'><strong>τά</strong></span> <span class='ocrx_word' id='word_1_199' title='bbox 811 3354 869 3408; x_wconf 81' lang='grc' dir='ltr'>δὲ</span> <span class='ocrx_word' id='word_1_200' title='bbox 894 3354 1048 3410; x_wconf 86' lang='grc' dir='ltr'>κάτω</span> <span class='ocrx_word' id='word_1_201' title='bbox 1075 3355 1170 3409; x_wconf 64' lang='grc' dir='ltr'><strong>καὶ⁴</strong></span> <span class='ocrx_word' id='word_1_202' title='bbox 1196 3354 1372 3424; x_wconf 83' lang='grc' dir='ltr'>ὑμῶν.</span> <span class='ocrx_word' id='word_1_203' title='bbox 1404 3355 1532 3411; x_wconf 80' lang='grc' dir='ltr'>Θεοὶ</span> <span class='ocrx_word' id='word_1_204' title='bbox 1555 3356 1775 3426; x_wconf 82' lang='grc' dir='ltr'>γίνεσθε</span> <span class='ocrx_word' id='word_1_205' title='bbox 1801 3361 1914 3429; x_wconf 74' lang='grc' dir='ltr'>τοῖς</span> 
     </span>
    </p>
   </div>
   <div class='ocr_carea' id='block_1_34' title="bbox 327 3445 1915 3521">
    <p class='ocr_par' dir='ltr' id='par_1_34' title="bbox 327 3445 1915 3521">
     <span class='ocr_line' id='line_1_34' title="bbox 327 3445 1915 3521; baseline 0.002 -18"><span class='ocrx_word' id='word_1_206' title='bbox 327 3446 418 3517; x_wconf 80' lang='grc' dir='ltr'><strong>ὑφ’</strong></span> <span class='ocrx_word' id='word_1_207' title='bbox 448 3447 593 3518; x_wconf 77' lang='grc' dir='ltr'>ὑμᾶς</span> <span class='ocrx_word' id='word_1_208' title='bbox 618 3463 634 3481; x_wconf 78' lang='grc'><em>’</em></span> <span class='ocrx_word' id='word_1_209' title='bbox 668 3446 757 3501; x_wconf 82' lang='grc' dir='ltr'><strong>ῖνα</strong></span> <span class='ocrx_word' id='word_1_210' title='bbox 807 3445 949 3501; x_wconf 80' lang='grc' dir='ltr'>εῐπω</span> <span class='ocrx_word' id='word_1_211' title='bbox 995 3462 1047 3499; x_wconf 85' lang='grc' dir='ltr'>τι</span> <span class='ocrx_word' id='word_1_212' title='bbox 1099 3445 1195 3500; x_wconf 73' lang='grc' dir='ltr'>καὶ</span> <span class='ocrx_word' id='word_1_213' title='bbox 1228 3445 1654 3520; x_wconf 80' lang='grc' dir='ltr'>τολμηρότερον,</span> <span class='ocrx_word' id='word_1_214' title='bbox 1716 3452 1915 3521; x_wconf 81' lang='grc' dir='ltr'>καρδία</span> 
     </span>
    </p>
   </div>
   <div class='ocr_carea' id='block_1_35' title="bbox 327 3536 1916 3613">
    <p class='ocr_par' dir='ltr' id='par_1_35' title="bbox 327 3536 1916 3613">
     <span class='ocr_line' id='line_1_35' title="bbox 327 3536 1916 3613; baseline 0.004 -20"><span class='ocrx_word' id='word_1_215' title='bbox 327 3538 599 3610; x_wconf 82' lang='grc' dir='ltr'>βασιλέως</span> <span class='ocrx_word' id='word_1_216' title='bbox 622 3539 682 3591; x_wconf 74' lang='grc' dir='ltr'>ὲν</span> <span class='ocrx_word' id='word_1_217' title='bbox 706 3539 853 3610; x_wconf 74' lang='grc' dir='ltr'>χειρὶ</span> <span class='ocrx_word' id='word_1_218' title='bbox 885 3536 1023 3593; x_wconf 74' lang='grc' dir='ltr'>Θεοῦ</span> <span class='ocrx_word' id='word_1_219' title='bbox 1073 3539 1172 3593; x_wconf 67' lang='grc' dir='ltr'>καὶ</span> <span class='ocrx_word' id='word_1_220' title='bbox 1202 3539 1444 3612; x_wconf 72' lang='grc' dir='ltr'>εἴρηται,</span> <span class='ocrx_word' id='word_1_221' title='bbox 1479 3542 1577 3613; x_wconf 77' lang='grc' dir='ltr'>καὶ</span> <span class='ocrx_word' id='word_1_222' title='bbox 1617 3544 1916 3612; x_wconf 81' lang='grc' dir='ltr'>πεπίστευ-</span> 
     </span>
    </p>
   </div>
   <div class='ocr_carea' id='block_1_36' title="bbox 323 3630 1916 3710">
    <p class='ocr_par' dir='ltr' id='par_1_36' title="bbox 323 3630 1916 3710">
     <span class='ocr_line' id='line_1_36' title="bbox 323 3630 1916 3710; baseline 0.004 -24"><span class='ocrx_word' id='word_1_223' title='bbox 323 3650 417 3687; x_wconf 79' lang='grc' dir='ltr'><strong>ται</strong></span> <span class='ocrx_word' id='word_1_224' title='bbox 440 3647 457 3665; x_wconf 75' lang='grc' dir='ltr'>σ</span> <span class='ocrx_word' id='word_1_225' title='bbox 489 3630 727 3686; x_wconf 77' lang='grc' dir='ltr'>ἐνταῦθα</span> <span class='ocrx_word' id='word_1_226' title='bbox 760 3632 901 3687; x_wconf 78' lang='grc' dir='ltr'>ἔστω</span> <span class='ocrx_word' id='word_1_227' title='bbox 925 3631 1126 3704; x_wconf 81' lang='grc' dir='ltr'>κράτος</span> <span class='ocrx_word' id='word_1_228' title='bbox 1158 3632 1309 3704; x_wconf 82' lang='grc' dir='ltr'>ὑμῖν,</span> <span class='ocrx_word' id='word_1_229' title='bbox 1340 3633 1481 3689; x_wconf 77' lang='grc' dir='ltr'>ἀλλὰ</span> <span class='ocrx_word' id='word_1_230' title='bbox 1520 3635 1599 3709; x_wconf 73' lang='grc' dir='ltr'>μὴ</span> <span class='ocrx_word' id='word_1_231' title='bbox 1626 3636 1704 3707; x_wconf 81' lang='grc' dir='ltr'>τῷ</span> <span class='ocrx_word' id='word_1_232' title='bbox 1729 3638 1916 3710; x_wconf 88' lang='grc' dir='ltr'>χρυσῷ</span> 
     </span>
    </p>
   </div>
   <div class='ocr_carea' id='block_1_37' title="bbox 326 3724 1836 3794">
    <p class='ocr_par' dir='ltr' id='par_1_37' title="bbox 326 3724 1836 3794">
     <span class='ocr_line' id='line_1_37' title="bbox 326 3724 1836 3794; baseline 0.001 -16"><span class='ocrx_word' id='word_1_233' title='bbox 326 3726 425 3778; x_wconf 82' lang='grc' dir='ltr'>καὶ</span> <span class='ocrx_word' id='word_1_234' title='bbox 452 3726 575 3787; x_wconf 88' lang='grc' dir='ltr'>ταῖς</span> <span class='ocrx_word' id='word_1_235' title='bbox 609 3724 904 3794; x_wconf 80' lang='grc' dir='ltr'>φάλαγξιν.</span> <span class='ocrx_word' id='word_1_236' title='bbox 1833 3752 1836 3756; x_wconf 57' lang='grc' dir='ltr'><strong>λ</strong></span> 
     </span>
    </p>
   </div>
   <div class='ocr_carea' id='block_1_38' title="bbox 401 3814 1915 3897">
    <p class='ocr_par' dir='ltr' id='par_1_38' title="bbox 401 3814 1915 3897">
     <span class='ocr_line' id='line_1_38' title="bbox 401 3814 1915 3897; baseline 0.005 -27"><span class='ocrx_word' id='word_1_237' title='bbox 401 3814 475 3870; x_wconf 82' lang='grc' dir='ltr'><strong>Τὸ</strong></span> <span class='ocrx_word' id='word_1_238' title='bbox 504 3816 797 3886; x_wconf 70' lang='grc' dir='ltr'>δραστικὸν</span> <span class='ocrx_word' id='word_1_239' title='bbox 828 3816 1064 3884; x_wconf 85' lang='grc' dir='ltr'>δείκνυε,</span> <span class='ocrx_word' id='word_1_240' title='bbox 1099 3818 1175 3892; x_wconf 76' lang='grc' dir='ltr'>μὴ</span> <span class='ocrx_word' id='word_1_241' title='bbox 1218 3820 1297 3892; x_wconf 82' lang='grc' dir='ltr'>τῷ</span> <span class='ocrx_word' id='word_1_242' title='bbox 1337 3821 1473 3894; x_wconf 80' lang='grc' dir='ltr'>δρᾷν</span> <span class='ocrx_word' id='word_1_243' title='bbox 1516 3822 1723 3897; x_wconf 85' lang='grc' dir='ltr'>κακῶς,</span> <span class='ocrx_word' id='word_1_244' title='bbox 1754 3824 1834 3895; x_wconf 81' lang='grc' dir='ltr'>τῷ</span> <span class='ocrx_word' id='word_1_245' title='bbox 1869 3824 1915 3877; x_wconf 88' lang='grc' dir='ltr'>δ’</span> 
     </span>
    </p>
   </div>
   <div class='ocr_carea' id='block_1_39' title="bbox 325 3905 1916 3989">
    <p class='ocr_par' dir='ltr' id='par_1_39' title="bbox 325 3905 1916 3989">
     <span class='ocr_line' id='line_1_39' title="bbox 325 3905 1916 3989; baseline 0.005 -25"><span class='ocrx_word' id='word_1_246' title='bbox 325 3905 387 3964; x_wconf 78' lang='grc' dir='ltr'>εὖ</span> <span class='ocrx_word' id='word_1_247' title='bbox 423 3927 474 3964; x_wconf 91' lang='grc' dir='ltr'><strong>τι</strong></span> <span class='ocrx_word' id='word_1_248' title='bbox 499 3913 707 3976; x_wconf 85' lang='grc' dir='ltr'>πονεῖν,</span> <span class='ocrx_word' id='word_1_249' title='bbox 730 3911 779 3964; x_wconf 78' lang='grc' dir='ltr'><strong>εί</strong></span> <span class='ocrx_word' id='word_1_250' title='bbox 813 3911 986 3975; x_wconf 83' lang='grc' dir='ltr'>θέλεις</span> <span class='ocrx_word' id='word_1_251' title='bbox 1017 3909 1160 3966; x_wconf 73' lang='grc' dir='ltr'>εἶναι</span> <span class='ocrx_word' id='word_1_252' title='bbox 1193 3912 1339 3977; x_wconf 87' lang='grc' dir='ltr'>θεός.</span> <span class='ocrx_word' id='word_1_253' title='bbox 1369 3917 1444 3983; x_wconf 72' lang='grc' dir='ltr'><strong>Τὸ</strong></span> <span class='ocrx_word' id='word_1_254' title='bbox 1465 3915 1511 3969; x_wconf 85' lang='grc' dir='ltr'>δ’</span> <span class='ocrx_word' id='word_1_255' title='bbox 1540 3918 1691 3970; x_wconf 77' lang='grc' dir='ltr'>ἐστὶν</span> <span class='ocrx_word' id='word_1_256' title='bbox 1719 3919 1916 3989; x_wconf 83' lang='grc' dir='ltr'>ἀνδρὸς</span> 
     </span>
    </p>
   </div>
   <div class='ocr_carea' id='block_1_40' title="bbox 327 4001 1916 4085">
    <p class='ocr_par' dir='ltr' id='par_1_40' title="bbox 327 4001 1916 4085">
     <span class='ocr_line' id='line_1_40' title="bbox 327 4001 1916 4085; baseline 0.007 -31"><span class='ocrx_word' id='word_1_257' title='bbox 327 4001 533 4066; x_wconf 84' lang='grc' dir='ltr'>εἰδότος</span> <span class='ocrx_word' id='word_1_258' title='bbox 567 4003 857 4071; x_wconf 68' lang='grc' dir='ltr'>συγγενές.</span> <span class='ocrx_word' id='word_1_259' title='bbox 894 4004 1119 4071; x_wconf 36' lang='grc' dir='ltr'>,Κτείνει</span> <span class='ocrx_word' id='word_1_260' title='bbox 1148 4005 1205 4073; x_wconf 79' lang='grc' dir='ltr'>δὲ</span> <span class='ocrx_word' id='word_1_261' title='bbox 1238 4008 1415 4078; x_wconf 74' lang='grc' dir='ltr'>ῥᾷστα</span> <span class='ocrx_word' id='word_1_262' title='bbox 1449 4010 1546 4068; x_wconf 83' lang='grc' dir='ltr'>καὶ</span> <span class='ocrx_word' id='word_1_263' title='bbox 1572 4008 1793 4085; x_wconf 71' lang='grc' dir='ltr'>τόυγὼν</span> <span class='ocrx_word' id='word_1_264' title='bbox 1823 4010 1916 4064; x_wconf 74' lang='grc' dir='ltr'>καὶ</span> 
     </span>
    </p>
   </div>
   <div class='ocr_carea' id='block_1_41' title="bbox 335 4097 619 4159">
    <p class='ocr_par' dir='ltr' id='par_1_41' title="bbox 335 4097 619 4159">
     <span class='ocr_line' id='line_1_41' title="bbox 335 4097 619 4159; baseline 0.011 -11"><span class='ocrx_word' id='word_1_265' title='bbox 335 4097 619 4159; x_wconf 75' lang='grc' dir='ltr'>σκορπίος.</span> 
     </span>
    </p>
   </div>
   <div class='ocr_carea' id='block_1_42' title="bbox 400 4278 1916 4355">
    <p class='ocr_par' dir='ltr' id='par_1_42' title="bbox 400 4278 1916 4355">
     <span class='ocr_line' id='line_1_42' title="bbox 400 4278 1916 4355; baseline 0.005 -21"><span class='ocrx_word' id='word_1_266' title='bbox 400 4281 465 4335; x_wconf 89' lang='grc' dir='ltr'><strong>Οἱ</strong></span> <span class='ocrx_word' id='word_1_267' title='bbox 514 4278 797 4345; x_wconf 87' lang='grc' dir='ltr'>δυνάσται,</span> <span class='ocrx_word' id='word_1_268' title='bbox 848 4279 1102 4347; x_wconf 79' lang='grc' dir='ltr'>φοϐεῖσθε</span> <span class='ocrx_word' id='word_1_269' title='bbox 1151 4282 1243 4341; x_wconf 71' lang='grc' dir='ltr'><strong>τὸν</strong></span> <span class='ocrx_word' id='word_1_270' title='bbox 1276 4282 1649 4355; x_wconf 76' lang='grc' dir='ltr'>δυνατώτερον</span> <span class='ocrx_word' id='word_1_271' title='bbox 1673 4300 1689 4318; x_wconf 76' lang='grc' dir='ltr'><strong><em>ο</em></strong></span> <span class='ocrx_word' id='word_1_272' title='bbox 1725 4286 1776 4339; x_wconf 79' lang='grc' dir='ltr'>οἱ</span> <span class='ocrx_word' id='word_1_273' title='bbox 1807 4287 1916 4341; x_wconf 78' lang='grc' dir='ltr'>τῶν</span> 
     </span>
    </p>
   </div>
   <div class='ocr_carea' id='block_1_43' title="bbox 329 4371 1309 4445">
    <p class='ocr_par' dir='ltr' id='par_1_43' title="bbox 329 4371 1309 4445">
     <span class='ocr_line' id='line_1_43' title="bbox 329 4371 1309 4445; baseline 0.001 -18"><span class='ocrx_word' id='word_1_274' title='bbox 329 4372 556 4443; x_wconf 74' lang='grc' dir='ltr'>ὗψηλῶν</span> <span class='ocrx_word' id='word_1_275' title='bbox 589 4371 797 4442; x_wconf 86' lang='grc' dir='ltr'>θρόνων</span> <span class='ocrx_word' id='word_1_276' title='bbox 827 4374 918 4426; x_wconf 78' lang='grc' dir='ltr'>τὸν</span> <span class='ocrx_word' id='word_1_277' title='bbox 949 4371 1309 4445; x_wconf 77' lang='grc' dir='ltr'>ὑψηλότερον.</span> 
     </span>
    </p>
   </div>
   <div class='ocr_carea' id='block_1_44' title="bbox 402 4463 1916 4549">
    <p class='ocr_par' dir='ltr' id='par_1_44' title="bbox 402 4463 1916 4549">
     <span class='ocr_line' id='line_1_44' title="bbox 402 4463 1916 4549; baseline 0.007 -31"><span class='ocrx_word' id='word_1_278' title='bbox 402 4466 694 4534; x_wconf 76' lang='grc' dir='ltr'>Βασιλείας</span> <span class='ocrx_word' id='word_1_279' title='bbox 742 4465 838 4533; x_wconf 79' lang='grc' dir='ltr'>τοῦ</span> <span class='ocrx_word' id='word_1_280' title='bbox 868 4466 1003 4520; x_wconf 80' lang='grc' dir='ltr'>Θεοῦ</span> <span class='ocrx_word' id='word_1_281' title='bbox 1035 4468 1129 4520; x_wconf 88' lang='grc' dir='ltr'><strong>δύο</strong></span> <span class='ocrx_word' id='word_1_282' title='bbox 1157 4463 1301 4522; x_wconf 80' lang='grc' dir='ltr'>εἶδεν</span> <span class='ocrx_word' id='word_1_283' title='bbox 1339 4470 1373 4549; x_wconf 74' lang='grc' dir='ltr'><strong>η</strong></span> <span class='ocrx_word' id='word_1_284' title='bbox 1420 4470 1640 4543; x_wconf 81' lang='grc' dir='ltr'>Γραφὴ,</span> <span class='ocrx_word' id='word_1_285' title='bbox 1685 4473 1785 4544; x_wconf 80' lang='grc' dir='ltr'>τὴν</span> <span class='ocrx_word' id='word_1_286' title='bbox 1817 4474 1916 4545; x_wconf 79' lang='grc' dir='ltr'>μὲν</span> 
     </span>
    </p>
   </div>
   <div class='ocr_carea' id='block_1_45' title="bbox 1935 3215 1981 3274">
    <p class='ocr_par' dir='ltr' id='par_1_45' title="bbox 1935 3215 1981 3274">
     <span class='ocr_line' id='line_1_45' title="bbox 1935 3215 1981 3274; baseline 0 0"><span class='ocrx_word' id='word_1_287' title='bbox 1935 3215 1981 3274; x_wconf 82' lang='lat' dir='ltr'><strong><em>C</em></strong></span> 
     </span>
    </p>
   </div>
   <div class='ocr_carea' id='block_1_46' title="bbox 2013 594 2448 649">
    <p class='ocr_par' dir='ltr' id='par_1_46' title="bbox 2013 594 2448 649">
     <span class='ocr_line' id='line_1_46' title="bbox 2013 594 2448 649; baseline 0.007 -3"><span class='ocrx_word' id='word_1_288' title='bbox 2013 598 2244 646; x_wconf 82' lang='lat' dir='ltr'><strong>stratum</strong></span> <span class='ocrx_word' id='word_1_289' title='bbox 2280 594 2448 649; x_wconf 87' lang='lat' dir='ltr'><strong>dedit.</strong></span> 
     </span>
    </p>
   </div>
   <div class='ocr_carea' id='block_1_47' title="bbox 2086 679 3598 762">
    <p class='ocr_par' dir='ltr' id='par_1_47' title="bbox 2086 679 3598 762">
     <span class='ocr_line' id='line_1_47' title="bbox 2086 679 3598 762; baseline 0.006 -23"><span class='ocrx_word' id='word_1_290' title='bbox 2086 684 2169 754; x_wconf 74' lang='lat' dir='ltr'><strong>Ad</strong></span> <span class='ocrx_word' id='word_1_291' title='bbox 2204 686 2466 756; x_wconf 85' lang='lat' dir='ltr'><strong>principis</strong></span> <span class='ocrx_word' id='word_1_292' title='bbox 2507 702 2686 743; x_wconf 75' lang='lat' dir='ltr'><strong>mores</strong></span> <span class='ocrx_word' id='word_1_293' title='bbox 2724 704 2834 745; x_wconf 65' lang='lat' dir='ltr'><strong>tere</strong></span> <span class='ocrx_word' id='word_1_294' title='bbox 2865 691 2992 762; x_wconf 83' lang='lat' dir='ltr'><strong>ungi</strong></span> <span class='ocrx_word' id='word_1_295' title='bbox 3025 691 3229 759; x_wconf 84' lang='lat' dir='ltr'><strong>solent,</strong></span> <span class='ocrx_word' id='word_1_296' title='bbox 3261 690 3354 761; x_wconf 88' lang='lat' dir='ltr'><strong>qui</strong></span> <span class='ocrx_word' id='word_1_297' title='bbox 3388 684 3445 748; x_wconf 77' lang='lat' dir='ltr'><strong>in</strong></span> <span class='ocrx_word' id='word_1_298' title='bbox 3477 679 3598 760; x_wconf 69' lang='lat' dir='ltr'><strong>eius</strong></span> 
     </span>
    </p>
   </div>
   <div class='ocr_carea' id='block_1_48' title="bbox 1952 777 3599 852">
    <p class='ocr_par' dir='ltr' id='par_1_48' title="bbox 1952 777 3599 852">
     <span class='ocr_line' id='line_1_48' title="bbox 1952 777 3599 852; baseline 0.002 -17"><span class='ocrx_word' id='word_1_299' title='bbox 1952 830 1957 835; x_wconf 89' lang='lat'><strong>.</strong></span> <span class='ocrx_word' id='word_1_300' title='bbox 2015 784 2146 832; x_wconf 88' lang='lat' dir='ltr'><strong>sunt</strong></span> <span class='ocrx_word' id='word_1_301' title='bbox 2177 777 2432 846; x_wconf 85' lang='lat' dir='ltr'><strong>imperio,</strong></span> <span class='ocrx_word' id='word_1_302' title='bbox 2464 786 2523 832; x_wconf 89' lang='lat' dir='ltr'><strong>ut</strong></span> <span class='ocrx_word' id='word_1_303' title='bbox 2557 779 2962 852; x_wconf 85' lang='lat' dir='ltr'><strong>qualescunque</strong></span> <span class='ocrx_word' id='word_1_304' title='bbox 2987 781 3208 838; x_wconf 81' lang='lat' dir='ltr'><strong>tandem</strong></span> <span class='ocrx_word' id='word_1_305' title='bbox 3239 779 3446 838; x_wconf 75' lang='lat' dir='ltr'><strong>fuerint</strong></span> <span class='ocrx_word' id='word_1_306' title='bbox 3467 784 3599 838; x_wconf 87' lang='lat' dir='ltr'><strong>duc-</strong></span> 
     </span>
    </p>
   </div>
   <div class='ocr_carea' id='block_1_49' title="bbox 2013 870 3304 943">
    <p class='ocr_par' dir='ltr' id='par_1_49' title="bbox 2013 870 3304 943">
     <span class='ocr_line' id='line_1_49' title="bbox 2013 870 3304 943; baseline 0.003 -19"><span class='ocrx_word' id='word_1_307' title='bbox 2013 879 2182 936; x_wconf 85' lang='lat' dir='ltr'><strong>tores,</strong></span> <span class='ocrx_word' id='word_1_308' title='bbox 2210 870 2349 927; x_wconf 90' lang='lat' dir='ltr'><strong>tales</strong></span> <span class='ocrx_word' id='word_1_309' title='bbox 2380 885 2501 928; x_wconf 90' lang='lat' dir='ltr'><strong>esse</strong></span> <span class='ocrx_word' id='word_1_310' title='bbox 2533 873 2624 943; x_wconf 90' lang='lat' dir='ltr'><strong>qui</strong></span> <span class='ocrx_word' id='word_1_311' title='bbox 2653 872 2930 931; x_wconf 88' lang='lat' dir='ltr'><strong>ducuntur</strong></span> <span class='ocrx_word' id='word_1_312' title='bbox 2956 887 3182 930; x_wconf 89' lang='lat' dir='ltr'><strong>necesse</strong></span> <span class='ocrx_word' id='word_1_313' title='bbox 3211 873 3304 931; x_wconf 87' lang='lat' dir='ltr'><strong>sit.</strong></span> 
     </span>
    </p>
   </div>
   <div class='ocr_carea' id='block_1_50' title="bbox 2091 1049 3595 1127">
    <p class='ocr_par' dir='ltr' id='par_1_50' title="bbox 2091 1049 3595 1127">
     <span class='ocr_line' id='line_1_50' title="bbox 2091 1049 3595 1127; baseline 0.005 -24"><span class='ocrx_word' id='word_1_314' title='bbox 2091 1049 2298 1103; x_wconf 89' lang='lat' dir='ltr'><strong>Bonum</strong></span> <span class='ocrx_word' id='word_1_315' title='bbox 2323 1054 2407 1103; x_wconf 90' lang='lat' dir='ltr'><strong>est</strong></span> <span class='ocrx_word' id='word_1_316' title='bbox 2446 1055 2505 1101; x_wconf 93' lang='lat' dir='ltr'><strong>ut</strong></span> <span class='ocrx_word' id='word_1_317' title='bbox 2537 1050 2882 1127; x_wconf 84' lang='lat' dir='ltr'><strong>praestantior</strong></span> <span class='ocrx_word' id='word_1_318' title='bbox 2910 1063 3126 1122; x_wconf 84' lang='lat' dir='ltr'><strong>semper</strong></span> <span class='ocrx_word' id='word_1_319' title='bbox 3162 1049 3422 1111; x_wconf 84' lang='lat' dir='ltr'><strong>deteriori</strong></span> <span class='ocrx_word' id='word_1_320' title='bbox 3456 1064 3595 1121; x_wconf 65' lang='lat' dir='ltr'><strong>prae.-</strong></span> 
     </span>
    </p>
   </div>
   <div class='ocr_carea' id='block_1_51' title="bbox 2015 1137 2456 1206">
    <p class='ocr_par' dir='ltr' id='par_1_51' title="bbox 2015 1137 2456 1206">
     <span class='ocr_line' id='line_1_51' title="bbox 2015 1137 2456 1206; baseline 0.002 -14"><span class='ocrx_word' id='word_1_321' title='bbox 2015 1137 2085 1192; x_wconf 83' lang='lat' dir='ltr'><strong>sit</strong></span> <span class='ocrx_word' id='word_1_322' title='bbox 2120 1146 2174 1192; x_wconf 83' lang='lat' dir='ltr'><strong>et</strong></span> <span class='ocrx_word' id='word_1_323' title='bbox 2208 1138 2456 1206; x_wconf 84' lang='lat' dir='ltr'><strong>imperet.</strong></span> 
     </span>
    </p>
   </div>
   <div class='ocr_carea' id='block_1_52' title="bbox 2087 1229 3593 1305">
    <p class='ocr_par' dir='ltr' id='par_1_52' title="bbox 2087 1229 3593 1305">
     <span class='ocr_line' id='line_1_52' title="bbox 2087 1229 3593 1305; baseline 0.003 -20"><span class='ocrx_word' id='word_1_324' title='bbox 2087 1229 2256 1285; x_wconf 82' lang='lat' dir='ltr'><strong>Vetus</strong></span> <span class='ocrx_word' id='word_1_325' title='bbox 2283 1241 2364 1287; x_wconf 89' lang='lat' dir='ltr'><strong>est</strong></span> <span class='ocrx_word' id='word_1_326' title='bbox 2395 1233 2621 1297; x_wconf 87' lang='lat' dir='ltr'><strong>verbum</strong></span> <span class='ocrx_word' id='word_1_327' title='bbox 2650 1275 2665 1299; x_wconf 92' lang='lat'><strong>,</strong></span> <span class='ocrx_word' id='word_1_328' title='bbox 2699 1249 2795 1290; x_wconf 88' lang='lat' dir='ltr'><strong>eos</strong></span> <span class='ocrx_word' id='word_1_329' title='bbox 2826 1235 2920 1305; x_wconf 90' lang='lat' dir='ltr'><strong>qui</strong></span> <span class='ocrx_word' id='word_1_330' title='bbox 2954 1237 3211 1296; x_wconf 83' lang='lat' dir='ltr'><strong>studeant</strong></span> <span class='ocrx_word' id='word_1_331' title='bbox 3237 1234 3421 1291; x_wconf 84' lang='lat' dir='ltr'><strong>virtuti</strong></span> <span class='ocrx_word' id='word_1_332' title='bbox 3445 1278 3460 1303; x_wconf 94' lang='lat'><strong>,</strong></span> <span class='ocrx_word' id='word_1_333' title='bbox 3484 1251 3593 1290; x_wconf 91' lang='lat' dir='ltr'><strong>non</strong></span> 
     </span>
    </p>
   </div>
   <div class='ocr_carea' id='block_1_53' title="bbox 2011 1326 3143 1399">
    <p class='ocr_par' dir='ltr' id='par_1_53' title="bbox 2011 1326 3143 1399">
     <span class='ocr_line' id='line_1_53' title="bbox 2011 1326 3143 1399; baseline 0.005 -20"><span class='ocrx_word' id='word_1_334' title='bbox 2011 1338 2139 1379; x_wconf 77' lang='lat' dir='ltr'><strong>cum</strong></span> <span class='ocrx_word' id='word_1_335' title='bbox 2166 1326 2440 1395; x_wconf 81' lang='lat' dir='ltr'><strong>voluptate</strong></span> <span class='ocrx_word' id='word_1_336' title='bbox 2470 1329 2846 1398; x_wconf 76' lang='lat' dir='ltr'><strong>magistratum</strong></span> <span class='ocrx_word' id='word_1_337' title='bbox 2873 1332 3143 1399; x_wconf 87' lang='lat' dir='ltr'><strong>accipere.</strong></span> 
     </span>
    </p>
   </div>
   <div class='ocr_carea' id='block_1_54' title="bbox 2098 1419 3599 1491">
    <p class='ocr_par' dir='ltr' id='par_1_54' title="bbox 2098 1419 3599 1491">
     <span class='ocr_line' id='line_1_54' title="bbox 2098 1419 3599 1491; baseline -0.001 -18"><span class='ocrx_word' id='word_1_338' title='bbox 2098 1419 2199 1484; x_wconf 84' lang='lat' dir='ltr'><strong>Qui</strong></span> <span class='ocrx_word' id='word_1_339' title='bbox 2235 1431 2431 1489; x_wconf 63' lang='lat' dir='ltr'><strong>prmest</strong></span> <span class='ocrx_word' id='word_1_340' title='bbox 2468 1420 2590 1475; x_wconf 88' lang='lat' dir='ltr'><strong>aliis</strong></span> <span class='ocrx_word' id='word_1_341' title='bbox 2621 1435 2690 1475; x_wconf 90' lang='lat' dir='ltr'><strong>ne</strong></span> <span class='ocrx_word' id='word_1_342' title='bbox 2717 1436 2775 1475; x_wconf 90' lang='lat' dir='ltr'><strong>se</strong></span> <span class='ocrx_word' id='word_1_343' title='bbox 2805 1421 2996 1476; x_wconf 77' lang='lat' dir='ltr'><strong>efferat</strong></span> <span class='ocrx_word' id='word_1_344' title='bbox 3022 1430 3260 1491; x_wconf 89' lang='lat' dir='ltr'><strong>&#39;propter</strong></span> <span class='ocrx_word' id='word_1_345' title='bbox 3304 1423 3599 1477; x_wconf 85' lang='lat' dir='ltr'><strong>auctorita-</strong></span> 
     </span>
    </p>
   </div>
   <div class='ocr_carea' id='block_1_55' title="bbox 2017 1505 3602 1585">
    <p class='ocr_par' dir='ltr' id='par_1_55' title="bbox 2017 1505 3602 1585">
     <span class='ocr_line' id='line_1_55' title="bbox 2017 1505 3602 1585; baseline -0.001 -23"><span class='ocrx_word' id='word_1_346' title='bbox 2017 1518 2149 1573; x_wconf 88' lang='lat' dir='ltr'><strong>tem,</strong></span> <span class='ocrx_word' id='word_1_347' title='bbox 2175 1524 2244 1564; x_wconf 92' lang='lat' dir='ltr'><strong>ne</strong></span> <span class='ocrx_word' id='word_1_348' title='bbox 2269 1509 2491 1565; x_wconf 79' lang='lat' dir='ltr'><strong>excidat</strong></span> <span class='ocrx_word' id='word_1_349' title='bbox 2521 1509 2863 1581; x_wconf 80' lang='lat' dir='ltr'><strong>beatitudine</strong></span> <span class='ocrx_word' id='word_1_350' title='bbox 2894 1524 3017 1580; x_wconf 79' lang='lat' dir='ltr'><strong>quae</strong></span> <span class='ocrx_word' id='word_1_351' title='bbox 3049 1508 3225 1585; x_wconf 87' lang='lat' dir='ltr'><strong>posita</strong></span> <span class='ocrx_word' id='word_1_352' title='bbox 3260 1517 3346 1573; x_wconf 75' lang='lat' dir='ltr'><strong>est</strong></span> <span class='ocrx_word' id='word_1_353' title='bbox 3396 1506 3451 1561; x_wconf 92' lang='lat' dir='ltr'><strong>in</strong></span> <span class='ocrx_word' id='word_1_354' title='bbox 3482 1505 3602 1561; x_wconf 90' lang='lat' dir='ltr'><strong>ani-</strong></span> 
     </span>
    </p>
   </div>
   <div class='ocr_carea' id='block_1_56' title="bbox 2016 1596 3171 1671">
    <p class='ocr_par' dir='ltr' id='par_1_56' title="bbox 2016 1596 3171 1671">
     <span class='ocr_line' id='line_1_56' title="bbox 2016 1596 3171 1671; baseline 0 -14"><span class='ocrx_word' id='word_1_355' title='bbox 2016 1603 2095 1657; x_wconf 91' lang='lat' dir='ltr'><strong>mi</strong></span> <span class='ocrx_word' id='word_1_356' title='bbox 2130 1602 2460 1671; x_wconf 87' lang='lat' dir='ltr'><strong>abjeclioue.</strong></span> <span class='ocrx_word' id='word_1_357' title='bbox 3166 1596 3171 1602; x_wconf 81' lang='grc'><em>’</em></span> 
     </span>
    </p>
   </div>
   <div class='ocr_carea' id='block_1_57' title="bbox 2093 1690 3600 1766">
    <p class='ocr_par' dir='ltr' id='par_1_57' title="bbox 2093 1690 3600 1766">
     <span class='ocr_line' id='line_1_57' title="bbox 2093 1690 3600 1766; baseline -0.001 -19"><span class='ocrx_word' id='word_1_358' title='bbox 2093 1693 2364 1766; x_wconf 81' lang='lat' dir='ltr'><strong>Theologi.</strong></span> <span class='ocrx_word' id='word_1_359' title='bbox 2389 1693 2654 1750; x_wconf 88' lang='lat' dir='ltr'><strong>Confusio</strong></span> <span class='ocrx_word' id='word_1_360' title='bbox 2687 1693 2997 1761; x_wconf 78' lang='lat' dir='ltr'><strong>inordinata</strong></span> <span class='ocrx_word' id='word_1_361' title='bbox 3020 1699 3148 1747; x_wconf 89' lang='lat' dir='ltr'><strong>nota</strong></span> <span class='ocrx_word' id='word_1_362' title='bbox 3176 1701 3260 1747; x_wconf 90' lang='lat' dir='ltr'><strong>est</strong></span> <span class='ocrx_word' id='word_1_363' title='bbox 3289 1690 3600 1762; x_wconf 80' lang='lat' dir='ltr'><strong>reipublicae</strong></span> 
     </span>
    </p>
   </div>
   <div class='ocr_carea' id='block_1_58' title="bbox 2017 1784 3603 1859">
    <p class='ocr_par' dir='ltr' id='par_1_58' title="bbox 2017 1784 3603 1859">
     <span class='ocr_line' id='line_1_58' title="bbox 2017 1784 3603 1859; baseline -0.003 -17"><span class='ocrx_word' id='word_1_364' title='bbox 2017 1788 2339 1859; x_wconf 83' lang='lat' dir='ltr'><strong>magistratu</strong></span> <span class='ocrx_word' id='word_1_365' title='bbox 2377 1787 2644 1854; x_wconf 88' lang='lat' dir='ltr'><strong>carentis,</strong></span> <span class='ocrx_word' id='word_1_366' title='bbox 2683 1794 2741 1841; x_wconf 90' lang='lat' dir='ltr'><strong>at</strong></span> <span class='ocrx_word' id='word_1_367' title='bbox 2767 1786 2905 1841; x_wconf 90' lang='lat' dir='ltr'><strong>ordo</strong></span> <span class='ocrx_word' id='word_1_368' title='bbox 2933 1784 3116 1856; x_wconf 86' lang='lat' dir='ltr'><strong>qualis</strong></span> <span class='ocrx_word' id='word_1_369' title='bbox 3145 1784 3219 1841; x_wconf 88' lang='lat' dir='ltr'><strong>sit</strong></span> <span class='ocrx_word' id='word_1_370' title='bbox 3248 1784 3603 1855; x_wconf 81' lang='lat' dir='ltr'><strong>magistratus</strong></span> 
     </span>
    </p>
   </div>
   <div class='ocr_carea' id='block_1_59' title="bbox 1942 1859 3606 1949">
    <p class='ocr_par' dir='ltr' id='par_1_59' title="bbox 1942 1859 3606 1949">
     <span class='ocr_line' id='line_1_59' title="bbox 1942 1859 3606 1949; baseline -0.005 -13"><span class='ocrx_word' id='word_1_371' title='bbox 1942 1859 1983 1915; x_wconf 73' lang='grc' dir='ltr'><strong>Β</strong></span> <span class='ocrx_word' id='word_1_372' title='bbox 2012 1879 2274 1938; x_wconf 83' lang='lat' dir='ltr'><strong>ostendit.</strong></span> <span class='ocrx_word' id='word_1_373' title='bbox 2309 1878 2451 1947; x_wconf 83' lang='lat' dir='ltr'><strong>Quid</strong></span> <span class='ocrx_word' id='word_1_374' title='bbox 2492 1878 2639 1937; x_wconf 91' lang='lat' dir='ltr'><strong>enim</strong></span> <span class='ocrx_word' id='word_1_375' title='bbox 2683 1877 2844 1949; x_wconf 86' lang='lat' dir='ltr'><strong>juvat</strong></span> <span class='ocrx_word' id='word_1_376' title='bbox 2872 1875 3297 1946; x_wconf 77' lang='lat' dir='ltr'><strong>gubernatorem</strong></span> <span class='ocrx_word' id='word_1_377' title='bbox 3330 1889 3454 1929; x_wconf 90' lang='lat' dir='ltr'><strong>esse</strong></span> <span class='ocrx_word' id='word_1_378' title='bbox 3486 1889 3606 1929; x_wconf 88' lang='lat' dir='ltr'><strong>mo-</strong></span> 
     </span>
    </p>
   </div>
   <div class='ocr_carea' id='block_1_60' title="bbox 2013 1970 3135 2043">
    <p class='ocr_par' dir='ltr' id='par_1_60' title="bbox 2013 1970 3135 2043">
     <span class='ocr_line' id='line_1_60' title="bbox 2013 1970 3135 2043; baseline -0.007 -12"><span class='ocrx_word' id='word_1_379' title='bbox 2013 1976 2260 2031; x_wconf 88' lang='lat' dir='ltr'><strong>deratum</strong></span> <span class='ocrx_word' id='word_1_380' title='bbox 2304 1974 2487 2043; x_wconf 88' lang='lat' dir='ltr'><strong>pravis</strong></span> <span class='ocrx_word' id='word_1_381' title='bbox 2516 1981 2758 2028; x_wconf 88' lang='lat' dir='ltr'><strong>utentem</strong></span> <span class='ocrx_word' id='word_1_382' title='bbox 2792 1970 3135 2042; x_wconf 80' lang='lat' dir='ltr'><strong>remigibus?</strong></span> 
     </span>
    </p>
   </div>
   <div class='ocr_carea' id='block_1_61' title="bbox 2083 2059 3604 2133">
    <p class='ocr_par' dir='ltr' id='par_1_61' title="bbox 2083 2059 3604 2133">
     <span class='ocr_line' id='line_1_61' title="bbox 2083 2059 3604 2133; baseline -0.005 -13"><span class='ocrx_word' id='word_1_383' title='bbox 2083 2063 2252 2132; x_wconf 77' lang='lat' dir='ltr'><strong>Prov.</strong></span> <span class='ocrx_word' id='word_1_384' title='bbox 2291 2081 2355 2121; x_wconf 87' lang='lat' dir='ltr'><strong>tt.</strong></span> <span class='ocrx_word' id='word_1_385' title='bbox 2384 2063 2490 2120; x_wconf 88' lang='lat' dir='ltr'><strong>Ubi</strong></span> <span class='ocrx_word' id='word_1_386' title='bbox 2521 2062 2667 2121; x_wconf 90' lang='lat' dir='ltr'><strong>enim</strong></span> <span class='ocrx_word' id='word_1_387' title='bbox 2691 2061 2876 2124; x_wconf 84' lang='lat' dir='ltr'><strong>nullus</strong></span> <span class='ocrx_word' id='word_1_388' title='bbox 2898 2061 3275 2133; x_wconf 84' lang='lat' dir='ltr'><strong>magistratus,</strong></span> <span class='ocrx_word' id='word_1_389' title='bbox 3304 2059 3379 2115; x_wconf 91' lang='lat' dir='ltr'><strong>ibi</strong></span> <span class='ocrx_word' id='word_1_390' title='bbox 3408 2060 3604 2114; x_wconf 84' lang='lat' dir='ltr'><strong>immo-</strong></span> 
     </span>
    </p>
   </div>
   <div class='ocr_carea' id='block_1_62' title="bbox 2012 2152 3604 2223">
    <p class='ocr_par' dir='ltr' id='par_1_62' title="bbox 2012 2152 3604 2223">
     <span class='ocr_line' id='line_1_62' title="bbox 2012 2152 3604 2223; baseline -0.003 -11"><span class='ocrx_word' id='word_1_391' title='bbox 2012 2156 2202 2215; x_wconf 88' lang='lat' dir='ltr'><strong>derate</strong></span> <span class='ocrx_word' id='word_1_392' title='bbox 2243 2167 2298 2212; x_wconf 90' lang='lat' dir='ltr'><strong>et</strong></span> <span class='ocrx_word' id='word_1_393' title='bbox 2322 2157 2446 2214; x_wconf 89' lang='lat' dir='ltr'><strong>sine</strong></span> <span class='ocrx_word' id='word_1_394' title='bbox 2476 2155 2672 2211; x_wconf 88' lang='lat' dir='ltr'><strong>ordine</strong></span> <span class='ocrx_word' id='word_1_395' title='bbox 2698 2154 2884 2210; x_wconf 90' lang='lat' dir='ltr'><strong>omnia</strong></span> <span class='ocrx_word' id='word_1_396' title='bbox 2915 2152 3192 2220; x_wconf 88' lang='lat' dir='ltr'><strong>feruntur,</strong></span> <span class='ocrx_word' id='word_1_397' title='bbox 3222 2163 3278 2208; x_wconf 92' lang='lat' dir='ltr'><strong>et</strong></span> <span class='ocrx_word' id='word_1_398' title='bbox 3307 2153 3604 2223; x_wconf 85' lang='lat' dir='ltr'><strong>magistra-</strong></span> 
     </span>
    </p>
   </div>
   <div class='ocr_carea' id='block_1_63' title="bbox 2014 2248 2950 2307">
    <p class='ocr_par' dir='ltr' id='par_1_63' title="bbox 2014 2248 2950 2307">
     <span class='ocr_line' id='line_1_63' title="bbox 2014 2248 2950 2307; baseline -0.005 0"><span class='ocrx_word' id='word_1_399' title='bbox 2014 2261 2168 2307; x_wconf 91' lang='lat' dir='ltr'><strong>tuum</strong></span> <span class='ocrx_word' id='word_1_400' title='bbox 2214 2248 2511 2307; x_wconf 89' lang='lat' dir='ltr'><strong>multitudo</strong></span> <span class='ocrx_word' id='word_1_401' title='bbox 2541 2248 2806 2305; x_wconf 90' lang='lat' dir='ltr'><strong>seditiosa</strong></span> <span class='ocrx_word' id='word_1_402' title='bbox 2843 2253 2950 2303; x_wconf 88' lang='lat' dir='ltr'><strong>est.</strong></span> 
     </span>
    </p>
   </div>
   <div class='ocr_carea' id='block_1_64' title="bbox 2083 2337 3605 2410">
    <p class='ocr_par' dir='ltr' id='par_1_64' title="bbox 2083 2337 3605 2410">
     <span class='ocr_line' id='line_1_64' title="bbox 2083 2337 3605 2410; baseline -0.005 -10"><span class='ocrx_word' id='word_1_403' title='bbox 2083 2343 2223 2400; x_wconf 81' lang='lat' dir='ltr'><strong>Cum</strong></span> <span class='ocrx_word' id='word_1_404' title='bbox 2259 2344 2425 2399; x_wconf 90' lang='lat' dir='ltr'><strong>liceat</strong></span> <span class='ocrx_word' id='word_1_405' title='bbox 2456 2342 2576 2398; x_wconf 87' lang='lat' dir='ltr'><strong>sine</strong></span> <span class='ocrx_word' id='word_1_406' title='bbox 2605 2341 2853 2410; x_wconf 87' lang='lat' dir='ltr'><strong>periculo</strong></span> <span class='ocrx_word' id='word_1_407' title='bbox 2899 2338 3079 2409; x_wconf 88' lang='lat' dir='ltr'><strong>sequi,</strong></span> <span class='ocrx_word' id='word_1_408' title='bbox 3113 2337 3423 2408; x_wconf 85' lang='lat' dir='ltr'><strong>periculose</strong></span> <span class='ocrx_word' id='word_1_409' title='bbox 3466 2351 3605 2408; x_wconf 83' lang='lat' dir='ltr'><strong>prae-</strong></span> 
     </span>
    </p>
   </div>
   <div class='ocr_carea' id='block_1_65' title="bbox 2014 2428 3599 2504">
    <p class='ocr_par' dir='ltr' id='par_1_65' title="bbox 2014 2428 3599 2504">
     <span class='ocr_line' id='line_1_65' title="bbox 2014 2428 3599 2504; baseline -0.006 -12"><span class='ocrx_word' id='word_1_410' title='bbox 2014 2450 2138 2493; x_wconf 88' lang='lat' dir='ltr'><strong>esse</strong></span> <span class='ocrx_word' id='word_1_411' title='bbox 2193 2448 2357 2490; x_wconf 90' lang='lat' dir='ltr'><strong>nemo</strong></span> <span class='ocrx_word' id='word_1_412' title='bbox 2402 2434 2793 2504; x_wconf 82' lang='lat' dir='ltr'><strong>concupiscat,</strong></span> <span class='ocrx_word' id='word_1_413' title='bbox 2853 2446 3038 2502; x_wconf 90' lang='lat' dir='ltr'><strong>neque</strong></span> <span class='ocrx_word' id='word_1_414' title='bbox 3092 2428 3459 2501; x_wconf 78' lang='lat' dir='ltr'><strong>subiectionis</strong></span> <span class='ocrx_word' id='word_1_415' title='bbox 3507 2429 3599 2491; x_wconf 78' lang='lat' dir='ltr'><strong>lex</strong></span> 
     </span>
    </p>
   </div>
   <div class='ocr_carea' id='block_1_66' title="bbox 2013 2520 3605 2598">
    <p class='ocr_par' dir='ltr' id='par_1_66' title="bbox 2013 2520 3605 2598">
     <span class='ocr_line' id='line_1_66' title="bbox 2013 2520 3605 2598; baseline -0.004 -17"><span class='ocrx_word' id='word_1_416' title='bbox 2013 2526 2326 2598; x_wconf 80' lang='lat' dir='ltr'><strong>abrogetur,</strong></span> <span class='ocrx_word' id='word_1_417' title='bbox 2359 2538 2481 2594; x_wconf 65' lang='lat' dir='ltr'><strong>quae</strong></span> <span class='ocrx_word' id='word_1_418' title='bbox 2513 2532 2569 2579; x_wconf 91' lang='lat' dir='ltr'><strong>et</strong></span> <span class='ocrx_word' id='word_1_419' title='bbox 2600 2522 2898 2579; x_wconf 87' lang='lat' dir='ltr'><strong>terrestria</strong></span> <span class='ocrx_word' id='word_1_420' title='bbox 2945 2530 3001 2577; x_wconf 90' lang='lat' dir='ltr'><strong>et</strong></span> <span class='ocrx_word' id='word_1_421' title='bbox 3044 2521 3289 2581; x_wconf 65' lang='lat' dir='ltr'><strong>caelestia</strong></span> <span class='ocrx_word' id='word_1_422' title='bbox 3339 2520 3605 2584; x_wconf 78' lang='lat' dir='ltr'><strong>continet.</strong></span> 
     </span>
    </p>
   </div>
   <div class='ocr_carea' id='block_1_67' title="bbox 2087 2610 3609 2690">
    <p class='ocr_par' dir='ltr' id='par_1_67' title="bbox 2087 2610 3609 2690">
     <span class='ocr_line' id='line_1_67' title="bbox 2087 2610 3609 2690; baseline -0.007 -17"><span class='ocrx_word' id='word_1_423' title='bbox 2087 2619 2256 2690; x_wconf 76' lang='lat' dir='ltr'><strong>Regis</strong></span> <span class='ocrx_word' id='word_1_424' title='bbox 2282 2617 2537 2673; x_wconf 83' lang='lat' dir='ltr'><strong>voluntas</strong></span> <span class='ocrx_word' id='word_1_425' title='bbox 2559 2615 2649 2671; x_wconf 83' lang='lat' dir='ltr'><strong>lex</strong></span> <span class='ocrx_word' id='word_1_426' title='bbox 2681 2622 2898 2673; x_wconf 82' lang='lat' dir='ltr'><strong>estnon</strong></span> <span class='ocrx_word' id='word_1_427' title='bbox 2945 2614 3176 2685; x_wconf 89' lang='lat' dir='ltr'><strong>scripta,</strong></span> <span class='ocrx_word' id='word_1_428' title='bbox 3214 2625 3336 2684; x_wconf 87' lang='lat' dir='ltr'><strong>quae</strong></span> <span class='ocrx_word' id='word_1_429' title='bbox 3365 2610 3609 2682; x_wconf 76' lang='lat' dir='ltr'><strong>potentia</strong></span> 
     </span>
    </p>
   </div>
   <div class='ocr_carea' id='block_1_68' title="bbox 2013 2703 3611 2780">
    <p class='ocr_par' dir='ltr' id='par_1_68' title="bbox 2013 2703 3611 2780">
     <span class='ocr_line' id='line_1_68' title="bbox 2013 2703 3611 2780; baseline -0.009 -9"><span class='ocrx_word' id='word_1_430' title='bbox 2013 2712 2352 2775; x_wconf 86' lang='lat' dir='ltr'><strong>defenditur,</strong></span> <span class='ocrx_word' id='word_1_431' title='bbox 2388 2718 2444 2766; x_wconf 93' lang='lat' dir='ltr'><strong>et</strong></span> <span class='ocrx_word' id='word_1_432' title='bbox 2469 2709 2692 2780; x_wconf 88' lang='lat' dir='ltr'><strong>quidem</strong></span> <span class='ocrx_word' id='word_1_433' title='bbox 2741 2708 2917 2767; x_wconf 88' lang='lat' dir='ltr'><strong>multo</strong></span> <span class='ocrx_word' id='word_1_434' title='bbox 2967 2706 3192 2778; x_wconf 77' lang='lat' dir='ltr'><strong>scriptis</strong></span> <span class='ocrx_word' id='word_1_435' title='bbox 3224 2703 3456 2770; x_wconf 84' lang='lat' dir='ltr'><strong>firmior,</strong></span> <span class='ocrx_word' id='word_1_436' title='bbox 3486 2717 3611 2772; x_wconf 69' lang='lat' dir='ltr'><strong>quae</strong></span> 
     </span>
    </p>
   </div>
   <div class='ocr_carea' id='block_1_69' title="bbox 2014 2798 3007 2874">
    <p class='ocr_par' dir='ltr' id='par_1_69' title="bbox 2014 2798 3007 2874">
     <span class='ocr_line' id='line_1_69' title="bbox 2014 2798 3007 2874; baseline -0.008 -13"><span class='ocrx_word' id='word_1_437' title='bbox 2014 2804 2220 2862; x_wconf 88' lang='lat' dir='ltr'><strong>nullius</strong></span> <span class='ocrx_word' id='word_1_438' title='bbox 2261 2802 2425 2874; x_wconf 75' lang='lat'><strong>126</strong></span> <span class='ocrx_word' id='word_1_439' title='bbox 2445 2800 2689 2871; x_wconf 89' lang='lat' dir='ltr'><strong>potentia</strong></span> <span class='ocrx_word' id='word_1_440' title='bbox 2719 2798 3007 2871; x_wconf 74' lang='lat' dir='ltr'><strong>iuvantur.</strong></span> 
     </span>
    </p>
   </div>
   <div class='ocr_carea' id='block_1_70' title="bbox 2083 2890 3611 2966">
    <p class='ocr_par' dir='ltr' id='par_1_70' title="bbox 2083 2890 3611 2966">
     <span class='ocr_line' id='line_1_70' title="bbox 2083 2890 3611 2966; baseline -0.001 -14"><span class='ocrx_word' id='word_1_441' title='bbox 2083 2896 2285 2966; x_wconf 80' lang='lat' dir='ltr'><strong>Reges,</strong></span> <span class='ocrx_word' id='word_1_442' title='bbox 2318 2907 2612 2965; x_wconf 89' lang='lat' dir='ltr'><strong>purpuram</strong></span> <span class='ocrx_word' id='word_1_443' title='bbox 2662 2890 2933 2958; x_wconf 80' lang='lat' dir='ltr'><strong>metuite;</strong></span> <span class='ocrx_word' id='word_1_444' title='bbox 2996 2890 3280 2964; x_wconf 86' lang='lat' dir='ltr'><strong>legislator</strong></span> <span class='ocrx_word' id='word_1_445' title='bbox 3322 2894 3471 2961; x_wconf 83' lang='lat' dir='ltr'><strong>enim</strong></span> <span class='ocrx_word' id='word_1_446' title='bbox 3522 2902 3611 2961; x_wconf 71' lang='lat' dir='ltr'><strong>est</strong></span> 
     </span>
    </p>
   </div>
   <div class='ocr_carea' id='block_1_71' title="bbox 2011 2983 3611 3060">
    <p class='ocr_par' dir='ltr' id='par_1_71' title="bbox 2011 2983 3611 3060">
     <span class='ocr_line' id='line_1_71' title="bbox 2011 2983 3611 3060; baseline -0.01 -15"><span class='ocrx_word' id='word_1_447' title='bbox 2011 2997 2070 3045; x_wconf 91' lang='lat' dir='ltr'><strong>et</strong></span> <span class='ocrx_word' id='word_1_448' title='bbox 2126 2986 2536 3060; x_wconf 82' lang='lat' dir='ltr'><strong>legislatoribus</strong></span> <span class='ocrx_word' id='word_1_449' title='bbox 2588 2984 2905 3056; x_wconf 82' lang='lat' dir='ltr'><strong>ipsaratio;</strong></span> <span class='ocrx_word' id='word_1_450' title='bbox 2953 2983 3087 3054; x_wconf 88' lang='lat' dir='ltr'><strong>quid</strong></span> <span class='ocrx_word' id='word_1_451' title='bbox 3121 2984 3277 3047; x_wconf 78' lang='lat' dir='ltr'><strong>vobis</strong></span> <span class='ocrx_word' id='word_1_452' title='bbox 3335 2986 3410 3044; x_wconf 68' lang='lat' dir='ltr'><strong>si;</strong></span> <span class='ocrx_word' id='word_1_453' title='bbox 3460 3001 3611 3044; x_wconf 75' lang='grc' dir='ltr'><strong>οοιη-</strong></span> 
     </span>
    </p>
   </div>
   <div class='ocr_carea' id='block_1_72' title="bbox 2014 3076 3613 3151">
    <p class='ocr_par' dir='ltr' id='par_1_72' title="bbox 2014 3076 3613 3151">
     <span class='ocr_line' id='line_1_72' title="bbox 2014 3076 3613 3151; baseline -0.001 -13"><span class='ocrx_word' id='word_1_454' title='bbox 2014 3081 2271 3147; x_wconf 87' lang='lat' dir='ltr'><strong>missum,</strong></span> <span class='ocrx_word' id='word_1_455' title='bbox 2323 3078 2666 3151; x_wconf 88' lang='lat' dir='ltr'><strong>cognoscite,</strong></span> <span class='ocrx_word' id='word_1_456' title='bbox 2722 3087 2776 3133; x_wconf 88' lang='lat' dir='ltr'><strong>et</strong></span> <span class='ocrx_word' id='word_1_457' title='bbox 2818 3076 2981 3147; x_wconf 89' lang='lat' dir='ltr'><strong>quale</strong></span> <span class='ocrx_word' id='word_1_458' title='bbox 3025 3078 3099 3132; x_wconf 92' lang='lat' dir='ltr'><strong>sit</strong></span> <span class='ocrx_word' id='word_1_459' title='bbox 3125 3076 3183 3132; x_wconf 92' lang='lat' dir='ltr'><strong>in</strong></span> <span class='ocrx_word' id='word_1_460' title='bbox 3219 3077 3386 3135; x_wconf 86' lang='lat' dir='ltr'><strong>rebus</strong></span> <span class='ocrx_word' id='word_1_461' title='bbox 3411 3082 3613 3137; x_wconf 88' lang='lat' dir='ltr'><strong>vestris</strong></span> 
     </span>
    </p>
   </div>
   <div class='ocr_carea' id='block_1_73' title="bbox 2015 3167 3609 3247">
    <p class='ocr_par' dir='ltr' id='par_1_73' title="bbox 2015 3167 3609 3247">
     <span class='ocr_line' id='line_1_73' title="bbox 2015 3167 3609 3247; baseline -0.003 -16"><span class='ocrx_word' id='word_1_462' title='bbox 2015 3174 2387 3247; x_wconf 79' lang='lat' dir='ltr'><strong>mysterium;</strong></span> <span class='ocrx_word' id='word_1_463' title='bbox 2423 3172 2714 3240; x_wconf 78' lang='lat' dir='ltr'><strong>universus</strong></span> <span class='ocrx_word' id='word_1_464' title='bbox 2771 3169 3010 3225; x_wconf 87' lang='lat' dir='ltr'><strong>mundus</strong></span> <span class='ocrx_word' id='word_1_465' title='bbox 3048 3167 3153 3225; x_wconf 86' lang='lat' dir='ltr'><strong>sub</strong></span> <span class='ocrx_word' id='word_1_466' title='bbox 3210 3184 3378 3226; x_wconf 87' lang='lat' dir='ltr'><strong>manu</strong></span> <span class='ocrx_word' id='word_1_467' title='bbox 3426 3182 3609 3230; x_wconf 83' lang='lat' dir='ltr'><strong>vestra</strong></span> 
     </span>
    </p>
   </div>
   <div class='ocr_carea' id='block_1_74' title="bbox 2015 3261 3610 3341">
    <p class='ocr_par' dir='ltr' id='par_1_74' title="bbox 2015 3261 3610 3341">
     <span class='ocr_line' id='line_1_74' title="bbox 2015 3261 3610 3341; baseline -0.004 -15"><span class='ocrx_word' id='word_1_468' title='bbox 2015 3270 2216 3341; x_wconf 67' lang='lat' dir='ltr'><strong>exiguo</strong></span> <span class='ocrx_word' id='word_1_469' title='bbox 2242 3265 2553 3333; x_wconf 77' lang='lat' dir='ltr'><strong>diademate</strong></span> <span class='ocrx_word' id='word_1_470' title='bbox 2583 3275 2641 3322; x_wconf 85' lang='lat' dir='ltr'><strong>et</strong></span> <span class='ocrx_word' id='word_1_471' title='bbox 2667 3277 2839 3335; x_wconf 87' lang='lat' dir='ltr'><strong>parvo</strong></span> <span class='ocrx_word' id='word_1_472' title='bbox 2873 3261 3172 3332; x_wconf 87' lang='lat' dir='ltr'><strong>panniculo</strong></span> <span class='ocrx_word' id='word_1_473' title='bbox 3217 3271 3453 3321; x_wconf 88' lang='lat' dir='ltr'><strong>tenetur.</strong></span> <span class='ocrx_word' id='word_1_474' title='bbox 3498 3264 3610 3322; x_wconf 51' lang='lat' dir='ltr'><strong>Sus</strong></span> 
     </span>
    </p>
   </div>
   <div class='ocr_carea' id='block_1_75' title="bbox 2015 3353 3608 3433">
    <p class='ocr_par' dir='ltr' id='par_1_75' title="bbox 2015 3353 3608 3433">
     <span class='ocr_line' id='line_1_75' title="bbox 2015 3353 3608 3433; baseline -0.002 -16"><span class='ocrx_word' id='word_1_475' title='bbox 2015 3376 2187 3433; x_wconf 80' lang='lat' dir='ltr'><strong>perna</strong></span> <span class='ocrx_word' id='word_1_476' title='bbox 2236 3359 2410 3416; x_wconf 85' lang='lat' dir='ltr'><strong>solius</strong></span> <span class='ocrx_word' id='word_1_477' title='bbox 2461 3357 2560 3414; x_wconf 89' lang='lat' dir='ltr'><strong>Dei</strong></span> <span class='ocrx_word' id='word_1_478' title='bbox 2612 3363 2765 3420; x_wconf 89' lang='lat' dir='ltr'><strong>sunt,</strong></span> <span class='ocrx_word' id='word_1_479' title='bbox 2817 3363 2873 3414; x_wconf 83' lang='lat' dir='ltr'><strong>at</strong></span> <span class='ocrx_word' id='word_1_480' title='bbox 2919 3353 3134 3410; x_wconf 89' lang='lat' dir='ltr'><strong>inferna</strong></span> <span class='ocrx_word' id='word_1_481' title='bbox 3184 3357 3350 3412; x_wconf 90' lang='lat' dir='ltr'><strong>etiam</strong></span> <span class='ocrx_word' id='word_1_482' title='bbox 3401 3366 3608 3414; x_wconf 84' lang='lat' dir='ltr'><strong>vestra.</strong></span> 
     </span>
    </p>
   </div>
   <div class='ocr_carea' id='block_1_76' title="bbox 2016 3446 3611 3520">
    <p class='ocr_par' dir='ltr' id='par_1_76' title="bbox 2016 3446 3611 3520">
     <span class='ocr_line' id='line_1_76' title="bbox 2016 3446 3611 3520; baseline -0.003 -9"><span class='ocrx_word' id='word_1_483' title='bbox 2016 3454 2204 3519; x_wconf 77' lang='lat' dir='ltr'><strong>Estote</strong></span> <span class='ocrx_word' id='word_1_484' title='bbox 2231 3451 2310 3508; x_wconf 88' lang='lat' dir='ltr'><strong>dii</strong></span> <span class='ocrx_word' id='word_1_485' title='bbox 2360 3448 2654 3520; x_wconf 84' lang='lat' dir='ltr'><strong>subjectis,</strong></span> <span class='ocrx_word' id='word_1_486' title='bbox 2685 3457 2745 3503; x_wconf 89' lang='lat' dir='ltr'><strong>ut</strong></span> <span class='ocrx_word' id='word_1_487' title='bbox 2778 3446 2988 3518; x_wconf 87' lang='lat' dir='ltr'><strong>aliquid</strong></span> <span class='ocrx_word' id='word_1_488' title='bbox 3021 3446 3206 3507; x_wconf 90' lang='lat' dir='ltr'><strong>dicam</strong></span> <span class='ocrx_word' id='word_1_489' title='bbox 3245 3448 3412 3504; x_wconf 90' lang='lat' dir='ltr'><strong>etiam</strong></span> <span class='ocrx_word' id='word_1_490' title='bbox 3439 3450 3611 3506; x_wconf 65' lang='lat' dir='ltr'><strong>audaz-</strong></span> 
     </span>
    </p>
   </div>
   <div class='ocr_carea' id='block_1_77' title="bbox 2016 3540 3611 3616">
    <p class='ocr_par' dir='ltr' id='par_1_77' title="bbox 2016 3540 3611 3616">
     <span class='ocr_line' id='line_1_77' title="bbox 2016 3540 3611 3616; baseline -0.004 -11"><span class='ocrx_word' id='word_1_491' title='bbox 2016 3548 2135 3604; x_wconf 91' lang='lat' dir='ltr'><strong>cius</strong></span> <span class='ocrx_word' id='word_1_492' title='bbox 2156 3566 2170 3603; x_wconf 88' lang='lat'><strong>:</strong></span> <span class='ocrx_word' id='word_1_493' title='bbox 2190 3546 2305 3602; x_wconf 84' lang='lat' dir='ltr'><strong>Cor</strong></span> <span class='ocrx_word' id='word_1_494' title='bbox 2337 3542 2484 3616; x_wconf 85' lang='lat' dir='ltr'><strong>regis</strong></span> <span class='ocrx_word' id='word_1_495' title='bbox 2514 3556 2639 3599; x_wconf 89' lang='lat' dir='ltr'><strong>esse</strong></span> <span class='ocrx_word' id='word_1_496' title='bbox 2666 3542 2720 3596; x_wconf 88' lang='lat' dir='ltr'><strong>in</strong></span> <span class='ocrx_word' id='word_1_497' title='bbox 2754 3556 2920 3599; x_wconf 88' lang='lat' dir='ltr'><strong>manu</strong></span> <span class='ocrx_word' id='word_1_498' title='bbox 2953 3540 3049 3596; x_wconf 88' lang='lat' dir='ltr'><strong>Dei</strong></span> <span class='ocrx_word' id='word_1_499' title='bbox 3081 3550 3136 3597; x_wconf 91' lang='lat' dir='ltr'><strong>et</strong></span> <span class='ocrx_word' id='word_1_500' title='bbox 3163 3541 3368 3597; x_wconf 90' lang='lat' dir='ltr'><strong>dictum</strong></span> <span class='ocrx_word' id='word_1_501' title='bbox 3401 3552 3455 3598; x_wconf 91' lang='lat' dir='ltr'><strong>et</strong></span> <span class='ocrx_word' id='word_1_502' title='bbox 3488 3557 3611 3599; x_wconf 86' lang='lat' dir='ltr'><strong>crc-</strong></span> 
     </span>
    </p>
   </div>
   <div class='ocr_carea' id='block_1_78' title="bbox 2016 3635 3607 3706">
    <p class='ocr_par' dir='ltr' id='par_1_78' title="bbox 2016 3635 3607 3706">
     <span class='ocr_line' id='line_1_78' title="bbox 2016 3635 3607 3706; baseline -0.004 -7"><span class='ocrx_word' id='word_1_503' title='bbox 2016 3642 2189 3699; x_wconf 87' lang='lat' dir='ltr'><strong>ditum</strong></span> <span class='ocrx_word' id='word_1_504' title='bbox 2235 3653 2351 3706; x_wconf 84' lang='lat' dir='ltr'><strong>est;</strong></span> <span class='ocrx_word' id='word_1_505' title='bbox 2381 3637 2493 3693; x_wconf 90' lang='lat' dir='ltr'><strong>illic</strong></span> <span class='ocrx_word' id='word_1_506' title='bbox 2535 3636 2608 3693; x_wconf 92' lang='lat' dir='ltr'><strong>sit</strong></span> <span class='ocrx_word' id='word_1_507' title='bbox 2656 3635 2826 3690; x_wconf 90' lang='lat' dir='ltr'><strong>robur</strong></span> <span class='ocrx_word' id='word_1_508' title='bbox 2854 3642 3116 3703; x_wconf 88' lang='lat' dir='ltr'><strong>vestrum,</strong></span> <span class='ocrx_word' id='word_1_509' title='bbox 3147 3651 3257 3692; x_wconf 92' lang='lat' dir='ltr'><strong>nou</strong></span> <span class='ocrx_word' id='word_1_510' title='bbox 3308 3645 3493 3693; x_wconf 90' lang='lat' dir='ltr'><strong>autem</strong></span> <span class='ocrx_word' id='word_1_511' title='bbox 3551 3639 3607 3692; x_wconf 89' lang='lat' dir='ltr'><strong>iu</strong></span> 
     </span>
    </p>
   </div>
   <div class='ocr_carea' id='block_1_79' title="bbox 2016 3728 2634 3801">
    <p class='ocr_par' dir='ltr' id='par_1_79' title="bbox 2016 3728 2634 3801">
     <span class='ocr_line' id='line_1_79' title="bbox 2016 3728 2634 3801; baseline -0.011 -13"><span class='ocrx_word' id='word_1_512' title='bbox 2016 3746 2152 3789; x_wconf 89' lang='lat' dir='ltr'><strong>auro</strong></span> <span class='ocrx_word' id='word_1_513' title='bbox 2172 3740 2224 3786; x_wconf 87' lang='lat' dir='ltr'><strong>et</strong></span> <span class='ocrx_word' id='word_1_514' title='bbox 2256 3728 2634 3801; x_wconf 86' lang='lat' dir='ltr'><strong>phalangibus.</strong></span> 
     </span>
    </p>
   </div>
   <div class='ocr_carea' id='block_1_80' title="bbox 2089 3818 3611 3891">
    <p class='ocr_par' dir='ltr' id='par_1_80' title="bbox 2089 3818 3611 3891">
     <span class='ocr_line' id='line_1_80' title="bbox 2089 3818 3611 3891; baseline -0.004 -10"><span class='ocrx_word' id='word_1_515' title='bbox 2089 3825 2264 3880; x_wconf 88' lang='lat' dir='ltr'><strong>Tuam</strong></span> <span class='ocrx_word' id='word_1_516' title='bbox 2297 3823 2353 3879; x_wconf 90' lang='lat' dir='ltr'><strong>in</strong></span> <span class='ocrx_word' id='word_1_517' title='bbox 2374 3820 2667 3878; x_wconf 82' lang='lat' dir='ltr'><strong>efficiendo</strong></span> <span class='ocrx_word' id='word_1_518' title='bbox 2700 3818 2810 3874; x_wconf 92' lang='lat' dir='ltr'><strong>vim</strong></span> <span class='ocrx_word' id='word_1_519' title='bbox 2839 3829 2895 3876; x_wconf 91' lang='lat' dir='ltr'><strong>et</strong></span> <span class='ocrx_word' id='word_1_520' title='bbox 2918 3829 3243 3891; x_wconf 88' lang='lat' dir='ltr'><strong>potestatem</strong></span> <span class='ocrx_word' id='word_1_521' title='bbox 3267 3820 3611 3889; x_wconf 81' lang='lat' dir='ltr'><strong>demonstra,</strong></span> 
     </span>
    </p>
   </div>
   <div class='ocr_carea' id='block_1_81' title="bbox 2018 3911 3606 3983">
    <p class='ocr_par' dir='ltr' id='par_1_81' title="bbox 2018 3911 3606 3983">
     <span class='ocr_line' id='line_1_81' title="bbox 2018 3911 3606 3983; baseline -0.003 -12"><span class='ocrx_word' id='word_1_522' title='bbox 2018 3932 2127 3971; x_wconf 86' lang='lat' dir='ltr'><strong>nun</strong></span> <span class='ocrx_word' id='word_1_523' title='bbox 2159 3923 2218 3970; x_wconf 91' lang='lat' dir='ltr'><strong>ut</strong></span> <span class='ocrx_word' id='word_1_524' title='bbox 2250 3914 2400 3974; x_wconf 87' lang='lat' dir='ltr'><strong>mali.</strong></span> <span class='ocrx_word' id='word_1_525' title='bbox 2434 3911 2527 3969; x_wconf 86' lang='lat' dir='ltr'><strong>sed</strong></span> <span class='ocrx_word' id='word_1_526' title='bbox 2569 3921 2628 3965; x_wconf 89' lang='lat' dir='ltr'><strong>ut</strong></span> <span class='ocrx_word' id='word_1_527' title='bbox 2660 3911 2787 3966; x_wconf 90' lang='lat' dir='ltr'><strong>boni</strong></span> <span class='ocrx_word' id='word_1_528' title='bbox 2821 3911 3029 3982; x_wconf 89' lang='lat' dir='ltr'><strong>aliquid</strong></span> <span class='ocrx_word' id='word_1_529' title='bbox 3058 3911 3350 3977; x_wconf 78' lang='lat' dir='ltr'><strong>efﬁciatur,</strong></span> <span class='ocrx_word' id='word_1_530' title='bbox 3374 3912 3419 3967; x_wconf 92' lang='lat' dir='ltr'><strong>si</strong></span> <span class='ocrx_word' id='word_1_531' title='bbox 3445 3913 3606 3983; x_wconf 86' lang='lat' dir='ltr'><strong>cupis</strong></span> 
     </span>
    </p>
   </div>
   <div class='ocr_carea' id='block_1_82' title="bbox 2019 4003 3611 4077">
    <p class='ocr_par' dir='ltr' id='par_1_82' title="bbox 2019 4003 3611 4077">
     <span class='ocr_line' id='line_1_82' title="bbox 2019 4003 3611 4077; baseline 0.001 -16"><span class='ocrx_word' id='word_1_532' title='bbox 2019 4007 2158 4062; x_wconf 91' lang='lat' dir='ltr'><strong>deus</strong></span> <span class='ocrx_word' id='word_1_533' title='bbox 2193 4021 2333 4061; x_wconf 86' lang='lat' dir='ltr'><strong>esse.</strong></span> <span class='ocrx_word' id='word_1_534' title='bbox 2371 4003 2486 4060; x_wconf 85' lang='lat' dir='ltr'><strong>[Ioc</strong></span> <span class='ocrx_word' id='word_1_535' title='bbox 2525 4006 2670 4061; x_wconf 87' lang='lat' dir='ltr'><strong>enim</strong></span> <span class='ocrx_word' id='word_1_536' title='bbox 2713 4014 2796 4061; x_wconf 89' lang='lat' dir='ltr'><strong>est</strong></span> <span class='ocrx_word' id='word_1_537' title='bbox 2829 4007 2932 4070; x_wconf 81' lang='lat' dir='ltr'><strong>viri</strong></span> <span class='ocrx_word' id='word_1_538' title='bbox 2973 4006 3213 4070; x_wconf 89' lang='lat' dir='ltr'><strong>innatam</strong></span> <span class='ocrx_word' id='word_1_539' title='bbox 3265 4010 3374 4073; x_wconf 78' lang='lat' dir='ltr'><strong>vim</strong></span> <span class='ocrx_word' id='word_1_540' title='bbox 3403 4023 3611 4077; x_wconf 82' lang='lat' dir='ltr'><strong>cogno-</strong></span> 
     </span>
    </p>
   </div>
   <div class='ocr_carea' id='block_1_83' title="bbox 2019 4098 3612 4172">
    <p class='ocr_par' dir='ltr' id='par_1_83' title="bbox 2019 4098 3612 4172">
     <span class='ocr_line' id='line_1_83' title="bbox 2019 4098 3612 4172; baseline 0.001 -16"><span class='ocrx_word' id='word_1_541' title='bbox 2019 4101 2230 4160; x_wconf 80' lang='lat' dir='ltr'><strong>scentis</strong></span> <span class='ocrx_word' id='word_1_542' title='bbox 2296 4116 2309 4154; x_wconf 93' lang='lat'><strong>:</strong></span> <span class='ocrx_word' id='word_1_543' title='bbox 2361 4098 2624 4167; x_wconf 80' lang='lat' dir='ltr'><strong>facillime</strong></span> <span class='ocrx_word' id='word_1_544' title='bbox 2676 4108 2860 4165; x_wconf 79' lang='lat' dir='ltr'><strong>autem</strong></span> <span class='ocrx_word' id='word_1_545' title='bbox 2918 4103 3201 4171; x_wconf 82' lang='lat' dir='ltr'><strong>pastinaca</strong></span> <span class='ocrx_word' id='word_1_546' title='bbox 3252 4109 3307 4157; x_wconf 90' lang='lat' dir='ltr'><strong>et</strong></span> <span class='ocrx_word' id='word_1_547' title='bbox 3357 4102 3612 4172; x_wconf 78' lang='lat' dir='ltr'><strong>scorpius</strong></span> 
     </span>
    </p>
   </div>
   <div class='ocr_carea' id='block_1_84' title="bbox 2018 4199 2236 4259">
    <p class='ocr_par' dir='ltr' id='par_1_84' title="bbox 2018 4199 2236 4259">
     <span class='ocr_line' id='line_1_84' title="bbox 2018 4199 2236 4259; baseline 0.005 -14"><span class='ocrx_word' id='word_1_548' title='bbox 2018 4199 2236 4259; x_wconf 85' lang='lat' dir='ltr'><strong>necant.</strong></span> 
     </span>
    </p>
   </div>
   <div class='ocr_carea' id='block_1_85' title="bbox 2089 4282 3613 4359">
    <p class='ocr_par' dir='ltr' id='par_1_85' title="bbox 2089 4282 3613 4359">
     <span class='ocr_line' id='line_1_85' title="bbox 2089 4282 3613 4359; baseline 0.003 -25"><span class='ocrx_word' id='word_1_549' title='bbox 2089 4282 2194 4359; x_wconf 78' lang='lat' dir='ltr'><strong>Qui</strong></span> <span class='ocrx_word' id='word_1_550' title='bbox 2226 4282 2418 4354; x_wconf 88' lang='lat' dir='ltr'><strong>geritis</strong></span> <span class='ocrx_word' id='word_1_551' title='bbox 2463 4292 2813 4353; x_wconf 84' lang='lat' dir='ltr'><strong>potestatem,</strong></span> <span class='ocrx_word' id='word_1_552' title='bbox 2857 4283 3043 4338; x_wconf 88' lang='lat' dir='ltr'><strong>timete</strong></span> <span class='ocrx_word' id='word_1_553' title='bbox 3074 4285 3436 4354; x_wconf 88' lang='lat' dir='ltr'><strong>potentiorem</strong></span> <span class='ocrx_word' id='word_1_554' title='bbox 3470 4305 3483 4341; x_wconf 91' lang='lat'><strong>:</strong></span> <span class='ocrx_word' id='word_1_555' title='bbox 3518 4286 3613 4356; x_wconf 87' lang='lat' dir='ltr'><strong>qui</strong></span> 
     </span>
    </p>
   </div>
   <div class='ocr_carea' id='block_1_86' title="bbox 2020 4375 3043 4441">
    <p class='ocr_par' dir='ltr' id='par_1_86' title="bbox 2020 4375 3043 4441">
     <span class='ocr_line' id='line_1_86' title="bbox 2020 4375 3043 4441; baseline 0.001 -10"><span class='ocrx_word' id='word_1_556' title='bbox 2020 4376 2074 4431; x_wconf 91' lang='lat' dir='ltr'><strong>iu</strong></span> <span class='ocrx_word' id='word_1_557' title='bbox 2104 4376 2216 4431; x_wconf 89' lang='lat' dir='ltr'><strong>alto</strong></span> <span class='ocrx_word' id='word_1_558' title='bbox 2258 4375 2459 4430; x_wconf 86' lang='lat' dir='ltr'><strong>throno</strong></span> <span class='ocrx_word' id='word_1_559' title='bbox 2500 4376 2729 4441; x_wconf 88' lang='lat' dir='ltr'><strong>sedetis,</strong></span> <span class='ocrx_word' id='word_1_560' title='bbox 2768 4376 3043 4432; x_wconf 86' lang='lat' dir='ltr'><strong>altiorem.</strong></span> 
     </span>
    </p>
   </div>
   <div class='ocr_carea' id='block_1_87' title="bbox 2089 4466 3613 4544">
    <p class='ocr_par' dir='ltr' id='par_1_87' title="bbox 2089 4466 3613 4544">
     <span class='ocr_line' id='line_1_87' title="bbox 2089 4466 3613 4544; baseline 0.002 -20"><span class='ocrx_word' id='word_1_561' title='bbox 2089 4468 2359 4544; x_wconf 76' lang='lat' dir='ltr'><strong>Clu-ysost.</strong></span> <span class='ocrx_word' id='word_1_562' title='bbox 2397 4468 2579 4539; x_wconf 78' lang='lat' dir='ltr'><strong>Regna</strong></span> <span class='ocrx_word' id='word_1_563' title='bbox 2620 4466 2716 4523; x_wconf 88' lang='lat' dir='ltr'><strong>Dei</strong></span> <span class='ocrx_word' id='word_1_564' title='bbox 2758 4466 2868 4533; x_wconf 75' lang='lat' dir='ltr'><strong>duo</strong></span> <span class='ocrx_word' id='word_1_565' title='bbox 2907 4469 3057 4525; x_wconf 86' lang='lat' dir='ltr'><strong>novit</strong></span> <span class='ocrx_word' id='word_1_566' title='bbox 3089 4469 3396 4540; x_wconf 81' lang='lat' dir='ltr'><strong>Scriptura,</strong></span> <span class='ocrx_word' id='word_1_567' title='bbox 3442 4488 3613 4527; x_wconf 88' lang='lat' dir='ltr'><strong>unum</strong></span> 
     </span>
    </p>
   </div>
   <div class='ocr_carea' id='block_1_88' title="bbox 331 4556 1916 4632">
    <p class='ocr_par' dir='ltr' id='par_1_88' title="bbox 331 4556 1912 4632">
     <span class='ocr_line' id='line_1_88' title="bbox 331 4556 1912 4632; baseline 0.004 -19"><span class='ocrx_word' id='word_1_568' title='bbox 331 4557 453 4613; x_wconf 72' lang='grc' dir='ltr'>κατ’</span> <span class='ocrx_word' id='word_1_569' title='bbox 479 4559 777 4622; x_wconf 81' lang='grc' dir='ltr'>οίκείωσιν,</span> <span class='ocrx_word' id='word_1_570' title='bbox 805 4556 907 4628; x_wconf 84' lang='grc' dir='ltr'>τὴν</span> <span class='ocrx_word' id='word_1_571' title='bbox 935 4557 994 4611; x_wconf 79' lang='grc' dir='ltr'>δὲ</span> <span class='ocrx_word' id='word_1_572' title='bbox 1027 4558 1168 4611; x_wconf 77' lang='grc' dir='ltr'>κατὰ</span> <span class='ocrx_word' id='word_1_573' title='bbox 1204 4558 1590 4632; x_wconf 81' lang='grc' dir='ltr'>δημιουργίαν.</span> <span class='ocrx_word' id='word_1_574' title='bbox 1623 4564 1912 4620; x_wconf 75' lang='grc' dir='ltr'>Βασιλεύει</span> 
     </span>
    </p>
   </div>
   <div class='ocr_carea' id='block_1_89' title="bbox 2031 4556 3617 4632">
    <p class='ocr_par' dir='ltr' id='par_1_89' title="bbox 2031 4558 3617 4630">
     <span class='ocr_line' id='line_1_89' title="bbox 2031 4558 3617 4630; baseline 0.002 -16"><span class='ocrx_word' id='word_1_575' title='bbox 2031 4558 2295 4614; x_wconf 84' lang='lat' dir='ltr'><strong>familiare</strong></span> <span class='ocrx_word' id='word_1_576' title='bbox 2328 4565 2383 4613; x_wconf 91' lang='lat' dir='ltr'><strong>et</strong></span> <span class='ocrx_word' id='word_1_577' title='bbox 2434 4559 2818 4624; x_wconf 85' lang='lat' dir='ltr'><strong>domesticum,</strong></span> <span class='ocrx_word' id='word_1_578' title='bbox 2853 4560 3087 4620; x_wconf 84' lang='lat' dir='ltr'><strong>alterum</strong></span> <span class='ocrx_word' id='word_1_579' title='bbox 3136 4562 3283 4630; x_wconf 89' lang='lat' dir='ltr'><strong>quod</strong></span> <span class='ocrx_word' id='word_1_580' title='bbox 3316 4562 3617 4618; x_wconf 89' lang='lat' dir='ltr'><strong>crcationis</strong></span> 
     </span>
    </p>
   </div>
   <div class='ocr_carea' id='block_1_90' title="bbox 332 4647 1918 4720">
    <p class='ocr_par' dir='ltr' id='par_1_90' title="bbox 332 4647 1918 4720">
     <span class='ocr_line' id='line_1_90' title="bbox 332 4647 1918 4720; baseline 0.006 -18"><span class='ocrx_word' id='word_1_581' title='bbox 332 4651 433 4718; x_wconf 84' lang='grc' dir='ltr'>μὲν</span> <span class='ocrx_word' id='word_1_582' title='bbox 457 4649 566 4720; x_wconf 82' lang='grc' dir='ltr'>γὰρ</span> <span class='ocrx_word' id='word_1_583' title='bbox 589 4647 870 4716; x_wconf 85' lang='grc' dir='ltr'>ἁπάντων,</span> <span class='ocrx_word' id='word_1_584' title='bbox 900 4650 994 4703; x_wconf 72' lang='grc' dir='ltr'>καὶ</span> <span class='ocrx_word' id='word_1_585' title='bbox 1033 4647 1326 4719; x_wconf 84' lang='grc' dir='ltr'>Ἑλλήνων,</span> <span class='ocrx_word' id='word_1_586' title='bbox 1356 4651 1453 4705; x_wconf 76' lang='grc' dir='ltr'>καὶ</span> <span class='ocrx_word' id='word_1_587' title='bbox 1494 4654 1789 4720; x_wconf 82' lang='grc' dir='ltr'>Ἰουδαίων,</span> <span class='ocrx_word' id='word_1_588' title='bbox 1821 4659 1918 4712; x_wconf 74' lang='grc' dir='ltr'>καὶ</span> 
     </span>
    </p>
   </div>
   <div class='ocr_carea' id='block_1_91' title="bbox 328 4743 1918 4825">
    <p class='ocr_par' dir='ltr' id='par_1_91' title="bbox 328 4743 1918 4825">
     <span class='ocr_line' id='line_1_91' title="bbox 328 4743 1918 4825; baseline 0.011 -29"><span class='ocrx_word' id='word_1_589' title='bbox 328 4743 628 4814; x_wconf 82' lang='grc' dir='ltr'>δαιμόνων,</span> <span class='ocrx_word' id='word_1_590' title='bbox 661 4744 755 4797; x_wconf 77' lang='grc' dir='ltr'>καὶ</span> <span class='ocrx_word' id='word_1_591' title='bbox 803 4743 912 4797; x_wconf 85' lang='grc' dir='ltr'><strong>τῶν</strong></span> <span class='ocrx_word' id='word_1_592' title='bbox 963 4743 1467 4819; x_wconf 82' lang='grc' dir='ltr'>ἀντιτεταγμένων,</span> <span class='ocrx_word' id='word_1_593' title='bbox 1517 4748 1661 4803; x_wconf 77' lang='grc' dir='ltr'>κατὰ</span> <span class='ocrx_word' id='word_1_594' title='bbox 1690 4749 1783 4813; x_wconf 72' lang='grc' dir='ltr'><strong>τὸν</strong></span> <span class='ocrx_word' id='word_1_595' title='bbox 1815 4750 1918 4825; x_wconf 75' lang='grc' dir='ltr'>τῆς</span> 
     </span>
    </p>
   </div>
   <div class='ocr_carea' id='block_1_92' title="bbox 330 4834 902 4919">
    <p class='ocr_par' dir='ltr' id='par_1_92' title="bbox 330 4834 902 4919">
     <span class='ocr_line' id='line_1_92' title="bbox 330 4834 902 4919; baseline 0.003 -31"><span class='ocrx_word' id='word_1_596' title='bbox 330 4834 696 4919; x_wconf 84' lang='grc' dir='ltr'>δημιουργίας</span> <span class='ocrx_word' id='word_1_597' title='bbox 723 4836 902 4907; x_wconf 80' lang='grc' dir='ltr'>λόγον.</span> 
     </span>
    </p>
   </div>
   <div class='ocr_carea' id='block_1_93' title="bbox 287 4927 1921 5012">
    <p class='ocr_par' dir='ltr' id='par_1_93' title="bbox 287 4927 1921 5012">
     <span class='ocr_line' id='line_1_93' title="bbox 287 4927 1921 5012; baseline 0.006 -29"><span class='ocrx_word' id='word_1_598' title='bbox 287 4985 291 4988; x_wconf 63' lang='grc'><strong>,</strong></span> <span class='ocrx_word' id='word_1_599' title='bbox 407 4927 601 4983; x_wconf 76' lang='grc' dir='ltr'>Πολλοὶ</span> <span class='ocrx_word' id='word_1_600' title='bbox 634 4930 732 4997; x_wconf 73' lang='grc' dir='ltr'>καὶ</span> <span class='ocrx_word' id='word_1_601' title='bbox 766 4930 919 5000; x_wconf 59' lang='lat' dir='ltr'><strong>won</strong></span> <span class='ocrx_word' id='word_1_602' title='bbox 971 4928 1216 5002; x_wconf 84' lang='grc' dir='ltr'>βασιλεῖς</span> <span class='ocrx_word' id='word_1_603' title='bbox 1249 4930 1516 4999; x_wconf 72' lang='grc' dir='ltr'>πολλάκις</span> <span class='ocrx_word' id='word_1_604' title='bbox 1548 4932 1642 4988; x_wconf 72' lang='grc' dir='ltr'><strong>ἐπὶ</strong></span> <span class='ocrx_word' id='word_1_605' title='bbox 1687 4935 1788 5012; x_wconf 64' lang='grc' dir='ltr'>τὴν</span> <span class='ocrx_word' id='word_1_606' title='bbox 1817 4939 1921 5010; x_wconf 66' lang='lat' dir='ltr'><strong>dp,-</strong></span> 
     </span>
    </p>
   </div>
   <div class='ocr_carea' id='block_1_94' title="bbox 334 5020 1920 5098">
    <p class='ocr_par' dir='ltr' id='par_1_94' title="bbox 334 5020 1920 5098">
     <span class='ocr_line' id='line_1_94' title="bbox 334 5020 1920 5098; baseline 0.008 -26"><span class='ocrx_word' id='word_1_607' title='bbox 334 5020 435 5091; x_wconf 77' lang='grc' dir='ltr'><strong>χὴν</strong></span> <span class='ocrx_word' id='word_1_608' title='bbox 483 5020 753 5085; x_wconf 63' lang='lat' dir='ltr'><strong>naevus,</strong></span> <span class='ocrx_word' id='word_1_609' title='bbox 802 5024 929 5086; x_wconf 80' lang='grc' dir='ltr'>τοὺς</span> <span class='ocrx_word' id='word_1_610' title='bbox 974 5023 1147 5078; x_wconf 86' lang='grc' dir='ltr'>πάλαι</span> <span class='ocrx_word' id='word_1_611' title='bbox 1201 5025 1584 5096; x_wconf 60' lang='grc' dir='ltr'>λελυπηκότας</span> <span class='ocrx_word' id='word_1_612' title='bbox 1637 5027 1920 5098; x_wconf 74' lang='grc' dir='ltr'>λαὸόντες,</span> 
     </span>
    </p>
   </div>
   <div class='ocr_carea' id='block_1_95' title="bbox 332 5109 1921 5195">
    <p class='ocr_par' dir='ltr' id='par_1_95' title="bbox 332 5109 1921 5195">
     <span class='ocr_line' id='line_1_95' title="bbox 332 5109 1921 5195; baseline 0.006 -27"><span class='ocrx_word' id='word_1_613' title='bbox 332 5113 555 5179; x_wconf 81' lang='grc' dir='ltr'>ἀνάξιον</span> <span class='ocrx_word' id='word_1_614' title='bbox 592 5109 734 5169; x_wconf 68' lang='grc' dir='ltr'>εἶναι</span> <span class='ocrx_word' id='word_1_615' title='bbox 763 5115 1023 5186; x_wconf 76' lang='grc' dir='ltr'>ἐνόμισαν</span> <span class='ocrx_word' id='word_1_616' title='bbox 1057 5118 1116 5171; x_wconf 77' lang='grc' dir='ltr'>ὲν</span> <span class='ocrx_word' id='word_1_617' title='bbox 1146 5116 1326 5189; x_wconf 68' lang='grc' dir='ltr'>ἀρχῆς</span> <span class='ocrx_word' id='word_1_618' title='bbox 1365 5118 1517 5195; x_wconf 74' lang='grc' dir='ltr'>ὄγκῳ</span> <span class='ocrx_word' id='word_1_619' title='bbox 1568 5119 1811 5185; x_wconf 80' lang='grc' dir='ltr'>τοσούτω</span> <span class='ocrx_word' id='word_1_620' title='bbox 1839 5123 1921 5178; x_wconf 84' lang='grc' dir='ltr'>δί-</span> 
     </span>
    </p>
   </div>
   <div class='ocr_carea' id='block_1_96' title="bbox 332 5209 1504 5283">
    <p class='ocr_par' dir='ltr' id='par_1_96' title="bbox 332 5209 1504 5283">
     <span class='ocr_line' id='line_1_96' title="bbox 332 5209 1504 5283; baseline 0.008 -22"><span class='ocrx_word' id='word_1_621' title='bbox 332 5224 439 5278; x_wconf 78' lang='grc' dir='ltr'><strong>κην</strong></span> <span class='ocrx_word' id='word_1_622' title='bbox 469 5210 770 5280; x_wconf 81' lang='grc' dir='ltr'>ἀπαιτῆσαι</span> <span class='ocrx_word' id='word_1_623' title='bbox 797 5209 905 5264; x_wconf 85' lang='grc' dir='ltr'><strong>τῶν</strong></span> <span class='ocrx_word' id='word_1_624' title='bbox 928 5210 1504 5283; x_wconf 82' lang='grc' dir='ltr'>πεπλημμελημένων.</span> 
     </span>
    </p>
   </div>
   <div class='ocr_carea' id='block_1_97' title="bbox 406 5393 1757 5470">
    <p class='ocr_par' dir='ltr' id='par_1_97' title="bbox 406 5393 1757 5470">
     <span class='ocr_line' id='line_1_97' title="bbox 406 5393 1757 5470; baseline 0.006 -22"><span class='ocrx_word' id='word_1_625' title='bbox 406 5394 772 5466; x_wconf 82' lang='grc' dir='ltr'>Θεραπεύειν,</span> <span class='ocrx_word' id='word_1_626' title='bbox 800 5393 903 5449; x_wconf 81' lang='grc' dir='ltr'>οὐκ</span> <span class='ocrx_word' id='word_1_627' title='bbox 935 5393 1209 5466; x_wconf 79' lang='grc' dir='ltr'>ἐρεθίζειν</span> <span class='ocrx_word' id='word_1_628' title='bbox 1247 5398 1328 5469; x_wconf 73' lang='grc' dir='ltr'><strong>δεῖ</strong></span> <span class='ocrx_word' id='word_1_629' title='bbox 1348 5399 1448 5470; x_wconf 75' lang='grc' dir='ltr'>τᾲς</span> <span class='ocrx_word' id='word_1_630' title='bbox 1481 5400 1757 5470; x_wconf 66' lang='grc' dir='ltr'>ἐξουσίας,</span> 
     </span>
    </p>
   </div>
   <div class='ocr_carea' id='block_1_98' title="bbox 409 5485 1914 5565">
    <p class='ocr_par' dir='ltr' id='par_1_98' title="bbox 409 5485 1914 5565">
     <span class='ocr_line' id='line_1_98' title="bbox 409 5485 1914 5565; baseline 0.005 -26"><span class='ocrx_word' id='word_1_631' title='bbox 409 5485 578 5547; x_wconf 80' lang='grc' dir='ltr'>Ὅταν</span> <span class='ocrx_word' id='word_1_632' title='bbox 634 5485 820 5558; x_wconf 76' lang='grc' dir='ltr'>ἄρχων</span> <span class='ocrx_word' id='word_1_633' title='bbox 850 5488 1224 5558; x_wconf 75' lang='grc' dir='ltr'>ἀνεπίληπτος</span> <span class='ocrx_word' id='word_1_634' title='bbox 1348 5493 1505 5556; x_wconf 81' lang='grc' dir='ltr'>πᾶσι,</span> <span class='ocrx_word' id='word_1_635' title='bbox 1535 5493 1662 5560; x_wconf 79' lang='grc' dir='ltr'>τότε</span> <span class='ocrx_word' id='word_1_636' title='bbox 1696 5493 1914 5558; x_wconf 75' lang='grc' dir='ltr'>δύναται</span> 
     </span>
    </p>
   </div>
   <div class='ocr_carea' id='block_1_99' title="bbox 338 5577 1922 5661">
    <p class='ocr_par' dir='ltr' id='par_1_99' title="bbox 338 5577 1922 5661">
     <span class='ocr_line' id='line_1_99' title="bbox 338 5577 1922 5661; baseline 0.004 -30"><span class='ocrx_word' id='word_1_637' title='bbox 338 5578 459 5649; x_wconf 81' lang='grc' dir='ltr'>μεθ’</span> <span class='ocrx_word' id='word_1_638' title='bbox 486 5580 616 5657; x_wconf 77' lang='grc' dir='ltr'>ὅσης</span> <span class='ocrx_word' id='word_1_639' title='bbox 646 5577 901 5661; x_wconf 30' lang='grc' dir='ltr'>,βούλεται</span> <span class='ocrx_word' id='word_1_640' title='bbox 949 5579 1198 5646; x_wconf 76' lang='grc' dir='ltr'>ἐξουσίας</span> <span class='ocrx_word' id='word_1_641' title='bbox 1227 5582 1329 5649; x_wconf 61' lang='grc' dir='ltr'>καὶ</span> <span class='ocrx_word' id='word_1_642' title='bbox 1360 5583 1617 5657; x_wconf 71' lang='grc' dir='ltr'>κολάζειν</span> <span class='ocrx_word' id='word_1_643' title='bbox 1644 5584 1741 5639; x_wconf 74' lang='grc' dir='ltr'>καὶ</span> <span class='ocrx_word' id='word_1_644' title='bbox 1783 5600 1922 5652; x_wconf 87' lang='grc' dir='ltr'>συγ·</span> 
     </span>
    </p>
   </div>
   <div class='ocr_carea' id='block_1_100' title="bbox 336 5669 1708 5748">
    <p class='ocr_par' dir='ltr' id='par_1_100' title="bbox 336 5669 1708 5748">
     <span class='ocr_line' id='line_1_100' title="bbox 336 5669 1708 5748; baseline 0.009 -28"><span class='ocrx_word' id='word_1_645' title='bbox 336 5674 539 5748; x_wconf 74' lang='grc' dir='ltr'>χωρεῖν</span> <span class='ocrx_word' id='word_1_646' title='bbox 568 5674 694 5735; x_wconf 77' lang='grc' dir='ltr'>τοὺς</span> <span class='ocrx_word' id='word_1_647' title='bbox 728 5669 823 5725; x_wconf 79' lang='grc' dir='ltr'><strong>ὑπ’</strong></span> <span class='ocrx_word' id='word_1_648' title='bbox 847 5671 999 5743; x_wconf 82' lang='grc' dir='ltr'>αὐτῷ</span> <span class='ocrx_word' id='word_1_649' title='bbox 1027 5674 1394 5745; x_wconf 68' lang='grc' dir='ltr'>ταττομένους</span> <span class='ocrx_word' id='word_1_650' title='bbox 1439 5677 1708 5744; x_wconf 73' lang='grc' dir='ltr'>ἅπαντας.</span> 
     </span>
    </p>
   </div>
   <div class='ocr_carea' id='block_1_101' title="bbox 409 5761 1924 5841">
    <p class='ocr_par' dir='ltr' id='par_1_101' title="bbox 409 5761 1924 5841">
     <span class='ocr_line' id='line_1_101' title="bbox 409 5761 1924 5841; baseline 0.004 -25"><span class='ocrx_word' id='word_1_651' title='bbox 409 5763 581 5817; x_wconf 74' lang='grc' dir='ltr'>Οὐδὲν</span> <span class='ocrx_word' id='word_1_652' title='bbox 632 5766 741 5832; x_wconf 78' lang='grc' dir='ltr'><strong>γάρ</strong></span> <span class='ocrx_word' id='word_1_653' title='bbox 773 5761 920 5817; x_wconf 82' lang='grc' dir='ltr'>οὕτω</span> <span class='ocrx_word' id='word_1_654' title='bbox 968 5765 1217 5820; x_wconf 87' lang='grc' dir='ltr'>δείκνυσι</span> <span class='ocrx_word' id='word_1_655' title='bbox 1245 5766 1339 5821; x_wconf 67' lang='grc' dir='ltr'><strong>τόν</strong></span> <span class='ocrx_word' id='word_1_656' title='bbox 1385 5767 1485 5839; x_wconf 78' lang='grc' dir='ltr'>τὴν</span> <span class='ocrx_word' id='word_1_657' title='bbox 1524 5769 1702 5841; x_wconf 77' lang='grc' dir='ltr'>ἀρχὴν</span> <span class='ocrx_word' id='word_1_658' title='bbox 1730 5770 1924 5841; x_wconf 74' lang='grc' dir='ltr'>ἔχοντα</span> 
     </span>
    </p>
   </div>
   <div class='ocr_carea' id='block_1_102' title="bbox 334 5853 1927 5931">
    <p class='ocr_par' dir='ltr' id='par_1_102' title="bbox 334 5853 1927 5931">
     <span class='ocr_line' id='line_1_102' title="bbox 334 5853 1927 5931; baseline 0.001 -20"><span class='ocrx_word' id='word_1_659' title='bbox 334 5853 413 5920; x_wconf 80' lang='grc' dir='ltr'><strong>ὡς</strong></span> <span class='ocrx_word' id='word_1_660' title='bbox 442 5855 802 5927; x_wconf 72' lang='grc' dir='ltr'>φιλοστοργία</span> <span class='ocrx_word' id='word_1_661' title='bbox 828 5856 956 5927; x_wconf 76' lang='grc' dir='ltr'>περὶ</span> <span class='ocrx_word' id='word_1_662' title='bbox 981 5857 1112 5921; x_wconf 80' lang='grc' dir='ltr'>τοὺς</span> <span class='ocrx_word' id='word_1_663' title='bbox 1143 5857 1505 5929; x_wconf 71' lang='grc' dir='ltr'>ἀρχομένους.</span> <span class='ocrx_word' id='word_1_664' title='bbox 1542 5858 1649 5915; x_wconf 68' lang='grc' dir='ltr'><strong>Καὶ</strong></span> <span class='ocrx_word' id='word_1_665' title='bbox 1674 5859 1791 5931; x_wconf 78' lang='grc' dir='ltr'><strong>¹γάρ</strong></span> <span class='ocrx_word' id='word_1_666' title='bbox 1821 5875 1927 5913; x_wconf 63' lang='grc' dir='ltr'>παρ</span> 
     </span>
    </p>
   </div>
   <div class='ocr_carea' id='block_1_103' title="bbox 618 5952 1444 6025">
    <p class='ocr_par' dir='ltr' id='par_1_103' title="bbox 618 5952 1444 6025">
     <span class='ocr_line' id='line_1_103' title="bbox 618 5952 1444 6025; baseline 0.011 -16"><span class='ocrx_word' id='word_1_667' title='bbox 618 5953 902 6015; x_wconf 68' lang='grc' dir='ltr'>ἓηιιοι.</span> <span class='ocrx_word' id='word_1_668' title='bbox 938 5952 1059 6017; x_wconf 78' lang='lat' dir='ltr'><strong>(in.</strong></span> <span class='ocrx_word' id='word_1_669' title='bbox 1102 5952 1444 6025; x_wconf 75' lang='lat' dir='ltr'><strong>CXXXVI.</strong></span> 
     </span>
    </p>
   </div>
   <div class='ocr_carea' id='block_1_104' title="bbox 2026 4650 3619 4720">
    <p class='ocr_par' dir='ltr' id='par_1_104' title="bbox 2026 4650 3619 4720">
     <span class='ocr_line' id='line_1_104' title="bbox 2026 4650 3619 4720; baseline 0.002 -15"><span class='ocrx_word' id='word_1_670' title='bbox 2026 4652 2292 4720; x_wconf 74' lang='lat' dir='ltr'><strong>rationem</strong></span> <span class='ocrx_word' id='word_1_671' title='bbox 2341 4659 2570 4720; x_wconf 88' lang='lat' dir='ltr'><strong>spectat.</strong></span> <span class='ocrx_word' id='word_1_672' title='bbox 2622 4650 2719 4706; x_wconf 85' lang='lat' dir='ltr'><strong>Est</strong></span> <span class='ocrx_word' id='word_1_673' title='bbox 2765 4651 2915 4706; x_wconf 88' lang='lat' dir='ltr'><strong>enim</strong></span> <span class='ocrx_word' id='word_1_674' title='bbox 2965 4652 3080 4708; x_wconf 80' lang='lat' dir='ltr'><strong>Rex</strong></span> <span class='ocrx_word' id='word_1_675' title='bbox 3133 4652 3516 4711; x_wconf 84' lang='lat' dir='ltr'><strong>universorum</strong></span> <span class='ocrx_word' id='word_1_676' title='bbox 3562 4663 3619 4719; x_wconf 82' lang='lat' dir='ltr'><strong>et</strong></span> 
     </span>
    </p>
   </div>
   <div class='ocr_carea' id='block_1_105' title="bbox 2025 4740 3620 4811">
    <p class='ocr_par' dir='ltr' id='par_1_105' title="bbox 2025 4740 3620 4811">
     <span class='ocr_line' id='line_1_105' title="bbox 2025 4740 3620 4811; baseline 0.001 -13"><span class='ocrx_word' id='word_1_677' title='bbox 2025 4742 2339 4798; x_wconf 74' lang='lat' dir='ltr'><strong>Graecorum</strong></span> <span class='ocrx_word' id='word_1_678' title='bbox 2375 4753 2432 4797; x_wconf 88' lang='lat' dir='ltr'><strong>et</strong></span> <span class='ocrx_word' id='word_1_679' title='bbox 2454 4740 2795 4811; x_wconf 70' lang='lat' dir='ltr'><strong>Judacorum,</strong></span> <span class='ocrx_word' id='word_1_680' title='bbox 2829 4751 2882 4797; x_wconf 89' lang='lat' dir='ltr'><strong>et</strong></span> <span class='ocrx_word' id='word_1_681' title='bbox 2910 4743 3246 4811; x_wconf 68' lang='lat' dir='ltr'><strong>daemonum,</strong></span> <span class='ocrx_word' id='word_1_682' title='bbox 3280 4755 3336 4801; x_wconf 91' lang='lat' dir='ltr'><strong>et</strong></span> <span class='ocrx_word' id='word_1_683' title='bbox 3360 4745 3620 4803; x_wconf 85' lang='lat' dir='ltr'><strong>adversa-</strong></span> 
     </span>
    </p>
   </div>
   <div class='ocr_carea' id='block_1_106' title="bbox 2027 4833 3047 4901">
    <p class='ocr_par' dir='ltr' id='par_1_106' title="bbox 2027 4833 3047 4901">
     <span class='ocr_line' id='line_1_106' title="bbox 2027 4833 3047 4901; baseline 0.002 -11"><span class='ocrx_word' id='word_1_684' title='bbox 2027 4836 2237 4901; x_wconf 82' lang='lat' dir='ltr'><strong>riorum</strong></span> <span class='ocrx_word' id='word_1_685' title='bbox 2273 4833 2570 4889; x_wconf 86' lang='lat' dir='ltr'><strong>crcationis</strong></span> <span class='ocrx_word' id='word_1_686' title='bbox 2599 4833 2785 4888; x_wconf 86' lang='lat' dir='ltr'><strong>habita</strong></span> <span class='ocrx_word' id='word_1_687' title='bbox 2816 4833 3047 4892; x_wconf 86' lang='lat' dir='ltr'><strong>ratione.</strong></span> 
     </span>
    </p>
   </div>
   <div class='ocr_carea' id='block_1_107' title="bbox 2104 4924 3614 5005">
    <p class='ocr_par' dir='ltr' id='par_1_107' title="bbox 2104 4924 3614 5005">
     <span class='ocr_line' id='line_1_107' title="bbox 2104 4924 3614 5005; baseline 0.005 -26"><span class='ocrx_word' id='word_1_688' title='bbox 2104 4924 2258 4989; x_wconf 80' lang='lat' dir='ltr'><strong>Multi</strong></span> <span class='ocrx_word' id='word_1_689' title='bbox 2307 4925 2473 4980; x_wconf 88' lang='lat' dir='ltr'><strong>etiam</strong></span> <span class='ocrx_word' id='word_1_690' title='bbox 2535 4940 2691 4997; x_wconf 82' lang='lat' dir='ltr'><strong>reges</strong></span> <span class='ocrx_word' id='word_1_691' title='bbox 2736 4940 2881 4997; x_wconf 65' lang='lat' dir='ltr'><strong>saepe</strong></span> <span class='ocrx_word' id='word_1_692' title='bbox 2927 4927 3161 4997; x_wconf 87' lang='lat' dir='ltr'><strong>imperio</strong></span> <span class='ocrx_word' id='word_1_693' title='bbox 3190 4938 3439 5000; x_wconf 89' lang='lat' dir='ltr'><strong>accepto,</strong></span> <span class='ocrx_word' id='word_1_694' title='bbox 3486 4946 3614 5005; x_wconf 76' lang='lat' dir='ltr'><strong>cum</strong></span> 
     </span>
    </p>
   </div>
   <div class='ocr_carea' id='block_1_108' title="bbox 2027 5019 3620 5097">
    <p class='ocr_par' dir='ltr' id='par_1_108' title="bbox 2027 5019 3620 5097">
     <span class='ocr_line' id='line_1_108' title="bbox 2027 5019 3620 5097; baseline 0.003 -19"><span class='ocrx_word' id='word_1_695' title='bbox 2027 5036 2126 5078; x_wconf 89' lang='lat' dir='ltr'><strong>eos</strong></span> <span class='ocrx_word' id='word_1_696' title='bbox 2152 5020 2245 5091; x_wconf 91' lang='lat' dir='ltr'><strong>qui</strong></span> <span class='ocrx_word' id='word_1_697' title='bbox 2276 5020 2381 5077; x_wconf 91' lang='lat' dir='ltr'><strong>sibi</strong></span> <span class='ocrx_word' id='word_1_698' title='bbox 2411 5028 2570 5076; x_wconf 87' lang='lat' dir='ltr'><strong>antea</strong></span> <span class='ocrx_word' id='word_1_699' title='bbox 2600 5019 2839 5078; x_wconf 83' lang='lat' dir='ltr'><strong>fuissent</strong></span> <span class='ocrx_word' id='word_1_700' title='bbox 2881 5021 3096 5078; x_wconf 88' lang='lat' dir='ltr'><strong>molesti</strong></span> <span class='ocrx_word' id='word_1_701' title='bbox 3129 5025 3183 5079; x_wconf 92' lang='lat' dir='ltr'><strong>in</strong></span> <span class='ocrx_word' id='word_1_702' title='bbox 3219 5039 3319 5087; x_wconf 89' lang='lat' dir='ltr'><strong>sua</strong></span> <span class='ocrx_word' id='word_1_703' title='bbox 3346 5036 3620 5097; x_wconf 86' lang='lat' dir='ltr'><strong>potestate</strong></span> 
     </span>
    </p>
   </div>
   <div class='ocr_carea' id='block_1_109' title="bbox 2033 5111 3618 5188">
    <p class='ocr_par' dir='ltr' id='par_1_109' title="bbox 2033 5111 3618 5188">
     <span class='ocr_line' id='line_1_109' title="bbox 2033 5111 3618 5188; baseline 0.006 -20"><span class='ocrx_word' id='word_1_704' title='bbox 2033 5114 2319 5177; x_wconf 83' lang='lat' dir='ltr'><strong>haberent,</strong></span> <span class='ocrx_word' id='word_1_705' title='bbox 2370 5111 2425 5166; x_wconf 88' lang='lat' dir='ltr'><strong>in</strong></span> <span class='ocrx_word' id='word_1_706' title='bbox 2487 5120 2644 5177; x_wconf 86' lang='lat' dir='ltr'><strong>tanto</strong></span> <span class='ocrx_word' id='word_1_707' title='bbox 2683 5113 2898 5182; x_wconf 88' lang='lat' dir='ltr'><strong>imperii</strong></span> <span class='ocrx_word' id='word_1_708' title='bbox 2953 5113 3098 5170; x_wconf 71' lang='lat' dir='ltr'><strong>fastu</strong></span> <span class='ocrx_word' id='word_1_709' title='bbox 3156 5116 3439 5188; x_wconf 87' lang='lat' dir='ltr'><strong>indignum</strong></span> <span class='ocrx_word' id='word_1_710' title='bbox 3491 5134 3618 5181; x_wconf 84' lang='lat' dir='ltr'><strong>esse</strong></span> 
     </span>
    </p>
   </div>
   <div class='ocr_carea' id='block_1_110' title="bbox 2024 5203 3618 5277">
    <p class='ocr_par' dir='ltr' id='par_1_110' title="bbox 2024 5203 3618 5277">
     <span class='ocr_line' id='line_1_110' title="bbox 2024 5203 3618 5277; baseline 0.006 -18"><span class='ocrx_word' id='word_1_711' title='bbox 2024 5203 2436 5274; x_wconf 78' lang='lat' dir='ltr'><strong>iudicaverunt,</strong></span> <span class='ocrx_word' id='word_1_712' title='bbox 2487 5204 2582 5276; x_wconf 87' lang='lat' dir='ltr'><strong>qui</strong></span> <span class='ocrx_word' id='word_1_713' title='bbox 2609 5218 2801 5275; x_wconf 75' lang='lat' dir='ltr'><strong>pmnas</strong></span> <span class='ocrx_word' id='word_1_714' title='bbox 2851 5216 3204 5277; x_wconf 89' lang='lat' dir='ltr'><strong>reposcerent</strong></span> <span class='ocrx_word' id='word_1_715' title='bbox 3231 5209 3499 5269; x_wconf 90' lang='lat' dir='ltr'><strong>scelerate</strong></span> <span class='ocrx_word' id='word_1_716' title='bbox 3532 5213 3618 5269; x_wconf 84' lang='lat' dir='ltr'><strong>fa-</strong></span> 
     </span>
    </p>
   </div>
   <div class='ocr_carea' id='block_1_111' title="bbox 2025 5309 2264 5357">
    <p class='ocr_par' dir='ltr' id='par_1_111' title="bbox 2025 5309 2264 5357">
     <span class='ocr_line' id='line_1_111' title="bbox 2025 5309 2264 5357; baseline -0.004 -5"><span class='ocrx_word' id='word_1_717' title='bbox 2025 5309 2264 5357; x_wconf 88' lang='lat' dir='ltr'><strong>ctorum.</strong></span> 
     </span>
    </p>
   </div>
   <div class='ocr_carea' id='block_1_112' title="bbox 2111 5390 3105 5464">
    <p class='ocr_par' dir='ltr' id='par_1_112' title="bbox 2111 5390 3105 5464">
     <span class='ocr_line' id='line_1_112' title="bbox 2111 5390 3105 5464; baseline 0.004 -18"><span class='ocrx_word' id='word_1_718' title='bbox 2111 5390 2373 5455; x_wconf 59' lang='lat' dir='ltr'><strong>Colenzla,</strong></span> <span class='ocrx_word' id='word_1_719' title='bbox 2403 5405 2513 5446; x_wconf 89' lang='lat' dir='ltr'><strong>non</strong></span> <span class='ocrx_word' id='word_1_720' title='bbox 2547 5391 2808 5448; x_wconf 84' lang='lat' dir='ltr'><strong>irritanda</strong></span> <span class='ocrx_word' id='word_1_721' title='bbox 2842 5401 3105 5464; x_wconf 82' lang='lat' dir='ltr'><strong>potestas.</strong></span> 
     </span>
    </p>
   </div>
   <div class='ocr_carea' id='block_1_113' title="bbox 2104 5483 3620 5565">
    <p class='ocr_par' dir='ltr' id='par_1_113' title="bbox 2104 5483 3620 5565">
     <span class='ocr_line' id='line_1_113' title="bbox 2104 5483 3620 5565; baseline 0.005 -24"><span class='ocrx_word' id='word_1_722' title='bbox 2104 5483 2242 5541; x_wconf 84' lang='lat' dir='ltr'><strong>Cum</strong></span> <span class='ocrx_word' id='word_1_723' title='bbox 2273 5484 2529 5555; x_wconf 89' lang='lat' dir='ltr'><strong>princeps</strong></span> <span class='ocrx_word' id='word_1_724' title='bbox 2556 5485 2698 5556; x_wconf 87' lang='lat' dir='ltr'><strong>apud</strong></span> <span class='ocrx_word' id='word_1_725' title='bbox 2730 5500 2922 5544; x_wconf 83' lang='lat' dir='ltr'><strong>omnes</strong></span> <span class='ocrx_word' id='word_1_726' title='bbox 2956 5488 3248 5560; x_wconf 62' lang='lat' dir='ltr'><strong>inculpatae</strong></span> <span class='ocrx_word' id='word_1_727' title='bbox 3275 5490 3401 5555; x_wconf 66' lang='lat' dir='ltr'><strong>vitae</strong></span> <span class='ocrx_word' id='word_1_728' title='bbox 3433 5490 3620 5565; x_wconf 76' lang='lat' dir='ltr'><strong>merit,</strong></span> 
     </span>
    </p>
   </div>
   <div class='ocr_carea' id='block_1_114' title="bbox 2033 5579 3619 5660">
    <p class='ocr_par' dir='ltr' id='par_1_114' title="bbox 2033 5579 3619 5660">
     <span class='ocr_line' id='line_1_114' title="bbox 2033 5579 3619 5660; baseline 0.007 -28"><span class='ocrx_word' id='word_1_729' title='bbox 2033 5585 2150 5635; x_wconf 90' lang='lat' dir='ltr'><strong>tum</strong></span> <span class='ocrx_word' id='word_1_730' title='bbox 2205 5587 2384 5660; x_wconf 78' lang='lat' dir='ltr'><strong>potest</strong></span> <span class='ocrx_word' id='word_1_731' title='bbox 2413 5590 2621 5652; x_wconf 82' lang='lat' dir='ltr'><strong>quanto</strong></span> <span class='ocrx_word' id='word_1_732' title='bbox 2655 5579 2799 5642; x_wconf 86' lang='lat' dir='ltr'><strong>volet</strong></span> <span class='ocrx_word' id='word_1_733' title='bbox 2826 5580 3058 5638; x_wconf 88' lang='lat' dir='ltr'><strong>arbitrio</strong></span> <span class='ocrx_word' id='word_1_734' title='bbox 3096 5588 3156 5641; x_wconf 71' lang='lat' dir='ltr'><strong>et&quot;</strong></span> <span class='ocrx_word' id='word_1_735' title='bbox 3206 5585 3405 5655; x_wconf 84' lang='lat' dir='ltr'><strong>punire</strong></span> <span class='ocrx_word' id='word_1_736' title='bbox 3432 5585 3619 5658; x_wconf 82' lang='lat' dir='ltr'><strong>subje-</strong></span> 
     </span>
    </p>
   </div>
   <div class='ocr_carea' id='block_1_115' title="bbox 2031 5675 3052 5748">
    <p class='ocr_par' dir='ltr' id='par_1_115' title="bbox 2031 5675 3052 5748">
     <span class='ocr_line' id='line_1_115' title="bbox 2031 5675 3052 5748; baseline 0.003 -20"><span class='ocrx_word' id='word_1_737' title='bbox 2031 5682 2152 5735; x_wconf 88' lang='lat' dir='ltr'><strong>ctos</strong></span> <span class='ocrx_word' id='word_1_738' title='bbox 2180 5688 2399 5740; x_wconf 85' lang='lat' dir='ltr'><strong>omnes,</strong></span> <span class='ocrx_word' id='word_1_739' title='bbox 2426 5684 2478 5729; x_wconf 92' lang='lat' dir='ltr'><strong>et</strong></span> <span class='ocrx_word' id='word_1_740' title='bbox 2510 5675 2714 5739; x_wconf 86' lang='lat' dir='ltr'><strong>eisdem</strong></span> <span class='ocrx_word' id='word_1_741' title='bbox 2746 5675 3052 5748; x_wconf 81' lang='lat' dir='ltr'><strong>ignoscere.</strong></span> 
     </span>
    </p>
   </div>
   <div class='ocr_carea' id='block_1_116' title="bbox 2107 5766 3621 5841">
    <p class='ocr_par' dir='ltr' id='par_1_116' title="bbox 2107 5766 3621 5841">
     <span class='ocr_line' id='line_1_116' title="bbox 2107 5766 3621 5841; baseline 0.005 -21"><span class='ocrx_word' id='word_1_742' title='bbox 2107 5766 2254 5822; x_wconf 84' lang='lat' dir='ltr'><strong>Nihil</strong></span> <span class='ocrx_word' id='word_1_743' title='bbox 2278 5777 2365 5824; x_wconf 87' lang='lat' dir='ltr'><strong>est</strong></span> <span class='ocrx_word' id='word_1_744' title='bbox 2387 5768 2534 5838; x_wconf 90' lang='lat' dir='ltr'><strong>quod</strong></span> <span class='ocrx_word' id='word_1_745' title='bbox 2560 5768 2643 5825; x_wconf 89' lang='lat' dir='ltr'><strong>sic</strong></span> <span class='ocrx_word' id='word_1_746' title='bbox 2670 5770 3048 5841; x_wconf 84' lang='lat' dir='ltr'><strong>magistratum</strong></span> <span class='ocrx_word' id='word_1_747' title='bbox 3070 5770 3346 5839; x_wconf 85' lang='lat' dir='ltr'><strong>ostendat,</strong></span> <span class='ocrx_word' id='word_1_748' title='bbox 3379 5779 3438 5827; x_wconf 92' lang='lat' dir='ltr'><strong>ut</strong></span> <span class='ocrx_word' id='word_1_749' title='bbox 3463 5785 3621 5841; x_wconf 75' lang='lat' dir='ltr'><strong>amot-</strong></span> 
     </span>
    </p>
   </div>
   <div class='ocr_carea' id='block_1_117' title="bbox 2029 5859 3619 5954">
    <p class='ocr_par' dir='ltr' id='par_1_117' title="bbox 2029 5859 3619 5954">
     <span class='ocr_line' id='line_1_117' title="bbox 2029 5859 3619 5954; baseline -0.003 -37"><span class='ocrx_word' id='word_1_750' title='bbox 2029 5867 2089 5923; x_wconf 69' lang='grc' dir='ltr'><strong>ει</strong></span> <span class='ocrx_word' id='word_1_751' title='bbox 2112 5859 2497 5923; x_wconf 81' lang='lat' dir='ltr'><strong>benevolentia</strong></span> <span class='ocrx_word' id='word_1_752' title='bbox 2531 5875 2660 5932; x_wconf 84' lang='lat' dir='ltr'><strong>erga</strong></span> <span class='ocrx_word' id='word_1_753' title='bbox 2687 5876 2783 5919; x_wconf 88' lang='lat' dir='ltr'><strong>eos</strong></span> <span class='ocrx_word' id='word_1_754' title='bbox 2813 5863 2909 5935; x_wconf 86' lang='lat' dir='ltr'><strong>qui</strong></span> <span class='ocrx_word' id='word_1_755' title='bbox 2935 5871 3066 5920; x_wconf 86' lang='lat' dir='ltr'><strong>sunt</strong></span> <span class='ocrx_word' id='word_1_756' title='bbox 3102 5863 3205 5918; x_wconf 88' lang='lat' dir='ltr'><strong>sub</strong></span> <span class='ocrx_word' id='word_1_757' title='bbox 3239 5863 3412 5931; x_wconf 78' lang='lat' dir='ltr'><strong>ipsius</strong></span> <span class='ocrx_word' id='word_1_758' title='bbox 3442 5863 3619 5954; x_wconf 71' lang='lat' dir='ltr'><strong>iuipe.</strong></span> 
     </span>
    </p>
   </div>
   <div class='ocr_carea' id='block_1_118' title="bbox 3204 5957 3285 6044">
    <p class='ocr_par' dir='ltr' id='par_1_118' title="bbox 3204 5957 3285 6044">
     <span class='ocr_line' id='line_1_118' title="bbox 3204 5957 3285 6044; baseline 0 -23"><span class='ocrx_word' id='word_1_759' title='bbox 3204 5957 3285 6044; x_wconf 68' lang='lat' dir='ltr'><strong>ea</strong></span> 
     </span>
    </p>
   </div>
  </div>
