4038 6426
391 372 531 436 10‘3

1665 374 1989 436 ANTONII
2032 376 2382 438 MELISS/E

3511 364 3664 446 1004

385 485 508 547 rio;
554 494 678 535 nam
710 485 864 549 pater
905 492 1015 533 non
1048 477 1225 532 solum
1267 479 1629 548 proct'eando,
1670 480 1765 537 sed
1794 482 1958 537 etiam

2088 485 2201 556 πέρα
2227 487 2286 540 οὐ
2323 486 2385 539 τδ
2407 486 2667 556 γεννῆσαι
2698 487 2862 559 μόνον
2885 489 3049 556 ποιεί,
3081 485 3223 543 ἀλλά
3251 490 3352 545 καὶ
3380 490 3444 544 τὸ
3471 494 3659 564 φιλεῖν

382 568 660 641 diligendo
690 577 811 637 post
843 567 1281 637 procreationem
1303 567 1561 624 efﬁcitur.
1600 568 1756 637 Quod
1788 571 1837 628 si
1869 574 1960 630 ubi

383 668 576 713 natura
619 663 722 722 est,
773 654 1040 710 charitate
1091 662 1174 711 est
1214 671 1375 728 opus,
1421 658 1593 713 multo
1649 660 1823 731 magis
1870 662 1963 718 ubi

385 750 584 820 gratia.

453 837 570 891 Non
599 837 653 892 in
687 844 840 890 veste
871 844 925 890 et
953 850 1113 902 zona,
1145 851 1243 891 nec
1273 835 1328 890 in
1367 838 1638 906 praeconis
1669 853 1804 896 voce
1846 856 1967 896 cer-

385 931 536 983 nitur
556 929 831 999 princeps,
857 929 951 982 sed
975 929 1031 981 in
1056 927 1349 984 reficiendo
1373 928 1542 984 fracta
1560 939 1614 985 et
1634 930 1964 999 latiscentia,

381 1032 434 1074 et
460 1037 580 1090 quae
606 1020 747 1076 male
779 1020 1075 1077 constituta
1108 1028 1239 1076 sunt
1269 1022 1619 1092 corrigendo,
1667 1039 1732 1081 ac
1762 1027 1966 1096 impro-

385 1115 483 1169 bos
531 1115 826 1187 puniendo,
885 1130 987 1171 nec
1038 1115 1399 1186 permittendo
1447 1123 1508 1171 ut
1559 1116 1824 1175 violenter
1879 1119 1969 1189 jus

385 1206 639 1274 cuiquam
667 1206 936 1276 eripiatur
964 1213 1018 1261 et
1037 1204 1338 1261 auferatur.

456 1296 559 1352 Ars
591 1305 676 1350 est
704 1296 999 1365 imperare,
1025 1309 1136 1349 non
1173 1294 1350 1350 solum
1380 1293 1637 1365 dignitas,
1666 1302 1719 1350 et
1745 1294 1965 1366 quidem

382 1408 474 1447 ars
504 1393 748 1447 omnium
782 1393 1018 1448 maxime
1053 1390 1539 1447 excellentissima.

457 1483 561 1549 Qui
596 1485 830 1540 maxime
860 1499 927 1539 ex
962 1483 1260 1539 humilibus
1307 1490 1456 1549 sunt,
1506 1498 1631 1540 cum
1674 1484 1966 1555 dignitates

382 1574 528 1629 nacti
583 1574 808 1640 fuerint,
859 1573 1079 1631 facilius
1148 1574 1204 1629 in
1251 1575 1621 1645 arrogantiam
1678 1576 1964 1641 tolluntur,

388 1667 592 1737 quippe
618 1666 715 1736 qui
754 1665 819 1722 ad
847 1665 1160 1737 repentinos
1189 1665 1428 1722 honores
1460 1666 1628 1736 inepti
1658 1666 1787 1723 sint.

461 1755 709 1828 Regnum
743 1765 1088 1839 terrenarum
1123 1773 1304 1815 rerum
1339 1762 1661 1831 asperitates
1695 1770 1963 1833 exaequat.

460 1937 618 2007 127
669 1935 728 1992 S.
772 1935 919 1994 Iren.
964 1938 1074 1996 Rex
1114 1939 1292 1997 omnis
1328 1940 1513 2013 justus
1563 1940 1959 1996 sacerdotalem

385 2026 600 2084 obtinet
626 2027 895 2084 ordinem.

456 2117 619 2175 Joan.
650 2118 903 2174 Damasc.
938 2118 1214 2191 Optimum
1244 2120 1543 2191 principem
1578 2121 1731 2177 decet
1761 2121 1814 2175 in
1846 2121 1963 2175 suis

385 2210 606 2279 quidem
640 2214 881 2282 peccatis
929 2228 1050 2271 esse
1095 2213 1356 2268 acerbum
1386 2212 1622 2279 judicem
1656 2222 1711 2268 et
1742 2213 1966 2268 minime

384 2300 779 2372 ignoscentem,
812 2312 868 2357 at
917 2302 973 2358 in
1020 2304 1217 2360 erratis
1271 2303 1641 2373 subiectorum
1693 2303 1964 2375 placidum

386 2400 440 2444 et
465 2390 531 2445 ad
565 2391 957 2459 ignoscendum
994 2392 1234 2448 facilem.

455 2480 724 2537 Philonis.
777 2484 919 2539 Deus
966 2484 1171 2539 nullius
1219 2485 1446 2554 indiget,
1486 2500 1581 2538 rex
1632 2485 1805 2540 solius
1849 2484 1965 2540 Dei.

385 2574 607 2630 Imitare
654 2577 821 2647 igitur
875 2591 999 2629 cum
1046 2576 1139 2646 qui
1196 2575 1400 2631 nullius
1449 2585 1593 2646 eget,
1617 2590 1680 2631 ac
1738 2578 1967 2648 largiter

386 2665 671 2736 impertire
723 2667 1033 2738 petentibus
1095 2666 1556 2736 misericordiam,
1592 2684 1704 2724 non
1745 2684 1965 2727 sunnno

382 2760 507 2829 jure
535 2775 636 2817 nec
663 2761 911 2817 restricte
938 2776 1061 2817 cum
1095 2761 1435 2832 supplicibus
1462 2776 1648 2831 agens,
1673 2762 1768 2819 sed
1792 2763 1969 2818 omni—

387 2854 490 2908 bus
522 2869 644 2922 qua:
673 2855 740 2908 ad
791 2855 959 2909 vitam
1007 2854 1306 2925 degendam
1342 2854 1613 2926 pertinent
1654 2856 1966 2925 petentibus

385 2946 652 3016 prmbens.

462 3037 755 3108 Tyrannus
821 3048 906 3096 est
958 3041 1212 3113 princeps
1268 3041 1417 3111 belli,
1481 3056 1577 3098 rex
1630 3055 1759 3098 vero
1811 3041 1967 3112 pacis

387 3142 608 3195 pt'a'ses.

2069 578 2209 649 μετά
2232 579 2292 633 τὺ
2319 580 2601 650 γεννῆσαι.
2631 582 2696 634 El
2724 580 2782 634 δὲ
2808 580 2937 637 ἔνθα
2963 581 3146 652 φύσις,
3177 582 3401 655 ἀγάπης
3431 586 3596 657 χρεία
3624 627 3647 654 ,

2067 669 2251 742 πολλῷ
2283 671 2483 742 μᾶλλον
2507 672 2636 727 ἔνθα
2662 674 2694 744 ή
2725 674 2908 745 χάρις.

2137 856 2251 911 Οὐκ
2283 858 2340 909 ἐν
2367 859 2432 926 τῇ
2465 855 2671 925 χλανίδι
2702 856 2794 909 καὶ
2839 860 2906 926 τῇ
2939 854 3110 932 ζώνῃ,
3141 859 3265 913 οὐδὲ
3309 863 3368 915 ὲν
3391 865 3458 934 τῇ
3487 868 3655 937 φωνῇ

2067 948 2164 1002 τοῦ
2220 949 2462 1019 κήρυκος
2518 949 2725 1019 ἄρχων,
2777 949 2891 1002 ἀλλ’
2947 952 3002 1003 ὲν
3046 949 3124 1020 τῷ
3174 952 3244 1006 τὰ
3294 957 3661 1026 πεπονηκότα

2068 1041 2433 1108 ἀνακτᾶσθαι,
2461 1042 2554 1095 καὶ
2579 1041 2651 1095 τὰ
2680 1041 2867 1106 κακῶς
2902 1042 3099 1112 ἔχοντα
3124 1043 3397 1114 διορθοῦν,
3432 1049 3531 1102 καὶ
3554 1067 3662 1104 κο-

2069 1132 2256 1196 λάζειν
2281 1133 2382 1203 μὲν
2412 1132 2651 1195 ἀδικίαν,
2687 1132 2763 1204 μὴ
2789 1136 3097 1205 συγχωρεῖν
3117 1135 3175 1191 δὲ
3202 1136 3308 1191 ὑπὸ
3324 1137 3663 1205 δυναστείας

2070 1222 2131 1276 τὺ
2159 1222 2370 1278 δίκαιον
2401 1222 2829 1278 ἀπελαύνεσθαι.

2141 1310 2317 1384 Τέχνη
2363 1312 2424 1366 τὸ
2461 1312 2652 1385 ἄρχειν
2700 1313 2871 1380 εστὶν,
2909 1314 3009 1368 οὐκ
3061 1312 3279 1385 ἀξίωμα
3311 1315 3493 1387 μόνον,
3550 1315 3662 1370 καὶ

2069 1403 2230 1475 τέχνη
2265 1403 2459 1458 πασῶν
2483 1405 2757 1475 ἀνωτέρα.

2140 1495 2204 1548 Ol
2236 1494 2474 1565 μάλιστα
2518 1497 2582 1550 ἐκ
2618 1497 2891 1552 ταπεινῶν
2932 1497 3108 1565 ὅντες,
3148 1499 3282 1555 ὅταν
3314 1499 3660 1571 ἀξιωμάτων

2068 1585 2453 1652 ἐπιλάϐωνται,
2490 1586 2860 1660 εὐκολώτερον
2892 1590 3140 1661 αἴρονται
3169 1590 3310 1658 πρὸς
3353 1592 3653 1661 ἀπόνοιαν,

2070 1677 2165 1732 ἀτε
2195 1680 2578 1753 ἀπειροκάλως
2609 1681 2828 1752 ἔχοντες
2868 1683 3007 1753 πρὸς
3034 1684 3134 1753 τὴν
3164 1683 3423 1756 ἐξαίφνης
3451 1687 3654 1757 τιμήν.

2140 1772 2395 1829 Βασιλεία
2418 1773 2532 1828 τῶν
2557 1775 2650 1827 ἐπὶ
2672 1773 2779 1844 γῆς
2807 1777 3149 1847 πραγμάτων
3172 1779 3272 1842 τὰς
3293 1777 3658 1851 τραχύτητας

1996 1847 2037 1902 Β
2066 1864 2341 1932 emitr“.

2148 1956 2260 2019 Πᾶς
2294 1955 2547 2026 βασιλεὺς
2578 1958 2783 2023 δίκαιος
2819 1959 3099 2031 ἱερατικὴν
3132 1960 3244 2033 ἔχει
3275 1961 3451 2026 τάξιν.

2149 2139 2253 2192 Τὸν
2307 2140 2528 2210 ἄριστον
2584 2141 2823 2210 ἄρχοντα
2876 2142 2934 2193 ὲν
2980 2142 3091 2204 τοῖς
3152 2141 3251 2211 μὲν
3276 2143 3398 2197 καθ’
3452 2144 3657 2200 ἑαυτὸν

2075 2230 2461 2299 ἀσύγγνωστον
2482 2226 2622 2291 εῖναι
2655 2231 2761 2302 χρὴ
2817 2232 2916 2286 καὶ
2948 2232 3143 2302 πικρὸν
3186 2235 3465 2306 δικαστὴν,
3510 2238 3570 2289 ὲν
3601 2238 3663 2291 δὲ

2075 2324 2188 2384 τοῖς
2220 2321 2332 2375 τῶν
2379 2321 2698 2392 ἀρχομένων
2727 2322 3034 2395 πταίσμασι
3083 2327 3527 2396 συγγνωμονικὸν
3560 2330 3662 2381 καὶ

2078 2413 2305 2483 ἥμερον.

2160 2506 2219 2559 Ὀ
2249 2506 2348 2577 μὲν
2379 2507 2511 2571 Θεὸς
2542 2506 2753 2570 οὐδενὸς
2793 2507 2986 2573 δεῖται,
3017 2508 3046 2561 δ
3077 2505 3331 2576 βασιλεὺς
3375 2509 3434 2563 δὲ
3489 2510 3662 2577 μόνου

2078 2595 2236 2652 Θεοῦ.
2268 2598 2457 2668 Μιμοῦ
2511 2598 2695 2653 τοίνυν
2725 2598 2817 2652 τὸν
2865 2597 3080 2664 οὐδενὸς
3110 2599 3385 2669 δεόμενον,
3437 2603 3533 2655 καὶ
3565 2601 3663 2654 δα-

2076 2690 2297 2760 ψιλεύου
2334 2695 2442 2754 τοῖς
2493 2690 2706 2747 αἰτοῦσι
2734 2690 2826 2744 τδν
2864 2690 3032 2756 ἔλεον,
3067 2689 3143 2762 μὴ
3192 2691 3665 2762 ἀκριϐολογούμε-

2080 2803 2167 2848 νος
2206 2787 2331 2855 περὶ
2356 2786 2482 2849 τοὺς
2517 2786 2643 2850 σοὺς
2676 2785 2884 2852 ἱκέτας,
2928 2784 3065 2838 ἀλλά
3097 2785 3235 2839 πᾶσι
3274 2785 3532 2856 παρέχων
3553 2787 3657 2849 τὰς

2077 2876 2216 2949 πρὸς
2241 2876 2301 2929 τὸ
2330 2876 2427 2947 ζῇν
2455 2877 2719 2946 αἰτήσεις.

2149 3058 2423 3130 Τύραννός
2458 3057 2608 3111 ἐστιν
2642 3056 2826 3127 ἄρχων
2854 3055 3114 3127 πολέμου,
3139 3056 3390 3128 βασιλεὺς
3423 3056 3656 3127 ἡγεμὼν

2078 3149 2324 3221 εἰρήνης.

460 3214 575 3270 Rex
609 3216 939 3286 justissime,
995 3230 1122 3273 cum
1180 3217 1383 3274 missus
1433 3218 1511 3275 sis
1561 3232 1593 3273 a
1651 3225 1844 3272 natura
1903 3217 1970 3272 ad

2135 3207 2374 3297 ’Βασίλεῦ
2416 3242 2743 3307 δικαιότατε,
2789 3239 3211 3312 παραπεμφθεὶς
3262 3240 3369 3295 ύπδ
3406 3239 3505 3310 τῆς
3550 3238 3667 3308 φεύ⁸

390 3325 704 3377 supremam
754 3310 954 3381 puppis
1016 3318 1227 3380 partem
1281 3312 1678 3382 occupandam,
1732 3324 1969 3380 cumque

390 3406 761 3476 gubernacula
797 3415 1008 3476 teneas,
1037 3408 1277 3479 guberna
1307 3423 1656 3464 communem
1685 3409 1966 3463 hominum

391 3502 652 3572 scapham
718 3500 953 3558 feliciter
999 3516 1122 3557 cum
1161 3501 1335 3557 salute
1383 3501 1630 3558 omnium
1667 3516 1685 3557 :
1722 3502 1870 3555 nulla
1909 3514 1971 3555 re

391 3594 568 3665 magis
601 3595 838 3660 gaudeas
885 3607 951 3649 ac
982 3592 1166 3650 laetitia
1208 3592 1469 3660 afficiare,
1510 3609 1677 3665 quam
1712 3602 1804 3650 tua
1843 3607 1969 3662 erga

392 3686 671 3757 subjectos
708 3686 1091 3743 beneficentia.

464 3777 607 3843 Quid
647 3778 792 3833 enim
835 3778 982 3848 regis
1030 3777 1407 3835 benevolentia
1453 3778 1710 3850 subjectis
1754 3778 1971 3850 populis

395 3872 690 3941 optabilius
720 3883 817 3926 aut
849 3871 1046 3927 melius
1083 3886 1206 3927 esse
1235 3873 1446 3943 possit?

466 3962 851 4033 Xenophontis.
884 3964 1188 4034 Principetn
1244 3964 1501 4021 omnibus
1537 3964 1739 4035 quibus
1792 3964 1975 4034 praesit

397 4059 563 4115 simul
603 4069 952 4121 succensere,
988 4071 1248 4127 magnum
1294 4065 1578 4128 peccatum
1624 4057 1727 4113 hoc
1754 4058 1970 4128 quidem

398 4151 535 4207 mihi
569 4151 781 4207 videtur
829 4165 972 4206 esse.
1020 4149 1255 4206 Necesse
1296 4161 1380 4207 est
1422 4150 1569 4205 cnim
1598 4151 1739 4220 quia
1791 4149 1972 4206 multis

400 4247 595 4303 terrori
619 4247 711 4314 sit,
742 4246 947 4302 multos
982 4245 1191 4301 habere
1216 4245 1403 4301 hostes
1433 4262 1447 4299 :
1477 4253 1533 4299 et
1560 4244 1688 4314 quia
1717 4245 1974 4300 omnibus

400 4340 568 4396 simul
612 4347 955 4406 succenseat,
987 4340 1208 4396 eosdem
1260 4351 1454 4394 omnes
1504 4338 1573 4392 ad
1621 4337 1971 4393 concordiam

401 4446 771 4489 commovere.

474 4525 776 4580 Plutarchi.
801 4523 883 4578 Ne
916 4536 1087 4593 puero
1116 4520 1377 4593 gladium,
1430 4521 1720 4591 proverbio
1748 4519 1971 4574 dicitur.

2076 3353 2213 3399 σεως
2250 3336 2344 3389 ἐπὶ
2369 3334 2628 3405 πρύμναν
2665 3333 2943 3398 ἀνωτάτω,
2978 3334 3073 3387 καὶ
3104 3334 3230 3396 τοὺς
3256 3335 3448 3396 οἴακας
3479 3333 3667 3402 ἐγχει-

2078 3427 2303 3500 ρισθεὶς,
2356 3426 2707 3497 πηδαλιούχει
2746 3426 2804 3478 τὸ
2853 3425 3032 3481 κοινὸν
3079 3424 3384 3495 ἀνθρώπων
3440 3425 3657 3491 σκάφος

2078 3520 2382 3589 σωτηρίως,
2418 3519 2514 3574 ἐπὶ
2552 3517 2742 3591 μηδενὶ
2771 3517 2972 3589 μᾶλλον
3016 3517 3223 3588 χαίρων
3249 3517 3343 3571 καὶ
3372 3516 3653 3586 τερπόμε-

2077 3628 2165 3675 νος
2194 3611 2230 3680 ῆ
2261 3611 2318 3664 ὲν
2341 3608 2420 3682 τῷ
2448 3608 2574 3672 τοὺς
2608 3608 2881 3680 ὑπηκόους
2908 3609 3238 3680 εὐεργετεῖν.

2151 3789 2216 3841 Τί
2293 3787 2359 3840 ἂν
2419 3786 2631 3855 γένοιτο
2691 3785 2982 3857 εὐμενείας
3051 3782 3316 3855 βασιλέως
3394 3781 3663 3852 ὑπηκόοις

2079 3880 2302 3951 ἄμεινον
2326 3896 2345 3957 ;

2154 3967 2360 4038 ’Ἄνδρα
2385 3967 2618 4039 ἄρχοντα
2647 3968 2816 4021 πᾶσιν
2841 3966 2957 4035 ἅμα
2980 3962 3330 4035 χαλεπαίνειν
3350 3964 3462 4026 τοῖς
3490 3962 3662 4033 ἀρχος

2084 4060 2287 4130 μένοις,
2320 4058 2481 4114 τοῦτο
2529 4059 2721 4129 ἔμοιγε
2758 4059 2907 4113 δοκεῖ
2954 4057 3101 4126 μέγα
3143 4055 3452 4127 ἁμάρτημα
3488 4052 3656 4108 εἶναι.

2094 4152 2334 4223 Ἀνάγκη
2390 4152 2499 4220 γὰρ
2552 4150 2640 4206 διά
2688 4151 2814 4213 τοὺς
2866 4147 3095 4213 πολλοὺς
3146 4146 3365 4214 φοϐεῖν,
3424 4143 3659 4209 πολλοὺς

2082 4244 2309 4315 ἐχθροὺς
2330 4240 2603 4296 ποιεῖσθαι
2628 4257 2643 4275 ο
2671 4241 2760 4295 δια
2788 4241 2843 4294 δὲ
2881 4240 2940 4293 τὸ
2966 4240 3082 4308 ἅμα
3108 4239 3245 4292 πᾶσι
3278 4235 3659 4308 χαλεπαίνειν,

2084 4337 2252 4389 πᾶσιν
2286 4334 2471 4396 αὐτοῖς
2500 4333 2755 4402 ὁμόνοιαν
2789 4330 3067 4402 ἐμϐαλεῖν.

2153 4519 2246 4589 Μὴ
2279 4516 2433 4572 παιδὶ
2469 4516 2824 4586 μάχαιραν,ὴ
2868 4515 3138 4585 παροιμία
3188 4514 3375 4587 φησιν.
3420 4513 3564 4583 Ἐγὼ
3604 4515 3664 4569 δὲ

401 4620 515 4691 Ego
560 4634 691 4676 vero
733 4618 964 4675 dixerim
1003 4634 1017 4671 :
1072 4616 1155 4670 Ne
1204 4630 1373 4686 puero
1412 4615 1657 4678 divitias,
1719 4626 1816 4667 nec
1862 4611 1972 4665 viro

2088 4611 2275 4681 φαίην,
2317 4610 2392 4679 μὴ
2435 4607 2585 4661 παιδὶ
2644 4606 2895 4670 πλοῦτον,
2950 4606 3088 4677 μηδὲ
3141 4606 3296 4678 ἀνδρὶ
3346 4605 3665 4677 ἀπαιδεύτῳ

402 4714 668 4770 doctrina:
692 4711 899 4783 experti
921 4710 1241 4780 potentiam.

358 4816 394 4875 ;,«.
478 4806 699 4861 Nullum
736 4804 948 4860 ﬁrmius
1002 4800 1264 4873 principis
1314 4798 1627 4870 praesidium
1660 4812 1822 4866 quam
1854 4809 1979 4851 vera

386 4890 459 4956 ‘ct
485 4908 747 4956 constans
776 4894 1177 4953 benevolentia.
1223 4890 1328 4947 Ubi
1371 4890 1517 4946 enim
1553 4889 1750 4959 vulgus
1780 4898 1832 4943 et
1857 4901 1985 4957 pro—

346 4970 558 5048 Jcercs
583 4987 876 5047 assuefacti
904 4985 1108 5043 fuerint
1136 5000 1242 5041 non
1267 4984 1591 5054 principem,
1621 4980 1715 5035 sed
1750 4977 1982 5050 principi

408 5084 625 5149 timere,
674 5092 790 5137 tum
843 5078 1030 5135 multis
1073 5077 1249 5132 oculis
1297 5074 1461 5139 videt,
1516 5072 1702 5128 multis
1752 5070 1983 5127 auribus

409 5176 581 5241 audit,
615 5190 679 5229 ac
708 5189 829 5245 quae
867 5181 1134 5243 geruntur
1163 5167 1552 5241 praesentiscit.

486 5353 813 5417 Potentiam,
876 5351 1113 5414 divitias,
1175 5348 1554 5419 magistratum
1611 5345 1882 5415 accipere,
1930 5352 1984 5399 et

412 5448 570 5518 quasi
617 5447 671 5499 in
721 5447 975 5501 humeros
1018 5444 1229 5507 tollere,
1279 5441 1365 5495 vel
1408 5440 1662 5494 mulieres
1718 5447 1774 5493 et
1828 5435 1984 5507 pueri

411 5548 640 5609 possunt
672 5554 688 5605 ;
722 5547 776 5591 at
823 5551 1071 5607 magnam
1111 5535 1400 5605 potestatis
1448 5530 1783 5603 provinciam
1816 5530 1989 5585 susci-

410 5644 541 5701 pere
569 5638 623 5685 et
645 5628 1055 5691 administrare,
1085 5641 1185 5680 nec
1214 5624 1595 5689 succumbere,
1622 5638 1723 5678 nec
1751 5620 1983 5691 Opprimi

408 5723 650 5791 pondere
675 5729 731 5776 et
771 5720 1140 5791 magnitudine
1182 5732 1384 5781 rerum,
1420 5717 1471 5773 id
1525 5716 1624 5770 viri
1656 5716 1871 5770 demum
1904 5723 1986 5771 est

411 5819 633 5882 virtute,
668 5814 956 5885 prudentia
986 5823 1036 5869 et
1072 5811 1427 5880 intelligentia
1462 5808 1696 5881 praediti.

2084 4701 2423 4756 δυναστείαν.

2157 4794 2323 4848 Οὐδὲν
2379 4789 2490 4846 οἷον
2540 4790 2767 4860 ἀληθινὴ
2829 4789 2921 4844 καὶ
2976 4789 3193 4861 βέϐαιος
3243 4790 3428 4846 εὔνοια
3493 4790 3666 4860 φυλα·

2087 4887 2312 4955 κτήριον
2346 4885 2538 4951 ἀνδρὸς
2569 4885 2827 4954 ἄρχοντος
2856 4898 2871 4914 ο
2895 4883 3023 4935 ὅταν
3062 4882 3171 4954 γάρ
3201 4882 3493 4938 ἐθισθῶσιν
3520 4885 3575 4938 οτ
3604 4902 3666 4938 τε

2088 4977 2273 5031 πολλοὶ
2304 4979 2396 5031 καὶ
2426 4975 2644 5030 δυνατοὶ
2678 4976 2752 5046 μὴ
2781 4974 2872 5026 τὸν
2904 4974 3225 5043 ἡγούμενον,
3257 4974 3371 5029 ἀλλ’
3397 4977 3537 5046 ὑπὲρ
3566 4978 3664 5029 τοῦ

2085 5070 2395 5140 ἡγουμένου
2439 5069 2689 5133 δεδιέναι,
2729 5067 2943 5129 πολλοῖς
2995 5067 3093 5137 μὲν
3120 5066 3367 5137 ὄμμασιν
3417 5071 3539 5140 ὁρᾷ,
3573 5069 3666 5123 διὰ

2090 5163 2300 5218 πολλῶν
2336 5162 2392 5216 δὲ
2437 5160 2589 5215 ὢτων
2634 5159 2842 5225 ἀκούει,
2873 5159 2969 5212 καὶ
3016 5160 3439 5231 προαισθάνεται
3484 5163 3552 5215 τὰ
3580 5179 3667 5231 γι-

2085 5258 2305 5327 νόμενα.

2160 5347 2234 5403 Th
2266 5346 2450 5402 λαϐεῖν
2503 5347 2598 5399 καὶ
2649 5344 2944 5400 ἀναθέσθαι
2999 5345 3230 5416 δύναμιν
3281 5342 3380 5398 καὶ
3433 5343 3669 5398 πλοῦτον

2090 5441 2186 5495 καὶ
2216 5438 2390 5510 ἀρχὴν
2425 5437 2518 5491 καὶ
2565 5436 2825 5505 γυναικός
2854 5437 2971 5489 ἐστι
3019 5437 3113 5490 καὶ
3142 5435 3332 5498 παιδός
3351 5453 3364 5467 ·
3394 5435 3454 5490 τὸ
3482 5436 3540 5491 δὲ
3573 5454 3674 5506 μευ

2091 5532 2267 5604 γάλην
2311 5529 2559 5595 ἐξουσίαν
2609 5529 2855 5596 ἐνεγκεῖν
2904 5529 2999 5581 καὶ
3035 5527 3538 5599 μεταχειρίσασθαι,
3572 5529 3676 5583 καὶ

2091 5623 2166 5694 μὴ
2204 5617 2581 5691 συντριϐῆναι,
2637 5618 2772 5688 μηδὲ
2820 5618 3218 5688 διαστραφῆναι
3261 5617 3340 5688 τῷ
3381 5617 3539 5690 βάρει
3569 5620 3673 5672 καὶ

2090 5714 2314 5785 μεγέθει
2349 5712 2459 5766 τῶν
2498 5710 2865 5782 πραγμάτων,
2912 5711 3106 5781 ἀνδρός
3153 5713 3303 5765 ἐστιν
3340 5710 3543 5782 ἀρετὴν
3572 5715 3678 5765 καὶ

2090 5808 2344 5880 φρόνημα
2376 5804 2468 5860 καὶ
2491 5802 2614 5861 νοῦν
2644 5801 2882 5872 ἔχοντος.
