4038 6448
325 424 460 485 “‘05

1176 429 1350 489 LOCI
1391 429 1838 496 COMMUNES.
1881 457 1951 468 --
1987 433 2183 494 PARS
2211 433 2297 493 ΙΙ.
2333 433 2592 494 SERMO
2627 434 2677 494 Ι.

3439 429 3578 494 1006

403 540 459 593 '0
514 541 610 605 μὲν
647 541 830 594 Κλέων
880 542 967 595 ὅτε
1001 540 1217 612 πρῶτον
1263 541 1405 610 ἔγνω
1453 544 1552 611 τῆς
1613 545 1888 608 πολιτείας

2061 545 2228 600 Cleon
2266 546 2484 614 quidem
2532 560 2656 601 cum
2711 544 2948 614 primum
3007 544 3286 600 statuisset
3343 557 3565 610 rempu-

321 633 612 694 ἆπτεσὸαι,
653 633 779 695 τοὺς
821 634 1008 699 φίλους
1039 635 1365 704 συναγαγὼν
1394 637 1476 697 εἰς
1505 635 1689 702 ταυτδ,
1721 636 1892 690 διελύ-

324 742 458 776 σατο
485 724 582 791 τὴν
629 725 814 794 φιλίαν
845 727 981 794 πρὸς
1032 726 1231 789 αὐτοὺς
1263 727 1339 790 ὡς
1375 727 1548 781 πολλὰ
1598 729 1697 796 τῆς
1727 728 1894 798 ὀρθῆς

321 818 410 868 καὶ
445 815 661 878 δικαίας
697 818 1066 886 προαιρέσεως
1101 818 1483 886 μαλάσσουσαν
1533 821 1589 870 ἐν
1629 821 1695 888 τῇ
1745 820 1896 873 πολι-

321 907 443 976 τείᾳ
489 909 584 959 καὶ
642 907 1018 976 παράγουσαν.
1080 908 1138 960 '0
1201 909 1257 961 δὲ
1315 909 1687 979 Θεμιστοκλῆς
1733 911 1896 964 πάλιν

325 998 456 1068 πρὸς
490 999 580 1050 τὸν
611 1000 850 1062 εἰπόντα,
870 999 944 1061 ὡς
978 999 1117 1070 ἄρξῃ
1146 1001 1347 1068 καλῶς,
1385 1002 1498 1054 ἴσον
1529 1001 1697 1056 ἅπασι
1729 1004 1897 1070 παρέ·

325 1107 435 1157 χων
462 1089 676 1156 ἑαυτὸν,
708 1091 1017 1160 Μηδὲποτε.
1050 1088 1224 1155 εἶπεν,
1260 1095 1338 1156 είς
1377 1092 1616 1147 τοιοῦτον
1661 1093 1771 1159 ἐγὼ
1800 1113 1896 1147 κα-

323 1181 566 1249 Οίσωμαι
617 1181 825 1249 θρόνον,
866 1188 924 1235 ὲν
975 1177 1018 1251 ᾧ
1051 1185 1212 1236 πλέον
1258 1185 1355 1255 οὐχ
1409 1184 1622 1250 ἕξουσιν
1668 1186 1718 1238 οἱ
1753 1187 1896 1253 φίλοι

278 1343 284 1355 ⁸
329 1268 617 1362 παρ’ᾼέμοὶ
642 1270 755 1362 τῶν
792 1271 864 1341 μὴ
901 1273 1091 1341 φίλων.
1142 1276 1216 1328 Οὐ
1237 1276 1354 1362 γὰρ
1382 1276 1592 1343 ἀφίλων
1621 1277 1682 1328 αῖ
1717 1276 1897 1337 πόλεις

275 1363 281 1371 ”
329 1360 539 1428 ἀνδρῶν
571 1361 663 1413 καὶ
692 1362 1011 1434 ἀνεταίρων,
1045 1365 1180 1419 ἀλλὰ
1205 1358 1458 1436 χρηστῶν
1487 1358 1582 1420 διαὶ
1607 1368 1900 1438 σωφρόνων

330 1452 560 1504 δέονται.

1456 1541 1488 1576 δ

407 1633 570 1685 Πὰ·ιο’
602 1635 701 1687 ὅσα
733 1637 858 1697 τοὺς
887 1637 1224 1708 ἀρχομένους
1245 1641 1338 1694 καὶ
1370 1642 1584 1709 φρονεῖν
1612 1641 1703 1694 καὶ
1728 1641 1899 1710 πράτ-

334 1741 448 1775 τειν
481 1724 680 1794 βούλει,
711 1729 805 1782 καὶ
837 1729 961 1798 λέγε
1011 1731 1103 1784 καὶ
1142 1731 1306 1784 ποίει.
1341 1731 1495 1786 Οὕτω
1525 1732 1633 1801 γὰρ
1662 1733 1728 1784 ἃν
1763 1732 1902 1800 μᾶλ-

331 1816 422 1866 λον
457 1817 807 1882 παιδεύσειας
838 1823 1033 1885 αὐτοὺς
1060 1824 1092 1894 ἢ
1128 1825 1250 1885 ταῖς
1278 1825 1343 1877 ἐκ
1372 1824 1481 1876 τῶν
1524 1824 1704 1893 νόμων
1733 1841 1902 1894 τιμω-

1997 636 2196 692 hlicam
2248 652 2558 706 capessere,
2595 636 2787 692 amicis
2837 636 2892 692 in
2936 651 3106 690 unum
3158 635 3339 689 locmn
3372 647 3578 689 convo-

1997 729 2155 792 eatis,
2179 744 2300 783 eam
2332 745 2452 798 qua:
2480 729 2529 784 ei
2562 743 2685 784 cum
2717 728 2825 786 illis
2851 729 3246 784 intercesserat
3277 724 3574 779 amicitiam

1998 820 2221 888 dirupit,
2255 829 2516 891 tanquam
2561 835 2682 891 quae
2726 821 2780 875 in
2823 819 3302 876 administratione
3339 817 3576 872 civitatis

1997 922 2207 966 rectum
2253 921 2305 966 et
2330 913 2538 982 justum
2576 912 2885 968 institutum
2923 912 3166 968 emolliat
3217 920 3271 966 et
3303 920 3580 965 transver-

1999 1019 2121 1059 sum
2168 1013 2314 1072 agat.
2363 1005 2761 1060 Themistocles
2811 1014 3026 1068 contra,
3067 1006 3309 1075 quicum
3352 1002 3574 1072 quidam

1999 1107 2249 1150 moneret
2268 1105 2328 1150 ut
2355 1096 2614 1165 praeclare
2637 1097 2956 1166 magistratu
2977 1096 3299 1166 fungeretur
3325 1115 3338 1150 :
3363 1093 3579 1164 Nequa-

2000 1203 2184 1258 quam.
2231 1188 2430 1256 inquit,
2470 1187 2524 1240 in
2565 1203 2630 1241 co
2661 1203 2915 1242 sessurus
2968 1203 3086 1242 sum
3127 1191 3345 1250 throno,
3385 1187 3438 1240 in
3473 1201 3582 1256 quo

2001 1278 2166 1333 amici
2213 1291 2320 1332 non
2379 1277 2542 1346 128
2594 1276 2818 1330 meliore
2877 1287 3005 1330 sunt
3038 1276 3203 1330 futuri
3242 1275 3578 1340 conditione,

2002 1386 2163 1440 quam
2196 1384 2305 1423 non
2335 1370 2494 1422 amici
2531 1386 2546 1434 ;
2580 1382 2686 1422 non
2717 1369 2861 1422 enim
2895 1368 3087 1422 civitas
3109 1367 3361 1420 homines
3391 1365 3583 1419 amicis

2002 1471 2055 1514 et
2106 1459 2380 1514 sodalibus
2427 1467 2698 1522 carentes,
2735 1457 2829 1512 scd
2884 1455 3204 1512 commodos
3258 1467 3311 1510 et
3375 1465 3584 1522 tempe-

2003 1560 2187 1604 rantes
2236 1549 2486 1619 requirit.

2073 1640 2262 1694 Dionis
2302 1639 2552 1698 Romani.
2589 1638 2720 1706 Quae
2749 1639 2884 1694 velis
2923 1653 3017 1694 eos
3046 1638 3139 1710 qui
3186 1637 3288 1693 sub
3338 1645 3433 1691 tuo
3462 1642 3588 1690 sunt

2005 1735 2236 1803 imperio
2270 1741 2325 1788 et
2353 1733 2558 1788 sentire
2585 1741 2640 1788 et
2688 1749 2874 1802 agere,
2926 1733 3114 1787 eadem
3167 1742 3220 1785 tu
3253 1741 3307 1785 et
3344 1728 3588 1799 loquitor

2004 1833 2060 1880 et
2089 1824 2254 1879 facito
2291 1841 2305 1878 :
2341 1825 2422 1878 sic
2451 1824 2596 1880 enim
2622 1839 2715 1878 eos
2741 1825 2958 1880 facilius
2986 1832 3040 1878 et
3060 1823 3259 1878 melius
3285 1820 3588 1876 institueris

333 1906 498 1973 ρέαις.
534 1907 603 1958 Τὸ
633 1909 732 1977 μὲν
755 1911 862 1978 γὰρ
889 1886 1166 1978 ζῆλωζτδ
1196 1912 1253 1965 δι
1285 1913 1448 1981 φόϐον
1468 1886 1602 1982 εχεεξ
1637 1913 1742 1966 Καὶ
1775 1886 1905 1984 ῥᾷόν

2014 1931 2171 1986 quam
2224 1916 2292 1970 iis
2346 1930 2468 1986 quae
2531 1915 2742 1984 legibus
2806 1917 3216 1970 constituuntur
3269 1915 3584 1984 suppliciis.

333 2014 417 2060 τις
458 2002 704 2068 μιμεῖται
762 2004 827 2056 τὰ
863 2004 1093 2072 κρείττω
1151 2007 1293 2075 ιερῶν
1351 2005 1499 2076 ἔργῳ
1551 2006 1834 2075 γινόμενα,
1869 2007 1905 2078 ἢ

336 2091 663 2157 φυλάττεται
697 2095 762 2146 τὰ
795 2096 980 2166 χείρω,
1034 2099 1248 2151 ἀκούων
1281 2097 1424 2170 λόγῳ
1457 2098 1795 2169 κωλυόμενοι.

411 2275 660 2342 Πέφυκεν
692 2277 768 2339 ὡς
798 2277 885 2330 ἀεὶ
919 2281 1057 2349 πρὸς
1086 2281 1187 2346 τὰς
1233 2283 1458 2354 γνώμας
1485 2285 1592 2339 τῶν
1628 2286 1908 2358 ἀρχόντων

339 2368 636 2422 τυποῦσθαι
672 2371 764 2424 καὶ
794 2373 852 2425 τὸ
885 2374 1214 2446 ὑποχείριον.

414 2461 554 2530 Πρὸς
600 2463 698 2526 τὰς
729 2463 954 2534 γνώμας
1001 2469 1096 2520 καὶ
1138 2469 1237 2530 τὰς
1269 2470 1497 2539 πράξεις
1525 2471 1636 2525 τῶν
1672 2473 1911 2545 ἡγουμέ-

347 2569 454 2605 νων
507 2555 686 2608 αὐτῶν
738 2559 787 2610 oi
837 2558 1018 2611 πολλοὶ
1057 2559 1451 2628 ἑξομοιοῢνται,
1503 2563 1600 2616 καὶ
1650 2566 1811 2620 ὁποῖα
1844 2567 1912 2620 ἂν

345 2647 581 2710 ἐκείνους
612 2648 852 2719 δρῶντας
906 2651 1078 2718 ίδωσι,
1114 2654 1336 2707 τοιαῦτα
1375 2655 1469 2708 καὶ
1519 2656 1696 2724 αὐτοὶ,
1725 2659 1775 2710 οί
1811 2658 1911 2729 μὲν

337 2738 418 2802 ὡς
450 2739 684 2809 ἀληθῶς,
736 2741 784 2792 οἱ
824 2741 881 2793 δὲ
927 2741 1024 2794 καὶ
1055 2745 1510 2814 προσποιούμενοι
1553 2749 1908 2817 πράττουσιν.

413 2831 652 2899 Ποθητὸς
711 2827 849 2886 εῖναι
887 2835 1152 2904 μᾶλλονῆ
1207 2837 1433 2906 φοϐερὸς
1465 2839 1608 2892 κατὰ
1657 2839 1749 2893 τὸν
1793 2840 1911 2913 βίον

341 2925 628 2994 προπιιροῦ.
672 2927 770 2980 Ὃν
815 2927 926 2997 γὰρ
963 2929 1162 2992 πάντες
1197 2928 1509 2998 φοϐοῦνται,
1552 2931 1765 2996 πάντας
1809 2950 1911 3002 φοι

339 3017 542 3071 δεῖται.

415 3113 519 3164 Τὸν
545 3113 784 3182 ἄρχοντα
813 3111 894 3167 δεῖ
919 3113 1064 3185 ἔχειν
1093 3117 1232 3183 πρὸς
1277 3116 1380 3184 μὲν
1410 3116 1537 3182 τοὺς
1571 3118 1796 3189 καιροὺς
1824 3120 1912 3174 λο-

2011 2005 2144 2060 Illud
2184 2005 2329 2060 enim
2375 2005 2798 2070 aemulationem,
2827 2005 2931 2059 hoc
2993 2015 3257 2058 terrorem
3303 2004 3487 2065 habet,
3534 2010 3591 2056 et

2011 2097 2229 2153 facilius
2253 2097 2377 2167 quis
2413 2099 2618 2166 optima
2642 2097 2887 2152 imitatur
2916 2111 3038 2166 quae
3067 2096 3215 2152 videt
3253 2109 3417 2165 opere
3446 2093 3587 2160 ﬁeri,

2011 2209 2176 2265 quam
2206 2201 2360 2249 cavet
2385 2191 2622 2260 pessima
2649 2203 2769 2260 qua:
2798 2187 2952 2244 audit
2982 2187 3148 2242 verbo
3181 2184 3373 2241 vetari.
3516 2257 3523 2263 _

2081 2286 2160 2341 Ad
2194 2283 2502 2355 principum
2553 2283 2889 2338 voluntatem
2927 2278 3112 2350 pepuli
3148 2292 3332 2334 mores
3373 2289 3587 2344 semper

2013 2377 2452 2434 conformantur.

2087 2470 2242 2526 Dicta
2263 2479 2317 2525 et
2348 2469 2486 2523 facta
2510 2479 2738 2523 suorum
2770 2462 3152 2534 praefectorum
3181 2461 3378 2531 vulgus
3409 2459 3592 2530 sequi.-

2013 2573 2125 2630 tur,
2157 2578 2221 2617 ac
2244 2577 2310 2618 ea
2350 2575 2470 2633 qua:
2490 2560 2560 2614 ab
2591 2559 2697 2613 illis
2751 2557 2864 2612 fieri
2908 2553 3376 2619 animadverterit,
3403 2552 3591 2610 eadem

2014 2665 2068 2712 et
2113 2656 2204 2726 qui
2247 2663 2376 2711 sunt
2420 2652 2524 2709 sub
2576 2651 2829 2721 imperio,
2879 2650 2971 2705 alii
3018 2661 3166 2712 vere,
3207 2645 3300 2701 alii
3337 2645 3594 2701 simulate

2011 2747 2238 2805 faciunt.

2084 2839 2328 2894 Democr.
2374 2835 2684 2891 Desiderari
2734 2832 2908 2902 magis
2940 2846 3106 2901 quam
3139 2827 3342 2884 Ttimeri
3385 2829 3438 2882 in
3485 2827 3591 2880 vita

2015 2939 2211 3002 expete
2247 2947 2263 2997 ;
2299 2943 2464 3000 quem
2501 2927 2648 2982 enim
2692 2939 2883 2980 omnes
2922 2931 3195 2988 metuunt,
3235 2921 3376 2977 idem
3403 2933 3596 2974 omnes

2013 3025 2228 3080 metuit.

2084 3115 2390 3186 Principem
2443 3114 2496 3168 in
2549 3127 2730 3168 rerum
2782 3105 3285 3180 opportunitatibus
3313 3105 3391 3159 uti
3437 3104 3596 3159 decet

342 3205 566 3274 γισμδν,
619 3205 756 3276 πρὸς
802 3206 862 3259 δὲ
905 3207 1032 3270 τοὺς
1075 3209 1354 3272 ἐναντίους
1397 3209 1622 3283 τόλμαν,
1671 3213 1808 3284 πρὸς
1835 3215 1908 3269 ’δὲ

2015 3209 2256 3274 ratione,
2303 3208 2563 3262 adversus
2633 3204 2824 3259 hostes
2893 3198 3160 3266 audacia,
3216 3197 3597 3253 benevolentia

341 3297 463 3359 τοὺς
495 3298 968 3366 ὑποτεταγμένους
1011 3298 1250 3356 εὔνοιαν.

416 3390 480 3443 Οἱ
507 3391 672 3444 κακοὶ
724 3392 896 3456 ίόντες
919 3393 998 3456 είς
1038 3393 1138 3454 τὰς
1167 3395 1352 3463 τιμὰς,
1382 3395 1562 3467 ὁκόσῳ
1611 3399 1679 3452 ἀν
1717 3400 1920 3470 μᾶλλον

345 3482 555 3551 ἀνάξιοι
587 3483 738 3546 ὅντες
764 3485 845 3548 εις
891 3486 992 3548 τὰς
1039 3487 1205 3556 τιμὰς
1239 3487 1380 3554 ίωσι,
1435 3491 1673 3563 τοσούτῳ
1714 3494 1918 3560 μᾶλλον

344 3573 414 3628 ἂν
454 3574 679 3637 ἀκυδέες
729 3576 992 3642 γίνονται,
1035 3575 1130 3629 καὶ
1184 3577 1499 3651 ἀφροσύνης
1539 3581 1637 3634 καὶ¹
1687 3581 1920 3652 θράσεος

345 3667 712 3737 πίμπλανται.

422 3765 640 3832 Ἀρχων
695 3763 795 3830 μὲν
829 3761 1118 3834 ὲπιτήδευε
1177 3763 1354 3833 πρᾶος
1407 3758 1567 3833 εἶναι,
1617 3767 1922 3839 ἀρχόμενος

340 3857 424 3915 δὲ.
459 3856 699 3926 μεγαλόιρ
707 3874 834 3926 ρων.

424 4043 659 4095 Βασιλέα
681 4041 945 4111 φρόνιμον
981 4042 1042 4095 τὸ
1070 4042 1308 4113 διάδημα
1341 4045 1405 4098 οὐ
1437 4048 1600 4100 ποιεῖ.
1632 4045 1777 4110 Νοῦς
1812 4049 1922 4122 γάρ

347 4139 375 4190 ὲ
387 4153 498 4187 στιν
529 4137 556 4188 ὁ
584 4134 788 4203 ἄρχων.

427 4229 495 4282 ..Α
510 4227 730 4296 ρχεσοαι
768 4226 842 4296 μὴ
879 4225 1091 4294 μαθὼν,
1125 4227 1314 4298 ἄρχειν
1348 4228 1422 4298 μὴ
1455 4229 1744 4301 ἐπιχείρει.

495 4315 566 4371 *Ω
597 4319 791 4372 πλοῠτε
821 4320 913 4371 καὶ
946 4321 1218 4389 τυραννὶς,
1248 4323 1340 4374 καὶ
1371 4321 1531 4394 τέχνη
1561 4324 1780 4395 τέχνης’

505 4411 945 4481 ’Υπερφέρουσαι
976 4410 1052 4480 τῷ
1082 4412 1368 4482 πολυζήλῳ
1398 4412 1520 4484 βίῳ,

499 4502 664 4568 Ὀσος
691 4504 820 4573 παρ’
851 4504 981 4572 ὑμῖν
1006 4506 1032 4557 ὁ
1062 4503 1252 4572 φθόνος
1281 4505 1616 4572 φυλάσσεται
1642 4510 1656 4562 ι

2020 3311 2203 3358 autem
2234 3316 2362 3372 erga
2387 3299 2685 3369 subjectos.

2089 3395 2248 3450 Prov.
2305 3409 2478 3448 xxvm
2527 3400 2577 3446 et
2641 3405 2792 3445 xxix.
2859 3387 2982 3442 Mali
3043 3384 3136 3455 qui
3195 3382 3465 3439 accedunt
3529 3383 3596 3437 ad

2019 3487 2277 3549 honores,
2311 3493 2518 3556 quanto
2569 3483 2742 3552 magis
2787 3487 2917 3535 sunt
2961 3477 3170 3548 indigni
3208 3475 3302 3546 qui
3357 3475 3596 3529 honores

2019 3565 2570 3649 assequamur-Jama
2589 3575 2762 3645 magis
2791 3567 3114 3628 calumniosi
3145 3574 3202 3622 et
3229 3565 3595 3636 imprudentia

2018 3679 2075 3726 et
2107 3669 2332 3725 audacia
2360 3667 2502 3739 pleni
2535 3675 2770 3736 turgent.

2092 3763 2370 3819 Clitarchi.
2407 3762 2463 3817 Si
2516 3759 2895 3829 magistratum
2949 3754 3116 3826 geris,
3150 3757 3504 3812 mansuetus,
3549 3747 3596 3802 si

2023 3856 2127 3913 sub
2160 3855 2392 3926 imperio
2434 3853 2660 3910 alterius
2697 3850 2832 3923 agis,
2881 3861 3079 3919 magno
3109 3845 3296 3900 animo
3334 3840 3636 3924 praeditus,

2021 3958 2161 4005 0810.

2093 4043 2290 4112 Regem
2337 4039 2659 4111 prudentem
2713 4034 2965 4092 diadema
3018 4048 3130 4090 non
3183 4028 3384 4094 efficit;
3444 4039 3602 4082 mens

2022 4135 2168 4192 enim
2199 4144 2283 4190 est
2312 4148 2433 4202 qua:
2461 4132 2711 4200 imperat.

2098 4227 2155 4282 Si
2186 4240 2379 4296 parere
2412 4239 2517 4278 non
2560 4221 2820 4282 didicisti,
2852 4219 3127 4287 imperare
3169 4229 3237 4269 ne
3265 4209 3598 4284 aggreditor.

2100 4315 2396 4383 Euripidis.
2436 4311 2481 4366 Ο
2507 4311 2728 4375 divitia‘,
2768 4321 2821 4363 et
2847 4306 3113 4378 tyrannis,
3144 4315 3199 4359 et
3229 4318 3319 4358 ars
3349 4312 3519 4358 artem

2095 4409 2404 4470 Excellens,
2435 4407 2488 4459 in
2517 4405 2625 4460 vita
2659 4403 2760 4457 hac
2792 4400 3138 4456 aemulatione
3164 4398 3322 4467 plena
3342 4437 3356 4462 ,

2099 4501 2370 4568 Quantum
2403 4497 2617 4552 invidiae
2643 4495 2924 4552 vobiscum
2964 4491 3128 4547 latet!

429 4598 636 4667 Πρέπει
673 4571 794 4666 μὲν,
845 4571 899 4651 ὧί
923 4571 1180 4666 μακάριε,
1212 4571 1301 4666 τῷ
1337 4597 1448 4651 τῶν
1485 4602 1758 4670 μεγίστων
1790 4620 1908 4675 προ-

2109 4593 2374 4648 Platonis.
2433 4590 2618 4653 Decet,
2670 4604 2704 4644 ο
2757 4587 2935 4648 beate,
2990 4582 3085 4653 qui
3134 4583 3299 4639 rebus
3347 4581 3604 4638 maximis

355 4689 642 4743 στατοῦντι
683 4687 950 4756 μεγίστης
983 4689 1296 4758 φρονήσεως
1339 4696 1613 4762 μετέχειν.

431 4781 710 4834 Φείδεσθαι
735 4780 838 4849 χρὴ
865 4781 963 4847 τῆς
988 4779 1238 4844 ἐξουσίας
1258 4782 1383 4844 τοὺς
1402 4780 1754 4851 δυναμένους,
1779 4787 1930 4852 ὅπως

356 4872 450 4926 ἀεὶ
486 4871 776 4939 παραμένῃ
811 4868 869 4921 τὸ
900 4869 1122 4932 ἐξεῖναι.

433 4961 538 5016 Τὸν
569 4963 805 5032 ἄρχοντα
835 4962 868 5031 ἢ
899 4962 1092 5032 κριτὴν
1120 4962 1202 5015 δεῖ
1226 4964 1366 5032 μήτε
1397 4963 1538 5033 ὑπὲρ
1566 4964 1676 5018 τῶν
1703 4966 1931 5022 δικαίων

357 5057 734 5125 λιπαρεῖσθαι,
772 5055 913 5124 μήτε
945 5054 1084 5125 ὑπὲρ
1118 5055 1226 5106 τῶν
1255 5055 1457 5109 ἀδίκων
1489 5057 1930 5128 ἐκλιπαρεῖσθαι.

445 5148 819 5218 Ἀλέξανδρος,
852 5147 943 5200 τοῦ
977 5147 1188 5218 οίνοχόυ
1220 5147 1387 5201 αὐτοῦ
1419 5147 1783 5214 ἀπολέσαντος
1803 5153 1933 5220 ιριά-

349 5242 465 5310 ’λην
501 5240 727 5310 χρυσῆν,
763 5239 857 5293 καὶ
905 5239 994 5293 διὰ
1019 5237 1176 5292 τοῦτο
1205 5239 1615 5308 δυσφημοῦντος
1637 5240 1706 5313 [Ῑ.
1739 5243 1934 5298 δυσθυ-

367 5329 642 5405 μοῦντο;],
669 5330 859 5400 μαθὼν
882 5329 1039 5382 τοῦτο
1060 5329 1576 5400 προσκαλεσάμενος
1602 5331 1764 5385 αὐτὸν
1789 5329 1933 5399 εἷπε,

359 5424 586 5492 Θάρσει.
619 5417 664 5477 ὧ
693 5425 830 5474 παῖ·
863 5421 998 5474 ὅπου
1024 5420 1131 5489 γὰρ
1156 5419 1221 5473 ἂν
1257 5419 1364 5490 εἴη,
1399 5421 1647 5492 ἡμετέρα
1675 5423 1817 5476 ἐστί.

451 5601 793 5671 Ἀλέξανδρος
839 5599 1138 5670 ἐρωτηθεὶς
1193 5601 1343 5661 ποῖος
1395 5599 1647 5668 βασιλεὺς
1689 5603 1930 5672 ἄριστος,

319 5692 509 5761 .-ἔφη’
557 5691 617 5742 ὐ
666 5690 793 5752 τοὺς
845 5689 1031 5757 φίλους
1083 5687 1312 5756 δωρεαῖς
1374 5687 1646 5756 συνέχων,
1703 5690 1826 5752 τοὺς
1877 5689 1934 5741 δὲ

359 5780 593 5854 ἐχθροὺς
618 5780 686 5833 δι’
720 5779 1050 5849 εὐεργεσιῶν
1083 5776 1551 5847 ιριλοποιούμενος.

431 5871 693 5940 Διογένης
722 5871 1038 5942 ἐρωτηθεὶς,
1074 5871 1192 5935 πῶς
1232 5871 1298 5926 ἄν
1333 5886 1412 5934 τις
1453 5869 1803 5944 πολιτεύηται
1842 5875 1936 5931 ἐπὶ

2028 4695 2248 4757 praeest,
2277 4699 2401 4740 eum
2433 4681 2718 4754 prudentia
2743 4678 3031 4750 praeditum
3063 4690 3186 4731 esse
3212 4676 3473 4730 maxima.

2099 4777 2339 4832 Catonis.
2369 4774 2577 4829 Debent
2606 4780 2858 4844 potentes
2889 4781 3051 4838 parce
3101 4767 3180 4821 uti
3221 4773 3508 4838 potestate,
3546 4775 3605 4821 ut

2031 4882 2247 4936 semper
2277 4865 2356 4921 uti
2386 4865 2614 4935 possint.

2102 4958 2454 5027 Magistratus
2503 4963 2600 5010 aut
2640 4955 2804 5023 judex
2861 4967 3040 5025 neque
3082 4966 3183 5023 pro
3223 4949 3386 5020 iustis
3435 4947 3603 5017 orari,

2032 5067 2212 5122 neque
2239 5065 2336 5122 pro
2362 5049 2581 5120 iniustis
2605 5049 2818 5105 exorari
2851 5048 3031 5104 debet.

2108 5141 2426 5198 Alexandri.
2467 5141 2794 5208 Alexander,
2827 5155 2950 5196 cum
2981 5139 3305 5212 poculorum
3353 5137 3609 5193 minister

2032 5239 2153 5309 ejus
2185 5235 2422 5307 phialam
2467 5248 2687 5289 auream
2724 5233 3072 5304 perdidisset,
3101 5233 3172 5290 ob
3224 5246 3456 5302 eamque
3483 5246 3616 5286 can.-

2041 5343 2159 5385 sam
2211 5327 2394 5382 animo
2443 5325 2792 5395 amigeretur,
2848 5324 3004 5395 jubet
3048 5326 3254 5381 arcessi
3317 5338 3467 5387 eum,
3533 5333 3613 5386 et,

2039 5421 2288 5484 Confide,
2320 5419 2518 5488 inquit,
2547 5432 2699 5487 puer,
2726 5433 2849 5472 nam
2884 5418 2973 5472 ubi
3000 5417 3091 5472 ubi
3114 5427 3220 5484 est,
3257 5415 3480 5472 omnino
3518 5429 3616 5469 no.-

2039 5520 2154 5565 stra
2179 5519 2283 5566 est.

2112 5600 2437 5664 Alexander,
2457 5601 2579 5670 quis
2619 5607 2764 5656 esset
2798 5599 3036 5670 optimus
3062 5612 3180 5665 rex,
3221 5597 3610 5664 interrogatus,

2042 5690 2168 5758 Qui,
2195 5692 2391 5761 inquit,
2415 5693 2622 5748 amicos
2670 5693 2829 5748 donis
2861 5692 3076 5754 retinet,
3097 5699 3152 5746 et
3176 5689 3430 5744 inimicos
3453 5688 3616 5742 bene,

2034 5784 2172 5838 ﬁciis
2202 5784 2408 5840 amicos
2436 5783 2585 5840 facit.

2103 5873 2373 5950 Diogenis.
2412 5875 2676 5947 Diogenes
2723 5874 3118 5948 interrogatus,
3165 5869 3439 5953 quomodo
3479 5871 3604 5948 quis
