4056 6418
435 379 574 445 1007
1693 382 2023 443 ANTONII

2106 386 2412 448 lELISSE
3558 391 3708 455 1(οὸ

430 502 612 551 vixere
644 497 837 552 debeat
875 499 978 552 sub
1030 509 1295 567 potestate
1331 542 1347 567 ,
1390 500 1853 571 quemaomodum
1905 502 2015 571 igni

2124 508 2364 580 ἐξουσίᾳ,
2399 509 2501 579 ἔφη
2531 526 2542 540 ’
2572 509 2839 580 Καθάπερ
2891 510 3045 579 πυρὶ,
3080 510 3215 579 μήτε
3262 509 3383 561 λίαν
3422 511 3590 576 ἐγγὺς
3621 507 3710 563 εἶ-

431 590 695 643 uteadum
733 604 853 643 esse
895 589 1055 660 129
1092 593 1394 660 respondit,
1437 609 1609 664 neque
1646 594 1809 675 nimis
1846 609 2014 665 prope

2117 624 2227 670 ναι,
2256 606 2340 658 ἵνα
2376 606 2449 675 μὴ
2492 606 2767 674 κατακαῇ,
2813 605 2950 673 μήτε
2988 604 3195 675 πόρρω.
3236 603 3322 656 ἵνα
3360 602 3433 673 μὴ
3462 604 3704 673 ριγὼτῃ.

430 680 823 756 accedendum,
850 696 917 735 ne
936 682 1201 749 exui-aris,
1234 699 1411 754 neque
1444 686 1675 740 nimium
1705 685 1918 756 procul,
1949 700 2017 741 ne

431 790 631 840 rigens.

501 865 689 933 Cyrus.
726 867 1020 936 Imperium
1074 884 1181 921 non
1229 871 1483 924 convenit
1512 871 1560 925 ei
1592 870 1686 940 qui
1731 870 1904 925 nihilo
1954 870 2019 924 iis

2192 873 2419 943 Ἀρχειν
2469 872 2657 942 μηδενὶ
2695 873 2983 944 προσήκει,
3018 872 3076 938 ὃς
3122 872 3242 926 οὐδὲ
3287 871 3548 940 κρείττων
3580 871 3708 924 ἐστὶ

429 974 516 1023 qui
558 966 681 1010 sunt
715 958 817 1012 sul)
850 957 1081 1029 imperio
1107 968 1183 1014 est
1213 962 1577 1029 prastanlior.

1001 961 1081 1012 rio
1107 968 1183 1014 est
1213 962 1577 1029 prmstantior.
2120 967 2229 1019 τῶν
2266 966 2603 1037 ἀρχομένων.

499 1047 684 1102 Solon.
735 1049 971 1118 Impera,
1027 1050 1068 1103 si
1109 1051 1260 1120 prius
1312 1067 1501 1120 parcre
1544 1052 1841 1120 didiceris;
1896 1067 2017 1106 nam

2197 1057 2366 1127 ’Λρχε
2424 1059 2637 1128 πρῶτον
2688 1056 2874 1126 μαθὼν
2924 1058 3224 1128 ἄρχεσθαιο
3272 1057 3538 1128 ἄρχεσθαι
3589 1057 3709 1127 γὰρ

431 1155 624 1207 parere
650 1142 739 1209 qui
770 1140 985 1202 didicit,
1023 1141 1329 1210 imperandi
1363 1143 1470 1196 erit
1503 1143 1733 1212 peritus.

1283 1142 1329 1196 di
1363 1143 1470 1196 erit
1503 1143 1733 1212 peritus.
2126 1150 2339 1220 μαθὼν,
2374 1152 2563 1220 ἄρχειν
2594 1151 2885 1222 ἐπιστήσῃ.

506 1232 606 1296 Qui
640 1233 820 1285 multis
845 1234 1171 1289 metuendus
1200 1243 1304 1298 est,
1334 1235 1538 1290 multos
1572 1235 1785 1290 metuit.

2208 1242 2265 1297 ’0
2297 1244 2510 1305 πολλοῖς
2543 1242 2771 1313 φοὸερδς
2809 1242 2884 1296 ὣν
2911 1243 3137 1307 πολλοὺς
3174 1244 3439 1314 φοϐεῖται.

513 1323 841 1377 Aristotelis.
873 1324 975 1390 Qui
1027 1334 1350 1395 potestatem
1404 1337 1617 1397 gerunt,
1647 1328 1693 1384 si
1749 1329 2021 1399 sapientes

2196 1337 2288 1389 Δεῖ
2314 1337 2433 1399 τοὺς
2469 1335 2594 1389 νοῦν
2637 1336 2859 1405 ἔχοντας
2898 1335 3007 1389 τῶν
3025 1337 3459 1391 δυναστευόντων
3488 1338 3563 1408 μὴ
3611 1338 3710 1392 διὰ

431 1428 579 1480 sunt,
621 1416 821 1471 debent
857 1433 965 1471 non
998 1428 1219 1488 propter
1248 1419 1624 1488 magistratus,
1668 1422 1760 1476 sed
1800 1432 2023 1491 propter

2123 1427 2221 1489 τὰς
2251 1429 2446 1498 ἀρχάς,
2486 1427 2623 1481 ἀλλὰ
2646 1427 2736 1480 διά
2783 1429 2881 1490 τὰς
2928 1430 3129 1495 ἀρετὰς
3159 1428 3558 1498 θαυμάζεσθαι,
3611 1431 3713 1484 ῖνοι

433 1511 664 1563 virtutes
697 1525 821 1564 cum
863 1510 1235 1567 admiratione
1276 1512 1512 1576 laudari,
1543 1523 1600 1567 ut
1638 1511 1858 1569 fortuna
1898 1529 2022 1568 mu-

2124 1519 2223 1586 τῆς
2283 1520 2451 1588 τύχης
2512 1520 2931 1591 μεταπεσούσης
2987 1520 3094 1573 τῶν
3153 1521 3334 1574 αὐτῶν
3406 1524 3714 1593 ἐγκωμίων

436 1611 544 1653 tata
582 1601 772 1655 iisdem
800 1602 1052 1656 laudibus
1081 1603 1229 1670 digni
1255 1604 1594 1673 jndicentur.

1152 1604 1229 1670 ςιιί
1255 1604 1594 1673 jndicentur.
2124 1612 2407 1677 ἀξιῶνται.
2749 1661 2754 1668 .

511 1690 790 1747 Isocratis.
821 1690 1104 1747 Emulare
1136 1710 1240 1748 non
1278 1710 1373 1751 eos
1399 1696 1490 1765 qui
1528 1697 1824 1751 maximum
1857 1697 2023 1768 impe-

2197 1704 2371 1774 Ζήλου
2399 1703 2473 1774 μὴ
2499 1706 2624 1767 τοὺς
2653 1704 2918 1777 μεγίστην
2939 1705 3115 1775 ἀρχὴν
3137 1707 3541 1776 κτησαμένους,
3568 1706 3720 1761 ἀλλὰ

435 1789 576 1843 rium
607 1791 985 1859 acquisierint,
1026 1793 1119 1847 sed
1152 1808 1246 1847 eos
1288 1794 1382 1864 qui
1417 1794 1623 1863 optime
1661 1794 2023 1863 prmsentibus

1744 1794 2023 1851 esentibus
2130 1797 2254 1858 τοὺς
2286 1796 2483 1867 ἄριστα
2522 1799 2634 1862 τοῖς
2666 1798 2902 1868 παροῦσι
2945 1799 3346 1869 χρησαμένους.

437 1883 517 1932 nsi
549 1881 767 1938 fuerint.
2049 1877 2090 1932 Β

507 1974 651 2027 Idem
700 1976 998 2042 pessimum
1034 1977 1422 2046 imperatorem
1475 1995 1597 2035 esse
1639 1981 1874 2050 diccbat,
1925 1981 2018 2051 qui

2202 1982 2261 2032 '0
2303 1982 2464 2046 αὐτὸς
2501 1982 2765 2035 κάκιστον
2814 1981 3002 2046 ἔλεγεν
3033 1981 3273 2052 ἄρχοντα
3321 1977 3460 2034 εἶναι
3488 1979 3583 2032 τὸν
3614 1979 3724 2049 άρς

436 2065 539 2116 sibi
574 2065 686 2132 ipse
721 2067 990 2131 imperare
1027 2084 1135 2123 non
1175 2080 1381 2136 posset.

1333 2080 1381 2125 ι.
2122 2091 2240 2144 χειν
2275 2073 2473 2127 ἑαυτοῦ
2510 2073 2583 2144 μὴ
2618 2074 2935 2140 δυνάμενον.

511 2154 738 2225 Suscipe
766 2173 955 2211 curam
1000 2160 1396 2224 multitudinis,
1426 2170 1479 2213 et
1507 2161 1813 2230 jucundum
1846 2162 2020 2231 impe-

2228 2167 2418 2221 Ῑελέτω
2464 2183 2547 2219 σοι
2580 2165 2675 2220 τοῦ
2712 2165 2973 2234 πλήθους,
3011 2164 3105 2217 καὶ
3144 2165 3271 2234 περὶ
3304 2163 3502 2225 παντὸς
3551 2161 3724 2217 ποιοῦ
3814 2218 3830 2233 ι

439 2247 578 2303 rium
610 2240 869 2304 omnibus
918 2252 1082 2306 rebus
1112 2262 1407 2322 antepone.
1443 2253 1753 2325 intelligens
1805 2264 1861 2311 et
1900 2270 2020 2308 eam

2122 2259 2538 2329 κεχαρισμένως
2573 2258 2756 2320 αὐτοῖς
2788 2257 3002 2327 ἄρχειν,
3048 2257 3339 2325 γινώσκων
3369 2257 3452 2309 ὅτι
3478 2254 3574 2307 καὶ
3602 2254 3722 2306 τῶν

442 2339 673 2395 formam
718 2342 1035 2413 reipublicae
1070 2343 1124 2398 in
1156 2361 1261 2413 qua
1294 2347 1450 2414 pauci
1485 2346 1778 2415 imperant,
1812 2358 1863 2401 et
1894 2348 2023 2399 aliu-

2122 2350 2455 2420 ὀλιγαρχιῶν
2492 2350 2586 2402 καὶ
2642 2349 2750 2402 τῶν
2802 2349 2977 2402 ἄλλων
3030 2348 3317 2402 πολιτειῶν
3346 2340 3507 2400 αὗται
3561 2345 3722 2398 πλεῖν

441 2447 562 2487 rum
597 2436 1123 2504 rerumpublicarnm
1155 2435 1276 2490 illas
1328 2437 1637 2493 diutissime
1685 2442 2022 2503 conservari,

2127 2459 2253 2495 στον
2312 2441 2503 2511 χρόνον
2561 2441 2994 2510 παραμένουσιν,
3045 2441 3248 2502 αἵτινες
3296 2439 3363 2493 ἂν
3413 2440 3616 2507 ἄριστα
3652 2436 3724 2489 τὸ

441 2541 559 2592 qua:
589 2527 991 2581 multitudinem
1052 2538 1246 2582 curant
1278 2537 1331 2583 et
1364 2531 1550 2583 colunt
1582 2530 1805 2599 optime.
1844 2530 2025 2584 BJIHIS

2127 2534 2332 2601 πλῆθος
2372 2534 2775 2605 θεραπεύσωσι.
2812 2533 3008 2595 Καλῶς
3050 2532 3102 2585 δέ
3157 2531 3614 2601 δημαγωγήσεις,
3646 2528 3724 2582 ἂν

441 2631 623 2672 autem
659 2621 769 2675 eris
800 2621 986 2691 populi
1020 2622 1213 2676 ductor
1241 2631 1297 2677 et
1341 2632 1585 2687 curator,
1640 2623 1684 2676 si
1734 2639 1833 2678 nec
1880 2624 2025 2678 afﬁci

2132 2631 2270 2699 μήτε
2301 2628 2392 2682 τὸν
2418 2628 2577 2698 ὖχλον
2609 2628 2854 2698 ὑϐρίζειν
2891 2628 3006 2698 ἐᾷς,
3043 2626 3179 2696 μήτε
3215 2623 3571 2696 ὑϐριζόμενον
3617 2636 3727 2672 πει-

442 2709 643 2780 injuria
677 2712 889 2767 turbam
933 2714 1163 2782 patiere,
1194 2730 1295 2770 nec
1332 2714 1529 2784 injuria
1567 2713 1815 2770 aﬁ‘ectam
1853 2716 2027 2785 negli-

2132 2723 2338 2791 ριορᾷς.
2373 2720 2512 2775 ἀλλὰ
2567 2722 2788 2783 σκοπεῖς
2844 2721 2992 2781 ὅπως
3044 2720 3095 2771 οἱ
3149 2716 3414 2789 βέλτιστοι
3467 2714 3566 2782 μέν
3611 2715 3723 2777 τὰς

442 2817 556 2872 ges.
588 2803 680 2858 sed
705 2804 756 2858 id
790 2805 1030 2869 curabis,
1069 2813 1128 2859 ut
1151 2806 1338 2875 optimi
1374 2806 1576 2877 quique
1609 2808 1846 2863 honores
1884 2807 2028 2862 acci-

1987 2807 2028 2861 i-
2127 2814 2297 2884 τιμὰς
2325 2814 2562 2880 ἐξουσιν,
2588 2814 2636 2864 oi
2669 2811 2726 2864 δέ
2755 2810 2905 2865 ἄλλοι
2940 2809 3108 2880 μηδὲν
3137 2807 3587 2879 άδικηθήσονται.

445 2893 616 2963 piant,
647 2896 827 2950 caeteri
866 2896 1010 2951 nulla
1062 2895 1367 2952 afﬁciantur
1398 2897 1614 2967 injuria.

516 2989 775 3055 Corporis
808 2989 881 3042 tui
906 2989 1214 3045 custodiam
1246 2991 1576 3045 tutissimam
1607 2991 1863 3048 existima
1898 3007 2027 3048 esse

2202 2990 2457 3063 Φυλακὴν
2511 2990 2929 3061 ἀσφαλεστάτην
2961 2987 3098 3061 ἡγοῦ
3143 2985 3239 3041 τοῦ
3270 2984 3522 3055 σώματος
3569 2975 3721 3035 εἶναι

447 3079 744 3134 :uuicurum
798 3081 1072 3144 virtutem,
1124 3090 1179 3136 et
1218 3081 1449 3138 aliarum
1497 3083 2028 3155 rerumpublicarum

2130 3088 2232 3157 τήν
2261 3101 2321 3139 τε
2347 3084 2456 3137 τῶν
2495 3083 2661 3152 φίλων
2696 3081 2919 3153 ἀρετὴν,
2980 3079 3076 3135 καὶ
3106 3078 3206 3149 τὴν
3245 3076 3355 3131 τῶν
3402 3073 3579 3130 ἄλλων
3610 3091 3719 3127 πο-

449 3172 922 3239 ιιυιιιτνυιυιιιὶαιιι,
986 3183 1245 3245 tuamque
1296 3176 1467 3244 ipsius
1519 3177 1897 3245 prudentiam;
1947 3176 2031 3233 his

2135 3177 2353 3233 λιτειῶν
2383 3175 2621 3243 εὔνοιαν,
2653 3174 2748 3229 καὶ
2768 3173 2867 3246 τὴν
2901 3170 3129 3226 σεαυτοῦ
3158 3170 3445 3242 φρόνησιν.
3474 3166 3576 3221 Διὰ
3605 3165 3724 3235 γὰρ

2060 3219 2103 3281 C

446 3267 588 3321 enim
628 3265 789 3322 rebus
831 3277 885 3321 et
912 3268 1227 3323 conservari
1269 3276 1323 3323 et
1364 3269 1544 3340 parari
1590 3285 1756 3339 regna
1796 3270 2031 3325 maxime

2141 3275 2347 3328 τούτων
2373 3275 2467 3328 καλ⁵
2502 3271 2697 3337 σώζειν
2724 3272 2822 3325 καὶ
2868 3267 3100 3325 κτᾶσθαι
3131 3267 3231 3331 τὰς
3257 3262 3581 3336 τυραννίδας
3613 3262 3724 3332 μά-

447 3367 694 3427 Ροεειηηο
2139 3367 2297 3421 λιστα
2328 3366 2395 3421 άν
2421 3383 2506 3429 τις
2532 3365 2779 3419 δύναται.

521 3450 717 3506 Gravis
762 3459 816 3507 et
864 3451 1186 3509 metuendus
1229 3453 1316 3510 fac
1359 3454 1615 3522 videare;
1670 3456 1803 3511 nihil
1842 3472 2029 3511 eorum

2212 3460 2396 3520 Δεινὺς
2433 3456 2534 3525 μὲν
2589 3455 2804 3524 φαίνου,
2838 3451 2916 3522 τῷ
2961 3450 3129 3522 μηδέν
3184 3466 3245 3503 σε
3293 3445 3578 3501 λανθάνειν
3609 3444 3723 3497 τῶν

449 3552 570 3607 qua:
628 3537 786 3603 ﬁunt,
840 3540 1241 3612 inexploratum
1302 3544 1665 3614 relinquendo
1722 3563 1737 3600 :
1792 3544 2034 3601 clemens

2140 3552 2465 3619 γινομένων,
2517 3547 2690 3615 πρᾶος
2736 3546 2815 3609 δὲ,
2867 3544 2947 3613 τῷ
2994 3542 3094 3605 τὰς
3136 3539 3409 3614 τιμωρίας
3459 3535 3724 3599 ἐλάττους

451 3642 656 3697 autem,
688 3634 891 3691 le\'i0ra
916 3635 1133 3693 delictis
1156 3638 1421 3710 supplicia
1443 3640 1759 3696 statuendo.

1476 3640 1759 3696 tatuendo.
2141 3635 2553 3691 ποιεῖσθαιιτῶν
2593 3633 3078 3703 ἁμαρτανομένων.

527 3723 636 3782 Fac
683 3726 820 3781 velis
873 3727 1104 3799 imperio
1158 3727 1360 3800 dignus
1390 3745 1515 3787 esse
1567 3746 1675 3788 non
1711 3733 2029 3799 acerbitate,

2227 3730 2479 3800 Ἀρχικδς
2529 3724 2671 3781 εῖναι
2727 3724 2918 3795 βούλου
2961 3727 3035 3795 μὴ
3088 3724 3418 3796 χαλεπότητι
3471 3720 3606 3790 μηδὲ
3641 3718 3722 3783 τῷ

453 3833 633 3888 neque
671 3822 908 3886 graviter
953 3821 1252 3891 puniendo,
1292 3822 1388 3879 sed
1422 3822 1709 3879 efﬁciendo
1742 3833 1802 3879 ut
1843 3840 2034 3880 omnes

2145 3821 2351 3891 σφόδρα
2380 3816 2653 3885 κολάζειν,
2690 3820 2825 3875 ἀλλὰ
2846 3818 2923 3889 τῷ
2956 3818 3167 3881 πάντας
3196 3815 3461 3886 ἡττᾶσθαι
3490 3813 3588 3883 τῆς
3618 3812 3723 3879 σῆς

457 3919 785 3979 superentur
829 3922 919 3967 tua
986 3920 1172 3967 mente
1215 3923 1271 3968 et
1324 3913 1709 3986 intelligentia,
1760 3915 2034 3970 arbitren-

2141 3911 2400 3977 διανοίας,
2456 3912 2551 3966 καὶ
2601 3911 2844 3982 νομίζειν
2880 3910 3022 3982 ὑπὲρ
3067 3909 3167 3981 τῆς
3212 3906 3394 3963 αὐτῶν
3443 3904 3722 3975 σωτηρίας

456 4011 658 4072 turquc
722 4010 775 4058 te
814 4002 1014 4060 melius
1058 4018 1221 4074 quam
1252 4004 1400 4075 ipsos
1434 4020 1535 4075 pro
1568 4021 1665 4062 sua
1706 4007 1880 4062 salute
1903 4021 2036 4063 con-

1265 4020 1400 4075 ipsos
1434 4020 1535 4075 pro
1568 4021 1665 4062 sua
1706 4007 1880 4062 salute
1903 4021 2036 4063 con-
2143 4005 2366 4075 ἄμεινόν
2395 4021 2453 4058 σε
2490 4003 2867 4075 βουλεύεσθαι.

458 4094 683 4150 sultare.

527 4186 767 4243 Diodori.
816 4187 987 4245 Nemo
1039 4203 1230 4245 eorum
1282 4190 1375 4261 qui
1432 4191 1670 4262 aliquant
1714 4192 2032 4264 dignitatem

2215 4184 2423 4256 Μηδεὶς
2471 4184 2740 4250 ἐλπιζέτω
2774 4182 2884 4237 τῶν
2928 4184 3201 4254 τυχόντων
3232 4181 3511 4251 ὑπεροχῆς
3551 4195 3720 4244 τινος,

461 4284 697 4335 assecuti
735 4290 884 4346 sunt,
922 4283 967 4337 si
1003 4282 1347 4339 vehementer
1374 4284 1645 4355 peccarit,
1675 4295 1855 4354 speret
1881 4300 1940 4341 se
1967 4287 2034 4340 ad

2146 4280 2212 4333 ἂν
2243 4278 2600 4350 ἐξαμαρτάνῃ
2629 4277 2862 4347 μεγάλα,
2892 4276 3156 4347 λήσεσθαι
3201 4274 3291 4329 διὰ
3320 4274 3506 4337 τέλους
3532 4274 3721 4326 ἀνεπι-

463 4384 769 4429 extremum
802 4374 921 4429 sine
954 4376 1382 4443 reprehensione
1410 4377 1582 4433 latere
1604 4392 1789 4448 posse.
1822 4377 2034 4434 Etenim

2145 4373 2395 4443 τίμητος.
2426 4373 2538 4426 Καὶ
2558 4371 2668 4440 γὰρ
2695 4370 2762 4425 ἂν
2787 4372 2844 4425 ἐν
2872 4370 2951 4437 τῷ
2981 4369 3103 4423 καθ’
3134 4369 3323 4423 ἐαυτὸν
3348 4366 3449 4438 βίῳ
3480 4365 3725 4437 διαφύγῃ

463 4467 510 4523 si
536 4467 588 4520 in
613 4467 846 4521 vitasua
879 4464 1132 4535 eﬂ‘ugerit
1162 4467 1641 4538 reprehensionem
1662 4467 2034 4534 etinfamiam,

2143 4464 2235 4517 τὸν
2268 4466 2374 4517 ἀπὸ
2401 4464 2502 4533 τῆς
2550 4464 2925 4534 ἐπιτιμήσεως
2963 4462 3141 4531 λόγον,
3189 4460 3415 4529 ὕστερον
3446 4459 3598 4532 ἥξειν
3630 4459 3722 4511 ἐπ’

466 4562 589 4621 post
613 4562 792 4610 tamen
817 4555 1179 4622 exspectanda
1205 4558 1253 4612 ei
1278 4566 1361 4612 cst
1388 4559 1589 4613 veritas
1612 4573 1737 4613 cum
1764 4557 2035 4625 libertate,
2065 4625 2068 4632 γ

2144 4557 2307 4610 αὑτὸν
2338 4554 2729 4626 προσδέχεσθαι
2779 4555 2877 4626 τὴν
2911 4553 3174 4626 ἀλήθειαν
3211 4553 3352 4625 μετὰ
3404 4550 3722 4623 παρρησίας

466 4662 591 4716 qua:
618 4646 835 4704 occulta
864 4646 994 4701 olim
1030 4647 1251 4703 silentio
1284 4649 1623 4718 praedicabit.

1614 4689 1623 4704 .
2148 4650 2522 4722 κηρύττουσαν
2550 4647 2620 4700 τὰ
2665 4648 2832 4702 πάλαι
2864 4647 3216 4717 σιωπώμενα.

536 4739 735 4807 Regem
760 4729 895 4792 bene
927 4736 1236 4807 fungentem
1266 4752 1368 4792 suo
1399 4752 1626 4794 munere
1655 4739 1811 4802 decet
1834 4738 2043 4818 justum

2222 4742 2315 4794 Δεῖ
2350 4741 2442 4795 τὸν
2472 4739 2655 4803 καλῶς
2708 4738 3062 4810 βασιλεύοντα
3110 4738 3321 4791 δίκαιον
3368 4736 3463 4791 καὶ
3495 4735 3729 4806 μεγαλό-

466 4839 524 4886 et
546 4828 959 4899 magnanimum
996 4835 1052 4883 et
1108 4830 1385 4886 sincerum
1426 4839 1480 4885 et
1525 4828 1803 4885 liberalem
1851 4828 1905 4884 in
1941 4830 2046 4883 lar-

2148 4835 2340 4906 ψυχον,
2377 4835 2473 4889 καὶ
2510 4833 2688 4904 άληθῆ
2722 4834 2817 4888 καὶ
2853 4832 3205 4902 μεταδοτικὸν
3231 4826 3395 4894 ιῐναι,
3421 4831 3517 4887 καὶ
3546 4829 3731 4899 πάσης

471 4922 669 4992 giendo
695 4936 840 4986 esse,
871 4937 935 4977 ac
964 4922 1157 4993 quavis
1183 4921 1480 4991 cupiditate
1513 4921 1810 4991 majorem;
1843 4923 2049 4993 suppli-

2151 4926 2449 4998 ἐπιθυμίας
2477 4925 2763 4996 κρείττονα
2785 4941 2800 4959 ο
2823 4925 3038 4988 καὶτὰς
3067 4924 3164 4992 μιν
3181 4925 3451 4994 τιμωρίας
3476 4922 3732 4986 ἐλάττους

472 5016 556 5071 cia
591 5015 796 5071 leviora
829 5014 1053 5080 delicto,
1085 5013 1317 5084 gratiam
1362 5022 1543 5069 autem
1584 5014 1851 5069 beneﬁcio
1878 5013 2052 5083 majo-

2154 5020 2255 5083 τῆς
2285 5018 2467 5085 ἀξίας,
2498 5018 2597 5081 τὰς
2623 5017 2682 5071 δὲ
2724 5018 2953 5089 χάριτας
3015 5017 3234 5088 μείζους
3260 5015 3363 5086 τῆς
3406 5015 3735 5086 εὐεργεσίας

473 5123 588 5162 rem
622 5107 846 5171 referre,
885 5105 1045 5178 130
1078 5116 1187 5161 tum
1227 5106 1492 5177 subjectis
1522 5115 1633 5161 tum
1666 5107 1879 5162 amicis.

1670 5107 1879 5162 amiCiS-
2154 5113 2465 5169 ἀποδιδόναι
2497 5113 2607 5171 τοῖς
2654 5111 2917 5183 ὑπηκόοις
2945 5113 3043 5167 καὶ
3075 5110 3272 5180 φίλοις.

546 5197 739 5255 Nullus
768 5199 1019 5269 princeps
1054 5198 1269 5268 longius
1308 5199 1361 5253 in
1408 5199 1536 5254 vitia
1566 5199 1902 5269 provehitur.
1942 5198 2047 5254 nisi

2226 5201 2415 5265 Οὐδεὶς
2467 5202 2561 5255 ἐπὶ
2616 5200 2803 5254 πλεῖον
2851 5200 3050 5263 κακίας
3102 5198 3390 5270 προϐαίνει
3439 5198 3735 5268 δυνάστης,

479 5288 833 5359 cupiditatum
873 5289 1157 5346 ministros
1197 5290 1413 5345 habeat.

2154 5293 2252 5347 ἐὰν
2284 5292 2359 5363 μὴ
2389 5293 2513 5356 τοὺς
2545 5292 2994 5364 ὑπηρετήσοντας
3022 5292 3123 5365 ἔχῃ
3151 5293 3272 5356 ταῖς
3303 5292 3644 5362 ἐπιθυμίαις.

552 5381 864 5451 Agathonis.
899 5379 1026 5436 Tria
1062 5382 1377 5438 meminisse
1422 5382 1575 5438 decet
1635 5382 2048 5454 magistratum:

2233 5385 2339 5439 Τὸν
2369 5384 2606 5455 ἄρχοντα
2650 5383 2822 5455 τριῶν
2850 5384 2933 5439 δεῖ
2987 5384 3323 5455 μεμνῆσθαι,
3355 5385 3574 5455 πρῶτον
3607 5387 3737 5454 μὲν,

483 5472 716 5541 primum
747 5486 807 5527 se
842 5472 1157 5526 hominibus
1203 5472 1474 5543 imperare
1502 5490 1517 5538 ;
1549 5472 1776 5527 alterum
1823 5489 1888 5528 ex
1919 5474 2056 5544 legi-

2153 5474 2236 5529 ὃτι
2288 5473 2591 5543 ἀνθρώπων
2638 5473 2834 5545 ἄρχει·
2881 5475 3155 5545 δεύτερον,
3213 5475 3296 5531 ὅτι
3328 5476 3473 5530 κατὰ
3532 5477 3744 5543 νόμους

485 5566 584 5623 bus
621 5561 932 5633 imperare;
968 5563 1211 5630 tertium,
1258 5579 1317 5621 se
1348 5579 1456 5621 non
1499 5578 1714 5635 semper
1759 5564 2053 5636 imperatu-

1573 5578 1714 5635 mper
1759 5564 2053 5636 imperatu-
2158 5567 2353 5639 άρχειο
2383 5567 2586 5637 τρίτον,
2620 5566 2703 5621 ὅτι
2736 5566 2837 5621 οὐκ
2868 5568 2957 5621 ἀεὶ
2997 5567 3175 5639 ἄρχει.

487 5672 607 5714 rum
640 5671 782 5713 esse.

560 5747 828 5819 Antigoni.
857 5747 1163 5819 Antigonus
1205 5763 1300 5801 rex
1351 5745 1567 5803 cuidam
1595 5748 1722 5803 anni
1750 5762 1811 5804 se
1839 5748 2055 5805 beatum

2238 5748 2541 5815 Ἀντίγονος
2582 5746 2611 5801 ὁ
2646 5747 2900 5817 βασιλεὺς
2952 5747 3087 5818 πρός
3136 5764 3261 5802 τινα
3321 5745 3752 5816 μακαρίζουσαν

490 5840 823 5909 praedicanti,
862 5841 920 5897 Si
956 5840 1147 5907 scires,
1199 5839 1394 5911 inquit,
1427 5855 1459 5897 ο
1490 5852 1684 5906 mater,
1720 5853 1880 5911 quam
1919 5842 2057 5897 mul-

2162 5841 2322 5899 αὐτὸ)
2345 5838 2545 5911 γραῦν,
2579 5839 2642 5894 Εἰ
2674 5840 2843 5912 ᾔδεις,
2894 5838 3020 5911 ἐφη,
3067 5835 3112 5897 ὦ
3143 5840 3339 5908 μῆτερ,
3380 5840 3522 5895 ὅσων
3554 5841 3761 5913 κακῶν⁶
