4056 6474
359 445 500 511 1909

1216 448 1390 511 LOCI
1433 447 1890 510 COMMUNES.
1932 450 2213 512 —PAllS
2250 450 2333 512 Ιῐ.
2379 448 2643 514 SERMO
2671 449 2756 514 ΙΙ.

3500 441 3638 506 1010

322 622 327 626 ,
357 563 477 617 ἐστι
512 559 666 614 τουτὶ
691 560 754 615 τὸ
780 559 987 642 ῥάκος,
1016 559 1199 628 δείξας
1231 561 1294 615 τὸ
1327 561 1588 632 διάδημα,
1618 561 1718 615 οὐκ
1754 561 1820 616 ἂν
1852 562 1945 615 ἐπὶ
1975 579 2003 635 Α

2085 582 2228 621 trum
2285 565 2554 620 malorum
2607 564 2677 621 sit
2724 563 2814 621 hic
2871 575 3088 634 pannus
3135 557 3402 631 (diadema
3454 567 3637 612 autem

322 711 333 715 _
359 653 595 718 κοπρίας
623 651 758 708 αὐτὸ
789 654 1043 721 κείμενον
1078 653 1412 716 ἐϐάστασας.

446 745 867 813 Ἐπαμινώνδας
897 747 925 799 6
960 743 1196 817 Θηϐαῖος
1231 745 1358 800 ἰδὼν
1394 746 1759 817 στρατόπεδον
1802 746 1948 815 μέγα

362 845 455 896 καὶ
487 838 675 903 καλὸν,
711 841 1017 912 στρατηγὸν
1044 840 1146 894 οὐκ
1191 839 1337 912 ἔχον,
1386 837 1626 906 Ἥλίκον,
1678 838 1809 911 ἔφη,
1846 839 1947 910 θη·

363 932 479 1005 ρίον
515 930 764 1005 κεφαλὴν
798 933 897 988 οὐκ
928 932 1044 1005 ἔχει
1077 935 1091 988 l
1444 946 1451 952 ‘

438 1111 543 1170 Τὸν
598 1115 823 1187 βασιλέα
862 1117 946 1170 δεῖ
995 1115 1363 1187 μνημονεύειν
1413 1116 1495 1170 ὅτι
1547 1114 1836 1180 ἄνθρωπος
1875 1112 1951 1165 ὢν

363 1206 615 1273 ἐξουσίαν
651 1209 874 1280 εἴληφεν
920 1208 1096 1263 ίσόθεν
1233 1208 1418 1263 θεόθεν
1444 1207 1526 1264 vel
1575 1204 1829 1277 ίσόθεον],
1864 1205 1953 1260 ἴνα

367 1300 701 1371 προαιρῆται
742 1300 841 1382 μὲν
868 1302 937 1356 τὰ
965 1301 1108 1356 καλά
1151 1302 1248 1356 καὶ
1284 1300 1421 1367 θεῖα,
1456 1300 1719 1374 φρονήσει
1766 1298 1824 1352 δὲ
1854 1298 1952 1353 ἅν-

367 1392 619 1465 θρωπίνῃ
660 1394 880 1463 χρῆται.

290 1498 297 1504 ‘
440 1486 502 1539 ΕΞ
528 1485 709 1557 βούλει
741 1503 836 1541 σου
877 1488 980 1558 τὴν
1008 1487 1188 1543 οἰκίαν
1236 1482 1296 1542 εὖ
1327 1487 1616 1552 οἰκεῖσθαι,
1658 1483 1828 1555 μιμοῦ
1859 1483 1954 1537 τὸν

367 1580 718 1650 Σπαρτιάτην
751 1580 1093 1653 Λυκοῦργον.
1136 1580 1236 1637 Ὃν
1265 1580 1375 1652 γὰρ
1419 1583 1624 1650 τρόπον
1652 1579 1715 1633 οὐ
1746 1578 1955 1647 τείχεσι

367 1674 469 1744 τὴν
496 1673 652 1728 πόλιν
680 1674 936 1744 ἔφραξεν,
961 1675 1077 1729 ἀλλ’
1100 1676 1269 1746 ἀρετῇ
1293 1676 1421 1738 τοὺς
1443 1672 1785 1734 ἐνοικοῦντας
1812 1666 1958 1741 ὠχύ-

324 1839 327 1845 I
373 1786 539 1837 ρωσε,
570 1770 667 1824 καὶ
691 1770 782 1823 διὰ
830 1772 1033 1831 παντὸς
1077 1770 1348 1841 ἐτήρησεν
1391 1768 1690 1836 ἐλευθέραν
1724 1765 1826 1837 τὴν
1858 1763 1959 1818 πό-

372 1862 457 1916 λιν
486 1879 503 1896 ο
538 1862 714 1926 οὕτως
741 1863 835 1917 καὶ
867 1864 931 1917 σὺ
962 1863 1038 1933 μὴ
1078 1863 1324 1935 μεγάλην
1341 1860 1512 1932 αὐλὴν
1544 1858 1810 1929 περίϐαλε
1864 1857 1960 1911 καὶ

2050 657 2486 725 ostendebat),in
2514 666 2759 713 stercore
2788 672 2914 712 eum
2943 655 3218 726 iacentem
3252 666 3363 707 non
3395 651 3638 705 tolleres.

2121 749 2532 821 Epaminonda}.
2584 750 2992 822 Epaminondas
3042 746 3339 803 Thebanus
3388 760 3512 800 cum
3563 746 3639 797 vi-

2051 841 2205 898 deret
2230 843 2534 898 exercitum
2570 856 2827 911 magnum
2862 848 2917 894 et
2949 847 3230 899 ornatum.
3271 835 3367 892 sed
3404 836 3644 903 impera-

2055 944 2175 991 tore
2225 944 2502 991 carentem
2551 952 2565 991 :
2602 935 2843 1002 Quanta,
2895 932 3096 1004 inquit,
3126 930 3298 987 bestia
3332 937 3499 1002 caput
3533 944 3639 983 non

2055 1028 2249 1082 habet!

2130 1117 2389 1188 Philippi.
2417 1117 2532 1173 Rex
2559 1115 2875 1172 meminisse
2903 1115 3089 1179 debet,
3113 1115 3277 1170 homo
3301 1127 3425 1168 cum
3461 1111 3555 1173 Sit,
3583 1121 3644 1165 se

2054 1220 2385 1282 poteSIatem
2441 1209 2703 1266 divinitus
2756 1210 3059 1279 accepisse,
3112 1218 3172 1264 ut
3215 1222 3337 1276 qua:
3382 1205 3642 1275 pra‘elara

2059 1314 2187 1362 sunt
2210 1313 2266 1361 et
2298 1303 2485 1358 divina
2522 1302 2627 1358 sibi
2683 1311 2956 1374 proponat
2982 1303 3053 1357 'et
3082 1307 3320 1371 expetat,
3355 1296 3643 1369 prudentia

2058 1408 2241 1453 autem
2275 1403 2457 1452 utatur
2486 1395 2749 1450 humana.

2135 1578 2193 1635 Si
2229 1579 2312 1634 vis
2349 1577 2576 1635 domum
2600 1576 2741 1631 bene
2770 1573 3034 1637 habitari,
3078 1568 3409 1638 Spartanum
3441 1563 3650 1635 Lyrur.

2061 1689 2188 1747 gttm
2219 1673 2434 1728 imitare
2461 1689 2474 1739 ;
2520 1667 2986 1740 quemadmodum
3018 1664 3163 1721 enim
3213 1661 3303 1716 ille
3339 1674 3447 1713 non
3478 1656 3649 1712 muris

2063 1771 2237 1826 cinxit
2264 1770 2478 1831 urbem,
2513 1766 2608 1822 sed
2646 1764 2844 1819 virtute
2868 1759 3077 1837 incolas
3113 1754 3430 1817 obvallavit,
3459 1750 3650 1817 sicque

2067 1879 2283 1935 semper
2303 1862 2580 1919 civitatem
2606 1857 2835 1911 liberam
2870 1850 3091 1907 retinuit
3114 1865 3129 1917 ;
3152 1848 3233 1903 sic
3257 1854 3310 1899 et
3344 1858 3397 1896 tu
3435 1840 3602 1896 facito
3630 1852 3645 1890 :

369 1957 591 2024 τοίχους
647 1955 890 2026 ὑψηλοὺς
948 1934 1180 2018 ἀνίστα,
1239 1955 1377 2009 ἀλλὰ
1436 1954 1558 2016 τοὺς
1614 1939 2003 2014 ἐνοικοῦνταςΙ

2085 1972 2169 2013 tec
2192 1934 2455 2027 magnum
2504 1949 2836 2006 vestibulum
2870 1945 3101 2011 cingito,
3136 1955 3237 1995 nec
3284 1951 3475 1991 muros
3510 1934 3650 1986 altus

369 2049 558 2122 εὐνοίᾳ
587 2052 683 2105 καὶ
713 2050 897 2105 πίστει
942 2052 1036 2104 καὶ
1067 2049 1221 2119 φιλίᾳ
1265 2046 1490 2117 στήριξε
1517 2062 1535 2080 ο
1576 2051 1670 2099 καὶ
1698 2044 1853 2098 οὐδὲν
1878 2046 1959 2108 εἰς

369 2143 543 2211 αὐτὴν
574 2143 943 2197 εἰσελεύσεται
975 2141 1262 2212 βλαϐερὸν,
1287 2140 1398 2193 οὐδ’
1428 2138 1495 2193 ἂν
1513 2138 1575 2192 τὸ
1610 2139 1837 2210 σύμπαν
1860 2137 1959 2208 τῆς

252 2279 263 2285 -
371 2235 573 2300 κακίας
608 2235 996 2308 παρατάξηται
1037 2236 1247 2305 στῖφος.

440 2418 655 2490 Μηδεὶς
684 2417 793 2471 τῶν
825 2417 1106 2485 φρονίμων
1155 2413 1250 2469 τοῦ
1304 2414 1495 2485 ἄρχειν
1537 2409 1958 2482 ἀλλοτριούσθω.

375 2511 487 2565 Καὶ
518 2511 628 2582 γάρ
657 2509 854 2572 ἀσεϐὲς
882 2509 943 2563 τὸ
977 2509 1233 2579 ἀποσπᾷν
1262 2507 1453 2562 ἑαυτὸν
1500 2508 1601 2577 τῆς
1628 2507 1737 2559 τῶν
1762 2502 1960 2574 δεομέ-

375 2620 481 2657 νων
511 2603 864 2673 εὐχρηστίας,
898 2603 990 2657 καὶ
1024 2601 1252 2671 ἀγεννὲς
1278 2603 1341 2656 τὸ
1370 2604 1482 2665 τοῖς
1513 2601 1740 2671 φαύλοις
1774 2616 1961 2670 παρα-

374 2699 597 2767 χωρεῖν.
651 2696 904 2765 Ἀνόητον
934 2697 1044 2767 γὰρ
1070 2696 1134 2750 τὸ
1160 2695 1437 2768 αἱρεῖσθαι
1470 2694 1657 2759 κακῶς
1691 2691 1963 2765 ἄρχεσθαι

378 2789 602 2860 μᾶλλον,
636 2790 670 2859 ἢ
709 2788 897 2852 καλῶς
925 2788 1140 2858 ἄρχειν.
1678 2806 1683 2809 '

448 2883 633 2937 Δεινὺν
663 2883 756 2938 καὶ
785 2880 1170 2954 χαλεπώτατον
1201 2880 1328 2946 τοὺς
1371 2882 1591 2952 χείρους
1618 2881 1727 2936 τῶν
1760 2879 1964 2953 βελτιό-

376 2994 485 3030 νων
516 2975 727 3046 άρχειν,
754 2976 848 3027 καὶ
881 2973 1011 3038 τοὺς
1036 2974 1430 3044 ἀνοητοτέρους
1474 2979 1586 3037 τοῖς
1618 2973 1966 3045 φρονιμωτέ-

379 3085 494 3140 ροις
521 3065 907 3137 προστάττειν.

450 3160 700 3229 Εὐμένης
723 3160 752 3212 6
782 3158 1034 3229 βασιλεὺς
1078 3158 1234 3229 ἔλεγε
1264 3160 1377 3222 τοῖς
1409 3157 1661 3225 ἀδελφοῖς
1693 3155 1784 3211 διὰ
1832 3170 1966 3209 παν-

2062 2024 2319 2116 exeitato,
2357 2047 2449 2103 sed
2493 2045 2639 2098 cives
2672 2031 3050 2096 benevolentia
3088 2043 3141 2087 et
3175 2032 3279 2086 ﬁde
3311 2038 3365 2084 et
3409 2024 3649 2097 amicitia

2063 2144 2302 2206 ﬁrmato,
2346 2146 2403 2194 et
2446 2136 2578 2194 nihil
2620 2134 2675 2189 in
2721 2146 2842 2188 eam
2893 2126 3232 2197 ingredietur
3264 2120 3524 2176 infestum
3560 2124 3654 2170 aut

2062 2237 2312 2301 noxium,
2357 2247 2457 2287 nec
2484 2230 2532 2284 si
2563 2226 2880 2284 universum
2912 2219 3130 2292 quidem
3166 2209 3535 2285 improbitatis
3562 2224 3653 2277 ag-

2064 2346 2186 2387 men
2223 2344 2282 2385 se
2311 2334 2569 2396 opponat.

2138 2424 2387 2481 Prudens
2417 2436 2447 2477 a
2497 2418 2737 2492 gerendo
2792 2412 3123 2485 magistratu
3152 2423 3224 2464 ne
3255 2422 3314 2463 se
3358 2402 3656 2472 abducito;

2068 2519 2296 2590 impium
2329 2526 2421 2573 est
2444 2515 2590 2572 enim
2623 2514 2867 2582 seipsum
2922 2504 3248 2562 abstrahere
3297 2498 3363 2555 ab
3412 2495 3658 2563 indigen—

2067 2589 2203 2669 tium
2252 2610 2491 2667 utilitate
2544 2613 2599 2662 et
2655 2601 3003 2666 commodis,
3042 2605 3097 2653 et
3144 2591 3416 2665 improbis
3464 2589 3660 2647 cedere

2065 2704 2298 2761 minime
2346 2712 2700 2773 generosum.
2732 2694 2974 2752 Stultum
3020 2697 3105 2747 est
3156 2688 3301 2743 enim
3355 2690 3662 2756 praeoptare

2067 2796 2210 2854 male
2237 2792 2560 2867 gubernari,
2600 2803 2765 2860 quam
2803 2788 2941 2843 bene
2969 2783 3321 2851 gubernare.-

2140 2866 2414 2945 A-cerbum
2443 2893 2529 2939 est
2557 2893 2614 2937 et
2657 2878 2923 2936 molestiae
2940 2873 3344 2946 plenissimum,
3364 2866 3663 2924 deteriores

2067 2977 2542 3052 prmstantioribus
2588 2973 2885 3037 imperare,
2921 2976 2978 3023 et
3008 2964 3294 3022 stultiores
3326 2959 3653 3032 prudentie»

2070 3074 2224 3129 ribus
2255 3069 2633 3141 praescribere.

2146 3165 2423 3223 Eumenis.
2479 3162 2753 3217 Eumenes
2799 3171 2897 3213 rex
2948 3151 3211 3210 fratribus
3254 3147 3447 3206 crebro
3480 3146 3665 3202 dicere

378 3252 469 3318 τός
496 3269 513 3286 ο
564 3253 695 3307 Ἐάν
726 3253 827 3324 μὲν
857 3254 932 3318 ὡς
980 3253 1193 3325 βασιλεῖ
1231 3253 1645 3326 προσφέρησθε,
1697 3252 1772 3314 ὡς
1812 3250 1969 3304 ἀδελ·
1994 3299 2003 3343 ⁴

2085 3262 2307 3320 solebat.
2326 3258 2383 3313 Si
2409 3271 2497 3312 me
2529 3269 2658 3326 rege
2694 3251 2781 3308 usi
2812 3247 3048 3312 fueritis,
3074 3243 3235 3300 vobis
3263 3251 3525 3352 tanquam
3559 3240 3666 3296 ira-

379 3349 500 3417 φοῐς
529 3347 659 3417 ὑμῖν
691 3346 998 3417 χαρίσομαι
1026 3363 1039 3378 ⁶
1069 3346 1167 3401 ἐὰν
1206 3347 1264 3401 δὲ
1308 3346 1383 3412 ὡς
1422 3345 1661 3416 ἀδελφῷ,
1696 3342 1809 3413 ἐγὼ
1840 3344 1969 3414 ύμῖν
1996 3333 2003 3343 ’

2085 3357 2253 3412 tribus
2281 3350 2631 3425 gratiﬁcabor
2657 3364 2672 3415 ;
2705 3345 2790 3401 sin
2815 3349 2998 3399 autem
3035 3347 3305 3408 tanquam
3335 3333 3528 3400 fratre,
3563 3348 3666 3405 ego

378 3438 453 3502 ὡς
488 3436 771 3509 βασιλεύς.

2085 3451 2230 3506 vobis
2254 3455 2314 3504 ut
2341 3462 2459 3503 rex.

455 3531 635 3593 Κότυς
661 3533 691 3586 ό
724 3530 833 3587 τῶν
859 3530 1097 3601 Θρακῶν
1146 3530 1427 3602 βασιλεὺς,
1461 3529 1715 3602 Θηϐαίων
1765 3544 1967 3596 σεμνυ-

2144 3543 2348 3613 Cotyis.
2370 3541 2539 3612 Cotys
2575 3537 2850 3593 Thracum
2880 3550 2975 3591 rex
3003 3530 3285 3588 Thebanis
3308 3523 3670 3599 gloriantibus

383 3623 631 3692 νομένων
656 3623 739 3676 ὅτι
768 3620 1216 3692 Λακεδαιμονίων
1243 3621 1543 3692 ἡγήσαντο,
1578 3619 1742 3687 Ἐγὼ,
1780 3619 1968 3689 φησιν,

2085 3634 2219 3705 quod
2261 3629 2699 3688 Lacedaemoniis
2730 3629 3102 3696 imperarent:
3138 3620 3285 3685 Vidi,
3323 3617 3525 3689 inquit,
3556 3624 3669 3670 tor-

381 3715 607 3779 ἐώρακα
653 3714 996 3785 χειμάρρους
1031 3715 1310 3785 ποταμοὺς
1343 3712 1567 3783 μείζους
1614 3712 1723 3767 τῶν
1760 3711 1972 3766 ἀενάων

2085 3737 2260 3785 rentes
2313 3724 2647 3797 perennibus
2693 3719 2876 3777 ﬂuviis
2931 3716 3167 3786 majores
3222 3712 3420 3777 factos,
3458 3710 3551 3767 sed
3602 3708 3669 3763 ad

381 3807 725 3876 γινομένουο,
757 3805 872 3858 ἀλλ’
902 3805 1085 3874 ὀλίγον
1114 3805 1328 3874 χρόνον.

474 3898 533 3951 Ὀ
564 3897 726 3951 αὐτὸς
759 3890 1082 3967 ἐρωτηθεὶς,
1117 3895 1238 3950 Τίνι
1268 3895 1707 3966 καταλιμπάνεις
1735 3894 1792 3948 τὸ
1821 3892 1974 3966 βασί-

383 3990 528 4047 λειον
560 4008 574 4056 ;
606 3989 735 4061 ἔφη,
765 3988 855 4061 Τῷ
883 3990 1193 4060 δυναμένῳ.

1010 4083 1234 4136 ΛΟΓΟΣ
1272 4080 1351 4136 Β’.

529 4177 687 4247 ’Περὶ
716 4175 1027 4243 ,βασιλέως
1051 4174 1139 4246 μὴ
1169 4179 1316 4230 ,ιίαν
1347 4173 1819 4245 θαυμαζομένου.

458 4270 725 4334 Βασιλεὺς
757 4268 963 4340 θρασὺς
996 4271 1323 4338 ἐμπεσεῖται
1353 4269 1433 4331 είς
1464 4269 1632 4325 κακά.

463 4361 737 4424 Βασιλέως
777 4361 1147 4426 ὑπακούοντος
1200 4360 1358 4431 λόγον
1415 4360 1625 4425 ἄδικον,
1684 4359 1888 4425 πάντες
1927 4361 1978 4415 οἱ

386 4452 485 4509 ὕπ’
508 4453 669 4506 αὐτὸν
694 4452 1023 4524 παράνομοι.

475 4546 704 4616 ’Λγαθός
739 4546 908 4620 πένης
963 4547 1056 4600 καὶ
1090 4546 1255 4616 σοφὸς
1287 4546 1429 4619 ὑπὲρ
1476 4545 1706 4618 βασιλέα
1741 4546 1980 4619 πρεσϐύ-

386 4659 549 4713 τερον
582 4644 678 4697 καὶ
713 4643 948 4715 ἄφρονα.

467 4738 603 4794 Οὐαί
635 4755 740 4803 σοι,
779 4738 958 4804 πόλις,
987 4732 1052 4811 ἧς
1083 4741 1110 4793 6
1150 4737 1409 4809 βασιλεύς
1437 4753 1534 4792 σου
1564 4738 1855 4810 νεώτερος.

476 4831 541 4885 Ἦ
592 4831 945 4903 κακοπραγία
992 4831 1355 4904 περιστρέφει
1409 4829 1637 4900 θρόνους
1682 4832 1982 4886 δυναστῶν.

402 4922 703 4978 Ἀκούσατε
742 4919 857 4986 οὖν,
879 4922 1147 4994 βασιλεῖς,
1183 4923 1281 4977 καὶ
1312 4921 1531 4997 σύνετε,
1566 4924 1901 4977 ἐνωτίσασθε
1937 4925 1986 4977 οἱ

392 5015 727 5086 κρατοῦντες
776 5016 1160 5086 πλήθονς,καὶ
1191 5015 1612 5088 γεγαυρωμένοι
1662 5016 1757 5069 ἐπὶ
1806 5016 1987 5087 δχλοις

393 5111 587 5176 ἐθνῶν,
624 5113 708 5166 ὅτι
759 5112 918 5183 ἐδόθη
975 5112 1130 5184 παρά
1174 5113 1385 5184 Κυρίου
1435 5114 1466 5182 ή
1518 5113 1791 5184 κράτησις
1824 5112 1989 5184 ἡμῶν

393 5202 494 5258 καὶ
520 5205 551 5268 ἡ
583 5201 874 5256 δυναστεία
921 5204 1072 5273 παρὰ
1113 5203 1375 5274 Ὑψίστου
1404 5222 1418 5238 ο
1451 5205 1511 5270 ὃς
1540 5206 1787 5272 ἐξετάσει
1833 5203 1989 5273 ὑμῶν
2027 5189 2031 5193 ’

394 5293 467 5345 τὰ
505 5291 646 5363 ἔργα
682 5293 778 5346 καὶ
807 5294 907 5357 τὰς
950 5293 1144 5364 βουλὰς
1199 5295 1567 5368 διερευνήσει,
1595 5297 1680 5351 ὅτι
1709 5296 1989 5367 ὑπηρέται

392 5386 550 5448 ὄντες
596 5384 700 5455 τῆς
755 5384 924 5439 αὐτοῦ
990 5385 1290 5456 βασιλείας,
1325 5388 1427 5443 οὐκ
1477 5389 1726 5461 ἐκρίνατι
1788 5387 1987 5457 ὀρθῶς.

394 5474 521 5530 οὐδὲ
559 5476 866 5546 ἐφυλάξατε
936 5477 1122 5548 νόμον,
1151 5478 1274 5533 οὐδὲ
1316 5478 1461 5533 κατὰ
1512 5480 1613 5549 τὴν
1656 5478 1855 5550 βουλὴν
1896 5478 1990 5533 τοῦ

395 5568 537 5622 Θεοῦ
589 5569 948 5641 ἐπορεύθητε,
981 5571 1208 5642 φρικτδς
1241 5571 1335 5625 καὶ
1387 5570 1599 5641 ταχέως
1629 5572 1992 5642 ἐπιστήσεται

400 5660 532 5729 ὑμῖν
566 5661 934 5733 ὄλεθροςσότι
988 5662 1170 5733 κρίσις
1221 5663 1501 5734 ἀπότομος
1531 5665 1586 5717 ἐν
1631 5666 1745 5728 τοῖς
1791 5663 1995 5736 ὑπερέ-

398 5768 558 5823 χουσι
605 5754 840 5821 γίνεται.
892 5753 951 5808 '0
988 5754 1099 5826 γὰρ
1133 5756 1422 5826 ἐλάχιστος
1459 5757 1811 5825 συγγνωστός
1842 5759 1991 5812 ἐστιν

401 5842 613 5907 ἐλέους,
659 5845 878 5900 δυνατοὶ
907 5846 985 5913 δέ,
1018 5846 1263 5913 δυνατῶς
1312 5848 1737 5919 ἐτασθήσονται.
1773 5852 1850 5904 Οὐ
1884 5856 1994 5921 γὰρ

405 5934 693 5991 ύποστελεῖ
737 5936 797 5992 τδ
854 5939 1153 6010 πρίσωπον
1197 5942 1224 5995 6
1284 5944 1500 5998 πάντων
1536 5941 1844 6015 Δεσπότης,
1875 5945 1994 6011 οῦρὲ

2073 3825 2240 3879 breve
2275 3829 2512 3889 tempus.

2154 3917 2297 3971 Idem
2341 3915 2716 3985 interrogatus
2744 3910 2831 3967 cui
2860 3908 3196 3981 relinqueret
3225 3915 3409 3958 arcem
3435 3896 3668 3970 regiam,

2078 4007 2321 4075 Potenti,
2351 4005 2550 4076 inquit.

2473 4098 2628 4171 l3],
2676 4093 2911 4152 SERMO
2945 4091 2989 4146 11
3024 4090 3123 4165 [ah
3165 4085 3326 4159 CIV].

2086 4195 2159 4250 De
2196 4209 2314 4266 rege
2345 4209 2449 4248 non
2484 4192 2708 4246 multum
2739 4188 3059 4244 admirando
3094 4183 3195 4255 (vel
3221 4182 3285 4237 de
3321 4195 3444 4252 rege
3485 4173 3676 4243 malo).

2157 4287 2317 4342 Prov.
2362 4285 2474 4341 Rex
2506 4283 2685 4339 audax
2717 4281 2923 4337 incidet
2954 4279 3011 4334 in
3039 4278 3203 4333 mala.

2157 4379 2323 4451 Regis
2382 4375 2859 4435 subauscultantis
2907 4372 3216 4429 orationem
3273 4368 3518 4440 iniquam
3572 4367 3683 4422 im-

2082 4471 2237 4542 perio
2266 4470 2357 4541 qui
2385 4475 2599 4540 parent,
2631 4481 2825 4523 omnes
2854 4470 2984 4520 sunt
3010 4462 3251 4529 exleges.

2159 4561 2338 4618 Eccle.
2364 4577 2439 4617 tv.
2478 4559 2693 4632 Pauper
2720 4558 2927 4629 probus
2953 4565 3009 4611 et
3037 4553 3262 4624 sapiens
3283 4561 3368 4610 est
3399 4567 3689 4624 supra-rem

2015 4642 2058 4700 D
2089 4673 2206 4730 gem
2232 4671 2420 4712 senem
2451 4664 2505 4710 et
2538 4654 2910 4724 insipientem.

2162 4746 2343 4803 Eccita.
2388 4763 2442 4801 κ.
2483 4744 2573 4801 Vat
2619 4745 2740 4812 tibi,
2777 4745 2988 4810 civitas,
3019 4744 3179 4816 cujus
3202 4734 3418 4811 juvenis
3447 4756 3542 4796 rex
3572 4748 3680 4796 est.

2161 4838 2277 4896 ha.
2309 4854 2390 4905 Ill,
2420 4835 2552 4906 Sap.
2575 4854 2650 4893 vn.
2675 4837 2835 4892 Actio
2858 4836 3001 4892 mala
3032 4835 3337 4907 potentium
3361 4833 3497 4888 solia
3529 4846 3684 4887 ever-

2090 4933 2177 4988 tit.
2213 4932 2414 4988 Audite
2443 4928 2632 5002 igitur,
2657 4944 2844 5003 reges,
2880 4927 3275 4999 acintelligite,
3311 4924 3545 4994 accipite
3589 4938 3687 4976 au»

2090 5026 2263 5089 ribus,
2293 5025 2387 5095 qui
2419 5023 2707 5095 imperatis
2758 5020 3129 5089 multitudini,
3168 5029 3223 5074 et
3256 5019 3311 5073 in
3344 5015 3522 5072 turbis
3554 5030 3688 5085 gen—

2094 5120 2229 5175 tium
2268 5119 2398 5175 elati
2435 5122 2613 5183 estis;
2663 5115 2828 5173 datus
2865 5123 2950 5171 est
3000 5131 3030 5170 a
3068 5112 3306 5170 Domino
3341 5109 3688 5181 principatus

2089 5218 2295 5273 vester,
2327 5218 2383 5266 et
2404 5208 2644 5282 potentia
2668 5208 2740 5264 ab
2766 5205 3179 5273 Excelsissimo,
3212 5205 3307 5274 qui
3339 5202 3481 5258 facta
3504 5210 3690 5257 vestra

2091 5303 2447 5367 examinabit,
2486 5310 2540 5357 et
2575 5301 2806 5358 consilia
2834 5309 3015 5356 vestra
3040 5296 3481 5371 perscrutabitur
3507 5312 3522 5364 ;
3553 5294 3687 5364 quia

2093 5411 2216 5452 cum
2252 5395 2406 5468 regni
2447 5394 2569 5466 ejus
2617 5393 2860 5449 ministri
2918 5392 3061 5457 sitis,
3115 5407 3225 5446 non
3269 5399 3423 5447 recte
3469 5388 3679 5461 judicia

2094 5489 2444 5554 exercuistis,
2498 5502 2600 5543 nec
2654 5486 2828 5557 legem
2885 5485 3170 5552 servastis,
3228 5498 3409 5553 neque
3473 5496 3539 5537 ex
3592 5480 3689 5535 Dei

2095 5580 2368 5638 sententia
2397 5587 2451 5636 et
2480 5580 2715 5636 consilio
2766 5593 2864 5635 vos
2894 5578 3167 5649 gessistis,
3219 5575 3487 5632 horribile
3532 5573 3691 5630 vobis

2094 5672 2326 5728 exitium
2380 5673 2623 5745 ingruet,
2658 5673 2820 5744 idque
2851 5671 2986 5741 cito;
3014 5669 3284 5741 judicium
3313 5668 3458 5724 enim
3500 5679 3692 5721 severe

2096 5761 2188 5818 ﬂet
2208 5765 2263 5819 in
2281 5779 2375 5819 eos
2400 5765 2495 5835 qui
2524 5764 2839 5835 praecellunt
2858 5763 2981 5820 aliis
3009 5781 3023 5819 :
3056 5762 3317 5817 minimus
3345 5759 3491 5814 enim
3528 5759 3689 5813 venia

2097 5860 2151 5907 et
2183 5853 2559 5908 misericordia
2608 5853 2806 5923 dignus
2857 5860 2962 5917 est,
2997 5851 3089 5905 sed
3135 5855 3384 5919 potentes
3438 5852 3688 5914 pctentor

2096 5945 2563 6004 exautinabuutur
2583 5960 2600 6014 ;
2638 5959 2749 6003 non
2772 5943 2916 6002 enim
2940 5941 3138 6000 faciem
3170 5948 3224 5997 ct
3257 5952 3320 5996 os
3354 5936 3685 6009 cujusquam
