4056 6414
460 384 597 464 1011

1675 407 2004 470 ANTONII
2043 409 2399 472 MELISS/‘E

3626 409 3790 475 10ὲὲ

456 513 741 572 verebitur
768 516 1012 572 omnium
1059 515 1346 586 Dominus,
1373 532 1552 590 neque
1603 522 2042 593 magnitudinem

2182 524 2556 596 ντραπήσεται
2591 523 2822 592 μέγεοος
2845 542 2858 556 ’
2887 526 2971 580 ὅτι
3009 524 3209 596 μικρὸν
3251 525 3346 578 καὶ
3377 522 3556 591 μέγαν
3586 522 3783 585 αὐτὸς

455 609 824 677 reverebitur,
857 610 988 684 quia
1042 626 1274 684 parvum
1316 623 1371 669 et
1423 629 1685 686 magnum
1738 616 1858 686 ipse
1893 615 2042 683 fecit,

456 704 851 776 aequaliterque
906 707 1155 764 omnium
1208 709 1517 766 commodis
1565 710 1808 766 consulit
1839 720 1893 766 et
1917 725 2044 779 pro-

456 797 641 868 spicit;
678 807 928 869 potentes
980 809 1166 858 autem
1225 801 1519 874 diligenter
1558 811 1613 858 et
1657 817 1851 859 severe
1875 818 2043 860 excu-

453 891 682 948 ticntur.

520 985 692 1045 Eccli.
715 1005 832 1046 vm.
858 987 1060 1046 Multos
1081 990 1315 1061 perdidit
1335 1005 1553 1058 aurum,
1583 999 1638 1047 et
1661 991 1828 1048 corda
1853 1004 2043 1062 regum

451 1091 483 1136 a
529 1092 682 1140 recto
709 1085 953 1144 deﬂexit.

521 1177 688 1238 Prov.
731 1199 886 1240 xxix.
919 1182 1034 1240 Rex
1070 1183 1332 1239 doctrina:
1359 1197 1555 1255 expers
1589 1184 1850 1254 populum
1880 1199 2040 1242 suum

450 1276 667 1348 perdet.

519 1369 681 1425 Prov.
711 1386 905 1428 xxvm.
947 1369 1197 1441 Regnum
1247 1387 1276 1426 a
1321 1379 1481 1443 gente
1509 1373 1576 1426 ad
1611 1382 1824 1442 gentem
1863 1380 2041 1425 trans-

454 1463 633 1519 fertur
679 1472 904 1533 propter
953 1463 1256 1534 injustitias
1301 1472 1358 1520 et
1398 1465 1668 1520 violentas
1722 1463 1956 1535 injurias
1990 1470 2045 1519 et

456 1555 722 1626 pecunias
747 1555 990 1612 dolosas.

529 1645 802 1718 Theologi.
843 1646 964 1702 Non
1015 1647 1206 1704 eadem
1257 1664 1415 1722 reges
1467 1659 1521 1704 et
1569 1651 1808 1719 privatos
1849 1649 2044 1704 decere

454 1735 860 1803 existimamus,
885 1739 1029 1807 quod
1072 1755 1179 1794 non
1227 1743 1416 1796 eadem
1445 1739 1601 1811 132
1627 1741 2040 1810 sintdignitate.

455 1818 692 1888 Privatis
727 1832 872 1887 enim
903 1833 984 1888 vel
1021 1831 1170 1889 vafre
1206 1835 1411 1905 aliquid
1444 1835 1623 1890 facere
1639 1833 2038 1898 concedemus;

457 1940 625 1996 quem
658 1926 804 1981 enim
844 1928 1196 1996 perspicuum
1247 1938 1334 1985 est
1371 1928 1422 1985 vi
1473 1929 1609 1984 nihil
1645 1943 1807 1998 agere
1849 1943 2039 1999 posse,

456 2014 624 2082 hujus
671 2013 915 2072 vafrities
948 2016 1159 2072 veniam
1226 2027 1488 2075 meretur.
1528 2019 1660 2090 Regi
1697 2029 1880 2075 autem
1914 2035 2037 2075 cum

453 2106 612 2162 valde
652 2115 811 2179 turpe
852 2110 926 2164 sit
961 2111 1010 2165 vi
1056 2119 1113 2167 et
1157 2113 1401 2182 potentia
1443 2113 1721 2183 superari,
1762 2123 1876 2168 tum
1924 2121 2043 2170 tur-

452 2197 578 2266 pius
613 2201 908 2272 minusque
956 2201 1156 2260 decere
1187 2204 1446 2270 arbitror,
1491 2215 1550 2260 ut
1597 2214 1714 2260 arte
1754 2215 1809 2260 et
1847 2205 2043 2262 callide

452 2301 650 2348 conata
687 2294 938 2362 perticiat
967 2302 1131 2366 atque
1160 2295 1435 2352 instituta.

529 2384 799 2444 Philonis.
825 2387 1100 2444 Juventus
1125 2403 1251 2443 cum
1285 2405 1498 2445 summa
1524 2399 1797 2459 potestate
1827 2392 2040 2460 appeti-

455 2479 698 2536 tionibns
726 2495 850 2551 quise
892 2479 1144 2536 cohiberi
1176 2497 1284 2537 non
1321 2491 1554 2553 possunt
1603 2492 1784 2550 utens,
1836 2484 2038 2554 malum

450 2573 875 2648 inexpugnabile
902 2589 1009 2632 est.

521 2670 771 2741 Corpore
817 2673 1041 2738 quidem
1100 2689 1193 2730 rex
1245 2672 1420 2728 cuivis
1475 2671 1630 2728 alteri
1688 2671 1898 2726 homini
1944 2686 2042 2740 par

451 2774 570 2832 est;
603 2773 877 2834 patestate
905 2780 1039 2822 vero
1068 2765 1354 2837 dignitatis
1385 2765 1584 2821 similis
1613 2773 1700 2821 est
1751 2765 1842 2835 qui
1874 2779 2039 2835 supra

451 2872 646 2914 omnes
673 2867 784 2923 est,
816 2857 962 2925 Deo;
998 2873 1103 2915 non
1133 2857 1281 2914 enim
1308 2858 1476 2914 habet
1507 2859 1561 2914 in
1597 2859 1761 2914 terris
1793 2873 1854 2913 se
1879 2858 2044 2929 quid-

452 2963 617 3017 quam
650 2949 960 3018 excelsius;
996 2951 1183 3022 itaque
1211 2949 1373 3007 debet
1408 2965 1503 3005 rex
1536 2959 1598 3006 ut
1638 2949 1888 3006 mortalis
1931 2965 2040 3005 non

451 3041 592 3106 tolli,
625 3048 680 3096 et
717 3049 777 3097 ut
828 3042 971 3099 Deus
1033 3058 1142 3099 non
1206 3041 1395 3099 irasci.
1441 3041 1554 3098 Etsi
1589 3041 1735 3096 enim
1786 3041 2042 3108 imaginis

451 3129 652 3186 divina:
701 3133 912 3188 honore
941 3140 1028 3189 est
1053 3131 1303 3197 allectus,
1327 3131 1541 3202 pulveri
1603 3141 1786 3186 tamen
1821 3139 2040 3185 terreno

451 3217 753 3290 implicitus
799 3231 906 3286 est,
935 3235 1034 3292 per
1051 3237 1215 3293 quem
1241 3222 1652 3292 cdocetur,qua
1687 3236 1814 3293 erga
1848 3234 2041 3276 omnes
2066 3241 2111 3304 ο

452 3320 700 3378 utamur,
733 3313 1166 3385 simplicitatem.

537 3403 798 3462 Maeonii.
827 3397 943 3462 Niti
978 3406 1136 3463 decet
1166 3415 1227 3463 ut
1258 3406 1520 3478 subjectis
1559 3407 1889 3464 venerabilis
1917 3421 2040 3463 ms-

453 3497 538 3565 gis
575 3513 744 3568 quam
777 3496 1038 3555 ter'ribilis
1064 3515 1186 3556 esse
1219 3499 1488 3570 videaris;
1523 3500 1657 3557 illud
1689 3501 1835 3556 enim
1863 3500 2042 3572 gravi-

457 3608 562 3662 tas,
592 3595 695 3652 hoc
731 3608 864 3650 vero
896 3593 1088 3650 feritas
1118 3593 1435 3650 comitatur.

526 3673 777 3741 Democr.
813 3684 1066 3755 lmproba
1099 3692 1317 3749 natura,
1347 3683 1391 3740 si
1425 3691 1752 3754 potestatem
1785 3691 2040 3740 assecuta

453 3779 644 3845 fuerit,
675 3778 924 3848 publicas
952 3776 1148 3833 aﬂ'erre
1178 3776 1317 3832 solet
1346 3777 1714 3832 calamitates.

529 3872 884 3928 Antisthenis.
934 3871 1074 3926 'l'um
1122 3871 1379 3928 civitates
1411 3869 1637 3924 interire
1671 3869 1878 3934 solent,
1914 3885 2039 3926 cum

451 3966 548 4036 qui
602 3965 878 4033 imperant
932 3963 1215 4033 improbos
1261 3979 1292 4018 a
1339 3963 1529 4034 probis
1561 3962 1878 4018 discernere
1932 3978 2039 4019 non

450 4068 706 4131 possunt.

527 4151 600 4208 Ut
630 4149 842 4206 furioso
863 4149 1131 4221 gladium,
1171 4149 1256 4207 sic
1287 4150 1541 4221 improbo
1562 4156 1887 4220 potestatem
1909 4147 2043 4203 dare

450 4245 832 4319 periculosum
859 4251 967 4300 est.

528 4337 832 4395 Menandri.
863 4334 1156 4407 Opulentia
1190 4335 1422 4390 rationis
1452 4349 1674 4405 expers,
1708 4341 2040 4403 potestatem

451 4441 637 4498 nacta,
665 4431 832 4485 etiam
854 4444 950 4486 eos
972 4428 1065 4499 qui
1100 4444 1293 4498 sapere
1333 4427 1592 4482 videntur
1614 4427 1814 4484 stultos
1843 4425 2040 4481 reddit.

522 4523 914 4581 Demosthenis.
948 4520 1084 4577 Nam
1117 4522 1456 4578 fortunatum
1489 4535 1611 4575 esse
1640 4528 1837 4588 praeter
1865 4517 2041 4585 digni-

452 4629 645 4686 tatem,
680 4615 990 4688 desipiendi
1023 4622 1221 4686 praeter
1247 4613 1571 4683 dignitatem
1606 4612 1828 4667 occasio
1863 4620 1967 4666 est.

808 4731 1041 4788 SERMO
1077 4730 1141 4785 ιιι
1189 4727 1287 4803 [αι.
1346 4724 1656 4797 cum].

453 4851 533 4907 De
553 4849 810 4919 epistwpt's
834 4846 1120 4921 moderatis
1145 4855 1193 4898 et
1220 4844 1314 4898 Dei
1335 4843 1591 4921 mandata
1615 4838 2047 4921 observantibus;

526 4915 739 4993 gravent
762 4930 818 4993 et
851 4919 1010 4972 tatem
1039 4931 1156 4986 qua:
1185 4915 1492 4993 reprehendi
1548 4930 1651 4966 non
1681 4915 1848 4993 possit
1887 4915 2047 4964 vitam

526 4987 712 5048 Eorum
735 4991 1112 5046 documentum
1141 5001 1254 5042 esse
1288 4987 1352 5040 iis
1379 4987 1566 5055 quibus
1607 4987 1849 5054 pra'sint.

529 5175 662 5231 Gen.
691 5187 808 5226 xiv.
835 5166 1196 5224 Melchisedec
1252 5179 1347 5220 rex
1405 5162 1587 5216 Salcm
1618 5159 1843 5230 protuli
1878 5171 2046 5227 panes

455 5278 512 5328 et
539 5267 728 5322 vinum
759 5263 1094 5336 Abrahamo,
1118 5273 1242 5313 cum
1279 5265 1646 5312 reverteretur
1673 5268 1737 5306 ex
1763 5250 2042 5307 occisione

455 5374 673 5432 regum;
700 5366 821 5413 erat
851 5364 1032 5409 autem
1065 5350 1157 5406 Dei
1189 5349 1388 5404 summi
1413 5347 1693 5406 sacerdos,

524 5535 700 5592 Leuit.
733 5533 994 5603 Quisquis
1029 5531 1193 5586 fuerit
1227 5530 1422 5586 vitioso
1453 5541 1707 5597 corpore,
1734 5541 1840 5580 non
1864 5528 2048 5596 ingre-

455 5631 636 5689 llietur
655 5631 771 5703 (aut
803 5627 1025 5683 accedet
1046 5627 1110 5680 ad
1140 5623 1550 5688 ministerium),
1580 5637 1685 5677 non
1713 5636 1910 5682 caecus,
1938 5635 2045 5674 non

437 5725 712 5789 claudus,
770 5737 880 5777 non
941 5719 1141 5775 mutilo
1193 5733 1326 5773 naso
1355 5717 1640 5788 praeditus,
1692 5724 1788 5769 aut
1816 5713 2045 5770 auribus

457 5820 749 5883 truncatis,
797 5831 899 5871 nec
953 5813 1046 5886 qui
1091 5812 1261 5867 fracta
1291 5825 1457 5865 manu
1508 5818 1600 5863 aut
1637 5809 1771 5879 pede
1813 5819 1916 5866 est,
1947 5820 2046 5861 nec

461 5913 680 5982 gibbus,
705 5925 806 5968 nec
841 5904 1353 5977 laciclcntiginosa,
1391 5909 1484 5958 aut
1523 5900 1711 5972 glaber
1738 5899 2044 5968 ciliis,itcm

2151 616 2432 688 ἐποίησεν,
2466 618 2672 688 ὁμοίως
2700 618 2758 672 δὲ
2789 620 3102 688 προνοεῖται
3137 616 3249 672 τῶν
3271 616 3513 684 πάντων,
3546 614 3669 678 τοῖς
3703 613 3779 667 δὲ

2154 713 2440 783 κραταιοῖς
2473 712 2673 784 ἰσχυρὰ
2704 711 2996 782 ἐφίσταται
3021 711 3241 781 ἔρευνα.

2229 977 2471 1044 Πολλοὺς
2513 980 2772 1036 ἀπώλεσε
2801 982 2863 1036 τὺ
2895 982 3144 1055 χρυσίον,
3187 980 3283 1036 καὶ
3327 981 3562 1052 καρδίας
3597 978 3780 1052 βασι-

2145 1071 2284 1126 λέοιν
2319 1072 2618 1140 ἐξέκλινεν.

2223 1164 2492 1233 Βασιλεὺς
2522 1169 2852 1233 ἀπαίδευτος
2887 1170 3084 1225 ἀπολεῖ
3109 1169 3202 1223 τδν
3231 1168 3362 1223 λαὸν
3390 1169 3582 1224 αυτοῦ.

2219 1350 2480 1405 Βασιλεία
2539 1350 2646 1405 ἀπὸ
2701 1351 2890 1416 ἔθνους
2951 1353 3034 1415 εἰς
3090 1349 3246 1413 ἔθνος
3304 1349 3607 1418 μετάγεται
3662 1349 3768 1405 διὰ

2144 1443 2362 1498 ἀδικίαν
2388 1445 2483 1498 καὶ
2510 1443 2669 1515 ὓϐριν
2698 1445 2792 1498 καὶ
2824 1443 3089 1515 χρήματα
3119 1443 3293 1498 δόλια.

2217 1623 2290 1676 Οὑ
2319 1622 2388 1676 τὰ
2437 1621 2578 1676 αὑτὰ
2644 1621 2929 1694 βασιλεῦσί
2974 1641 3034 1676 τε
3066 1623 3164 1679 καὶ⁵
3209 1623 3452 1686 ἰδιώταις
3503 1624 3764 1692 πρέπειν

2145 1715 2630 1784 ὑπολαμϐάνομεν,
2665 1716 2748 1768 ὅτι
2779 1714 2920 1786 μηδέ
2961 1716 3061 1784 τῆς
3100 1715 3276 1786 αὑτῆς
3305 1715 3467 1780 ἀξίας
3500 1717 3764 1784 ἀμφότε-

2149 1825 2253 1877 ροι.
2308 1806 2575 1870 ’ἰδιώταις
2637 1807 2738 1875 μὲν
2781 1807 2892 1879 γὰρ
2947 1809 3042 1862 καὶ
3093 1809 3363 1878 τεχνικῶς
3418 1809 3633 1878 πρᾶξαί
3695 1827 3758 1864 τι

2075 1888 2115 1943 Β
2145 1890 2695 1970 συγχωρήσομενσῷ
2746 1900 2857 1969 γὰρ
2907 1900 2970 1953 τὸ
3008 1902 3262 1971 φανερῶς
3323 1901 3614 1971 βιάζεσοαι
3672 1902 3759 1974 μὴ

2143 1992 2386 2057 δυνατὸν,
2419 1994 2596 2064 τούτῳ
2629 1996 2983 2063 συγγνωστδν
3031 1997 3092 2050 τὸ
3144 1998 3245 2060 τῆς
3294 1997 3604 2066 περινοίας.
3639 1997 3757 2050 Βα-

2145 2082 2284 2137 σιλεῖ
2305 2083 2363 2138 δὲ
2394 2084 2486 2138 τοῦ
2519 2085 2749 2155 δυνάμει
2772 2088 3098 2156 κρατεῖσθαι
3122 2088 3247 2143 λίαν
3271 2088 3502 2158 αἰσχροῦ
3534 2095 3759 2158 τυγχα-

2143 2193 2348 2242 νοντος,
2380 2177 2460 2232 ἐτι
2510 2179 2725 2248 αἴσχιον
2768 2174 2923 2250 οἶμαι
2967 2181 3062 2234 καὶ
3108 2182 3525 2251 ἀπρεπέστερον
3575 2183 3759 2254 τέχνῃ

2143 2269 2401 2324 κλέπτειν
2439 2271 2538 2334 τὰς
2570 2273 2921 2342 ἐγχειρήσεις
2953 2273 3048 2326 καὶ
3081 2273 3151 2327 τὰ
3179 2275 3554 2344 προκείμενα.

2211 2362 2426 2435 Νεότης
2461 2367 2579 2434 μετ’
2626 2367 2882 2432 ἐξουσίας
2933 2363 3312 2438 αὑτοκρατοῦς
3372 2369 3574 2439 ὁρμαῖς
3605 2369 3758 2422 ἀκα-

2145 2456 2358 2521 θέκτοις
2386 2459 2670 2530 χρωμένη,
2703 2461 2874 2514 κακον
2907 2457 3190 2532 δύσμαχον
3217 2459 3455 2529 γίνεται.

2215 2639 2294 2712 Τῇ
2339 2642 2440 2710 μὲν
2469 2641 2630 2716 ούσίᾳ
2655 2643 2751 2698 τοῦ
2779 2643 3034 2716 σώματος
3061 2643 3178 2707 ῖσος
3203 2641 3410 2708 παντὸς
3441 2643 3542 2697 ἀνθ
3554 2645 3760 2713 ρώποο

2143 2731 2172 2785 ὁ
2205 2731 2485 2801 βασιλεὺς,
2526 2735 2595 2803 τῇ
2649 2733 2870 2803 ἐξουσίᾳ
2915 2732 2975 2786 δὲ
3009 2721 3126 2786 ¹τοῦ
3185 2731 3503 2802 ἀξιώματος
3552 2733 3764 2802 ὅμοιός

2145 2829 2263 2881 ἐστι
2295 2827 2375 2896 τῷ
2435 2827 2529 2881 ἐπὶ
2565 2828 2788 2882 πάντων
2833 2827 2973 2898 Θεῷ,
3015 2827 3131 2881 Οὑκ
3179 2827 3293 2896 ἔχει
3341 2826 3451 2896 γὰρ
3501 2827 3598 2881 ἐπὶ
3639 2828 3760 2896 γῆς

2144 2919 2312 2972 αὑτοῦ
2360 2919 2721 2990 ὑψηλότερον.
2762 2921 2884 2992 Χρὴ
2942 2920 3126 2976 τοίνυν
3179 2921 3274 2973 καὶ
3313 2921 3391 2984 ὡς
3426 2919 3628 2990 θνητὸν
3665 2921 3757 2992 μὴ

2143 3013 2498 3084 ἐπαίρεσθαι,
2534 3015 2640 3071 καὶ
2663 3014 2738 3077 ὡς
2756 3015 2892 3069 Θεὸν
2929 3015 3004 3085 μὴ
3035 3013 3376 3085 ὀργίζεσθαι.
3414 3015 3476 3067 Ei
3513 3013 3624 3082 γὰρ
3647 3016 3758 3069 καὶ

2145 3106 2318 3160 εἰκόνι
2346 3106 2504 3177 θεῖκῇ
2544 3110 2865 3181 τετίμηται,
2903 3109 3042 3164 ἀλλὰ
3077 3110 3173 3166 καὶ
3218 3109 3370 3162 κόνει
3406 3109 3565 3178 χοῖκῇ
3604 3123 3759 3175 συμ-

2147 3201 2473 3267 πέπλεκται,
2508 3203 2578 3258 δι’
2631 3197 2700 3276 ἧς
2757 3203 3138 3260 ἐκδιδάσκεται
3189 3203 3290 3274 τὴν
3337 3203 3477 3274 πρὸς
3527 3201 3758 3265 πάντας

2145 3295 2450 3364 ἁπλότητα.

2220 3386 2521 3458 Πειρατέον
2549 3385 2999 3455 καταπληκτικὸν
3028 3387 3232 3456 μᾶλλον
3257 3389 3371 3452 τοῖς
3405 3389 3672 3460 ὑπηκόοις
3707 3389 3747 3462 ἢ

2144 3475 2379 3548 φοϐερὸν
2420 3476 2770 3548 Θεωρεῖσθαι.
2807 3470 2900 3548 Τῷ
2947 3480 3048 3549 μὲν
3081 3479 3193 3550 γὰρ
3244 3481 3538 3551 σεμνότης,
3571 3480 3652 3551 τῷ
3683 3481 3751 3536 δὲ

2145 3572 2388 3640 ἀπήνεια
2429 3573 2853 3642 παρακολουθεῖ.

2217 3662 2438 3732 Πονηρᾶ
2495 3662 2676 3730 φύσις,
2710 3661 2960 3728 ἐξουσίας
3017 3663 3419 3736 ἐπιλαϐομένη,
3468 3666 3750 3738 δημοσῖας

2143 3751 2518 3822 ἀπεργάζεται
2544 3756 2853 3826 συμφοράς.

2216 3843 2354 3898 Τότε
2391 3844 2491 3910 τὰς
2523 3847 2710 3912 πόλεις
2758 3848 3100 3903 ἀπόλλυσθαι
3151 3850 3469 3918 συμὸαίνει,
3500 3851 3633 3905 ὅταν
3667 3852 3750 3924 μὴ

2143 3935 2406 3990 δύνωνται
2438 3937 2490 3990 οἱ
2541 3936 2874 4009 κρατοῦντες
2901 3940 3027 4004 τοὺς
3065 3939 3306 4008 φαύλους
3336 3943 3400 3994 ἐκ
3429 3943 3537 3995 τῶν
3567 3959 3749 3996 σπου-

2145 4030 2310 4085 δαίων
2344 4031 2666 4102 διακρίνειν.

2227 4122 2561 4192 Ἐπισφαλὲς
2608 4125 2924 4198 μαινομένῳ
2968 4125 3154 4182 δοῦναι
3204 4129 3482 4201 μάχαιραν
3515 4130 3610 4182 καὶ
3647 4145 3754 4200 μο-

2145 4215 2336 4287 χθηρῷ
2363 4216 2622 4282 δύναμιν.

2216 4309 2452 4371 Πλοῦτος
2486 4308 2774 4378 ἀλόγιστος
2824 4314 3152 4384 προσλαὸὼν
3201 4313 3457 4382 ἐξουσίαν
3489 4321 3586 4371 καὶ
3613 4319 3748 4382 τοὺς

2147 4403 2368 4473 φρονεῖν
2393 4401 2687 4468 δοκοῦντας
2718 4404 2980 4476 ἀνοήτους
3008 4409 3177 4462 ποιεῖ.

2217 4495 2292 4550 Τὸ
2338 4494 2447 4565 γὰρ
2489 4493 2549 4549 εὑ
2582 4498 2846 4567 πράττειν
2885 4501 3036 4569 παρά
3071 4500 3172 4572 τὴν
3207 4501 3366 4566 ἀξίαν
3393 4502 3620 4574 ἀφορμὴ
3645 4499 3743 4558 τοῦ

2077 4595 2118 4647 D
2150 4587 2334 4651 κακῶς
2368 4591 2586 4658 φρονεῖν
2611 4590 2762 4661 παρὰ
2787 4590 2887 4662 τὴν
2913 4592 3072 4659 ἀξίαν
3100 4595 3337 4663 γίνεται.

2786 4709 3008 4763 ΛΟΓΟΣ
3038 4711 3112 4764 Γ⁹.

2152 4825 2296 4892 Περὶ
2328 4818 2680 4879 ἐπισκόπων
2714 4823 3015 4893 χρηστῶν,
3051 4824 3148 4878 καί
3179 4827 3615 4895 φυλαττόντων
3636 4828 3748 4895 τὰς

2227 4896 2481 4962 ἐντολὰς
2511 4895 2620 4949 τοῦ
2667 4896 2845 4950 Θεοῦ·
2881 4898 2977 4948 καὶ
3006 4895 3096 4948 ὅτι
3125 4898 3158 4949 ὀ
3209 4897 3438 4963 σεμνὸς
3467 4897 3567 4951 καί
3609 4899 3748 4952 ἄνει

2228 4969 2532 5033 πίληπτος
2557 4967 2786 5020 τούτων
2810 4967 2954 5032 βίος
2994 4966 3302 5035 παίδευμα
3349 4971 3582 5036 γίνεται
3614 4969 3748 5037 τοῖς

2229 5037 2762 5107 ὑποτεταγμένοις.

2223 5146 2560 5219 Μελχισεδὲκ
2621 5150 2881 5222 βασιλεὺς
2935 5150 3128 5221 Σαλήμ
3179 5149 3486 5221 ἐξήνεγκεν
3543 5155 3746 5226 ἄρτους

2150 5243 2245 5296 καὶ
2299 5239 2444 5298 οἶνον
2491 5245 2570 5315 τῷ
2614 5243 2868 5314 Ἀϐραὰμ
2908 5245 2966 5296 ἐν
3018 5245 3096 5312 τῷ
3152 5243 3523 5314 ὑποστρέφειν
3579 5247 3749 5300 αὑτδν

2150 5338 2258 5391 ἀπὺ
2282 5341 2381 5406 τῆς
2405 5339 2580 5409 κοπῆς
2603 5339 2712 5393 τῶν
2739 5338 3027 5408 βασιλέων.
3060 5334 3170 5392 Ἦν
3195 5338 3253 5390 δέ
3279 5339 3464 5408 ἱερεὺς
3485 5340 3577 5394 τοῦ
3604 5342 3746 5398 Θεοῦ

2148 5426 2244 5482 τοῦ
2277 5429 2530 5496 ὑψίστου.

2222 5523 2337 5584 Πᾶς
2370 5521 2658 5596 ἄνθρωπος
2766 5523 2832 5576 ἂν
2935 5523 3131 5592 μῶμος
3155 5526 3213 5578 ὲν
3246 5527 3419 5598 αὐτῷ,
3455 5527 3517 5580 οὑ
3548 5543 3751 5595 προσει

2150 5613 2408 5668 λεύσεται
2431 5630 2445 5646 ·
2479 5615 2768 5683 ἄνθρωπος
2799 5617 3018 5685 τυφλὸς,
3045 5619 3077 5689 ἢ
3109 5618 3302 5688 χωλὸς,
3333 5619 3364 5690 ἢ
3395 5619 3750 5693 κολοϐὁρῤιν,

2150 5707 2184 5778 ἢ
2219 5705 2534 5780 ὼτότμητος
2556 5709 2622 5780 ’ἢ
2654 5709 2940 5780 ἄνθρωπος
3027 5713 3090 5765 ἂν
3183 5713 3506 5784 σύντριμμα
3535 5714 3748 5785 χειρὸς,

2151 5800 2184 5870 ἢ
2225 5800 2550 5872 σύντριμμα
2581 5802 2766 5870 ποδὸς,
2803 5804 2834 5874 ἢ
2874 5807 3095 5876 κυρτὸς,
3129 5808 3161 5880 ἢ
3210 5807 3438 5879 ἐφηλος,
3475 5810 3511 5879 ἢ
3555 5808 3753 5874 πτιλδς

2152 5895 2279 5960 τοὺς
2303 5894 2617 5965 ὀφθαλμούς
2641 5912 2655 5927 ⁸
2683 5895 2716 5968 ἢ
2749 5898 3038 5971 ἄνθρωπος
3063 5893 3108 5970 ᾧ
3152 5901 3220 5957 ἂν
3312 5903 3370 5957 ἐν
3391 5901 3544 5974 αὑτῷ
3583 5901 3754 5974 ψὼρα
