4056 6452
428 411 565 476 1013

1232 415 1399 474 LOCl
1446 412 1887 475 COMMUNES.
1933 437 2005 449 —
2034 413 2230 475 PARS
2261 416 2336 474 l-l.
2375 417 2635 479 SERMO
2676 419 2790 479 III.

3541 426 3678 492 10M

422 532 612 601 ἀγρία,
638 529 671 600 ἢ
702 528 908 598 λειχὴν,
939 529 972 598 ἢ
1006 528 1297 599 μονόρχης.
1324 527 1404 581 Τά
1434 528 1544 597 γὰρ
1564 528 1713 600 δῶρα
1733 527 1829 582 τοῦ
1862 528 1999 581 Θεοῦ

2074 579 2077 587 .
2104 544 2204 585 nec
2235 531 2327 600 qui
2360 531 2475 586 fera
2506 534 2702 599 scabit,
2731 544 2825 590 aut
2846 540 3127 606 mentagra
3165 536 3397 601 laborat.
3433 548 3527 594 aut
3556 544 3674 596 ιιιιίε

421 623 553 690 ἅγια
579 622 685 675 τῶν
714 620 779 690 ἀγ
791 623 905 675 ίων.

494 714 666 776 Genio;
696 714 754 766 ού
786 712 1203 784 κακολογήσεις,
1235 710 1331 764 καὶ
1358 709 1600 782 ἄρχοντα
1623 711 1718 765 τοῦ
1744 710 1877 767 λαοῦ
1903 729 1997 766 σου

419 806 522 861 οὐκ
553 807 699 875 ἐρεῖς
731 804 939 867 κακῶς.

496 895 820 966 ’Ἄνθρωπος
874 898 968 950 ὲάν
1010 898 1213 971 ποιήσῃ
1267 900 1327 953 ὲν
1355 895 1707 968 ὑπερηφανίᾳ
1764 893 1861 947 τοῦ
1921 892 1998 964 μὴ

418 988 744 1043 εἰσακοῦσαι
763 990 856 1042 τοῦ
883 990 1075 1060 ἱερέως
1102 990 1195 1045 τοῦ
1225 990 1635 1061 παρεστηκότος
1659 988 1999 1057 λειτουργεῖν

419 1081 514 1134 ἔπι
536 1080 612 1150 τῷ
638 1080 863 1151 ὀνόματι
899 1082 1106 1152 Κυρίου
1147 1082 1244 1137 τοῦ
1290 1082 1425 1137 Θεοῦ
1458 1099 1575 1148 σου,
1602 1081 1637 1151 ἢ
1668 1079 1763 1134 τοῦ
1802 1080 1994 1149 κριτοῦ

420 1170 479 1236 ὃς
507 1171 575 1227 ἂν
596 1172 820 1242 γένηται
854 1175 912 1226 ὲν
934 1177 1054 1238 ταῖς
1078 1175 1316 1247 ἡμέραις
1343 1174 1605 1236 ἐκείναις.
1632 1171 1993 1228 ἀποθανεῖται

417 1266 445 1317 6
497 1262 785 1335 ἄνθρωπος
817 1265 1046 1332 ἐκεῖνος,
1108 1266 1203 1321 καὶ
1249 1266 1467 1337 ὲξαρεὶς
1512 1265 1607 1319 τὸν
1665 1262 1905 1335 πονηρὸν
1935 1262 1996 1328 ἐξ

427 1354 662 1428 Ἰσραήλ.

487 1450 552 1503 Οἱ
580 1452 743 1521 ἱερεῖς
771 1469 866 1506 σου
890 1451 1202 1507 ὲνδύσονται
1236 1449 1614 1522 δικαιοσύνην,
1643 1452 1744 1507 καὶ
1778 1452 1828 1506 οἱ
1850 1449 1993 1505 ὅσιοί

415 1559 509 1596 σου
543 1543 995 1611 άγαλλιάσονται.

496 1636 690 1706 Ἡμεῖς
717 1637 1099 1708 ἐγνωρίσαμεν
1133 1638 1261 1709 ὑμῖν
1292 1638 1420 1704 τοὺς
1444 1636 1656 1701 πάντας
1680 1637 1867 1708 ἱερεῖς,
1895 1635 1990 1690 καὶ

408 1727 645 1792 Λευῖτας
673 1728 771 1781 καὶ
807 1728 981 1801 ᾠδοὺς
1009 1732 1104 1786 καὶ
1128 1730 1434 1802 πυλωροὺς,
1468 1731 1565 1785 καὶ
1587 1728 1716 1791 τοὺς
1748 1728 1992 1799 λειτουρ-
2020 1762 2063 1818 Β

405 1823 541 1889 γοὺς
590 1818 686 1874 τοῦ
716 1819 874 1885 Θεοῦ,
906 1820 1073 1892 φόρον
1126 1822 1222 1876 καὶ
1277 1822 1481 1892 πρᾶξιν
1549 1821 1645 1875 καὶ
1705 1819 1991 1893 ἀποφορὰν

405 1912 507 1966 ούκ
542 1913 687 1984 ἔχειν
722 1913 867 1985 ὑμᾶς
908 1911 1158 1979 ἐξουσίαν
1191 1914 1471 1969 ἐπιϐαλεῖν
1506 1913 1595 1969 ἐπ’
1632 1914 1841 1976 αὐτοῖς.

476 2004 721 2068 Γνωστὸς
768 2008 1049 2081 ἐπιγνώσει
1082 2007 1260 2078 ψυχὰς
1292 2007 1548 2077 ποιμνίου
1585 2022 1703 2073 σου,
1744 2007 1839 2060 καὶ
1868 2005 1987 2058 ἐπι-

407 2101 630 2171 στήσεις
660 2102 889 2170 καρδίαν
926 2119 1021 2156 σου
1054 2105 1173 2168 σαῖς
1203 2102 1454 2172 ἀγέλαις.

474 2191 641 2262 Χείλη
678 2193 869 2260 ἱερέως
903 2192 1200 2264 φυλάξεται
1229 2194 1438 2262 κρίσιν,
1475 2193 1574 2248 καὶ⁹
1625 2192 1791 2266 νόμον
1819 2193 1983 2265 ἐκζη-

404 2284 663 2354 τήσουσιν
700 2287 765 2341 ὲκ
826 2288 1097 2357 στόματος
1132 2285 1325 2354 αὐτοῦ,
1377 2288 1461 2342 ὅτι
1496 2286 1733 2358 ἄγγελος
1768 2285 1982 2358 Κυρίου

404 2379 847 2450 παντοκράτορός
878 2381 1053 2436 ἔστιν.

475 2469 850 2542 Παρακαλεῖτε
878 2474 971 2527 τὸν
1017 2471 1148 2527 λαόν
1182 2490 1308 2543 μου,
1357 2470 1511 2544 λέγει
1539 2473 1567 2528 6
1596 2473 1754 2539 Θεὸς,
1783 2475 1978 2546 ἱερεῖς.

472 2653 641 2708 Δώσω
665 2653 791 2717 τοὺς
823 2652 1093 2725 ἄρχοντάς
1118 2670 1213 2707 σου
1249 2655 1308 2707 ὲν
1331 2653 1548 2727 εἰρήνῃ,
1579 2653 1673 2706 καὶ
1703 2652 1828 2715 τοὺς
1860 2653 1980 2705 ἐπι-

400 2744 634 2808 σκόπους
665 2760 759 2797 σου
790 2743 849 2796 ἐν
874 2741 1213 2815 δικαιοσύνῃ.

477 2837 606 2891 Ἐἀν
633 2836 752 2909 ἴδῃς
779 2836 878 2906 τὴν
909 2836 1188 2907 ῥομφαίαν
1234 2834 1565 2907 ἐρχομένην,
1606 2836 1703 2889 καὶ
1756 2833 1832 2905 μὴ
1884 2849 1979 2904 ση-

403 2927 580 3001 μάνης
611 2931 678 2999 τῇ
718 2927 1002 2998 σάλπιγγι,
1038 2929 1135 2982 καὶ
1166 2928 1195 2981 6
1226 2927 1358 2992 λαὸς
1384 2927 1459 2998 μὴ
1506 2926 1833 2997 φυλάξηται,
1876 2925 1972 2980 καὶ

395 3018 627 3074 ἐλθοῦσα
653 3020 686 3086 ἠ
716 3017 962 3089 ῥομφαία
988 3017 1131 3090 λάϐῃ
1163 3016 1222 3082 ἐξ
1247 3017 1427 3073 αὐτῶν
1460 3018 1641 3088 ψυχήν
1664 3035 1677 3048 ·
1706 3015 1843 3088 αὑτὴ
1870 3017 1973 3087 μὲν

2102 622 2256 675 testis
2295 632 2397 679 est.
2434 624 2583 680 Dona
2605 626 2750 681 enim
2772 626 2863 681 Dei
2893 637 3022 681 sunt
3056 636 3243 682 sancta
3263 638 3601 686 sanctorum.

2175 713 2351 770 Exod.
2400 733 2539 773 χχιι.
2583 719 2697 775 Diis
2725 727 2781 775 et
2802 720 3033 791 principi
3059 722 3246 793 populi
3280 724 3357 777 tui
3408 739 3480 780 ne
3510 724 3678 781 male-

2098 805 2303 873 dicito.

2171 896 2330 952 Dent.
2388 916 2522 958 xm.
2581 902 2684 970 Qui
2739 919 2835 973 per
2884 907 3196 974 superbiam
3257 924 3364 964 non
3439 910 3673 966 audierit

2098 990 2437 1047 sacerdotem
2459 995 2768 1050 adstantem
2796 998 2863 1051 ad
2915 998 3335 1056 ministrantium
3362 1002 3415 1057 in
3450 1000 3673 1058 noinine

2100 1080 2314 1135 Domini
2341 1080 2434 1137 Dei
2465 1085 2567 1150 tui,
2606 1094 2702 1141 aut
2731 1085 2970 1154 indicem
3005 1091 3099 1160 qui
3127 1091 3224 1148 illo
3274 1101 3518 1165 tempore
3548 1095 3670 1152 fue-

2099 1172 2192 1235 rit,
2232 1173 2278 1228 is
2322 1182 2497 1231 morte
2532 1176 2809 1245 multetur,
2838 1187 2895 1235 et
2944 1196 3013 1238 ex
3039 1181 3242 1241 israele
3277 1184 3436 1243 tolles
3464 1185 3670 1257 impro-

2098 1263 2253 1320 bum.

2166 1442 2314 1498 Paul.
2357 1458 2543 1502 cxxxr.
2566 1446 2891 1506 Sacerdotes
2919 1450 2999 1507 tui
3049 1450 3346 1510 inducatur
3377 1454 3666 1527 justitiam,

2092 1546 2145 1590 et
2179 1537 2353 1591 sancti
2388 1537 2466 1593 tui
2486 1539 2861 1597 exsultabunt.

2166 1624 2375 1681 Esdrw.
2404 1625 2514 1685 Nos
2546 1628 2960 1700 designavimus
2999 1634 3154 1691 vobis
3184 1649 3377 1693 omnes
3405 1637 3665 1693 sacerdo-

2095 1723 2175 1771 tes
2205 1727 2258 1771 et
2281 1717 2519 1785 Levitas,
2546 1728 2603 1775 et
2626 1729 2880 1780 cantores
2909 1732 2965 1780 et
2989 1726 3263 1795 janitores
3301 1735 3355 1782 et
3386 1728 3668 1785 ministros

2094 1805 2213 1872 Dei,
2247 1823 2315 1862 ne
2341 1808 2592 1865 habeatis
2642 1821 2965 1881 potestatem
2999 1814 3311 1885 imponendi
3338 1816 3448 1872 illis
3498 1819 3671 1873 tribu-

2092 1907 2205 1954 tum
2237 1908 2291 1955 et
2313 1902 2653 1956 exactionem
2684 1911 2739 1958 et
2759 1906 3105 1972 pensionem.

2155 1988 2321 2046 Prov.
2353 2007 2523 2048 xxvn.
2562 1993 2832 2051 Accurate
2857 2009 3121 2069 agnosces
3151 2000 3362 2058 animas
3384 2002 3543 2059 ovilis
3562 2005 3662 2071 tui,

2085 2089 2141 2137 et
2164 2095 2260 2135 cor
2293 2088 2448 2137 tuum
2483 2084 2746 2155 gregibus
2772 2085 2882 2141 tuis
2911 2087 3201 2158 praeﬁcies.

2155 2173 2397 2231 Maiach.
2443 2192 2503 2231 ιι.
2534 2176 2703 2233 Labia
2734 2181 3034 2238 sacerdotis
3073 2183 3447 2241 observabant
3489 2186 3657 2257 justi-

2084 2264 2245 2328 tiam,
2272 2275 2326 2321 et
2353 2266 2526 2336 legem
2556 2268 2846 2340 requirent
2866 2271 2935 2327 de
2956 2287 3052 2331 ore
3071 2273 3215 2343 ejus,
3248 2277 3379 2349 quia
3426 2281 3654 2338 nuntius

2082 2367 2164 2413 est
2188 2356 2401 2414 Domini
2433 2363 2851 2431 omnipotentis.

2155 2446 2289 2506 an.
2340 2451 2691 2520 Sacerdotes.
2741 2456 2921 2530 inquit
2975 2459 3143 2527 Deus,
3189 2462 3558 2523 exhortamini
3606 2477 3663 2524 et

2080 2543 2441 2600 consolamini
2473 2548 2728 2617 populum
2753 2566 2956 2608 meum.

2153 2637 2303 2692 Dabo
2339 2637 2614 2709 principes
2647 2649 2767 2699 tuos
2797 2658 2923 2700 cum
2946 2660 3104 2717 pace,
3134 2657 3192 2704 et
3217 2647 3507 2721 episc0pos
3536 2658 3658 2709 tuos

2080 2743 2203 2784 cum
2230 2730 2468 2798 justitia.
3404 2754 3409 2757 '

2147 2821 2337 2881 Ezech.
2371 2842 2431 2882 ιιι
2463 2837 2516 2884 et
2551 2845 2700 2885 mn.
2737 2827 2795 2885 Si
2845 2832 3106 2890 frameam
3139 2834 3369 2904 videris,
3420 2853 3522 2894 nec
3578 2840 3657 2894 si-

2080 2915 2420 2986 gniﬁcaveris
2487 2921 2636 2988 tuba,
2693 2923 3035 2995 populusque
3105 2941 3214 2982 non
3278 2928 3382 2984 sibi
3429 2930 3667 2994 caverit,

2078 3008 2174 3062 sed
2197 3008 2407 3079 gladius
2461 3012 2577 3083 ipse
2624 3030 2793 3070 unum
2830 3017 3069 3088 aliquem
3097 3034 3163 3074 ex
3213 3020 3318 3075 illis
3349 3025 3577 3092 ceperit,
3609 3025 3655 3080 is

393 3113 484 3167 διὰ
513 3111 612 3183 τὴν
645 3110 877 3181 ἀνομίαν
924 3110 1095 3181 αὐτῆς
1143 3110 1375 3181 ἐλήφθη,
1413 3110 1474 3164 τὺ
1515 3110 1575 3164 δὲ
1613 3104 1753 3180 αἷμα
1800 3107 1973 3180 αὐτῆς
2004 3121 2012 3162 ι

2080 3099 2300 3169 quidem
2330 3112 2551 3174 propter
2581 3105 2922 3177 iniquitatem
2963 3124 3117 3164 suam
3149 3112 3389 3181 capitur:
3444 3123 3498 3168 at
3529 3131 3654 3171 san-

394 3207 460 3259 lx
483 3207 580 3276 τῆς
615 3205 798 3276 χειρός
820 3220 915 3257 σου
945 3202 1253 3275 ἑκζητήσω.
1291 3202 1421 3257 Ἐὰν
1449 3202 1506 3256 δὲ
1552 3201 1864 3276 διαστείλῃς
1891 3201 1972 3271 τῷ

390 3298 601 3367 ἀνόμῳ,
643 3297 736 3350 καὶ
769 3296 845 3367 μὴ
877 3296 1200 3368 ἀποστρέψῃ
1227 3294 1336 3350 ἀπὸ
1378 3295 1482 3365 τῆς
1520 3293 1755 3364 ἀνομίας
1796 3292 1968 3348 αὐτοῦ

394 3390 487 3444 καὶ
519 3389 630 3444 ἀπὸ
678 3390 778 3460 τῆς
823 3388 946 3442 ὁδοῦ
994 3388 1184 3457 αὐτοῦ,
1224 3388 1253 3441 6
1300 3388 1502 3458 ἄνομος
1550 3387 1758 3451 ἐκεῖνος
1801 3389 1858 3441 ὲν
1901 3389 1970 3458 τῇ

387 3481 590 3553 ἀνομία
628 3479 794 3535 αὑτοῦ
844 3478 1227 3545 ἀποθανεῖται,
1259 3478 1354 3532 καὶ
1400 3478 1465 3532 σὺ
1512 3475 1612 3548 τὴν
1665 3477 1844 3548 ψυχήν
1876 3492 1969 3529 σου

388 3574 547 3647 ῥύσῃ.

457 3663 617 3722 Οἶνον
645 3666 706 3721 ού
745 3666 820 3739 μὴ
850 3666 1017 3721 πίωσι
1047 3668 1155 3730 πᾶς
1191 3667 1392 3736 ἱερεὺς,
1423 3665 1481 3719 ἐν
1528 3662 1609 3734 τῷ
1644 3658 1968 3734 εἰσπορεύε-

387 3761 513 3815 σθαι
541 3760 740 3823 αὐτοὺς
779 3753 861 3822 εἱς
888 3758 990 3830 τὴν
1019 3759 1195 3827 αὐλὴν
1227 3759 1326 3831 τὴν
1352 3757 1650 3828 ἐσωτέραν.

453 3852 595 3906 Τάδε
624 3852 771 3921 λέγει
801 3848 1005 3922 Κύριος
1055 3856 1083 3904 6
1121 3850 1252 3914 8:6;
1298 3849 1517 3921 Ἰσραήλ
1539 3863 1554 3879 ⁸
1587 3845 1832 3901 Ἀδικίαν
1871 3843 1968 3897 καὶ

378 3943 757 4014 ταλαιπωρίαν
803 3941 1092 4022 ἀφέλεσθε,
1144 3944 1237 3996 καὶ
1289 3944 1466 4011 κρῖμα
1529 3939 1625 3994 καὶ
1692 3935 1966 3991 δικαιοσύ-

385 4052 483 4109 νην
530 4037 823 4107 ποιήσατε.
862 4034 1124 4107 Ἐξάρατε
1181 4032 1648 4088 καταδυναστείαν
1705 4030 1816 4085 ἀπὸ
1867 4028 1963 4083 τοῦ

384 4129 516 4184 λαοῦ
550 4146 675 4199 μου,
702 4129 852 4196 λέγει
873 4128 1073 4199 Κύριος
1102 4129 1129 4180 6
1151 4126 1301 4190 Θεός.

454 4224 516 4275 Οἱ
548 4221 880 4289 φυλάξαντες
916 4220 1079 4283 ὁσίως
1109 4222 1178 4273 τὰ
1231 4219 1355 4273 ὅσια
1416 4215 1835 4286 δσιωθήσονται,
1867 4209 1964 4289 καὶ

380 4315 429 4366 οἱ
454 4314 792 4384 διδαχθέντες
821 4312 962 4366 αὐτὰ
993 4311 1324 4382 εὑρήσουσιν
1347 4307 1670 4376 ἀπολογίαν.

2075 3188 2296 3257 guinem
2353 3192 2501 3250 ill-ius
2567 3194 2636 3251 de
2710 3212 2874 3254 manu
2925 3206 3018 3255 tua
3079 3211 3341 3272 repetam.
3393 3202 3490 3259 Sin
3554 3206 3656 3259 in:-

2075 3281 2225 3351 pium
2297 3285 2453 3358 133
2524 3290 2984 3362 reprehenderis,
3040 3309 3141 3350 nec
3200 3311 3259 3351 se
3325 3300 3657 3355 converterit

2074 3376 2143 3431 ab
2169 3376 2447 3447 impietate
2472 3394 2597 3446 sua,
2634 3397 2734 3437 nec
2763 3398 2793 3438 a
2824 3385 2911 3440 via
2947 3400 3047 3443 sua
3105 3386 3417 3455 deﬂexerit,
3445 3389 3539 3445 ille
3595 3391 3650 3445 in

2073 3467 2350 3538 impietate
2382 3486 2480 3527 sua
2513 3476 2802 3544 morietur,
2841 3485 2895 3533 et
2924 3486 2981 3533 tu
3022 3487 3171 3535 tuam
3220 3484 3460 3538 animam
3514 3482 3659 3540 libe-

2071 3573 2231 3613 raris.

2142 3650 2338 3708 Ezech.
2380 3669 2608 3711 xxxxw.
2646 3636 2823 3713 Nulli.
2851 3661 3163 3717 sacerdotes
3211 3664 3396 3718 vinum
3437 3664 3645 3731 bibent,

2071 3743 2311 3814 quandiu
2344 3745 2565 3815 quidem
2595 3749 2650 3802 in
2682 3750 2861 3806 aulam
2891 3754 3205 3809 interiorem
3244 3755 3644 3824 ingrediuntur.

2142 3836 2267 3891 Haec
2316 3838 2447 3895 dicit
2496 3838 2758 3900 Dominus
2808 3844 2951 3901 Deus
3014 3847 3428 3903 lsraelitarum:
3480 3850 3648 3920 injus-

2071 3930 2246 3987 titiam
2275 3942 2329 3988 et
2360 3935 2695 3992 vexationem
2729 3937 2958 4004 auferte,
3002 3951 3055 3996 et
3104 3940 3368 4012 judicium
3405 3953 3457 3998 et
3485 3944 3651 4016 juSti-

2066 4021 2198 4076 tiam
2224 4032 2496 4079 exercete.
2527 4026 2749 4084 Auferte
2779 4032 3189 4101 oppressionem
3214 4048 3243 4087 a
3273 4035 3472 4105 populo
3498 4052 3638 4102 tneo,

2065 4113 2244 4184 inquit
2270 4113 2555 4174 Dominus.

2135 4206 2270 4278 Sup.
2319 4226 2403 4266 ιιι.
2449 4213 2554 4279 Qui
2591 4224 2783 4271 sancta
2830 4228 3024 4273 sancte
3068 4221 3434 4290 servaverint,
3466 4223 3641 4279 sancti

2063 4296 2233 4354 futuri
2264 4309 2421 4357 sunt:
2481 4311 2538 4356 et
2586 4304 2680 4374 qui
2710 4320 2771 4360 ea
2797 4307 3121 4375 didicerint,
3152 4310 3429 4366 invenient
3455 4313 3655 4368 defert--

2063 4406 2294 4449 sronem.

466 4493 636 4562 Ἰερὲα
664 4491 927 4563 φ;,όνησις
953 4494 1048 4545 καὶ
1085 4490 1198 4562 βίος
1225 4490 1323 4545 καὶ
1356 4487 1612 4559 εὐσέϐεια
1649 4483 1744 4539 καὶ
1762 4480 1963 4553 γνῶσις
1995 4472 2012 4528 1

2139 4487 2435 4543 Prudentia
2481 4495 2534 4544 et
2590 4491 2713 4546 vita
2743 4499 2796 4547 et
2837 4491 3021 4563 pietas
3041 4503 3096 4550 et
3121 4496 3353 4551 scientia
3385 4501 3661 4557 saccrdo~

379 4602 544 4643 ποιει.

336 4652 341 4656 δ
465 4680 553 4733 Ἐν
583 4679 683 4752 ὅλῃ
710 4678 859 4750 ψυχῇ
901 4693 996 4732 σου
1043 4675 1279 4731 εὐλαϐοῦ
1310 4676 1402 4732 τὸν
1432 4674 1660 4746 Κύριον,
1691 4677 1787 4730 καὶ
1830 4677 1959 4742 τοὺς

381 4773 545 4843 ἱερεῖς
580 4772 745 4827 αὑτοῦ
773 4770 1042 4841 θαύμαζε.
1082 4770 1171 4823 Ἐν
1199 4770 1297 4842 ὅλῃ
1337 4769 1565 4838 δυνάμει
1597 4785 1691 4823 σου
1726 4768 1956 4834 δύξασον

378 4866 471 4919 τὶν
516 4864 822 4934 ποιήσαντά
852 4881 935 4928 σε,
970 4865 1065 4917 καὶ
1111 4863 1236 4927 τοὺς
1283 4863 1633 4934 λειτουργοὺς
1677 4860 1844 4914 αὐτοῦ
1880 4861 1957 4932 μὴ

373 4956 765 5029 ἑγκχταλὶπῃς.
790 4956 961 5011 Φοϐοῦ
990 4957 1081 5011 τὸν
1111 4956 1339 5029 Κύριον.
1373 4956 1467 5009 καὶ
1513 4954 1733 5020 δόξασον
1766 4951 1948 5022 ἱερέα,

377 5054 471 5104 καὶ
499 5050 585 5114 δὺς
617 5051 714 5120 τὴν
740 5050 939 5119 μερίδα
961 5049 1164 5114 αὐτῶν,
1196 5048 1382 5112 καθὼς
1404 5047 1706 5101 ἐνετείλατό
1726 5064 1832 5100 σοι.

458 5138 790 5211 ῚΙγούμενόν
819 5156 879 5192 σε
914 5141 1252 5211 κατέστησα,
1288 5140 1363 5211 μὴ
1400 5137 1654 5210 ὲπαίρου.
1706 5138 1862 5194 Γίνου
1895 5143 1953 5196 ἐν

374 5233 554 5296 αὐτοῖς
581 5233 656 5296 ὡς
688 5225 769 5295 εἷς
794 5231 854 5298 ἐξ
883 5232 1083 5288 αὐτῶν.

454 5325 619 5398 Ἀνὴρ
648 5326 811 5393 σοφὸς
848 5325 939 5379 τὸν
965 5324 1166 5379 ἑαυτοῦ
1200 5324 1329 5378 λαὸν
1375 5310 1678 5391 παιδεύσει,
1714 5332 1808 5386 καὶ
1850 5347 1954 5401 μα-

369 5416 652 5485 καρ;οῦσιν
685 5416 850 5469 αὑτὸν
904 5416 1105 5479 πάντες
1137 5417 1186 5469 οἱ
1222 5416 1480 5487 ὁρῶντες.
1520 5417 1580 5471 Ὀ
1640 5419 1750 5490 γὰρ
1787 5422 1950 5490 σοφὸς

366 5507 425 5558 ἑν
453 5507 564 5578 λαῷ
588 5507 754 5563 αὐτοῦ
781 5508 1181 5579 κληρονομήσει
1213 5507 1418 5576 πίστιν,
1446 5509 1538 5562 καὶ
1566 5511 1623 5564 τὸ
1655 5510 1831 5582 ὄνομα
1855 5514 1952 5567 αύ-

367 5601 457 5656 τοῦ
491 5601 718 5671 ζήσεται
755 5602 834 5666 είς
864 5601 955 5655 τὸν
994 5602 1187 5656 αἱῶνα.

433 5778 599 5835 Εἶπεν
627 5782 655 5836 6
684 5782 889 5854 Κύριος
914 5801 926 5815 ·
963 5783 1058 5849 Τίς
1106 5784 1215 5855 ἄρα
1271 5783 1420 5837 ἐστὶν
1446 5783 1474 5836 6
1506 5783 1690 5849 πιστὸς
1737 5785 1945 5838 οἱκονὸ-

2060 4586 2165 4633 tem
2190 4577 2374 4635 efﬁcit.

2096 4670 2324 4743 .Sirach
2356 4690 2452 4730 vn.
2501 4675 2642 4733 Toto
2682 4679 2846 4734 corde
2890 4687 3070 4737 metue
3105 4681 3419 4750 Dominum,
3452 4694 3508 4741 et
3538 4701 3634 4741 sa-

2058 4765 2309 4822 cerdotes
2337 4767 2454 4836 ejus
2485 4784 2748 4826 venerare
2785 4787 2800 4825 :
2841 4771 3098 4828 omnibus
3131 4775 3341 4830 viribus
3366 4778 3470 4832 tuis
3503 4794 3630 4834 eum

2057 4857 2151 4925 qui
2184 4865 2235 4913 te
2274 4857 2435 4924 fecit,
2475 4860 2730 4918 laudibus
2758 4862 2985 4930 allicito,
3011 4874 3067 4919 et
3092 4867 3375 4924 ministros
3407 4871 3529 4941 ejus
3566 4888 3635 4926 ne

2056 4948 2277 5003 tit-seras
2310 4958 2526 5005 :tnetue
2568 4951 2879 5016 Dominum,
2918 4962 2971 5009 et
3001 4958 3339 5012 sacerdotem
3378 4960 3633 5015 laudibus

2056 5037 2274 5103 allicito,
2303 5049 2357 5094 et
2383 5047 2464 5110 (ut
2494 5043 2586 5097 tibi
2621 5043 2875 5115 prmcepi)
2908 5045 2974 5100 da
3003 5046 3112 5103 illis
3136 5056 3342 5117 partem
3374 5065 3552 5105 suam.

2129 5129 2296 5185 Eccli.
2330 5148 2505 5188 xxxu.
2539 5137 2738 5191 Ducem
2780 5145 2830 5191 te
2856 5137 3098 5207 praefeci,
3128 5154 3195 5193 ne
3228 5140 3484 5208 ctiertor;
3513 5150 3630 5196 esto

2054 5222 2108 5276 in
2141 5224 2248 5278 illis
2281 5234 2340 5278 ut
2376 5242 2515 5280 unus
2546 5227 2612 5282 de
2633 5226 2764 5284 illis.

2126 5314 2269 5370 Ibid.
2301 5330 2507 5375 ιιιιιιίι.
2533 5317 2761 5388 Sapiens
2785 5322 2866 5377 vir
2889 5323 3147 5393 populum
3173 5341 3331 5379 suum
3356 5325 3623 5396 instituet,

2051 5422 2115 5460 ac
2145 5422 2264 5460 eum
2299 5408 2670 5476 pratdicabunt
2697 5411 2912 5466 beatum
2933 5424 3197 5484 quotquot
3217 5432 3340 5471 eum
3372 5418 3625 5486 viderint;

2051 5514 2174 5551 nam
2206 5500 2424 5569 sapiens
2456 5502 2510 5555 in
2543 5503 2744 5572 populo
2779 5505 3183 5562 itmreditariam
3214 5509 3372 5563 tidem
3406 5523 3461 5565 et
3492 5527 3626 5566 auc-
3706 5496 3713 5500 ί

2049 5591 2320 5643 toritateni
2377 5594 2478 5646 sibi
2539 5596 2773 5662 parabit,
2835 5606 2891 5650 et
2955 5613 3154 5653 nomen
3213 5600 3333 5670 ejus
3386 5601 3531 5656 vivet
3566 5602 3625 5657 in

2049 5686 2334 5739 swcuhun.

2123 5777 2319 5831 Matth.
2346 5795 2489 5832 xxiv.
2513 5779 2649 5847 Quis
2680 5793 2779 5847 est,
2819 5783 2994 5854 inquit
3024 5784 3307 5852 Dominus,
3339 5786 3510 5840 ﬁdelis
3540 5786 3616 5841 rei

362 5886 458 5939 μος
509 5873 601 5930 καὶ
642 5876 924 5948 φρόνιμος,
954 5877 1013 5932 δν
1054 5878 1391 5949 καταστήσει
1416 5878 1444 5931 6
1480 5875 1682 5948 Κύριος
1714 5876 1806 5932 ἐπὶ
1843 5877 1944 5949 τῆς

2081 5873 2357 5929 omcstica:
2398 5874 2715 5943 prmi‘cctus,
2753 5885 2808 5933 et
2855 5879 3097 5949 prudens
3142 5893 3303 5951 quem
3353 5876 3620 5949 praeﬁciat
