4056 6426
524 358 672 441 tots

1814 373 2139 438 ΛΝΤΟΝΠ
2174 373 2523 440 ΜΕΜΞΞΕ

3647 364 3774 432 1016

519 488 787 546 Dominus
843 485 1068 545 familia
1131 501 1273 555 suae,
1307 494 1367 542 ut
1401 501 1507 544 suo
1550 493 1800 556 tempore
1850 485 1942 543 det
1995 486 2096 543 illis

2205 487 2508 561 θεραπείας
2554 483 2748 554 αὑτοῦ,
2779 483 2876 539 τοῦ
2903 481 3090 540 δοῦναι
3137 480 3200 535 ἐν
3241 475 3420 561 καιρῷ
3450 476 3520 533 ea
3562 480 3776 549 σιτομέο

517 581 836 638 demensum
870 581 896 635 ί
928 578 1130 637 Beatus
1155 594 1351 635 servus
1378 577 1505 647 ille;
1524 594 1689 650 quem
1732 593 1858 636 cum
1888 579 2100 636 venerit

513 672 781 731 Dominus
810 671 957 744 ejus,
986 672 1255 727 invenerit
1315 671 1397 728 sio
1447 672 1759 729 facientem;
1806 669 1944 727 Vere
1971 670 2097 727 dico

512 764 693 830 vobis,
734 777 858 817 eum
895 762 1155 817 omnibus
1180 762 1342 819 bonis
1382 767 1501 819 suis
1525 762 1809 833 praeﬁciet.

580 853 745 909 Joan.
767 868 887 909 ιιι.
906 852 1049 910 Dixit
1066 853 1327 911 Dominus
1358 853 1554 911 Petro:
1577 852 1791 923 Simon,
1819 854 1893 911 ﬁli
1921 852 2097 921 Jonte,

513 944 694 1015 diligis
724 960 811 1001 me
837 944 958 1016 plus
991 961 1154 1016 quam
1195 945 1297 1000 hi?
1332 946 1534 1014 Etiam,
1597 946 1796 1017 inquit,
1840 946 2089 1003 Domine.

513 1037 654 1093 Tum
694 1038 818 1094 ille:
852 1036 1042 1103 Pasce,
1084 1037 1284 1107 inquit,
1339 1052 1512 1110 agnos
1568 1054 1745 1095 meos.
1777 1037 1927 1094 Dixit
1960 1040 2095 1095 illud

512 1129 708 1185 iterum
734 1145 749 1182 :
790 1127 1006 1197 Simon,
1037 1129 1116 1184 iiIi
1145 1129 1319 1197 Jonas,
1353 1145 1518 1187 amas
1535 1146 1620 1187 me
1648 1133 1674 1186 ί

568 1222 753 1276 Actor.
773 1236 867 1277 xx.
903 1220 1192 1277 Testiﬁcor
1211 1221 1370 1277 vobis
1393 1223 1623 1292 posthac
1644 1237 1731 1277 me
1754 1221 1874 1279 fore
1896 1236 2095 1293 purum

510 1311 797 1381 sanguinis
829 1318 884 1366 et
918 1310 1127 1381 peccati
1160 1312 1412 1366 omnium
1460 1321 1725 1377 vestrum,
1783 1328 1891 1368 non
1947 1314 2094 1368 enim

504 1403 825 1472 quidquam
875 1401 1070 1467 celavi,
1093 1402 1226 1472 quin
1258 1402 1415 1459 vobis
1452 1410 1623 1457 totum
1654 1402 1754 1459 Dei
1800 1403 2092 1459 consilium

511 1507 579 1546 en
600 1492 894 1547 untiarem.
940 1493 1245 1562 Prospicite
1274 1493 1436 1563 igitur
1466 1494 1619 1550 vobis
1647 1503 1702 1549 et
1754 1496 1856 1550 toti
1916 1495 2091 1567 gregi,

512 1584 669 1652 cujus
692 1599 790 1639 vos
853 1583 1093 1653 Spiritus
1143 1594 1368 1642 sanctus
1411 1584 1592 1642 eﬂ‘ecit
1652 1587 1961 1657 episcopos,
2036 1599 2095 1643 ut

512 1674 817 1731 Ecclesiam
850 1677 1064 1732 Domini
1081 1678 1345 1747 pascatis,
1374 1694 1537 1749 quam
1573 1694 1674 1735 suo
1701 1678 1807 1735 sibi
1826 1681 2096 1751 sanguine

516 1770 836 1839 acquisivit.

2197 559 2385 650 τρίονς
2417 579 2705 653 Μακάριος
2724 580 2754 634 ό
2774 575 2959 641 δοῦλος
2988 575 3217 641 ἐκεῖνος,
3242 559 3303 629 δν
3330 571 3504 628 ἐλθὼν
3526 572 3559 627 δ
3577 572 3774 643 Κύριος

2198 674 2366 728 αὑτοῦ
2399 672 2628 745 εὑρήσει
2648 670 2910 726 ποιοῦντα
2933 667 3128 732 οὑτως.
3179 664 3424 738 ’Δληθῶς
3447 664 3599 735 λέγω
3626 656 3774 737 ὑμῖν,

2197 764 2278 819 δτι
2301 765 2392 820 ἐπὶ
2412 764 2546 819 πᾶσι
2562 763 2676 827 τοῖς
2692 762 3031 833 ὑπάρχουσιν
3053 757 3218 815 αὑτοῦ
3237 755 3572 827 καταστήσει
3594 756 3770 811 αὐτόν.

2267 850 2436 911 Εῐπεν
2460 857 2489 910 ό
2516 854 2721 927 Κύριος
2776 851 2856 925 τῷ
2910 852 3138 924 Πέτρῳο
3188 848 3372 920 Σίμων
3409 848 3595 913 Ἰωνᾶ,
3646 847 3773 915 ἀγα-

2196 947 2309 1019 πᾷς
2368 963 2441 1018 με
2475 946 2639 1001 πλέον
2699 944 2950 1011 τούτωνξ
3006 943 3173 1012 Λέγει
3199 941 3371 1012 αὐτῷ,
3404 940 3557 1008 Ναὶ,
3585 938 3768 1011 Κύριε.

2195 1041 2363 1109 Λέγει
2394 1040 2568 1110 αὐτῷ,
2596 1038 2768 1093 Βόσκε
2792 1038 2862 1093 τά
2893 1037 3058 1109 ἀρνία
3085 1052 3209 1107 μου.
3240 1024 3404 1104 Λέγει
3432 1031 3587 1103 αὑτῷ
3618 1029 3772 1085 πάλιν

2194 1135 2256 1188 τὸ
2283 1133 2569 1206 δεύτερον⁸
2596 1132 2782 1203 Σίμων
2820 1130 2996 1195 Ἰωνᾶ,
3031 1116 3208 1198 φιλεῖς
3237 1141 3345 1195 με;

2264 1223 2356 1277 Διὸ
2389 1200 2739 1294 μαρτύρομαι
2793 1220 2925 1290 ὑμῖν
2971 1219 3031 1273 ἐν
3062 1219 3130 1288 τῇ
3179 1215 3422 1287 σήμερον
3450 1211 3665 1285 ἡμέρᾳ,
3691 1200 3765 1267 ὅτι

2196 1316 2436 1387 καθαρός
2459 1318 2579 1386 είμι
2636 1316 2746 1369 ἀπὸ
2800 1311 2898 1369 τοῦ
2930 1312 3165 1383 αἵματος
3223 1309 3444 1363 πάντων
3474 1307 3651 1377 ὑμῶν.
3698 1304 3766 1360 Οὐ

2196 1409 2305 1479 γὰρ
2338 1406 2742 1477 ὑπεστειλάμην
2792 1404 2889 1459 τοῦ
2942 1401 3021 1474 μή
3049 1400 3377 1471 ἀναγγεῖλαι
3425 1400 3560 1469 ὑμῖν
3594 1399 3765 1452 πᾶσαν

2196 1503 2295 1576 τήν
2325 1502 2521 1574 βουλὴν
2568 1501 2666 1556 τοῦ
2697 1500 2857 1556 Θεοῦ.
2921 1499 3229 1569 Προσέχετε
3279 1492 3374 1551 οὖν
3422 1495 3638 1555 ἑαυτοῖς
3681 1492 3763 1545 καὶ

2198 1594 2367 1648 παντὶ
2394 1592 2472 1664 τῷ
2511 1593 2774 1661 ποιμνίῳ,
2822 1591 2882 1644 ἐν
2919 1582 2964 1659 ᾧ
2995 1589 3139 1658 ὑμᾶς
3176 1587 3237 1640 τὸ
3266 1583 3498 1655 Πνεῦμα
3533 1584 3594 1637 τὸ
3622 1583 3763 1651 ἀγιον

2197 1686 2353 1739 ἔθετο
2401 1685 2734 1746 ἐπισκόπους
2784 1682 3095 1753 ποιμαίνειν
3146 1679 3248 1750 τὴν
3281 1676 3617 1748 Ἐκκλησίαν
3678 1674 3761 1729 τοῦ

2195 1777 2425 1848 Κυρίου,
2462 1776 2533 1847 ἢν
2564 1776 2994 1848 περιεποιήσατο
3022 1772 3113 1827 διὰ
3139 1772 3234 1825 τοῦ
3268 1771 3401 1825 ἰδίου
3431 1770 3687 1838 αἵματος.

587 1838 636 1915 Ῐ.
672 1863 804 1917 Tim.
832 1878 915 1917 tu.
948 1862 1003 1917 Si
1054 1864 1183 1943 quis
1239 1863 1483 1935 episcopi
1533 1864 1773 1920 cilicium
1844 1864 2075 1935 appetit,

2268 1838 2338 1923 Εἴ
2359 1838 2441 1931 τις
2476 1838 2784 1936 ἐπισκοπῆς
2809 1838 3084 1936 ὀρέγεται,
3111 1859 3276 1917 καλοῦ
3302 1860 3469 1931 ἐργου
3495 1856 3758 1927 ἐπιθυμεῖ.

510 1953 800 2008 honestum
834 1969 1035 2009 munus
1065 1955 1427 2025 concupiscit.
1454 1953 1679 2025 Oportet
1700 1957 1867 2027 igitur
1882 1959 2098 2025 episco-

508 2060 637 2115 pum
670 2045 830 2099 talem
858 2045 1107 2115 esse,qui
1132 2045 1453 2115 reprehendi
1486 2062 1595 2101 non
1631 2048 1822 2117 possit,
1855 2048 2094 2103 sobrium

509 2145 568 2190 et
602 2135 939 2205 vigilantem,
972 2137 1341 2212 moderatum,
1376 2122 1653 2208 hospitum
1683 2138 2009 2201 studiosum,
2030 2138 2097 2193 ad

510 2226 818 2282 docendum
852 2234 1059 2298 aptttm,
1083 2242 1195 2282 non
1217 2229 1587 2294 vinolentum,
1620 2243 1728 2284 non
1798 2229 2095 2284 violentqu

510 2327 565 2374 et
596 2319 945 2390 injuriosum,
973 2320 1067 2375 sed
1113 2320 1438 2375 clementem
1471 2330 1525 2376 et
1579 2322 1646 2377 de
1708 2338 1812 2378 suo
1847 2321 1969 2391 jure
2009 2337 2098 2377 ce—

510 2411 757 2480 dentem,
791 2424 902 2466 non
933 2426 1261 2483 pugnacem,
1296 2427 1328 2466 a
1360 2413 1546 2468 studio
1571 2414 1817 2484 pecuniae
1834 2413 2095 2481 alienum,

509 2503 714 2573 quique
734 2501 921 2558 domui
963 2518 1078 2559 sua:
1120 2501 1280 2575 134
1325 2504 1463 2559 bene
1487 2505 1693 2575 praesit.
1726 2502 1783 2559 Si
1812 2505 1934 2576 quis
1949 2507 2096 2560 enim

508 2592 691 2648 domui
716 2606 829 2647 sum
879 2606 1113 2662 praeesse
1147 2596 1344 2659 nescit,
1386 2608 1496 2664 quo
1529 2593 1747 2650 tandem
1777 2594 1939 2649 modo
1990 2594 2092 2649 Ec-

507 2684 691 2739 clesiae
733 2682 829 2738 Dei
859 2696 1047 2739 curam
1090 2684 1282 2754 geret?
1306 2698 1414 2739 non
1450 2685 1744 2752 novitium,
1770 2700 1840 2740 ne
1874 2681 2098 2740 inﬂatus

506 2781 566 2837 in
599 2775 1008 2830 damnationem
1037 2775 1262 2832 incidat.
1310 2776 1494 2832 Etiam
1522 2785 1739 2847 Oportet
1777 2790 1901 2832 eum
1929 2776 2101 2831 hone-

506 2878 650 2924 stum
708 2867 1084 2924 testimonium
1128 2868 1197 2924 ab
1248 2870 1493 2925 externis
1537 2868 1763 2935 habere,
1792 2877 1854 2925 ut
1907 2882 1980 2927 ne
2012 2868 2087 2939 .in

506 2961 704 3031 probra
736 2969 790 3014 et
827 2958 1082 3029 laqueum
1112 2959 1523 3016 calumniatoris
1552 2958 1780 3017 incidat.

579 3051 606 3104 1
644 3050 782 3105 Tim.
811 3065 863 3104 ν.
900 3049 1095 3105 Manus
1136 3050 1245 3106 cito
1274 3049 1480 3107 nemini
1512 3050 1799 3121 imponito,
1833 3064 1935 3106 nec
1962 3050 2097 3109 alie-

504 3154 701 3196 norum
734 3146 1084 3209 peccatorum
1117 3139 1393 3210 particeps
1418 3147 1540 3196 esto
1567 3154 1585 3204 ;
1619 3139 1851 3208 teipsum
1883 3151 2095 3197 castum
2122 3176 2168 3239 C

506 3239 742 3289 servato.

578 3323 686 3379 Tit.
712 3339 751 3377 ι.
789 3322 1021 3394 Oportet
1058 3322 1374 3391 episc0pum
1410 3320 1571 3375 talem
1599 3336 1747 3386 esse,
1786 3322 1883 3391 qui
1915 3338 2092 3393 neque

504 3414 785 3485 redargui,
807 3427 983 3481 neque
1012 3410 1263 3466 convinci
1307 3420 1504 3474 possu,
1572 3422 1835 3480 tanquam
1884 3409 2090 3466 Christi

505 3508 962 3575 dispensatorem,
1021 3517 1130 3557 non
1182 3503 1541 3572 pertinacem,
1592 3517 1702 3555 non
1735 3503 2087 3568 iracundum,

414 3670 415 3673 η
507 3614 621 3652 non
658 3597 1011 3667 iniuriosum,
1043 3610 1151 3649 non
1181 3595 1359 3663 turpis
1430 3592 1568 3647 lucri
1632 3593 1915 3663 cupidum,
1983 3596 2079 3649 sed

509 3690 795 3760 hospitum
823 3697 879 3742 et
907 3687 1327 3758 peregrinorum
1359 3685 1694 3753 studiosum,
1746 3686 2007 3740 bonitatis
2040 3692 2094 3740 ct

506 3779 796 3849 probitatis
816 3786 1114 3839 amantem,
1135 3783 1548 3844 temperantem,
1561 3775 1792 3845 justum,
1815 3786 2090 3844 sanctum,

507 3871 894 3935 tontincntem,
921 3869 1289 3923 adhaerentem
1349 3865 1493 3921 lideli
1525 3868 1788 3923 doctrina:
1826 3871 2089 3936 sermoni,

507 3973 570 4017 ut
597 3973 651 4018 et
684 3961 858 4032 possit
882 3976 1016 4017 sana
1044 3961 1295 4014 doctrina
1335 3957 1641 4027 exhortari,
1697 3968 1751 4015 et
1804 3962 2089 4021 contradi.

510 4061 703 4107 centes
737 4050 1160 4120 reprehendere.

582 4140 614 4194 Ι
634 4139 783 4195 Petr.
800 4156 851 4195 ν.
871 4138 1083 4195 Pascite
1103 4156 1227 4194 eum
1247 4141 1608 4212 cuizpraeestis
1624 4141 1829 4199 Christi
1845 4160 2091 4216 gregem,

506 4251 615 4290 non
645 4234 842 4297 coacti,
871 4233 973 4288 sed
999 4234 1261 4309 volentes,
1302 4250 1410 4290 non
1438 4250 1629 4302 avare,
1660 4240 1753 4293 sed
1783 4242 2042 4296 alacriter
2070 4284 2085 4309 ,

507 4341 685 4395 neque
721 4334 977 4395 tanquam
1003 4307 1347 4382 dominantes
1381 4328 1435 4382 in
1464 4340 1691 4393 sortem,
1748 4332 1843 4386 sed
1909 4307 2090 4390 estote

504 4417 783 4487 exetnplar
803 4417 1002 4487 gregis,
1064 4426 1275 4473 etcum
1332 4421 1571 4489 prodibit
1623 4434 1905 4492 pastorum
1936 4427 2091 4494 prin-

503 4524 655 4579 ceps,
694 4509 972 4579 recipietis
1022 4510 1208 4581 gloria:
1265 4527 1549 4583 coronam,
1615 4531 1738 4587 quae
1802 4533 2084 4589 nunquam
2125 4538 2166 4594 ι)

509 4608 838 4656 ιιιαιοϐυξςυι.

577 4690 802 4761 lgna-:ii.
832 4691 965 4748 Date
994 4707 1217 4752 operam
1256 4710 1325 4750 ne
1379 4696 1651 4753 resistatis
1693 4698 1979 4771 episcopo,
2033 4711 2094 4759 ut

505 4783 618 4839 Deo
648 4785 1043 4853 subjiciamini,
1079 4796 1133 4841 et
1160 4801 1270 4856 quo
1330 4790 1504 4860 magis
1556 4791 1784 4846 tacitum
1846 4795 2093 4851 videritis

502 4878 839 4947 episcopum,
865 4886 1016 4931 tanto
1049 4879 1223 4948 magis
1256 4893 1383 4933 eum
1411 4880 1657 4935 metuite.
1683 4881 2095 4955 Quemcunque

503 4973 649 5028 enim
682 4971 848 5024 mittit
882 4969 1276 5041 paterfamilias
1300 4972 1393 5041 qui
1422 4972 1500 5027 rei
1535 4973 1852 5031 domestica:
1883 4981 2092 5047 praesit,

505 5064 588 5118 sic
619 5063 776 5117 decet
835 5063 1106 5133 excipere,
1139 5071 1197 5118 ut
1221 5078 1346 5120 eum
1405 5065 1583 5136 ipsum
1618 5067 1711 5136 qui
1742 5069 1910 5124 mittit
1946 5086 1959 5124 :
1993 5073 2093 5126 ita-

399 5220 425 5229 _
505 5171 608 5225 que
637 5156 815 5219 decet,
852 5163 911 5209 ut
931 5155 1246 5226 episcopum
1275 5165 1538 5228 tanquam
1579 5157 1869 5237 Dominum
1900 5162 2082 5231 ipsum

508 5260 849 5317 susptcmus.

579 5338 640 5395 δ.
669 5338 880 5391 Basilii.
930 5339 1242 5394 Auctoritas
1288 5339 1537 5395 docentis
1581 5341 1889 5396 orationem
1931 5343 2093 5401 cﬂicit

514 5436 801 5497 acceptam
835 5442 898 5482 ac
922 5428 1218 5499 discipulos
1254 5429 1431 5484 reddit
1461 5433 1801 5488 attentiorcs.

580 5606 682 5675 Qui
713 5613 907 5676 praeest
937 5607 1057 5660 aliis
1080 5622 1146 5661 ne
1171 5608 1427 5663 elleratur
1460 5610 1746 5680 dignitate,
1778 5626 1845 5665 ne
1875 5615 2089 5668 amittat

510 5698 732 5753 humilis
757 5698 926 5751 animi
960 5700 1373 5763 beatitudinem,
1440 5712 1534 5754 aut
1579 5703 1694 5771 ipse
1753 5703 1973 5762 inllazus
2035 5710 2087 5760 in

508 5789 1018 5846 tendentnationcm
1055 5790 1255 5847 incidat
1289 5792 1510 5847 diaboli.

2198 1967 2289 2019 Δεῖ
2305 1958 2398 2020 οὖν
2427 1964 2519 2017 τὸν
2550 1962 2853 2016 ἐπίσκοπον
2884 1958 3255 2029 ἀνεπίληπτον
3307 1951 3476 2021 εἶναι,
3516 1953 3644 2024 μιᾶς
3670 1965 3759 2018 γυ-

2198 2059 2384 2122 ναικὸς
2421 2056 2614 2128 ἄνδρα,
2639 2054 2922 2128 νηφάλιον,
2958 2052 3239 2121 σώφρονα,
3277 2049 3533 2117 κόσμιον,
3563 2040 3759 2115 φιλόξε-

2200 2167 2310 2217 νον,
2343 2150 2675 2212 διδακτικὸν,
2708 2147 2784 2217 μὴ
2832 2145 3115 2215 πάροινον,
3150 2143 3226 2212 μὴ
3262 2140 3539 2209 πλήκτην,
3572 2138 3645 2205 μή
3686 2134 3761 2186 αἰ-

2202 2242 2523 2315 σχροκερδῆ,
2546 2241 2660 2295 ἀλλ’
2698 2240 2949 2308 ἐπιεικῆ,
2978 2238 3215 2308 ἄμαχον,
3248 2222 3645 2303 ἀφιλάργυρον,
3673 2223 3757 2278 τοῦ

2203 2335 2332 2388 ἰδίου
2385 2335 2537 2387 οῖκου
2593 2330 2773 2394 καλῶς
2826 2328 3251 2401 προϊστάμενον,
3279 2325 3445 2378 τέκνα
3479 2320 3664 2391 ἔχοντα
3706 2317 3759 2370 ἐν

2201 2428 2452 2497 ὑποταγῇ
2495 2425 2635 2496 μετὰ
2681 2424 2864 2494 πάσης
2904 2419 3257 2491 σεμνότητος.
3315 2416 3378 2469 Εἰ
3426 2415 3537 2486 γάρ
3562 2428 3641 2475 τις
3672 2405 3756 2461 τοῦ

2204 2521 2334 2574 ἰδίου
2364 2519 2514 2574 οίκου
2534 2518 2842 2589 προστῆναι
2863 2514 2965 2568 οὐκ
2981 2507 3114 2577 οἶδε,
3137 2510 3254 2574 πῶς
3287 2506 3612 2576 Ἐκκλησία;
3635 2497 3754 2555 Θεοῦ

2201 2612 2601 2684 ἐπιμελήσεται
2622 2626 2656 2677 ;.
2689 2609 2765 2680 μὴ
2799 2607 3086 2677 νεόφυτον,
3135 2603 3226 2658 ίνα
3255 2602 3335 2673 μή
3369 2596 3644 2669 τυφωθεὶς
3687 2593 3755 2656 εἷς

2200 2705 2375 2773 κρῖμα
2405 2703 2640 2773 ἐμπέσῃ.
2679 2703 2773 2755 Δεῖ
2808 2699 2864 2754 δέ
2914 2697 3083 2782 αὑτὸν
3108 2695 3206 2751 καὶ
3241 2692 3557 2765 μαρτυρίαν
3605 2685 3754 2782 καλήν

2174 2793 2344 2864 ,ἐχειν
2385 2793 2495 2848 ἀπὸ
2530 2793 2641 2846 τῶν
2679 2790 2904 2858 ἔξωθεν,
2940 2790 3029 2845 ῖνα
3062 2780 3139 2860 μή
3183 2787 3265 2851 είς
3298 2781 3638 2854 ὀνειδισμοὺς
3670 2780 3756 2848 ἐμ-

2203 2887 2347 2957 πέσῃ
2375 2886 2473 2941 καὶ
2504 2883 2712 2954 παγίδα
2731 2882 2829 2938 τοῦ
2862 2880 3139 2937 διαϐόλου.

2268 3043 2477 3114 Χεῖρας
2521 3043 2735 3113 ταχέως
2782 3040 2973 3113 μηδενὶ
3030 3037 3286 3102 ἐπιτίθει,
3336 3035 3477 3107 μηδὲ
3529 3029 3749 3089 κοινώνει

2198 3137 2511 3209 ἀλλοτρίαις
2545 3133 2861 3207 ἁμαρτίαις.
2895 3133 3131 3217 Σεαυτδν
3162 3131 3326 3201 ἁγνὸν
3362 3129 3544 3201 τήρει.

2270 3318 2360 3368 Δεῖ
2384 3316 2476 3369 τὸν
2506 3316 2806 3369 ἐπίσκοπον
2846 3314 3188 3384 ἀνέγκλητον
3221 3307 3386 3382 εῖναι,
3427 3312 3501 3377 ὡς
3533 3305 3749 3379 Χριστοῦ

2198 3407 2503 3477 οἰκονόμον,
2564 3408 2642 3478 μὴ
2688 3407 2920 3477 αὐθάδη.
2958 3408 3035 3477 μή
3073 3404 3316 3477 ὀργίλον,
3354 3406 3436 3477 μὴ
3490 3407 3744 3475 πάροινον,

2202 3502 2278 3568 μὴ
2297 3500 2568 3571 πλήκτην,
2601 3502 2677 3571 μὴ
2709 3499 3097 3570 αἰσχροκερδῆ,
3132 3499 3271 3552 ἀλλὰ
3295 3498 3593 3569 φιλόξενον,
3618 3492 3748 3563 φιλά-

2199 3593 2391 3661 γαθον,
2443 3591 2723 3661 σώφρονα,
2758 3591 2995 3656 δίκαιον,
3043 3591 3215 3656 ὅσιον,
3246 3589 3519 3660 ἐγκρατῆ,
3552 3583 3747 3654 ἀντεχό-

2205 3700 2368 3754 μενον
2400 3683 2495 3736 τοῦ
2523 3682 2669 3737 κατά
2691 3682 2914 3753 διδαχὴν
2937 3681 3134 3735 πιστοῦ
3163 3681 3349 3751 λόγου,
3381 3681 3471 3735 ἵνα
3498 3680 3587 3734 καὶ
3610 3678 3747 3730 δυνα-

2198 3778 2288 3839 τὸς
2388 3776 2732 3846 παρακαλεῖν
2759 3777 2816 3829 ἐν
2846 3776 2913 3844 τῇ
2955 3774 3280 3845 ὑγιαινούσῃ
3306 3772 3638 3841 διδασκαλίᾳ,
3669 3768 3745 3820 καὶ

2198 3870 2324 3933 τοὺς
2359 3868 2741 3939 ἀντιλέγοντας
2767 3867 3033 3938 ἐλέγχειν.

2268 4138 2597 4211 Ποιμαίνετε
2623 4138 2684 4192 τὸ
2710 4140 2769 4194 ἐν
2799 4138 2930 4209 ὑμῖν
2959 4138 3213 4210 ποίμνιον
3257 4137 3350 4193 τοῦ
3392 4136 3643 4211 Χριστοῦ,
3677 4131 3739 4201 μὴ

2197 4233 2579 4299 ἀναγκαστῶς,
2614 4230 2729 4283 ἀλλ’
2758 4230 3047 4295 ἑκουσίως,
3071 4231 3147 4300 μὴ
3175 4231 3599 4302 αἰσχροκερδῶς,
3625 4225 3741 4280 ἀλλὰ

2198 4325 2517 4397 προθύμως,
2554 4324 2692 4395 μηδὲ
2741 4324 2816 4388 ὼς
2862 4324 3358 4396 κατακυριεύοντες
3390 4327 3499 4379 τῶν
3524 4323 3733 4391 κλήρων.

2197 4419 2312 4473 ἀλλ’
2338 4419 2414 4483 ὡς
2445 4421 2607 4473 τύποι
2635 4418 2918 4487 γενόμενοι
2948 4418 3042 4471 τοῦ
3071 4420 3327 4489 ποιμνίου
3349 4434 3363 4448 '
3398 4420 3492 4473 καὶ
3516 4416 3739 4488 φανέντος

2197 4504 2291 4564 τοῦ
2323 4510 2744 4583 ἀρχιποιμένος,
2776 4511 3068 4581 κομίσεσθε
3099 4512 3191 4565 τὸν
3244 4512 3608 4583 ἀμαράντινον
3637 4502 3738 4557 στέ-

2197 4618 2365 4670 φανον
2398 4602 2496 4671 τῆς
2527 4602 2707 4673 δόξης.

2268 4692 2621 4746 Σπουδάσατε
2659 4692 2736 4764 μή
2771 4692 3195 4747 ἀντιτάσσεσθαι
3226 4693 3305 4764 τῷ
3348 4692 3643 4758 ἐπισκὸπφρ
3666 4684 3736 4736 ῗια

2195 4778 2293 4853 ἦτε
2323 4783 2443 4855 Θεῷ
2467 4786 2922 4853 ὑποτασσόμενοι.
2956 4787 3066 4840 Καὶ
3096 4787 3223 4840 ὅσον
3259 4786 3486 4857 βλέπετε
3532 4778 3736 4847 σιγῶντα

2195 4878 2286 4931 τὸν
2336 4879 2662 4945 ἐπίσκοπον,
2699 4880 2861 4934 πλέον
2903 4881 3068 4933 αὑτὸν
3095 4879 3376 4948 φοόείσθε.
3432 4878 3604 4931 Πάντα
3646 4868 3735 4936 γάρ

2196 4969 2256 5024 ιν
2286 4970 2544 5042 πέμπειό
2583 4972 2975 5042 οἰκοδεσπότης
3028 4974 3108 5037 είς
3143 4973 3283 5027 ἰδίαν
3313 4970 3634 5041 οἰκονομίαν,
3663 4958 3736 5012 οὖ·

2194 5080 2299 5123 τως
2331 5063 2413 5116 δεῖ
2466 5065 2616 5135 ἡμᾶς
2650 5065 2815 5118 αὑτὸν
2873 5065 3149 5135 δέχεσθαι,
3182 5064 3256 5127 ὡς
3292 5066 3457 5119 αὐτὸν
3502 5062 3590 5113 ’τὸν
3618 5052 3733 5117 πέμ·

2196 5170 2391 5211 ποντα.
2420 5157 2523 5211 Τὸν
2550 5155 2645 5212 οὖν
2674 5159 2974 5214 ἐπίσκοπον
3020 5159 3095 5223 ὡς
3120 5159 3284 5214 αὑτὸν
3325 5159 3419 5215 τὸν
3448 5154 3636 5225 Κύριον
3666 5140 3733 5196 δεῖ

2195 5250 2543 5320 προϐλέπειν.

2279 5343 2622 5409 ’Λξιοπιστία
2670 5344 2766 5399 τοῦ
2814 5343 3159 5410 διδάσκοντος
3207 5344 3599 5414 εὑπαράδεκτον
3651 5329 3732 5400 μὲν

2192 5434 2287 5488 τὸν
2320 5434 2475 5503 λόγον
2506 5436 2822 5506 καθίστησι,
2852 5440 3319 5511 προσεχεστέρουέ
3351 5439 3408 5492 δὲ
3436 5436 3555 5496 τοὺς
3580 5426 3729 5500 μα⁰η⁶

2193 5527 2520 5595 τευομένους
2543 5531 2976 5597 παρασκευάζει.

2270 5617 2375 5670 Τὸν
2444 5621 2764 5688 προεστῶτα
2822 5623 2898 5690 μὴ
2947 5622 3228 5693 ἐπαιρέτω
3281 5623 3343 5676 τὸ
3392 5621 3611 5687 ἀξίωμα,
3661 5608 3729 5659 ενδ

2198 5709 2276 5780 μὴ
2308 5710 2523 5783 ἐκπέσῃ
2548 5710 2642 5764 τοῦ
2674 5716 3028 5786 μακαρισμοῦ
3058 5718 3158 5784 τῆς
3182 5709 3672 5785 ταπεινοφροσύνης,
3700 5694 3724 5761 ἧ

2197 5805 2290 5857 καὶ
2326 5803 2484 5868 αὐτὸς
2516 5804 2786 5875 τυφωθεὶς
2816 5809 2893 5874 είς
2928 5811 3099 5881 κρίμα
3134 5811 3351 5883 ἐμπέσῃ
3370 5805 3458 5862 τοῦ
3492 5795 3724 5857 διαϐόλου.
