4056 6408
365 355 500 420 101⁸1

1182 343 1348 419 LOCl
1389 355 1837 420 COMMUNES.
1864 386 1934 394 ιν
1983 357 2182 419 PARS
2213 357 2298 422 II.
2327 360 2582 422 SEBMO
2625 362 2741 422 IlI.

3481 363 3617 429 1018

435 456 493 525 ⁵0
521 485 620 540 την
676 482 862 541 κοινην
894 469 1152 541 φροντίδα
1187 472 1644 539 πεπιστευμένος,
1667 471 1741 535 ὠς
1781 469 1932 539 ὀφεί-
1961 520 1967 534 η

2103 469 2204 526 Cui
2244 487 2375 528 cura
2411 475 2717 529 communis
2764 475 2970 530 credita
3009 485 3114 539 est,
3176 477 3222 533 is
3244 478 3400 548 quasi
3433 480 3620 535 dclwat

349 563 461 617 λων
490 561 644 631 λόγον
673 560 854 616 δοῦναι
892 562 1020 635 περὶ
1045 553 1277 618 ἑκάστου
1307 562 1417 618 τῶν
1443 563 1916 634 πεπιστευμένων,

349 649 522 716 οὕτως
547 651 862 709 διακείσθω.
1101 726 1103 728 η

419 743 610 808 Οὐδεὶς
667 745 728 799 ιν
766 733 1038 814 ἐπισκοπῇ
1079 731 1155 797 ὢν
1205 742 1548 813 ἐγκαλεῖται,
1612 733 1668 799 εἴ
1693 762 1746 799 τι
1781 747 1924 799 κατά

348 832 676 906 ἀδιαφορίαν
699 835 758 887 ὲν
782 833 860 904 τῷ
885 831 1060 904 λαῖκῷ
1081 825 1529 906 ἀπαρατηρήτως
1552 833 1813 906 ἔγραψεν.

412 1007 564 1086 Αῦτη
597 1021 690 1085 μοι
722 1003 975 1085 φαίνεται
1006 1015 1084 1087 τῷ
1107 1017 1222 1071 ὄντι
1245 1017 1407 1087 τέχνη
1441 1034 1526 1081 τις
1550 1013 1692 1070 εἶναι
1717 1016 1924 1086 τεχνῶν

344 1107 440 1161 καὶ
466 1108 744 1178 ἐπιστήμη
770 1109 1114 1180 ἑπιστημῶν,
1151 1109 1440 1178 ἄνθρωπον
1477 1109 1635 1178 ἄγειν
1663 1108 1724 1162 τὸ
1753 1109 1922 1162 πολυ-

342 1199 694 1271 τροπώτατον
722 1201 861 1266 ζῶον
891 1205 984 1255 καὶ
1014 1203 1433 1258 ποικιλώτατον.

417 1293 632 1364 Ὠσπερ
660 1298 774 1357 τοῖς
817 1295 1066 1366 σώμασιν
1112 1296 1172 1349 οὔ
1203 1296 1304 1361 τὴν
1344 1295 1518 1365 αὐτὴν
1570 1294 1926 1366 φαρμακείαν

341 1384 748 1454 προσφέρονται
782 1386 1041 1448 ἅπαντες,
1070 1387 1220 1441 ἄλλοι
1252 1387 1308 1440 δὲ
1336 1387 1528 1456 ἀλλην,
1565 1389 1598 1459 ἢ
1637 1387 1924 1443 εὐεκτοῦν-

339 1495 432 1540 τες
485 1477 517 1548 ἢ
573 1477 900 1546 κάμνοντες,
964 1478 1108 1532 οὕτω
1158 1479 1251 1532 καὶ
1305 1479 1402 1544 τὰς
1451 1481 1628 1551 ψυχὰς
1680 1481 1925 1550 διαφόρῳ

339 1569 488 1639 λόγῳ
536 1569 632 1622 καὶ
689 1571 882 1640 ἀγωγῇ
940 1571 1325 1639 θεραπευτέον.
1384 1573 1680 1642 Μάρτυρες
1711 1573 1768 1626 δὲ
1826 1574 1925 1640 τῆς

341 1661 664 1731 θεραπείας,
699 1655 774 1714 ὧν
806 1664 899 1714 καὶ
927 1663 995 1715 τά
1017 1663 1189 1731 πάθη.
1218 1662 1356 1726 Τοὺς
1391 1663 1492 1733 μὲν
1521 1664 1628 1734 γάρ
1657 1663 1812 1732 ἄγειν
1834 1663 1922 1718 λό-

340 1771 460 1822 γος,
493 1755 539 1806 οί
573 1753 629 1806 δὲ
666 1753 1022 1824 ῥυθμίζονται
1073 1755 1540 1826 παραδείγμασιν.
1573 1757 1636 1809 Ol
1669 1757 1766 1827 μὲν
1784 1756 1930 1809 δέον-

2033 563 2302 618 rationem
2338 565 2567 622 reddere
2617 566 2686 622 de
2731 567 2961 638 singulis
3009 569 3259 638 creditis,
3289 571 3360 626 ita
3399 569 3622 627 affectus

2046 664 2186 712 esto.

2104 737 2377 819 Tlteologi.
2428 737 2624 808 Nullus
2666 752 2911 825 episcopi
2969 770 3198 810 munere
3251 754 3481 825 fringens
3530 772 3622 812 re-

2029 842 2403 911 prehenditur,
2446 844 2494 900 sl
2533 845 2663 914 quid
2713 847 2766 900 in
2820 848 2983 904 rebus
3037 849 3471 904 indiﬂ'erentihus
3540 850 3618 920 (in

2035 933 2282 987 oratione
2316 935 2586 1008 populari)
2647 936 3049 994 inconsiderate
3105 941 3404 1010 scripserit.

2109 1021 2241 1081 ilzc
2279 1015 2418 1081 mihi
2446 1026 2660 1083 videtur
2703 1045 2825 1084 esse
2878 1045 2969 1085 ars
3018 1032 3262 1102 quaedam
3316 1032 3510 1087 artium
3568 1038 3621 1087 et

2031 1115 2262 1171 scientia
2289 1117 2667 1185 scientiarum,
2696 1119 2980 1176 hominem
3016 1123 3466 1179 versutissimum
3493 1138 3618 1178 om-

2030 1205 2183 1259 nium
2212 1207 2529 1262 animalium
2555 1225 2618 1262 ac
2641 1210 2876 1266 maxime
2931 1214 3143 1268 varium
3188 1230 3396 1282 regere.

2104 1293 2174 1349 Ut
2209 1299 2534 1365 corporibus
2558 1314 2664 1354 non
2702 1301 2843 1355 idem
2875 1305 3330 1360 medicamentum
3357 1309 3620 1365 adhibent

2032 1400 2244 1453 omnes,
2274 1389 2365 1443 sed
2407 1391 2498 1444 alii
2524 1390 2690 1459 aliud,
2717 1395 2830 1448 sive
2851 1396 3090 1452 valentes
3115 1397 3227 1450 sive
3269 1406 3614 1468 :egtotantes,

2033 1479 2111 1534 sic
2141 1490 2193 1534 et
2222 1483 2434 1536 animas
2469 1482 2684 1538 diversa
2717 1486 2932 1539 ratione
2989 1498 3041 1543 et
3067 1488 3414 1548 institutione
3450 1508 3616 1547 cura-

2033 1570 2236 1639 bimus,
2273 1581 2438 1643 atque
2463 1576 2625 1646 hujus
2657 1578 2960 1632 curationis
3027 1589 3196 1636 testes
3232 1593 3360 1636 sunt
3411 1586 3502 1652 qui
3563 1595 3618 1640 et

2032 1667 2541 1732 perturbationibus
2581 1671 2748 1724 animi
2800 1671 3142 1725 adiciuntur.
3171 1674 3322 1728 Alios
3348 1678 3492 1729 enim
3519 1676 3618 1729 du-

2035 1757 2109 1810 cit
2147 1759 2346 1825 oratio,
2387 1760 2474 1813 alii
2503 1761 2769 1830 exemplis
2801 1763 3078 1817 ducuntur
3108 1765 3267 1834 135
3327 1776 3381 1820 et
3438 1767 3615 1822 corri-

338 1851 430 1898 ται
457 1845 712 1914 κέντρου,
747 1846 798 1896 οί
839 1845 895 1896 δὲ
923 1843 1166 1914 χαλινοῦ.
1195 1847 1258 1898 Οἱ
1311 1845 1410 1914 μὲν
1453 1845 1560 1914 γάρ
1592 1845 1698 1896 είσι
1728 1843 1922 1907 νωθεῖς
1957 1839 1967 1894 l

2035 1861 2236 1918 guntur
2261 1868 2276 1916 ;
2305 1853 2392 1906 alii
2433 1854 2656 1918 calcari,
2679 1855 2771 1908 alii
2798 1855 2951 1909 freno
2983 1867 3141 1923 egent
3167 1873 3181 1921 ;
3205 1858 3296 1910 alii
3320 1859 3466 1912 enim
3491 1869 3620 1912 sunt

342 1939 436 1990 καὶ
463 1937 778 2006 δυσκίνητοι
807 1937 943 2007 πρὸς
970 1937 1030 1989 τὸ
1076 1937 1260 1998 καλὸν,
1299 1938 1347 1989 οἱ
1379 1936 1432 1988 δὲ
1471 1935 1792 2004 θερμότεροι
1826 1933 1919 1988 τοῦ

347 2028 548 2098 μέτρου
577 2027 671 2080 καὶ
699 2019 1058 2080 δυσκάθεκτοι
1082 2025 1202 2090 ταῖς
1232 2029 1450 2099 ὁρμαῖς,
1477 2027 1731 2096 καθάπερ
1753 2025 1923 2079 πῶλοι

341 2121 579 2186 γενναῖοι
616 2119 806 2188 πόρρω
863 2119 960 2186 τῆς
1015 2119 1218 2186 νύσσης
1268 2119 1503 2182 θέοντες,
1538 2117 1632 2179 οὓς
1682 2119 1924 2187 βελτίους

344 2211 412 2264 ἀν
437 2211 718 2280 ποιήσειεν
752 2202 993 2278 ἐλέγχων
1027 2210 1123 2262 καὶ
1148 2211 1472 2264 ἀνακόπτων
1503 2213 1530 2263 ὁ
1561 2211 1744 2279 λόγος.

415 2377 586 2448 Οὗτος
610 2385 736 2456 ὅρος
767 2387 952 2455 πάσης
981 2385 1364 2456 πνευματικῆς
1409 2388 1750 2458 προστασίας
1790 2397 1928 2443 παν-

345 2477 508 2548 ταχοῦ
537 2478 597 2530 τὸ
639 2476 764 2531 καθ’
808 2477 1002 2533 ἑαυτὸν
1033 2479 1285 2549 παρορᾷν
1317 2481 1454 2550 πρὸς
1506 2481 1566 2532 τὸ
1595 2480 1705 2534 τῶν
1746 2481 1928 2536 ἄλλων

349 2569 653 2640 συμφέρον.

417 2661 636 2716 Παίδων
671 2660 954 2732 φείδεσθαι
990 2660 1260 2733 πατρικὸς
1295 2663 1483 2730 νόμος.

415 2749 572 2820 Μήτε
605 2750 702 2820 τῆς
725 2751 784 2802 οὐ
819 2749 1114 2819 διδομένης
1138 2749 1393 2817 ἐφίεσθαι
1425 2751 1532 2822 χρὴ
1567 2753 1926 2823 προστασίας,

351 2841 488 2914 μήτε
536 2841 874 2896 ἀπωθεῖσθαι
919 2842 1019 2913 τὴν
1055 2841 1362 2914 διδομένην.
1395 2841 1470 2897 Τὸ
1513 2843 1614 2913 μὲν
1643 2845 1752 2916 γάρ
1779 2847 1929 2900 ἐστιν

350 2953 619 3026 θρασέων,
663 2955 727 3008 τὸ
771 2953 828 3008 δὲ
882 2954 1150 3022 ἀπειθῶν,
1206 2955 1301 3010 καὶ
1359 2953 1704 3010 ἀπαιδεύτων
1748 2955 1930 3026 ἀμφό-

348 3065 517 3203 "Elui;
534 3137 603 3193 τά
640 3128 873 3208 μέγιστοι
901 3139 958 3191 ἐν
987 3136 1166 3208 χερσὶ,
1196 3140 1290 3191 καὶ
1317 3138 1376 3191 ὲν
1398 3135 1477 3201 οἷς
1505 3137 1566 3191 τὸ
1596 3138 1706 3192 πᾶν
1730 3139 1930 3194 ταλαν-

347 3229 586 3297 τεύεται,
619 3230 833 3294 τούτοις
858 3230 1093 3300 μάλιστα
1127 3231 1478 3301 φροντιστέον
1505 3231 1667 3298 Θεοῦ,
1699 3231 1795 3286 καὶ
1828 3233 1926 3302 τῆς
1956 3198 1998 3257 C‘

349 3321 600 3377 ἐντεῦθεν
633 3324 978 3392 ἐπικουρίας.

420 3409 588 3467 Οὐδὲν
644 3413 788 3466 οὕτω
820 3413 998 3468 πείθει
1043 3414 1170 3478 τοὺς
1228 3413 1479 3480 πολλοὺς,
1527 3415 1604 3479 ὡς
1654 3413 1856 3486 πρᾶξις
1895 3417 1928 3487 ή

354 3503 618 3557 σιωπῶσα
644 3501 994 3574 παραίνεσιν.

422 3597 612 3666 Τροφὴ
649 3596 862 3650 καὶτοῦ
898 3599 1193 3668 τρέφοντός
1224 3600 1374 3652 ἐστιν
1403 3602 1436 3668 ή
1469 3599 1690 3666 δίδαξις.

424 3691 682 3760 Τοσούτῳ
726 3691 1002 3762 ἀνώτερον
1039 3692 1315 3762 βασιλείας
1350 3693 1584 3762 ἕστηκεν
1633 3690 1925 3762 ἱερωσύνη,

353 3783 476 3837 ὅσον
515 3783 827 3855 πνεύματος
853 3787 948 3838 καὶ
980 3786 1182 3856 σαρκὸς
1217 3787 1278 3837 τὸ
1309 3786 1495 3856 μέσον.

425 3961 635 4031 Πολλὴν
669 3963 769 4033 μὲν
801 3965 897 4034 τὴν
939 3965 1178 4029 σύνεσιν,
1214 3965 1414 4036 πολλὴν
1441 3965 1498 4019 δὲ
1531 3965 1635 4036 πρδ
1665 3965 1761 4034 τῆς
1807 3983 1932 4017 συν-

353 4056 521 4120 έσεως
544 4058 640 4126 τὴν
677 4060 826 4127 παρᾶ
857 4058 948 4110 τοῦ
981 4059 1117 4111 Θεοῦ
1159 4060 1342 4129 χάριν,
1389 4059 1485 4113 καὶ
1513 4061 1729 4128 τρόπων
1779 4059 1934 4128 ὀρθό-

351 4167 512 4214 τητα,
555 4152 646 4202 καὶ
671 4152 1021 4222 καθαρότητα
1053 4152 1191 4216 βίου,
1216 4152 1310 4206 καὶ
1343 4152 1568 4222 μείζονα
1602 4152 1634 4222 ἢ
1669 4152 1808 4204 κατά
1841 4151 1935 4204 ἄν·

353 4243 572 4313 θρωπον
625 4243 769 4314 ἔχειν
815 4245 898 4297 δεῖ
942 4245 1040 4314 τὴν
1087 4247 1310 4315 ἀρετὴν,
1338 4245 1431 4298 τὸν
1483 4245 1582 4315 τῆς
1635 4243 1933 4315 ἱερωσύνης

353 4333 752 4403 ἀναδεχόμενον
785 4336 884 4403 τὴν
910 4334 1192 4403 φροντίδα.

427 4424 548 4479 Τῶν
578 4425 816 4479 ἀκτίνων
852 4425 1032 4480 αὐτῶν
1057 4427 1450 4498 καθαρωτέραν
1481 4427 1576 4482 τοῦ
1610 4424 1800 4496 ἱερέως
1835 4422 1932 4492 τὴν

352 4515 534 4587 ψυχὴν
571 4510 711 4569 εἶναι
746 4516 846 4569 δεῖ.

425 4610 606 4672 Μέσος
653 4608 752 4662 τοῦ
782 4608 920 4662 Θεοῦ
953 4611 1047 4664 καὶ
1093 4611 1192 4679 τῆς
1222 4609 1332 4664 τῶν
1365 4610 1672 4681 ἀνθρώπων
1715 4611 1934 4682 φύσεως

353 4701 584 4770 ἕστηκεν
610 4703 638 4754 ὁ
692 4702 891 4771 ἱερεὺς,
918 4702 1014 4763 τὰς
1057 4702 1266 4754 ἐκεῖθεν
1294 4703 1459 4769 τιμὰς
1490 4702 1748 4770 κατάγων
1797 4702 1935 4774 πρὸς

352 4796 524 4864 ἡμᾶς,
564 4793 657 4846 καὶ
690 4794 787 4855 τάς
821 4793 958 4865 παρ’
991 4795 1152 4863 ἡμῶν
1205 4795 1489 4864 ἱκετηρίας
1535 4797 1758 4862 ἀνάγων
1791 4797 1932 4850 ικεῖ.

432 4885 640 4955 Πολλῆς
672 4887 770 4954 τῆς
816 4887 874 4938 ὲν
915 4885 995 4956 τῷ
1029 4885 1209 4954 λέγειν
1245 4885 1530 4955 δυνάμεως
1559 4888 1718 4955 χρεία
1753 4886 1828 4956 τῷ
1860 4887 1936 4940 ἱεο

358 4979 464 5046 ρεῖ.
508 4975 670 5030 Ἀλλὰ
705 4976 799 5028 καὶ
833 4977 1039 5048 σφόδρα
1081 4977 1346 5048 ἔμπειρον
1387 4971 1530 5030 εἶναι
1563 4977 1645 5030 δεῖ
1677 4977 1780 5047 τῆς
1823 4977 1940 5031 δια-

356 5067 642 5137 λεκτικῆς.

429 5158 521 5228 Μὴ
549 5157 704 5229 ζήτει
757 5157 1010 5226 γενέσθαι
1038 5157 1253 5229 κριτὴς,
1288 5158 1336 5210 εί
1380 5157 1457 5228 μὴ
1491 5154 1701 5226 ίσχύεις
1743 5156 1938 5227 ἐξᾶραι

359 5249 609 5307 ἀδικίαν.

431 5343 524 5413 Μὴ
560 5341 717 5413 ζήτει
749 5339 1012 5410 γενέσθαι
1037 5339 1382 5403 διδάσκαλος,
1415 5340 1464 5392 εί
1487 5339 1586 5409 τῆς
1633 5340 1727 5393 τοῦ
1759 5339 1942 5410 πράγ-

366 5451 536 5506 ματος
587 5435 792 5506 ἀρετῆς
841 5434 1092 5505 ἀπέχεις,
1125 5433 1263 5488 ἀλλά
1314 5433 1605 5503 ἑλκόμενος
1661 5431 1940 5502 ἀποπήδα.

453 5529 832 5582 Ἐπικίνδυνον
856 5526 966 5597 γὰρ
987 5526 1079 5580 τὸν
1119 5525 1194 5596 μὴ
1221 5525 1308 5578 διὰ
1341 5527 1436 5578 τοῦ
1477 5523 1783 5596 πρακτικοῦ
1817 5525 1936 5596 βίον

369 5619 672 5688 ἀναχθέντα
702 5617 978 5670 διδάσκειν
1019 5617 1349 5685 ἐπιχειρεῖν.

439 5712 502 5764 Οί
533 5711 633 5780 μὲν
663 5710 769 5779 γὰρ
828 5709 977 5761 ἄλλοι
1021 5709 1287 5778 μυριάκις
1340 5705 1648 5768 πίπτοντες,
1691 5703 1943 5759 δύνανται
1989 5741 1998 5750 ι

370 5807 554 5876 τυχεῖν
585 5799 944 5873 συγγιὼμηςε
983 5803 1010 5856 ὁ
1039 5801 1091 5856 δὲ
1116 5799 1431 5864 διδάσκαλος
1462 5799 1558 5855 ἐὰν
1583 5798 1738 5854 τοῦτο
1772 5800 1942 5869 πάθῃ,

2031 1956 2230 2010 segnes
2264 1955 2313 1997 et
2341 1943 2638 2000 didiciliter
2669 1947 2733 2001 ad
2757 1948 2986 2002 honesta
3043 1949 3365 2016 incitantur,
3399 1949 3490 2004 alii
3519 1967 3618 2006 su-

2034 2049 2125 2103 pra
2162 2036 2380 2090 modum
2428 2037 2624 2104 calent,
2663 2040 2822 2093 ctiam
2862 2040 3286 2109 appetitiooihus
3313 2040 3618 2110 ellrcnatis,

2032 2126 2493 2195 quemadmodum
2528 2131 2779 2201 generosi
2819 2133 2946 2201 equi
2978 2133 3118 2186 ultra
3152 2143 3351 2188 metam
3386 2149 3616 2188 curren-

2033 2226 2138 2282 tes,
2163 2234 2301 2288 quos
2339 2222 2588 2278 meliores
2620 2223 2842 2291 efﬁcias,
2871 2225 2916 2280 si
2943 2225 3126 2286 verbis
3155 2227 3518 2296 reprehendas
3553 2241 3618 2282 ac

2033 2319 2182 2368 retro
2212 2313 2479 2370 inhibeas.

2108 2403 2206 2461 llic
2244 2409 2624 2464 est'terminus
2665 2409 2910 2480 cujusvis
2949 2410 3214 2480 spiritalis
3253 2412 3613 2480 prazlecturae,

2035 2493 2240 2565 ubique
2271 2511 2370 2553 sua
2407 2498 2678 2569 negligere
2699 2500 2765 2554 ad
2797 2500 3030 2560 aliorum
3060 2502 3372 2558 utilitatem.

2108 2675 2324 2733 Liberis
2355 2693 2579 2748 parcere
2605 2690 2820 2750 patrum
2854 2690 2938 2738 est
2958 2681 3042 2738 lex
3070 2691 3124 2738 et
3148 2684 3512 2742 consuetudo.

2105 2768 2294 2839 Neque
2321 2787 2440 2826 eam
2472 2787 2594 2842 qua).
2626 2787 2733 2828 non
2763 2773 2926 2829 datur
2957 2774 3278 2844 praefectura
3339 2792 3619 2847 appetere,

2044 2876 2218 2933 neque
2237 2878 2356 2919 eam
2387 2879 2507 2934 qua:
2554 2864 2714 2919 datur
2765 2866 3054 2935 repudiare
3109 2867 3374 2922 debemus
3406 2908 3422 2923 .
3473 2868 3610 2924 illud

2037 2963 2122 3010 est
2147 2954 2292 3010 enim
2329 2957 2644 3023 audacium,
2678 2956 2786 3014 hoc
2815 2973 2946 3013 vero
2984 2958 3271 3015 rebellium
3318 2967 3375 3014 et
3425 2970 3618 3015 contu-

2038 3043 2301 3108 macium,
2331 3052 2626 3116 utrumque
2656 3043 3041 3102 indoctorum.

2112 3137 2216 3204 Qui
2250 3152 2337 3194 res
2363 3138 2628 3193 maximas
2658 3147 2915 3206 tractant,
2933 3141 3139 3212 quique
3156 3155 3335 3198 rerum
3351 3155 3618 3198 summam

2036 3238 2226 3284 tenent
2285 3238 2341 3285 et
2392 3239 2660 3300 tanquam
2724 3231 2965 3300 pondere
3013 3232 3233 3298 librant,
3287 3234 3322 3287 ii
3382 3235 3620 3289 maxime

2031 3322 2202 3378 Deum
2222 3335 2418 3376 curare
2447 3329 2502 3376 et
2543 3322 2612 3377 ab
2655 3323 2746 3378 illo
2783 3321 3046 3378 auxilium
3078 3333 3261 3392 petere
3290 3324 3506 3380 debent.

2103 3410 2248 3466 Nihil
2283 3422 2390 3466 tam
2427 3422 2608 3468 movet
2631 3414 2846 3485 vulgus,
2889 3421 3052 3484 atque
3082 3415 3226 3468 actio
3282 3429 3404 3484 qua:
3425 3425 3510 3470 est
3533 3423 3617 3470 ta-

2032 3505 2139 3557 cita
2182 3505 2512 3560 admonitio.

2107 3596 2438 3650 Alimentum
2475 3595 2639 3650 etiam
2667 3597 2866 3652 alentis
2907 3606 2992 3653 est
3021 3599 3292 3654 doctrina.

2103 3686 2452 3758 S.Chrysost.
2494 3685 2671 3742 Tanto
2717 3698 2797 3744 est
2848 3690 3101 3758 superius
3146 3705 3313 3759 regno
3363 3693 3618 3750 sacerdo-

2037 3781 2195 3844 tium,
2223 3791 2482 3850 quantum
2521 3789 2604 3836 est
2655 3780 2798 3836 inter
2829 3781 3082 3850 spiritum
3113 3792 3167 3838 et
3205 3797 3420 3839 carnem
3445 3785 3618 3843 inter-

2035 3870 2262 3924 vallum.

2105 3961 2224 4016 Non
2260 3963 2437 4018 solum
2462 3962 2838 4033 sagacitatem,
2876 3965 2967 4020 sed
2983 3965 3144 4023 etiam
3170 3976 3330 4021 antea
3354 3983 3610 4039 magnam

2035 4073 2064 4111 a
2094 4055 2201 4110 Deo
2227 4058 2455 4126 gratiam
2496 4057 2728 4126 vitatque
2762 4075 2942 4113 mores
2987 4072 3164 4116 rectos
3201 4071 3257 4116 et
3291 4079 3483 4130 puros,
3553 4080 3618 4119 ac

2034 4148 2290 4202 virtutem
2327 4148 2621 4202 humanam
2671 4151 2930 4220 majorem
2989 4153 3186 4208 habere
3247 4156 3404 4210 decet
3458 4171 3604 4220 eum,

2036 4241 2129 4309 qui
2163 4239 2452 4294 sacerdotii
2488 4256 2676 4294 curam
2725 4243 2979 4312 suscipit.

2107 4415 2294 4471 Radiis
2317 4416 2450 4486 ipsis
2479 4417 2667 4488 purior
2701 4433 2823 4474 esse
2872 4419 3030 4475 debet
3098 4422 3284 4475 anima
3353 4425 3614 4481 sacerdoa

1967 4534 2012 4587 ο
2041 4508 2131 4562 tis.

2109 4599 2318 4656 Medius
2353 4601 2492 4656 inter
2525 4601 2696 4656 Deum
2727 4611 2782 4659 et
2813 4602 3092 4658 hominum
3114 4615 3366 4660 naturam
3395 4616 3502 4662 stat
3529 4623 3618 4663 sas

2039 4693 2258 4758 cei-dos,
2284 4691 2549 4746 benelieia
2582 4693 2732 4748 illinc
2777 4696 2842 4748 ad
2914 4710 3018 4749 nos
3047 4695 3343 4763 deducens,
3403 4710 3456 4752 et
3488 4714 3618 4769 sup.

2040 4785 2210 4855 plices
2242 4793 2461 4839 nostras
2503 4785 2900 4853 postulationes
2938 4785 3067 4842 illuc
3104 4787 3439 4844 subduceris.

2114 4877 2304 4948 Magna
2323 4877 2537 4932 dicendi
2571 4879 2828 4933 facultate
2861 4880 3130 4934 sacerdoti
3161 4890 3244 4936 est
3269 4897 3428 4950 opus,
3456 4885 3620 4955 quin-

2039 4968 2202 5024 etiam
2264 4969 2577 5025 dialectices
2605 4970 2757 5025 valde
2789 4972 3026 5041 peritum
3052 4985 3175 5028 esse
3201 4981 3438 5042 oportet.

2111 5149 2282 5205 Eccli.
2317 5167 2412 5206 vn.
2450 5149 2568 5207 Noli
2600 5151 2714 5208 lieri
2743 5151 2937 5224 judex,
2972 5154 3018 5209 si
3063 5153 3387 5224 injustitiam
3431 5155 3620 5213 tollere

2043 5258 2150 5297 non
2185 5252 2362 5311 potes.

2115 5335 2236 5390 Noli
2273 5352 2392 5392 esse
2412 5337 2624 5405 doctor,
2649 5339 2694 5394 si
2724 5353 2754 5394 a
2791 5339 2869 5395 rei
2910 5340 3109 5397 virtute
3136 5341 3288 5409 abes,
3322 5341 3421 5398 sed
3447 5344 3613 5399 etiam

2045 5428 2092 5483 si
2120 5430 2358 5485 traharis
2389 5431 2621 5485 resilito.

2117 5521 2495 5576 Periculosum
2522 5530 2758 5576 estequ
2799 5523 2891 5593 qui
2918 5539 3024 5578 non
3069 5525 3141 5578 sit
3199 5525 3252 5579 in
3281 5539 3465 5580 rerum
3525 5538 3620 5580 ac:

2047 5611 2195 5668 liOue
2236 5621 2510 5675 versatus,
2545 5611 2777 5666 docendi
2814 5628 3016 5668 munus
3057 5613 3360 5684 suscipere.

2121 5705 2235 5760 Etsi
2277 5707 2421 5760 enim
2448 5705 2540 5760 alii
2583 5704 2781 5760 millies
2833 5706 3105 5771 labantur,
3177 5713 3407 5775 possunt
3437 5712 3620 5760 tamen

2050 5801 2262 5860 veniam
2304 5803 2598 5872 impetrare
2629 5818 2642 5854 :
2680 5808 2734 5856 at
2768 5801 2959 5856 doctor
2990 5801 3037 5856 si
3067 5801 3209 5857 istud
3264 5800 3314 5857 ei
3337 5799 3620 5866 acciderit.
