4056 6426
402 413 531 480 10°21

1281 410 1443 472 LUC!
1489 409 2028 469 Cl).‘il.‘dUNES.-'
2057 407 2250 466 PARS
2289 409 2361 468 il.
2396 408 2652 468 SERMO
2696 411 2790 470 iV.

3486 417 3630 477 102'!

394 533 503 586 τῶν
533 526 729 582 ἑαυτοῦ
747 547 759 558 ·
794 527 944 580 οὐδὲν
970 528 1164 579 τούτου
1191 525 1268 596 τῷ
1292 525 1410 596 Θεῷ
1442 525 1844 595 προτιμότερον
1872 539 1968 575 και

2089 522 2281 585 gerito;
2320 523 2529 575 nullum
2564 533 2645 576 est
2681 523 2789 577 Dcu
2815 525 3050 580 ofﬁciunt
3095 528 3196 582 hoc
3250 530 3459 600 gratius
3496 531 3656 602 137

393 621 680 689 τὸρθωμα.

477 713 537 760 ὐ
571 710 681 778 γὰρ
704 707 896 760 ἑαυτὸν
923 706 1110 760 ἀσκῶν
1133 707 1213 770 είς
1242 704 1436 760 ἐαυτὸν
1466 704 1627 774 μόνον
1659 704 1970 773 περιίστησι

391 799 492 871 τὴν
523 799 794 865 ὠφέλειαν
820 813 834 826 ·
865 797 922 848 τὸ
953 797 1011 850 δὲ
1065 798 1172 866 τῆς
1228 796 1601 866 ποιμαντικῆς
1647 795 1839 864 κέρδος
1891 793 1970 855 είς

392 893 614 946 ἅπαντα
644 887 910 942 διαϐαίνει
945 889 1038 942 τὸν
1061 888 1211 942 λαόν.

465 982 626 1036 Οῦτω
671 980 779 1051 χρὴ
812 980 904 1034 τὸν
938 980 1092 1050 ίερέα
1123 979 1428 1034 διακεῖσθαι
1461 978 1599 1050 πρὸς
1629 977 1759 1040 τοὺς
1803 976 1970 1046 ἀρχο-

396 1078 614 1146 μένους,
648 1074 960 1145 ὡσπερανεὶ
982 1073 1168 1144 πατὴρ
1194 1073 1329 1144 πρὸς
1357 1073 1553 1136 παῖδας
1575 1071 1716 1140 ἄγαν
1744 1069 1971 1141 νηπίους

331 1161 341 1171 ’
391 1169 687 1223 διάκειται.
725 1168 835 1219 Καὶ
881 1165 1138 1236 καθάπερ
1173 1166 1398 1220 ἐκείνων
1441 1164 1566 1218 οὔτε
1599 1163 1969 1232 πληττόντων,

389 1260 515 1314 οὔτε
562 1259 906 1330 ὀδυρομένων
955 1258 1441 1328 ἀποστρεφόμεθα,
1491 1257 1609 1311 ἀλλ’
1643 1254 1765 1309 οὐδὲ
1807 1253 1973 1325 ἡνίκα

394 1354 465 1407 ἂν
494 1351 714 1420 γελῶσι,
753 1351 896 1422 μέγα
933 1352 1028 1404 ἐπὶ
1061 1351 1237 1421 τούτῳ
1285 1351 1485 1420 φρονοῦ
1498 1351 1595 1420 μέν
1629 1364 1759 1401 ποτε
1781 1361 1795 1375 ο
1829 1345 1973 1398 οὕτω

391 1448 490 1500 καὶ
541 1445 750 1498 τούτων
803 1447 943 1516 μήτε
974 1446 1088 1506 τοῖς
1135 1444 1379 1507 ἐπαίνοις
1428 1441 1791 1510 ἐξογκοῦσθαι
1837 1438 1968 1508 χρὴ.

397 1538 540 1606 μήτε
573 1535 944 1590 καταπίπτειν
973 1536 1086 1598 τοῖς
1114 1533 1326 1604 ψόγοις,
1351 1535 1481 1589 ὅταν
1507 1533 1751 1604 ἀκαίρως
1779 1531 1972 1602 γίνων-

393 1643 489 1679 ται
519 1627 648 1694 παρ’
680 1625 885 1679 αὐτῶν.

470 1809 532 1862 Et
563 1809 591 1861 ό
636 1807 987 1878 πατριάρχης
1019 1806 1219 1860 Ἰακὼϐ
1273 1805 1609 1876 θρεμμάτων
1668 1797 1969 1871 προεστὼς,

2072 617 2125 663 et
2155 610 2375 675 majoris
2434 613 2736 681 dignitatis.

2145 699 2321 757 ICor.
2356 718 2431 759 tv.
2465 705 2568 770 Qui
2617 706 2857 775 seipsum
2921 721 3157 776 exercet,
3216 712 3316 767 soli
3373 713 3474 768 sibi
3525 730 3656 784 pro-

2073 791 2215 859 deSI,
2255 802 2310 848 at
2349 795 2484 850 artis
2513 798 2773 866 pascendi
2801 799 3010 854 lucrum
3059 802 3113 856 in
3171 813 3341 857 totum
3397 809 3654 876 populum

2074 895 2282 939 manat.

2149 974 2242 1031 Sic
2271 977 2428 1033 decet
2455 982 2800 1037 sacerdotem
2852 1000 2976 1055 erga
3039 1000 3135 1040 eos
3198 988 3401 1056 quibus
3461 988 3650 1056 praesit.

2074 1066 2326 1122 affectum
2353 1086 2495 1134 esse,
2539 1082 2594 1127 ut
2618 1082 2773 1142 pater
2801 1090 2930 1143 erga
2976 1077 3115 1132 ﬁlios
3149 1093 3374 1146 prorsus
3415 1079 3655 1133 infantes

2076 1161 2215 1214 solet
2249 1160 2410 1216 aﬂici.
2442 1162 2511 1218 Et
2539 1167 2998 1232 quemadmodum
3027 1169 3093 1223 ab
3117 1169 3220 1224 illis
3238 1186 3411 1238 neque
3444 1180 3658 1225 certan-

2077 1250 2222 1306 tibus
2244 1251 2322 1324 (l)
2359 1269 2535 1324 neque
2563 1256 2818 1312 ﬂentibus
2834 1258 3188 1323 discedimus,
3212 1277 3274 1316 ac
3306 1277 3372 1317 ne
3403 1271 3512 1316 tum
3537 1263 3658 1332 qui-
3736 1242 3738 1246 τ

2075 1342 2195 1396 dem
2231 1360 2354 1398 cum
2375 1346 2575 1412 rident,
2609 1349 2678 1403 ob
2711 1350 2947 1420 idipsum
2977 1352 3329 1420 superbiinus
3353 1363 3406 1406 et
3442 1356 3658 1418 magni-

2078 1431 2175 1485 lice
2209 1431 2277 1486 de
2320 1435 2477 1490 nobis
2504 1439 2771 1492 sentimus
2807 1453 2822 1492 :
2853 1441 2932 1493 sic
2962 1450 3014 1493 et
3045 1440 3239 1494 horum
3277 1457 3450 1511 neque
3481 1443 3660 1496 laudi-

2074 1519 2176 1576 bus
2215 1522 2416 1589 inﬂari,
2445 1543 2624 1598 neque
2674 1530 3173 1598 vituperatiouibus
3215 1533 3410 1586 animis
3473 1534 3661 1587 conci-

2073 1613 2204 1666 dere
2236 1614 2520 1682 debemus,
2552 1634 2673 1672 cum
2701 1620 2753 1673 id
2810 1620 3187 1691 intempestive
3234 1623 3382 1677 nulla
3415 1638 3444 1676 a
3503 1625 3661 1679 nobis

2077 1706 2364 1762 occasione
2396 1711 2623 1777 praebita
2655 1711 2849 1766 abillis
2889 1715 2968 1768 tit.

2149 1797 2282 1854 Ceu.
2313 1815 2506 1855 xxxiii.
2537 1801 2592 1855 Si
2617 1804 2930 1872 patriarcha
2965 1804 3131 1859 Jacob
3182 1806 3484 1876 pecudibus
3519 1820 3664 1874 prae-

396 1901 652 1972 πρόϐατα
679 1902 851 1966 ἄλογα
892 1901 1128 1968 βόσκων,
1163 1898 1259 1952 καὶ
1284 1896 1597 1966 ἀνθρώποις
1637 1894 1850 1958 μέλλων
1878 1891 1971 1941 εύι

2089 1885 2252 1943 iectus
2278 1903 2406 1944 oves
2443 1892 2674 1947 rationis
2727 1905 2981 1962 expertes
3022 1909 3253 1963 pascens
3283 1904 3449 1965 atque
3482 1896 3532 1949 id
3564 1895 3664 1948 hc-

397 1993 563 2053 θύνας
611 1991 834 2050 διδόναι,
873 1990 968 2043 καὶ
1029 1989 1233 2051 νύκτας
1283 1988 1555 2047 όινύπνους
1601 1981 1974 2052 δ.ήνυσε,καὶ

2089 1979 2314 2034 niuibus
2343 1980 2604 2035 rationem
2643 1983 2973 2050 redditurus,
3029 1997 3085 2039 et
3136 1994 3328 2038 noctes
3379 1985 3663 2038 insomnes

395 2085 659 2153 καύματα
712 2083 804 2135 καὶ
833 2081 1022 2150 κρύος,
1061 2082 1155 2133 καὶ
1189 2081 1375 2133 πᾶσαν
1417 2079 1599 2146 ἀέρων
1650 2072 1974 2142 ἀνωμαλίαν

2089 2072 2250 2138 luxit,
2277 2080 2330 2125 et
2361 2082 2553 2126 :eslum
2586 2085 2636 2126 et
2665 2075 2860 2144 frigus,
2901 2085 2956 2130 et
2986 2076 3234 2147 quamvis
3265 2076 3411 2130 aeris
3466 2075 3664 2128 intem-

398 2174 619 2243 ἔφερεν,
655 2171 795 2224 ὥστε
830 2171 996 2240 μηδὲν
1033 2168 1456 2236 παραπολέσθαι
1490 2168 1597 2216 τῶν
1631 2163 1975 2233 θρεμμάτων

400 2266 665 2320 ἐκείνωνο
712 2262 896 2331 πολλῷ
957 2263 1160 2330 μᾶλλον
1212 2261 1385 2329 ἡμᾶς,
1432 2259 1558 2319 τοὺς
1616 2257 1716 2308 οὐκ
1765 2254 1977 2322 ἀλόγων

404 2357 744 2425 ἐφεστῶτας,
792 2353 931 2406 ἀλλὰ
957 2351 1244 2422 πατρικῶν
1281 2351 1591 2418 προϐάτων,
1631 2348 1723 2400 καὶ
1754 2346 1854 2397 οὑκ
1885 2347 1979 2398 άν-

404 2450 666 2522 θρώποις,
695 2449 834 2504 ἀλλὰ
870 2446 988 2517 Θεῷ
1017 2450 1118 2514 τῆς
1157 2445 1489 2504 ¹ἐπιστασίας
1529 2442 1732 2510 ταύτης
1775 2440 1981 2492 διδόναι

409 2545 706 2615 μέλλοντας
748 2539 1000 2604 εὐθύνας,
1065 2538 1202 2609 πρὸς
1241 2537 1394 2589 οὐδὲν
1441 2535 1618 2588 ὀκιεῖν
1673 2535 1706 2604 ἢ
1755 2531 1983 2586 ἀναδύεο

404 2639 530 2691 σθαι
577 2636 706 2705 χρὴ,
751 2633 860 2685 τῶν
914 2631 1232 2699 δυναμένων
1287 2627 1571 2697 ὠφελῆσαι
1626 2628 1693 2681 τὰ
1725 2625 1978 2695 ποίμνια.

417 2723 560 2784 Ἀλλ’
595 2728 718 2779 ὅσον
754 2723 974 2793 βελτίων
999 2720 1139 2792 αὕτη
1167 2721 1201 2790 ἡ
1234 2719 1436 2789 ποίμνη
1464 2719 1704 2789 ἐκείνης,
1735 2718 1831 2770 καὶ
1857 2717 1984 2770 ἀλό-

402 2839 518 2890 γων
547 2819 848 2889 ἄνθρωποι,
878 2815 974 2867 καὶ
1009 2812 1315 2882 ἀνθρώπων
1355 2812 1487 2874 Θεός
1511 2826 1525 2840 ⁶
1555 2809 1698 2864 οὕτω
1718 2811 1813 2861 καὶ
1832 2809 1983 2878 ἡμᾶς

407 2914 595 2966 πλεῖον
629 2909 985 2978 σφοδρότερον
1012 2905 1112 2975 τὴν
1146 2903 1386 2973 σπουδὴν
1412 2907 1507 2957 καὶ
1536 2903 1637 2974 τὴν
1665 2899 1982 2972 προθυμίαν

407 3000 824 3056 ἐπιδείκνυσθαι
855 2997 985 3068 χρὴ.
1128 3057 1133 3063 ,

892 3083 1186 3141 Ἐνταῦθα
1213 3083 1406 3139 λείπει
1427 3100 1505 3140 τι.

2078 2163 2284 2232 periem
2319 2164 2546 2229 ferebat,
2572 2174 2631 2218 ut
2660 2167 2805 2220 nulla
2840 2183 2907 2221 ex
2941 2167 3047 2222 illis
3091 2168 3388 2236 pecudibus
3417 2169 3615 2236 periret
3645 2182 3661 2218 :

2081 2269 2180 2309 nos
2211 2257 2302 2323 qui
2333 2272 2439 2310 noli
2468 2258 2696 2312 rationis
2725 2260 3046 2328 expertibus
3083 2275 3411 2330 praesumus,
3436 2259 3528 2312 sed
3567 2273 3665 2326 pa—

2082 2346 2251 2400 teinis
2274 2348 2486 2415 ovibus,
2531 2364 2631 2405 nec
2692 2350 3030 2418 hominibus,
3067 2353 3162 2408 sed
3221 2350 3333 2406 Deo
3396 2350 3664 2404 rationi-in

2083 2436 2369 2506 reddituri,
2397 2440 2569 2495 multo
2595 2443 2768 2511 magis
2787 2443 3050 2499 debemus
3082 2443 3217 2497 nihil
3236 2451 3456 2515 gravate
3482 2444 3667 2498 facere

2085 2541 2180 2584 aut
2209 2546 2462 2588 recusare
2492 2535 2792 2605 quidquam
2824 2551 3015 2591 eorum
3061 2552 3189 2608 quae
3226 2537 3476 2609 gregibus
3535 2551 3667 2607 pro-

2083 2619 2241 2677 desse
2268 2633 2514 2692 possunt.
2559 2623 2664 2680 Sed
2689 2637 2894 2696 quanto
2928 2629 3015 2683 hic
3046 2644 3182 2698 grex
3209 2629 3324 2694 illo,
3345 2629 3668 2683 ethomiues

2085 2713 2283 2778 brutis,
2319 2724 2376 2769 et
2408 2716 2728 2774 hominibus
2761 2719 2906 2775 Deus
2933 2729 3175 2790 praestat.
3205 2732 3356 2776 tanto
3391 2737 3492 2777 nos
3549 2721 3664 2775 ala-

2087 2803 2235 2858 crius
2263 2811 2319 2858 et
2355 2805 2730 2864 vehementius
2784 2809 2841 2863 in
2884 2811 2989 2866 hoc
3050 2811 3294 2866 studium
3347 2811 3668 2866 incumbere

2088 2895 2370 2951 debemus.

2581 3081 2777 3137 Desunt
2803 3081 2887 3136 hic
2906 3082 3168 3153 quadam.

480 3180 626 3242 Τοὺς
655 3178 751 3232 ἐπὶ
805 3175 905 3248 τὴν
956 3174 1381 3244 παναγεστάτην
1437 3171 1616 3234 ἰόντας
1670 3166 1983 3240 ἱερουργίαν

2162 3170 2434 3242 Dionysii.
2455 3171 2558 3237 Qui
2583 3171 2650 3226 ad
2672 3172 3026 3242 purissimum
3055 3173 3318 3229 accedunt
3338 3174 3668 3231 sacrificium

411 3270 864 3342 ἀποκεκαθάρθαι
921 3268 1002 3321 δεῖ
1061 3270 1158 3322 καὶ
1207 3268 1305 3328 τὰς
1369 3263 1609 3334 ἐσχάτας
1661 3263 1760 3332 τῆς
1807 3259 1986 3330 ψυχῆς

412 3364 716 3436 φαντασίας
744 3363 841 3416 καὶ
871 3358 1222 3430 ὁμοιότητας,
1253 3359 1349 3411 καὶ
1375 3355 1551 3418 οὕτως
1577 3355 1716 3426 αὐτῇ
1755 3355 1904 3408 κατὰ
1926 3352 1988 3406 τὸ

412 3454 634 3511 δυνατὸν
664 3452 967 3523 προσιέναι.

484 3547 644 3614 Λόγῳ
676 3545 776 3614 μὲν
809 3545 909 3613 τὴν
939 3543 1141 3614 ἀρετὴν
1196 3541 1443 3608 δίδασκε,
1477 3539 1624 3612 ἔργῳ
1669 3539 1728 3592 δὲ
1780 3537 1988 3611 ταύτην

413 3643 684 3708 κήρυσσε.

379 3759 390 3772 ι
491 3734 566 3785 Οὑ
598 3729 704 3802 χρὴ
730 3729 841 3784 τῶν
879 3728 1075 3799 ἱερέων
1103 3727 1172 3780 τὰ
1205 3725 1656 3796 πλημμελήματα
1683 3723 1822 3794 δῆλα
1847 3722 1990 3792 γίνε-

415 3822 540 3876 σθαι
563 3826 678 3884 τοῖς
708 3821 950 3885 πολλοῖς,
985 3817 1076 3872 ’ίνα
1117 3819 1214 3889 μὴ,
1255 3815 1558 3872 σκανδάλου
1603 3815 1877 3886 πρόφασιν
1907 3815 1990 3866 ὲν-

414 3915 608 3968 τεῦθεν
662 3913 1060 3982 λαμϐάνοντες,
1093 3910 1263 3972 ἀδεῶς
1314 3908 1730 3980 ἁμαρτάνωσιν.
1764 3908 1827 3959 ΕΞ
1879 3907 1988 3976 γὰρ

415 4007 595 4075 ἔγωγε
628 4004 903 4074 αὐτόπτης
930 4003 1236 4057 ἐπισκόπου
1264 4003 1443 4072 γάμον
1472 4000 1754 4069 ἀλλότριον
1779 3995 1990 4065 διορύτ-

414 4110 599 4160 τοντος
631 4097 927 4165 ἐγεγόνειν,
987 4093 1334 4162 συνεκάλυψα
1383 4093 1448 4146 ἂν
1482 4095 1550 4162 τῇ
1589 4088 1883 4162 πορφυρίδι
1928 4088 1990 4141 τὸ

417 4190 756 4260 παρανόμως
786 4187 1098 4257 γινόμενον,
1128 4186 1204 4249 ὡς
1232 4185 1299 4241 ἂν
1329 4184 1404 4257 μὴ
1453 4181 1650 4255 βλάψοι
1695 4183 1822 4245 τοὺς
1856 4179 1990 4233 θεω-

419 4281 617 4351 μένους
649 4279 760 4331 τῶν
789 4277 1084 4348 δρωμένων
1118 4278 1151 4346 ἡ
1181 4275 1324 4344 ὄψις.

1040 4388 1263 4445 ΛΟΓΟΣ
1301 4391 1377 4444 Δ’.

419 4490 560 4560 Περὶ
592 4487 942 4560 ἐπισκόπων
965 4485 1289 4560 μοχθηρῶν
1319 4484 1432 4560 καί.
1448 4482 1542 4560 μὴ
1562 4480 1992 4552 φυλαττόντων

840 4559 950 4622 τὰς
973 4554 1231 4619 ἐντολὰς
1260 4554 1368 4609 τοῦ
1399 4555 1569 4608 Θεοῦ.

496 4651 732 4704 Ἐλαϐον
776 4649 827 4702 oi
864 4647 958 4702 δύο
991 4649 1097 4701 υίοὶ
1126 4647 1344 4717 Ἀαρὼν
1391 4645 1581 4699 Ναϐὰδ
1639 4643 1734 4698 καὶ
1776 4641 1995 4697 ’Δϐιοὺδ

420 4743 654 4805 ἕκαστος
688 4741 751 4793 τὸ
798 4740 996 4810 πυρίον
1026 4738 1220 4803 αὑτοῦ,
1256 4739 1354 4793 καὶ
1399 4737 1684 4808 ἐπέθηκαν
1719 4735 1806 4789 ἐπ’
1853 4734 1996 4789 αὐτὰ

423 4835 558 4903 πῦρ,
612 4836 709 4886 καὶ
753 4831 948 4885 ἔϐαλον
1003 4831 1093 4885 ἐπ’
1146 4832 1287 4884 αὑτά
1341 4831 1618 4900 θυμίαμα,
1675 4830 1771 4882 καὶ
1823 4843 1996 4894 προσ-

421 4927 664 4998 ήνεγκαν
696 4926 880 4978 ἔναντι
909 4923 1116 4994 Κυρίου
1148 4923 1258 4994 πῦρ
1292 4922 1599 4991 ἀλλότριον,
1644 4918 1675 4972 ὃ
1721 4919 1782 4972 ού
1825 4933 1997 4988 προσ-

422 5017 582 5084 έταξε
613 5013 819 5086 Κύριος
848 5017 1056 5080 αὐτοῖς,
1086 5015 1184 5068 καὶ
1216 5015 1406 5083 ἐξῆλθε
1439 5014 1551 5084 πῦρ
1580 5012 1729 5081 παρὰ
1765 5011 1990 5082 Κυρίου,

424 5109 522 5163 καὶ
548 5106 858 5175 κατέφαγεν
883 5107 1100 5172 αὐτοὺς,
1131 5105 1226 5160 καὶ
1255 5106 1530 5160 ἀπέθανον
1561 5104 1742 5158 ἔναντι
1761 5103 1993 5174 Κυρίου.

497 5291 788 5364 Ἐκρυψαν
817 5291 984 5362 ἱερεῖς
1012 5291 1128 5343 ὁδὸν
1161 5289 1394 5361 Κυρίου.

495 5385 568 5438 Σὺ
613 5383 913 5452 ἐπίγνωσιν
962 5380 1191 5447 ἀπώσω,
1241 5382 1397 5452 κάγὼ
1446 5383 1740 5454 ἀπώσομαι
1791 5382 1851 5434 σὲ
1900 5379 1996 5433 τοῦ

427 5480 733 5552 ἱερατεύειν
764 5497 878 5550 μοι.

411 5555 415 5558 ”
497 5573 561 5627 οι
592 5572 890 5642 ἡγούμενοι
940 5569 1112 5640 αὐτῆς
1143 5570 1281 5639 μετὰ
1326 5566 1517 5639 δώρων
1552 5567 1785 5639 ἔκρινον,
1817 5568 1912 5622 καὶ
1947 5567 2000 5621 oi.

411 5659 594 5738 lapsi;
622 5663 794 5734 αὐτῆς
829 5662 972 5734 μετὰ
1001 5662 1200 5735 μισθοῦ
1231 5661 1622 5730 ἀπεκρίναντο.

2093 3279 2186 3321 eos
2225 3276 2583 3336 perpurgatos
2621 3281 2742 3320 esse
2765 3274 2981 3334 oportet
3013 3267 3271 3320 extremis
3296 3268 3456 3320 etiam
3497 3269 3670 3322 animi

2089 3359 2224 3413 visis
2252 3369 2305 3412 et
2325 3355 2798 3422 similitudinibus,
2825 3367 2990 3426 atque
3057 3357 3129 3410 ita
3163 3373 3262 3426 pro
3333 3360 3546 3414 viribus
3598 3361 3668 3414 ad

2090 3451 2270 3522 ipsum
2303 3450 2581 3504 accedere.

2165 3541 2398 3611 Evagrii.
2425 3541 2605 3597 Verbo
2635 3539 2852 3610 quidem
2897 3533 3162 3595 virtutem
3226 3546 3441 3609 doceto,
3503 3556 3670 3613 opere

2090 3642 2271 3688 autem
2305 3647 2425 3687 eam
2469 3633 2785 3703 przedicato.

2165 3725 2499 3780 Constantini
2537 3725 2888 3795 imperatoris.
2948 3722 3304 3780 Sacerdotum
3346 3733 3524 3780 errata
3557 3741 3670 3781 non
3747 3775 3754 3782 .

2091 3819 2291 3874 debent
2333 3828 2461 3874 nota
2495 3833 2618 3874 esse
2659 3818 2840 3889 vulgo,
2893 3835 2964 3875 ne
3006 3817 3318 3875 oll‘endieuli
3363 3820 3670 3875 CXCllsaliO-

2091 3930 2216 3968 nem
2280 3913 2410 3967 hinc
2467 3913 2861 3982 praetendentes
2925 3911 3153 3968 licenter
3213 3927 3279 3967 ac
3332 3912 3450 3967 sine
3521 3925 3670 3966 metu

2091 4013 2332 4076 peccent.
2365 4004 2421 4058 Si
2445 4005 2590 4060 enim
2627 4005 2743 4073 ipse
2769 4007 3088 4074 episcopum
3152 4005 3395 4058 viderem
3453 4007 3666 4060 alienas

2092 4099 2309 4167 nuptias
2330 4096 2747 4166 perfodientem,
2783 4107 2976 4150 contra
2997 4100 3168 4166 legem
3194 4095 3500 4149 admissum
3535 4112 3666 4165 pur-

2090 4205 2222 4261 pura
2250 4203 2370 4245 mea
2392 4197 2760 4260 contegerem,
2795 4205 2862 4246 ne
2893 4187 3023 4245 facti
3055 4198 3307 4259 aspectus
3332 4198 3669 4259 spectatores

2091 4281 2336 4336 laederet.

2441 4391 2672 4448 senato
2729 4394 2794 4448 iv
2830 4393 2936 4466 [αι.
2965 4392 3280 4464 CLXXIV].

2098 4485 2170 4540 De
2191 4485 2445 4555 episcopis
2479 4484 2755 4554 improbis,
2784 4500 2882 4605 ne;
2903 4483 2996 4537 Dei
3022 4497 3284 4553 praecepta
3337 4484 3668 4539 observanti-

2810 4565 2846 4605 ιι
2887 4569 2970 4605 us.

2810 4565 2970 4607 ιιυιιε.

2170 4646 2340 4703 Levit.
2375 4664 2428 4703 x.
2463 4646 2582 4701 Duo
2609 4645 2704 4700 lilii
2729 4646 2960 4701 Aaronis
2981 4644 3166 4700 Nabad
3197 4655 3253 4700 et
3303 4646 3478 4700 Abiud
3509 4661 3666 4700 suum

2099 4743 2336 4813 quisque
2363 4751 2624 4810 ceperunt
2668 4739 3030 4801 thuribulum.
3071 4747 3126 4794 et
3170 4740 3221 4792 in
3271 4754 3334 4792 ea
3362 4738 3539 4808 ignem
3569 4740 3673 4792 ini-

2101 4846 2420 4905 posuerunt,
2446 4833 2862 4902 inieceruntque
2895 4830 3157 4895 suﬂitum,
3195 4839 3358 4899 atque
3396 4830 3475 4886 sic
3508 4831 3674 4886 obtu-

2101 4928 2282 4983 lerunt
2315 4927 2367 4980 in
2393 4934 2689 4994 conspectu
2725 4923 2939 4978 Domini
2993 4925 3172 4993 ignem
3225 4924 3462 4977 alienum
3528 4924 3673 4992 quod

2103 5034 2212 5072 non
2248 5017 2488 5087 jusserat
2517 5016 2667 5086 ipsos
2698 5015 2980 5072 Dominus.
3017 5016 3081 5070 Et
3116 5014 3279 5070 rediit
3334 5017 3473 5084 ignis
3507 5031 3536 5068 a
3568 5015 3665 5067 Do~

2103 5111 2276 5174 mino,
2305 5110 2395 5178 qui
2429 5123 2522 5162 eos
2546 5106 2848 5172 devoravit,
2906 5121 2971 5162 ac
2998 5107 3054 5162 in
3101 5117 3398 5176 conspectu
3458 5107 3675 5162 Domini

2104 5198 2305 5253 mortui
2340 5207 2491 5253 sunt.

2177 5288 2326 5344 Oscae
2355 5305 2429 5345 ιν.
2464 5286 2618 5342 Viam
2660 5287 2883 5342 Domini
2921 5286 3241 5343 sacerdotes
3292 5289 3669 5343 occultarunt.

2168 5383 2306 5438 Ibid.
2339 5381 2420 5438 Tu
2450 5381 2733 5438 scientiam
2789 5380 3062 5452 repulisti,
3121 5388 3174 5436 et
3227 5397 3327 5453 ego
3349 5391 3451 5436 tea
3517 5382 3684 5452 138

2105 5477 2416 5533 sacerdotio
2438 5491 2561 5530 meo
2595 5476 2875 5543 repellam.

2178 5569 2392 5623 Hic/iere
2429 5582 2514 5624 ιιι.
2568 5569 2814 5625 Praefecti
2853 5570 2973 5640 ejus
3018 5567 3175 5625 donis
3197 5568 3440 5637 corrupti
3463 5567 3678 5637 judica-

2103 5662 2256 5730 bant,
2293 5671 2347 5716 et
2369 5661 2679 5718 sacerdotes
2705 5677 2805 5734 pro
2851 5662 3104 5722 mercede
3134 5675 3394 5733 responsa
3449 5660 3680 5715 dabant.

501 5822 579 5898 (ί)
607 5823 714 5892 Aut
743 5823 1282 5897 (ortasselcgendum
1315 5821 1642 5889 πιπτόντων,
1681 5820 1734 5878 id
1755 5831 1858 5893 est,
1881 5821 1983 5880 cadi

2093 5824 2212 5893 but,
2243 5821 2571 5880 labentibus.-
