4056 6414
460 370 599 435 10.23
1318 395 1366 471 θ·
1720 379 2041 441 ANTONII
2078 382 2426 446 MELISSﬁ
3588 393 3742 460 iuet

466 526 469 529 η
533 479 771 547 Soplion.
824 493 906 533 ιιι.
944 478 1268 536 Sacerdotes
1300 479 1420 552 ejus
1453 493 1644 539 sancta
1699 499 1818 539 mea
1865 487 2034 558 profa-

2221 492 2289 548 Οί
2317 494 2484 560 ίερεῖς
2516 494 2690 563 αὐτῆς
2722 497 3018 572 βεϐηλοῦσι
3049 500 3120 556 τὰ
3148 499 3288 571 ἅγιά
3314 518 3448 571 μου,
3478 504 3578 559 καὶ
3608 506 3753 561 ἀσι-

460 581 614 636 nant,
643 581 695 626 et
722 572 895 642 legem
922 587 1097 627 meam
1132 572 1296 643 impie
1323 574 1544 630 violant.

529 668 763 726 Zacliar.
794 685 857 726 ιι.
889 669 935 726 0
964 670 1056 742 qui
1092 672 1315 742 pascitis
1357 687 1444 729 res
1471 672 1669 732 inanes
1706 674 1904 732 ovibus
1931 675 2041 731 de-

456 764 642 833 sertis.

527 855 726 914 Jerem.
757 872 917 913 mn.
946 854 992 912 Ο
1017 863 1289 927 pastores,
1328 858 1421 929 qui
1447 873 1579 916 oves
1622 860 1801 931 gregis
1832 860 2044 929 disper-

458 947 588 1017 gitis
609 964 673 1004 ac
695 948 1034 1019 disperditis,
1065 948 1139 1005 ob
1160 965 1324 1019 quam
1350 966 1572 1007 causam
1604 951 1718 1007 hanc
1777 952 2044 1008 Dominus

459 1042 515 1096 in
579 1049 825 1110 pastores
862 1041 1036 1109 dicit,
1085 1043 1179 1112 qui
1236 1042 1498 1113 populum
1557 1052 1850 1113 pascunt:
1908 1041 2044 1109 Vos,

459 1133 659 1202 inquit,
697 1147 828 1189 oves
858 1134 1216 1204 dispersistis,
1248 1149 1315 1190 ac
1348 1150 1444 1191 eas
1502 1135 1797 1206 rejecistis,
1836 1151 1934 1192 nec
1964 1136 2044 1190 vi-

458 1227 689 1282 sitastis.
740 1225 881 1282 Ecce
916 1242 1018 1297 ego
1051 1227 1286 1283 ulciscar
1324 1242 1426 1284 vos
1458 1228 1757 1285 secundum
1791 1229 2043 1285 instituta

459 1327 638 1375 vestra
675 1319 881 1374 malitia
940 1321 1125 1391 plena.

530 1496 772 1568 Populus
813 1514 967 1556 meus
1023 1509 1085 1556 ut
1141 1515 1274 1557 oves
1321 1500 1546 1572 perdita;
1593 1498 1738 1564 fuit;
1773 1500 1868 1569 qui
1911 1514 2038 1554 eum

458 1593 775 1658 pasccbanl,
807 1592 1127 1660 repulerunt
1171 1607 1290 1660 eos,
1324 1602 1380 1649 et
1418 1607 1517 1663 per
1563 1605 1779 1649 montes
1811 1599 1870 1647 ut
1893 1606 2044 1647 erra-

459 1691 580 1737 rent
626 1682 975 1752 impulerunt.

528 1774 882 1831 Ezech.uu.
941 1775 1265 1834 Sacerdotes
1293 1778 1464 1848 legem
1515 1794 1693 1833 meam
1720 1777 2042 1848 repudiave-

461 1878 623 1930 runt,
684 1882 748 1921 ac
794 1883 951 1922 sacra
1021 1870 1487 1940 profanaverunt,
1543 1870 1757 1938 impura
1807 1883 1837 1922 a
1891 1869 2044 1938 puris

457 1974 565 2012 non
632 1946 1032 2027 discreverunt,
1094 1972 1149 2016 et
1198 1963 1251 2017 in
1315 1963 1496 2018 medio
1554 1963 1802 2032 ipsorum
1862 1960 2045 2032 profa-

354 2060 359 2063 '
454 2061 746 2106 naverunt.

528 2141 654 2199 lla‘c
712 2146 845 2200 dicit
897 2145 1184 2211 Dominus,
1229 2144 1285 2202 Si
1335 2146 1592 2203 eduxeris
1638 2155 1937 2217 pretiosum
1977 2162 2041 2203 ex

457 2233 706 2305 indigno,
749 2239 861 2294 etis
899 2254 962 2294 os
989 2255 1192 2294 meum.

534 2328 680 2383 Ibid.
735 2347 821 2386 ιιι.
870 2330 971 2386 Fili
1011 2331 1272 2399 hominis,
1314 2332 1715 2402 speculatorem
1781 2341 1834 2387 te
1882 2332 2040 2403 posui

455 2425 644 2481 domui
682 2422 1018 2478 Israelitica‘.
1067 2424 1126 2479 Si
1157 2439 1263 2478 non
1323 2423 1743 2494 reprehenderis
1778 2425 2037 2495 populum

451 2531 659 2579 meum,
710 2514 975 2569 morietur
1018 2514 1109 2569 ille
1141 2514 1362 2585 quidem
1401 2517 1455 2569 in
1509 2527 1734 2585 peccato
1783 2530 1908 2583 suo,
1945 2516 2038 2573 sed

451 2608 774 2679 sanguinem
811 2608 929 2678 ejus
962 2607 1029 2663 de
1061 2621 1222 2660 manu
1251 2617 1342 2662 tua
1372 2622 1675 2678 reposcam.

524 2697 669 2753 Ibid.
701 2711 897 2752 xxxrv.
931 2694 976 2750 Ο
1009 2707 1254 2766 pastores
1283 2696 1589 2763 lsraelitici,
1622 2714 1753 2754 num
1786 2708 2038 2770 pastores

451 2792 665 2861 seipsos
686 2790 956 2860 pascunt?
977 2788 1089 2844 Lac
1110 2790 1439 2858 devorastis,
1456 2798 1512 2847 et
1531 2791 1661 2846 lana
1678 2792 1862 2847 amicti
1879 2792 2036 2864 estis,

451 2894 504 2939 et
530 2884 743 2954 cpiinas
772 2898 904 2939 oves
949 2883 1254 2950 mactastis,
1307 2898 1408 2939 nec
1447 2885 1670 2955 pascitis
1694 2899 1828 2942 oves
1858 2899 2032 2955 meas,

457 2975 708 3030 inﬁrmas
756 2989 863 3030 non
889 2977 1314 3042 corroborastis,
1346 2986 1401 3032 et
1429 2976 1496 3032 ad
1520 2987 1767 3033 errantes
1798 2992 1908 3034 non
1940 2991 2034 3034 re-

451 3066 597 3121 versi
633 3068 791 3134 estis,
825 3078 880 3121 et
911 3068 1154 3136 perditas
1209 3082 1318 3123 non
1363 3069 1663 3140 quaesistis,
1689 3077 1745 3126 et
1778 3069 2030 3127 robustas

2145 584 2243 638 ϐοὖ
2253 603 2336 639 σιν
2362 588 2530 663 νόμον
2564 607 2692 659 μου.

2214 674 2286 734 '0
2314 680 2365 733 οί
2397 687 2786 753 ποιμαίνοντες
2818 685 2890 741 τὰ
2940 686 3170 758 μάταια,
3204 686 3302 743 καὶ
3333 686 3750 743 καταλελοιπό-

2141 787 2232 834 τες
2266 773 2333 826 τὰ
2368 774 2638 845 πρόϐατα.

2213 859 2285 917 Ὦ
2311 867 2359 919 oi
2390 870 2795 938 ποιμαίνοντες,
2823 872 2872 926 οί
2910 871 3398 943 διασκορπίζοντες
3429 875 3528 927 xai.
3551 876 3745 931 ἀπολι-

2143 954 2335 1022 λύντες
2359 962 2427 1011 τὰ
2452 978 2519 1031 πρ
2530 960 2701 1016 όϐατα
2719 963 2823 1033 τῆς
2848 964 3111 1035 ποίμνης,
3130 963 3221 1018 διὰ
3242 964 3402 1019 τοῦτο
3423 966 3554 1020 τάδε
3580 968 3748 1037 λέγει

2143 1044 2341 1115 Κύριος
2387 1050 2479 1103 ἐπὶ
2524 1053 2653 1116 τοὺς
2697 1054 2989 1120 ποιμένας,
3022 1053 3153 1119 τοὺς
3200 1055 3597 1126 ποιμαίνοντάς
3644 1060 3749 1113 τὸν

2143 1136 2272 1190 λαόν
2319 1155 2423 1207 μου
2453 1154 2467 1169 ·
2513 1139 2705 1210 Ὑμεῖς
2739 1143 3166 1215 διεσκορπίσατε
3208 1147 3280 1199 τὰ
3327 1146 3605 1218 πρόϐατα,
3642 1151 3747 1203 καὶ

2143 1228 2388 1297 ἐξώσατε
2428 1232 2592 1298 αὐτὰ,
2629 1236 2725 1290 καὶ
2776 1235 2880 1290 οὐκ
2931 1238 3316 1307 ἐπεσκέψασθε
3370 1239 3540 1293 αὐτά.
3598 1241 3747 1296 Ἰδοὺ

2145 1319 2259 1389 ἐγὼ
2301 1322 2508 1378 ἐκδικῶ
2551 1325 2699 1396 ὑμᾶς
2730 1327 2877 1384 κατά
2926 1328 2999 1383 τὰ
3053 1329 3277 1401 πονηρᾶ
3315 1330 3747 1402 ἐπιτηδεύματα

2146 1413 2323 1487 ὑμῶν.
2950 1478 2978 1502 ρ

2217 1508 2477 1580 Πρόϐατα
2509 1510 2831 1567 ἀπολωλότα
2862 1513 3096 1587 ἐγενήθη
3127 1516 3156 1569 ό
3192 1516 3322 1581 λαός
3368 1534 3497 1589 μου,
3532 1518 3581 1571 οί
3619 1535 3748 1572 ποι-

2148 1604 2434 1669 μαίνοντες
2462 1603 2629 1658 αὑτὸν
2661 1603 2939 1671 ἐξώσαντο
2969 1608 3193 1675 αὐτοὺς,
3234 1610 3332 1664 ἐπὶ
3368 1613 3440 1666 τὰ
3466 1611 3572 1683 ὅρη
3598 1613 3752 1666 ἀπεο

2144 1690 2430 1766 πλάνησαν
2452 1696 2673 1763 αὐτούς.

2217 1787 2280 1839 OE
2312 1787 2478 1856 ἱερεῖς
2508 1790 2784 1864 ἠθέτησαν
2808 1793 2977 1863 νόμον
3022 1811 3147 1864 μου,
3194 1795 3291 1847 καὶ
3330 1794 3631 1866 ἐϐεϐή).ουν
3670 1797 3747 1852 τά

2148 1875 2282 1943 am
2306 1895 2433 1949 μου,
2458 1882 2561 1938 ἀνά
2591 1887 2754 1955 μέσον
2784 1885 2879 1941 τοῦ
2913 1887 3232 1958 ἀκαθάρτου
3267 1889 3364 1942 καὶ
3390 1888 3642 1962 καθαροῦ
3676 1892 3743 1947 οὐ

2147 1969 2475 2039 διέστελλον,
2507 1977 2604 2029 καὶ
2632 1976 2931 2048 ἑϐεϐήλουν
2958 1980 3018 2033 ἐν
3047 1981 3198 2052 μέσῳ
3227 1981 3435 2037 αὐτῶν.

2216 2151 2357 2206 Τάδε
2410 2152 2561 2222 λέγει
2611 2154 2855 2226 Κύριος,
2923 2156 3054 2211 Ἐὰν
3098 2158 3380 2233 ἐξαγάγῃς
3436 2161 3623 2234 τίμιον
3678 2166 3745 2233 ἐξ

2144 2243 2394 2312 ἀναξίου,
2427 2248 2604 2317 στόμα
2638 2266 2741 2318 μου
2772 2250 2893 2323 ἔσῃ.

2214 2336 2309 2390 Υίέ
2339 2337 2656 2411 ἀνθρώπου,
2679 2342 2884 2396 σκοπὸν
2909 2342 3122 2399 δέδωκά
3147 2362 3208 2398 σε
3233 2346 3311 2416 τῷ
3329 2346 3740 2421 οῐκῳἹσραήλ.

2142 2428 2271 2484 Ἐὰν
2308 2432 2383 2503 μὴ
2428 2433 2737 2507 διαστείλῃς
2782 2436 2859 2506 τῷ
2909 2436 3047 2507 λαῷ,
3103 2440 3316 2505 ἐκεῖνος
3368 2440 3471 2511 μὲν
3515 2444 3743 2500 ἀποθαο

2141 2526 2319 2578 νεῖται
2363 2526 2422 2578 ἐν
2463 2529 2530 2597 τῇ
2579 2527 2829 2600 ἁμαρτίᾳ
2871 2531 3061 2599 αὐτοῦ,
3097 2532 3159 2586 τὸ
3190 2533 3249 2587 δέ
3295 2530 3436 2606 αἷμα
3467 2538 3638 2593 αὑτοῦ
3671 2543 3745 2595 ἐκ

2138 2615 2241 2686 τῆς
2276 2617 2457 2687 χειρός
2492 2634 2588 2672 σου
2621 2618 2933 2693 ἐκζητήσω.

2209 2704 2281 2762 Ὦ
2309 2711 2359 2764 οί
2392 2713 2654 2782 ποιμένες
2683 2714 2927 2788 Ἰσραὴλ,
2955 2717 3033 2789 μὴ
3060 2717 3351 2790 βόσκουσιν
3385 2723 3434 2778 οί
3462 2727 3742 2797 ποιμένες

2138 2803 2410 2870 ἑαυτούς;
2450 2805 2586 2860 Ἰδοὺ
2637 2807 2699 2861 τὸ
2744 2807 2888 2878 γάλα
2943 2811 3292 2879 κατεσθίετε,
3339 2816 3437 2870 καὶ
3487 2817 3558 2871 τὰ
3602 2818 3743 2890 ἔρια

2139 2894 2560 2966 περιϐάλλεσθε,
2603 2899 2702 2954 καὶ
2743 2901 2806 2955 τὸ
2855 2904 3005 2974 παχὺ
3046 2903 3306 2973 σφάζετε,
3341 2910 3439 2963 καὶ
3470 2909 3540 2964 τὰ
3590 2914 3742 2983 πρό-

2137 2985 2278 3041 ϐατά
2304 3005 2407 3057 μου
2430 2989 2492 3043 οὗ
2517 2990 2768 3061 βόσκετε,
2801 2992 2864 3047 τὸ
2899 2994 3204 3066 ἠσθενηκίκ
3235 2997 3338 3051 οὐκ
3370 2999 3742 3074 ἐνισχύσατε,

2137 3079 2233 3132 καὶ
2257 3079 2316 3132 es
2358 3081 2721 3150 πλανώμενον
2757 3084 2859 3139 οὐκ
2889 3087 3294 3158 ἐπεστρέψατε,
3345 3093 3441 3146 καὶ
3482 3092 3545 3145 τὸ
3590 3096 3743 3151 ἁπο-

451 3158 756 3225 occidistis,
787 3167 841 3213 et
870 3158 1151 3230 dissipatae
1196 3168 1327 3216 sunt
1372 3176 1502 3217 oves
1563 3176 1720 3218 meae.
1774 3161 2031 3219 Pastores

2156 3170 2306 3236 ιωλδς
2358 3174 2462 3228 οὐκ
2495 3173 2827 3247 ἐζητήσατε,
2860 3177 2957 3232 καὶ
3007 3179 3069 3234 τὸ
3109 3181 3333 3252 ἰσχυρὸν
3371 3188 3747 3255 κατεργάσα-

448 3253 663 3323 seipsos
711 3264 1000 3323 paverunt,
1026 3255 1172 3325 quod
1205 3271 1313 3310 non
1381 3264 1569 3313 essent
1641 3268 1914 3328 pastores,
1936 3256 2036 3314 sed
2074 3336 2080 3343 ¹

448 3360 578 3400 oves
621 3360 773 3403 meas
804 3362 912 3402 non
944 3356 1214 3418 paverunt
1244 3365 1261 3405 :
1290 3349 1362 3405 ob
1427 3352 1567 3405 hanc
1598 3365 1823 3406 causam
1875 3365 2034 3422 agam

449 3452 597 3492 nunc
629 3449 819 3493 contra
863 3452 1131 3508 pastores,
1174 3453 1231 3500 et
1291 3458 1424 3499 oves
1452 3458 1607 3499 meas
1653 3445 1718 3500 de
1778 3445 2034 3500 manibus

447 3528 689 3598 ipsorum
722 3542 983 3600 repetant.

526 3708 782 3763 Avertam
808 3723 870 3764 os
916 3725 1094 3765 mcum
1119 3709 1336 3778 abillis,
1354 3719 1409 3766 et
1435 3710 1887 3766 contaminabunt
1908 3712 2034 3766 visi-

444 3804 703 3858 tationem
732 3818 930 3866 meam,
955 3814 1010 3858 et
1039 3806 1093 3857 in
1120 3820 1275 3859 sacra
1314 3820 1432 3860 mea
1472 3804 1839 3860 inverecunde
1865 3806 2036 3859 intra-

442 3893 599 3958 bunt,
637 3907 810 3962 caque
862 3893 1228 3963 profanabuut
1273 3905 1435 3964 atque
1466 3895 1823 3950 sordidabuut
1856 3912 1869 3949 :
1903 3896 2032 3965 quia

444 3995 589 4039 terra
615 3986 826 4051 judicio
859 3989 1213 4056 sanguiuum,
1239 4001 1293 4043 et
1328 3988 1520 4044 civitas
1554 3987 1843 4058 iniquitate
1874 3989 2031 4059 plena

439 4089 544 4133 est.

521 4170 652 4242 Sap.
683 4189 757 4229 vt.
791 4173 1052 4231 Minimus
1099 4173 1310 4229 veniam
1355 4183 1411 4231 et
1440 4174 1875 4231 misericordiam
1922 4176 2028 4230 im-

435 4279 634 4340 petrat,
671 4269 767 4324 sed
815 4277 1063 4339 potentes
1099 4283 1289 4324 severe
1335 4269 1815 4324 cxaminabuntur.

517 4363 663 4420 Ibid.
690 4360 814 4417 Non
842 4363 989 4417 enim
1032 4377 1096 4417 os
1140 4363 1466 4434 cujusquam
1523 4372 1730 4432 metuet
1780 4364 2025 4421 omnium

434 4461 722 4522 Dominus,
754 4469 854 4511 nec
909 4453 1340 4525 magnitudinem
1392 4455 1691 4513 verebitur.

501 4552 694 4609 Matth.
737 4564 874 4605 χιιι.
929 4548 991 4603 1n
1045 4548 1306 4603 cathedra
1336 4546 1504 4605 Mosis
1578 4549 1770 4606 sedent
1818 4549 2026 4607 Scriba:

2138 3264 2258 3328 σθε.
2290 3267 2385 3320 καὶ
2413 3267 2684 3340 διεσπάρη
2728 3269 2801 3325 τά
2842 3270 3097 3341 πρόϐατά
3127 3289 3233 3341 μου
3260 3273 3351 3327 διά
3376 3275 3441 3329 τὸ
3477 3277 3555 3346 μὴ
3583 3274 3743 3337 εῖναι

2136 3360 2424 3427 ποιμένας.
2469 3359 2819 3432 Ἐϐόσκησιιν
2866 3364 2917 3417 ei
2965 3364 3223 3433 ποιμένες
3273 3366 3525 3433 ἑαυτοὺς,
3557 3370 3629 3424 τὰ
3672 3371 3740 3426 δὲ

2135 3449 2390 3517 πρόϐατά
2421 3468 2521 3521 μου
2565 3452 2666 3507 οὐκ
2711 3453 3021 3523 ἐϐόσκησαν
3047 3472 3061 3487 ·
3088 3455 3210 3510 ἀντὶ
3238 3457 3429 3511 τούτου
3464 3460 3578 3513 ίδοὺ
3608 3462 3739 3529 ἐγὼ

2135 3544 2228 3596 ἐπὶ
2273 3544 2400 3607 τοὺς
2436 3546 2722 3615 ποιμένας.
2756 3549 2851 3603 καὶ
2881 3549 3173 3622 ὲκζητήσω
3222 3553 3290 3606 τά
3320 3553 3578 3623 πρόϐατά
3615 3575 3738 3626 μου

2133 3634 2199 3687 ἐκ
2230 3635 2339 3687 τῶν
2365 3638 2566 3707 χειρῶν
2599 3639 2800 3693 αὐτῶν.

2217 3729 2577 3802 Ἀποστρέψω
2628 3733 2688 3786 τὸ
2735 3732 3028 3804 πρόσωπόν
3078 3752 3178 3805 μου
3229 3738 3331 3792 ἀπ’
3379 3739 3587 3805 αὐτῶν,
3626 3745 3740 3800 καὶ

2136 3822 2390 3891 μιανοῦσι
2439 3822 2539 3895 τὴν
2567 3825 2877 3898 ἐπισκοπὴν
2922 3845 3051 3898 μου,
3076 3830 3172 3883 καὶ
3202 3831 3610 3903 εἰσελεύσονται
3642 3839 3738 3904 είς

2131 3915 2201 3968 τὰ
2247 3914 2380 3984 ἆγιά
2425 3932 2529 3986 μου
2566 3916 2923 3987 ἀφυλάκτως,
2968 3922 3067 3975 xal.
3099 3920 3504 3994 βεϐηλὼσουσιν
3553 3927 3733 3997 αὐτὰ,

2132 4006 2228 4059 καὶ
2259 4006 2551 4078 ποιήσουσι
2586 4010 2804 4080 φυρμόν
2830 4024 2847 4042 ⁸
2876 4010 3013 4065 διότι
3046 4013 3079 4083 ἡ
3111 4013 3184 4083 γῆ
3214 4013 3432 4089 πλήρης
3474 4018 3731 4087 κρίσεως

2131 4097 2405 4166 αἱμάτων,
2437 4101 2533 4153 καὶ
2564 4101 2717 4166 πόλις
2752 4102 2972 4174 πλήρης
2999 4105 3259 4177 ἀνομίας.

2210 4189 2271 4242 '0
2321 4191 2604 4262 ἐλάχιστος
2639 4197 2991 4265 συγγνωστός
3030 4198 3188 4254 ἐστιν
3235 4199 3422 4263 ἐλέους
3445 4217 3461 4233 ο
3497 4201 3732 4259 δυνατοὶ

2129 4281 2185 4336 δὲ
2216 4283 2464 4348 δυνατῶς
2490 4286 2913 4357 ἐτασθήσονται.

2199 4374 2278 4431 Ob
2312 4374 2423 4446 γὰρ
2450 4378 2828 4433 ὑποστελεῖται
2857 4379 3154 4452 πρόσωπον
3178 4383 3208 4438 ὁ
3242 4385 3465 4442 πάντων
3506 4390 3731 4448 Δεσπό-

2130 4484 2251 4539 της,
2277 4468 2401 4523 οὐδὲ
2433 4472 2837 4543 ἐντραπήσεται
2868 4474 3122 4543 μέγεθος.

2215 4559 2338 4613 Ἐπὶ
2366 4562 2464 4630 τῆς
2491 4559 2737 4628 Μωσέως
2764 4564 3035 4638 καθέδρας
3065 4568 3334 4626 ἐκάθισαν
3362 4573 3413 4626 oi
3441 4573 3730 4645 Γραμμα-

431 4654 488 4699 et
516 4642 812 4708 Pharisaei;
841 4642 1026 4710 itaque
1041 4640 1661 4710 quaecunquejusserint
1690 4656 1786 4697 vos
1818 4641 2019 4707 facere,

431 4753 498 4793 ea
536 4743 752 4791 servate
807 4746 862 4791 et
909 4731 1096 4799 facite,
1131 4738 1227 4788 sed
1257 4746 1426 4802 opera
1463 4747 1658 4789 eorum
1692 4736 1864 4791 nolite
1895 4736 2019 4791 imi-

432 4830 534 4883 tari
560 4844 576 4894 ;
603 4828 807 4882 dicunt
836 4826 984 4880 enim
1017 4839 1119 4880 nec
1157 4824 1386 4894 faciunt,
1419 4825 1547 4895 quia
1597 4827 1825 4898 alligant
1849 4842 2017 4884 onera

428 4922 617 4991 gravia
645 4928 702 4973 et
723 4927 940 4989 portatu
973 4914 1236 4980 diliicilia,
1262 4933 1327 4973 ac
1355 4920 1409 4973 in
1437 4919 1699 4976 humeros
1730 4921 2016 4976 hominum

432 5014 743 5083 imponunt,
814 5012 986 5083 digito
1049 5022 1233 5066 autem
1280 5026 1384 5067 suo
1425 5013 1620 5067 nolunt
1656 5027 1719 5068 ea
1752 5028 2015 5068 movere:

428 5120 772 5176 quacunque
804 5115 1005 5174 autem,
1032 5119 1196 5173 opera
1230 5103 1461 5172 faciunt,
1503 5120 1591 5174 ea,
1620 5116 1676 5161 ut
1708 5105 1872 5179 139
1906 5107 2013 5178 ipsi

427 5207 741 5269 Spectentur
767 5200 836 5254 ab
861 5199 1116 5256 omnibus
1145 5196 1375 5255 faciunt.

2125 4651 2241 4713 τεῖς
2274 4649 2370 4704 καλ¹
2399 4653 2449 4704 οί
2501 4654 2786 4724 Φαρισαῖοι
2814 4670 2829 4686 ’
2877 4658 3057 4712 πάντα
3088 4655 3182 4714 οὖν
3230 4664 3335 4715 ὅσα
3380 4666 3447 4719 ἂν
3482 4664 3726 4721 εἴπωσιν

2128 4742 2258 4811 ὑμῖν
2290 4745 2487 4809 ποιεῖν,
2530 4748 2750 4816 τηρεῖτε
2799 4749 2895 4802 καὶ
2924 4754 3154 4819 ποιεῖτε,
3183 4752 3330 4807 κατὰ
3362 4754 3419 4808 δέ
3458 4756 3530 4809 τὰ
3573 4758 3727 4828 ἔργα

2126 4832 2308 4887 αὐτῶν
2333 4835 2410 4904 μὴ
2441 4837 2643 4889 ποιεῖτε
2673 4852 2687 4867 ·
2721 4837 2942 4906 λέγουσι
2968 4841 3075 4911 γὰρ
3110 4843 3207 4895 καὶ
3248 4844 3311 4897 οὐ
3344 4846 3576 4901 ποιοῦσι.
3615 4851 3725 4902 Δε-

2131 4925 2396 4996 σμεύουσι
2427 4927 2536 4999 γὰρ
2569 4930 2767 5003 φορτία
2799 4931 2978 5002 βαρέα
3022 4935 3119 4987 καὶ
3162 4934 3577 5005 δυσϐάστακτα,
3620 4944 3723 4996 καὶ

2124 5019 2465 5075 ἐπιτιθέασιν
2499 5022 2592 5075 ἐπὶ
2644 5025 2770 5087 τοὺς
2811 5022 2997 5095 ὤμους
3029 5026 3139 5081 τῶν
3185 5029 3518 5102 ἀνθρώπων,
3548 5036 3629 5107 τῷ
3654 5037 3720 5092 δὲ

2123 5110 2376 5183 δακτύλῳ
2405 5113 2586 5167 αὐτῶν
2614 5114 2676 5168 οὐ
2704 5114 2920 5170 θέλουσι
2946 5119 3170 5190 κινῆσαι
3202 5121 3348 5177 αὐτά
3369 5141 3384 5153 ·
3443 5126 3626 5181 πάντα
3654 5129 3719 5184 δὲ

2122 5204 2187 5255 τὰ
2220 5202 2357 5274 ἔργα
2390 5205 2572 5259 αὐτῶν
2611 5207 2829 5262 ποιοῦσι
2862 5210 3000 5281 πρὸς
3036 5212 3103 5266 τὸ
3153 5212 3423 5288 θεαθῆναι
3465 5223 3579 5285 τοῖς
3612 5224 3719 5279 ἀν-

2119 5294 2147 5348 θ
2157 5296 2233 5365 ρώ
2240 5315 2381 5360 ποις.

497 5377 638 5434 Ibid.
661 5377 755 5432 Va:
782 5376 959 5446 vobis,
985 5377 1190 5435 Scriba:
1213 5389 1269 5436 et
1300 5380 1558 5436 Pharisaei
1590 5382 1855 5448 simulati,
1884 5383 2012 5454 quia

2191 5390 2330 5443 Οὐαὶ
2359 5392 2514 5461 ὑμῖν,
2543 5395 2901 5469 Γραμματεῖς
2939 5399 3035 5453 καὶ
3063 5401 3353 5472 Φαρισαῖοι
3383 5404 3709 5477 ὑποκριταὶ,

426 5471 669 5526 decimas
707 5468 848 5524 datis
878 5471 1109 5526 tncntltaa
1137 5481 1192 5526 et
1223 5473 1407 5527 anethi
1426 5483 1479 5528 et
1501 5477 1729 5543 cumini,
1765 5494 1888 5547 quae
1910 5495 2012 5535 au-

2156 5496 2202 5533 τι
2236 5481 2641 5539 ἀποδεκατοῦτε
2673 5489 2732 5540 τὸ
2764 5489 3039 5560 ἡδύοσμον
3071 5468 3168 5544 καί
3197 5493 3255 5546 τὸ
3287 5493 3487 5566 ἄνηθον
3518 5468 3618 5554 καὶ

430 5572 541 5618 tem
604 5561 855 5631 graviora
904 5574 1033 5615 sunt
1080 5563 1135 5615 in
1185 5563 1324 5635 lege,
1366 5566 1691 5634 praeteritis.
1737 5569 2005 5638 judicium

2156 5572 2367 5642 ὑμινον,
2400 5577 2494 5630 καὶ
2547 5579 2797 5650 ἀφήκατε
2828 5583 2893 5635 τά
2932 5582 3211 5657 βαρύτερα
3251 5588 3346 5641 τοῦ
3376 5589 3566 5658 νόμου,
3600 5592 3711 5662 τὴν

421 5664 478 5709 et
518 5650 946 5708 misericordiam
962 5657 1018 5706 et
1052 5651 1209 5706 tidem
1240 5669 1255 5707 :
1288 5655 1404 5709 haec
1451 5654 1598 5709 enim
1641 5657 1820 5712 facere
1841 5671 2005 5725 Opor-

2159 5669 2300 5738 ρίσιν
2336 5669 2555 5723 καὶτὸν
2590 5672 2738 5727 ἔλεον
2788 5676 2883 5729 καὶ
3087 5650 3272 5734 πίστιν
3297 5696 3314 5713 ’
3368 5650 3563 5738 mima.
3596 5650 3710 5759 γάρ

424 5749 588 5812 tehat,
618 5753 671 5800 et
703 5744 794 5798 illa
850 5758 959 5798 non
1003 5745 1440 5815 pra-lenuittet‘e.
1475 5746 1650 5804 Duces
1703 5751 1852 5818 caeci,
1898 5751 1992 5820 qui

2156 5764 2222 5814 Ξει
2255 5764 2500 5833 ποιῆσαι,
2536 5768 2766 5821 κάκεῖνα
2801 5771 2879 5840 μὴ
2913 5744 3157 5840 ἀφιέναι.
3205 5773 3425 5843 Ὀδηγοὶ
3479 5744 3706 5848 τυφλοῖ,

420 5838 646 5899 culicem
678 5838 998 5909 percolatis,
1028 5839 1130 5913 scd
1164 5839 1433 5897 camelum
1481 5842 1782 5913 deglutitis.

2156 5862 2159 5905 L
2193 5855 2523 5925 διυλίζοντες
2553 5860 2644 5917 τὸν
2676 5838 2937 5931 κώνωπα,
2966 5838 3071 5937 τὴν
3099 5865 3156 5920 δὲ
3206 5838 3460 5939 κάμηλον
3520 5838 3705 5927 nata;

2112 5946 2381 6013 πίνοντες.
