  <div class='ocr_page' id='page_1' title='image "/cluster/home/n/w/nwhite01/storage/ocr_20150623/136/coo.31924054870419/518.png"; bbox 0 0 4056 6434; ppageno 0'>
   <div class='ocr_carea' id='block_1_1' title="bbox 336 400 480 464">
    <p class='ocr_par' dir='ltr' id='par_1_1' title="bbox 336 400 480 464">
     <span class='ocr_line' id='line_1_1' title="bbox 336 400 480 464; baseline -0.007 0"><span class='ocrx_word' id='word_1_1' title='bbox 336 400 480 464; x_wconf 76' lang='grc'><strong>1025</strong></span> 
     </span>
    </p>
   </div>
   <div class='ocr_carea' id='block_1_2' title="bbox 1125 398 2712 464">
    <p class='ocr_par' dir='ltr' id='par_1_2' title="bbox 1125 398 2712 464">
     <span class='ocr_line' id='line_1_2' title="bbox 1125 398 2712 464; baseline -0.004 -1"><span class='ocrx_word' id='word_1_2' title='bbox 1125 401 1296 463; x_wconf 88' lang='lat' dir='ltr'><strong>LOCI</strong></span> <span class='ocrx_word' id='word_1_3' title='bbox 1337 400 1878 464; x_wconf 72' lang='lat' dir='ltr'><strong>COMMUNES.—</strong></span> <span class='ocrx_word' id='word_1_4' title='bbox 1919 398 2141 463; x_wconf 81' lang='lat' dir='ltr'><strong>PARS.</strong></span> <span class='ocrx_word' id='word_1_5' title='bbox 2189 400 2268 461; x_wconf 72' lang='lat' dir='ltr'><strong>II.</strong></span> <span class='ocrx_word' id='word_1_6' title='bbox 2313 398 2572 460; x_wconf 79' lang='lat' dir='ltr'><strong>SERMO</strong></span> <span class='ocrx_word' id='word_1_7' title='bbox 2608 398 2712 458; x_wconf 81' lang='grc' dir='ltr'><strong>ιν.</strong></span> 
     </span>
    </p>
   </div>
   <div class='ocr_carea' id='block_1_3' title="bbox 3444 391 3578 451">
    <p class='ocr_par' dir='ltr' id='par_1_3' title="bbox 3444 391 3578 451">
     <span class='ocr_line' id='line_1_3' title="bbox 3444 391 3578 451; baseline -0.015 0"><span class='ocrx_word' id='word_1_8' title='bbox 3444 391 3578 451; x_wconf 70' lang='lat'><strong>1025</strong></span> 
     </span>
    </p>
   </div>
   <div class='ocr_carea' id='block_1_4' title="bbox 399 488 1944 584">
    <p class='ocr_par' dir='ltr' id='par_1_4' title="bbox 399 510 1944 584">
     <span class='ocr_line' id='line_1_4' title="bbox 399 510 1944 584; baseline 0 -19"><span class='ocrx_word' id='word_1_9' title='bbox 399 512 538 565; x_wconf 73' lang='grc' dir='ltr'>υὺαὶ</span> <span class='ocrx_word' id='word_1_10' title='bbox 568 513 719 581; x_wconf 79' lang='grc' dir='ltr'>ὑμῖν,</span> <span class='ocrx_word' id='word_1_11' title='bbox 757 513 1113 584; x_wconf 78' lang='grc' dir='ltr'>Γραμματεῖς</span> <span class='ocrx_word' id='word_1_12' title='bbox 1148 514 1242 569; x_wconf 73' lang='grc' dir='ltr'><strong>καὶ</strong></span> <span class='ocrx_word' id='word_1_13' title='bbox 1268 513 1557 583; x_wconf 76' lang='grc' dir='ltr'><strong>Φαρισαῖοι</strong></span> <span class='ocrx_word' id='word_1_14' title='bbox 1593 510 1908 579; x_wconf 75' lang='grc' dir='ltr'>ὑποκριταὶ,</span> <span class='ocrx_word' id='word_1_15' title='bbox 1935 560 1944 578; x_wconf 80' lang='grc'><strong><em>,</em></strong></span> 
     </span>
    </p>
   </div>
   <div class='ocr_carea' id='block_1_5' title="bbox 2028 488 3587 584">
    <p class='ocr_par' dir='ltr' id='par_1_5' title="bbox 2084 488 3587 572">
     <span class='ocr_line' id='line_1_5' title="bbox 2084 488 3587 572; baseline -0.007 -9"><span class='ocrx_word' id='word_1_16' title='bbox 2084 509 2226 563; x_wconf 85' lang='lat' dir='ltr'><strong>Ibid.</strong></span> <span class='ocrx_word' id='word_1_17' title='bbox 2290 508 2380 564; x_wconf 83' lang='lat' dir='ltr'><strong>Vae</strong></span> <span class='ocrx_word' id='word_1_18' title='bbox 2430 508 2605 572; x_wconf 80' lang='lat' dir='ltr'><strong>vobis,</strong></span> <span class='ocrx_word' id='word_1_19' title='bbox 2669 488 2871 562; x_wconf 65' lang='lat' dir='ltr'><strong>Sczibm</strong></span> <span class='ocrx_word' id='word_1_20' title='bbox 2905 512 2962 560; x_wconf 89' lang='lat' dir='ltr'><strong>et</strong></span> <span class='ocrx_word' id='word_1_21' title='bbox 3010 499 3265 557; x_wconf 72' lang='lat' dir='ltr'><strong>Pharisaei</strong></span> <span class='ocrx_word' id='word_1_22' title='bbox 3327 498 3587 562; x_wconf 79' lang='lat' dir='ltr'><strong>simulati,</strong></span> 
     </span>
    </p>
   </div>
   <div class='ocr_carea' id='block_1_6' title="bbox 323 603 1902 674">
    <p class='ocr_par' dir='ltr' id='par_1_6' title="bbox 323 603 1902 674">
     <span class='ocr_line' id='line_1_6' title="bbox 323 603 1902 674; baseline -0.001 -17"><span class='ocrx_word' id='word_1_23' title='bbox 323 605 408 657; x_wconf 83' lang='grc' dir='ltr'><strong>ὅτι</strong></span> <span class='ocrx_word' id='word_1_24' title='bbox 476 605 882 674; x_wconf 76' lang='grc' dir='ltr'><strong>παρομοιάζετε</strong></span> <span class='ocrx_word' id='word_1_25' title='bbox 941 605 1130 673; x_wconf 66' lang='grc' dir='ltr'>τάφοις</span> <span class='ocrx_word' id='word_1_26' title='bbox 1188 603 1602 672; x_wconf 79' lang='grc' dir='ltr'><strong>κεκονιαμένοις</strong></span> <span class='ocrx_word' id='word_1_27' title='bbox 1634 619 1649 633; x_wconf 67' lang='grc' dir='ltr'>θ</span> <span class='ocrx_word' id='word_1_28' title='bbox 1706 603 1902 665; x_wconf 78' lang='grc' dir='ltr'>οἵτινες</span> 
     </span>
    </p>
   </div>
   <div class='ocr_carea' id='block_1_7' title="bbox 324 692 1904 766">
    <p class='ocr_par' dir='ltr' id='par_1_7' title="bbox 324 692 1904 766">
     <span class='ocr_line' id='line_1_7' title="bbox 324 692 1904 766; baseline -0.001 -19"><span class='ocrx_word' id='word_1_29' title='bbox 324 694 524 758; x_wconf 70' lang='grc' dir='ltr'>ἔξωθεν</span> <span class='ocrx_word' id='word_1_30' title='bbox 558 696 656 764; x_wconf 83' lang='grc' dir='ltr'>μὲν</span> <span class='ocrx_word' id='word_1_31' title='bbox 687 695 971 764; x_wconf 74' lang='grc' dir='ltr'>(ῥαίνονται</span> <span class='ocrx_word' id='word_1_32' title='bbox 1008 695 1224 766; x_wconf 84' lang='grc' dir='ltr'>ὡραῖοι,</span> <span class='ocrx_word' id='word_1_33' title='bbox 1273 693 1479 747; x_wconf 74' lang='grc' dir='ltr'>ἔσωθεν</span> <span class='ocrx_word' id='word_1_34' title='bbox 1533 693 1591 745; x_wconf 86' lang='grc' dir='ltr'>δὲ</span> <span class='ocrx_word' id='word_1_35' title='bbox 1636 692 1904 762; x_wconf 81' lang='grc' dir='ltr'><strong>γέμουσιν</strong></span> 
     </span>
    </p>
   </div>
   <div class='ocr_carea' id='block_1_8' title="bbox 324 783 1905 857">
    <p class='ocr_par' dir='ltr' id='par_1_8' title="bbox 324 783 1905 857">
     <span class='ocr_line' id='line_1_8' title="bbox 324 783 1905 857; baseline -0.001 -20"><span class='ocrx_word' id='word_1_36' title='bbox 324 786 533 838; x_wconf 80' lang='grc' dir='ltr'><strong>ὀστέων</strong></span> <span class='ocrx_word' id='word_1_37' title='bbox 589 786 801 854; x_wconf 84' lang='grc' dir='ltr'>νεκρῶν</span> <span class='ocrx_word' id='word_1_38' title='bbox 836 788 927 838; x_wconf 83' lang='grc' dir='ltr'><strong>καὶ</strong></span> <span class='ocrx_word' id='word_1_39' title='bbox 963 788 1144 857; x_wconf 77' lang='grc' dir='ltr'>πάσης</span> <span class='ocrx_word' id='word_1_40' title='bbox 1179 784 1567 854; x_wconf 73' lang='grc' dir='ltr'><strong>ἀκαθαρσίας·</strong></span> <span class='ocrx_word' id='word_1_41' title='bbox 1607 783 1781 847; x_wconf 80' lang='grc' dir='ltr'>οὕτως</span> <span class='ocrx_word' id='word_1_42' title='bbox 1812 784 1905 837; x_wconf 77' lang='grc' dir='ltr'>καὶ</span> 
     </span>
    </p>
   </div>
   <div class='ocr_carea' id='block_1_9' title="bbox 331 876 1903 948">
    <p class='ocr_par' dir='ltr' id='par_1_9' title="bbox 331 876 1903 948">
     <span class='ocr_line' id='line_1_9' title="bbox 331 876 1903 948; baseline -0.001 -18"><span class='ocrx_word' id='word_1_43' title='bbox 331 877 513 947; x_wconf 69' lang='grc' dir='ltr'><strong>ὑμείξ,</strong></span> <span class='ocrx_word' id='word_1_44' title='bbox 545 877 747 944; x_wconf 74' lang='grc' dir='ltr'>ἔξωθεν</span> <span class='ocrx_word' id='word_1_45' title='bbox 782 878 881 948; x_wconf 82' lang='grc' dir='ltr'>μὲν</span> <span class='ocrx_word' id='word_1_46' title='bbox 913 879 1170 946; x_wconf 81' lang='grc' dir='ltr'>φαίνεσθε</span> <span class='ocrx_word' id='word_1_47' title='bbox 1206 880 1317 940; x_wconf 82' lang='grc' dir='ltr'>τοῖς</span> <span class='ocrx_word' id='word_1_48' title='bbox 1348 876 1658 948; x_wconf 84' lang='grc' dir='ltr'>ἀνθρώποις</span> <span class='ocrx_word' id='word_1_49' title='bbox 1683 876 1903 940; x_wconf 86' lang='grc' dir='ltr'>δίκαιοι,</span> 
     </span>
    </p>
   </div>
   <div class='ocr_carea' id='block_1_10' title="bbox 330 968 1905 1040">
    <p class='ocr_par' dir='ltr' id='par_1_10' title="bbox 330 968 1905 1040">
     <span class='ocr_line' id='line_1_10' title="bbox 330 968 1905 1040; baseline 0.001 -20"><span class='ocrx_word' id='word_1_50' title='bbox 330 968 536 1021; x_wconf 75' lang='grc' dir='ltr'>ἔσωθεν</span> <span class='ocrx_word' id='word_1_51' title='bbox 601 972 657 1023; x_wconf 85' lang='grc' dir='ltr'>δὲ</span> <span class='ocrx_word' id='word_1_52' title='bbox 720 974 908 1040; x_wconf 84' lang='grc' dir='ltr'>μεστοί</span> <span class='ocrx_word' id='word_1_53' title='bbox 973 974 1097 1025; x_wconf 81' lang='grc' dir='ltr'>ἐστε</span> <span class='ocrx_word' id='word_1_54' title='bbox 1157 971 1505 1040; x_wconf 76' lang='grc' dir='ltr'>ὑποκρίσεως</span> <span class='ocrx_word' id='word_1_55' title='bbox 1565 969 1662 1023; x_wconf 77' lang='grc' dir='ltr'><strong>καὶ</strong></span> <span class='ocrx_word' id='word_1_56' title='bbox 1722 969 1905 1035; x_wconf 82' lang='grc' dir='ltr'><strong>πάσης</strong></span> 
     </span>
    </p>
   </div>
   <div class='ocr_carea' id='block_1_11' title="bbox 330 1063 584 1129">
    <p class='ocr_par' dir='ltr' id='par_1_11' title="bbox 330 1063 584 1129">
     <span class='ocr_line' id='line_1_11' title="bbox 330 1063 584 1129; baseline 0.008 -14"><span class='ocrx_word' id='word_1_57' title='bbox 330 1063 584 1129; x_wconf 75' lang='grc' dir='ltr'>ἀνομίας.</span> 
     </span>
    </p>
   </div>
   <div class='ocr_carea' id='block_1_12' title="bbox 413 1153 1906 1226">
    <p class='ocr_par' dir='ltr' id='par_1_12' title="bbox 413 1153 1906 1226">
     <span class='ocr_line' id='line_1_12' title="bbox 413 1153 1906 1226; baseline -0.001 -19"><span class='ocrx_word' id='word_1_58' title='bbox 413 1156 558 1207; x_wconf 64' lang='grc' dir='ltr'>Ἰδξυν</span> <span class='ocrx_word' id='word_1_59' title='bbox 595 1155 651 1207; x_wconf 82' lang='grc' dir='ltr'>δὲ</span> <span class='ocrx_word' id='word_1_60' title='bbox 692 1154 875 1224; x_wconf 84' lang='grc' dir='ltr'>Σίμων</span> <span class='ocrx_word' id='word_1_61' title='bbox 925 1155 1008 1208; x_wconf 85' lang='grc' dir='ltr'>ὅτι</span> <span class='ocrx_word' id='word_1_62' title='bbox 1056 1155 1145 1208; x_wconf 79' lang='grc' dir='ltr'>διὰ</span> <span class='ocrx_word' id='word_1_63' title='bbox 1192 1157 1288 1226; x_wconf 80' lang='grc' dir='ltr'>τῆς</span> <span class='ocrx_word' id='word_1_64' title='bbox 1322 1153 1622 1217; x_wconf 79' lang='grc' dir='ltr'>ἐπιθέσεως</span> <span class='ocrx_word' id='word_1_65' title='bbox 1652 1153 1761 1207; x_wconf 87' lang='grc' dir='ltr'><strong>τῶν</strong></span> <span class='ocrx_word' id='word_1_66' title='bbox 1795 1169 1906 1224; x_wconf 87' lang='grc' dir='ltr'>χει-</span> 
     </span>
    </p>
   </div>
   <div class='ocr_carea' id='block_1_13' title="bbox 330 1232 1902 1317">
    <p class='ocr_par' dir='ltr' id='par_1_13' title="bbox 330 1232 1902 1317">
     <span class='ocr_line' id='line_1_13' title="bbox 330 1232 1902 1317; baseline 0.001 -22"><span class='ocrx_word' id='word_1_67' title='bbox 330 1248 443 1317; x_wconf 84' lang='grc' dir='ltr'><strong>ρῶν</strong></span> <span class='ocrx_word' id='word_1_68' title='bbox 489 1247 600 1298; x_wconf 84' lang='grc' dir='ltr'><strong>τῶν</strong></span> <span class='ocrx_word' id='word_1_69' title='bbox 641 1247 957 1300; x_wconf 75' lang='grc' dir='ltr'>ἀποστόλων</span> <span class='ocrx_word' id='word_1_70' title='bbox 989 1248 1192 1301; x_wconf 80' lang='grc' dir='ltr'>δίδοται</span> <span class='ocrx_word' id='word_1_71' title='bbox 1244 1249 1304 1300; x_wconf 85' lang='grc' dir='ltr'><strong>τὸ</strong></span> <span class='ocrx_word' id='word_1_72' title='bbox 1354 1246 1579 1316; x_wconf 82' lang='grc' dir='ltr'>Πνεῦμα</span> <span class='ocrx_word' id='word_1_73' title='bbox 1624 1247 1676 1299; x_wconf 84' lang='grc' dir='ltr'><strong>τὸ</strong></span> <span class='ocrx_word' id='word_1_74' title='bbox 1726 1232 1902 1314; x_wconf 75' lang='grc' dir='ltr'>ἅγιον,</span> 
     </span>
    </p>
   </div>
   <div class='ocr_carea' id='block_1_14' title="bbox 329 1339 1907 1416">
    <p class='ocr_par' dir='ltr' id='par_1_14' title="bbox 329 1339 1907 1416">
     <span class='ocr_line' id='line_1_14' title="bbox 329 1339 1907 1416; baseline -0.003 -21"><span class='ocrx_word' id='word_1_75' title='bbox 329 1340 710 1409; x_wconf 83' lang='grc' dir='ltr'>προσήνεγκεν</span> <span class='ocrx_word' id='word_1_76' title='bbox 765 1340 949 1402; x_wconf 76' lang='grc' dir='ltr'>αὐτοῖς</span> <span class='ocrx_word' id='word_1_77' title='bbox 998 1340 1278 1416; x_wconf 83' lang='grc' dir='ltr'>χρήματα,</span> <span class='ocrx_word' id='word_1_78' title='bbox 1312 1339 1521 1407; x_wconf 79' lang='grc' dir='ltr'>λέγων·</span> <span class='ocrx_word' id='word_1_79' title='bbox 1557 1340 1685 1391; x_wconf 87' lang='grc' dir='ltr'>Δότε</span> <span class='ocrx_word' id='word_1_80' title='bbox 1737 1341 1907 1408; x_wconf 76' lang='grc' dir='ltr'>κάμοὶ</span> 
     </span>
    </p>
   </div>
   <div class='ocr_carea' id='block_1_15' title="bbox 326 1425 1906 1501">
    <p class='ocr_par' dir='ltr' id='par_1_15' title="bbox 326 1425 1906 1501">
     <span class='ocr_line' id='line_1_15' title="bbox 326 1425 1906 1501; baseline -0.001 -18"><span class='ocrx_word' id='word_1_81' title='bbox 326 1428 429 1497; x_wconf 78' lang='grc' dir='ltr'><strong>τὴν</strong></span> <span class='ocrx_word' id='word_1_82' title='bbox 473 1427 725 1493; x_wconf 78' lang='grc' dir='ltr'>ἐξουσίαν</span> <span class='ocrx_word' id='word_1_83' title='bbox 770 1430 1003 1501; x_wconf 84' lang='grc' dir='ltr'>ταύτην,</span> <span class='ocrx_word' id='word_1_84' title='bbox 1044 1430 1131 1483; x_wconf 82' lang='grc' dir='ltr'>ἵνα</span> <span class='ocrx_word' id='word_1_85' title='bbox 1162 1425 1204 1497; x_wconf 82' lang='grc' dir='ltr'>ᾧ</span> <span class='ocrx_word' id='word_1_86' title='bbox 1238 1432 1333 1483; x_wconf 75' lang='grc' dir='ltr'>ἐὰν</span> <span class='ocrx_word' id='word_1_87' title='bbox 1378 1430 1550 1484; x_wconf 88' lang='grc' dir='ltr'>ἐπιθῶ</span> <span class='ocrx_word' id='word_1_88' title='bbox 1589 1429 1688 1493; x_wconf 84' lang='grc' dir='ltr'>τὰς</span> <span class='ocrx_word' id='word_1_89' title='bbox 1718 1431 1906 1501; x_wconf 83' lang='grc' dir='ltr'>χεῖράς</span> 
     </span>
    </p>
   </div>
   <div class='ocr_carea' id='block_1_16' title="bbox 332 1517 1908 1593">
    <p class='ocr_par' dir='ltr' id='par_1_16' title="bbox 332 1517 1908 1593">
     <span class='ocr_line' id='line_1_16' title="bbox 332 1517 1908 1593; baseline 0.004 -24"><span class='ocrx_word' id='word_1_90' title='bbox 332 1534 458 1583; x_wconf 70' lang='grc' dir='ltr'>μου,</span> <span class='ocrx_word' id='word_1_91' title='bbox 500 1519 752 1592; x_wconf 74' lang='grc' dir='ltr'>λαμϐάνῃ</span> <span class='ocrx_word' id='word_1_92' title='bbox 782 1518 1008 1589; x_wconf 79' lang='grc' dir='ltr'>Πνεῦμα</span> <span class='ocrx_word' id='word_1_93' title='bbox 1060 1521 1236 1590; x_wconf 83' lang='grc' dir='ltr'>ἆγιον.</span> <span class='ocrx_word' id='word_1_94' title='bbox 1284 1521 1488 1593; x_wconf 78' lang='grc' dir='ltr'><strong>Πέτρος</strong></span> <span class='ocrx_word' id='word_1_95' title='bbox 1525 1523 1581 1575; x_wconf 85' lang='grc' dir='ltr'>δὲ</span> <span class='ocrx_word' id='word_1_96' title='bbox 1611 1517 1737 1575; x_wconf 81' lang='grc' dir='ltr'>εἷπε</span> <span class='ocrx_word' id='word_1_97' title='bbox 1770 1522 1908 1592; x_wconf 70' lang='grc' dir='ltr'>πρὸς</span> 
     </span>
    </p>
   </div>
   <div class='ocr_carea' id='block_1_17' title="bbox 331 1610 1903 1683">
    <p class='ocr_par' dir='ltr' id='par_1_17' title="bbox 331 1610 1903 1683">
     <span class='ocr_line' id='line_1_17' title="bbox 331 1610 1903 1683; baseline 0.001 -20"><span class='ocrx_word' id='word_1_98' title='bbox 331 1610 515 1677; x_wconf 71' lang='grc' dir='ltr'>αὺτὸν,</span> <span class='ocrx_word' id='word_1_99' title='bbox 547 1612 619 1665; x_wconf 87' lang='grc' dir='ltr'><strong>Τὸ</strong></span> <span class='ocrx_word' id='word_1_100' title='bbox 653 1614 916 1683; x_wconf 81' lang='grc' dir='ltr'>ἀργύριόν</span> <span class='ocrx_word' id='word_1_101' title='bbox 950 1615 1058 1679; x_wconf 66' lang='lat' dir='ltr'><strong>{dou</strong></span> <span class='ocrx_word' id='word_1_102' title='bbox 1107 1615 1205 1667; x_wconf 76' lang='grc' dir='ltr'><strong>σὺν</strong></span> <span class='ocrx_word' id='word_1_103' title='bbox 1235 1614 1318 1666; x_wconf 69' lang='grc' dir='ltr'><strong>σοὶ</strong></span> <span class='ocrx_word' id='word_1_104' title='bbox 1351 1613 1436 1682; x_wconf 76' lang='grc' dir='ltr'><strong>εἴη</strong></span> <span class='ocrx_word' id='word_1_105' title='bbox 1482 1615 1562 1676; x_wconf 85' lang='grc' dir='ltr'><strong>είς</strong></span> <span class='ocrx_word' id='word_1_106' title='bbox 1604 1612 1903 1679; x_wconf 77' lang='grc' dir='ltr'>ἀπώλειαν,</span> 
     </span>
    </p>
   </div>
   <div class='ocr_carea' id='block_1_18' title="bbox 331 1703 1907 1777">
    <p class='ocr_par' dir='ltr' id='par_1_18' title="bbox 331 1703 1907 1777">
     <span class='ocr_line' id='line_1_18' title="bbox 331 1703 1907 1777; baseline 0.003 -23"><span class='ocrx_word' id='word_1_107' title='bbox 331 1703 414 1760; x_wconf 85' lang='grc' dir='ltr'>ὅτι</span> <span class='ocrx_word' id='word_1_108' title='bbox 454 1703 551 1773; x_wconf 83' lang='grc' dir='ltr'>τὴν</span> <span class='ocrx_word' id='word_1_109' title='bbox 583 1705 794 1777; x_wconf 79' lang='grc' dir='ltr'>δωρεὰν</span> <span class='ocrx_word' id='word_1_110' title='bbox 841 1703 936 1760; x_wconf 85' lang='grc' dir='ltr'><strong>τοῦ</strong></span> <span class='ocrx_word' id='word_1_111' title='bbox 981 1704 1117 1758; x_wconf 78' lang='grc' dir='ltr'>θεοῦ</span> <span class='ocrx_word' id='word_1_112' title='bbox 1166 1706 1423 1774; x_wconf 72' lang='grc' dir='ltr'>ἐνόμισας</span> <span class='ocrx_word' id='word_1_113' title='bbox 1469 1705 1559 1759; x_wconf 81' lang='grc' dir='ltr'>διὰ</span> <span class='ocrx_word' id='word_1_114' title='bbox 1605 1705 1907 1776; x_wconf 84' lang='grc' dir='ltr'>χρημάτων</span> 
     </span>
    </p>
   </div>
   <div class='ocr_carea' id='block_1_19' title="bbox 334 1797 1907 1868">
    <p class='ocr_par' dir='ltr' id='par_1_19' title="bbox 334 1797 1907 1868">
     <span class='ocr_line' id='line_1_19' title="bbox 334 1797 1907 1868; baseline -0.001 -18"><span class='ocrx_word' id='word_1_115' title='bbox 334 1797 603 1850; x_wconf 84' lang='grc' dir='ltr'>κτᾶσθαι·</span> <span class='ocrx_word' id='word_1_116' title='bbox 633 1800 730 1850; x_wconf 64' lang='grc' dir='ltr'><strong>οὐκ</strong></span> <span class='ocrx_word' id='word_1_117' title='bbox 757 1797 871 1850; x_wconf 77' lang='grc' dir='ltr'>ἔστι</span> <span class='ocrx_word' id='word_1_118' title='bbox 903 1814 986 1851; x_wconf 90' lang='grc' dir='ltr'><strong>σοι</strong></span> <span class='ocrx_word' id='word_1_119' title='bbox 1019 1801 1176 1868; x_wconf 78' lang='grc' dir='ltr'>μερὶς</span> <span class='ocrx_word' id='word_1_120' title='bbox 1206 1798 1326 1850; x_wconf 79' lang='grc' dir='ltr'>οὐδὲ</span> <span class='ocrx_word' id='word_1_121' title='bbox 1359 1798 1556 1867; x_wconf 82' lang='grc' dir='ltr'>κλῆρος</span> <span class='ocrx_word' id='word_1_122' title='bbox 1582 1800 1639 1850; x_wconf 86' lang='grc' dir='ltr'><strong>ἐν</strong></span> <span class='ocrx_word' id='word_1_123' title='bbox 1664 1799 1741 1867; x_wconf 85' lang='grc' dir='ltr'>τῷ</span> <span class='ocrx_word' id='word_1_124' title='bbox 1764 1798 1907 1868; x_wconf 86' lang='grc' dir='ltr'>λόγῳ</span> 
     </span>
    </p>
   </div>
   <div class='ocr_carea' id='block_1_20' title="bbox 338 1889 530 1958">
    <p class='ocr_par' dir='ltr' id='par_1_20' title="bbox 338 1889 530 1958">
     <span class='ocr_line' id='line_1_20' title="bbox 338 1889 530 1958; baseline 0 -15"><span class='ocrx_word' id='word_1_125' title='bbox 338 1889 530 1958; x_wconf 73' lang='grc' dir='ltr'>τούτῳ.</span> 
     </span>
    </p>
   </div>
   <div class='ocr_carea' id='block_1_21' title="bbox 410 1980 1916 2054">
    <p class='ocr_par' dir='ltr' id='par_1_21' title="bbox 410 1980 1916 2054">
     <span class='ocr_line' id='line_1_21' title="bbox 410 1980 1916 2054; baseline 0.001 -20"><span class='ocrx_word' id='word_1_126' title='bbox 410 1982 576 2035; x_wconf 87' lang='grc' dir='ltr'>Ὅσον</span> <span class='ocrx_word' id='word_1_127' title='bbox 625 1981 743 2036; x_wconf 75' lang='grc' dir='ltr'>ἐστὶ</span> <span class='ocrx_word' id='word_1_128' title='bbox 790 1982 986 2047; x_wconf 68' lang='grc' dir='ltr'>κακὸν,</span> <span class='ocrx_word' id='word_1_129' title='bbox 1034 1983 1154 2037; x_wconf 77' lang='grc' dir='ltr'>ἀντὶ</span> <span class='ocrx_word' id='word_1_130' title='bbox 1202 1983 1447 2054; x_wconf 74' lang='grc' dir='ltr'>ὁδηγίας,</span> <span class='ocrx_word' id='word_1_131' title='bbox 1488 1982 1699 2052; x_wconf 64' lang='grc' dir='ltr'>πλάνης</span> <span class='ocrx_word' id='word_1_132' title='bbox 1743 1980 1916 2040; x_wconf 80' lang='grc' dir='ltr'>αἴτιον</span> 
     </span>
    </p>
   </div>
   <div class='ocr_carea' id='block_1_22' title="bbox 335 2072 1920 2145">
    <p class='ocr_par' dir='ltr' id='par_1_22' title="bbox 335 2072 1920 2145">
     <span class='ocr_line' id='line_1_22' title="bbox 335 2072 1920 2145; baseline 0.002 -21"><span class='ocrx_word' id='word_1_133' title='bbox 335 2073 591 2140; x_wconf 77' lang='grc' dir='ltr'>γενέσθαι</span> <span class='ocrx_word' id='word_1_134' title='bbox 630 2076 740 2137; x_wconf 88' lang='grc' dir='ltr'>τοῖς</span> <span class='ocrx_word' id='word_1_135' title='bbox 774 2076 1133 2145; x_wconf 75' lang='grc' dir='ltr'>ὑποχειρίοις,</span> <span class='ocrx_word' id='word_1_136' title='bbox 1190 2076 1425 2145; x_wconf 80' lang='grc' dir='ltr'>συνορᾷν</span> <span class='ocrx_word' id='word_1_137' title='bbox 1471 2074 1684 2141; x_wconf 80' lang='grc' dir='ltr'>ἔξεστιν</span> <span class='ocrx_word' id='word_1_138' title='bbox 1717 2075 1779 2126; x_wconf 87' lang='grc' dir='ltr'><strong>ἐκ</strong></span> <span class='ocrx_word' id='word_1_139' title='bbox 1807 2072 1920 2127; x_wconf 84' lang='grc' dir='ltr'><strong>τῶν</strong></span> 
     </span>
    </p>
   </div>
   <div class='ocr_carea' id='block_1_23' title="bbox 336 2167 1920 2239">
    <p class='ocr_par' dir='ltr' id='par_1_23' title="bbox 336 2167 1920 2239">
     <span class='ocr_line' id='line_1_23' title="bbox 336 2167 1920 2239; baseline 0 -20"><span class='ocrx_word' id='word_1_140' title='bbox 336 2167 713 2225; x_wconf 76' lang='grc' dir='ltr'>ἀποστολικῶν</span> <span class='ocrx_word' id='word_1_141' title='bbox 766 2168 1156 2239; x_wconf 87' lang='grc' dir='ltr'>διδαγμάτων·</span> <span class='ocrx_word' id='word_1_142' title='bbox 1216 2171 1443 2239; x_wconf 82' lang='grc' dir='ltr'>σημεῖον</span> <span class='ocrx_word' id='word_1_143' title='bbox 1494 2168 1550 2221; x_wconf 77' lang='grc' dir='ltr'>δέ</span> <span class='ocrx_word' id='word_1_144' title='bbox 1600 2170 1717 2221; x_wconf 86' lang='grc' dir='ltr'>ἐστι</span> <span class='ocrx_word' id='word_1_145' title='bbox 1760 2167 1920 2221; x_wconf 86' lang='grc' dir='ltr'>τοῦτο</span> 
     </span>
    </p>
   </div>
   <div class='ocr_carea' id='block_1_24' title="bbox 338 2260 1921 2335">
    <p class='ocr_par' dir='ltr' id='par_1_24' title="bbox 338 2260 1921 2335">
     <span class='ocr_line' id='line_1_24' title="bbox 338 2260 1921 2335; baseline 0.003 -23"><span class='ocrx_word' id='word_1_146' title='bbox 338 2261 436 2313; x_wconf 85' lang='grc' dir='ltr'><strong>τοῦ</strong></span> <span class='ocrx_word' id='word_1_147' title='bbox 485 2263 579 2314; x_wconf 75' lang='grc' dir='ltr'>καὶ</span> <span class='ocrx_word' id='word_1_148' title='bbox 612 2262 712 2333; x_wconf 85' lang='grc' dir='ltr'>τὴν</span> <span class='ocrx_word' id='word_1_149' title='bbox 747 2263 967 2333; x_wconf 71' lang='grc' dir='ltr'>ἐντολὴν</span> <span class='ocrx_word' id='word_1_150' title='bbox 1006 2265 1107 2334; x_wconf 81' lang='grc' dir='ltr'>τῆς</span> <span class='ocrx_word' id='word_1_151' title='bbox 1156 2264 1382 2333; x_wconf 81' lang='grc' dir='ltr'>ἀγάπης</span> <span class='ocrx_word' id='word_1_152' title='bbox 1415 2264 1804 2335; x_wconf 83' lang='grc' dir='ltr'>ἀκατόρθωτον</span> <span class='ocrx_word' id='word_1_153' title='bbox 1844 2260 1921 2317; x_wconf 80' lang='grc' dir='ltr'><strong>εῖ-</strong></span> 
     </span>
    </p>
   </div>
   <div class='ocr_carea' id='block_1_25' title="bbox 341 2353 1921 2427">
    <p class='ocr_par' dir='ltr' id='par_1_25' title="bbox 341 2353 1921 2427">
     <span class='ocr_line' id='line_1_25' title="bbox 341 2353 1921 2427; baseline 0.003 -23"><span class='ocrx_word' id='word_1_154' title='bbox 341 2368 449 2404; x_wconf 86' lang='grc' dir='ltr'>ναι.</span> <span class='ocrx_word' id='word_1_155' title='bbox 495 2353 685 2417; x_wconf 70' lang='grc' dir='ltr'>Οῦδεὶς</span> <span class='ocrx_word' id='word_1_156' title='bbox 719 2355 827 2426; x_wconf 70' lang='grc' dir='ltr'><strong>γὰρ</strong></span> <span class='ocrx_word' id='word_1_157' title='bbox 866 2353 1052 2426; x_wconf 83' lang='grc' dir='ltr'>πατὴρ</span> <span class='ocrx_word' id='word_1_158' title='bbox 1105 2358 1337 2427; x_wconf 77' lang='grc' dir='ltr'>περιορᾷ</span> <span class='ocrx_word' id='word_1_159' title='bbox 1387 2356 1449 2409; x_wconf 83' lang='grc' dir='ltr'><strong>τὸ</strong></span> <span class='ocrx_word' id='word_1_160' title='bbox 1483 2355 1680 2409; x_wconf 74' lang='grc' dir='ltr'>ἑαυτοῦ</span> <span class='ocrx_word' id='word_1_161' title='bbox 1733 2356 1921 2409; x_wconf 78' lang='grc' dir='ltr'>τέκνον</span> 
     </span>
    </p>
   </div>
   <div class='ocr_carea' id='block_1_26' title="bbox 347 2442 1924 2517">
    <p class='ocr_par' dir='ltr' id='par_1_26' title="bbox 347 2442 1924 2517">
     <span class='ocr_line' id='line_1_26' title="bbox 347 2442 1924 2517; baseline 0.003 -24"><span class='ocrx_word' id='word_1_162' title='bbox 347 2442 536 2511; x_wconf 79' lang='grc' dir='ltr'>μέλλον</span> <span class='ocrx_word' id='word_1_163' title='bbox 590 2445 957 2499; x_wconf 83' lang='grc' dir='ltr'>καταπίπτειν</span> <span class='ocrx_word' id='word_1_164' title='bbox 1013 2447 1094 2510; x_wconf 89' lang='grc' dir='ltr'><strong>είς</strong></span> <span class='ocrx_word' id='word_1_165' title='bbox 1144 2447 1390 2515; x_wconf 80' lang='grc' dir='ltr'>βόθυνον,</span> <span class='ocrx_word' id='word_1_166' title='bbox 1452 2446 1485 2516; x_wconf 82' lang='grc' dir='ltr'>ἢ</span> <span class='ocrx_word' id='word_1_167' title='bbox 1545 2450 1785 2517; x_wconf 84' lang='grc' dir='ltr'>ἐμπεσὸν</span> <span class='ocrx_word' id='word_1_168' title='bbox 1840 2449 1924 2499; x_wconf 90' lang='grc' dir='ltr'>ἐν-</span> 
     </span>
    </p>
   </div>
   <div class='ocr_carea' id='block_1_27' title="bbox 344 2535 1949 2609">
    <p class='ocr_par' dir='ltr' id='par_1_27' title="bbox 344 2535 1949 2609">
     <span class='ocr_line' id='line_1_27' title="bbox 344 2535 1949 2609; baseline 0.004 -23"><span class='ocrx_word' id='word_1_169' title='bbox 344 2536 535 2603; x_wconf 61' lang='grc' dir='ltr'>αφίησι</span> <span class='ocrx_word' id='word_1_170' title='bbox 580 2535 657 2605; x_wconf 82' lang='grc' dir='ltr'>τῷ</span> <span class='ocrx_word' id='word_1_171' title='bbox 706 2541 985 2607; x_wconf 82' lang='grc' dir='ltr'>πτώματι.</span> <span class='ocrx_word' id='word_1_172' title='bbox 1036 2539 1206 2592; x_wconf 80' lang='grc' dir='ltr'>Πόσον</span> <span class='ocrx_word' id='word_1_173' title='bbox 1254 2540 1561 2609; x_wconf 83' lang='grc' dir='ltr'>δεινότερον</span> <span class='ocrx_word' id='word_1_174' title='bbox 1606 2539 1785 2609; x_wconf 74' lang='grc' dir='ltr'>ψυχὴν</span> <span class='ocrx_word' id='word_1_175' title='bbox 1843 2542 1949 2604; x_wconf 72' lang='grc' dir='ltr'>εἰς,</span> 
     </span>
    </p>
   </div>
   <div class='ocr_carea' id='block_1_28' title="bbox 346 2625 1811 2702">
    <p class='ocr_par' dir='ltr' id='par_1_28' title="bbox 346 2625 1811 2702">
     <span class='ocr_line' id='line_1_28' title="bbox 346 2625 1811 2702; baseline 0 -23"><span class='ocrx_word' id='word_1_176' title='bbox 346 2625 506 2694; x_wconf 79' lang='grc' dir='ltr'>βάθος</span> <span class='ocrx_word' id='word_1_177' title='bbox 537 2627 723 2680; x_wconf 81' lang='grc' dir='ltr'>κακῶν</span> <span class='ocrx_word' id='word_1_178' title='bbox 756 2629 1106 2700; x_wconf 82' lang='grc' dir='ltr'>ἐμπεσοῦσαν</span> <span class='ocrx_word' id='word_1_179' title='bbox 1141 2631 1425 2698; x_wconf 77' lang='grc' dir='ltr'>ἐναφεῖναι</span> <span class='ocrx_word' id='word_1_180' title='bbox 1459 2631 1527 2700; x_wconf 75' lang='grc' dir='ltr'>τῇ</span> <span class='ocrx_word' id='word_1_181' title='bbox 1564 2630 1811 2702; x_wconf 57' lang='grc' dir='ltr'>ἀπωλείᾳ</span> 
     </span>
    </p>
   </div>
   <div class='ocr_carea' id='block_1_29' title="bbox 421 2798 1926 2883">
    <p class='ocr_par' dir='ltr' id='par_1_29' title="bbox 421 2798 1926 2883">
     <span class='ocr_line' id='line_1_29' title="bbox 421 2798 1926 2883; baseline 0.001 -22"><span class='ocrx_word' id='word_1_182' title='bbox 421 2808 644 2879; x_wconf 81' lang='grc' dir='ltr'>Οἷχεται</span> <span class='ocrx_word' id='word_1_183' title='bbox 679 2809 948 2879; x_wconf 85' lang='grc' dir='ltr'>σεμνότης</span> <span class='ocrx_word' id='word_1_184' title='bbox 990 2807 1264 2880; x_wconf 79' lang='grc' dir='ltr'>ίερατικὴ,</span> <span class='ocrx_word' id='word_1_185' title='bbox 1318 2808 1730 2863; x_wconf 82' lang='grc' dir='ltr'>ἐπιλελοίπασιν</span> <span class='ocrx_word' id='word_1_186' title='bbox 1779 2798 1926 2883; x_wconf 68' lang='grc' dir='ltr'>οἱκοέ</span> 
     </span>
    </p>
   </div>
   <div class='ocr_carea' id='block_1_30' title="bbox 349 2901 1924 2972">
    <p class='ocr_par' dir='ltr' id='par_1_30' title="bbox 349 2901 1924 2972">
     <span class='ocr_line' id='line_1_30' title="bbox 349 2901 1924 2972; baseline 0.002 -18"><span class='ocrx_word' id='word_1_187' title='bbox 349 2905 532 2972; x_wconf 85' lang='grc' dir='ltr'>νομίαι</span> <span class='ocrx_word' id='word_1_188' title='bbox 574 2903 849 2972; x_wconf 82' lang='grc' dir='ltr'>πτωχῶν.</span> <span class='ocrx_word' id='word_1_189' title='bbox 899 2905 979 2965; x_wconf 84' lang='grc' dir='ltr'><strong>εἰς</strong></span> <span class='ocrx_word' id='word_1_190' title='bbox 1031 2902 1169 2966; x_wconf 86' lang='grc' dir='ltr'>ίδίας</span> <span class='ocrx_word' id='word_1_191' title='bbox 1217 2901 1549 2964; x_wconf 77' lang='grc' dir='ltr'>ἀπολαύσεις</span> <span class='ocrx_word' id='word_1_192' title='bbox 1599 2903 1692 2956; x_wconf 77' lang='grc' dir='ltr'><strong>καὶ</strong></span> <span class='ocrx_word' id='word_1_193' title='bbox 1735 2902 1924 2972; x_wconf 86' lang='grc' dir='ltr'>δώρων</span> 
     </span>
    </p>
   </div>
   <div class='ocr_carea' id='block_1_31' title="bbox 344 2994 1923 3082">
    <p class='ocr_par' dir='ltr' id='par_1_31' title="bbox 344 2994 1923 3068">
     <span class='ocr_line' id='line_1_31' title="bbox 344 2994 1923 3068; baseline -0.002 -20"><span class='ocrx_word' id='word_1_194' title='bbox 344 2995 610 3066; x_wconf 80' lang='grc' dir='ltr'>διανομὰς</span> <span class='ocrx_word' id='word_1_195' title='bbox 651 2996 1170 3068; x_wconf 84' lang='grc' dir='ltr'>παραναλισκόντων</span> <span class='ocrx_word' id='word_1_196' title='bbox 1223 2994 1404 3049; x_wconf 87' lang='grc' dir='ltr'>πάντα</span> <span class='ocrx_word' id='word_1_197' title='bbox 1433 2994 1543 3049; x_wconf 88' lang='grc' dir='ltr'><strong>τῶν</strong></span> <span class='ocrx_word' id='word_1_198' title='bbox 1593 2994 1923 3064; x_wconf 78' lang='grc' dir='ltr'>φιλαρχούν-</span> 
     </span>
    </p>
   </div>
   <div class='ocr_carea' id='block_1_32' title="bbox 348 3103 481 3145">
    <p class='ocr_par' dir='ltr' id='par_1_32' title="bbox 348 3103 481 3145">
     <span class='ocr_line' id='line_1_32' title="bbox 348 3103 481 3145; baseline 0.015 -7"><span class='ocrx_word' id='word_1_199' title='bbox 348 3103 481 3145; x_wconf 80' lang='grc' dir='ltr'>των.</span> 
     </span>
    </p>
   </div>
   <div class='ocr_carea' id='block_1_33' title="bbox 430 3150 1923 3249">
    <p class='ocr_par' dir='ltr' id='par_1_33' title="bbox 430 3150 1923 3249">
     <span class='ocr_line' id='line_1_33' title="bbox 430 3150 1923 3249; baseline 0.003 -21"><span class='ocrx_word' id='word_1_200' title='bbox 430 3175 701 3229; x_wconf 83' lang='grc' dir='ltr'>’Λπόλωλε</span> <span class='ocrx_word' id='word_1_201' title='bbox 746 3177 921 3247; x_wconf 78' lang='grc' dir='ltr'>κρῖμα</span> <span class='ocrx_word' id='word_1_202' title='bbox 964 3175 1196 3237; x_wconf 83' lang='grc' dir='ltr'>δίκαιον.</span> <span class='ocrx_word' id='word_1_203' title='bbox 1244 3177 1361 3240; x_wconf 80' lang='grc' dir='ltr'>Πᾶς</span> <span class='ocrx_word' id='word_1_204' title='bbox 1405 3194 1490 3240; x_wconf 87' lang='grc' dir='ltr'><strong>τις</strong></span> <span class='ocrx_word' id='word_1_205' title='bbox 1528 3175 1609 3248; x_wconf 83' lang='grc' dir='ltr'>τῷ</span> <span class='ocrx_word' id='word_1_206' title='bbox 1655 3150 1923 3249; x_wconf 77' lang='grc' dir='ltr'>θελήματι</span> 
     </span>
    </p>
   </div>
   <div class='ocr_carea' id='block_1_34' title="bbox 2015 590 3592 669">
    <p class='ocr_par' dir='ltr' id='par_1_34' title="bbox 2015 590 3592 669">
     <span class='ocr_line' id='line_1_34' title="bbox 2015 590 3592 669; baseline -0.004 -16"><span class='ocrx_word' id='word_1_207' title='bbox 2015 608 2299 669; x_wconf 78' lang='lat' dir='ltr'><strong>propterea</strong></span> <span class='ocrx_word' id='word_1_208' title='bbox 2354 598 2495 667; x_wconf 87' lang='lat' dir='ltr'><strong>quod</strong></span> <span class='ocrx_word' id='word_1_209' title='bbox 2575 597 2780 650; x_wconf 87' lang='lat' dir='ltr'><strong>similes</strong></span> <span class='ocrx_word' id='word_1_210' title='bbox 2836 594 2967 650; x_wconf 86' lang='lat' dir='ltr'><strong>estis</strong></span> <span class='ocrx_word' id='word_1_211' title='bbox 3024 592 3289 662; x_wconf 77' lang='lat' dir='ltr'><strong>sepulcris</strong></span> <span class='ocrx_word' id='word_1_212' title='bbox 3361 590 3592 647; x_wconf 83' lang='lat' dir='ltr'><strong>tectorio</strong></span> 
     </span>
    </p>
   </div>
   <div class='ocr_carea' id='block_1_35' title="bbox 2014 683 3592 761">
    <p class='ocr_par' dir='ltr' id='par_1_35' title="bbox 2014 683 3592 761">
     <span class='ocr_line' id='line_1_35' title="bbox 2014 683 3592 761; baseline -0.009 -14"><span class='ocrx_word' id='word_1_213' title='bbox 2014 692 2291 752; x_wconf 88' lang='lat' dir='ltr'><strong>inductis,</strong></span> <span class='ocrx_word' id='word_1_214' title='bbox 2322 706 2446 761; x_wconf 60' lang='lat' dir='ltr'><strong>qua</strong></span> <span class='ocrx_word' id='word_1_215' title='bbox 2470 687 2604 744; x_wconf 85' lang='lat' dir='ltr'><strong>foris</strong></span> <span class='ocrx_word' id='word_1_216' title='bbox 2635 687 2880 757; x_wconf 87' lang='lat' dir='ltr'><strong>speciosa</strong></span> <span class='ocrx_word' id='word_1_217' title='bbox 2950 684 3226 747; x_wconf 86' lang='lat' dir='ltr'><strong>videntur,</strong></span> <span class='ocrx_word' id='word_1_218' title='bbox 3279 683 3428 737; x_wconf 89' lang='lat' dir='ltr'><strong>intus</strong></span> <span class='ocrx_word' id='word_1_219' title='bbox 3488 696 3592 734; x_wconf 86' lang='lat' dir='ltr'><strong>au-</strong></span> 
     </span>
    </p>
   </div>
   <div class='ocr_carea' id='block_1_36' title="bbox 2013 772 3593 853">
    <p class='ocr_par' dir='ltr' id='par_1_36' title="bbox 2013 772 3593 853">
     <span class='ocr_line' id='line_1_36' title="bbox 2013 772 3593 853; baseline -0.008 -14"><span class='ocrx_word' id='word_1_220' title='bbox 2013 796 2120 839; x_wconf 87' lang='lat' dir='ltr'><strong>tem</strong></span> <span class='ocrx_word' id='word_1_221' title='bbox 2153 784 2307 853; x_wconf 88' lang='lat' dir='ltr'><strong>plena</strong></span> <span class='ocrx_word' id='word_1_222' title='bbox 2342 781 2711 837; x_wconf 81' lang='lat' dir='ltr'><strong>suntossibus</strong></span> <span class='ocrx_word' id='word_1_223' title='bbox 2767 780 3094 845; x_wconf 73' lang='lat' dir='ltr'><strong>cadaverum</strong></span> <span class='ocrx_word' id='word_1_224' title='bbox 3154 783 3209 828; x_wconf 88' lang='lat' dir='ltr'><strong>et</strong></span> <span class='ocrx_word' id='word_1_225' title='bbox 3243 772 3432 843; x_wconf 86' lang='lat' dir='ltr'><strong>quavis</strong></span> <span class='ocrx_word' id='word_1_226' title='bbox 3488 772 3593 826; x_wconf 88' lang='lat' dir='ltr'><strong>ini-</strong></span> 
     </span>
    </p>
   </div>
   <div class='ocr_carea' id='block_1_37' title="bbox 2013 865 3592 930">
    <p class='ocr_par' dir='ltr' id='par_1_37' title="bbox 2013 865 3592 930">
     <span class='ocr_line' id='line_1_37' title="bbox 2013 865 3592 930; baseline -0.008 -1"><span class='ocrx_word' id='word_1_227' title='bbox 2013 875 2283 930; x_wconf 89' lang='lat' dir='ltr'><strong>mttnditie</strong></span> <span class='ocrx_word' id='word_1_228' title='bbox 2315 890 2328 929; x_wconf 91' lang='lat'><strong>:</strong></span> <span class='ocrx_word' id='word_1_229' title='bbox 2356 874 2422 929; x_wconf 92' lang='lat' dir='ltr'><strong>ad</strong></span> <span class='ocrx_word' id='word_1_230' title='bbox 2456 874 2707 928; x_wconf 88' lang='lat' dir='ltr'><strong>eumdem</strong></span> <span class='ocrx_word' id='word_1_231' title='bbox 2743 870 2964 927; x_wconf 87' lang='lat' dir='ltr'><strong>modum</strong></span> <span class='ocrx_word' id='word_1_232' title='bbox 3005 878 3060 924; x_wconf 92' lang='lat' dir='ltr'><strong>et</strong></span> <span class='ocrx_word' id='word_1_233' title='bbox 3108 881 3204 922; x_wconf 88' lang='lat' dir='ltr'><strong>vos</strong></span> <span class='ocrx_word' id='word_1_234' title='bbox 3249 865 3592 919; x_wconf 78' lang='lat' dir='ltr'><strong>extrinsecus</strong></span> 
     </span>
    </p>
   </div>
   <div class='ocr_carea' id='block_1_38' title="bbox 2013 957 3591 1037">
    <p class='ocr_par' dir='ltr' id='par_1_38' title="bbox 2013 957 3591 1037">
     <span class='ocr_line' id='line_1_38' title="bbox 2013 957 3591 1037; baseline -0.007 -15"><span class='ocrx_word' id='word_1_235' title='bbox 2013 967 2327 1022; x_wconf 85' lang='lat' dir='ltr'><strong>hominibus</strong></span> <span class='ocrx_word' id='word_1_236' title='bbox 2371 966 2634 1021; x_wconf 79' lang='lat' dir='ltr'><strong>videmini</strong></span> <span class='ocrx_word' id='word_1_237' title='bbox 2661 964 2814 1037; x_wconf 87' lang='lat' dir='ltr'><strong>justi,</strong></span> <span class='ocrx_word' id='word_1_238' title='bbox 2854 962 3187 1018; x_wconf 71' lang='lat' dir='ltr'><strong>intrinsecus</strong></span> <span class='ocrx_word' id='word_1_239' title='bbox 3234 968 3415 1014; x_wconf 89' lang='lat' dir='ltr'><strong>autem</strong></span> <span class='ocrx_word' id='word_1_240' title='bbox 3448 957 3591 1028; x_wconf 89' lang='lat' dir='ltr'><strong>pleni</strong></span> 
     </span>
    </p>
   </div>
   <div class='ocr_carea' id='block_1_39' title="bbox 2013 1050 3415 1125">
    <p class='ocr_par' dir='ltr' id='par_1_39' title="bbox 2013 1050 3415 1125">
     <span class='ocr_line' id='line_1_39' title="bbox 2013 1050 3415 1125; baseline -0.007 -12"><span class='ocrx_word' id='word_1_241' title='bbox 2013 1059 2145 1114; x_wconf 89' lang='lat' dir='ltr'><strong>estis</strong></span> <span class='ocrx_word' id='word_1_242' title='bbox 2180 1059 2530 1113; x_wconf 87' lang='lat' dir='ltr'><strong>simulatione</strong></span> <span class='ocrx_word' id='word_1_243' title='bbox 2558 1066 2612 1111; x_wconf 90' lang='lat' dir='ltr'><strong>et</strong></span> <span class='ocrx_word' id='word_1_244' title='bbox 2637 1056 2786 1110; x_wconf 88' lang='lat' dir='ltr'><strong>omni</strong></span> <span class='ocrx_word' id='word_1_245' title='bbox 2855 1068 3053 1125; x_wconf 79' lang='lat' dir='ltr'><strong>genere</strong></span> <span class='ocrx_word' id='word_1_246' title='bbox 3091 1050 3415 1122; x_wconf 82' lang='lat' dir='ltr'><strong>iniquitatis.</strong></span> 
     </span>
    </p>
   </div>
   <div class='ocr_carea' id='block_1_40' title="bbox 2083 1133 3594 1218">
    <p class='ocr_par' dir='ltr' id='par_1_40' title="bbox 2083 1133 3594 1218">
     <span class='ocr_line' id='line_1_40' title="bbox 2083 1133 3594 1218; baseline -0.007 -13"><span class='ocrx_word' id='word_1_247' title='bbox 2083 1154 2206 1209; x_wconf 80' lang='lat' dir='ltr'><strong>Act.</strong></span> <span class='ocrx_word' id='word_1_248' title='bbox 2253 1166 2368 1205; x_wconf 81' lang='lat' dir='ltr'><strong>viti.</strong></span> <span class='ocrx_word' id='word_1_249' title='bbox 2407 1148 2654 1218; x_wconf 76' lang='lat' dir='ltr'><strong>Cumque</strong></span> <span class='ocrx_word' id='word_1_250' title='bbox 2721 1147 2909 1201; x_wconf 89' lang='lat' dir='ltr'><strong>Simon</strong></span> <span class='ocrx_word' id='word_1_251' title='bbox 2978 1133 3450 1199; x_wconf 58' lang='lat' dir='ltr'><strong>animadvertisset</strong></span> <span class='ocrx_word' id='word_1_252' title='bbox 3499 1157 3594 1211; x_wconf 78' lang='lat' dir='ltr'><strong>per</strong></span> 
     </span>
    </p>
   </div>
   <div class='ocr_carea' id='block_1_41' title="bbox 2015 1234 3594 1310">
    <p class='ocr_par' dir='ltr' id='par_1_41' title="bbox 2015 1234 3594 1310">
     <span class='ocr_line' id='line_1_41' title="bbox 2015 1234 3594 1310; baseline -0.007 -14"><span class='ocrx_word' id='word_1_253' title='bbox 2015 1241 2419 1310; x_wconf 86' lang='lat' dir='ltr'><strong>impositioncm</strong></span> <span class='ocrx_word' id='word_1_254' title='bbox 2464 1253 2727 1292; x_wconf 86' lang='lat' dir='ltr'><strong>manuum</strong></span> <span class='ocrx_word' id='word_1_255' title='bbox 2770 1239 2883 1291; x_wconf 88' lang='lat' dir='ltr'><strong>dari</strong></span> <span class='ocrx_word' id='word_1_256' title='bbox 2918 1234 3181 1305; x_wconf 85' lang='lat' dir='ltr'><strong>Spiritum</strong></span> <span class='ocrx_word' id='word_1_257' title='bbox 3215 1244 3463 1290; x_wconf 87' lang='lat' dir='ltr'><strong>sanctum</strong></span> <span class='ocrx_word' id='word_1_258' title='bbox 3525 1234 3594 1286; x_wconf 90' lang='lat' dir='ltr'><strong>ab</strong></span> 
     </span>
    </p>
   </div>
   <div class='ocr_carea' id='block_1_42' title="bbox 2014 1325 3591 1405">
    <p class='ocr_par' dir='ltr' id='par_1_42' title="bbox 2014 1325 3591 1405">
     <span class='ocr_line' id='line_1_42' title="bbox 2014 1325 3591 1405; baseline -0.008 -16"><span class='ocrx_word' id='word_1_259' title='bbox 2014 1335 2314 1405; x_wconf 84' lang='lat' dir='ltr'><strong>apostolis,</strong></span> <span class='ocrx_word' id='word_1_260' title='bbox 2374 1331 2569 1391; x_wconf 85' lang='lat' dir='ltr'><strong>obtulit</strong></span> <span class='ocrx_word' id='word_1_261' title='bbox 2632 1331 2712 1386; x_wconf 92' lang='lat' dir='ltr'><strong>eis</strong></span> <span class='ocrx_word' id='word_1_262' title='bbox 2783 1330 3063 1399; x_wconf 83' lang='lat' dir='ltr'><strong>pecunias.</strong></span> <span class='ocrx_word' id='word_1_263' title='bbox 3120 1328 3185 1380; x_wconf 88' lang='lat' dir='ltr'><strong>Et</strong></span> <span class='ocrx_word' id='word_1_264' title='bbox 3236 1327 3365 1380; x_wconf 84' lang='lat' dir='ltr'><strong>mihi</strong></span> <span class='ocrx_word' id='word_1_265' title='bbox 3423 1325 3591 1380; x_wconf 88' lang='lat' dir='ltr'><strong>etiam</strong></span> 
     </span>
    </p>
   </div>
   <div class='ocr_carea' id='block_1_43' title="bbox 2015 1418 3596 1497">
    <p class='ocr_par' dir='ltr' id='par_1_43' title="bbox 2015 1418 3596 1497">
     <span class='ocr_line' id='line_1_43' title="bbox 2015 1418 3596 1497; baseline -0.009 -14"><span class='ocrx_word' id='word_1_266' title='bbox 2015 1429 2162 1495; x_wconf 61' lang='lat' dir='ltr'><strong>dat&quot;,</strong></span> <span class='ocrx_word' id='word_1_267' title='bbox 2195 1427 2401 1497; x_wconf 83' lang='lat' dir='ltr'><strong>inquit,</strong></span> <span class='ocrx_word' id='word_1_268' title='bbox 2434 1428 2573 1483; x_wconf 82' lang='lat' dir='ltr'><strong>hanc</strong></span> <span class='ocrx_word' id='word_1_269' title='bbox 2604 1432 2950 1494; x_wconf 82' lang='lat' dir='ltr'><strong>potestatein,</strong></span> <span class='ocrx_word' id='word_1_270' title='bbox 2994 1430 3051 1475; x_wconf 87' lang='lat' dir='ltr'><strong>tit</strong></span> <span class='ocrx_word' id='word_1_271' title='bbox 3080 1418 3384 1487; x_wconf 87' lang='lat' dir='ltr'><strong>cuicunque</strong></span> <span class='ocrx_word' id='word_1_272' title='bbox 3403 1432 3596 1479; x_wconf 78' lang='lat' dir='ltr'><strong>manus</strong></span> 
     </span>
    </p>
   </div>
   <div class='ocr_carea' id='block_1_44' title="bbox 2015 1510 3594 1589">
    <p class='ocr_par' dir='ltr' id='par_1_44' title="bbox 2015 1510 3594 1589">
     <span class='ocr_line' id='line_1_44' title="bbox 2015 1510 3594 1589; baseline -0.008 -15"><span class='ocrx_word' id='word_1_273' title='bbox 2015 1522 2356 1589; x_wconf 73' lang='lat' dir='ltr'><strong>impos-tero,</strong></span> <span class='ocrx_word' id='word_1_274' title='bbox 2389 1519 2433 1573; x_wconf 90' lang='lat' dir='ltr'><strong>is</strong></span> <span class='ocrx_word' id='word_1_275' title='bbox 2465 1517 2696 1585; x_wconf 85' lang='lat' dir='ltr'><strong>accipiat</strong></span> <span class='ocrx_word' id='word_1_276' title='bbox 2735 1514 2995 1585; x_wconf 86' lang='lat' dir='ltr'><strong>Spiritum</strong></span> <span class='ocrx_word' id='word_1_277' title='bbox 3017 1522 3290 1567; x_wconf 89' lang='lat' dir='ltr'><strong>sanctum.</strong></span> <span class='ocrx_word' id='word_1_278' title='bbox 3321 1510 3455 1563; x_wconf 86' lang='lat' dir='ltr'><strong>Tum</strong></span> <span class='ocrx_word' id='word_1_279' title='bbox 3494 1510 3594 1562; x_wconf 74' lang='grc' dir='ltr'><strong>Ρο-</strong></span> 
     </span>
    </p>
   </div>
   <div class='ocr_carea' id='block_1_45' title="bbox 2016 1600 3597 1678">
    <p class='ocr_par' dir='ltr' id='par_1_45' title="bbox 2016 1600 3597 1678">
     <span class='ocr_line' id='line_1_45' title="bbox 2016 1600 3597 1678; baseline -0.009 -12"><span class='ocrx_word' id='word_1_280' title='bbox 2016 1622 2173 1666; x_wconf 90' lang='lat' dir='ltr'><strong>trus:</strong></span> <span class='ocrx_word' id='word_1_281' title='bbox 2220 1610 2369 1667; x_wconf 89' lang='lat' dir='ltr'><strong>Ilabe</strong></span> <span class='ocrx_word' id='word_1_282' title='bbox 2420 1608 2538 1674; x_wconf 84' lang='lat' dir='ltr'><strong>tibi,</strong></span> <span class='ocrx_word' id='word_1_283' title='bbox 2583 1609 2784 1678; x_wconf 87' lang='lat' dir='ltr'><strong>inquit,</strong></span> <span class='ocrx_word' id='word_1_284' title='bbox 2821 1618 2966 1661; x_wconf 86' lang='lat' dir='ltr'><strong>tuam</strong></span> <span class='ocrx_word' id='word_1_285' title='bbox 3010 1604 3296 1675; x_wconf 89' lang='lat' dir='ltr'><strong>pecuniam</strong></span> <span class='ocrx_word' id='word_1_286' title='bbox 3327 1601 3380 1655; x_wconf 93' lang='lat' dir='ltr'><strong>in</strong></span> <span class='ocrx_word' id='word_1_287' title='bbox 3415 1600 3597 1678; x_wconf 61' lang='lat' dir='ltr'><strong>perdi:</strong></span> 
     </span>
    </p>
   </div>
   <div class='ocr_carea' id='block_1_46' title="bbox 2016 1670 3597 1773">
    <p class='ocr_par' dir='ltr' id='par_1_46' title="bbox 2016 1670 3597 1773">
     <span class='ocr_line' id='line_1_46' title="bbox 2016 1670 3597 1773; baseline -0.008 -15"><span class='ocrx_word' id='word_1_288' title='bbox 2016 1705 2238 1767; x_wconf 88' lang='lat' dir='ltr'><strong>tionem,</strong></span> <span class='ocrx_word' id='word_1_289' title='bbox 2274 1702 2418 1773; x_wconf 91' lang='lat' dir='ltr'><strong>quod</strong></span> <span class='ocrx_word' id='word_1_290' title='bbox 2467 1702 2801 1759; x_wconf 79' lang='lat' dir='ltr'><strong>existimaris</strong></span> <span class='ocrx_word' id='word_1_291' title='bbox 2860 1701 3066 1755; x_wconf 85' lang='lat' dir='ltr'><strong>donum</strong></span> <span class='ocrx_word' id='word_1_292' title='bbox 3114 1696 3351 1767; x_wconf 88' lang='lat' dir='ltr'><strong>Spiritus</strong></span> <span class='ocrx_word' id='word_1_293' title='bbox 3419 1670 3597 1751; x_wconf 82' lang='lat' dir='ltr'><strong>sanetI</strong></span> 
     </span>
    </p>
   </div>
   <div class='ocr_carea' id='block_1_47' title="bbox 2017 1788 3597 1865">
    <p class='ocr_par' dir='ltr' id='par_1_47' title="bbox 2017 1788 3597 1865">
     <span class='ocr_line' id='line_1_47' title="bbox 2017 1788 3597 1865; baseline -0.008 -15"><span class='ocrx_word' id='word_1_294' title='bbox 2017 1797 2243 1865; x_wconf 81' lang='lat' dir='ltr'><strong>pecunia</strong></span> <span class='ocrx_word' id='word_1_295' title='bbox 2279 1792 2482 1864; x_wconf 86' lang='lat' dir='ltr'><strong>parari,</strong></span> <span class='ocrx_word' id='word_1_296' title='bbox 2533 1808 2637 1846; x_wconf 90' lang='lat' dir='ltr'><strong>non</strong></span> <span class='ocrx_word' id='word_1_297' title='bbox 2681 1802 2768 1847; x_wconf 90' lang='lat' dir='ltr'><strong>est</strong></span> <span class='ocrx_word' id='word_1_298' title='bbox 2801 1793 2894 1846; x_wconf 82' lang='lat' dir='ltr'><strong>tibi</strong></span> <span class='ocrx_word' id='word_1_299' title='bbox 2950 1792 3057 1845; x_wconf 88' lang='lat' dir='ltr'><strong>ulla</strong></span> <span class='ocrx_word' id='word_1_300' title='bbox 3100 1792 3336 1846; x_wconf 86' lang='lat' dir='ltr'><strong>societas</strong></span> <span class='ocrx_word' id='word_1_301' title='bbox 3378 1797 3472 1843; x_wconf 85' lang='lat' dir='ltr'><strong>aut</strong></span> <span class='ocrx_word' id='word_1_302' title='bbox 3516 1788 3597 1840; x_wconf 92' lang='lat' dir='ltr'><strong>ul-</strong></span> 
     </span>
    </p>
   </div>
   <div class='ocr_carea' id='block_1_48' title="bbox 1944 1887 2803 1960">
    <p class='ocr_par' dir='ltr' id='par_1_48' title="bbox 1944 1887 2803 1960">
     <span class='ocr_line' id='line_1_48' title="bbox 1944 1887 2803 1960; baseline -0.006 -17"><span class='ocrx_word' id='word_1_303' title='bbox 1944 1904 1985 1960; x_wconf 72' lang='grc' dir='ltr'><strong><em>Β</em></strong></span> <span class='ocrx_word' id='word_1_304' title='bbox 2016 1890 2125 1944; x_wconf 88' lang='lat' dir='ltr'><strong>lum</strong></span> <span class='ocrx_word' id='word_1_305' title='bbox 2152 1889 2485 1943; x_wconf 82' lang='lat' dir='ltr'><strong>consortium</strong></span> <span class='ocrx_word' id='word_1_306' title='bbox 2514 1887 2567 1942; x_wconf 90' lang='lat' dir='ltr'><strong>in</strong></span> <span class='ocrx_word' id='word_1_307' title='bbox 2599 1889 2700 1941; x_wconf 87' lang='lat' dir='ltr'><strong>hac</strong></span> <span class='ocrx_word' id='word_1_308' title='bbox 2727 1901 2803 1940; x_wconf 90' lang='lat' dir='ltr'><strong>re.</strong></span> 
     </span>
    </p>
   </div>
   <div class='ocr_carea' id='block_1_49' title="bbox 2094 1974 3597 2045">
    <p class='ocr_par' dir='ltr' id='par_1_49' title="bbox 2094 1974 3597 2045">
     <span class='ocr_line' id='line_1_49' title="bbox 2094 1974 3597 2045; baseline -0.008 -10"><span class='ocrx_word' id='word_1_309' title='bbox 2094 1980 2155 2035; x_wconf 89' lang='lat' dir='ltr'><strong>S.</strong></span> <span class='ocrx_word' id='word_1_310' title='bbox 2194 1979 2405 2039; x_wconf 82' lang='lat' dir='ltr'><strong>Basilii.</strong></span> <span class='ocrx_word' id='word_1_311' title='bbox 2430 1978 2704 2045; x_wconf 77' lang='lat' dir='ltr'><strong>Quantum</strong></span> <span class='ocrx_word' id='word_1_312' title='bbox 2745 1977 2868 2032; x_wconf 85' lang='lat' dir='ltr'><strong>inali</strong></span> <span class='ocrx_word' id='word_1_313' title='bbox 2894 1978 3112 2032; x_wconf 89' lang='lat' dir='ltr'><strong>sitcum</strong></span> <span class='ocrx_word' id='word_1_314' title='bbox 3157 1986 3205 2031; x_wconf 91' lang='lat' dir='ltr'><strong>te</strong></span> <span class='ocrx_word' id='word_1_315' title='bbox 3233 1974 3424 2028; x_wconf 90' lang='lat' dir='ltr'><strong>ducem</strong></span> <span class='ocrx_word' id='word_1_316' title='bbox 3476 1981 3597 2025; x_wconf 89' lang='lat' dir='ltr'><strong>esse</strong></span> 
     </span>
    </p>
   </div>
   <div class='ocr_carea' id='block_1_50' title="bbox 2023 2065 3595 2143">
    <p class='ocr_par' dir='ltr' id='par_1_50' title="bbox 2023 2065 3595 2143">
     <span class='ocr_line' id='line_1_50' title="bbox 2023 2065 3595 2143; baseline -0.005 -16"><span class='ocrx_word' id='word_1_317' title='bbox 2023 2081 2291 2143; x_wconf 87' lang='lat' dir='ltr'><strong>oporteat,</strong></span> <span class='ocrx_word' id='word_1_318' title='bbox 2329 2072 2533 2129; x_wconf 90' lang='lat' dir='ltr'><strong>erroris</strong></span> <span class='ocrx_word' id='word_1_319' title='bbox 2563 2082 2844 2126; x_wconf 86' lang='lat' dir='ltr'><strong>auctorem</strong></span> <span class='ocrx_word' id='word_1_320' title='bbox 2876 2087 2998 2125; x_wconf 85' lang='lat' dir='ltr'><strong>esse</strong></span> <span class='ocrx_word' id='word_1_321' title='bbox 3029 2071 3157 2132; x_wconf 90' lang='lat' dir='ltr'><strong>tuis,</strong></span> <span class='ocrx_word' id='word_1_322' title='bbox 3182 2084 3244 2122; x_wconf 82' lang='lat' dir='ltr'><strong>ex</strong></span> <span class='ocrx_word' id='word_1_323' title='bbox 3274 2065 3595 2138; x_wconf 84' lang='lat' dir='ltr'><strong>apostolicis</strong></span> 
     </span>
    </p>
   </div>
   <div class='ocr_carea' id='block_1_51' title="bbox 2024 2164 3596 2235">
    <p class='ocr_par' dir='ltr' id='par_1_51' title="bbox 2024 2164 3596 2235">
     <span class='ocr_line' id='line_1_51' title="bbox 2024 2164 3596 2235; baseline -0.006 -14"><span class='ocrx_word' id='word_1_324' title='bbox 2024 2167 2364 2222; x_wconf 81' lang='lat' dir='ltr'><strong>documentis</strong></span> <span class='ocrx_word' id='word_1_325' title='bbox 2401 2164 2718 2235; x_wconf 74' lang='lat' dir='ltr'><strong>perspicere</strong></span> <span class='ocrx_word' id='word_1_326' title='bbox 2774 2165 2919 2228; x_wconf 73' lang='lat' dir='ltr'><strong>licet.</strong></span> <span class='ocrx_word' id='word_1_327' title='bbox 2956 2174 3118 2232; x_wconf 87' lang='lat' dir='ltr'><strong>atque</strong></span> <span class='ocrx_word' id='word_1_328' title='bbox 3170 2164 3271 2217; x_wconf 85' lang='lat' dir='ltr'><strong>hoc</strong></span> <span class='ocrx_word' id='word_1_329' title='bbox 3307 2175 3596 2232; x_wconf 63' lang='lat' dir='ltr'><strong>argi-mem</strong></span> 
     </span>
    </p>
   </div>
   <div class='ocr_carea' id='block_1_52' title="bbox 2024 2251 3597 2327">
    <p class='ocr_par' dir='ltr' id='par_1_52' title="bbox 2024 2251 3597 2327">
     <span class='ocr_line' id='line_1_52' title="bbox 2024 2251 3597 2327; baseline -0.004 -16"><span class='ocrx_word' id='word_1_330' title='bbox 2024 2267 2138 2312; x_wconf 89' lang='lat' dir='ltr'><strong>tum</strong></span> <span class='ocrx_word' id='word_1_331' title='bbox 2190 2265 2275 2313; x_wconf 90' lang='lat' dir='ltr'><strong>est</strong></span> <span class='ocrx_word' id='word_1_332' title='bbox 2307 2272 2373 2311; x_wconf 90' lang='lat' dir='ltr'><strong>ne</strong></span> <span class='ocrx_word' id='word_1_333' title='bbox 2407 2266 2736 2327; x_wconf 81' lang='lat' dir='ltr'><strong>praeceptum</strong></span> <span class='ocrx_word' id='word_1_334' title='bbox 2789 2251 3011 2325; x_wconf 80' lang='lat' dir='ltr'><strong>quidem</strong></span> <span class='ocrx_word' id='word_1_335' title='bbox 3041 2253 3108 2309; x_wconf 92' lang='lat' dir='ltr'><strong>de</strong></span> <span class='ocrx_word' id='word_1_336' title='bbox 3139 2254 3406 2307; x_wconf 86' lang='lat' dir='ltr'><strong>charitate</strong></span> <span class='ocrx_word' id='word_1_337' title='bbox 3450 2262 3597 2305; x_wconf 83' lang='lat' dir='ltr'><strong>recte</strong></span> 
     </span>
    </p>
   </div>
   <div class='ocr_carea' id='block_1_53' title="bbox 2025 2344 3597 2419">
    <p class='ocr_par' dir='ltr' id='par_1_53' title="bbox 2025 2344 3597 2419">
     <span class='ocr_line' id='line_1_53' title="bbox 2025 2344 3597 2419; baseline -0.005 -16"><span class='ocrx_word' id='word_1_338' title='bbox 2025 2364 2148 2404; x_wconf 87' lang='lat' dir='ltr'><strong>esse</strong></span> <span class='ocrx_word' id='word_1_339' title='bbox 2195 2348 2523 2419; x_wconf 77' lang='lat' dir='ltr'><strong>perfectum.</strong></span> <span class='ocrx_word' id='word_1_340' title='bbox 2556 2348 2728 2403; x_wconf 82' lang='lat' dir='ltr'><strong>Nemo</strong></span> <span class='ocrx_word' id='word_1_341' title='bbox 2761 2350 2904 2402; x_wconf 84' lang='lat' dir='ltr'><strong>enim</strong></span> <span class='ocrx_word' id='word_1_342' title='bbox 2954 2356 3105 2415; x_wconf 87' lang='lat' dir='ltr'><strong>pater</strong></span> <span class='ocrx_word' id='word_1_343' title='bbox 3141 2347 3362 2417; x_wconf 77' lang='lat' dir='ltr'><strong>negligit</strong></span> <span class='ocrx_word' id='word_1_344' title='bbox 3425 2344 3597 2398; x_wconf 84' lang='lat' dir='ltr'><strong>lilium</strong></span> 
     </span>
    </p>
   </div>
   <div class='ocr_carea' id='block_1_54' title="bbox 2026 2439 3595 2513">
    <p class='ocr_par' dir='ltr' id='par_1_54' title="bbox 2026 2439 3595 2513">
     <span class='ocr_line' id='line_1_54' title="bbox 2026 2439 3595 2513; baseline -0.006 -16"><span class='ocrx_word' id='word_1_345' title='bbox 2026 2458 2209 2509; x_wconf 89' lang='lat' dir='ltr'><strong>suum,</strong></span> <span class='ocrx_word' id='word_1_346' title='bbox 2258 2458 2418 2513; x_wconf 87' lang='lat' dir='ltr'><strong>quem</strong></span> <span class='ocrx_word' id='word_1_347' title='bbox 2469 2441 2615 2497; x_wconf 80' lang='lat' dir='ltr'><strong>videt</strong></span> <span class='ocrx_word' id='word_1_348' title='bbox 2664 2456 2920 2497; x_wconf 86' lang='lat' dir='ltr'><strong>casurum</strong></span> <span class='ocrx_word' id='word_1_349' title='bbox 2959 2444 3011 2494; x_wconf 89' lang='lat' dir='ltr'><strong>in</strong></span> <span class='ocrx_word' id='word_1_350' title='bbox 3044 2439 3279 2504; x_wconf 76' lang='lat' dir='ltr'><strong>foveam,</strong></span> <span class='ocrx_word' id='word_1_351' title='bbox 3332 2448 3428 2493; x_wconf 83' lang='lat' dir='ltr'><strong>aut</strong></span> <span class='ocrx_word' id='word_1_352' title='bbox 3481 2439 3595 2504; x_wconf 86' lang='lat' dir='ltr'><strong>jam</strong></span> 
     </span>
    </p>
   </div>
   <div class='ocr_carea' id='block_1_55' title="bbox 2025 2530 3597 2603">
    <p class='ocr_par' dir='ltr' id='par_1_55' title="bbox 2025 2530 3597 2603">
     <span class='ocr_line' id='line_1_55' title="bbox 2025 2530 3597 2603; baseline -0.004 -15"><span class='ocrx_word' id='word_1_353' title='bbox 2025 2535 2310 2603; x_wconf 81' lang='lat' dir='ltr'><strong>delapsum</strong></span> <span class='ocrx_word' id='word_1_354' title='bbox 2353 2535 2613 2603; x_wconf 84' lang='lat' dir='ltr'><strong>relinquit</strong></span> <span class='ocrx_word' id='word_1_355' title='bbox 2644 2532 2699 2586; x_wconf 91' lang='lat' dir='ltr'><strong>in</strong></span> <span class='ocrx_word' id='word_1_356' title='bbox 2757 2533 2849 2586; x_wconf 92' lang='lat' dir='ltr'><strong>illa</strong></span> <span class='ocrx_word' id='word_1_357' title='bbox 2880 2531 3121 2586; x_wconf 80' lang='lat' dir='ltr'><strong>miseria.</strong></span> <span class='ocrx_word' id='word_1_358' title='bbox 3180 2530 3396 2597; x_wconf 78' lang='lat' dir='ltr'><strong>Quanto</strong></span> <span class='ocrx_word' id='word_1_359' title='bbox 3457 2530 3597 2584; x_wconf 86' lang='lat' dir='ltr'><strong>indi-</strong></span> 
     </span>
    </p>
   </div>
   <div class='ocr_carea' id='block_1_56' title="bbox 2031 2624 3598 2698">
    <p class='ocr_par' dir='ltr' id='par_1_56' title="bbox 2031 2624 3598 2698">
     <span class='ocr_line' id='line_1_56' title="bbox 2031 2624 3598 2698; baseline 0 -19"><span class='ocrx_word' id='word_1_360' title='bbox 2031 2627 2186 2698; x_wconf 62' lang='lat' dir='ltr'><strong>gnius</strong></span> <span class='ocrx_word' id='word_1_361' title='bbox 2267 2637 2352 2680; x_wconf 90' lang='lat' dir='ltr'><strong>cst</strong></span> <span class='ocrx_word' id='word_1_362' title='bbox 2404 2627 2643 2679; x_wconf 88' lang='lat' dir='ltr'><strong>animam</strong></span> <span class='ocrx_word' id='word_1_363' title='bbox 2714 2626 2767 2678; x_wconf 91' lang='lat' dir='ltr'><strong>itt</strong></span> <span class='ocrx_word' id='word_1_364' title='bbox 2839 2625 3108 2681; x_wconf 88' lang='lat' dir='ltr'><strong>malorum</strong></span> <span class='ocrx_word' id='word_1_365' title='bbox 3172 2624 3598 2691; x_wconf 74' lang='lat' dir='ltr'><strong>profunditatem</strong></span> 
     </span>
    </p>
   </div>
   <div class='ocr_carea' id='block_1_57' title="bbox 2032 2717 3145 2788">
    <p class='ocr_par' dir='ltr' id='par_1_57' title="bbox 2032 2717 3145 2788">
     <span class='ocr_line' id='line_1_57' title="bbox 2032 2717 3145 2788; baseline -0.004 -14"><span class='ocrx_word' id='word_1_366' title='bbox 2032 2732 2150 2774; x_wconf 79' lang='lat' dir='ltr'><strong>tum</strong></span> <span class='ocrx_word' id='word_1_367' title='bbox 2205 2719 2490 2783; x_wconf 84' lang='lat' dir='ltr'><strong>deciderit,</strong></span> <span class='ocrx_word' id='word_1_368' title='bbox 2518 2719 2572 2772; x_wconf 90' lang='lat' dir='ltr'><strong>in</strong></span> <span class='ocrx_word' id='word_1_369' title='bbox 2600 2718 2765 2772; x_wconf 80' lang='lat' dir='ltr'><strong>exilio</strong></span> <span class='ocrx_word' id='word_1_370' title='bbox 2795 2717 3145 2788; x_wconf 83' lang='lat' dir='ltr'><strong>relinquere?</strong></span> 
     </span>
    </p>
   </div>
   <div class='ocr_carea' id='block_1_58' title="bbox 2045 2807 3604 2880">
    <p class='ocr_par' dir='ltr' id='par_1_58' title="bbox 2045 2807 3604 2880">
     <span class='ocr_line' id='line_1_58' title="bbox 2045 2807 3604 2880; baseline -0.002 -18"><span class='ocrx_word' id='word_1_371' title='bbox 2045 2854 2062 2871; x_wconf 83' lang='lat'><strong><em>.</em></strong></span> <span class='ocrx_word' id='word_1_372' title='bbox 2100 2810 2293 2863; x_wconf 86' lang='lat' dir='ltr'><strong>Actum</strong></span> <span class='ocrx_word' id='word_1_373' title='bbox 2352 2820 2437 2865; x_wconf 90' lang='lat' dir='ltr'><strong>est</strong></span> <span class='ocrx_word' id='word_1_374' title='bbox 2468 2812 2533 2864; x_wconf 85' lang='lat' dir='ltr'><strong>de</strong></span> <span class='ocrx_word' id='word_1_375' title='bbox 2570 2810 2837 2880; x_wconf 79' lang='lat' dir='ltr'><strong>gravitate</strong></span> <span class='ocrx_word' id='word_1_376' title='bbox 2881 2807 3230 2872; x_wconf 78' lang='lat' dir='ltr'><strong>sacerdotali,</strong></span> <span class='ocrx_word' id='word_1_377' title='bbox 3283 2808 3604 2864; x_wconf 77' lang='lat' dir='ltr'><strong>deiecerunt</strong></span> 
     </span>
    </p>
   </div>
   <div class='ocr_carea' id='block_1_59' title="bbox 2028 2901 3602 2972">
    <p class='ocr_par' dir='ltr' id='par_1_59' title="bbox 2028 2901 3602 2972">
     <span class='ocr_line' id='line_1_59' title="bbox 2028 2901 3602 2972; baseline 0.001 -18"><span class='ocrx_word' id='word_1_378' title='bbox 2028 2901 2373 2955; x_wconf 89' lang='lat' dir='ltr'><strong>ministrandi</strong></span> <span class='ocrx_word' id='word_1_379' title='bbox 2415 2902 2740 2972; x_wconf 85' lang='lat' dir='ltr'><strong>pauperibus</strong></span> <span class='ocrx_word' id='word_1_380' title='bbox 2773 2901 3034 2964; x_wconf 85' lang='lat' dir='ltr'><strong>rationes,</strong></span> <span class='ocrx_word' id='word_1_381' title='bbox 3068 2901 3137 2957; x_wconf 87' lang='lat' dir='ltr'><strong>ad</strong></span> <span class='ocrx_word' id='word_1_382' title='bbox 3172 2901 3412 2969; x_wconf 84' lang='lat' dir='ltr'><strong>privatos</strong></span> <span class='ocrx_word' id='word_1_383' title='bbox 3446 2915 3602 2967; x_wconf 80' lang='lat' dir='ltr'><strong>usus,</strong></span> 
     </span>
    </p>
   </div>
   <div class='ocr_carea' id='block_1_60' title="bbox 2026 2992 3605 3073">
    <p class='ocr_par' dir='ltr' id='par_1_60' title="bbox 2026 2992 3605 3073">
     <span class='ocr_line' id='line_1_60' title="bbox 2026 2992 3605 3073; baseline 0.002 -29"><span class='ocrx_word' id='word_1_384' title='bbox 2026 3001 2081 3045; x_wconf 91' lang='lat' dir='ltr'><strong>et</strong></span> <span class='ocrx_word' id='word_1_385' title='bbox 2135 2993 2763 3073; x_wconf 54' lang='lat' dir='ltr'><strong>ntuneruurlurgitiones</strong></span> <span class='ocrx_word' id='word_1_386' title='bbox 2790 2993 2977 3047; x_wconf 83' lang='lat' dir='ltr'><strong>omnia</strong></span> <span class='ocrx_word' id='word_1_387' title='bbox 3011 2992 3467 3048; x_wconf 85' lang='lat' dir='ltr'><strong>consuinentibus</strong></span> <span class='ocrx_word' id='word_1_388' title='bbox 3506 2994 3605 3047; x_wconf 82' lang='lat' dir='ltr'><strong>tri-</strong></span> 
     </span>
    </p>
   </div>
   <div class='ocr_carea' id='block_1_61' title="bbox 2026 3082 2639 3153">
    <p class='ocr_par' dir='ltr' id='par_1_61' title="bbox 2026 3082 2639 3153">
     <span class='ocr_line' id='line_1_61' title="bbox 2026 3082 2639 3153; baseline -0.007 -12"><span class='ocrx_word' id='word_1_389' title='bbox 2026 3083 2196 3141; x_wconf 85' lang='lat' dir='ltr'><strong>buum</strong></span> <span class='ocrx_word' id='word_1_390' title='bbox 2240 3082 2509 3153; x_wconf 69' lang='lat' dir='ltr'><strong>praefectis</strong></span> <span class='ocrx_word' id='word_1_391' title='bbox 2540 3082 2639 3153; x_wconf 80' lang='grc'><strong>(1).</strong></span> 
     </span>
    </p>
   </div>
   <div class='ocr_carea' id='block_1_62' title="bbox 2099 3174 3605 3246">
    <p class='ocr_par' dir='ltr' id='par_1_62' title="bbox 2099 3174 3605 3246">
     <span class='ocr_line' id='line_1_62' title="bbox 2099 3174 3605 3246; baseline 0.003 -16"><span class='ocrx_word' id='word_1_392' title='bbox 2099 3174 2266 3232; x_wconf 84' lang='lat' dir='ltr'><strong>Periit</strong></span> <span class='ocrx_word' id='word_1_393' title='bbox 2313 3192 2530 3245; x_wconf 63' lang='lat' dir='ltr'><strong>arquutn</strong></span> <span class='ocrx_word' id='word_1_394' title='bbox 2603 3176 2892 3246; x_wconf 88' lang='lat' dir='ltr'><strong>judicium.</strong></span> <span class='ocrx_word' id='word_1_395' title='bbox 2957 3174 3128 3232; x_wconf 86' lang='lat' dir='ltr'><strong>Nemo</strong></span> <span class='ocrx_word' id='word_1_396' title='bbox 3180 3192 3285 3232; x_wconf 92' lang='lat' dir='ltr'><strong>non</strong></span> <span class='ocrx_word' id='word_1_397' title='bbox 3370 3178 3605 3242; x_wconf 86' lang='lat' dir='ltr'><strong>instituit</strong></span> 
     </span>
    </p>
   </div>
   <div class='ocr_carea' id='block_1_63' title="bbox 346 3244 1944 3342">
    <p class='ocr_par' dir='ltr' id='par_1_63' title="bbox 346 3244 1920 3342">
     <span class='ocr_line' id='line_1_63' title="bbox 346 3244 1920 3342; baseline 0.002 -22"><span class='ocrx_word' id='word_1_398' title='bbox 346 3268 445 3337; x_wconf 82' lang='grc' dir='ltr'>τῆς</span> <span class='ocrx_word' id='word_1_399' title='bbox 478 3268 706 3338; x_wconf 81' lang='grc' dir='ltr'>καρδίας</span> <span class='ocrx_word' id='word_1_400' title='bbox 748 3244 916 3322; x_wconf 78' lang='grc' dir='ltr'>αῦτοῦ</span> <span class='ocrx_word' id='word_1_401' title='bbox 950 3271 1245 3340; x_wconf 83' lang='grc' dir='ltr'>πορεύεται</span> <span class='ocrx_word' id='word_1_402' title='bbox 1270 3287 1283 3301; x_wconf 86' lang='grc'><strong>·</strong></span> <span class='ocrx_word' id='word_1_403' title='bbox 1315 3271 1347 3341; x_wconf 85' lang='grc' dir='ltr'>ὴ</span> <span class='ocrx_word' id='word_1_404' title='bbox 1386 3244 1621 3340; x_wconf 75' lang='grc' dir='ltr'>πονηρία</span> <span class='ocrx_word' id='word_1_405' title='bbox 1660 3244 1920 3342; x_wconf 65' lang='grc' dir='ltr'>ἄμετρος,</span> 
     </span>
    </p>
   </div>
   <div class='ocr_carea' id='block_1_64' title="bbox 2028 3244 3605 3342">
    <p class='ocr_par' dir='ltr' id='par_1_64' title="bbox 2030 3268 3605 3337">
     <span class='ocr_line' id='line_1_64' title="bbox 2030 3268 3605 3337; baseline 0.004 -16"><span class='ocrx_word' id='word_1_406' title='bbox 2030 3270 2191 3324; x_wconf 83' lang='lat' dir='ltr'><strong>vitam</strong></span> <span class='ocrx_word' id='word_1_407' title='bbox 2230 3270 2295 3323; x_wconf 84' lang='lat' dir='ltr'><strong>ad</strong></span> <span class='ocrx_word' id='word_1_408' title='bbox 2323 3268 2607 3324; x_wconf 84' lang='lat' dir='ltr'><strong>arbittium</strong></span> <span class='ocrx_word' id='word_1_409' title='bbox 2635 3268 2817 3324; x_wconf 87' lang='lat' dir='ltr'><strong>cordis</strong></span> <span class='ocrx_word' id='word_1_410' title='bbox 2847 3271 2954 3337; x_wconf 85' lang='lat' dir='ltr'><strong>sui,</strong></span> <span class='ocrx_word' id='word_1_411' title='bbox 2990 3270 3193 3324; x_wconf 88' lang='lat' dir='ltr'><strong>malitia</strong></span> <span class='ocrx_word' id='word_1_412' title='bbox 3238 3279 3322 3326; x_wconf 83' lang='lat' dir='ltr'><strong>est</strong></span> <span class='ocrx_word' id='word_1_413' title='bbox 3362 3272 3605 3327; x_wconf 79' lang='lat' dir='ltr'><strong>immen-</strong></span> 
     </span>
    </p>
   </div>
   <div class='ocr_carea' id='block_1_65' title="bbox 350 3361 1921 3435">
    <p class='ocr_par' dir='ltr' id='par_1_65' title="bbox 350 3361 1921 3435">
     <span class='ocr_line' id='line_1_65' title="bbox 350 3361 1921 3435; baseline 0.003 -22"><span class='ocrx_word' id='word_1_414' title='bbox 350 3363 399 3413; x_wconf 86' lang='lat' dir='ltr'><strong>ol</strong></span> <span class='ocrx_word' id='word_1_415' title='bbox 431 3361 553 3415; x_wconf 72' lang='grc' dir='ltr'>λαοὶ</span> <span class='ocrx_word' id='word_1_416' title='bbox 582 3361 954 3431; x_wconf 84' lang='grc' dir='ltr'>ἀνουθέτητοι,</span> <span class='ocrx_word' id='word_1_417' title='bbox 989 3364 1039 3415; x_wconf 90' lang='grc' dir='ltr'><strong>οί</strong></span> <span class='ocrx_word' id='word_1_418' title='bbox 1074 3363 1420 3433; x_wconf 82' lang='grc' dir='ltr'>προεστῶτες</span> <span class='ocrx_word' id='word_1_419' title='bbox 1451 3363 1921 3435; x_wconf 78' lang='grc' dir='ltr'>ἀπαρῤησίαστοι.</span> 
     </span>
    </p>
   </div>
   <div class='ocr_carea' id='block_1_66' title="bbox 350 3452 1925 3526">
    <p class='ocr_par' dir='ltr' id='par_1_66' title="bbox 350 3452 1925 3526">
     <span class='ocr_line' id='line_1_66' title="bbox 350 3452 1925 3526; baseline 0.003 -22"><span class='ocrx_word' id='word_1_420' title='bbox 350 3452 537 3505; x_wconf 89' lang='grc' dir='ltr'>Δοῦλοι</span> <span class='ocrx_word' id='word_1_421' title='bbox 575 3454 685 3523; x_wconf 81' lang='grc' dir='ltr'>γὰρ</span> <span class='ocrx_word' id='word_1_422' title='bbox 716 3453 823 3506; x_wconf 88' lang='grc' dir='ltr'><strong>τῶν</strong></span> <span class='ocrx_word' id='word_1_423' title='bbox 856 3453 1167 3507; x_wconf 82' lang='grc' dir='ltr'>δεδωκότων</span> <span class='ocrx_word' id='word_1_424' title='bbox 1198 3452 1298 3525; x_wconf 77' lang='grc' dir='ltr'>τὴν</span> <span class='ocrx_word' id='word_1_425' title='bbox 1351 3455 1514 3525; x_wconf 87' lang='grc' dir='ltr'>χάριν</span> <span class='ocrx_word' id='word_1_426' title='bbox 1542 3455 1592 3507; x_wconf 78' lang='lat' dir='ltr'><strong>oi</strong></span> <span class='ocrx_word' id='word_1_427' title='bbox 1621 3454 1689 3508; x_wconf 89' lang='grc' dir='ltr'>δι’</span> <span class='ocrx_word' id='word_1_428' title='bbox 1717 3454 1925 3526; x_wconf 76' lang='grc' dir='ltr'>ἀνθρώο</span> 
     </span>
    </p>
   </div>
   <div class='ocr_carea' id='block_1_67' title="bbox 352 3547 1730 3619">
    <p class='ocr_par' dir='ltr' id='par_1_67' title="bbox 352 3547 1730 3619">
     <span class='ocr_line' id='line_1_67' title="bbox 352 3547 1730 3619; baseline 0.003 -21"><span class='ocrx_word' id='word_1_429' title='bbox 352 3563 468 3599; x_wconf 85' lang='grc' dir='ltr'><strong>πων</strong></span> <span class='ocrx_word' id='word_1_430' title='bbox 500 3547 711 3610; x_wconf 79' lang='grc' dir='ltr'>ἑαυτοῖς</span> <span class='ocrx_word' id='word_1_431' title='bbox 742 3547 843 3617; x_wconf 75' lang='grc' dir='ltr'>τὴν</span> <span class='ocrx_word' id='word_1_432' title='bbox 872 3547 1194 3600; x_wconf 86' lang='grc' dir='ltr'>δυναστείαν</span> <span class='ocrx_word' id='word_1_433' title='bbox 1223 3547 1730 3619; x_wconf 75' lang='grc' dir='ltr'>κατακτησάμενοι.</span> 
     </span>
    </p>
   </div>
   <div class='ocr_carea' id='block_1_68' title="bbox 427 3725 1928 3799">
    <p class='ocr_par' dir='ltr' id='par_1_68' title="bbox 427 3725 1928 3799">
     <span class='ocr_line' id='line_1_68' title="bbox 427 3725 1928 3799; baseline 0.001 -16"><span class='ocrx_word' id='word_1_434' title='bbox 427 3728 503 3783; x_wconf 82' lang='grc' dir='ltr'>Τὸ</span> <span class='ocrx_word' id='word_1_435' title='bbox 539 3727 820 3782; x_wconf 80' lang='grc' dir='ltr'>παιδεύειν</span> <span class='ocrx_word' id='word_1_436' title='bbox 864 3725 1056 3790; x_wconf 80' lang='grc' dir='ltr'>ἄλλους</span> <span class='ocrx_word' id='word_1_437' title='bbox 1082 3727 1385 3799; x_wconf 71' lang='grc' dir='ltr'>ἐπιχειρεῖν</span> <span class='ocrx_word' id='word_1_438' title='bbox 1416 3726 1548 3798; x_wconf 73' lang='grc' dir='ltr'>πρὶν</span> <span class='ocrx_word' id='word_1_439' title='bbox 1578 3728 1777 3792; x_wconf 79' lang='grc' dir='ltr'>αὐτοὺς</span> <span class='ocrx_word' id='word_1_440' title='bbox 1810 3730 1928 3784; x_wconf 87' lang='grc' dir='ltr'>ίκα-</span> 
     </span>
    </p>
   </div>
   <div class='ocr_carea' id='block_1_69' title="bbox 355 3820 1930 3892">
    <p class='ocr_par' dir='ltr' id='par_1_69' title="bbox 355 3820 1930 3892">
     <span class='ocr_line' id='line_1_69' title="bbox 355 3820 1930 3892; baseline 0 -16"><span class='ocrx_word' id='word_1_441' title='bbox 355 3823 459 3886; x_wconf 88' lang='grc' dir='ltr'><strong>νῶς</strong></span> <span class='ocrx_word' id='word_1_442' title='bbox 502 3820 900 3891; x_wconf 85' lang='grc' dir='ltr'>παιδευθῆναι,.</span> <span class='ocrx_word' id='word_1_443' title='bbox 924 3820 1019 3874; x_wconf 74' lang='grc' dir='ltr'>καὶ</span> <span class='ocrx_word' id='word_1_444' title='bbox 1049 3821 1106 3874; x_wconf 86' lang='grc' dir='ltr'><strong>ἐν</strong></span> <span class='ocrx_word' id='word_1_445' title='bbox 1135 3821 1281 3892; x_wconf 84' lang='grc' dir='ltr'>πίθῳ</span> <span class='ocrx_word' id='word_1_446' title='bbox 1325 3820 1424 3892; x_wconf 83' lang='grc' dir='ltr'>τὴν</span> <span class='ocrx_word' id='word_1_447' title='bbox 1463 3822 1768 3892; x_wconf 84' lang='grc' dir='ltr'>κεραμείαν</span> <span class='ocrx_word' id='word_1_448' title='bbox 1796 3841 1930 3892; x_wconf 89' lang='grc' dir='ltr'>μαν-</span> 
     </span>
    </p>
   </div>
   <div class='ocr_carea' id='block_1_70' title="bbox 356 3913 1929 3987">
    <p class='ocr_par' dir='ltr' id='par_1_70' title="bbox 356 3913 1929 3987">
     <span class='ocr_line' id='line_1_70' title="bbox 356 3913 1929 3987; baseline -0.001 -18"><span class='ocrx_word' id='word_1_449' title='bbox 356 3915 560 3980; x_wconf 78' lang='grc' dir='ltr'>θάνειν,</span> <span class='ocrx_word' id='word_1_450' title='bbox 594 3914 654 3968; x_wconf 82' lang='grc' dir='ltr'><strong>τὸ</strong></span> <span class='ocrx_word' id='word_1_451' title='bbox 680 3914 742 3984; x_wconf 79' lang='grc' dir='ltr'>δὴ</span> <span class='ocrx_word' id='word_1_452' title='bbox 784 3913 1102 3982; x_wconf 84' lang='grc' dir='ltr'>λεγόμενον,</span> <span class='ocrx_word' id='word_1_453' title='bbox 1135 3913 1193 3966; x_wconf 79' lang='grc' dir='ltr'><strong>ἐν</strong></span> <span class='ocrx_word' id='word_1_454' title='bbox 1222 3915 1344 3978; x_wconf 83' lang='grc' dir='ltr'>ταῖς</span> <span class='ocrx_word' id='word_1_455' title='bbox 1374 3914 1483 3967; x_wconf 88' lang='grc' dir='ltr'><strong>τῶν</strong></span> <span class='ocrx_word' id='word_1_456' title='bbox 1521 3914 1700 3968; x_wconf 79' lang='grc' dir='ltr'>ἄλλων</span> <span class='ocrx_word' id='word_1_457' title='bbox 1729 3914 1929 3987; x_wconf 78' lang='grc' dir='ltr'>ψυχαῖς</span> 
     </span>
    </p>
   </div>
   <div class='ocr_carea' id='block_1_71' title="bbox 357 4001 1931 4077">
    <p class='ocr_par' dir='ltr' id='par_1_71' title="bbox 357 4001 1931 4077">
     <span class='ocr_line' id='line_1_71' title="bbox 357 4001 1931 4077; baseline 0.004 -20"><span class='ocrx_word' id='word_1_458' title='bbox 357 4006 657 4077; x_wconf 83' lang='grc' dir='ltr'>ἐκμελετᾷν</span> <span class='ocrx_word' id='word_1_459' title='bbox 685 4007 786 4074; x_wconf 80' lang='grc' dir='ltr'>τὴν</span> <span class='ocrx_word' id='word_1_460' title='bbox 835 4004 1120 4061; x_wconf 78' lang='grc' dir='ltr'>εὐσέϐειαν</span> <span class='ocrx_word' id='word_1_461' title='bbox 1147 4042 1162 4068; x_wconf 92' lang='grc'><em>,</em></span> <span class='ocrx_word' id='word_1_462' title='bbox 1208 4001 1332 4057; x_wconf 80' lang='grc' dir='ltr'>λίαν</span> <span class='ocrx_word' id='word_1_463' title='bbox 1371 4021 1463 4075; x_wconf 84' lang='grc' dir='ltr'><strong>μοι</strong></span> <span class='ocrx_word' id='word_1_464' title='bbox 1497 4007 1748 4073; x_wconf 79' lang='grc' dir='ltr'>φαίνεται</span> <span class='ocrx_word' id='word_1_465' title='bbox 1773 4007 1931 4077; x_wconf 86' lang='grc' dir='ltr'>ἀνοή-</span> 
     </span>
    </p>
   </div>
   <div class='ocr_carea' id='block_1_72' title="bbox 354 4095 1930 4168">
    <p class='ocr_par' dir='ltr' id='par_1_72' title="bbox 354 4095 1930 4168">
     <span class='ocr_line' id='line_1_72' title="bbox 354 4095 1930 4168; baseline 0 -18"><span class='ocrx_word' id='word_1_466' title='bbox 354 4096 525 4168; x_wconf 84' lang='grc' dir='ltr'>τωνῆ</span> <span class='ocrx_word' id='word_1_467' title='bbox 552 4095 841 4167; x_wconf 86' lang='grc' dir='ltr'>τολμηρῶν</span> <span class='ocrx_word' id='word_1_468' title='bbox 861 4111 877 4127; x_wconf 88' lang='grc'>⁶</span> <span class='ocrx_word' id='word_1_469' title='bbox 926 4096 1202 4150; x_wconf 68' lang='grc' dir='ltr'>ἀσυνέτων</span> <span class='ocrx_word' id='word_1_470' title='bbox 1235 4096 1354 4165; x_wconf 82' lang='grc' dir='ltr'>μὲν,</span> <span class='ocrx_word' id='word_1_471' title='bbox 1387 4098 1436 4149; x_wconf 85' lang='grc' dir='ltr'><strong>εί</strong></span> <span class='ocrx_word' id='word_1_472' title='bbox 1468 4097 1604 4166; x_wconf 84' lang='grc' dir='ltr'><strong>μηδέ</strong></span> <span class='ocrx_word' id='word_1_473' title='bbox 1642 4096 1930 4150; x_wconf 83' lang='grc' dir='ltr'>αἰσθάνον-</span> 
     </span>
    </p>
   </div>
   <div class='ocr_carea' id='block_1_73' title="bbox 361 4186 1931 4259">
    <p class='ocr_par' dir='ltr' id='par_1_73' title="bbox 361 4186 1931 4259">
     <span class='ocr_line' id='line_1_73' title="bbox 361 4186 1931 4259; baseline 0 -17"><span class='ocrx_word' id='word_1_474' title='bbox 361 4206 447 4249; x_wconf 84' lang='grc' dir='ltr'><strong>ται</strong></span> <span class='ocrx_word' id='word_1_475' title='bbox 477 4190 578 4259; x_wconf 79' lang='grc' dir='ltr'>τῆς</span> <span class='ocrx_word' id='word_1_476' title='bbox 621 4188 832 4243; x_wconf 78' lang='grc' dir='ltr'>ἑαυτῶν</span> <span class='ocrx_word' id='word_1_477' title='bbox 872 4186 1113 4258; x_wconf 84' lang='grc' dir='ltr'>ἀμαθίας</span> <span class='ocrx_word' id='word_1_478' title='bbox 1139 4203 1154 4220; x_wconf 77' lang='grc' dir='ltr'><strong>ο</strong></span> <span class='ocrx_word' id='word_1_479' title='bbox 1188 4187 1435 4257; x_wconf 81' lang='grc' dir='ltr'>θρασέων</span> <span class='ocrx_word' id='word_1_480' title='bbox 1459 4187 1536 4256; x_wconf 84' lang='grc' dir='ltr'><strong>δὲ,</strong></span> <span class='ocrx_word' id='word_1_481' title='bbox 1578 4189 1626 4241; x_wconf 90' lang='grc' dir='ltr'>εἰ</span> <span class='ocrx_word' id='word_1_482' title='bbox 1658 4189 1931 4252; x_wconf 79' lang='grc' dir='ltr'>συνιέντες</span> 
     </span>
    </p>
   </div>
   <div class='ocr_carea' id='block_1_74' title="bbox 359 4279 1260 4351">
    <p class='ocr_par' dir='ltr' id='par_1_74' title="bbox 359 4279 1260 4351">
     <span class='ocr_line' id='line_1_74' title="bbox 359 4279 1260 4351; baseline 0.003 -20"><span class='ocrx_word' id='word_1_483' title='bbox 359 4279 746 4351; x_wconf 69' lang='grc' dir='ltr'>κατατολμῶσι</span> <span class='ocrx_word' id='word_1_484' title='bbox 781 4279 877 4333; x_wconf 86' lang='grc' dir='ltr'><strong>τοῦ</strong></span> <span class='ocrx_word' id='word_1_485' title='bbox 908 4280 1260 4350; x_wconf 82' lang='grc' dir='ltr'>πράγματος.</span> 
     </span>
    </p>
   </div>
   <div class='ocr_carea' id='block_1_75' title="bbox 432 4460 1937 4535">
    <p class='ocr_par' dir='ltr' id='par_1_75' title="bbox 432 4460 1937 4535">
     <span class='ocr_line' id='line_1_75' title="bbox 432 4460 1937 4535; baseline 0.001 -19"><span class='ocrx_word' id='word_1_486' title='bbox 432 4461 597 4528; x_wconf 84' lang='grc' dir='ltr'>Τάξις</span> <span class='ocrx_word' id='word_1_487' title='bbox 641 4464 740 4518; x_wconf 85' lang='grc' dir='ltr'><strong>οὐκ</strong></span> <span class='ocrx_word' id='word_1_488' title='bbox 783 4464 983 4535; x_wconf 84' lang='grc' dir='ltr'>ἀρίστη</span> <span class='ocrx_word' id='word_1_489' title='bbox 1024 4462 1297 4518; x_wconf 83' lang='grc' dir='ltr'>διδάσκειν</span> <span class='ocrx_word' id='word_1_490' title='bbox 1324 4463 1611 4534; x_wconf 85' lang='grc' dir='ltr'>πρότερον.</span> <span class='ocrx_word' id='word_1_491' title='bbox 1644 4460 1764 4517; x_wconf 80' lang='grc' dir='ltr'>εἶτα</span> <span class='ocrx_word' id='word_1_492' title='bbox 1802 4480 1937 4533; x_wconf 90' lang='grc' dir='ltr'>μαν-</span> 
     </span>
    </p>
   </div>
   <div class='ocr_carea' id='block_1_76' title="bbox 2027 3359 3605 3432">
    <p class='ocr_par' dir='ltr' id='par_1_76' title="bbox 2027 3359 3605 3432">
     <span class='ocr_line' id='line_1_76' title="bbox 2027 3359 3605 3432; baseline 0.003 -18"><span class='ocrx_word' id='word_1_493' title='bbox 2027 3374 2107 3426; x_wconf 89' lang='lat' dir='ltr'><strong>sa,</strong></span> <span class='ocrx_word' id='word_1_494' title='bbox 2136 3361 2368 3430; x_wconf 89' lang='lat' dir='ltr'><strong>populus</strong></span> <span class='ocrx_word' id='word_1_495' title='bbox 2397 3359 2800 3418; x_wconf 86' lang='lat' dir='ltr'><strong>admonitiones</strong></span> <span class='ocrx_word' id='word_1_496' title='bbox 2854 3374 2961 3416; x_wconf 86' lang='lat' dir='ltr'><strong>non</strong></span> <span class='ocrx_word' id='word_1_497' title='bbox 3027 3362 3205 3424; x_wconf 88' lang='lat' dir='ltr'><strong>audit,</strong></span> <span class='ocrx_word' id='word_1_498' title='bbox 3252 3363 3605 3432; x_wconf 62' lang='lat' dir='ltr'><strong>praefectilo-</strong></span> 
     </span>
    </p>
   </div>
   <div class='ocr_carea' id='block_1_77' title="bbox 2027 3451 3607 3521">
    <p class='ocr_par' dir='ltr' id='par_1_77' title="bbox 2027 3451 3607 3521">
     <span class='ocr_line' id='line_1_77' title="bbox 2027 3451 3607 3521; baseline 0.002 -19"><span class='ocrx_word' id='word_1_499' title='bbox 2027 3452 2117 3520; x_wconf 89' lang='lat' dir='ltr'><strong>qni</strong></span> <span class='ocrx_word' id='word_1_500' title='bbox 2163 3452 2332 3505; x_wconf 88' lang='lat' dir='ltr'><strong>libere</strong></span> <span class='ocrx_word' id='word_1_501' title='bbox 2353 3466 2459 3504; x_wconf 88' lang='lat' dir='ltr'><strong>non</strong></span> <span class='ocrx_word' id='word_1_502' title='bbox 2491 3452 2716 3512; x_wconf 77' lang='lat' dir='ltr'><strong>audent,</strong></span> <span class='ocrx_word' id='word_1_503' title='bbox 2773 3453 2925 3507; x_wconf 81' lang='lat' dir='ltr'><strong>Servi</strong></span> <span class='ocrx_word' id='word_1_504' title='bbox 2964 3451 3107 3508; x_wconf 83' lang='lat' dir='ltr'><strong>enim</strong></span> <span class='ocrx_word' id='word_1_505' title='bbox 3151 3463 3281 3508; x_wconf 89' lang='lat' dir='ltr'><strong>sunt</strong></span> <span class='ocrx_word' id='word_1_506' title='bbox 3332 3468 3544 3521; x_wconf 85' lang='lat' dir='ltr'><strong>eorum,</strong></span> <span class='ocrx_word' id='word_1_507' title='bbox 3573 3470 3607 3517; x_wconf 71' lang='grc' dir='ltr'><strong>ει</strong></span> 
     </span>
    </p>
   </div>
   <div class='ocr_carea' id='block_1_78' title="bbox 2029 3543 3604 3615">
    <p class='ocr_par' dir='ltr' id='par_1_78' title="bbox 2029 3543 3604 3615">
     <span class='ocr_line' id='line_1_78' title="bbox 2029 3543 3604 3615; baseline 0.005 -18"><span class='ocrx_word' id='word_1_508' title='bbox 2029 3546 2226 3612; x_wconf 79' lang='lat' dir='ltr'><strong>quibus</strong></span> <span class='ocrx_word' id='word_1_509' title='bbox 2259 3543 2576 3605; x_wconf 80' lang='lat' dir='ltr'><strong>beneficium</strong></span> <span class='ocrx_word' id='word_1_510' title='bbox 2624 3558 2903 3613; x_wconf 85' lang='lat' dir='ltr'><strong>accepere,</strong></span> <span class='ocrx_word' id='word_1_511' title='bbox 2938 3545 3030 3614; x_wconf 89' lang='lat' dir='ltr'><strong>qui</strong></span> <span class='ocrx_word' id='word_1_512' title='bbox 3087 3562 3185 3615; x_wconf 90' lang='lat' dir='ltr'><strong>per</strong></span> <span class='ocrx_word' id='word_1_513' title='bbox 3214 3548 3462 3607; x_wconf 85' lang='lat' dir='ltr'><strong>homines</strong></span> <span class='ocrx_word' id='word_1_514' title='bbox 3497 3549 3604 3606; x_wconf 86' lang='lat' dir='ltr'><strong>sibi</strong></span> 
     </span>
    </p>
   </div>
   <div class='ocr_carea' id='block_1_79' title="bbox 2028 3636 3250 3709">
    <p class='ocr_par' dir='ltr' id='par_1_79' title="bbox 2028 3636 3250 3709">
     <span class='ocr_line' id='line_1_79' title="bbox 2028 3636 3250 3709; baseline 0.005 -20"><span class='ocrx_word' id='word_1_515' title='bbox 2028 3636 2405 3709; x_wconf 76' lang='lat' dir='ltr'><strong>pra&#39;feclttram</strong></span> <span class='ocrx_word' id='word_1_516' title='bbox 2433 3646 2487 3691; x_wconf 90' lang='lat' dir='ltr'><strong>et</strong></span> <span class='ocrx_word' id='word_1_517' title='bbox 2514 3638 2804 3704; x_wconf 83' lang='lat' dir='ltr'><strong>potentiam</strong></span> <span class='ocrx_word' id='word_1_518' title='bbox 2836 3648 3250 3709; x_wconf 84' lang='lat' dir='ltr'><strong>compararunt.</strong></span> 
     </span>
    </p>
   </div>
   <div class='ocr_carea' id='block_1_80' title="bbox 2105 3731 3606 3806">
    <p class='ocr_par' dir='ltr' id='par_1_80' title="bbox 2105 3731 3606 3806">
     <span class='ocr_line' id='line_1_80' title="bbox 2105 3731 3606 3806; baseline 0.003 -20"><span class='ocrx_word' id='word_1_519' title='bbox 2105 3732 2369 3802; x_wconf 81' lang='lat' dir='ltr'><strong>Theologi.</strong></span> <span class='ocrx_word' id='word_1_520' title='bbox 2400 3731 2498 3797; x_wconf 86' lang='lat' dir='ltr'><strong>Qui</strong></span> <span class='ocrx_word' id='word_1_521' title='bbox 2543 3733 2679 3789; x_wconf 87' lang='lat' dir='ltr'><strong>alios</strong></span> <span class='ocrx_word' id='word_1_522' title='bbox 2704 3732 2923 3794; x_wconf 83' lang='lat' dir='ltr'><strong>erudire</strong></span> <span class='ocrx_word' id='word_1_523' title='bbox 2955 3744 3248 3801; x_wconf 80' lang='lat' dir='ltr'><strong>conantur,</strong></span> <span class='ocrx_word' id='word_1_524' title='bbox 3288 3737 3606 3806; x_wconf 87' lang='lat' dir='ltr'><strong>priusquam</strong></span> 
     </span>
    </p>
   </div>
   <div class='ocr_carea' id='block_1_81' title="bbox 2031 3826 3611 3899">
    <p class='ocr_par' dir='ltr' id='par_1_81' title="bbox 2031 3826 3611 3899">
     <span class='ocr_line' id='line_1_81' title="bbox 2031 3826 3611 3899; baseline 0 -16"><span class='ocrx_word' id='word_1_525' title='bbox 2031 3826 2134 3894; x_wconf 83' lang='lat' dir='ltr'><strong>ipsi</strong></span> <span class='ocrx_word' id='word_1_526' title='bbox 2173 3828 2307 3883; x_wconf 89' lang='lat' dir='ltr'><strong>satis</strong></span> <span class='ocrx_word' id='word_1_527' title='bbox 2336 3827 2536 3885; x_wconf 80' lang='lat' dir='ltr'><strong>eruditi</strong></span> <span class='ocrx_word' id='word_1_528' title='bbox 2567 3827 2700 3893; x_wconf 88' lang='lat' dir='ltr'><strong>sint,</strong></span> <span class='ocrx_word' id='word_1_529' title='bbox 2741 3827 2885 3883; x_wconf 90' lang='lat' dir='ltr'><strong>acin</strong></span> <span class='ocrx_word' id='word_1_530' title='bbox 2921 3827 3065 3882; x_wconf 87' lang='lat' dir='ltr'><strong>dolio</strong></span> <span class='ocrx_word' id='word_1_531' title='bbox 3122 3838 3293 3884; x_wconf 87' lang='lat' dir='ltr'><strong>artem</strong></span> <span class='ocrx_word' id='word_1_532' title='bbox 3325 3829 3475 3899; x_wconf 77' lang='lat' dir='ltr'><strong>ﬁguli</strong></span> <span class='ocrx_word' id='word_1_533' title='bbox 3500 3830 3611 3885; x_wconf 84' lang='lat' dir='ltr'><strong>dis-</strong></span> 
     </span>
    </p>
   </div>
   <div class='ocr_carea' id='block_1_82' title="bbox 2032 3919 3613 3991">
    <p class='ocr_par' dir='ltr' id='par_1_82' title="bbox 2032 3919 3613 3991">
     <span class='ocr_line' id='line_1_82' title="bbox 2032 3919 3613 3991; baseline 0.003 -20"><span class='ocrx_word' id='word_1_534' title='bbox 2032 3927 2164 3973; x_wconf 87' lang='lat' dir='ltr'><strong>cunt</strong></span> <span class='ocrx_word' id='word_1_535' title='bbox 2207 3921 2290 3988; x_wconf 89' lang='lat' dir='ltr'><strong>(ut</strong></span> <span class='ocrx_word' id='word_1_536' title='bbox 2318 3930 2405 3975; x_wconf 86' lang='lat' dir='ltr'><strong>est</strong></span> <span class='ocrx_word' id='word_1_537' title='bbox 2435 3921 2489 3975; x_wconf 90' lang='lat' dir='ltr'><strong>in</strong></span> <span class='ocrx_word' id='word_1_538' title='bbox 2542 3919 2852 3991; x_wconf 88' lang='lat' dir='ltr'><strong>proverbio)</strong></span> <span class='ocrx_word' id='word_1_539' title='bbox 2889 3929 3052 3991; x_wconf 89' lang='lat' dir='ltr'><strong>atque</strong></span> <span class='ocrx_word' id='word_1_540' title='bbox 3105 3920 3160 3975; x_wconf 83' lang='lat' dir='ltr'><strong>in</strong></span> <span class='ocrx_word' id='word_1_541' title='bbox 3221 3921 3420 3977; x_wconf 87' lang='lat' dir='ltr'><strong>animis</strong></span> <span class='ocrx_word' id='word_1_542' title='bbox 3473 3923 3613 3976; x_wconf 85' lang='lat' dir='ltr'><strong>alio-</strong></span> 
     </span>
    </p>
   </div>
   <div class='ocr_carea' id='block_1_83' title="bbox 2033 4011 3613 4080">
    <p class='ocr_par' dir='ltr' id='par_1_83' title="bbox 2033 4011 3613 4080">
     <span class='ocr_line' id='line_1_83' title="bbox 2033 4011 3613 4080; baseline 0.008 -19"><span class='ocrx_word' id='word_1_543' title='bbox 2033 4024 2150 4062; x_wconf 88' lang='lat' dir='ltr'><strong>rum</strong></span> <span class='ocrx_word' id='word_1_544' title='bbox 2204 4011 2457 4080; x_wconf 87' lang='lat' dir='ltr'><strong>pietatem</strong></span> <span class='ocrx_word' id='word_1_545' title='bbox 2489 4012 2740 4067; x_wconf 88' lang='lat' dir='ltr'><strong>ediscunt</strong></span> <span class='ocrx_word' id='word_1_546' title='bbox 2766 4026 2829 4067; x_wconf 88' lang='lat' dir='ltr'><strong>ac</strong></span> <span class='ocrx_word' id='word_1_547' title='bbox 2877 4011 3230 4078; x_wconf 88' lang='lat' dir='ltr'><strong>meditantur,</strong></span> <span class='ocrx_word' id='word_1_548' title='bbox 3288 4014 3451 4068; x_wconf 88' lang='lat' dir='ltr'><strong>nimis</strong></span> <span class='ocrx_word' id='word_1_549' title='bbox 3477 4016 3613 4073; x_wconf 81' lang='lat' dir='ltr'><strong>stol-</strong></span> 
     </span>
    </p>
   </div>
   <div class='ocr_carea' id='block_1_84' title="bbox 2036 4101 3611 4168">
    <p class='ocr_par' dir='ltr' id='par_1_84' title="bbox 2036 4101 3611 4168">
     <span class='ocr_line' id='line_1_84' title="bbox 2036 4101 3611 4168; baseline 0.006 -16"><span class='ocrx_word' id='word_1_550' title='bbox 2036 4107 2213 4155; x_wconf 90' lang='lat' dir='ltr'><strong>torum</strong></span> <span class='ocrx_word' id='word_1_551' title='bbox 2249 4102 2351 4157; x_wconf 92' lang='lat' dir='ltr'><strong>hoc</strong></span> <span class='ocrx_word' id='word_1_552' title='bbox 2382 4102 2514 4156; x_wconf 89' lang='lat' dir='ltr'><strong>mihi</strong></span> <span class='ocrx_word' id='word_1_553' title='bbox 2542 4117 2666 4157; x_wconf 87' lang='lat' dir='ltr'><strong>esse</strong></span> <span class='ocrx_word' id='word_1_554' title='bbox 2695 4101 2932 4168; x_wconf 88' lang='lat' dir='ltr'><strong>videtur,</strong></span> <span class='ocrx_word' id='word_1_555' title='bbox 2967 4102 3052 4157; x_wconf 90' lang='lat' dir='ltr'><strong>vel</strong></span> <span class='ocrx_word' id='word_1_556' title='bbox 3089 4104 3406 4163; x_wconf 82' lang='lat' dir='ltr'><strong>audacium.</strong></span> <span class='ocrx_word' id='word_1_557' title='bbox 3433 4103 3611 4161; x_wconf 79' lang='lat' dir='ltr'><strong>Hebe-</strong></span> 
     </span>
    </p>
   </div>
   <div class='ocr_carea' id='block_1_85' title="bbox 2035 4193 3614 4264">
    <p class='ocr_par' dir='ltr' id='par_1_85' title="bbox 2035 4193 3614 4264">
     <span class='ocr_line' id='line_1_85' title="bbox 2035 4193 3614 4264; baseline 0.003 -15"><span class='ocrx_word' id='word_1_558' title='bbox 2035 4203 2117 4250; x_wconf 88' lang='lat' dir='ltr'><strong>tes</strong></span> <span class='ocrx_word' id='word_1_559' title='bbox 2164 4193 2384 4264; x_wconf 88' lang='lat' dir='ltr'><strong>quidem</strong></span> <span class='ocrx_word' id='word_1_560' title='bbox 2436 4204 2583 4250; x_wconf 88' lang='lat' dir='ltr'><strong>certe</strong></span> <span class='ocrx_word' id='word_1_561' title='bbox 2653 4203 2805 4259; x_wconf 89' lang='lat' dir='ltr'><strong>sunt,</strong></span> <span class='ocrx_word' id='word_1_562' title='bbox 2843 4194 2891 4249; x_wconf 88' lang='lat' dir='ltr'><strong>si</strong></span> <span class='ocrx_word' id='word_1_563' title='bbox 2936 4209 3043 4250; x_wconf 91' lang='lat' dir='ltr'><strong>non</strong></span> <span class='ocrx_word' id='word_1_564' title='bbox 3110 4196 3351 4252; x_wconf 88' lang='lat' dir='ltr'><strong>sentiunt</strong></span> <span class='ocrx_word' id='word_1_565' title='bbox 3383 4212 3442 4253; x_wconf 88' lang='lat' dir='ltr'><strong>se</strong></span> <span class='ocrx_word' id='word_1_566' title='bbox 3492 4212 3614 4253; x_wconf 66' lang='lat' dir='ltr'><strong>eae</strong></span> 
     </span>
    </p>
   </div>
   <div class='ocr_carea' id='block_1_86' title="bbox 2037 4286 3614 4360">
    <p class='ocr_par' dir='ltr' id='par_1_86' title="bbox 2037 4286 3614 4360">
     <span class='ocr_line' id='line_1_86' title="bbox 2037 4286 3614 4360; baseline 0.004 -21"><span class='ocrx_word' id='word_1_567' title='bbox 2037 4286 2287 4341; x_wconf 88' lang='lat' dir='ltr'><strong>indoctos</strong></span> <span class='ocrx_word' id='word_1_568' title='bbox 2316 4304 2331 4340; x_wconf 92' lang='lat'><strong>:</strong></span> <span class='ocrx_word' id='word_1_569' title='bbox 2364 4287 2601 4342; x_wconf 84' lang='lat' dir='ltr'><strong>audaces</strong></span> <span class='ocrx_word' id='word_1_570' title='bbox 2623 4296 2829 4352; x_wconf 87' lang='lat' dir='ltr'><strong>autem,</strong></span> <span class='ocrx_word' id='word_1_571' title='bbox 2857 4289 2904 4344; x_wconf 95' lang='lat' dir='ltr'><strong>si</strong></span> <span class='ocrx_word' id='word_1_572' title='bbox 2928 4302 3053 4343; x_wconf 89' lang='lat' dir='ltr'><strong>cum</strong></span> <span class='ocrx_word' id='word_1_573' title='bbox 3080 4288 3410 4360; x_wconf 82' lang='lat' dir='ltr'><strong>intelligant,</strong></span> <span class='ocrx_word' id='word_1_574' title='bbox 3432 4302 3614 4346; x_wconf 55' lang='lat' dir='ltr'><strong>tamen</strong></span> 
     </span>
    </p>
   </div>
   <div class='ocr_carea' id='block_1_87' title="bbox 2036 4378 2529 4448">
    <p class='ocr_par' dir='ltr' id='par_1_87' title="bbox 2036 4378 2529 4448">
     <span class='ocr_line' id='line_1_87' title="bbox 2036 4378 2529 4448; baseline 0.006 -17"><span class='ocrx_word' id='word_1_575' title='bbox 2036 4378 2254 4448; x_wconf 71' lang='lat' dir='ltr'><strong>aggredi</strong></span> <span class='ocrx_word' id='word_1_576' title='bbox 2308 4379 2529 4434; x_wconf 89' lang='lat' dir='ltr'><strong>audent.</strong></span> 
     </span>
    </p>
   </div>
   <div class='ocr_carea' id='block_1_88' title="bbox 2111 4468 3619 4543">
    <p class='ocr_par' dir='ltr' id='par_1_88' title="bbox 2111 4468 3619 4543">
     <span class='ocr_line' id='line_1_88' title="bbox 2111 4468 3619 4543; baseline 0.005 -21"><span class='ocrx_word' id='word_1_577' title='bbox 2111 4468 2269 4541; x_wconf 67' lang='grc'><strong>140</strong></span> <span class='ocrx_word' id='word_1_578' title='bbox 2317 4468 2465 4524; x_wconf 89' lang='lat' dir='ltr'><strong>Ordo</strong></span> <span class='ocrx_word' id='word_1_579' title='bbox 2498 4484 2606 4524; x_wconf 89' lang='lat' dir='ltr'><strong>non</strong></span> <span class='ocrx_word' id='word_1_580' title='bbox 2646 4468 2887 4540; x_wconf 83' lang='lat' dir='ltr'><strong>Optimus</strong></span> <span class='ocrx_word' id='word_1_581' title='bbox 2919 4479 3003 4527; x_wconf 90' lang='lat' dir='ltr'><strong>est</strong></span> <span class='ocrx_word' id='word_1_582' title='bbox 3035 4470 3231 4528; x_wconf 84' lang='lat' dir='ltr'><strong>docere</strong></span> <span class='ocrx_word' id='word_1_583' title='bbox 3256 4474 3432 4543; x_wconf 83' lang='lat' dir='ltr'><strong>prius,</strong></span> <span class='ocrx_word' id='word_1_584' title='bbox 3463 4474 3619 4530; x_wconf 88' lang='lat' dir='ltr'><strong>dein-</strong></span> 
     </span>
    </p>
   </div>
   <div class='ocr_carea' id='block_1_89' title="bbox 364 4552 1944 4634">
    <p class='ocr_par' dir='ltr' id='par_1_89' title="bbox 364 4552 1939 4630">
     <span class='ocr_line' id='line_1_89' title="bbox 364 4552 1939 4630; baseline 0 -20"><span class='ocrx_word' id='word_1_585' title='bbox 364 4556 570 4619; x_wconf 86' lang='grc' dir='ltr'>θὰνειν,</span> <span class='ocrx_word' id='word_1_586' title='bbox 608 4554 684 4630; x_wconf 83' lang='grc' dir='ltr'>μὴ</span> <span class='ocrx_word' id='word_1_587' title='bbox 709 4556 791 4608; x_wconf 86' lang='grc' dir='ltr'><strong>ὄτι</strong></span> <span class='ocrx_word' id='word_1_588' title='bbox 833 4556 900 4609; x_wconf 81' lang='grc' dir='ltr'>τὰ</span> <span class='ocrx_word' id='word_1_589' title='bbox 927 4555 1041 4609; x_wconf 85' lang='grc' dir='ltr'>θεῖα</span> <span class='ocrx_word' id='word_1_590' title='bbox 1070 4556 1165 4610; x_wconf 81' lang='grc' dir='ltr'>καὶ</span> <span class='ocrx_word' id='word_1_591' title='bbox 1188 4552 1557 4625; x_wconf 85' lang='grc' dir='ltr'>τηλικαῦτα...</span> <span class='ocrx_word' id='word_1_592' title='bbox 1581 4555 1764 4627; x_wconf 83' lang='grc' dir='ltr'>(ἔοικε</span> <span class='ocrx_word' id='word_1_593' title='bbox 1813 4557 1939 4610; x_wconf 76' lang='grc' dir='ltr'>λεί-</span> 
     </span>
    </p>
   </div>
   <div class='ocr_carea' id='block_1_90' title="bbox 2028 4552 3616 4634">
    <p class='ocr_par' dir='ltr' id='par_1_90' title="bbox 2046 4558 3616 4626">
     <span class='ocr_line' id='line_1_90' title="bbox 2046 4558 3616 4626; baseline 0.008 -15"><span class='ocrx_word' id='word_1_594' title='bbox 2046 4558 2111 4613; x_wconf 90' lang='lat' dir='ltr'><strong>de</strong></span> <span class='ocrx_word' id='word_1_595' title='bbox 2136 4562 2360 4622; x_wconf 71' lang='lat' dir='ltr'><strong>discere,</strong></span> <span class='ocrx_word' id='word_1_596' title='bbox 2386 4575 2492 4612; x_wconf 90' lang='lat' dir='ltr'><strong>non</strong></span> <span class='ocrx_word' id='word_1_597' title='bbox 2528 4558 2703 4614; x_wconf 84' lang='lat' dir='ltr'><strong>solum</strong></span> <span class='ocrx_word' id='word_1_598' title='bbox 2752 4561 2804 4614; x_wconf 85' lang='lat' dir='ltr'><strong>iii</strong></span> <span class='ocrx_word' id='word_1_599' title='bbox 2835 4559 3038 4621; x_wconf 84' lang='lat' dir='ltr'><strong>divinis</strong></span> <span class='ocrx_word' id='word_1_600' title='bbox 3066 4576 3131 4617; x_wconf 87' lang='lat' dir='ltr'><strong>ac</strong></span> <span class='ocrx_word' id='word_1_601' title='bbox 3161 4565 3325 4620; x_wconf 81' lang='lat' dir='ltr'><strong>tantis</strong></span> <span class='ocrx_word' id='word_1_602' title='bbox 3354 4566 3543 4626; x_wconf 80' lang='lat' dir='ltr'><strong>rebus.</strong></span> <span class='ocrx_word' id='word_1_603' title='bbox 3566 4604 3616 4623; x_wconf 86' lang='lat'><strong>..</strong></span> 
     </span>
    </p>
   </div>
   <div class='ocr_carea' id='block_1_91' title="bbox 364 4647 717 4716">
    <p class='ocr_par' dir='ltr' id='par_1_91' title="bbox 364 4647 717 4716">
     <span class='ocr_line' id='line_1_91' title="bbox 364 4647 717 4716; baseline 0.003 -18"><span class='ocrx_word' id='word_1_604' title='bbox 364 4661 504 4698; x_wconf 79' lang='grc' dir='ltr'>πειν</span> <span class='ocrx_word' id='word_1_605' title='bbox 537 4647 717 4716; x_wconf 80' lang='grc' dir='ltr'>τινά.)</span> 
     </span>
    </p>
   </div>
   <div class='ocr_carea' id='block_1_92' title="bbox 436 4735 1939 4809">
    <p class='ocr_par' dir='ltr' id='par_1_92' title="bbox 436 4735 1939 4809">
     <span class='ocr_line' id='line_1_92' title="bbox 436 4735 1939 4809; baseline 0.003 -19"><span class='ocrx_word' id='word_1_606' title='bbox 436 4738 754 4809; x_wconf 85' lang='grc' dir='ltr'>Χειροτονεῖ</span> <span class='ocrx_word' id='word_1_607' title='bbox 776 4735 831 4789; x_wconf 84' lang='grc' dir='ltr'>δὲ</span> <span class='ocrx_word' id='word_1_608' title='bbox 861 4737 1058 4808; x_wconf 73' lang='grc' dir='ltr'>ῥᾳδίως</span> <span class='ocrx_word' id='word_1_609' title='bbox 1086 4735 1317 4800; x_wconf 77' lang='grc' dir='ltr'>πολλοὺς</span> <span class='ocrx_word' id='word_1_610' title='bbox 1341 4735 1442 4807; x_wconf 78' lang='grc' dir='ltr'>μὲν</span> <span class='ocrx_word' id='word_1_611' title='bbox 1469 4735 1683 4805; x_wconf 83' lang='grc' dir='ltr'>ἁγίους,</span> <span class='ocrx_word' id='word_1_612' title='bbox 1709 4737 1939 4801; x_wconf 77' lang='grc' dir='ltr'>πολλοὺς</span> 
     </span>
    </p>
   </div>
   <div class='ocr_carea' id='block_1_93' title="bbox 361 4816 1937 4897">
    <p class='ocr_par' dir='ltr' id='par_1_93' title="bbox 361 4816 1937 4897">
     <span class='ocr_line' id='line_1_93' title="bbox 361 4816 1937 4897; baseline -0.003 -13"><span class='ocrx_word' id='word_1_613' title='bbox 361 4831 421 4884; x_wconf 80' lang='grc' dir='ltr'><strong>δέ</strong></span> <span class='ocrx_word' id='word_1_614' title='bbox 451 4829 646 4890; x_wconf 75' lang='grc' dir='ltr'>ἀθέους</span> <span class='ocrx_word' id='word_1_615' title='bbox 678 4828 825 4897; x_wconf 84' lang='grc' dir='ltr'><strong>παρά</strong></span> <span class='ocrx_word' id='word_1_616' title='bbox 851 4826 914 4879; x_wconf 85' lang='grc' dir='ltr'><strong>τὸ</strong></span> <span class='ocrx_word' id='word_1_617' title='bbox 934 4826 1079 4891; x_wconf 82' lang='grc' dir='ltr'>είκδς</span> <span class='ocrx_word' id='word_1_618' title='bbox 1101 4828 1130 4880; x_wconf 81' lang='grc' dir='ltr'><strong>ὁ</strong></span> <span class='ocrx_word' id='word_1_619' title='bbox 1160 4828 1379 4896; x_wconf 84' lang='grc' dir='ltr'>καιρὸς,</span> <span class='ocrx_word' id='word_1_620' title='bbox 1410 4827 1614 4897; x_wconf 84' lang='grc' dir='ltr'>μᾶλλον</span> <span class='ocrx_word' id='word_1_621' title='bbox 1640 4826 1696 4879; x_wconf 84' lang='grc' dir='ltr'>δὲ</span> <span class='ocrx_word' id='word_1_622' title='bbox 1728 4816 1937 4889; x_wconf 62' lang='grc' dir='ltr'>πάντας</span> 
     </span>
    </p>
   </div>
   <div class='ocr_carea' id='block_1_94' title="bbox 363 4921 613 4983">
    <p class='ocr_par' dir='ltr' id='par_1_94' title="bbox 363 4921 613 4983">
     <span class='ocr_line' id='line_1_94' title="bbox 363 4921 613 4983; baseline -0.012 -7"><span class='ocrx_word' id='word_1_623' title='bbox 363 4921 613 4983; x_wconf 82' lang='grc' dir='ltr'>ἀθλίους.</span> 
     </span>
    </p>
   </div>
   <div class='ocr_carea' id='block_1_95' title="bbox 436 5004 1938 5082">
    <p class='ocr_par' dir='ltr' id='par_1_95' title="bbox 436 5004 1938 5082">
     <span class='ocr_line' id='line_1_95' title="bbox 436 5004 1938 5082; baseline -0.001 -22"><span class='ocrx_word' id='word_1_624' title='bbox 436 5005 624 5060; x_wconf 79' lang='grc' dir='ltr'>Ταῦτα</span> <span class='ocrx_word' id='word_1_625' title='bbox 663 5005 773 5082; x_wconf 81' lang='grc' dir='ltr'>γὰρ</span> <span class='ocrx_word' id='word_1_626' title='bbox 801 5005 911 5061; x_wconf 83' lang='grc' dir='ltr'><strong>τῶν</strong></span> <span class='ocrx_word' id='word_1_627' title='bbox 940 5004 1113 5060; x_wconf 87' lang='grc' dir='ltr'>νόθων</span> <span class='ocrx_word' id='word_1_628' title='bbox 1137 5006 1235 5068; x_wconf 65' lang='grc' dir='ltr'><strong>καὶ</strong></span> <span class='ocrx_word' id='word_1_629' title='bbox 1263 5004 1712 5081; x_wconf 77' lang='grc' dir='ltr'>παρεγγράπτων</span> <span class='ocrx_word' id='word_1_630' title='bbox 1745 5007 1938 5077; x_wconf 86' lang='grc' dir='ltr'>ίερέων</span> 
     </span>
    </p>
   </div>
   <div class='ocr_carea' id='block_1_96' title="bbox 364 5096 1938 5172">
    <p class='ocr_par' dir='ltr' id='par_1_96' title="bbox 364 5096 1938 5172">
     <span class='ocr_line' id='line_1_96' title="bbox 364 5096 1938 5172; baseline -0.001 -19"><span class='ocrx_word' id='word_1_631' title='bbox 364 5101 508 5163; x_wconf 77' lang='grc' dir='ltr'>ἐστὶ,</span> <span class='ocrx_word' id='word_1_632' title='bbox 551 5096 771 5153; x_wconf 76' lang='grc' dir='ltr'>καὶτοῦ</span> <span class='ocrx_word' id='word_1_633' title='bbox 819 5096 1239 5168; x_wconf 79' lang='grc' dir='ltr'>ἐπαγγέλματος</span> <span class='ocrx_word' id='word_1_634' title='bbox 1281 5096 1539 5165; x_wconf 79' lang='grc' dir='ltr'>ἀναξίων,</span> <span class='ocrx_word' id='word_1_635' title='bbox 1572 5097 1622 5151; x_wconf 84' lang='grc' dir='ltr'>οἳ</span> <span class='ocrx_word' id='word_1_636' title='bbox 1659 5099 1826 5169; x_wconf 77' lang='grc' dir='ltr'>μηδὲν</span> <span class='ocrx_word' id='word_1_637' title='bbox 1871 5103 1938 5172; x_wconf 78' lang='grc' dir='ltr'>τῇ</span> 
     </span>
    </p>
   </div>
   <div class='ocr_carea' id='block_1_97' title="bbox 369 5188 1942 5262">
    <p class='ocr_par' dir='ltr' id='par_1_97' title="bbox 369 5188 1942 5262">
     <span class='ocr_line' id='line_1_97' title="bbox 369 5188 1942 5262; baseline 0.001 -18"><span class='ocrx_word' id='word_1_638' title='bbox 369 5190 644 5261; x_wconf 75' lang='grc' dir='ltr'>ἱερωσύνῃ</span> <span class='ocrx_word' id='word_1_639' title='bbox 690 5190 1177 5262; x_wconf 85' lang='grc' dir='ltr'>προσενεγκόντες,</span> <span class='ocrx_word' id='word_1_640' title='bbox 1213 5188 1350 5260; x_wconf 86' lang='grc' dir='ltr'><strong>μηδέ</strong></span> <span class='ocrx_word' id='word_1_641' title='bbox 1393 5189 1491 5244; x_wconf 90' lang='grc' dir='ltr'><strong>τοῦ</strong></span> <span class='ocrx_word' id='word_1_642' title='bbox 1524 5188 1692 5243; x_wconf 81' lang='grc' dir='ltr'>καλοῦ</span> <span class='ocrx_word' id='word_1_643' title='bbox 1739 5206 1942 5262; x_wconf 70' lang='grc' dir='ltr'>προτα-</span> 
     </span>
    </p>
   </div>
   <div class='ocr_carea' id='block_1_98' title="bbox 367 5282 1943 5358">
    <p class='ocr_par' dir='ltr' id='par_1_98' title="bbox 367 5282 1943 5358">
     <span class='ocr_line' id='line_1_98' title="bbox 367 5282 1943 5358; baseline 0.001 -20"><span class='ocrx_word' id='word_1_644' title='bbox 367 5285 852 5358; x_wconf 76' lang='grc' dir='ltr'>λαιπωρήσαντες,</span> <span class='ocrx_word' id='word_1_645' title='bbox 897 5282 1036 5354; x_wconf 81' lang='grc' dir='ltr'>ὁμοῦ</span> <span class='ocrx_word' id='word_1_646' title='bbox 1094 5284 1334 5356; x_wconf 78' lang='grc' dir='ltr'>μαθηταὶ</span> <span class='ocrx_word' id='word_1_647' title='bbox 1367 5284 1462 5345; x_wconf 79' lang='grc' dir='ltr'><strong>καὶ</strong></span> <span class='ocrx_word' id='word_1_648' title='bbox 1500 5284 1809 5340; x_wconf 83' lang='grc' dir='ltr'>διδάσκαλοι</span> <span class='ocrx_word' id='word_1_649' title='bbox 1842 5287 1943 5356; x_wconf 77' lang='grc' dir='ltr'>τῆς</span> 
     </span>
    </p>
   </div>
   <div class='ocr_carea' id='block_1_99' title="bbox 367 5374 1943 5449">
    <p class='ocr_par' dir='ltr' id='par_1_99' title="bbox 367 5374 1943 5449">
     <span class='ocr_line' id='line_1_99' title="bbox 367 5374 1943 5449; baseline 0.003 -21"><span class='ocrx_word' id='word_1_650' title='bbox 367 5374 650 5438; x_wconf 78' lang='grc' dir='ltr'>εὐσεόείας</span> <span class='ocrx_word' id='word_1_651' title='bbox 679 5374 1115 5441; x_wconf 80' lang='grc' dir='ltr'>άναδείκνυνται,</span> <span class='ocrx_word' id='word_1_652' title='bbox 1147 5375 1244 5430; x_wconf 71' lang='grc' dir='ltr'>καὶ</span> <span class='ocrx_word' id='word_1_653' title='bbox 1273 5377 1405 5449; x_wconf 81' lang='grc' dir='ltr'>πρὶν</span> <span class='ocrx_word' id='word_1_654' title='bbox 1434 5377 1776 5449; x_wconf 80' lang='grc' dir='ltr'>καθαρθῆναι</span> <span class='ocrx_word' id='word_1_655' title='bbox 1808 5379 1943 5432; x_wconf 86' lang='grc' dir='ltr'>καθ-</span> 
     </span>
    </p>
   </div>
   <div class='ocr_carea' id='block_1_100' title="bbox 367 5466 1941 5541">
    <p class='ocr_par' dir='ltr' id='par_1_100' title="bbox 367 5466 1941 5541">
     <span class='ocr_line' id='line_1_100' title="bbox 367 5466 1941 5541; baseline 0.003 -21"><span class='ocrx_word' id='word_1_656' title='bbox 367 5471 618 5537; x_wconf 74' lang='grc' dir='ltr'>αίρουσι·</span> <span class='ocrx_word' id='word_1_657' title='bbox 651 5467 778 5537; x_wconf 75' lang='grc' dir='ltr'>χθὲς</span> <span class='ocrx_word' id='word_1_658' title='bbox 809 5466 1099 5539; x_wconf 75' lang='grc' dir='ltr'>ἱερόσυλοι,</span> <span class='ocrx_word' id='word_1_659' title='bbox 1131 5469 1225 5520; x_wconf 60' lang='grc' dir='ltr'><strong>καὶ⁸</strong></span> <span class='ocrx_word' id='word_1_660' title='bbox 1274 5469 1515 5540; x_wconf 82' lang='grc' dir='ltr'>σήμερον</span> <span class='ocrx_word' id='word_1_661' title='bbox 1569 5470 1735 5540; x_wconf 75' lang='grc' dir='ltr'>ἱερεῖς</span> <span class='ocrx_word' id='word_1_662' title='bbox 1755 5485 1770 5503; x_wconf 78' lang='grc' dir='ltr'><strong><em>ο</em></strong></span> <span class='ocrx_word' id='word_1_663' title='bbox 1813 5470 1941 5541; x_wconf 74' lang='grc' dir='ltr'>χθὲς</span> 
     </span>
    </p>
   </div>
   <div class='ocr_carea' id='block_1_101' title="bbox 365 5557 1944 5635">
    <p class='ocr_par' dir='ltr' id='par_1_101' title="bbox 365 5557 1944 5635">
     <span class='ocr_line' id='line_1_101' title="bbox 365 5557 1944 5635; baseline 0.001 -23"><span class='ocrx_word' id='word_1_664' title='bbox 365 5566 480 5622; x_wconf 75' lang='grc' dir='ltr'>τῶν</span> <span class='ocrx_word' id='word_1_665' title='bbox 510 5557 684 5635; x_wconf 72' lang='grc' dir='ltr'>ἁγίων</span> <span class='ocrx_word' id='word_1_666' title='bbox 711 5560 837 5627; x_wconf 67' lang='grc' dir='ltr'>ἐξω,</span> <span class='ocrx_word' id='word_1_667' title='bbox 863 5562 961 5614; x_wconf 71' lang='grc' dir='ltr'>καὶ</span> <span class='ocrx_word' id='word_1_668' title='bbox 1011 5561 1366 5635; x_wconf 71' lang='grc' dir='ltr'>μυσταγωγοὶ</span> <span class='ocrx_word' id='word_1_669' title='bbox 1410 5564 1675 5633; x_wconf 80' lang='grc' dir='ltr'>σήμερον,</span> <span class='ocrx_word' id='word_1_670' title='bbox 1721 5561 1944 5617; x_wconf 74' lang='grc' dir='ltr'>παλαιοὶ</span> 
     </span>
    </p>
   </div>
   <div class='ocr_carea' id='block_1_102' title="bbox 368 5653 1521 5733">
    <p class='ocr_par' dir='ltr' id='par_1_102' title="bbox 368 5653 1521 5733">
     <span class='ocr_line' id='line_1_102' title="bbox 368 5653 1521 5733; baseline -0.002 -22"><span class='ocrx_word' id='word_1_671' title='bbox 368 5662 469 5733; x_wconf 78' lang='grc' dir='ltr'>τὴν</span> <span class='ocrx_word' id='word_1_672' title='bbox 497 5660 719 5727; x_wconf 79' lang='grc' dir='ltr'>κακίαν,</span> <span class='ocrx_word' id='word_1_673' title='bbox 754 5657 1053 5733; x_wconf 76' lang='grc' dir='ltr'>ἐπισχέδιοι</span> <span class='ocrx_word' id='word_1_674' title='bbox 1080 5654 1180 5710; x_wconf 75' lang='grc' dir='ltr'>τὴν</span> <span class='ocrx_word' id='word_1_675' title='bbox 1212 5653 1521 5715; x_wconf 72' lang='grc' dir='ltr'>εὐσέϐειαν.</span> 
     </span>
    </p>
   </div>
   <div class='ocr_carea' id='block_1_103' title="bbox 2046 4651 2777 4725">
    <p class='ocr_par' dir='ltr' id='par_1_103' title="bbox 2046 4651 2777 4725">
     <span class='ocr_line' id='line_1_103' title="bbox 2046 4651 2777 4725; baseline 0.008 -21"><span class='ocrx_word' id='word_1_676' title='bbox 2046 4651 2258 4724; x_wconf 74' lang='lat' dir='ltr'><strong>(Deesse</strong></span> <span class='ocrx_word' id='word_1_677' title='bbox 2283 4652 2489 4721; x_wconf 79' lang='lat' dir='ltr'><strong>aliquid</strong></span> <span class='ocrx_word' id='word_1_678' title='bbox 2523 4653 2777 4725; x_wconf 79' lang='lat' dir='ltr'><strong>videtur.)</strong></span> 
     </span>
    </p>
   </div>
   <div class='ocr_carea' id='block_1_104' title="bbox 2115 4743 3621 4820">
    <p class='ocr_par' dir='ltr' id='par_1_104' title="bbox 2115 4743 3621 4820">
     <span class='ocr_line' id='line_1_104' title="bbox 2115 4743 3621 4820; baseline 0.006 -21"><span class='ocrx_word' id='word_1_679' title='bbox 2115 4743 2347 4800; x_wconf 86' lang='lat' dir='ltr'><strong>Occasio</strong></span> <span class='ocrx_word' id='word_1_680' title='bbox 2401 4746 2559 4801; x_wconf 79' lang='lat' dir='ltr'><strong>facile</strong></span> <span class='ocrx_word' id='word_1_681' title='bbox 2604 4756 2759 4803; x_wconf 87' lang='lat' dir='ltr'><strong>creat</strong></span> <span class='ocrx_word' id='word_1_682' title='bbox 2802 4762 3021 4805; x_wconf 87' lang='lat' dir='ltr'><strong>sanctos</strong></span> <span class='ocrx_word' id='word_1_683' title='bbox 3076 4751 3398 4820; x_wconf 85' lang='lat' dir='ltr'><strong>permultos,</strong></span> <span class='ocrx_word' id='word_1_684' title='bbox 3431 4762 3487 4808; x_wconf 89' lang='lat' dir='ltr'><strong>et</strong></span> <span class='ocrx_word' id='word_1_685' title='bbox 3515 4753 3621 4808; x_wconf 85' lang='lat' dir='ltr'><strong>im-</strong></span> 
     </span>
    </p>
   </div>
   <div class='ocr_carea' id='block_1_105' title="bbox 2046 4840 3621 4916">
    <p class='ocr_par' dir='ltr' id='par_1_105' title="bbox 2046 4840 3621 4916">
     <span class='ocr_line' id='line_1_105' title="bbox 2046 4840 3621 4916; baseline 0.008 -23"><span class='ocrx_word' id='word_1_686' title='bbox 2046 4840 2164 4909; x_wconf 86' lang='lat' dir='ltr'><strong>pios</strong></span> <span class='ocrx_word' id='word_1_687' title='bbox 2194 4841 2322 4894; x_wconf 88' lang='lat' dir='ltr'><strong>item</strong></span> <span class='ocrx_word' id='word_1_688' title='bbox 2376 4840 2646 4909; x_wconf 84' lang='lat' dir='ltr'><strong>plurimos</strong></span> <span class='ocrx_word' id='word_1_689' title='bbox 2700 4854 2892 4901; x_wconf 85' lang='lat' dir='ltr'><strong>contra</strong></span> <span class='ocrx_word' id='word_1_690' title='bbox 2926 4844 3042 4915; x_wconf 80' lang='lat' dir='ltr'><strong>jus,</strong></span> <span class='ocrx_word' id='word_1_691' title='bbox 3077 4845 3161 4900; x_wconf 83' lang='lat' dir='ltr'><strong>vel</strong></span> <span class='ocrx_word' id='word_1_692' title='bbox 3193 4846 3379 4916; x_wconf 75' lang='lat' dir='ltr'><strong>potius</strong></span> <span class='ocrx_word' id='word_1_693' title='bbox 3426 4861 3621 4905; x_wconf 70' lang='lat' dir='ltr'><strong>omni-1</strong></span> 
     </span>
    </p>
   </div>
   <div class='ocr_carea' id='block_1_106' title="bbox 2045 4947 2296 4987">
    <p class='ocr_par' dir='ltr' id='par_1_106' title="bbox 2045 4947 2296 4987">
     <span class='ocr_line' id='line_1_106' title="bbox 2045 4947 2296 4987; baseline 0.004 -1"><span class='ocrx_word' id='word_1_694' title='bbox 2045 4948 2097 4986; x_wconf 80' lang='grc' dir='ltr'><strong>ιιι</strong></span> <span class='ocrx_word' id='word_1_695' title='bbox 2104 4947 2117 4984; x_wconf 87' lang='grc' dir='ltr'><strong>Ι</strong></span> <span class='ocrx_word' id='word_1_696' title='bbox 2125 4949 2182 4986; x_wconf 70' lang='lat' dir='ltr'><strong>SC</strong></span> <span class='ocrx_word' id='word_1_697' title='bbox 2189 4949 2274 4986; x_wconf 81' lang='lat' dir='ltr'><strong>I&#39;OS</strong></span> <span class='ocrx_word' id='word_1_698' title='bbox 2282 4971 2296 4987; x_wconf 79' lang='grc' dir='ltr'><strong>ο</strong></span> 
     </span>
    </p>
   </div>
   <div class='ocr_carea' id='block_1_107' title="bbox 2118 5022 3624 5101">
    <p class='ocr_par' dir='ltr' id='par_1_107' title="bbox 2118 5022 3624 5101">
     <span class='ocr_line' id='line_1_107' title="bbox 2118 5022 3624 5101; baseline 0.009 -25"><span class='ocrx_word' id='word_1_699' title='bbox 2118 5022 2245 5081; x_wconf 67' lang='grc' dir='ltr'><strong>ιδ.εο</strong></span> <span class='ocrx_word' id='word_1_700' title='bbox 2291 5025 2437 5082; x_wconf 87' lang='lat' dir='ltr'><strong>enim</strong></span> <span class='ocrx_word' id='word_1_701' title='bbox 2487 5037 2615 5083; x_wconf 88' lang='lat' dir='ltr'><strong>sunt</strong></span> <span class='ocrx_word' id='word_1_702' title='bbox 2663 5028 2955 5088; x_wconf 86' lang='lat' dir='ltr'><strong>nothorum</strong></span> <span class='ocrx_word' id='word_1_703' title='bbox 2985 5036 3037 5084; x_wconf 93' lang='lat' dir='ltr'><strong>et</strong></span> <span class='ocrx_word' id='word_1_704' title='bbox 3066 5029 3486 5101; x_wconf 84' lang='lat' dir='ltr'><strong>obreptitiorum</strong></span> <span class='ocrx_word' id='word_1_705' title='bbox 3531 5046 3624 5089; x_wconf 56' lang='lat' dir='ltr'><strong>sa»</strong></span> 
     </span>
    </p>
   </div>
   <div class='ocr_carea' id='block_1_108' title="bbox 2049 5116 3624 5193">
    <p class='ocr_par' dir='ltr' id='par_1_108' title="bbox 2049 5116 3624 5193">
     <span class='ocr_line' id='line_1_108' title="bbox 2049 5116 3624 5193; baseline 0.006 -22"><span class='ocrx_word' id='word_1_706' title='bbox 2049 5116 2335 5174; x_wconf 84' lang='lat' dir='ltr'><strong>cerdotum</strong></span> <span class='ocrx_word' id='word_1_707' title='bbox 2375 5127 2431 5172; x_wconf 89' lang='lat' dir='ltr'><strong>et</strong></span> <span class='ocrx_word' id='word_1_708' title='bbox 2474 5118 2876 5187; x_wconf 58' lang='lat' dir='ltr'><strong>odesignatione</strong></span> <span class='ocrx_word' id='word_1_709' title='bbox 2930 5120 3306 5193; x_wconf 74' lang='lat' dir='ltr'><strong>indignorum,</strong></span> <span class='ocrx_word' id='word_1_710' title='bbox 3351 5123 3443 5193; x_wconf 86' lang='lat' dir='ltr'><strong>qui</strong></span> <span class='ocrx_word' id='word_1_711' title='bbox 3497 5138 3624 5183; x_wconf 87' lang='lat' dir='ltr'><strong>cum</strong></span> 
     </span>
    </p>
   </div>
   <div class='ocr_carea' id='block_1_109' title="bbox 2051 5208 3625 5288">
    <p class='ocr_par' dir='ltr' id='par_1_109' title="bbox 2051 5208 3625 5288">
     <span class='ocr_line' id='line_1_109' title="bbox 2051 5208 3625 5288; baseline 0.007 -25"><span class='ocrx_word' id='word_1_712' title='bbox 2051 5208 2117 5264; x_wconf 88' lang='lat' dir='ltr'><strong>ad</strong></span> <span class='ocrx_word' id='word_1_713' title='bbox 2146 5210 2513 5269; x_wconf 88' lang='lat' dir='ltr'><strong>sacerdotium</strong></span> <span class='ocrx_word' id='word_1_714' title='bbox 2549 5211 2687 5266; x_wconf 86' lang='lat' dir='ltr'><strong>nihil</strong></span> <span class='ocrx_word' id='word_1_715' title='bbox 2738 5211 3045 5282; x_wconf 86' lang='lat' dir='ltr'><strong>attulerint,</strong></span> <span class='ocrx_word' id='word_1_716' title='bbox 3099 5229 3279 5284; x_wconf 90' lang='lat' dir='ltr'><strong>neque</strong></span> <span class='ocrx_word' id='word_1_717' title='bbox 3325 5217 3625 5288; x_wconf 84' lang='lat' dir='ltr'><strong>quidquam</strong></span> 
     </span>
    </p>
   </div>
   <div class='ocr_carea' id='block_1_110' title="bbox 2049 5300 3625 5375">
    <p class='ocr_par' dir='ltr' id='par_1_110' title="bbox 2049 5300 3625 5375">
     <span class='ocr_line' id='line_1_110' title="bbox 2049 5300 3625 5375; baseline 0.006 -20"><span class='ocrx_word' id='word_1_718' title='bbox 2049 5300 2262 5356; x_wconf 87' lang='lat' dir='ltr'><strong>honesti</strong></span> <span class='ocrx_word' id='word_1_719' title='bbox 2316 5303 2682 5368; x_wconf 78' lang='lat' dir='ltr'><strong>exercuerim,</strong></span> <span class='ocrx_word' id='word_1_720' title='bbox 2729 5303 2921 5364; x_wconf 81' lang='lat' dir='ltr'><strong>simuL</strong></span> <span class='ocrx_word' id='word_1_721' title='bbox 2963 5305 3215 5375; x_wconf 88' lang='lat' dir='ltr'><strong>discipuli</strong></span> <span class='ocrx_word' id='word_1_722' title='bbox 3260 5317 3316 5365; x_wconf 88' lang='lat' dir='ltr'><strong>et</strong></span> <span class='ocrx_word' id='word_1_723' title='bbox 3370 5308 3625 5368; x_wconf 71' lang='lat' dir='ltr'><strong>(lectores</strong></span> 
     </span>
    </p>
   </div>
   <div class='ocr_carea' id='block_1_111' title="bbox 2048 5393 3628 5469">
    <p class='ocr_par' dir='ltr' id='par_1_111' title="bbox 2048 5393 3628 5469">
     <span class='ocr_line' id='line_1_111' title="bbox 2048 5393 3628 5469; baseline 0.005 -22"><span class='ocrx_word' id='word_1_724' title='bbox 2048 5393 2267 5462; x_wconf 87' lang='lat' dir='ltr'><strong>pietatis</strong></span> <span class='ocrx_word' id='word_1_725' title='bbox 2297 5394 2673 5463; x_wconf 71' lang='lat' dir='ltr'><strong>designantur,</strong></span> <span class='ocrx_word' id='word_1_726' title='bbox 2700 5409 2768 5451; x_wconf 86' lang='lat' dir='ltr'><strong>ac</strong></span> <span class='ocrx_word' id='word_1_727' title='bbox 2805 5396 3123 5467; x_wconf 87' lang='lat' dir='ltr'><strong>priusquam</strong></span> <span class='ocrx_word' id='word_1_728' title='bbox 3157 5399 3367 5469; x_wconf 66' lang='lat' dir='ltr'><strong>purgati</strong></span> <span class='ocrx_word' id='word_1_729' title='bbox 3423 5398 3628 5455; x_wconf 78' lang='lat' dir='ltr'><strong>fuerint</strong></span> 
     </span>
    </p>
   </div>
   <div class='ocr_carea' id='block_1_112' title="bbox 2047 5486 3624 5560">
    <p class='ocr_par' dir='ltr' id='par_1_112' title="bbox 2047 5486 3624 5560">
     <span class='ocr_line' id='line_1_112' title="bbox 2047 5486 3624 5560; baseline 0.003 -17"><span class='ocrx_word' id='word_1_730' title='bbox 2047 5487 2174 5558; x_wconf 87' lang='lat' dir='ltr'><strong>ipsi,</strong></span> <span class='ocrx_word' id='word_1_731' title='bbox 2204 5500 2438 5559; x_wconf 75' lang='lat' dir='ltr'><strong>purgant</strong></span> <span class='ocrx_word' id='word_1_732' title='bbox 2465 5487 2623 5553; x_wconf 85' lang='lat' dir='ltr'><strong>alios,</strong></span> <span class='ocrx_word' id='word_1_733' title='bbox 2656 5486 2772 5542; x_wconf 89' lang='lat' dir='ltr'><strong>heri</strong></span> <span class='ocrx_word' id='word_1_734' title='bbox 2800 5488 3071 5559; x_wconf 74' lang='lat' dir='ltr'><strong>sacrilegi,</strong></span> <span class='ocrx_word' id='word_1_735' title='bbox 3103 5489 3261 5546; x_wconf 84' lang='lat' dir='ltr'><strong>hodie</strong></span> <span class='ocrx_word' id='word_1_736' title='bbox 3289 5492 3624 5560; x_wconf 81' lang='lat' dir='ltr'><strong>sacerdotes,</strong></span> 
     </span>
    </p>
   </div>
   <div class='ocr_carea' id='block_1_113' title="bbox 2050 5576 3627 5652">
    <p class='ocr_par' dir='ltr' id='par_1_113' title="bbox 2050 5576 3627 5652">
     <span class='ocr_line' id='line_1_113' title="bbox 2050 5576 3627 5652; baseline 0.001 -17"><span class='ocrx_word' id='word_1_737' title='bbox 2050 5580 2168 5635; x_wconf 86' lang='lat' dir='ltr'><strong>heri</strong></span> <span class='ocrx_word' id='word_1_738' title='bbox 2213 5578 2418 5635; x_wconf 79' lang='lat' dir='ltr'><strong>exclusi</strong></span> <span class='ocrx_word' id='word_1_739' title='bbox 2439 5581 2636 5646; x_wconf 89' lang='lat' dir='ltr'><strong>sacris,</strong></span> <span class='ocrx_word' id='word_1_740' title='bbox 2669 5576 2832 5634; x_wconf 87' lang='lat' dir='ltr'><strong>hodie</strong></span> <span class='ocrx_word' id='word_1_741' title='bbox 2860 5580 3185 5652; x_wconf 74' lang='lat' dir='ltr'><strong>mystagogi,</strong></span> <span class='ocrx_word' id='word_1_742' title='bbox 3221 5580 3270 5636; x_wconf 92' lang='lat' dir='ltr'><strong>id</strong></span> <span class='ocrx_word' id='word_1_743' title='bbox 3301 5591 3386 5638; x_wconf 90' lang='lat' dir='ltr'><strong>est</strong></span> <span class='ocrx_word' id='word_1_744' title='bbox 3438 5597 3627 5637; x_wconf 84' lang='lat' dir='ltr'><strong>sacro-</strong></span> 
     </span>
    </p>
   </div>
   <div class='ocr_carea' id='block_1_114' title="bbox 2049 5669 3627 5747">
    <p class='ocr_par' dir='ltr' id='par_1_114' title="bbox 2049 5669 3627 5747">
     <span class='ocr_line' id='line_1_114' title="bbox 2049 5669 3627 5747; baseline -0.001 -20"><span class='ocrx_word' id='word_1_745' title='bbox 2049 5685 2171 5728; x_wconf 79' lang='lat' dir='ltr'><strong>rum</strong></span> <span class='ocrx_word' id='word_1_746' title='bbox 2208 5672 2564 5736; x_wconf 86' lang='lat' dir='ltr'><strong>institutores,</strong></span> <span class='ocrx_word' id='word_1_747' title='bbox 2596 5670 2652 5726; x_wconf 89' lang='lat' dir='ltr'><strong>in</strong></span> <span class='ocrx_word' id='word_1_748' title='bbox 2679 5669 2827 5728; x_wconf 80' lang='lat' dir='ltr'><strong>vitiis</strong></span> <span class='ocrx_word' id='word_1_749' title='bbox 2856 5679 3090 5743; x_wconf 83' lang='lat' dir='ltr'><strong>veteres,</strong></span> <span class='ocrx_word' id='word_1_750' title='bbox 3121 5671 3173 5729; x_wconf 92' lang='lat' dir='ltr'><strong>in</strong></span> <span class='ocrx_word' id='word_1_751' title='bbox 3203 5673 3403 5745; x_wconf 78' lang='lat' dir='ltr'><strong>pietate</strong></span> <span class='ocrx_word' id='word_1_752' title='bbox 3425 5687 3627 5747; x_wconf 60' lang='lat' dir='ltr'><strong>repeti.-</strong></span> 
     </span>
    </p>
   </div>
   <div class='ocr_carea' id='block_1_115' title="bbox 2052 5763 2746 5834">
    <p class='ocr_par' dir='ltr' id='par_1_115' title="bbox 2052 5763 2746 5834">
     <span class='ocr_line' id='line_1_115' title="bbox 2052 5763 2746 5834; baseline 0.004 -15"><span class='ocrx_word' id='word_1_753' title='bbox 2052 5764 2152 5820; x_wconf 85' lang='lat' dir='ltr'><strong>tini</strong></span> <span class='ocrx_word' id='word_1_754' title='bbox 2187 5780 2283 5821; x_wconf 87' lang='lat' dir='ltr'><strong>seu</strong></span> <span class='ocrx_word' id='word_1_755' title='bbox 2318 5775 2494 5820; x_wconf 72' lang='lat' dir='ltr'><strong>extent</strong></span> <span class='ocrx_word' id='word_1_756' title='bbox 2503 5763 2746 5834; x_wconf 83' lang='lat' dir='ltr'><strong>poranei.</strong></span> 
     </span>
    </p>
   </div>
   <div class='ocr_carea' id='block_1_116' title="bbox 442 5883 1944 5965">
    <p class='ocr_par' dir='ltr' id='par_1_116' title="bbox 442 5883 1944 5965">
     <span class='ocr_line' id='line_1_116' title="bbox 442 5883 1944 5965; baseline -0.002 -20"><span class='ocrx_word' id='word_1_757' title='bbox 442 5890 521 5965; x_wconf 87' lang='lat' dir='ltr'><strong>(I)</strong></span> <span class='ocrx_word' id='word_1_758' title='bbox 558 5888 796 5948; x_wconf 80' lang='lat' dir='ltr'><strong>Ribittus</strong></span> <span class='ocrx_word' id='word_1_759' title='bbox 826 5889 977 5962; x_wconf 74' lang='lat' dir='ltr'><strong>legit,</strong></span> <span class='ocrx_word' id='word_1_760' title='bbox 1009 5885 1452 5963; x_wconf 76' lang='grc' dir='ltr'>φυλαρχούντων.</span> <span class='ocrx_word' id='word_1_761' title='bbox 1476 5884 1625 5945; x_wconf 78' lang='lat' dir='ltr'><strong>Alias</strong></span> <span class='ocrx_word' id='word_1_762' title='bbox 1664 5883 1944 5960; x_wconf 67' lang='grc' dir='ltr'>φιλαρχούι</span> 
     </span>
    </p>
   </div>
   <div class='ocr_carea' id='block_1_117' title="bbox 2028 5883 2746 5965">
    <p class='ocr_par' dir='ltr' id='par_1_117' title="bbox 2028 5887 2746 5961">
     <span class='ocr_line' id='line_1_117' title="bbox 2028 5887 2746 5961; baseline 0 -19"><span class='ocrx_word' id='word_1_763' title='bbox 2028 5903 2097 5961; x_wconf 84' lang='lat' dir='ltr'><strong>w,</strong></span> <span class='ocrx_word' id='word_1_764' title='bbox 2119 5888 2398 5959; x_wconf 69' lang='lat' dir='ltr'><strong>potestatis</strong></span> <span class='ocrx_word' id='word_1_765' title='bbox 2424 5887 2746 5949; x_wconf 60' lang='lat' dir='ltr'><strong>ambitiosis;</strong></span> 
     </span>
    </p>
   </div>
  </div>
