4056 6436
320 369 464 435 1029

1144 376 1316 439 LOCI
1359 378 1798 443 COMMUNES.
1838 404 1907 418 -
1946 380 2142 443 PARS
2180 382 2263 445 II.
2303 383 2562 445 SERMO
2600 386 2670 449 V.

3451 379 3594 447 1030

390 485 628 541 Ἀτοπόν
662 490 780 541 ἐστι
827 488 1096 545 διώκοντα
1139 489 1241 558 τὰς
1294 492 1467 565 τιμὰς
1500 493 1728 564 φεύγειν
1764 493 1893 559 τοὺς
1924 545 1928 557 ,

2072 493 2313 567 Evagrii.
2343 497 2652 553 Absurdum
2685 507 2771 555 est
2826 498 2920 560 qui
2962 498 3310 569 persequitur
3352 496 3592 552 honores

309 581 532 643 πόνους,
563 579 635 634 δι’
664 574 740 634 ὧν
771 582 828 634 αἱ
858 583 1038 652 τιμαί.

384 668 511 732 Τοῖς
562 671 696 739 παρ’
731 670 890 738 ἀξίαν
939 674 1262 746 ἐπιτυχοῦσι
1288 675 1399 746 ,τῆς
1434 678 1699 735 ἀνωτάτω
1727 681 1894 754 τιμῆς

308 760 612 817 ὑπακούειν
640 764 854 837 ἀνάγκη
888 770 1003 832 τοῖς
1039 769 1444 844 παρασχοῦσιν.

944 886 1165 939 ΛΟΓΟΣ
1199 887 1275 944 Ε’.

692 976 829 1045 Περὶ
871 978 1182 1047 ἀρχόντων
1208 982 1513 1051 χρηστῶν.

385 1065 553 1119 Δώσω
581 1069 708 1131 τοὺς
755 1069 1149 1140 άρχοντάς“σου
1186 1075 1245 1126 ἐν
1289 1075 1630 1146 δικαιοσύνῃ,
1664 1076 1757 1127 καὶ
1788 1077 1889 1131 οὒκ

309 1155 393 1209 ἔτι
450 1159 853 1229 ἀκουσθήσεται
900 1162 1081 1217 ἀδικία
1125 1166 1183 1218 ἐν
1227 1168 1293 1237 τῇ
1338 1168 1407 1234 γῇ
1459 1183 1578 1231 σου,
1614 1167 1736 1220 οὺδέ
1765 1169 1892 1222 σύν-

307 1243 552 1318 τριμμα,
588 1251 710 1306 οὐδὲ
740 1253 1086 1325 ταλαιπωρία
1116 1257 1176 1309 ἐν
1213 1260 1325 1320 τοῖς
1358 1257 1529 1326 ὁρίοις
1561 1276 1677 1313 σου.

397 1339 542 1407 Ἐγὼ
597 1341 694 1394 καὶ
745 1345 794 1396 oi
836 1343 1056 1414 ἀδελφοί
1105 1363 1206 1414 μου
1255 1347 1420 1417 ἄρτον
1460 1349 1559 1417 τῆς
1596 1351 1893 1418 ἡγεμονίας

312 1446 420 1498 μου
462 1432 565 1484 οὐκ
616 1433 926 1501 ἐφάγομεν·
977 1437 1025 1489 oi
1074 1436 1131 1492 δὲ
1167 1437 1431 1508 ἄρχοντες
1477 1441 1526 1492 ot
1580 1441 1891 1510 ἔμπροσθέν

311 1540 416 1588 μου
453 1523 721 1594 ἐϐάρυναν
765 1526 858 1580 τὶν
901 1527 1080 1583 κλοιδν
1114 1530 1206 1584 ἐπὶ
1243 1533 1337 1586 τὸν
1376 1533 1523 1594 λαὸν.
1556 1536 1652 1589 καὶ
1697 1535 1892 1591 ἔλαϐον

311 1616 447 1686 παρ’
473 1617 637 1670 αὐτοῦ
672 1618 842 1689 ἄρτον
882 1622 976 1675 καὶ
1009 1620 1172 1688 οἶνον,
1210 1625 1305 1679 καὶ
1349 1626 1582 1697 ἔσχατον
1621 1630 1888 1699 ἀργυρίου

312 1708 532 1773 σίκλους
554 1713 982 1781 τεσσαράκοντα.
1009 1716 1296 1788 Μνήσθητί
1328 1736 1453 1789 μου,
1475 1722 1503 1773 ὁ
1527 1720 1680 1790 Θεὸς,
1710 1724 1889 1779 πάντα

307 1805 394 1865 είς
429 1803 655 1872 ἀγαθὸν,
695 1806 796 1858 ὅσα
832 1807 1064 1878 ἐποίησα
1089 1810 1168 1878 τῷ
1193 1810 1309 1881 λαῷ
1337 1813 1531 1884 τούτῳ.

393 1893 455 1948 '0
480 1899 643 1961 aozp‘c
698 1900 758 1951 ἐν
788 1898 864 1967 τῷ
897 1899 1012 1969 λαῷ
1054 1900 1220 1955 αὐτοῦ
1244 1902 1648 1977 κληρονομήσει
1682 1905 1891 1975 πίστιν,

308 1985 405 2039 καὶ
432 1985 494 2038 τὸ
523 1984 694 2058 ὄνομα
725 1988 890 2043 αὑτοῦ
921 1990 1148 2062 ζήσεται
1175 1994 1254 2056 είς
1283 1995 1376 2048 τὸν
1408 1994 1606 2050 αίῶνα.

382 2164 546 2230 Πόλις
575 2167 1064 2240 οίκοδομηθήοεται
1092 2171 1152 2225 ἐν
1193 2173 1407 2226 συνέσει
1434 2174 1723 2232 δυνάστου.

383 2339 474 2410 Μὴ
497 2340 600 2410 δῷς
633 2340 824 2413 μῶμον
847 2344 907 2397 ἐν
932 2347 1000 2416 τῇ
1026 2344 1152 2418 δόξῃ
1182 2365 1297 2416 σου,
1320 2350 1414 2404 καὶ
1441 2350 1500 2406 ἐν
1527 2352 1713 2426 ἡμέρᾳ
1735 2354 1894 2427 δόξης

315 2429 390 2497 μὴ
430 2431 680 2502 ἐπαίρου.

387 2524 478 2593 Μὴ
509 2526 663 2595 ζήτει
707 2530 861 2599 παρά
916 2532 1124 2603 Κυρίου
1177 2534 1503 2606 ἠγεμονίαν,
1556 2541 1694 2611 μηδέ
1742 2543 1897 2613 παρὰ

308 2614 579 2685 βασιλέως
607 2621 878 2693 καθέδραν
906 2623 1088 2695 δόξης.

384 2710 476 2777 Μὴ
510 2712 791 2782 ἁμάρτανε
818 2718 899 2781 είς
927 2719 1129 2788 πλῆθος
1160 2720 1390 2787 πόλεως,
1416 2724 1514 2777 καὶ
1540 2723 1616 2796 μὴ
1653 2728 1898 2782 καταϐά-

306 2800 408 2873 λῃς
431 2803 624 2858 ἐαυτὸν
653 2807 711 2860 ἐν
741 2808 904 2878 ὄχλῳ.

384 2896 476 2964 Μὴ
511 2896 665 2967 ζήτει
709 2901 962 2967 γενέσθαι
995 2902 1210 2969 κριτὴς,
1241 2904 1289 2956 εί
1340 2906 1414 2975 μὴ
1460 2907 1667 2977 ῖσχύεις
1698 2910 1894 2982 ἐξᾶραι

309 2987 527 3052 ἀδικίας
545 3005 560 3020 °
586 2993 794 3060 μήποτε
820 2992 1129 3065 εὐλαϐηθῇς
1155 2998 1261 3050 ἀπὸ
1287 2998 1585 3068 προσώπου
1606 3002 1892 3071 δυνάστου,

308 3082 407 3133 καὶ
439 3081 607 3155 θήσῃς
649 3083 944 3140 σκάνδαλον
972 3089 1029 3139 ἐν
1054 3088 1312 3161 εὐθύτητί
1348 3107 1466 3147 σου.

383 3262 446 3314 Οἱ
489 3263 752 3334 ἄρχοντες
782 3265 882 3319 οὐκ
930 3267 1037 3321 εἰσὶ
1079 3269 1243 3338 φόϐος
1275 3273 1384 3326 τῶν
1424 3275 1646 3344 ἀγαθῶν
1689 3278 1890 3349 ἔργων,

307 3352 447 3408 ἀλλὰ
473 3355 582 3408 τῶν
604 3358 810 3413 κακῶν.
834 3358 1020 3424 Θέλεις
1058 3363 1132 3431 μὴ
1165 3365 1449 3433 φοϐεῖσθαι
1474 3368 1572 3440 τὴν
1600 3372 1851 3437 egomt-iv
1874 3392 1887 3438 ;

307 3447 375 3498 τὸ
406 3447 612 3515 ἀγαθὸν
648 3450 816 3516 ποίει,
840 3453 935 3505 καὶ
957 3451 1103 3519 ἔξεις
1123 3455 1348 3513 ἔπαινον
1373 3459 1434 3524 ἐξ
1461 3462 1652 3532 αὐτῆς.
1683 3464 1811 3516 Ἐὰν
1836 3465 1893 3518 δὲ

306 3538 374 3591 τὸ
407 3540 576 3594 κακὸν
623 3544 804 3613 ποιῇς,
844 3545 1033 3613 φοϐοῦ.
1067 3548 1141 3601 Οὐ
1174 3549 1284 3619 γὰρ
1322 3552 1448 3621 είκῆ
1476 3553 1575 3625 τὴν
1613 3555 1893 3625 μάχαιραν

307 3632 485 3700 φορεῖ.
525 3631 662 3686 Θεοῦ
706 3635 814 3705 γὰρ
859 3637 1104 3704 διάκονός
1139 3642 1311 3709 ἐστιν,
1343 3643 1562 3708 ἔκδικος
1595 3645 1679 3708 είς
1722 3647 1862 3717 ὀργὴ

306 3721 389 3790 τῷ
424 3723 609 3790 κακῶς
637 3725 959 3796 πράσσοντι.
1849 3756 1853 3760 “

393 3817 735 3890 Ὑποτάγητε
769 3821 916 3895 πάσῃ
948 3825 1267 3901 ἀνθρωπῖνῃ
1303 3829 1478 3884 κτίσει
1518 3829 1608 3888 διὰ
1639 3834 1730 3888 τὸν
1775 3833 1897 3889 Κύ-

312 3927 451 3980 ριον,
478 3914 587 3966 εἴτε
629 3912 841 3984 βασιλεῖ
877 3916 953 3980 ὡς
997 3918 1343 3991 ὑπερέχοντι,
1375 3920 1486 3977 εἴτε
1515 3926 1784 3996 ἡγεμόσιν
1815 3926 1894 3990 ὡς

307 3998 381 4055 δι’
433 4002 599 4056 αὐτοῦ
655 4008 1028 4074 πεμπομένοις
1073 4014 1153 4073 εἰς
1213 4014 1493 4084 ἐκδίκησιν
1555 4019 1894 4088 κακοποιῶν,

308 4091 534 4148 ἔπαινον
563 4097 621 4149 δὲ
649 4097 1019 4165 ἀγαθοποιῶν.

387 4186 450 4238 Ei
478 4186 636 4258 δόξης
666 4190 976 4261 ἐπιθυμεῖς,
1010 4194 1106 4248 καὶ
1132 4193 1313 4262 βούλει
1345 4198 1453 4252 τῶν
1485 4200 1701 4256 πολλῶν
1729 4203 1898 4274 ὑπερ-

310 4278 624 4346 φαίνεσθαι,
649 4284 735 4335 καὶ
763 4286 1052 4355 εὐδόκιμος
1075 4289 1134 4341 ἐν
1157 4292 1270 4353 τοῖς
1296 4295 1581 4359 κοσμικοῖς
1604 4295 1895 4364 πράγμασι

308 4371 582 4443 γίνεσθαι,
625 4373 717 4429 ἔσο
745 4375 976 4441 δίκαιος,
1013 4377 1269 4450 σώφρων,
1304 4382 1594 4453 φρόνιμος,
1619 4386 1889 4456 ἀνδρεῖος,

309 4465 716 4534 ὕπομονητικὸς
752 4470 812 4522 ἐν
841 4473 954 4536 τοῖς
1018 4472 1161 4543 ὑπὲρ
1204 4474 1491 4539 εὐσεϐείας
1538 4479 1884 4546 παθήμασιν,

307 4557 471 4613 Οῦτω
514 4562 623 4631 γάρ
673 4562 767 4615 καὶ
813 4564 1040 4620 σεαυτὸν
1101 4564 1322 4634 σώσεις,
1357 4569 1454 4622 καὶ
1499 4569 1595 4623 ἐπὶ
1639 4569 1891 4642 μείζοσιν

306 4652 536 4720 ἀγαθοῖς
577 4654 801 4725 μείζονα
828 4654 973 4722 ἔξεις
1002 4657 1101 4730 τὴν
1129 4660 1515 4731 περιφάνειαν.

386 4833 604 4887 Ἔναντι
656 4834 874 4888 πάντων
925 4833 1203 4904 εἰσένεγκε
1247 4834 1347 4909 τὴν
1391 4831 1892 4914 φιλανθρωπίαν,ᾗ

306 4927 492 5001 χαίρει
524 4926 657 4989 Θεὸς
700 4926 900 4994 μᾶλλον
931 4925 964 4997 ἥ
1002 4928 1137 4981 πᾶσι
1168 4929 1281 4991 τοῖς
1312 4927 1517 4992 ἄλλοις.

378 5106 551 5171 Μὶξον
612 5105 690 5177 τῷ
737 5104 888 5177 φόϐῳ
953 5106 1053 5176 τὴν
1118 5105 1461 5173 ἐπιείκειαν,
1525 5106 1760 5176 κέρασον
1825 5109 1892 5177 τῇ

301 5199 504 5270 ἀπειλῇ
529 5199 625 5269 τὴν
647 5198 859 5254 ἐλπίδα.
885 5199 1060 5253 Πολλὰ
1084 5201 1175 5253 καὶ
1206 5198 1557 5270 χρηστότητα
1588 5199 1895 5271 κατορθοῦν

300 5291 443 5351 οἶδα.

376 5388 451 5440 Τὸ
485 5385 778 5456 δραστικὸν
812 5386 1042 5448 δείκνυε,
1079 5385 1154 5455 μὴ
1187 5382 1266 5455 τῷ
1295 5385 1431 5457 δρᾷν
1458 5384 1671 5454 κακῶς,

377 5476 467 5546 Τῷ
494 5477 539 5530 δ’
570 5473 628 5531 εὗ
659 5495 712 5530 τι
750 5480 946 5541 ποιεῖν,
980 5478 1029 5530 εί
1061 5476 1233 5540 θέλεις
1260 5472 1403 5532 εἶναι
1436 5478 1578 5542 θεός.

377 5571 452 5625 Τὸ
470 5571 516 5627 δ’
535 5571 683 5625 ἐστὶν
710 5569 904 5642 ἀνδρὸς
925 5570 1129 5634 εἰδότος
1150 5569 1213 5624 τὸ
1244 5570 1534 5640 συγγενὲς,

376 5755 596 5811 Κτείνει
630 5756 760 5811 δέ...

895 5848 1101 5903 Asiae:
1142 5847 1297 5903 τινά.

2005 597 2131 641 eum
2175 584 2361 657 fugere
2398 588 2613 646 labores
2658 604 2689 646 e
2731 590 2933 660 quibus
2987 599 3288 646 nascuntur
3332 589 3591 643 honores.

2081 677 2320 749 Iosephi.
2351 679 2456 748 Qui
2495 683 2716 753 indigne
2750 700 2995 741 summos
3022 685 3260 740 honores
3289 690 3417 738 sunt
3442 698 3593 739 assc-

2004 772 2140 838 cuti,
2173 771 2238 827 iis
2272 782 2500 844 pareant
2535 776 2627 845 qui
2682 776 3002 831 tradiderint
3067 790 3289 832 necesse
3337 783 3444 832 est.

2453 889 2686 946 SERMO
2724 893 2766 946 v
2797 891 2894 963 [aL
2928 892 3089 964 CVI].

2393 983 2466 1037 De
2518 984 2840 1054 principibus
2894 985 3201 1039 moderatis.

2074 1066 2257 1123 Isa.v.
2310 1069 2460 1123 Dabo
2535 1070 2803 1137 principes
2854 1082 2978 1126 tuos
3024 1086 3146 1125 cum
3206 1070 3442 1138 iustitia,
3481 1085 3583 1127 nec

2003 1158 2235 1227 amplius
2270 1158 2323 1212 in
2362 1166 2504 1212 terra
2540 1167 2631 1211 tua
2680 1159 2933 1212 audietur
2957 1158 3245 1228 iujustitia,
3283 1175 3381 1215 nec
3448 1159 3586 1213 allii-

2000 1252 2133 1317 ctio,
2160 1267 2264 1306 nec
2310 1252 2530 1307 miseria
2559 1254 2613 1305 in
2654 1251 2851 1306 ﬁnibus
2881 1251 3013 1306 tuis.

2079 1342 2169 1397 III
2235 1343 2394 1401 Esdr.
2431 1360 2492 1399 ιι.
2531 1345 2642 1414 Ego
2699 1352 2752 1398 et
2781 1344 2976 1398 fratres
3008 1344 3112 1397 mei
3161 1359 3352 1413 panem
3389 1346 3586 1414 praefe-

2002 1444 2172 1492 cturae
2192 1452 2323 1492 meae
2351 1452 2456 1492 non
2485 1437 2700 1491 edimus
2729 1455 2743 1491 :
2774 1436 3127 1504 magistratus
3153 1446 3331 1491 autem
3356 1437 3588 1505 quiante

2002 1544 2091 1584 me
2125 1530 2346 1585 fuerunt
2384 1530 2567 1601 gravia
2610 1528 2832 1583 vincula
2904 1528 3211 1598 iniecerunt
3253 1528 3473 1598 populo,
3527 1537 3581 1582 et

2000 1636 2197 1692 panem
2221 1631 2274 1675 et
2304 1621 2485 1675 vinum
2511 1622 2581 1675 ab
2611 1636 2677 1676 co
2708 1629 3057 1689 acceperunt,
3085 1629 3139 1675 et
3166 1619 3232 1674 ad
3281 1633 3584 1673 extremum

2001 1713 2211 1785 argenti
2243 1714 2405 1769 siclos
2425 1714 2802 1784 quadraginta.
2836 1712 3164 1780 Recordare,
3196 1712 3362 1778 Deus,
3396 1727 3588 1767 eorum

1918 1823 1967 1884 Β
1995 1822 2116 1877 quze
2147 1807 2284 1861 bene
2314 1805 2413 1860 feci
2453 1805 2657 1875 popqu
2700 1806 2852 1861 huic.

2069 1895 2257 1950 Sirach
2316 1911 2461 1949 xxw.
2503 1895 2733 1964 Sapiens
2768 1895 2823 1949 in
2860 1894 3058 1964 populo
3085 1909 3185 1949 suo
3207 1894 3587 1949 auctoritatem

1995 1986 2216 2042 habebit
2249 1985 2672 2051 lmreditariam,
2698 1996 2752 2041 et
2790 2002 2989 2040 nomen
3022 1985 3140 2057 ejus
3170 1985 3313 2041 vivet
3366 1985 3421 2039 in
3482 2001 3590 2042 sre-

1996 2080 2207 2134 culum.

2064 2170 2272 2226 Civitas
2336 2169 2627 2240 prudentia
2689 2168 2809 2241 ejus
2849 2168 2940 2240 qui
2999 2176 3320 2237 potestatem
3372 2168 3587 2224 obtinet

1994 2276 2039 2316 te
2062 2262 2389 2323 liiicabitur.

2067 2355 2125 2409 in
2161 2356 2330 2425 gloria
2386 2365 2476 2409 tua
2519 2354 2640 2407 vide
2676 2369 2742 2408 ne
2787 2354 2884 2409 des
2934 2351 3381 2423 reprehensionis
3427 2367 3588 2409 occa-

1995 2448 2229 2511 sionem,
2265 2456 2319 2501 et
2349 2449 2402 2500 in
2434 2446 2524 2501 die
2554 2447 2739 2514 gloriae
2767 2462 2836 2501 ne
2892 2446 3195 2501 extollaris.

2067 2538 2218 2594 Eccl.
2247 2555 2338 2594 vn.
2374 2537 2493 2593 Noli
2520 2549 2703 2609 petere
2726 2555 2754 2592 a
2786 2538 3016 2594 Domino
3052 2535 3455 2608 praefecturam,
3484 2549 3588 2593 nec

1996 2647 2026 2687 a
2067 2646 2194 2698 rege
2227 2630 2540 2686 cathedram
2597 2629 2806 2701 gloriae.

2066 2723 2185 2779 Noti
2220 2725 2273 2777 in
2324 2720 2999 2777 multitudinemcivitatis
3048 2733 3303 2791 peccare,
3345 2732 3449 2774 nec
3490 2717 3590 2774 tei-

1999 2828 2154 2884 psum
2207 2813 2306 2866 dos
2355 2812 2407 2865 iu
2446 2810 2687 2865 turbam.

2069 2904 2184 2958 Noli
2218 2904 2332 2960 ﬁeri
2361 2904 2548 2973 jndex,
2581 2903 2625 2956 si
2662 2917 2768 2956 non
2834 2909 2991 2971 potes
3054 2899 3327 2970 expellere
3360 2898 3588 2967 injusti-

1999 2995 2265 3051 tiam:ne
2315 2996 2559 3049 verearis
2622 2994 2830 3048 vultum
2879 3000 3208 3063 poteStatem
3264 2991 3585 3053 ohtim-utis,

1998 3099 2051 3144 et
2108 3089 2555 3159 impedimentum
2604 3087 2805 3143 aderas
2832 3084 3145 3143 rectitudini
3179 3093 3233 3140 et
3287 3083 3588 3153 integritati

1924 3178 1965 3235 C
2001 3192 2127 3235 tum.

2068 3272 2220 3326 Rom.
2249 3289 2368 3326 xm.
2414 3270 2698 3342 Principes
2776 3288 2885 3327 non
2941 3282 3070 3329 sunt
3125 3275 3317 3330 terrori
3375 3276 3446 3332 iis
3493 3273 3588 3345 qui

2001 3363 2159 3427 bene,
2386 3363 2480 3416 sed
2513 3364 2606 3432 qui
2664 3363 2807 3417 male
2850 3363 3076 3419 faciunt.
3102 3363 3201 3419 Vis
3249 3380 3356 3418 non
3398 3366 3591 3420 timere

2001 3465 2323 3524 potestatem
2342 3456 2365 3508 ?
2384 3457 2525 3523 quod
2557 3458 2759 3509 bonum
2785 3465 2869 3510 cst
2893 3455 3078 3522 facito,
3098 3464 3153 3511 et
3173 3472 3236 3511 ex
3260 3458 3350 3511 illa
3370 3458 3588 3513 laudem

1998 3559 2356 3613 consequere.
2395 3545 2490 3599 Sin
2522 3556 2705 3599 autem
2733 3546 2878 3616 quod
2916 3548 3119 3601 malum
3148 3556 3233 3602 est
3270 3548 3486 3613 feceris,
3525 3549 3591 3603 ti-

1997 3643 2185 3700 meto;
2218 3650 2324 3688 nou
2374 3633 2519 3687 enim
2558 3633 2763 3688 frustra
2810 3634 3048 3703 gladium
3085 3636 3262 3705 gerit;
3304 3635 3397 3691 Dei
3442 3637 3589 3692 enim

1999 3725 2253 3780 minister
2279 3735 2385 3790 est,
2458 3725 2654 3780 vindex
2705 3741 2931 3782 severus
2975 3727 3374 3798 improborum.

2070 3817 2098 3871 1
2134 3817 2282 3872 Petr.
2325 3832 2364 3871 ι.
2390 3816 2634 3886 Subiecti
2667 3826 2844 3873 estote
2867 3819 3046 3874 cuivis
3109 3820 3365 3875 humana
3428 3834 3589 3876 creao

2001 3919 2137 3966 tum:
2166 3918 2385 3980 propter
2414 3909 2730 3975 Dominum,
2758 3910 2877 3966 sive
2908 3913 3020 3980 regi
3056 3921 3315 3983 tanquam
3362 3913 3591 3982 prmeel-

2001 4003 2154 4069 lenti,
2175 4005 2291 4058 sive
2331 4003 2601 4072 prml‘ectis
2631 4014 2892 4073 tanquam
2924 4021 3022 4076 per
3052 4006 3202 4061 illum
3278 4008 3461 4064 missis
3518 4008 3586 4066 ad

2000 4096 2266 4152 scelestos
2308 4095 2683 4161 ulciscendas,
2716 4107 2769 4152 et
2804 4098 3007 4166 probos
3041 4098 3206 4154 laude
3249 4099 3588 4157 adiciendos.

2080 4186 2140 4243 S.
2181 4186 2398 4242 Basilii.
2435 4187 2492 4242 Si
2527 4190 2736 4243 laudem
2773 4190 3145 4258 concupiscis,
3178 4190 3374 4260 visque
3421 4206 3589 4261 supra

2003 4279 2196 4348 vulgus
2227 4279 2492 4342 eminere,
2529 4287 2584 4332 et
2612 4294 2736 4333 cum
2770 4280 2940 4349 gloria
2963 4280 3018 4334 in
3044 4281 3333 4335 mumlauis
3355 4281 3589 4351 negotiis

2003 4373 2231 4439 versari,
2261 4373 2444 4444 justus
2475 4384 2616 4436 esto,
2675 4385 3013 4442 temperans,
3080 4376 3340 4443 prudens,
3403 4375 3586 4439 fortis.

2003 4468 2215 4537 patiens
2249 4467 2302 4520 in
2337 4463 2725 4520 aﬂlictiouibus
2777 4465 2999 4534 pietatis
3054 4479 3222 4520 causa
3293 4467 3583 4536 susceptis.

2005 4560 2097 4613 Sic
2116 4559 2260 4613 enim
2299 4565 2352 4612 et
2378 4557 2472 4611 tibi
2529 4557 2647 4626 ipse
2698 4557 2934 4612 salutem
2986 4557 3359 4626 consequeris,
3410 4573 3476 4613 ac
3530 4559 3584 4613 in

2005 4649 2304 4721 majoribus
2335 4648 2493 4705 bonis
2523 4649 2875 4704 illustriorem
2929 4647 3205 4704 obtinebis
3258 4647 3474 4704 laudem
3530 4659 3586 4704 et

1998 4739 2408 4797 excellentiam.

2074 4828 2341 4899 Theologi.
2364 4825 2421 4883 In
2451 4827 2697 4885 omnium
2735 4837 3032 4899 conspectu
3082 4827 3283 4885 adhibe
3334 4828 3587 4883 humani-

2000 4932 2188 4984 tatem,
2210 4936 2317 4991 qua
2350 4921 2493 4978 Deus
2508 4922 2680 4992 magis
2701 4935 2868 4991 quam
2891 4921 3123 4993 reliquis
3146 4921 3402 4977 omnibus
3423 4922 3587 4977 rebus

1996 5014 2319 5070 delectatur.

2066 5105 2425 5161 Clerurntiam
2457 5103 2650 5159 terrori
2678 5103 2927 5171 misceto,
2957 5106 3122 5162 minis
3170 5120 3319 5178 spem
3380 5115 3588 5175 tempe-

1984 5178 2139 5255 rato.
2173 5197 2337 5253 Multa
2361 5199 2525 5253 etiam
2547 5197 2688 5253 bona
2713 5197 2837 5254 inde
2869 5198 3003 5253 oriri
3029 5197 3171 5255 scio.

2067 5382 2238 5438 Tuam
2262 5382 2315 5437 in
2339 5381 2623 5439 eﬂiciendo
2652 5382 2759 5438 vim
2794 5382 3189 5448 demonstrato,
3215 5396 3322 5437 nou
3352 5382 3582 5451 malum,

2068 5473 2176 5529 Sed
2220 5473 2422 5528 bonum
2459 5473 2763 5539 elliciendo,
2795 5473 2840 5528 si
2875 5474 3033 5543 cupis
3065 5475 3200 5530 deus
3234 5470 3372 5531 ﬁeri.

2073 5565 2189 5622 lloc
2235 5576 2414 5622 autem
2473 5566 2577 5621 viri
2635 5576 2721 5621 est
2774 5574 3027 5621 naturam
3079 5565 3183 5622 sibi
3235 5569 3581 5638 t-ongenitam

3182 5659 3507 5732 [nascentia

2073 5749 2293 5811 Occidit
2325 5763 2626 5811 autem.....

2563 5843 2716 5899 Deest
2766 5842 3021 5898 nonnihil.
