4056 6450
392 388 532 458 1οἯ

1246 392 1417 455 LOCl
1449 391 1888 457 COMMUNES.
1919 415 1992 429 -·
2031 391 2230 454 PARS
2257 391 2340 452 ΙΙ.
2375 388 2634 453 SEBMO
2673 393 2800 453 VII.

3508 383 3646 449 1034

453 511 574 564 Τῶν
602 511 896 567 πολιτικῶν
925 515 1020 569 ἐὰν
1044 516 1140 580 τᾶς
1178 515 1313 581 ora;
1342 515 1569 588 ἀφέλῃς,
1594 514 1751 570 κενὸν
1790 514 1959 579 τάφον
1989 504 2034 561 Δ

2137 511 2193 566 Si
2227 511 2355 567 viris
2383 510 2774 580 rempublicam
2827 504 3346 563 administrantibus
3371 506 3635 559 materias

381 605 655 674 εὑρήσεις,
686 605 810 659 νοῦν
844 607 945 662 ούκ
984 608 1195 679 ἔχοντα-

456 784 627 838 ’Ὅταν
699 787 884 858 ἄρχων
959 791 1182 862 ἀπογνῷ
1247 791 1308 845 τὸ
1368 788 1629 847 δύνασθαι
1691 797 1959 862 κρατεῖν,

384 879 597 945 ἀνάγκη
647 881 773 941 τοὺς
823 880 1101 951 ὑπηκόους
1138 885 1299 949 εὐθὺς
1345 887 1692 955 άφηνιάζειν,
1731 886 1826 939 καὶ
1858 889 1963 955 μά-

2062 611 2115 658 et
2141 614 2438 673 apparatus
2488 602 2777 666 detrahas,
2831 602 2991 654 inane
3043 596 3354 669 sepulcrum
3412 595 3654 666 reperies

2065 706 2249 751 mente
2282 711 2502 751 carens.

2134 791 2189 845 Si
2220 790 2571 861 magistratus
2619 790 2911 857 desperant
2954 800 3013 841 se
3064 783 3352 854 imperium
3412 780 3657 837 retinere

2065 902 2248 957 posse,
2292 887 2569 955 subjectos
2605 883 2787 939 statim
2847 882 3112 937 rebellare
3166 890 3391 935 necesse
3448 884 3553 937 est,
3588 888 3652 929 ac

383 973 540 1026 λιστα
581 975 705 1037 τοὺς
735 976 799 1028 ὲκ
829 977 1039 1044 μικρῶν
1069 980 1159 1032 καὶ
1203 979 1311 1032 τῶν
1350 981 1625 1050 τυχόντων
1650 980 1965 1049 πεφυκότας

2088 994 2162 1035 :os
2207 978 2298 1047 qui
2329 994 2397 1031 ex
2467 976 2723 1032 tenuibus
2771 982 2823 1029 ct
2860 973 3175 1041 vulgaribus
3222 968 3472 1041 prognati
3528 973 3660 1024 sunt

386 1065 820 1136 ἀνερεθίζεσθαι.

1003 1186 1217 1242 ΛΟΓΟΣ
1274 1187 1346 1242 Z'.

388 1296 524 1372 "api
556 1298 859 1372 δικαστῶν
881 1301 1253 1365 ἀδεκάστων,
1288 1303 1387 1356 καὶ
1418 1306 1680 1371 καθαρὰς
1705 1304 1972 1372 ἑχόντων

456 1369 561 1432 τὰς
602 1367 827 1437 χεῖρας.
862 1372 958 1424 καὶ
1011 1374 1191 1436 κρίμα
1232 1373 1334 1427 καὶ
1401 1367 1801 1439 δικηιὸσῦνῆν
1836 1392 1966 1428 ποια

457 1440 692 1513 οὐκτων
709 1440 864 1513 δοιαὶ,
884 1441 971 1494 ὅτι
1001 1442 1337 1511 εὐάρεστον
1368 1442 1448 1510 τῷ
1465 1443 1586 1509 Θεῷ
1609 1445 1844 1513 εὐθείας
1866 1447 1974 1510 τὰς

459 1508 690 1577 κρίσεις
718 1510 1015 1580 ἐκφέρειν.

471 1623 676 1679 Ἀθῶον
696 1627 785 1678 καὶ
812 1626 1020 1681 δίκαιον
1048 1629 1148 1681 οὐκ
1177 1632 1520 1699 ἀποκτενεῖς,
1547 1632 1644 1687 καλ⁸
1668 1632 1729 1686 ού
1753 1632 1979 1688 δικαιώ-

391 1732 506 1779 σεις
534 1718 627 1771 τὸν
658 1718 829 1788 ἀσεϐῆ
866 1720 1055 1775 ἕνεκεν
1084 1721 1296 1796 δώρων,

462 1893 622 1965 Δῶρα
651 1893 711 1947 ού
734 1894 916 1965 λήψει.
948 1897 1028 1951 Τά
1055 1899 1164 1969 γὰρ
1194 1899 1343 1972 δῶρα
1370 1902 1631 1972 ἑκτύφλοτ
1657 1903 1971 1975 ὀφθαλμοὺς

391 1986 722 2057 βλεπόντων,
759 1987 854 2040 καὶ
885 1987 1209 2057 λυμαίνεται
1238 1994 1462 2064 ῥήματα
1495 1993 1701 2049 δίκαια.

465 2076 681 2148 Πένητα
706 2078 809 2132 οὐκ
839 2079 1082 2152 ὲλεήσεις
1115 2081 1173 2135 ὲν
1200 2084 1404 2151 κρίσει.

462 2168 539 2223 Ού
571 2169 917 2240 διαστρέψεις
945 2173 1120 2241 κρίμα
1145 2174 1378 2246 πένητος
1405 2176 1465 2230 ὲν
1497 2154 1678 2250 κρίσει
1709 2178 1900 2235 αὐτοῦ.

462 2353 536 2406 Ού
570 2354 823 2425 ποιήσεις
855 2355 1039 2411 ἄδικον
1069 2358 1127 2411 ἐν
1155 2359 1357 2429 κρίσει,
1389 2359 1451 2413 ού
1500 2359 1646 2431 λήψῃ
1679 2358 1975 2430 πρόσωπον

396 2445 634 2517 πτωχοῦ,
669 2446 790 2502 οὐδὲ
823 2447 899 2519 μὴ
930 2449 1221 2522 θαυμάσῃς
1251 2451 1546 2521 πρόσωπον
1573 2450 1859 2507 δυνάστου.
1884 2448 1977 2505 Ἐν

395 2538 712 2614 δικαιοσύνῃ
755 2542 963 2613 κρινεῖς
996 2543 1088 2597 τὸν
1130 2543 1360 2615 πλησίον
1394 2561 1517 2600 σου.

466 2720 541 2776 Ού
582 2718 744 2790 λήψει
792 2720 964 2792 λύτρα
995 2721 1136 2793 ὑπὲρ
1165 2722 1266 2792 τῆς
1302 2722 1489 2794 ’ψυχῆς
1530 2723 1624 2778 τοῦ
1675 2723 1976 2792 φονεύσαν-

396 2832 510 2877 τος,
542 2814 637 2868 τοῦ
680 2815 866 2885 ἐνόχου
914 2815 1068 2879 ὗντος
1116 2815 1499 2887 ἀναιρεθῆναι,
1536 2816 1754 2885 θανάτῳ
1809 2813 1976 2869 θανα-

394 2907 534 2961 τώσε
544 2925 593 2971 ις
623 2907 806 2964 αὐτόν.

470 3000 587 3055 Οὐκ
633 3001 916 3074 ὲπιγνὼσῃ
961 3002 1256 3071 πρόσωπον
1309 3002 1369 3054 ὲν
1429 3001 1632 3072 κρίσει.
1671 3001 1830 3056 Κατὰ
1885 3000 1978 3055 τὸν

400 3093 598 3164 μικρὸν
647 3093 742 3147 καὶ
793 3094 934 3148 κατὰ
986 3094 1079 3147 τὸν
1133 3096 1307 3162 μέγαν
1339 3099 1567 3167 κρινεῖς.
1601 3097 1678 3150 Οὐ
1740 3096 1815 3168 μὴ
1846 3096 1979 3149 ύπο-

1992 1072 1995 1075 ’
2069 1072 2305 1126 maxime
2333 1070 2557 1127 irritari.

2515 1186 2744 1243 SERMO
2782 1185 2872 1240 vn
2899 1181 3225 1257 [al.CVlll].

2079 1311 2151 1365 De
2179 1308 2453 1379 judicibﬁua
2486 1304 2811 1379 incorruptis
2838 1311 2887 1356 et
2924 1314 3084 1379 puras
3109 1297 3417 1379 habentibus
3448 1309 3658 1379 man'ru,

2146 1365 2337 1448 quique
2367 1365 2935 1448 justitiaimAeEcercent.
2980 1369 3049 1423 Et
3099 1378 3366 1438 acceptum
3407 1382 3519 1421 esse
3548 1365 3657 1420 Deo

2146 1441 2281 1505 recte
2306 1441 2521 1516 vereque
2560 1441 2770 1518 judicia
2793 1457 3054 1497 exercere.

2149 1628 2326 1684 Exod.
2360 1645 2515 1685 χχιιι.
2551 1625 2902 1682 lnnocentem
2942 1632 2999 1678 et
3026 1622 3234 1691 justum
3272 1632 3382 1674 non
3422 1614 3665 1680 occides,

2081 1736 2180 1778 nec
2216 1732 2276 1775 ιιι
2331 1720 2534 1788 iustum
2583 1717 2833 1775 absolves
2868 1716 3098 1786 impium
3158 1713 3229 1768 ob
3283 1722 3515 1764 munera
3567 1721 3665 1761 ac-

2004 1840 2050 1897 Β
2081 1822 2260 1881 cepta.

2149 1904 2374 1961 Munera
2411 1916 2478 1957 ne
2508 1899 2766 1972 accipito,
2804 1898 2933 1969 quia
2963 1911 3190 1952 munera
3220 1899 3500 1950 excaecant
3530 1905 3663 1948 ocu-

2077 1998 2164 2053 los
2197 1993 2583 2066 aspicientium
2611 2000 2666 2048 et
2692 1990 2854 2046 verba
2881 1989 3027 2059 iusta
3053 1982 3409 2042 labefactant.

2148 2087 2411 2158 Pauperis
2436 2087 2487 2140 in
2514 2084 2726 2154 judicio
2756 2096 2825 2139 ne
2860 2083 3167 2138 miseretor.
3234 2148 3253 2157 Ὦ

2147 2180 2423 2236 Judicium
2472 2177 2726 2248 pauperis
2775 2178 2831 2231 in
2887 2174 3058 2244 ipsius
3124 2187 3293 2230 causa
3343 2187 3411 2229 ne
3442 2186 3665 2246 perver-

2079 2274 2202 2329 tito.

2149 2364 2317 2421 Lavit.
2351 2378 2470 2417 xu.
2517 2360 2669 2416 Nihil-
2700 2368 2892 2416 contra
2927 2357 3019 2428 jus
3075 2358 3131 2413 in
3178 2356 3390 2428 judicio
3449 2356 3613 2413 facito
3646 2376 3662 2409 :

2078 2457 2337 2529 pauperis
2368 2468 2619 2526 personas
2642 2452 2914 2508 rationem
2960 2465 3066 2507 non
3100 2449 3323 2519 habeto,
3364 2464 3467 2506 nec
3496 2451 3664 2504 mira-

2079 2558 2164 2604 tor
2192 2562 2483 2618 personam
2506 2545 2776 2611 potentis;
2808 2559 2871 2600 ex
2899 2543 3023 2614 jure
3057 2556 3280 2598 causam
3311 2541 3547 2611 proximi
3578 2540 3665 2611 ju-

2079 2644 2280 2699 dicato.
2312 2626 2315 2629 ’
3050 2696 3053 2698 ,

2150 2734 2393 2789 Pretium
2448 2747 2517 2786 ne
2563 2720 2795 2801 accipito
2823 2728 2895 2785 ob
2945 2729 3319 2784 redimendum
3350 2726 3512 2801 1“
3539 2742 3663 2783 eum

2078 2828 2172 2898 qui
2210 2828 2406 2883 caedem
2435 2823 2642 2879 fecerit.
2696 2825 2753 2878 Si
2803 2823 3083 2878 convictus
3120 2823 3283 2878 fuerit
3326 2821 3525 2891 dignus
3568 2823 3666 2891 qui

2080 2917 2304 2974 tollatur
2325 2916 2393 2971 de
2426 2914 2629 2981 medio,
2663 2928 2786 2970 eum
2816 2921 2873 2967 tu
2907 2913 3100 2969 mortis
3125 2912 3390 2983 supplicio
3435 2910 3663 2968 adicito.

2152 3010 2310 3065 Deut.
2353 3024 2500 3064 xxiv.
2540 3004 2657 3063 Non
2706 3020 2968 3077 agnosces
3006 3019 3293 3074 personam
3337 3005 3390 3058 in
3432 3005 3663 3075 judicio,

2083 3111 2197 3160 tum
2223 3117 2392 3175 parvo
2424 3110 2537 3156 tum
2570 3114 2767 3170 magno
2795 3098 3079 3169 aequaliter
3111 3097 3382 3169 judicium
3412 3098 3610 3155 reddes
3636 3116 3652 3165 ;

400 3186 587 3257 στείλῃ
642 3186 936 3257 πρόσωπον
1001 3185 1324 3257 ἀνθρώπου,
1391 3189 1477 3241 ὅτι
1540 3189 1572 3259 ἡ
1637 3189 1819 3258 κρίσις
1883 3170 2049 3243 τοῦθ

2088 3211 2194 3254 non
2225 3170 2518 3252 vvereberis‘
2557 3207 2620 3249 os
2673 3193 2995 3262 cujusquam
3023 3228 3039 3255 ,
3080 3191 3209 3261 quia
3259 3189 3526 3259 judicium
3562 3190 3667 3248 Dei

397 3278 537 3332 Θεοῦ
570 3281 738 3335 ἐστιν.

478 3375 592 3427 Οὐκ
621 3373 890 3438 ὲκκλινεῖς
916 3374 1097 3445 κρίσιν
1123 3374 1467 3446 προσηλύτου
1495 3375 1590 3428 καὶ
1626 3373 1867 3445 ὀρφανοῦ
1888 3374 1983 3428 καὶ

401 3471 599 3541 χήρας.
630 3468 722 3523 καὶ
751 3469 852 3522 οὐκ
881 3468 1259 3538 ὲνεχυριάσεις
1293 3468 1512 3538 ἱμάτιον
1542 3469 1741 3539 χήρας.

475 3583 833 3653 Δικαιοσύνην
882 3581 1232 3648 ἐνεδεδύκειν,
1274 3581 1643 3653 ἠμφιασάμην
1687 3582 1743 3635 δὲ
1786 3583 1979 3654 κρίμα,

404 3680 495 3734 ἶσα
526 3678 737 3733 διπλοῐδ
744 3695 780 3731 ι.

475 3767 733 3839 Καθαρὸς
776 3767 966 3836 χερσὶν
1022 3761 1288 3818 ἀναλάϐοι
1329 3762 1531 3834 θάρσος
1559 3779 1598 3829 '_
1631 3761 1833 3817 ἀδίκων
1881 3762 1988 3817 καὶ

406 3860 626 3930 ἀνόμων
656 3855 1041 3926 καταγελάσει.

482 3970 806 4042 ’Ἄνθρωπον
840 3968 900 4022 οὐ
947 3967 1023 4037 μὴ
1053 3966 1329 4037 αἱσχυνθῶ
1354 3979 1367 3995 ·
1399 3963 1538 4018 ἀλλὰ
1584 3964 1690 4035 μὴν
1711 3963 1834 4017 οὐδὲ
1866 3963 1991 4033 βρο-

411 4063 503 4116 τον
550 4062 611 4115 οὐ
665 4054 740 4131 μὴ
780 4058 1057 4130 ὲντραπῶ.
1099 4056 1175 4110 Ού
1220 4057 1328 4126 γὰρ
1359 4057 1659 4124 ἐπίσταμαι
1709 4053 1989 4123 θαυμάσαι

414 4157 705 4226 πρόσωπον
726 4169 741 4185 ο
769 4154 817 4205 εἰ
845 4151 902 4204 δὲ
934 4150 1031 4220 μὴ,
1061 4150 1154 4202 καὶ
1187 4148 1287 4218 ἐμὲ
1317 4147 1480 4217 σῆτες
1510 4146 1741 4200 ἔδονται.

483 4247 643 4316 Δῶρα
675 4244 763 4298 ἐπ’
799 4242 996 4305 ἀθώοις
1023 4242 1124 4294 οὐκ
1152 4239 1366 4294 ἔλαϐον.
1404 4237 1463 4292 Ὀ
1513 4238 1686 4292 ποιῶν
1728 4238 1902 4292 ταῦτα
1930 4239 1989 4291 ού

414 4339 809 4408 σαλευθήσεται
832 4337 915 4398 εἰς
940 4334 1033 4387 τὸν
1063 4331 1262 4387 αἰῶνα.

486 4426 762 4496 Μακάριοι
818 4426 867 4479 oi
918 4424 1283 4495 φυλάσσοντες
1329 4423 1535 4495 κρίσιν,
1565 4424 1661 4478 καὶ
1709 4420 1994 4485 ποιοῦντες

413 4520 760 4591 δικαιοσύνην
787 4520 844 4573 ἐν
875 4520 1039 4572 παντὶ
1076 4516 1277 4589 καιρῷ.

488 4637 709 4705 Ἀνοιγε
754 4635 847 4688 σὸν
900 4633 1073 4704 στόμα
1104 4632 1249 4704 λόγῳ
1281 4631 1440 4695 Θεοῦ,
1474 4631 1568 4684 καὶ
1606 4629 1759 4700 κρίνε
1810 4631 1990 4684 πάντα

416 4728 606 4798 ὑγιῶς.
641 4729 859 4796 Ἀνοιγε
890 4726 981 4780 σὸν
1015 4724 1212 4795 στόμα,
1234 4725 1329 4778 καὶ
1359 4723 1511 4792 κρίνε
1536 4722 1712 4776 πάντα
1742 4720 1990 4783 δικαίως.

490 4904 812 4978 Εύφροσύνη
842 4903 1068 4958 δικαίων
1104 4903 1277 4956 ποιεῖν
1307 4901 1570 4971 κρίματα.

487 5018 689 5088 Κτῆμα
713 5016 895 5087 τίμιον
925 5015 1069 5086 ἀνὴρ
1098 5014 1358 5084 καθαρός.

488 5108 764 5164 Αἱδεϊσθαι
794 5106 1085 5178 πρόσωπον
1107 5106 1165 5160 ἐν
1189 5109 1371 5161 κοίσει
1400 5107 1461 5160 οὐ
1493 5104 1680 5163 καλόν.

491 5307 629 5363 Eius
676 5307 880 5379 Κύριος
929 5308 1069 5378 πρὸς
1136 5303 1390 5373 Σολομῶν
1431 5320 1445 5336 ·
1497 5304 1640 5360 Ἀνθ’
1688 5300 1763 5361 ὧν
1808 5305 1998 5377 ᾐτήσω

419 5400 548 5469 παρ’
594 5400 727 5469 ἐμοῦ
779 5399 841 5452 τὸ
893 5399 1043 5469 ῥῆμα
1087 5395 1269 5459 τοῦτο,
1306 5396 1401 5449 καὶ
1443 5395 1542 5448 οὐκ
1587 5396 1775 5467 ᾐτήσω
1825 5395 2000 5465 ἐαυτῷ

420 5490 630 5558 ἡμέρας
657 5487 878 5550 πολλὰς,
906 5488 997 5538 καὶ
1027 5486 1126 5539 οὐκ
1164 5486 1352 5555 ᾐτήσω
1383 5485 1631 5549 πλοῦτον,
1669 5485 1792 5539 οὐδὲ
1820 5485 1999 5555 ψυχὰς

421 5581 628 5652 ἐχθρῶν
693 5597 809 5647 σου,
855 5579 972 5634 ἀλλ’
1028 5577 1215 5647 ῂτήσω
1272 5576 1490 5629 σύνεσιν
1546 5577 1638 5631 τοῦ
1695 5579 1999 5631 εἰσακούειν

422 5673 617 5743 κρίμα,
688 5674 797 5725 ἰδοὺ
870 5670 1081 5724 δέδωκά
1140 5686 1220 5721 σοι
1292 5667 1521 5736 καρδίαν
1565 5667 1840 5737 φρονίμην
1906 5668 2001 5721 καὶ

426 5765 649 5832 συνετὴν
671 5779 688 5794 ο
716 5763 790 5827 ὼς
822 5764 905 5828 σὺ,
930 5762 991 5815 ού
1017 5760 1236 5829 γέγονεν
1264 5760 1572 5829 ἔμπροσθέν
1600 5776 1716 5811 σου.
1741 5760 1834 5813 καὶ
1862 5761 2001 5829 μετά

425 5858 483 5911 σε
514 5858 612 5911 οὐκ
646 5858 1011 5927 ἀναστήσεται
1029 5852 1210 5925 ὅμοιός
1252 5869 1359 5906 σοι.

786 5955 1059 6014 ΡΑτιιοι..
1097 5949 1216 6013 Gn.
1257 5947 1568 6033 ςΧΧΧνι.

2084 3297 2192 3345 est.

2156 3379 2276 3434 Non
2311 3378 2529 3449 rejicies
2560 3392 2781 3434 causam
2829 3380 3071 3446 advenae,
3115 3395 3216 3435 nec
3241 3377 3430 3449 pupilli
3460 3390 3559 3433 nec
3586 3375 3669 3430 vi-

2085 3474 2205 3529 duae
2227 3493 2240 3538 ;
2266 3488 2366 3529 nec
2391 3474 2605 3545 pignori
2636 3474 2873 3544 accipies
2903 3472 3082 3529 vidua:
3108 3482 3339 3530 vestem.

2155 3582 2256 3636 Job
2290 3598 2442 3637 xxix.
2497 3582 2716 3639 Justitia
2765 3600 2851 3641 me
2886 3584 3200 3650 induebam,
3230 3591 3284 3641 et
3316 3582 3519 3655 iudicio
3546 3588 3671 3637 ute-

2089 3676 2187 3730 bar
2227 3684 2487 3743 tanquam
2520 3675 2781 3746 dipioide.

2159 3764 2259 3833 Qui
2300 3754 2555 3823 manibus
2583 3778 2669 3824 est
2710 3769 2863 3837 puris
2916 3768 3171 3825 ﬁduciam
3206 3769 3395 3836 sumit,
3429 3767 3668 3837 iniustos

2088 3868 2144 3912 et
2176 3858 2394 3928 iniquos
2422 3860 2695 3916 deridens.

2159 3969 2256 4024 Job
2283 3986 2459 4026 xxxn.
2512 3971 2710 4027 Coram
2756 3972 2982 4028 homine
3030 3988 3141 4029 non
3177 3972 3382 4029 alliciar
3434 3971 3669 4043 pudore,

2093 4073 2267 4129 neque
2298 4061 2522 4117 verebor
2556 4062 2865 4118 mortalem.
2898 4062 3021 4119 Non
3052 4064 3197 4118 enim
3235 4063 3360 4119 novi
3410 4063 3674 4119 admirari

2092 4168 2419 4225 personam;
2449 4155 2494 4210 si
2526 4167 2706 4210 autem
2760 4171 2889 4224 non,
2940 4170 3109 4213 etme
3150 4159 3313 4214 tineas
3363 4157 3673 4223 comedent,

2154 4240 2305 4296 Paul.
2342 4258 2449 4295 xiv.
2483 4243 2705 4298 Munera
2753 4244 3015 4302 adversus
3060 4248 3379 4304 innocentes
3420 4262 3529 4302 non
3567 4261 3663 4302 ac-

2095 4336 2212 4404 cepi
2241 4350 2255 4387 :
2282 4334 2375 4403 qui
2431 4332 2560 4389 facit
2595 4334 2709 4388 haec
2754 4350 2861 4389 non
2905 4334 3245 4389 concutietur
3292 4335 3347 4388 in
3384 4335 3673 4390 sarculum.

2166 4426 2313 4483 Beati
2340 4427 2431 4497 qui
2455 4426 2746 4482 observant
2772 4426 3063 4495 justitiam,
3096 4434 3150 4481 et
3185 4426 3379 4495 quovis
3416 4433 3673 4496 tempore

2024 4521 2071 4579 D
2100 4537 2218 4577 eam
2247 4528 2525 4575 exercent.

2175 4631 2452 4687 Salomon.
2508 4630 2670 4701 Aperi
2704 4645 2766 4686 os
2803 4641 2954 4686 tuum
3007 4626 3220 4687 Domini
3278 4631 3465 4697 verbo,
3518 4630 3670 4687 etde

2097 4724 2554 4793 omnibusjudica
2589 4725 2793 4794 integre
2818 4740 2832 4777 :
2857 4724 3002 4793 aperi
3026 4738 3087 4780 os
3115 4731 3290 4790 tuum,
3311 4731 3366 4778 et
3391 4723 3459 4779 de
3495 4724 3677 4779 omni-

2098 4819 2203 4872 bus
2237 4817 2381 4886 jusle
2418 4816 2622 4886 judica.

2168 4906 2376 4961 Lmtitia
2396 4905 2669 4974 iustorum
2693 4914 2774 4961 est
2799 4920 2921 4961 cum
2949 4905 3160 4975 judicia
3197 4905 3450 4962 reddunt.

2173 5019 2390 5090 Regum.
2428 5017 2536 5075 Res
2567 5019 2750 5088 magni
2781 5018 2940 5089 pretii
2974 5018 3061 5073 vir
3084 5033 3278 5088 purus.

2169 5110 2430 5167 Revereri
2466 5125 2752 5179 personam
2781 5108 3107 5181 cujusquam
3141 5111 3198 5165 in
3229 5109 3463 5181 judicio,
3500 5113 3675 5170 hone-

2099 5215 2242 5262 stum
2275 5221 2385 5261 non
2416 5214 2523 5261 65L

2170 5298 2446 5355 Salomoni
2510 5298 2819 5366 Dominus,
2870 5299 3045 5368 Quia,
3102 5300 3305 5372 inquit,
3357 5313 3388 5355 a
3444 5313 3531 5355 me
3568 5297 3676 5356 hoc

2099 5391 2327 5461 petiisti,
2359 5404 2463 5445 nec
2498 5389 2699 5447 multos
2727 5405 2900 5447 annos
2927 5392 3049 5446 dari
3082 5391 3180 5447 tibi
3216 5391 3533 5463 postulasti,
3569 5406 3674 5447 nec

2098 5482 2455 5553 opulentiam,
2497 5497 2600 5539 nec
2628 5483 2867 5539 hostium
2896 5490 3118 5539 tuorum
3155 5484 3357 5555 capita,
3389 5483 3483 5540 sed
3510 5482 3677 5540 intel-

2099 5576 2375 5647 ligentiam
2404 5584 2457 5631 et
2492 5576 2848 5646 sagacitatem
2900 5576 2967 5632 ad
3026 5577 3411 5647 dijudicandas
3441 5591 3668 5645 causas,

2099 5684 2166 5723 en
2200 5668 2271 5722 do
2302 5668 2401 5722 tibi
2431 5682 2526 5723 cor
2558 5666 2798 5737 prudens
2824 5674 2878 5723 et
2908 5682 3098 5738 sagax,
3133 5675 3190 5724 et
3232 5674 3292 5722 ut
3333 5666 3514 5722 nullus
3542 5671 3673 5721 ante

2098 5772 2150 5818 te
2188 5761 2352 5816 fuerit
2399 5761 2579 5832 qualis
2604 5769 2686 5829 tu,
2733 5774 2834 5817 nec
2882 5771 3006 5832 post
3033 5768 3086 5818 te
3116 5760 3350 5817 exsistet
3379 5758 3669 5831 quisquam

2100 5857 2176 5913 tui
2204 5853 2416 5911 similis.

3279 5946 3354 6009 33
