4056 6406
459 352 597 417 1035
1753 340 2072 404 ΔΝΤΟΝΙΙ
2106 341 2453 405 ΜΕΙᾸΞΞᾸΞ
3582 342 3709 401 1036

527 460 694 531 Soph.
727 473 791 516 tt.
819 459 1091 515 iudicium
1109 466 1358 514 exercete
1383 467 1436 512 et
1453 456 1722 527 justitiam
1755 457 1983 527 quaerite
2014 470 2025 524 ;

2210 462 2402 532 Κρίμα
2459 457 2784 530 ὲργάσασθε,
2852 455 2947 511 καὶ
3006 455 3278 526 ζητήσατε
3339 452 3703 522 δικαιοσύνην,

457 554 681 624 quaerite
714 552 1212 618 mansuetudinem,
1238 559 1296 606 ut
1333 551 1386 605 in
1415 550 1504 607 die
1562 552 1655 606 irae
1719 550 1934 606 Domini
1976 550 2033 604 in

467 655 588 699 tuto
627 645 773 700 silis.

535 735 699 789 Zach.
732 749 827 789 vn.
859 731 1133 788 Judicium
1165 731 1374 801 justum
1403 738 1676 786 exercete.

521 827 720 882 .lerem.
751 841 886 881 uti.
924 824 1049 880 llaec
1071 824 1200 880 dicit
1226 823 1524 877 Dominus:
1563 819 1746 876 Facite
1769 818 2032 890 judicium

453 929 507 974 et
540 920 829 989 justitiam,
869 927 925 974 et
961 917 1152 986 eripite
1197 916 1489 985 spoliatum
1531 913 1598 967 de
1632 927 1792 966 manu
1835 911 2033 982 injuria

455 1011 738 1066 allicientis
777 1010 966 1075 illum;
998 1016 1052 1062 et
1080 1010 1366 1069 advenam,
1416 1006 1634 1060 viduam
1669 1014 1724 1059 et
1771 1003 2032 1074 pupillum

454 1118 522 1158 ne
553 1101 898 1171 opprimatis,
927 1100 1063 1154 nihil
1099 1098 1261 1169 impie
1295 1099 1490 1168 agatis,
1522 1109 1574 1152 et
1598 1099 1916 1166 sanguinem
1951 1097 2036 1148 in-

456 1194 679 1247 noxium
708 1208 777 1246 ne
814 1191 1177 1262 profundatis.

523 1284 651 1342 Haec
675 1286 809 1343 dicit
833 1284 1136 1343 Dominus:
1171 1281 1554 1352 Judiciajusta
1589 1279 2033 1349 exercete,justi-

453 1379 525 1432 tia
557 1377 796 1433 utimini.
832 1376 1034 1432 Beatus
1075 1375 1168 1445 qui
1203 1375 1322 1429 haec
1359 1373 1492 1442 agit,
1525 1371 1610 1425 his
1639 1370 1947 1436 adhzerens,
1979 1376 2034 1423 et

453 1485 649 1527 manus
679 1483 810 1527 suas
841 1466 1128 1524 abstinens
1161 1467 1228 1521 ab
1257 1465 1455 1536 injuria
1479 1461 1743 1519 facienda.

522 1643 637 1701 Isa.
672 1660 713 1700 ι.
764 1643 1045 1716 Exquirite
1091 1641 1292 1713 judicia
1322 1684 1337 1710 ,
1385 1641 1613 1698 liberate
1648 1609 1846 1708 injuria
1898 1636 2032 1694 aﬂ’ec

449 1746 626 1800 ctum,
673 1737 943 1808 judicium
1002 1734 1210 1790 reddite
1266 1733 1492 1804 pupillo,
1526 1732 1744 1787 viduam
1788 1729 2030 1786 absolvi-

329 1867 336 1874 .
448 1838 582 1895 tote,
611 1838 666 1884 et
689 1829 869 1883 venito
897 1834 954 1882 et
983 1826 1380 1897 disceptemus,
1410 1825 1590 1896 inquit
1623 1824 1911 1878 Domiuus.

520 1919 718 1974 Jerem.
750 1933 864 1974 ut.
899 1916 1025 1974 Haec
1053 1918 1189 1972 dicit
1218 1917 1525 1972 Dominus:
1559 1914 1808 1972 Judicate
1846 1930 2026 1979 mane,

448 2020 504 2067 et
535 2021 687 2068 recta
715 2011 929 2066 ratione
957 2009 1208 2080 dirigite:
1233 2008 1424 2078 eripite
1471 2007 1764 2078 spoliatum
1785 2017 1838 2061 et
1863 2020 2028 2060 vexa-

448 2112 564 2158 tum
605 2104 670 2159 de
689 2117 854 2158 manu
899 2103 1075 2174 ipsum
1109 2099 1310 2168 injuria
1343 2097 1654 2163 aliieientis,
1683 2110 1751 2152 ne
1785 2097 1865 2151 ira
1907 2109 2028 2150 mea

447 2206 709 2266 tanquam
745 2196 888 2267 ignis
940 2192 1304 2250 succendatur
1335 2201 1389 2248 et
1426 2189 1772 2257 exardescat,
1817 2203 1919 2243 nec
1958 2187 2030 2242 sit

448 2287 544 2356 qui
577 2288 749 2358 possit
777 2287 1154 2356 exstinguere.

525 2378 684 2451 155
722 2377 916 2433 Ezech.
950 2393 1027 2432 vr.
1071 2373 1399 2445 lnjustitiam
1438 2377 1492 2428 et
1527 2371 1892 2428 calamitatem
1928 2383 2024 2424 au-

454 2471 619 2536 ferte,
644 2469 912 2541 judicium
944 2477 1000 2525 et
1040 2466 1312 2538 justitiam
1347 2472 1621 2527 exercete,
1672 2462 1895 2519 eximite
1943 2470 2027 2532 ty-

450 2563 732 2620 rannidem
759 2578 789 2619 e
818 2561 1016 2633 populo
1046 2574 1188 2624 meo,
1222 2559 1355 2613 dicit
1389 2556 1654 2612 Dominus
1678 2555 1840 2610 Deus.

522 2651 696 2706 Eccli.
734 2667 807 2706 ιν.
863 2649 1165 2707 Personam
1215 2648 1454 2718 potentis
1503 2661 1573 2702 ne
1620 2645 1904 2713 respicito,
1959 2643 2027 2698 ad

451 2753 683 2799 mortem
729 2758 908 2814 usque
955 2757 1057 2813 pro
1099 2741 1328 2797 veritate
1383 2745 1611 2805 certato,
1667 2745 1722 2792 et
1763 2735 2028 2792 Dominus

451 2834 792 2906 praeliabitur
821 2851 919 2907 pro
953 2845 1025 2890 te.

520 2947 804 3005 Adversus
832 2947 1071 3003 animam
1117 2955 1265 3003 tuam
1297 2959 1587 3018 personam
1633 2957 1704 2998 ne
1743 2938 2022 3011 respicite.

523 3039 777 3110 lnjuriosi
808 3053 1057 3110 personae
1087 3054 1156 3096 ne
1191 3039 1490 3110 assurgito.

523 3153 665 3210 Tum
695 3153 927 3212 summis
958 3161 1073 3208 tum
1098 3150 1302 3207 inlimis
1331 3150 1422 3222 jus
1447 3147 1614 3205 dicito
1648 3144 1954 3215 aequaliter.

526 3269 728 3339 lnjuria
773 3267 1025 3324 affectum
1069 3266 1138 3322 de
1177 3280 1342 3320 manu
1390 3261 1590 3331 injuria
1617 3256 1900 3314 afiicientis
1921 3255 2037 3311 exi-

457 3361 610 3428 mito,
635 3373 736 3416 nec
774 3359 831 3416 in
873 3359 997 3431 jure
1042 3357 1282 3414 dicundo
1324 3355 1402 3411 sis
1436 3351 1824 3425 pusillanimis.

531 3473 690 3531 Prius
723 3485 888 3546 quam
921 3472 1239 3543 inquisieris
1268 3486 1336 3526 ne
1367 3484 1596 3526 accuses
1624 3485 1640 3524 :
1665 3468 1900 3538 primum
1939 3479 2032 3520 co-

455 3568 726 3637 gnoscito,
759 3573 872 3620 tum
896 3565 1130 3634 denique
1154 3563 1468 3634 objurgato.

526 3657 660 3714 Sine
683 3657 895 3727 judicio
923 3657 1058 3713 nihil
1091 3657 1388 3727 quidquam
1418 3654 1637 3710 feceris.

524 3749 704 3807 Nolite
724 3765 792 3806 ex
822 3756 1046 3820 aspectu
1075 3756 1132 3804 et
1157 3749 1311 3803 vultu
1330 3745 1603 3818 judicare,
1639 3746 1734 3802 sed
1764 3744 1916 3817 justo
1936 3741 2030 3814 ju-

452 3842 595 3898 dicio
617 3841 884 3912 judicate.

523 3933 627 4000 Qui
658 3932 790 3987 facit
809 3930 1076 4003 justitiam
1106 3929 1290 4002 justus
1319 3936 1426 3985 est.

520 4023 548 4080 ι
559 4023 668 4081 usti
700 4023 872 4079 animi
901 4022 1064 4079 inde:
1091 4030 1178 4079 est
1202 4021 1490 4090 integritas
1515 4020 1571 4075 in
1596 4017 1918 4088 judicando.

519 4197 601 4252 Ad
631 4194 1068 4268 cognoscendam
1094 4207 1277 4249 veram
1312 4191 1581 4264 justitiam
1615 4190 1861 4262 profecto
1902 4205 2026 4246 ma-

451 4305 558 4360 gno
600 4302 740 4360 opus
768 4297 853 4345 est
881 4287 1098 4357 ingenio
1126 4296 1180 4342 et
1204 4293 1386 4341 mente
1426 4284 1851 4356 pecfectissima.
1877 4283 2025 4340 Fieri

450 4381 597 4435 enim
623 4395 732 4436 non
763 4386 943 4450 potest
981 4385 1041 4433 ut
1069 4377 1159 4448 qui
1195 4391 1303 4432 non
1337 4384 1422 4433 est
1476 4375 1528 4430 in
1554 4375 1678 4446 jure
1705 4375 2013 4443 institutus,

451 4470 856 4528 controversias
897 4469 1071 4540 possit
1118 4476 1267 4524 recte
1305 4465 1631 4537 diiudicare.
1686 4466 1790 4533 Qui
1839 4474 2019 4521 autem
2057 4505 2105 4563 Β

455 4577 640 4618 veram
669 4561 772 4617 scit
797 4559 1089 4629 justitiam,
1134 4573 1200 4614 ac
1239 4572 1338 4630 per
1359 4571 1480 4614 eam
1507 4572 1668 4612 suum
1701 4557 1902 4626 cuique
1928 4557 2022 4613 tri-

453 4656 618 4710 buere
651 4652 859 4720 didicit,
892 4651 940 4708 is
974 4650 1180 4721 optime
1230 4656 1404 4718 potest
1433 4647 1637 4718 judicia
1687 4647 1923 4717 dirigere
1973 4655 2028 4702 et

451 4743 856 4800 administrare.
873 4739 1342 4808 Quemadmodum
1367 4739 1682 4810 sagittarius
1703 4739 1767 4794 ad
1801 4753 2025 4809 scopum

451 4837 637 4908 dirigit
683 4837 810 4903 tela,
879 4849 1053 4904 neque
1105 4832 1436 4904 superando,
1467 4846 1646 4902 neque
1699 4832 2027 4888 submitten-

452 4931 543 4998 do,
565 4943 744 4999 neque
769 4929 823 4984 in
874 4926 1140 4983 utramvis
1167 4935 1374 4996 partem
1408 4923 1796 4992 convertenda,
1824 4923 2025 4977 frustra

451 5021 706 5092 sagittam
745 5019 965 5086 emittit,
994 5018 1090 5076 sed
1141 5017 1422 5083 collimat;
1454 5015 1533 5071 sic
1564 5015 1732 5083 judex
1772 5013 1864 5083 jus
1911 5021 2028 5067 tra-

451 5120 584 5180 ctat,
616 5125 800 5183 neque
845 5123 1113 5180 personas
1156 5107 1480 5178 respiciens,
1517 5119 1695 5174 neque
1723 5105 2021 5174 quidquam

453 5205 669 5261 faciens
709 5203 1034 5274 cujusquam
1076 5201 1295 5256 hortatu
1343 5207 1400 5255 et
1434 5198 1776 5265 invitatione,
1810 5197 1904 5253 sed
1940 5211 2026 5252 re-

451 5307 575 5353 ctas
633 5304 688 5351 et
745 5295 970 5357 minime
1023 5300 1302 5349 contortas
1351 5289 1634 5361 proferens
1693 5287 2014 5345 sententias.

452 5386 522 5441 Et
572 5382 790 5440 duobus
816 5382 1151 5454 litigantibus
1204 5387 1311 5437 stat
1355 5380 1410 5435 in
1451 5379 1635 5434 medio
1661 5377 1826 5448 judex
1884 5393 2026 5434 era:-

455 5491 654 5550 quans,
705 5484 760 5532 et
817 5486 1028 5532 tantum
1083 5473 1378 5530 detrahens
1434 5470 1487 5528 ei
1533 5471 1624 5542 qui
1670 5471 1794 5540 plus
1832 5471 2019 5536 habet,

451 5577 714 5642 quantum
753 5569 958 5628 invenit
1017 5569 1331 5639 ademptum
1391 5567 1443 5622 ei
1502 5564 1836 5635 cuiinjuria
1879 5564 2024 5623 facta

449 5665 543 5718 sit.

524 5755 641 5812 Non
690 5765 776 5812 est
812 5751 1198 5826 aequi-iudicis
1254 5765 1413 5822 pares
1468 5749 1694 5820 paribus
1724 5751 2022 5806 decernere

2139 553 2409 623 ζητήσατε
2471 551 2779 622 πραΰτητα,
2827 547 2976 613 ὅπως
3021 546 3368 618 σκεπασθῆτε
3421 549 3481 600 ὲν
3534 545 3711 616 ἡμέρᾳ

2137 645 2307 714 ὀργῆς
2339 642 2566 713 Κυρίου.

2208 735 2251 786 Κ
2264 733 2402 804 ρίμα
2430 735 2636 788 δίκαιον
2663 734 2910 805 κρίνατε.

2208 824 2346 878 Τάδε
2392 824 2538 893 λέγει
2585 825 2832 894 Κύριον
2883 823 3094 876 Ποιεϊτε
3145 823 3330 892 κρίσιν
3379 820 3479 874 καὶ
3508 821 3707 874 δικαιο-

2139 917 2324 984 σύνην,
2365 917 2460 971 καὶ
2507 916 2750 982 ἐξέλεσθε
2793 915 3208 986 διηρπασμένον
3252 915 3315 967 ὲκ
3366 913 3552 983 χειρὸς
3599 914 3710 968 ἀδι-

2136 1007 2360 1072 κοῦντος
2392 1009 2552 1062 αὑτὸν
2575 1050 2590 1075 ,
2638 1015 2732 1064 καὶ
2765 1013 3104 1080 προσήλυτον
3177 1010 3272 1063 καὶ
3297 1011 3474 1080 χήραν
3500 1009 3594 1062 καὶ
3621 1010 3708 1077 ὀρ-

2138 1103 2305 1168 φανὸν
2361 1101 2435 1171 μὴ
2487 1103 3008 1166 καταδυναστεύετε,
3041 1102 3138 1155 καὶ
3189 1105 3262 1173 μὴ
3310 1100 3580 1164 ἀσεϐεῖτε,
3621 1102 3708 1153 καὶ

2136 1188 2274 1262 αἷμα
2305 1194 2484 1247 ἀθῶον
2516 1195 2589 1264 μὴ
2629 1197 2868 1263 ἐκχέετε.

2207 1287 2346 1340 Τάδε
2384 1285 2532 1356 λέγει
2581 1289 2825 1356 Κύριος⁸
2881 1289 3149 1358 Ποιήσατε
3201 1287 3407 1357 κρίσιν,
3447 1285 3706 1353 ποιήσατε

2132 1376 2501 1448 δικαιοσύνην.
2548 1378 2837 1447 Μακάριος
2880 1381 2910 1433 ὀ
2956 1378 3132 1432 ποιῶν
3156 1377 3328 1433 ταῦτα
3369 1375 3464 1430 καὶ
3497 1374 3709 1442 ἀντεχό-

2131 1485 2297 1539 μενος
2347 1469 2546 1534 αὑτῶν,
2578 1468 2676 1525 καὶ
2725 1470 2998 1541 διατηρῶν
3051 1468 3151 1534 τὰς
3197 1467 3388 1538 χεῖρας
3440 1464 3606 1519 αὐτοῦ
3637 1464 3705 1536 μὴ

2135 1562 2310 1615 ποιεῖν
2341 1560 2524 1617 ἄδικα.

2212 1652 2581 1725 Ἐκξητήσατε
2609 1655 2814 1724 κρίσιν,
2869 1654 3106 1726 ῥύσασθε
3153 1650 3534 1724 ἀδικούμενον,
3588 1649 3702 1720 κρί-

2133 1761 2260 1799 νατε
2285 1746 2531 1816 ὀρφανῷ,
2557 1747 2650 1801 καὶ
2676 1747 3006 1801 δικαιώσατε
3040 1747 3239 1818 χήραν,
3278 1744 3376 1798 καὶ
3410 1743 3586 1808 δεῦτε,
3618 1742 3706 1796 καὶ

2056 1802 2104 1862 Β
2131 1802 2530 1907 διαλεχθιῦμεν,
2552 1839 2702 1906 λέγει
2737 1839 2818 1892 Κύ
2834 1857 2968 1912 ριος.

2201 1928 2341 1982 Τάδε
2379 1928 2528 1999 λέγει
2571 1929 2810 1999 Κύριοςο
2877 1929 3116 2001 Κρίνατε
3160 1928 3342 2001 πρωϊ,
3397 1929 3494 1983 καὶ
3521 1943 3706 1982 κατευ-

2132 2019 2360 2074 θύνατεο
2396 2021 2490 2074 καὶ
2518 2021 2762 2086 ἐξέλεσθε
2810 2022 3218 2093 διηρπασμένον
3270 2023 3333 2075 ὲκ
3365 2023 3554 2093 χειρὸς
3595 2019 3704 2073 ἀδι-

2133 2111 2352 2177 κοῦντος
2377 2113 2562 2181 αὑτὸν,
2591 2115 2739 2178 ὅπως
2765 2115 2840 2186 μὴ
2874 2115 3084 2185 ἀναφθῇ
3110 2117 3187 2176 ὼς
3213 2113 3324 2185 πῦρ
3348 2115 3381 2185 ή
3416 2113 3556 2185 ὀργή
3581 2129 3697 2183 μου,

2131 2209 2226 2261 καὶ
2257 2209 2608 2279 καυθήσεται,
2647 2209 2741 2262 καὶ
2771 2209 2872 2263 οὐκ
2906 2208 3059 2262 ἔσται
3087 2210 3115 2262 ὀ
3147 2207 3378 2262 σϐέσων.

2212 2385 2453 2440 Ἀδικίαν
2505 2387 2601 2439 καὶ
2646 2384 3024 2452 ταλαιπωρίαν
3063 2381 3350 2450 ἀφέλεσθε,
3385 2379 3564 2450 κρίμα
3611 2378 3696 2430 καὶ

2130 2475 2478 2545 δικαιοσύνην
2512 2476 2798 2546 ποιήσατε,
2853 2468 3081 2546 ἐξάρατε
3135 2472 3596 2526 καταδυναστείαν
3647 2470 3703 2522 ἐκ

2129 2566 2221 2619 τοῦ
2245 2565 2377 2619 λαοῦ
2413 2584 2534 2635 μου,
2571 2567 2720 2636 λέγει
2748 2565 2952 2636 Κύριος
2983 2565 3010 2615 ὀ
3041 2563 3193 2625 Θεός.

2199 2658 2291 2729 Μὴ
2356 2657 2528 2729 λάϐῃς
2595 2658 2885 2728 πρόσωπον
2949 2655 3238 2718 δυνάστου,
3299 2653 3405 2716 ἕως
3478 2651 3695 2705 θανάτου

2128 2748 2393 2816 ἀγώνισαι
2427 2749 2553 2820 περὶ
2595 2751 2695 2820 τῆς
2721 2745 3000 2818 ἀληθείας,
3035 2745 3129 2798 καὶ
3161 2743 3368 2812 Κύριος
3405 2743 3702 2812 πολεμήσει

2130 2841 2269 2910 ὑπὲρ
2299 2840 2416 2895 σοῦ.

2199 2955 2291 3023 Μὴ
2326 2953 2496 3025 λάϐῃς
2524 2952 2819 3023 πρόσωπον
2849 2951 2992 3006 κατὰ
3016 2953 3192 3022 ψυχῆς
3226 2967 3344 3006 σου.

2199 3045 2290 3115 Μὴ
2318 3045 2618 3114 ἑξαναστῇς
2646 3044 2754 3098 ἀπὸ
2785 3042 3076 3114 προσώπου
3101 3038 3384 3112 ὑϐριστοῦ.

2060 3143 2106 3203 c
2207 3159 2508 3212 Δικαίωσον
2542 3159 2727 3231 μικρῷ
2757 3159 2852 3212 καὶ
2884 3156 3105 3227 μεγάλῳ
3129 3155 3352 3227 ὁμοίως.

2220 3273 2435 3338 Ἐξελοῦ
2463 3273 2817 3343 ἀδικούμενον
2841 3273 2903 3324 ἐκ
2932 3269 3114 3341 χειρὸς
3147 3265 3488 3332 ἀδικοῦντος,
3509 3265 3598 3322 καὶ
3620 3261 3688 3336 μὴ

2133 3363 2536 3436 ὀλιγοψυχήσῃς
2561 3366 2617 3418 ἐν
2660 3364 2737 3434 τῷ
2764 3363 2972 3433 κρίνειν
3000 3376 3081 3415 σε.

2207 3476 2344 3546 Πρὶν
2390 3475 2673 3548 ὲξετάσῃς,
2712 3474 2787 3547 μή
2835 3473 3051 3546 μέμψῃ.
3085 3471 3294 3544 Νόησον
3337 3472 3578 3543 πρῶτον,
3606 3469 3691 3526 καὶ

2131 3567 2254 3621 τότε
2285 3565 2537 3634 ὲπιτίμα.

2206 3651 2366 3705 Ἄνευ
2397 3651 2632 3721 κρίσεως
2670 3652 2747 3724 μὴ
2784 3653 3022 3725 ποιήσῃς
3054 3654 3242 3727 μηδέν.

2199 3743 2291 3814 Μή
2321 3745 2536 3815 κρίνετε
2583 3745 2707 3800 κατ’
2753 3746 2896 3818 δψιν,
2943 3747 3080 3802 ἀλλά
3121 3748 3220 3821 τὴν
3263 3748 3484 3804 δικαίαν
3522 3746 3694 3820 κρίσιν

2129 3836 2372 3906 κρίνατε.

2213 3926 2272 3980 '0
2296 3926 2465 3982 ποιῶν
2491 3927 2592 3997 τὴν
2618 3928 2963 4001 δικαιοσύνην
2982 3932 3187 3996 δίκαιός
3211 3933 3381 3986 ἐστιν.

2201 4020 2464 4091 Ἔλεγχος
2499 4021 2601 4090 τῆς
2654 4021 2751 4076 τοῦ
2802 4023 3009 4078 δικαίου
3059 4024 3354 4087 διαθέσεως
3400 4025 3434 4096 ἡ
3484 4023 3608 4093 περὶ
3631 4021 3687 4074 τὸ

2128 4109 2336 4181 κρίνειν
2363 4112 2614 4183 ὀρθότης.

2197 4202 2271 4255 Τὸ
2298 4203 2488 4274 νοῆσαι
2527 4205 2627 4274 τὴν
2670 4206 2844 4276 ἀληθῆ
2874 4205 3220 4276 δικαιοσύνην
3254 4207 3499 4278 μεγάλης
3534 4208 3687 4266 ὅντως

2127 4291 2366 4356 διανοίας
2419 4293 2510 4347 καὶ
2546 4296 2740 4364 φρενὸς
2768 4296 3114 4364 τελειοτάτης
3155 4298 3348 4350 δεῖται.
3391 4299 3686 4367 Ἀμήχανον

2127 4384 2236 4452 γὰρ
2273 4384 2349 4454 μὴ
2398 4387 2862 4456 προπαιδευθέντα
2909 4387 3004 4442 τοῦ
3052 4389 3262 4442 δικαίου
3311 4389 3566 4442 δύνασθαι
3597 4386 3685 4445 τὰς

2127 4475 2566 4546 ἀμφισϐητήσεις
2604 4479 2780 4549 ὀρθῶς
2811 4479 3131 4548 διακρίνειν.
3182 4480 3240 4532 Ὀ
3276 4481 3386 4547 γὰρ
3419 4479 3570 4540 εἰδὼς
3596 4478 3686 4543 τὴν

2128 4566 2304 4636 ἀληθῆ
2349 4567 2719 4640 δικαιοσύνην,
2762 4573 2858 4624 καὶ
2897 4570 2965 4624 δι’
3004 4571 3175 4636 αὐτῆς
3211 4569 3482 4640 διδαχθεὶς
3525 4568 3582 4620 τὸ
3619 4565 3688 4617 oi-

2129 4659 2276 4711 κεῖον
2306 4659 2602 4730 ἀπονέμειν
2634 4662 2873 4728 ἑκάστῳ,
2901 4655 3058 4724 οὗτος
3095 4661 3318 4715 δύναται
3351 4659 3686 4715 κατευθύνειν

2128 4751 2325 4820 κρίμα.
2367 4750 2577 4822 Ὠσπερ
2621 4754 2648 4806 ὀ
2695 4754 2919 4824 τοξότης
2960 4755 3097 4824 πρὸς
3149 4753 3242 4808 τὸν
3284 4755 3489 4807 σκοπὸν
3535 4754 3688 4806 ἀπευο

2130 4844 2278 4898 θύνει
2323 4843 2386 4897 τὺ
2438 4845 2610 4915 βέλος,
2644 4843 2768 4902 οῦτε
2813 4846 3165 4918 ὑπερϐολαῖς,
3199 4844 3325 4900 οῦτε
3379 4845 3682 4914 ἐλλείψεσιν,

2127 4933 2254 4989 οὔτε
2283 4938 2403 5000 ταῖς
2432 4938 2520 5006 ἐφ’
2563 4938 2801 5007 ἑκάτερα
2833 4940 3197 5009 περιτροπαῖς
3238 4937 3562 4991 ἀποπλανῶν
3593 4933 3683 5004 τὴν

2126 5028 2358 5093 τοξείαν·
2391 5028 2564 5093 οὕτως
2586 5031 2614 5082 ὀ
2639 5028 2830 5099 κριτὴς
2857 5029 2952 5082 τοῦ
2974 5029 3181 5083 δικαίου
3208 5028 3681 5099 καταστοχάζεται,

2127 5119 2250 5174 οὗτε
2287 5119 2554 5190 πρόσωπα
2579 5120 2891 5191 λαμϐάνων,
2927 5120 3053 5174 οῦτε
3081 5120 3252 5174 ποιῶν
3280 5137 3333 5172 τι
3361 5119 3499 5173 κατὰ
3527 5116 3682 5188 πρόσ-

2128 5209 2338 5279 κλησιν,
2365 5209 2482 5264 ἀλλ’
2508 5211 2723 5274 εὐθείας
2754 5211 2850 5265 καὶ
2875 5212 3273 5282 ἀδιαστρόφους
3305 5212 3553 5281 ἐκφέρων
3592 5208 3680 5266 τὰς

2128 5301 2359 5372 κρίσεις.
2391 5301 2500 5354 Καὶ⁸
2527 5300 2622 5355 δύο
2667 5303 3006 5374 κρινομένων
3050 5301 3184 5372 παρ’
3217 5303 3366 5374 αὐτῷ
3413 5303 3633 5368 ἔστηκεν
3656 5294 3682 5346 ὁ

2129 5394 2320 5463 κριτὴς
2353 5393 2626 5446 ὲπανισῶν
2661 5393 2860 5457 αὐτοὺς
2885 5395 3026 5465 πρὸς
3059 5393 3343 5464 ἀλλήλους,
3376 5394 3469 5446 καὶ
3508 5385 3682 5443 τοσοῦ-

2125 5502 2218 5539 τον
2264 5483 2514 5555 ὑφαιρῶν
2552 5482 2648 5538 τοῦ
2693 5484 3072 5556 ὑπερέχοντος,
3117 5485 3243 5538 ὅσον
3309 5481 3681 5550 ἐλαττούμενον

2127 5575 2371 5646 εὑρίσκει
2408 5574 2500 5629 τὸν
2523 5574 2896 5647 ἀδικούμενον.

2197 5749 2313 5806 Οὐκ
2348 5749 2464 5806 ἐστι
2500 5751 2708 5806 δικαίου
2741 5752 2952 5824 κριτοῦ,
2989 5753 3111 5820 ῐσας
3152 5753 3288 5824 πρὸς
3335 5754 3451 5815 ῐσας
3491 5741 3677 5818 ὁρίζειν
