4056 6420
525 357 662 423 ποι-ι

1341 370 1515 433 LOCI
1555 373 2002 444 COMMUNES.
2032 405 2102 419 -
2130 381 2328 447 PARS
2365 386 2454 451 ΙΙ.
2495 387 2755 452 SERMO
2780 390 2944 456 VIII.

3656 403 3792 471 1038

519 476 620 578 τὰς
666 477 998 578 ἀντιδόσεις·
1045 482 1158 538 ἀλλ’
1207 485 1421 558 ἀνάγκη
1475 493 1570 546 τὸν
1613 495 1964 566 κατάρξαντα
1998 518 2126 559 κα-.

2202 503 2623 572 satisfactiones,
2661 508 2754 563 sed
2792 518 3074 565 auctorem
3107 505 3241 566 mali
3279 526 3508 568 necesse
3542 523 3624 568 est
3657 531 3785 571 cum

522 571 816 671 acciperat
859 574 1178 671 προσθήκης
1227 579 1486 638 ἀποτῖσαι
1542 587 1610 640 τά
1661 588 2019 658 ὀφειλόμενα,
2051 593 2102 646 εί

2205 597 2577 655 additamento
2630 601 2940 669 persolvere
2998 602 3224 671 debita,
3278 602 3328 659 si
3378 603 3643 660 debeatur
3699 607 3789 663 illa

525 659 710 728 μέλλοι
758 662 920 726 αὐτός
965 683 1024 719 τε
1071 669 1295 738 βελτίων
1320 677 1441 736 ταῖς
1483 679 1780 749 τιμωρίαις
1821 683 2098 750 γενέσθαι,

520 755 615 806 καὶ
652 754 776 818 τοὺς
825 755 1046 820 λοιποὺς
1073 767 1548 838 σωφρονεστέρους
1577 774 1800 842 ποιῆσαι
1845 773 1922 843 τῷ
1966 775 2099 828 ὑπο-

515 845 787 916 δείγματι.

588 941 856 1011 Ποιήστιτε
884 947 1231 1021 δικαιοσύνης
1257 951 1442 1020 ὅπλον,
1482 954 1573 1008 καὶ
1626 954 1701 1026 μὴ
1735 954 1967 1012 Θανάτου
2000 959 2099 1030 τὴν

517 1048 581 1084 π.
600 1032 817 1092 ίδευσιν.

591 1127 734 1181 Ἴσθι
759 1134 1076 1202 κρινόμενος
1099 1136 1127 1188 ὁ
1159 1137 1374 1208 κριτὴς,
1411 1141 1504 1191 καὶ
1530 1134 1694 1210 ἦττον
1729 1141 2094 1211 ἀμαρτήσεις.

585 1219 742 1275 Οὕτω
771 1223 1032 1295 δοκίμαζε
1065 1230 1156 1283 τὸν
1189 1230 1421 1301 ἀδελφόν
1459 1250 1574 1299 σου,
1615 1233 1691 1297 ὡς
1719 1235 1812 1288 καὶ
1851 1235 2014 1300 αὐτὸς
2040 1238 2098 1290 ὲν

515 1315 627 1376 ταῖς
658 1317 840 1382 αὐτοῖς
871 1321 1089 1391 μέτροις
1114 1323 1453 1394 κρινόμενος.

589 1409 666 1479 Τῇ
709 1410 820 1462 τῶν
859 1411 1183 1478 δικαζόντων
1239 1415 1598 1488 μακροθυμίᾳ
1646 1418 1694 1470 οἱ
1748 1417 1868 1472 λίαν
1912 1418 2095 1473 ἄδικοι

513 1500 870 1578 σκληρότεροι
904 1504 1115 1558 ἑαυτῶν
1147 1507 1389 1576 γίνονται
1414 1509 1557 1562 κατά
1593 1508 1652 1562 τὸ
1681 1509 1951 1563 ἀπειθεῖν.
1986 1511 2096 1564 Καὶ

510 1592 591 1645 δεῖ
631 1593 722 1646 τδν
771 1595 964 1666 κριτὴν
1006 1597 1230 1663 εἰδέναι,
1263 1600 1352 1654 ὅτι
1401 1600 1585 1671 κρίσει
1629 1599 1767 1655 Θεοῦ
1800 1601 2092 1671 ὑπηρετεῖ,

509 1683 603 1736 καὶ
647 1685 708 1738 οὐ
740 1685 931 1757 κύριός
979 1690 1249 1754 Eucti/,6);
1296 1690 1546 1762 βούλεται
1595 1694 1750 1764 ἄγειν
1802 1693 1866 1747 τὸ
1893 1695 2092 1764 κρίμα,

508 1773 651 1828 ὥστε
683 1779 778 1832 καὶ
805 1776 1126 1850 χαρίζεσθαι
1158 1785 1276 1847 τοῖς
1309 1786 1656 1856 κρινομένοις
1679 1787 1960 1859 τάγματα.

582 1954 818 2007 ’Ἄτοπον
866 1958 1264 2030 ἁμαρτήμασιν
1310 1963 1530 2033 ἐνόχους
1591 1959 1731 2018 εῖναι
1794 1967 1918 2029 τοὺς
1977 1969 2089 2032 τοῖς

505 2044 686 2109 ἄλλοις
710 2048 776 2101 τὰ
802 2048 985 2104 δίκαια
1011 2050 1303 2122 βραϐεύειν
1334 2055 1671 2121 ὲξισοῦντας.

575 2139 745 2192 Ὅταν
808 2141 1058 2198 αἰτιῶται
1133 2145 1398 2216 δικαστὴς
1468 2151 1810 2219 κρινόμενον,
1869 2152 2087 2223 ἀνάγκη

504 2234 735 2303 σιωπᾷν.

580 2325 836 2392 Ἄριστος
857 2328 1049 2399 κριτὴς
1074 2329 1410 2388 ύπονοείσθω
1434 2336 1461 2388 ὁ
1485 2336 1699 2404 ταχέως
1729 2336 1830 2402 μὲν
1857 2337 2083 2402 συνιεὶς,

503 2415 744 2485 βραδέως
773 2420 828 2474 δὲ
855 2421 1078 2490 κρίνων.
1111 2423 1353 2496 Θάτερον
1385 2427 1485 2496 μὲν
1523 2427 1620 2483 οῦν
1660 2427 1900 2495 εὐνοίας,
1928 2428 2087 2484 θάτε-

502 2527 595 2580 ρον
618 2511 674 2564 δὲ
703 2513 1012 2584 ἀκριϐείας.

581 2604 899 2670 Ἀσκέπτως
940 2610 1000 2662 ού
1027 2611 1107 2664 δεῖ
1135 2614 1431 2682 προπετεῖν
1477 2615 1536 2666 ὲν
1579 2611 1658 2679 τῷ
1705 2611 1939 2683 κρίνειν,
1985 2611 2086 2682 ἔμ-

499 2697 740 2768 προσθεν
777 2700 832 2754 δὲ
888 2699 1260 2770 βουλεύεσθαι,
1312 2705 1449 2775 μηδὲ
1484 2705 1560 2774 τῷ
1595 2705 1852 2759 σπεύδειν
1886 2706 1961 2777 τῷ
1991 2705 2081 2760 λο-

499 2789 684 2859 γισμῷ
728 2793 859 2863 παρ’
886 2793 914 2844 δ
946 2794 1028 2848 δεῖ
1053 2795 1232 2862 λέγειν
1257 2811 1272 2828 ο
1312 2796 1450 2850 ἀλλὰ
1499 2797 1865 2868 βραδύνοντάς
1894 2815 1955 2851 τε
1988 2799 2085 2852 καὶ

503 2882 820 2950 μέλλοντας,
849 2885 948 2957 τὴν
1000 2889 1179 2958 ὁρμὴν
1210 2889 1460 2960 ἀκριϐῶς
1511 2891 1945 2961 πεπονημένους.
1988 2892 2086 2946 καὶ

503 2971 580 3043 μὴ
609 2973 747 3042 πρὸς
773 2976 936 3046 χάριν
967 2978 1402 3046 μεταϐάλλεσθαι
1427 2997 1440 3010 ·
1468 2977 1632 3055 ἦττον
1659 2985 1766 3054 γάρ
1793 2983 1886 3037 τοῦ
1920 2983 2084 3038 ἀϐού-

499 3063 592 3116 λου
617 3063 676 3117 ab
712 3066 1096 3135 εὐμετάϐολον,
1141 3071 1235 3123 καὶ
1284 3073 1378 3124 τοῦ
1407 3073 1717 3141 προπετοῦς
1754 3074 1816 3127 τὸ
1855 3075 2078 3146 κοῦφον.

572 3243 685 3313 Οὐχ
723 3245 864 3300 οὕτω
892 3245 983 3301 τὸν
1009 3246 1119 3302 τῶν
1148 3249 1495 3320 γραμμάτων
1524 3253 1850 3325 χαρακτῆρα
1884 3255 2084 3327 ὀρθοῦν

498 3334 600 3399 δεῖ,
629 3336 703 3400 ὡς
750 3337 842 3391 τὸν
891 3339 1001 3392 τῶν
1038 3344 1385 3411 πραγμάτων
1427 3347 1638 3414 τηρεῖν.
1678 3347 1746 3401 Ἦ
1799 3349 1907 3421 γὰρ
1938 3352 2085 3420 κακὴ

499 3432 680 3502 κρίσις
711 3437 910 3497 παντὸς
935 3432 1108 3487 κακοῦ
1140 3434 1311 3491 αἰτία.

568 3524 775 3594 Μηδεὶς
819 3525 1098 3595 φρονίμων
1149 3526 1243 3580 τοῦ
1276 3527 1470 3598 ἄρχειν
1518 3531 1944 3602 άλλοτριούσθω.
1975 3535 2083 3590 Καὶ

495 3619 606 3688 γὰρ
635 3617 831 3682 ἀσεϐὲς
875 3618 938 3672 τὸ
989 3621 1246 3692 ἀποσπᾷν
1293 3621 1490 3676 ἑαυτὸν
1517 3627 1623 3694 τῆς
1668 3624 1780 3679 τῶν
1810 3627 2084 3698 δεομένων

496 3707 826 3778 εὐχρηστίας
850 3726 865 3742 ο
903 3710 1002 3765 καὶ
1031 3712 1258 3781 ἀγεννὲς
1287 3716 1405 3776 τοῖς
1445 3716 1673 3786 φαύλοις
1702 3725 2080 3792 παραχωρεῖν.

507 3798 762 3871 Ἀνὸητον
807 3802 917 3874 γάρ
945 3802 1004 3856 τὸ
1027 3803 1303 3876 αἱρεῖσθαι
1329 3807 1519 3873 κακῶς
1549 3809 1818 3882 ἄρχεσθαι
1851 3813 2078 3884 μᾶλλον,

495 3892 528 3964 ἦ
559 3893 739 3958 καλῶς
764 3895 900 3968 ἄρχε
909 3913 976 3950 ιν.

566 3984 704 4040 Οὐδὲ
731 3987 859 4040 ἄλλο
889 3989 1118 4059 ἡγεμόνι
1151 3991 1356 4062 πρέπει
1400 3993 1432 4064 ἢ
1463 3994 1524 4048 τὸ
1553 3995 1761 4066 μηδένα
1787 3996 2080 4070 ὑπερηφα-

491 4077 624 4140 νεῖν,
663 4077 800 4146 μηδὲ
840 4077 1194 4151 άϐρύνεσθαι,
1225 4082 1342 4137 ἀλλ’
1385 4083 1444 4150 ὲε
1492 4083 1610 4139 [σου
1652 4086 1874 4144 πάντων
1923 4089 2080 4159 προΐ-

494 4169 743 4224 στασθαι.

1121 4290 1341 4344 ΛΟΓΟΣ
1367 4287 1447 4345 H'.

488 4376 629 4447 Περὶ
656 4377 1234 4456 δικαστῷκμληπτῶν
1256 4383 1354 4437 καὶ
1385 4383 1949 4456 δωροδοκουμένων,
1972 4388 2072 4443 καί

875 4451 1150 4520 ἀθέσμως
1176 4451 1678 4522 κατακρινὸντων.

2204 703 2362 758 poena
2397 690 2585 746 melior
2621 691 2757 765 fieri,
2787 701 2842 748 et
2869 693 3111 766 reliquos
3133 711 3236 752 suo
3269 695 3522 765 exemplo
3551 696 3781 754 reddere

2206 785 2686 850 temperantiores.

2278 959 2547 1032 Theologi.
2594 961 2772 1019 Nolite
2821 965 3165 1022 committere
3203 975 3265 1022 ut
3310 975 3493 1025 vestra
3541 968 3782 1034 eruditio

2203 1052 2271 1106 sit
2305 1054 2496 1108 mortis
2522 1063 2818 1120 armatura,
2851 1056 2945 1111 sed
2981 1056 3232 1127 justitiae.

2269 1144 2445 1199 Judex
2474 1147 2551 1199 rei
2589 1161 2878 1214 personam
2908 1149 3119 1205 sustine
3146 1190 3159 1212 ,
3191 1157 3246 1204 et
3281 1147 3464 1206 minus
3488 1151 3770 1218 peccabis.

2274 1236 2365 1293 Sic
2403 1236 2628 1292 fratrem
2663 1247 2813 1293 tuum
2841 1241 3091 1310 probato,
3129 1249 3189 1295 ut
3222 1242 3268 1296 si
3305 1242 3423 1299 inse
3456 1243 3664 1298 eisdem
3694 1259 3784 1300 ra-

2202 1327 2440 1384 tionibus
2473 1330 2529 1384 in
2562 1329 2830 1399 judicium
2869 1341 3094 1387 vocatus
3131 1348 3302 1389 esses.

2271 1421 2374 1488 Qui
2408 1437 2574 1490 supra
2615 1424 2836 1477 modum
2869 1423 3040 1492 iniqui
3072 1432 3125 1479 et
3173 1425 3418 1490 injuriosi
3449 1436 3596 1494 sunt,
3629 1426 3783 1495 judi-

2197 1530 2322 1568 cum
2357 1515 2579 1570 lenitate
2611 1515 2748 1569 ﬁunt
2790 1517 3099 1584 asperiores
3130 1514 3196 1570 ad
3243 1531 3351 1570 non
3396 1519 3696 1586 parendum
3731 1526 3786 1571 et

2198 1604 2613 1660 rebellandum:
2647 1605 2831 1676 itaque
2875 1605 3040 1675 judex
3089 1606 3342 1674 ignorare
3377 1621 3490 1660 non
3537 1607 3696 1662 debet
3728 1623 3788 1662 se

2196 1693 2572 1764 Deijudicium
2595 1695 3000 1763 administrare,
3031 1695 3193 1767 146
3216 1710 3274 1751 se
3297 1704 3478 1750 autem
3502 1697 3784 1752 dominum

2197 1800 2309 1839 non
2327 1800 2448 1842 esse
2463 1795 2524 1840 ut
2551 1785 2850 1856 sicjudicia
2879 1787 3170 1857 gubernet,
3195 1794 3254 1840 ut
3273 1786 3617 1858 litigantibus
3650 1795 3703 1842 et
3730 1788 3785 1842 in

2191 1878 2456 1947 judicium
2487 1879 2692 1934 vocatis
2723 1891 2946 1950 poenam
2981 1878 3276 1933 condonet.

2233 1968 2527 2036 Philonis.
2575 1970 2891 2026 Absurdum
2939 1969 3269 2026 criminibus
3315 1969 3489 2025 teneri
3545 1983 3644 2026 eos
3689 1969 3784 2039 qui

2191 2059 2314 2115 aliis
2334 2059 2458 2129 jura
2472 2068 2832 2129 exaequantet
2864 2058 3274 2115 administrant.

2261 2156 2574 2211 Democriti.
2607 2155 2744 2216 Cum
2762 2155 2930 2224 judex
2959 2169 3117 2209 reum
3143 2160 3389 2218 accusat,
3425 2162 3542 2208 tum
3598 2160 3784 2209 tacere

2191 2264 2418 2304 necesse
2469 2258 2574 2305 εει.

2263 2341 2518 2412 Optimus
2576 2342 2740 2412 judex
2802 2342 3086 2404 habeatur,
3115 2337 3211 2408 qui
3256 2336 3366 2392 cito
3406 2333 3686 2405 intelligit,
3729 2340 3786 2390 et

2188 2435 2332 2488 lente
2380 2433 2610 2508 judicat.
2673 2433 2917 2487 Alterum
2964 2430 3184 2500 quidem
3235 2436 3321 2485 est
3371 2427 3781 2493 benevolentiae,

2188 2525 2418 2579 alterum
2449 2533 2633 2579 autem
2685 2524 2979 2595 diligentia:
3010 2519 3320 2592 exquisitae.

2259 2619 2667 2675 lnconsiderate
2695 2618 2832 2673 nihil
2857 2625 3073 2688 oportet
3096 2612 3439 2686 praecipitare
3473 2612 3526 2666 in
3543 2610 3778 2682 judicio,

2189 2714 2283 2769 sed
2315 2713 2471 2782 prius
2501 2713 2845 2766 deliberare:
2883 2723 2985 2764 nec
3023 2707 3358 2778 cogitatione
3407 2703 3780 2760 festinandum

2189 2812 2251 2858 ut
2286 2803 2490 2873 aliquid
2537 2803 2658 2872 plus
2711 2816 2874 2869 quam
2922 2802 3079 2855 decet
3129 2799 3327 2854 dicas:
3386 2797 3481 2851 sed
3536 2796 3683 2851 lente
3729 2804 3786 2850 et

2186 2903 2512 2951 cunctanter
2566 2893 2826 2964 appetitio
2870 2900 3127 2946 accurate
3168 2888 3502 2952 exercenda,
3564 2901 3666 2942 nec
3711 2887 3783 2941 ad

2186 2988 2415 3058 gratiam
2445 2985 2782 3040 immutanda
2812 2993 2892 3038 est
2924 3001 2938 3049 ;
2976 2997 3098 3036 nam
3137 2981 3574 3045 inconstantem,
3601 2989 3778 3034 teme-

2186 3079 2394 3134 rarium
2414 3088 2468 3134 et
2491 3078 2664 3134 levem
2687 3091 2831 3142 esse,
2861 3074 3104 3130 deterius
3125 3079 3212 3130 est
3241 3086 3405 3143 quam
3429 3071 3664 3126 consilio
3686 3084 3782 3125 ca-

2112 3187 2160 3248 α
2193 3185 2338 3226 rere.

2260 3261 2377 3316 Non
2408 3272 2515 3317 tam
2546 3265 2598 3316 in
2631 3262 2935 3316 litterarum
2971 3260 3183 3330 ﬁguris,
3216 3274 3381 3330 quam
3436 3257 3491 3310 in
3548 3257 3782 3329 negotiis

2188 3364 2398 3408 rectum
2425 3356 2576 3422 sequi
2602 3354 2866 3407 debemus
2891 3369 2903 3403 :
2935 3367 3162 3421 pravum
3190 3348 3623 3419 enimjudicium
3661 3363 3781 3404 om-

2187 3447 2274 3499 nis
2305 3447 2428 3499 inali
2457 3461 2625 3499 causa
2686 3454 2789 3498 est.

2260 3537 2509 3606 Epicteti.
2543 3536 2713 3590 Nemo
2747 3537 2989 3605 prudens
3013 3550 3040 3588 a
3075 3548 3134 3589 se
3163 3533 3401 3588 alienum
3424 3532 3635 3602 judicet
3662 3544 3780 3585 ma-

2186 3629 2412 3698 gistratu
2439 3627 2586 3698 fungi
2612 3645 2628 3693 ;
2655 3639 2741 3681 est
2785 3628 2931 3682 enim
2959 3627 3182 3696 impium
3218 3639 3338 3680 sese
3362 3623 3686 3680 abstrahere
3710 3622 3778 3676 ab

2185 3722 2252 3778 iis
2274 3723 2366 3791 qui
2388 3721 2671 3777 commoda
2695 3722 2794 3776 abs
2819 3731 2869 3775 te
2900 3720 3212 3789 requirunt,
3241 3725 3297 3772 et
3322 3731 3512 3786 parum
3543 3729 3777 3785 genero-

2183 3827 2304 3868 sum
2335 3812 2600 3882 improbis
2623 3811 2815 3867 cedere
2839 3829 2853 3866 :
2879 3814 3110 3866 stultum
3137 3817 3223 3865 est
3241 3808 3386 3862 enim
3411 3807 3584 3877 magis
3611 3821 3776 3878 expe-

2183 3911 2297 3959 tere
2332 3903 2649 3974 gubernari,
2682 3917 2848 3974 quam
2889 3903 3026 3958 bene
3048 3902 3380 3971 gubernare.

2253 3996 2398 4051 Nihil
2415 4006 2497 4050 est
2517 3997 2658 4065 quod
2687 3997 2858 4065 magis
2879 4009 3003 4049 eum
3029 3994 3122 4064 qui
3141 3990 3347 4060 praesit,
3369 3989 3580 4054 deccat,
3605 3999 3774 4057 quam

2181 4101 2242 4143 ut
2270 4088 2539 4142 neminem
2588 4087 2672 4141 vel
2721 4086 2958 4156 superbe
3009 4090 3347 4146 contemnat,
3390 4079 3477 4136 vel
3515 4077 3776 4134 indecore

2179 4180 2497 4243 admiretur,
2525 4180 2618 4235 sed
2648 4195 2712 4232 cx
2745 4194 2900 4246 aequo
2927 4178 3182 4231 omnibus
3207 4173 3416 4258 praesit.

2572 4290 2803 4345 SERMO
2861 4288 2975 4343 VIII
3044 4288 3146 4360 [αἱ.
3213 4284 3378 4355 CIX].

2176 4387 2255 4442 Dc
2278 4388 2548 4457 judicibus
2591 4385 2907 4457 nunnnariis
2942 4392 2990 4436 et
3027 4397 3246 4457 munera
3275 4374 3680 4457 accipientibus,
3718 4380 3773 4430 et

2465 4468 2651 4509 contra
2672 4455 2766 4522 jus
2805 4464 2854 4507 et
2878 4455 2960 4521 [as
2979 4449 3490 4506 condemnantibus.

568 4542 997 4612 Ἐπικατάρατος
1043 4545 1170 4610 πᾶς,
1200 4543 1259 4607 ὃς
1309 4543 1377 4598 ἂν
1421 4545 1645 4619 ἑκκλίνῃ
1676 4547 1860 4618 κρίσιν
1891 4565 2060 4622 προσ-
2093 4541 2126 4599 ἰ]

2237 4549 2398 4603 Deut.
2431 4563 2601 4602 xxvii.
2636 4546 3020 4600 Exsecrandus
3049 4542 3299 4613 quisquis
3345 4543 3602 4612 rejecerit
3638 4557 3770 4600 cau-

486 4630 683 4701 ηλύτου
719 4633 810 4684 καὶ
837 4633 1075 4701 ὀρφανοῦ
1110 4636 1202 4687 καὶ
1231 4637 1429 4706 χήρας.

556 4722 676 4795 Πῦρ
704 4725 1044 4781 κατακαύσει
1070 4727 1252 4793 οἴκους
1279 4728 1651 4802 δωροδεκτῶν.

559 4927 743 4996 Θυμδς
773 4928 858 4980 ἐπ’
891 4929 1108 4994 ἀσεϐεῖς
1148 4930 1299 4986 ἔσται
1344 4933 1412 4986 δι’
1438 4933 1701 4988 ἀσέϐειαν
1755 4933 1970 5005 δώρων,
1990 4929 2066 4992 ὧν

483 5018 726 5090 ἐδέχοντο
761 5021 819 5075 ὲν
838 5023 1060 5094 ἀδικίᾳ.

551 5133 617 5186 Εί
692 5131 913 5203 άληθῶς
986 5135 1097 5207 ἄρα
1155 5136 1507 5209 δικαιοσύνην
1539 5138 1788 5207 λαλεῖτε,
1849 5139 2069 5206 εὐθείας

481 5221 729 5291 κρίνατε,
766 5224 874 5277 uio!
921 5223 1031 5278 τῶν
1081 5224 1413 5296 ἀνθρώπων.
1449 5229 1558 5282 Καὶ
1606 5231 1715 5302 γάρ
1750 5233 1809 5284 ὲν
1859 5233 2065 5306 καρδίᾳ

481 5314 713 5384 ἀνομίας
739 5317 1040 5385 ἐργάζεσθε
1068 5318 1125 5373 ὲν
1151 5321 1218 5391 τῇ
1251 5323 1342 5391 γῇ,
1370 5321 1587 5376 ἀδικίαν
1609 5325 1668 5376 at
1700 5326 1883 5395 χείρες
1910 5327 2068 5398 ὑμῶν

484 5410 908 5478 συμπλέκουσιν.

555 5523 702 5588 Ἕως
729 5526 860 5579 πότε
898 5532 1114 5599 κρίνετε
1141 5528 1376 5595 ἀδικίαν,
1407 5531 1502 5586 καί⁸
1537 5532 1810 5601 πρόσωπα
1876 5534 2062 5605 ἀμαρ-

481 5611 670 5667 τωλῶν
698 5613 754 5666 λς
771 5615 1002 5682 μϐάνετε
1023 5634 1041 5685 ;

563 5725 870 5793 Ἐξόλλυσιν
896 5731 1090 5788 ἑαυτὸν
1118 5735 1146 5788 ὁ
1174 5734 1529 5808 δωρολήπτης
1555 5752 1569 5770 ο
1605 5737 1634 5792 ὀ
1667 5738 1723 5792 δὲ
1751 5739 1928 5809 μισῶν
1958 5739 2062 5795 δὼ-

485 5833 596 5885 ρων
616 5819 805 5891 λήψεις
832 5819 1080 5894 ζήσεται.

2174 4659 2290 4700 sau.
2329 4639 2600 4712 peregrini
2625 4648 2678 4694 et
2706 4637 2891 4708 pupilli
2921 4647 2975 4692 et
3011 4636 3208 4690 viduae.

2243 4733 2343 4789 Job
2380 4749 2469 4788 xv.
2498 4731 2643 4802 Ignis
2684 4732 2877 4786 domos
2899 4729 3217 4784 muneribus
3249 4738 3638 4799 corruptorum
3670 4743 3768 4785 ex-

2172 4839 2317 4884 111⁸61.

2245 4940 2528 4996 Iracundia
2549 4940 2601 4994 in
2624 4938 2822 5008 impios
2846 4938 2950 4994 erit
2974 4947 3197 5006 propter
3219 4949 3510 4990 munerum
3561 4934 3767 5005 impie-

2169 5041 2358 5096 tatem,
2387 5047 2508 5102 quae
2529 5030 2716 5099 inique
2738 5039 3073 5100 acceperunt
3100 5028 3168 5083 ad
3200 5027 3430 5084 alterius
3475 5026 3761 5098 injuriam.

2243 5145 2391 5200 Psal.
2423 5160 2532 5200 xiv.
2565 5141 2623 5199 Si
2666 5155 2792 5197 vere
2849 5141 3066 5197 tandem
3117 5141 3394 5212 justitiam
3446 5137 3760 5208 loquimini,

2169 5248 2338 5305 recte,
2359 5237 2447 5291 lilii
2469 5235 2774 5302 hominum,
2796 5233 3115 5304 iudicatote.
3140 5233 3432 5288 Etenim-in
3463 5231 3630 5287 corde
3655 5231 3764 5286 ini-

2168 5333 2406 5400 quitates
2440 5326 2702 5398 perlicitis
2746 5327 2801 5381 in
2843 5335 3008 5386 terra.
3055 5326 3289 5381 iniurias
3327 5338 3526 5380 manus
3565 5331 3764 5379 vestra:

2170 5430 2528 5476 ιεοηηθοιιιιη.

2241 5534 2384 5588 Ibid.
2409 5551 2516 5590 ut.
2543 5534 2844 5604 Quousque
2884 5532 3104 5589 tandem
3142 5534 3330 5604 inique
3366 5531 3651 5604 iudicatis,
3704 5539 3761 5586 et

2166 5643 2432 5698 personas
2463 5628 2856 5683 sceleratorum
2911 5627 3219 5698 respicitis?

2243 5740 2524 5795 Salomon.
2555 5739 2778 5795 Munera
2805 5740 2896 5809 qni
2941 5741 3162 5813 accipit,
3200 5755 3260 5798 se
3299 5739 3417 5810 ipse
3450 5734 3663 5808 perdit:
3692 5745 3761 5790 ac

2168 5834 2263 5907 qui
2290 5833 2405 5892 odit
2452 5848 2711 5902 munera,
2773 5835 2939 5890 vivet.
