4056 6432
394 342 535 411 1039
1670 343 1993 403 AN'l'UNlI

2093 347 2380 416 susse
2642 310 2645 313 ’
3505 346 3640 411 10m

453 463 754 520 Pecuniam
780 476 902 533 quae
926 461 1053 518 dolo
1070 460 1230 516 datur
1251 460 1407 531 quasi
1433 469 1625 516 testam
1649 461 1966 517 existimare
1992 460 2045 524 Α

385 553 671 611 debemus.

457 644 611 717 impii
637 661 923 718 personam
947 646 1204 702 admirari
1232 646 1528 701 honestum
1572 657 1685 699 non
1741 651 1849 710 est,
1871 656 1973 699 nec

279 798 289 808 _
389 748 639 794 sanctum
662 737 936 794 declinare
951 739 1044 809 jus
1096 737 1402 808 in-judicio.

463 830 567 896 Qui
591 831 1034 886 oceultatmanus
1055 829 1253 886 suasin
1275 830 1731 901 sinum,injustus
1753 836 1858 895 est,
1877 842 1976 884 nec

391 920 513 979 illas
545 922 625 976 ori
649 936 749 977 suo
773 922 1051 978 admovet.

466 1115 646 1188 147.
678 1118 751 1174 Os
781 1118 1074 1191 impiorum
1102 1122 1617 1195 deglutietjudicia.

462 1205 563 1274 Qui
584 1209 1014 1283 justumjudicat
1044 1214 1335 1282 injustum.
1356 1222 1411 1270 et
1452 1215 1718 1285 injustum
1742 1216 1976 1286 justum,

391 1298 641 1369 impurus
667 1314 751 1358 cst
776 1306 920 1373 apud
944 1305 1236 1361 Dominum
1264 1315 1319 1363 et
1343 1306 1471 1363 odio
1518 1307 1738 1379 dignus.

466 1389 638 1447 Osew.
664 1392 775 1449 Cur
796 1396 1132 1466 impietatem
1165 1398 1459 1457 reticentes
1486 1400 1709 1467 tulistis,
1755 1408 1811 1456 et
1841 1400 1983 1473 inju-

391 1482 502 1538 rias
519 1483 640 1554 ejus
674 1486 1102 1545 vindemiastis?

465 1572 742 1633 Habacuc.
786 1577 1093 1652 Quousque
1122 1584 1367 1649 tandem,
1406 1585 1655 1654 Domine,
1705 1589 1978 1654 clamabo,

397 1680 498 1720 nec
530 1667 791 1724 exaudies
813 1669 835 1722 ?
859 1683 961 1726 cur
989 1670 1376 1730 demonstrasti
1411 1676 1691 1733 molestias
1721 1687 1775 1732 et
1830 1679 1982 1733 dolo-

394 1772 510 1823 res,
536 1768 595 1814 ut
629 1761 890 1832 inspicias
904 1763 1159 1822 miserias
1183 1774 1237 1822 et
1264 1769 1598 1838 impietatem
1628 1786 1714 1825 mc
1736 1771 1979 1827 circum-

392 1860 601 1907 stantes
626 1851 649 1905 ?
679 1869 744 1909 ex
774 1856 1007 1914 adverso
1033 1858 1302 1929 judicium
1332 1860 1535 1917 factum
1595 1871 1702 1930 est,
1734 1873 1787 1919 et
1815 1864 1981 1935 judex

389 1944 605 2015 recipit,
646 1957 811 2018 atque
842 1950 913 2005 ob
946 1965 1066 2006 eam
1090 1967 1314 2009 causam
1340 1955 1608 2026 dissipata
1639 1968 1722 2013 est
1748 1957 1857 2023 lex,
1885 1972 1985 2013 nec

392 2037 713 2106 perducitur
737 2040 803 2095 ad
835 2041 996 2098 ﬁnem
1025 2043 1318 2114 judicium,
1352 2048 1499 2117 quod
1551 2048 1752 2118 impius
1777 2034 1985 2118 justum

390 2126 635 2194 potentia
666 2129 924 2200 opprimit
953 2151 966 2188 :
1005 2132 1164 2203 cujus
1188 2134 1265 2191 rei
1285 2149 1453 2192 causa
1484 2138 1669 2206 prodit
1713 2138 1985 2208 judicium

391 2232 738 2289 perversum.

467 2310 750 2371 Adversus
787 2329 875 2372 me
908 2315 1114 2372 factum
1145 2327 1229 2375 est
1275 2319 1565 2402 judicium,
1601 2332 1655 2378 et
1675 2322 1839 2393 judex
1900 2337 1988 2378 re-

401 2403 558 2476 cipit,
578 2406 649 2461 ob
665 2421 830 2477 quam
853 2422 1080 2466 causam
1120 2408 1303 2479 prodit
1331 2411 1601 2480 judicium
1635 2428 1983 2485 perversum.

470 2598 587 2656 lsa.
612 2608 651 2657 ι.
676 2599 812 2657 Cum
844 2604 1205 2661 extenderitis
1231 2621 1426 2664 manus
1462 2618 1695 2676 vestras,
1724 2624 1788 2666 os
1809 2624 1988 2665 meum

398 2706 431 2746 a
446 2692 599 2751 vobis
617 2703 860 2750 avertam
885 2711 900 2762 ;
920 2710 1119 2753 manus
1137 2699 1286 2754 enim
1308 2708 1505 2755 vestra:
1523 2700 1792 2770 sanguine
1814 2700 1992 2772 plena:

400 2795 551 2845 sunt.

477 2876 566 2934 Va:
594 2878 749 2936 vobis
777 2883 869 2952 qui
888 2882 1276 2953 justilicatiset
1295 2886 1583 2942 absolvitis
1609 2887 1839 2959 impium
1870 2901 1994 2941 mu-

400 2984 593 3027 nerum
615 2987 804 3039 causa,
832 2983 887 3030 et
906 2976 997 3045 jus
1013 2978 1164 3047 justo
1186 2980 1263 3033 eri
1274 2980 1422 3050 pitis.

468 3061 810 3134 Pupillorum
840 3076 895 3122 et
924 3068 1104 3124 vidua:
1132 3085 1331 3127 causas
1350 3088 1461 3128 non
1493 3083 1878 3143 susceperunt.
1908 3073 1994 3128 An

2158 467 2446 539 ’Λργύριον
2501 468 2778 539 διδόμενον
2810 470 2949 540 μετά
2979 469 3132 524 δόλου
3164 469 3355 544 ὥσπερ
3387 474 3641 546 ὄστρακον

2074 563 2328 633 ἡγητέον.

2144 658 2443 727 Θαυμάσαι
2514 660 2805 729 πρόσωπον
2865 658 3097 720 ἀσεϐοῦς
3154 659 3217 714 οὐ
3277 657 3479 725 καλὸν,
3531 655 3644 713 οὐδὲ

2076 760 2225 813 ὅσιον
2262 756 2533 809 ἐκκλίνειν
2566 754 2627 809 τὸ
2663 753 2868 808 δίκαιον
2899 754 2957 804 ὲν
2993 752 3195 819 κρίσει.

2162 855 2221 907 Ὀ
2255 852 2582 920 έγκρύπτων
2625 851 2705 913 είς
2731 849 2822 902 τὸν
2866 850 3068 903 κόλπον
3111 846 3279 901 αὐτοῦ
3310 847 3499 915 χεῖρας
3538 844 3644 897 ἀδί-

2076 967 2217 1013 κως,
2250 947 2374 1001 οὐδὲ
2425 946 2503 1017 τῷ
2554 944 2785 1018 στόματι
2843 940 3007 997 αὐτοῦ
3058 942 3119 995 ού
3184 940 3261 1011 μὴ
3314 938 3644 1009 προσενέγκῃ

2078 1043 2266 1104 αὐτάς.

2146 1138 2331 1205 Στόμα
2357 1135 2571 1189 ἀσεϐῶν
2610 1135 2940 1189 καταπίεται
2971 1131 3207 1202 κρίσεις.

2156 1229 2251 1291 ’ος
2296 1228 2505 1282 δίκαιον
2540 1228 2715 1292 κρίνει
2766 1224 2859 1277 τὸν
2910 1225 3115 1290 ἄδικον,
3151 1222 3337 1276 ἄδικον
3384 1218 3439 1273 δὲ
3470 1216 3557 1272 τὸν
3578 1216 3645 1271 δί-

2082 1338 2258 1381 καιον,
2295 1321 2606 1389 ἀκάθαρτος
2637 1318 2732 1374 καὶ
2769 1318 3055 1388 βδελυκτδς
3084 1315 3240 1386 παρά
3272 1311 3479 1381 Κυρίῳ.

2158 1412 2274 1465 ’Ίνα
2306 1412 2358 1465 τί
2396 1411 2860 1481 παρεσιωπήσατε
2896 1407 3175 1471 ἀσέϐειαν,
3203 1403 3421 1465 καὶτὰς
3448 1400 3648 1460 ἀδικίας

2084 1507 2255 1574 αὐτῆς
2285 1507 2625 1575 ὲτρυγήσατε
2653 1523 2668 1573 ;

2161 1602 2304 1663 Ἕως
2338 1600 2491 1665 πότε,
2526 1597 2722 1664 Κύριε,
2756 1597 3100 1665 κεκράξομαι
3153 1590 3529 1658 ἀδικούμενος,
3564 1584 3649 1639 καὶ

2084 1697 2183 1750 οὐκ
2231 1692 2533 1764 είσακούσῃ
2558 1709 2572 1759 ;
2602 1680 2690 1746 ἵνα
2734 1692 2788 1744 τί
2835 1690 3043 1754 ἔδειξας
3088 1687 3295 1747 κόπους
3322 1683 3417 1738 καὶ
3444 1681 3646 1741 πόνους,

2085 1786 2400 1840 ἐπιϐλέπειν
2430 1786 2523 1839 ἐπὶ
2550 1781 2932 1849 ταλαιπωρίαν
2956 1779 3050 1834 καὶ
3083 1776 3384 1842 ἀσέϐειαν;
3430 1770 3487 1836 ἐξ
3510 1770 3651 1822 έναν⁹

2088 1880 2209 1942 τίας
2266 1896 2368 1947 μου
2427 1878 2624 1946 γέγονε
2669 1877 2877 1945 κρίσις,
2927 1876 3019 1928 καὶ
3068 1875 3098 1927 ὁ
3141 1869 3343 1940 κριτὴς
3374 1863 3646 1933 λαμϐάνει.

2087 1975 2185 2029 Διά
2246 1972 2409 2027 τοῦτο
2460 1970 2839 2026 διεσκέδασται
2890 1970 3074 2035 νόμος,
3113 1968 3206 2020 καὶ
3267 1964 3329 2017 οὐ
3361 1958 3649 2024 διεξάγεται

2090 2068 2169 2125 είς
2202 2065 2349 2128 τέλος
2386 2065 2584 2134 κρίμα,
2620 2064 2701 2116 ὅτι
2748 2064 2775 2116 ό
2829 2061 3034 2121 ἀσεϐὴς
3086 2051 3544 2111 καταδυναστεύει
3569 2048 3652 2101 τὸν

2088 2161 2317 2213 δίκαιονο
2345 2158 2531 2212 ἕνεκεν
2550 2157 2742 2211 τούτου
2765 2154 3049 2224 ἐξέρχεται
3083 2152 3143 2204 τὸ
3168 2150 3349 2221 κρίμα
3378 2146 3651 2213 διεστραμτ

2093 2253 2274 2321 μένον.

2176 2345 2268 2409 Ἐξ
2314 2342 2563 2405 ἐναντίας
2614 2358 2717 2412 μου
2773 2339 2960 2407 γέγονε
3000 2339 3211 2409 κρίσις,
3256 2336 3351 2391 καὶ
3396 2338 3441 2391 ό,
3474 2331 3650 2403 κριτὴς

2089 2441 2357 2510 λαμϐάνει
2385 2456 2399 2472 ο
2428 2438 2514 2493 διὰ
2544 2437 2700 2493 τοῦτο
2724 2436 3007 2507 ἐξέρχεται
3059 2434 3120 2488 τὸ
3160 2434 3341 2505 κρίμα
3376 2433 3650 2503 διεστραμ-

2096 2538 2273 2608 μένον.
3080 2540 3085 2551 ‘

2162 2629 2333 2681 Ὅταν
2359 2625 2642 2694 ὲκτείνητε
2677 2623 2777 2688 τάς
2804 2624 2997 2694 χεῖρας
3030 2622 3213 2692 ὑμῶν,
3246 2617 3565 2687 ἀποστρέψω
3596 2612 3650 2665 τὸ

2094 2720 2387 2792 πρόσωπόν
2421 2736 2523 2789 μου
2547 2719 2641 2788 ἀφ’
2668 2716 2845 2788 ὑμῶν.
2870 2716 2938 2771 Ai
2966 2716 3077 2787 γάρ
3109 2717 3298 2787 χεῖρες
3329 2711 3480 2783 ὑμῶν
3506 2707 3652 2775 αἵμα-

2092 2834 2183 2880 τος
2212 2814 2461 2886 πλήρεις.
3651 2803 3657 2808 ’

2167 2902 2304 2956 Οὐαὶ
2328 2903 2376 2957 oi
2404 2901 2745 2963 δικαιοῦντες
2774 2900 2866 2954 τὸν
2916 2900 3089 2969 ἀσεϐῆ
3117 2898 3311 2951 ἕνεκεν
3337 2895 3537 2963 δώρων,
3570 2888 3652 2942 καὶ

2096 2994 2157 3049 τὸ
2185 2994 2395 3049 δίκαιον
2422 2992 2518 3046 τοῦ
2549 2993 2763 3047 δικαίου
2795 2993 3046 3061 αἴροντες
3078 2990 3177 3043 ἀπ’
3208 2985 3398 3050 αὐτοῦ.

2172 3091 2285 3144 Οὐκ
2327 3090 2552 3158 ἔκριναν
2590 3088 2777 3156 κρίσιν
2820 3084 3097 3154 ὀρφανῶν,
3126 3086 3227 3139 καὶ
3273 3085 3453 3154 κρίσιν
3495 3081 3654 3151 χήρας

401 3171 513 3213 non
536 3157 650 3214 haec
685 3158 939 3228 visitabo,
969 3160 1103 3217 dicit
1125 3162 1409 3227 Dominus,
1436 3175 1527 3220 auI
1563 3166 1618 3221 in
1651 3166 1816 3221 talem
1859 3180 1993 3237 gen-

2100 3185 2201 3239 οὺκ
2228 3184 2471 3253 ἔκριναν.
2494 3182 2587 3251 Μὴ
2619 3180 2712 3234 ἐπὶ
2751 3179 2963 3243 τούτοις
2992 3176 3095 3232 οὐκ
3127 3177 3496 3245 ἐπισκέψομαι
3524 3190 3537 3240 ;
3580 3170 3656 3224 λέ-

404 3257 515 3304 tem
536 3263 648 3305 non
671 3251 973 3310 vindicabit
990 3255 1173 3310 anima
1196 3271 1318 3310 mea
1342 3255 1364 3309 Ἰ

478 3452 571 3510 Vze
604 3455 975 3513 scribentibus
1006 3457 1296 3525 malitiam.
1318 3456 1633 3513 Scribentes
1665 3457 1811 3513 enim
1841 3456 1997 3511 mali-

406 3547 538 3602 tiam
570 3547 839 3614 scribunt,
876 3563 906 3602 a
937 3564 998 3604 se
1024 3550 1339 3617 rejicientes
1388 3565 1693 3620 pauperum
1749 3564 1998 3613 causam,

2102 3294 2190 3345 γει
2213 3274 2443 3345 Κύριος,
2495 3274 2529 3344 ἢ
2566 3274 2624 3327 ὲν
2654 3271 2797 3326 ἔθνει
2827 3271 2906 3343 τῷ
2936 3273 3165 3342 τοιούτῳ
3197 3271 3298 3326 οὒκ
3342 3264 3654 3333 ἐκδικήσειή

2101 3368 2245 3436 ψυχή
2283 3383 2420 3439 μους

2175 3456 2315 3510 Οὐαὶ
2361 3456 2473 3517 τοῖς
2522 3456 2794 3525 γράφουσι
2844 3455 3142 3525 πονηρίαν.
3224 3454 3525 3524 Γράφοντες
3562 3445 3657 3515 γὰρ

2104 3547 2369 3616 πονηρίαν
2413 3547 2756 3618 γράφουσιν,
2808 3548 3150 3611 ἐκκλίνοντες
3198 3547 3380 3616 κρίσιν
3427 3539 3655 3611 πτωχῶν.

408 3640 684 3711 rapientes
709 3641 915 3711 judicia
942 3657 1244 3712 pauperum
1272 3644 1458 3711 populi
1491 3644 1621 3707 mei,
1655 3652 1713 3697 ut
1739 3643 1900 3698 vidua
1931 3642 2002 3697 sit

410 3728 521 3785 illis
534 3730 738 3798 rapinae
755 3740 810 3787 et
827 3732 1064 3801 pupillus
1085 3733 1278 3801 praedae
1304 3747 1319 3788 :
1342 3741 1397 3786 at
1413 3733 1544 3803 quid
1561 3735 1613 3787 in
1632 3733 1721 3787 die
1738 3732 2003 3787 visitatio-

412 3823 499 3875 nis
522 3821 760 3878 facient?
791 3824 1014 3880 aﬂlictio
1039 3825 1183 3879 enim
1218 3826 1458 3894 ipsorum
1486 3820 1616 3880 olim
1631 3826 1813 3881 veniet
1847 3843 1860 3880 :
1887 3837 2000 3880 tum

415 3914 483 3970 ad
541 3929 703 3985 quem
738 3915 1048 3986 perfugient
1088 3918 1275 3973 auxilii
1312 3918 1527 3985 petendi
1554 3919 1760 3974 causa?

2103 3638 2447 3707 ἁρπάζοντες
2492 3640 2669 3708 κρίμα
2711 3640 2960 3709 πενήτων
3008 3638 3103 3693 τοῦ
3150 3637 3288 3695 λαοῦ
3343 3653 3465 3707 μου.
3494 3633 3563 3696 ὡς
3604 3628 3658 3682 τδ

2105 3727 2247 3787 εἶναι
2293 3731 2477 3796 αὐτοῖς
2529 3733 2709 3803 χήραν
2757 3732 2840 3796 είς
2885 3731 3163 3805 ἁρπαγὴν,
3198 3730 3291 3787 καὶ
3337 3727 3561 3802 ὀρφανὸν
3588 3722 3658 3785 εἱς

2106 3826 2409 3895 προνομήν.
2438 3826 2544 3879 Καὶ
2575 3826 2628 3877 τί
2678 3825 2966 3894 ποιήσουσι
3005 3827 3071 3895 τῇ
3116 3827 3303 3897 ἡμέρᾳ
3340 3825 3436 3893 τῆς
3464 3823 3660 3873 ἐπισκο-

2106 3918 2245 3985 πῆς;
2279 3921 2311 3988 ἡ
2347 3917 2456 3989 γὰρ
2492 3917 2675 3986 θλίψις
2698 3915 2878 3970 αὐτῶν
2910 3917 3198 3988 πόρρωθεν
3228 3917 3347 3989 ἥξει
3370 3935 3384 3949 ·
3421 3912 3513 3969 καὶ
3541 3907 3660 3980 πρδς

2107 4010 2228 4064 τίνα
2260 4008 2693 4078 καταφεύξονται
2715 4008 2809 4063 τοῦ
2833 4008 3199 4080 βοηθηθῆναι;

2180 4102 2246 4155 Τί
2273 4102 2431 4172 ὑμεῖς
2461 4102 2697 4156 ἀδικεῖτε
2751 4102 2842 4156 τὸν
2871 4100 3000 4155 λαόν
3039 4120 3166 4169 μου,
3190 4104 3286 4158 καὶ
3315 4103 3373 4156 τὸ
3397 4102 3661 4170 πρόσωπον

2108 4190 2219 4244 τῶν
2258 4193 2491 4263 πτωχῶν
2531 4194 2960 4265 καταισχύνετε;
2994 4196 3166 4265 φησὶν
3234 4199 3263 4250 ὁ
3291 4197 3508 4261 Κύριος.

488 4100 600 4154 Cur
628 4113 747 4167 vos,
772 4099 951 4169 inquit
978 4101 1265 4166 Dominus,
1296 4102 1552 4172 injuriam
1589 4102 1772 4160 facitis
1801 4105 2005 4174 populo

418 4206 565 4257 meo,
600 4200 654 4247 et
685 4206 783 4247 ora
820 4206 1119 4263 pauperum
1146 4194 1410 4250 dedecore
1432 4204 1486 4250 et
1532 4196 1832 4267 ignominia
1886 4196 2000 4251 alli-

418 4283 587 4342 citis?
1726 4296 1737 4307 ’

491 4376 607 4438 Isa.
644 4394 697 4433 v.
730 4378 825 4435 Vae
854 4381 946 4450 qui
981 4379 1184 4434 malum
1209 4379 1394 4435 dicitis
1416 4379 1644 4447 bonum,
1693 4390 1751 4437 et
1801 4382 1993 4438 bonum

2184 4380 2323 4435 Οὐαὶ
2355 4378 2405 4433 οι
2431 4378 2682 4447 λέγοντες
2709 4382 2772 4434 τὸ
2800 4381 3042 4452 πονηρ’ν
3085 4381 3277 4445 καλὸν,
3305 4380 3399 4433 καὶ
3434 4374 3493 4430 τὸ
3520 4368 3663 4426 καλὸν

421 4469 649 4537 malum,
686 4480 741 4524 et
777 4470 985 4540 ponitis
1032 4470 1211 4550 lucem
1249 4470 1527 4537 tenebras,
1554 4479 1611 4525 et
1642 4472 1898 4528 trenebas
1921 4472 1993 4527 lu-

2114 4473 2351 4543 πονηρόν
2377 4489 2389 4503 '
2426 4475 2473 4526 οἱ
2497 4472 2740 4536 τιθέντες
2768 4472 2831 4525 τὸ
2871 4474 2988 4541 φῶς
3020 4473 3233 4539 σκότος,
3267 4470 3360 4525 καὶ⁵
3409 4467 3467 4522 τὸ
3494 4461 3663 4567 σκότος

421 4576 564 4627 cem,
601 4571 655 4616 et
686 4576 933 4617 amarum
968 4562 1148 4629 dulce,
1180 4570 1233 4618 et
1261 4561 1418 4617 dulce
1448 4577 1719 4618 amarum.

2114 4568 2229 4637 φῶς
2255 4581 2269 4598 ⁸
2303 4565 2353 4618 οἶ
2400 4564 2643 4627 τιθέντες
2701 4565 2763 4617 τὸ
2806 4564 3008 4635 πικρὸν
3052 4564 3251 4633 γλυκὺ,
3282 4563 3376 4616 καὶ
3420 4558 3479 4612 τὸ
3509 4552 3661 4625 γλυκὺ

2113 4661 2329 4728 πικρόν.

493 4743 867 4815 lmproborum
900 4747 1192 4802 consilium
1247 4746 1436 4817 iniqua
1472 4745 1761 4812 deliberat,
1797 4755 1857 4803 ut
1900 4748 1993 4803 hu-

2202 4751 2265 4804 Ἦ
2297 4751 2461 4821 βουλῆ
2497 4750 2606 4804 τῶν
2650 4749 2905 4818 πονηρῶν
2939 4750 3118 4819 ἄνομα
3155 4744 3482 4818 βουλεύεται,
3508 4751 3658 4793 κατα-

424 4836 581 4892 miles
597 4839 846 4893 oratione
869 4839 1055 4909 iniqua
1078 4838 1291 4910 perdat,
1314 4848 1368 4894 et
1389 4854 1692 4910 pauperum
1725 4855 1993 4896 sermone:

2115 4843 2335 4914 φθεῖραι
2358 4843 2644 4906 ταπεινοὺς
2674 4844 2731 4896 ἐν
2758 4842 2940 4907 λόγοις
2966 4839 3195 4904 ἀδίκοις,
3224 4839 3318 4893 καὶ
3338 4828 3662 4892 διασκεδάσαι

424 4932 478 4984 in
497 4929 704 4999 judicio
728 4931 977 5002 dissipet.

2115 4935 2309 4999 λόγους
2339 4933 2591 5001 πενήτων
2621 4934 2679 4986 ὲν
2711 4932 2914 5002 κρίσει.

504 5020 765 5078 Ezechiel.
808 5023 1066 5094 Dejeeisti
1106 5025 1426 5097 superbum,
1473 5035 1529 5083 et
1563 5029 1809 5084 extulisti
1862 5029 1993 5099 deje‘

2200 5027 2600 5091 Ἐταπείνωτας
2665 5025 2871 5095 ὑψηλὸν
2892 5069 2906 5092 ,
2970 5025 3065 5079 καὶ
3138 5022 3358 5094 ὖψωσας
3414 5008 3661 5072 ταπεινόν.

430 5124 576 5171 ctum
613 5134 625 5170 :
653 5131 750 5187 pro
776 5117 974 5186 injuria
1005 5118 1109 5174 hoc
1129 5133 1352 5189 ponam,
1379 5119 1510 5175 dicit
1550 5120 1835 5175 Dominus.

2131 5120 2370 5175 Ἀδικίαν
2398 5119 2637 5189 θήσομαι
2676 5119 2829 5187 αὐτὸ,
2862 5117 3010 5186 λέγει
3045 5118 3274 5190 Κύριος.

503 5208 697 5265 Ezech.
733 5227 888 5267 χχιιι.
922 5212 1132 5267 Animae
1168 5212 1355 5284 populi
1385 5213 1488 5270 mei
1526 5230 1794 5285 perversa:
1817 5222 1993 5269 sunte

2190 5214 2256 5266 Αἰ
2290 5211 2458 5282 ψυχαὶ
2496 5211 2903 5281 διεστράφησαν
2941 5209 3036 5263 τοῦ
3068 5208 3197 5264 λαοῦ
3227 5225 3348 5279 μου,
3382 5201 3470 5259 καὶ
3508 5192 3664 5285 ψυχᾲς

436 5303 650 5358 animus
671 5302 1087 5359 vivilicaverunt
1118 5279 1216 5375 (i—),
1247 5279 1307 5360 et
1337 5307 1479 5375 apud
1511 5279 1770 5375 pepulum
1838 5322 1993 5360 incun

2122 5279 2557 5374 περιεποιοῦντο,
2613 5279 2709 5355 καὶ¹
2736 5279 2743 5281 Ὗ
2770 5300 3071 5371 ὲϐεϐήλουν
3120 5318 3186 5369 με
3242 5297 3379 5368 πρὸς
3425 5292 3510 5345 τὸν
3554 5279 3663 5356 λαόν

435 5390 799 5462 profanat-unt
831 5408 913 5446 me
942 5409 1037 5462 pro
1064 5395 1251 5449 hordei
1296 5397 1500 5465 pugillo
1531 5406 1585 5451 et
1606 5396 1779 5451 frusto
1839 5399 1993 5467 panis

2127 5414 2252 5468 μου,
2284 5396 2470 5449 ’ἐνεκεν
2514 5394 2714 5463 δρακθις
2759 5392 2990 5462 κριθῶν,
3019 5394 3115 5446 καὶ
3158 5392 3345 5445 ἕνεκεν
3378 5384 3661 5468 πλάσματος

439 5485 504 5538 ad
537 5500 630 5538 eos
665 5485 1074 5542 interﬁciendos
1099 5503 1237 5556 quos
1260 5489 1436 5543 occidi
1462 5504 1569 5543 non
1601 5480 1908 5560 oportebat,
1968 5508 1993 5545 e

2124 5491 2314 5560 ἄρτου,
2345 5488 2659 5539 ἀποκτεῖναι
2688 5485 2865 5556 ψυχὰς
2896 5484 2960 5547 ἀς
2994 5485 3095 5539 οὐκ
3123 5485 3231 5539 ἔδει
3267 5474 3561 5535 ἀποθανεῖν,
3586 5461 3665 5519 καὶ

442 5587 499 5631 ut
518 5593 613 5636 eos
629 5593 883 5633 conserva
894 5590 1012 5634 rent
1027 5582 1080 5634 in
1106 5581 1210 5636 vita
1229 5598 1367 5652 quos
1387 5584 1565 5641 vivere
1590 5585 1993 5655 norroportebal

2127 5579 2543 5654 περιεποιοῦντο
2567 5579 2745 5651 ψυχὰς
2774 5577 2840 5644 ἀς
2870 5580 2972 5634 οὐκ
3003 5579 3112 5633 ἔδει
3144 5576 3329 5647 ζῆσαι.

522 5781 597 5851 (ι)
645 5782 703 5837 Id
741 5791 823 5838 est
865 5782 1237 5839 absolverunt.
