4056 6420
479 451 610 520 1041

1343 459 1515 522 LOCI
1555 462 1997 531 COMMUNES.
2038 492 2110 507 —
2150 470 2348 534 PARS
2392 474 2479 539 II.
2517 477 2774 541 SERMO
2818 482 2927 544 ΙΧ.

3596 484 3739 549 1042

543 563 708 623 Ξένια
756 563 849 618 καὶ
886 563 1033 637 δῶρα
1077 564 1336 636 ὖκτυφλοϊ
1376 567 1693 644 ὀφθαλμούς
1722 575 1925 644 σοφῶν,
1961 575 2088 639 καὶ,

2234 584 2402 644 Eccli.
2433 604 2524 643 xx.
2554 586 2727 644 Xenia
2755 600 2809 645 et
2835 605 3063 645 munera
3089 602 3361 648 excaecant
3407 595 3593 650 oculos
3646 613 3739 651 sa-

471 654 548 720 ὡς
575 657 740 726 φιμὸς
763 658 823 711 ἐν
852 656 928 729 τῷ
965 658 1197 730 στόματι
1224 659 1561 732 ἀποστρέφει
1595 665 1887 736 ὲλεγμούς.

545 835 734 888 Ἐστιν
774 837 1057 893 ἀπολλύων
1104 839 1202 906 τὴν
1247 841 1427 914 ψυχὴν
1458 844 1624 898 αὐτοῦ
1656 845 1725 899 δι’
1757 847 2046 919 αἰσχύνην,

471 927 563 981 καὶ
595 927 706 981 ἀπὸ
733 927 948 1000 λήψεως
977 931 1271 1001 προσώπου
1306 934 1498 988 ἀπολεῖ
1529 936 1719 1007 αὑτήν.

546 1020 606 1073 El
634 1022 1172 1093 προσωποληπτείτε,
1195 1025 1471 1097 ἁμαρτίαν
1490 1029 1812 1098 ἐργάζεσθε,
1831 1031 2048 1102 ἔλεγχό-

473 1126 625 1181 μενοι
652 1113 716 1166 ὲκ
747 1113 841 1166 τοῦ
874 1113 1043 1184 νόμου
1073 1116 1146 1181 ὡς
1179 1117 1520 1188 παραϐάται.

541 1289 633 1342 Διὸ
663 1290 1070 1363 ἀναπολόγητος
1117 1290 1184 1361 εἴ,
1227 1289 1272 1349 ὦ
1308 1296 1586 1368 ἄνθρωπε,
1620 1301 1730 1365 πᾶς
1759 1303 1785 1354 ὁ
1816 1302 2044 1371 κρίνων.

480 1377 572 1431 Ἐν
620 1371 666 1446 ᾧ
714 1379 824 1450 γὰρ
874 1382 1106 1452 κρίματι
1160 1384 1369 1454 κρίνεις
1419 1387 1512 1439 τὸν
1564 1386 1773 1467 ἕτερον,
1819 1391 2047 1444 σεαυτὸν

470 1471 840 1542 κατακρίνεις.
869 1473 950 1527 Τὰ
979 1475 1089 1545 γάρ
1120 1475 1261 1531 αύτά
1300 1478 1567 1548 πράσσεις
1594 1482 1621 1533 ὁ
1654 1481 1877 1550 κρίνων.

547 1651 762 1716 Ἀδικος
787 1651 1047 1725 δικαστὴς
1077 1654 1465 1728 μεμολυσμένη
1496 1646 1827 1728 συνείδησις.

549 1833 610 1887 '0
640 1832 738 1904 τὴν
766 1833 942 1905 ἀληθῆ
973 1834 1323 1906 δικαιοσύνην
1354 1839 1428 1907 μή
1463 1839 1603 1908 ἔχων
1647 1855 2045 1909 προεναποκει-

472 1925 642 1997 μένην
670 1926 832 1980 αὑτοῦ
858 1930 923 1997 τῇ
951 1927 1121 1998 ψυχῇ,
1139 1929 1255 1981 ἀλλ’
1284 1931 1317 1999 ἢ
1348 1930 1595 2000 χρήμασι
1622 1930 2039 2001 διεφθαρμένος.

465 2015 500 2085 ἢ
561 2016 714 2087 φιλίᾳ
768 2018 1151 2087 χαριζόμενος,
1213 2019 1244 2088 ἢ
1303 2018 1505 2090 ἔχθραν
1572 2020 1942 2089 ἀμυνόμενος,
2008 2021 2040 2089 ἢ

467 2108 786 2164 δυναστείαν
822 2111 1263 2182 δυσωπούμενος,
1296 2112 1357 2166 τδ
1386 2113 1561 2183 κρίμα
1593 2114 1950 2193 κατευθύνειν
1983 2116 2040 2169 ού

466 2194 708 2256 δύναται.
976 2199 993 2205 ”
1486 2260 1489 2263 ,

539 2293 607 2347 Δί
645 2294 799 2364 παρά
830 2295 1059 2366 ἄρχουσι
1092 2297 1303 2368 κρίσεις
1331 2298 1453 2352 οὐδὲ
1481 2298 1581 2370 τὴν
1622 2299 1782 2371 νίκην
1812 2301 2047 2371 ἀζήμιον

469 2384 750 2455 φέρουσιν.

539 2471 618 2529 Οὐ
652 2474 791 2543 πρὸς
831 2474 1042 2530 δικαίου
1094 2476 1284 2546 ἀνδρὸς
1323 2481 1505 2550 σιωπῇ
1546 2479 1645 2544 τάς
1693 2479 2049 2550 παρανομίας

467 2564 877 2621 ὲπικαλύπτειν.

537 2658 617 2728 Τῇ
664 2657 774 2711 τῶν
814 2658 1146 2724 δικαζόντων
1198 2664 1557 2736 μακροθυμίᾳ
1608 2667 1656 2718 οί
1712 2665 1834 2722 λίαν
1874 2667 2048 2721 ἄδικοι

469 2750 827 2822 σκληρότεροι
867 2752 1020 2807 αὐτοὶ
1066 2754 1278 2809 ἑαυτῶν
1312 2756 1558 2825 γίνονται
1607 2759 1749 2812 κατά
1794 2759 1855 2811 τὸ
1890 2760 2050 2811 ἀπει-

467 2843 602 2898 θεῖν.
631 2844 742 2898 Καὶ
786 2845 869 2898 δεῖ
914 2845 1005 2900 τὸν
1051 2847 1247 2917 κριτήν
1294 2849 1518 2914 ειδέναι,
1552 2851 1634 2903 ὅτι
1688 2850 1873 2921 κρίσει
1909 2848 2048 2904 Θεοῦ

465 2933 752 3004 ὑπηρετεῖ,
787 2937 878 2989 καὶ
924 2936 985 2989 ού
1028 2937 1219 3008 κύριός
1271 2939 1421 2991 ἐστιν
1467 2938 1543 3003 ὡς
1593 2939 1846 3010 βούλεται
1893 2940 2050 3007 ἀγειν

462 3035 529 3078 το
579 3025 780 3096 κρίμα,
821 3025 963 3081 ὥστε
1021 3031 1116 3081 καὶ
1168 3028 1495 3101 χαρίζεσθαι
1545 3024 1657 3096 τοῖς
1706 3032 2050 3104 κρινομένοις

465 3122 752 3193 τάγματα.

2062 678 2069 685 ’
2155 676 2422 747 pientum,
2477 687 2531 733 et
2553 680 2709 749 quasi
2768 680 2983 735 frenum
3039 681 3091 737 in
3142 697 3236 739 ore
3286 686 3738 754 reprehensiones

2156 780 2433 825 avertunt.

2223 860 2318 916 Est
2351 862 2443 932 qui
2476 865 2667 933 perdat
2697 866 2936 921 animam
2962 883 3117 923 suam
3154 885 3250 939 per
3309 870 3733 937 turpitudinem,

2155 962 2205 1009 et
2239 963 2520 1023 respectus
2572 972 2930 1025 personarum
2956 960 3135 1030 perdit
3164 976 3308 1016 eam.

2235 1046 2395 1118 148
2430 1048 2544 1102 Jac.
2577 1064 2635 1104 ιι.
2673 1050 2727 1105 Si
2786 1066 3073 1118 personam
3126 1054 3423 1125 respicitis,
3455 1067 3737 1125 peccatum

2154 1135 2443 1193 admittitis
2477 1157 2490 1192 :
2522 1140 2983 1208 reprehendimini
3012 1144 3156 1199 enim
3207 1161 3236 1200 a
3286 1146 3405 1217 lege
3472 1155 3735 1217 tanquam

2155 1229 2473 1284 violatores.

2229 1318 2387 1375 Rom.
2421 1337 2481 1376 ιι.
2522 1321 2703 1389 Quare
2747 1327 3158 1383 excusationem
3198 1344 3307 1384 non
3358 1330 3551 1397 habes,
3582 1345 3615 1385 o
3641 1330 3739 1385 ho-

2154 1426 2264 1476 mo,
2296 1412 2546 1482 quisquis
2577 1429 2635 1469 es
2663 1415 2753 1485 qui
2781 1415 2994 1483 iudicas
3027 1434 3175 1488 :quo
3199 1420 3343 1474 enim
3396 1421 3608 1492 judicio
3668 1422 3737 1477 de

2154 1503 2322 1558 altero
2334 1503 2568 1572 iudicas,
2594 1506 2821 1575 teipsum
2844 1509 3203 1578 condemnas;
3224 1512 3410 1566 eadem
3432 1512 3575 1567 enim
3601 1511 3736 1568 l‘acis

2153 1594 2244 1664 qui
2271 1595 2505 1669 iudicas.

2226 1686 2286 1741 S.
2322 1685 2541 1743 Basilii.
2591 1688 2817 1760 iniquus
2859 1692 3025 1760 iudex
3057 1697 3434 1752 contaminata
3460 1700 3735 1754 conscien-

2155 1789 2252 1833 lla.

2077 1900 2117 1955 Β
2222 1868 2324 1937 Qui
2352 1876 2817 1946 veramjustitiam
2862 1878 2913 1931 in
2949 1878 3132 1932 animo
3166 1879 3317 1948 prius
3345 1878 3581 1934 deﬁxam
3627 1895 3734 1933 non

2148 1959 2332 2026 habet,
2361 1962 2457 2019 sed
2492 1965 2576 2020 vel
2611 1967 2840 2035 pecunia
2891 1969 3283 2039 corrumpitur,
3334 1969 3418 2023 vel
3477 1970 3733 2025 amicitiae

2145 2053 2481 2121 gratiﬁcatur
2502 2064 2556 2110 et
2602 2058 2819 2127 placere
2859 2060 3061 2121 studet,
3100 2060 3183 2115 vel
3214 2060 3556 2117 inimicitiam
3593 2062 3734 2116 ulci-

2144 2143 2335 2213 scitur,
2364 2147 2446 2201 vel
2467 2149 2721 2216 potentiae
2755 2152 2958 2220 praebet
2995 2153 3339 2223 obsequium,
3360 2153 3408 2209 is
3427 2162 3575 2210 recte
3591 2154 3737 2227 iudi-

2145 2234 2227 2288 cia
2250 2250 2503 2294 exercere
2531 2253 2639 2295 non
2665 2250 2869 2310 potest.

2216 2326 2428 2385 Judicia
2457 2331 2601 2400 apud
2654 2332 3008 2404 magistratus
3064 2350 3134 2391 ne
3187 2336 3471 2393 victoriam
3513 2340 3735 2409 quidem

2150 2419 2268 2475 sine
2293 2421 2493 2475 damno
2516 2433 2819 2492 reportant.

2226 2512 2487 2584 Tlieologi.
2522 2509 2635 2570 Viri
2668 2518 2793 2571 honi
2851 2533 2959 2574 non
3017 2530 3100 2576 est
3147 2520 3471 2592 iniquitates
3516 2523 3737 2580 silentio

2155 2610 2475 2674 contegere.

2222 2696 2472 2765 Iniuriosi
2504 2713 2670 2768 supra
2703 2700 2921 2757 modum
2961 2704 3053 2773 qui
3083 2715 3235 2770 sunt,
3289 2706 3536 2778 iudicum
3595 2706 3737 2763 leni-

2154 2792 2267 2841 tate
2304 2787 2439 2842 dunt
2475 2791 2918 2849 contumaciores
2947 2794 3013 2849 ad
3047 2811 3153 2852 non
3190 2798 3496 2867 parendum
3554 2809 3611 2853 et
3636 2797 3735 2853 de-

2153 2877 2499 2932 trectandum
2535 2879 2848 2950 imperium.
2879 2884 2945 2939 Et
2960 2885 3201 2954 iudicem
3230 2888 3373 2944 scire
3431 2898 3646 2960 oportet
3676 2908 3737 2953 se

2154 2966 2249 3021 Dei
2274 2966 2328 3021 in
2359 2966 2568 3037 iudicio
2602 2970 2913 3027 ministrum
2941 2988 3083 3042 esse,
3116 2990 3223 3032 non
3255 2993 3383 3034 vero
3411 2978 3729 3048 dominum,

2154 3060 2248 3130 qui
2278 3060 2622 3133 litigantibus
2648 3063 2794 3135 leges
2812 3064 3010 3137 etiura
3052 3071 3366 3143 praescripta
3420 3074 3739 3132 condonare

2155 3156 2353 3225 possit.

532 3214 705 3277 Φόϐος
762 3213 899 3268 Θεοῦ
963 3213 1270 3287 ἀνθρώπων
1332 3219 1621 3291 σωτήριος,
1684 3221 1915 3286 σπάνιος
1966 3220 2088 3294 δέη

2156 3213 2174 3225 ⁸
2222 3245 2396 3303 Metus
2420 3246 2517 3303 Dei
2551 3249 2866 3309 hominibus
2891 3253 3158 3311 salutans.
3196 3265 3300 3325 est,
3335 3260 3428 3314 sed
3470 3260 3608 3314 idem
3632 3276 3735 3315 ra-

328 3364 353 3383 .
466 3304 634 3359 Ὅθεν
658 3304 720 3359 ού
755 3306 862 3378 χρὴ
898 3306 1204 3379 θαυμάζειν
1229 3311 1524 3380 ἀφορῶντα
1547 3311 1686 3383 πρός
1711 3328 1773 3365 τε
1800 3311 2044 3383 πένητας

466 3399 1035 3470 συκοφαντουμένους,
1089 3401 1186 3455 καὶ
1234 3402 1371 3471 πρὸς
1431 3403 1695 3467 δικαστὰς
1744 3402 2043 3475 παραλογι-

466 3487 751 3561 ζομένους.

472 3598 477 3601 ·
538 3580 614 3633 Th
656 3579 844 3652 νέμειν
878 3581 970 3637 ῐσα
1018 3583 1129 3649 τοῖς
1179 3582 1388 3649 ἀνίσοις
1440 3584 1540 3656 τῆς
1577 3587 1845 3657 μεγίστης
1892 3584 2043 3640 ἐστὶν

465 3674 705 3740 ἀδικίας.

1083 3792 1303 3848 ΛΟΓΟΣ
1351 3792 1428 3847 Θ’.

467 3910 865 3982 Περίλγονέων
901 3907 1206 3982 χρηστῶν,
1238 3910 1337 3966 καὶ
1373 3913 1464 3967 ὅτι
1497 3911 1614 3981 χρὴ
1638 3912 1736 3969 διὰ
1767 3912 2047 3981 σπουδῆς

538 3980 653 4037 καί
677 3981 1107 4053 προσηκόντως
1144 3981 1251 4047 τὰς
1300 3984 1420 4039 τῶν
1455 3980 1683 4038 τέκνων
1737 3984 2048 4053 ἀναγωγὰς

539 4051 863 4117 ποιεῖσθαι,
1420 4126 1429 4137 ι
1813 4116 1817 4121 ,

543 4161 681 4221 Εῖπε
722 4165 948 4237 Κύριος,
1006 4167 1083 4220 Ού
1130 4165 1205 4236 μὴ
1255 4165 1449 4236 κρύψω
1498 4165 1609 4233 ἐγὼ
1650 4167 1756 4219 ἀπὸ
1801 4166 2048 4236 Ἀϐραὰμ

472 4261 568 4317 τοῦ
590 4263 777 4328 παιδός
801 4280 903 4334 μου
929 4263 965 4318 ά
994 4263 1111 4333 ἐγὼ
1136 4265 1298 4319 ποιῶ.
1331 4266 1519 4336 ᾜδειν
1547 4265 1658 4336 γὰρ
1683 4266 1763 4319 ὅτι
1795 4265 2047 4332 συντάξει

481 4354 736 4428 Ἀϐραάμ
778 4356 891 4420 τοῖς
915 4355 1051 4417 υἱοῖς
1090 4355 1255 4409 αὐτοῦ
1283 4357 1377 4408 καὶ
1417 4353 1494 4425 τῷ
1534 4355 1669 4425 οἴκῳ
1711 4356 1876 4410 αὑτοῦ
1930 4358 2047 4426 μετ’

468 4446 653 4513 αύτδν,
678 4447 775 4501 καὶ
801 4444 1099 4515 φυλάξουσι
1125 4446 1224 4510 τὰς
1264 4447 1417 4510 ὁδούς
1471 4448 1705 4517 Κυρίου,
1751 4450 1927 4501 ποιεῖν
1969 4449 2047 4502 δι-

2148 3339 2447 3409 rus:quod
2484 3341 2794 3397 mirandum
2850 3358 2958 3399 non
3010 3355 3095 3403 est
3137 3348 3183 3403 si
3242 3349 3573 3413 consideres,
3617 3358 3733 3405 tum

2148 3444 2417 3499 pauperes
2482 3432 2773 3490 calumniis
2840 3450 3155 3506 oppressos,
3200 3439 3549 3520 tumiu‘dices
3590 3440 3733 3496 l‘also

2144 3518 2473 3585 iudicantes.

2218 3610 2469 3668 Maxima:
2498 3621 2582 3670 est
2611 3614 2900 3685 iniustitia:
2931 3620 3087 3688 paria
3113 3621 3418 3691 imparibus
3466 3623 3728 3681 tribuere.

2543 3809 2782 3867 SERMO
2828 3813 2895 3868 ix
2928 3812 3026 3888 [αι.
3081 3815 3293 3872 cxxw
3301 3817 3343 3890 1.

2150 3926 2226 3981 De
2243 3928 2555 3997 parentibus
2568 3929 2737 3991 bonis,
2758 3941 2802 4007 et
2828 3933 2966 4002 quod
2990 3943 3227 4007 oporteat
3246 3935 3434 3990 liberos
3455 3937 3731 4007 diligenter

2462 4012 2467 4017 ·
2641 4015 2704 4053 ut:
2738 4003 2976 4057 decenter
3005 4005 3233 4061 institui.

2221 4176 2352 4231 Gen.
2408 4190 2567 4232 xvut.
2604 4177 2724 4232 Non
2768 4179 2979 4247 celabo,
3026 4181 3201 4252 inquit
3235 4182 3519 4250 Dominus,
3559 4183 3730 4240 Abra-

2149 4265 2273 4321 ham
2305 4266 2570 4322 famulum
2603 4282 2807 4332 meum,
2837 4285 2961 4339 quae
2993 4270 3241 4329 facturus
3267 4275 3393 4329 sim.
3423 4273 3549 4329 Scio
3578 4274 3725 4329 enim

2149 4355 2296 4426 quod
2338 4366 2708 4426 praecepturus
2757 4360 2831 4414 sit
2895 4360 3024 4417 (iliis
3076 4364 3190 4418 suis
3227 4378 3291 4419 ac
3346 4364 3566 4421 familiae
3618 4380 3735 4421 suae

2148 4446 2346 4503 futurae
2364 4457 2488 4517 post
2513 4448 2715 4517 ipsum,
2746 4458 2807 4503 ut
2839 4449 3138 4507 observent
3162 4453 3278 4509 vias
3310 4455 3544 4519 Domini,
3567 4456 3731 4523 justi-

468 4537 764 4608 καιοσύνην
797 4539 890 4592 καὶ
917 4538 1118 4606 κρίσιν,
1139 4538 1287 4601 ὅπως
1318 4537 1384 4591 ἂν
1407 4540 1661 4609 ἐπαγάγῃ
1706 4541 1734 4591 ό
1778 4539 1909 4603 Θεὸς
1955 4540 2045 4593 ἐπὶ
2068 4567 2088 4630 1

2152 4537 2281 4593 tiam
2312 4548 2367 4594 et
2393 4539 2663 4609 iudicium
2686 4550 3031 4609 exercentes,
3055 4552 3115 4599 ut
3135 4544 3371 4601 adducat
3396 4544 3537 4601 Deus
3566 4562 3735 4617 super,

479 4628 737 4700 Ἀϐραάμ
760 4630 944 4685 πάντα
972 4632 1073 4685 ὅσα
1093 4629 1325 4702 ἐλάλησε
1348 4631 1484 4701 πρὸς
1527 4630 1710 4686 αὐτόν.

547 4721 905 4778 Ἀπέστελλεν
942 4721 1087 4789 Ἰὼϐ,
1128 4723 1221 4775 καὶ⁵
1248 4721 1542 4792 ἐκαθάριζε
1573 4721 1640 4775 τά
1663 4722 1831 4777 τέκνα
1852 4721 2042 4785 αὑτοῦ,

466 4813 930 4884 ἀνιστάμενοςτῷ
954 4813 1120 4884 πρωϊ,
1158 4812 1626 4883 καὶπροσφὲρων
1679 4814 1812 4883 περὶ
1867 4813 2044 4868 αὐτῶν

470 4903 665 4968 θυσίας
696 4904 835 4960 κατὰ
879 4906 972 4959 τὸν
1023 4905 1259 4976 ἀριθμὸν
1303 4904 1502 4969 αὐτῶν,
1560 4905 1655 4958 καὶ
1707 4906 1906 4974 μόσχον
1951 4904 2045 4957 ἕνα

469 5011 538 5048 πε
550 4994 603 5064 pl
624 4995 919 5067 ἁμαρτίας,
946 4998 1075 5066 περὶ
1101 4996 1209 5050 τῶν
1244 4995 1435 5066 ψυχῶν
1474 4994 1673 5049 αὐτῶν.
1713 4995 1906 5063 Ἔλεγε
1934 4996 2044 5064 γὰρ

483 5086 606 5140 Ἰὼϐ
634 5102 650 5118 ο
676 5086 769 5159 Μή
796 5103 927 5140 ποτε
950 5089 1000 5141 οί
1026 5087 1136 5141 υίοι
1194 5104 1300 5156 μου
1346 5088 1493 5143 κακά
1540 5087 1834 5157 ὲνενόησαν
1880 5088 1938 5139 ὲν
1976 5086 2049 5158 τῇ

470 5177 680 5250 διανοίᾳ
701 5179 882 5233 αὐτῶν
912 5179 1049 5250 πρὸς
1084 5179 1237 5234 Θεόν.

484 5254 489 5255 ν
542 5269 774 5323 Παίδευε
799 5269 937 5335 υἱὸν,
969 5269 1064 5323 καὶ
1099 5269 1377 5340 ἀγαπήσει
1409 5286 1490 5337 σε,
1526 5268 1619 5321 καὶ
1652 5267 1810 5322 δώσει
1836 5269 2041 5340 κόσμον

466 5364 533 5434 τῇ
554 5361 700 5432 ψυχῇ
733 5377 850 5415 σου.

537 5454 738 5516 Καλῶς
760 5454 1016 5524 ἐκτρέφει
1052 5450 1233 5521 πατὴρ
1264 5451 1489 5512 δίκαιος.
1532 5452 1655 5506 Ἐπὶ
1675 5452 1731 5506 δὲ
1772 5452 1871 5524 υίῷ
1896 5453 2044 5524 σοφῷ

466 5544 818 5615 εὐφραίνεται
843 5546 875 5615 ή
904 5543 1050 5616 ψυχὴ
1075 5541 1263 5600 αὐτοῦ.

546 5635 610 5691 '0
643 5636 874 5706 ἀγαπῶν
912 5634 1190 5705 ἐπιμελῶς
1245 5635 1509 5690 παιδεύει.

539 5728 635 5793 Μὴ
661 5729 898 5799 ἀπόσχες
920 5728 1115 5799 νήπιον
1166 5726 1443 5781 παιδεύειν
1474 5743 1489 5759 ο
1517 5728 1598 5781 ὅτι
1647 5729 1742 5783 ὲὰν
1796 5729 2043 5803 πατάξῃς
2103 5788 2108 5793 ,

468 5818 632 5874 αὐτὸν
663 5818 866 5890 ῥάϐδῳ,
879 5818 979 5873 οὐκ
1006 5816 1379 5873 ἀποθανεῖται.
1410 5818 1483 5873 Σύ
1512 5819 1614 5890 μὲν
1642 5820 1750 5891 γάρ
1782 5820 2042 5888 πατάξεις

469 5911 635 5967 αὐτὸν
664 5910 868 5982 ῥάϐδῳ,
892 5911 991 5982 τὴν
1015 5910 1069 5965 δὲ
1089 5911 1268 5983 ψυχήν
1288 5911 1451 5965 αὐτοῦ
1476 5913 1539 5965 ὲκ
1560 5911 1789 5972 θανάτου
1815 5912 1980 5984 ῥύσῃ.

2149 4630 2421 4687 Abraham
2449 4646 2789 4702 quaecunque
2818 4633 3037 4689 locutus
3066 4644 3149 4689 est
3182 4634 3249 4690 ad
3279 4635 3458 4697 illum.

2222 4722 2323 4779 Job
2349 4739 2389 4780 ι.
2412 4724 2559 4780 Misit
2617 4731 2837 4781 nuntius
2870 4726 2978 4783 Job
3007 4728 3075 4783 ad
3107 4728 3337 4794 liberos,
3372 4740 3426 4785 et
3479 4732 3730 4801 purgavit
3826 4716 3841 4726 ’

2151 4831 2269 4883 eos,
2320 4831 2589 4888 maneque
2637 4834 2869 4889 surgens
2900 4835 3001 4891 pro
3057 4821 3161 4877 illis
3203 4820 3473 4878 sacriﬁcia
3507 4824 3726 4888 obtulit,

2152 4922 2381 4964 numero
2413 4908 2565 4979 paria
2598 4909 2789 4965 liberis
2822 4928 2837 4966 :
2871 4911 3109 4982 itemque
3146 4911 3379 4967 vitulum
3418 4929 3592 4969 unum
3629 4930 3730 4984 pro

2151 5009 2380 5070 peccato
2406 5015 2472 5056 ac
2498 5002 2719 5058 illorum
2771 5004 2970 5058 animis
3002 5020 3016 5056 :
3058 5005 3140 5060 sic
3169 5008 3313 5059 enim
3358 5020 3549 5061 secum
3584 5009 3732 5077 cogi-

2154 5094 2304 5147 tabat
2344 5109 2359 5147 :
2398 5092 2579 5149 Liberi
2632 5095 2738 5149 mei
2774 5095 2914 5149 forte
2944 5095 3084 5149 mala
3118 5096 3425 5166 cogitarunt
3451 5099 3744 5153 mentibus.

2152 5184 2268 5241 suis
2293 5185 2558 5241 adversus
2590 5187 2781 5242 Deum.
2862 5226 2872 5234 .
3374 5234 3380 5241 .

2223 5276 2451 5346 Corrige
2492 5277 2689 5341 lilium,
2719 5288 2775 5334 et
2801 5286 2856 5334 te
2916 5280 3129 5352 diliget,
3195 5282 3493 5355 all‘cretque
3563 5297 3729 5343 orna-

2152 5378 2396 5425 mentum
2435 5370 2631 5425 animaa
2648 5379 2775 5427 tuae.

2222 5459 2383 5515 Pater
2410 5461 2611 5531 probus
2641 5462 2779 5519 bene
2808 5464 3006 5521 educat
3056 5466 3216 5534 ﬁlios,
3269 5468 3486 5525 animus
3542 5476 3731 5524 autem.

2150 5550 2270 5621 eius
2292 5550 2402 5606 ﬁlio
2436 5553 2684 5622 sapiente
2723 5554 3017 5612 lmtabitur.

2221 5641 2325 5708 Qui
2357 5643 2554 5712 diligit,
2585 5644 2876 5715 diligenter
2898 5650 3097 5705 erudit.

2221 5732 2489 5790 Infantem
2521 5737 2792 5807 castigare
2831 5755 2898 5796 ne
2960 5752 3215 5798 recusato
3247 5762 3260 5798 :
3297 5759 3421 5800 nam
3472 5744 3515 5800 si
3578 5747 3727 5816 virga

2147 5839 2272 5880 eum
2298 5827 2590 5893 cecideris,
2647 5843 2755 5885 non
2811 5832 3100 5890 morietur.
3158 5836 3239 5889 Tu
3296 5835 3515 5904 quidem
3575 5838 3728 5907 virga

2148 5932 2274 5976 cum
2301 5920 2499 5992 caedes,
2536 5922 2777 5981 animam
2807 5938 2936 5983 vero
2967 5925 3141 5998 ipsius
3174 5943 3203 5985 e
3236 5936 3413 5987 morte
3439 5928 3730 5989 liberabis.
