4056 6412
371 414 512 485 1043

1665 420 1979 482 ΑΝΤΟΝΙΙ
2015 423 2359 485 MELISS/E

3497 427 3639 492 1044

441 529 712 585 Juvenum
749 530 1001 601 gloriatio
1022 538 1203 601 patres
1268 543 1504 586 eorum:
1553 527 1714 602 15,9
1771 529 1939 601 plagae

2118 531 2398 605 Καύχημα
2419 533 2554 590 νέων
2587 535 2826 608 πατέρες
2850 535 3047 592 αὐτῶν.
3093 537 3313 608 Πληγαὶ
3342 540 3437 592 καὶ⁸
3485 540 3638 610 ἔλεγε

366 630 424 678 ct
445 623 898 693 reprehensiones
925 623 1059 679 dant
1107 624 1453 694 sapientiam.

437 717 600 773 Prov.
641 734 754 774 xix.
790 715 1018 771 Erudito
1073 717 1242 770 ﬁlium
1275 726 1426 771 tuum
1467 735 1480 770 :
1513 715 1596 770 sic
1617 715 1763 771 enim
1791 713 1949 770 bona:

366 810 483 881 spei
521 809 741 864 futurus
769 820 877 864 est.

435 899 604 955 Eccli.
639 915 732 954 vn.
773 899 829 956 Si
865 900 959 955 tibi
991 907 1118 956 sunt
1154 900 1350 964 liberi,
1390 901 1662 959 instituito
1697 905 1840 970 illos,
1879 914 1928 958 et

361 992 474 1060 iam
503 991 626 1047 inde
669 991 739 1046 ab
779 991 1144 1048 adolescentia
1180 993 1425 1062 ipsorum
1467 995 1608 1050 colla
1648 995 1935 1050 innectite.

434 1082 598 1138 Prov.
636 1099 756 1140 xm.
785 1083 889 1151 Qui
929 1083 1105 1154 diligit
1153 1084 1324 1140 ﬁlium
1367 1101 1552 1152 suum,
1596 1090 1949 1142 continenter

362 1189 488 1231 cum
529 1176 780 1248 flagellet.

437 1267 608 1322 Eccli.
637 1285 768 1322 xxx.
799 1268 903 1334 Qui
931 1268 1104 1323 lilium
1132 1283 1293 1323 suum
1328 1269 1506 1336 docet,
1542 1269 1946 1324 aemulationem

361 1360 592 1415 inimico
624 1374 725 1415 suo
761 1370 963 1426 movet,
994 1369 1049 1416 et
1073 1361 1213 1430 apud
1243 1360 1453 1416 amicos
1480 1375 1546 1416 eo
1577 1361 1871 1416 laetabitur.

433 1452 605 1507 Eccli.
641 1469 772 1508 xxx.
816 1451 919 1519 Qui
967 1452 1137 1507 lilium
1173 1469 1330 1508 suum
1361 1453 1609 1524 castigat,
1646 1468 1714 1508 eo
1744 1452 1950 1507 laetabi-

360 1555 470 1612 tur,
497 1552 552 1601 et
595 1544 740 1601 inter
772 1543 1074 1600 familiares
1105 1559 1169 1600 ac
1203 1552 1360 1600 notos
1401 1545 1471 1600 de
1504 1559 1570 1600 eo
1597 1544 1943 1616 gloriabitur.

434 1721 633 1794 Ephes.
653 1737 730 1778 vr.
753 1717 952 1789 Nolite,
976 1731 1180 1792 patres,
1206 1722 1408 1778 liberos
1427 1729 1638 1779 vestros
1661 1737 1738 1776 ira
1765 1731 1947 1779 vestra

357 1829 684 1888 provocare,
739 1815 835 1872 sed
875 1829 973 1872 eos
1019 1813 1074 1869 in
1113 1813 1424 1870 eruditione
1469 1821 1525 1870 et
1573 1814 1947 1870 admonitione

356 1909 579 1968 Domini
605 1909 854 1965 educate.

429 2000 659 2058 Liberos
674 2008 909 2069 vestros,
935 2007 1143 2070 patres,
1173 2015 1242 2056 ne
1264 1998 1514 2068 irritetis,
1531 2007 1590 2058 ut
1615 2015 1682 2056 ne
1697 2000 1940 2056 animum

356 2093 755 2163 despondeant.

433 2184 493 2240 S.
529 2184 740 2242 Basilii.
784 2184 858 2242 Ut
894 2192 1152 2257 parentes
1197 2184 1429 2257 singulis
1457 2183 1646 2242 liberis
1685 2199 1755 2240 ex
1785 2198 1943 2254 aequo

355 2276 606 2348 corporis
629 2279 920 2332 essentiam
957 2276 1223 2348 impertiti
1254 2284 1400 2343 sunt,
1427 2276 1508 2332 sic
1529 2272 1733 2331 eisdem
1759 2289 1942 2346 aequa-

354 2374 480 2429 liter
525 2375 756 2444 parique
791 2371 1110 2428 conditione
1153 2385 1276 2440 quae
1325 2371 1390 2424 ad
1423 2369 1589 2424 vitam
1639 2367 1939 2440 degendam

354 2465 637 2534 pertinent
658 2463 784 2534 jure
813 2462 1021 2533 optimo
1053 2461 1298 2532 praebere
1322 2461 1542 2517 debent.

427 2555 695 2625 Theologi.
725 2554 949 2610 Patrum
980 2553 1066 2608 lex
1095 2561 1181 2608 est
1211 2551 1398 2608 liberis
1427 2553 1545 2607 suis
1582 2566 1828 2621 parcere.

425 2649 755 2718 Legitimum
783 2647 1021 2702 maxime
1043 2655 1096 2702 et
1119 2645 1493 2715 aequissimum
1518 2655 1622 2711 est,
1648 2656 1707 2700 ut
1739 2645 1940 2703 libero-

353 2756 480 2796 rum
518 2741 659 2796 bona
703 2748 858 2810 pater
882 2739 1215 2809 cogitatione
1253 2737 1588 2793 consideret.

427 2832 486 2888 S.
519 2831 793 2902 Chrysost.
832 2829 1158 2885 Liberorum
1198 2827 1522 2884 modestiam
1551 2833 1608 2883 et
1638 2836 1940 2897 temperan-

354 2927 490 2981 tiam
524 2931 706 2994 patres
753 2937 863 2978 non
907 2929 1164 2978 curantes
1224 2919 1523 2975 liberorum
1564 2917 1941 2976 interfectores

355 3021 510 3079 sunt,
539 3023 704 3084 atque
736 3011 958 3084 gravius
996 3019 1226 3082 peccant
1253 3024 1416 3080 quam
1456 3007 1555 3076 illi,
1593 3017 1800 3079 quanto
1826 3009 1940 3066 sci-

352 3105 485 3163 licet
513 3105 710 3160 animaa
739 3101 1062 3175 perditioet
1092 3115 1242 3157 mors
1275 3099 1491 3172 gravior
1512 3107 1599 3156 est
1629 3115 1792 3172 quam
1821 3114 1942 3156 cor-

353 3199 523 3270 poris.

426 3238 687 3345 Stilonis.
720 3285 878 3355 Quod
909 3285 1052 3342 Deus
1097 3294 1185 3341 est
1228 3285 1457 3350 mundo,
1493 3283 1600 3340 hoc
1630 3285 1818 3342 liberis
1847 3299 1943 3356 pa-
1966 3238 2017 3302 Ω

2050 640 2136 695 χοι
2165 623 2369 679 διδόασι
2429 628 2644 695 σοφίαν.

2122 715 2350 770 Παίδευε
2382 718 2497 772 υίόν
2528 735 2645 772 σουο
2673 718 2846 784 οὕτως
2868 721 2978 791 γὰρ
3009 720 3162 776 ἐσται
3181 720 3422 787 εὔελπις.

2120 897 2299 952 Τέκνα
2330 897 2413 950 σοί
2441 898 2579 963 ἐστι,
2607 899 2900 954 παίδευσον
2945 900 3106 967 αὐτὰ,
3169 902 3266 956 καὶ
3309 902 3524 974 κάμψον
3569 905 3637 957 ἐκ

2051 987 2300 1058 νεότητος
2325 991 2417 1042 τὸν
2447 991 2720 1062 τράχηλον
2753 993 2952 1050 αὐτῶν.

2137 1081 2198 1134 '0
2224 1079 2454 1148 ἀγαπῶν
2483 1082 2574 1135 τὸν
2603 1084 2716 1137 υἱὸν
2747 1085 2914 1140 αὑτοῦ
2965 1085 3290 1157 ἐνδελεχίσει
3360 1089 3639 1158 μάστιγας

2051 1190 2222 1242 αυτῳ.

2132 1263 2191 1317 '0
2255 1266 2528 1321 παιδεύων
2598 1266 2689 1320 τὸν
2746 1266 2860 1320 υἱὸν
2923 1267 3090 1322 αὐτοῦ
3173 1268 3498 1338 διαζηλὼσει
3538 1272 3632 1326 τὸν

2051 1353 2246 1424 ἐχθρόν
2281 1373 2295 1386 ’
2322 1357 2415 1411 καὶ
2437 1358 2619 1411 ἔναντι
2648 1359 2815 1428 φίλων
2845 1360 2932 1412 ἐπ’
2975 1359 3124 1430 αύτῷ
3154 1361 3566 1431 ἀγαλλιάσεται.

2134 1447 2194 1498 Ὀ
2221 1446 2492 1500 παιδεύων
2528 1447 2769 1526 τδνουὶὸν
2819 1448 2986 1503 αὐτοῦ
3041 1450 3483 1523 εὐφρανθήσεται
3541 1455 3630 1509 ἐπ’

2051 1535 2198 1606 αὐτῷ
2228 1551 2242 1565 ·
2273 1536 2366 1589 καὶ
2389 1536 2491 1591 ἀνὰ
2527 1540 2692 1608 μέσον
2726 1538 3022 1611 γνωρίμων
3057 1539 3143 1593 ἐπ’
3177 1541 3327 1614 αὐτῷ
3355 1545 3631 1615 καυχήσε-

2049 1641 2164 1681 ται.

2121 1720 2186 1773 Οἱ
2209 1721 2465 1792 πατέρες,
2496 1722 2572 1793 μὴ
2601 1724 2970 1794 παροργίζετε
3001 1725 3070 1779 τὰ
3098 1725 3267 1781 τέκνα
3298 1728 3476 1797 ὑμῶν,
3508 1728 3627 1783 ἀλλ’

2051 1807 2346 1880 ἐκτρέφετε
2369 1812 2510 1867 αὐτὰ
2540 1813 2596 1866 ἐν
2629 1813 2848 1886 παιδείᾳ
2871 1815 2967 1869 καὶ
3001 1817 3261 1889 νουθεσίᾳ
3288 1819 3520 1891 Κυρίου.

2117 1995 2181 2048 Οἱ
2213 1994 2474 2068 πατέρες,
2507 1995 2585 2067 μὴ
2614 1996 2889 2068 ἐρεθίζετε
2908 1999 2975 2055 τὰ
3006 2000 3174 2056 τέκνα
3196 1999 3376 2071 ὑμῶν,
3413 1999 3502 2057 ἵνα
3551 2001 3633 2073 μὴ

2048 2085 2326 2156 ἀθυμῶσι.

2115 2177 2337 2233 Δίκαιόν
2365 2181 2481 2234 ἐστι
2501 2180 2614 2245 τοῖς
2640 2181 2908 2250 γονεῦσιν,
2937 2183 3029 2238 ἵνα
3083 2182 3274 2254 ὥσπερ
3302 2183 3358 2252 ἐξ
3387 2183 3505 2239 [σου
3534 2203 3637 2254 με·

2046 2269 2415 2326 τιδεδώκασιν
2436 2271 2657 2344 ἑκάστῳ
2680 2272 2790 2328 τῶν
2822 2273 3030 2329 παίδων
3060 2275 3156 2328 τοῦ
3180 2270 3344 2339 εἶναι,
3372 2273 3515 2329 οὕτω
3533 2277 3637 2330 acati.

2046 2361 2146 2425 τὰς
2175 2362 2314 2434 πρὸς
2336 2362 2397 2417 τὸ
2426 2363 2526 2436 ζῇν
2554 2365 2814 2436 ἀφορμὰς
2842 2365 2974 2430 ἴσως
3007 2365 3193 2430 αὐτοϊς
3224 2368 3318 2420 καὶ
3346 2367 3637 2440 δμοτίμως

2048 2456 2336 2525 παρέχωσι

2120 2548 2331 2600 Παίδων
2353 2547 2634 2614 φείδεσθαι
2685 2552 2951 2622 πατρικὸς
2980 2551 3167 2620 νόμος.

2115 2636 2199 2692 Τὰ
2224 2639 2333 2690 τῶν
2359 2639 2568 2694 παίδων
2589 2640 2668 2712 τῷ
2711 2643 2882 2714 πατρὶ
2908 2640 3222 2711 λογίζεσθαι
3259 2639 3370 2696 τῶν
3396 2642 3644 2712 ἐννομω-

2045 2729 2225 2785 τάτων
2249 2749 2311 2785 τε
2353 2733 2446 2786 καὶ
2471 2733 2850 2790 δικαιοτάτων.

2117 2819 2182 2874 Ol
2204 2821 2304 2890 τῆς
2328 2821 2436 2876 τῶν
2461 2823 2671 2879 παίδων
2695 2825 3052 2895 κοσμιότητός
3075 2839 3132 2878 τε
3153 2823 3248 2877 καὶ
3273 2822 3641 2895 σωφροσύνης

2045 2910 2386 2980 ἀμελοῦντες
2439 2915 2678 2986 πατέρες
2727 2915 3070 2970 παιδοκτόνοι
3117 2915 3474 2984 τυγχάνουσι,
3537 2917 3640 2968 καὶ

2046 3002 2483 3078 χαλεπώτερονή
2516 3007 2735 3073 ἐκεῖνοι,
2762 3008 2874 3077 ὅσῳ
2897 3008 2992 3062 καὶ
3015 3007 3149 3077 πρὸς
3181 3007 3359 3078 ψυχὴν
3389 3009 3424 3081 ή
3479 3007 3642 3064 dmi)-

2046 3095 2167 3152 λεια
2196 3097 2290 3151 καὶ
2319 3099 2346 3151 ό
2381 3097 2632 3163 θάνατος.

2119 3277 2325 3348 Ὅπερ,
2351 3271 2532 3344 οῐμαι,
2561 3277 2694 3342 Θεὸς
2727 3280 2867 3350 πρὸς
2897 3279 3125 3349 κόσμον,
3159 3277 3320 3333 τοῦτο
3355 3279 3489 3348 πρὸς
3536 3279 3638 3334 τέο

353 3390 542 3439 rentes
577 3395 700 3437 esse
732 3379 1009 3444 arbitror;
1041 3392 1168 3432 nam
1209 3386 1269 3431 ut
1298 3376 1388 3431 ille
1420 3375 1566 3447 quod
1598 3391 1706 3432 non
1737 3386 1856 3432 erat
1884 3385 1939 3432 ut

2056 3386 2148 3423 κνα
2192 3369 2394 3438 γονεῖς,
2449 3368 2638 3441 ἐπειδὴ
2693 3369 2772 3432 ὡς
2818 3372 3027 3434 ἐκεῖνος
3084 3369 3165 3440 τῷ
3206 3370 3283 3442 μή
3325 3371 3635 3442 ὑπάρχοντι

353 3475 667 3539 exsisteret,
711 3471 890 3526 ell‘ecit
923 3486 939 3525 :
972 3470 1054 3525 sic
1083 3476 1140 3524 et
1169 3469 1224 3524 lii
1253 3468 1550 3534 imitantes,
1596 3467 1778 3537 quoad
1823 3467 1939 3523 ﬁeri

2056 3457 2283 3528 ὅπαρξιν
2308 3458 2730 3530 κατειργάσατο⁹
2786 3460 2880 3514 καὶ
2909 3455 3061 3516 οὗτοι
3117 3460 3451 3531 μιμούμενοι
3499 3460 3637 3514 καθ’

353 3574 560 3639 potest,
601 3564 748 3620 illius
778 3561 1096 3634 potentiam,
1130 3574 1303 3632 genus
1338 3559 1650 3614 immortale
1681 3560 1937 3614 reddunt.

2056 3550 2168 3606 ὅσον
2193 3544 2308 3603 οἷόν
2330 3567 2390 3604 τε
2416 3551 2514 3622 τήν
2541 3551 2752 3605 ἐκείνου
2785 3550 3040 3620 δύναμιν,
3059 3552 3130 3606 Δτδ
3157 3552 3314 3619 γένος
3363 3552 3634 3608 ἀθανατί-

2042 3638 2247 3703 ζουσιν.

428 3747 684 3818 Epicteti.
713 3744 854 3801 Cura
889 3753 950 3799 ut
975 3742 1118 3799 ﬁlios
1143 3749 1269 3797 tuos
1295 3740 1544 3805 eruditos
1576 3740 1749 3811 magis
1773 3756 1939 3810 quam

2113 3731 2252 3793 Τοὺς
2289 3731 2436 3794 υἱούς
2470 3749 2564 3785 σου
2598 3731 2865 3797 σπούδαζε
2904 3734 3377 3805 πεπαιδευμένους
3421 3735 3631 3806 μᾶλλον

355 3839 646 3911 opulentos
683 3837 976 3907 (relinquas
1029 3852 1044 3889 :
1093 3842 1354 3904 praestant
1397 3833 1542 3887 enim
1593 3833 1938 3889 eruditorum

2056 3821 2402 3894 ήπλουσίους
2453 3824 2796 3878 καταλιπεῖν.
2858 3826 3160 3896 Κρείττους
3207 3827 3317 3897 γάρ
3365 3829 3502 3881 εἰσιν
3561 3831 3628 3884 αἱ

355 3930 811 4003 exspectationes,
843 3943 1006 3999 quam
1037 3925 1380 3982 indoctorum
1418 3923 1642 3979 divitiae.

2056 3915 2149 3968 τῶν
2170 3915 2620 3988 πεπαιδευμένων
2651 3916 2864 3982 ἐλπίδες
2892 3917 2927 3991 ἦ
2961 3918 2991 3971 6
3019 3918 3131 3972 τῶν
3157 3919 3394 3988 ἀμαθῶν
3452 3919 3626 3974 πλοῦ-

2039 4023 2147 4069 τος.

426 4106 616 4163 Medici
645 4101 976 4161 contumelia
1000 4101 1305 4173 jucundum
1339 4099 1646 4155 remedium
1688 4101 1789 4172 (l).

423 4196 563 4254 Filia
597 4195 776 4250 aliena
811 4192 1086 4264 possessio
1115 4191 1254 4260 patri
1290 4199 1395 4248 est.

423 4289 606 4346 Solon.
638 4285 854 4342 Liberis
887 4299 956 4342 ne
1001 4283 1273 4350 arrideas,
1315 4291 1378 4340 ut
1429 4282 1484 4339 in
1526 4293 1808 4357 posterum
1867 4304 1937 4344 ne

351 4385 656 4547 negauit
686 4469 824 4528 Filio
843 4479 898 4528 et
928 4470 1050 4527 lilia
1074 4470 1300 4527 honesta
1326 4469 1598 4542 gloriatio,
1620 4471 1812 4530 laudes
1839 4489 1936 4545 pa-

350 4573 544 4620 ternae.

429 4653 658 4709 Virtutes
691 4652 959 4708 Philonis.
993 4653 1173 4708 Patris
1203 4659 1258 4707 et
1303 4653 1496 4708 matris
1535 4653 1930 4724 appellationes

351 4760 694 4813 communes,
723 4747 816 4802 sed
847 4744 1102 4816 potentia:
1125 4742 1438 4799 diﬂ’erentes
1463 4753 1616 4800 sunt.
1645 4745 1800 4800 lllum
1836 4747 1934 4816 igi-

351 4843 441 4887 tur
473 4833 567 4902 qui
601 4833 742 4887 hanc
773 4833 1187 4890 universitatem
1221 4833 1440 4889 molitus
1485 4842 1570 4889 est
1612 4835 1878 4890 artiﬁcem
1910 4880 1926 4904 ,

348 4923 514 4978 simul
545 4929 599 4978 et
631 4931 843 4994 patrem
885 4925 972 4980 sui
1007 4925 1188 4994 operis
1227 4933 1374 4980 recte
1399 4925 1660 4995 justeque
1690 4927 1934 4996 appella-

348 5028 473 5068 mus
501 5029 514 5068 :
547 5023 774 5068 matrem
806 5023 1015 5081 autem,
1048 5015 1224 5085 ipsius
1249 5014 1597 5072 fabricatoris
1622 5017 1929 5085 scientiam,

350 5116 475 5156 cum
504 5117 611 5170 qua
638 5118 967 5176 congressus
993 5107 1158 5174 Deus,
1204 5122 1310 5162 non
1356 5122 1507 5162 more
1538 5111 1800 5174 humano,
1835 5125 1932 5175 ge-

352 5193 579 5249 nerandi
610 5196 819 5250 semina
861 5197 1076 5265 insevit,
1103 5199 1306 5268 quibus
1339 5197 1429 5252 illa
1472 5197 1683 5253 Domini
1713 5201 1935 5256 semini-

353 5287 459 5340 bus
493 5285 654 5356 150
683 5288 917 5357 acceptis
960 5288 1204 5360 perfecto
1230 5298 1287 5345 et
1333 5287 1728 5345 fecundissimo
1773 5301 1932 5359 partu

355 5376 642 5433 amabilem
675 5389 730 5434 et
761 5379 864 5434 sub
910 5393 1108 5434 sensus
1138 5380 1422 5436 cadentem
1463 5378 1631 5433 tilium
1693 5381 1931 5450 peperit.

758 5490 991 5548 SERMO
1028 5491 1077 5547 x
1113 5492 1211 5566 [αι.
1241 5491 1526 5566 cxxvn].

352 5581 430 5638 De
453 5583 758 5653 parentibus
805 5583 1088 5637 liberorum
1122 5586 1487 5706 eitzucationem
1532 5584 1804 5656 neglectim
1839 5600 1934 5638 cu-

1013 5665 1153 5706 rant:
1191 5671 1274 5706 us.

1013 5665 1274 5709 tantibus.

425 5744 453 5799 1
482 5744 608 5816 Reg.
632 5764 690 5803 ιι.
723 5748 1049 5804 Renuntiavi
1077 5748 1126 5804 ei
1155 5762 1242 5802 me
1261 5747 1503 5802 ulturum
1533 5746 1794 5801 familiam
1817 5745 1937 5815 ejus

1958 4577 2014 4638 D

2113 4098 2327 4168 Πατρὺς
2354 4097 2592 4172 [ἰατροῦ]
2617 4098 2773 4171 ὕϐρις
2802 4099 2900 4172 ήδὺ
2921 4100 3232 4172 φάρμακον.

2114 4189 2376 4260 Θυγάτηρ
2404 4192 2685 4263 ἀλλότριον
2710 4195 2896 4263 κτῆμα
2922 4193 3159 4266 ὑπάρχει
3181 4194 3259 4266 τῷ
3287 4195 3475 4266 πατρί.

2103 4280 2222 4350 Υίῷ
2277 4283 2370 4334 καὶ
2435 4281 2662 4353 θυγατρὶ
2724 4283 2802 4354 μή
2863 4287 3338 4360 προσμειδιάσῃς,
3389 4287 3476 4340 ἵνα
3535 4286 3619 4359 μὴ

2039 4372 2267 4442 ὕστερον
2295 4373 2594 4446 δακρύσῃς.

2109 4465 2330 4528 Τέκνοις
2354 4466 2632 4537 αἰδέσιμον
2654 4465 2914 4540 καύχημα
2949 4468 3157 4541 πατρὸς
3183 4471 3432 4539 ἔπαινος.

2106 4645 2318 4717 Πατρὸς
2342 4647 2435 4700 καὶ
2463 4648 2666 4718 μητρὸς
2692 4647 2873 4702 κοιναὶ
2907 4648 3008 4719 μὲν
3033 4651 3088 4704 αἱ
3111 4651 3354 4721 κλήσεις,
3372 4653 3624 4724 διάφοροι

2035 4735 2092 4790 δὲ
2115 4737 2396 4807 δυνάμεις.
2421 4738 2527 4792 Τὸν
2563 4738 2692 4807 γοῦν
2719 4740 2779 4794 τὸ
2799 4742 2907 4796 πᾶν
2943 4743 3062 4796 τόδε
3119 4745 3498 4814 ἐργασάμενον
3531 4746 3626 4816 δη-

2039 4833 2303 4903 μιουργὸν
2329 4832 2464 4904 ὁμοῦ
2500 4834 2599 4888 καὶ
2639 4835 2850 4907 πατέρα
2880 4833 3022 4890 εἶναι
3052 4836 3149 4890 τοῦ
3197 4840 3478 4907 γεγονότος
3533 4840 3623 4891 εὐ-

2036 4923 2135 4988 θὺς
2162 4927 2220 4978 ἐν
2251 4925 2375 4998 δίκῃ
2408 4927 2673 4997 φήσωμεν
2703 4943 2719 4958 ⁶
2757 4928 2970 4999 μητέρα
2993 4929 3048 4982 δὲ
3075 4928 3174 5000 τὴν
3199 4929 3290 4983 τοῦ
3323 4931 3623 5000 πεποιηκό-

2034 5033 2126 5080 τος
2158 5017 2470 5089 ἐπιστήμην
2501 5035 2516 5050 ·
2553 5008 2586 5092 ᾖ
2632 5017 2807 5074 συνὼν
2853 5019 2986 5083 Θεὸς
3032 5022 3130 5089 οὐχ
3181 5021 3258 5084 ὡς
3311 5021 3618 5091 ἄνθρωπος.

2038 5107 2262 5180 ἔσπειρε
2288 5110 2503 5177 γένεσιν
2531 5125 2546 5140 °
2588 5112 2621 5181 ή
2647 5110 2704 5163 δὲ
2735 5111 3154 5182 παραδεξαμένη
3182 5112 3250 5165 τὰ
3283 5113 3375 5166 τοῦ
3409 5113 3618 5182 Κυρίου

2041 5199 2356 5271 σπέρματα,
2380 5200 2728 5270 τελεσφόροις
2753 5201 2906 5256 ὠδῖσι
2939 5203 3031 5256 τὸν
3062 5204 3350 5274 ἀγαπητὸν
3383 5205 3475 5258 καὶ
3527 5205 3618 5258 al-

2040 5291 2237 5363 σθητδν
2269 5291 2386 5345 υἱὸν
2420 5292 2712 5348 ἀπέτεκεν.

2669 5494 2886 5548 ΛΟΓΟΣ
2937 5491 2991 5547 l'.

2043 5583 2188 5653 Περι
2219 5585 2445 5654 γονέων
2495 5585 3020 5653 καταφρονητικῶς
3058 5585 3324 5652 ἐχόντων
3359 5586 3462 5654 τὰς
3497 5586 3618 5644 τῶν

2535 5655 2762 5708 τέκνων
2789 5654 3119 5726 drawn-dc.

2126 5745 2480 5817 Ἀπήγγελκα
2523 5746 2694 5818 αὐτῷ,
2718 5747 2800 5802 ὅτι
2835 5746 3033 5801 ἐκδικῶ
3063 5746 3174 5816 ἐγὼ
3207 5749 3297 5802 ἐπὶ
3325 5748 3418 5803 τὸν
3468 5745 3618 5807 οἶκον

427 5859 505 5934 (l)
538 5849 752 5919 Gracus
789 5865 952 5920 codex
987 5865 1162 5935 habet,
1198 5863 1380 5937 ἰατρὸς
1409 5863 1530 5936 (sic)
1561 5862 1719 5935 ὕϐρις
1768 5863 1867 5934 ήδὺ
1914 5860 2231 5934 φάρμακον.
