4056 6434
321 501 326 504 ί
435 413 572 476 1045

1297 413 1469 475 LOCI
1509 410 1954 478 COMMUNES.
1980 437 2047 448 -
2079 412 2279 474 PARS
2320 412 2406 474 II.
2443 413 2704 475 SERMO
2735 415 2844 476 ΧΙ.

3559 417 3701 484 1046

428 526 594 584 αὐτοῦ
621 526 727 590 ἕως
780 527 977 592 αἰῶνος
1009 541 1022 557 ·
1079 526 1161 580 ὅτι
1203 526 1570 593 ἐκακολόγουν
1611 526 1742 580 Θεὸν
1794 527 1843 579 oi
1897 527 2041 591 υίοὶ,

2113 540 2279 597 usque
2333 524 2388 579 in
2439 525 2698 581 saeculum
2749 543 2765 580 :
2809 524 2936 596 quia
2988 524 3083 579 ﬁlii
3136 525 3256 595 ejus
3304 525 3696 584 maledicebaut

430 618 619 681 αὑτοῦ,
650 620 746 672 καὶ
794 619 894 672 οὐκ
940 617 1212 672 ἐνουθέτει
1270 618 1491 682 αὐτούς.
1529 620 1638 670 Καὶ
1689 619 1786 687 οὐχ
1834 617 2008 680 οὕτως

428 707 618 778 ὤμοσα
641 709 718 778 τῷ
745 708 879 780 οἴκῳ
916 708 1086 772 Ἠλεὶ,
1114 709 1162 762 εί
1202 707 1620 778 ἐξιλασθήσεται
1642 708 1828 761 ἀδικία
1859 707 2008 761 οἴκου

441 803 591 855 Ἠλεὶ
611 803 668 854 ἐν
691 803 992 872 θυμιάματι
1019 801 1115 854 καὶ
1145 801 1201 853 ἐν
1224 799 1437 862 θυσίαις
1465 799 1630 852 αὑτοῦ
1659 799 1765 862 ἕως
1794 800 2008 862 αἰῶνος.

509 897 604 957 Ὃς
649 895 890 963 φείδεται
941 897 1039 966 τῆς
1096 893 1293 947 ἐαυτοῦ
1351 893 1674 963 βακτηρίας,
1726 895 1879 962 μισεῖ
1919 894 2009 946 τὸν

429 989 546 1040 υἱὸν
583 987 772 1041 αὑτοῦ.

501 1082 674 1151 Πατρὶ
698 1081 888 1134 ἀσεϐεῖ
915 1080 1188 1153 μέμψεται
1219 1081 1406 1147 τέκνα,
1431 1081 1515 1134 ὅτι
1568 1079 1635 1133 δι’
1667 1078 1830 1133 αὑτὸν
1865 1077 2007 1131 όνειο

429 1174 800 1241 δισθήσονται.

501 1268 700 1331 Ἵππος
754 1267 1066 1336 ἀδάμαστος
1101 1267 1396 1322 ἀποϐαίνει·
1441 1267 1675 1336 σκληρός
1709 1281 1723 1296 ⁸
1755 1265 1850 1319 καὶ
1893 1266 2010 1330 υίὸς

427 1359 713 1428 ἀνειμένος
768 1359 1010 1412 ἐκϐαίνει
1066 1359 1334 1429 προαλής.
1382 1358 1688 1429 Τιθήνησον
1743 1359 1835 1412 τδν
1895 1359 2008 1411 υἱόν

430 1465 546 1514 σου,
574 1448 667 1504 καὶ
698 1449 1037 1518 ἐκθαμϐήσει
1063 1465 1143 1514 σε,
1178 1450 1274 1502 καὶ
1323 1447 1400 1518 μὴ
1449 1447 1790 1519 συγγελὰσῃς
1836 1447 2006 1518 αὐτῷ,

426 1540 512 1592 ἵνα
547 1537 622 1610 μὴ
654 1539 1028 1611 συλλυπηθῇς,
1055 1539 1150 1593 καὶ
1172 1540 1258 1593 ἐπ’
1285 1536 1530 1611 ἐσχάτων
1551 1540 1854 1611 γομφιάσει
1879 1541 2007 1605 τοὺς

425 1629 645 1691 ὀδόντας
680 1646 796 1684 σου.
819 1631 912 1701 Μὴ
943 1631 1033 1694 δὸς
1065 1631 1216 1700 αὐτῷ
1240 1631 1488 1696 ἐξουσίαν
1518 1632 1577 1685 ἐν
1624 1633 1862 1702 νεότητι,
1915 1632 2006 1685 καὶ

427 1718 506 1789 μὴ
523 1720 758 1791 παρίδῃς
780 1721 878 1783 τάς
908 1720 1136 1787 ἀγνοίας
1161 1721 1348 1780 αὐτοῦ.
1379 1720 1613 1792 Κάμψον
1653 1721 1746 1775 τὸν
1801 1722 2005 1793 τράχη-

424 1812 514 1864 λον
541 1813 708 1866 αὑτοῦ
733 1816 791 1868 ἐν
811 1814 1047 1885 νεότητι.
1075 1814 1286 1870 Θλάσον
1313 1815 1413 1878 τὰς
1444 1814 1684 1885 πλευρὰς
1713 1814 1900 1880 αὐτοῦ,
1929 1813 2006 1877 ὡς

2113 616 2245 685 Deo,
2271 632 2371 674 nee
2400 618 2524 674 illos
2547 617 2854 690 castigavit,
2893 617 3100 672 idcirco
3119 616 3299 686 juravi
3327 615 3550 672 lamilize
3591 618 3698 684 Eli,

2110 710 2253 778 quod
2291 725 2393 765 nou
2429 709 2680 780 expietur
2715 709 2974 778 iniquitas
3005 708 3202 764 domus
3249 708 3370 778 ejus
3421 709 3476 764 in
3518 711 3693 766 suliu~

2112 799 2408 870 migalione
2437 809 2491 854 et
2520 799 2805 854 sacriliciis
2835 813 3009 868 usque
3040 798 3096 852 in
3127 799 3417 854 saeculum.

2184 890 2458 945 Salomon.
2510 890 2613 956 Qui
2662 892 2836 960 parcit
2889 892 3003 947 suis
3053 891 3304 960 baculis,
3362 893 3536 949 ﬁlium
3581 897 3695 951 odit

2113 1000 2298 1040 suum.

2184 1072 2352 1127 Eccli.
2387 1074 2514 1128 'm.
2571 1071 2786 1126 Patrem
2833 1071 3061 1142 impium
3106 1074 3444 1130 accusabunt
3490 1076 3644 1132 liberi
3683 1117 3698 1140 ,

2111 1164 2238 1233 quia
2270 1170 2492 1232 propter
2525 1163 2700 1230 ipsum
2733 1163 2952 1230 probris
2993 1162 3318 1220 afﬁcientur.

2183 1251 2326 1307 Ibid.
2375 1267 2503 1305 xxx.
2547 1250 2736 1320 Equus
2776 1251 3076 1309 indomitus
3105 1269 3203 1310 ore
3250 1255 3307 1311 ﬁt
3348 1257 3507 1326 duro,
3547 1259 3696 1314 ﬁlius

2113 1346 2463 1416 indulgenter
2528 1351 2796 1399 tractatus
2847 1345 2908 1399 ﬁt
2952 1349 3276 1402 temerarius
3315 1357 3371 1404 et
3431 1365 3696 1420 praeceps.

2111 1438 2340 1508 lndulge
2382 1436 2494 1492 ﬁlio
2527 1445 2658 1505 tuo,
2704 1443 2760 1492 et
2798 1435 2914 1507 ipse
2961 1437 3233 1493 territabit
3275 1448 3370 1507 te;
3419 1456 3483 1496 ne
3537 1442 3700 1497 simul

2111 1545 2238 1586 cum
2265 1530 2359 1585 illo
2385 1530 2586 1596 rideas,
2627 1537 2687 1584 ut
2716 1543 2787 1584 ne
2811 1527 2976 1584 simul
3005 1543 3129 1584 cum
3159 1530 3253 1586 illo
3283 1532 3520 1589 tristeris
3541 1543 3596 1589 et
3629 1535 3698 1589 ad

2112 1630 2420 1678 extremum
2473 1621 2731 1678 dentibus
2777 1621 2888 1677 tuis
2934 1621 3268 1678 infrendens.
3315 1621 3396 1678 Ne
3425 1625 3517 1680 des
3545 1625 3594 1679 ei
3628 1627 3697 1694 .in

2107 1713 2395 1784 juventute
2420 1713 2724 1781 licentiam,
2743 1720 2800 1769 et
2828 1712 3206 1783 ignorationes
3233 1714 3355 1784 ejus
3381 1729 3450 1770 ne
3472 1723 3701 1785 praeter-

2113 1806 2315 1862 mittas.
2351 1807 2411 1860 In
2443 1805 2729 1876 juventute
2779 1805 3049 1861 cervicem
3091 1807 3213 1876 ejus
3257 1805 3462 1863 Ποειίιο
3491 1825 3505 1863 :
3537 1817 3590 1864 et
3620 1809 3702 1863 Ia-

425 1903 540 1958 ἐστι
567 1905 783 1973 νήπιος,
827 1907 902 1976 μή
927 1874 1060 1959 ποτε
1092 1874 1445 1976 σκληρυνθείς
1468 1874 1744 1978 ἀπείθη-σῃ
1779 1874 2008 1970 conticui.

2114 1906 2228 1953 tera
2261 1874 2680 1965 ipsius—tundito
2743 1896 2874 1952 dum
2904 1895 3086 1954 adhuc
3116 1874 3254 1967 puer
3281 1905 3387 1965 est,
3435 1915 3502 1954 ne
3532 1899 3696 1953 robu-

425 1996 580 2049 ἔσται
611 2013 694 2049 σοι
721 1997 781 2061 ἐξ
811 1997 976 2052 αὑτοῦ
1007 1999 1167 2068 ὀδύνη
1197 1997 1401 2069 ψυχῆς.
1435 1997 1734 2051 Παίδευσον
1765 1998 1856 2050 τὸν
1885 1997 2002 2051 υἱόν

425 2101 544 2150 σου,
575 2087 671 2140 καὶ
694 2087 925 2158 ἐργασαι
949 2089 1006 2140 ἐν
1040 2087 1208 2159 αὐτῷ,
1240 2087 1328 2141 ίνα
1362 2089 1440 2158 μὴ
1464 2089 1523 2140 ἐν
1547 2089 1614 2160 τῇ
1648 2086 2009 2159 ἀσχημοσύνῃ

427 2174 594 2229 αὑτοῦ
637 2177 979 2252 προσκόψῃς.

499 2353 677 2407 Τέκνα
703 2353 966 2424 βδελυκτά
993 2354 1204 2425 γίνεται
1237 2355 1404 2411 τέκνα
1459 2357 1828 2428 ἁμαρτωλῶν.

499 2534 741 2602 Ἐγγονα
777 2531 989 2586 ἀσεϐῶν
1019 2533 1079 2585 οὐ
1103 2532 1366 2602 πληθυνεῖ
1389 2533 1637 2600 κλάδους,
1705 2535 1800 2588 καὶ
1857 2533 2008 2605 ῥίζαι

424 2628 728 2699 ἀκάθαρτοι
761 2627 821 2691 ἐξ
846 2626 1156 2696 ἀκροτόπου
1177 2627 1403 2694 πέτρας.

505 2725 599 2779 Ἐκ
634 2722 950 2792 σπέρματος
980 2719 1162 2789 ὄφεων
1208 2718 1551 2784 ἐξελεύσεται
1597 2720 1796 2789 ἔκγονα
1846 2720 2008 2774 ἀσπί-

422 2818 531 2873 δων
557 2834 571 2847 ·
606 2817 674 2871 τὰ
703 2817 758 2868 δὲ
804 2815 1004 2884 ἔκγονα
1035 2815 1217 2868 αὐτῶν
1244 2814 1398 2884 ὄφεις
1445 2813 1758 2884 πετόμενοι.

509 2908 868 2970 Ἀδικὼτατος
900 2907 1029 2976 περὶ
1054 2904 1155 2977 τὴν
1209 2906 1318 2959 τῶν
1365 2905 1607 2974 ἐγγόνων
1665 2906 1940 2977 ἐκτροφὴν
1979 2906 2009 2958 6

2109 1999 2231 2044 stus
2265 1989 2446 2044 lactus
2487 1988 2628 2044 nolit
2657 1987 2754 2044 tibi
2793 2003 3010 2058 parere,
3045 1996 3212 2060 atque
3237 2004 3302 2042 ex
3326 2005 3394 2045 eo
3425 1998 3552 2046 tuus
3579 1990 3700 2046 ani-

2111 2094 2234 2134 mus
2261 2078 2508 2134 dolorem
2543 2080 2725 2150 capiat
2758 2079 3086 2135 maximum.
3136 2080 3334 2136 Filium
3384 2089 3537 2136 tuum
3569 2097 3700 2138 eru-

2109 2171 2225 2225 dito
2255 2185 2321 2227 ac
2353 2169 2644 2242 perpolita,
2677 2178 2737 2227 ut
2762 2171 2816 2227 in
2842 2171 3184 2242 turpitudine
3205 2173 3355 2229 illius
3383 2189 3493 2230 non
3523 2175 3698 2230 clien-

2108 2263 2288 2320 daris.

2179 2355 2544 2414 Abominandi
2575 2366 2704 2414 sunt
2724 2354 2882 2413 liberi
2907 2353 3282 2427 improborum
3312 2366 3369 2415 et
3393 2358 3695 2417 sceleribus

2112 2448 2420 2503 inlamium.

2181 2540 2478 2610 lmpiorum
2511 2543 2714 2612 posteri
2752 2559 2859 2598 non
2911 2540 3357 2612 multiplicabant
3403 2555 3606 2610 ramos,
3638 2552 3695 2597 et

2110 2631 2322 2689 radices
2351 2649 2415 2688 ex
2449 2635 2772 2691 acutissimo
2811 2650 2947 2692 saxo
2979 2636 3232 2705 impum.

2183 2725 2259 2778 Ex
2289 2724 2498 2781 semine
2537 2735 2853 2798 serpentum
2910 2726 3210 2799 prodibunt
3240 2725 3490 2796 aspidum
3525 2723 3688 2792 fetus,

2108 2813 2252 2870 lctus
2283 2823 2464 2870 autem
2497 2816 2740 2886 ipsarum
2771 2822 3056 2887 serpentes
3088 2824 3251 2871 erunt
3276 2815 3545 2871 volantes.

2171 2907 2366 2961 Incerti
2397 2907 2652 2962 auctoris.
2691 2906 3088 2963 Crudelissima
3130 2915 3218 2962 est
3249 2907 3303 2961 in
3346 2906 3510 2977 pullis
3556 2906 3694 2962 edu-

422 2998 601 3061 ἀετός.
628 2997 732 3049 Δύο
749 2997 858 3066 γὰρ
888 2993 1178 3063 ἐξαγαγὼν
1211 2994 1480 3056 νεοττοὺς,
1497 2993 1589 3046 τὸν
1618 2992 1804 3064 ἕτερον
1825 2994 2008 3046 αὐτῶν

2113 2997 2300 3054 caudis
2329 2998 2553 3067 aquila;
2591 2998 2731 3053 duos
2772 2997 2925 3053 enim
2963 3012 3090 3052 cum
3123 2997 3356 3052 ediderit
3386 2997 3584 3066 pullos,
3615 2997 3696 3050 al-

423 3091 503 3153 είς
526 3088 624 3159 τὴν
651 3091 755 3157 γῆν
790 3089 1229 3159 καταρρήγνυσι,
1252 3087 1370 3147 ταῖς
1397 3085 1638 3155 πληγαῖς
1667 3085 1774 3138 τῶν
1808 3082 2008 3154 πτερύ-

2109 3095 2286 3142 terum
2341 3087 2444 3143 alis
2493 3087 2784 3157 impellens
2836 3089 2894 3142 in
2937 3096 3141 3143 terram
3175 3087 3442 3159 dejectum
3477 3088 3691 3154 allidit,

422 3197 534 3248 γων
555 3179 946 3249 ἀπωθούμενος
976 3195 990 3210 ⁸
1023 3179 1114 3232 τὸν
1144 3178 1201 3231 δὲ
1227 3178 1415 3247 ἓτερον
1439 3177 1602 3247 μόνον
1635 3175 1815 3230 λαϐὼν
1835 3177 2006 3228 οίκει-
2027 3205 2041 3261 ε

2113 3179 2344 3235 alterum
2385 3188 2662 3236 retentum
2692 3179 3077 3235 tantummodo
3097 3194 3198 3249 pro
3228 3194 3331 3235 suo
3361 3189 3415 3234 et
3445 3179 3692 3250 legitimo

422 3269 598 3339 οὔταε,
621 3273 710 3325 διὰ
735 3272 794 3324 τὸ
823 3270 923 3341 τῆς
975 3269 1187 3340 τροφῆς
1243 3267 1525 3338 ἐπίμονον,
1567 3267 2003 3339 ἀποποιούμενος

420 3361 480 3415 ὃν
512 3363 822 3433 ἐγέννησεν.
849 3362 1093 3415 Τοιοῦτοι
1120 3361 1226 3415 τῶν
1249 3359 1452 3429 γονέων
1483 3358 1622 3412 είσὶν
1667 3359 1714 3410 oi
1747 3359 1840 3411 ἐπὶ
1873 3374 2004 3428 προ-

425 3456 586 3524 φάσει
612 3456 806 3516 πενίας
829 3447 1167 3522 ἐκτιθέμενοι
1193 3453 1260 3507 τὰ
1286 3453 1482 3522 νήπια,
1506 3451 1557 3506 οἳ
1589 3452 1684 3505 καὶ
1712 3451 1770 3502 ἐν
1805 3454 1864 3520 τῇ
1889 3449 2003 3503 δια-

424 3552 563 3623 νομῇ
591 3549 686 3604 τοῦ
716 3550 916 3620 κλήρου
947 3551 1272 3602 ἀνισὼτατοι
1310 3549 1449 3617 πρὸς
1474 3545 1542 3599 τὰ
1567 3544 1788 3614 ἔγγονα.

504 3727 708 3798 Ἱερεὺς
736 3723 804 3797 ἦν
851 3727 881 3778 6
940 3724 1110 3791 Ἠλεὶ,
1163 3723 1259 3778 καὶ
1317 3725 1428 3786 τοῖς
1477 3724 1670 3776 παισὶν
1711 3719 2003 3776 ἀσεϐοῦσιν

422 3818 727 3888 ἐπέπληττε
759 3817 882 3888 μὲν,
908 3817 990 3870 ὅτι
1023 3815 1080 3870 δὲ
1114 3817 1188 3886 μὴ
1252 3814 1497 3887 σφοδρῶς
1555 3813 1843 3885 ἐνεκλήθη,
1908 3816 2001 3866 καὶ

419 3911 576 3982 δίκην
600 3911 800 3980 ὑπέσχε
830 3909 1010 3981 πατὴρ
1046 3908 1280 3979 εὐλαϐὴς
1310 3909 1518 3962 παίδων
1550 3907 1922 3978 παρανομίας.

493 4089 914 4160 Καταγέλαστον
947 4087 1240 4158 ἀνθρώπῳ,
1279 4089 1356 4157 τῷ
1409 4089 1519 4141 τῶν
1577 4088 1724 4141 ἰδίων
1771 4088 2002 4158 ἀφειδῆ.

423 4203 598 4251 σαντι,
636 4182 916 4237 παιδεύειν
952 4181 1134 4245 ξένους
1168 4179 1564 4250 ἐπιχειροῦντι.

1030 4297 1251 4350 ΛΟΓΟΣ
1282 4297 1383 4351 IA'.

421 4391 561 4463 Περὶ
589 4393 821 4450 παίδων
844 4392 1146 4463 τιμώντων
1201 4407 1423 4463 γονεῖς,
1472 4389 1591 4463 καί-
1631 4389 1750 4463 ὅᾳα
1799 4389 2002 4444 ἕπεται

667 4464 858 4531 ἀγαθὰ
901 4459 1039 4528 ’τοῖς
1073 4461 1494 4516 ὑπακούουσιν
1524 4459 1750 4524 αὐτοῖς.

2107 3271 2291 3338 habet,
2342 3272 2503 3328 tmdio
2555 3272 2942 3328 nutricationis
2998 3286 3161 3342 quem
3222 3272 3528 3341 procrearit
3577 3272 3695 3341 ipsa

2105 3365 2401 3434 repudians
2439 3371 2496 3420 et
2553 3364 2838 3420 abdicans.
2897 3363 3057 3419 Tales
3115 3373 3242 3419 sunt
3295 3371 3551 3434 parentes
3599 3363 3696 3431 qui

2107 3457 2443 3528 paupertatis
2477 3460 2665 3526 specie
2692 3469 2826 3511 suos
2863 3470 3066 3526 pueros
3098 3455 3336 3511 infantes
3361 3465 3647 3525 exponunt
3669 3493 3688 3520 ,

2104 3549 2197 3620 qui
2244 3559 2298 3603 et
2350 3551 2465 3605 suis
2519 3548 2756 3618 posteris
2801 3548 2853 3602 in
2901 3547 3238 3604 hmreditatis
3299 3548 3692 3604 distributione

2111 3640 2448 3710 iniquissimi
2482 3650 2634 3696 sunt.

2177 3731 2207 3785 Ι
2229 3730 2355 3802 Reg.
2387 3745 2445 3785 tt.
2470 3729 2740 3786 Sacerdos
2763 3728 2868 3785 fuit
2892 3729 2996 3811 Eli,
3030 3745 3094 3785 ac
3121 3729 3262 3786 ﬁlios
3295 3743 3426 3786 suos
3449 3730 3612 3800 impie
3633 3744 3694 3786 se

2117 3826 2367 3887 gerentes
2414 3817 2767 3887 reprehendit
2809 3819 3054 3890 quidem,
3086 3818 3183 3874 sed
3217 3818 3346 3888 quia
3395 3833 3505 3874 non
3554 3818 3692 3874 satis

2105 3910 2455 3965 vehementer
2512 3908 2870 3980 objurgavit,
2926 3919 3086 3981 pater
3137 3911 3428 3981 religiosus
3471 3923 3688 3980 poenam

2104 4001 2340 4057 ﬁliorum
2374 4005 2696 4060 temeritatis
2721 4015 2776 4062 et
2802 4003 3110 4073 iniquitatis
3139 4002 3262 4058 luit.

2177 4093 2445 4164 Diogenis.
2480 4092 2788 4151 Ridiculum
2833 4107 2918 4151 est
2959 4110 3083 4151 eum
3143 4095 3240 4164 qui
3284 4094 3400 4151 suis
3463 4102 3679 4166 parcat,

2104 4183 2315 4241 alienos
2345 4186 2614 4256 castigare
2640 4187 2802 4244 velle.

2479 4299 2712 4355 saeuo
2753 4299 2824 4354 χι
2865 4297 2965 4372 [αι.
3005 4297 3312 4371 CXXVIII].

2104 4390 2182 4445 De
2211 4389 2389 4444 liberis
2421 4401 2664 4460 parentes
2695 4390 3102 4462 honorantibus,
3143 4400 3196 4444 et
3231 4406 3346 4462 qua:
3377 4391 3515 4446 bona
3558 4404 3688 4445 cott-

2387 4469 2681 4530 sequantur
2708 4462 2802 4530 qui
2835 4461 2945 4516 illis
2971 4461 3401 4530 obtemperarint.

491 4557 641 4627 Τίμα
667 4557 760 4608 τὸν
791 4556 1003 4626 πατέρα
1035 4570 1129 4606 σου
1153 4554 1249 4606 καὶ
1273 4552 1372 4621 τὴν
1430 4550 1642 4621 μητέρα
1682 4568 1795 4617 σου,
1829 4551 1914 4604 ἵνα
1939 4551 1998 4604 εὖ
2031 4537 2041 4584 Ῐ

2174 4549 2350 4605 Exod.
2383 4567 2476 4606 xx.
2507 4549 2725 4606 Honora
2756 4559 2964 4621 patrem
2994 4559 3048 4608 et
3081 4559 3307 4606 matrem
3336 4559 3482 4605 tuam
3508 4558 3568 4606 ut
3589 4549 3701 4606 tibi-

422 4666 505 4704 σοι
531 4651 780 4718 γένηται,
812 4647 908 4702 καὶ
968 4645 1360 4716 μακροχρόνιος
1389 4643 1487 4715 ἔσῃ
1511 4644 1604 4696 ἐπὶ
1631 4645 1732 4712 τῆς
1761 4643 1886 4714 γῆς.

495 4742 771 4801 Ἕκαστος
793 4736 1006 4808 πατέρα
1034 4736 1198 4792 αὑτοῦ
1227 4739 1321 4790 καὶ
1347 4737 1561 4807 μητέρα
1592 4735 1886 4806 φοϐείσθω.

492 4915 610 4980 Υἱὲ,
638 4914 881 4984 φύλασσε
909 4915 1107 4984 νόμους
1129 4915 1337 4985 πατρός
1372 4929 1487 4978 σου,
1522 4913 1616 4966 καὶ
1666 4913 1742 4984 μὴ
1799 4914 1998 4987 ἀπὼσῃ

421 5005 658 5078 θεσμοὺς
691 5009 896 5079 μητρός
921 5024 1037 5071 σου,
1069 5007 1284 5076 ἄφαψαι
1312 5005 1369 5058 δὲ
1405 5005 1604 5068 αὐτοὺς
1632 5004 1726 5058 ἐπὶ
1778 5006 1844 5076 σῇ
1896 5005 1998 5076 ψυ-

377 5093 489 5170 ”χῇ
520 5100 833 5164 διαπαντὸς,
882 5101 976 5153 καὶ
1027 5099 1350 5166 ἐγκλοίωσαι
1397 5098 1527 5168 περὶ
1587 5097 1666 5166 σῷ
1713 5097 1994 5168 τραχήλῳ.

420 5192 690 5260 Στέφανον
723 5190 829 5261 γὰρ
861 5191 1100 5260 χαρίτων
1149 5189 1276 5260 δέξῃ
1312 5192 1378 5258 σῇ
1406 5190 1641 5259 κορυφῇ,
1670 5189 1764 5242 καὶ
1815 5188 1998 5242 κλοιὸν

423 5281 803 5351 χρύσεονιιπερ)⁹
828 5281 905 5350 σῷ
938 5279 1214 5351 τραχήλῳ.

496 5373 723 5436 Ἀκουε,
761 5372 868 5436 υἱὲ,
899 5371 1106 5440 πατρὸς
1133 5369 1228 5423 τοῦ
1266 5370 1626 5440 γεννήσαντός
1661 5386 1745 5436 σε,
1792 5370 1888 5423 καὶ
1921 5369 1996 5440 μὴ

421 5464 776 5534 καταφρόνει,
807 5463 890 5515 ὃτι
914 5465 1195 5530 γεγήρακέ
1241 5477 1334 5513 σου
1361 5463 1395 5530 ὴ
1433 5462 1639 5532 μήτηρ.

491 5555 619 5618 Υίὸς
648 5552 860 5620 δοξάζει
887 5553 1115 5620 πατέρα.
1183 5553 1291 5604 Καὶ
1338 5554 1385 5606 εί
1445 5553 1636 5624 Πατήρ
1694 5555 1810 5622 εἰμι
1862 5551 1992 5620 ἐγὼ,

419 5645 520 5699 πού
553 5647 698 5699 ἐστιν
729 5647 761 5715 ἡ
803 5644 930 5710 δόξα
979 5660 1121 5712 μου;

498 5739 561 5791 '0
593 5737 769 5808 τιμῶν
807 5739 1024 5808 πατέρα
1083 5735 1249 5790 αὑτοῦ
1302 5735 1648 5801 ἐξιλάσκεται
1693 5735 1991 5807 ἁμαρτίας.

419 5829 528 5884 Καὶ
551 5829 626 5894 ὼς
656 5829 686 5882 6
707 5829 1189 5901 ἀποθησαυρίςων,
1221 5832 1248 5882 6
1275 5827 1515 5892 δοξάζων
1547 5828 1762 5898 μητέρα
1787 5827 1949 5881 αύτοῦ
1975 5843 1990 5858 ο

2105 4637 2246 4694 bene
2282 4640 2372 4706 sit,
2406 4649 2461 4696 et
2493 4640 2655 4712 longo
2681 4649 2927 4709 tempore
2959 4641 3014 4695 in
3044 4650 3190 4696 terra
3219 4640 3398 4694 vivas.

2185 4732 2338 4805 151
2378 4733 2541 4789 Levii.
2583 4749 2695 4788 xix.
2732 4732 2951 4789 Patrem
2983 4748 3142 4790 suum
3177 4731 3411 4803 quisque
3457 4745 3523 4786 ac
3570 4744 3685 4786 ma-

2101 4839 2238 4882 trem
2281 4833 2508 4880 metuat.

2171 4917 2299 4984 Fili,
2331 4933 2464 4973 cave
2513 4917 2682 4972 violes
2730 4931 2759 4970 a
2797 4923 2950 4986 patre
2982 4915 3081 4972 tibi
3111 4916 3398 4987 impositas
3430 4917 3598 4990 leges,
3633 4929 3696 4974 et

2104 5011 2297 5066 matris
2343 5008 2549 5064 monita
2584 5022 2653 5062 ne
2691 5008 2961 5078 repellite,
3002 5006 3100 5064 sed
3140 5008 3412 5079 applicato
3469 5025 3689 5080 semper

2102 5113 2286 5154 animo
2316 5106 2430 5165 tuo,
2457 5107 2512 5152 et
2555 5099 2697 5154 collo
2733 5106 2829 5154 tuo
2875 5097 3143 5168 alligato;
3191 5099 3488 5168 gratiarum
3538 5102 3684 5158 enim

2101 5203 2360 5244 coronam
2393 5189 2446 5244 in
2471 5189 2731 5245 verticem
2758 5190 2957 5260 capitis
2988 5191 3242 5262 recipies,
3274 5201 3329 5248 et
3357 5192 3559 5250 monile
3581 5209 3684 5249 au-

2101 5294 2251 5335 reum
2281 5280 2338 5334 in
2373 5279 2574 5334 collum
2613 5289 2790 5335 tuum.

2171 5370 2336 5435 Audi,
2363 5371 2462 5436 ﬁli,
2496 5380 2700 5441 patrem
2737 5371 2831 5441 qui
2880 5378 2933 5428 te
2963 5375 3288 5442 procreavit,
3322 5389 3420 5431 nec
3454 5383 3682 5432 matrem

2106 5478 2294 5519 senem
2329 5465 2688 5519 contemnito.

2173 5553 2410 5610 Malach.
2447 5572 2486 5610 ι.
2521 5555 2688 5613 Filius
2717 5559 2903 5628 gloriae
2933 5560 3037 5614 erit
3066 5560 3234 5631 patri.
3262 5559 3420 5628 Quod
3452 5561 3500 5618 si
3521 5562 3685 5621 Pater

2098 5662 2220 5704 sum
2253 5662 2373 5718 ego,
2406 5647 2498 5702 ubi
2525 5649 2892 5719 gloriamiea?
3174 5712 3178 5716 ,

2170 5738 2340 5793 Eccli.
2368 5753 2451 5794 tu.
2488 5740 2594 5806 Qui
2631 5749 2846 5812 patrem
2885 5757 3046 5799 suum
3074 5742 3284 5800 honore
3319 5742 3505 5808 allicit,
3541 5743 3687 5799 delet

2101 5839 2349 5902 peccata.
2384 5832 2574 5901 Qualis
2598 5846 2683 5894 εει
2714 5836 2808 5907 qui
2839 5836 3129 5894 thesauros
3155 5836 3423 5903 recondit,
3455 5836 3578 5894 talis
3605 5850 3687 5892 t'Sl.
