4056 6452
435 393 572 464 1047

1676 381 1997 444 ANTONII
2040 380 2389 457 MELISSJE

3572 374 3723 440 1048

432 513 525 582 qui
559 514 786 564 matrem
819 519 972 561 suam
997 500 1169 574 gloria
1194 497 1355 554 allicit
1385 516 1398 565 ;
1431 498 1523 569 qui
1553 508 1758 568 patrem
1783 499 2018 553 honorat

2123 496 2341 567 δτιμῶν
2366 496 2580 568 πατέρα
2613 494 3049 567 εὐφρανθήσεται
3083 491 3185 545 ὑπὸ
3237 492 3461 559 τέκνων,
3498 493 3609 545 καὶ
3665 495 3725 545 ὲν

435 619 467 659 a
500 602 628 657 ﬁliis
655 600 841 656 laetitia
876 596 1159 661 ai‘lieielur,
1192 601 1244 648 et
1293 592 1561 647 orationis
1607 606 1721 647 sua:
1766 599 2015 660 tempore

432 697 546 749 voti
581 693 674 749 liet
723 704 967 759 compos.
1006 686 1111 752 Qui
1145 694 1356 755 patrem
1391 684 1563 753 gloria
1599 682 1862 746 all‘ecerit,
1899 683 2017 737 lon-

435 799 618 856 gaevus
670 783 780 838 erit
812 821 827 845 ,
855 790 910 835 et
948 778 1041 848 qui
1075 776 1224 830 audit
1260 775 1547 830 Dominum
1583 781 1810 828 matrem
1859 788 2015 830 suam

432 876 722 941 recreabit,
768 881 823 929 et
864 885 1121 941 tanquam
1154 866 1393 923 dominis
1438 867 1639 921 serviet
1690 867 1759 921 iis
1807 868 1903 937 qui
1958 882 2019 923 se

434 968 802 1042 procrearint.
847 964 1032 1021 Verbo
1074 970 1130 1017 et
1172 974 1337 1031 opera
1382 968 1587 1028 patrem
1630 960 1812 1024 colito,
1849 968 1906 1014 ut
1950 960 2018 1014 ab

429 1060 524 1114 illo
559 1059 654 1113 tibi
690 1054 993 1112 benedictio
1025 1051 1253 1107 accidat.
1282 1048 1461 1103 Patris
1482 1047 1795 1103 benedictio
1824 1048 2045 1103 domos'

427 1152 730 1206 liberorum
789 1148 1007 1213 ﬁrmat;
1050 1153 1105 1199 at
1146 1141 1339 1198 matris
1391 1140 1700 1196 exsecratio
1755 1140 2020 1196 radicitus

426 1242 784 1298 fundamenta
810 1240 1024 1294 evertit.

502 1333 646 1389 Ibid.
674 1330 802 1396 Fili,
838 1330 1148 1387 succurrite
1177 1329 1318 1397 patri
1355 1326 1688 1390 senescenti,
1720 1333 1774 1379 et
1805 1324 1850 1378 si
1883 1323 2020 1376 ami-

425 1425 565 1480 serit
615 1422 1059 1493 intelligentiam,
1108 1419 1323 1475 veniam
1385 1427 1695 1483 mereatur,
1759 1430 1860 1471 nec
1910 1416 2017 1468 ulla

424 1513 729 1585 ignominia
766 1512 903 1567 allici
949 1513 1123 1582 ipsum
1157 1512 1365 1581 patiare
1395 1526 1494 1581 pro
1524 1509 1783 1565 omnibus
1810 1506 2019 1562 viribus

427 1605 564 1660 tuis.
596 1603 780 1659 Patris
813 1605 957 1657 enim
995 1599 1369 1656 misericordia
1410 1613 1521 1654 non
1574 1598 1753 1653 veniet
1783 1595 1839 1651 in
1874 1593 2017 1649 obli-

426 1696 686 1762 vionem;
723 1702 780 1749 et
809 1702 870 1749 ut
897 1694 1166 1750 serenitas
1199 1692 1428 1763 glaciem
1461 1689 1764 1760 liquefacit,
1794 1688 1875 1744 sic
1898 1700 2018 1758 pec-

427 1797 551 1845 cata
579 1796 672 1843 tua
706 1786 1099 1844 dissolveutur.
1982 1806 1985 1807 ν

497 1879 581 1935 Ex
607 1888 720 1936 toto
760 1880 944 1934 animo
974 1888 1092 1942 tuo,
1127 1888 1186 1933 ut
1220 1879 1396 1932 honor
1451 1885 1506 1932 et
1539 1876 1726 1947 gloriae
1761 1875 1837 1930 sis
1868 1873 2011 1944 patri
2042 1855 2089 1917 Β

426 1979 639 2037 curato,
689 1985 792 2026 nec
843 1972 1036 2025 matris
1074 1978 1178 2024 tuae
1225 1970 1472 2024 dolorum
1508 1967 1865 2023 obliviscitur.
1903 1963 2012 2019 lle-

425 2063 657 2120 cordare
689 2072 738 2119 te
772 2064 840 2118 ab
885 2061 993 2116 illis
1019 2076 1141 2118 esse
1172 2071 1519 2132 procreatum
1559 2075 1573 2112 :
1617 2068 1671 2115 et
1714 2058 1843 2128 quid
1901 2057 2013 2113 illis

422 2156 641 2220 reddes,
671 2156 833 2226 quale
873 2154 975 2226 ipsi
1008 2154 1279 2209 dederunt
1317 2153 1454 2208 tibi?

500 2248 720 2303 Honore
755 2245 955 2300 allicito
988 2255 1198 2316 patrem
1231 2252 1287 2299 et
1320 2254 1547 2298 matrem
1582 2250 1730 2296 tuam
1761 2279 1775 2304 ,
1805 2251 1857 2296 et
1892 2248 2014 2294 tan-

428 2355 598 2410 quam
630 2341 864 2408 teipsum
903 2337 1213 2407 proximum
1242 2334 1471 2404 diligilo.
1570 2340 1581 2351 ’

500 2430 694 2500 Epltes.
723 2446 794 2484 vr.
826 2428 1027 2495 Liberi,
1057 2426 1378 2495 parentibus
1399 2426 1599 2480 vestris
1622 2424 1836 2478 obeditc
1861 2423 1912 2476 in
1934 2438 2017 2477 re-

432 2522 541 2577 bus
573 2520 831 2575 omnibus
858 2561 872 2585 ,
916 2518 1185 2589 siquidem
1221 2518 1320 2571 hoc
1357 2517 1585 2570 Domino
1623 2525 1928 2583 pergratum
1966 2523 2020 2569 et

427 2624 717 2683 acor-ptum
748 2618 852 2665 est.

498 2700 560 2757 S.
581 2701 795 2756 Basilii.
815 2701 1160 2757 Cironiarum
1180 2716 1302 2770 erga
1327 2709 1579 2770 parentes
1607 2715 1762 2754 senes
1789 2700 2018 2755 benevo-

425 2791 593 2849 lentia
635 2793 770 2848 satis
808 2801 988 2863 potest
1036 2794 1236 2849 liberos
1269 2802 1510 2857 nostros,
1555 2795 1601 2847 si
1642 2794 1805 2847 ntodo
1838 2802 2016 2847 atten-

431 2886 565 2942 dere
586 2884 778 2952 velint,
806 2883 978 2955 patris
1010 2891 1258 2938 amantes
1285 2882 1501 2938 eﬂicere
1526 2898 1542 2949 ;
1582 2898 1740 2937 nemo
1762 2892 1845 2939 est
1865 2883 2012 2937 enim

429 2979 568 3036 adeo
601 2979 895 3052 prudentia
935 2978 1257 3043 destitutus,
1287 2980 1378 3047 qui
1409 2994 1519 3034 non
1542 2977 1865 3049 pudendum
1894 2990 2019 3032 esse

421 3072 627 3143 iudicet
665 3074 734 3126 ab
768 3071 959 3125 avibus
994 3072 1221 3125 rationis
1251 3072 1568 3141 expertibus
1598 3070 1797 3125 virtute
1856 3084 2016 3139 supe-

424 3169 573 3232 rari;
607 3165 696 3220 ille
729 3166 873 3220 enim
906 3175 1111 3234 patrem
1134 3179 1244 3233 prae
1282 3173 1563 3219 senectute
1592 3178 1800 3233 pennas
1824 3163 2013 3218 dimit-
2042 3186 2085 3245 ο

426 3267 631 3313 tentem
657 3257 711 3311 in
732 3256 923 3311 orbem
949 3256 1331 3321 circumstant,
1350 3271 1415 3310 ac
1440 3256 1637 3327 pennis
1662 3256 1777 3312 suis
1801 3254 2010 3321 fovent,

426 3349 685 3404 alimenta
745 3334 976 3418 copiose
1016 3347 1473 3417 suppeditantes,
1523 3355 1790 3417 quantum
1848 3347 2009 3403 etiam

423 3449 664 3511 possunt
684 3439 923 3494 volatum
959 3439 1078 3508 ejus
1110 3437 1395 3508 adjuvant,
1430 3439 1641 3509 placide
1668 3438 1865 3509 pennis
1896 3438 2012 3493 suis

428 3533 691 3602 utrinque
722 3531 1044 3589 allevantes.
1081 3531 1261 3600 Atque
1291 3532 1374 3587 sic
1399 3530 1791 3586 beneficiorum
1826 3545 2014 3585 remu-

429 3622 776 3679 nerationem
807 3621 1282 3690 ἅντιπελάργωσιν
1311 3622 1619 3687 nominant,
1664 3622 1822 3693 quasi
1858 3620 2011 3676 dicas

428 3713 942 3770 recieoniationem.

497 3805 652 3862 Grati
688 3805 843 3861 liberi
882 3819 1074 3873 magna
1107 3804 1316 3859 faciunt
1347 3811 1562 3872 patrunt
1595 3804 1865 3858 eucomia.

502 3981 662 4055 152
687 3982 955 4052 Theotogi.
985 3982 1140 4049 Quod
1163 3984 1451 4039 honestum
1478 3992 1563 4039 est
1586 3996 1861 4051 exercete,
1885 3984 2011 4053 quia

423 4078 718 4136 honestum
747 4083 827 4129 est
857 4075 995 4143 patri
1041 4088 1274 4144 parere;
1324 4075 1538 4130 etiamsi
1576 4074 1708 4129 nihil
1742 4077 1887 4131 aliud
1912 4077 2009 4132 tibi

426 4182 787 4225 accessurum
826 4176 989 4232 esset,
1026 4167 1130 4222 hoc
1159 4166 1337 4236 ipsum
1365 4182 1575 4224 merces
1599 4178 1683 4224 est
1716 4170 1857 4239 patri
1887 4185 2008 4241 gra-

427 4260 647 4316 tiﬁcari.

501 4350 561 4406 S.
593 4350 871 4421 Cltrysost.
912 4349 1049 4414 Quia
1089 4347 1278 4407 eadem
1314 4364 1593 4417 mensura,
1628 4356 1688 4403 ut
1714 4350 1790 4403 ait
1823 4348 2009 4405 Domi—

424 4458 554 4507 nus,
584 4444 639 4496 in
688 4456 907 4512 quaque
938 4456 1005 4495 oe
1042 4439 1279 4512 gerenda
1313 4444 1467 4496 nobis
1503 4444 1772 4509 redditur,
1807 4457 2007 4511 paren—

2120 590 2306 663 ἡμέρᾳ
2338 589 2649 661 προσευχῆς
2685 586 2849 641 αὐτοῦ
2886 585 3396 654 εἰσακουσθήσεται.
3437 583 3504 638 ⁸0
3559 583 3724 648 δοξά-

2118 680 2227 745 ζων
2252 683 2461 751 πατέρα
2488 678 2973 751 μσκροημερεύσει
2998 693 3013 708 ·
3045 677 3140 729 καὶ
3168 679 3195 729 ὁ
3231 676 3443 729 ἀκούων
3493 676 3726 743 Κυρίου

2117 775 2430 828 ἀναπαύσει
2461 771 2673 843 μητέρα
2706 770 2896 834 αὐτοῦ,
2927 770 3022 823 καὶ
3055 769 3132 831 ὼς
3163 768 3450 829 δεσπόταις
3477 766 3725 819 δουλεύ-

2123 883 2205 920 σει
2233 866 2347 929 τοῖς
2379 865 2711 935 γεννήσασιν
2741 863 2926 916 αὐτόν.
2971 863 3061 914 Ἐν
3085 861 3231 931 ἔργῳ
3264 859 3356 912 καὶ
3390 859 3543 928 λόγῳ
3578 858 3725 925 τίμα

2119 960 2210 1011 τὸν
2262 958 2476 1029 πατέρα
2507 974 2626 1022 σου,
2662 958 2750 1010 ῖνα
2785 954 2990 1027 ἐπέλθῃ
3022 971 3102 1007 σοι
3159 952 3384 1020 εὐλογία
3431 949 3576 1020 παρ’
3626 950 3726 1003 αύ-

2120 1049 2237 1100 τοῦ.
2278 1046 2515 1115 Εὐλογία
2545 1046 2656 1117 γὰρ
2682 1045 2889 1116 πατρὸς
2926 1044 3172 1113 στηρίξει
3221 1040 3404 1103 οῐκους
3454 1041 3681 1093 τέκνων
3707 1052 3722 1066 ·

2122 1141 2334 1210 κατάρα
2367 1140 2423 1193 δὲ
2454 1138 2658 1209 μητρὸς
2689 1139 2901 1209 ἐκριζοῖ
2947 1137 3199 1207 Οεμέλια.

2193 1322 2418 1385 Τέκνον,
2447 1318 2735 1373 ἀντιλαόοὖ
2765 1322 2822 1372 ἐν
2847 1318 2996 1389 γήρᾳ
3033 1317 3240 1387 πατρός
3285 1333 3401 1379 σου,
3456 1314 3565 1367 καὶ
3627 1313 3723 1364 ἐὰν

2122 1414 2367 1485 ἀπολίπῃ
2416 1411 2656 1476 σύνεσιν,
2699 1411 3033 1481 συγγνώμην
3090 1409 3281 1480 ἐχέτω,
3319 1407 3415 1460 καὶ
3459 1405 3543 1476 μὴ
3601 1407 3720 1457 ἀτι-

2125 1508 2302 1577 μάσῃς
2327 1507 2489 1561 αὐτὸν
2525 1508 2582 1559 ὲν
2630 1506 2780 1576 πάσῃ
2819 1504 2965 1575 ἰσχύϊ
2995 1520 3108 1557 σου.
3160 1499 3548 1571 Ἑλεημοσύνη
3610 1496 3721 1566 γὰρ

2122 1600 2331 1669 πατρὸς
2367 1598 2465 1652 οὐκ
2489 1598 2919 1669 ὲπιλησθήσεται
2951 1613 2964 1627 ·
2998 1595 3094 1649 καὶ
3117 1594 3193 1658 ὡς
3218 1595 3371 1647 εὐδία
3421 1593 3482 1645 ὲν
3537 1605 3716 1657 παγε-

2120 1690 2218 1761 τῷ,
2245 1691 2417 1755 οὕτως
2447 1689 2884 1761 ἀναλυοήσονταί
2917 1705 3011 1742 σου
3043 1689 3098 1741 αἱ
3127 1684 3416 1757 ἁμαρτίαι.

2201 1874 2288 1926 Ἑν
2317 1873 2413 1944 ὅλῃ
2439 1870 2635 1941 καρδίᾳ
2666 1888 2759 1924 σου
2796 1868 3018 1935 δόξασω
3046 1868 3138 1922 τὸν
3170 1866 3386 1937 πατέρα
3438 1881 3565 1927 σου,
3621 1863 3715 1917 καὶ

2120 1966 2327 2037 μητρὸς
2356 1965 2561 2019 ὠδίνων
2594 1964 2669 2032 μὴ
2700 1962 2957 2031 έπιλάθῃ.
2992 1961 3282 2030 Μνήσϐητι
3308 1961 3390 2012 ὅτι
3422 1958 3498 2012 δι’
3532 1958 3716 2010 αὐτῶν

2116 2057 2414 2127 εγεννήθης
2438 2072 2451 2087 ·
2485 2055 2578 2109 καὶ
2606 2053 3083 2117 τίάνταποδώσεις
3116 2053 3321 2121 αὐτοῖς,
3369 2049 3566 2114 καθὼς
3617 2049 3714 2104 αύ-

2116 2150 2200 2201 τοὶ
2236 2148 2318 2200 σοί
2343 2164 2358 2214 ;

2192 2242 2337 2311 Τίμα
2361 2241 2452 2295 τὸν
2483 2241 2692 2313 πατέρα
2729 2257 2822 2294 σου
2876 2240 2972 2294 καὶ
3028 2239 3127 2309 τὴν
3174 2238 3388 2309 μητέρα
3438 2253 3561 2306 σου,
3616 2237 3710 2289 καὶ

2118 2334 2309 2400 ἀγάπα
2335 2333 2427 2387 τὸν
2456 2332 2685 2403 πλησίον
2718 2350 2814 2387 σου
2844 2334 2919 2396 ὡς
2955 2333 3201 2389 σεαυτόν.

2191 2426 2390 2491 Τέκνα,
2428 2424 2735 2479 ὑπακούετε
2767 2428 2881 2490 τοῖς
2905 2424 3156 2495 γονεῦσιν
3185 2425 3342 2496 ὑμῶν
3369 2426 3514 2480 κατὰ
3567 2425 3710 2480 πᾶν·

2117 2539 2203 2574 τα.
2234 2519 2403 2575 Τοῦτο
2431 2521 2540 2592 γάρ
2570 2523 2717 2575 ἐστιν
2745 2520 3037 2591 εὐάρεστον
3057 2518 3133 2591 τῷ
3165 2520 3379 2591 Κυρίῳ.

2199 2704 2266 2765 ’H
2292 2703 2421 2774 περὶ
2449 2704 2575 2766 τοὺς
2625 2705 2976 2775 γηράσαντας
3031 2705 3138 2759 τῶν
3181 2705 3476 2777 πελαργῶν
3525 2706 3709 2761 εὔνοια

2119 2792 2342 2863 ἐξαρκεῖ
2365 2794 2492 2855 τοὺς
2529 2793 2724 2856 παῖδας
2758 2795 2934 2864 ἡμῶν,
2972 2798 3021 2848 εἰ
3055 2796 3347 2867 προσέχειν
3399 2797 3704 2867 βούλοιντο.

2120 2886 2495 2956 φιλοπάτορας
2524 2886 2891 2955 καταστῆσαι.
2919 2888 3142 2952 Πάντως
3168 2888 3279 2959 γὰρ
3304 2890 3485 2954 οὐδεὶς
3537 2890 3706 2951 οὕτως

2119 2978 2388 3031 ἐλλείπων
2424 2977 2568 3030 κατὰ
2594 2978 2692 3045 τὴν
2724 2978 3011 3049 φρόνησιν,
3042 2978 3117 3042 ὡς
3147 2980 3222 3051 μὴ
3260 2980 3526 3050 αἰσχύνης
3563 2981 3707 3045 ἄξιον

2121 3065 2261 3122 εἶναι
2293 3067 2521 3137 κρίνειν,
2567 3069 2678 3121 τῶν
2735 3068 2951 3136 ἀλόγων
2998 3069 3227 3134 ὀρνίθων
3279 3072 3535 3144 ὑστερεῖν
3590 3070 3708 3125 κατ’

2119 3159 2343 3230 ἀρετήν.
2362 3156 2593 3213 Ἐκεῖνοι
2616 3158 2748 3229 γὰρ,
2774 3161 2864 3213 τὸν
2896 3163 3108 3232 πατέρα
3132 3163 3236 3216 ὑπὸ
3261 3165 3450 3234 γήρως
3480 3165 3708 3234 πτερορ-

2126 3255 2411 3324 ρυήσαντα
2438 3252 2796 3322 περιστάντες
2832 3255 2889 3306 ὲν
2915 3253 3125 3325 κύκλῳ,
3153 3257 3268 3319 τοῖς
3299 3257 3531 3321 οἰκείοις
3582 3273 3707 3311 πτε-

2123 3345 2237 3414 ροῖς
2269 3342 2688 3414 περιθάλπουσι,
2718 3343 2812 3397 καὶ
2849 3345 2947 3406 τὰς
2979 3346 3188 3416 τροφὰς
3232 3347 3486 3416 ἀφθόνως
3533 3365 3709 3420 παρα-

2122 3434 2505 3500 σκευάζοντες,
2542 3434 2641 3505 τὴν
2666 3434 2899 3506 δυνατὴν
2932 3437 3023 3489 καὶ
3058 3439 3119 3491 ἐν
3165 3440 3232 3510 τῇ
3276 3439 3479 3509 πτήσει
3534 3438 3703 3504 παρέ-

2120 3540 2305 3593 χονται
2337 3522 2609 3594 βοήθειαν,
2640 3525 2825 3597 ἡρέμα
2853 3529 2964 3581 τῶν
2994 3530 3286 3599 πτερύγων
3324 3530 3704 3600 ἐπικουφίζον-

2119 3633 2210 3680 τες
2235 3616 2599 3687 έκατέρωθεν.
2632 3620 2740 3675 Καὶ
2767 3618 2943 3684 οὕτως
2969 3619 3071 3693 τὴν
3100 3621 3210 3678 τῶν
3245 3621 3702 3696 εὐεργετημάτων

2120 3710 2395 3764 ἀντίδοσιν
2415 3711 2893 3781 ἀντιπελάργωσιν
2925 3713 3309 3785 ὀνομάζουσιν,

2192 3802 2547 3872 Εύγνὼμονες
2570 3804 2764 3870 παῖδες
2787 3806 3005 3876 μεγάλα
3036 3807 3254 3862 ποιοῦσι
3284 3808 3352 3861 τὰ
3393 3808 3506 3864 τῶν
3538 3807 3697 3863 πατέο

2123 3914 2230 3966 ρων
2252 3895 2524 3967 ἐγκώμια.

2192 3988 2468 4058 Ἐργασαι
2492 3990 2553 4043 τὸ
2582 3985 2767 4058 καλὸν,
2793 3991 2877 4045 ὅτι
2909 3993 3072 4047 καλὸν
3092 3992 3171 4063 τῷ
3196 3995 3364 4065 πατρὶ
3380 3993 3662 4049 πείθεσθαι
3684 4004 3698 4019 °

2120 4080 2215 4132 καὶ
2247 4080 2300 4137 εί
2331 4097 2412 4134 σοι
2459 4081 2630 4151 μηδὲν
2679 4080 2901 4137 ἔσεσθαι
2955 4086 3164 4154 μέλλοι,
3221 4085 3381 4140 τοῦτο
3427 4088 3561 4141 αὐτὸ
3615 4099 3698 4154 μι-

2121 4169 2269 4234 σθὸς,
2305 4171 2366 4224 τὸ
2399 4174 2570 4242 πατρὶ
2603 4173 2944 4243 χαρίζεσθαι.

2203 4349 2292 4416 Ὠς
2315 4354 2423 4416 τοῖς
2459 4353 2640 4416 αὐτοῖς
2674 4353 2918 4425 μέτροις,
2944 4355 3087 4409 κατά
3112 4356 3209 4427 τὴν
3234 4356 3326 4411 τοῦ
3358 4359 3565 4428 Κυρίου
3588 4372 3693 4424 φω-

2117 4445 2235 4514 νὴν,
2267 4443 2353 4513 ἐφ’
2384 4443 2599 4514 ἑκάστῳ
2624 4443 2735 4498 τῶν
2764 4446 3154 4515 πραττομένων
3195 4448 3580 4518 μετρούμενοι,
3604 4444 3697 4514 μά·

424 4545 511 4591 tes
535 4544 796 4605 tanquam
831 4534 1088 4591 dominos
1120 4534 1395 4590 honorare
1431 4533 1737 4600 discamus,
1778 4542 1838 4588 ut
1885 4542 1942 4588 et
1984 4548 2013 4588 a

2124 4536 2309 4607 Θωμεν
2341 4535 2418 4600 ὡς
2449 4537 2719 4602 δεσπότας
2743 4538 2910 4609 τιμᾷν
2936 4541 3134 4607 γονεῖς,
3170 4540 3261 4595 ῖνα
3282 4542 3378 4595 καὶ
3434 4541 3541 4595 ὑπὸ
3593 4536 3693 4590 τῶν

427 4625 640 4681 nostris
675 4625 921 4695 ipsorum
957 4624 1164 4680 honore
1198 4621 1502 4678 aﬂiciamur
1532 4621 1743 4688 liberis,
1770 4633 1825 4678 et
1854 4637 1883 4676 a
1913 4621 2017 4676 Do-

427 4716 581 4772 mino
608 4718 662 4771 in
701 4716 807 4773 hac
835 4731 895 4771 re
923 4715 1203 4771 deﬁnitam
1232 4712 1538 4769 mercedem
1586 4714 1819 4782 amplam
1877 4713 2017 4769 reci-

426 4809 665 4879 piamus.

503 4925 787 4994 Tanquam
837 4938 1005 4979 verna
1042 4921 1384 4992 genitoribus
1424 4921 1532 4976 tuis
1580 4921 1833 4977 servitu:
1885 4922 2018 4990 quid

429 5014 579 5072 enim
606 5015 717 5070 iltis
741 5015 849 5070 tale
869 5015 1088 5077 reddas,
1132 5014 1294 5084 quale
1324 5015 1393 5068 ab
1427 5014 1533 5068 illis
1562 5013 1851 5083 accepisti?
1883 5014 2017 5068 Nam

433 5109 675 5171 vicissim
711 5123 972 5179 generare
1002 5107 1124 5162 illos
1180 5121 1278 5163 δίδη
1316 5107 1464 5161 licet.
1533 5161 1541 5167 ,

503 5226 730 5278 Ανὶεωι.
772 5222 1013 5295 (Equum
1047 5233 1132 5278 est
1184 5231 1245 5277 ut
1292 5222 1436 5277 [ilius
1486 5222 1659 5293 patris
1710 5224 1782 5277 sit
1827 5237 2020 5276 servus

438 5314 614 5382 magis
640 5327 806 5381 quam
845 5328 1052 5379 terna;
1082 5312 1171 5367 ille
1202 5312 1345 5365 enim
1372 5318 1564 5365 natura
1588 5311 1758 5381 patris
1787 5318 1872 5366 est
1901 5326 2018 5365 ser-

439 5419 555 5472 vus,
582 5405 672 5459 hic
698 5404 835 5472 lege.

511 5497 787 5576 Isocratis.
847 5519 1034 5572 Talem
1086 5527 1135 5572 te
1199 5527 1394 5587 praesta
1439 5518 1781 5589 parentibus,
1824 5519 2019 5589 quales

436 5622 594 5684 optas
628 5612 724 5666 tibi
761 5611 1059 5678 morigeros
1092 5609 1210 5664 fore
1244 5610 1465 5665 liberos.

509 5719 814 5773 Alexander
854 5731 951 5771 rex
983 5730 1106 5771 cum
1143 5719 1594 5786 interrogaretur,
1621 5730 1804 5777 utrum
1843 5722 2020 5794 magis

437 5812 778 5879 desideraret
832 5820 1043 5885 patrem
1092 5809 1435 5885 Philippum,
1494 5828 1560 5868 an
1614 5816 2013 5873 Aristotelem:

2125 4625 2269 4680 ίόίων
2302 4627 2626 4697 τιμηθῶμεν
2661 4628 2888 4693 παίδων,
2920 4631 3014 4684 καὶ
3042 4631 3135 4683 τὸν
3165 4633 3317 4700 παρά
3367 4631 3462 4687 τοῦ
3491 4628 3687 4701 Κυρίου

2119 4719 2423 4791 ὡρισμένον
2452 4719 2544 4772 ἐπὶ
2574 4719 2749 4789 τούτῳ
2784 4721 3039 4776 πλούσιον
3067 4723 3263 4793 μισθὸν
3313 4726 3685 4794 ἀπολάϐωμεν·

2209 4922 2297 4987 Ὠς
2318 4924 2535 4993 οἰκέτης
2563 4925 2854 4983 δούλευσον
2882 4931 2994 4992 τοῖς
3026 4930 3326 5000 γεννήσασί
3360 4947 3443 4987 σε.
3479 4930 3545 4985 Τί
3592 4926 3687 4996 γὰρ

2124 5017 2531 5081 ἀνταποδώσεις
2557 5020 2739 5083 αὐτοῖς
2770 5017 2857 5073 οἷα
2914 5024 3068 5075 αὐτοὶ
3129 5023 3250 5089 σοί;
3320 5026 3691 5097 ἀντιγεννῆσαι

2121 5108 2231 5175 γὰρ
2257 5108 2456 5172 αὐτοὺς
2487 5109 2584 5163 ούκ
2613 5111 2712 5166 ἔνι.

2195 5224 2314 5295 Χρὴ
2345 5225 2436 5277 τὸν
2465 5225 2577 5277 υἱὸν
2606 5226 2791 5278 δοῦλον
2841 5221 2983 5279 εῖναι
3017 5224 3114 5279 τοῦ
3161 5228 3368 5297 πατρὸς
3415 5231 3448 5301 ἦ
3491 5230 3578 5283 τὸν
3622 5223 3692 5275 ol-

2123 5316 2310 5385 κέτην.
2358 5315 2415 5368 '0
2445 5315 2545 5387 μὲν
2567 5316 2676 5387 γὰρ
2700 5317 2857 5387 φύσει
2877 5317 2969 5371 τοῦ
2998 5318 3208 5389 πατρδις
3237 5320 3422 5385 δοῦλός
3464 5324 3622 5383 ἐστιν,
3666 5314 3690 5365 ὁ

2123 5408 2178 5460 δὲ
2208 5407 2377 5475 νόμῳ.

2198 5514 2451 5578 Τοιοῦτος
2481 5515 2633 5583 γίνου
2670 5520 2798 5587 περὶ
2846 5521 2974 5584 τοὺς
3009 5525 3211 5589 γονεῖς,
3253 5523 3400 5587 οἴους
3426 5523 3490 5576 ἂν
3520 5518 3686 5583 εὔξαιο

2126 5611 2255 5682 περὶ
2282 5610 2511 5665 σεαυτὸν
2543 5611 2797 5679 γενέσθαι
2819 5614 2944 5677 τοὺς
2973 5615 3174 5670 σαυτοῦ
3207 5617 3424 5681 παῖδας.

2206 5723 2554 5793 Ἀλέξανδρος
2583 5725 2610 5778 ὁ
2653 5724 2927 5793 βασιλεὺς,
2960 5727 3285 5800 ἐρωτηθεὶς,
3346 5731 3469 5784 τίνα
3503 5721 3683 5798 μᾶλλον

2124 5815 2299 5882 ποθεῖ,
2335 5814 2426 5868 τὸν
2456 5814 2667 5885 πατέρα
2695 5816 2958 5871 Φίλιππον
2993 5817 3025 5888 ἢ
3067 5817 3467 5892 Ἀριστοτέλην,
3494 5817 3593 5873 Τὸν
3617 5810 3684 5862 δι’
