4056 6414
388 419 529 485 1049

1210 424 1387 486 LOCI
1427 420 1872 485 COMMUNES.
1906 445 1973 457 -
2015 421 2205 482 PARS
2240 421 2323 486 ΙΙ.
2364 421 2623 481 SERMO
2664 420 2835 483 XIII.

3516 423 3653 487 105‘)

384 528 677 596 δάσκαλον,
715 528 818 600 ἔφη
853 545 867 560 ·
902 531 931 586 6
973 531 1074 602 μὲν
1121 531 1232 603 γὰρ
1278 530 1371 586 τοῦ
1403 531 1679 601 γενέσθαι,
1716 530 1746 582 6
1783 529 1838 582 δὲ
1878 527 1971 582 τοῦ
2006 532 2032 587 Α

2074 528 2423 601 Magistrum,
2466 530 2644 600 inquit
2673 546 2688 597 ;
2721 530 2813 585 ille
2857 531 3003 587 enim
3032 542 3092 587 ut
3121 546 3318 595 essem,
3352 530 3438 585 bic
3471 540 3651 586 autem

386 621 567 684 καλῶς
600 623 854 690 γενέσθαι
884 625 1079 688 αίτιος.

470 711 529 765 '0
562 713 725 777 αὐτὸς
762 714 903 784 βαρύ
923 732 975 769 τι
998 715 1395 786 ἐπιταττούσης
1420 714 1569 786 αὐτῷ
1592 716 1692 780 τῆς
1757 713 1965 782 μητρὸς

396 803 783 872 Ὀλυμπιάδος,
820 806 923 879 ἔφη
949 824 963 839 ·
1000 803 1070 861 Ὦ
1116 809 1312 879 μῆτερ,
1372 807 1571 879 πικρόν
1614 823 1683 876 με
1730 806 1963 861 ἐνοίκιον

381 895 482 963 τῆς
507 896 905 968 ἐννεαμηναίου
942 899 1217 963 ἀπαιτεῖς.

454 988 617 1052 Οἴους
647 988 714 1043 ἂν
743 976 1222 1064 ἐράνουςένέγκῃς
1252 993 1362 1055 τοῖς
1391 991 1635 1060 γονεῦσι,
1689 987 1963 1050 τοιούτους

382 1081 545 1145 αὐτὸς
592 1083 652 1135 ὲν
701 1082 781 1152 τῷ
830 1086 982 1156 γήρᾳ
1029 1086 1182 1155 παρά
1239 1085 1347 1139 τῶν
1396 1083 1663 1137 τεκόντων
1706 1080 1961 1155 [τέκνων]

382 1170 705 1240 προσδέχου.

382 1269 579 1332 Ὅστις
609 1270 666 1324 δὲ
692 1272 818 1334 τοὺς
849 1272 1114 1334 τεκόντας
1144 1274 1203 1325 ἐν
1229 1270 1330 1343 βίῳ
1362 1272 1534 1336 σέϐει,
1610 1270 1615 1275 ’

392 1362 452 1414 Ὅ
483 1360 529 1415 δ’
557 1364 673 1415 ἐστὶ
699 1363 796 1416 καὶ
839 1362 949 1428 (ὦν
984 1365 1077 1416 καὶ⁵
1108 1362 1287 1418 θανὼν
1318 1364 1454 1418 Θεοῦ
1484 1364 1659 1434 φίλος.

380 1454 497 1507 Οὐκ
522 1452 639 1508 ἐστι
676 1457 833 1508 παισὶ
868 1455 1058 1508 τούτου
1090 1456 1311 1509 κάλλιον
1342 1457 1533 1528 γέρας,

384 1545 454 1597 Ἦ
487 1546 693 1615 πατρὸς
713 1544 904 1599 ἐσθλοῦ
932 1545 1178 1614 κάγαθοῦ
1233 1547 1563 1615 πεφυκέναι,

379 1635 493 1688 Καὶ
521 1639 631 1698 τοῖς
658 1636 915 1691 τεκοῦσιν
946 1639 1101 1705 ἀξίαν
1130 1639 1297 1709 τιμὴν
1326 1638 1531 1709 νέμειν.

449 1810 632 1865 Σόλων
663 1813 962 1884 ἐρωτηθεὶς
993 1813 1134 1867 διατί
1169 1812 1311 1866 κατὰ
1342 1814 1456 1868 τῶν
1484 1813 1797 1869 τυπτόντων
1830 1816 1957 1879 τοὺς

2064 630 2124 675 ιιι
2153 622 2415 690 ριωριιιιε
2446 622 2730 679 institutus
2761 638 2938 680 essem
2971 634 3161 680 auctor
3193 625 3315 681 luit.

2136 712 2280 769 Idem
2313 729 2433 768 cum
2469 724 2646 771 mater
2675 715 2955 787 Olympias
2980 718 3030 772 ei
3065 718 3269 787 aliquid
3304 716 3525 787 gravius
3553 716 3653 769 im-

2063 813 2330 874 peraret:
2383 806 2677 874 Aeerbam,
2728 824 2761 864 o
2810 819 3004 877 mater,
3058 810 3253 882 inquit,
3302 824 3401 878 pro
3454 822 3648 863 novem

2064 897 2337 951 mensium
2387 913 2554 953 onere
2589 901 2896 955 mercedem
2925 903 3119 972 exigis.

2138 985 2367 1041 Melesii.
2399 986 2594 1054 Qualia
2624 990 2676 1044 in
2714 1002 2965 1061 parentes
3012 994 3314 1051 contuleris
3342 993 3609 1051 beneficia
3628 1033 3647 1061 ,

2065 1076 2193 1131 talia
2230 1078 2282 1131 in
2314 1088 2598 1136 senectute
2628 1096 2657 1134 a
2690 1082 2881 1139 liberis
2912 1094 3190 1156 exspecta.

2141 1254 2345 1311 Vivens
2376 1268 2632 1323 parentes
2662 1259 2755 1327 qui
2786 1260 2937 1327 colit,

2137 1346 2380 1404 Futurus
2406 1360 2492 1405 est
2530 1361 2717 1420 gratus
2750 1353 2855 1406 Deo
2887 1355 3040 1405 vivus
3072 1353 3343 1422 simulque
3378 1363 3644 1408 mmtuus.

2133 1437 2242 1493 Nec
2285 1442 2566 1509 praemium
2600 1441 2769 1496 ullum
2801 1454 2885 1498 est
2907 1443 3090 1497 liberis
3118 1444 3427 1505 honestius,

2132 1532 2309 1597 Quam
2350 1536 2393 1587 si
2422 1535 2595 1603 probo
2623 1544 2923 1589 nascantur
2953 1545 3008 1589 et
3038 1536 3270 1589 honesto
3303 1543 3475 1602 patre,

2137 1623 2435 1696 Dtgnisque
2462 1635 2718 1696 parentes
2750 1625 2989 1681 alliciant
3024 1626 3349 1680 honoribus.

2688 1718 3032 1790 (Ειιτιρίάίε.)

2137 1808 2303 1866 Solon
2339 1811 2735 1882 interrogatus,
2773 1826 2873 1865 cur
2926 1811 3104 1865 nullas
3147 1822 3339 1879 ptenas
3385 1807 3662 1869 adversus,

375 1901 622 1971 πατέρας
646 1876 924 1971 ἐπιτίμιον
952 1904 1049 1973 οὐχ
1072 1901 1295 1973 ὥρισεν,
1328 1902 1431 1975 ἔφη
1454 1919 1471 1937 ο
1508 1904 1633 1958 Ὀτι
1688 1906 1787 1975 οὐχ
1818 1876 1956 1957 ὐπέέ
1984 1876 2032 1936 Β

2064 1918 2159 1958 eos
2212 1901 2308 1972 qui
2346 1909 2527 1973 patres
2556 1876 2949 1957 vverberassent
2997 1876 3379 1954 constituisset
3428 1916 3443 1952 :
3491 1898 3645 1966 Quod

372 1994 540 2049 λαὸον
567 1995 848 2057 τοιούτους
887 1996 1038 2059 τινὰς
1070 1995 1312 2050 ἔσεσθαι.

445 2085 486 2139 Γ
488 2086 705 2157 αμόροῦ
735 2090 763 2140 6
792 2088 893 2157 μὲν
923 2088 1199 2158 ἐπιτυχὼν
1229 2085 1390 2158 εὗρεν
1424 2089 1561 2155 υἱὸν,
1595 2089 1624 2142 6
1669 2089 1726 2143 δὲ
1756 2090 1959 2144 ἀποτυ-

373 2179 487 2250 χὼν
516 2177 769 2233 ἀπώλεσε
794 2181 885 2232 καὶ
916 2181 1110 2248 θυγατέ
1123 2198 1210 2249 ρα.

447 2275 576 2337 Τοῖς
603 2272 856 2342 γονεῦσιν
886 2274 1007 2333 ἴσας
1038 2271 1173 2341 πρὸς
1214 2273 1336 2331 ῐσας
1384 2273 1676 2328 ἀποδοῦναι
1727 2274 1958 2345 χάριτας

372 2365 481 2419 τῶν
504 2365 804 2419 ἀδυνάτων.
849 2365 1261 2434 Ἀντιγεννῆσαι
1282 2366 1391 2436 γὰρ
1426 2366 1526 2435 οὐχ
1560 2363 1672 2420 οἷόν
1699 2381 1779 2419 τε.

969 2569 1189 2623 ΛῡΓυΣ
1252 2567 1354 2624 ΙΒ’.

370 2665 515 2735 Περὶ
550 2662 931 2733 πατραλοιῶν
968 2662 1068 2716 καὶ
1099 2661 1504 2735 μητραλοιῶν,
1536 2662 1635 2718 καί
1666 2663 1784 2718 ὅσα
1813 2662 1957 2733 ἕψε-

905 2749 1001 2786 ται
1019 2733 1225 2797 αὐτοῖς
1248 2734 1426 2788 κακά.

443 2827 542 2892 Ὃς
569 2826 765 2882 τύπτει
796 2825 1013 2897 πατέρα
1042 2824 1233 2889 αὐτοῦ,
1265 2824 1481 2895 θανάτῳ
1516 2825 1893 2881 θανατούσθω.

451 3010 512 3063 '0
544 3006 861 3077 κακολογῶν
895 3006 1111 3078 πατέρα
1142 2988 1310 3061 αὐτοῦ
1345 3007 1377 3078 ἢ
1413 3008 1629 3080 μητέρα
1659 3007 1824 3063 αὐτοῦ
1858 3008 1957 3064 θαο

369 3106 517 3175 νάτῳ
549 3102 877 3158 τελευτάτω.

453 3196 891 3266 Ἐπικατάρατος
919 3196 1027 3257 πᾶς
1057 3196 1085 3248 6
1111 3193 1394 3264 ἀτιμάζων
1426 3195 1640 3266 πατέρα
1689 3196 1858 3252 αὐτοῦ
1917 3196 1951 3271 ἢ
1981 3231 2025 3293 c

372 3293 585 3364 μητέρα
608 3291 774 3345 αὐτοῦ
806 3306 819 3320 ·
852 3288 947 3351 καὶ
970 3289 1087 3359 ἐρεῖ
1110 3288 1218 3351 πᾶς
1235 3288 1263 3340 6
1287 3289 1437 3354 λαὸ;,
1460 3287 1696 3357 Γένοιτο,
1719 3290 1950 3359 γένοιτο.

439 3472 566 3536 Υἱὸς
592 3470 823 3541 ἀνήκοος
854 3469 911 3521 ἐν
935 3465 1185 3536 ἀπωλείᾳ
1209 3465 1384 3521 ἔσται.

449 3567 508 3621 '0
535 3562 817 3634 ἀτιμάζων
841 3559 1054 3631 πατέρα
1079 3559 1268 3626 αὐτοῦ,
1292 3559 1387 3613 καὶ
1413 3559 1805 3631 ἀπωθούμενος
1835 3579 1941 3634 μη.

365 3659 503 3728 τέρα
564 3654 754 3721 αὐτοῦ,
814 3653 1367 3724 καταισχυνθήσεται,
1432 3654 1526 3707 καὶ
1582 3655 1951 3719 ἐπονείδιστος

368 3749 540 3803 ἔσται.
1768 3794 1789 3804 -

442 3834 889 3905 Κακολογοῦντος
941 3834 1158 3905 πατέρα
1213 3834 1248 3905 ἢ
1312 3835 1524 3905 μητέρα
1582 3832 1948 3906 σϐεσθήσεται

365 3931 630 4003 λαμπτήρ
654 3945 669 3962 ο
698 3928 838 3984 αἱδέ
872 3927 1034 4000 κόραι
1072 3927 1181 3981 τῶν
1210 3926 1510 3997 ὀφθαλμῶν
1533 3926 1697 3981 αὐτοῦ
1727 3926 1947 3998 ὄψονται

370 4022 584 4084 σκότος.

372 4159 381 4166 .
443 4116 543 4178 Ὃς
566 4111 935 4169 ἀποδάλλεται
962 4110 1179 4181 πατέρα
1204 4107 1237 4181 ἢ
1271 4108 1508 4180 μητέρα,
1563 4109 1662 4163 καὶ
1692 4108 1842 4163 δοκεῖ
1872 4110 1949 4182 μὴ

365 4205 729 4279 ἁμαρτάνειν,
769 4195 927 4266 οὗτος
952 4200 1210 4263 κοινωνός
1240 4201 1390 4254 ἐστιν
1415 4200 1609 4270 ἀνδρὸς
1638 4199 1894 4263 ἀσεὸοῦς.

436 4297 555 4354 Οὐκ
584 4293 942 4366 εὐφραίνεται
972 4291 1156 4363 πατὴρ
1188 4292 1283 4346 ἐπὶ
1323 4291 1427 4360 υίῷ
1454 4291 1790 4363 ἀπαιδεύτῳ.
1819 4293 1952 4358 Υίδς

362 4390 422 4445 δέ
451 4389 713 4460 φρόνιμος
741 4386 1026 4455 εὐφραίνει
1053 4384 1267 4456 μητέρα
1296 4381 1488 4438 αὐτοῦ.

437 4482 610 4553 Ὀργὴ
635 4482 807 4551 πατρὶ
837 4479 952 4543 υίὸς
979 4477 1195 4549 ἄφρων,
1235 4476 1331 4530 καὶ
1382 4475 1544 4548 ὀδύνη
1584 4477 1654 4547 τῇ
1711 4475 1947 4549 τεκούσῃ

363 4576 550 4632 αὐτόν.

444 4667 536 4731 Ὠς
567 4665 891 4737 βλάσφημος
941 4663 970 4716 6
1023 4658 1437 4729 ἐγκαταλείπων
1495 4659 1712 4731 πατέρα
1753 4659 1944 4727 αὐτοῦ,

364 4759 459 4812 καὶ
498 4756 884 4828 κατηραμένος
918 4750 1025 4807 ὑπὸ
1059 4749 1265 4823 Κυρίου
1302 4752 1331 4803 6
1361 4750 1718 4821 παροργίζων
1777 4750 1948 4821 μητέ..

365 4866 435 4921 ρα
489 4846 680 4902 αὐτοῦ.

434 4939 528 5012 Μὴ
556 4938 782 5006 δοξάζου
814 4938 872 4991 ἐν
900 4935 1098 5007 ἀτιμίᾳ
1131 4933 1339 5005 πατρός
1367 4948 1484 4986 σου.
1531 4931 1601 4986 Ἦ
1651 4931 1759 5003 γὰρ
1819 4930 1947 4998 δόξα

363 5032 671 5100 ἀνθρώπων
695 5033 758 5083 ἐκ
777 5029 945 5099 τιμῆς
973 5027 1180 5098 πατρὸς
1208 5025 1415 5081 αὐτῶν.

436 5126 501 5178 Οί
527 5123 732 5192 γονέων
766 5118 1089 5189 ἀλογοῦντες
1130 5116 1407 5188 ’ἑκατέρας
1439 5114 1657 5186 μερίδος
1688 5114 1828 5169 είσὶν
1856 5116 1948 5187 ἐχ-
2014 5180 2015 5183 η

366 5214 505 5285 θροὶ,
537 5216 632 5268 καὶ
664 5214 764 5282 τῆς
794 5211 931 5281 πρὸς
965 5210 1102 5263 Θεὸν
1124 5210 1226 5263 καὶ
1253 5211 1352 5279 τῆς
1378 5209 1518 5282 πρὸς
1537 5206 1883 5278 ἀνθρώπους.

967 5390 1190 5449 ΛΟΓΟΣ
1248 5389 1347 5444 ll".

734 5540 745 5550 ,
859 5484 1001 5552 Περὶ
1066 5483 1197 5539 υἱοῦ
1227 5481 1448 5553 σοφοῦ.

432 5576 562 5641 Υἱὸς
594 5577 756 5645 σοφὸς
778 5576 1061 5647 εὐφραίνει
1109 5576 1320 5646 πατέρα
1344 5575 1535 5632 αὐτοῦ.
1588 5575 1716 5641 Υἱὸς
1760 5575 1947 5647 φρόνι-

367 5683 467 5738 μος
490 5667 774 5739 εὐφραίνει
809 5668 1025 5738 μητέρα
1073 5666 1263 5722 αὐτοῦ.

440 5762 829 5832 Εὐφραινέσθω
854 5763 880 5814 6
913 5762 1096 5832 πατὴρ
1128 5763 1281 5831 καὶὴ
1318 5761 1504 5834 μήτηρ
1533 5761 1629 5817 ἐπὶ
1665 5761 1748 5816 σοί
1771 5776 1786 5792 ⁸
1849 5761 1942 5816 καὶ

364 5854 602 5927 χαιρέτω
632 5857 665 5925 ἡ
695 5853 926 5913 τεκοῦσά
982 5871 1034 5890 η·

2059 1994 2481 2063 nullos,inquit,
2516 1993 2655 2048 tales
2687 1994 2992 2047 exstituros
3022 1992 3434 2047 existimabam.

2130 2085 2402 2141 Generum
2438 2094 2653 2153 nactus,
2684 2083 2853 2138 lilium
2902 2083 3109 2138 invenit
3152 2097 3166 2135 :
3217 2090 3273 2137 at
3304 2083 3400 2152 qui
3441 2082 3645 2137 malum

2059 2189 2256 2234 nactus
2287 2186 2391 2244 est,
2425 2176 2663 2247 perdidit
2692 2183 2747 2231 et
2775 2175 2965 2229 tiliam.

2132 2270 2396 2326 Philonis.
2430 2268 2758 2324 Parentibus
2787 2282 2886 2336 par
2912 2264 3087 2337 gratia
3121 2264 3274 2320 reddi
3302 2263 3451 2319 nullo
3481 2263 3645 2318 modo

2060 2370 2244 2430 potest
2280 2377 2296 2415 :
2330 2376 2458 2415 nam
2515 2358 2754 2414 vicissim
2804 2368 3216 2426 eos‘generare
3258 2353 3485 2411 omnino
3534 2366 3643 2407 non

2059 2454 2209 2509 licet.

2454 2561 2691 2620 SERMO
2730 2561 2828 2616 ΧΠ
2869 2559 2968 2633 [ἀί.
2992 2556 3252 2632 CXXIX].

2062 2663 2137 2716 De
2164 2660 2446 2721 patricidis
2477 2666 2527 2713 et
2560 2656 2883 2778 matricidisl,
2913 2664 2964 2709 et
2990 2669 3108 2725 quae
3132 2668 3219 2708 eos
3262 2660 3508 2707 secutura
3535 2647 3644 2703 sint

2764 2741 2850 2778 ma
2878 2743 2931 2778 a.

2764 2741 2931 2780 mata.

2132 2821 2307 2877 Exod.
2339 2836 2449 2876 xxi.
2498 2818 2603 2885 Qui
2662 2825 2873 2888 patrem
2922 2828 3083 2870 suum
3133 2813 3409 2881 verberat,
3468 2820 3644 2867 morte

2058 2913 2347 2967 multetur.
3077 2917 3085 2926 '

2128 3005 2299 3059 Leuit.
2328 3020 2420 3060 xx.
2454 3002 2559 3069 Qui
2589 3000 2732 3070 patri
2761 3008 2853 3056 aut
2887 2998 3049 3054 matri
3097 2995 3396 3061 maledicit,
3444 2993 3638 3049 mortis

2058 3099 2329 3172 supplicio
2356 3096 2643 3154 alliciatur.

2130 3191 2287 3247 Deut.
2338 3202 2511 3244 xxv".
2560 3183 2944 3242 Exsecrandus
2994 3179 3248 3252 quisquis
3288 3186 3494 3250 patrem
3542 3183 3639 3230 aut

2057 3290 2285 3337 matrem
2315 3279 2611 3351 ignominia
2642 3276 2808 3331 allicit
2843 3293 2857 3329 :
2892 3282 3124 3330 cunctus
3152 3281 3332 3329 autem
3369 3270 3631 3342 populus,

2056 3375 2200 3439 Fiat,
2244 3373 2473 3442 inquiet,
2505 3370 2617 3424 liat.

2132 3464 2304 3521 Filius
2332 3462 2554 3519 rebellis
2583 3461 2783 3515 misere
2815 3456 3035 3529 peribit.

2129 3554 2288 3613 Prov.
2316 3571 2392 3611 Vl.
2425 3554 2528 3621 Qui
2558 3563 2765 3624 patrem
2798 3565 2958 3607 suum
2986 3547 3302 3612 dedecorat,
3330 3554 3386 3601 et
3407 3549 3633 3599 matrem

2054 3664 2214 3708 suam
2244 3647 2479 3720 repellit,
2516 3645 2919 3718 ignominiosus
2948 3649 3002 3698 et
3029 3641 3329 3713 probrosus
3367 3640 3492 3695 erit.

2122 3849 2330 3906 Lumen
2364 3847 2746 3919 exstinguetur
2773 3846 2914 3917 ejus,
2941 3846 3034 3917 qui
3061 3847 3116 3903 in
3150 3845 3307 3918 153
3339 3854 3547 3918 patrem
3577 3854 3634 3902 et

2052 3950 2287 3997 matrem
2336 3940 2624 3996 maledicta
2668 3939 3052 4011 congesserit,
3091 3950 3144 3996 et
3185 3924 3472 3996 oculorum
3508 3939 3630 4011 eius

2054 4032 2273 4106 pupillae
2305 4029 2559 4087 tenebras
2589 4029 2882 4100 aspicient.

2122 4126 2223 4192 Qui
2256 4133 2466 4195 patrem
2509 4131 2604 4177 aut
2634 4128 2867 4178 matrem
2898 4120 3100 4193 reiicit,
3139 4128 3196 4178 et
3234 4128 3390 4193 putat
3425 4135 3486 4177 se
3517 4136 3626 4176 non

2051 4232 2305 4290 peccare,
2332 4215 2381 4271 is
2408 4224 2493 4271 est
2524 4214 2628 4271 viri
2661 4213 2814 4285 impii
2854 4214 3064 4269 socius.

2122 4307 2267 4365 Filio
2312 4306 2593 4362 inerudito
2621 4313 2676 4360 et
2711 4321 2822 4361 non
2845 4305 3115 4376 castigato
3147 4314 3303 4376 pater
3334 4319 3443 4361 non
3473 4304 3627 4361 laeta-

2051 4402 2239 4467 bitur;
2276 4410 2331 4453 at
2363 4399 2607 4469 prudens
2640 4396 2786 4451 illius
2827 4397 3017 4451 laetitia
3049 4396 3247 4450 alliciet
3280 4407 3533 4452 matrem.
3618 4418 3621 4421 π

2118 4490 2297 4546 Filius
2323 4488 2596 4560 insipiens
2637 4497 2831 4542 auctor
2873 4496 2957 4540 est
2997 4495 3055 4541 ut
3093 4498 3310 4558 semper
3350 4484 3626 4542 irascatur

1975 4582 2022 4639 D
2052 4592 2231 4657 pater,
2271 4589 2328 4637 et
2358 4579 2597 4652 genitrix
2629 4577 2824 4635 dolore
2855 4577 3146 4632 alliciatur.

2123 4671 2294 4726 Eccli.
2332 4685 2418 4724 ιιι.
2458 4667 2565 4735 Qui
2597 4675 2810 4739 patrem
2853 4680 3015 4722 suum
3054 4661 3285 4730 deserit,
3320 4663 3519 4721 similis
3541 4672 3627 4721 est

2047 4763 2254 4821 summi
2279 4761 2377 4817 Dei
2405 4758 2809 4825 conviciatori;
2854 4766 2911 4814 et
2960 4756 3054 4825 qui
3101 4760 3332 4811 matrem
3378 4755 3448 4812 ad
3487 4755 3624 4811 iram

2049 4862 2336 4926 provocat,
2372 4851 2601 4908 Domino
2634 4848 3009 4906 exsecrandus
3043 4856 3149 4903 est.

2121 4945 2393 5001 Philonis.
2438 4943 2497 4999 In
2541 4943 2715 5013 patris
2749 4940 3055 5012 ignominia
3104 4954 3215 4995 non
3249 4947 3336 4997 est
3381 4940 3628 5010 glorian-

2048 5037 2179 5093 dum
2208 5054 2225 5092 :
2261 5051 2362 5093 sua
2391 5035 2537 5091 enim
2561 5033 2761 5104 cuique
2784 5032 2961 5101 gloria
2984 5046 3053 5087 ex
3076 5032 3251 5101 patris
3283 5032 3497 5087 honore
3518 5040 3625 5090 est.

2123 5126 2308 5183 Liberi
2380 5134 2672 5196 parentum
2740 5124 3012 5178 rationem
3071 5137 3182 5178 non
3243 5121 3507 5178 habentes
3571 5122 3625 5175 in

2050 5230 2339 5288 utramque
2385 5227 2625 5287 partem,
2664 5224 2782 5272 tum
2833 5217 2943 5271 Deo
2988 5223 3104 5270 tum
3138 5213 3458 5270 hominibus
3497 5225 3628 5270 sunt

2047 5309 2249 5365 odiosi.

2407 5398 2640 5454 seauo
2698 5398 2815 5454 xm
2872 5397 2973 5471 [αι.
3025 5397 3272 5472 CXXX].

2567 5491 2645 5546 De
2683 5492 2796 5559 ﬁlio
2829 5493 3084 5560 sapiente.

2126 5580 2291 5636 Prov.
2332 5596 2424 5637 xv.
2465 5580 2642 5661 Filius
2692 5581 2914 5652 sapiens
2949 5591 3163 5653 patrem
3215 5580 3381 5639 allicit
3410 5580 3620 5637 laetitia.

2051 5671 2226 5729 Filius
2257 5672 2501 5743 prudens
2530 5673 2695 5729 allicit
2750 5675 2935 5730 Iustitia
2977 5685 3231 5731 matrem.

2119 5762 2362 5818 Laetetur
2390 5760 2459 5819 de
2494 5772 2543 5818 te
2579 5773 2738 5836 pater
2772 5777 2824 5820 et
2862 5775 3057 5834 mater,
3093 5775 3148 5823 et
3174 5782 3298 5839 quae
3332 5775 3382 5823 te
3410 5763 3624 5837 peperi:

2050 5855 2303 5927 gaudeat.
