4056 6408
483 406 619 472 1051

560 514 676 570 Viri
705 512 1031 584 sapientiam
1061 511 1299 567 amantis
1327 507 1600 565 laetabitur
1625 517 1806 578 pater.

561 607 619 661 Si
672 607 896 676 sapiens
932 603 1126 671 fueris,
1181 603 1273 669 fili,
1315 601 1412 657 tibi
1464 601 1568 670 ipsi
1609 603 1718 654 eris
1751 596 1972 668 sapiens
2017 605 2071 652 et

491 699 662 752 aliis:
703 695 788 750 sin
842 704 1024 750 autem
1077 693 1254 749 malus
1299 703 1354 748 et
1412 691 1694 755 indocms,
1745 689 1896 745 solus
1926 686 2072 742 feres

492 793 654 846 mala.

567 882 792 950 Propter
823 880 992 933 lilium
1028 878 1326 947 sapientem
1357 874 1577 930 animus
1608 881 1866 942 paternus
1927 869 2069 924 laeti-

493 969 567 1021 tia
622 969 892 1022 allii-itur.

562 1058 790 1113 Juvenis
824 1057 1048 1126 probus,
1082 1071 1293 1126 pauper
1317 1063 1370 1108 et
1400 1053 1646 1122 sapiens,
1675 1051 1956 1107 antecellit
1987 1065 2073 1106 rc-

491 1170 611 1222 grm
643 1153 915 1206 seniorem
958 1161 1011 1204 et
1040 1152 1406 1219 insipientem.

567 1243 734 1298 Εςι-ιι.
788 1260 898 1298 Χνι.
954 1241 1126 1298 Filius
1185 1258 1326 1296 unus
1382 1240 1590 1309 probus
1655 1248 1875 1311 praestat
1925 1240 2074 1296 mille

493 1339 702 1406 impiis.

566 1428 745 1482 Liberi
777 1429 830 1482 in
861 1428 970 1482 vita
1003 1427 1233 1482 honeste
1272 1434 1561 1482 versantes
1589 1440 1817 1481 suorum
1844 1425 2061 1496 genito-

491 1533 612 1572 rum
650 1519 1051 1587 ignobilitatem
1094 1526 1298 1586 tegent.

569 1607 839 1679 Tlieologi.
890 1607 1046 1662 Unus
1083 1616 1167 1662 est
1207 1608 1501 1661 liberorum
1549 1604 1832 1662 felicitatis
1877 1607 2065 1660 termi-

491 1717 615 1767 nus,
662 1716 853 1769 nempe
899 1702 1092 1766 virtus,
1133 1708 1186 1753 et
1214 1700 1259 1752 si
1302 1699 1358 1752 in
1404 1700 1573 1755 rebus
1627 1699 1917 1754 laudandis
1971 1714 2075 1770 pa-

491 1801 709 1844 rentum
745 1791 1160 1845 similitudinem
1199 1788 1470 1845 referant.

565 1882 897 1937 Liberorum
935 1885 1112 1938 virtus
1141 1882 1281 1952 patri
1323 1880 1514 1952 gloriae
1544 1889 1650 1936 est.

564 1975 824 2029 Philonis.
879 1974 1026 2030 Satis
1059 1975 1197 2030 bene
1243 1972 1460 2028 fecundi
1513 1981 1663 2040 sunt,
1689 1972 1783 2042 qui
1813 1972 2076 2027 bonitatis

494 2075 549 2121 et
581 2066 877 2138 probitatis
912 2073 1044 2121 sunt
1074 2065 1260 2136 periti.

874 2155 1108 2212 saeuo
1141 2155 1259 2210 xw
1297 2155 1398 2230 [αι.
1429 2153 1700 2227 cxxxu.

655 2251 734 2305 De
765 2251 877 2320 ﬁlio
919 2250 1218 2320 insipiente,
1257 2250 1495 2318 improbo
1529 2256 1579 2302 et
1618 2248 1900 2303 inerudito.

569 2342 733 2397 Prov.
776 2343 914 2396 Filio
947 2342 1224 2396 inerudito
1261 2357 1366 2395 non
1400 2340 1670 2394 laetabitur
1704 2349 1878 2408 pater.

563 2434 734 2489 Filius
774 2436 1046 2503 insipiens
1081 2443 1285 2503 patrem
1323 2433 1538 2486 deridet
1560 2447 1743 2486 suum.

565 2527 838 2594 lnsipieus
889 2528 1033 2578 filius
1080 2536 1288 2594 patrem
1321 2525 1388 2578 ad
1436 2525 1574 2578 iram
1624 2531 1974 2588 commovet,
2023 2534 2077 2578 et

490 2618 811 2689 genitricem
845 2618 1034 2671 dolore
1073 2616 1265 2671 afﬁcit.

563 2707 686 2761 Mali
717 2707 873 2760 liberi
913 2717 1120 2777 patrem
1145 2714 1527 2772 exsecrantur,
1559 2714 1613 2761 et
1648 2705 1808 2760 matri
1841 2720 1952 2760 non
1982 2707 2074 2760 be-

493 2799 782 2854 nedicunt.

565 2891 692 2946 Mali
721 2891 875 2945 liberi
911 2890 1070 2946 elatis
1102 2901 1235 2945 sunt
1277 2890 1474 2955 oculis,
1510 2903 1563 2944 et
1601 2889 1888 2960 palpebras
1923 2907 2073 2946 sem-

492 3000 590 3056 per
615 2985 894 3039 motitnnt.

566 3074 738 3131 Eccli.
771 3093 907 3129 nu.
941 3075 1203 3130 Dedecori
1241 3084 1324 3131 est
1359 3076 1500 3146 patri
1531 3076 1714 3144 proles
1769 3075 2072 3130 inerudita.

564 3167 900 3224 Vitiosorum
958 3169 1256 3224 liberorum
1312 3168 1602 3223 liaareditas
1639 3167 1800 3240 154
1849 3169 2069 3238 peribit,

492 3270 547 3313 et
578 3260 632 3312 in
667 3263 988 3328 posteritate
1018 3277 1210 3316 eorum
1240 3261 1661 3314 continuabitur
1698 3261 1981 3329 probrum.

567 3351 888 3407 Liberorum
924 3352 1332 3406 multitudinem
1369 3352 1646 3405 inutilium
1698 3367 1767 3405 ne
1806 3354 2072 3421 concupi-

496 3459 644 3506 scas,
708 3459 809 3497 nec
866 3444 1054 3518 liberis
1104 3443 1289 3514 impiis
1318 3443 1613 3497 Irelantlum
1649 3442 1745 3495 tibi
1771 3451 1878 3497 est.
1930 3443 2075 3497 Prae-

495 3547 601 3590 stat
635 3537 756 3590 sine
789 3537 979 3590 liberis
1016 3551 1044 3589 a
1075 3539 1188 3592 vita
1222 3535 1515 3601 decedere,
1543 3549 1709 3606 quam
1743 3533 1941 3591 impios
1977 3538 2070 3589 lia-

496 3627 626 3683 berc
655 3629 875 3683 liberos.

566 3718 747 3773 Liberi
779 3721 1092 3790 insipientia
1124 3729 1179 3775 et
1214 3720 1485 3789 imperitia
1527 3718 1830 3789 gloriantes
1867 3731 2072 3787 cogna-

495 3811 668 3868 tionis
702 3827 813 3868 suaa
840 3813 1224 3866 contaminant
1253 3812 1616 3866 nobilitatem.

880 3903 1114 3957 SERMO
1145 3902 1237 3956 XV
1271 3903 1369 3974 [αι.
1408 3899 1696 3971 CXXXII].

857 3996 935 4049 De
972 3998 1088 4067 ﬁlia
1129 3997 1347 4049 honesta
1377 4005 1426 4048 et
1467 3997 1722 4048 modesta.

572 4086 738 4143 Levii.
779 4103 894 4143 nx.
948 4088 1140 4142 Filiam
1167 4095 1315 4140 tuam
1349 4102 1416 4140 ne
1450 4086 1758 4155 profanato,
1786 4100 1886 4142 nec
1915 4101 2073 4142 scor-

496 4178 606 4233 tari
637 4178 824 4242 sinito,
860 4193 961 4233 nee
992 4177 1218 4248 patieris
1243 4191 1368 4236 esse
1402 4178 1792 4233 scortationem
1819 4178 1874 4233 in
1903 4187 2072 4246 terra,

498 4285 569 4328 lic
593 4271 940 4342 compleatur
969 4272 1287 4341 iniquitate.

574 4363 745 4417 Eccli.
784 4379 933 4418 xxvi.
973 4364 1028 4417 Si
1077 4363 1171 4416 tibi
1207 4370 1338 4416 sunt
1371 4361 1516 4428 filiae,
1549 4376 1780 4430 corpora
1827 4361 2073 4432 ipsarum

499 4463 748 4517 servato,
780 4470 881 4508 uec
912 4455 1145 4508 hilarem
1186 4455 1394 4508 vultum
1431 4463 1587 4508 tuum
1637 4454 1748 4508 illis
1778 4455 2068 4510 ostendito.

1707 397 2030 464 ANTONII
2066 399 2417 462 MELISSIE

2087 511 2137 569 Δ

3607 401 3728 466 Ιθὸἳ

2249 506 2469 578 ’Δνδρδς
2502 503 2786 578 φιλοῦντος
2819 507 3017 577 σοφίαν
3049 506 3404 578 εὐφραίνεται
3459 509 3486 562 ὁ
3536 515 3723 584 πατήρ

2247 597 2363 663 Υἱὲ,
2394 598 2490 652 ἐὰν
2527 599 2689 666 σοφὸς
2740 599 2896 671 γένῃ,
2932 599 3145 670 σεαυτῷ
3179 599 3343 670 σοφὸς
3376 598 3474 674 ἔστι
3521 601 3614 656 καὶ
3662 605 3730 673 τῷ

2173 691 2402 760 πλησίον
2426 708 2439 721 ·
2476 690 2572 744 έάν
2598 691 2653 745 δὲ
2684 691 2856 756 κακὸς
2893 692 3130 764 ἀποὸῇς,
3164 693 3330 763 μόνος
3362 693 3644 766 ἀντλήσεις
3671 697 3730 750 τά

2171 784 2340 837 κακά.

2259 876 2382 930 Ἐπὶ
2416 876 2517 948 υίῷ
2549 877 2696 947 σοφῷ
2724 877 3079 950 εὐφραίνεται
3109 877 3258 950 ψυχὴ
3308 879 3539 952 πατρός.

2249 1059 2477 1127 Ἀγαθὺς
2509 1060 2659 1126 παῖς,
2713 1059 2884 1129 πένης
2943 1059 3038 1113 καὶ
3098 1059 3284 1128 σοφὸς,
3339 1057 3478 1130 ὑπὲρ
3529 1057 3736 1129 βασιλέα

2175 1167 2277 1220 πρε
2288 1150 2546 1222 σ6ὐτερον
2576 1155 2670 1205 καὶ
2699 1153 2931 1221 ἄφρονα.

2253 1244 2520 1312 Κρεῖσσον
2548 1239 2628 1306 εἷς
2657 1245 2770 1310 υίὸς
2795 1246 2999 1308 δίκαιος
3023 1247 3056 1315 ἢ
3084 1246 3283 1317 χίλιὸοι
3304 1248 3411 1302 υἱοὶ
3440 1245 3672 1308 ἀσεϐεῖς.

2247 1423 2425 1476 Τέκνα
2447 1422 2504 1474 ἐν
2535 1423 2716 1494 ἀγαθῇ
2761 1423 2872 1493 ζωῇ
2905 1423 3003 1495 τὴν
3033 1425 3384 1497 ἀναστροφὴν
3414 1425 3603 1497 ἔχοντα
3641 1427 3738 1482 τῶν

2178 1515 2324 1567 ίδίων
2353 1517 2700 1588 γεννητόρων
2733 1519 3002 1586 κρύψουσι
3056 1519 3403 1588 δυσγένειαν.

2250 1598 2346 1666 Εἷς
2379 1605 2664 1670 εὐτεκνίας
2695 1607 2842 1678 ὄρος,
2877 1607 3072 1680 ἀρετὴ,
3109 1611 3203 1664 καὶ
3231 1613 3265 1682 ἡ
3301 1612 3440 1681 πρὸς
3467 1611 3530 1666 τὸ
3579 1614 3740 1685 κρεῖτιι

2177 1711 2271 1748 τον
2305 1697 2588 1766 ὁμοίωσις.

2100 1869 2144 1925 Β
2247 1879 2466 1933 Τέκνων
2494 1880 2662 1951 ἀρετὴ
2689 1880 2817 1946 δόξα
2850 1881 3126 1952 πατέρων.

2247 1971 2518 2035 Εὐπαιδες
2547 1973 2597 2025 ot
2626 1973 2735 2026 τῶν
2774 1973 2958 2027 καλῶν
2991 1975 3086 2029 καὶ
3112 1974 3338 2044 ἀγαθῶν
3365 1975 3740 2050 ἐπιστήμονες.

2774 2147 3010 2216 [ΛΟΓΟΣ
3041 2147 3142 2202 IA'.

2178 2242 2316 2312 Περὶ
2346 2242 2479 2297 υἱοῦ
2501 2241 2784 2311 ἄφρονος,
2807 2243 2904 2296 καί
2929 2243 3221 2312 πονηροῦ,
3248 2244 3348 2299 καί
3375 2245 3743 2302 ἀπαιδεύτου.

2254 2337 2368 2388 Οὐκ
2395 2335 2744 2404 εὐφραίνεται
2774 2337 2959 2404 πατὴρ
2986 2337 3075 2388 ἐπὶ
3102 2337 3204 2407 υίῷ
3242 2339 3578 2410 ἀπαιδεύτῳ.

2255 2430 2381 2490 Υἱὸς
2399 2430 2589 2498 ἄφρων
2617 2428 2943 2497 μυκτηρίζει
2973 2433 3186 2501 πατέρα
3214 2433 3406 2487 αὐτοῦ.

2262 2521 2430 2591 Ὀργὴ
2459 2522 2628 2593 πατρὶ
2664 2521 2777 2586 υίὸς
2806 2523 3018 2592 ἄφρων,
3053 2525 3149 2578 καὶ
3175 2524 3334 2597 ὀδύνη
3393 2530 3461 2599 τῇ
3529 2527 3742 2599 τεκούσῃ

2177 2613 2362 2667 αὐτόν.

2245 2705 2509 2772 Ἐγγονον
2542 2705 2712 2759 κακὸν
2743 2707 2956 2778 πατέρα
2991 2711 3301 2780 καταρᾶται
3353 2710 3455 2780 τὴν
3487 2712 3543 2766 δὲ
3595 2711 3743 2783 μητέ-

2181 2815 2253 2869 ρα.
2280 2800 2378 2850 οὐκ
2406 2799 2640 2867 εὐλογεῖ.

2256 2892 2519 2958 Ἕγγονον
2548 2891 2717 2944 κακὸν
2745 2892 2985 2964 ὑψηλοὺς
3013 2892 3329 2965 ὀφθαλμοὺς
3383 2894 3526 2967 ἔχει,
3549 2897 3653 2958 τοῖς
3695 2893 3745 2947 δι

2181 2982 2472 3054 βλεφάροις
2503 2983 2668 3038 αὐτοῦ
2699 2985 3017 3056 σπαίρεται.

2251 3078 2496 3149 Αίσχύνη
2525 3079 2736 3148 πατρὸς
2763 3082 2822 3134 ὲν
2848 3081 3009 3150 γεννή
3021 3097 3153 3152 ματι
3179 3082 3522 3155 ἀπαιδευτῳ.

2261 3171 2482 3226 Τέκνων
2525 3171 2871 3244 ἁμαρτωλῶν
2935 3175 3220 3228 ἀπολεῖται
3275 3175 3630 3245 κληρονομία,
3670 3173 3747 3228 καὶ

2185 3265 2325 3336 μετὰ
2346 3265 2440 3318 τοῦ
2471 3266 2787 3334 σπέρματος
2820 3266 3002 3319 αὐτῶν
3033 3266 3327 3336 ἐνδελεχιεῖ
3357 3267 3586 3332 ὄνειδος.

2260 3358 2352 3427 Μὴ
2381 3355 2733 3428 ἐπιθυμήσῃς
2756 3356 2964 3426 πλῆθος
3019 3357 3230 3410 τέκνων
3262 3358 3558 3427 ἀχρήστων
3584 3375 3598 3391 ·
3628 3355 3746 3426 μηδὲ

2183 3449 2478 3518 εὐφραίνου
2523 3449 2616 3500 ἐπὶ
2671 3448 2808 3510 υἱοῖς
2846 3447 3092 3504 ἀσεϐέσι.
3150 3449 3421 3516 Κρείσσον
3475 3449 3744 3504 ἀποθανεῖν

2180 3542 2427 3604 ἄτεκνον,
2452 3541 2484 3611 ἢ
2529 3543 2674 3611 ἔχειν
2701 3544 2870 3596 τέκνα
2900 3543 3094 3612 ἀσεϐῆ.

2252 3719 2430 3772 Τέκνα
2455 3719 2512 3771 έν
2533 3721 2936 3790 καταφρονήσει
2961 3719 3057 3773 καὶ
3093 3720 3424 3792 ἀπαιδευσίᾳ
3449 3721 3743 3795 γαυριώμε·

2181 3829 2250 3866 να
2274 3811 2596 3880 συγγενείας
2630 3811 2839 3864 ἑαυτῶν
2873 3811 3096 3878 μολύνει
3131 3813 3444 3883 εὐγένειαν.

2815 3902 3035 3958 ΛΟΓΟΣ
3068 3903 3168 3959 1Ε’.

2396 3997 2537 4064 Περὶ
2567 3998 2859 4067 θυγατρὸς
2881 3996 3114 4066 σεμνῆς
3143 3998 3240 4051 καὶ
3272 4001 3554 4068 κοσμίας.

2255 4089 2330 4141 Οὐ
2379 4087 2708 4157 βεϐηλώσεις
2763 4085 2858 4154 τὴν
2909 4085 3187 4158 θυγατέρα
3245 4105 3340 4142 σου
3401 4089 3743 4162 ὲκπορνεῦσιι

2183 4179 2374 4246 αὐτὴν,
2408 4177 2502 4230 καὶ
2526 4179 2625 4230 οὐκ
2656 4175 3020 4246 ἐκπορνεύσει
3055 4177 3086 4248 ἠ
3123 4177 3218 4246 γῆ,
3257 4179 3353 4231 καὶ
3388 4180 3744 4252 πλησθήσεται

2181 4269 2432 4340 ἀνομίας.

2255 4361 2566 4429 Θυγατέρες
2605 4359 2690 4412 σοί
2721 4362 2849 4425 εἰσι,
2887 4361 3124 4431 πρόσεχε
3178 4362 3256 4430 τῷ
3301 4361 3514 4431 σώματι
3562 4361 3740 4422 αὐτῶν.

2183 4455 2278 4508 καὶ
2317 4455 2390 4522 μὴ
2443 4452 2720 4524 ίλαρώσῃς
2775 4453 2914 4524 πρὸς
2967 4453 3137 4516 αὐτὰς
3186 4455 3248 4507 τὸ
3298 4456 3589 4524 πρόσωπόν
3638 4470 3741 4506 σου.

502 4547 664 4601 ίαζιυοιι
694 4547 880 4613 filiam,
902 4555 957 4599 et
990 4561 1102 4599 rem
1135 4559 1386 4613 magnam
1413 4544 1747 4615 perfeceris;
1773 4553 1938 4615 atque
1959 4547 2075 4601 viro

2189 4545 2384 4597 Ἕκδου
2413 4544 2716 4615 θυγατέρα,
2767 4543 2862 4596 καὶ
2895 4543 2992 4614 ἔσῃ
3043 4545 3343 4608 τετελεκὼς
3386 4546 3551 4618 ἔργον
3596 4547 3742 4615 μέγα,

500 4641 685 4709 sagaci
719 4640 771 4692 in
806 4637 1216 4691 matrimonium
1252 4637 1404 4690 dato.

574 4729 714 4783 Ibid.
755 4745 886 4783 XLII.
925 4729 1058 4782 Filia
1097 4730 1270 4797 patris
1304 4727 1512 4782 occulta
1541 4734 1626 4782 est
1652 4727 1856 4798 vigilia,
1889 4737 1942 4782 et
1970 4727 2083 4782 sol-

502 4825 728 4878 licitudo
759 4830 825 4876 de
855 4825 971 4892 ipsa
1006 4823 1170 4890 eripit
1213 4835 1466 4874 somnum
1498 4821 1658 4890 patri.
1709 4837 1772 4874 ac
1805 4821 1857 4873 in
1886 4820 2081 4889 juven-

505 4926 621 4969 tnte
654 4916 900 4984 quidem,
933 4929 998 4967 ne
1030 4913 1358 4967 deﬂorescat
1389 4912 1588 4978 forma,
1645 4921 1699 4965 et
1737 4927 1859 4964 cum
1910 4919 2080 4980 nupta

504 5015 611 5069 est,
647 5024 715 5059 ne
769 5006 864 5060 fiat
897 5007 1124 5071 odiosa;
1168 5006 1218 5058 in
1251 5006 1581 5075 virginitate,
1619 5021 1688 5059 ne
1743 5004 1990 5068 vitietur,
2026 5012 2081 5058 ct

508 5098 564 5152 in
593 5100 805 5152 aedibus
839 5099 1080 5166 paternis
1127 5112 1412 5168 praegnans
1448 5097 1574 5162 fiat;
1613 5103 1667 5150 et
1699 5097 1909 5150 elocata
1941 5098 2078 5163 viro,

509 5207 579 5246 tic
609 5191 756 5259 leges
788 5191 1124 5244 matrimonii
1163 5190 1355 5245 violet.

583 5281 727 5334 Ibid.
765 5297 896 5335 xm.
952 5279 1205 5336 Prudens
1264 5281 1375 5334 lilia
1429 5279 1549 5334 viro
1580 5289 1662 5335 est
1702 5280 1822 5334 vice
1854 5277 2081 5332 haeredi-

509 5374 662 5426 tatis.

579 5464 768 5520 Puella
805 5467 1002 5534 pudiea
1040 5466 1203 5519 etiam
1251 5465 1423 5519 virum
1465 5462 1827 5518 reverebitur.

579 5558 606 5610 1
665 5557 802 5612 Tim.
840 5575 892 5613 v.
942 5559 1074 5612 Volo
1111 5558 1277 5626 igitur
1317 5557 1566 5625 iuniores
1611 5554 1843 5618 nubere,
1881 5551 2080 5606 liberos

509 5664 820 5718 procreare,
876 5663 993 5704 rem
1059 5647 1383 5702 familiarem
1431 5645 1836 5709 administrare,
1873 5645 2077 5698 nullam

512 5739 833 5795 adversario
867 5738 1216 5794 conviciandi
1244 5737 1592 5814 occasionem
1630 5733 1898 5804 praebere.

574 5832 818 5899 Epicteti.
856 5826 989 5888 Filia
1025 5832 1162 5904 patri
1198 5831 1372 5887 aliena
1406 5826 1678 5899 posst-ssio
1725 5833 1833 5881 est.

2183 4637 2278 4690 καὶ
2308 4636 2464 4704 ἀνδρὶ
2496 4636 2700 4703 συνετῷ
2731 4634 2978 4704 δώρησαι
3003 4635 3195 4705 αὐτήν.

2257 4728 2517 4796 Θυγάτηρ
2551 4727 2718 4795 πατρὶ
2772 4726 3095 4795 ἁπόκρυφος
3131 4727 3428 4794 ἀγρυπνία,
3460 4728 3556 4782 καὶ
3585 4730 3614 4795 ἡ
3663 4727 3746 4796 μὲο

2186 4835 2358 4888 ρεμνα
2404 4819 2572 4886 αὐτῆς
2623 4819 2833 4888 ἁφιστᾷ
2895 4817 3062 4870 ὕπνον
3094 4833 3108 4848 °
3145 4820 3202 4870 ἐν
3239 4819 3476 4888 νεότητι,
3511 4822 3585 4891 μή
3631 4833 3743 4870 ποτε

2185 4906 2528 4978 παρακμάσῃ
2556 4922 2568 4935 ·
2601 4907 2694 4958 καὶ
2735 4908 3130 4976 παρῳκηκυῖα,
3189 4909 3264 4977 μή
3334 4925 3463 4962 ποτε
3511 4909 3702 4979 μισηοῂ
3729 4920 3741 4932 .

2183 5000 2242 5050 ὲν
2267 4999 2560 5067 παρθενίᾳ,
2586 4999 2660 5068 μή
2691 5015 2819 5050 ποτε
2857 4998 3160 5069 βεὸηλωθῇ,
3199 5001 3295 5053 καὶ
3325 5001 3384 5054 ἐν
3419 5004 3532 5064 τοῖς
3563 5014 3741 5066 πατρι-

2184 5089 2300 5151 κοῖς
2331 5088 2502 5156 αὐτῆς
2526 5087 2721 5154 ἔγκυος
2753 5089 2976 5156 γένηται
3002 5103 3018 5119 ·
3055 5089 3150 5142 καὶ
3183 5091 3322 5160 μετά
3353 5091 3549 5162 ἀνδρὸς
3602 5089 3743 5149 οὐσα,

2188 5180 2262 5250 μή
2295 5195 2426 5231 ποτε
2459 5181 2704 5248 παραϐῇ.

2257 5270 2515 5340 Θυγάτηρ
2541 5268 2783 5340 φρονίμη
2806 5267 3211 5340 κληρονομήσει
3235 5271 3405 5342 ἀνδρα
3429 5272 3617 5342 αὐτῆς.

2250 5451 2508 5522 Θυγάτηρ
2531 5451 2824 5520 εὐσχήμων
2848 5448 2940 5500 καὶ
2986 5447 3079 5501 τὸν
3108 5447 3282 5518 ἄνδρα
3337 5448 3744 5519 ἑντραπήσεται,

2253 5545 2526 5614 Βούλομαι
2558 5543 2652 5596 οὐν
2685 5541 2956 5610 νεωτέρας
3003 5541 3223 5609 γαμεῖν,
3282 5540 3636 5600 τεκνοποιεῖν,
3679 5532 3746 5583 οἰ-

2184 5639 2551 5700 κοδεσποτεῖν,
2583 5634 2856 5704 μηδεμίαν
2881 5633 3139 5702 ἀφορμὴν
3169 5633 3370 5687 διδόναι
3419 5631 3495 5701 τῷ
3522 5633 3746 5685 ἀντικειρ

2187 5730 2332 5802 μένῳ
2362 5727 2624 5797 λοιδορίας
2655 5725 2836 5794 χάριν.
2895 5791 2908 5804 .

2267 5821 2530 5891 Θυγάτηρ
2559 5819 2840 5889 ἀλλότριον
2877 5817 3064 5888 κτῆμα
3091 5816 3329 5888 ὑπάρχει
3355 5813 3428 5886 τῷ
3460 5811 3651 5883 πατρί.
