4056 6412
353 429 489 491 1053
1202 435 1374 495 LOCl
1407 433 1847 495 COMMUNESo
1887 457 1955 468 -

2001 430 2208 495 PABS.
2249 431 2334 494 ΙΙ.
2378 432 2634 494 SERMO
2671 433 2858 495 XVII.
3405 469 3436 484 .-
3469 431 3603 496 1054

419 541 682 612 Γαμϐροῦ
709 543 738 596 ό
763 544 864 616 μὲν
890 546 1166 619 ἐπιτυχὼν
1190 541 1352 620 εὗρεν
1377 548 1515 615 υίδν,
1545 550 1574 602 ὁ
1597 548 1656 604 δὲ
1709 549 1923 605 ἀποτυ-
1950 555 2007 616 Α

2000 604 2007 615 _
2099 542 2331 601 Solonis.
2361 545 2634 602 Generum
2677 555 2894 614 nactus,
2923 543 3093 600 tilium
3126 541 3334 598 invenit
3364 560 3377 598 :
3405 550 3602 598 nactus

355 631 462 704 χὼν
489 635 742 691 ἀπώλεσε
765 639 860 692 καὶ
883 638 1180 710 θυγατέρα,

2030 644 2210 691 autem
2239 639 2440 692 malum
2469 653 2749 708 generum,
2780 637 2943 692 ﬁliam
2976 637 3140 692 etiam
3176 634 3431 704 perdidit.

947 731 1169 784 ΛΟΓΟΣ
1223 729 1342 800 ις’.
2368 729 2549 783 ssnu

2368 729 2610 785 SERMO
2647 729 2764 784 xw
2805 729 2908 800 [αι.
2936 727 3251 800 cxxxui].

516 820 657 886 Περὶ
685 823 979 891 θυγατρὸς
1019 825 1290 894 ἀσέμνου
1322 824 1422 880 καὶ
1465 825 1759 894 ἀκόσμου.

2239 820 2313 875 De
2337 822 2452 889 ﬁlia
2491 824 2701 875 minime
2736 821 2953 876 honesta
2982 831 3029 875 et
3063 821 3393 875 immodesla.

437 906 566 960 Ἐπὶ
617 907 847 980 θυγατρὶ
895 911 1242 982 άδιατρέπτῳ
1298 912 1600 982 στερέωσον
1655 911 1923 980 φυλακὴν,

2103 908 2268 965 Eccli.
2304 927 2436 966 xui.
2502 911 2652 967 Filia:
2712 915 2969 984 inquieta:
3018 927 3158 982 pone
3190 913 3494 976 custodem,
3537 927 3602 967 ne

356 997 568 1065 μήποτε
604 1001 811 1072 ποιήσῃ
849 1019 906 1054 σε
938 1003 1224 1073 ἐπίχαρμα
1254 1002 1486 1073 ὲχθρῶν.

1328 1002 1486 1072 Βρῶν.
2031 1003 2229 1070 gaudio
2269 1005 2473 1058 aﬂicias
2504 1006 2756 1061 inimicos
2785 1015 2930 1061 tuos.

423 1088 682 1161 Θυγάτηρ
721 1093 816 1145 ἐπὶ
846 1093 1142 1148 ἐλαττώσει
1172 1095 1405 1163 γίνεται.
1555 1112 1560 1115 ·

2102 1091 2239 1147 Filia
2293 1093 2452 1164 (alias
2494 1098 2710 1149 additur
2761 1098 2934 1169 fatua)
2975 1097 3204 1152 minoris
3257 1097 3405 1150 venit
3445 1095 3595 1150 atati-

2030 1187 2257 1244 manda.

426 1269 647 1338 Πατέρα
695 1274 789 1326 καὶ
843 1273 1010 1345 ἄνδρα
1056 1275 1409 1344 καταισχύνει
1466 1276 1499 1345 ἡ
1549 1273 1778 1344 θρασεῖα
1831 1274 1928 1328 καὶ

2099 1275 2242 1332 Ibid.
2276 1277 2468 1331 Audax
2501 1288 2556 1332 et
2589 1279 2874 1347 impudens
2908 1290 3116 1348 patrem
3143 1288 3197 1333 et
3225 1279 3401 1332 virum
3431 1277 3601 1332 dede-

354 1358 459 1412 ὑπὸ
487 1362 813 1434 ἀμφοτέρων
841 1367 1293 1437 ἁτιμασθήσεται.

2031 1381 2206 1433 corat,
2240 1381 2294 1425 et
2328 1373 2396 1425 ab
2429 1382 2665 1441 utroque
2704 1373 3123 1441 vituperabitur.

427 1453 688 1526 Θυγάτηρ
719 1459 988 1527 ἀσχήμων
1022 1459 1251 1528 ἀτιμίαν
1284 1456 1642 1528 κατατρίψει.

2098 1459 2240 1516 Ibid.
2275 1478 2405 1517 χχιι.
2428 1463 2564 1517 Filia
2583 1465 2700 1517 sine
2725 1461 3050 1517 verecundia
3071 1461 3349 1515 infamiam
3379 1460 3601 1516 delebit.

955 1572 1177 1624 ΛΟΓΟΣ
1218 1571 1314 1626 ΙΖ’.
2423 1573 2553 1628 SEll

2423 1573 2656 1629 SEllMO
2689 1573 2850 1629 XVII.
2881 1573 2978 1645 [αι.
3011 1573 3219 1644 CLIII].

353 1661 494 1731 Περὶ
525 1663 824 1731 γερόντων
865 1664 936 1717 ὲν
982 1664 1165 1787 ἀρεέῆ
1210 1665 1311 1718 καὶ
1362 1663 1615 1719 συνέσει
1663 1677 1927 1733 κοσμου-

1041 1753 1078 1788 u
1116 1752 1257 1788 νων.

1823 1681 1927 1718 ου-
2211 1665 2286 1719 De
2323 1665 2528 1720 senibus
2577 1668 2767 1719 virtute
2801 1675 2849 1719 et
2875 1666 3155 1735 prudentia
3199 1664 3424 1718 ornatis.

1084 1753 1257 1790 ενων.

433 1825 570 1879 Ἀπὸ
618 1825 914 1895 προσώπου
967 1753 1154 1879 mitto?)
1203 1825 1575 1897 ἐξαναστήσῃ,
1631 1825 1726 1878 καὶ
1759 1827 1926 1897 τιμή-
1958 1888 1996 1897 _

2100 1822 2225 1880 Lev.
2259 1839 2370 1878 xix.
2403 1823 2554 1880 Cano
2583 1823 2978 1891 assurgendum
3015 1823 3142 1888 Test,
3186 1829 3240 1874 et
3261 1819 3468 1876 seniori
3512 1819 3608 1873 ho-

355 1933 470 1980 σεις
499 1888 792 1987 πρόσωπον
829 1888 1259 1989 πρεσϐυτέρου.⁷
1462 1888 1474 1897 ¹
1819 1888 1830 1894 ’
1880 1888 1892 1897 '

975 1888 1259 1989 ϐυτέρου.⁷
1462 1888 1474 1897 ¹
1819 1888 1830 1894 ’
1880 1888 1892 1897 ’
1958 1888 1999 1944 Β
2029 1931 2134 1971 nor
2162 1916 2443 1972 habendus
2469 1926 2575 1981 est,

431 2007 815 2078 Ἐπερώτησον
849 2009 942 2062 τὸν
963 2010 1179 2079 πατέρα
1214 2026 1333 2075 σου,
1361 2008 1456 2064 καὶ
1486 2009 1781 2078 ἀναγγελεῖ
1811 2025 1920 2077 σοι,

2099 2008 2260 2064 Deut.
2312 2010 2583 2078 Interroga
2638 2016 2845 2078 patrem
2889 2017 3064 2073 tuum,
3113 2017 3168 2062 et
3226 2003 3605 2070 annuntiabil,

350 2098 479 2161 τοὺς
509 2099 920 2171 πρεσϐυτέρους
948 2117 1065 2166 σου,
1097 2103 1192 2155 καὶ
1219 2101 1405 2174 ἐροῦσι
1433 2119 1540 2156 σοι.

1316 2101 1405 2154 ὗσί
1433 2119 1540 2156 σοι.
2031 2103 2279 2157 seniores
2312 2110 2459 2168 tuos,
2492 2110 2546 2155 et
2579 2101 2766 2154 dicent
2796 2101 2918 2155 tibi.

437 2189 740 2262 Ἐλάλησαν
779 2195 828 2246 oi
878 2192 1242 2263 πρεσϐύτεροι
1291 2194 1429 2262 πρὸς
1503 2192 1782 2263 Ῥοϐοάμ,
1839 2193 1924 2248 λέ-

2103 2191 2169 2247 II
2197 2191 2328 2264 Reg.
2363 2209 2440 2259 u;
2497 2191 2563 2247 ΙΙ
2614 2178 2806 2247 Parui.
2866 2209 2918 2247 x.
2967 2189 3159 2246 Locuti
3191 2199 3316 2246 sunt
3371 2188 3438 2244 ad
3491 2188 3606 2244 ιιο-

351 2283 540 2352 γοντές
587 2286 674 2337 oI'
709 2285 798 2339 Ἐν
846 2290 911 2355 τῇ
970 2287 1154 2357 ἡμέρᾳ⁵
1220 2287 1391 2358 ταύτῃ
1459 2286 1556 2357 ἔσῃ
1605 2285 1794 2348 δοῦλος
1845 2285 1924 2356 τῷ

2033 2286 2192 2342 boam
2237 2289 2483 2344 seniores
2517 2289 2571 2342 in
2613 2288 2770 2344 hunc
2805 2287 3023 2340 modum
3057 2302 3070 2340 :
3107 2277 3180 2339 'Si
3224 2284 3490 2338 hodierno
3518 2283 3608 2337 die

349 2375 466 2446 λαῷ
513 2377 711 2446 τούτῳ,
767 2381 863 2432 καὶ
904 2379 1211 2441 δουλεύσεις
1257 2380 1466 2443 αὐτοῖς,
1520 2376 1615 2431 καὶ
1666 2379 1926 2448 λαλήσεις

2033 2380 2207 2434 fueris
2241 2396 2435 2435 servus
2466 2379 2648 2450 populi
2685 2379 2866 2448 hujus,
2909 2379 3069 2447 eique
3105 2377 3394 2440 servieris,
3423 2386 3474 2429 et
3509 2375 3606 2430 bo-

354 2469 492 2539 πρὺς
523 2469 721 2534 αὐτοὺς
752 2469 944 2540 λόγους
982 2471 1226 2538 ἀγαθούς
1250 2489 1266 2505 ο
1307 2473 1400 2524 καὶ
1429 2472 1646 2525 ἔσονταί
1696 2489 1778 2524 σοι
1808 2471 1925 2524 δοῦ-

2033 2473 2120 2527 nis
2153 2485 2205 2527 et
2243 2472 2604 2527 humanitatis
2632 2473 2807 2541 plenis
2839 2472 3021 2527 verbis
3047 2472 3261 2526 locutus
3294 2469 3484 2532 tueris,
3530 2470 3606 2522 illi

352 2559 434 2612 λοι
481 2560 664 2623 πάσας
696 2563 795 2624 τάς
859 2562 1094 2634 ἡμέρας.
1130 2566 1238 2618 Καὶ
1301 2565 1632 2634 ἐγκατέλιπε
1690 2563 1926 2633 Ῥοϐοάμ

2035 2561 2202 2615 futuri
2245 2572 2372 2616 sunt
2407 2563 2459 2616 in
2492 2572 2814 2632 perpetuum
2848 2563 2993 2617 servi
3019 2563 3118 2616 lui.
3161 2561 3270 2616 Sed
3307 2559 3463 2631 155
3501 2559 3610 2615 Ro-

348 2652 446 2722 τὴν
477 2652 670 2724 βουλὴν
705 2653 813 2708 τῶν
845 2656 1254 2726 πρεσϐυτέρων.

2032 2650 2191 2706 boam
2227 2652 2516 2706 consilium
2552 2652 2836 2706 seniorum
2869 2666 2976 2705 non
3019 2658 3103 2705 est
3129 2657 3374 2705 secutus.

435 2744 711 2816 Ἀσφαλὴς
767 2747 877 2801 τῶν
941 2749 1334 2819 πρεσϐυτέρων
1395 2751 1427 2820 ἠ
1507 2751 1820 2820 εἰσήγησις,
1856 2753 1922 2822 τῇ

2105 2745 2372 2801 Scholion.
2416 2745 2557 2800 Tuta
2589 2757 2672 2800 est
2726 2745 3004 2800 seniorum
3039 2746 3312 2810 doctrina,
3355 2753 3411 2798 et
3456 2758 3608 2798 con-

355 2835 529 2906 πολλῇ
559 2837 653 2890 τοῦ
687 2839 806 2908 βίου
838 2839 936 2893 καὶ
969 2839 1078 2894 τῶν
1108 2841 1456 2912 πραγμάτων
1498 2842 1663 2912 πείρᾳ
1701 2841 1927 2912 βοηθουο

2034 2840 2214 2893 silium
2245 2839 2403 2910 longo
2435 2841 2552 2894 vita:
2581 2849 2634 2894 et
2670 2854 2855 2894 rerum
2895 2853 2998 2894 usu
3029 2837 3277 2906 adjutum
3313 2846 3368 2891 et
3402 2836 3597 2891 ﬁrma-

356 2927 516 2997 μένη.
2036 2940 2175 2984 tum.

433 3019 522 3073 Ἐν
556 3019 737 3091 πολλῴ
774 3019 952 3092 χρόνῳ
989 3022 1172 3090 σοφία,
1215 3023 1274 3075 ὲν
1311 3023 1366 3076 δὲ
1417 3023 1614 3094 μακρῷ
1648 3023 1749 3095 βίῳ
1795 3025 1918 3076 ἐπι-

2106 3020 2202 3074 Job
2246 3035 2344 3076 xu.
2383 3020 2439 3074 In
2486 3020 2848 3075 diuturnitate
2908 3019 3172 3088 temporis
3223 3019 3516 3090 sapientia,
3548 3026 3603 3072 at

351 3112 448 3180 στή
461 3128 558 3182 μηο

2040 3116 2095 3166 in
2130 3113 2288 3182 longa
2323 3114 2430 3166 vita
2465 3113 2694 3167 scientia
2725 3120 2830 3168 est.

426 3203 702 3272 Στέφανος
737 3201 1064 3272 καυχήσεως
1112 3201 1313 3273 γῆρας,
1355 3205 1417 3257 ἐν
1464 3203 1521 3258 δὲ
1553 3204 1692 3258 ὁδοῖο
1724 3205 1929 3260 δικαιο-
1960 3245 2006 3306 c

1999 3246 2006 3305 ι
2111 3201 2272 3257 Prov.
2313 3220 2419 3258 xw.
2453 3202 2810 3259 Gloriationis
2845 3216 3051 3259 corona
3083 3209 3362 3270 senectus,
3397 3219 3519 3275 qum
3545 3203 3601 3259 in

353 3293 518 3364 σύνης
548 3294 889 3364 εὑρίσκεται.

2075 3292 2140 3348 iis
2163 3294 2392 3362 justitia:
2425 3297 2717 3363 reperitur.
3660 3339 3669 3360 ε

425 3363 562 3452 Δόξα
593 3363 980 3457 πρεσϐυτέρων
1015 3384 1222 3441 πολιαί.

2145 3385 2289 3440 loria
2319 3401 2514 3442 senum
2546 3387 2667 3441 cani
2696 3395 2848 3441 sunt.
3669 3363 3747 3492 >

430 3478 702 3544 Στέφανος
734 3481 1009 3548 γερόντων
1043 3478 1208 3531 τέκνα
1238 3476 1468 3534 τέκνων.

2109 3476 2324 3533 Corona
2357 3493 2550 3532 senum
2576 3478 2736 3532 liberi
2769 3478 3090 3533 liberorum.

424 3567 596 3621 Πολιά
643 3571 760 3622 ἐστι
801 3570 1065 3639 φρόνησις
1108 3569 1444 3640 ἀνθρώποις,
1475 3569 1568 3623 καὶ
1601 3570 1790 3640 ἡλικία
1821 3570 1927 3642 γή-

2105 3568 2236 3638 Sap.
2284 3585 2359 3624 iv.
2410 3569 2658 3625 Canities
2693 3578 2778 3624 est
2824 3570 3115 3641 prudentia
3163 3570 3519 3642 hominibus;
3551 3582 3608 3629 et

359 3676 466 3729 ρως
499 3659 608 3728 βίος
641 3660 1000 3728 ἁκηλίδωτος.

2032 3663 2220 3718 senilis
2255 3671 2410 3728 tetas,
2449 3663 2559 3717 vita
2590 3663 2738 3716 nulla
2771 3663 2894 3718 labe
2927 3664 3321 3719 contaminata.

428 3750 468 3802 Γ
470 3749 615 3821 ἤρας
643 3749 874 3802 λεόντων
903 3751 1158 3820 κρεῖσσον
1187 3749 1444 3820 ἀκμαίων
1481 3749 1715 3822 νεϐρῶν,

2112 3753 2516 3824 Hippothontis.
2570 3753 2773 3810 Leonis
2821 3763 3074 3811 senectus
3121 3757 3472 3825 praestantior
3520 3768 3607 3815 est

2032 3847 2389 3902 binuulorum
2418 3848 2669 3918 juventa.

438 3936 528 3990 Ἐν
565 3935 759 4004 πλήθει
786 3935 1178 4007 πρεσϐυτέρων
1213 3934 1370 4003 στῆθι
1389 3951 1406 3968 ο
1438 3933 1532 3988 καὶ
1559 3934 1611 3988 εί
1633 3949 1716 3998 τις
1737 3932 1923 4001 σοφὸς,

2097 3939 2310 3996 Sirach.
2362 3940 2920 3998 Multitudiniseuum
2953 3940 3270 4012 acquiesce,
3319 3957 3384 4000 ac
3431 3943 3481 4002 ei
3517 3945 3610 4015 qui

354 4027 795 4099 προσκολλήθητι
829 4027 1000 4097 αὐτῷ.

2031 4033 2258 4103 sapiens
2286 4042 2372 4090 est
2403 4035 2768 4105 agglutinare.

430 4118 524 4186 Μὴ
549 4116 769 4186 ἀστόχει
807 4116 1149 4185 διηγήματος
1175 4111 1449 4182 γερόντων
1475 4126 1490 4142 ’
1509 4110 1606 4164 καὶ
1631 4107 1743 4180 γὰρ
1769 4107 1926 4164 αὐτοὶ

2096 4125 2178 4181 Ne
2218 4127 2510 4197 repudiato
2557 4127 2910 4184 narrationes
2959 4126 3234 4198 majorum
3267 4135 3436 4198 natu;
3481 4147 3607 4187 nam

352 4206 556 4278 ἔμαθον
587 4209 739 4276 παρὰ
770 4206 880 4260 τῶν
909 4207 1165 4278 πατέρων
1194 4204 1395 4258 αὐτῶν.

1372 4221 1395 4258 ὀ
2029 4216 2104 4272 illi
2139 4233 2168 4272 a
2200 4219 2449 4288 patribus
2483 4219 2603 4275 suis
2640 4218 2974 4275 didicerunt.

419 4297 513 4367 Μὴ
560 4297 837 4367 ἀτιμάσῃς
878 4295 1049 4366 ἄνδρα
1075 4296 1133 4348 ὲν
1161 4293 1310 4365 γήρᾳ
1349 4289 1542 4358 αὑτοῦ,
1571 4292 1664 4344 καὶ
1693 4291 1803 4363 γάρ
1830 4291 1926 4347 καὶ

2097 4307 2218 4362 Noli
2241 4317 2597 4364 contemnere
2613 4324 2947 4380 quemquam
2971 4309 3028 4365 in
3055 4318 3340 4368 senectute
3364 4328 3378 4380 ;
3404 4312 3605 4369 etenim

351 4389 410 4456 ἐξ
436 4393 469 4460 ἡ
478 4389 595 4459 μῶν
628 4387 1027 4458 γηράσκουσιν.

2028 4412 2095 4454 ex
2125 4398 2282 4454 vobis
2311 4400 2477 4454 etiam
2509 4402 2756 4471 suntqui
2793 4401 2962 4456 futuri
2993 4403 3105 4457 sint
3137 4418 3323 4459 senes.

425 4480 701 4549 Στέφανος
730 4479 1002 4548 γερόντων
1031 4475 1383 4544 πολυπειρία,
1432 4474 1528 4530 καὶ
1555 4473 1616 4527 τὸ
1659 4474 1924 4544 καύχημα

427 4570 534 4626 τῶν
564 4569 725 4627 φόϐος
756 4570 990 4627 Κυρίου.
1954 4586 1996 4627 τι

2117 4485 2314 4542 Iorona
2357 4503 2550 4543 senum
2587 4503 2817 4560 magnus
2841 4506 3022 4545 rerum
3071 4505 3239 4558 usus,
3271 4503 3325 4546 et
3359 4464 3719 4627 gloriatio)

2118 4594 2274 4627 orum
2311 4581 2402 4627 Dei
2437 4592 2634 4627 metus.

353 4570 534 4626 αὐτῶν
564 4569 725 4640 φόϐος
756 4570 990 4640 Κυρίου.
1954 4609 1955 4622 χ

1954 4586 1998 4644 C.
2028 4578 2274 4649 ipsorum
2311 4581 2403 4635 Dei
2437 4592 2634 4636 metus.

437 4663 526 4724 Ὠς
579 4662 780 4732 ὡραῖον
838 4661 1052 4723 πολιαῖς
1107 4658 1316 4730 κρίσις,
1375 4658 1472 4712 καὶ
1528 4655 1924 4728 πρεσϐυτέροις

2157 4684 2271 4722 nam
2295 4668 2551 4726 decorum
2576 4679 2659 4727 est
2684 4665 3283 4744 cauitieijudicium,et
3309 4675 3610 4744 majoribus
3671 4678 3714 4698 “

351 4753 650 4821 ἐπιγνῶναι
687 4752 923 4824 βουλήνι
963 4752 1052 4814 Ὠς
1088 4750 1264 4820 ὡραία
1311 4750 1582 4818 γερόντων
1616 4746 1776 4801 σοφία
1825 4747 1922 4801 καὶ

2155 4777 2359 4818 tnosse
2377 4764 2636 4818 consilia!
2672 4766 2844 4830 Quam
2869 4767 3096 4835 pulchra
3156 4777 3240 4822 est
3289 4782 3482 4822 sonum
3517 4785 3604 4824 sa-
3708 4739 3753 4838 μ’]

349 4845 759 4915 δεδοξασμένοις
788 4843 1126 4914 διανοήματα
1156 4842 1349 4915 βουλῆς
1379 4842 1394 4896 ι

2034 4851 2239 4922 pientia
2264 4892 2279 4919 ,
2309 4863 2364 4908 et
2387 4862 2548 4909 aetate
2580 4865 2801 4912 evectos
2842 4871 3006 4927 quam
3067 4858 3225 4913 decet
3251 4859 3606 4916 consiliorum

2035 4945 2398 5015 intelligentia
2421 4948 2434 5000 ι

424 5046 555 5099 Ὅτε
599 5042 666 5118 ἧς
714 5046 1000 5113 νεώτερος,
1047 5043 1316 5107 ἐζώννυες
1361 5039 1588 5094 σεαυτόν
1620 5049 1634 5065 ’
1690 5037 1821 5090 ὅταν
1869 5036 1927 5090 δὲ

2100 5035 2259 5091 Joan.
2294 5053 2409 5094 xxt.
2441 5039 2573 5092 Cum
2631 5038 2852 5108 juvenis
2883 5054 3062 5108 esses,
3103 5041 3360 5112 cingebas
3408 5043 3612 5114 teipse;

349 5139 640 5208 γηράσῃς.
689 5137 929 5199 ἐκτενεῖς
975 5134 1074 5199 τάς
1125 5135 1316 5205 χεῖράς
1368 5149 1487 5198 σου,
1541 5130 1636 5183 καὶ
1669 5129 1825 5192 ἄλλος
1863 5144 1924 5180 σε

2035 5143 2160 5185 cum
2186 5139 2370 5185 autem
2403 5130 2674 5196 senueris,
2703 5132 2964 5187 extendes
2989 5148 3184 5189 manus
3214 5145 3358 5202 tuas,
3385 5144 3441 5191 et
3467 5137 3609 5192 alius

351 5227 540 5292 ζώσει.

2038 5229 2090 5276 te
2121 5221 2321 5292 cinget.

426 5322 537 5373 Πᾶν
565 5333 626 5371 το
657 5317 977 5389 ἀρχαιότητι
1008 5318 1266 5390 διαφέρον
1293 5317 1602 5386 αἰδέσιμον.

2119 5311 2180 5368 S.
2224 5312 2438 5371 Basilii.
2473 5312 2752 5384 Quidquid
2805 5325 3082 5376 vetustate
3129 5318 3350 5377 excellit
3379 5335 3611 5377 venera-

2035 5402 2146 5458 bile
2173 5412 2278 5460 est.
3359 5451 3378 5461 -

426 5500 595 5553 Πλέον
642 5498 719 5570 τῷ
783 5499 899 5554 ὄντι
948 5501 1047 5572 τῆς
1105 5500 1198 5553 ἐπὶ
1251 5499 1398 5570 Θριξλ⁵
1434 5499 1784 5569 ,λευκότητος
1843 5501 1923 5563 είς

2105 5492 2306 5550 Senilis
2341 5495 2509 5550 animi
2564 5495 2787 5552 habitus
2819 5505 2874 5552 et
2925 5508 3139 5557 malura
3183 5502 3475 5573 prudentia
3527 5518 3611 5556 re-

347 5591 755 5662 πρεσϐυτέρους
817 5589 993 5646 ἅπασι
1050 5590 1111 5644 τὺ
1169 5593 1225 5645 ὲν
1283 5589 1550 5660 φρονήσει
1612 5589 1922 5660 πρεσϐυτε-

2034 5601 2162 5640 vera
2216 5588 2565 5656 praestantior
2599 5589 2682 5643 vel
2725 5589 3047 5658 capillorum
3101 5593 3328 5660 canitie,
3363 5607 3488 5664 quae
3551 5592 3607 5647 in

348 5683 524 5752 ρικόν,
2035 5678 2294 5734 omnibus
2329 5689 2489 5734 aetate
2522 5681 2794 5750 pr0vcctis
2831 5681 3126 5754 reperitur.

419 5774 682 5846 Διαφέρει
722 5775 819 5829 τοῦ
868 5777 1066 5849 νηπίου
1107 5774 1226 5832 καθ’
1262 5773 1482 5830 ἡλικίαν
1531 5774 1684 5829 οὐδὲν
1728 5777 1756 5828 ὁ
1805 5774 1923 5838 ταῖς

2097 5769 2241 5824 Nihil
2281 5771 2509 5828 interest
2562 5772 2710 5828 inter
2761 5783 2923 5833 aetate
2972 5791 3206 5848 puerum
3253 5784 3308 5834 et
3337 5790 3464 5832 eum
3512 5775 3607 5848 qui

346 5866 512 5937 φρεσὶ
537 5868 845 5950 nmiae.-

2034 5875 2214 5920 mente
2245 5879 2446 5935 pueros
2475 5865 2740 5923 imitatur.
