4056 6416
552 417 694 487 1055

1823 412 2146 477 ΑΝΤΟΝῙῙ
2192 415 2540 478 MELISSAE

3675 429 3789 492 1056

619 531 892 601 TheoIOgi.
923 530 1111 584 Melior
1147 537 1231 584 est
1258 529 1489 585 canities
1511 542 1639 584 eum
1675 526 1966 598 prudentia
1990 543 2111 583 eon-

2301 529 2573 600 Κρεϊσσον
2612 531 2774 586 πολιά
2807 529 2946 603 μετὰ
2979 533 3300 603 φρονήσεως
3334 533 3666 588 ἀπαιδεύτου
3695 541 3790 590 νεό-

543 626 758 696 Ῑυηιιιτι,
793 639 954 694 quam
981 623 1239 692 juventus
1275 621 1566 676 inerudita.

609 719 860 786 Magnum
899 733 1058 771 usum
1110 730 1294 770 rerum
1325 727 1378 770 et
1427 714 1824 784 experientiam
1876 721 2124 783 tempore

545 810 890 877 collegimus,
922 823 989 861 ex
1021 823 1128 876 qua
1156 808 1402 861 nascitur
1433 807 1724 875 sapientia.

616 901 733 955 Non
769 900 970 954 decent
997 913 1155 952 senes
1182 899 1410 969 puerilia
1449 898 1680 952 ludicra.

609 991 668 1046 S.
699 989 969 1061 Chrysost.
996 1001 1044 1044 et
1079 988 1208 1058 Sap.
1240 1006 1314 1044 iv.
1347 989 1589 1045 Canities
1649 1004 1757 1043 non
1787 986 1966 1058 capilli
1993 989 2122 1057 albi,

544 1086 640 1139 sed
675 1084 843 1138 animi
881 1084 1076 1138 virtus.

608 1175 720 1229 Nec
746 1175 1004 1244 juvenem
1033 1174 1352 1237 criminare,
1381 1189 1558 1242 neque
1581 1189 1767 1228 senem
1798 1174 1994 1234 lauda;
2029 1191 2124 1230 ne-

2224 635 2411 691 τητος.

2298 712 2510 784 Πολλὴν
2555 714 2852 786 εμπειρίαν
2899 715 2978 787 τῷ
3011 716 3191 788 χρόνῳ
3223 717 3616 789 συνελέξαμεν,
3733 714 3789 788 ἧς

2227 805 2390 874 σοφία
2415 806 2648 874 γίνεται.

2298 896 2410 966 Οὐχ
2439 897 2640 966 ὡραῖον
2671 898 2818 970 γήρᾳ
2851 900 3062 955 παίδων
3095 900 3410 972 ἀθύρματα.

2298 988 2466 1042 [Ιολιά
2491 990 2549 1042 οὐ
2580 988 2768 1060 τρίχες
2793 991 3006 1056 λευκαὶ,
3037 993 3174 1045 ἀλλά
3205 992 3386 1064 ψυχῆς
3423 993 3624 1064 ἀρετή.

2295 1169 2386 1237 Μὴ
2435 1169 2527 1224 τὸν
2575 1169 2692 1222 νέον
2750 1171 3046 1239 διάϐαλλε,
3109 1175 3247 1243 μηδὲ
3296 1173 3390 1227 τὸν
3447 1172 3788 1242 γεγηρακότα

542 1281 650 1334 que
686 1265 828 1319 enim
859 1265 913 1318 in
939 1265 1137 1330 aetatis,
1171 1265 1261 1318 sed
1297 1264 1351 1318 in
1386 1263 1554 1317 animi
1591 1263 1895 1318 differentia
1947 1265 2111 1320 virtus

2224 1261 2434 1314 ἐπαίνει
2459 1279 2474 1294 ο
2510 1261 2635 1315 οὔτε
2665 1263 2775 1334 γάρ
2803 1265 2862 1318 ὲν
2892 1267 2958 1335 τῇ
2987 1265 3225 1336 διαφορᾷ
3253 1265 3358 1336 τῆς
3384 1264 3608 1336 ⁴ἡλικίας
3638 1263 3789 1336 ἀρετὴ

541 1367 597 1411 et
626 1357 819 1410 vitium
851 1354 1124 1409 consistit.

608 1444 727 1498 Non
795 1454 1020 1499 aztatum
1089 1444 1458 1499 differentiam
1525 1445 1676 1499 novit
1741 1445 2120 1500 universitatis

540 1537 720 1603 Deus;
772 1537 865 1590 sed
904 1535 1156 1604 pietatem
1213 1537 1388 1590 solam
1469 1545 1525 1590 et
1572 1552 1754 1590 rerum
1812 1539 2118 1591 divinarum

540 1628 780 1684 studium
813 1643 842 1680 a
877 1627 1036 1681 nobis
1070 1629 1336 1698 requirit:
1373 1629 1522 1698 quod
1557 1630 1599 1682 si
1651 1629 1766 1683 haec
1814 1629 1867 1682 in
1914 1629 2120 1698 juvene

540 1718 827 1789 repererit,
862 1719 1046 1773 multis
1084 1721 1228 1774 hunc
1259 1730 1548 1790 anteponit
1576 1720 1816 1776 senibus.

604 1808 872 1866 Senectus
901 1819 955 1865 et
1008 1820 1296 1880 paupertas
1363 1813 1472 1867 duo
1552 1820 1680 1865 sunt
1730 1819 1925 1867 curatu
1974 1809 2117 1866 ditii-

539 1899 686 1953 cilia.

606 1991 875 2046 Philonis.
933 1991 1092 2062 156
1153 1990 1292 2045 Vere
1353 2007 1513 2046 senex
1565 2007 1673 2045 non
1721 2006 1786 2045 ex
1845 1991 2110 2061 temporis

537 2080 978 2151 longinquitate,
1031 2079 1124 2135 sed
1172 2095 1237 2135 ex
1286 2080 1547 2134 laudabili
1601 2089 1654 2134 et
1711 2080 1949 2149 perfecta
2005 2081 2116 2134 vita

539 2179 845 2240 spectatur.

606 2262 842 2318 Juvenili
896 2262 1021 2315 vita:
1066 2274 1190 2330 qum
1233 2260 1286 2314 in
1341 2275 1529 2315 rerum
1586 2260 1802 2316 actione
1838 2269 2114 2327 versatur,

537 2355 730 2410 senilis
788 2352 1036 2408 succedit
1093 2351 1549 2421 praistantissima
1621 2361 1676 2406 et
1721 2353 2113 2417 sacratissima,

535 2461 711 2513 eaque
740 2445 792 2498 in
825 2460 1009 2497 rerum
1041 2442 1503 2511 contemplatione
1539 2444 1804 2508 cernitur,
1837 2446 1922 2498 cui
1957 2444 2115 2512 quasi

542 2537 896 2607 gubernatori
925 2551 953 2589 a
985 2549 1043 2590 se
1073 2535 1241 2589 misso
1269 2533 1409 2588 Deus
1435 2535 1802 2604 gubernacula
1835 2535 1888 2588 in
1923 2551 2117 2590 manus

538 2628 786 2690 tradidit,
809 2639 1066 2696 tanquam
1100 2626 1298 2680 idoneo
1329 2627 1420 2694 qui
1455 2626 1627 2696 possit
1663 2634 1875 2680 terrena
1916 2629 2115 2696 guber-

551 2717 749 2772 nacula
786 2726 1006 2779 tenere;
1043 2731 1164 2768 nam
1204 2715 1319 2769 sine
1352 2716 1814 2786 contemplatione
1854 2727 1908 2773 et
1935 2720 2114 2773 scien-

544 2811 620 2864 tia
653 2809 784 2862 nihil
814 2809 866 2862 in
905 2809 1064 2862 rebus
1094 2807 1316 2876 agendis
1355 2808 1644 2862 honestum
1677 2817 1782 2863 est.

616 2899 858 2970 Evagrii.
895 2898 1033 2952 Tum
1067 2897 1304 2952 ﬂorescit
1335 2900 1554 2953 animus
1582 2899 1649 2952 ad
1683 2899 1966 2954 scientiam
1995 2915 2117 2969 per-

534 2994 867 3064 cipiendam,
913 3009 1037 3045 cum
1091 2992 1262 3046 robur
1289 2993 1537 3062 corporis
1570 2991 1935 3047 diuturnitate
1978 3001 2116 3047 tem-

535 3087 686 3156 poris
719 3085 1036 3138 marcescit.

611 3176 748 3230 Nili.
797 3177 1042 3245 Capillus
1081 3175 1239 3230 albus
1274 3174 1454 3230 factus
1487 3177 1724 3230 animam
1778 3179 1904 3231 hinc
1936 3177 2112 3232 abitu-

534 3285 653 3324 ram
689 3277 923 3324 testatur
955 3277 1009 3322 et
1039 3271 1255 3321 clamat.

622 3361 872 3430 Symeon.
907 3357 1094 3428 Neque
1121 3359 1299 3412 cuivis
1329 3358 1445 3413 seni
1491 3359 1762 3414 fidendum
1799 3368 1902 3423 est,
1929 3373 2110 3428 neque

535 3453 719 3522 quivis
771 3451 997 3505 omnino
1045 3450 1268 3519 juvenis
1320 3451 1714 3519 repudiandus.
1771 3449 1911 3504 Fieri
1967 3451 2110 3505 enim

534 3556 739 3618 potest,
775 3556 828 3600 ut
862 3546 1082 3616 Opinor,
1116 3553 1176 3599 ut
1206 3552 1258 3600 et
1291 3545 1552 3614 juventus
1588 3555 1900 3616 temperans
1932 3546 2023 3613 sit,
2059 3556 2115 3602 et

536 3650 791 3697 senectus
827 3653 969 3708 saepe
995 3638 1236 3691 officium
1269 3638 1528 3708 negligat.

607 3732 885 3786 Plutarch.
937 3729 1119 3784 Hiems
1166 3738 1562 3800 tegumentum,
1614 3740 1873 3788 senectus
1907 3730 2114 3789 doloris

534 3823 863 3878 vacuitatem
911 3821 1161 3891 requirit.

602 3914 787 3970 Solon.
822 3913 988 3967 Solon
1027 3921 1364 3967 senectutem
1416 3921 1636 3981 portum
1673 3913 1942 3969 malorum
1989 3929 2115 3972 esse

535 4003 776 4066 dicebat,
812 4003 956 4071 quod
991 4002 1058 4056 ad
1083 4018 1201 4056 eam
1239 4003 1424 4057 omnia
1457 4002 1804 4072 confugiant.

599 4093 909 4147 Phavorini.
934 4092 1034 4157 Qui
1068 4094 1174 4148 sibi
1203 4094 1536 4162 voluptatem
1566 4096 1838 4164 reprimit,
1869 4096 2110 4167 sapiens,

536 4185 632 4256 qui
661 4187 1010 4254 repressione
1043 4198 1149 4237 non
1178 4183 1410 4253 indiget,
1455 4185 1650 4241 beatus
1704 4197 1822 4240 est:
1854 4197 2111 4242 senectus

537 4281 604 4334 ad
659 4288 956 4346 utrumque
1009 4277 1125 4344 (vel
1186 4276 1246 4331 in
1299 4287 1589 4335 senectute
1641 4287 1724 4335 est
1756 4276 2107 4349 utrumque).

537 4368 776 4442 (Desunt
805 4367 1048 4438 quendam
1071 4367 1111 4435 .)
1913 4373 1918 4382 '

1095 4499 1327 4555 SERMO
1361 4499 1550 4556 XVIII.

736 4616 816 4672 De
845 4615 1052 4671 senibus
1081 4615 1364 4670 inhonestis
1395 4625 1442 4670 et
1473 4617 1907 4684 imprudentibus.

605 4731 775 4786 Eccli.
809 4747 937 4785 xxv.
962 4731 1161 4786 Senem
1188 4730 1496 4785 adulterum
1523 4732 1802 4787 intellectu
1828 4745 2105 4789 carentem

535 4842 601 4882 ex
634 4825 821 4879 animo
849 4822 961 4878 odi.

606 4913 634 4967 I
663 4912 788 4968 Cor.
823 4927 934 4966 xw.
973 4909 1216 4976 Fratres,
1264 4926 1334 4964 ne
1377 4911 1500 4968 sitis
1547 4914 1745 4982 puerili
1773 4925 1969 4982 mente,
2015 4918 2108 4972 scd

535 5005 688 5059 vitiis
721 5015 923 5072 pueros
953 4999 1270 5064 imitamini,
1305 5009 1362 5053 at
1424 5009 1608 5055 mente
1642 5001 1866 5071 perfecti
1911 5016 2106 5062 estote.

609 5093 772 5148 Hebr.
799 5109 854 5148 ν.
886 5091 1048 5146 Tardi
1077 5090 1203 5144 facti
1254 5092 1391 5147 estis
1421 5091 1488 5146 ad
1515 5094 1864 5150 audiendum.
1895 5098 2106 5153 Etenim

533 5186 625 5256 qui
655 5193 874 5254 propter
930 5184 1343 5237 diuturnitatem
1381 5185 1642 5253 temporis
1673 5187 1940 5244 debuistis
1984 5206 2107 5246 esse

535 5277 804 5345 magistri,
839 5289 1032 5328 rursus
1062 5274 1282 5328 doctore
1316 5274 1510 5343 egetis,
1539 5275 1630 5345 qui
1661 5291 1756 5331 vos
1781 5278 2111 5351 doceatquaa

543 5368 656 5421 sint
684 5366 1002 5420 divinorum
1047 5366 1392 5419 oraculorum
1427 5367 1696 5436 principia
1732 5377 1787 5424 et
1815 5371 2106 5437 elementa,

533 5457 780 5524 talesque
815 5457 948 5510 estis
987 5455 1082 5524 qui
1138 5455 1281 5510 lacte
1309 5456 1542 5525 egeatis,
1593 5474 1697 5511 non
1731 5459 1896 5513 etiam
1931 5463 2108 5516 solido

534 5547 661 5602 cibo
706 5571 716 5600 :
745 5545 1000 5616 quisquis
1034 5556 1213 5600 autem
1245 5546 1382 5601 lacte
1413 5547 1586 5601 utitur
1607 5547 1836 5615 justitiae
1881 5552 2108 5607 rationis

536 5638 825 5707 imperitus
871 5645 972 5701 est,
1007 5637 1153 5704 quod
1186 5651 1321 5705 puer
1365 5638 1460 5690 sit.
1511 5639 1730 5695 Solidus
1773 5655 1901 5696 vero
1947 5641 2104 5698 cibus

533 5740 622 5784 est
673 5730 1043 5800 perfecturum
1095 5729 1189 5797 qui
1245 5743 1341 5797 per
1385 5729 1634 5785 habitum
1682 5747 1879 5788 sensus
1909 5733 2108 5792 habent

534 5821 862 5876 exercitatos
897 5820 961 5874 ad
993 5819 1410 5875 discernendum
1437 5821 1577 5875 mala
1615 5838 1644 5876 a
1675 5823 1851 5878 bonis.

2226 1355 2320 1407 καὶ
2352 1355 2542 1418 κακία,
2580 1355 2696 1408 ἀλλ’
2729 1357 2787 1408 ὲν
2818 1358 2882 1426 τῇ
2913 1357 3148 1427 διαφορᾷ
3176 1358 3274 1425 τῆς
3309 1356 3566 1426 γνώμης.

2295 1447 2412 1499 Οὐκ
2458 1447 2601 1500 οἶδεν
2649 1447 2866 1517 ἡλικίας
2915 1449 3180 1519 διαφορὰν
3218 1451 3247 1501 6
3276 1447 3387 1502 τῶν
3438 1449 3582 1500 ὅλων
3633 1447 3782 1509 Θεός·

2223 1535 2338 1586 ἀλλ’
2389 1535 2674 1592 εὐσέϐειαν
2727 1538 2898 1610 μόνην
2954 1539 3051 1592 καὶ
3110 1539 3392 1609 φιλοθεῖαν
3451 1537 3643 1609 ζητεῖ,
3696 1537 3785 1591 κᾶν

2222 1623 2356 1695 εὕρῃ
2389 1627 2594 1700 ταύτην
2623 1631 2680 1684 ὲν
2710 1630 2835 1699 νέῳ,
2885 1631 3096 1685 πολλῶν
3133 1630 3296 1685 τοῦτο
3339 1631 3640 1702 προτίθησι
3671 1647 3785 1701 πρε·

2225 1719 2383 1772 σϐυτέ
2395 1737 2526 1790 ρων.

2294 1810 2474 1881 Γῆρας
2508 1812 2603 1866 καὶ
2635 1812 2794 1867 πενία
2825 1813 2919 1867 δύο
2949 1813 3250 1883 πράγματα
3280 1813 3719 1884 δυσθεράπευτα.

2303 1987 2361 2039 '0
2410 1986 2640 2058 ἀληθείᾳ
2690 1988 3066 2058 πρεσϐύτερος
3118 1990 3221 2042 οὐκ
3264 1989 3324 2041 ὲν
3374 1990 3550 2060 μήκει
3579 1986 3777 2059 χρόνον,

2218 2078 2334 2133 ἀλλ’
2366 2079 2423 2132 ὲν
2456 2079 2732 2150 ὲπαινετῷ
2760 2081 2855 2134 καὶ
2885 2082 3075 2152 τελείῳ
3107 2080 3204 2152 βίῳ
3240 2081 3554 2152 θεωρεῖται.

2287 2255 2442 2310 Μετά
2492 2256 2583 2309 τὸν
2633 2257 2692 2311 ἐν
2745 2259 2960 2329 νεότητι
3011 2259 3316 2328 πρακτικὸν
3347 2259 3470 2329 βίον
3506 2263 3535 2314 6
3567 2261 3622 2314 ὲν
3649 2261 3775 2329 γήρᾳ

2219 2349 2566 2420 θεωρητικὸς·
2601 2349 2714 2420 βίος
2765 2351 2990 2419 ἀριστος
3044 2354 3142 2406 καὶ
3195 2354 3499 2423 ἱερώτατος
3529 2368 3544 2383 ⁸
3595 2353 3651 2406 ὃν
3700 2348 3776 2406 οἷα

2218 2443 2560 2513 κυϐερνήτην
2607 2444 2992 2512 παραπέμψας
3039 2447 3067 2497 ό
3114 2445 3271 2508 Θεὸς,
3315 2447 3621 2517 ἐνεχείρισε
3666 2447 3772 2508 τοὺς

2217 2535 2428 2600 οἴακας,
2481 2535 2556 2596 ὡς
2612 2534 2798 2586 ίκανδν
2831 2535 3214 2605 πηδαλιουχείν
3245 2538 3313 2590 τὰ
3347 2538 3594 2605 ὲπίγεια’
3624 2536 3773 2606 χωρὶς

2217 2626 2324 2698 γὰρ
2354 2626 2587 2695 θεωρίας
2612 2629 3047 2698 ὲπιστημονικῆς
3079 2630 3231 2682 οὐδὲν
3258 2629 3368 2683 τῶν
3398 2629 3773 2700 πραττομέναν

2219 2719 2404 2772 καλόν.

2303 2898 2480 2951 Ἀυθεί
2515 2900 2650 2969 πρὸς
2687 2900 2998 2972 ἐπιστήμην
3033 2901 3204 2971 ψυχὴ,
3233 2901 3397 2954 ὁπότε
3435 2904 3502 2957 ὲκ
3548 2901 3638 2958 τοῦ
3686 2898 3772 2954 adi-

2221 3004 2390 3056 ματος
2421 2990 2598 3058 ἀκμαὶ
2627 2991 2820 3059 χρόνον
2859 2991 3028 3060 μήκει
3063 2992 3452 3062 μαραίνονται.

2290 3164 2423 3236 Θρὶξ
2450 3165 2860 3238 λελευκασμένη
2893 3168 2993 3238 τὴν
3023 3167 3276 3222 ἐντεῦθεν
3310 3169 3412 3240 τῆς
3444 3170 3622 3241 ψυχῆς
3655 3168 3770 3222 ἀπο-

2145 3251 2189 3312 C
2220 3255 2422 3324 δημίαν
2455 3255 2553 3326 βοᾷ
2580 3260 2673 3311 καὶ
2705 3259 3160 3330 διαμαρτύρεται.

2290 3345 2431 3400 Οὔτε
2465 3351 2609 3402 πάνυ
2643 3351 2790 3421 γήρᾳ
2822 3353 3069 3422 θαρρεῖν,
3097 3351 3222 3406 οὔτε
3251 3353 3488 3424 νεότητα
3519 3354 3622 3424 χρὴ
3651 3366 3769 3404 παν·

2217 3439 2456 3492 ἐἅπασιν
2491 3441 2939 3512 ἀποδοκιμάζειν.
2981 3445 3099 3498 Ἐνι
3148 3448 3278 3514 γὰρ,
3310 3443 3495 3515 οἶμαι,
3546 3447 3638 3500 καὶ
3682 3460 3770 3495 σω-

2218 3536 2438 3603 φρονεῖν
2482 3533 2581 3605 τὴν
2633 3537 2885 3606 νεότητα,
2914 3538 3010 3592 καὶ
3043 3538 3216 3608 γῆρας
3251 3540 3520 3604 πολλάκις
3564 3556 3661 3592 που
3690 3533 3770 3588 τοῦ

2217 3621 2553 3690 καθήκοντος
2582 3626 2826 3694 ἀμελεῖν.

2305 3715 2362 3768 Ὀ
2401 3716 2500 3785 μὲν
2549 3716 2756 3788 χειμὼν
2813 3720 3046 3787 σκέπης,
3105 3720 3165 3774 τὸ
3213 3720 3270 3774 δὲ
3321 3721 3506 3792 γῆρας
3553 3717 3767 3777 ἀλυπίας

2215 3807 2402 3862 δεῖται.
3432 3862 3434 3864 ,

2287 3901 2468 3954 Σόλων
2513 3901 2574 3954 τὸ
2615 3905 2792 3974 γῆρας
2838 3903 3023 3973 ἔλεγεν
3073 3907 3246 3977 ὅρμον
3293 3902 3435 3960 εῐναι
3467 3904 3668 3966 κακῶν,
3699 3899 3765 3958 εἰς

2215 3993 2380 4046 αὐτὸν
2413 3992 2543 4060 γοῦν
2575 3997 2750 4047 πάντα
2781 3996 3140 4064 καταφεύγει.

2297 4083 2524 4154 Ἡδονῆς
2556 4088 2584 4138 6
2624 4087 2725 4156 μὲν
2759 4086 3083 4156 εἰργόμενος
3111 4089 3273 4157 σοφός
3295 4104 3309 4121 ⁶
3344 4092 3372 4142 6
3401 4091 3458 4143 δὲ
3493 4091 3568 4162 μὴ
3597 4088 3761 4158 δεόμεο

2215 4194 2302 4240 νος
2337 4177 2608 4247 μακάριος
2631 4195 2645 4210 ο
2680 4177 2741 4230 τὸ
2768 4177 2824 4231 δὲ
2851 4177 3030 4250 γῆρας
3061 4180 3198 4249 πρὸς
3229 4181 3539 4253 ἀμφότερα.

2816 4492 3032 4548 ΛΟΓΟΣ
3077 4495 3184 4550 IH'.

2138 4579 2185 4637 θ
2263 4606 2404 4675 Περὶ
2435 4608 2729 4676 γερόντων
2758 4609 2826 4664 ἐν
2857 4612 3033 4680 dmin
3063 4613 3165 4666 καί
3197 4615 3379 4681 κακίᾳ
3401 4617 3709 4679 βιούντων.

2295 4722 2591 4794 Ἐμίσησεν
2619 4725 2653 4794 ἡ
2683 4723 2830 4794 ψυχή
2883 4741 2987 4794 μου
3019 4729 3254 4794 γέροντα
3301 4729 3512 4797 μοιχὸν,
3535 4721 3758 4782 ἐλαττού-

2215 4830 2375 4884 μενον
2403 4815 2639 4868 σύνεσιν.

2302 4906 2570 4975 Ἀδελφοί,
2620 4908 2693 4978 μὴ
2730 4909 2920 4964 παιδία
2963 4911 3187 4980 γίνεσθε
3227 4916 3350 4977 ταῖς
3397 4915 3609 4985 φρεσὶν,
3641 4908 3757 4963 ἀλλὰ

2213 4998 2276 5066 τῇ
2311 4998 2479 5068 κακίᾳ
2508 4998 2826 5066 νηπιάζετε,
2859 5003 2980 5064 ταῖς
3009 5001 3066 5054 δὲ
3101 5004 3264 5073 φρεσὶ
3310 5005 3508 5058 τέλειοι
3542 4999 3756 5071 γίνεσθε.

2283 5088 2408 5141 Νωο
2417 5089 2503 5158 pol.
2529 5091 2792 5157 γεγόνατε
2824 5093 2943 5155 ταῖς
2968 5094 3181 5156 ἀκοαῖς.
3208 5096 3319 5148 Καὶ
3344 5097 3454 5168 γάρ
3478 5095 3757 5163 ὀφείλοντες

2212 5176 2352 5233 εἶναι
2382 5181 2692 5236 διδάσκαλοι
2725 5183 2813 5236 διὰ
2843 5185 2936 5240 τὸν
2968 5187 3182 5256 χρόνον,
3217 5188 3380 5242 πάλιν
3411 5191 3598 5257 χρείαν
3624 5185 3755 5251 ἔχετε

2210 5272 2307 5325 τοῦ
2355 5272 2708 5327 διδάσκεσθαι
2754 5276 2920 5343 ὑμᾶς,
2958 5277 3082 5330 τίνα
3117 5277 3185 5330 τά
3213 5282 3452 5349 στοιχεῖα
3484 5281 3576 5346 τῆς
3602 5274 3751 5342 ἀρχῆς

2210 5363 2320 5415 τῶν
2349 5363 2546 5431 λογίων
2577 5365 2668 5418 τοῦ
2702 5366 2857 5431 Θεοῦ,
2895 5369 2988 5420 καὶ
3019 5369 3282 5437 γεγόνατε
3335 5372 3524 5439 χρείαν
3567 5370 3754 5434 ἔχοντες

2210 5456 2506 5522 γάλακτος,
2542 5458 2634 5510 καὶ
2661 5459 2720 5509 οὐ
2771 5463 2996 5528 στερεᾶς
3024 5464 3232 5532 τροφῆς
3262 5479 3276 5493 ·
3312 5465 3420 5526 πᾶς
3454 5463 3558 5531 γὰρ
3583 5461 3608 5513 6
3641 5471 3752 5526 μετ’

2211 5546 2350 5614 έχων
2384 5547 2657 5613 γάλακτος
2698 5548 2926 5619 ἄπειρος
2967 5551 3126 5621 λόγου
3175 5554 3520 5622 δικαιοσύνης
3547 5569 3560 5584 ⁸
3585 5557 3753 5619 νήπιος

2209 5640 2318 5709 γάρ
2349 5641 2484 5694 ἐστι.
2519 5641 2753 5694 Τελείων
2791 5643 2848 5698 δὲ
2885 5647 2916 5714 ἡ
2953 5649 3150 5714 στερεά
3184 5652 3381 5718 τροφὴ,
3411 5646 3518 5700 τῶν
3562 5644 3645 5696 διὰ
3668 5638 3750 5704 τὴν

2209 5731 2324 5796 ἕξιν
2376 5735 2445 5784 τὰ
2491 5733 2824 5804 αἰσθητήρια
2878 5745 3310 5810 γεγυμνασμένα
3368 5741 3592 5813 ἐχόντων
3638 5729 3750 5799 πρὸς

2209 5826 2484 5880 διάκρισιν
2519 5827 2688 5880 καλοῦ
2726 5846 2780 5880 τε
2820 5836 2908 5882 καὶ
2951 5832 3145 5884 κακοῦ.
