4056 6474
284 397 419 463 1057

1142 388 1312 451 LOCl
1349 385 1887 451 COMMUNES.—
1924 384 2121 447 PARS
2160 384 2248 446 II.
2290 383 2550 444 SERMO
2585 384 2748 446 XIX.

3395 376 3534 442 1058

356 507 616 577 Διαφέρει
662 502 758 559 τοῦ
801 500 1000 575 νηπίου
1038 498 1161 554 καθ’
1191 497 1413 569 ἡλικίαν
1460 496 1614 552 οὐδὲν
1660 497 1690 552 ὁ
1737 494 1860 560 ταῖς
1887 499 1936 559 Δ

2032 491 2094 548 8.
2129 491 2342 548 Basilii.
2377 486 2521 547 Nihil
2566 493 2798 546 interest
2828 490 2970 546 inter
3001 498 3216 546 (etatem
3273 490 3541 562 puerilem

284 614 450 673 φρεσι
484 597 791 670 νηπιάζων.

355 691 488 747 Οἶδά
515 707 673 753 τινας
705 691 764 742 ἐν
800 704 1014 759 νεοτητι
1062 686 1200 758 πρὸς
1240 684 1313 738 τὰ
1345 683 1443 754 τῆς
1479 685 1683 755 σαρκὸς
1709 680 1862 751 πάθη

287 784 810 851 κατολισθήσαντας,
836 781 931 834 καὶ
961 780 1128 850 μέχρι
1157 778 1353 839 πολιᾶς
1383 776 1553 844 αὐτῆς
1581 775 1668 828 διὰ
1700 773 1866 844 συνή-

288 875 441 930 θειαν
470 873 565 927 τοῦ
600 870 773 926 κακοῦ
808 872 927 933 ταῖς
955 870 1258 939 ἁμαρτίαις
1290 866 1769 938 παραμείναντας.

358 964 597 1035 Αίσχρὸν
624 964 723 1033 τὴν
758 962 857 1032 μὲν
887 961 1106 1031 ἡλικίαν
1150 959 1541 1031 παρακμάσαι,
1579 956 1657 1027 μὴ
1686 971 1868 1026 παρα-

292 1058 503 1130 κμάσαι
537 1057 594 1110 δὲ
625 1056 727 1125 τὴν
754 1054 1066 1122 ἀσέλγειαν.

364 1145 690 1201 Παιδεύεταί
721 1162 773 1198 τι
804 1145 899 1197 καὶ
941 1144 1126 1208 πολιὰ,
1154 1145 1254 1198 καὶ
1289 1143 1349 1196 οὺ
1383 1139 1549 1196 παντὶ
1577 1139 1639 1193 τὸ
1666 1138 1868 1210 γῆρας,

295 1240 369 1304 ὡς
402 1238 601 1301 ἔοικεν,
636 1236 719 1301 είς
751 1235 969 1290 σύνεσιν
997 1234 1337 1303 ἀξιόπιστον.

371 1425 543 1478 Ὅταν
579 1415 674 1477 οῦν
706 1419 806 1475 καὶ
855 1419 1041 1492 γέρων
1089 1418 1159 1472 τὰ
1198 1418 1450 1488 νεότητος
1497 1417 1652 1486 νοσῇ,
1700 1415 1872 1484 ὑπερ-

301 1516 434 1586 ϐολὴ
478 1515 680 1576 κακίας
725 1511 844 1566 ἐστί
869 1528 884 1545 ο
937 1511 1030 1565 καὶ
1060 1511 1184 1564 οὐδὲ
1214 1511 1273 1562 ἐν
1302 1510 1517 1578 νεότητι
1550 1500 1708 1570 οὗτος
1741 1508 1878 1560 ἀπο-

301 1610 490 1677 λογίαν
519 1606 631 1677 ἔχει
656 1620 670 1633 ·
703 1605 764 1657 οὐ
795 1606 904 1670 γὰρ
931 1600 1156 1671 δυνατὸς
1189 1600 1393 1668 λέγειν·
1437 1599 1740 1668 Ἀμαρτίας
1768 1596 1882 1650 νεό-

1968 589 2026 636 et
2057 588 2294 636 mentem
2327 595 2528 649 pueros
2558 580 2889 639 imitantem.

2040 670 2176 725 Novi
2228 671 2494 740 quosdam
2525 670 2621 741 qui
2670 686 2797 727 cum
2847 673 2900 726 in
2929 671 3219 743 iuventute
3264 671 3322 726 in
3364 672 3549 728 carnis

1973 760 2100 815 vitia
2131 760 2372 832 prolapsi
2405 770 2612 826 essent,
2644 763 2697 817 in
2722 764 2804 819 eis
2838 773 3060 834 propter
3086 762 3548 821 consuetudinem

1971 855 2039 906 ad
2071 867 2241 909 canos
2271 868 2441 923 usque
2466 866 2892 924 perseverarunt

2045 942 2315 1013 Theologi.
2347 942 2531 1013 Turpe
2568 954 2652 1000 est
2680 947 2859 1002 aetatis
2908 946 3149 1017 vigorem
3184 943 3552 1011 deierbuisse,

1974 1033 2258 1089 lididinem
2292 1046 2477 1089 autem
2511 1051 2622 1092 non
2656 1037 3021 1094 deferbnisse.

2046 1124 2106 1180 S.
2154 1125 2428 1196 Chrysost.
2480 1126 2647 1183 Discit
2699 1129 2903 1199 aliquid
2954 1132 3117 1187 etiam
3164 1130 3414 1197 canities,
3454 1141 3555 1183 nec

1978 1216 2224 1285 cujusvis
2257 1224 2518 1272 senectus
2548 1218 2855 1288 prudentiae
2879 1222 3016 1276 satis
3047 1229 3210 1277 nacta
3232 1237 3354 1279 esse
3377 1220 3555 1277 videri

1980 1308 2168 1365 debet.

2061 1399 2218 1472 157
2250 1396 2309 1454 S.
2341 1397 2620 1471 Cltrysosl.
2678 1401 2818 1473 Ergo
2848 1417 2973 1458 cum
3009 1417 3175 1459 senex
3218 1403 3408 1459 iisdem
3434 1401 3560 1472 qui-

1986 1494 2087 1550 bus
2121 1494 2383 1562 juventus
2407 1496 2610 1551 morbis
2647 1494 2879 1561 laborat,
2913 1495 3209 1548 maximum
3234 1495 3426 1549 vitium
3454 1502 3561 1561 est,

1989 1598 2052 1638 ac
2086 1601 2156 1640 ne
2185 1587 2253 1642 de
2297 1589 2584 1657 iuventute
2645 1587 2865 1655 quidem
2909 1585 3324 1639 excusationem
3377 1582 3564 1647 habet,

303 1674 467 1768 τητός
501 1674 603 1767 μου
634 1697 730 1749 καὶ
760 1694 984 1762 ἀγνοίας
1014 1708 1116 1761 μου
1154 1693 1229 1762 μὴ
1275 1691 1542 1761 μνησθῇς.
1577 1691 1668 1758 Μὴ
1699 1689 1883 1742 τοίνυν

2014 1690 2168 1745 neque
2200 1685 2344 1731 enim
2383 1677 2471 1732 illa
2508 1686 2684 1746 potest
2725 1677 2945 1734 dicere:
2980 1675 3210 1732 Peccata
3257 1674 3568 1745 iuventutis

306 1765 392 1844 δια
435 1765 542 1843 τῶν
585 1790 643 1840 ὲν
677 1792 825 1858 γήρᾳ
859 1784 1167 1855 γινομένων
1215 1784 1602 1856 ἀποστερήσῃς
1657 1780 1885 1835 σεαυτὸν
1920 1843 1950 1858 η

2014 1782 2127 1821 nete
2148 1779 2203 1823 et
2230 1769 2596 1838 ignorationes
2626 1785 2773 1825 meas
2807 1786 2874 1824 ne
2925 1768 3267 1825 memineris.
3301 1765 3438 1822 Vide
3470 1766 3569 1837 igi-

310 1843 404 1934 καὶ
431 1878 531 1947 τῆς
563 1876 669 1929 τῶν
689 1843 1045 1946 ’ἐπίνέότητι
1076 1843 1497 1946 ἁμαρτημάτων
1530 1843 1882 1942 συγγνώμης.
1918 1843 1950 1897 Ε

2018 1874 2081 1913 ur
2106 1874 2171 1914 ne
2206 1870 2428 1930 propter
2456 1862 2648 1917 senilia
2684 1862 2825 1918 facta
2852 1862 3179 1933 juvenilium
3209 1870 3569 1934 peccatorum

380 2057 521 2120 Τοὺς
550 2055 727 2109 αίῶνα
769 2053 942 2108 πολὺν
984 2052 1285 2122 τρίψαντας
1316 2053 1374 2106 ὲν
1418 2054 1486 2123 τῇ
1525 2050 1664 2122 μετὰ
1698 2051 1888 2120 σῶμα·

310 2165 403 2211 τος
435 2146 549 2219 ζωῇ
594 2144 721 2215 δίχα
772 2142 1203 2211 καλοκαγαθίας,
1250 2143 1643 2213 πολυχρονίους
1692 2141 1890 2203 παῖδας

313 2240 556 2306 λεκτέον,
602 2236 904 2309 μαθήματα
946 2236 1141 2301 πολιᾶς
1174 2234 1303 2301 ἄξια
1343 2236 1618 2306 μηδέποτε
1663 2234 1887 2288 παιδευ-

317 2330 532 2392 θέντας.

388 2421 570 2492 Μέχρι
599 2420 744 2484 τίνος
771 2420 935 2491 ἡμεῖς
964 2419 1016 2472 oi
1042 2414 1301 2489 γέροντες
1326 2417 1408 2472 ἔτι
1454 2419 1649 2483 παῖδές
1679 2422 1889 2489 ἐσμεν,

318 2517 389 2571 τὰ
424 2516 525 2586 μὲν
554 2514 786 2587 σώματα
808 2515 1008 2586 χρόνου
1041 2515 1210 2584 μήκει
1235 2514 1477 2584 παλαιοὶ,
1507 2516 1606 2581 τὰς
1629 2515 1687 2571 δὲ
1716 2515 1894 2588 ψυχὰς

322 2609 415 2665 ὑπ’
440 2607 801 2679 ἀναισθησίας
836 2607 1035 2678 κομιδῆ
1066 2607 1294 2679 νήπιοι;

394 2792 581 2864 Γέρων
609 2790 858 2862 ἀνόητος,
883 2788 1074 2860 ὥσπερ
1108 2788 1317 2860 τρίϐων
1347 2791 1599 2856 παλαιὸς,
1631 2790 1713 2854 είς
1741 2789 1899 2846 οὐδέν

325 2888 474 2940 ἔστιν
504 2883 747 2948 εὔθετος.

396 2976 655 3046 Διογένης
700 2973 827 3028 ἰδὼν
861 2972 1038 3044 γραῦν
1068 2971 1579 3042 καλλωπιζομένην,
1611 2966 1767 3027 εἶπεν
1787 2989 1803 3006 ·
1838 2971 1902 3026 Εἰ

331 3070 429 3140 μὲν
455 3069 592 3140 πρὸς
619 3066 746 3129 τοὺς
777 3066 1010 3130 ζῶντας,
1043 3064 1418 3137 πεπλάνησαιο
1447 3066 1496 3120 εί
1527 3064 1584 3120 δὲ
1609 3064 1748 3136 πρὸς
1774 3065 1902 3130 τοὺς

329 3162 582 3231 νεκροὺς,
613 3159 688 3231 μὴ
717 3158 973 3229 βράδυνε.

404 3253 562 3307 Ἔστι
586 3269 692 3306 που
720 3249 941 3311 σύνεσις
974 3248 1137 3311 νέων,
1161 3245 1258 3300 καὶ
1286 3245 1561 3315 γερόντων
1601 3244 1900 3301 ἀσυνεσία⁸

331 3348 523 3419 χρόνος
574 3345 683 3413 γὰρ
718 3344 781 3398 οὐ
826 3340 1070 3395 διδάσκει
1100 3339 1387 3411 φρόνησιν,
1418 3338 1557 3394 ἀλλὰ
1604 3339 1772 3410 φύσις
1803 3337 1904 3392 καὶ

332 3438 470 3512 ὀρθὴ
499 3438 701 3493 δίαιτα.
1308 3452 1317 3471 ι

930 3521 1152 3577 ΛΟΓΟΣ
1204 3521 1308 3577 ῙΘνο

353 3620 495 3688 Περὶ
527 3618 685 3674 νέων
715 3615 955 3682 παιδείᾳ
992 3621 1092 3669 καὶ
1120 3614 1372 3669 συνέσει
1408 3613 1865 3684 κοσμουμένων.

419 3713 479 3767 '0
515 3712 573 3765 δὲ
613 3708 822 3779 Ἰησοῦς
873 3706 992 3761 υἱοῦ
1039 3706 1204 3777 Ναυῆ
1241 3706 1363 3771 νέος
1397 3707 1499 3760 οὐκ
1550 3706 1910 3761 ὲβεποοεύετο

338 3804 401 3857 ὲκ
428 3801 526 3871 τῆς
554 3798 758 3870 σκηνῆς
785 3797 880 3852 τοῦ
913 3796 1241 3868 μαρτυρίου.

410 3973 522 4030 Καί
546 3989 634 4040 γε,
653 3969 917 4041 νεώτερος
944 3966 1096 4037 ὑμῶν
1125 3966 1221 4034 ὢν,
1242 3966 1343 4021 οὐκ
1366 3968 1480 4038 είμὶ
1509 3965 1913 4037 ἀσυνετώτερος

340 4064 517 4135 ὑμῶν.
551 4061 834 4131 Νεώτερος
869 4059 969 4130 μέν
1009 4061 1124 4129 είμι
1168 4057 1248 4129 τῷ
1279 4059 1477 4128 χρόνῳ,
1510 4059 1672 4130 ὑμεῖς
1701 4059 1759 4113 δέ
1789 4062 1915 4113 ἐστε

341 4153 709 4225 πρεσϐύτεροι
736 4167 752 4184 ο
804 4149 886 4203 διὸ
946 4147 1193 4217 ἡσύχασα
1221 4186 1237 4213 ,
1271 4148 1531 4218 φοόηθεὶς
1593 4147 1917 4216 ἀναγγεῖλαι

344 4249 474 4317 ὑμῖν
531 4246 632 4316 τὴν
685 4241 879 4297 ἑαυτοῦ
931 4241 1265 4310 ἐπιστήμην.
1311 4237 1453 4292 Είπα
1501 4240 1580 4305 δὲ,
1626 4240 1710 4294 ὅτι
1744 4240 1842 4312 οὐχ
1890 4241 1920 4294 ὁ

344 4339 537 4410 χρόνος
569 4336 717 4390 ἐστὶν
745 4336 773 4388 ό
801 4331 978 4387 λαλῶν
1000 4347 1016 4364 ·
1049 4333 1108 4386 ὲν
1139 4331 1355 4393 πολλοῖς
1389 4330 1449 4384 δὲ
1491 4329 1671 4385 ἔτεσιν
1699 4332 1800 4385 οὐκ
1842 4332 1921 4386 οτ-

344 4431 471 4484 δασι
507 4427 699 4496 σοφίαν
722 4441 738 4459 ·
782 4422 921 4479 ἀλλὰ
949 4420 1171 4493 πνεῦμά
1202 4423 1350 4476 ἐστιν
1401 4422 1460 4474 ὲν
1513 4421 1746 4493 βροτοῖς,
1782 4422 1922 4493 πνοὴ

1994 1951 2152 2006 venia
2190 1961 2241 2006 te
2265 1953 2472 2021 prives.

2064 2040 2320 2097 Philonis.
2360 2042 2461 2110 Qui
2505 2043 2733 2099 multum
2775 2044 2875 2100 aevi
2926 2044 2982 2099 in
3005 2047 3117 2099 vita
3161 2046 3413 2116 corporis
3441 2059 3573 2101 con-

1994 2131 2248 2191 triverint
2297 2134 2418 2189 sine
2453 2135 2560 2189 ulla
2612 2135 2816 2189 virtute
2865 2147 2919 2191 et
2962 2138 3254 2206 probitate,
3282 2152 3379 2194 eos
3426 2136 3574 2207 longi

1995 2227 2259 2296 temporis
2294 2241 2496 2297 pueros
2561 2228 2837 2298 appellare
2882 2229 3029 2293 licet,
3077 2240 3137 2284 ut
3170 2230 3265 2302 qui
3299 2229 3464 2288 nullis
3491 2228 3576 2285 di-

1995 2319 2247 2388 sciplinis
2273 2319 2478 2374 eruditi
2509 2319 2622 2375 sint
2672 2330 2955 2377 senectute
2981 2322 3186 2393 dignis.

2067 2412 2364 2483 Quousque
2394 2411 2614 2467 tandem
2655 2427 2756 2469 nos
2812 2429 2975 2471 senes
3023 2415 3206 2470 adhuc
3255 2415 3411 2485 pueri
3467 2415 3580 2472 eri-

1997 2518 2140 2569 mus,
2169 2504 2492 2575 corporibus
2521 2504 2743 2576 quidem
2783 2514 3008 2577 propter
3043 2508 3309 2579 temporis
3360 2509 3581 2580 longin-

1997 2594 2259 2665 quitatem
2275 2603 2508 2662 veteres,
2528 2596 2725 2651 animis
2745 2606 2922 2652 autem
2941 2606 3168 2669 propter
3182 2597 3583 2670 ignorationem

1998 2697 2052 2744 et
2088 2687 2470 2744 bebetudinem
2497 2688 2787 2744 admodum
2814 2689 3015 2760 pueri?
3173 2750 3181 2754 _

2071 2779 2376 2834 Plutarchi.
2404 2780 2586 2836 Senex
2610 2782 2833 2846 stultus,
2875 2782 3338 2851 quemadmodum
3364 2786 3585 2845 lacerna
3701 2767 3708 2772 I

2000 2879 2236 2938 vetusta,
2268 2870 2402 2926 nulli
2437 2873 2514 2927 rei
2544 2881 2628 2927 est
2650 2884 2832 2942 aptus.

2073 2960 2354 3033 Diogenes.
2374 2962 2663 3033 Diogenes,
2697 2979 2861 3019 anum
2891 2975 3164 3037 comptam
3198 2971 3588 3042 conspicatus,

2006 3054 2085 3120 Si,
2117 3054 2319 3123 inquit,
2363 3055 2429 3110 ad
2455 3055 2624 3121 vivos,
2660 3057 2797 3112 falsa
2824 3073 2913 3126 es;
2952 3060 3039 3116 sin
3086 3060 3154 3115 ad
3194 3073 3472 3131 mortuos,
3522 3081 3589 3121 ne

1930 3177 1975 3236 ρ
2011 3158 2292 3205 cunctare.

2082 3239 2432 3296 Philemonis.
2466 3240 2833 3311 cheriuntur
2859 3245 3151 3316 aliquando
3176 3246 3407 3317 juvenes
3432 3261 3591 3318 saga-

2012 3348 2139 3401 ces,
2170 3343 2223 3389 et
2273 3350 2435 3390 senes
2493 3337 2753 3401 hebetes;
2789 3347 3003 3408 tempus
3055 3339 3202 3394 enim
3241 3340 3591 3410 prudentiam

2011 3441 2122 3481 non
2155 3426 2332 3493 docet,
2361 3432 2454 3484 sed
2488 3440 2681 3483 natura
2726 3441 2780 3484 et
2819 3440 2971 3485 recta
3012 3433 3306 3489 institutio.

2436 3517 2668 3574 SERMO
2707 3520 2826 3575 XIX
2870 3521 2972 3594 [αι.
3008 3523 3164 3596 CLI].

2121 3608 2201 3665 De
2223 3610 2506 3680 juvenibus
2547 3613 2848 3668 eruditione
2874 3624 2923 3669 et
2945 3617 3225 3683 prudentia
3261 3619 3487 3677 ornatis.

2087 3699 2253 3755 Num.
2286 3717 2473 3769 xxvn;
2504 3702 2674 3759 Eccli.
2709 3704 3220 3773 xnvt.Jesus,Nave
3248 3709 3593 3780 ﬂlins,]uve-

2015 3791 2103 3849 nis
2132 3806 2257 3847 cum
2279 3801 2443 3860 esset,
2500 3798 2608 3849 non
2646 3795 3030 3865 egrediebatur
3079 3798 3147 3855 de
3184 3777 3481 3857 testimonii
3515 3810 3600 3858 ta-
3696 3777 3711 3791 ’

2018 3883 2338 3939 bernaculo.
2570 3954 2574 3957 Δ

2091 3972 2192 4029 Job
2241 3988 2420 4029 xxxix.
2458 3965 2571 4030 Etsi
2627 3975 2782 4033 vobis
2822 3991 2942 4033 sum
2981 3978 3209 4049 jnnior,
3270 3995 3382 4038 non
3414 3990 3597 4040 tamen

2024 4068 2289 4126 hebetior.
2319 4068 2515 4126 Junior
2543 4086 2665 4128 sum
2697 4081 2966 4143 tempore,
2985 4090 3083 4131 vos
3101 4085 3284 4131 autem
3315 4080 3598 4145 seniores;

2022 4162 2209 4231 itaque
2241 4178 2329 4219 me
2372 4165 2664 4231 continui,
2716 4168 2926 4223 veritus
2972 4169 3129 4225 vobis
3170 4172 3448 4243 explicare
3480 4189 3605 4243 quae

2024 4255 2289 4309 sciebam.
2317 4254 2452 4311 Illud
2477 4265 2659 4311 autem
2700 4259 3035 4328 cogitabam,
3067 4270 3281 4332 tempus
3312 4279 3422 4318 non
3451 4265 3604 4337 loqui

2025 4341 2233 4411 solere,
2263 4356 2424 4416 atque
2464 4361 2572 4401 non
2599 4348 2655 4401 in
2695 4348 2880 4405 multis
2913 4352 3072 4407 annis
3094 4353 3229 4407 sciri
3253 4354 3606 4423 sapientiam,

2029 4436 2125 4492 sed
2149 4451 2272 4493 esse
2315 4438 2568 4508 spiritum
2617 4439 2675 4495 in
2720 4442 3064 4507 mortalibus,
3103 4444 3610 4518 aspirationemque

344 4521 404 4576 δὲ
434 4514 878 4589 Παντοκράτορός
915 4515 1063 4567 ἔστιν
1127 4514 1161 4582 ή
1208 4512 1541 4566 διδάσκουσὰ
1571 4529 1661 4584 με.
1706 4513 1782 4568 Οὐ
1811 4513 1921 4584 γὰρ

2028 4527 2429 4597 Omnipotentis
2477 4544 2602 4587 esse
2650 4545 2769 4599 quae
2805 4547 2891 4586 me
2943 4512 3182 4602 doceat;
3242 4551 3415 4607 neque
3458 4512 3608 4593 enim

345 4614 400 4667 οἱ
450 4607 793 4682 πολυχρόνιοι
823 4609 930 4662 είσι
984 4606 1161 4675 σοφοὶ,
1203 4605 1325 4659 οὐδὲ
1371 4606 1422 4659 oi
1455 4608 1710 4678 γέροντες
1747 4606 1922 4661 οῐδαισι

345 4703 546 4776 κρίμα.

374 4812 390 4820 '
432 4798 521 4849 Ἐν
567 4795 676 4848 τίνι
718 4790 1060 4863 κατορθώσει
1110 4803 1374 4860 νεώτερος
1413 4790 1518 4863 τὴν
1567 4791 1683 4846 όδδν
1717 4790 1919 4861 αὐτοῦς

363 4891 453 4943 Ἐν
478 4889 559 4958 τῷ
605 4887 944 4957 φυλάξασθαι
968 4886 1095 4948 τοὺς
1123 4884 1312 4953 λόγους
1344 4899 1460 4938 σου.

422 4982 644 5053 Κόσμος
680 4980 920 5042 νεανίαις
956 4979 1138 5048 σοφία.

426 5075 760 5144 Εὐφραίνου,
811 5071 1087 5136 νεανίσκε,
1127 5072 1185 5124 ὲν
1226 5071 1461 5141 ἡμέραις
1508 5069 1761 5141 νεότητός
1807 5086 1924 5135 σου,

353 5169 449 5221 καὶ
479 5165 808 5235 ἁγαθυνάτω
840 5179 902 5216 σε
930 5163 964 5232 ἡ
994 5162 1192 5232 καρδία
1223 5178 1318 5214 σου
1342 5176 1357 5192 ο
1387 5162 1484 5215 καὶ
1515 5164 1810 5231 περιπάτει
1870 5161 1930 5212 εν

351 5262 492 5324 ὁδοῖς
536 5260 760 5332 καρδίας
797 5274 890 5312 σου
944 5257 1199 5327 ἄμωμος,
1235 5257 1333 5309 καὶ
1388 5257 1447 5309 ἐν
1482 5255 1673 5326 δράσει
1725 5254 1929 5325 ὀφθαλ-

358 5352 476 5422 μῶν
508 5368 623 5405 σου·
652 5354 748 5406 καὶ
778 5347 949 5418 γνῶθι
977 5348 1063 5402 ὅτι
1094 5346 1190 5400 ἐπὶ
1221 5346 1357 5400 πᾶσι
1391 5345 1604 5409 τούτοις
1654 5345 1774 5410 ἄξει
1808 5360 1867 5397 σε
1902 5345 1931 5396 ὁ

355 5443 490 5506 Θεὸς
523 5443 604 5505 είς
638 5441 843 5514 κρίσιν.

427 5530 597 5588 Εἶπον
621 5536 670 5588 οί
696 5531 1060 5602 πρεσϐύτεροι
1091 5529 1226 5602 πρὸς
1255 5528 1476 5600 Δανιήλο
1505 5528 1676 5602 Δεῦρο
1704 5530 1931 5584 κάθισον

360 5628 418 5679 ὲν
454 5627 606 5695 μέσῳ
635 5625 815 5695 ἡμῶν,
860 5622 957 5677 καὶ
1006 5619 1345 5689 ἀπάγγειλον
1374 5621 1530 5691 ἡμῖν,
1562 5620 1646 5674 δτι
1679 5636 1763 5674 σοι
1796 5620 1933 5674 ἔδω-

361 5733 457 5770 κεν
486 5719 515 5770 ὁ
545 5717 677 5781 Θεὸς
706 5717 770 5770 τὸ
800 5713 1223 5786 πρεσϐυτέριον.

433 5809 656 5879 Τέκνον,
707 5809 766 5863 ὲν
816 5806 1031 5877 νεότητί
1085 5821 1180 5859 σου
1230 5804 1479 5873 ὲπίλεξαι
1510 5805 1784 5873 παιδείαν,
1833 5807 1934 5861 καὶ

2034 4621 2261 4692 longaevi
2293 4620 2385 4692 qui
2415 4632 2564 4687 sunt,
2595 4622 2760 4679 iidem
2808 4625 3087 4696 sapientes
3116 4639 3265 4694 sunt,
3320 4643 3420 4685 nec
3450 4644 3611 4689 senes

2033 4710 2372 4779 diiudicandi
2402 4714 2669 4769 rationem
2703 4724 2927 4770 norunt.

2105 4804 2221 4870 Qua
2251 4803 2307 4857 in
2343 4820 2400 4859 re
2425 4804 2883 4863 adolescentiores
2911 4808 3033 4864 vitae
3079 4810 3384 4867 institutum
3421 4812 3613 4872 emen-

2035 4894 2273 4950 dabunt?
2301 4894 2359 4951 Si
2391 4897 2501 4953 tuis
2537 4899 2882 4956 sermonibus
2905 4901 3191 4969 parebunt.

2107 4986 2550 5042 Adolescentium
2577 5000 2810 5047 ornatus
2828 4992 3095 5062 sapientia
3116 5004 3222 5050 est.

2108 5078 2381 5135 Solomon.
2416 5078 2620 5140 Eccler.
2672 5099 2734 5138 ιι.
2768 5082 2901 5137 Dum
2943 5085 3161 5154 juvenis
3203 5101 3292 5154 es,
3326 5087 3531 5156 laetare,
3564 5096 3622 5146 et

2038 5173 2224 5226 animo
2252 5182 2342 5228 tuo
2366 5174 2695 5245 obsequere,
2743 5176 2993 5231 instituta
3025 5178 3213 5235 cordis
3246 5181 3321 5234 tui
3374 5183 3495 5237 sine
3521 5198 3621 5237 cu-

2034 5262 2233 5332 jusque
2282 5264 2728 5332 reprehensione,
2780 5276 2838 5320 et
2880 5282 3002 5336 qua:
3046 5267 3282 5323 viderint
3328 5273 3470 5325 oculi
3517 5272 3617 5335 tui,

2039 5369 2289 5424 sequere.
2325 5354 2432 5409 Sed
2465 5354 2591 5409 illud
2623 5356 2765 5410 scito
2800 5356 2937 5423 fore,
2995 5366 3052 5411 ut
3104 5358 3170 5413 de
3223 5356 3309 5415 bis
3366 5362 3622 5421 omnibus

2042 5443 2184 5498 Deus
2209 5452 2261 5497 te
2288 5442 2631 5512 injudicium
2666 5452 2823 5498 vocet
2844 5458 3025 5499 suum.

2112 5533 2251 5588 Dan.
2300 5549 2421 5588 xm.
2482 5535 2742 5589 Dixerunt
2776 5537 3021 5592 seniores
3054 5535 3261 5592 Danieli
3290 5554 3304 5592 :
3336 5539 3469 5607 Age,
3495 5553 3595 5594 con

2044 5626 2162 5681 side
2194 5627 2247 5679 in
2293 5625 2472 5679 medio
2512 5638 2782 5690 nostrum,
2824 5642 2889 5682 ac
2920 5628 3136 5683 declara
3171 5630 3330 5686 nobis
3362 5641 3625 5701 quantam

2044 5713 2139 5768 tibi
2168 5712 2394 5769 senilem
2421 5714 2764 5784 prudentiam
2796 5715 3024 5785 largitus
3053 5717 3124 5774 sit
3154 5717 3319 5775 Deus.

2115 5805 2303 5862 Sirach
2333 5821 2408 5863 vr.
2440 5806 2571 5875 Fili,
2598 5808 2651 5863 in
2690 5816 2849 5865 aetate
2883 5807 3115 5878 juvenili
3141 5810 3334 5883 collige
3363 5809 3627 5872 eruditur
