4056 6418
505 343 644 404 1059

1754 329 2075 392 ANTONII
2113 328 2462 392 MELISSA!

3615 327 3776 392 1060

499 477 641 524 netu,
680 466 734 515 et
772 457 925 527 quasi
973 470 1136 512 arans
1182 462 1239 510 et
1286 468 1474 510 serens
1510 452 1576 508 ad
1604 468 1722 508 eam
1753 453 1970 519 accede,
2003 450 2067 506 il-

2194 447 2244 511 ἱις
2271 447 2542 518 ἀροτριῶν
2570 447 2667 503 καὶ⁵
2698 445 2941 516 σπείρων
2977 443 3241 514 πρόσελθε
3273 443 3410 515 αὐτῇ
3439 460 3456 476 ο
3493 443 3594 497 καὶ
3625 445 3777 499 ἀνά-

501 551 706 618 liusque
741 548 977 617 optimos
1009 544 1218 600 fructus
1254 543 1416 613 158
1445 551 1786 612 exspectato.

571 641 698 708 Fili,
738 640 924 693 ﬂorent
954 637 1128 692 aetatis
1150 644 1256 690 tute
1290 645 1456 689 tutum
1485 642 1830 688 conservato.

567 733 794 802 Iguutii;
827 730 1117 798 Theophori
1143 728 1242 798 (ί).
1277 725 1495 780 Samuel
1521 741 1644 779 cunt
1673 726 1850 778 adhuc
1875 740 2076 794 parvus

503 834 670 888 esset,
726 824 917 876 videns
952 830 1036 876 est
1088 829 1312 874 vocatus
1347 831 1408 871 ac
1443 817 1498 870 in
1539 816 1930 886 prophetarum
1972 832 2078 870 nu-

503 931 705 970 merum
746 923 1051 982 cooptatus.
1107 911 1292 964 Daniel
1323 911 1501 964 atlhuc
1545 907 1762 978 juvenis
1805 924 2074 964 consenes

503 1007 1002 1077 quosdamjudicio
1041 1004 1341 1068 damnavit,
1396 1016 1604 1071 eosque
1653 1017 1763 1056 non
1808 1003 2078 1068 seniores,

502 1100 593 1154 sed
629 1097 1183 1167 perdite.libidiuosos
1207 1111 1328 1150 esse
1375 1096 1792 1151 demonstravit.
1815 1092 2079 1151 Jeremias

503 1204 622 1242 cunt
655 1186 959 1257 juventutis
991 1201 1156 1239 causa
1183 1199 1303 1238 eam
1343 1199 1506 1253 quam
1542 1183 1686 1238 Deus
1717 1183 1768 1237 ei
1803 1183 2078 1248 tradebat,

503 1279 862 1347 praphctanui
917 1276 1254 1346 provinciam
1289 1283 1585 1338 recusaret,
1630 1289 1660 1328 a
1711 1275 1822 1330 Deo
1854 1275 1946 1329 illa
1975 1290 2078 1329 au-

503 1372 584 1426 dit
616 1387 630 1424 :
661 1369 734 1424 Te
763 1369 1036 1438 juniorem
1087 1382 1208 1422 esse
1245 1381 1316 1420 ne
1372 1367 1542 1421 dicito
1575 1384 1589 1432 ;
1624 1367 1692 1421 ad
1724 1381 2079 1436 quoscunque

505 1461 649 1513 enim
683 1467 732 1511 te
761 1457 984 1520 misero,
1022 1454 1407 1524 proﬁcisceris.
1453 1455 1714 1508 Salomon
1763 1463 1942 1509 autem
1990 1455 2082 1508 ille

507 1551 726 1621 sapiens
767 1563 895 1603 cum
931 1546 1216 1601 duodecim
1277 1546 1500 1601 haberet
1562 1561 1758 1610 annos,
1824 1561 2078 1616 magnam

507 1641 856 1712 quaestionem
901 1638 969 1692 tle
1027 1637 1369 1707 ignoratione
1423 1637 1710 1692 mulierum
1744 1651 1854 1690 non
1908 1651 2079 1706 agno.

507 1733 773 1789 scentium
853 1745 988 1786 suos
1053 1731 1254 1786 liberos
1319 1728 1661 1799 dijudicavit.
1737 1726 1906 1780 David
1959 1742 2081 1796 pro-

506 1826 669 1896 pheta
724 1821 889 1876 simul
955 1830 1008 1875 et
1064 1836 1158 1874 rex
1208 1819 1656 1874 adolescentulus
1706 1817 1884 1873 adhuc
1914 1832 1946 1872 a
1979 1817 2080 1872 Sa-
2113 1799 2159 1860 Β

506 1916 684 1970 muele
711 1917 775 1970 ad
804 1915 1048 1968 futurum
1083 1930 1306 1985 regnum
1345 1915 1588 1984 ungitur.

569 2011 599 2063 Ι
617 2007 762 2062 Petr.
784 2008 1063 2072 iuniores,
1089 2007 1320 2074 subjecti
1341 2015 1514 2062 estote
1542 2004 1870 2060 senioribus.

577 2097 635 2154 S.
667 2099 873 2152 Basilii.
895 2097 1013 2151 Non
1043 2099 1187 2152 enim
1217 2105 1374 2152 actate
1398 2095 1634 2165 juvenis,
1664 2093 1760 2150 sed
1793 2095 1884 2165 qui
1904 2093 2086 2152 animo

507 2187 828 2258 imperfecto
856 2196 939 2242 est
958 2188 1143 2256 junior
1165 2187 1382 2241 dicitur.

579 2279 847 2349 Theologi.
878 2278 934 2332 Si
968 2278 1336 2348 quisjuveuis
1375 2286 1477 2344 est,
1520 2278 1796 2336 adversus
1822 2279 2088 2350 cupidita-

507 2381 587 2425 tes
610 2382 664 2424 et
723 2371 1159 2440 perturbationes
1201 2367 1357 2424 fortis
1403 2369 1494 2434 sit,
1533 2378 1850 2440 tantumque
1880 2386 1944 2426 ex
1969 2370 2085 2440 ipsa

502 2461 793 2529 juventute
835 2460 1016 2529 capiat
1041 2459 1308 2525 utilitatis,
1381 2467 1439 2514 ut
1485 2460 1765 2526 iuniorum
1805 2461 2090 2530 perturba-

508 2551 757 2604 tionibus
806 2566 916 2604 non
967 2551 1193 2616 serviat,
1223 2551 1317 2604 sed
1357 2550 1582 2605 senilem
1631 2552 1977 2621 prudentiam
2028 2553 2086 2608 in

513 2642 716 2712 vigenti
757 2657 986 2712 corpore
1025 2651 1298 2706 exerceat,
1333 2651 1386 2697 et
1425 2643 1478 2697 id
1513 2643 1618 2697 erit
1647 2643 1819 2713 gratia
1853 2644 2082 2716 dignum

509 2734 738 2802 majore,
769 2747 930 2804 quam
971 2733 1063 2802 qui
1101 2733 1154 2786 in
1188 2733 1448 2804 Olympiis
1484 2743 1842 2791 coronantur.

577 2824 852 2895 Optimum
917 2833 1002 2880 est
1047 2824 1300 2894 juvenem
1351 2823 1434 2880 vel
1480 2835 1606 2882 ante
1636 2836 1846 2898 tempus
1890 2836 2093 2899 tempe-

506 2927 716 2970 rantem
759 2930 896 2971 esse.

575 3005 798 3062 Juvenis
823 3023 903 3072 es,
934 3015 1019 3063 sta
1057 3015 1250 3062 contra
1296 3017 1475 3061 motus
1504 3007 1671 3062 animi
1701 3009 2088 3079 perturbatos;

2180 558 2308 611 μενε
2334 542 2462 603 τοὺς
2493 540 2737 608 ἀγαθοὺς
2769 537 3014 608 καρποὺς
3052 537 3243 606 αὐτῆς.

2249 633 2472 696 Τέκνον,
2503 633 2689 701 ἀκμὴν
2719 630 2935 701 ἡλικίας
2965 646 3059 682 σου
3093 628 3436 698 συντήρησον
3466 629 3729 698 ἀσφαλῆ.

2261 726 2322 776 Ὀ
2354 725 2641 794 Σαμουὴλ,
2678 723 2964 790 παιδάριον
2986 721 3081 787 ὢν,
3114 723 3141 773 6
3169 721 3380 790 βλέπων
3404 721 3638 790 ἐκλήθη,
3671 719 3778 774 καὶ

2177 815 2256 886 τῷ
2299 816 2444 885 χορῷ
2490 816 2598 867 τῶν
2631 814 2928 884 προφητῶν
2977 813 3367 882 ἐγκατελέχθη.
3401 813 3604 882 Δανιὴλ
3641 813 3775 874 νέος

2178 907 2274 970 ὢν,
2311 907 2528 976 ἔκρινεν
2582 907 2949 976 ὁμογέροντάς
2981 923 3156 968 τινας,
3192 904 3371 968 δείξας
3404 904 3630 967 ἐξώλεις
3669 905 3776 956 αύ-

2178 1000 2304 1062 τοὺς
2345 999 2437 1051 καὶ
2466 1000 2527 1051 ού
2582 997 2988 1067 πρεσϐυτέρους
3039 993 3196 1052 εἶναι.
3239 1000 3512 1069 Ἱερεμίας
3559 999 3653 1050 διὰ
3708 997 3774 1048 τὸ

2180 1089 2300 1142 νέον
2346 1090 2784 1159 παραιτούμενος
2813 1090 2912 1160 τὴν
2949 1089 3398 1158 ἐγχειριζομένην
3426 1088 3581 1156 αὐτῷ
3610 1089 3776 1157 παρὰ

2180 1178 2275 1230 τοῦ
2309 1179 2444 1231 Θεοῦ
2493 1179 2853 1249 προφητείαν,
2893 1181 3084 1231 ἀκούει
3111 1196 3124 1209 ⁸
3168 1199 3187 1230 ι
3233 1179 3326 1248 Μὴ
3359 1180 3502 1245 λέγε,
3544 1179 3771 1230 Nerine-

2185 1273 2278 1340 ρός
2325 1273 2439 1341 εἰμι
2466 1287 2480 1301 °
2513 1271 2648 1324 διότι
2698 1273 2837 1339 πρὸς
2877 1274 3086 1333 πάντας
3132 1270 3225 1332 οὓς
3271 1273 3366 1323 ἐὰν
3411 1268 3773 1333 ἐξαποστελῶ

2184 1380 2266 1424 σε,
2321 1362 2585 1434 πορεύσῃ.
2644 1381 2662 1414 ι
2713 1363 2970 1430 Σολομῶν
3015 1362 3070 1414 δέ
3123 1363 3151 1414 6
3203 1362 3386 1430 σοφὸς,
3425 1361 3770 1413 δυοκαίδεκα

2181 1452 2467 1520 τυγχάνων
2524 1451 2681 1514 ἐτῶν,
2717 1452 2916 1519 συνῆκε
2945 1451 3002 1502 τὸ
3037 1454 3180 1520 μέγα
3213 1451 3312 1520 τῆς
3343 1449 3625 1517 ἀγνωσίας
3656 1447 3776 1501 τῶν

2183 1546 2462 1611 γυναικῶν
2493 1547 2587 1598 ἐπὶ
2611 1547 2724 1607 τοῖς
2755 1546 3037 1614 σφετέροις
3065 1546 3278 1607 τέκνοις
3299 1545 3537 1614 ζήτημα.
3571 1544 3774 1609 Δαυῗδ,

2183 1639 2210 1689 6
2260 1639 2546 1707 προφήτης
2585 1637 2720 1706 ὁμοῦ
2757 1639 2851 1690 καὶ
2898 1637 3174 1707 βασιλεὺς,
3207 1638 3493 1708 μειράκιον
3544 1635 3777 1706 χρίεται

2186 1730 2290 1781 ὑπὸ
2322 1730 2578 1798 Σαμουὴλ
2612 1731 2689 1792 εἰς
2725 1729 2977 1799 βασιλέα.

2253 2001 2552 2070 Νεώτεροι,
2581 2000 2890 2069 ὑποτάγητε
2924 1997 3345 2069 πρεσϐυτέροις.

2256 2095 2334 2148 Οὐ
2375 2095 2484 2163 γὰρ
2514 2095 2612 2162 τὴν
2645 2095 2861 2162 ἠλικίαν
2899 2095 3037 2159 νέος,
3070 2093 3186 2148 ἀλλ’
3212 2094 3241 2146 6
3274 2092 3374 2163 τὴν
3403 2091 3583 2162 ψυχὴν
3623 2091 3765 2146 ἀτε-

2187 2185 2303 2256 λὴς,
2339 2187 2601 2258 νεώτερος
2630 2187 2870 2255 λέγεται.

2258 2278 2398 2340 Νέος
2437 2279 2517 2341 τίς
2547 2280 2696 2344 ἐστι;
2735 2280 2875 2332 κατά
2907 2279 3015 2330 τῶν
3045 2276 3231 2330 παθῶν
3269 2274 3627 2345 άνδριζέσθω,
3666 2276 3774 2328 καὶ

2187 2369 2442 2422 τοσοῦτον
2471 2371 2798 2424 άπολοιυέτω
2832 2370 2930 2430 τῆς
2963 2369 3234 2438 νεότητος,
3270 2368 3332 2420 τὸ
3370 2366 3446 2436 μὴ
3472 2365 3772 2434 νεωτέρων

2190 2460 2419 2529 παθεῖν,
2463 2462 2599 2518 ἀλλὰ
2663 2462 3036 2534 πρεσϐυτικὴν
3111 2461 3373 2532 φρόνησιν
3419 2461 3479 2512 ἐν
3534 2460 3778 2529 ἀκμαίῳ

2189 2552 2268 2620 τῷ
2321 2556 2533 2625 σώματι
2583 2554 2919 2622 ἐξασκείτω,
2970 2553 3066 2609 καὶ
3115 2555 3278 2624 χάρις
3328 2553 3484 2606 ἔσται
3515 2554 3583 2622 τῇ
3640 2552 3777 2622 νίκῃ

2191 2647 2354 2701 πλέον
2387 2648 2419 2718 ἢ
2454 2649 2512 2701 ἐν
2542 2647 2862 2718 Ὀλυμπίοις
2895 2645 3347 2718 στεφανούμενοι.

2262 2826 2306 2877 Κ
2317 2823 2567 2896 ράτιστον
2595 2824 2685 2878 τὸν
2715 2825 2833 2880 νέον
2866 2824 2962 2879 καὶ
2991 2823 3098 2894 πρὸ
3131 2821 3284 2894 ὥρας
3309 2821 3647 2893 σωφρονεῖν.

2262 3005 2402 3071 Νέος
2441 3002 2526 3074 si;
2559 3007 2878 3077 στῆθικατὰ
2921 3007 3029 3060 τῶν
3074 3005 3303 3062 παθῶν⁸
3356 3005 3498 3077 μετὰ
3523 3006 3628 3077 τῆς
3679 3005 3784 3060 τοῦ

504 3115 628 3156 cum
663 3099 1000 3170 baptismatis
1063 3099 1270 3153 auxilio
1302 3099 1354 3153 in
1417 3099 1513 3154 Dei
1541 3100 1713 3155 aciem
1780 3101 1866 3156 fac
1918 3104 2085 3157 adnu-

2194 3097 2573 3171 βαπτίσματος
2622 3101 2939 3172 συμμαχίας
2972 3100 3051 3164 είς
3081 3100 3216 3154 Θεοῦ
3279 3099 3584 3169 παράταξιν
3617 3101 3785 3169 ἀριθ-

506 3192 734 3248 mereris
753 3210 768 3259 ;
787 3201 972 3247 contra
994 3189 1206 3247 Goliath
1222 3205 1346 3261 gere
1367 3198 1420 3246 te
1441 3191 1685 3261 fortiter;
1710 3207 1930 3248 assume
1945 3195 2085 3250 mille

2200 3190 2443 3261 μήθητι·
2501 3193 2824 3262 ἁρίστευσον
2876 3194 3020 3246 κατὰ
3065 3191 3163 3244 τοῦ
3211 3190 3442 3246 ιὀλιάθ·
3492 3191 3632 3246 λάϐε
3683 3195 3792 3257 τὰς

506 3293 602 3338 aut
627 3284 815 3339 decem
850 3283 1021 3338 millia
1051 3297 1066 3336 :
1102 3283 1170 3338 ad
1223 3283 1368 3338 hunc
1409 3282 1630 3339 modum
1684 3284 1920 3340 fructum
1945 3299 2094 3360 .per-

504 3375 671 3443 cipito
700 3374 959 3444 juventae.

576 3464 876 3519 Plutarchi.
904 3464 1232 3520 Plutarchus
1251 3463 1476 3534 juvenes
1509 3463 1826 3519 hortabatur
1856 3474 1914 3519 ut
1975 3466 2092 3521 haec

506 3555 610 3610 tria
652 3555 850 3610 habere
883 3565 1138 3610 curarent
1182 3571 1197 3609 :
1236 3556 1286 3608 in
1327 3555 1512 3609 animo
1543 3559 1981 3626 temperantiam,
2022 3560 2080 3617 in

507 3646 691 3716 lingua
721 3647 1022 3712 silentium,
1059 3648 1112 3701 in
1146 3661 1244 3702 ore
1275 3653 1457 3700 autem
1487 3646 1781 3716 pudorem.

933 3755 1166 3814 SERMO
1205 3756 1302 3811 xx
1334 3757 1436 3830 [αί.
1477 3756 1663 3829 CLII].

510 3849 585 3906 Da
597 3850 882 3921 juvenibus
908 3852 963 3905 in
995 3850 1426 3971 immaduit-iob“
1454 3849 1783 3919 ignoratione
1813 3851 1974 3906 vitam
2002 3853 2094 3908 de-

1159 3935 1254 3971 aen
1281 3934 1338 3970 ιι
1377 3933 1460 3971 ω.

1159 3933 1460 3989 gemmeus.

487 4016 490 4018 ‘
575 4008 670 4064 ΙΙΙ
709 4010 836 4080 Reg.
865 4025 960 4062 xu.
988 4007 1315 4062 Deliberavit
1343 4008 1584 4063 Roboam
1620 4024 1746 4063 cum
1774 4011 2091 4066 adolescen-

505 4100 634 4155 tulis
657 4101 959 4168 aequalibus
983 4099 1118 4162 suis,
1140 4101 1232 4168 qui
1259 4098 1685 4154 circumstabant
1709 4100 1856 4155 illum
1884 4117 1896 4154 :
1926 4101 2086 4170 Quid,

507 4193 704 4262 inquit,
739 4192 870 4244 mihi
892 4191 1199 4254 consulitis,
1225 4198 1285 4243 ut
1315 4192 1675 4260 respondeam
1712 4193 1839 4248 huic
1865 4195 2085 4262 populo,

501 4295 559 4339 et
597 4285 704 4339 illis
729 4284 821 4353 qui
863 4283 968 4337 hac
1011 4282 1259 4336 oratione
1293 4282 1436 4352 apud
1463 4297 1548 4337 me
1577 4294 1840 4338 utentur:
1874 4284 2081 4356 Jugum

2194 3285 2462 3353 χιλιάδας,
2507 3285 2544 3356 ἢ
2590 3287 2689 3348 τὰς
2738 3285 3028 3356 μυριάδας.
3061 3284 3225 3339 Οὕτω
3259 3284 3355 3354 τῆς
3386 3285 3607 3353 ἡλικίας
3643 3288 3791 3339 ἁπό-

2195 3377 2294 3431 λαυ
2302 3396 2412 3432 σον.

2268 3471 2612 3540 Πλούταρχος
2646 3469 3046 3540 παρεκελεύετο
3078 3471 3192 3532 τοῖς
3229 3470 3393 3532 νέοις,
3429 3471 3558 3539 τρία
3590 3471 3782 3525 ταῦτα

2193 3563 2337 3633 ἔχειν
2371 3577 2384 3591 ·
2433 3561 2525 3615 ἐπὶ
2560 3562 2659 3630 μὲν
2687 3561 2788 3629 τῆς
2841 3561 3067 3631 γνώμης
3107 3563 3426 3632 σωφρονεῖν,
3459 3563 3555 3616 ἐπὶ
3581 3561 3641 3614 δὲ
3672 3565 3782 3636 τῆς

2193 3654 2446 3724 γλώσσης
2478 3653 2664 3720 σιγὴν,
2697 3652 2790 3704 ἐπὶ
2817 3652 2874 3706 δέ
2902 3651 2997 3706 τοῦ
3026 3651 3324 3722 προσώπου
3353 3651 3504 3706 αίδῶ.

2797 3760 3016 3815 ΛΟΓΟΣ
3067 3763 3154 3818 ις’.

2257 3847 2397 3918 Περὶ
2425 3850 2578 3904 νέων
2605 3849 2676 3904 ἐν
2706 3851 3024 3924 ἀφροσύνῃ
3060 3855 3160 3909 καί
3186 3857 3402 3927 ἀγνοίᾳ
3438 3855 3710 3918 ζώντων.

2261 4006 2728 4062 Συνεϐουλεύσατο
2790 4008 3032 4080 Ῥοϐοάμ
3094 4015 3235 4079 μετὰ
3297 4014 3408 4068 τῶν
3461 4015 3786 4087 παιδαρίων

2189 4097 2298 4150 τῶν
2349 4100 2734 4170 ἐκτραφέντων
2774 4101 2896 4172 μετ’
2932 4103 3119 4168 αὑτοῦ,
3175 4104 3284 4156 τῶν
3334 4109 3786 4178 παρεστηκότων

2191 4189 2296 4258 πρὸ
2330 4191 2620 4257 προσώπου
2651 4193 2840 4258 αὐτοῦ,
2869 4195 2994 4247 ἐπεὶ.
3046 4193 3200 4249 εἶπεν
3230 4198 3418 4261 αὐτοῖς
3439 4215 3455 4229 ο
3488 4201 3554 4252 Τί
3609 4201 3786 4268 ὑμεῖς

2192 4280 2590 4348 συμϐουλεύετέ
2645 4300 2774 4354 μοι;
2815 4288 2911 4341 καὶ
2947 4288 3234 4358 ἀποκριθῶ
3285 4291 3362 4360 τῷ
3415 4291 3531 4358 λαῷ
3588 4295 3778 4367 τούτῳ

503 4376 647 4444 quod
683 4386 835 4446 pater
869 4383 997 4430 tuus
1045 4375 1204 4429 nobis
1234 4372 1514 4443 imposuit,
1553 4374 1725 4430 levius
1753 4375 1958 4430 facito?
2000 4377 2081 4431 llli

2194 4371 2283 4424 καὶ
2311 4376 2420 4438 τοῖς
2451 4373 2670 4428 λαλοῦσι
2701 4377 2840 4448 πρός
2865 4393 2956 4448 με’
2984 4379 3260 4448 Κούφισον
3293 4381 3402 4435 ἀπὸ
3431 4383 3526 4435 τοῦ
3555 4385 3780 4451 κ).οιοῦ,

509 4435 884 4534 respondent:
921 4462 1020 4519 His
1044 4463 1248 4530 verbis,
1275 4435 1532 4533 inquiunt
1580 4465 1696 4530 isti,
1739 4467 1942 4536 populo
1998 4483 2084 4523 re-

2194 4459 2246 4517 οὗ
2293 4435 2495 4520 ἔδωκεν
2535 4469 2563 4520 6
2607 4435 2792 4539 natﬁ'p
2819 4435 2925 4523 ⁷σου
2966 4473 3056 4540 ἐφ’
3102 4435 3270 4543 ημᾶς.
3297 4499 3301 4504 ·
3326 4475 3436 4528 Καὶ
3495 4435 3783 4547 transeat;

502 4557 838 4625 spondebis:
867 4555 1112 4612 Parvitas
1144 4571 1262 4610 mea
1301 4555 1489 4610 lumbo
1517 4559 1686 4624 patris
1715 4559 1817 4612 mei
1841 4558 2082 4614 crassior

501 4659 586 4704 ρει
607 4665 624 4715 ;
649 4659 702 4702 et
729 4663 874 4703 nunc
903 4658 1054 4717 pater
1079 4663 1236 4702 meus
1266 4649 1411 4719 gravi
1439 4648 1572 4717 jugo
1589 4649 1741 4703 vobis
1763 4649 2075 4719 imperavit,

393 4745 404 4774 ’·
502 4759 605 4813 ego
639 4745 856 4812 gravius
912 4742 1189 4810 imponam
1232 4741 1420 4808 vobis;
1459 4751 1616 4809 pater
1669 4756 1829 4798 meus
1858 4742 2080 4814 ﬂagellis

381 5542 463 5770 <

453 5771 482 5802 \l

501 4850 600 4892 vos
631 4833 955 4904 castigavit,
980 4846 1081 4904 ego
1109 4846 1207 4888 vos
1237 4831 1618 4901 scorpionibus
1639 4835 1942 4905 castigabo.

568 5097 860 5153 Scholinm.
915 5095 1123 5151 Audaci
1155 5101 1319 5164 atque
1370 5092 1609 5163 superbo
1640 5092 1875 5148 consilio
1920 5092 2080 5162 juve-

496 5207 629 5245 num
671 5189 834 5259 159
873 5189 1000 5244 dum
1055 5195 1212 5258 paret
1241 5185 1513 5251 Roboam,
1567 5186 1842 5255 subjectos
1877 5187 1942 5243 ad
1981 5188 2078 5244 deo

496 5282 792 5337 ﬁciendum
824 5288 878 5334 et
903 5278 1273 5334 rebellandum
1298 5277 1644 5348 praeparavit.

574 5369 738 5425 Prov.
762 5384 898 5424 xxn.
928 5369 1170 5425 Stultitia
1191 5382 1426 5438 appensa
1466 5376 1550 5424 est
1595 5366 1748 5422 cordi
1773 5367 2070 5440 juvenum,

495 5463 644 5532 virga
669 5469 852 5514 autem
879 5468 934 5514 et
959 5461 1242 5530 castigatio
1269 5471 1400 5515 sunt
1431 5461 1622 5528 procul
1657 5459 1726 5515 ab
1755 5461 1857 5516 eis.

570 5551 748 5606 lfccle.
790 5564 849 5606 tt.
886 5548 1147 5605 Juvetttus
1176 5558 1230 5603 ct
1269 5549 1527 5620 iniquitas
1571 5550 1703 5605 nihil
1755 5551 1901 5608 aliud
1946 5561 2074 5610 sunt

489 5662 652 5717 quam
691 5643 921 5698 vanitas.

493 5809 496 5812 .
561 5760 636 5831 (l)
665 5758 712 5814 It
756 5757 916 5828 epist.
950 5755 1015 5812 ad
1051 5755 1450 5825 Maguesianos.

2181 4555 2321 4624 πρὸς
2353 4557 2518 4612 αὐτὸν
2550 4559 2822 4629 λέγοντες·
2852 4562 2990 4618 Τάδε
3019 4564 3276 4635 λαλήσεις
3307 4566 3385 4635 τῷ
3418 4566 3532 4638 λαῷ
3564 4571 3779 4640 τούτῳο

2196 4646 2261 4706 Ἦ
2295 4650 2563 4719 μικρότης
2595 4669 2697 4719 μου
2731 4655 3016 4724 παχυτέρα
3062 4657 3161 4725 τῆς
3189 4657 3393 4724 ὀσφύος
3425 4659 3519 4711 τοῦ
3556 4664 3777 4733 πατρός

2184 4737 2287 4807 μού
2321 4741 2436 4792 ἐστι
2469 4757 2486 4773 ο
2533 4745 2630 4796 καὶ
2660 4744 2752 4796 νῦν
2794 4747 2823 4798 6
2854 4747 3038 4818 πατήρ
3071 4767 3176 4818 μου
3207 4750 3513 4805 ἐπέτασσεν
3546 4752 3684 4822 ὑμῖν
3719 4759 3777 4808 ἐν

2185 4828 2350 4898 κλοιῷ
2379 4831 2559 4900 βαρεῖ,
2601 4833 2758 4902 κάγὼ
2787 4839 3083 4906 προσθήσω
3122 4839 3218 4891 ἐπὶ
3251 4841 3344 4892 τὸν
3371 4841 3550 4894 κλοιὸν
3591 4845 3774 4912 ὑμῶν,

2197 4919 2260 4972 Ὀ
2293 4924 2476 4991 πατήρ
2521 4940 2625 4992 μου
2656 4926 2978 4979 ἐπαίδευσεν
3020 4929 3164 4997 ὑμᾶς
3209 4931 3266 4983 ἐν
3307 4932 3553 5002 μάστιξι,
3611 4935 3778 5003 κάγὼ

2185 5012 2463 5067 παιδεύσω
2493 5015 2636 5083 ὑμᾶς
2670 5019 2727 5069 ἐν
2765 5019 3070 5089 σκορπίοις.

2255 5102 2335 5173 Τῇ
2386 5105 2616 5178 θρασείᾳ
2646 5108 2738 5162 καὶ
2769 5109 3107 5182 ὑπερηφάνῳ
3147 5111 3455 5185 συμϐουλίᾳ
3487 5114 3598 5170 τῶν
3627 5116 3776 5170 νέων

2186 5196 2433 5259 πεισθεὶς
2488 5197 2752 5268 Ῥοϐοάμ,
2801 5201 3104 5270 ἀφη’νιάσαι
3131 5204 3231 5273 τῆς
3269 5202 3554 5273 βασιλείας
3596 5223 3779 5276 παρε-

2179 5289 2417 5342 σκεύασε
2445 5291 2573 5356 τοὺς
2608 5291 2905 5362 ὑπηκόους.

2270 5378 2450 5450 Ἀνοίᾳ
2475 5381 2710 5451 ἐξῆπται
2741 5384 2941 5454 καρδία
2965 5385 3089 5439 νέου
3112 5401 3127 5417 °
3157 5384 3354 5457 ῥάϐδος
3397 5386 3454 5441 δὲ
3499 5390 3598 5444 καὶ
3637 5405 3779 5446 παιν-

2180 5470 2299 5524 δεία
2335 5472 2554 5542 μακρὰν
2585 5473 2680 5526 ἀπ’
2708 5475 2896 5532 αὑτοῦ.

2267 5561 2330 5615 Ἥ
2366 5566 2552 5638 νεότης
2579 5569 2671 5624 καὶ
2699 5568 2732 5640 ἡ
2768 5569 2970 5641 ἀνομία
3005 5571 3326 5643 ματαιότης.
