4056 6410
317 348 453 414 1061

1128 350 1303 412 LOCI
1329 348 1779 416 COMMUNES.
1823 374 1893 388 --
1929 352 2127 415 PARS
2168 353 2255 418 Il.
2296 350 2561 417 SERMO
2594 356 2758 418 XXI.

3448 354 3592 422 1062

380 461 547 513 Φύσει
572 456 919 531 ἀρρώστημα
947 457 1108 514 τοῦτο
1136 460 1300 528 νέοις,
1332 462 1633 534 κουφότητι
1663 462 1889 533 γνώμης
1920 475 1933 526 Α

2070 463 2128 519 S.
2152 463 2370 521 Basilii.
2407 463 2719 522 Juventutis
2749 464 3000 522 naturale
3025 464 3217 521 vilium
3258 465 3365 523 ltoc
3392 477 3500 533 est,
3532 479 3595 522 ut

313 555 461 623 ἔχειν
491 551 911 623 ἧδηονομίζουσι
946 551 1015 605 τά
1048 553 1376 607 ἐλπισθέντα
1398 568 1413 582 ·
1447 554 1578 609 ὅταν
1610 555 1717 626 γάρ
1758 573 1889 610 ποτε

313 645 550 714 ἡσυχίας
580 642 910 719 λάϐωσινηῆ
967 644 1206 715 ἐρημίας
1237 645 1585 715 νυκτερινῆς,
1614 647 1894 702 ἀναπλάτ-

319 751 498 788 ιουσιν
526 735 744 799 ἑαυτοῖς
770 736 1072 804 φαντασίας
1105 736 1538 801 ἀνυποστάτους,
1570 740 1637 809 τῇ
1670 738 1895 809 εὐκολίᾳ

314 826 411 894 τῆς
458 823 689 898 γνώμης
739 826 832 880 ἐπὶ
883 827 1064 881 πάντα
1117 828 1449 897 φερόμενοι,
1506 827 1895 897 ὑποτιθέμενοι

313 917 680 988 περιφανείας
728 916 869 988 βίου,
929 918 1146 988 γάμους
1191 919 1503 992 λαμπροὺς,
1553 920 1892 987 εὐπαιδείαν,

314 1011 492 1079 γῆρας
532 1008 692 1080 βαθὺ,
716 1008 819 1074 τὰς
865 1012 1016 1080 παρὰ
1048 1010 1273 1064 πάντων
1303 1009 1468 1081 τιμάς
1495 1026 1510 1042 ⁸
1561 1007 1683 1064 εἶτα
1719 1011 1895 1081 μηδα-

317 1099 420 1172 μοῦ
472 1103 667 1170 στῆναι
716 1102 834 1166 τοῖς
880 1101 1166 1174 λογισμοῖς
1207 1104 1526 1173 δυνάμενοι,
1568 1103 1898 1174 ὑποφυσῶν-

314 1210 427 1258 ται,
473 1191 571 1246 καὶ
624 1192 732 1246 ὑπὸ
776 1193 876 1262 τῆς
921 1194 1113 1258 ἀνοίας
1162 1194 1463 1250 ἀπολαύειν
1513 1194 1738 1249 δοκοῦσι
1788 1196 1898 1248 τῶν

314 1285 704 1354 ἐλπισθέντων,
730 1284 806 1350 ὡς
835 1287 938 1358 ἤδη
965 1289 1277 1358 παρόντων,
1304 1288 1403 1343 καὶ
1431 1290 1493 1343 ὲν
1541 1287 1674 1342 ποσὶ
1708 1288 1899 1360 κειμέ-

1996 563 2226 624 prapter
2260 555 2543 610 levitatem
2575 556 2788 611 consilii
2846 571 2911 611 ea
2956 571 3017 611 se
3054 558 3259 611 habere
3296 556 3408 627 jam
3440 557 3593 610 arbi-

2004 652 2225 700 trentur
2251 662 2372 716 quae
2430 662 2527 718 spe
2570 647 3008 718 concupierunt;
3061 664 3186 704 cum
3220 650 3364 701 enim
3413 649 3596 713 quies-

1994 746 2164 804 cunt,
2234 748 2328 793 aut
2388 749 2552 794 noctu
2626 740 2723 795 soli
2789 749 2952 805 sunt,
3021 740 3233 809 fingunt
3306 738 3412 793 sibi
3474 739 3594 794 visa

1994 842 2118 897 qua:
2197 842 2468 897 nusquam
2526 837 2673 896 sunt,
2716 828 2972 884 facilitate
3049 828 3250 899 ingenii
3306 843 3406 897 per
3477 842 3597 881 om-

1994 918 2087 973 nia
2132 917 2521 989 cogitationem
2568 920 3057 980 circumferentes.
3118 920 3431 989 splenditlas
3477 907 3594 973 sibi

1997 1010 2124 1064 vita“:
2173 1008 2524 1065 conditiones
2573 1022 2930 1081 proponunt,
2980 1011 3297 1082 magniﬁcus
3332 1010 3589 1079 nuptias,

1997 1102 2297 1158 liberorum
2339 1102 2552 1158 felicem
2599 1106 3058 1174 procreationem,
3094 1112 3433 1159 senectutem
3472 1102 3591 1156 lon-

1998 1211 2164 1267 gam,
2198 1211 2262 1251 ac
2316 1197 2554 1250 honores
2610 1194 2714 1250 sibi
2762 1195 2831 1250 ab
2872 1194 3128 1249 omnibus
3179 1195 3507 1249 deferendos
3564 1210 3580 1248 :

1997 1286 2202 1342 deinde
2233 1302 2360 1340 cum
2416 1300 2686 1356 nusquam
2737 1284 3065 1359 cogitatione
3107 1286 3414 1340 consistere
3462 1300 3591 1355 pos-

316 1393 425 1430 νων
452 1377 665 1441 αὐτοῖς.
1006 1436 1011 1443 ,
1998 1378 2113 1434 sint
2137 1419 2155 1446 ,
2189 1378 2470 1444 inﬂantur,
2498 1392 2563 1432 ac
2608 1391 2718 1447 prae
2747 1375 2974 1432 stultitia
3005 1377 3233 1445 speratis
3266 1390 3325 1431 se
3354 1376 3456 1430 frui
3486 1392 3591 1447 pu-

2001 1480 2143 1538 tant,
2178 1478 2444 1540 tanquam
2479 1468 2844 1539 prasentibus
2863 1476 2921 1523 et
2956 1476 3082 1522 ante
3109 1468 3273 1537 pedes
3304 1468 3520 1538 positis.

386 1554 604 1625 Κοῢφον
635 1558 668 1628 ἠ
717 1558 929 1627 νεότης,
970 1558 1067 1612 καὶ
1095 1559 1384 1631 εὐκίνητον
1432 1560 1571 1631 πρὸς
1599 1561 1668 1616 τὰ
1695 1562 1899 1632 φαῦλα,

2080 1560 2353 1616 Juventus
2388 1568 2473 1616 est
2509 1559 2646 1614 levis
2671 1566 2725 1613 et
2753 1558 2822 1613 ad
2845 1558 3248 1629 improbitatem
3301 1558 3590 1627 proclivis;

316 1647 608 1718 ἐπιθυμίαι
653 1649 1036 1716 δυσκάθεκτοι,
1088 1649 1257 1722 ὀργαὶ⁵
1307 1650 1638 1722 θηριώδεις,
1690 1656 1902 1725 προπέ-

2013 1651 2270 1722 tupiditas
2299 1650 2587 1715 eﬂ'renata,
2616 1650 2925 1706 belluarum
2962 1649 3064 1716 ira,
3112 1650 3410 1714 temeritas.
3445 1652 3592 1718 iniu-

318 1756 480 1806 τειαι,
511 1739 690 1810 ὕϐρις,
715 1741 1114 1813 ὑπερηφανίαι,
1143 1743 1239 1795 καὶ
1267 1743 1590 1812 φυσιώσεις,
1616 1744 1900 1816 σύντροφα

2013 1743 2108 1807 ria,
2165 1742 2421 1812 superbia
2449 1782 2464 1807 ,
2502 1750 2556 1795 et
2592 1742 2931 1803 inﬂationes,
2984 1742 3273 1812 magnique
3339 1743 3590 1812 spiritus,

318 1835 381 1899 τῇ
412 1831 627 1901 νεότητι
654 1830 828 1900 πάθη,
864 1832 1052 1899 φθόνοι
1096 1833 1234 1903 πρὸς
1258 1833 1320 1886 τὸ
1350 1833 1639 1906 ὑπερέχον,
1673 1835 1899 1904 ὑποψίαι
1931 1858 1933 1866 ί

2013 1834 2295 1905 congenita
2345 1842 2402 1887 et
2445 1835 2643 1889 co:Ilita
2678 1835 2818 1888 mala
2867 1836 3178 1903 juventutis
3239 1833 3353 1888 btec
3406 1843 3535 1889 sunt
3577 1852 3591 1888 :

319 1922 454 1991 πρὸς
493 1922 555 1975 τὺ
581 1921 786 1976 οἰκεῖον
810 1938 825 1953 '
862 1923 1074 1996 μυρίων
1106 1924 1299 1978 κακῶν
1334 1925 1503 1995 ἑσμὸς
1539 1927 1898 1991 συνέζευκται

2013 1925 2223 1980 invidia:
2250 1924 2514 1980 adversus
2562 1940 2675 1979 rem
2701 1924 3055 1979 excellentem
3080 1966 3095 1989 ,
3145 1924 3494 1993 suspiciones
3524 1924 3596 1976 de

323 2015 381 2083 τῇ
411 2013 626 2086 νεότητι
651 2029 667 2046 θ
699 2009 775 2068 ῶν
810 2016 1033 2069 πάντων
1064 2015 1281 2086 ἀνάγκη
1311 2017 1611 2072 ἀπολαύειν
1638 2020 1765 2082 τοὺς
1795 2020 1898 2088 ἀρ-

319 2104 603 2172 χομένους,
647 2104 784 2159 διότι
827 2105 896 2160 τά
938 2106 1047 2161 τῶν
1111 2107 1389 2177 ἀρχόντων
1436 2111 1581 2164 κακὰ
1638 2112 1896 2181 συμφορά

320 2196 432 2258 τοῖς
460 2195 789 2267 ἀρχομένοις
824 2197 1059 2265 γίνεται.

2007 2016 2397 2074 familiaribus.
2441 2017 2682 2087 Denique
2718 2016 2986 2070 malorum
3043 2024 3302 2084 tanquam
3360 2030 3591 2069 examen

2007 2106 2282 2178 juventuti
2318 2120 2631 2162 connexum
2659 2114 2714 2159 et
2737 2103 3051 2173 copulatum
3081 2110 3187 2163 est.
3213 2117 3444 2171 quorum
3476 2116 3595 2155 om-

2008 2200 2161 2255 nium
2200 2199 2443 2255 fructum
2470 2212 2702 2255 necesse
2728 2196 2895 2253 estin
2916 2195 3195 2266 subjectos
3230 2193 3541 2250 redundare
3571 2234 3589 2260 ,

321 2303 604 2362 uroptcrea
632 2293 779 2363 quod
810 2296 1233 2366 magistratuum
1265 2295 1395 2351 vitia
1427 2294 1689 2366 eubjectis
1719 2295 2016 2367 importent
2046 2294 2436 2350 calamitatem.

388 2388 721 2456 Εὗρίπιστον
754 2391 788 2459 ἡ
820 2391 1031 2459 νεότης,
1059 2392 1155 2445 καὶ
1186 2391 1386 2461 ῥᾳδίως
1412 2394 1536 2455 ταῖς
1563 2392 1754 2455 κεναῖς
1780 2391 1892 2444 τῶν

322 2479 551 2535 ἐλπίδων
599 2482 1094 2553 μετεωριζόμενον.
1128 2484 1191 2536 El
1220 2482 1275 2536 δὲ
1307 2483 1404 2536 καὶ
1430 2483 1678 2548 ἐξουσίας
1725 2484 1899 2548 ὑπερ-

322 2573 414 2640 οχὴ
455 2574 709 2645 προσείη,
734 2573 963 2643 ,μείζων
1011 2575 1110 2644 μὲν
1142 2577 1174 2646 ἡ
1211 2575 1504 2646 κουφότης,
1538 2576 1620 2638 είς
1669 2574 1895 2645 μείζονα

324 2663 376 2718 δὲ
401 2664 590 2719 ἄνοιαν
622 2664 720 2718 καὶ
750 2665 977 2731 πτῶσιν,
1006 2664 1083 2730 ὡς
1108 2666 1178 2720 τά
1208 2666 1381 2720 πολλὰ
1413 2667 1715 2737 προχωρεῖ.

396 2755 724 2825 Εὐρίπιστος
767 2758 801 2827 ή
842 2758 1055 2828 νεότης,
1091 2758 1187 2812 καὶ
1238 2758 1376 2828 πρὸς
1422 2758 1623 2811 κακίαν
1672 2756 1901 2830 ὁξύρῤο-

324 2864 421 2911 πος
445 2863 461 2881 ο
506 2847 789 2920 διαφόροις
829 2851 938 2920 γὰρ
979 2851 1326 2921 παθημάτων
1366 2850 1759 2921 περικλύζεται
1803 2850 1902 2903 κύ-

2073 2388 2368 2444 Juventute
2391 2388 2529 2443 nihil
2561 2387 2841 2453 mobilius,
2872 2396 2930 2441 et
2967 2385 3127 2441 facile
3152 2401 3287 2440 vana
3320 2400 3417 2456 spe
3436 2384 3599 2439 effer-

2007 2493 2098 2536 tur
2156 2499 2170 2536 :
2230 2483 2375 2552 quod
2433 2483 2477 2539 si
2539 2491 2869 2553 potestatem
2912 2497 3185 2538 summam
3232 2482 3594 2551 adipiscatur.

2007 2584 2120 2630 tum
2154 2575 2347 2631 levitas
2376 2575 2550 2645 major
2587 2574 2685 2642 fit,
2712 2584 2827 2630 tum
2878 2574 2932 2629 in
2974 2574 3238 2644 majorem
3310 2573 3596 2628 stultitiam

2005 2675 2061 2722 et
2085 2666 2303 2720 ruinam
2336 2665 2450 2721 fere
2470 2667 2846 2737 progreditur.

2072 2757 2428 2813 Mobilissima
2457 2757 2738 2825 juventus,
2772 2766 2827 2811 et
2867 2756 2934 2811 ad
2984 2757 3112 2811 vitia
3163 2772 3469 2827 propensa;
3503 2758 3597 2813 di-

1997 2849 2174 2903 versis
2199 2848 2347 2902 enim
2378 2848 2851 2918 perturbationum
2881 2847 3140 2904 ﬂuctibus
3159 2849 3421 2917 agitatur.
3458 2848 3597 2921 Eget

323 2958 479 3012 μασι.
511 2943 694 2997 Δεῖται
724 2942 907 2997 τοίνυν
936 2943 1032 2998 τοῦ
1062 2944 1452 3015 ποδηγοῠντος,
1485 2942 1577 2996 καὶ
1604 2943 1743 3013 πρὸς
1771 2943 1899 3008 τοὺς

2018 2934 2169 3005 gitur
2194 2937 2441 3004 ductore,
2477 2935 2573 3007 qui
2601 2934 2670 2992 ad
2699 2945 2916 3007 portum
2950 2946 3100 2992 recta
3129 2937 3380 2998 deducat.

324 3034 549 3103 λιμένας
579 3032 978 3100 διευθύνοντος.

390 3125 457 3178 Τί
489 3125 690 3196 σαρκὸς
717 3126 1069 3200 εὐπαθούσης
1098 3127 1195 3184 καὶ
1230 3129 1489 3200 νεότητος
1524 3126 1900 3201 περιφερομέ-

325 3235 417 3288 νης
448 3217 747 3289 ἁφρονέστε
756 3236 846 3288 ρον
869 3236 887 3287 ;
1730 3241 1742 3255 ι

393 3403 601 3470 Νεότης
632 3401 927 3473 βράσματα
955 3401 1179 3474 χρόνου.

396 3495 543 3561 Πρὸς
598 3494 772 3566 θυμὸν
826 3495 922 3549 καὶ
980 3497 1117 3565 πρὸς
1176 3492 1476 3562 ιπιθυμίας
1538 3491 1901 3562 εΰεμπτωτος

328 3587 529 3656 μᾶλλόν
580 3588 728 3640 ἐστιν
774 3586 804 3640 ό
853 3588 975 3650 νέος
1000 3603 1015 3620 ο
1063 3587 1144 3640 διδ
1187 3586 1279 3640 καὶ
1324 3585 1571 3648 πλείονος
1600 3586 1773 3637 δεῖται
1803 3586 1904 3653 τῆς

327 3678 600 3751 φυλακῆς.
651 3678 1011 3750 σφοδροτέρου
1056 3695 1152 3733 του
1186 3679 1432 3751 χαλινοῦ,
1489 3676 1904 3747 ἀσφαλεστέρου

324 3770 422 3825 τοῦ
447 3772 655 3842 τοιχίου
689 3770 784 3825 καὶ
813 3768 907 3824 τοῦ
939 3771 1286 3844 κωλύματος.

408 3861 475 3915 Ἦ
519 3860 683 3915 ¹ιιολιὰ
729 3861 851 3915 τότε
881 3861 1029 3916 ἐστὶν
1061 3862 1360 3932 αἰδέσιμος,
1398 3862 1529 3916 ὅταν
1557 3863 1626 3916 τὰ
1653 3860 1756 3932 τῆς
1809 3873 1910 3912 πο·-

326 3954 444 4015 λιᾶς
474 3952 710 4023 πράττῃ·
742 3950 870 4005 ὅταν
902 3951 959 4005 δὲ
987 3953 1288 4026 νεωτερίζῃ
1310 3954 1378 4006 τὰ
1406 3952 1516 4006 τῶν
1550 3951 1711 4019 νέων,
1733 3964 1910 4004 κατα-

328 4040 692 4111 γελαστοτέρα
728 4038 903 4095 ἔσται.

412 4219 538 4274 Ἐπὶ
568 4219 771 4285 παντὸς
794 4219 871 4285 ὡς
908 4220 1004 4275 ἐπὶ
1036 4220 1174 4275 πολὺ
1219 4219 1553 4291 πράγματος
1597 4216 1910 4287 ἐπισφαλὴς

332 4310 635 4381 σύμϐουλος
665 4313 697 4381 ἡ
730 4312 943 4382 νεότης,
973 4311 1069 4365 καὶ
1113 4310 1215 4364 οὐκ
1266 4311 1334 4366 ἄν
1373 4327 1459 4374 τις
1508 4309 1661 4380 εὖροι
1710 4325 1910 4378 κατορ-

331 4398 503 4452 θωθέν
556 4416 609 4454 τι
660 4398 856 4471 ῥᾳδίως
888 4399 997 4455 τῶν
1048 4398 1286 4469 σπονδῆς
1339 4398 1529 4466 ἀξίων,
1579 4392 1625 4467 ᾧ
1684 4397 1761 4468 μὴ
1814 4393 1912 4450 καὶ

2072 3109 2340 3185 Theologi.
2373 3112 2515 3181 Quid
2564 3112 2920 3185 insipientius
2947 3126 3175 3182 corpore
3202 3112 3343 3168 bene
3389 3113 3597 3168 consti-

2006 3212 2122 3259 tuto
2158 3219 2222 3259 ac
2264 3204 2479 3261 deliciis
2511 3206 2810 3262 aﬂluente?
2838 3217 2934 3262 aut
2969 3206 3258 3277 juventute
3279 3215 3503 3263 errante
3535 3215 3595 3262 et

2003 3297 2172 3352 nullis
2193 3299 2360 3353 certis
2389 3301 2613 3356 sedibus
2635 3299 2982 3358 consistente
3004 3298 3029 3354 ?

2074 3387 2343 3445 Iuventus
2368 3392 2631 3461 temporis
2663 3401 2749 3446 est
2780 3402 2968 3447 aestus.

2075 3479 2135 3536 S.
2171 3481 2447 3551 Chrysost.
2498 3482 2582 3537 lra
2611 3493 2664 3539 et
2722 3484 3111 3555 cupiditatibus
3140 3484 3593 3553 faciliusjuvenes

2003 3571 2281 3628 ducuntur
2304 3581 2360 3629 et
2408 3573 2703 3629 vincuntur
2744 3592 2760 3630 :
2800 3590 2965 3646 quare
2994 3576 3253 3645 majorem
3299 3577 3591 3645 quamdam

2004 3663 2312 3718 custodiam
2347 3664 2661 3735 requirnnt,
2691 3681 2756 3722 ac
2789 3667 3006 3723 frenum
3036 3666 3249 3733 durius,
3272 3666 3512 3739 parietes
3533 3678 3591 3725 et

2005 3753 2249 3811 claustra
2281 3755 2507 3811 tutiora.
2563 3783 2574 3793 -

2076 3843 2214 3900 Cani
2248 3854 2364 3900 tum
2397 3846 2615 3902 demum
2641 3848 2985 3907 venerabiles
3006 3848 3276 3906 exsistunt
3313 3865 3436 3906 cum
3467 3867 3592 3920 quas

2008 3934 2161 3989 canis
2191 3934 2357 4005 digna
2411 3946 2565 4002 sunt,
2608 3937 2746 3994 fiunt
2779 3956 2793 3993 :
2823 3954 2947 3994 cum
2980 3948 3161 3995 autem
3190 3941 3508 4011 juveniliter
3530 3957 3593 3997 se

2007 4035 2212 4095 gerunt
2270 4041 2469 4092 senes,
2526 4029 2738 4098 majore
2793 4029 2911 4087 risu
2962 4046 3127 4102 quam
3173 4031 3404 4103 juvenes
3445 4032 3592 4103 digni

2010 4126 2198 4170 erunt.

2085 4205 2245 4279 Greg.
2277 4208 2450 4277 Nysa.
2474 4208 2531 4264 In
2563 4211 2713 4266 omni
2749 4211 2860 4268 fere
2894 4214 3111 4285 negotio
3141 4217 3441 4286 periculosa
3464 4224 3594 4270 sunt

2015 4296 2178 4367 160
2210 4298 2647 4355 adolescentium
2694 4302 2926 4357 consilia
2950 4346 2965 4370 ,
3007 4319 3111 4359 nec
3161 4303 3318 4360 facile
3351 4305 3594 4372 reperias

2011 4387 2104 4455 qui
2141 4387 2345 4456 aliquid
2384 4398 2534 4445 recte
2568 4394 2835 4460 gesserint
2875 4409 3054 4449 rerum
3094 4412 3434 4466 magnarum.
3470 4397 3591 4464 qui-

330 4488 491 4542 πολιὰ
542 4488 983 4561 συμπαρελήφθη
1034 4488 1172 4559 πρὸς
1230 4488 1521 4543 κοινωνίαν
1569 4485 1666 4540 τοῦ
1738 4486 1914 4556 σκέμ-

2023 4478 2126 4532 bus
2154 4479 2279 4532 cani
2333 4495 2440 4533 non
2501 4479 2708 4537 fuerint
2741 4484 2809 4537 ad
2854 4486 3310 4541 consideratiouis
3340 4503 3587 4542 commu-

410 4597 521 4635 τος.

410 4597 470 4633 το
506 4620 521 4635 .

334 4597 613 4742 μαΝεῗςτης
647 4670 772 4743 μετ’
825 4672 1075 4738 ἐξουσίας
1109 4670 1481 4742 αὐτοκρατοῦς
1518 4672 1717 4743 ὁρμαῖς
1769 4669 1908 4723 άκα-

332 4762 545 4827 θέκτοις
571 4766 855 4837 χρωμένη,
879 4765 1053 4822 κακδν
1080 4764 1361 4837 δύσμαχον
1390 4763 1630 4834 γίνεται.

398 4939 608 5011 Νεότης
660 4939 845 4995 πονεῖν
881 4940 981 4996 οὐκ
1010 4940 1296 5010 ἐθέλουσα,
1327 4940 1466 5013 πρὸς
1492 4940 1555 4997 τὸ
1587 4941 1766 5013 γῆρας
1804 4959 1907 4998 κα-

331 5033 628 5102 κοπραγεϊ.

913 5124 1132 5179 ΛΟΓΟΣ
1184 5126 1318 5180 KA'.

701 5214 846 5283 Περὶ
883 5213 1201 5270 δεσποτῶν
1230 5217 1532 5285 χρηστῶν.

405 5301 470 5355 El
494 5301 766 5373 ἐφαύλισα
794 5303 971 5375 κρίμα
999 5304 1333 5374 θεράποντός
1365 5322 1471 5374 μου
1498 5306 1532 5377 ἢ
1564 5304 1905 5376 θεραπαίνης

331 5392 675 5465 κρινομένων
703 5393 883 5449 αὐτῶν
913 5394 1046 5464 παρ’
1083 5395 1242 5464 ἐμοί’
1280 5395 1506 5466 πότερον
1536 5396 1636 5467 οὐχ
1679 5396 1755 5460 ὡς
1790 5398 1905 5467 ἐγὼ

331 5486 604 5556 ἐγενόμην
637 5490 696 5541 ιν
726 5488 947 5559 γαστρὶ,
981 5487 1077 5541 καὶ
1110 5488 1308 5541 ικεῖνοι
1353 5487 1682 5556 γεγόνασιν;
1736 5489 1904 5559 Γεγό-

330 5599 504 5655 ναμεν
543 5584 601 5638 δὲ
631 5585 691 5637 ὲν
719 5587 788 5658 τῇ
818 5586 957 5658 αὐτῇ
988 5584 1186 5656 κοιλίᾳ.
1222 5585 1284 5638 El
1315 5583 1371 5638 δὲ
1414 5582 1512 5638 καὶ
1538 5581 1801 5646 πολλάκις
1832 5579 1907 5637 εῖ-

332 5688 437 5728 πον
465 5673 522 5727 αί
549 5672 879 5745 θεράπαιναι
907 5692 1011 5746 μου
1032 5689 1047 5704 ·
1082 5672 1180 5738 τίς
1210 5674 1277 5729 ἂν
1320 5671 1432 5744 δῴη
1462 5674 1598 5743 ἡμῖν
1626 5671 1735 5726 τῶν
1773 5690 1908 5743 σαρ-

334 5764 447 5817 κῶν
487 5764 652 5820 αύτοῦ
695 5766 1114 5840 ἐμπλησθῆναι;
1145 5765 1268 5820 λίαν
1302 5781 1404 5837 μου
1444 5761 1685 5835 χρηστοῦ
1712 5763 1905 5829 αὐταῖς

333 5858 511 5915 ὄντος.

2014 4567 2232 4623 nionem
2251 4570 2505 4625 adhibiti.

2087 4658 2350 4717 Philonis.
2381 4659 2610 4719 Juvenis
2638 4681 2906 4721 summam
2937 4675 3263 4739 potestatem
3312 4668 3544 4739 adeptus
3566 4711 3584 4736 ,
3642 4702 3645 4705 -

2011 4752 2397 4820 cupiditatibus
2445 4765 2605 4813 utens
2654 4757 2951 4827 effrenatis,
3005 4759 3207 4814 malum
3266 4763 3326 4816 fit
3360 4762 3591 4832 inexpu-

2017 4846 2260 4916 gnabﬂe.

2079 4937 2307 4995 Iuvenis
2347 4940 2583 4997 laborem
2609 4956 2873 5000 recusans
2905 4943 2957 5000 in
2988 4953 3270 5002 senectute
3329 4945 3497 5003 miser
3531 4955 3590 5004 et

2010 5030 2366 5087 calamitosus
2392 5043 2497 5089 est.

2421 5126 2656 5183 SERMO
2698 5125 2820 5182 XXI
2851 5127 2951 5200 [αι.
2978 5125 3186 5201 CXVI].

2351 5218 2430 5273 De
2472 5221 2620 5276 bonis
2651 5229 2701 5273 et
2733 5218 2968 5291 benignis
2992 5220 3239 5275 dominis.

2087 5316 2188 5372 Job
2220 5329 2374 5371 xxxt.
2409 5312 2467 5368 Si
2529 5312 2766 5380 perverti
2797 5312 3064 5381 judicium
3095 5312 3237 5368 servi
3259 5322 3355 5370 aut
3378 5329 3547 5371 servae
3570 5356 3587 5381 ,

2009 5424 2134 5466 cum
2165 5405 2310 5478 apud
2336 5420 2425 5460 me
2442 5404 2734 5474 litigarem,
2754 5417 2824 5458 an
2857 5416 2964 5458 non
3001 5411 3061 5457 ut
3109 5418 3210 5474 ego
3232 5405 3286 5460 in
3312 5414 3464 5462 utero
3486 5408 3586 5472 fui,

2009 5501 2091 5558 sic
2118 5499 2193 5554 illi
2213 5495 2479 5552 fuerunt?
2508 5493 2737 5549 Fuimus
2760 5501 2945 5550 autem
2970 5491 3025 5547 in
3058 5494 3248 5549 eodem
3273 5502 3455 5551 utero.
3485 5495 3589 5552 Sin

2010 5598 2188 5645 autem
2215 5602 2360 5657 saepe
2401 5585 2566 5642 etiam
2598 5584 2854 5639 dixerunt
2877 5583 3089 5640 ancillae
3123 5599 3257 5641 mea:
3294 5585 3467 5653 :Quis
3491 5586 3587 5643 det

2009 5682 2171 5737 nobis
2205 5688 2267 5734 ut
2294 5679 2555 5734 carnibus
2587 5677 2709 5747 ejus
2736 5676 3102 5746 expleantur?
3129 5691 3255 5733 cum
3290 5677 3402 5735 illis
3425 5678 3589 5734 value

2010 5788 2188 5831 essem
2213 5771 2534 5828 commodus
2559 5780 2612 5826 ει
2642 5769 2905 5826 clemens.

3675 4191 3745 4355 \H
3758 4296 3803 4383 ,τ

3710 4388 3757 4493 t/
