4056 6410
557 349 696 414 1θθ3
1790 360 2115 423 ΑΝΤΟΝΙΙ
2154 361 2505 423 ΜΕΙᾸΒΞΑΞ

623 467 908 526 Salomon.
942 471 1040 527 Vir
1078 474 1254 529 bonus
1296 474 1673 545 iumentorum
1701 493 1926 534 suorum
1966 478 2119 534 vitan

2315 481 2533 543 Δίκαιος
2562 481 2824 551 οἰκτείρει
2859 479 3038 550 ψυχὰς
3071 477 3285 551 κτηνῶν
3315 476 3498 552 αὐτοῦ.

554 561 869 617 miseratur.

624 653 702 706 Ne
737 655 957 709 curiose
978 672 1188 725 quaeras
1215 659 1400 712 omnia
1428 675 1550 728 quae
1582 662 1650 716 ab
1686 662 1793 716 illis
1819 664 2081 719 dicuntur
2111 680 2129 721 :

556 757 623 795 ne
652 759 870 798 servum
904 754 1055 800 tuum
1083 749 1271 802 audias
1291 751 1385 803 tibi
1424 752 1562 805 male
1588 764 1921 822 precantem.

3641 363 3748 431 1664

2311 662 2406 723 Εἰς
2438 661 2651 724 πάντας
2679 660 2808 721 τοὺς
2846 658 3046 725 λόγους
3099 659 3193 720 οὓς
3243 658 3544 723 λαλήσουσι,
3590 658 3653 729 μὴ
3677 656 3753 725 θῇς

2235 754 2468 821 καρδίαν
2500 771 2617 816 σου,
2648 754 2798 816 ὅπως
2834 754 2910 823 μὴ
2938 752 3180 824 ἀκούσῃς
3209 752 3301 805 τοῦ
3330 750 3507 805 δούλου
3535 768 3617 804 σου
3651 767 3752 803 κιτ-

2235 847 2521 916 αρωμένου
2555 862 2636 899 σε.

2307 938 2370 990 Εἰ
2394 937 2511 990 ἐστι
2530 954 2612 990 σοι
2639 935 2876 1004 οἰκέτης,
2901 933 3042 988 ἔστω
3071 933 3148 995 ὡς
3172 934 3257 998 σὺ,
3287 932 3561 1001 ὅτιαῖματι
3582 931 3752 999 ἐκτήσω

2234 1031 2419 1085 αὐτόν.
2454 1031 2515 1083 Εἰ
2545 1029 2659 1082 ἐστι
2693 1045 2775 1082 σοι
2808 1029 3048 1094 οἰκέτης,
3085 1028 3367 1095 ἁγάπησον
3406 1025 3558 1078 αὐτόν
3579 1039 3593 1055 ·
3615 1023 3752 1076 καἰεί

2234 1124 2352 1178 ἐστι
2386 1139 2468 1176 σοι
2519 1123 2817 1193 χρήσιμος,
2868 1120 2969 1187 ἄγε
3022 1120 3189 1173 αὐτὸν
3231 1118 3305 1182 ὡς
3340 1116 3581 1183 ἀδελφόν·
3623 1115 3691 1167 ὅτι
3725 1114 3750 1183 ἡ

2233 1219 2380 1290 ψυχή
2417 1236 2508 1271 σου
2538 1216 2819 1289 ὲπιδεήσει
2850 1214 3017 1284 αὐτῷ.

2306 1313 2368 1365 Οἰ
2403 1313 2607 1379 κύριοι,
2642 1309 2710 1362 τὰ
2742 1307 2883 1361 αὐτὰ
2914 1307 3119 1359 ποιεῖτε
3153 1305 3291 1375 πρίις
3318 1302 3526 1398 αὐτοὺς.
3554 1297 3753 1398 ἀνιέντος

2234 1404 2335 1473 τὴν
2372 1400 2626 1472 ἀπειλὴν.
2661 1398 2865 1461 εἰδότες
2910 1398 2991 1452 ὃτι
3021 1396 3117 1451 καὶ
3149 1395 3303 1466 ὑμῶν
3336 1392 3428 1447 καὶ
3474 1388 3631 1444 αὐτῶν
3665 1387 3752 1440 Κύ-

2235 1497 2351 1568 ριός
2382 1497 2496 1547 ἐστι
2531 1495 2590 1546 ὲν
2624 1490 2864 1562 οὐρανῷ.
3114 1578 3127 1587 ⁸
3218 1579 3231 1587 ι
3282 1576 3296 1587 _
3519 1576 3541 1587 _
3589 1574 3609 1587 _
3647 1572 3658 1587 '

2302 1588 2365 1641 Οἰ
2398 1585 2601 1657 κύριοι,
2630 1585 2692 1639 τὸ
2718 1585 2929 1638 δίκαιον
2962 1582 3057 1636 καὶ
3076 1578 3177 1651 τὴν
3217 1576 3436 1647 ἰσότητα
3461 1576 3564 1637 τοίς
3585 1570 3750 1632 δούλοις

2233 1680 2530 1751 παρέχετε,
2579 1677 2782 1740 εἰδότες
2822 1676 2906 1730 δτι
2947 1674 3046 1729 καὶ
3110 1674 3274 1743 ὑμεῖς
3308 1669 3506 1739 Κύριον
3545 1667 3676 1737 ἔχετε
3708 1665 3750 1716 ὲν

2230 1771 2470 1844 οὐρανῷ.

2303 1867 2445 1920 [ἰᾶσι
2478 1864 2580 1935 μὲν
2615 1861 2726 1918 ῐσθι
2756 1858 3017 1933 χρηστὸς,
3042 1858 3093 1912 εἰ
3116 1857 3281 1912 τοῦτο
3311 1854 3521 1918 σθένοςο
3543 1845 3748 1906 πλείωδδ

2227 1961 2341 2018 τοίς
2370 1958 2624 2025 ἔγγιστα.

2297 2049 2409 2103 Καὶ
2453 2046 2762 2115 ἀναγώγοις
2793 2045 2888 2099 καὶ
2930 2044 3163 2113 ἄφροσιν
3198 2041 3443 2134 οἰκέταις
3470 2033 3671 2134 (pedarii;
3685 2030 3747 2134 ξε·

2228 2140 2438 2210 σπότης
2464 2137 2763 2207 ὠφέλιμος.
2808 2135 2922 2199 Τὰς
2952 2135 3063 2204 γὰρ
3094 2132 3488 2194 ἐπαναστάσεις
3511 2123 3657 2182 αὐτοῦ
3683 2121 3747 2175 δε-

2226 2232 2421 2296 διότες,
2452 2229 2682 2292 ἄκοντες
2714 2228 2866 2299 φόϐῳ
2891 2223 3297 2281 νουθετοῦνται.

2299 2325 2364 2380 οι
2383 2323 2668 2394 λεγόμενοι
2687 2321 2947 2377 δεσπόται
2960 2319 3086 2392 δόξῃ
3103 2318 3288 2390 μόνον,
3313 2315 3375 2371 οὐ
3393 2311 3521 2384 πρὸς
3535 2306 3744 2379 ἀλήθειαν

2225 2416 2610 2486 ονομάζονται.

2301 2483 2506 2579 Κύριος
2537 2506 2797 2576 γεννητὸς
2843 2504 2981 2574 πρὸς
3012 2502 3276 2573 ἀλήθειαν
3308 2497 3496 2558 οὐδεὶς,
3534 2490 3624 2546 κᾶν
3660 2483 3742 2579 diti

2227 2575 2486 2673 περάτων
2519 2600 2597 2663 εἰς
2631 2575 2848 2666 πέρατα
2876 2597 2975 2664 τὴν
3018 2595 3324 2666 ἠγεμονίαν
3355 2587 3640 2658 ἀνάψηται·
3671 2575 3741 2648 μό·

2227 2711 2318 2759 νος
2349 2693 2408 2747 δὲ
2442 2693 2470 2747 ὁ
2499 2693 2794 2763 ἅγέννητος
2827 2688 3072 2759 ἁψευδῶς
3100 2685 3349 2759 ἡγεμών.

632 920 797 977 Eccli.
831 941 943 981 χιι.
978 927 1032 981 Si
1061 938 1145 983 est
1183 930 1279 985 tibi
1317 947 1504 995 verna,
1536 944 1794 1001 tanquam
1845 937 1984 991 alter
2013 937 2131 1008 ipse

550 1011 643 1078 sit,
675 1015 802 1083 quia
828 1020 1091 1087 sanguine
1115 1024 1441 1093 comparasti
1461 1041 1606 1079 cum.
1626 1024 1681 1081 Si
1702 1029 1796 1081 tibi
1821 1044 1983 1084 verna
2002 1031 2124 1098 erit,

506 1090 672 1162 .eum
704 1112 915 1181 diligito
950 1132 964 1169 :
1006 1118 1049 1170 si
1095 1124 1177 1171 est
1235 1090 1328 1173 tibi
1363 1121 1512 1174 utilis
1551 1130 1603 1175 et
1638 1123 1803 1191 frugi,
1856 1134 2010 1178 utere
2065 1140 2131 1179 eo

551 1207 809 1268 tanquam
837 1203 1044 1269 fratre;
1077 1210 1200 1277 quia
1242 1210 1421 1265 anima
1454 1219 1545 1264 tua
1575 1212 1719 1267 illius
1737 1230 1898 1281 opera
1927 1215 2127 1283 egebit.

619 1294 822 1351 Coloss.
883 1313 963 1352 ιιι.
1010 1298 1233 1367 Eadem,
1266 1304 1494 1368 domini,
1526 1305 1634 1361 illis
1669 1306 1908 1371 facitote,
1940 1307 2130 1375 positis

549 1389 735 1454 minis,
769 1392 912 1459 quod
962 1392 1285 1463 intelligatis
1319 1397 1608 1453 Dominum
1648 1408 1891 1454 vestrum
1925 1410 1978 1454 et
2010 1401 2129 1455 illo-

547 1496 667 1533 rum
702 1481 754 1532 in
794 1483 933 1537 malo
962 1499 1105 1538 esse.

618 1571 810 1637 Ephes.
840 1590 912 1628 vr.
950 1575 1137 1631 Justos
1166 1589 1221 1633 et
1272 1582 1570 1650 aequabiles
1608 1584 1845 1654 praebete
1873 1600 1992 1650 vos,
2028 1586 2129 1642 do-

548 1665 706 1729 mini,
737 1670 911 1721 servis
934 1669 1154 1734 vestris,
1175 1686 1282 1726 non
1303 1672 1613 1743 ignorantes
1642 1692 1737 1733 vos
1754 1677 1915 1732 etiam
1948 1676 2129 1733 Domi-

546 1770 676 1809 num
698 1755 900 1812 habere
927 1758 979 1811 in
1011 1760 1175 1816 caelo.

622 1843 892 1916 Thaologi.
924 1851 1193 1907 Omnibus
1227 1865 1545 1912 mansuetus
1583 1867 1726 1927 esto,
1766 1858 1814 1914 si
1868 1857 1984 1915 ﬁeri
2022 1873 2125 1929 po-

545 1941 688 2000 test;
725 1937 896 1992 multo
929 1941 1101 2009 magis
1120 1952 1299 1998 autem
1331 1947 1621 2015 proximis.

615 2020 881 2078 Philonis.
915 2027 1101 2082 Servis
1139 2031 1282 2085 male
1312 2031 1578 2089 institutis
1639 2045 1696 2090 et
1727 2035 2117 2106 insipientibus

544 2111 701 2167 utilis
720 2123 803 2168 est
834 2115 1090 2171 dominus
1109 2118 1499 2177 formidolosus
1519 2138 1535 2189 ;
1559 2139 1683 2179 nam
1710 2125 1857 2181 illius
1876 2128 2127 2197 indigna-

545 2206 722 2261 tiones
745 2206 874 2261 dum
904 2218 1179 2275 metuunt,
1209 2213 1295 2267 vel
1332 2214 1484 2269 inviti
1515 2226 1659 2271 metu
1695 2219 2066 2289 corriguntur.

613 2294 718 2362 Qui
755 2298 1014 2355 dicuntur
1048 2303 1256 2359 domini
1302 2307 1561 2377 opinione
1589 2317 1796 2365 tantum
1820 2350 1837 2377 ,
1864 2327 1973 2368 non
2000 2312 2127 2383 jure

545 2388 683 2444 tales
706 2392 1087 2449 nowinantur.

614 2479 807 2537 Nullus
840 2496 903 2537 ex
938 2487 1246 2553 procreatis
1292 2504 1420 2547 vere
1462 2492 1720 2550 dominus
1746 2503 1853 2557 est.
1904 2496 2122 2553 etiamsi

461 2571 465 2574 ’
543 2569 832 2640 imperium
888 2591 1048 2632 suum
1112 2578 1166 2632 in
1206 2595 1399 2636 omnes
1466 2591 1643 2640 terras
1717 2587 1938 2643 ultimas
1991 2603 2123 2657 pro—

544 2663 798 2726 tenderit,
825 2667 918 2719 sed
948 2668 1098 2724 solus
1125 2680 1209 2726 est
1232 2688 1337 2726 non
1359 2672 1498 2729 falso
1529 2676 1634 2730 dux
1664 2686 1719 2731 et
1744 2676 2007 2737 Dominus
2030 2681 2125 2751 qui

542 2766 833 2826 generatus
870 2775 978 2813 non
1007 2769 1109 2815 est.

920 2852 1156 2909 SERMO
1184 2854 1326 2911 xxu
1363 2854 1464 2930 [αι.
1499 2858 1742 2933 cxvn.]

2821 2869 3037 2925 ΛΟΓΟΣ
3078 2868 3212 2922 ΚΒ’.

1002 2946 1075 3000 De
1112 2949 1363 3014 improbis
1392 2952 1642 3007 dominis.
2080 2970 2093 2983 ‘

2595 2963 2735 3031 Περί
2763 2960 3081 3016 δεσποτῶν
3095 2956 3438 3056 μοχθηξῶθςο
3472 3044 3484 3056 _
3632 3030 3726 3056 ,με

611 3033 787 3088 Exod.
859 3053 975 3092 xxi.
1031 3037 1087 3092 Si
1138 3041 1259 3109 quis
1310 3044 1647 3111 percusserit
1704 3047 1925 3102 oculum
1975 3049 2119 3105 servi

2298 3055 2427 3111 Ἐάν
2453 3072 2538 3117 τις
2575 3055 2794 3125 πατάξῃ
2822 3053 2915 3106 τὸν
2943 3050 3225 3120 ὀφθαλμὸν
3254 3033 3742 3145 τοῦιοίκέτουιαέθτῗίἷι

541 3126 626 3179 sui
651 3136 744 3179 aut
764 3142 957 3187 servae.
978 3138 1141 3199 atque
1155 3133 1317 3187 etiam
1335 3138 1710 3202 exczecaverit,
1729 3154 1829 3211 pro
1853 3142 2014 3197 oculo
2031 3157 2119 3199 eos

2230 3148 2264 3219 ἢ
2311 3147 2405 3201 τὸν
2458 3144 2734 3215 ὀφθαλμὸν
2776 3143 2878 3212 τῆς
2926 3139 3269 3211 θεραπαίνης
3308 3133 3490 3200 αὐτοῦ,
3517 3128 3741 3221 κιιιὶᾼὶκτυ⁸

541 3217 910 3286 manumittet;
933 3221 1015 3274 sin
1040 3234 1220 3277 autem
1249 3224 1467 3285 dentem
1497 3232 1805 3286 excusserit
1824 3234 1910 3288 vel
1955 3248 2116 3291 servo

2224 3217 2436 3309 ᾦλὼσῃ,
2499 3236 2820 3303 ἐλευθέρους
2873 3229 3228 3297 ὲξαποστελεῖ
3275 3226 3471 3324 αὐτοὺς
3506 3218 3629 3324 ’ἀντὶ

541 3306 626 3360 vel
663 3323 857 3378 servae,
891 3326 993 3383 pro
1028 3313 1286 3374 dentibus
1306 3334 1399 3375 eos
1429 3320 1677 3378 libertate
1697 3323 1943 3381 donabit.

2222 3305 2504 3400 ὁφθαήιοῡ
2553 3327 2757 3382 αὐτῶν.
2805 3325 2931 3378 Ἐὰν
2979 3322 3037 3376 δι
3094 3323 3191 3377 τδν
3227 3312 3535 3416 cadmei»?
3561 3305 3742 3416 enim

2222 3394 2415 3488 uincti,
2437 3419 2469 3490 ἦ
2500 3419 2592 3472 τὸν
2620 3418 2808 3471 ὀδόντα
2829 3418 2934 3484 τῆς
2957 3414 3342 3486 θεραπαινίδος
3364 3405 3528 3509 cura?

2222 3513 2543 3583 ἐλευθέρους
2596 3508 2951 3574 ὲξαποστελεϊ
3007 3506 3209 3569 αὐτοὺς
3267 3502 3388 3559 ἀντὶ
3439 3496 3528 3552 τοῦ
3577 3490 3744 3546 ὁδόντθν

2219 3606 2424 3662 αὐτῶν.

2304 3700 2434 3753 Ἐάν
2460 3715 2543 3762 τις
2570 3694 2789 3767 πατάξῃ
2820 3694 2913 3747 τὸν
2936 3691 3106 3746 παῖδα
3131 3690 3299 3745 αὑτοῦ
3331 3689 3364 3760 ἥ
3385 3686 3479 3757 τὴν
3504 3676 3744 3779 παιδίσκην

2223 3791 2390 3847 αὐτοῦ
2433 3791 2491 3844 ὲν
2549 3788 2750 3858 ῥάϐδῳ,
2801 3786 2896 3840 καὶ
2937 3782 3193 3855 ἀποθάνῃ
3235 3781 3340 3836 ὑπὸ
3363 3780 3461 3839 τὰς
3487 3774 3650 3845 χεῖρας
3672 3774 3745 3816 αο-

2222 3881 2342 3946 τοῦ,
2380 3881 2537 3950 δίκην
2568 3878 2989 3947 ὲκδικηθήσεται
3009 3889 3025 3905 ο
3074 3873 3174 3927 ἐὰν
3205 3874 3261 3926 δὲ
3293 3866 3548 3970 Silam-titan.

2227 3973 2359 4044 μίαν
2384 3971 2416 4043 ἢ
2446 3969 2561 4035 δύο,
2586 3970 2685 4024 οὐκ
2719 3966 3162 4038 ὲκδικηθήσεται.
3194 3963 3267 4017 Τὸ
3292 3962 3397 4033 γὰρ
3422 3961 3655 4029 ἀργύριον
3670 3962 3745 3999 αυ-

2222 4064 2316 4121 τοῦ
2352 4066 2520 4119 ἐστιν.
2784 4102 2793 4108 -

2303 4159 2367 4212 Ὀ
2404 4158 2479 4228 μὴ
2507 4153 3057 4226 συμπεριφερόμενος
3104 4151 3185 4223 τῷ
3214 4142 3405 4206 ἑαυτοῦ
3434 4144 3558 4215 οἴκῳ
3584 4136 3743 4203 κληρυ·

2224 4250 2451 4320 νομὴσει
2480 4248 2737 4317 ἀνέμους.

2295 4342 2387 4413 Μὴ
2421 4342 2532 4396 τσθι
2553 4341 2626 4403 ὡς
2651 4339 2789 4394 λέων
2825 4341 2882 4393 ὲν
2906 4340 2975 4408 τῇ
3000 4335 3149 4405 οἰκίᾳ
3180 4351 3297 4395 σου,
3324 4329 3416 4384 καὶ
3440 4326 3744 4395 φαντασιοκο-

2226 4435 2347 4488 πῶν
2377 4435 2435 4488 ὲν
2463 4434 2576 4497 τοῖς
2602 4433 2840 4495 οἰκέταις
2868 4447 2986 4497 σου,
3018 4428 3114 4483 καὶ
3137 4425 3409 4481 ταπεινῶν
3431 4419 3545 4478 τοὺς
3570 4414 3743 4475 ὑποχει-

2146 4517 2199 4579 Ι.)
2228 4527 2375 4597 ρίους
2399 4542 2517 4579 σου.

2308 4586 2436 4674 Ἶέὰν
2465 4618 2724 4691 κακώσῃς
2748 4619 2839 4673 τὸν
2866 4617 3032 4673 παῖδά
3059 4633 3175 4684 σου,
3202 4612 3298 4669 καὶ
3327 4608 3535 4677 ἀπάρας
3553 4586 3738 4660 ἀποδρᾷι

2223 4712 2285 4766 ὲν
2313 4711 2444 4783 ποίᾳ
2471 4712 2576 4780 ὁδῷ
2606 4710 2865 4782 ζητήσεις
2894 4710 3091 4773 αὐτόν;

2309 4769 2561 4867 Ἀδίκους
2580 4769 2903 4874 edixere]
2950 4769 3494 4885 καταδουλωσάμενος
3533 4785 3559 4837 δ

2223 4893 2406 4963 ἀφῆκέ
2444 4910 2527 4946 σοι
2556 4873 2762 4960 δοῦλον,
2786 4893 2875 4955 δὶς
2907 4891 3054 4958 αὐτῷ
3075 4890 3173 4958 τὴν
3200 4881 3524 4953 ἐλευθερίωδ
3551 4873 3740 4970 κὰδε

2225 4962 2452 5054 κουφοτὲ
2465 5003 2565 5056 ραν
2616 4987 2863 5055 ποιήσεις
2898 4985 2997 5053 τὴν
3029 4983 3283 5052 βάσανον,
3312 4978 3404 5031 καὶ
3452 4977 3642 5029 σεαυτῆ0
3669 4962 3739 5019 την

2224 5077 2489 5150 ἀληθινὴν
2523 5077 2842 5147 ἐλευθερίαν
2873 5074 3342 5145 παρασκευάσεις.

2824 5167 3047 5222 ΛΟΓΟΣ
3083 5166 3210 5220 Kl".

2651 5260 2792 5331 Περὶ
2822 5262 3060 5316 δούλων
3086 5257 3385 5328 χρηστῶν.

2294 5355 2476 5423 Θυμον
2509 5352 2701 5424 ἀνδρὸς
2737 5353 2965 5421 πραΰνει
2989 5353 3242 5421 θεράπων
3264 5348 3536 5419 φρόνιμος·

2298 5446 2529 5516 Οἰκέτης
2560 5446 2781 5515 νοήμων
2812 5447 3078 5515 κρατήσει
3112 5440 3383 5498 δεσποτῶν
3406 5432 3648 5505 ἀφρόνων·

615 3666 672 3724 Si
698 3671 821 3740 quis
843 3687 1060 3730 servum
1100 3689 1194 3734 aut
1220 3695 1436 3736 servam
1467 3700 1623 3740 suam
1658 3686 1806 3757 virga
1840 3704 2125 3757 percusse-

542 3758 639 3823 rit,
664 3769 721 3815 et
765 3764 868 3816 sub
896 3766 1144 3823 manibus
1176 3769 1325 3826 illius
1360 3776 1660 3841 moriatur,
1720 3779 1890 3832 multa
1926 3779 2121 3837 multa-

543 3847 716 3904 bitur.
774 3851 932 3918 Quod
969 3857 1012 3910 si
1060 3861 1433 3927 supervixerit
1467 3882 1635 3919 unum
1671 3877 1764 3922 aut
1806 3869 1944 3926 duos
1976 3871 2116 3941 dies,

543 3955 653 3994 non
687 3942 1048 4014 multabitur;
1086 3952 1315 4018 pecunia
1343 3955 1487 4008 enim
1526 3957 1671 4012 illius
1698 3967 1801 4013 est.

640 4126 795 4196 161
831 4126 1105 4183 Salomon.
1141 4147 1201 4186 ιι.
1231 4132 1333 4198 Qui
1384 4151 1490 4190 non
1532 4137 1822 4209 diligenter
1865 4142 1980 4198 obit
2037 4145 2119 4201 fa-

544 4218 751 4272 miliam
786 4233 965 4285 suam,
999 4236 1098 4289 pro
1129 4222 1441 4281 haereditate
1470 4241 1660 4288 ventos
1691 4233 2013 4301 possidebit.

616 4309 787 4366 Eccli.
817 4327 891 4367 tv.
922 4311 1000 4366 Ne
1056 4314 1133 4370 sis
1167 4325 1223 4371 ut
1280 4317 1364 4374 leo
1395 4320 1447 4374 in
1478 4322 1641 4379 domo
1679 4334 1794 4393 tua,
1850 4342 1951 4383 nec
2005 4345 2121 4383 mo-

543 4418 704 4462 rosus
734 4404 785 4459 in
812 4419 1000 4462 servos
1030 4414 1175 4476 tuos,
1199 4420 1254 4466 et
1282 4411 1556 4484 subjectos
1588 4416 1683 4473 tibi
1714 4432 1783 4474 ne
1803 4418 2116 4490 deprimito.

614 4587 673 4645 S.
703 4589 918 4646 Basilii.
957 4594 1014 4648 Si
1047 4595 1187 4651 male
1214 4611 1432 4677 servum
1472 4609 1625 4656 tuum
1653 4604 1929 4679 tractaris,
1966 4606 2121 4676 isque

542 4691 597 4738 te
630 4685 819 4739 relicto
849 4687 1144 4755 aufugerit,
1175 4705 1281 4759 qua
1310 4692 1396 4745 via
1426 4708 1642 4761 quieres
1665 4695 1818 4750 illum
1849 4698 1874 4752 ’ἰ

613 4776 786 4843 Quem
821 4788 978 4848 pater
1045 4780 1234 4850 inique
1294 4788 1350 4837 in
1397 4787 1720 4843 servitutem
1774 4789 2002 4861 redegit,
2056 4805 2122 4847 ac

543 4880 760 4920 servum
809 4867 906 4921 tibi
938 4868 1183 4938 reliquit,
1218 4871 1360 4926 dona
1388 4890 1513 4928 eum
1547 4876 1817 4944 libertate,
1848 4888 1904 4933 et
1929 4880 2121 4947 illizle-

542 4958 747 5012 viorem
783 4958 979 5017 feceris
1019 4977 1264 5034 pinnam,
1295 4978 1347 5020 et
1383 4968 1475 5023 tibi
1513 4985 1694 5025 veram
1722 4974 2001 5041 paraveris
2054 4975 2122 5031 ll-

543 5051 829 5107 bet-tatem.

905 5141 1138 5199 διεπιΜο
1154 5143 1323 5203 xxm
1354 5147 1452 5222 [αί.
1480 5151 1741 5228 CXVIII].

1111 5238 1183 5290 De
1215 5236 1353 5308 frugi
1376 5243 1557 5298 servis.

624 5324 897 5381 Salomon.
918 5326 1054 5382 Iram
1087 5330 1188 5384 viri
1218 5333 1456 5399 prudens
1489 5351 1680 5393 servus
1708 5337 1942 5406 mitigat.

621 5414 824 5469 Servus
855 5417 1213 5487 intelligentia
1237 5426 1492 5492 praeditus
1536 5428 1774 5486 dominis
1818 5430 2121 5501 insipienti-

549 5503 653 5560 bus
686 5504 1073 5563 dominabitur.

622 5599 775 5653 Servi
806 5599 1064 5667 sapientis
1097 5618 1367 5675 prospera:
1388 5619 1549 5665 erunt
1575 5613 1819 5671 actiones
1865 5631 1920 5672 et
1963 5617 2123 5676 insti-

555 5696 669 5742 tuta
694 5690 812 5758 ejus
837 5703 1002 5747 recta.

626 5780 855 5852 Sapiens
888 5784 1165 5856 jucundus
1216 5785 1439 5847 domino
1489 5807 1702 5853 servus.

2298 5617 2523 5671 Οἰκέτου
2574 5619 2739 5688 σοφοῦ
2790 5620 2961 5674 εὔοδοι
2994 5620 3203 5675 ἔσονται
3254 5614 3492 5690 πράξεις,
3518 5603 3601 5661 καὶ
3638 5603 3734 5650 κατ’

2230 5711 2655 5779 ευθυνθήσονται
2689 5715 2742 5767 αἰ
2777 5714 2884 5767 ὁδοὶ
2910 5714 3097 5767 αὐτοῦ.

2297 5802 2533 5873 Οἰκέτης
2559 5805 2722 5874 σοφὸς
2748 5806 2877 5875 ήδὺς
2904 5807 3159 5879 δεσπότῃ.
