4056 6406
348 375 492 440 1065

402 489 630 545 οἰκέται
664 487 818 557 σοφοὶ
850 485 1314 549 ίδίουςδεσπότας
1342 484 1703 539 δανείσουσιν.

409 578 623 643 Γλυκὺς
661 582 688 633 ὁ
716 578 883 643 ὕπνος
912 576 1006 633 τοῦ
1037 577 1247 642 δούλου,
1277 576 1392 629 εἴτε
1435 575 1640 644 ὀλίγον,
1676 573 1785 627 εὖτε
1819 572 1915 626 καὶ¹

333 670 473 724 πολὺ
504 671 758 740 φάγεται.

406 762 499 834 Μὴ
533 759 792 835 κακώσῃς
814 760 1036 831 οἰκέτην
1061 758 1432 831 ἐργαζόμενον
1462 758 1521 812 ὲν
1553 756 1805 828 ἀληθείᾳ.

405 939 638 1008 Οίκέτην
694 938 916 992 συνετὸν
974 934 1244 1007 ἀγαπάτω
1277 951 1373 991 σου
1420 933 1456 1005 ή
1491 933 1663 1005 ψυχὴ,
1705 931 1801 987 καὶ
1838 931 1915 1003 μὴ

335 1032 614 1106 στερήσῃς
639 1029 804 1085 αὑτὸν
832 1030 1168 1099 ἐλευθερίας.

406 1120 608 1191 Οἰκέτῃ
635 1117 844 1191 συνετῷ
876 1118 1152 1188 ἐλεύθεροι
1182 1117 1648 1188 ὑπουργήσουσιν.

409 1213 473 1266 Oi
490 1212 693 1278 δοῦλοι,
710 1213 960 1282 ἀγαπᾶτε
981 1212 1108 1275 τοὺς
1130 1210 1274 1265 κατά
1293 1209 1469 1282 σάρκα
1492 1209 1716 1274 κυρίους
1733 1208 1766 1262 ὑ
1775 1207 1914 1277 μῶν,

339 1304 479 1373 μετά
510 1302 677 1373 φόϐου
707 1303 801 1358 καὶ
829 1303 1056 1374 τρόμου,
1083 1303 1142 1358 ὲν
1167 1302 1436 1373 ἁπλότητι
1474 1300 1705 1373 καρδίας
1733 1300 1763 1353 ὑ
1773 1300 1912 1370 μῶν,

335 1394 667 1465 φοϐούμενοι
722 1395 814 1449 τὸν
860 1396 1087 1465 Κύριον,
1120 1396 1216 1450 καὶ
1262 1394 1338 1465 μὴ
1381 1393 1504 1447 κατ’
1544 1393 1917 1464 ὀφθαλμοδου-

336 1486 515 1553 λείαν,
544 1487 619 1550 ὡς
651 1486 1124 1558 ἀνθρωπάρεσκοι,
1154 1486 1271 1541 ἀλλῖ
1299 1487 1377 1549 ὡς
1418 1486 1597 1540 δοῦλοι
1644 1484 1910 1557 Χριστοῦ,

338 1579 620 1645 ποιοῦντες
655 1581 717 1635 τὸ
743 1581 956 1652 θέλημα
1001 1580 1095 1637 τοῦ
1129 1580 1267 1637 Θεοῦ
1302 1582 1368 1635 ἐκ
1402 1580 1606 1652 ψυχῆς,
1655 1580 1778 1650 μετ’
1819 1581 1915 1633 εὑ-

337 1672 510 1740 νοίας,
564 1671 909 1736 δουλεύοντες
953 1672 1034 1744 τῷ
1077 1672 1270 1745 Κυρίῳ
1316 1672 1412 1728 καὶ
1448 1672 1550 1726 οὐκ
1578 1670 1913 1743 ἀνθρώποις,
1950 1698 1957 1704 -

336 1763 542 1827 εἰδότες
597 1763 683 1818 ὅτι
734 1762 965 1828 ἕκαστος
1022 1763 1053 1818 ὃ
1094 1765 1329 1833 ποιήσει
1375 1764 1602 1833 ἀγαθὸν,
1635 1762 1794 1818 τοῦτο
1822 1781 1917 1818 κο-

341 1858 552 1927 μιεῖται
576 1857 727 1929 παρὰ
756 1857 988 1929 Κυρίου,
1011 1856 1123 1914 slve
1148 1858 1356 1929 δοῦλος,
1389 1858 1501 1915 εῐτε
1532 1857 1843 1928 ἐλεύθερος.

283 2102 287 2105 ν
415 2036 479 2092 Οί
503 2036 698 2102 δοῦλοι,
725 2038 1032 2095 ὑπακούετε
1056 2041 1167 2106 τοῖς
1192 2039 1334 2095 κατά
1365 2039 1549 2110 σάρκα
1573 2039 1803 2111 κυρίοις,
1842 2039 1919 2109 μὴ

342 2130 404 2184 ὲν
454 2131 997 2201 ὀφθαλςεοδουλείαις,
1054 2132 1132 2197 ὡς
1185 2131 1664 2206 ἀνθρωπάρεσκοι,
1713 2131 1831 2186 ἀλλ’
1861 2134 1919 2185 ὲν

339 2220 611 2292 ἁπλότητι
635 2222 882 2293 καρδίας,
912 2222 1238 2295 φοϐούμενοι
1266 2225 1358 2279 τὸν
1383 2222 1588 2295 Κύριον
1607 2239 1624 2258 ο
1656 2224 1753 2278 καὶ
1774 2223 1803 2278 ὅ
1826 2224 1920 2277 ὲάν

339 2314 554 2384 ποιῆτε,
587 2317 651 2369 ἐκ
676 2314 857 2388 ψυχῆς
878 2315 1204 2386 ἐργάζεσθε,
1240 2315 1319 2379 ὡς
1353 2314 1431 2386 τῷ
1462 2314 1655 2387 Κυρίῳ
1684 2315 1780 2369 καὶ
1819 2314 1920 2366 οὐκ

338 2409 673 2480 ἀνθρώποις,
707 2411 913 2474 ειδότες
958 2409 1042 2465 ὅτι
1087 2410 1243 2482 παρά
1284 2411 1492 2483 Κυρίου
1532 2410 1772 2483 λήψεσθε
1819 2410 1920 2481 τὴν

338 2501 611 2557 ἀντίδοσιν
640 2502 742 2573 τῆς
770 2501 1139 2576 κληρονομίας
1169 2502 1348 2574 ὑμῶν.

409 2683 478 2736 Oi
535 2680 768 2747 οἰκέται,
830 2680 1260 2752 ὑποτασσόμενοι
1308 2682 1368 2736 ὲν
1420 2682 1583 2737 παντὶ
1625 2679 1777 2750 φόϐῳ
1807 2681 1921 2744 τοῖς

334 2772 656 2838 δεσπόταις,
706 2774 766 2826 ού
820 2773 982 2844 μόνον
1021 2774 1136 2837 τοῖς
1183 2772 1410 2841 ἀγαθοῖς
1454 2773 1548 2826 καὶ
1592 2771 1916 2836 ἐπιεικέσιν,

337 2865 479 2923 ἀλλὰ
509 2866 603 2919 καὶ
635 2868 748 2928 τοῖς
773 2866 1026 2930 σκολιοῖς.
1060 2865 1231 2920 Τοῦτο
1271 2866 1380 2936 γὰρ
1411 2866 1571 2936 χάρις
1594 2865 1746 2936 παρά
1773 2863 1916 2935 Θεῷ,

336 2958 393 3009 εί
445 2957 532 3011 διὰ
565 2956 873 3029 συνείδησιν
919 2958 1136 3029 ἀγαθὴν
1190 2956 1456 3030 ὑποφέρει
1498 2975 1583 3020 τις
1609 2955 1787 3019 λύπας
1809 2955 1919 3011 πά-

341 3066 491 3119 σχων
546 3048 767 3112 ἀδίκως.
814 3050 974 3103 Ποῖον
1022 3050 1132 3121 γὰρ
1176 3049 1350 3119 κλέος,
1400 3051 1451 3104 oi
1508 3049 1920 3120 ἁμαρτάνοντες

339 3145 439 3196 καὶ
478 3140 935 3233 κολαφιζόμενοι,
996 3141 1333 3213 ὑπομένετε;
1416 3143 1561 3215 Ἀλλ’
1606 3143 1655 3195 oi
1715 3141 1987 3233 ἀγαθοοο

338 3232 624 3297 ποιοῦντες
665 3233 761 3287 καὶ
822 3234 1145 3303 πάσχοντες,
1197 3234 1524 3307 ὑπομένετε,
1551 3233 1711 3289 τοῦτο
1751 3233 1914 3305 χάρις

337 3325 497 3394 παρὰ
521 3324 660 3396 Θεῷ.

412 3418 477 3472 Oi
505 3419 683 3473 δοῦλοι
719 3420 794 3489 μὴ
822 3420 1111 3491 ὲράτωσαν
1137 3419 1246 3475 ἀπὸ
1269 3417 1365 3472 τοῦ
1388 3417 1571 3473 κοινοῦ
1601 3412 1920 3487 ἐλευθεροῦ-

339 3510 470 3565 σθαι
489 3525 507 3544 ο
542 3511 659 3567 ἀλλ’
688 3513 768 3576 είς
799 3512 960 3578 δόξαν
991 3513 1126 3567 Θεοῦ
1155 3511 1318 3566 πλέον
1363 3509 1788 3573 δουλευέτωσαν,
1831 3508 1921 3565 ἵνα

339 3604 657 3675 κρείττονος
690 3603 1005 3675 ἐλευθερίας
1032 3604 1142 3659 ἀπὸ
1171 3590 1307 3658 Θεοῦ
1339 3601 1598 3674 τύχωσιν.

452 3697 517 3750 Οί
543 3694 599 3749 δὲ
624 3696 858 3762 οἰκέται,
890 3697 985 3750 καὶ¹
1016 3695 1251 3767 μάλιστα
1275 3696 1324 3748 oi
1352 3693 1513 3761 Θεοῦ,

451 3790 547 3862 Μὴ
576 3790 931 3860 φευγέτωσαν
960 3792 1166 3846 εὐνοεῖν
1196 3791 1309 3855 τοῖς
1343 3788 1656 3854 δεσπόταις.

471 3972 772 4045 Ελεύθερον
801 3975 893 4028 καὶ
917 3974 1105 4028 δοῦλον
1137 3974 1165 4027 ὁ
1186 3972 1391 4044 τρόπος
1417 3971 1646 4044 γράφει.

454 4067 566 4121 Καὶ
589 4065 826 4140 Χριστὸς
849 4064 1005 4136 ὤφθη
1027 4064 1236 4135 δοῦλος,
1264 4064 1384 4122 ἀλλ’
1408 4065 1727 4138 ἠλευθέρου.

423 4342 660 4397 Γλυκεῖα
713 4340 933 4404 δούλων,
966 4342 1158 4404 ἀκοαῖς
1227 4342 1573 4398 δεσποτικῶν
1629 4340 1930 4416 θαυμάτων

345 4433 629 4504 διήγησις.

1134 373 1306 435 LOCI
1345 317 1789 433 COMMDNES.
1836 386 1911 405 -"
1953 365 2150 426 PARS
2191 366 2278 426 II.
2320 362 2578 425 SERMO
2620 360 2830 422 XXIV.

1947 488 1991 543 Α
2091 479 2249 534 Servi
2275 479 2554 549 sapientes
2580 472 2834 530 dominos
2855 485 2988 528 suos
3016 468 3179 525 utiles
3206 465 3315 523 sibi
3344 464 3597 521 reddunt.

3469 348 3603 415 1066

2088 568 2272 625 Dulcis
2293 583 2522 625 somnus
2553 565 2695 622 servi
2718 571 2820 632 est,
2846 563 2963 619 sive
2988 576 3204 633 parum,
3232 558 3350 613 sive
3371 555 3600 610 multum

2016 662 2126 717 cibi
2151 662 2472 732 sumpserit.

2088 753 2256 810 Ecclt‘.
2291 769 2483 809 χχχιιι.
2513 749 2764 807 Servum‘
2790 749 3002 804 sincere
3025 760 3164 817 epos
3184 743 3467 800 facientem
3528 752 3600 794 ne

2017 846 2160 901 male
2211 853 2465 902 tractato.
3239 831 3243 834 ’

2089 938 2418 995 Prudentem
2441 955 2662 996 servum
2696 956 2760 997 ex
2795 940 2980 996 animo
3025 934 3258 1005 diligite,
3307 942 3410 984 nec
3465 936 3596 981 eum

2016 1028 2265 1085 libertate
2285 1029 2557 1088 fraudato.

2090 1119 2281 1189 Sagaci
2307 1136 2468 1178 servo
2520 1123 2677 1179 liberi
2726 1124 3131 1180 ministrabant.

2091 1210 2288 1280 Ephes.
2315 1227 2394 1268 vt.
2427 1212 2606 1280 Servi,
2633 1215 2887 1270 dominos
2921 1225 3126 1269 vestros
3150 1206 3447 1266 secundum
3477 1216 3599 1256 ear-

2017 1321 2141 1361 nem
2176 1305 2408 1376 diligite,
2440 1314 2748 1362 metuentes
2784 1305 3073 1361 Dominum
3121 1315 3244 1356 cum
3304 1298 3500 1351 timore
3540 1301 3597 1345 et

2018 1405 2258 1456 tremore
2291 1400 2348 1456 in
2373 1401 2556 1468 cordis
2591 1400 2757 1457 vestri
2782 1398 3173 1469 simplicitate;
3204 1408 3315 1448 non
3350 1388 3590 1461 quidem.

2018 1492 2190 1560 utqui
2225 1500 2438 1547 tantum
2461 1494 2707 1549 serviunt
2736 1493 2911 1549 oculis
2937 1487 3166 1552 domini,
3197 1492 3260 1540 ut
3280 1480 3596 1538 hominibus

2015 1581 2294 1651 placeatis,
2319 1582 2414 1639 sed
2459 1592 2520 1638 ut
2565 1582 2772 1638 Christi
2837 1581 2980 1637 servi
3033 1578 3293 1634 facientes
3344 1571 3597 1626 volunta-

2016 1683 2123 1727 tem
2182 1671 2380 1729 Deiex
2412 1675 2612 1743 anima,
2667 1688 2790 1730 cum
2826 1671 3195 1728 benevolentia
3246 1663 3495 1725 Domino,
3543 1668 3600 1713 et.

2017 1778 2127 1818 non
2157 1763 2468 1820 hominibus
2520 1764 2823 1820 servientes
2851 1778 2868 1831 ;
2897 1762 3133 1818 scientes
3163 1757 3307 1826 quod
3365 1753 3597 1824 quisque

1946 1831 1990 1888 Β
2020 1852 2147 1908 boni
2178 1852 2391 1916 fecerit,
2426 1853 2481 1909 id
2535 1867 2563 1906 a
2599 1851 2828 1908 Domino
2850 1865 2977 1906 eum
3012 1854 3446 1918 reportaturum,
3479 1840 3597 1898 sive

2018 1960 2214 2003 servus
2238 1947 2334 2011 sit,
2364 1946 2481 2001 sive
2512 1945 2666 2001 liber.

2088 2034 2270 2103 Servi,
2298 2034 2517 2091 obedite
2539 2033 2776 2090 dominis
2802 2031 3001 2088 vestris
3021 2029 3323 2086 secundum
3351 2036 3593 2084 carnem,

2020 2141 2131 2182 non
2166 2126 2270 2183 illis
2293 2128 2360 2182 ad
2398 2127 2619 2182 oculum
2651 2125 2977 2188 servientes,
3006 2119 3163 2193 quasi
3209 2118 3305 2189 qui
3354 2113 3594 2170 homini-

2021 2222 2122 2276 bus
2139 2221 2316 2276 velitis
2337 2219 2574 2289 placere,
2597 2217 2693 2275 sed
2716 2216 2950 2287 simplici
2977 2213 3143 2270 corde
3169 2211 3455 2266 Dominum
3483 2221 3595 2261 meo

2020 2320 2238 2367 tuentes
2269 2321 2361 2366 :et
2392 2309 2657 2381 quidquid
2681 2308 2945 2375 feceritis,
2975 2307 3027 2361 id
3053 2321 3122 2361 ex
3151 2302 3334 2358 animo
3388 2297 3594 2354 facien-

2017 2405 2148 2459 dum
2178 2403 2461 2475 suscipite,
2484 2409 2746 2472 tanquam
2775 2399 3002 2454 Domino
3020 2406 3074 2451 et
3096 2409 3205 2450 non
3238 2391 3592 2449 hominibus:

2019 2496 2153 2552 illud
2194 2510 2304 2551 non
2355 2495 2674 2567 ignorantes
2707 2491 2844 2557 fore,
2880 2497 2942 2545 ut
2982 2503 3013 2544 a
3040 2486 3273 2543 Domino
3320 2482 3599 2553 recipiatis

2022 2585 2525 2643 remunerationem
2547 2581 2883 2640 haereditatis
2912 2587 3131 2635 vestrae.

2091 2676 2123 2733 ι
2161 2678 2308 2734 Petr.
2367 2684 2429 2733 tt.
2469 2675 2646 2740 Servi,
2698 2673 2933 2744 subjecti
2984 2677 3164 2726 estote
3210 2668 3262 2721 in
3322 2664 3472 2720 omni
3536 2662 3605 2714 ti-
3702 2682 3709 2687 ε

2020 2783 2172 2824 more
2202 2767 2437 2823 dominis
2467 2765 2687 2831 vestris,
2723 2779 2829 2818 non
2861 2761 3038 2817 solum
3066 2758 3226 2814 bonis
3252 2765 3307 2812 et
3362 2754 3605 2809 clemen-

2020 2859 2189 2928 tibus,
2218 2857 2316 2914 sed
2346 2857 2511 2913 etiam
2539 2853 2868 2924 importunis
2906 2869 2923 2919 ;
2958 2853 3062 2906 hoc
3081 2848 3228 2905 enim
3279 2853 3496 2917 gratum
3514 2851 3603 2897 est

2021 2951 2277 3015 Domino,
2314 2952 2363 3006 si
2385 2948 2511 3021 quis
2542 2947 2685 3002 bona
2703 2943 3039 3003 conscientia
3062 2939 3342 2997 molestias
3368 2943 3423 2993 et
3444 2933 3600 2991 dola-

2018 3057 2109 3098 res
2137 3041 2377 3114 patiatur
2423 3039 2725 3096 immerito.
2786 3035 2926 3103 Quid
2981 3033 3124 3091 enim
3179 3031 3343 3086 habet
3392 3040 3455 3085 ea
3512 3040 3602 3114 res

2020 3113 2227 3202 gloriae,
2259 3131 2306 3188 si
2340 3140 2566 3202 propter
2593 3137 2816 3200 peccata
2850 3124 3101 3195 colaphis
3120 3120 3246 3177 caesi
3310 3113 3604 3191 patimini?

2021 3224 2129 3281 Sed
2158 3225 2203 3279 si
2236 3224 2464 3279 honeste
2492 3227 2547 3277 et
2571 3229 2759 3276 sancte
2782 3219 3029 3298 viventes
3061 3210 3311 3286 patimini
3366 3216 3423 3266 et
3487 3205 3604 3264 suf-
3651 3221 3658 3227 ’

2020 3317 2198 3384 fertis,
2232 3318 2336 3373 hoc
2364 3318 2582 3372 demum
2619 3312 2728 3367 Deo
2760 3318 2843 3367 est
2873 3317 3107 3381 gratum.

2090 3408 2307 3481 Ignatii.
2337 3406 2488 3463 Servi
2519 3421 2624 3461 non
2649 3411 2895 3476 quaerant
2916 3400 3247 3456 mundanam
3275 3395 3606 3481 libertatem,

2022 3478 2136 3558 sed-
2158 3501 2337 3572 potius
2370 3501 2422 3553 in
2478 3496 2634 3568 162
2665 3495 2755 3551 Dei
2790 3492 3015 3564 gloriam
3047 3492 3308 3557 serviant,
3333 3497 3394 3543 ut
3422 3478 3612 3542 melio“

2022 3607 2135 3648 rem
2154 3605 2183 3646 a
2216 3590 2445 3647 Domino
2467 3594 2872 3657 consequantur
2898 3586 3232 3640 libertatem.

2168 3683 2305 3740 Cum
2337 3697 2546 3747 omnes,
2577 3690 2693 3735 tum
2726 3662 3085 3733 maximeDei
3117 3673 3258 3730 servi

2170 3776 2461 3833 Elaborare
2490 3773 2688 3830 debent
2717 3780 2775 3826 ut
2802 3768 3011 3826 Domini
3048 3764 3476 3823 benevolentiam

3097 3856 3109 3923 1
3123 3860 3534 3912 consectentur.

2172 3960 2428 4018 Liberum
2459 3968 2515 4014 et
2555 3971 2770 4013 servum
2811 3965 2990 4009 mores
3023 3949 3340 4012 ostendunt,

2176 4053 2387 4111 Etenim
2417 4050 2673 4109 Christus
2708 4048 2855 4107 visus
2880 4056 2967 4101 eet
2991 4056 3205 4107 servus,
3245 4038 3341 4097 sed
3378 4038 3577 4093 liberos

3263 4151 3361 4192 nos
3378 4135 3536 4205 “fecit.

3103 4231 3418 4305 (Theologt'.)

2108 4332 2170 4392 S.
2215 4333 2491 4404 Chrysost.
2541 4331 2847 4387 Iucundum
2897 4335 2981 4383 est
3031 4325 3254 4381 auribus
3299 4337 3608 4389 servorum,

2035 4428 2082 4486 si
2116 4427 2244 4497 quid
2277 4424 2595 4480 admirabile
2628 4423 2696 4477 de
2727 4419 2962 4477 dominis
2986 4424 3257 4472 narretur.

425 4528 700 4595 Μέγιστον
724 4524 1000 4595 ἐγκώμιον
1039 4524 1255 4580 οίκέτου
1290 4525 1520 4598 μηδενὸς
1545 4518 1622 4582 ὧν
1654 4526 1723 4581 ἂν
1756 4545 1927 4598 προσ-

2110 4518 2373 4574 Philonis.
2446 4514 2737 4570 Maximum
2782 4521 2865 4567 est
2912 4509 3053 4565 servi
3095 4506 3405 4567 encomium
3478 4506 3611 4559 nihil

355 4620 514 4688 τάξει
542 4621 573 4673 ὁ
600 4619 1010 4691 οίκοδεσπότης,
1046 4617 1355 4690 ὀλιγωρεῖν,
1392 4617 1604 4684 ἀόκνως
1633 4617 1690 4673 δὲ
1716 4620 1811 4672 καὶ
1845 4635 1938 4688 φι-

348 4713 595 4775 λοπόνως
623 4712 767 4785 ὑπὲρ
796 4712 1025 4785 δύναμιν
1054 4712 1235 4768 πάντα
1261 4710 1583 4779 σπουδάζειν
1608 4713 1770 4783 αἰσίῳ
1797 4713 1938 4782 γνὼ-

356 4822 398 4877 μ
406 4820 436 4876 ῃ
472 4803 795 4876 κατορθοῦν.

958 5019 1181 5076 ΛΟΓΟΣ
1213 5020 1339 5075 ΚΔν.

759 5137 901 5205 Περὶ
933 5136 1173 5191 δούλων
1188 5134 1531 5206 μοχθηρῶν.

440 5250 648 5306 ’ἰδοῦσα
676 5251 857 5324 ’Δγαρ
887 5252 970 5307 ὅτι
996 5253 1055 5307 ὲν
1083 5252 1282 5323 γαστρὶ
1306 5250 1442 5322 ἔχει,
1471 5250 1750 5323 ὴτιμάσθη
1783 5253 1815 5322 ἠ
1846 5269 1940 5306 κυ-

363 5343 457 5416 ρία
505 5344 679 5415 αὐτῆς
731 5343 966 5400 ἐνώπιον
1022 5341 1215 5414 αὐτῆς.
1268 5339 1405 5398 Elite
1466 5344 1525 5397 δὲ
1572 5344 1761 5415 Σάρρα
1802 5345 1939 5413 πρὸς

373 5436 669 5508 Ἀϐραάμ·
737 5435 1056 5507 Ἀδικοῦμαι
1103 5436 1168 5490 ἐκ
1221 5433 1338 5491 σοῦ.
1398 5433 1540 5506 Ἐγὼ
1583 5435 1791 5489 δέδωκα
1840 5435 1938 5506 τὴν

364 5527 661 5598 παιδίσκην
697 5543 800 5597 μου
826 5529 906 5592 είς
937 5527 1029 5581 τδν
1063 5527 1261 5582 κόλπον
1291 5545 1383 5582 σου
1410 5543 1426 5560 ⁸
1461 5526 1642 5580 ἰδοῦσα
1674 5529 1729 5581 δὲ
1772 5528 1853 5581 ὅτι
1878 5529 1939 5581 ὲν

363 5622 562 5690 γαστρὶ
611 5620 744 5691 ἔχει,
785 5618 1098 5691 ὴτιμάσθην
1152 5618 1396 5673 ἐναντίον
1441 5617 1636 5688 αὐτῆς.
1693 5619 1939 5689 Κρινεῖὸ

362 5713 495 5778 Θεδς
528 5713 633 5767 ἀνὰ
656 5714 819 5784 μέσον
841 5711 976 5783 ἐμοῦ
1002 5713 1095 5766 καὶ
1120 5713 1235 5765 σοῦ.
1263 5706 1397 5766 Eine
1423 5710 1479 5765 δὲ
1503 5711 1640 5781 αὐτῇ
1659 5711 1936 5781 Ἀϐραάμο

375 5804 505 5859 ’1δοὺ
536 5807 570 5877 ἡ
604 5804 864 5876 παιδίσκη
899 5820 993 5858 σου
1026 5804 1083 5859 ἐν
1112 5805 1234 5865 ταῖς
1265 5802 1423 5873 χερσί
1468 5818 1580 5857 σου.
1611 5802 1743 5872 Χρῶ
1775 5802 1938 5872 αὐτῇ,

655 5898 927 5962 Damon.
964 5899 1079 5963 Gtt.
1111 5895 1436 5961 CXXXVI.

2041 4627 2228 4669 eorum
2279 4624 2399 4681 qua:
2429 4604 2824 4680 praescripserit
2863 4601 2909 4657 ei
2941 4600 3195 4656 dominus
3232 4607 3610 4662 contemnere,

2040 4700 2133 4762 sed
2168 4681 2474 4774 impigreet
2503 4697 2767 4755 industrie
2792 4710 2958 4765 supra
2986 4693 3129 4747 vires
3169 4690 3455 4761 diligenter
3496 4704 3616 4745 om-

2041 4801 2129 4855 nia
2185 4810 2402 4863 curare,
2456 4802 2518 4849 ut
2552 4791 2695 4847 bono
2750 4786 2980 4843 consilio
3034 4783 3303 4846 absolvat.
3353 4791 3409 4837 et
3466 4792 3615 4836 recte

2038 4889 2406 4947 administret.

2419 5018 2631 5075 SEBM.
2667 5013 2827 5074 XXIV
2879 5013 2980 5086 [αί.
3017 5010 3229 5083 CXIX].

2526 5133 2598 5187 De
2627 5131 2790 5186 seruis
2823 5126 3099 5196 improbis.

2111 5252 2242 5310 Gen.
2279 5267 2390 5306 xv1.
2413 5249 2548 5304 Cum
2580 5242 2804 5298 vidisset
2829 5241 2974 5308 Agar
3003 5255 3061 5294 se
3079 5244 3444 5309 praegnantem
3468 5250 3612 5304 esse,

2040 5343 2256 5415 probris
2291 5338 2470 5394 affecit
2515 5335 2788 5391 dominam
2830 5343 3007 5393 suam,
3035 5342 3098 5382 ac
3127 5342 3235 5397 pra:
3264 5340 3324 5381 se
3371 5337 3617 5381 contem-

2043 5435 2168 5506 psit.
2208 5431 2345 5487 Sara
2392 5436 2572 5483 autem
2598 5423 2739 5494 apud
2767 5420 3136 5477 Abrahamum
3181 5417 3430 5488 queritur
3471 5417 3551 5471 sic
3596 5430 3613 5471 :

2040 5526 2240 5598 lnjuria
2272 5522 2476 5579 afﬁcior
2512 5519 2609 5575 abs
2641 5526 2715 5574 te.
2754 5517 2866 5588 Ego
2892 5515 3031 5569 hanc
3058 5511 3287 5582 puellam
3337 5511 3389 5565 in
3436 5509 3614 5565 sinum

2042 5631 2194 5676 tuum
2220 5613 2511 5676 collocavi;
2544 5620 2598 5665 at
2649 5617 2933 5679 postquam
2964 5618 3025 5659 se
3082 5611 3451 5673 prmgnantem
3499 5613 3622 5683 esse

2043 5709 2200 5772 vidit,
2227 5705 2488 5775 probrosa
2508 5701 2587 5756 illi
2617 5700 2731 5756 visa
2765 5711 2908 5754 sum.
2944 5691 3161 5748 ludicet
3196 5693 3336 5746 Deu’s
3367 5690 3509 5742 inter
3531 5702 3619 5742 me

2040 5809 2097 5856 et
2124 5808 2197 5854 te.
2230 5794 2576 5851 Abrahamus
2613 5796 2793 5847 autem
2828 5804 2844 5842 :
2880 5783 3114 5933 Δηοῖὶὲοέ
3150 5781 3345 5851 inquit,
3377 5782 3479 5836 sub
3525 5790 3615 5834 tua
