4056 6434
509 364 650 430 1067

1771 368 2092 430 ΑΝΤΟΝῙῙ
2129 370 2471 431 ΜΕΙᾸΞΒΕ
3635 373 3759 444 10εὸ

507 492 670 532 manu
699 485 802 545 est,
851 487 1024 534 tracta
1053 493 1171 534 eam
1205 489 1263 535 ut
1304 478 1402 535 libi
1437 479 1734 536 videbitur.
1772 481 1910 536 Sara
1941 480 2082 538 male

2193 481 2262 545 ὡς
2293 483 2361 536 ἄν
2398 501 2480 536 σοι
2516 483 2748 554 ἀρεστὸν
2896 485 3010 540 Καὶ
3045 485 3326 541 ἐκάκωσεν
3354 486 3535 559 αὐτὴν
3564 489 3756 564 Σάρρα.

507 570 675 639 cmpit
701 578 959 638 tractare,
994 573 1066 626 ita
1101 581 1161 627 ut
1189 573 1464 643 aufugerit
1491 589 1523 628 α
1545 582 1842 643 conspectu
1865 574 2006 643 ejus.

579 662 733 716 Prov.
760 679 910 718 xxix.
944 664 1145 721 Servus
1181 665 1352 721 durus
1387 677 1441 721 et
1483 666 1730 735 pertinax
1755 665 1938 720 verbis
1974 681 2081 719 non

498 753 818 821 erudietur;
852 770 977 810 nam
1007 756 1434 840 etsi'intelligat,
1461 775 1568 812 non
1619 771 1802 812 tamen
1841 757 2080 812 obediet.

568 845 684 902 Non
721 850 1053 904 conveniunt
1104 851 1377 918 insipienti
1443 852 1689 907 delicize:
1722 851 1844 906 etsi
1891 865 2083 906 servus

499 930 824 1009 magistratu
863 941 1140 1012 fungatur,
1172 943 1437 1014 iniuriose
1460 952 1737 1015 potestate
1772 952 1976 999 utetur.

573 1028 730 1086 Prov.
784 1046 932 1085 xxvr.
997 1029 1291 1099 Flagellum
1343 1047 1507 1100 cqno,
1569 1032 1827 1087 stimulus
1870 1033 2029 1087 asino
2061 1057 2080 1088 ν

503 1125 649 1187 virga
681 1135 840 1176 servo
867 1122 1170 1192 insipienti.

581 1211 750 1266 Eccli.
784 1226 958 1267 xxxn.
989 1210 1215 1275 Pabula,
1255 1211 1430 1282 virga,
1462 1219 1517 1267 et
1545 1227 1712 1266 onera
1741 1212 1956 1266 asinum
1985 1213 2082 1268 de-

497 1313 669 1358 cent:
707 1317 924 1358 servum
952 1310 1158 1366 autem,
1204 1301 1383 1370 panis,
1421 1303 1729 1372 castigatio,
1777 1310 1832 1357 et
1852 1316 2012 1372 Opus.

569 1397 712 1450 Cura
735 1403 795 1450 ut
817 1410 1006 1451 servus
1029 1410 1168 1464 opus
1190 1395 1372 1461 faciat,
1388 1405 1441 1450 et
1465 1395 1700 1465 requiem
1734 1396 1978 1452 invenies
2003 1413 2020 1452 :
2040 1398 2084 1453 si

502 1488 782 1544 remiseris
811 1502 1030 1541 manum
1057 1486 1156 1552 illi,
1186 1498 1391 1557 quaeret
1405 1487 1730 1544 libertatem.

570 1579 747 1635 Servo
765 1577 1012 1649 improbo
1025 1593 1094 1634 ne
1123 1590 1334 1635 veretor
1350 1579 1490 1635 latus
1515 1580 1580 1635 ad
1605 1578 1923 1650 sanguinem
1953 1587 2088 1635 tun-

501 1672 656 1728 dere.

570 1767 768 1836 Jugum
796 1772 854 1824 et
879 1765 1056 1822 lorum
1089 1767 1352 1822 cervicem
1383 1763 1626 1838 [duram]
1649 1764 1944 1833 innectent,
1975 1781 2091 1822 ser-

2190 577 2282 628 καί
2317 574 2527 644 ἀπέδρα
2557 575 2666 629 ἀπὸ
2699 575 2992 646 προσώπου
3023 579 3214 648 αὐτῆς.

2260 664 2456 732 Λόγοις
2509 665 2570 718 οὐ
2606 667 3029 735 παιδευθήσεται
3075 668 3292 736 οἰκέτης
3332 667 3600 740 σκληρός.
3645 670 3759 722 Ἐὰν

2189 756 2298 826 γὰρ
2332 757 2423 809 καὶ
2456 758 2644 829 νοήσῃ,
2676 759 2791 812 ἀλλ’
2816 760 2914 829 οὐχ
2944 759 3337 816 ὑπακούσεται.

2262 847 2338 898 Οὐ
2371 849 2637 918 συμφέρει
2666 851 2863 921 ἄφρονι
2885 851 3064 921 τρυφή
3082 865 3096 880 ο
3122 849 3215 903 καὶ
3237 848 3334 902 ἐὰν
3355 851 3584 923 οἰκέτης
3607 853 3755 924 ἄρξῃ,

2195 935 2314 1002 μεθ’
2347 935 2558 1008 ὕϐρεως
2585 938 2924 994 δυναστεύει.

2262 1028 2477 1095 Μάστιξ
2521 1030 2692 1100 ἵππῳ,
2727 1031 2824 1084 καὶ
2859 1031 3082 1102 κέντρον
3114 1031 3244 1103 δνῳ,
3273 1033 3477 1103 ῥάϐδος
3500 1033 3561 1090 δέ
3589 1035 3760 1107 οἰκέτῃ

2191 1120 2409 1190 ἄφρονι.

2264 1212 2634 1281 Χορτάσματα
2661 1215 2753 1266 καὶ
2782 1216 2976 1285 ῥάϐδος
2997 1219 3093 1272 καὶ
3119 1220 3317 1291 φορτία
3352 1219 3463 1291 ὄνῳ
3481 1236 3498 1253 ο
3530 1221 3690 1292 ἀρτος
3711 1221 3760 1273 δέ

2193 1303 2289 1357 καὶ
2316 1303 2531 1356 παιδεία
2565 1305 2660 1357 καὶ
2693 1305 2854 1376 ἔργον
2886 1310 3093 1381 οἰκέτῃ.

2267 1393 2539 1462 Ἐργασαι
2563 1396 2622 1448 ἐν
2659 1397 2834 1464 παιδὶ,
2867 1399 2963 1452 καὶ
2983 1401 3239 1472 εὑρήσεις
3266 1401 3618 1458 ἀνάπαυσιν·
3649 1403 3760 1466 ἄνες

2194 1489 2352 1556 χεῖρα
2390 1487 2559 1559 αὐτῷ,
2595 1490 2688 1543 καὶ
2717 1492 2941 1562 ζητήσει
2967 1493 3306 1565 ἐλευθερίαν.

2266 1577 2463 1651 Οἰκέτῃ
2495 1580 2716 1658 πονηρῷ
2740 1582 2817 1654 μὴ
2843 1585 3142 1656 αἰσχυνθῇς
3174 1587 3417 1658 πλευρὰν
3447 1588 3698 1658 αἱμάξαι.

2266 1759 2439 1828 Ζυγδς
2493 1761 2586 1814 καὶ
2635 1761 2766 1832 ἱμὰς
2817 1761 3092 1834 τράχηλον
3145 1765 3503 1836 κάμψουσιν,
3556 1766 3758 1832 οἰκέτην

500 1875 628 1914 vum
641 1833 822 1915 autem
839 1857 1136 1930 malignum
1149 1833 1420 1913 tormenta
1434 1865 1488 1914 et
1499 1833 1840 1929 quaestiones.
1857 1859 1936 1914 Ad
1952 1873 2090 1928 opus

2195 1851 2502 1922 κακοῦργον
2549 1853 2803 1925 στρέϐλαι
2856 1833 2957 1908 καί
2986 1833 3567 1925 ΫβάσανοιξἜμϐαλε
3611 1857 3757 1909 αὑτίν

491 1949 810 2011 faciendum
856 1948 1185 2019 compellito,
1217 1963 1288 2004 ne
1337 1950 1432 2004 ﬂat
1474 1949 1781 2006 desidiosus
1829 1956 1885 2005 et
1933 1951 2086 2020 igna-

502 2054 603 2096 vus
624 2058 639 2097 :
659 2040 825 2098 multa
847 2040 993 2097 enim
1013 2039 1144 2096 vitia
1167 2040 1562 2097 docuitotium.
1591 2040 1649 2096 In
1679 2056 1741 2096 ea
1766 2055 1898 2113 ergo
1917 2055 2082 2112 opera

504 2132 775 2202 applicato
803 2147 951 2193 eum.
979 2147 1103 2202 qua
1150 2132 1229 2187 illi
1279 2132 1818 2203 conveniuntzquod
1871 2134 1918 2189 si
1977 2149 2086 2190 non

505 2230 720 2292 pareat,
752 2223 1032 2294 graviores
1053 2221 1220 2292 injice
1268 2222 1344 2277 illi
1399 2223 1712 2294 compedes.

575 2313 838 2386 Theologi.
856 2313 982 2371 Mali
1009 2314 1156 2371 enim
1173 2315 1316 2370 servi
1333 2327 1418 2370 est
1433 2315 1715 2370 dominum
1757 2316 2084 2372 arridentem

1785 2405 1806 2478 [
1811 2407 2011 2473 colere,

579 2494 968 2568 Obiurgantem
990 2504 1170 2553 autem
1190 2505 1244 2552 et
1269 2497 1622 2566 castigantcm
1654 2499 1853 2553 malum
1876 2508 2082 2569 putare.

585 2585 716 2643 Illud
757 2595 842 2642 est
885 2588 1166 2659 proprium
1201 2589 1465 2643 malorum
1501 2606 1782 2645 servorum
1812 2601 1870 2646 ut
1924 2593 2084 2647 heros

511 2693 642 2735 suos
671 2678 939 2750 rejiciant,
964 2690 1019 2735 et
1061 2681 1298 2736 dominis
1337 2683 1611 2746 resistant,
1633 2690 1687 2737 et
1727 2682 1928 2738 liberos
1956 2698 2087 2738 con-

509 2788 699 2830 servos
756 2773 1002 2830 reddent.

584 2865 842 2924 Philonis.
856 2865 1028 2922 Nemo
1044 2876 1150 2923 tam
1171 2868 1394 2936 insanit,
1414 2884 1576 2939 quam
1589 2869 1705 2940 qui,
1722 2884 1910 2927 servus
1927 2871 2084 2944 163

510 2971 635 3009 cum
652 2955 746 3022 sit,
780 2957 1004 3012 domino
1045 2959 1384 3014 adversatur.

585 3045 833 3119 Hermog.
891 3048 1095 3106 Natura
1152 3052 1298 3106 enim
1348 3051 1488 3106 servi
1551 3051 1898 3108 dominorum
1950 3064 2080 3110 sunt

512 3153 739 3195 nummi.

903 3339 1134 3397 sssno
1187 3340 1326 3395 xxv
1359 3342 1458 3414 [αι.
1507 3342 1664 3412 an.

947 3457 1022 3509 De
1053 3455 1225 3524 probis
1254 3456 1625 3512 creditoribus.

586 3567 763 3626 Exod.
796 3584 934 3624 xxn.
982 3567 1040 3624 Si
1076 3569 1363 3640 pecuniam
1411 3571 1749 3628 mutuaveris
1794 3571 1952 3627 fratri
1989 3581 2084 3627 tuo

520 3663 768 3735 pauperi,
805 3663 898 3733 qui
920 3663 1066 3732 apud
1100 3671 1153 3718 te
1180 3670 1456 3728 versatur,
1482 3678 1608 3720 eum
1635 3679 1812 3735 neque
1841 3667 2083 3736 urgehis,

521 3769 698 3825 neque
729 3769 952 3811 usuram
984 3757 1051 3810 ab
1079 3769 1145 3810 eo
1167 3754 1374 3824 exiges.

588 3845 757 3902 Leuit.
784 3862 915 3903 xxv.
941 3844 1146 3902 Tecum
1172 3848 1316 3903 vivet
1341 3848 1535 3903 fratrer
1559 3857 1706 3912 tuus,
1737 3863 1840 3904 nec
1856 3848 1904 3904 ei
1935 3849 2088 3903 dabis

519 3941 804 4010 pecuniam
844 3949 991 3994 tuam
1026 3940 1095 3995 ad
1143 3954 1391 4004 usuram,
1422 3954 1522 3995 nec
1584 3947 1644 3994 ut
1687 3941 1813 4010 plus
1856 3939 2088 4008 recipias

519 4028 674 4084 dabis
704 4028 753 4082 ei
786 4027 853 4084 de
881 4027 1156 4084 alimentis
1190 4029 1320 4084 tuis.

596 4119 753 4175 Deut.
786 4117 938 4177 xxiii.
970 4120 1214 4176 Motuum
1247 4121 1375 4177 dato
1397 4122 1643 4191 proximo
1665 4133 1779 4189 tuo,
1814 4133 2082 4195 quantum

521 4213 571 4268 ei
618 4227 755 4284 opus
786 4223 890 4280 est,
925 4228 1028 4269 nec
1056 4223 1276 4284 gravate
1323 4225 1417 4271 aut
1462 4232 1584 4270 cum
1626 4218 1795 4272 animi
1851 4233 2089 4274 maerore

523 4304 712 4372 dabis;
746 4319 871 4367 nam
921 4305 991 4361 ob
1025 4305 1181 4362 istam
1227 4322 1450 4364 causam
1484 4307 1786 4364 fortunabit
1821 4309 1915 4364 tibi
1950 4311 2090 4365 Deus

521 4399 705 4454 omnia
736 4413 900 4470 opera
931 4407 1046 4456 tua.

588 4489 707 4546 Non
759 4491 1119 4549 fmneraberis
1171 4492 1323 4549 fratri
1378 4504 1475 4550 tuo
1527 4495 1756 4562 cibaria,
1811 4505 1907 4551 aut
1940 4497 2087 4552 aliud
2120 4533 2165 4587 Β

521 4585 843 4656 quidquam,
879 4588 1024 4656 quod
1061 4587 1218 4642 fratri
1253 4595 1349 4642 tuo
1379 4589 1736 4645 mutuaveris.

594 4763 695 4820 “Job
744 4764 1292 4837 xxxI.Syngrapham
1357 4781 1521 4835 quam
1591 4767 1854 4822 habebam
1899 4777 2089 4823 contra

523 4857 832 4926 quempiam
856 4859 1103 4913 humeris
1123 4857 1519 4913 circumdatam
1544 4866 1802 4929 tanquam
1825 4875 2088 4915 coronam

525 4948 788 5019 legebam,
817 4959 874 5004 et
905 4964 1023 5003 eam
1056 4964 1085 5003 a
1136 4963 1224 5004 me
1250 4948 1476 5004 fractam
1504 4949 1736 5018 reddidi,
1761 4951 1898 5008 nihil
1949 4953 2092 5007 acci-

525 5045 680 5110 piens
703 5057 734 5097 a
753 5041 1008 5104 debitore
1037 5058 1180 5098 meo.

449 5211 454 5217 ’
598 5112 898 5188 Psat..xiv.
926 5135 1222 5205 Argentum
1269 5151 1378 5193 non
1427 5137 1575 5193 dedit
1621 5137 1837 5203 fmnori,
1875 5145 1931 5193 et
1974 5153 2092 5192 mu-

531 5237 659 5278 nera
683 5233 874 5279 contra
903 5227 1223 5282 innocentes
1248 5245 1356 5284 non
1385 5229 1594 5300 accepit
1619 5247 1633 5283 :
1670 5230 1765 5300 qui
1792 5228 1908 5284 haec
1928 5243 2085 5284 exer-

530 5323 650 5380 cet,‘
677 5330 782 5371 non
813 5321 1271 5387 conquassahitur
1305 5323 1417 5377 ullo
1449 5333 1712 5390 tempore.

600 5405 694 5462 Vir
729 5409 904 5466 bonus
958 5420 1042 5465 cst
1092 5413 1138 5466 is
1171 5413 1264 5482 qui
1317 5413 1609 5470 miseretur
1661 5421 1714 5469 et
1759 5413 2090 5474 commodat,

530 5499 769 5567 disponit
800 5485 1082 5557 sermones
1114 5517 1241 5559 suos
1273 5503 1327 5557 in
1357 5504 1584 5573 judicio.

598 5589 788 5647 Justus
822 5592 1109 5649 miseretur
1137 5605 1191 5649 et
1214 5597 1545 5651 commodat.

602 5680 874 5738 Solomon.
906 5683 1242 5740 Creditorcm
1278 5686 1446 5742 simul
1499 5697 1554 5742 et
1621 5688 1920 5744 debitorem
1971 5701 2098 5743 con-

534 5773 694 5828 corde
722 5773 964 5832 viventes
995 5777 1212 5848 inspicit
1253 5778 1534 5834 Dominus.

2196 1943 2278 2004 εἰς
2333 1943 2622 2012 ἐργασίαν,
2672 1945 2758 1998 ἵνα
2817 1947 2892 2016 μὴ
2948 1948 3127 2017 ἀργῇο
3184 1947 3387 2017 πολλὴν
3421 1949 3534 2016 γὰρ
3579 1949 3758 2001 κακίαν

2195 2033 2432 2099 ἐδίδαξεν
2484 2037 2515 2106 ἡ
2567 2037 2757 2106 ἀργία.
2805 2039 2902 2102 Εἰς
2941 2037 3078 2108 ἔργα
3121 2041 3472 2110 κατάστησον
3511 2039 3756 2099 αὐτδνώς

2197 2124 2399 2196 πρέπει
2446 2127 2630 2196 αὐτῷ·
2669 2130 2764 2182 καὶ
2819 2129 2917 2182 ἐὰν
2968 2130 3044 2200 μὴ
3075 2131 3370 2202 πειθαρχῇ,
3401 2131 3636 2202 βάρυνον
3673 2131 3755 2190 τὰς

2197 2217 2364 2280 πέδας
2399 2218 2583 2275 αὐτοῦ.

2265 2305 2466 2362 Δούλου
2495 2309 2666 2363 κακοῦ
2697 2311 2804 2381 γὰρ
2833 2311 3221 2382 προσγελῶντα
3248 2313 3348 2383 μέν
3380 2314 3569 2368 σέϐειν
3593 2330 3608 2346 ·

2264 2489 2370 2544 Τὸν
2398 2489 2664 2562 δεσπότην
2695 2492 3002 2563 πλήττοντα
3037 2494 3084 2546 δ’
3123 2495 3377 2566 ήγείσθαι
3408 2497 3603 2551 κακόν.

2263 2585 2480 2640 Δούλων
2519 2588 2754 2660 ὑπάρχει
2793 2589 2982 2642 κακῶν
3029 2590 3242 2643 ἀθετεῖν
3283 2591 3625 2654 δεσποτείαν,
3668 2589 3748 2641 καὶ

2193 2677 2585 2731 ἐπανίστασθαι
2607 2680 2914 2749 κυριότητι,
2930 2681 3026 2734 καὶ
3046 2681 3336 2751 ὁμόδουλον
3358 2682 3580 2744 ἑαυτοῖς
3599 2682 3746 2732 ποιεῖ-

2194 2769 2317 2822 σθαι
2347 2767 2407 2822 τὸ
2433 2767 2732 2838 ἐλεύθερον.

2261 2859 2451 2922 Οὐδεὶς
2481 2857 2622 2912 οὕτω
2651 2860 2913 2930 μέμηνεν,
2950 2862 3026 2926 ὡς
3052 2862 3236 2928 δοῦλος
3278 2863 3356 2917 ὢν
3383 2863 3744 2920 ἐναντιοῦσθαι

2189 2951 2244 3005 δε
2255 2952 2450 3024 σπότῃ.

2259 3043 2422 3098 Φύσει
2445 3044 2553 3114 γὰρ
2576 3043 2770 3115 ἐχθρὸν
2794 3044 2854 3098 τδ
2880 3043 3063 3100 δοῦλον
3093 3047 3206 3108 τοῖς
3239 3047 3560 3112 δεσπόταις

2775 3333 2994 3387 ΛΟΓΟΣ
3034 3335 3162 3388 KE'.

2538 3448 2679 3516 Περί
2729 3446 3068 3502 δανειστῶν
3099 3447 3404 3516 χρηστῶν.

2269 3562 2396 3617 Ἐὰν
2458 3563 2722 3634 ἀργύριον
2771 3561 3088 3634 ὲκδανείσῃς
3137 3562 3216 3632 τῷ
3269 3562 3492 3634 ἀδελφῷ
3541 3578 3631 3616 σου
3676 3559 3741 3628 τῷ

2189 3653 2379 3722 πένητι
2411 3653 2489 3723 τῷ
2512 3655 2665 3723 παρὰ
2695 3655 2800 3718 σοὶ,
2835 3653 2936 3707 οὐκ
2965 3653 3063 3725 ἔσῃ
3090 3653 3239 3722 αὐτῷ
3265 3655 3630 3724 κατεπείγων,
3658 3652 3744 3704 οὐκ

2189 3745 2474 3817 ἐπιθήσεις
2503 3745 2592 3798 ἐπ’
2616 3743 2764 3814 αὐτῷ
2792 3746 2974 3801 τόκον.

2259 3837 2496 3906 Ζήσεται
2526 3837 2554 3890 ὁ
2579 3836 2806 3904 ἀδελφός
2836 3855 2930 3890 σου
2961 3839 3099 3906 μετὰ
3124 3837 3240 3892 σοῦ.
3271 3838 3345 3892 Τὸ
3376 3837 3637 3908 ἀργύριόν
3662 3850 3742 3887 σου

2191 3931 2254 3984 οὐ
2289 3929 2483 3992 δώσεις
2531 3927 2682 4000 αὐτῷ
2713 3929 2809 3982 ἐπὶ
2855 3929 3023 4001 τόκῳ,
3077 3932 3173 3985 καὶ
3213 3931 3308 3984 ἐπὶ
3345 3926 3667 3999 πλεονασμῷ
3689 3925 3741 3977 οὗ

2191 4021 2384 4084 δώσεις
2417 4019 2563 4089 αὐτῷ
2589 4021 2658 4074 τὰ
2691 4019 2956 4090 βρώματά
2985 4037 3102 4077 σου.

2264 4113 2484 4168 Δάνειον
2509 4114 2712 4178 δανιεϊς
2755 4113 2834 4185 τῷ
2865 4113 3092 4184 πλησίον
3126 4132 3241 4179 σου,
3275 4115 3401 4170 ὅσου
3456 4113 3738 4169 ἐπιδέεται·

2193 4207 2288 4260 καὶ
2322 4206 2382 4258 οὐ
2414 4205 2706 4278 λυπηθήσῃ
2738 4207 2805 4276 τῇ
2838 4205 3036 4277 καρδίᾳ
3065 4223 3158 4259 σου
3188 4207 3424 4269 διδόντος
3455 4225 3547 4261 σου
3575 4202 3740 4270 αὐτῷ’

2193 4299 2274 4350 ὅτι
2303 4297 2391 4351 διὰ
2415 4298 2488 4362 ίτδ
2523 4298 2676 4367 ῥῆμα
2704 4297 2866 4352 τοῦτο
2899 4298 3188 4367 εὐλογήσει
3222 4315 3283 4352 σε
3328 4298 3538 4372 Κύριος
3563 4301 3590 4352 ὁ
3629 4294 3742 4354 Θεὸς

2197 4408 2288 4445 σου
2322 4394 2378 4445 ἐν
2409 4393 2543 4444 πᾶσι
2573 4394 2686 4453 τοῖς
2717 4390 2899 4461 ἔργοις
2941 4407 3060 4445 σου.

2269 4485 2384 4539 Οὐκ
2435 4485 2704 4545 ἐκτοκιείς
2749 4480 2827 4553 τῷ
2857 4480 3072 4553 ἀδελφῷ
3103 4499 3198 4534 σου
3247 4483 3409 4536 τόκον
3440 4481 3738 4555 βρωμάτων.

2193 4577 2290 4633 καὶ
2323 4579 2482 4631 τόκον
2531 4575 2734 4639 παντὸς
2777 4574 3125 4645 πράγματος,
3153 4569 3216 4629 οὗ
3251 4575 3346 4630 ἐὰν
3389 4577 3636 4646 ἐκδανιῇς
3675 4567 3739 4637 τῷ

2192 4669 2407 4741 ἀδελφῷ
2438 4686 2556 4725 σου.

2262 4763 2594 4833 Συγγραφὴν
2619 4761 2689 4830 ἦν
2727 4755 2870 4831 εἰχον
2900 4760 3043 4815 κατά
3089 4776 3257 4826 τινος,
3289 4761 3375 4814 ἐπ’
3406 4759 3574 4830 ὤμοις
3602 4770 3736 4824 περι·

2193 4857 2444 4922 θέμενος,
2472 4854 2550 4918 ὡς
2597 4853 2860 4922 στέφανον
2902 4852 3296 4922 ἀνεγίνωσκον,
3331 4853 3427 4906 καὶ
3469 4850 3631 4922 ῥήξας
3661 4844 3738 4898 αὖ·

2192 4949 2292 5020 τὴν
2327 4946 2608 5014 ἀπέδωκα,
2659 4945 2827 5017 μηδὲν
2867 4943 3206 5016 παραλαϐὼν
3245 4944 3396 5015 παρὰ
3439 4935 3736 5015 χρεωφειλέ-

2191 5056 2288 5093 του
2318 5056 2445 5109 μου.

2265 5131 2339 5183 Τὸ
2393 5128 2658 5200 ἀργύριον
2706 5127 2872 5182 αὐτοῦ
2923 5126 3026 5182 οὐκ
3079 5127 3282 5182 ἔδωκεν
3332 5129 3425 5182 ἐπὶ
3471 5128 3628 5193 τόκῳ,
3658 5114 3735 5170 καὶ

2193 5224 2344 5294 δῶρα
2390 5223 2478 5274 ἐπ’
2514 5221 2711 5285 ἀθώοις
2751 5223 2851 5274 οὐκ
2905 5220 3119 5277 ἔλαϐεν.
3161 5221 3220 5274 'O
3270 5221 3442 5275 ποιῶν
3486 5215 3648 5273 ταῦτα
3685 5207 3734 5260 οὗ

2199 5313 2593 5382 σαλευθήσεται
2629 5314 2709 5376 εἰς
2739 5313 2830 5367 τὸν
2859 5314 3057 5368 αἰῶνα.

2270 5407 2518 5477 Χρηστὸς
2549 5405 2688 5476 ἀνὴρ
2721 5408 2751 5459 ό
2796 5406 3083 5476 οἰκτείρων
3123 5407 3219 5462 καὶ
3266 5406 3507 5478 κιχρῶν·
3561 5399 3738 5453 οἰκονο·

2203 5501 2368 5572 μήσει
2393 5499 2519 5561 τοὺς
2549 5497 2743 5566 λόγους
2777 5496 2945 5551 αὐτοῦ
2979 5503 3037 5553 ἐν
3066 5499 3267 5567 κρίσει.

2274 5591 2493 5651 Δίκαιος
2524 5587 2783 5658 οἰκτείρει
2819 5590 2915 5642 καὶ
2940 5590 3126 5658 κιχρᾷ.

2277 5679 2568 5732 Δανειστοῢ
2620 5657 2714 5732 καί.
2763 5657 3164 5751 χρεωφειλέτου
3200 5677 3450 5745 ἀλλήλοις
3491 5657 3736 5724 συνελθόν·

2208 5789 2336 5837 των,
2365 5771 2670 5844 ἐπισκοπὴν
2699 5772 3024 5843 ἀμφοτέρων
3063 5773 3296 5826 ποιεῖται
3335 5769 3555 5840 Κύριοςο

3824 3443 3832 3454 .
3937 3218 3944 3480 l
