4056 6426
371 428 510 493 1069

1141 435 1317 496 LOCI
1357 436 1801 502 COMMUNES.
1829 466 1896 477 --
1941 443 2138 505 PARS
2178 443 2255 509 [Γ.
2296 448 2557 511 SER'M'O
2587 453 2801 513 XXVI.
2836 498 2841 509 .

3487 456 3627 520 1070

435 541 679 615 ['Oattc]
730 544 1100 615 ἐνεχυρασμδν
1146 549 1454 617 οφείλοντος
1513 553 1807 620 ἀποδώσει,
1847 555 1940 608 καὶ

2117 561 2308 616 Ezech.
2336 576 2433 626 vn,
2471 578 2626 617 xvm.
2654 562 2759 630 Qui
2799 564 3062 620 debitoris
3080 564 3275 636 pignus
3303 565 3623 628 reddiderit,

363 638 430 692 τὸ
457 637 718 709 ἀργύριον
767 639 934 693 αὐτοῦ
989 640 1081 692 ἐπὶ
1122 646 1267 710 τόκῳ
1309 644 1370 696 οὐ
1418 643 1603 710 δώσει,
1638 647 1732 700 καὶ
1783 646 1942 700 πλεο-

367 732 573 802 νασμὸν
619 732 681 786 οὐ
734 732 1002 802 λήψεται,
1036 734 1242 797 δίκαιος
1272 728 1594 809 οὗτόςέστι,
1627 738 1738 810 ζωῇ
1783 740 1944 810 ζήσε-

365 840 479 886 ται,
517 824 662 891 λέγει
702 823 925 895 Κύριος.

452 913 508 968 ’0
533 914 701 968 ποιῶν
722 915 870 980 ἔλεος
891 916 1063 970 δανιεῖ
1091 917 1169 988 τῷ
1207 916 1439 987 πλησίον
1456 935 1474 953 ο
1495 917 1592 973 καὶ
1616 920 1645 972 ὁ
1669 919 1945 990 ὲπισχύων

366 1009 432 1078 τῇ
474 1008 618 1077 χειρὶ¹
645 1006 810 1060 αὑτοῦ
840 1010 1001 1080 τηρεί
1036 1011 1278 1074 ἐντολάς.

440 1189 532 1259 Τῷ
568 1190 809 1244 αἰτοῦντί
841 1208 899 1244 σε
948 1191 1116 1256 δίδου,
1166 1194 1384 1249 καὶτὸν
1430 1195 1659 1252 θέλοντα
1702 1198 1811 1252 ἀπὸ
1844 1199 1942 1254 σοῦ

365 1280 718 1335 δανείσασθαι
751 1283 827 1352 μὴ
864 1283 1246 1354 ἀποστραφῇς.

452 1373 581 1426 Ἐὰν
612 1375 895 1439 δανείξητε
920 1377 1051 1446 παρ’
1079 1371 1155 1433 ὧν
1187 1376 1437 1442 ἐλπίζετε
1463 1378 1782 1445 ἀπολαϐεῖν,
1811 1379 1942 1434 ποία

370 1464 501 1530 ὑμῖν
532 1465 691 1534 χάρις
738 1465 892 1532 ὲστίς
944 1469 1039 1519 καὶ
1080 1468 1190 1537 γὰρ
1230 1468 1547 1539 ἁμαρτωλοὶ
1595 1469 1943 1540 ἁμαρτωλοῖς

365 1556 723 1623 δανείζουσιν,
756 1557 844 1611 ῐνα
875 1558 1191 1613 ἀπολάϐωσι
1235 1561 1303 1613 τὰ
1352 1561 1468 1617 ῐσα.
1500 1561 1649 1631 Πλὴν
1688 1561 1941 1629 ἀγαπᾶτε

365 1650 495 1711 τοὺς
512 1647 740 1718 ἐχθροὺς
765 1648 941 1718 ὑμῶν,
958 1650 1055 1704 καὶ
1079 1651 1478 1719 ἀγαθοποιεῖτε,
1505 1652 1601 1707 καὶ
1620 1652 1895 1718 δανείζετε
1924 1693 1939 1716 ,

371 1741 540 1811 μηδὲν
565 1741 981 1809 ἀπελπίζοντες,
1010 1744 1107 1796 καὶ
1131 1744 1287 1798 ἔσται
1312 1746 1341 1799 6
1372 1744 1564 1813 μισθὸς
1588 1745 1746 1815 ὑμῶν
1773 1746 1942 1808 πολὺς

367 1834 428 1885 ἐν
458 1834 572 1897 τοῖς
612 1834 884 1903 οὐρανοῖς.

2045 655 2099 700 et
2132 658 2417 719 argentum
2466 667 2627 707 suum
2674 652 2871 709 faenori
2925 669 3038 708 non
3091 654 3329 721 dederit,
3379 654 3626 725 nihilque

2046 740 2189 794 ultra
2238 750 2440 798 sortem
2480 746 2767 815 receperit,
2816 746 2863 800 is
2904 747 2991 800 vir
3034 746 3213 802 bonus
3258 754 3366 812 est,
3398 746 3477 801 ait
3512 746 3621 801 Do-

2048 829 2247 895 minus,
2279 841 2334 886 et
2362 848 2527 902 quam
2563 834 2873 891 diutissime
2901 834 3065 891 vivet.

2118 918 2284 976 Eccli.
2321 940 2473 979 xxix.
2522 924 2629 992 Qui
2679 926 3117 982 misericordiam
3173 927 3438 997 impertit,
3490 940 3622 996 pro—

2045 1011 2195 1066 ximo
2226 1026 2475 1069 mutuum
2505 1017 2658 1072 dabit
2682 1034 2698 1072 :
2722 1023 2780 1073 et
2818 1018 2914 1088 qui
2942 1032 3111 1073 manu
3151 1032 3250 1075 sua
3276 1018 3620 1084 corroborat,

2047 1112 2317 1174 prmcepta
2350 1116 2554 1164 servat.

2119 1191 2247 1248 Luc.
2274 1209 2345 1249 v1.
2373 1192 2584 1251 Petenti
2629 1197 2728 1252 abs
2790 1207 2843 1254 te
2870 1197 3035 1267 dato;
3067 1207 3124 1256 et
3154 1198 3223 1255 ab
3246 1212 3318 1255 eo
3364 1198 3461 1269 qui
3505 1197 3624 1255 vult

2040 1284 2141 1340 abs
2167 1293 2218 1341 te
2252 1295 2503 1342 mutuum
2534 1303 2773 1356 sumere,
2798 1304 2870 1345 ne
2902 1290 3190 1347 avertaris.

2119 1377 2179 1432 Si
2228 1388 2482 1435 mutuum
2522 1380 2666 1438 datis
2706 1397 2735 1437 a
2763 1382 2965 1453 quibus
3011 1383 3244 1453 speratis
3283 1398 3383 1439 vos
3425 1396 3620 1452 recep-

2042 1479 2219 1533 turos,
2248 1486 2369 1540 quat
2394 1472 2549 1528 vobis
2575 1474 2749 1542 gratia
2798 1472 2918 1529 est?
2944 1474 3146 1528 etenim
3195 1474 3458 1530 scelerosi
3497 1490 3623 1530 mu-

2042 1574 2195 1618 tuum
2218 1562 2352 1617 dant
2380 1563 2690 1629 scelerosis,
2723 1572 2784 1619 ut
2809 1564 2961 1635 paria
2988 1563 3088 1620 sibi
3124 1563 3436 1619 referantur
3460 1582 3476 1621 :
3512 1565 3626 1620 imo

2043 1670 2173 1711 vero
2220 1654 2428 1726 diligite
2473 1656 2727 1712 inimicos
2760 1664 3000 1724 vestros,
3043 1671 3109 1712 ac
3144 1655 3477 1718 hencl‘acite,
3510 1671 3630 1710 mu-

2041 1755 2307 1816 tnumque
2350 1746 2479 1800 date
2510 1747 2645 1801 nihil
2689 1746 2817 1802 inde
2848 1756 3153 1815 sperantes,
3185 1757 3239 1802 et
3264 1748 3375 1801 erit
3412 1762 3623 1802 merces

2041 1848 2221 1893 vestra
2249 1838 2305 1892 in
2337 1839 2493 1894 ccelis
2519 1839 2768 1908 copiosa.

439 1926 596 1995 Μήτε
629 1900 720 1979 τδν
765 1925 988 1980 θέλοντα
1023 1926 1374 1983 δανείσασθαι
1416 1928 1799 2001 ἀποστραφῇς,
1847 1929 1942 1984 καὶ

2116 1928 2176 1985 S.
2219 1929 2433 1984 Basilii.
2481 1900 2668 1999 Neque
2697 1930 2970 1985 volentem
3017 1930 3117 1985 abs
3144 1937 3195 1984 tc
3243 1938 3493 1984 mutuum
3527 1942 3628 1983 su~

365 2017 428 2070 τὸ
456 2017 718 2087 ἀργύριόν
772 2035 866 2071 σου
903 2019 963 2070 οὐ
1014 2018 1206 2082 δώσεις
1246 2018 1337 2073 ἐπὶ
1388 2019 1533 2090 τόκῳ
1557 2037 1572 2050 ο
1609 2019 1697 2074 ἴνα
1738 2022 1801 2075 ἐκ
1835 2022 1945 2074 [Ια-

364 2107 527 2172 λαιᾶς
559 2117 652 2162 καὶ
678 2109 825 2173 Νέας
869 2109 1143 2180 Διαθήκης
1172 2113 1242 2164 τὰ
1271 2094 1941 2185 συμφέρονταδιδαχθῇς,

368 2199 514 2268 μετά
538 2200 753 2270 ἀγαθῆς
784 2200 999 2263 ἐλπίδος
1023 2202 1157 2271 πρὸς
1182 2202 1314 2256 Θεὸν
1338 2203 1529 2277 ἀπίῃς,
1560 2205 1677 2259 ἐκεῖ
1695 2205 1823 2267 τοὺς
1854 2206 1945 2260 τό·

372 2306 504 2353 κους
534 2290 645 2343 τῶν
684 2290 906 2357 ἀγαθῶν
934 2291 1111 2362 ἐςγων
1147 2291 1587 2363 ἀποληψόμενος.

442 2381 506 2433 El
539 2379 720 2451 βούλει
745 2381 837 2435 τὸν
865 2382 1101 2452 Χριστὸν
1134 2381 1277 2453 ἔχειν
1304 2384 1457 2453 φίλον
1487 2385 1777 2454 διηνεκῶς,
1810 2386 1944 2440 πολ-

366 2472 474 2525 λῶν
494 2473 660 2526 αὐτὸν
682 2473 1024 2543 κατάστησον
1050 2475 1350 2546 χρεώστην.
1377 2476 1513 2532 Οὐδὲ
1532 2477 1641 2549 γὰρ
1659 2478 1802 2533 οὕτω
1823 2478 1946 2550 χαί-

372 2582 456 2617 οει
510 2565 795 2630 δανειστὴς
826 2566 1110 2635 ὀφειλέτας
1155 2566 1298 2639 ἔχων
1325 2588 1340 2602 ·
1393 2570 1485 2623 καὶ
1516 2565 1598 2633 οἷς
1642 2573 1743 2640 μὲν
1771 2571 1943 2642 μηδὲν

364 2656 597 2725 ὀφείλει,
627 2655 848 2720 τούτους
875 2658 971 2711 καὶ
1004 2658 1333 2729 ἀποφεύγειο
1362 2655 1444 2724 οἷς
1469 2660 1527 2714 δὲ
1555 2660 1786 2729 ὀφείλει,
1814 2659 1938 2713 τού-

366 2765 481 2811 τοις
509 2749 602 2803 καὶ
634 2748 937 2820 ἐπιτρέχει.

948 2841 1167 2897 ΔΟΓυΣ
1203 2842 1346 2910 scr.

714 2934 853 3002 Περὶ
893 2935 1225 2990 δανειστῶν
1251 2936 1591 3006 μοχθηρῶν.

442 3026 683 3097 “pinxit
713 3027 947 3098 σεαυτῷ,
983 3027 1059 3098 μὴ
1106 3029 1327 3097 γένηται
1359 3030 1512 3098 ῥῆμα
1549 3027 1790 3096 κρυπτὸν
1816 3027 1943 3081 ἀνό-

371 3137 531 3192 μημα
559 3121 619 3173 ἐν
648 3123 715 3191 τῇ
746 3120 944 3194 καρδίᾳ
980 3138 1094 3187 σου,
1137 3120 1295 3188 λέγον
1318 3136 1334 3153 ο
1377 3119 1618 3189 Ἐγγίζει
1644 3119 1705 3173 τὸ
1731 3118 1851 3181 ἔτος
1878 3117 1940 3171 τὸ

367 3212 597 3281 ἕϐδομον
638 3213 734 3280 τῆς
769 3213 1039 3282 ἀφέσεως.
1087 3211 1195 3265 Καὶ
1242 3210 1641 3282 πονηρεύσεται
1669 3212 1697 3264 6
1732 3210 1939 3278 ὀφθαλ-

374 3303 473 3370 μός
504 3319 598 3357 σου
632 3302 710 3373 τῷ
743 3303 956 3371 ἀδελφῷ
989 3320 1081 3357 σου
1118 3302 1196 3373 τῷ
1225 3303 1579 3374 ἐπιδεομένῳ,
1613 3301 1709 3355 καὶ
1740 3302 1802 3354 οὐ
1831 3301 1937 3371 δῷς

372 3393 541 3464 αὐτῷ,
595 3397 689 3449 καὶ
740 3394 999 3465 βοήσεται
1033 3397 1175 3448 κατὰ
1227 3394 1323 3448 σοῦ
1380 3395 1518 3465 πρὸς
1575 3395 1805 3466 Κύριον,
1848 3395 1944 3448 καὶ

369 3487 524 3541 ἔσται
556 3504 638 3541 σοι
666 3488 917 3558 ἁμαρτία
960 3487 1192 3558 μεγάλη.

442 3580 676 3643 Πλοῦτος
707 3580 908 3643 ἀδίκως
939 3580 1309 3649 συναγόμενος
1350 3579 1775 3651 ἐξεμηθήσεται.

441 3671 735 3742 Πληθύνων
789 3671 881 3723 τὸν
933 3670 1165 3724 πλοῦτον
1207 3670 1373 3724 αὐτοῦ
1427 3671 1568 3743 μετά
1619 3671 1799 3725 τόκων
1844 3670 1943 3725 καὶ

368 3763 754 3833 πλεονασμῶν,
781 3762 862 3835 τῷ
888 3763 1129 3817 ἐλεοῦντι
1155 3764 1408 3835 πτωχοὺς
1434 3764 1659 3832 συνάγει
1684 3763 1866 3817 αὐτόν.

442 3945 720 4014 ’Υπαρξις
775 3942 1290 4014 ἐπισπουδαζομένη
1323 3944 1465 4013 μετά
1507 3944 1737 4014 ἀνομίας
1779 3943 1942 3998 ἐλάσ-

370 4055 480 4090 σων
504 4038 735 4106 γίνεται.

441 4130 599 4195 Δόσις
623 4131 859 4201 ἄφρονος
887 4130 949 4184 οὐ
976 4131 1326 4199 λυσιτελήσει
1361 4147 1445 4185 σοι
1473 4130 1711 4185 λαϐόντι.
1740 4132 1802 4183 Ol
1833 4130 1942 4198 γὰρ

368 4223 638 4293 ὀφθαλμοὶ
665 4221 831 4277 αὐτοῦ
858 4221 980 4277 ἀνθ’
1007 4223 1128 4289 ἐνὸς
1153 4225 1232 4287 είς
1259 4225 1320 4276 τὸ
1341 4223 1525 4277 λαϐεῖν
1549 4223 1720 4276 πολλά
1743 4239 1757 4253 ο
1785 4223 1943 4289 ὀλίγα

367 4313 551 4378 δώσει,
585 4313 681 4367 καὶ
714 4313 886 4367 πολλά
937 4312 1192 4368 ὀνειδίσει
1216 4329 1232 4345 ο
1265 4313 1361 4367 καὶ
1418 4299 1619 4379 ἀνοίξει
1652 4312 1714 4366 τὺ
1766 4312 1943 4381 στόμα

369 4407 536 4460 αὐτοῦ
567 4406 645 4469 ὡς
689 4405 883 4476 κήρυξ.
915 4407 1165 4476 Σήμερον
1205 4405 1397 4471 δανιετ,
1431 4406 1524 4458 καὶ
1552 4403 1742 4475 αὔριον
1772 4405 1942 4458 ἀπαι-

369 4493 470 4545 τεῖ.
499 4492 744 4562 Μισητὸς
775 4492 966 4564 Κυρίῳ
995 4495 1089 4546 καὶ
1118 4493 1432 4566 ἀνθρώποις
1460 4495 1489 4547 6
1516 4494 1780 4557 τοιοῦτος.

454 4671 719 4739 Ἐξελθὼν
746 4673 803 4727 δὲ
831 4673 860 4725 6
895 4671 1082 4737 δοῦλος
1122 4674 1350 4739 ἐκεῖνος,
1377 4667 1536 4744 εὗρεν
1561 4676 1658 4730 ἕνα
1681 4678 1789 4731 τῶν
1820 4697 1946 4731 συν-

367 4764 575 4818 δούλων
607 4765 794 4830 αὐτοῦ,
828 4765 886 4829 ὃς
908 4764 1145 4834 ὤφειλεν
1172 4767 1322 4839 αὐτῷ
1345 4768 1542 4823 ἑκατὸν
1557 4770 1787 4842 δηνάρια
1807 4788 1820 4801 ³
1851 4774 1943 4825 καὶ

368 4858 656 4929 κρατήσας
686 4859 874 4924 αὐτὸν,
901 4859 1091 4928 ἐπνιγε
1122 4860 1300 4927 ’λέγων
1323 4877 1339 4893 ο
1379 4860 1603 4926 Ἀπόδος
1632 4864 1660 4915 ὅ
1689 4881 1744 4916 τι
1790 4865 1942 4932 occsi-

366 4949 502 5011 λεις,
536 4950 629 5004 καὶ
657 4949 725 5005 τὰ
767 4950 917 5019 ἑξῆς.

451 5043 578 5097 Ἐὰν
620 5045 1026 5117 χρεωφειλέτην
1063 5048 1238 5120 λάϐῃς
1271 5047 1709 5120 προσπίπτοντα,
1759 5049 1941 5100 πᾶσαν

370 5135 700 5206 συγγραφὴν
737 5134 924 5189 ἄδικον
974 5135 1276 5191 διάσπασον
1302 5153 1318 5169 ο
1369 5137 1641 5208 μνήσθητι
1683 5138 1795 5189 τῶν
1844 5154 1943 5205 μυ-

369 5228 503 5298 ρίων
537 5228 844 5293 ταλάντων,
872 5223 948 5283 ὧν
979 5246 1063 5282 σοι
1091 5230 1328 5299 Χριστὸς
1357 5231 1691 5301 ἐδωρήσατο,
1737 5228 1832 5282 καὶ
1867 5229 1942 5298 μὴ

366 5321 500 5391 γένῃ
526 5324 795 5390 πράκτωρ
827 5322 1023 5390 πικρὸς
1058 5321 1155 5375 τοῦ
1186 5322 1470 5385 ἐλάττονος
1504 5322 1727 5393 χρέους.

437 5412 527 5481 Τῷ
556 5412 670 5467 ὃντι
695 5412 999 5484 ὑπερϐολὴν
1021 5413 1418 5483 ἀπανθρωπίας
1446 5413 1560 5484 ἔχει
1589 5414 1682 5468 τὸν
1711 5414 1810 5484 μὲν
1833 5414 1942 5466 τῶν

364 5503 684 5575 ἀναγκαίων
738 5505 930 5569 ἐνδεῶς
977 5504 1171 5575 ἔχοντα
1222 5505 1411 5575 ζητεῖν
1459 5507 1539 5568 είς
1591 5505 1944 5576 παραμυθίαν

367 5611 461 5646 που
499 5596 638 5665 βίου,
687 5594 777 5648 τὸν
824 5594 881 5649 δὲ
915 5594 990 5666 μὴ
1039 5592 1329 5663 ἀρκεῖσθαι
1378 5593 1457 5663 τῷ
1492 5593 1789 5662 κεφαλαίῳ,
1827 5593 1944 5648 ἀλλ’

367 5686 604 5741 Eunoen
661 5690 725 5741 ἐκ
758 5688 864 5740 τῶν
896 5686 1194 5757 συμφορῶν
1224 5683 1320 5739 τοῦ
1374 5686 1607 5758 πένητος
1645 5686 1942 5758 προσόδους

371 5779 550 5848 ἐαυτῷ
579 5780 674 5834 καὶ
701 5780 966 5851 εὐπορίας
1005 5780 1327 5851 προσάγειν.

440 5890 522 5962 (ι)
560 5891 623 5947 Id
657 5902 759 5960 est,
796 5907 1061 5949 novarum
1103 5892 1429 5957 tabularum.

2046 2036 2199 2077 mere
2239 2021 2510 2092 repellite,
2559 2037 2661 2077 nce
2689 2029 2978 2093 argentum
3009 2030 3163 2076 tuum
3206 2023 3305 2077 des
3338 2020 3536 2077 l'osnori
3566 2031 3625 2073 nt

2043 2127 2112 2166 ex
2167 2110 2350 2167 Veteri
2398 2120 2455 2167 et
2500 2110 2654 2166 Novo
2709 2112 3063 2167 Testamento
3103 2125 3226 2179 «tuae
3281 2110 3436 2165 utilia
3498 2120 3626 2165 sunt

2044 2204 2249 2266 discas,
2276 2204 2530 2273 bonaque
2560 2218 2656 2271 spe
2682 2203 2915 2259 accedas
2947 2204 3015 2259 ad
3054 2202 3246 2268 Deum,
3295 2203 3387 2259 ubi
3424 2218 3624 2260 usuras

2047 2295 2317 2348 bonorum
2349 2310 2579 2365 operum
2606 2305 2925 2366 recepturus
2955 2313 3036 2354 es.

2116 2385 2173 2438 Si
2208 2385 2292 2439 vis
2315 2384 2599 2441 Christum
2627 2387 2976 2444 continenter
3003 2388 3240 2444 amicum
3266 2395 3322 2445 et
3346 2386 3620 2444 faventem

2044 2476 2303 2541 retinere,
2338 2478 2633 2531 multarum
2674 2478 2834 2551 164
2880 2496 3062 2535 rerum
3095 2480 3302 2536 efﬁcito
3340 2480 3491 2535 illum
3530 2480 3625 2534 de-

2044 2569 2313 2633 bitorem;
2348 2585 2528 2638 neque
2569 2570 2717 2625 enim
2751 2579 2861 2624 tam
2894 2572 3094 2642 gaudet
3138 2570 3437 2628 temerator
3467 2570 3625 2626 debi-

2040 2665 2258 2716 toribus
2287 2681 2300 2715 :
2337 2671 2392 2715 et
2422 2662 2624 2731 quibus
2660 2663 2797 2716 nihil
2825 2663 3010 2728 debet,
3038 2679 3136 2719 eos
3166 2663 3391 2734 refugit,
3411 2663 3627 2734 quibus

2043 2769 2229 2812 autem
2264 2755 2450 2817 debet,
2484 2754 2548 2807 ad
2584 2756 2685 2810 hos
2718 2756 2981 2811 accurrit.

2422 2847 2655 2903 SEBMO
2684 2846 2853 2903 xxvr
2884 2846 2980 2919 [aL
3031 2844 3239 2918 LXlll].

2291 2940 2366 2994 De
2397 2941 2574 2993 avaris
2622 2947 2672 2993 et
2695 2939 2946 3007 improbis
3010 2937 3381 2993 creditoribus.

2110 3035 2272 3093 Deut.
2290 3032 2600 3092 Cavendum
2623 3032 2720 3086 tibi
2744 3040 2824 3086 est
2838 3072 2852 3096 ,
2870 3046 2937 3086 ne
2954 3030 3085 3100 quid
3105 3031 3314 3084 occulte
3329 3027 3551 3097 impium
3572 3030 3624 3081 in

2040 3128 2229 3181 animo
2271 3127 2480 3182 volutes
2528 3123 2629 3179 ista
2681 3123 2912 3189 ratione,
2946 3137 3054 3192 qua
3113 3122 3266 3176 dicas
3324 3121 3619 3191 septimum

2044 3231 2246 3271 annum
2284 3215 2724 3285 appropinquare
2769 3212 3312 3283 condonationis(l),
3343 3220 3509 3281 atque
3547 3211 3620 3263 oh

2040 3326 2161 3369 eam
2189 3323 2410 3364 causam
2438 3306 2516 3361 sis
2538 3306 2776 3374 iniquior
2800 3303 2952 3359 fratri
2980 3313 3075 3358 tuo
3095 3304 3299 3372 egenti,
3325 3318 3427 3358 nec
3450 3302 3546 3357 des
3566 3303 3622 3357 ci

2041 3402 2385 3473 quidquam;
2418 3398 2511 3453 ille
2545 3395 2803 3453 clamabit
2860 3394 2930 3449 ad
2978 3395 3290 3461 Dominum,
3344 3401 3623 3463 peccatum

2041 3499 2224 3545 autem
2257 3495 2412 3542 tuum
2443 3501 2700 3555 magnum
2758 3484 2888 3540 erit.

2108 3579 2211 3635 Job
2245 3594 2337 3634 xx.
2383 3578 2594 3633 Divitiae
2627 3576 2828 3646 injuria
2885 3583 3213 3633 coacervata
3266 3582 3614 3631 evomentur.

2111 3670 2317 3727 Solam.
2369 3666 2690 3735 xxvtu.Qui
2738 3667 3033 3737 ampliﬁcat
3062 3682 3150 3724 res
3194 3668 3521 3723 suasusuris
3555 3674 3611 3722 et

2040 3772 2234 3833 praeter
2294 3767 2498 3817 sortem
2565 3757 2993 3825 accessionibus,
3019 3757 3067 3812 is
3125 3757 3456 3826 impertienti
3523 3756 3626 3810 mi-

2041 3853 2394 3911 sericordiam
2432 3851 2761 3923 pauperibus
2787 3865 2879 3906 eas
2918 3860 3223 3905 coacervat.

2112 3946 2281 4002 Osece.
2304 3945 2515 4000 Divitiae
2537 3959 2632 4015 per
2663 3943 2917 4014 iniuriam
2942 3951 3272 4011 comparata:
3289 3940 3598 3995 minuentur

2114 4129 2185 4184 Si‘
2205 4128 2337 4198 quid
2367 4125 2597 4197 largitus
2617 4125 2690 4181 sit
2714 4124 3000 4194 insipiens,
3032 4120 3398 4192 nonproderit
3448 4120 3497 4174 ei
3534 4119 3627 4189 qui

2044 4220 2357 4289 acceperit;
2407 4217 2551 4273 oculi
2613 4216 2760 4272 enim
2831 4216 3008 4284 ipsius
3069 4223 3231 4269 erunt
3265 4229 3363 4283 pro
3398 4226 3529 4275 uno,
3571 4222 3627 4264 ut

2047 4312 2217 4366 multa
2250 4309 2519 4378 accipiat:
2550 4323 2722 4376 pauca
2749 4308 2917 4367 dabit,
2962 4314 3014 4359 ct
3047 4307 3215 4359 multa
3246 4305 3627 4373 exprobrabit;

2043 4415 2098 4461 et
2131 4405 2211 4460 sic
2231 4402 2432 4473 aperiet
2456 4416 2519 4456 os
2542 4415 2723 4462 suum,
2755 4400 3215 4469 quemadmodum
3249 4411 3428 4467 praeco
3458 4396 3621 4451 solet.

2045 4497 2218 4553 Hodie
2273 4505 2522 4549 mutuum
2554 4492 2726 4553 dabit.
2752 4500 2809 4547 et
2835 4506 2958 4546 cras
2986 4498 3280 4559 reposcetz
3311 4486 3624 4543 istiusmodi

1973 4607 2017 4660 ι)
2045 4589 2138 4660 qui
2170 4598 2274 4650 est,
2336 4596 2448 4640 tmn
2490 4586 2598 4639 Deo
2645 4593 2760 4640 tum
2804 4581 3119 4638 hominibus
3167 4579 3391 4634 odiosus
3417 4561 3521 4634 est.

2117 4678 2311 4733 Matth.
2342 4677 2608 4748 Egressus
2660 4683 2843 4730 autem
2877 4687 3070 4728 servus
3096 4673 3188 4728 ille
3222 4673 3435 4727 invenit
3458 4685 3627 4724 unum

2043 4788 2109 4827 ex
2143 4771 2419 4825 conservis
2480 4768 2612 4829 suis,
2641 4767 2734 4835 qui
2795 4774 3013 4820 centum
3057 4763 3315 4818 denarios
3364 4760 3625 4819 debebat.

2044 4862 2557 4932 apprehensumque
2584 4873 2708 4913 eum
2744 4857 2993 4928 urgebat,
3044 4869 3107 4910 ac
3153 4855 3370 4909 dicebat
3404 4869 3420 4906 :
3450 4851 3634 4906 Reddi,

2044 4954 2190 5023 quod
2224 4954 2411 5020 debes,
2450 4961 2505 5006 et
2533 4966 2654 5022 qua:
2684 4949 2970 5018 deinceps.

2124 5045 2391 5114 Tlieologi.
2427 5043 2483 5099 Si
2517 5044 2817 5098 debitorem
2844 5037 3272 5109 deprehenderis
3305 5035 3631 5105 supplicem,

2048 5147 2216 5193 totam
2256 5136 2623 5208 syngrapham
2684 5134 2931 5203 iniquam
2976 5133 3313 5201 discerpito;
3350 5129 3633 5184 recordare

2054 5231 2245 5287 decem
2294 5229 2463 5283 millia
2506 5227 2855 5293 talentorum,
2891 5240 3014 5296 quae
3044 5225 3145 5279 tibi
3198 5224 3450 5279 Christus
3504 5235 3638 5274 con-

2052 5324 2322 5388 donavit;
2360 5336 2461 5376 nec
2514 5320 2591 5375 sis
2638 5318 2875 5373 acerbus
2922 5326 3146 5372 exactor
3178 5316 3341 5370 debiti
3384 5314 3633 5366 minoris.

2119 5414 2179 5472 S.
2216 5413 2430 5470 Basilii.
2476 5412 2746 5467 Extrema:
2793 5409 3037 5481 profecto
3088 5408 3503 5463 inhumanitatis
3556 5414 3639 5459 est

2049 5508 2287 5563 subsidia
2304 5506 2427 5561 vitae
2443 5518 2689 5575 quaerere
2719 5503 2789 5558 ab
2810 5516 2876 5557 eo
2897 5502 2984 5556 cui
3010 5501 3316 5557 necessaria
3342 5501 3539 5560 desint.
3560 5499 3636 5554 iiii

2054 5614 2182 5653 vero
2227 5609 2430 5652 sortem
2483 5610 2593 5650 non
2625 5594 2760 5650 satis
2788 5608 2933 5658 esse,
2996 5593 3090 5648 sed
3123 5609 3187 5647 ex
3233 5590 3639 5648 calamitatibus

2049 5689 2306 5761 pauperis
2346 5687 2553 5744 reditus
2583 5687 2766 5758 copias
2799 5685 2906 5742 sibi
2950 5698 3144 5755 parare
3171 5685 3439 5753 cogitare.
