4056 6438
498 419 629 486 1071

498 627 763 680 minatum
791 634 896 690 est,
930 640 1030 681 nec
1051 625 1271 679 aliunde
1301 641 1316 680 :
1346 626 1432 680 vel
1465 625 1700 680 fortasse
1727 626 1927 680 dicitur
1976 625 2078 682 fee-

1727 417 2050 478 ANTONII
2088 416 2140 475 Μ
2149 416 2434 477 ELISS.-E

569 535 792 600 Faenus,
829 542 889 588 ut
946 531 1169 603 opinor,
1232 546 1262 586 a
1292 531 1582 602 multiplici
1642 531 1752 587 fetu
1797 535 1925 588 mali
1985 539 2157 596 πιθα-Α

3639 417 3756 484 107?.

2258 531 2450 596 Τόκος,
2501 527 2701 602 οἶμαι,
2768 531 2857 586 διὰ
2911 534 3011 604 τὴν
3064 533 3411 604 πολυγονίαν
3463 533 3556 588 τοῦ
3608 541 3755 594 κακοῦ

2182 627 2615 698 προσηγόρειται
2642 646 2658 662 ο
2692 627 2858 681 πόθεν
2891 628 3156 695 ἄλλοθενς
3196 631 3234 701 ἢ
3269 630 3419 700 τάχα
3445 631 3600 694 τόκος
3623 633 3758 701 λέγε-

497 734 603 775 nus
633 728 850 789 propter
890 717 1144 772 tristitias
1165 717 1454 772 etdolores
1480 717 1682 787 quibus
1713 716 1850 773 allici
1905 718 2081 774 solent

2207 737 2274 773 ται
2301 721 2390 774 διὰ
2420 721 2517 783 τὰς
2544 720 2736 785 ὀδύνας
2761 722 2858 775 καὶ
2883 722 3062 786 λύπας
3116 723 3187 786 ἃς
3223 724 3488 790 ἐμποιεῖν
3524 728 3638 789 ταῖς
3675 727 3760 796 ψυ-

499 813 668 868 animi
709 826 899 867 eorum
945 811 1039 880 qui
1127 819 1448 865 mutuantur
1506 825 1537 864 a
1599 808 2077 866 faeneratoribus:

502 906 718 960 utenim
749 905 906 959 dolor
927 905 1180 974 parienti,
1215 904 1294 958 sic
1342 903 1459 958 dies
1486 910 1672 958 certus
1707 902 1949 957 obaerato
2002 903 2084 956 in-

503 1001 652 1055 cidit.
677 999 883 1055 Foanus
901 999 1238 1054 cumulatum
1269 997 1496 1062 frenare,
1521 1013 1586 1053 ex
1606 997 1872 1066 improbis
1890 1011 2087 1066 paren-

503 1093 649 1148 tibus
701 1092 934 1162 improbi
997 1091 1174 1145 liberi.
1231 1088 1523 1145 anorum
1581 1091 1724 1145 fetus
1777 1091 2086 1159 viperarum

507 1183 687 1252 proles
709 1193 860 1238 recte
881 1183 986 1238 dici
1022 1193 1290 1252 possunt;
1348 1190 1579 1236 narrant
1625 1190 1808 1237 autem
1844 1184 2084 1252 viperas,

506 1291 665 1331 erosa
693 1277 882 1332 matris
913 1277 1058 1341 alvo,
1081 1276 1133 1329 in
1168 1275 1342 1329 lucem
1361 1274 1469 1341 edi,
1497 1285 1549 1331 et
1574 1275 1782 1330 fcenora
1813 1275 2089 1333 devoratis

508 1366 816 1423 debitorum
841 1367 1094 1422 domibus
1129 1374 1507 1435 procreantur.

582 1545 715 1612 Quae
741 1545 916 1614 exigis
941 1560 1104 1599 omne
1136 1545 1557 1601 inbumanitatis
1593 1561 1763 1616 genus
1787 1555 2046 1616 superant
2076 1565 2091 1602 :

518 1649 583 1691 ex
623 1638 986 1694 incommodis
1014 1637 1240 1693 alterius
1268 1637 1424 1709 165
1457 1647 1547 1692 tua
1585 1652 1744 1706 paras
1783 1641 2094 1706 commoda,

524 1746 592 1788 ex
617 1732 872 1802 lacrymis
902 1743 1185 1802 argentum
1220 1732 1450 1803 colligis,
1490 1734 1690 1788 nudum
1711 1733 1951 1803 iugulas,
1972 1750 2098 1789 esu-

513 1823 748 1879 rientem
782 1823 1081 1879 verberas:
1123 1823 1268 1879 nulla
1290 1839 1522 1894 usquam
1571 1825 1942 1881 misericordia
1987 1836 2092 1890 est,

516 1933 694 1989 neque
751 1917 1094 1990 cognationis
1157 1919 1276 1986 elus
1333 1918 1427 1989 qui
1478 1921 1743 1988 premitur
1788 1922 2095 1979 recordatio

515 2013 646 2068 ulla.

584 2102 839 2174 Agricola
874 2118 999 2160 cum
1031 2103 1201 2160 semel
1265 2103 1474 2172 spicam
1525 2106 1753 2162 seminis
1801 2110 2096 2178 receperit,

514 2196 713 2252 iterum
741 2195 842 2253 sub
865 2195 1046 2252 radice
1072 2196 1305 2252 scrutari
1338 2211 1444 2250 non
1467 2198 1636 2251 solet:
1666 2206 1720 2249 tu
1749 2212 1878 2251 vero
1903 2207 1956 2252 et
1984 2198 2098 2252 fru-

516 2301 638 2347 ctus
665 2291 854 2354 babes,
880 2304 982 2346 nec
997 2290 1096 2345 tibi
1119 2303 1360 2357 unquam
1384 2303 1506 2343 sors
1527 2289 1874 2343 diminuitur.
1913 2287 2099 2344 lncer-

517 2390 634 2439 tum
652 2392 740 2441 est
758 2382 846 2439 cui
863 2397 1183 2447 coacervcs;
1206 2389 1390 2438 certus
1413 2389 1495 2437 est
1518 2381 1610 2450 qui
1629 2379 1935 2435 faenoribus
1953 2397 2102 2450 pres-

519 2491 616 2532 sus
638 2475 998 2546 lacrymatur,
1033 2483 1089 2530 at
1120 2475 1213 2546 qui
1243 2474 1513 2530 fruiturus
1532 2473 1730 2530 sitisto
1751 2475 1913 2531 modo
1945 2490 2102 2531 com-

519 2569 730 2640 paratis
759 2569 958 2639 opibus
980 2567 1299 2638 ambiguum
1325 2576 1432 2624 est.

579 2683 769 2740 s-Canes
800 2684 845 2740 si
876 2684 1005 2754 quid
1039 2684 1351 2753 acceperint
1409 2684 1732 2740 eicurantur
1768 2703 1780 2739 :
1816 2692 1871 2739 at
1935 2683 2107 2740 foene-

523 2788 678 2837 rator
704 2779 995 2851 accipiens,
1031 2779 1193 2834 etiam
1227 2779 1480 2835 irritatur
1509 2798 1526 2848 ;
1572 2795 1683 2836 non
1723 2780 1866 2836 enim
1905 2781 2108 2838 desinit

524 2871 747 2934 latrare,
786 2883 850 2925 ac
874 2869 996 2940 plus
1029 2867 1264 2939 plusque
1319 2869 1620 2939 inquirere.
1658 2867 1717 2924 Si
1768 2870 1946 2941 juras,
1998 2885 2108 2926 non

525 2962 700 3018 credit
735 2979 750 3016 :
780 2976 902 3032 quae
926 2961 1072 3016 intus
1103 2967 1254 3029 sunt,
1291 2969 1595 3027 scrutatur,
1634 2963 1688 3016 in
1725 2963 2105 3019 contractibus

525 3053 759 3108 multum
789 3067 970 3123 opera:
1021 3052 1228 3123 ponit:
1290 3053 1336 3108 si
1386 3067 1417 3108 e
1465 3053 1799 3110 domuncula
1845 3053 2105 3124 prodeas,

527 3148 700 3204 trahit
735 3146 804 3203 ad
835 3162 893 3203 se
917 3158 972 3203 et
1004 3146 1211 3203 scindit
1265 3145 1636 3203 vestimenta:
1688 3145 1776 3201 sin
1821 3158 2002 3202 autem
2059 3155 2112 3202 te

2183 814 2308 880 χαῖς
2338 812 2451 865 τῶν
2485 813 2895 883 δανεισαμένων
2926 813 3198 884 πέφυκεν.
3224 815 3448 885 ’Ὠσπερ
3472 816 3579 886 γὰρ
3601 817 3634 888 ἡ
3653 817 3760 880 ὠδὶς

2185 907 2250 976 τῇ
2281 905 2572 977 τικτούσῃ,
2620 905 2791 970 οὕτως
2824 907 3138 977 προθεσμία
3188 907 3276 976 τῷ
3320 909 3575 979 ὐπόχρεῳ
3619 910 3762 980 παρί-

2188 1015 2407 1053 σταται.
2443 999 2615 1062 Τόκος
2653 1000 2744 1053 ἐπὶ
2782 1001 2949 1068 τόκῳ,
2988 1001 3250 1070 πονηρῶν
3289 1003 3500 1070 γονέων
3554 1002 3762 1071 πονηῴν

2189 1091 2385 1159 ἔγγυον
2445 1090 2511 1164 [Ῑ.
2575 1082 2845 1164 ἔγγονονῙ.
2907 1091 3097 1145 Ταῦτα
3156 1093 3422 1160 λεγέσθω
3477 1094 3763 1163 γεννήματα

2191 1185 2439 1255 ἐχιδνῶν,
2495 1185 2564 1240 τὰ
2599 1187 2709 1238 τῶν
2735 1186 2912 1238 τόκων
2965 1186 3377 1254 ἀποκυήματα.
3422 1186 3533 1248 Τὰς
3579 1186 3763 1254 ἐχίδνας

2192 1281 2348 1346 φασὶ,
2380 1282 2480 1340 τὰς
2505 1280 2785 1347 γαστέρας
2820 1280 2917 1347 τῆς
2956 1278 3169 1346 μητρὸς
3211 1278 3583 1343 διεσθιούσας,
3613 1279 3765 1331 τίκτε-

2195 1374 2342 1428 σθαι’
2376 1376 2472 1428 καὶ⁵
2497 1374 2547 1426 οί
2566 1374 2737 1437 τόκοι,
2760 1372 2886 1436 τούς
2911 1371 3095 1434 οἴκους
3115 1370 3232 1423 τῶν
3256 1371 3586 1440 ὀφειλόντων
3616 1373 3763 1440 ὲκφαυ

2195 1467 2405 1535 γόντες,
2446 1467 2874 1536 ἀπογεννῶνται.

2274 1561 2342 1614 Ἀ
2371 1560 2707 1629 λαμϐάνεις,
2731 1547 3150 1632 μισανθρωπίας
3185 1559 3504 1631 ὑπερϐολὴν
3537 1559 3763 1628 οὐδεμίαν

2197 1652 2506 1707 ἀπολείπει.
2546 1652 2680 1706 Ἀπὸ
2706 1652 3006 1723 συμφορῶν
3039 1636 3384 1721 κερδαίνεις,
3416 1650 3524 1703 ἀπὸ
3546 1647 3764 1718 δακρύων

2199 1745 2614 1816 ἀργυρολογεῖς,
2655 1744 2748 1798 τὸν
2803 1746 3013 1813 γυμνὸν
3066 1746 3287 1817 ἄγχεις,
3323 1745 3419 1798 τὸν
3453 1742 3764 1813 λιμώττοντα

2203 1839 2448 1900 τύπτεις.
2479 1837 2671 1901 Ἔλεος
2697 1835 2960 1906 οὐδαμοῦ,
2993 1835 3175 1890 ἔννοια
3207 1837 3314 1907 τῆς
3346 1832 3662 1904 συγγενείας
3686 1827 3764 1883 τοῦ

2199 1929 2502 2001 πάσχοντος
2534 1929 2781 1998 οὐδεμία.

2281 2115 2342 2167 '0
2398 2115 2646 2184 γεωργὸς
2683 2114 2775 2167 τὸν
2824 2114 3031 2183 στάχυν
3066 2112 3260 2166 λαϐὼν
3312 2110 3410 2165 τοῦ
3461 2107 3761 2178 σπέρματος,

2201 2208 2368 2262 πάλιν
2407 2209 2512 2262 ὑπὸ
2563 2208 2662 2280 τὴν
2699 2210 2856 2278 ῥίζαν
2909 2209 3010 2260 οὐκ
3042 2207 3286 2277 ἐρευνᾷ·
3325 2207 3390 2259 σὺ
3421 2205 3480 2258 δὲ
3533 2203 3622 2257 καὶ
3662 2199 3766 2259 τοὺς

2204 2300 2454 2366 καρποὺς
2505 2300 2674 2367 ἔχεις,
2731 2300 2825 2352 καὶ
2870 2299 2970 2352 οὐκ
3009 2298 3320 2365 ἀφίστασαι
3377 2295 3488 2348 τῶν
3532 2290 3760 2362 ἀρχαίων.

2209 2390 2572 2469 ’Λδηλοντίνι
2604 2390 2880 2456 συνάγεις.
2928 2389 2987 2443 Ὀ
3019 2389 3116 2459 μὲν
3151 2388 3414 2459 δακρύων
3445 2385 3537 2440 ἐπὶ
3575 2384 3676 2444 τοῖς
3693 2378 3763 2431 τό·

2208 2500 2325 2545 κοις
2364 2483 2631 2552 πρόδηλος
2655 2499 2671 2513 ·
2711 2484 2740 2535 ό
2766 2483 2824 2535 δὲ
2847 2482 3148 2536 ἀπολαύειν
3177 2481 3396 2551 μέλλων
3419 2479 3520 2550 τῆς
3546 2475 3646 2531 ἀπὸ
3667 2469 3763 2527 τού·

2207 2590 2316 2628 των
2347 2575 2666 2645 περιουσίας
2702 2574 3044 2646 ἀμφίϐολος.¹

2281 2687 2459 2751 Κύνες
2488 2687 2745 2751 λαϐόντες
2786 2687 3124 2759 ἡμεροῦνται
3145 2703 3165 2718 ο
3199 2687 3228 2741 ό
3255 2686 3314 2740 δὲ
3350 2681 3626 2749 δανειστὴς
3653 2677 3764 2742 λαμ’

2211 2775 2393 2831 δάνων
2445 2779 2917 2850 προσερεθίζεται.
2955 2779 3028 2831 Οὐ
3079 2777 3194 2848 γὰρ
3239 2781 3478 2832 παύεται
3532 2767 3762 2827 ὑλακτῶν,

2211 2869 2306 2922 καὶ
2357 2869 2418 2921 τὸ
2477 2869 2638 2923 πλέον
2693 2871 2990 2937 ἐπιζητῶν.
3057 2869 3190 2924 Ἐὰν
3242 2870 3488 2941 ὀμνύῃς,
3541 2858 3760 2918 amasti“

2213 2963 2415 3034 ἐρευνᾷ
2443 2967 2511 3015 τὰ
2536 2963 2682 3016 ἔνδον
2711 2979 2723 2992 ·
2765 2963 2833 3015 τὰ
2870 2963 3306 3034 συναλλάγματά
3339 2979 3434 3015 σου
3486 2958 3761 3021 πολυπραγ-

2219 3060 2391 3127 μονεῖ.
2442 3057 2566 3110 Ἐὰν
2603 3057 2798 3128 προῗῃς
2849 3057 2943 3109 τοῦ
2996 3057 3303 3126 δωματίου,
3338 3056 3482 3108 ἕλκει
3513 3050 3638 3122 πρὸς
3661 3046 3763 3098 ἑαυδ

2214 3151 2307 3203 τὸν
2355 3153 2452 3205 καὶ
2509 3151 2832 3220 κατασύρει.
2883 3150 3007 3202 Ἐὰν
3060 3151 3119 3204 δὲ
3173 3151 3372 3205 ἑαυτὸν
3424 3139 3759 3218 γαταμρύψῃς.

526 3244 645 3313 ipse
663 3240 1044 3310 occultaveris,
1091 3247 1236 3297 astat
1263 3239 1320 3295 in
1344 3239 1616 3297 vestibulo
1641 3247 1698 3296 et
1729 3239 1933 3295 ostium
1987 3239 2103 3310 ρυι-

2213 3243 2482 3314 ἐφέστηκε
2517 3248 2581 3316 τῇ
2617 3243 2814 3314 αὐλαίᾳ
2841 3245 2931 3294 καὶ
2967 3245 3387 3317 θυροκρουστεί.

529 3345 634 3393 sat.

603 3423 662 3482 S.
699 3424 968 3496 Chrysost.
1002 3422 1746 3480 Cuminvenerintdebitores
1773 3435 1928 3487 suos,
1955 3435 2110 3491 quas:

530 3514 772 3588 pradam
812 3516 958 3571 nacti
1005 3513 1085 3570 sic
1136 3515 1413 3580 laetantur,
1443 3529 1509 3569 ac
1567 3511 1750 3568 omnia
1815 3511 2025 3566 faciunt
2057 3519 2116 3566 ut

533 3619 707 3666 totum
739 3615 1011 3681 repetant.
1035 3608 1193 3676 Quod
1226 3609 1270 3665 si
1309 3607 1492 3663 minus
1523 3605 1576 3662 id
1615 3613 1850 3676 possunt
1889 3612 2112 3674 propter

534 3718 724 3761 eorum
761 3702 850 3774 qui
882 3702 1085 3759 debent
1113 3701 1382 3773 impiam,
1411 3702 1548 3756 iram
1575 3699 1821 3770 pecuniae
1845 3713 2011 3753 causa
2033 3698 2118 3751 in-

533 3795 863 3852 flammatam
892 3795 949 3850 in
1004 3807 1443 3851 aarumnosorum
1462 3805 1663 3863 corpus
1684 3799 1959 3856 exercent,
1989 3803 2118 3844 con-

538 3890 825 3946 tumeliose
849 3888 1032 3959 ﬂagris
1057 3886 1352 3953 caedentes,
1387 3894 1446 3942 et
1470 3885 1852 3950 verberantes,
1885 3892 1941 3938 et
1970 3882 2119 3938 mille

538 3986 660 4042 aliis
683 3983 1044 4040 incommodis
1073 3981 1390 4038 allicientes.

931 4119 1167 4176 SERMO
1200 4117 1393 4174 XXVII
1447 4115 1549 4189 [αι.
1597 4113 1734 4187 LX].

541 4219 619 4274 De
657 4217 721 4271 iis
757 4216 846 4286 qui
871 4222 1182 4286 mutuantur
1224 4221 1273 4265 et
1340 4210 1480 4280 quod
1528 4223 1734 4278 wquum
1781 4214 1859 4259 est
1897 4204 2123 4258 credito-

1081 4285 1226 4338 ribus
1255 4291 1436 4353 gratos
1460 4296 1590 4335 esse.

619 4384 892 4439 Salomon.
920 4380 1232 4435 Prudentiaa
1263 4386 1346 4433 est
1385 4387 1719 4445 cognoscere
1762 4386 1790 4424 a
1825 4386 1934 4440 quo
1964 4369 2126 4440 proli-

545 4475 786 4532 ciscatur
808 4475 978 4544 gratia
1008 4472 1083 4542 (id
1120 4481 1228 4536 est,
1254 4471 1552 4541 gratuitum
1591 4464 1946 4535 bene/icium).

619 4569 830 4625 Sirach.
865 4564 1407 4622 Gratianthominum
1429 4573 1685 4632 tanquam
1707 4559 1963 4630 pupillam
1989 4572 2126 4613 ocu-

547 4667 581 4721 li
606 4671 952 4722 conservato.

618 4759 720 4826 Qui
753 4758 981 4828 gratiam
1008 4754 1205 4819 reddit,
1230 4751 1542 4808 futurorum
1573 4747 1901 4810 meminit,et
1931 4756 2137 4815 tempo-

549 4868 609 4908 re
646 4866 760 4906 suae
792 4847 1122 4903 calamitatis
1156 4843 1398 4900 inveniet
1428 4840 1886 4898 Stabilimentum.

622 5030 679 5086 S.
715 5030 928 5085 Basilii.
962 5027 1066 5095 Qui
1092 5027 1159 5082 de
1207 5025 1371 5081 nobis
1414 5024 1553 5079 bene
1627 5020 1806 5076 meriti
1857 5029 2006 5083 sunt,
2059 5015 2126 5071 iis

551 5139 770 5177 onmem
801 5119 1236 5176 benevolentiam
1257 5123 1516 5185 praestare
1542 5111 1828 5167 debemus.

627 5214 894 5284 Theologi.
936 5209 1438 5280 Rcddamusigitur
1468 5222 1593 5262 cum
1625 5206 1835 5260 foenore
1893 5203 2134 5259 debitum

556 5311 601 5364 si
627 5307 788 5362 modo
810 5315 1018 5361 tantum
1047 5304 1328 5374 possidere
1359 5303 1666 5356 videamur.

628 5399 886 5454 Philonis.
910 5397 1050 5451 Nihil
1083 5405 1166 5452 est
1204 5395 1350 5466 quod
1409 5395 1622 5450 facilius
1677 5393 2120 5448 benevolentiam

563 5492 861 5548 conciliare
915 5490 1108 5559 possit,
1171 5502 1336 5557 quam
1374 5487 1492 5556 ipsa
1544 5485 1932 5540 beneficiorum
1985 5492 2140 5555 grata

563 5582 1040 5642 commemoratio.

961 5696 1192 5752 SERMO
1219 5695 1438 5751 xxvnt
1473 5695 1573 5769 [αι.
1603 5694 1760 5767 LXI].

789 5793 862 5846 De
892 5793 1120 5862 ingratis
1147 5808 1260 5845 cum
1299 5799 1540 5843 mutuum
1573 5789 1909 5856 sumpserint.

645 5885 827 5940 David.
893 5885 1168 5941 Mutuatur
1196 5882 1499 5956 improbus,
1537 5897 1635 5939 nec
1661 5895 1899 5951 unquam
1951 5875 2151 5936 reddit.

2307 3427 2561 3481 Ἐπειδὰν
2609 3426 2813 3498 εὕρωσι
2869 3424 2996 3488 τοὺς
3036 3424 3359 3492 ὀφείλοντας
3407 3421 3458 3473 ol
3507 3413 3759 3482 ἄνθρωποι.

2223 3520 2412 3590 ὥσπερ
2441 3519 2666 3590 θήραμα
2691 3519 2965 3586 εὑρόντες,
2997 3515 3175 3577 οὕτως
3201 3513 3489 3584 γεγήθασι,
3512 3510 3600 3560 καὶ
3619 3500 3762 3552 πάντα

2225 3613 2472 3667 ποιοῦσιν
2524 3614 2675 3677 ὅπως
2705 3614 2764 3666 τὸ
2800 3613 2911 3666 πᾶν
2957 3610 3314 3682 ἀπαιτήσωσι
3340 3625 3353 3639 ·
3388 3603 3486 3658 κᾶν
3521 3599 3590 3669 μὴ
3629 3596 3761 3682 δυνη·

2226 3708 2358 3761 θῶσι
2387 3708 2474 3761 διὰ
2500 3708 2598 3779 τὴν
2634 3695 2824 3760 πενίαν
2862 3707 2971 3759 τῶν
3003 3681 3362 3774 ὀφειλόντων,
3393 3698 3488 3768 τὴν
3521 3681 3762 3779 ὑπὲρῖῶν

2227 3774 2760 3870 χρημάτων’ὁργὴν
2810 3799 2890 3861 είς
2940 3796 3002 3850 τδ
3055 3795 3406 3864 ταλαίπωρον
3455 3785 3557 3840 τῶν
3593 3774 3760 3870 adlinit}

2229 3863 2412 3962 σῶμα,
2448 3863 2790 3961 αἰκιζόμενοι
2823 3887 2922 3943 καὶ
2955 3887 3255 3950 τύπτοντες
3287 3863 3382 3938 καὶ
3417 3873 3577 3951 μυρία
3613 3863 3761 3921 αὐτοῖς

2228 3984 2595 4054 διατιθέμενοι
2626 3985 2796 4050 κακὰ,
2836 3983 3151 4053 ἐναφιᾶσιν.

2831 4119 3052 4173 ΛΟΓΟΣ
3087 4117 3223 4172 ΚΖ’.

2231 4213 2370 4282 Περὶ
2398 4211 2850 4282 δανειζομένων,
2876 4212 2975 4265 καὶ
3001 4212 3091 4264 ὅτι
3119 4210 3238 4279 χρὴ
3269 4193 3649 4276 εὐγνωμονεῖν
3666 4180 3762 4246 τοῖς

2819 4282 3217 4350 κυριοχρέοις.

2306 4380 2626 4448 Φρονήσεως
2651 4378 2711 4431 τὸ
2743 4377 2944 4430 είδέναι
2970 4375 3112 4438 τίνος
3141 4379 3174 4446 ὴ
3209 4373 3390 4444 χάρις.

2312 4563 2489 4632 Χάριν
2517 4559 2809 4630 ἀνθρωπου
2841 4555 2916 4620 ὡς
2945 4555 3116 4626 κόρην
3145 4545 3425 4624 ὀφθαλμοῦ
3455 4533 3759 4603 συντήρησονο

2320 4742 2382 4795 '0
2415 4737 2804 4801 ἀνταποδιδοὺς
2845 4735 3096 4806 χάριτας,
3137 4732 3411 4802 μέμνηται
3451 4707 3627 4806 aut“
3655 4692 3760 4806 μῗὰ

2345 4785 2377 4795 “’
2416 4785 2802 4801 '"'"""""'
2847 4785 3029 4806 A“|""
3056 4785 3096 4799 ειν
3137 4785 3149 4802 ι
3212 4785 3225 4801 ι
3308 4785 3319 4798 .

2239 4832 2414 4888 ταῦτα
2439 4847 2453 4862 ’
2487 4831 2582 4883 καὶ
2608 4830 2668 4882 ὲν
2714 4827 2895 4899 καιρῷ
2942 4828 3205 4887 πτώσεως
3233 4814 3395 4875 αὐτοῦ
3443 4803 3644 4876 εὑρήσει
3667 4785 3760 4853 στή-

2248 4943 2440 4997 ριγμαο
3421 4999 3436 5006 Δ
3551 4989 3606 5006 ,Α
3648 4968 3742 5006 λης

2319 4979 2443 5084 :Il‘oi;
2477 5019 2792 5089 εὐεργέταις
2827 5017 3009 5071 πᾶσαν
3057 5012 3273 5067 εὔνοιαν
3316 4989 3607 5068 ἐκπληροῦν
3648 4979 3763 5043 ὀφεί·

2243 5115 2433 5184 λομεν.

2330 5205 2730 5273 Ἀποδὼσωμεν
2776 5200 2956 5254 τοίνυν
3004 5199 3102 5251 σὺν
3131 5196 3273 5263 τόκῳ
3304 5189 3360 5244 τὸ
3402 5179 3569 5255 χρέος.

2247 5298 2506 5354 τοσοῦτον
2542 5293 2903 5364 εὐποροῦντες
2934 5291 3215 5359 φανῶμεν.
3487 5365 3498 5368 _
3569 5355 3591 5368 _

2321 5390 2489 5444 Οὐδὲν
2515 5388 2689 5449 οὕτως
2720 5385 3003 5450 εὐάγωγον
3021 5383 3100 5446 είς
3125 5379 3357 5439 εὔνοιαν,
3377 5371 3450 5431 ὡς
3476 5365 3506 5434 ή
3533 5363 3626 5411 τῶν
3647 5363 3715 5399 ευε

2248 5483 2578 5554 γετημάτων
2600 5478 2866 5549 εὐφημία.

3603 5168 3660 5222 ἂν
3681 5158 3761 5223 ἄρα

3722 5350 3763 5404 ρ

2851 5682 3071 5738 ΛΟΓΟΣ
3111 5679 3240 5734 Kll'.

2402 5778 2542 5847 Περὶ
2573 5775 3004 5846 δανειζομένων
3033 5772 3130 5827 καὶ.
3163 5747 3648 5850 ἀγνωμοῗούῖῖῗέν’

2336 5871 2650 5934 Δανείζεται
2687 5871 2715 5923 ὁ
2749 5865 3094 5940 ἁμαρτωλὸς,
3127 5861 3220 5918 καὶ
3257 5853 3351 5909 οὐκ
3380 5841 3619 5900 ἁποτισειο
