4056 6414
355 397 494 463 1073
1171 395 1346 457 LOCI
1388 395 1540 457 COM
1551 390 1835 456 MUNES.
1872 418 1942 431 —

2030 391 2167 454 ARS
2211 390 2290 454 Π.
2338 389 2594 452 SERMO
2629 389 2810 450 XXX.
3494 384 3632 449 1074

421 515 517 586 Μὴ
570 513 713 568 έστω
747 513 780 584 ἡ
820 513 943 584 χείρ
971 529 1074 566 σου
1102 512 1441 583 ἐκτεταμένη
1485 512 1566 576 είς
1595 509 1676 565 ’τὸ
1720 509 1932 575 λαϐεῖν,
1964 508 2012 565 Α

2115 508 2287 564 Eccli.
2319 526 2392 564 tv.
2429 509 2510 563 Ne
2539 508 2613 562 sit
2649 521 2845 562 manus
2881 499 2974 558 tua
3007 503 3073 558 ad
3092 500 3473 572 accipiendum
3501 518 3629 574 ροτ-

350 613 451 667 καὶ
483 613 541 664 ἐν
570 609 648 678 τῷ
678 605 990 662 ἀποδιδόναι
1025 607 1460 676 συνεσταλμένη.

2047 615 2219 668 recta,
2246 610 2298 658 et
2319 603 2386 658 ad
2415 601 2756 656 reddendum
2790 607 3092 655 contracta.

421 702 617 756 Πολλοὶ
643 700 720 766 ὡς
747 698 971 772 εὕρημα
996 700 1260 770 ἐνόμισαν
1288 698 1470 769 δάνος,
1516 699 1615 754 καὶ
1653 696 1931 770 παρέσχον

2110 695 2192 750 Ib.
2217 711 2369 749 xxxx.
2399 693 2554 748 Multi
2618 700 2870 748 mutuum
2941 689 3100 762 quasi
3147 689 3428 745 inventum
3477 688 3629 743 aesti-

353 794 556 856 κόπους
593 792 708 857 τοῖς
740 791 1070 864 βοηθήσασιν
1099 791 1304 857 αὐτοῖς.

2041 797 2214 853 mant,
2243 785 2616 857 exhibentque
2647 785 2932 840 molestias
2965 784 3047 839 eis
3085 782 3179 854 qui
3235 781 3370 851 ipsis
3427 780 3632 835 subve-

2040 878 2245 935 nerint.

427 973 738 1041 Ἀχρηστος
767 970 828 1024 έν
857 969 1069 1042 διανοίᾳ
1106 969 1494 1042 ἐγκαταλείψει
1528 967 1858 1041 ῥυσάμενον.

2125 971 2285 1042 166
2316 970 2529 1025 Stultus
2554 976 2609 1024 et
2638 970 2887 1038 ingratus
2915 982 3044 1023 eum
3091 980 3122 1022 a
3148 980 3260 1036 quo
3313 963 3487 1021 fuerit
3525 964 3637 1019 ali--

1409 1085 1417 1093 ·
2043 1063 2267 1135 quando
2304 1062 2599 1126 liberatus,
2638 1060 2880 1116 deseret.

423 1153 518 1223 Μὴ
571 1153 733 1224 μόνον
791 1151 1137 1222 λαμϐάνοντα
1192 1148 1422 1205 σεαυτὸν
1471 1147 1604 1211 νόει,
1653 1146 1790 1201 ἀλλὰ
1836 1144 1935 1200 καὶ

2114 1154 2238 1210 Non
2295 1153 2474 1208 solum
2516 1160 2605 1207 est
2630 1150 2987 1220 cogitandum
3025 1148 3126 1203 tibi
3173 1161 3298 1203 esse
3349 1145 3646 1216 accipien-

354 1244 780 1315 ἀπαιτούμενον.
812 1242 880 1297 Τί
933 1241 1261 1313 πολυπλόκῳ
1310 1240 1486 1312 θηρίῳ
1537 1238 1730 1294 ἑαυτὸν
1757 1256 1934 1309 παρα-

2045 1246 2322 1312 dum,sed
2361 1245 2526 1300 etiam
2570 1242 2932 1306 reddendum,
2989 1255 3115 1295 cum
3171 1247 3447 1306 repetetur
3475 1237 3621 1307 quod

354 1337 636 1404 ζευγνύεις
655 1351 672 1401 ;

2045 1337 2354 1408 acceperis;
2395 1349 2496 1391 cur
2517 1341 2572 1388 te
2603 1348 2727 1389 cum
2760 1332 2940 1388 bestia
2975 1331 3181 1385 nodosa
3221 1328 3551 1399 conjungis?

217 1444 246 1458 ί
443 1427 502 1481 '0
528 1427 713 1490 τόκοις
739 1427 934 1482 ἑαυτὸν
968 1425 1275 1480 ὑπεύθυνον
1305 1424 1682 1495 καταστήσας,
1719 1417 1796 1476 ὧν

2118 1431 2222 1496 Qui
2275 1445 2336 1485 se
2393 1425 2702 1484 ftenoribus
2764 1421 3077 1490 subjectum
3131 1419 3333 1485 reddit,
3385 1432 3620 1488 quorum

358 1538 554 1590 κτησιν
589 1520 689 1591 οὐχ
723 1519 1040 1589 ὑφίσταται,
1074 1518 1327 1573 δουλείαν
1364 1516 1687 1588 αὐθαίρετον
1714 1512 1936 1580 ἐδέξατο

2044 1521 2450 1594 possessionem
2489 1533 2603 1574 non
2640 1522 2816 1580 tenet,
2855 1513 3225 1570 voluntariam
3275 1516 3627 1581 perpetuam-

358 1614 450 1667 διὰ
487 1613 622 1682 βίου.

2050 1630 2156 1687 que
2183 1613 2418 1682 suscipit
2447 1611 2791 1667 servitutem.

443 1706 693 1776 Ὀρῶμεν
724 1705 850 1775 οὐχὶ
879 1704 1010 1768 τοὺς
1039 1703 1146 1758 τῶν
1184 1704 1498 1770 ἀναγκαίων
1534 1704 1733 1765 ἐνδεεῖς
1782 1703 1936 1771 ἐρχο-

2117 1706 2237 1762 Non
2269 1704 2513 1759 videmus
2569 1716 2666 1756 eos
2712 1696 2914 1770 quibus
2958 1697 3272 1752 necessaria
3299 1693 3519 1750 'desunt
3559 1692 3646 1747 ad-

364 1797 561 1868 μένους
583 1797 674 1849 ἐπὶ
693 1796 752 1849 τὸ
774 1795 1004 1851 δάνειονο
1022 1797 1142 1850 οὐδὲ
1164 1797 1270 1868 γὰρ
1303 1797 1484 1866 έχουσι
1509 1797 1636 1859 τοὺς
1658 1795 1939 1848 πιστεύον-

2045 1808 2298 1855 mutuum
2335 1793 2660 1851 sumendum
2711 1791 3010 1856 accedere;
3065 1803 3176 1843 non
3224 1787 3370 1844 enim
3423 1785 3633 1841 habent-

361 1860 498 1952 ταςσ
547 1889 686 1944 ἀλλὰ
729 1888 1068 1953 δανείζονται
1125 1860 1406 1957 ἄνθρωποι
1465 1887 1738 1950 δαπάναις
1789 1887 1938 1940 ἀνει-

2043 1891 2137 1962 qui
2194 1890 2330 1960 ipsis
2393 1885 2672 1952 credant;
2719 1883 2815 1939 sed
2896 1883 2932 1936 ii
2983 1881 3084 1936 soli
3133 1888 3476 1940 mutuantur,
3529 1878 3621 1948 qui

370 1982 585 2050 μέναις,
613 1981 709 2034 καὶ
757 1979 1132 2042 πολυτελείαις
1163 1979 1440 2049 ἀκάρποις
1495 1978 1724 2041 ἑαυτοὺς
1761 1978 1942 2031 ἐπιδι-

2045 1982 2354 2052 sumptibus
2403 1977 2647 2052 profusis
2671 1985 2726 2032 et
2755 1975 2909 2030 luxui
2943 1973 3281 2028 infructuoso
3315 1985 3372 2026 se
3403 1969 3629 2025 dedide-

364 2075 568 2138 δόντες.

2043 2081 2194 2128 runt.

436 2125 592 2222 Εἶδον
644 2165 756 2236 ἐγὼ
821 2167 1055 2220 ἐλεεινὸν
1110 2165 1315 2234 θέαμα,
1365 2163 1562 2228 παῖδας
1621 2162 1944 2231 ἐλευθέρους

2117 2162 2254 2219 Rem
2315 2160 2702 2217 miserabilem
2739 2157 3021 2230 spectavi,
3074 2153 3282 2208 liberos
3338 2149 3623 2214 homines,

366 2260 510 2332 ὑπὲρ
558 2260 736 2334 χρεῶν
793 2260 1077 2330 πατρικῶν
1107 2258 1435 2329 ἑλκομένους
1485 2257 1566 2321 είς
1609 2256 1673 2310 τὸ
1731 2257 1945 2328 πρατή-

2047 2268 2279 2325 quorum
2311 2253 2639 2324 patrimonia
2667 2259 2854 2308 essent
2886 2249 3146 2310 obserata,
3175 2243 3268 2314 qui
3323 2241 3625 2296 traheban-

369 2372 504 2424 ριον.
732 2376 739 2382 ·

2053 2354 2143 2400 tur
2176 2350 2238 2399 ut
2273 2343 2559 2399 vzenirent.

439 2474 516 2528 Ού
549 2474 747 2538 νύκτες
782 2473 862 2544 τῷ
894 2473 1144 2547 χρεώστῃ
1177 2473 1489 2529 ἀνάπαυσιν
1533 2459 1810 2541 φέρουσιν,
1848 2468 1948 2538 ούχ

2137 2463 2198 2520 S.
2228 2463 2442 2519 Basilii.
2499 2461 2620 2518 Non
2685 2469 2874 2517 noctes
2924 2456 3156 2513 debitori
3205 2453 3442 2525 quietem
3501 2447 3636 2503 alle-

368 2571 557 2641 ήμέρα
586 2567 811 2640 φαιδρὰ,
834 2541 949 2639 οὔχ
972 2541 1406 2640 ἥλιος-τερπνὸς,
1435 2564 1574 2619 ἀλλὰ
1603 2561 1948 2632 δυσχεραίνει

2049 2567 2204 2622 runt,
2230 2572 2340 2613 non
2372 2556 2489 2612 dies
2519 2556 2568 2611 ei
2592 2553 2858 2624 jucunda.
2891 2567 3002 2607 non
3055 2550 3139 2606 sol
3177 2547 3496 2608 delectans;
3534 2541 3630 2597 sed

367 2635 460 2716 τδν
485 2635 630 2732 βίον,
681 2635 958 2732 μισεῖ
994 2635 1231 2731 ’ἡμέρας
1270 2657 1410 2728 πρὸς
1461 2657 1560 2726 τὴν
1604 2655 1947 2727 προθεσμίαν

2052 2665 2147 2721 per
2175 2664 2392 2704 omnem
2426 2649 2597 2704 vitam
2646 2649 2706 2702 in
2744 2644 2974 2701 tristitia
3010 2648 3265 2696 versatur
3297 2654 3312 2693 :
3347 2637 3465 2693 dies
3495 2635 3631 2699 odit,

369 2753 760 2824 έπειγομένας,
795 2750 1045 2821 φοϐεῖται
1085 2752 1215 2814 τοὺς
1267 2751 1441 2818 μῆνας
1469 2751 1546 2812 ὡς
1575 2749 1752 2801 τόκων
1778 2749 1949 2799 πατέ-

2051 2744 2146 2814 qui
2194 2742 2262 2797 ad
2317 2741 2703 2812 praescriptum
2761 2745 2976 2807 tempus
3026 2738 3362 2804 properant;
3419 2742 3635 2782 menses

373 2820 646 2920 ραςίῐξᾶν
697 2843 959 2918 καθεύδῃ,
987 2843 1240 2898 ἐνύπνιον
1284 2842 1472 2913 βλέπει
1502 2840 1594 2894 τὸν
1637 2837 1949 2908 δανειστὴν,

2052 2834 2335 2898 formidat,
2372 2833 2532 2902 quasi
2571 2845 2868 2886 usurarum
2901 2827 3210 2898 genitores;
3253 2825 3298 2878 si
3326 2820 3635 2884 dormierit,

369 2918 540 2995 κακὸν
572 2941 700 3009 ὄναρ
725 2941 792 3010 τῇ
821 2937 1032 3008 κεφαλῇ
1063 2935 1472 3007 παριστάμενον
1496 2949 1512 2964 ο
1538 2931 1643 2986 κᾶν
1670 2932 1945 3004 γρηγορῇ,

2055 2931 2108 2985 in
2152 2929 2362 2985 somnis
2389 2928 2538 2983 videt
2588 2928 2974 2983 faeneratorem
3017 2921 3182 2992 capiti
3235 2918 3632 2981 imminentem,

373 3034 552 3088 ἔννοια
578 3006 727 3102 αὐτῷ
759 3006 858 3084 καὶ
883 3006 1107 3102 φροντὶς
1202 3028 1358 3089 τόκος
1381 3025 1523 3080 ἐστί.

2054 3018 2359 3074 infaustum
2419 3016 2733 3081 somnium;
2797 3015 2879 3068 sin
2941 3010 3205 3083 vigilat-it,
3267 3006 3538 3076 cogitatio
3585 3011 3638 3058 et

366 3155 395 3185 χ
1562 3173 1568 3179 ,
2057 3109 2374 3167 sollicitudo
2403 3108 2472 3164 de
2497 3108 2686 3164 usuris
2724 3114 2830 3161 est.

444 3211 702 3267 Τοιοῦτον
727 3211 762 3282 ἡ
797 3209 878 3272 είς
907 3207 1037 3270 τοὺς
1066 3203 1398 3276 ἀχαρίστους
1444 3201 1625 3272 χάρις.
1669 3197 1816 3252 ’Δντὶ
1841 3197 1950 3268 γὰρ
1977 3205 2022 3266 ο

2127 3200 2264 3258 Tale
2291 3201 2551 3272 quiddam
2587 3201 2642 3254 in
2677 3200 2925 3269 ingratos
2952 3195 3114 3252 eﬂicit
3142 3192 3395 3249 beneficii
3426 3189 3598 3262 gratia
3622 3205 3637 3252 ;

373 3301 449 3362 ὧν
480 3280 864 3375 ὠφελήθησαν,
917 3301 1224 3373 παρέχουσι
1268 3299 1368 3362 τὰς
1423 3296 1689 3366 μεγίστας
1741 3291 1952 3364 ζημίας

2054 3307 2154 3363 pro
2185 3292 2254 3348 iis
2281 3292 2427 3348 enim
2475 3289 2756 3347 beneficiis
2801 3289 3002 3360 quibus
3047 3286 3217 3356 adiuti
3263 3293 3412 3349 sunt,
3453 3280 3648 3336 multis

372 3400 485 3463 τοῖς
519 3398 972 3468 εύεργετήσασιν.

2055 3384 2272 3442 damnis
2304 3383 2546 3440 alliciunt
2579 3383 2644 3438 de
2672 3396 2732 3438 se
2766 3380 2909 3437 bene
2944 3379 3191 3434 meritos.

977 3530 1199 3586 ΛΟΓΟΣ
1230 3525 1360 3583 KO'.
2445 3517 2681 3574 SERMO
2714 3515 2887 3571 XXIX
2923 3515 3026 3588 [αι.
3057 3512 3248 3582 CXX].

377 3652 520 3722 Περὶ
559 3643 1234 3722 ἐκμισθουμένων..ῇτοι
1276 3640 1603 3722 acupis!)er
1651 3633 1952 3708 χρηστῶν,

2058 3637 2137 3693 De
2163 3634 2399 3691 mercede
2421 3630 2971 3722 conducentibuslseu
3003 3629 3383 3696 operariorum
3409 3621 3649 3676 dominis

817 3699 1194 3785 πᾍίμισθίὼν
1225 3699 1530 3782 ῃηᾶτῶὦ.
1651 3699 1702 3708 Μ
1750 3699 1762 3706 ’
1935 3699 1945 3704 ⁷

1935 3699 1945 3704 ⁷
2750 3699 2950 3767 probis.
3431 3739 3433 3742 .

448 3835 584 3893 Eii-re
610 3833 797 3889 Λάϐαν
827 3829 905 3900 τῷ
935 3825 1132 3881 Ἰακώϐ
1151 3841 1166 3856 ⁸
1203 3824 1326 3878 Ὀτι
1353 3822 1462 3892 γὰρ
1508 3819 1734 3886 ἀδελφός
1767 3835 1868 3885 μου
1909 3812 1962 3870 εἴ

2134 3816 2267 3874 Gen.
2302 3812 2646 3870 xxrx..Dixit
2714 3811 2971 3865 Labanus
3020 3808 3227 3864 Jacobo
3252 3824 3265 3861 :
3294 3803 3649 3873 Quandoqui-

379 3934 468 3998 σὺ,
500 3931 562 3985 οὐ
595 3897 910 3986 δουλεύσεις
937 3938 1028 3994 μοι
1073 3916 1284 3986 δωρεάν
1306 3931 1320 3948 ⁸
1371 3913 1692 3984 άνάγγειλόν
1728 3928 1820 3982 μοι
1851 3912 1878 3964 ὅ
1906 3927 1959 3962 τι

2063 3909 2184 3964 dem
2236 3921 2418 3974 meus,
2457 3904 2626 3961 frater
2675 3918 2758 3969 es,
2821 3901 2955 3957 mibi
3009 3900 3182 3972 gratis
3230 3914 3337 3954 non
3402 3897 3644 3963 servies;

379 3991 476 4078 σου
510 4024 539 4074 ὁ
569 4017 762 4091 μισθός
790 3991 950 4069 ἐστι.-
1941 4089 1947 4091 Α

2062 3999 2280 4056 declara
2313 3996 2476 4061 mihi,
2509 4011 2672 4066 quam
2709 3995 3015 4050 mercedem
3049 3991 3332 4065 postulas?

453 4113 529 4168 Οὐ
553 4081 953 4180 κοιμηθήσεται
984 4105 1012 4158 ό
1042 4101 1231 4174 μισθὸς
1256 4097 1352 4154 τοῦ
1393 4093 1667 4170 μισθωτοῦ
1701 4092 1850 4163 παρὰ
1879 4089 1964 4145 σοὶ

2133 4087 2308 4143 Leuit.
2346 4103 2460 4142 xix.
2496 4086 2618 4141 Non
2671 4083 3024 4155 pernoctabit
3066 4081 3398 4142 mercenarii
3438 4094 3652 4138 merces

379 4209 484 4273 ἕως
516 4207 688 4280 πρωῒ.
1788 4276 1813 4280 _
1906 4278 1915 4280 ξ

2066 4181 2210 4252 apud
2248 4191 2299 4236 te
2332 4195 2508 4250 usque
2543 4179 2598 4234 in
2629 4179 2954 4266 crastinum.

597 4295 959 4366 ἁπαδικήσεις
1004 4289 1196 4362 μισθὸν
1224 4286 1458 4354 πένητος
1502 4281 1602 4337 καὶ
1633 4276 1849 4340 ἐνδεοῦς
1901 4278 1966 4329 ἐκ

2141 4273 2259 4329 Non
2325 4272 2614 4328 fraudabis
2669 4285 2970 4342 pauperem
3045 4285 3147 4326 sua
3207 4269 3502 4336 mercede‘,
3551 4282 3655 4325 nec

379 4396 490 4449 τῶν
515 4392 761 4459 ἀδελφῶν
786 4363 906 4452 σου,
931 4385 964 4455 ἢ
990 4387 1053 4439 ἐκ
1083 4381 1192 4438 τῶν
1217 4376 1596 4450 προσηλύτων,
1627 4375 1733 4427 τῶν
1765 4373 1821 4424 ὲν
1847 4371 1966 4459 ταῖς

2079 4373 2322 4435 egentem
2357 4380 2426 4420 ex
2457 4363 2725 4419 fratribus
2751 4364 2862 4420 tuis
2887 4371 2980 4418 aut
3012 4363 3264 4429 advenis,
3290 4363 3383 4432 qui
3419 4375 3681 4418 versant

383 4484 573 4539 πόλεσι
597 4455 711 4535 σου.
742 4475 1062 4549 Αύθημερδν
1085 4471 1386 4532 ἀποδώσεις
1420 4468 1514 4522 τὸν
1549 4464 1743 4536 μισθὸν
1774 4457 1965 4514 αὑτοῦ.

2071 4469 2160 4515 tur
2180 4460 2234 4514 in
2255 4460 2364 4515 tuis
2382 4458 2698 4514 civitatibus
2720 4474 2734 4523 ;
2759 4473 2824 4512 eo
2849 4459 2968 4528 ipso
2992 4457 3082 4512 die
3107 4458 3414 4512 mercedem
3436 4455 3653 4518 reddes.

385 4581 502 4633 Οὔκ
546 4547 935 4629 ἐπιδύσεταιήὸ
965 4570 1114 4639 ἥλιος
1170 4563 1257 4618 ἐπ’
1291 4562 1461 4633 αὐτῷ,
1493 4561 1576 4613 ὄτι
1624 4558 1792 4626 πένης
1825 4551 1965 4618 ἐστὶ,

2074 4565 2173 4606 nec
2206 4550 2420 4605 occidet
2468 4548 2551 4604 sol
2600 4563 2765 4619 super
2809 4563 2912 4615 ea;
2963 4563 3169 4618 pauper
3204 4547 3353 4602 enim
3386 4555 3470 4603 est
3502 4553 3560 4602 et
3596 4547 3670 4602 in.

383 4671 479 4724 καὶ
505 4669 592 4723 ἐπ’
623 4665 774 4735 αύτῷ
804 4664 915 4734 ἔχει
938 4662 1038 4732 τὴν
1065 4658 1276 4713 ἐλπίδα.

1110 4658 1276 4712 mea.
2075 4658 2136 4697 ea
2177 4642 2291 4709 ipsa
2327 4656 2485 4711 spem
2520 4641 2712 4696 habet.

457 4763 548 4828 Μὴ
596 4732 863 4829 κακῶσῃςν
915 4753 1136 4821 οίκέτην
1192 4745 1560 4817 ἐργαζόμενον
1617 4743 1677 4794 ἐν
1713 4737 1966 4808 ἀληθείᾳ,

2149 4733 2319 4790 Eccli.
2351 4749 2445 4787 vn.
2474 4732 2703 4789 Servum
2733 4749 2871 4803 opus
2896 4747 3026 4788 vere
3081 4732 3373 4788 facientem
3417 4747 3485 4787 ne
3515 4734 3656 4790 male

387 4825 768 4922 patos—ttiova
791 4825 1000 4897 διδόντα
1023 4841 1123 4912 τὴν
1151 4837 1328 4908 ψυχὴν
1357 4835 1544 4890 αὑτοῦ.
1836 4919 1845 4922 Δ

2080 4836 2340 4894 tractato,
2376 4843 2477 4883 nec
2513 4826 2914 4882 mercenarium
2952 4826 3044 4894 qui
3081 4826 3172 4878 dat
3201 4825 3441 4879 animam
3479 4840 3655 4879 suam.

456 4915 929 5009 'Tt‘pvépvﬁopévm
956 4935 984 4985 ὁ
1009 4929 1199 5003 μισθὸς
1222 4929 1284 4981 οὐ
1311 4926 1585 4995 λογίζεται
1617 4923 1760 4977 κατὰ
1783 4919 1967 4990 χάριν,

2157 4921 2310 4975 Rom.
2358 4935 2432 4976 ιν.
2465 4917 2614 4988 Opus
2677 4917 2899 4973 facienti
2955 4931 3182 4972 merces
3222 4915 3659 4977 ιιοιιὺεηοίὼὶὶ,

383 5008 528 5089 ἀλλὰ
558 5008 703 5085 κατά
738 5028 1042 5097 ὀφείλημα.

2078 5013 2172 5069 sed
2213 5011 2380 5069 debiti
2410 5012 2534 5066 loco
2562 5008 2887 5064 aestimatur;

1027 5158 1248 5215 ΛΟΓΟΣ
1271 5159 1352 5212 Λ’.
2469 5145 2629 5201 ΒΕΜ

2469 5145 2701 5201 SERMO
2737 5142 2884 5201 xxx
2920 5142 3021 5215 [αι.
3053 5142 3265 5215 cxxu.

385 5283 528 5351 Περὶ
568 5277 1084 5351 ἐκμισθουμένων,
1116 5274 1252 5344 ἢτοι
1294 5270 1622 5341 κυριέρτων
1665 5265 1967 5336 πονηρῶν.

2079 5264 2157 5319 De
2185 5261 2422 5317 mercede
2452 5257 2888 5338 conducentibus,
2907 5271 3009 5380 (seu
3044 5256 3409 5325 operariorum
3431 5254 3675 5312 dominis

2732 5343 2901 5397 impro
2939 5343 3007 5380 is.

459 5469 554 5539 Μὴ
589 5463 1002 5534 καταϐοήσηται
1034 5456 1178 5512 κατὰ
1213 5453 1310 5508 σοῦ
1361 5453 1390 5505 ό
1425 5450 1639 5523 μίσθιος
1687 5448 1825 5520 πρὸς
1854 5447 1970 5500 Κύ-

2155 5447 2323 5502 Levit.
2355 5460 2472 5500 xxx.
2510 5441 2646 5497 Vide
2676 5453 2746 5496 ne
2774 5437 3150 5494 mercenarius
3187 5446 3314 5493 tuus
3345 5437 3544 5492 clamet
3590 5437 3655 5492 ad

393 5579 530 5629 βίον,
566 5559 660 5614 καὶ
683 5559 835 5611 ἔσται
867 5557 926 5609 ἐν
959 5553 1042 5607 σοὶ
1069 5547 1333 5622 ἁμαρτία.

2084 5540 2376 5595 Dominum
2406 5544 2598 5592 contra
2658 5542 2733 5600 te,
2789 5539 2844 5587 et
2887 5539 3170 5602 peccatum
3213 5529 3266 5585 in
3316 5537 3371 5585 te
3417 5530 3512 5585 sit.

461 5652 902 5720 Ἐπικατάρατος
953 5648 984 5701 δ
1031 5643 1278 5715 ὑστερῶν
1304 5641 1496 5713 μισθὸν
1531 5637 1805 5712 μισθωτοῦ
1827 5653 1840 5669 ·
1879 5635 1972 5688 καὶ

2153 5631 2312 5685 Deut.
2351 5641 2524 5682 xxvn.
2589 5625 2922 5680 Exsecratus
2967 5621 3058 5686 sit,
3101 5620 3195 5691 qui
3257 5618 3657 5676 mercenarium

389 5750 507 5819 ἐρεῖ
532 5749 640 5812 πᾶς
672 5746 699 5799 ὁ
723 5715 873 5810 λαὸς,
907 5742 1144 5806 Γένοιτο,
1173 5737 1406 5807 γένοιτο.

2086 5724 2244 5795 167
2280 5720 2552 5776 mercede.-
2591 5716 2945 5776 fraudaverit.
2997 5723 3053 5772 et
3113 5715 3263 5771 dicat
3297 5723 3530 5770 cunctus
3564 5727 3670 5784 po.

2084 5820 2266 5887 pultis,
2297 5813 2441 5880 Fiat,
2480 5811 2592 5867 ﬁat.
