4056 6404
444 352 585 420 1075

1711 365 2033 424 ΛΝΤΟΝΗ
2069 369 2415 430 MELISS/E

3560 373 3698 439 1076

511 468 636 524 Job.
670 467 887 526 Tenues
928 470 1048 526 sine
1083 472 1208 526 cibo
1257 481 1312 527 et
1358 474 1610 530 mercede
1663 476 1855 531 vineas
1904 475 2012 530 im-

2191 479 2470 536 Ἀδύνατοι
2524 483 2857 554 ἀμπελῶνας
2912 485 3130 540 ἀσεϐῶν
3173 487 3324 541 ἀσιτὶ
3370 487 3462 542 καὶ
3505 489 3697 559 ἀμισθὶ

442 562 654 630 piorum
683 560 995 617 coluerunt.

511 652 713 707 Jerem.
739 653 841 719 Qui
863 653 1098 708 aediﬁcat
1117 655 1342 710 domum
1370 673 1526 712 suam
1567 674 1674 714 non
1706 674 1829 714 cum
1857 661 2015 731 justi-

448 744 546 810 tia,
581 755 633 799 et
661 747 941 800 etenacula
975 762 1071 800 sua
1128 762 1231 800 non
1277 762 1402 802 cum
1455 751 1692 820 judicio,
1731 754 2017 822 operarios

441 851 506 890 ex
532 837 796 905 proximis
853 838 969 892 suis
1021 839 1264 907 gratuito
1302 852 1494 909 sumit,
1545 859 1648 899 nec
1706 845 2015 910 mercedem

438 927 547 980 illis
578 926 818 981 debitam
855 928 1071 984 tribuit.

513 1017 704 1080 Siracb
761 1034 946 1074 xxxrv.
1001 1020 1397 1091 Sanguinarius
1448 1035 1533 1082 est
1585 1028 1686 1094 (vel
1737 1028 2018 1100 sanguinis

436 1111 664 1177 etl‘usor)
697 1112 792 1180 qui
820 1117 1220 1170 mercenarium
1245 1104 1514 1174 mercede
1532 1121 1730 1190 privat.

508 1201 702 1256 Matth.
740 1220 814 1272 x;
854 1207 888 1260 Ι
922 1204 1048 1262 Cor.
1081 1223 1157 1262 ix.
1197 1208 1402 1280 Dignus
1437 1220 1523 1268 est
1548 1213 2016 1282 operarius‘mer-

439 1294 571 1348 cede
603 1310 722 1350 sua.

512 1383 643 1439 Bovi
683 1385 956 1443 frumenta
1015 1392 1208 1446 terenti
1239 1408 1301 1448 os
1346 1409 1416 1447 ne
1463 1394 1718 1451 obturato
1762 1398 2016 1469 ;dignus

440 1485 526 1532 est
561 1480 853 1548 operarius
881 1482 1004 1538 cibo
1037 1498 1166 1539 suo.
1861 1499 1864 1502 ’

508 1567 630 1622 Jac.
661 1585 712 1621 v.
749 1568 827 1623 En
863 1587 1072 1628 merces
1103 1578 1507 1642 operariorum,
1531 1579 1622 1648 qui
1663 1591 2016 1637 messueruut

441 1671 606 1724 agros
636 1671 871 1725 vestros,
903 1679 1025 1731 quae
1052 1680 1082 1718 a
1115 1667 1270 1722 vobis
1324 1677 1534 1723 retenta
1581 1681 1666 1743 est
1697 1671 1926 1739 clamat,
1956 1687 2014 1730 et

440 1751 710 1806 clamores
761 1768 1060 1810 messorum
1093 1759 1160 1811 ad
1191 1773 1353 1814 aures
1409 1761 1618 1816 Domini
1658 1765 2006 1820 exercituum

440 1851 827 1906 pervenerunt.

860 1933 1094 1990 SERMO
1137 1934 1310 1990 XXXI
1333 1936 1436 2010 [αι.
1471 1939 1584 2013 lx].

799 2022 872 2074 De
939 2026 1065 2077 viris
1129 2025 1276 2080 bonis
1350 2041 1397 2082 et
1459 2032 1658 2099 probis.

517 2108 681 2168 Num.
715 2130 808 2172 xx.
840 2115 979 2172 Suos
1008 2117 1274 2176 Dominus
1307 2125 1610 2192 cegnOscit,
1631 2136 1684 2181 ct
1712 2139 1929 2183 sanctos
1949 2131 2016 2184 ad

440 2219 497 2258 se
527 2205 839 2263 advocabit.

515 2297 670 2354 Deut.
696 2315 812 2355 xvi.
847 2300 952 2368 Qui
983 2303 1230 2374 diligitur
1261 2322 1291 2361 a
1317 2307 1570 2374 Domino,
1595 2311 1822 2366 ﬁdenter
1845 2315 1899 2368 in
1933 2324 2016 2368 ta-

443 2393 739 2450 bernaculo
764 2410 868 2450 suo
903 2398 1028 2463 erit,
1059 2414 1342 2471 omneque
1368 2413 1579 2473 tempus
1624 2408 1803 2460 aetatis
1847 2408 2019 2477 ipsius

446 2489 587 2538 licus
617 2487 666 2539 ei
696 2487 995 2556 gloriosum
1029 2490 1238 2545 reddet.

511 2578 536 2630 1
575 2576 705 2648 Reg.
740 2595 873 2638 nr-
909 2579 1102 2650 Surge,
1158 2581 1339 2652 inquit
1405 2583 1662 2644 Dominus
1742 2591 1976 2645 Samueli
2003 2633 2018 2656 ,

437 2681 490 2724 et
524 2686 666 2741 unge
698 2670 978 2739 Dat-idem,
1016 2674 1141 2742 quia
1177 2675 1264 2730 hic
1291 2685 1372 2730 est
1399 2678 1480 2731 vir
1505 2681 1725 2744 probus.

515 2761 664 2815 Psal.
701 2777 890 2816 xxxvr.
919 2763 1062 2818 Justi
1092 2774 1250 2819 terrae
1279 2767 1650 2825 lmreditatem
1677 2789 2016 2844 consequen-

437 2867 549 2912 tur.
580 2864 635 2907 et
667 2855 720 2908 in
759 2856 932 2909 multa
962 2872 1097 2924 pace
1124 2859 1552 2918 deliciabuntur.

504 2946 641 3000 Ibid.
684 2946 819 3000 Cum
885 2962 1049 3003 senex
1124 2950 1264 3019 sim,
1307 2952 1527 3021 juvenis
1596 2956 1693 3021 fui,
1746 2977 1848 3014 nec
1902 2961 2012 3016 vidi

432 3035 636 3102 jnxtnm
667 3038 1012 3104 derelictum,
1042 3058 1143 3097 nec
1197 3060 1382 3100 semen
1418 3048 1593 3117 ipsius
1642 3067 1832 3119 panem
1865 3072 2018 3111 meno

436 3130 648 3184 dicatis.

510 3223 672 3278 Salus
711 3220 979 3289 iustorum
1018 3242 1048 3280 a
1079 3227 1308 3284 Domino
1336 3238 1441 3296 est,
1480 3240 1532 3285 et
1578 3248 1764 3289 eorum
1821 3255 2022 3310 propu-

439 3321 638 3381 gnator
663 3322 746 3367 cst
787 3315 838 3367 in
871 3315 1035 3371 rebus
1063 3319 1329 3373 adversis.

511 3402 738 3458 Familia
789 3405 1122 3475 integrorum
1169 3411 1412 3466 virorum
1461 3413 1620 3470 beata
1658 3418 1791 3484 erit,
1842 3422 2017 3490 gloria

437 3508 487 3545 ei.
520 3492 728 3547 divitiae
758 3494 814 3548 in
858 3495 1024 3550 domo
1060 3497 1298 3555 illorum.

509 3582 626 3638 Vox
653 3586 1036 3645 exsultationis
1071 3601 1124 3646 et
1188 3594 1386 3650 salutis
1414 3595 1467 3650 in
1504 3598 1876 3658 tabernaculis
1924 3607 2012 3675 ju-

438 3687 483 3728 3!
499 3691 679 3729 orum.

501 3764 775 3822 Solomon.
808 3765 972 3824 Fame
1000 3770 1183 3840 justus
1221 3775 1482 3832 Dominus
1512 3794 1622 3831 non
1661 3781 1900 3834 necabit.

505 3855 584 3909 Ex
624 3872 722 3912 ore
749 3857 880 3924 justi
911 3865 1101 3928 gratim
1136 3864 1333 3920 ﬂuunt.

507 3945 909 4018 Viaejustorum
939 3954 1197 4009 similiter
1226 3967 1284 4011 ut
1311 3959 1399 4013 lux
1440 3961 1755 4030 splendent.

508 4039 604 4092 Vir
650 4038 827 4095 bonus
892 4043 1035 4119 filios
1096 4049 1332 4106 iiliorum
1389 4053 1441 4106 in
1519 4055 1842 4112 haereditate
1909 4076 2004 4114 sua

429 4137 636 4186 cernet.
938 4119 950 4132 .

499 4222 748 4290 Accepta:
799 4235 928 4279 sunt
971 4227 1203 4286 Domino
1259 4233 1360 4288 viae
1383 4235 1681 4306 iustorum,
1709 4248 1760 4293 et
1789 4251 2007 4311 propter

430 4308 580 4378 ipsos
609 4311 775 4367 etiam
809 4313 1024 4370 inimici
1051 4317 1192 4373 liunt
1224 4323 1410 4378 amici.

503 4400 601 4457 Vir
636 4406 842 4474 probus
878 4417 938 4462 ut
972 4407 1057 4464 leo
1082 4411 1330 4470 conlidit.

2122 571 2467 640 εἰργάσαντο.

2204 661 2266 715 ’0
2289 662 2591 734 οἰκοδομῶν
2619 665 2710 720 τὸν
2729 661 2880 720 οἷκον
2902 667 3069 721 αὑτοῦ
3089 667 3150 721 οὗ
3177 667 3315 738 μετά
3333 669 3640 740 δικαιοσύνη
3660 691 3696 736 ·,

2118 751 2212 802 καὶ
2266 753 2336 804 τὰ
2368 754 2592 825 ὑπερῷα
2646 757 2814 809 αὑτοῦ
2861 757 2963 812 οὐκ
3013 759 3075 810 ὲν
3123 759 3380 828 κρίματι,
3413 762 3564 828 παρὰ
3592 764 3698 814 τῶν

2117 843 2352 914 πλησίον
2383 846 2611 914 ἐργάται
2641 848 2870 919 δωρεὰν,
2915 850 3012 904 καὶ
3039 848 3131 904 τὸν
3175 851 3341 906 αὐτὸν
3387 853 3580 924 μισθὸν
3606 856 3700 908 αὒ-

2118 935 2226 988 τῶν
2252 935 2314 989 οὐ
2343 939 2419 1007 μὴ
2443 939 2629 1006 ἀποδῷ
2658 941 2864 1005 αὐτοῖς.

2201 1028 2441 1098 Ἐκχέων
2477 1025 2617 1101 αἷμα
2646 1032 2674 1084 ὁ
2705 1033 3026 1106 ἀποστερῶν
3055 1036 3250 1107 μισθὸν
3278 1037 3579 1108 μισθωτοῦ.

2193 1208 2376 1273 Ἄξιος
2401 1212 2430 1264 ὁ
2464 1211 2700 1284 ἐργάτης
2726 1212 2820 1268 τοῦ
2855 1216 3051 1286 μισθοῦ
3084 1218 3273 1275 αὑτοῦ.

2187 1384 2264 1439 Οὐ
2305 1385 2578 1456 φιμώσεις
2634 1388 2764 1454 βοῦν
2805 1390 3073 1460 ἀλοῶντα,
3104 1394 3200 1448 καὶ
3229 1396 3379 1465 ἄξιος
3402 1399 3430 1452 ὁ
3462 1399 3698 1472 ἐργάτης

2113 1475 2213 1546 τῆς
2242 1477 2450 1546 τροφῆς
2473 1480 2639 1535 αὐτοῦ
2674 1483 2813 1537 ἐστι.

2196 1569 2330 1624 Ἰδοὺ
2356 1573 2384 1624 ὁ
2409 1572 2605 1642 μισθὸς
2629 1574 2740 1627 τῶν
2763 1577 3013 1646 ἐργατῶν
3037 1580 3374 1650 ἀμησάντων
3395 1583 3498 1646 τάς
3516 1584 3696 1654 χώρας

2114 1659 2292 1727 ὑμῶν,
2342 1660 2373 1712 ὀ
2423 1661 2870 1736 ἀπεστερημένος
2918 1668 3014 1738 ἀφ’
3045 1670 3199 1740 ὑμῶν
3235 1673 3465 1742 κράζειο
3510 1677 3604 1728 καὶ
3640 1678 3694 1728 αἱ

2119 1749 2240 1818 βοαὶ
2290 1753 2399 1806 τῶν
2455 1755 2793 1825 θερισάντων
2840 1762 2921 1822 είς
2975 1757 3184 1832 τάσῶτα
3220 1766 3430 1836 Κυρίου
3470 1767 3694 1821 Σαϐαὼθ

2041 1811 2093 1876 Β
2119 1811 2552 1916 εἰσεληλύθασιν.

2717 1945 2936 1999 ΛΟΓΟΣ
2965 1947 3092 2001 AA'.

2377 2033 2518 2099 Περὶ
2546 2035 2753 2090 καλῶν
2775 2038 2872 2090 καὶ
2903 2037 3141 2107 ἀγαθῶν
3165 2040 3424 2108 ἀνδρῶν.

2196 2121 2382 2191 Ἔγνω
2403 2126 2430 2178 ὁ
2459 2125 2592 2188 Θεὸς
2638 2126 2762 2188 τοὺς
2792 2127 2949 2191 ὄντας
2976 2130 3171 2194 αὑτοῦ,
3211 2132 3304 2184 καὶ
3344 2133 3474 2197 τοὺς
3511 2133 3694 2202 ἁγίους

2121 2216 2513 2286 προσηγάγετο
2545 2217 2686 2286 πρὸς
2717 2219 2932 2274 ἑαυτὸν.

2204 2307 2596 2379 Ἦγαπημὲνος
2639 2310 2744 2362 ὑπὸ
2777 2312 2985 2375 Κυρίου
3035 2315 3451 2384 κατασκηνώσει
3505 2338 3696 2374 πεποι-

2121 2397 2253 2465 θὼς,
2287 2399 2382 2454 καὶ
2416 2401 2446 2452 ὀ
2468 2400 2602 2465 Θεὸς
2632 2400 2847 2466 δοξάσει
2888 2404 2977 2456 ἐπ’
3015 2404 3164 2476 αὑτῷ
3201 2409 3381 2470 πάσας
3417 2410 3519 2475 τὰς
3561 2411 3694 2481 ἡμι-

2123 2507 2248 2563 ρας.
2745 2521 2750 2525 ι

2190 2583 2324 2640 Εἷπε
2371 2587 2578 2655 Κύριος
2648 2589 2783 2660 πρὸς
2829 2591 3118 2659 Σαμουὴλο
3161 2593 3393 2648 ’Λνάστα
3442 2598 3539 2651 καὶ
3576 2596 3692 2670 χρί-

2122 2690 2213 2728 σον
2241 2675 2334 2729 τὸν
2362 2675 2546 2743 Δαυῖδ,
2575 2679 2657 2732 ὅτι
2680 2678 2835 2743 οὗτος
2866 2683 3096 2750 ἀγαθός.

2188 2767 2396 2848 Δίκαιοι
2432 2769 2907 2842 κληρονομήσουσι
2939 2775 3062 2846 γῆν,
3104 2777 3204 2831 καὶ
3242 2783 3690 2855 κατατρυφήσουο

2119 2874 2204 2912 σιν
2227 2843 2320 2911 ἐπὶ
2351 2858 2547 2929 πλήθει
2573 2861 2818 2934 εἰρήνης.

2187 2951 2473 3022 Νεώτερος
2519 2957 2809 3028 ἐγενόμην,
2854 2961 2948 3013 καὶ
2986 2961 3098 3034 γὰρ
3130 2964 3400 3035 ἐγήρασα,
3455 2971 3551 3022 καὶ
3595 2971 3690 3021 οὐκ

2117 3039 2261 3098 εἶδον
2307 3044 2519 3099 δίκαιον
2569 3049 3160 3124 ἐγκαταλελειμμένον,
3211 3058 3425 3114 οὐδὲτὸ
3472 3063 3690 3134 σπέρμα

2038 3141 2084 3204 c
2117 3133 2285 3187 αὐτοῦ
2310 3133 2515 3205 ζητοῦν
2543 3138 2764 3209 ἄρτους.

2191 3225 2443 3298 Σωτηρία
2466 3229 2576 3284 τῶν
2603 3231 2831 3286 δικαίων
2857 3236 3009 3307 παρά
3033 3238 3245 3309 Κυρίῳ,
3273 3243 3364 3294 καὶ
3387 3240 3691 3312 ὑπερασπι-

2119 3319 2252 3386 στὴς
2283 3320 2469 3374 αὐτῶν
2503 3323 2653 3375 ἐστιν
2685 3325 2744 3375 ἐν
2773 3326 2952 3395 καιρῷ
2987 3327 3244 3396 θλίψεως.

2192 3408 2360 3463 Γενεὰ
2408 3411 2615 3466 εὐθέων
2662 3415 3116 3486 εὐλογηθήσεται,
3153 3419 3280 3485 δόξα
3330 3425 3424 3476 καὶ
3459 3424 3686 3488 πλοῦτος

2115 3501 2175 3554 ἐν
2199 3501 2278 3572 τῷ
2306 3504 2442 3574 οἴκῳ
2465 3505 2665 3562 αὐτῶν.

2186 3594 2344 3664 Φωνὴ
2380 3597 2758 3665 ἀγαλλιάσεως
2800 3603 2898 3655 καὶ
2950 3607 3220 3676 σωτηρίας
3265 3609 3325 3662 ἐν
3355 3611 3584 3682 σκηναῖς
3613 3609 3687 3665 διι-

2113 3684 2304 3738 καίων.

2182 3772 2260 3829 Οὐ
2289 3776 2676 3851 λιμοκτονήσει
2704 3785 2913 3856 Κύριος
2943 3786 3125 3860 ψυχὴν
3151 3791 3388 3847 δικαίαν.

2181 3865 2365 3936 Στόμα
2391 3869 2603 3925 δικαίου
2633 3875 2935 3943 ἀποστάζει
2967 3882 3223 3951 χάριτας.

2178 3960 2246 4012 At
2273 3957 2385 4013 ὁδοὶ
2412 3961 2521 4016 τῶν
2543 3964 2768 4021 δικαίων
2799 3970 3001 4038 ὁμοίως
3034 3975 3175 4040 φωτὶ
3205 3975 3541 4045 λάμπουσιν.

2190 4050 2421 4118 Ἀγαθὸς
2448 4054 2589 4126 ἀνὴρ
2611 4056 3012 4130 κληρονομήσει
3047 4065 3196 4129 υἱοὺς
3228 4068 3384 4123 υίῶν.

2176 4227 2374 4281 Δεκταὶ
2411 4231 2564 4300 παρὰ
2590 4232 2800 4303 Κυρίου
2837 4236 2948 4290 ὁδοὶ
2981 4239 3286 4309 ἀνθρώπων
3310 4243 3538 4298 δικαίων
3557 4260 3570 4275 ο
3597 4243 3681 4298 διὰ

2105 4315 2162 4369 δὲ
2196 4318 2377 4372 αὐτῶν
2407 4321 2502 4374 καὶ
2532 4322 2581 4376 οἱ
2607 4325 2793 4396 ἐχθροὶ
2827 4328 2974 4397 φίλοι
3007 4330 3270 4393 γίνονται.

2177 4409 2400 4474 Δίκαιος
2428 4411 2619 4486 ῶσπερ
2650 4419 2788 4472 λέων
2819 4421 3097 4478 πέποιθεν.

495 4492 757 4552 Moderati
803 4512 966 4556 erunt
1000 4502 1194 4560 incolae
1220 4513 1402 4573 terrae,
1432 4519 1486 4562 et
1513 4509 1827 4568 innocentes
1862 4514 1914 4568 in
1935 4529 1996 4569 ea

2177 4500 2421 4572 Χρηστοὶ
2463 4504 2678 4560 ἔσονται
2713 4511 3002 4582 οἰκήτορες
3041 4514 3145 4582 γῆς
3168 4533 3182 4547 ·
3231 4515 3429 4570 ἄκακοι
3462 4517 3518 4570 δὲ
3547 4518 3677 4569 ὐπο-

425 4583 803 4653 reliuquentur
830 4607 845 4643 :
871 4591 998 4658 quia
1025 4595 1160 4649 recti
1189 4597 1280 4665 qui
1305 4607 1456 4666 sunt,
1481 4609 1676 4654 terram
1706 4618 1804 4671 pro
1832 4605 2002 4660 haere-

424 4671 595 4728 ditate
621 4676 1003 4747 possidebunt,
1034 4692 1088 4737 et
1117 4687 1295 4740 sancti
1327 4687 1378 4740 in
1409 4704 1471 4741 ea
1513 4689 1915 4758 relinquentur.

494 4763 566 4817 Ex
605 4765 885 4824 hominum
916 4773 1213 4839 proborum
1249 4777 1410 4832 labiis
1441 4782 1629 4846 gratiae
1657 4783 1965 4838 stillabuut.

490 4851 712 4912 Justitia
742 4869 1019 4917 rectorum
1052 4875 1198 4920 recte
1229 4869 1348 4924 vias
1373 4880 1546 4925 secat.

493 4944 698 5002 Domus
723 4946 998 5018 justorum
1031 4954 1202 5012 beata:
1247 4969 1396 5014 sunt.

502 5033 794 5091 Justorum
829 5041 1041 5098 radices
1069 5060 1175 5100 non
1210 5047 1683 5116 exstirpabuntnr.

495 5123 656 5195 168
681 5125 784 5193 Qui
814 5133 1010 5202 aspicit
1036 5137 1290 5204 molliter,
1325 5141 1760 5197 misericordiam
1799 5160 1992 5200 conse-

421 5223 642 5279 quetur.

498 5304 598 5366 Qui
651 5306 770 5360 sine
829 5311 1146 5382 cujusiquam
1204 5319 1632 5386 reprehensione
1687 5323 1739 5376 in
1790 5323 1999 5389 iustitia

427 5402 691 5462 versatur,
726 5398 928 5456 liberos
963 5403 1228 5474 relinquet
1262 5409 1472 5464 beatos.

496 5485 797 5545 Proborum
831 5491 1015 5548 laetitia
1051 5510 1138 5553 εει
1161 5498 1309 5563 jnsta
1341 5503 1522 5556 omnia
1557 5503 1755 5560 facere.

501 5573 666 5631 Osca}.
697 5579 822 5637 Viro
855 5583 998 5639 bono
1032 5591 1211 5654 posuit
1241 5591 1292 5644 in
1322 5605 1617 5662 conspectu
1651 5601 1997 5665 sapientiam,

428 5669 789 5735 inguitionem
823 5685 875 5730 et
913 5677 1176 5734 laetitiam.

498 5758 630 5820 Quis
664 5765 883 5832 sapiens
931 5782 1034 5834 ρει,
1067 5782 1118 5825 et
1153 5773 1266 5828 haec
1304 5774 1604 5848 intelliget?
1655 5788 1746 5833 au't
1793 5797 1957 5850 sagax
1982 5822 1995 5844 ,

2105 4593 2492 4666 λειφθήσονται
2537 4601 2594 4652 ἐν
2640 4603 2776 4672 αὐτῇ
2802 4621 2815 4634 ο
2871 4606 2954 4659 ὅτι
2989 4607 3170 4672 εὐθείς
3210 4608 3675 4681 κληρονομήσουσι

2105 4685 2231 4755 γῆν,
2263 4690 2359 4742 καὶ
2385 4689 2524 4745 ὅσιοι
2552 4693 3047 4762 ὑπολειφθήσονται
3076 4698 3134 4751 ἐν
3164 4701 3325 4771 αὐτῇ.

2175 4779 2343 4850 Χείλη
2385 4782 2689 4853 ἀνθρώπων
2717 4785 2944 4840 δικαίων
2983 4791 3355 4855 ἀποστάζουσι
3383 4791 3605 4863 χάριτα.

2177 4872 2506 4937 Δικαιοσύνη
2537 4876 2716 4948 ὀρθῶν
2749 4881 2960 4951 ἀνδρῶν
2991 4883 3280 4954 ὀρθοτομεί
3307 4884 3481 4948 ὁδούς.

2177 4958 2329 5016 Οῐκοι
2359 4965 2588 5020 δικαίων
2619 4969 3022 5037 εὐλογοῦνταιπ

2173 5053 2240 5105 Δί
2278 5054 2427 5123 ῥίζαι
2459 5057 2570 5110 τῶν
2597 5060 2822 5114 δικαίων
2846 5064 2946 5116 οὐκ
2973 5065 3389 5138 ἐξαρθήσονται.

2187 5143 2248 5196 Ὃ
2277 5143 2492 5232 βλέπων
2516 5148 2636 5202 λεῖα
2659 5149 3037 5223 ὲλεηθήσεται.

2180 5323 2275 5386 Ὃς
2308 5324 2714 5394 ἀναστρέφεται
2758 5329 2993 5400 ἄμωμος
3025 5335 3086 5388 ἐν
3121 5336 3465 5412 δικαιοσύνῃ,
3499 5356 3673 5410 μακα-

2108 5416 2256 5486 ρίους
2284 5417 2412 5480 τοὺς
2439 5419 2638 5484 παῖδας
2676 5425 3020 5497 καταλείψει.

2175 5508 2496 5580 Εὐφροσύνη
2527 5512 2752 5568 δικαίων
2785 5520 2962 5572 ποιεῖν
2993 5522 3261 5592 κρίματα.

2175 5598 2216 5652 Τ
2221 5598 2264 5668 ᾧ
2293 5601 2563 5672 ἀνθρώπῳ
2593 5606 2670 5677 τῷ
2697 5608 2888 5679 ἀγαθῷ
2929 5611 3097 5667 ἔδωκε
3139 5617 3335 5686 σοφίαν
3369 5619 3470 5688 πρὸ
3498 5635 3663 5690 apo:-

2101 5691 2250 5744 ὡττου
2289 5694 2477 5757 αὑτοῦ,
2513 5697 2604 5748 καὶ
2636 5700 2838 5766 γνῶσιν
2871 5705 2966 5758 καὶ
2995 5707 3356 5780 εὐφροσύνην.

2174 5783 2270 5844 Τίς
2310 5786 2494 5854 σοφὸς,
2547 5789 2643 5841 καὶ
2683 5793 2905 5862 συνήσει
2940 5797 3147 5864 ταῦτα;
3203 5803 3236 5870 ἧ
3292 5806 3529 5864 συνετος,
3579 5804 3664 5854 καὶ
