4056 6418
334 415 472 480 10ἷῖ

1092 424 1106 436 ‘
1151 410 1320 469 LOCl
1357 409 1803 472 COMMUNES.
1841 431 1910 446 *-
1951 409 2144 468 PARS
2183 408 2266 469 Il.
2311 407 2570 467 SERMO
2604 403 2822 468 XXXI.

3441 395 3574 459 1073

308 530 674 602 ἐπιγνώσεται
705 527 880 595 αὐτάς
911 527 1046 582 διότι
1072 528 1280 581 εὐθεῖαι
1303 530 1358 582 αἱ
1391 528 1500 581 ὁδοὶ
1533 527 1765 597 Κυρίου,
1795 529 1885 582 καὶ

2033 538 2042 582 L
2068 529 2180 584 hate
2211 527 2510 598 agnoscet?
2538 525 2683 596 quod
2710 533 2870 580 recta:
2889 530 3016 578 sunt
3048 519 3259 575 Domini
3294 518 3415 582 viae,
3438 532 3576 586 quas

311 626 514 678 δίκαιοι
547 621 917 692 πορεύσονται
949 623 1007 676 ὲν
1037 621 1254 685 αὑταῖς.

383 716 594 769 Δίκαιοι
631 715 712 779 είς
741 714 832 768 τὸν
872 715 1048 770 αἰῶνα
1095 713 1254 781 ζῶσι,
1287 713 1382 766 καὶ
1411 718 1469 766 ὲν
1513 713 1710 785 Κυρίῳ
1739 716 1766 768 6
1801 731 1892 783 μι-

315 806 439 870 σθὸς
471 807 672 873 αὐτῶν,
720 807 881 878 καὶὴ
934 807 1156 876 φροντὶς
1204 804 1384 858 αὐτῶν
1430 803 1582 875 παρὰ
1624 803 1889 874 Ὑψίστῳ.

316 900 415 952 Διά
441 898 598 952 τοῦτο
634 898 900 968 λήψονται
954 899 1017 952 τὸ
1061 897 1335 968 βασίλειον
1385 896 1487 961 τῆς
1536 895 1892 968 εὐπρεπείας,

313 991 497 1046 καὶτὸ
531 991 772 1062 διάδημα
809 991 903 1044 τοῦ
947 991 1178 1052 κάλλους
1225 989 1290 1042 ὲκ
1323 989 1507 1060 χειρὸς
1539 989 1779 1059 Κυρίου·
1815 990 1896 1041 ὅτι

315 1085 384 1155 τῇ
416 1082 564 1154 δεξιᾷ
594 1083 760 1136 αὑτοῦ
795 1083 1061 1139 σκεπάσει
1105 1081 1327 1148 αὐτοὺς,
1377 1082 1476 1136 καὶ
1520 1080 1600 1151 τῷ
1649 1078 1897 1152 βραχίονι

317 1179 421 1232 ὑπε
431 1178 656 1246 ρασπιεῖ
689 1176 911 1232 αὑτῶν.·

389 1270 608 1335 Δίκαιος
670 1270 766 1325 ίάν
812 1270 996 1342 φθάσῃ
1043 1269 1412 1343 τελευτῆσαι,
1474 1268 1534 1324 ὲν
1587 1261 1901 1322 ἀναπαύσει

318 1364 499 1418 ἔσται.

389 1457 566 1528 Χάρις
588 1458 685 1511 καὶ
709 1456 858 1521 ἔλεος
881 1457 941 1510 ἐν
971 1459 1083 1521 τοῖς
1111 1458 1390 1522 ἐκλεκτοῖς
1422 1453 1616 1523 αὐτοῦ,
1649 1455 1749 1509 καὶ
1778 1453 1904 1507 ἔπι-

324 1551 503 1620 σκοπὴ
534 1550 592 1601 ἐν
624 1551 738 1612 τοῖς
771 1551 943 1612 ὁσίοις
977 1549 1170 1602 αὐτοῦ.
1477 1601 1486 1612 ,

404 1639 611 1709 Ἀγαθὰ
649 1641 764 1703 τοῖς
795 1638 1022 1708 ἀγαθοῖς
1073 1639 1327 1695 ἔκτισται
1379 1640 1475 1694 ἀπ’
1524 1639 1724 1710 ἀρχῆς,
1757 1635 1901 1691 οὕτω

319 1737 434 1799 τοῖς
465 1735 819 1806 ἁμαρτωλοῖς
848 1735 1018 1789 κακά.

402 1829 464 1884 ’0
516 1828 720 1898 ἀγαθὸς
765 1828 1056 1900 ἄνθρωπος
1109 1828 1175 1880 ἐκ
1219 1826 1316 1882 τοῦ
1360 1825 1572 1897 ἀγαθοῦ
1619 1823 1895 1896 θησαυροῦ

322 1924 423 1995 τῆς
446 1922 673 1994 καρδίας
699 1921 868 1977 αὐτοῦ
901 1923 1168 1994 προφέρει
1197 1921 1401 1990 ἀγαθά.

393 2016 601 2086 Δικαίῳ
633 2015 796 2086 νόμος
830 2016 891 2068 οὐ
926 2018 1130 2068 κεῖται.

407 2112 468 2164 '0
503 2109 709 2178 ἀγαθὸς
735 2109 956 2178 ἀγαθῶν
985 2111 1102 2162 ἐστι
1135 2108 1493 2178 παρεκτικός.

406 2202 628 2268 Ῥάϐδος
677 2203 888 2257 δικαίου
921 2201 1254 2273 κρείσσωνῆ
1286 2201 1422 2271 τιμὴ
1456 2199 1650 2253 κακοῦ.

395 2388 459 2441 Οἱ
485 2385 596 2456 γὰρ
630 2383 842 2456 ἄριστοι
869 2384 964 2438 καὶ
993 2385 1190 2452 ξείνοις
1219 2383 1499 2438 τελέθουσι
1525 2381 1852 2452 προσηνὲες.

404 2564 511 2619 Τοῦ
547 2565 658 2634 γὰρ
685 2562 890 2632 ἀγαθοῦ
920 2561 1016 2617 καὶ
1058 2561 1120 2616 τὸ
1165 2562 1340 2632 τραχὺ
1379 2559 1651 2632 προσηνὲς
1681 2558 1768 2613 διὰ
1805 2559 1906 2626 τὴν

331 2658 600 2726 ὠφέλειαν
622 2673 636 2686 ν
681 2654 775 2709 τοῦ
803 2655 862 2708 δὲ
893 2653 1136 2727 πονηροῦ
1177 2656 1274 2710 καὶ
1311 2653 1372 2708 τὸ
1398 2653 1632 2724 χρηστὸν
1663 2651 1907 2706 ὕποπτον

331 2752 420 2805 διά
446 2751 506 2803 τὸ
537 2749 826 2819 κακόηθες.

407 2841 598 2904 Οὐδεὶς
641 2841 865 2910 ἀγαθὸς,
921 2839 969 2892 εί
1011 2839 1086 2909 μὴ
1121 2837 1282 2908 μόνος
1315 2837 1343 2890 6
1395 2838 1528 2902 Θεός
1553 2853 1565 2867 °
1609 2838 1670 2891 τὸ
1721 2838 1908 2907 ἄκρως

335 2933 558 3003 ἀγαθὸν,
589 2933 745 3002 φησὶ,
777 2930 939 3000 μόνου
974 2931 1134 2984 Θεοῦ.

407 3027 513 3079 Τὸν
543 3023 916 3090 πνευματικὸν
952 3025 1048 3076 καὶ
1081 3024 1359 3095 ἀπόνηρον
1406 3017 1550 3077 εἶναι
1591 3024 1674 3077 δεῖ
1703 3022 1911 3075 ἁπλοῦν

337 3121 433 3176 καὶ
481 3119 692 3183 ἄδολον,
738 3117 993 3186 καθάπερ
1036 3119 1065 3171 6
1099 3117 1335 3186 Χριστός
1356 3133 1576 3189 ,φησιν’
1633 3134 1653 3168 t
1693 3115 1803 3169 Εάν
1837 3115 1910 3186 μὴ

339 3212 642 3284 στραφῆτε,
676 3212 772 3264 καὶ
799 3209 1030 3280 γένησθε
1076 3211 1152 3273 ὡς
1180 3210 1248 3262 τὰ
1281 3211 1494 3277 παιδία,
1525 3211 1586 3264 οὐ
1619 3210 1694 3282 μὴ
1739 3208 1914 3262 εἰσέλ-

235 3361 238 3363 λ
339 3307 469 3376 θητε
504 3307 587 3367 είς
615 3303 713 3373 τὴν
743 3301 1020 3372 βασιλείαν
1047 3301 1156 3353 τῶν
1183 3302 1242 3353 οὑ
1255 3303 1452 3371 ρανῶν.
1497 3322 1517 3355 ι

419 3398 534 3452 ’Δεῖ
582 3396 682 3467 μὶν
719 3394 811 3448 οῦν
838 3395 944 3464 χρὴ
991 3394 1292 3464 θαυμάζειν
1315 3394 1414 3465 τὴν
1443 3397 1598 3465 ίαχὺν
1640 3394 1751 3449 τῶν
1781 3413 1918 3465 μετ-

342 3491 528 3544 ιόντων
574 3489 673 3559 τὴν
713 3488 940 3559 ἀρετὴν,
975 3488 1212 3558 μάλιστα
1249 3488 1306 3540 δὲ
1339 3488 1467 3541 ὅταν
1504 3488 1716 3541 πολλῶν
1748 3489 1918 3560 αὐτὴν

339 3581 740 3648 ἀπολιπόντων,
764 3579 1035 3652 εὐρεθῶσί
1065 3597 1212 3645 τινες
1241 3581 1417 3652 αὐτῆς
1465 3580 1841 3652 ἀντεχόμενοι.

421 3765 483 3818 '0
517 3766 580 3834 τῇ
616 3761 776 3831 φύσει
799 3760 1002 3830 ἀγαθὸς
1030 3761 1128 3816 καὶ
1155 3762 1379 3832 ἀγαθῶν
1402 3761 1624 3817 πάντων
1656 3779 1920 3832 παρεκτιο

341 3855 434 3919 κδς
465 3855 698 3925 γίνεται.

414 3949 626 4017 Ὠσπερ
663 3947 734 4001 τὰ
772 3945 945 4018 εὐώδη
975 3946 1087 4002 τῶν
1132 3947 1444 4017 ἀρωμάτων
1499 3947 1598 4018 τῆς
1635 3947 1772 4012 ἰδίας
1824 3947 1920 4000 εὐ-

342 4041 537 4104 πνοίας
565 4041 656 4093 τὸν
684 4039 1093 4111 παρακείμενον
1139 4039 1278 4109 ἀέρα
1321 4039 1505 4111 πλήρη
1547 4041 1714 4104 ποιεῖ,
1747 4037 1921 4103 οὕτως

342 4130 534 4198 ἀνδρὸς
559 4128 767 4200 ἀγαθοῦ
796 4128 1068 4199 παρουσία
1101 4130 1229 4193 τοὺς
1261 4130 1439 4195 πέλας
1467 4130 1728 4202 ὀνίνησιν.

417 4221 583 4276 Ἴδιον
611 4222 814 4288 παντὸς
836 4221 1043 4292 ἀγαθοῦ
1067 4221 1129 4277 τὸ
1155 4221 1404 4292 ὠφελεῖν.

421 4407 604 4461 Ἔστω
635 4402 836 4474 (ἔσται)
871 4419 975 4457 που
1002 4401 1222 4464 πάντως
1249 4400 1677 4472 γνωριμώτατος
1705 4403 1734 4455 6
1761 4401 1925 4472 φιλά-

349 4515 522 4568 ρετος,
579 4497 673 4551 καὶ
721 4495 965 4565 ἀρίστων
1020 4493 1468 4564 ἐπιτηδευμάτων
1532 4493 1920 4564 ἀποτελεστής.

1994 619 2150 688 probi
2187 619 2592 687 ingredientur.

2064 710 2195 780 Sap.
2227 710 2340 765 Viri
2379 710 2505 766 boui
2548 709 2731 764 vivent
2761 717 3050 769 aeternum,
3083 717 3315 772 quorum
3365 714 3576 754 merces

1997 797 2048 852 in
2079 798 2309 852 Domino
2343 811 2448 865 est,
2480 805 2534 852 et
2560 813 2690 853 cura
2729 797 2870 866 apud
2900 795 3290 857 celsissimum,
3318 791 3386 845 ob
3415 805 3579 861 quam

1997 901 2216 942 causam
2239 904 2463 958 regnum
2489 890 2746 943 decorum
2773 887 3168 954 adipiscentur,
3193 891 3246 936 et
3283 880 3584 950 pulcherri-

1999 994 2145 1032 mum
2176 978 2422 1034 diadema
2457 981 2707 1034 manibus
2734 977 2945 1033 Domini
2975 977 3055 1032 eis
3084 976 3416 1044 imponetur,
3449 971 3578 1040 quia

1998 1069 2220 1125 dextera
2250 1084 2347 1126 sua
2376 1077 2519 1140 teget
2554 1086 2670 1137 eos,
2704 1078 2759 1126 et
2789 1069 3015 1123 brachio
3055 1081 3155 1121 suo
3194 1065 3472 1121 defendet.

2068 1247 2262 1305 Justus
2289 1248 2335 1305 si
2375 1264 2441 1303 ex
2469 1249 2572 1303 hac
2599 1249 2709 1303 vita
2738 1245 3060 1309 decesserit,
3108 1244 3162 1298 in
3197 1241 3386 1313 requie
3434 1237 3584 1293 futu-

2000 1358 2096 1400 I‘US
2127 1350 2232 1398 08L

2071 1436 2259 1492 Gratia
2285 1446 2338 1490 et
2369 1431 2750 1488 misericordia
2778 1430 2835 1485 in
2861 1429 3054 1486 electis
3085 1429 3228 1500 ejus,
3263 1440 3316 1487 et
3342 1433 3586 1487 visitatia

1999 1530 2056 1584 in
2087 1527 2294 1583 sanctis
2323 1526 2466 1595 ejus.

2072 1618 2243 1675 Eccli.
2276 1636 2462 1674 xxxix.
2497 1617 2565 1673 Ut
2605 1619 2744 1674 bona
2790 1621 2954 1678 bonis
3004 1636 3036 1676 a
3077 1619 3346 1692 principio
3397 1628 3591 1688 parata

2000 1721 2150 1778 sunt,
2174 1713 2254 1767 sic
2277 1714 2419 1767 mala
2455 1714 2630 1770 malis.

2069 1804 2203 1860 Luc.
2233 1823 2306 1860 vt.
2353 1806 2457 1872 Qui
2518 1808 2696 1863 bonus
2725 1815 2902 1862 estex
2936 1807 3081 1862 bono
3127 1804 3314 1861 cordis
3346 1803 3433 1860 sui
3473 1802 3593 1858 the-

1929 1914 1974 1973 Β
2005 1914 2170 1955 sattro
2201 1900 2339 1954 bona
2370 1902 2592 1969 promit.

2076 1991 2214 2044 Tim.
2245 2006 2284 2044 ι.
2314 1991 2342 2047 J
2353 2001 2474 2047 usto
2500 1995 2646 2048 nulla
2681 1994 2763 2050 lex
2797 1994 3055 2063 imposita
3091 1999 3194 2047 est.

2075 2082 2134 2138 S.
2168 2085 2380 2140 Basilii.
2410 2085 2593 2142 Bonus
2619 2087 2886 2143 bonorum
2920 2097 3004 2142 est
3035 2086 3285 2156 largitor.

2079 2177 2344 2248 Theologi.
2383 2177 2546 2250 Virga
2579 2179 2706 2236 boni
2737 2181 2841 2234 viri
2891 2181 3086 2235 melior
3123 2191 3229 2248 est,
3255 2193 3418 2249 quam
3460 2181 3589 2235 ntali

2007 2271 2279 2325 laudatio.

2078 2364 2276 2432 Optimi
2317 2363 2459 2418 enim
2511 2363 2754 2420 externis
2799 2365 2964 2419 etiam
3011 2372 3144 2420 sunt
3196 2363 3347 2420 lenes
3393 2371 3448 2419 et
3486 2363 3587 2417 litt-

2007 2458 2173 2512 mani.

2085 2549 2214 2606 Boni
2263 2551 2411 2606 cnim
2457 2551 2561 2606 viri
2609 2550 2696 2607 vel
2728 2551 2998 2620 asperitas
3033 2551 3172 2607 lenis
3213 2559 3319 2612 est,
3376 2557 3595 2619 propter

2010 2644 2324 2709 utilitatem,
2352 2659 2515 2714 quam
2563 2644 2803 2698 continet
2832 2661 2846 2698 :
2875 2643 3000 2698 mali
3030 2651 3210 2698 autem
3245 2642 3406 2697 etiam
3445 2642 3599 2697 beni-

2009 2739 2188 2808 gnitas
2217 2747 2469 2806 suspecta
2501 2747 2723 2807 propter
2751 2752 2961 2790 morum
2992 2736 3421 2807 improbitatem.

2092 2831 2286 2886 Nullus
2335 2831 2511 2884 bonus
2545 2831 2648 2883 nisi
2701 2829 2850 2883 solus
2898 2828 3076 2889 Deus;
3126 2829 3210 2882 his
3243 2829 3422 2882 verbis
3457 2826 3598 2897 quod

2011 2932 2225 2972 summe
2268 2917 2470 2972 bonum
2506 2924 2591 2972 est
2623 2917 2892 2972 asseritur
2928 2916 3018 2971 Dei
3059 2917 3229 2972 solius
3261 2934 3404 2974 esse.

2083 3010 2141 3065 S.
2180 3011 2450 3082 Chrysost.
2493 3010 2806 3081 Spiritualis
2841 3012 2991 3065 omni
3039 3011 3244 3065 malitia
3278 3027 3468 3068 carere
3501 3013 3598 3066 de-

2012 3102 2124 3164 bet.
2150 3105 2350 3157 astutia
2374 3113 2427 3158 et
2451 3103 2599 3167 dolo,
2638 3103 3091 3172 Quemadmodum
3110 3103 3363 3159 Christus
3389 3104 3598 3172 inquit:

2019 3211 2038 3243 ι
2074 3191 2191 3248 Nisi
2223 3195 2618 3249 convertamini
2648 3205 2704 3251 et
2728 3195 2905 3252 eﬂ'ecti
2940 3196 3154 3251 lueritis
3178 3197 3384 3251 similes
3413 3198 3600 3268 parvis

2021 3287 2229 3356 pueris,
2264 3303 2372 3341 non
2411 3289 2708 3343 introibitis
2745 3303 2971 3358 regnum
3006 3288 3249 3343 caeleste.
3294 3308 3312 3340 ι

2095 3380 2274 3447 Atque
2301 3378 2470 3433 robur
2497 3381 2716 3447 quidem
2769 3394 2958 3433 eorum
2990 3379 3102 3448 [qui
3151 3379 3400 3432 virtutem
3444 3394 3602 3433 exer-

2022 3479 2174 3536 cent,
2209 3471 2572 3526 admiratione
2599 3481 2858 3541 perpetua
2893 3471 3114 3541 dignum
3144 3481 3265 3536 est;
3301 3473 3604 3540 praesertim

2024 3577 2155 3618 vero
2185 3577 2310 3617 cum
2349 3563 2536 3619 multis
2578 3579 2696 3620 eam
2749 3565 3132 3620 deserentibus
3177 3565 3422 3619 nonnulli
3455 3581 3607 3632 repe-

2022 3656 2243 3710 riuntur
2272 3657 2363 3725 qui
2406 3656 2590 3711 virtuti
2620 3657 3017 3714 adhaerescant.

2095 3745 2252 3818 Greg.
2285 3747 2448 3818 Nysa.
2478 3748 2582 3814 Qui
2608 3758 2803 3806 natura
2829 3752 3009 3809 bonus
3039 3760 3142 3818 est,
3177 3751 3319 3808 idem
3361 3752 3425 3808 ad
3463 3753 3603 3808 bona

2023 3841 2207 3895 omnia
2241 3839 2524 3910 largienda
2555 3857 2864 3913 propensus
2898 3855 3004 3902 est.

2096 3927 2166 3984 Ut
2201 3928 2500 4001 fragrantia
2531 3943 2775 3988 aromata
2825 3951 2928 3990 suo
2976 3938 3152 3992 odore
3196 3938 3590 3993 circttm-l'nsu-n

2023 4022 2298 4094 complent
2334 4039 2541 4093 aerem,
2588 4025 2669 4082 sic
2699 4027 2828 4082 boni
2857 4028 2958 4084 viri
2995 4031 3285 4098 praesentia
3323 4032 3602 4100 prnximm

2017 4114 2196 4186 juvat.

2094 4207 2152 4264 S.
2191 4209 2400 4281 Cyrilli.
2436 4211 2722 4283 PrOpriutn
2776 4223 2863 4270 est
2912 4215 3180 4272 bonorum
3208 4219 3454 4274 omnium
3489 4219 3612 4274 aliis

2021 4302 2308 4372 prodesse.

2097 4391 2214 4446 Erit
2243 4407 2376 4450 sane
2400 4396 2637 4452 maxime
2668 4397 2902 4470 insignis
2925 4400 3146 4456 virtutis
3169 4401 3368 4463 cultor,
3393 4413 3449 4457 et
3477 4419 3632 4472 prae--

2025 4485 2457 4543 clarissimorum
2484 4504 2708 4558 operum
2734 4500 2947 4546 auctor.
2969 4491 3441 4558 Quemadmodum
3464 4499 3609 4550 enim

347 4591 556 4660 Ὃνπερ
579 4589 688 4658 γὰρ
725 4587 928 4658 τρόπον
957 4586 1025 4640 τά
1057 4587 1167 4640 τῶν
1217 4586 1527 4657 ἀρωμάτων
1576 4587 1915 4655 εὐοσμότατα

2033 4576 2409 4634 odoratissima
2461 4590 2711 4636 aromata
2767 4592 2822 4636 et
2861 4583 3098 4650 eximia,
3144 4585 3356 4640 etiamsi
3388 4588 3440 4640 in
3472 4602 3606 4642 vase

346 4679 442 4731 καὶ
467 4677 744 4746 ἐξαίρετα,
774 4676 882 4731 κάν
920 4677 978 4731 ὲν
1009 4675 1219 4745 ἀγγείῳ
1251 4675 1603 4744 κρύπτοιντσ,
1637 4675 1736 4746 τῆς
1777 4675 1928 4730 ἐνού-

349 4788 450 4840 σης
483 4771 668 4834 αὐτοῖς
692 4769 960 4838 εὐοσμίας
990 4767 1302 4838 ἐμπίπλησι
1333 4767 1436 4837 τὴν
1481 4766 1755 4838 αἴσθησιν,
1801 4767 1929 4838 06x1

347 4862 406 4913 δέ
430 4877 533 4914 που
561 4860 744 4931 μόνοις
769 4859 883 4922 τοῖς
914 4857 1106 4927 ἐγγὺς,
1132 4857 1270 4911 ἀλλά
1293 4857 1400 4928 γὰρ
1430 4861 1525 4910 καὶ
1548 4859 1662 4919 τοῖς
1688 4857 1926 4928 μακράν

349 4950 521 5014 οὕτως
560 4950 686 5004 ὁσία
709 4948 861 5020 ψυχὴ
896 4950 992 5003 καὶ
1021 4948 1312 5018 φιλάρετες
1334 4989 1349 5015 ,
1403 4950 1497 5002 καὶ
1529 4947 1641 5000 τῶν
1672 4948 1754 5011 είς
1777 4947 1931 5002 εὐσέ-

350 5042 500 5093 ϐειαν
532 5040 1044 5109 ἀνδραγαθημάτων
1097 5040 1300 5110 ἔχουσα
1351 5039 1534 5108 λόγον,
1569 5039 1672 5093 κᾶν
1709 5039 1931 5110 λεληθό-

349 5154 479 5204 τως,
521 5139 698 5206 πάντη
725 5152 784 5189 τε
807 5135 901 5189 καὶ
930 5135 1150 5200 πάντως
1181 5135 1336 5191 ἔσται
1362 5135 1786 5206 γνωριμωτάτη.

420 5315 806 5386 Φιλάνθρωπος
837 5314 866 5365 6
895 5314 1110 5378 ἀστεῖος
1143 5315 1241 5367 καὶ
1267 5314 1522 5386 εὐμενὴς,
1558 5316 1653 5369 καὶ
1684 5315 1929 5385 συγγνώ-

355 5425 493 5477 μων,
543 5405 721 5460 οὑδενὶ
771 5404 1126 5476 μνησικακῶν
1180 5403 1242 5456 τὸ
1279 5407 1564 5475 παράπαν,
1603 5405 1739 5459 ἀλλά
1772 5409 1930 5478 νικᾷν

351 5501 477 5562 τοὺς
509 5497 740 5570 ἐχθροὺς
781 5496 971 5564 ἀξιῶν,
1006 5497 1065 5550 ἐν
1096 5493 1175 5566 τῷ
1206 5498 1384 5550 ποιεῖν
1410 5495 1471 5550 εὖ
1505 5497 1708 5566 μᾶλλον
1737 5498 1770 5570 ἢ
1801 5498 1930 5569 βλά-

351 5603 528 5641 πτειν.

426 5681 552 5744 Τοῖς
584 5678 812 5747 ἀγαθοῖς
868 5677 1086 5747 ἀγαθάς
1137 5678 1364 5749 ὑπέχειν
1396 5679 1621 5752 γνώμας
1678 5681 1855 5736 ἔοικεν
1901 5686 1929 5737 6

354 5771 506 5837 Θεὸς,
531 5770 598 5823 δι⁹
628 5766 703 5824 ὦν
729 5770 1066 5840 ὠφελοῦντες
1095 5770 1567 5840 ὠφεληθήσονται.

415 5862 656 5936 ,Ἄνδρες
679 5861 898 5929 ἀγαθοὶ,
927 5862 1335 5934 τροπικώτερον
1366 5863 1564 5942 εἰπεῖν,
1593 5861 1771 5941 κίονες
1793 5868 1920 5933 εἰσι,

2039 4668 2256 4725 condita
2283 4672 2412 4738 sint,
2449 4672 2746 4745 fragrantia
2772 4690 2870 4731 sua
2900 4685 3078 4731 tamen
3103 4678 3324 4746 explent
3345 4659 3636 4732 odorandi'

2037 4774 2281 4828 sensum,
2322 4763 2482 4836 169
2505 4781 2609 4821 nou
2638 4766 2813 4822 solum
2837 4782 3024 4822 eorum
3052 4767 3148 4838 qui
3178 4782 3348 4838 prope
3375 4769 3616 4832 adstant,

2037 4854 2134 4908 sed
2161 4855 2324 4908 etiam
2350 4871 2540 4911 eorum
2572 4858 2664 4928 qui
2695 4859 2914 4929 longius
2942 4859 3143 4915 semoti
3168 4870 3296 4914 sunt
3327 4875 3343 4912 :
3387 4861 3460 4914 ita
3491 4875 3617 4915 san-

2037 4950 2160 4998 ctus
2193 4944 2412 5000 animus
2447 4954 2500 5000 et
2535 4947 2756 5002 virtutis
2792 4948 3060 5017 cupidus,
3103 4956 3159 5003 et
3188 4948 3418 5005 honeste
3449 4949 3622 5005 iacto-

2037 5051 2158 5090 rum
2187 5045 2241 5091 et
2264 5036 2330 5091 ad
2360 5038 2616 5108 pietatem
2644 5040 3034 5109 pertinentium
3065 5040 3333 5095 rationem
3381 5040 3612 5105 habens,

2037 5126 2122 5179 vel
2155 5126 2291 5180 nihil
2323 5128 2428 5182 tale
2467 5129 2737 5198 cogitans,
2763 5129 3022 5186 omnibus
3050 5129 3227 5185 modis
3257 5131 3366 5184 erit
3391 5131 3616 5186 nobilis-

2037 5218 2214 5275 simus
2250 5227 2304 5274 et
2334 5220 2698 5276 clarissimus.

2113 5313 2372 5369 Philonis.
2416 5313 2703 5370 llumanus
2735 5315 2980 5371 urbanus
3005 5325 3059 5370 et
3091 5318 3269 5372 comis
3288 5326 3342 5371 et
3367 5316 3437 5371 ad
3469 5317 3636 5387 igno‘

2039 5407 2299 5460 scendum
2333 5420 2656 5475 propensus,
2682 5407 2886 5461 nullius
2915 5407 3143 5461 omnino
3166 5407 3384 5478 injuria:
3411 5423 3624 5462 memor

2039 5506 2142 5561 est,
2178 5496 2273 5553 sed
2306 5498 2526 5554 vincere
2568 5499 2756 5555 hostes
2789 5501 2942 5570 cupit
2974 5498 3394 5566 benefaciendo,
3448 5502 3623 5570 magis

2038 5605 2200 5660 quam
2228 5591 2498 5646 laedendo.

2110 5682 2275 5737 Bonis
2319 5682 2463 5739 Deus
2492 5685 2631 5739 bona
2661 5683 2975 5755 suppeditat
3019 5692 3074 5738 et
3117 5682 3309 5738 inserit
3356 5680 3626 5744 consilia,

2023 5774 2262 5845 quibus,
2295 5791 2419 5831 cum
2454 5776 2579 5830 aliis
2602 5779 2836 5846 prosint,
2866 5777 2964 5846 ipsi
2988 5778 3221 5831 maxime
3243 5776 3528 5844 iuvantur.

2115 5868 2224 5922 Viri
2259 5869 2406 5934 boui,
2451 5882 2508 5924 ut
2547 5869 2779 5943 ﬁgurate
2804 5871 3005 5928 dicam.
3036 5870 3304 5925 columnas
3326 5875 3471 5930 sunt,
3516 5879 3610 5933 po:
