4056 6404
488 401 634 466 1079

1731 395 2047 456 ΑΝΤΟΝΙΙ
2092 394 2440 456 MELISS/E

3514 355 3521 370 ’
3612 396 3739 463 meo

479 519 668 588 pulum
703 525 873 569 totum
913 512 1303 569 continuantes
1357 511 1516 581 quasi
1567 510 1760 566 domos
1809 525 2062 578 magnas,

2173 513 2340 584 δῆμον
2375 514 2497 567 ὅλον
2524 514 2928 588 ὑπερείδοντες,
2975 513 3237 584 καθάπερ
3272 509 3449 575 οίκίας
3478 514 3734 581 μεγάλας,

483 609 736 664 civitates
767 617 820 660 et
861 606 1220 676 respublicas.

556 698 855 753 Honestum
889 706 1002 751 tum
1034 705 1117 751 est
1147 696 1464 761 honestum,
1499 707 1627 748 cum
1671 700 1732 746 ut
1783 691 1853 746 ab
1893 692 2076 745 altero

485 792 743 845 laudetur
771 805 879 844 non
921 798 1066 860 eget,
1112 787 1211 845 sed
1245 803 1431 844 secum
1461 783 1777 842 circumfert
1807 799 1919 840 sua:
1953 783 2075 853 pul-

488 881 821 939 chritudinis
847 890 1008 937 notas
1037 892 1090 936 et
1123 881 1377 952 insignia.
1423 889 1426 893 ‘

912 1015 1143 1071 sermo
1168 1013 1358 1069 χχχιι
1382 1015 1477 1086 lat.
1503 1012 1645 1081 xv1.

873 1132 947 1186 De
982 1134 1135 1186 malis
1165 1143 1213 1186 et
1245 1133 1496 1201 improbis
1528 1131 1680 1184 viris.

557 1248 716 1302 Deut.
746 1263 906 1302 mn.
940 1245 1013 1302 Ut
1037 1262 1102 1302 ne
1130 1247 1321 1316 perdat
1360 1247 1663 1300 scelerosus
1688 1260 1718 1298 a
1742 1245 1953 1322 scelere
1972 1243 2076 1296 im-

489 1356 734 1405 munem,
768 1355 880 1396 non
911 1340 1030 1394 \'u|t
1057 1337 1200 1393 Deus
1233 1338 1305 1391 illi
1341 1337 1567 1406 placari,
1609 1337 1702 1392 sed
1735 1336 2078 1391 accendetur

492 1435 573 1487 ira
603 1432 838 1498 Domini,
873 1440 928 1486 et.
972 1429 1248 1484 mmulatio
1277 1427 1395 1495 ejus
1426 1430 1478 1482 in
1513 1429 1790 1484 hominem
1827 1429 2002 1484 illum.

566 1609 595 1664 Ι
623 1609 750 1680 Reg.
786 1626 826 1666 ι.
854 1611 938 1664 Ab
975 1610 1178 1678 iniquis
1239 1610 1518 1680 exlegibus
1553 1609 1935 1678 progredietur
1975 1609 2080 1663 im-

493 1703 739 1774 probitas
769 1711 824 1756 et
848 1691 1197 1756 maleficium.

566 1797 817 1866 improbe
847 1811 906 1850 se
929 1797 1098 1863 gessit
1126 1795 1383 1849 Achabus
1415 1796 1470 1848 in
1503 1806 1798 1864 conspectu
1829 1794 2072 1864 Domini,

493 1899 550 1946 et
588 1889 908 1944 sceleratior
942 1903 1104 1955 quam
1139 1889 1173 1940 ii
1205 1888 1298 1954 qui
1334 1897 1454 1940 ante
1488 1886 1663 1955 ipsum
1696 1884 1933 1941 fuerant.

564 2071 736 2126 Nemo
784 2068 1069 2140 improbus
1109 2082 1236 2122 cum
1289 2068 1381 2131 sit,
1437 2081 1500 2121 se
1548 2067 1667 2120 fore
1729 2064 2077 2118 innocentem

494 2163 758 2220 conﬁdat.

567 2257 735 2312 Dulce
769 2255 874 2312 fuit
905 2255 957 2310 in
993 2269 1089 2310 ore
1119 2253 1241 2324 ejus
1280 2251 1501 2308 vitium.

565 2346 789 2402 Modum
818 2351 1109 2402 transeunt
1134 2353 1318 2400 errata
1359 2338 1760 2420 improborum.

566 2439 835 2494 Malorum
871 2453 1021 2492 mors
1050 2438 1155 2492 erit
1193 2449 1296 2490 non
1321 2435 1544 2490 decora.

571 2534 688 2588 Filii
740 2534 1024 2588 hominum
1067 2547 1352 2603 quousque
1410 2537 1627 2589 tandem
1683 2535 1824 2589 dura
1879 2536 2083 2602 geretis

495 2631 658 2683 corda
676 2628 702 2681 ἲ

569 2718 724 2772 Psal.
755 2735 828 2772 tv.
865 2715 1126 2773 Scelerati
1167 2718 1333 2772 muha
1381 2717 1590 2788 ﬂagella
1653 2721 1727 2787 (id
1759 2731 1857 2785 est,
1904 2718 2085 2774 omnis

498 2813 717 2881 generis
756 2809 1125 2880 aﬂlietiones.)

575 2900 766 2954 Vultus
803 2900 1017 2954 Domini
1056 2901 1112 2954 in
1146 2903 1286 2954 mala
1317 2913 1616 2970 patrantes.

569 2991 713 3045 Mors
738 2992 1131 3046 sceleratorum
1169 2994 1306 3048 mala
1341 3005 1445 3050 est.
1883 3058 1886 3060 γ

568 3083 846 3138 Molliores
888 3084 1011 3138 oleo
1062 3099 1348 3140 sermones
1403 3087 1648 3151 illorum,
1706 3096 1761 3142 at
1799 3087 1900 3154 ipsi
1958 3098 2086 3143 sunt

496 3175 653 3242 quasi
703 3175 910 3230 bolides
950 3174 1054 3245 (id
1093 3185 1192 3243 est,
1221 3178 1462 3247 pondera
1523 3178 1780 3234 funiculis
1818 3178 1972 3233 aliixa
2017 3180 2084 3234 ad

496 3269 889 3336 explorandum
911 3269 1162 3340 aliquid).

567 3358 688 3413 Jam
733 3361 859 3415 inde
907 3361 974 3416 ab
1017 3373 1176 3418 utero
1227 3355 1421 3418 matris
1462 3365 1754 3422 abalienati
1809 3380 1938 3424 sunt
1985 3368 2086 3421 imo

497 3455 676 3524 probi,
713 3457 992 3510 mendacia
1023 3455 1194 3510 locuti
1227 3466 1384 3512 sunt.

571 3547 733 3600 Salus
757 3549 915 3617 longe
947 3547 1099 3602 abest
1122 3548 1191 3602 ab
1211 3547 1501 3618 improbis,
1525 3548 1652 3618 quia
1673 3547 1796 3618 jura
1823 3558 1911 3602 tua
1935 3546 2086 3618 juste

501 3639 754 3694 instituta
785 3654 892 3694 non
922 3641 1324 3710 exquisierunt.

573 3733 930 3802 Sanguinarii
961 3741 1018 3787 et
1056 3731 1239 3787 dolosi
1273 3733 1452 3787 aetatis
1481 3729 1772 3787 dimidium
1804 3748 1913 3787 non
1955 3748 2089 3787 con-

500 3834 820 3892 sequentur.

573 3911 872 3968 Peccantes
903 3912 957 3966 in
990 3911 1133 3966 mala
1173 3911 1434 3967 incident.

575 4003 736 4058 Prov.
769 4003 870 4070 Qui
905 4005 1078 4060 malos
1107 4004 1360 4074 castigat,
1393 4005 1497 4060 sibi
1529 4005 1885 4075 ignominiam
1917 4009 2085 4061 tueri-

502 4096 668 4152 faciet
693 4113 708 4150 :
735 4097 940 4167 quique
976 4097 1210 4168 impium
1251 4098 1625 4168 reprehendit,
1663 4101 1904 4169 seipsum
1944 4102 2087 4154 vitu-

504 4190 742 4261 perabit.

575 4283 830 4349 Quaarent
861 4298 946 4337 me
981 4282 1236 4353 improbi,
1267 4297 1368 4340 nec
1395 4291 1573 4340 tamen
1601 4281 1762 4354 17o
1787 4284 2089 4351 invenient,

503 4377 827 4445 sapientiam
858 4375 1006 4430 enim
1043 4375 1232 4432 odere.

574 4467 758 4521 Animi
795 4481 986 4522 eorum
1021 4468 1113 4538 qui
1152 4467 1374 4538 exleges
1395 4475 1526 4525 sunt
1550 4468 1853 4524 interibunt
1892 4470 2088 4522 imma-

506 4571 640 4612 IDI‘I.

576 4650 770 4705 Exitus
803 4666 990 4706 eorum
1025 4651 1114 4721 qui
1146 4651 1319 4723 legem
1353 4651 1583 4718 violant,
1618 4656 1794 4706 malus
1828 4666 1930 4708 ρει,

579 4743 748 4797 Malos
777 4760 843 4797 ne
870 4741 1266 4812 reprehendas,
1302 4753 1359 4799 ut
1390 4759 1459 4799 ne
1491 4745 1569 4800 sis
1599 4745 1726 4798 odio
1768 4746 1895 4800 Illis.

580 4831 737 4886 Prov.
773 4849 850 4886 ix.
896 4832 1020 4899 Fili,
1055 4833 1101 4889 si
1141 4834 1361 4901 sapiens
1388 4835 1581 4900 lueris,
1616 4833 1713 4888 tibi
1749 4844 1799 4887 et
1833 4835 2096 4902 proximis

506 4924 619 4978 tuis
656 4926 839 4993 sapies
872 4941 886 4979 :
917 4925 1001 4979 sin
1036 4925 1212 4981 malus
1241 4927 1487 4981 evaseris
1509 4965 1523 4993 ,
1559 4928 1710 4981 solus
1782 4926 2093 4980 exantlabis

508 5017 673 5069 mala.

583 5106 748 5162 Dolus
775 5119 860 5164 est
891 5111 948 5164 in
985 5111 1152 5166 corde
1180 5109 1322 5165 mala
1352 5110 1701 5167 fabricantis.

580 5198 1006 5256 Misericordiam
1045 5212 1101 5258 et
1135 5203 1403 5272 judicium
1433 5217 1545 5259 non
1585 5211 1784 5258 norunt
1821 5219 2094 5260 maiorum

510 5289 819 5343 architecti.

579 5379 799 5449 Expelle
831 5396 862 5436 e
892 5384 1127 5440 concilio
1157 5384 1481 5453 pestiferum
1514 5423 1528 5449 ,
1564 5395 1617 5440 et
1663 5401 1771 5440 una
1823 5401 1950 5440 cum
2000 5387 2096 5442 illo

511 5471 678 5526 exibit
709 5475 989 5529 contentio
1018 5494 1030 5527 :
1061 5490 1188 5530 eum
1214 5479 1360 5532 enim
1385 5479 1587 5534 sederit
1614 5479 1666 5534 in
1691 5480 1935 5535 virorum
1961 5495 2097 5534 con-

511 5580 692 5631 sessu,
733 5579 927 5621 omnes
955 5567 1158 5637 probro
1187 5567 1404 5624 allicict.

581 5660 872 5729 Improbus
903 5677 1012 5717 non
1045 5663 1151 5716 erit
1177 5663 1506 5733 impunitus.

580 5749 742 5804 Amos
772 5767 849 5806 ιιι.
876 5750 976 5806 Odi
1030 5754 1314 5821 repuliqne
1359 5754 1478 5810 dies
1533 5768 1743 5812 vestros
1782 5756 2098 5832 festos,lnee

515 5848 710 5902 vestris
743 5851 1100 5904 con—ventilatis
1136 5850 1397 5912 delector.

2175 609 2276 670 τὰς
2307 607 2492 670 πόλεις
2523 606 2616 660 καὶ
2646 606 2746 670 τὰς
2777 606 3075 670 πολιτείας.

2245 698 2320 752 Τδ
2361 699 2525 753 καλὸν
2571 698 2694 751 τότε
2730 698 2897 752 καλόν
2945 699 3114 766 ἐστιν,
3151 699 3287 753 ὅταν
3313 699 3411 770 τῆς
3445 700 3543 769 ἀφ’
3563 701 3739 769 ἑτέρω

2178 793 2492 855 συστάσεως
2524 793 2585 845 οὐ
2617 791 2845 854 δέηται,
2903 792 3021 844 ἀλλ’
3073 793 3130 844 ὲν
3165 791 3311 863 αὺτῷ
3346 794 3615 867 περιφέρει
3649 797 3740 864 τῆς

2177 886 2382 948 οἰκείας
2415 885 2678 954 καλλονῆς
2705 883 2775 936 τὰ
2805 883 3190 954 γνωρίσματα.

2776 1019 2998 1073 ΛΟΓΟΣ
3029 1018 3157 1072 ΛΒ’.

2391 1137 2532 1206 Περὶ
2568 1135 2770 1191 κακῶν
2802 1133 2900 1189 καὶ
2920 1133 3247 1205 μοχθηρῶν
3269 1132 3530 1202 ἀνδρῶν.

2254 1256 2372 1308 Ἵνα
2403 1255 2477 1325 μὴ
2506 1253 2749 1323 ἀπολέσῃ
2790 1252 2819 1304 ό
2849 1249 3177 1322 ἁμαρτωλὸς
3205 1247 3299 1302 τὸν
3340 1248 3740 1318 ἀναμάρτητον,

2177 1348 2238 1400 οὐ
2277 1347 2353 1418 μὴ
2397 1346 2600 1419 Θελήσῃ
2628 1347 2657 1399 ὁ
2684 1345 2818 1408 Θεὸς
2873 1343 3158 1412 ίλασθῆναι
3205 1342 3375 1412 αὐτῷ,
3405 1341 3520 1394 ἀλλ’
3553 1343 3742 1394 ἐκκαυ-

2179 1442 2404 1512 θήσεται
2465 1438 2605 1510 ὀργὴ
2636 1439 2864 1508 Κυρίου,
2901 1436 2998 1491 καὶ
3026 1437 3053 1489 ό
3082 1434 3244 1505 ζῆλος
3278 1434 3443 1488 αὑτοῦ
3475 1435 3536 1487 ἐν
3560 1435 3634 1503 τῷ
3658 1436 3743 1486 ἀνι

2179 1531 2383 1604 Θρὼπῳ
2421 1531 2644 1600 ἐκείνῳ.

2263 1622 2353 1690 Ἐξ
2381 1619 2598 1691 ἀνόμων
2619 1619 2967 1688 ἐξελεύσεται
2991 1617 3368 1688 πλημμέλεια.

2263 1802 2551 1872 Ἐποίησεν
2575 1800 2783 1870 Ἀχαὰϐ
2805 1801 2868 1853 τὺ
2895 1797 3132 1868 πονηρὸν
3154 1795 3386 1850 ἐνώπιον
3411 1769 3644 1864 Kuptou,
3661 1793 3747 1847 καὶ

2112 1905 2155 1961 Β
2183 1891 2592 1962 ὲπονηρεύσατο
2624 1890 2766 1959 ὑπὲρ
2791 1890 3001 1954 πάντας
3036 1889 3164 1954 τοὺς
3197 1887 3526 1958 γενομένους
3556 1885 3750 1954 ἔμπρο-

2187 1987 2310 2039 σθεν
2348 1982 2537 2038 αὑτοῦ.

2254 2075 2461 2142 Μηδεὶς
2519 2072 2831 2127 πεποιῦἐτω
2867 2072 3105 2143 πονηρὸς
3141 2071 3241 2135 ὢν,
3275 2070 3455 2134 ἁΟῶος
3511 2067 3748 2123 ἔσεσθαι.

2271 2259 2610 2331 Ἐγλυκάνθη
2643 2260 2704 2314 ὲν
2729 2257 2962 2329 στόματι
2991 2255 3157 2312 αὐτοῦ
3185 2255 3379 2311 κακία.

2266 2353 2516 2418 Ἐξαίσια
2545 2353 2823 2422 πτώματα
2850 2352 3132 2422 πονηρῶν.

2257 2448 2452 2502 Φαῦλοι
2485 2449 2545 2502 ιν
2577 2447 2794 2515 θανάτῳ
2821 2445 3068 2516 ἐξαισίῳ.

2260 2543 2380 2596 Υἱοὶ
2408 2539 2736 2610 ἀνθρώπων,
2755 2540 2860 2603 ἕως
2877 2539 3008 2592 πότε
3039 2534 3395 2608 βαρυκάρδιοι
3415 2550 3437 2604 ;

2183 2722 2190 2729 “
2256 2720 2454 2774 Belial.
2485 2721 2541 2774 αἱ
2575 2718 2841 2789 μάστιγες
2871 2717 2968 2771 τοῦ
3000 2713 3364 2787 άμαρτωλοῦ.

2261 2907 2560 2978 Πρόσωπον
2586 2905 2800 2976 Κυρίου
2835 2905 2928 2959 ἐπὶ
2963 2903 3258 2968 ποιοῦντας
3292 2902 3472 2963 κακά,

2255 2999 2497 3063 Θάνατος
2528 2997 2876 3069 ἁμαρτωλῶν
2902 2997 3164 3068 πονηρός.

2269 3091 2694 3162 Ἠπαλύνθησαν
2741 3090 2792 3146 ot
2823 3089 2974 3159 λόγοι
3007 3087 3190 3143 αὐτῶν
3220 3087 3364 3159 ὑπὲρ
3414 3087 3622 3155 ἔλαιον,
3672 3079 3755 3139 καὶ

2188 3181 2345 3235 αὐτοί
2375 3183 2483 3235 είσι
2512 3181 2736 3252 βολίδες.

2278 3361 2828 3433 Ἀπηλλοτριώθησαν
2877 3363 2928 3414 ot
2975 3361 3296 3432 ἁμαρτωλοὶ
3334 3361 3451 3416 ἀπὸ
3514 3363 3758 3433 μήτρας,

2195 3454 2466 3525 ἐλάλησαν
2493 3453 2688 3523 ψευδῆ.

2267 3550 2502 3619 Μακρὸιν
2529 3549 2638 3602 ἀπὸ
2663 3547 3004 3619 ἁμαρτωλῶν
3033 3545 3304 3618 σωτηρία,
3331 3546 3419 3601 ὅτι
3446 3548 3518 3600 τὰ
3551 3546 3762 3599 δικαιὼ-

2197 3639 2347 3709 ματὰ
2377 3654 2474 3692 σου
2497 3639 2598 3692 οὐκ
2633 3639 2992 3710 ἐξεζήτησαν.

2271 3731 2500 3802 Ἀνδρες
2557 3731 2812 3802 αἱμάτων
2853 3730 2950 3785 καὶ
2997 3730 3302 3801 δολιότητος
3341 3731 3402 3783 οὐ
3435 3749 3516 3803 μη
3549 3729 3762 3802 ήμισεὺς

2198 3841 2335 3878 σωσι
2359 3824 2458 3885 τὰς
2483 3825 2697 3894 ἡμέρας
2737 3824 2940 3879 αὐτῶν.

2282 3918 2338 3967 Ἀ
2348 3916 2724 3986 μαρτάνοντας
2759 3917 3131 3986 καταλήψεται
3158 3918 3326 3972 κακά.

2278 4011 2338 4062 '0
2388 4009 2657 4063 παιδεύων
2712 4011 2919 4072 κακοὺς
2977 4010 3211 4081 λήψεται
3273 4012 3458 4082 ἑαυτῷ
3511 4011 3761 4082 ἀτιμίαν⁶

2196 4101 2437 4172 ἐλέγχων
2465 4102 2520 4154 δὲ
2555 4101 2646 4155 τὸν
2676 4101 2878 4170 ἀσεὸῆ,
2915 4103 3247 4173 μωμήσαται
3273 4104 3492 4158 ἑαυτόν.

2267 4283 2578 4353 Ζητήσουσί
2617 4299 2683 4354 με
2714 4287 2905 4350 κακοὶ,
2956 4284 3054 4338 καὶ
3088 4284 3186 4354 οὐχ
3227 4283 3602 4353 εὑρήσουσινο
3653 4279 3762 4350 ὲμίο

2197 4391 2264 4442 ση
2274 4391 2370 4426 σαν
2403 4375 2512 4443 γὰρ
2542 4375 2757 4444 σοφίαν.

2268 4467 2452 4536 Ψυχαὶ
2485 4467 2704 4535 ἀνόμων
2739 4466 2985 4521 όλοῦνται
3015 4468 3211 4538 άωροι.

2284 4650 2350 4702 Ἥ
2380 4651 2737 4720 καταστροφὴ
2771 4649 2884 4704 τῶν
2917 4648 3255 4719 παρανόμων
3285 4649 3456 4717 κακή.

2271 4741 2365 4811 Μὴ
2390 4740 2581 4811 ἔλεγχε
2605 4741 2837 4805 κακοὺς,
2874 4741 2964 4794 ἵνα
3007 4741 3084 4810 μὴ
3115 4741 3390 4811 μισήσωσί
3430 4758 3515 4794 σε.

2271 4838 2388 4900 Υἱὲ,
2435 4836 2530 4888 ἐὰν
2573 4834 2738 4903 σοφὸς
2773 4835 2931 4905 γένῃ,
2979 4835 3130 4904 αὺτῷ
3181 4835 3344 4903 σοφὸς
3396 4835 3498 4907 ἔσῃ
3533 4836 3623 4888 καὶ
3668 4834 3764 4889 τοῖς

2200 4930 2429 5000 πλησίον
2458 4944 2555 4981 σου
2575 4941 2590 4957 °
2621 4929 2717 4982 ἐὰν
2742 4928 2800 4982 δὲ
2836 4928 3004 5004 κακὸς
3027 4929 3264 4999 άποὸᾔς,
3305 4929 3469 4997 μόνος
3495 4927 3766 4993 άντλήσεις

2198 5025 2268 5078 τὰ
2302 5022 2469 5076 κακά.

2270 5115 2433 5180 Δόλος
2462 5117 2521 5168 ὲν
2551 5115 2755 5186 καρδίᾳ
2784 5115 3212 5184 τεκταινομένου
3243 5115 3414 5172 κακά.

2271 5210 2387 5263 Οὐκ
2439 5208 2762 5262 ἐπίστανται
2815 5206 2963 5260 ἔλεον
3015 5209 3111 5262 καὶ
3165 5208 3351 5277 κρίσιν
3399 5211 3648 5269 τέκτονες
3679 5221 3768 5254 m-

2199 5304 2335 5360 κῶν.

2276 5397 2519 5452 Ἔκϐαλε
2546 5398 2611 5452 ἐκ
2645 5398 2927 5470 συνεδρίου
2958 5399 3171 5470 λοιμὸν,
3204 5400 3301 5454 καὶ
3331 5398 3770 5464 συνεξελεύσεται

2197 5490 2378 5552 νεῖκος
2405 5490 2576 5561 αὐτῷ.
2607 5490 2774 5545 Ὅταν
2803 5491 2915 5562 γὰρ
2940 5491 3143 5564 καθίσῃ
3171 5495 3230 5547 ἐν
3255 5492 3539 5562 συνεδρίῳ,
3576 5492 3772 5550 πάντας

2197 5582 2484 5651 ἀτιμάσει.

2281 5675 2340 5728 '0
2378 5675 2548 5738 κακὸς
2575 5677 2678 5729 οὐκ
2710 5677 3064 5748 ἀτιμώρητος
3092 5678 3274 5734 ἔσται.

2272 5768 2596 5838 Μεμίσηκα,
2629 5771 2893 5839 ἁπῶσμαι
2925 5773 3022 5834 τὰς
3055 5773 3250 5842 ἑορτὰς
3281 5773 3453 5842 ὑμῶν,
3489 5772 3587 5826 καὶ
3611 5772 3669 5823 τὺ
3706 5768 3776 5838 μὴ

2202 5857 2498 5928 ὸσφρανθῶ
2533 5862 2592 5915 ἐν
2612 5863 2730 5926 ταῖς
2767 5862 3141 5934 πανηγύρεσιν
3183 5863 3361 5931 ὑμῶν.
