4056 6420
382 416 516 489 1081

1139 407 1309 470 LOCI
1342 403 1787 468 COMMUNES.
1823 427 1895 441 -
1924 402 2121 466 PARS
2157 397 2244 464 II.
2288 395 2547 460 SERMO
2583 395 2834 458 XXXII.

3507 388 3644 454 1082

461 535 556 594 Ὃς
589 531 795 587 δίκαιον
812 528 1000 601 ’κρίνει
1051 525 1144 581 τὸν
1182 525 1389 590 ἄδικον,
1408 525 1594 580 ἄδικον
1628 521 1686 575 δὲ
1735 520 1827 575 τὸν
1883 518 1963 573 δί-

2141 517 2243 585 Qui
2295 515 2502 586 justum
2557 513 2822 584 injustum
2868 509 3120 582 iudicat:
3159 508 3502 577 ctinjusmm
3560 510 3650 578 ju-

380 643 559 692 καιον,
588 625 895 695 ἀκάθαρτος
919 620 1016 676 καὶ
1047 619 1336 693 βδελυκτὸς
1357 617 1510 688 παρά
1533 613 1745 684 Κυρίῳ.

456 800 596 854 Τάδε
646 798 794 867 λέγει
852 796 1059 868 Κύριος
1104 790 1537 862 παντοκράτωρο
1595 785 1763 840 Αὐτοὶ
1811 784 1959 838 οἰκο-

393 893 725 963 ιδομήσουσι,
773 889 928 960 κάγὼ
987 885 1379 956 καταστρέφω·
1442 879 1542 936 καὶ
1597 876 1963 946 ὲπικληθήσε-

387 1002 478 1037 ται
516 981 700 1045 αὐτοῖς
743 981 866 1052 ὅρια
917 979 1168 1050 ἀνομίας,
1208 975 1306 1032 καὶ
1333 973 1463 1036 λαὸς
1497 971 1583 1040 ἐφ’
1612 971 1671 1024 ὃν
1715 965 1960 1038 παρατέ-

389 1091 588 1128 τακται
626 1074 834 1142 Κύριος
895 1071 1001 1134 ’έως
1053 1067 1272 1134 αἰῶνος,
1324 1066 1387 1119 οὐ
1422 1063 1498 1135 μὴ
1536 1061 1699 1133 μείνῃ
1753 1061 1833 1123 είς
1869 1058 1962 1112 τὸν

390 1167 562 1219 αἰῶνα
588 1163 780 1233 χρόνου
815 1163 1039 1232 σπέρμα
1072 1160 1330 1228 πονηρόν.

473 1256 568 1310 Ἐκ
599 1255 911 1324 σπέρματος
957 1252 1136 1322 ὄφεως
1166 1250 1513 1318 ἐξελεύσεται
1553 1246 1756 1317 ἔγγονα
1797 1239 1965 1297 ἀσπίς

390 1347 496 1398 δων
524 1385 538 1410 ,
571 1347 638 1398 τὰ
675 1346 730 1399 δὲ
765 1345 962 1414 ἔγγονα
988 1343 1168 1396 αὐτῶν
1194 1344 1345 1411 δφεις
1376 1340 1686 1410 πετόμενοι.

467 1439 546 1492 Τὰ
577 1439 950 1508 ἁμαρτήματα
984 1435 1141 1506 ἡμῶν
1175 1435 1441 1502 διίστησιν
1475 1433 1577 1488 ἀνὰ
1611 1433 1775 1504 μέσον
1809 1432 1967 1503 ἡμῶν

391 1533 486 1583 καὶ
533 1530 628 1583 τοῦ
673 1528 807 1583 Θεοῦ
836 1571 852 1594 ,
914 1530 1007 1581 καὶ
1049 1527 1139 1580 διὰ
1175 1527 1272 1589 τὰς
1318 1526 1550 1595 ἀνομίας
1606 1524 1766 1594 ἡμῶν
1831 1525 1969 1578 ἀπέ-

393 1614 604 1692 στρεψε
624 1621 684 1674 τὸ
716 1623 1008 1692 πρόσωπον
1037 1619 1201 1673 αὐτοῦ
1235 1619 1328 1689 ἀφ’
1365 1618 1544 1688 ἡμῶν,
1573 1617 1667 1670 τοῦ
1702 1617 1778 1687 μὴ
1809 1616 1958 1687 ἐλεῆ-

395 1733 507 1770 σαι.

463 1805 585 1860 Υἱοὶ
612 1803 844 1874 ἄφρονές
877 1803 1004 1866 είσι,
1039 1802 1132 1854 καὶ
1162 1801 1224 1854 0-3
1281 1800 1516 1866 συνετοὶ,
1546 1797 1700 1868 σοφοὶ
1730 1795 1826 1852 τοῦ
1862 1814 1967 1853 κα-

389 1899 682 1968 κοποιῆσαι
703 1912 719 1929 ο
748 1896 809 1949 τί)
841 1895 897 1948 δὲ
929 1892 1111 1956 καλῶς
1141 1892 1365 1963 ποιῆσαι
1391 1892 1492 1945 οὐκ
1527 1890 1800 1960 ἔγνωσαν.

463 1991 546 2043 Τά
576 1990 713 2058 ἔργα
745 1987 926 2042 αὐτῶν
959 1987 1096 2057 ἔργα
1128 1985 1341 2056 ἄνομα·
1373 1983 1468 2038 καὶ
1513 1985 1561 2037 0i
1591 1982 1750 2047 πόδες
1785 1982 1966 2037 αὐτῶν

393 2084 474 2144 εἰς
512 2083 711 2134 κακίαν
737 2080 1050 2150 τρέχουσιν.
1691 2106 1698 2114 -

464 2172 527 2227 Εἰ
560 2171 849 2236 ἀλλάξεται
878 2169 1073 2238 Αἰθίοψ
1100 2169 1162 2222 τὸ
1193 2167 1370 2238 δέρμα
1402 2163 1591 2232 αὐτοῦ,
1623 2166 1722 2219 καὶ
1763 2164 1972 2236 πάρδα-

391 2265 475 2329 λις
509 2263 578 2318 τά
618 2263 954 2334 ποικίλματα
986 2262 1180 2333 αὐτῆς,
1227 2262 1322 2315 καὶ
1365 2259 1524 2332 ὑμεῖς
1563 2258 1863 2330 δυνήσεσθε
1910 2253 1970 2312 εῦ

395 2358 618 2427 ποιῆσαι
655 2354 1038 2427 μεμαθηκότες
1067 2351 1226 2406 κακά.

463 2450 680 2512 Πτῶσις
706 2446 859 2517 κακῷ
885 2446 1028 2501 κατά
1056 2446 1294 2516 σπουδὴν
1323 2444 1466 2516 ἥξει.

475 2541 626 2604 Ὁδὸς
669 2539 1010 2610 ἁμαρτωλῶν
1057 2537 1419 2607 ὡμαλισμένη
1456 2535 1571 2589 ἀπὸ
1622 2533 1810 2602 λίθων,
1875 2535 1974 2590 καὶ

399 2634 487 2688 ἐπ’
519 2633 764 2704 ἐσχάτων
788 2631 960 2700 αὐτῆς
1002 2631 1191 2702 βόθρος
1231 2630 1382 2700 ᾅδου.

470 2723 577 2778 Τὸν
623 2721 1008 2792 ἁμαρτάνοντα
1051 2722 1127 2784 είς
1179 2721 1278 2790 τὴν
1325 2717 1721 2789 ψυχὴν-αὑτοῦ
1765 2716 1850 2781 τίς
1897 2715 1979 2769 δι-

399 2817 628 2872 καιώσει
656 2831 674 2883 ;

475 2910 656 2966 Τέκνα
686 2906 944 2980 βδελυκτά
971 2905 1179 2976 γίνεται
1204 2904 1367 2958 τέκνα
1391 2900 1765 2975 ἁμαρτωλῶν.

476 3002 692 3073 Ὀνομα
736 2998 1044 3070 ἀνθρώπων
1123 2995 1468 3067 ἁμαρτωλῶν
1525 2993 1980 3065 ἐξαλειφθήσεται

483 3096 549 3153 '0
589 3092 826 3165 πονηρὸς
860 3090 1144 3159 ἄνθρωπος
1186 3089 1252 3140 ὲκ
1284 3085 1378 3140 τοῦ
1410 3085 1652 3155 πονηροῦ
1699 3081 1978 3154 θησαυροῦ

2062 618 2230 672 stum,
2265 606 2577 678 isimpurus
2628 605 2772 676 apud
2831 602 3124 658 Dominum
3157 609 3213 655 et
3254 600 3650 655 abominandns

2060 709 2166 758 est.

2134 795 2373 850 Malach.
2405 793 2672 850 Dominus
2706 789 3057 859 omnipotens
3097 787 3178 843 sic
3235 785 3481 854 loquitur
3522 802 3535 837 :
3569 784 3648 837 llli

2063 890 2430 952 aediﬁcabant,
2462 901 2562 956 ego
2607 899 2736 941 vero
2765 884 3002 947 diruam,
3043 891 3101 935 ut
3131 888 3402 934 vocentur
3430 877 3648 932 termini

2065 982 2389 1050 iniquitatis,
2424 990 2478 1034 et
2518 979 2752 1050 populus
2789 977 2876 1031 cui
2911 975 3179 1030 Dominus
3225 987 3282 1028 se
3313 977 3549 1040 opponet
3594 969 3648 1021 in

2066 1076 2327 1130 saeculum
2378 1092 2391 1128 :
2445 1087 2551 1128 non
2587 1085 2848 1126 mansura
2879 1081 2962 1124 est
3004 1068 3062 1122 in
3092 1065 3352 1121 saeculum
3385 1061 3652 1131 temporis

2065 1165 2210 1236 impr
2222 1166 2330 1220 oba
2367 1164 2678 1235 progenies.

2137 1255 2256 1311 ha.
2282 1271 2394 1310 LIX.
2423 1254 2504 1308 Ex
2539 1251 2750 1308 semine
2778 1248 3049 1321 serpentis
3081 1247 3378 1318 prodibant
3401 1245 3650 1314 aspidum

2069 1349 2260 1415 catuli,
2285 1356 2342 1402 at
2374 1346 2590 1402 illarum
2623 1341 2829 1413 posteri
2861 1340 3111 1396 volantes
3139 1345 3420 1408 serpentes
3464 1343 3651 1390 erunt.

2139 1441 2374 1496 Peccata
2399 1448 2590 1495 nostra
2615 1437 2917 1494 dissociant
2956 1447 3058 1487 nos
3093 1445 3122 1484 a
3155 1430 3289 1494 Deo,
3318 1435 3655 1498 propterque

2071 1536 2394 1607 iniquitates
2422 1541 2640 1588 nostras
2692 1526 2891 1585 avertit
2925 1540 2954 1581 a
3007 1522 3170 1580 nobis
3202 1521 3412 1576 vultum
3446 1533 3651 1582 suum,

2070 1637 2255 1684 utnon
2278 1624 2627 1681 misereatur.

2139 1803 2472 1874 insipientes
2496 1811 2625 1856 sunt
2654 1813 2757 1855 nec
2786 1810 3030 1868 sagaces,
3058 1794 3202 1850 docti
3233 1793 3300 1846 ad
3326 1789 3654 1846 malelicien-

2001 1879 2043 1934 Β
2073 1900 2224 1966 dum,
2262 1899 2493 1953 honeste
2520 1893 2706 1949 facere
2733 1907 2843 1946 non
2877 1895 3106 1945 norunt.

2145 1991 2320 2058 Opera
2350 1987 2590 2052 illorum,
2617 1997 2782 2054 opera
2819 1982 3044 2052 injusta,
3078 1985 3134 2033 et
3169 1977 3332 2048 pedes
3377 1989 3565 2029 eorum
3601 1974 3657 2028 iu

2071 2080 2401 2136 maleﬁcium
2427 2084 2678 2132 currunt.

2143 2169 2344 2226 Jerem.
2385 2183 2505 2222 xm.
2537 2166 2595 2219 Si
2629 2162 2860 2219 mutabit
2889 2159 3144 2230 Ethiops
3175 2167 3352 2213 cutem
3387 2171 3569 2222 suam,
3605 2163 3664 2210 et

2074 2261 2319 2334 pardalis
2345 2259 2643 2314 varietates
2678 2269 2833 2321 suas,
2857 2261 2911 2308 et
2935 2266 3034 2307 vos
3066 2248 3316 2322 poteritis
3342 2247 3664 2302 benefacere

2074 2369 2198 2412 cum
2227 2352 2367 2408 mala
2399 2347 2726 2406 didiceritis.

2147 2446 2326 2501 Ruina
2363 2443 2597 2515 improbi
2628 2455 2752 2498 sero
2778 2438 2994 2495 tandem
3025 2435 3228 2492 veniet.

2145 2539 2246 2596 Via
2277 2535 2678 2594 scelerosorum
2726 2532 2999 2603 elapidata
3030 2537 3085 2585 et
3134 2526 3482 2598 complanata
3507 2562 3524 2591 ,
3565 2523 3665 2581 sed

2077 2629 2134 2686 in
2163 2637 2409 2685 extrema
2447 2627 2565 2696 ipsa
2594 2625 2898 2680 inferorum
2925 2629 3007 2676 est
3033 2619 3203 2674 fossa.

2147 2721 2474 2778 Peccantem
2503 2719 2562 2773 in
2591 2719 2830 2772 animam
2862 2728 3018 2771 suam
3048 2712 3172 2782 quis
3206 2706 3494 2765 absolvet?

2151 2902 2334 2960 Liberi
2362 2896 2712 2957 abominandi
2747 2905 2876 2952 sunt
2902 2908 2966 2949 ex
2996 2888 3258 2962 improbis
3289 2887 3566 2959 prognati.

2151 2992 2358 3046 Nomen
2390 2988 2781 3044 sceleratorum
2807 2983 3086 3037 hominum
3115 2978 3409 3033 delebitur.

2153 3082 2348 3137 Matth.
2389 3095 2464 3136 ιιιι
2497 3087 2552 3135 et
2580 3076 2713 3134 Luc.
2755 3091 2834 3130 vl.
2873 3073 3048 3128 Malus
3095 3086 3162 3126 ex
3197 3068 3375 3126 cordis
3407 3067 3490 3123 sui
3526 3068 3672 3122 malo

405 3188 506 3257 τῆς
537 3160 769 3256 καρδίας
814 3179 984 3234 αὐτοῦ
1032 3177 1298 3249 προφέρει
1345 3175 1416 3229 τὰ
1449 3173 1684 3245 πονηρά.
1727 3174 1825 3227 Ἐκ
1867 3174 1979 3244 γὰρ

2099 3175 2348 3230 thesauro
2385 3186 2508 3243 quae
2555 3169 2697 3225 mala
2747 3173 2894 3233 sunt,
2947 3163 3149 3236 promit
3181 3181 3196 3218 :
3228 3176 3296 3217 ex
3329 3160 3667 3218 abundantia

406 3278 502 3333 τοῦ
539 3273 979 3348 περισσεύματος
1007 3275 1107 3342 τῆς
1141 3269 1368 3340 καρδίας
1401 3267 1554 3320 λαλεῖ
1580 3265 1642 3318 τὸ
1673 3264 1873 3334 στόμα.

480 3370 654 3426 Τοῦτο
683 3370 740 3424 δὲ
769 3368 1090 3439 γινώσκετε,
1109 3365 1189 3418 ὅτι
1223 3366 1281 3417 ὲν
1298 3363 1420 3424 ταῖς
1443 3359 1698 3431 ἐσχάταις
1726 3359 1982 3430 ἡμέραις,

409 3464 764 3533 ἐνστήσονται
796 3459 982 3528 καιροὶ
1002 3455 1251 3529 χαλεποί.
1285 3454 1543 3507 Ἔσονται
1571 3451 1682 3523 γὰρ
1706 3453 1754 3505 oi
1776 3449 1989 3521 ἄνθρω-

412 3572 506 3609 ποι
543 3553 794 3622 φίλαυτοι
819 3591 835 3617 ,
868 3550 965 3603 κα1⁹
993 3547 1062 3601 τά
1090 3547 1237 3617 ἑξῆς.

489 3644 583 3698 Ἐν
626 3641 881 3713 ἁμίλλαις
937 3639 1204 3711 πονηρίας
1265 3637 1594 3707 ἀθλιώτερος
1643 3635 1673 3688 ὁ
1721 3635 1985 3706 νικήσας,

411 3739 547 3792 διότι
577 3737 879 3809 ἀπέρχεται
904 3735 964 3788 τὸ
995 3732 1181 3786 πλεῖον
1210 3731 1350 3803 ἔχων
1374 3729 1476 3799 τῆς
1510 3726 1810 3798 ἁμαρτίας.

483 3918 558 3970 Τὸ
585 3916 814 3986 ἔσχατον
850 3915 909 3969 ὲν
958 3912 1200 3984 πονηρίᾳ
1228 3911 1322 3966 καὶ
1367 3907 1506 3980 πρὸς
1532 3905 1711 3976 ἐαυτῷ
1743 3907 1892 3962 ἐστιν
1924 3908 1989 3962 ἀ-

417 4010 728 4078 σύμφωνον.

493 4101 684 4156 Πολλοί
733 4100 840 4153 είσι
882 4097 981 4161 τὰς
1021 4096 1271 4168 πονηρὰς
1317 4097 1548 4166 πράξεις
1579 4094 1996 4166 ἀποδεχόμενοι,

421 4195 517 4247 καὶ
545 4193 807 4262 χαρίεντα
853 4189 952 4258 μὲν
980 4185 1071 4241 τὸν
1114 4187 1454 4258 εὐτράπελον
1500 4185 1776 4254 λέγοντες,
1821 4184 1913 4236 τὸν
1939 4182 1998 4235 δὲ

423 4283 777 4354 αἰσχρολόγον
807 4279 1085 4335 πολιτικόν
1105 4296 1120 4311 ο
1151 4278 1242 4333 τὸν
1273 4277 1473 4349 πικρὸν
1499 4277 1596 4331 καὶ
1619 4276 1836 4347 ὀργίλον
1861 4275 2000 4326 ἀκα-

423 4376 761 4445 ταφρόνητον
789 4373 1141 4442 ὀνομάζουσι·
1165 4371 1255 4424 τὸν
1277 4367 1538 4439 φειδωλὸν
1565 4367 1660 4422 καὶ
1691 4363 1998 4435 ἀκοινώνη-

424 4483 515 4519 τον
544 4465 620 4528 ὡς
649 4464 991 4531 οἰκονομικὸν
1031 4461 1316 4516 ἐπαινοῦσι
1337 4477 1353 4493 ⁸
1393 4460 1485 4514 τὸν
1507 4459 1718 4515 ἄσωτον
1743 4457 1818 4522 ὡς
1850 4457 2003 4510 ἐλεύ-

2087 3267 2231 3322 enim
2260 3263 2442 3320 cordis
2470 3279 2534 3320 os
2563 3260 2828 3330 loquitur.

2158 3357 2185 3412 1
2221 3356 2361 3429 Tim.
2393 3351 2478 3411 ιιι.
2503 3353 2641 3410 illud
2667 3361 2845 3407 autem
2870 3347 3242 3419 cognoscitote
3263 3344 3404 3412 fore,
3425 3355 3484 3401 ut
3507 3344 3668 3416 171

2088 3444 2144 3499 in
2174 3444 2381 3500 ultimis
2402 3442 2813 3499 diebusinstent
2835 3439 3030 3493 acerba
3057 3447 3106 3492 et
3133 3436 3378 3492 difﬁcilia
3401 3444 3673 3507 tempora.

2091 3536 2267 3592 Erunt
2308 3535 2454 3590 enim
2491 3535 2742 3591 homines
2774 3535 2861 3591 sui
2888 3541 3151 3596 amantes,
3188 3538 3295 3586 etc.

2163 3625 2224 3682 S.
2257 3625 2470 3682 Basilii.
2518 3623 2580 3681 In
2631 3624 3002 3695 improbitatis
3050 3620 3350 3679 certamine
3414 3617 3671 3675 miserior

2090 3721 2288 3788 victor,
2325 3734 2489 3790 quam
2521 3717 2722 3786 victus,
2772 3727 3062 3788 propterea
3094 3711 3242 3785 quod
3286 3710 3380 3766 ille
3425 3709 3677 3780 pluribus

2094 3809 2332 3881 peccatis
2372 3817 2606 3865 onustus
2649 3807 2909 3863 discedit.

2155 3903 2359 3959 Ultima
2381 3902 2436 3958 in
2455 3901 2806 3972 improbitate
2823 3899 2984 3955 etiam
3004 3909 3192 3953 secum
3208 3895 3326 3966 ipsa
3347 3892 3680 3962 discrepant.

2167 4085 2491 4156 Complures
2517 4093 2669 4150 sunt,
2711 4081 2807 4153 qui
2843 4079 3087 4137 actiones
3119 4091 3319 4149 pravas
3353 4075 3684 4146 approbent,

2101 4191 2168 4233 ac
2202 4177 2472 4232 urbanum
2503 4175 2722 4245 quidem
2756 4172 3059 4244 gratiosum
3092 4168 3463 4234 nominantes,
3507 4173 3562 4222 et
3584 4167 3686 4221 ob-

2103 4269 2380 4325 scenitate
2410 4267 2701 4323 verborum
2729 4271 2994 4328 utentem,
3018 4261 3236 4316 civilem
3279 4275 3296 4314 :
3339 4258 3596 4318 acerbum
3633 4266 3691 4311 et

2104 4359 2426 4416 iracundum
2498 4356 2725 4411 minime
2760 4351 3224 4409 contemnendum
3266 4359 3467 4404 vocant
3511 4363 3526 4401 :
3565 4361 3692 4416 paro

2104 4466 2226 4508 cum
2265 4458 2321 4507 et
2355 4448 2592 4504 alienum
2627 4462 2657 4502 a
2693 4445 3021 4501 liberalitate
3075 4440 3232 4512 quasi
3277 4439 3356 4495 rei
3405 4437 3692 4493 familiaris

428 4559 621 4628 θερονο
666 4556 760 4610 τὸν
791 4530 993 4625 πδρνον
1041 4554 1138 4608 καὶ
1177 4551 1387 4623 ἀσελγῆ
1437 4549 1833 4607 ἀπολαυστικόν
1875 4565 1990 4604 τινα

2109 4539 2556 4600 administrandae
2582 4537 2817 4610 peritum
2851 4534 3116 4602 laudant;
3161 4531 3450 4604 prodigum
3477 4568 3492 4592 ,
3530 4530 3689 4598 quasi

428 4650 527 4702 καὶ
568 4648 871 4717 ἀνειμένον.
907 4648 971 4700 Οί
1018 4645 1254 4700 τοιοῦτοι
1313 4643 1392 4714 τῷ
1439 4643 1670 4712 στόματι
1716 4641 1819 4713 μὲν
1857 4640 2007 4694 εὐλο-

429 4742 612 4810 γοῦσι,
644 4743 710 4811 τῇ
743 4739 801 4792 δὲ
837 4739 1037 4810 καρδίᾳ
1094 4735 1470 4808 καταρῶνται.
1510 4735 1600 4788 Ἐν
1634 4734 1746 4804 γὰρ
1793 4735 1862 4806 τῇ
1896 4733 2009 4787 τῶν

434 4835 695 4906 ῥημάτων
727 4834 979 4903 εὐφημίᾳ.
1007 4833 1192 4886 πᾶσαν
1218 4832 1464 4902 κατάραν
1499 4828 1800 4896 ἐπάγουσιν
1831 4827 2009 4880 αὐτῶν

433 4929 501 4992 τῇ
554 4923 694 4995 ζωῇ,
729 4923 1019 4987 ὑποδίκους
1057 4923 1256 4986 αὐτοὺς
1301 4924 1368 4994 τῇ
1417 4920 1624 4990 αἰωνίῳ
1661 4918 2008 4988 κατακρίσει,

437 5013 501 5068 δι’
531 5011 606 5071 ὢν
633 5013 1014 5083 ἀποδέχονται,
1048 5013 1442 5078 καθιστῶντες.

519 5285 729 5343 Ὄντως
773 5277 1162 5346 ἀσυλλόγιστόν
1208 5293 1262 5329 τι
1320 5276 1557 5346 πρᾶγμα
1607 5272 1643 5342 ἡ
1704 5268 2016 5342 μοχθηρία,

440 5378 538 5431 καὶ
581 5373 736 5428 οὐδέν
787 5371 936 5424 ἔστιν
984 5368 1014 5421 ὃ
1059 5369 1188 5430 τοὺς
1241 5369 1514 5437 πονηροὺς
1565 5364 1813 5435 βελτίους
1860 5362 2020 5432 ποιή-

445 5485 611 5523 σειεν.

514 5558 837 5630 Εὑζήλωτον
869 5553 1056 5624 μέντοι
1083 5552 1181 5606 καὶ
1220 5549 1516 5622 πρόχειρον
1550 5549 1790 5619 πρᾶγμα
1830 5549 1865 5614 ἠ
1915 5563 2019 5618 μο-

443 5655 669 5726 χθηρία,
696 5650 792 5705 καὶ
820 5647 975 5702 οὐδὲν
1012 5645 1154 5701 οῦτω
1198 5645 1384 5717 ῥᾴδιον
1428 5643 1505 5708 ὡς
1539 5643 1601 5696 τὸ
1633 5642 1894 5710 γενέσθαι
1917 5657 2023 5695 κα-

447 5749 563 5809 κός.
1903 5772 1909 5778 .

523 5836 841 5896 Λύσληπτον
886 5833 985 5903 μὲν
1013 5831 1071 5887 τὸ
1111 5831 1316 5902 ἀγαθὸν
1361 5831 1429 5901 τῇ
1463 5825 1782 5898 ἀνθρωπίνῃ
1833 5824 2018 5894 φύσει,

2107 4631 2431 4699 liberalem;
2477 4637 2840 4686 scortatorem
2896 4624 3272 4689 libidinosum,
3320 4616 3690 4688 voluptarium

2109 4722 2401 4792 quemdam
2450 4726 2506 4774 et
2549 4715 2950 4774 remissiorem.
3007 4709 3324 4768 Istiusmodi
3373 4706 3693 4763 laudatores

2113 4815 2220 4871 illis
2241 4830 2335 4870 ore
2363 4811 2584 4883 quidem
2613 4811 2752 4865 bene
2777 4815 3089 4878 precantur,
3124 4811 3179 4858 at
3210 4801 3376 4858 corde
3401 4814 3694 4856 exsecran-

2114 4916 2222 4962 tur.
2258 4905 2393 4961 Nam
2445 4906 2498 4959 in
2549 4903 2638 4958 illa
2684 4902 2976 4957 verborum
3026 4896 3256 4968 pulchra
3298 4905 3698 4950 commemora-

2117 4999 2267 5054 tione
2322 5010 2539 5053 omnem
2567 4991 3011 5050 exsecrationem
3055 4989 3112 5044 in
3151 4988 3368 5044 illorum
3411 4987 3576 5039 vitam
3611 4983 3698 5036 in-

2115 5097 2345 5154 ducunt,
2382 5088 2492 5142 imo
2531 5100 2628 5142 eos
2656 5092 2878 5140 aeterna:
2907 5079 3252 5136 damnationi
3278 5077 3549 5134 obnoxios
3580 5075 3700 5129 elli-

2117 5183 2290 5248 ciunt,
2336 5181 2452 5249 ipsa
2478 5178 2610 5231 vilia
2639 5176 3029 5246 approbantes.

2195 5272 2470 5341 Theologi.
2500 5268 2755 5323 Profecto
2784 5280 2876 5321 res
2905 5271 2993 5322 est
3023 5263 3253 5321 rationis
3275 5274 3470 5332 expers
3503 5259 3705 5328 impro-

2121 5364 2312 5419 bitas:
2350 5375 2454 5414 nec
2497 5357 2799 5428 quidquam
2832 5361 2918 5411 est
2967 5351 3118 5424 quod
3160 5351 3443 5422 improbos
3489 5348 3710 5405 efﬁcere

2122 5453 2298 5527 possit
2333 5452 2606 5508 meliores.

2194 5546 2522 5616 lmprobitas
2553 5541 2716 5597 facile
2749 5539 2839 5598 sui
2887 5536 3384 5600 studium‘excitat,
3430 5540 3595 5604 atque
3649 5531 3711 5588 in

2125 5647 2378 5710 promptu
2424 5643 2533 5703 est,
2580 5633 2829 5706 nihilque
2882 5639 2997 5710 tam.
3042 5629 3208 5688 facile
3254 5637 3364 5696 est,
3395 5641 3556 5698 quam
3593 5623 3712 5680 ﬁeri

2128 5730 2357 5783 malum.
3013 5711 3041 5716 '—

2203 5821 2499 5876 Diiliciiiter
2525 5821 2730 5878 bonum
2767 5816 3252 5892 comprehenditur
3285 5829 3318 5871 a
3363 5821 3560 5869 natura
3610 5813 3712 5864 ho-
