4056 6458
422 430 565 494 1083
838 469 856 482 ι
1697 419 2014 479 ΛΝΤΟΝΙΙ
2052 419 2400 481 ΜΕΜὸὃίΕ
3581 413 3725 477 1684

419 553 652 615 minem,
711 542 1169 616 quemadmodum
1206 540 1385 610 ignem
1437 551 1544 591 non
1575 537 1814 606 concipit
1841 537 2021 591 humi-

2126 540 2318 610 ὥσπερ
2350 538 2443 593 καὶ
2499 537 2560 590 τὸ
2607 536 2719 606 πῦρ
2769 535 2867 606 ὕλῃ
2923 537 2990 607 τῇ
3044 534 3355 606 ὑγροτέραο
3389 533 3615 603 ἕτοιμοι
3669 535 3728 587 δὲ

418 645 539 696 dior
565 641 844 694 materies.
894 638 965 690 At
993 634 1168 706 parati
1226 632 1293 687 ad
1324 629 1650 686 maleﬁcium
1709 631 1928 700 plurimi
1967 641 2020 685 et

2128 634 2265 704 πρὸς
2298 633 2398 702 τὴν
2422 631 2516 685 τοῦ
2547 631 2720 684 κακοῦ
2765 629 3029 700 ἐργασίαν
3069 628 3119 681 οἱ
3159 628 3403 680 πλεῖστοι
3447 629 3554 681 καὶ
3601 629 3728 681 ἐπι-

420 734 694 800 diSposili.

2123 729 2351 800 τήδειοι.

492 754 504 788 ἰ
546 754 694 787 υειιι.

492 754 691 879 Άῗυιιιιιι
731 823 947 878 facilius
974 828 1028 876 et
1057 817 1370 891 promptius
1400 815 1714 886 improbum
1747 815 2016 884 sequitur,

2125 754 2352 782 τῐύειοι.

2179 767 2494 890 ιΠρόχειρον
2542 820 2575 889 ἡ
2612 817 2850 888 πονηρία
2898 815 2978 886 τῷ
3023 814 3182 886 κακῷ
3222 812 3423 885 μᾶλλον
3479 812 3727 867 ἀκολου-

422 936 586 992 quani
627 925 953 971 coerceatur
983 930 1011 967 a
1054 913 1300 966 meliore.
2127 913 2262 976 θεῖν,
2292 911 2324 982 ἣ
2360 913 2463 964 ὑπὸ
2485 909 2579 964 τοῦ
2613 913 2923 982 κρείττονος
2951 909 3381 964 ἀνακόπτεσθαι.

493 1011 706 1064 Animis
741 1006 983 1076 profanis
1017 1004 1155 1058 nihil
1193 1001 1410 1056 honesti
1455 998 1591 1054 satis
1617 997 1842 1068 dignum
1873 994 2026 1049 vide-

2009 1021 2026 1033 '
2197 1007 2416 1077 Ψυχαῖς
2449 1005 2698 1077 βεϐήλοις
2727 1006 2883 1059 οὐδὲν
2913 1006 3021 1059 τῶν
3045 1004 3229 1060 καλῶν
3259 1004 3611 1070 ἀξιόπιστον.

424 1113 534 1166 tur,
571 1102 657 1155 cui
691 1096 1102 1168 persuadendus
1137 1110 1196 1149 se
1237 1094 1540 1164 praebeant.

495 1196 553 1251 S.
595 1195 873 1264 Clirysost.
926 1191 1028 1257 Qui
1078 1205 1222 1258 saepe
1269 1198 1499 1258 peccant
1543 1201 1645 1241 nec
1695 1183 2021 1255 puniuntur,

2198 1188 2263 1243 Οἱ
2297 1186 2469 1241 πολλὰ
2520 1187 2804 1250 πταίοντες
2838 1188 2933 1241 καλ.
2983 1185 3059 1257 μὴ
3112 1183 3471 1256 κολαζόμενοι
3533 1185 3727 1252 φοϐεῖ-

426 1297 676 1343 metuere
708 1299 768 1340 et
799 1283 971 1338 vereri
1007 1282 1245 1345 debent;
1277 1286 1550 1348 augentur
1579 1277 1724 1332 enim
1759 1275 1867 1331 illis
1893 1290 2024 1342 sup-

2130 1283 2254 1337 σθαι
2279 1282 2376 1336 καὶ
2406 1281 2707 1336 δεδοικέναι
2743 1281 3080 1350 ὀφείλουσιν.
3107 1278 3348 1344 Αύξεται
3379 1278 3490 1348 γὰρ
3535 1279 3731 1340 αὐτοῖς

423 1378 586 1446 plicia
635 1389 730 1445 per
795 1372 1048 1443 supplicii
1099 1370 1416 1424 tarditatem
1456 1376 1511 1424 et
1555 1367 1796 1422 divinam
1831 1366 2024 1420 lenita-

2126 1377 2195 1429 τὰ
2228 1377 2328 1446 τῆς
2359 1375 2633 1446 τιμωρίας
2664 1373 2756 1428 διὰ
2797 1373 2899 1446 τῆς
2929 1372 3316 1444 ἁτιμωρησίας
3349 1371 3446 1424 καὶ
3475 1371 3584 1442 τῆς
3624 1388 3728 1441 μα·-

427 1481 562 1525 tem.
2130 1468 2435 1540 κροθυμίας
2463 1467 2558 1520 τοῦ
2589 1467 2746 1522 Θεοῦ.

506 1559 625 1616 Νοη
669 1565 882 1613 tantum
917 1556 956 1610 ii
989 1554 1084 1624 qui
1131 1554 1396 1610 scelerate
1427 1551 1631 1622 aliquid
1666 1550 1897 1614 faciunt,
1936 1565 2027 1604 vc-

2200 1561 2314 1630 Οὐχ
2360 1561 2411 1613 οἱ
2462 1559 2532 1614 τὰ
2576 1559 2758 1629 φαῦλα
2807 1560 3149 1628 πράσσοντες
3191 1558 3375 1630 μόνον,
3423 1555 3574 1611 ἀλλά
3635 1555 3728 1608 καὶ

429 1668 553 1707 rum
604 1652 767 1706 etiam
809 1649 900 1718 qui
937 1649 1072 1703 istos
1125 1647 1378 1702 laudibus
1419 1643 1673 1709 eﬂ‘erunt,
1705 1641 2024 1697 eorumdem

2130 1649 2180 1702 οί
2213 1648 2441 1712 τούτους
2473 1648 2944 1720 ἐγκωμιάζοντες,
2969 1650 3069 1718 τῆς
3112 1647 3285 1718 αὐτῆς
3317 1647 3531 1713 αὐτοῖς,
3568 1645 3603 1716 ἢ
3633 1645 3729 1699 καὶ

431 1762 555 1801 cum
585 1746 693 1800 illis
725 1745 805 1798 vel
841 1745 1004 1799 etiam
1031 1743 1341 1812 graviorum
1375 1740 1674 1812 participes
1701 1745 1866 1793 erunt
1893 1750 2026 1805 sup-

1710 1745 1866 1793 erunt
1893 1750 2026 1805 ευρ·
2131 1743 2544 1814 χαλεπωτέρας,
2577 1747 2971 1815 κοινωνήσουσι
3013 1743 3312 1804 κολάσεως.

431 1839 748 1910 pliciornm.

509 1931 742 1986 Sanctos
769 1929 990 1999 quidem
1020 1925 1187 1982 lucidi
1219 1931 1440 1980 servant
1473 1921 1654 1994 angeli
1680 1962 1694 1984 ,
1747 1919 2026 1989 improbos
2058 1909 2100 1965 Β

2201 1924 2342 1987 Τοὺς
2371 1925 2468 1995 μὲν
2497 1925 2683 1995 ἁγίους
2714 1927 3044 1996 φωταγωγοὶ
3068 1925 3444 1996 φυλάσσουσιν
3469 1922 3725 1992 ἄγγελοι,

436 2036 618 2080 autem
655 2021 956 2076 tenebrosi.

2131 2012 2259 2075 τοὺς
2282 2013 2340 2065 δὲ
2374 2013 2615 2083 φαύλους
2647 2016 2935 2071 σκοτεινοί.

505 2115 854 2170 Abundantia
905 2111 1238 2182 cognitionis
1296 2108 1579 2178 sapientiae
1628 2106 1788 2161 nobis
1826 2104 2030 2158 multos

2204 2104 2441 2168 Πλοῦτος
2473 2107 2731 2175 γνώσεως
2771 2109 2964 2176 σοφίας
2997 2108 3358 2180 προστίθησιν
3386 2111 3526 2180 ἡμῖν
3554 2112 3724 2178 ἀγγέ-

434 2209 690 2262 conciliat
717 2205 947 2272 angelos
986 2219 999 2256 :
1036 2204 1288 2272 impurus
1316 2211 1500 2256 autem
1555 2201 1720 2254 etiam
1751 2200 1818 2252 ab
1847 2213 1912 2253 eo
1938 2196 2028 2266 qui

2132 2198 2260 2262 λους
2285 2198 2515 2263 πολλούς
2546 2214 2561 2231 ⁶
2593 2202 2622 2254 ὁ
2649 2202 2706 2255 δὲ
2734 2202 3045 2270 ἀκάθαρτος
3091 2203 3178 2255 καὶ
3213 2205 3322 2256 ἀπὸ
3355 2203 3452 2257 τοῦ
3480 2204 3727 2266 δοθέντος

434 2301 536 2371 ipsi
578 2315 606 2352 a
639 2313 812 2367 puero
839 2298 1006 2350 datus
1037 2305 1142 2359 est,
1174 2303 1486 2364 separatur.

1348 2303 1486 2346 atttr.
2133 2293 2283 2362 αὐτῷ
2306 2295 2372 2345 ἐκ
2408 2294 2600 2357 παιδὸς
2634 2296 2950 2364 χωρίζεται.

509 2392 772 2446 Philonis.
807 2390 1101 2458 Improbus
1137 2387 1285 2442 aliud
1320 2388 1509 2450 sentit,
1541 2385 1687 2439 aliud
1747 2383 2028 2454 loquitur;

2204 2385 2312 2439 Τοῦ
2349 2389 2554 2455 φαύλου
2599 2387 2767 2460 ἐτερα
2814 2391 2912 2458 μὲν
2954 2389 3024 2443 τὰ
3066 2389 3323 2460 ἐνθύμια,
3357 2390 3529 2460 ἕτερα
3558 2389 3618 2442 δὲ
3662 2389 3725 2440 τά

436 2487 559 2540 alia:
593 2486 756 2540 etiam
786 2492 918 2537 sunt
945 2480 1064 2546 eius
1111 2481 1361 2535 actiones
1396 2497 1410 2534 :
1451 2481 1689 2548 denique
1734 2478 1947 2533 diversa
1978 2475 2030 2532 ei

2138 2478 2384 2548 ῥήματα,
2416 2479 2574 2533 ἄλλαι
2600 2481 2660 2534 δὲ
2694 2481 2749 2534 αί
2782 2481 3036 2550 πράξεις,
3067 2481 3302 2553 διάφορα
3331 2481 3388 2534 δὲ
3423 2483 3526 2536 καὶ
3560 2480 3724 2551 μαχό-

439 2589 492 2633 ct
513 2579 743 2630 omnino
777 2575 1074 2645 pugnantia
1107 2582 1239 2628 sunt
1270 2575 1492 2638 omnia;
1530 2588 1636 2627 non
1670 2572 1814 2626 enim
1853 2568 2034 2638 loqui.

2139 2587 2275 2639 μενα
2307 2571 2630 2624 παντάπασι
2653 2587 2667 2601 '
2730 2573 2879 2642 λέγει
2912 2575 3020 2645 γὰρ
3053 2575 3152 2646 οὐχ
3175 2574 3212 2629 ἃ.
3244 2577 3455 2646 φρονεῖ,
3512 2579 3608 2630 καὶ
3636 2576 3723 2645 βε-

442 2680 553 2731 ιιιι·,
605 2685 728 2738 quae
761 2670 955 2731 sentit,
998 2676 1052 2721 et
1081 2666 1361 2720 contraria
1416 2665 1657 2720 decrevit
1692 2664 1780 2730 iis,
1823 2677 1947 2732 quae
1973 2677 2032 2716 se

2135 2663 2424 2716 δούλευται
2480 2666 2739 2718 τάναντία
2788 2661 2871 2730 οἷς
2929 2667 3173 2736 διέξεισι,
3231 2669 3330 2722 καὶ
3370 2671 3613 2739 πράττει
3657 2670 3721 2721 τά

443 2764 602 2833 172
634 2761 904 2816 facturum
945 2771 1152 2822 narrat,
1199 2775 1300 2814 nec
1333 2759 1416 2813 his
1456 2771 1828 2814 consentanea
1859 2769 2029 2810 exse—

2134 2755 2346 2819 τούτοις
2382 2755 2458 2828 μὴ
2489 2758 2788 2828 συνᾴδοντα
2811 2776 2826 2790 ο
2867 2758 3034 2826 ὥστε,
3068 2764 3276 2831 κυρίως
3321 2762 3529 2827 εἰπεῖν,
3564 2763 3592 2815 ὁ
3629 2761 3729 2814 τοῦν

440 2857 650 2925 quitur,
681 2861 740 2906 ut
779 2853 998 2923 proprie
1025 2851 1210 2906 dicere
1254 2850 1436 2918 liceat,
1477 2850 1708 2918 improbi
1741 2850 1908 2902 vitam
1939 2863 2031 2903 sc-

1198 2865 1210 2905 :
1254 2850 1436 2918 liceat,
1477 2850 1708 2918 improbi
1741 2850 1908 2902 vitam
1939 2863 2031 2903 sc-
2137 2847 2344 2917 φαύλου
2379 2848 2492 2920 βίος
2518 2850 2800 2922 πολέμιος.

440 2964 563 3002 cum
594 2948 794 3002 bellum
827 2962 1038 3016 gerere.

523 3039 790 3108 Improbis
812 3037 956 3090 nulla
983 3052 1044 3091 re
1071 3036 1308 3102 gaudere
1330 3049 1652 3091 concessum
1685 3044 1768 3088 est
1798 3049 1816 3086 .'
1844 3049 2035 3102 quem.

2209 3035 2314 3089 Τδν
2353 3031 2559 3105 φαῦλον
2609 3036 2787 3089 οὐδενὶ
2819 3035 3034 3106 χαίρειν
3092 3037 3330 3106 ἐφίεται,
3375 3039 3632 3111 καθάπερ
3666 3037 3721 3091 ἐν

451 3133 748 3189 admodum
775 3131 829 3185 in
877 3129 1215 3201 propheticis
1243 3130 1461 3184 canitur
1485 3127 1725 3184 oraculis
1752 3125 2037 3182 :Gaudere

2139 3129 2508 3196 προφητικαῖς
2543 3125 2730 3198 ᾅδεται
2779 3128 2970 3198 ρήσεσι
2995 3143 3010 3159 ·
3046 3128 3276 3199 Χαίρειν
3319 3130 3423 3184 οὐκ
3471 3131 3588 3185 ἐστι
3616 3131 3718 3190 τοῖς

442 3243 554 3282 non
591 3224 716 3279 licet
751 3224 961 3291 impiis,
997 3222 1137 3277 Deus
1197 3223 1292 3276 ait.
1343 3223 1538 3276 Sermo
1600 3221 1745 3275 enim
1791 3219 2031 3286 divinus,

2139 3219 2414 3282 ἀσεϐέσιν,
2455 3215 2612 3273 εἶπεν
2649 3219 2679 3272 ὁ
2707 3219 2861 3284 Θεός.
2906 3221 3078 3288 Λόγος
3108 3225 3218 3292 γὰρ
3252 3222 3424 3287 ὅντως
3455 3226 3550 3279 καὶ
3594 3222 3719 3294 χρή-

443 3334 603 3375 verus
635 3328 692 3373 et
725 3317 874 3371 utilis
910 3324 1031 3382 est,
1069 3316 1314 3370 tetricam
1381 3325 1438 3368 et
1486 3315 1718 3368 tristitia‘
1758 3313 2038 3381 tleditami,

2151 3312 2309 3381 σιμός
2364 3313 2480 3364 ἐστι
2536 3312 2722 3374 θεῖος⁶
2784 3311 3108 3380 σκυθρωπὸν
3166 3314 3257 3366 καὶ
3315 3315 3583 3367 ἐπίλυπον
3633 3315 3720 3366 καὶ

441 3429 509 3467 ac
553 3411 902 3466 infelicitatis
931 3409 1144 3480 plenam
1181 3424 1304 3464 esse
1349 3407 1742 3478 improbissimi
1770 3407 2041 3476 cujusque

2151 3404 2348 3474 μεστὸν
2381 3404 2808 3476 βαρυδαιμονίας
2861 3401 3001 3459 εἶναι
3059 3406 3152 3458 τὸν
3187 3409 3391 3472 παντὸς
3448 3403 3715 3478 μοχθηροῦ

447 3506 643 3559 vitam.

2151 3495 2283 3564 βίον.

529 3591 816 3648 Instabiles
850 3602 979 3648 Sunt
1010 3592 1279 3646 malorum
1315 3591 1598 3646 hominum
1632 3606 1777 3660 spes,
1810 3591 1902 3659 qui
1933 3590 2038 3644 sibi

2232 3586 2510 3640 Ἀϐέϐαιοι
2547 3588 2602 3640 αί
2630 3587 2739 3641 τῶν
2773 3589 3029 3659 πονηρῶν
3054 3592 3359 3662 ἀνθρώπων
3383 3592 3618 3655 ἐλπίδες,
3645 3587 3717 3642 εί-

451 3687 670 3759 quidem
725 3687 1014 3741 commoda
1063 3696 1376 3756 proponunt
1416 3685 1776 3753 cogitatione,
1841 3683 2042 3752 quibus

2149 3679 2429 3742 καζόντων
2463 3681 2562 3748 μὲν
2592 3682 2662 3733 τὰ
2687 3683 3054 3755 χρηστότερα,
3082 3685 3151 3738 τὰ
3179 3685 3237 3738 δὲ
3269 3685 3608 3757 παλίμφημα
3630 3681 3715 3734 καὶ

438 3792 626 3838 tamen
647 3777 873 3832 adversa
902 3787 956 3831 et
989 3778 1096 3831 illis
1126 3777 1286 3846 digna
1316 3775 1662 3846 contingunt.

2149 3766 2225 3825 ὧν
2253 3768 2403 3834 ἀξιον
2428 3771 2719 3841 τυγχάνειν
2757 3773 2888 3835 eisi,
2925 3775 3267 3845 πασχόντων.

521 3872 872 3927 Antisthenis.
902 3870 1263 3924 Antisthenes
1289 3883 1416 3924 cum
1442 3869 1510 3922 ab
1534 3867 1794 3936 improbis
1817 3866 2045 3937 quibus-

2235 3862 2584 3932 Ἀντισθένης
2626 3864 3024 3935 ἐπαινούμενος
3057 3866 3164 3920 ὑπὸ
3218 3867 3481 3938 πονηρῶν
3527 3862 3718 3935 ἀνθρὼ-

445 3969 573 4022 dum
607 3965 945 4024 laudaretur,
1004 3959 1228 4023 Vereor,
1262 3961 1460 4030 inquit,
1491 3976 1559 4014 ne
1580 3961 1713 4029 quid
1754 3959 1882 4013 mali
1905 3974 1935 4013 a
1957 3974 2044 4012 tne

2151 3972 2294 4021 πων,
2321 3954 2593 4022 Ἀγωνιῶ,
2645 3954 2772 4026 ἔφη,
2806 3955 2883 4027 μή
2914 3972 2966 4009 τι
2996 3956 3166 4012 κακὸν
3194 3956 3488 4029 εἴργασταί
3519 3971 3625 4028 μοι,
3647 3953 3717 4005 ὅτι

449 4061 797 4128 designatum
829 4057 921 4116 sit,
961 4053 1107 4121 quod
1141 4051 1267 4107 istis
1309 4052 1520 4120 placeo.

1093 4053 1107 4105 l
1141 4051 1267 4107 istis
1309 4052 1520 4120 placeo.
2149 4047 2418 4112 τοιούτοις
2449 4048 2695 4121 ἀρέσκω.

523 4149 647 4204 Mali
678 4146 1088 4202 adulationibus
1115 4158 1243 4198 cum
1278 4142 1640 4210 deliniuntur,
1676 4142 1891 4214 pejores
1916 4159 2044 4200 eva-

1916 4159 2044 4200 eva-
2222 4141 2401 4195 Κακοὶ
2433 4141 2857 4214 κολακευόμενοι
2879 4141 3097 4199 κακὼτε
3107 4161 3190 4216 ροι
3223 4143 3493 4214 γίνονται.

452 4245 612 4300 dunt.

526 4329 727 4384 Senem
787 4333 1103 4397 peccantem
1156 4341 1224 4381 ne
1270 4340 1540 4394 moneas;
1595 4337 1834 4382 veterem
1897 4328 2044 4383 enim

2223 4319 2312 4390 Μὴ
2345 4321 2587 4377 νουθέτει
2617 4321 2852 4395 γέροντα
2897 4325 3310 4396 ἁμαρτάνοντα.
3360 4326 3591 4396 Δένδρον
3622 4321 3718 4391 γὰρ

449 4419 700 4476 arborem
735 4419 1140 4488 transplantare
1173 4417 1394 4473 dillicile
1429 4428 1533 4474 est.

2153 4413 2388 4468 παλαιὸν
2419 4417 2828 4485 μεταφυτεῦσαι
2857 4417 3120 4472 δύσκολόν
3149 4420 3324 4476 ἐστιν.

522 4511 806 4580 Diogenes.
834 4510 1103 4580 Diogenes
1122 4513 1429 4581 improbum
1452 4513 1744 4581 quemdam
1767 4512 2041 4579 monebat,

2225 4506 2488 4576 Διογένης
2509 4509 2787 4564 ἐνουθέτει
2823 4511 2946 4565 τινά
2985 4515 3258 4582 πονηρόν·
3293 4511 3644 4583 ἐρωτώμενος
3669 4502 3718 4558 δὲ

453 4605 824 4674 interrogatus
876 4610 1060 4657 autem
1116 4605 1250 4672 quid
1299 4613 1528 4674 ageret:
1580 4601 1894 4673 Ethiopetn
1931 4605 2038 4675 (in-

2111 4599 2248 4665 ,ὑπό
2285 4617 2452 4666 τινος,
2475 4601 2540 4654 Τί
2570 4601 2731 4656 τοῦτο
2787 4605 3002 4670 ποιεῖς;
3061 4603 3202 4674 ἔφηι·
3237 4605 3475 4659 Αἰθίοπα
3525 4603 3713 4672 σμήχωι

459 4697 599 4770 quit)
633 4699 906 4766 absterge,
941 4705 1000 4750 ut
1029 4694 1323 4748 candidum
1356 4693 1600 4748 reddam.

1136 4694 1323 4748 didum
1356 4693 1600 4748 reddant.
2153 4693 2238 4746 ἵνα
2275 4693 2470 4748 λευκὸν
2503 4695 2737 4766 ποιήσω.

524 4788 724 4845 Medici
757 4789 966 4842 amaris
1001 4787 1422 4840 medicamentis
1468 4800 1589 4856 qua:
1639 4785 1894 4855 lingendo
1959 4801 2050 4841 su-

2223 4786 2294 4840 Oi,
2322 4786 2426 4854 μὲν
2455 4789 2632 4858 ἰατροὶ
2669 4791 2770 4852 τὰς
2798 4788 2911 4843 τῶν
2964 4788 3265 4843 ἐκλεικτῶν
3307 4789 3613 4859 φαρμάκων
3639 4798 3713 4833 πια

458 4891 701 4946 muntur,
731 4878 910 4933 mellis
944 4877 1201 4931 nonnihil
1237 4877 1528 4942 adhibent,
1577 4888 1635 4930 ut
1679 4877 1922 4931 dulciora
1972 4879 2051 4930 l'a-

2152 4877 2313 4946 κρίας
2357 4876 2580 4945 μέλιτι,
2613 4879 2662 4931 οί
2713 4879 2769 4931 δὲ
2819 4879 2978 4947 σοφοὶ⁵
3025 4879 3126 4944 τὰς
3166 4880 3276 4934 τῶν
3319 4877 3713 4944 δυσκολωτέρων

457 4972 656 5026 ciant:
701 4970 783 5025 sic
836 4969 1112 5038 ingeniosi
1165 4967 1540 5024 difﬁciliorem
1593 4969 1879 5023 hominum
1918 4983 2050 5024 con-

1865 4985 1879 5021 I
1918 4983 2050 5024 con-
2152 4968 2457 5039 ἀνθρώπων
2480 4972 2702 5039 ὁμιλίας
2739 4970 3024 5043 ἱλαρότητι
3051 4973 3463 5042 γλυκαίνουσιν.

460 5065 770 5133 gressiones
806 5063 1083 5118 hilaritate
1115 5062 1390 5118 molliunt.

536 5152 608 5207 Ex
641 5156 800 5209 lactis
839 5156 1012 5226 magis
1041 5171 1206 5225 quam
1247 5172 1316 5211 ex
1355 5156 1535 5211 verbis
1569 5155 1805 5210 hominis
1840 5155 2055 5223 pericu-

2225 5155 2431 5223 Πεῖραν
2455 5155 2750 5225 ἀνθρώπου
2804 5158 2870 5210 ἐκ
2899 5158 3008 5211 τῶν
3036 5158 3219 5228 ἔργων
3252 5159 3502 5230 λάμϐανε
3539 5152 3713 5229 μᾶλλον

463 5247 574 5300 lum
607 5246 810 5313 facito;
839 5249 995 5301 multi
1029 5250 1172 5302 enim
1203 5263 1324 5302 cum
1365 5249 1530 5301 vitam
1562 5247 1815 5301 vitiOsam
1852 5255 2048 5316 agant,

2155 5245 2188 5314 ἢ
2225 5247 2288 5297 ἐκ
2335 5246 2446 5299 τῶν
2478 5247 2674 5314 λόγων.
2726 5248 2924 5303 Πολλοὶ
2973 5250 3086 5323 γὰρ
3122 5251 3225 5323 βίῳ
3277 5252 3380 5322 μέν
3409 5253 3519 5308 εἰσι
3553 5243 3710 5304 κακοὶ»

466 5338 714 5392 oratione
741 5340 894 5392 suavi
926 5349 980 5393 et
1013 5340 1078 5394 ad
1107 5339 1541 5410 persuadendam
1568 5341 1766 5393 valenti
1802 5349 2051 5393 utuntur.

1061 5340 1078 5394 l
1107 5339 1541 5410 persuadendant
1568 5341 1766 5393 valenti
1802 5349 2051 5393 utuntur.
2155 5336 2299 5408 λόγῳ
2334 5337 2391 5390 δὲ
2422 5339 2663 5394 πιθανοί.

788 5451 1021 5507 SERMO
1061 5452 1278 5508 XXXIII
1321 5453 1421 5525 [αί.
1465 5451 1728 5524 CXXIII].

1532 5451 1728 5524 ιχιιη.
2760 5455 2982 5508 ΛΟΓΟΣ
3011 5453 3134 5510 AI".

606 5547 683 5602 De
714 5548 933 5602 muliere
963 5549 1117 5615 forti,
1146 5561 1196 5604 et
1250 5551 1587 5618 temperanti,
1615 5559 1665 5604 et
1697 5565 1912 5619 sagace.

2233 5543 2372 5612 Περὶ
2407 5545 2696 5612 γυναικὸς
2729 5545 3034 5628 ἀνδρείας,
3064 5550 3164 5602 καί
3205 5549 3538 5619 σώφρονος,
3565 5539 3653 5600 καὶ

2803 5633 3090 5687 συνετιις.

539 5707 670 5764 Gen.
707 5723 858 5763 uxr
897 5707 1101 5763 Rachel
1144 5719 1198 5762 et
1231 5708 1323 5763 Lia
1363 5709 1758 5778 respondentes
1830 5707 2056 5773 Jacolio,

2245 5709 2659 5778 ’Λποκριθεῖσαι
2701 5709 2900 5781 Ῥαχὴλ
2929 5713 3023 5764 καὶ
3054 5713 3174 5775 Λῐα,
3213 5708 3374 5767 εἶπαν
3405 5714 3482 5784 τῷ
3523 5700 3708 5764 Ἰακώϐ·

470 5801 632 5870 Num,
679 5801 958 5870 inquiunt,
981 5815 1107 5870 pars
1136 5802 1315 5856 adhuc
1340 5800 1496 5856 nobis
1524 5811 1610 5854 est
1637 5811 1731 5861 aut
1762 5802 2058 5857 hmreditas

2162 5802 2253 5870 Μή
2281 5802 2429 5854 ἐστιν
2462 5801 2596 5868 ἡμῖν
2627 5801 2862 5872 μερὶς,ἥ
2903 5804 3240 5875 κληρονομία
3273 5808 3331 5859 ὲν
3367 5807 3444 5876 τῷ
3479 5805 3601 5869 οἴκῳ
3630 5790 3709 5846 τοῦ

469 5892 523 5948 in
557 5895 722 5950 domo
761 5895 930 5965 patris
965 5893 1179 5950 nostri?
1223 5892 1418 5948 Nonne
1463 5893 1652 5948 aliena:
1689 5893 1780 5967 ab‘
1809 5894 1906 5950 illo
1938 5895 2057 5951 exi-

2165 5893 2372 5962 πατρὸς
2424 5892 2613 5962 ήμῶνς
2668 5894 2781 5948 Οὐκ
2835 5895 3113 5967 ἀλλότριαι
3162 5897 3521 5969 λελογίσμεθα
3547 5887 3707 5947 adid):
