4056 6420
343 389 482 456 1085

1081 389 1254 450 LOCl
1290 387 1732 453 COMMUNES.
1762 416 1833 428 --
1863 390 2056 452 PARS
2099 389 2184 451 ΙΙ.
2209 387 2467 447 SERth
2508 387 2787 448 XXXlII.

3461 387 3596 450 1086

338 505 600 572 Πέπρακε
643 505 753 573 γὰρ
801 503 972 574 ἡμᾶς,
1016 502 1111 557 καὶ
1153 503 1430 572 κατέφαγε
1479 503 1823 574 καταὸρώσει
1852 505 1912 556 τὸ

2027 507 2248 562 stimatae
2277 505 2508 561 sumus?
2548 502 2788 558 vendidit
2827 501 2974 558 enim
3009 515 3127 566 nos,
3155 508 3210 557 et
3235 499 3394 570 plane
3433 500 3598 556 devo-

340 595 602 666 ἀργύριον
623 597 656 665 ή
667 595 805 664 μῶν.

417 689 687 755 Ἤγγισεν
728 685 1017 758 Ἀσιμέλεχ
1061 686 1166 751 ἕως
1193 687 1294 755 τῆς
1321 687 1496 756 πύλης
1536 687 1630 740 τοῦ
1676 687 1910 756 πύργου,

341 779 628 849 ἐμπρῆσαι
657 779 831 850 αὐτὴν
893 779 950 833 ἐν
997 777 1152 850 πυρί.
1201 779 1310 832 Καὶ
1367 778 1558 850 ἐρῤιψε
1616 779 1753 847 γυνὴ
1816 777 1915 846 μία

341 873 563 942 κλάσμα
622 871 792 942 μύλου
852 871 949 924 ἐπὶ
1001 870 1102 941 τήν
1153 870 1394 941 κεφαλὴν
1457 869 1766 938 Ἀϐιμέλεχ,
1820 869 1916 922 καὶ

343 965 538 1035 ἐὸόησε
565 965 701 1033 ταχὺ
733 963 869 1034 πρὸς
909 963 968 1016 τὸ
998 963 1283 1032 παιδάριον
1331 963 1393 1014 τὸ
1432 958 1588 1030 αῐρον
1633 961 1702 1012 τὰ
1746 959 1917 1028 σκεύη

343 1055 531 1120 αὑτοῦ,
565 1055 658 1107 καὶ
684 1049 839 1108 εἶπεν
872 1053 1021 1123 αὐτῷ
1046 1068 1062 1083 ·
1111 1054 1328 1106 Σπάσαι
1364 1053 1463 1122 τὴν
1492 1051 1766 1122 ῥομφαίαν
1798 1066 1916 1114 σου,

342 1149 436 1203 καὶ
475 1147 786 1202 θανάτωσόν
823 1163 912 1216 με,
955 1149 1027 1216 μή
1061 1163 1191 1198 ποτε
1223 1146 1472 1205 είπωσιν,
1519 1143 1602 1196 ὃτι
1634 1143 1771 1213 γυνὴ
1813 1143 1918 1194 ἀπ-

342 1239 582 1291 έκτεινεν
611 1239 797 1291 αὐτόν.
826 1239 936 1291 Καὶ
962 1239 1318 1307 ἐξεκέντησεν
1359 1234 1521 1288 αὑτὸν
1547 1234 1609 1287 τὸ
1629 1234 1918 1304 παιδάριον

340 1329 532 1395 αὐτοῦ,
556 1331 652 1382 καὶ
672 1329 961 1384 ἀπέθανεν.

423 1418 741 1488 ’Δνήγγειλε
781 1418 864 1488 τῷ
897 1416 1062 1472 Δαυῖδ
1091 1419 1303 1488 Μελχδλ
1340 1419 1375 1490 ἡ
1423 1417 1563 1488 γυνῆ
1615 1415 1784 1469 αὑτοῦ
1827 1416 1917 1470 λέ-

340 1528 516 1580 γουσα
538 1525 553 1540 ⁶
592 1510 720 1564 Ἐάν
753 1511 831 1581 μὴ
873 1510 938 1564 σὺ
973 1510 1156 1581 σώσῃς
1179 1511 1277 1581 τὴν
1306 1511 1486 1582 ψυχὴν
1534 1510 1768 1564 σεαυτοῦ
1818 1512 1918 1581 τήν

340 1602 513 1656 νύκτα
571 1601 798 1671 ταύτην,
836 1600 1025 1670 αὔριον
1080 1601 1468 1672 θανατωθήσῃ.
1525 1602 1636 1655 Καὶ
1687 1601 1916 1669 κατάγει

340 1692 569 1764 Μελχὼλ
599 1694 692 1747 τὸν
724 1692 890 1747 Δαυτδ
922 1694 1012 1748 διὰ
1039 1694 1136 1762 τῆς
1168 1694 1401 1765 θυρίδος,
1425 1693 1524 1747 καὶ
1553 1692 1789 1764 ἀπῆλθε,
1821 1692 1917 1745 καὶ

341 1787 534 1854 ἔφυγε,
556 1787 651 1840 καὶ
683 1787 887 1857 ἐσώθη.

2020 600 2160 653 ravit
2185 607 2468 670 argentum
2497 603 2773 652 nostrum.

2086 689 2269 746 Judic.
2311 689 2667 769 ix..Accessit
2701 687 3089 743 Abimelechus
3127 703 3302 757 usque
3328 689 3395 742 ad
3431 690 3600 742 turrls

2016 790 2255 850 portam,
2291 791 2347 832 ut
2383 795 2504 835 eam
2533 779 2880 850 incenderetg
2915 778 3116 833 mulier
3146 788 3327 832 autem
3351 781 3598 848 quaedam

2018 873 2378 940 fragmentum
2421 871 2580 925 mola:
2609 871 2664 924 in
2696 869 3011 939 caputeius
3041 869 3277 937 conjecit
3319 883 3334 920 :
3385 879 3440 922 et
3486 876 3600 923 sta-

2020 964 2114 1016 tim
2154 962 2400 1016 clamans
2431 963 2668 1016 accersit
2705 976 2957 1030 puerum,
2992 962 3086 1028 qui
3122 975 3269 1012 arma
3300 959 3472 1025 ipsius
3501 974 3597 1027 ge-

2022 1055 2193 1105 rebat.
2226 1051 2349 1113 Cui,
2406 1054 2578 1112 Educ,
2611 1053 2803 1121 inquit,
2835 1051 3074 1122 gladium
3112 1061 3286 1113 tuum,
3314 1060 3368 1104 et
3404 1065 3488 1102 me
3515 1051 3600 1102 itt-

2023 1143 2228 1208 tertiae,
2265 1158 2334 1197 ne
2362 1144 2544 1196 dicant
2566 1143 2725 1212 vulgo
2760 1158 2845 1196 me
2876 1158 2906 1196 a
2949 1143 3176 1197 muliere
3223 1141 3597 1198 interfectum.

2024 1234 2092 1289 Et
2119 1249 2257 1304 puer
2282 1232 2401 1300 ejus
2430 1233 2662 1303 pupugit
2693 1249 2838 1299 eum,
2873 1243 2930 1288 et
2965 1243 3212 1290 mortuus
3246 1243 3349 1288 est.

2093 1412 2124 1466 Ι
2165 1411 2294 1483 Reg.
2319 1429 2433 1468 xix.
2460 1413 2692 1468 Melchol
2726 1428 2864 1468 uxor
2895 1412 3136 1477 Davidis,
3160 1411 3497 1468 renuntiavit
3523 1412 3599 1475 ei,

2020 1506 2208 1560 dicens
2248 1523 2262 1559 :
2289 1503 2406 1560 Nisi
2435 1507 2535 1560 hac
2562 1517 2725 1560 nocte
2752 1505 3059 1560 servaveris
3085 1505 3248 1558 vitam
3274 1512 3444 1569 tuam,
3478 1519 3602 1557 cras

2021 1609 2194 1653 morte
2222 1597 2474 1655 allicieris
2500 1616 2515 1667 ;
2543 1611 2595 1654 et
2623 1600 2828 1654 dimisit
2860 1599 3118 1652 maritum
3152 1612 3311 1652 suum
3340 1595 3599 1649 Davidem

2019 1707 2117 1761 per
2155 1691 2472 1746 fenestram.
2511 1691 2713 1761 Sicque
2744 1690 2833 1744 ille
2865 1691 3020 1755 exiit,
3053 1689 3289 1759 aufugit,
3323 1698 3378 1742 et
3408 1701 3601 1742 serva-

2020 1791 2108 1837 tus
2141 1793 2246 1837 est.
2807 1795 2810 1800 ’

416 1879 512 1941 Τίς
553 1878 721 1932 ἔδωκε
753 1877 998 1947 γυναιξὶν
1045 1879 1371 1951 ὑφάσματος
1408 1880 1623 1951 σοφίαν,
1673 1878 1766 1932 καὶ
1797 1891 1916 1929 uot-

2084 1872 2208 1928 Job.
2250 1872 2381 1940 Quis
2407 1875 2555 1929 dedit
2585 1873 2905 1929 mulieribus
2954 1874 3172 1929 texendi
3228 1873 3551 1943 sapientiam
3578 1907 3596 1935 ,

341 1969 588 2038 κιλτικὴν
621 1970 934 2042 ἐπιστήμην
961 1987 976 2038 ;

413 2060 555 2130 Γυνὴ
581 2061 804 2131 ἀνδρεία
837 2063 1098 2130 στέφανος
1122 2062 1200 2133 τῷ
1229 2062 1380 2134 ἀνδρὶ
1403 2063 1596 2134 αὐτῆς.

412 2153 558 2222 Γυνὴ
581 2153 906 2224 εὐχάριστος
943 2157 1151 2226 ἐγείρει
1181 2155 1334 2226 ἀνδρὶ
1359 2155 1541 2220 δόξαν.

417 2246 514 2309 Ὃς
537 2245 666 2317 εὗρε
703 2249 938 2314 γυναῖκα
967 2248 1201 2319 ἀγαθὴν,
1232 2242 1357 2320 εὗρε
1387 2250 1640 2320 χάριτας,
1674 2250 1834 2308 ἔλαϐε
1859 2255 1917 2309 δέ

342 2336 496 2407 παρὰ
525 2335 731 2405 Κυρίου
766 2337 1083 2408 ἱλαρότητα.

418 2429 514 2492 Ὃς
540 2428 794 2482 ἐκϐάλλει
823 2433 1063 2499 γυναῖκα
1100 2431 1333 2504 ἀγαθήν,
1361 2432 1614 2490 ἐκϐάλλει
1644 2437 1825 2507 ἀγαθά
1853 2439 1919 2492 ἐκ

342 2519 436 2570 τοῦ
466 2520 618 2572 οἴκου
648 2519 838 2574 αὐτοῦ.

425 2614 595 2680 Σοφαὶ
623 2617 882 2680 γυναῖκες
902 2615 1260 2688 ᾠκοδόμησαν
1285 2621 1466 2685 οἴκους
1486 2636 1500 2651 °
1541 2624 1574 2694 ή
1624 2624 1680 2677 δὲ
1728 2625 1919 2695 ἄφρων

347 2705 662 2772 κατέσκαψε
692 2709 813 2769 ταῖς
842 2710 1027 2778 χερσὶν
1058 2711 1253 2778 αὐτῆς.

415 2798 656 2850 Γυναῖκα
712 2799 964 2870 ἀνδρείαν
1015 2800 1098 2864 τίς
1146 2803 1406 2873 εὑρήσει;
1453 2808 1758 2876 τιμιωτέρα
1801 2809 1918 2861 ἐστὶ

341 2887 508 2942 λίθων
537 2889 843 2942 πολυτελῶν
877 2891 910 2956 ἡ
940 2891 1183 2962 τοιαύτη.
1207 2892 1412 2964 Θαρσεῖ
1434 2895 1525 2948 ἐπ’
1553 2898 1688 2967 αὐτῇ
1719 2899 1751 2967 ή
1785 2915 1919 2967 καρ-

341 2978 433 3031 δία
463 2977 556 3030 τοῦ
581 2979 773 3048 ἀνδρὸς
802 2979 992 3048 αὐτῆς.
1031 2982 1095 3034 Ἦ
1121 2983 1341 3052 τοιαύτη
1371 2985 1554 3038 καλῶν
1584 2987 1796 3040 σκύλων
1818 2989 1920 3042 οὐκ

342 3071 636 3141 ἀπορήσει.
676 3071 921 3144 Ἐνεργεῖ
947 3072 1024 3144 τῷ
1055 3075 1210 3146 ἀνδρὶ
1265 3076 1467 3144 ἀγαθὰ,
1504 3079 1597 3130 καὶ
1643 3080 1705 3132 οὐ
1750 3080 1918 3134 κακά.

343 3163 420 3216 Οὐ
471 3161 748 3234 φροντίζει
797 3163 904 3216 τῶν
933 3164 992 3215 ἐν
1022 3165 1156 3233 οῐκῳ
1199 3164 1338 3236 ἀνὴρ
1367 3166 1559 3235 αὐτῆς.
1588 3166 1761 3228 ,Ὅταν
1815 3185 1917 3222 που

340 3253 590 3328 χρονίζῃ,
634 3253 824 3316 δισσάς
855 3254 1083 3324 χλαίνας
1135 3256 1359 3325 ἐποίησε
1404 3257 1484 3326 τῷ
1529 3257 1681 3326 ἀνδρὶ
1727 3259 1918 3326 αὐτῆς.

353 3345 549 3399 Ἦνίκα
589 3343 655 3398 ἂν
685 3345 886 3416 καθίσῃ
917 3345 974 3396 ἐν
1002 3343 1269 3414 συνεδρίῳ
1305 3346 1443 3416 μετὰ
1472 3347 1578 3398 τῶν
1617 3345 1922 3416 πρεσϐυτέ-

345 3455 482 3510 ρων,
519 3435 696 3505 στόμα
722 3436 892 3504 αὐτῆς
923 3435 1159 3504 διήνοιξε
1193 3437 1577 3507 προσεχόντως
1625 3438 1722 3491 καὶ
1773 3437 1923 3491 ἐννό-

347 3547 487 3599 μως,
519 3528 614 3582 καὶ
647 3528 803 3595 τάξιν
828 3528 1135 3581 ἐνετείλατο
1176 3529 1242 3598 τῇ
1289 3526 1512 3598 γλώσσῃ
1549 3528 1739 3596 αὐτῆς.
1792 3528 1922 3581 Στε-

343 3621 434 3673 val.
461 3620 516 3673 δὲ
545 3619 823 3690 διατριϐαὶ
867 3621 1031 3673 οἴκων
1079 3618 1272 3688 αὐτῆς,
1309 3619 1432 3671 σῖτα
1472 3617 1531 3672 δέ
1560 3618 1773 3690 ὀκνηρὰ
1820 3619 1921 3672 οὐκ

342 3711 576 3780 ἔφαγεν.
601 3769 608 3772 _

416 3803 620 3856 Πολλαὶ
684 3802 982 3873 θυγατέρες
1039 3802 1337 3870 ἐκτήσαντο
1407 3801 1657 3869 πλοῦτον,
1724 3801 1922 3856 πολλαὶ

343 3895 610 3965 ἐποίησαν
639 3894 904 3962 δύναμινο
934 3893 998 3946 σὺ
1033 3893 1090 3945 δὲ
1133 3893 1457 3961 ὐπέρκεισαι
1499 3894 1595 3946 καὶ
1641 3893 1922 3962 ὑπερῆρας

343 3987 547 4048 πάσας.
587 3987 819 4049 Ψευδείς
846 3985 1132 4057 ἀρέσκειαι
1186 3987 1282 4038 καὶ
1318 3987 1545 4055 μάταιον
1592 3985 1788 4047 κάλλος
1823 3985 1924 4039 οὐκ

344 4079 492 4132 ἐστιν
515 4081 572 4132 ἐν
610 4078 714 4133 σοί.

417 4170 558 4240 Γυνὴ
584 4168 780 4241 συνετὴ
808 4170 1110 4238 εὐλογεῖται
1131 4208 1147 4235 ,
1176 4169 1339 4240 φόϐος
1393 4168 1449 4222 δέ
1501 4167 1708 4239 Κυρίου
1753 4166 1924 4237 αὐτὴν

347 4265 589 4320 αἰνείτω.
610 4265 738 4318 Δότε
761 4265 900 4336 αὐτῇ
933 4265 1041 4319 ἀπὸ
1071 4264 1300 4333 καρπῶν
1337 4261 1560 4333 χειλέων
1593 4262 1786 4332 αὐτῆς,
1830 4261 1927 4314 καὶ

348 4355 602 4409 αἰνείσθω
626 4356 684 4409 ἐν
710 4355 909 4420 πύλαις
941 4355 970 4407 ό
997 4356 1136 4427 ἀνὴρ
1167 4355 1360 4424 αὐτῆς.

417 4447 510 4517 Μὴ
539 4447 756 4516 άστόχει
801 4447 1060 4516 γυναικὸς
1102 4447 1270 4515 σοφῆς
1308 4445 1406 4498 καὶ
1457 4443 1672 4514 ἀγαθῆς
1695 4458 1711 4474 ο
1753 4443 1788 4514 ή
1815 4443 1925 4513 γὰρ

345 4539 508 4608 χάρις
541 4538 713 4610 αὐτῆς
742 4538 884 4609 ὑπὲρ
916 4540 978 4593 τὸ
1009 4539 1254 4610 χρυσίον.

417 4629 592 4698 Χάρις
647 4629 740 4681 ἐπὶ
788 4629 974 4700 χάριτι
1022 4628 1162 4698 γυνὴ
1228 4626 1469 4696 σιγηράο
1521 4625 1619 4678 καὶ
1660 4622 1763 4677 οὐκ
1806 4620 1922 4674 ἐστι

349 4721 588 4792 σταθμὸς
618 4721 770 4789 ἄξιος
796 4705 1100 4791 ἐγκρατοῦς
1123 4719 1305 4790 ψυχῆς
1325 4717 1516 4787 αὐτῆς.

419 4906 684 4968 Γυναικδς
728 4904 939 4976 ἀγαθῆς
975 4913 1244 4976 μακάριος
1291 4901 1320 4954 ὁ
1359 4899 1520 4970 ἀνὴρ,
1557 4899 1650 4953 καὶ
1696 4898 1927 4968 ἀριθμὸς

348 5003 457 5057 τῶν
489 4999 713 5071 ήμερῶν
742 4998 907 5052 αὐτοῦ
937 4997 1242 5056 διπλάσιος.
1274 4994 1418 5065 Γυνὴ
1441 4990 1668 5062 ἀνδρεία
1697 4990 1926 5060 εὐφραίο

349 5112 430 5150 νει
465 5094 556 5146 τὸν
586 5091 757 5162 ἄνδρα
793 5091 985 5159 αὐτῆς,
1011 5091 1106 5142 καὶ
1133 5091 1202 5142 τὰ
1229 5088 1325 5157 ἐτη
1360 5084 1526 5139 αὑτοῦ
1561 5081 1842 5154 πληρώσει
1875 5083 1933 5134 ἐν

351 5186 562 5258 εἰρήνῃ.
593 5183 737 5253 Γυνή
767 5180 946 5250 ἀγαθὴ
989 5181 1146 5250 μερὶς
1177 5177 1357 5249 ἀγαθή
1377 5193 1392 5208 ⁸
1421 5176 1518 5229 καὶ
1540 5177 1598 5230 ἐν
1625 5173 1809 5246 μερίδι
1839 5189 1934 5240 φο-

351 5279 449 5330 6ου
458 5277 638 5345 μένων
668 5273 875 5344 Κύριον
905 5273 1212 5342 δοθήσεται.

421 5370 594 5438 Χάρις
617 5368 875 5435 γυναικὸς
897 5363 1180 5435 εὐφραίνει
1213 5363 1304 5415 τὸν
1333 5362 1502 5432 ἄνδρα
1523 5359 1716 5429 αὐτῆς,
1743 5356 1838 5412 καὶ
1862 5357 1929 5410 τά

349 5464 486 5517 ὀστᾶ
518 5461 684 5516 αὐτοῦ
715 5461 918 5514 πιαίνει
949 5460 982 5528 ἡ
1017 5460 1296 5527 ἐπιστήμη
1326 5458 1518 5528 αὐτῆς.

354 5555 616 5616 Γυναικὺς
645 5554 784 5624 ἀνὴρ
811 5551 984 5622 χρῆμ’
1009 5550 1160 5602 οὐδὲν
1189 5550 1440 5620 ληῖζεται

355 5649 589 5702 Κάλλιον
616 5646 836 5715 ἐσθλῆς,
867 5643 1058 5714 ὥσπερ
1081 5643 1202 5696 οὐδὲ
1233 5646 1414 5712 χεῖρον
1432 5641 1533 5711 τῆς
1561 5641 1805 5703 ἐναντίας
1825 5639 1925 5712 (ι).

2019 1975 2073 2019 et
2107 1975 2277 2019 artem
2311 1982 2412 2020 acu
2445 1968 2730 2023 variandi?

2092 2057 2249 2127 173
2283 2055 2444 2112 Prov.
2467 2073 2564 2112 xu.
2598 2058 2742 2112 Uxor
2780 2058 2938 2113 fortis
2992 2073 3197 2114 corona
3227 2067 3310 2114 est
3341 2059 3443 2113 viri
3491 2057 3600 2115 sui.

2093 2145 2246 2203 Uxor
2275 2157 2426 2218 grata
2455 2151 2660 2204 excitat
2686 2151 2804 2204 viro
2841 2152 3100 2220 gloriam.

2089 2237 2192 2302 Qui
2232 2248 2427 2294 nactus
2484 2250 2569 2293 est
2620 2255 2846 2295 uxorem
2903 2243 3124 2307 bonam,
3159 2242 3205 2297 is
3257 2241 3468 2312 gratias
3515 2249 3603 2305 est

2017 2329 2272 2398 adeptus,
2308 2338 2362 2385 et
2398 2345 2427 2384 a
2455 2331 2688 2386 Domino
2719 2334 2930 2402 accepit
2962 2333 3318 2388 hilaritatem.

2088 2419 2189 2487 Qui
2217 2421 2365 2492 ejicit
2394 2437 2617 2478 uxorem
2645 2424 2888 2495 probam,
2910 2424 3057 2494 ejicit
3079 2423 3220 2480 bona
3238 2439 3268 2480 e
3291 2425 3456 2480 domo
3477 2437 3600 2480 sua.

2092 2602 2254 2657 Prov.
2284 2618 2400 2658 xw.
2427 2601 2638 2659 Uxores
2664 2603 2941 2672 sapientes
2960 2603 3369 2659 :edillcaverunt
3387 2604 3601 2669 domos;

2027 2703 2084 2750 at
2115 2695 2382 2764 insipiens
2403 2697 2520 2749 suis
2542 2696 2794 2750 manibus
2823 2696 3080 2750 demolita
3112 2705 3217 2750 est.

2093 2783 2252 2840 Prov.
2289 2799 2440 2839 xxxi.
2468 2783 2704 2840 Uxorem
2757 2785 2956 2839 fortem
3005 2788 3128 2856 quis
3160 2769 3447 2841 inveniet?
3479 2786 3604 2842 talis

2021 2875 2194 2946 pluris
2223 2884 2306 2930 est
2331 2876 2648 2930 aestimanda
2665 2891 2828 2941 quam
2858 2876 3060 2944 lapides
3088 2877 3348 2946 pretiosi;
3386 2891 3448 2930 ea
3475 2890 3607 2930 con-

2021 2966 2248 3022 fiditcor
2269 2967 2401 3032 viri;
2423 2967 2538 3022 haec
2563 2967 2753 3037 spoliis
2778 2969 3026 3037 pulchris
3053 2984 3160 3021 non
3181 2967 3425 3035 carebit;
3447 2966 3605 3021 bonis

2023 3059 2187 3113 allicit
2209 3059 2383 3111 virum
2409 3073 2592 3122 suum,
2621 3075 2729 3114 non
2763 3060 2948 3114 malis.
2977 3058 3197 3114 Virnou
3217 3068 3302 3114 est
3334 3058 3605 3114 sollicitus

2026 3155 2090 3206 de
2116 3152 2280 3207 rebus
2307 3153 2648 3219 domesticis,
2675 3154 2850 3208 sicubi
2874 3163 3052 3208 autem
3101 3153 3304 3208 diutius
3357 3163 3604 3209 moratus

2026 3243 2213 3311 fuerit,
2243 3245 2360 3312 ipsa
2396 3247 2606 3300 interea
2664 3245 2910 3315 geminas
2955 3244 3190 3300 confecit
3217 3252 3417 3300 vestes.
3467 3246 3603 3300 Cum

2022 3346 2204 3391 autem
2243 3339 2298 3392 in
2329 3352 2589 3393 consessu
2617 3337 2897 3392 seniorum
2920 3337 3190 3402 considet,
3211 3338 3324 3408 ipsa
3345 3353 3410 3393 os
3446 3355 3602 3392 suum

2023 3430 2198 3498 aperit
2227 3437 2430 3484 attente
2458 3437 2512 3484 et
2538 3429 2794 3497 legitime,
2824 3444 2887 3483 ac
2914 3430 3160 3484 ordinem
3184 3430 3265 3484 ori
3295 3445 3396 3484 suo
3419 3439 3604 3484 tenen-

2021 3518 2149 3572 dum
2173 3519 2494 3588 praescribit.
2522 3517 2834 3574 Taciturnze
2854 3528 3041 3575 autem
3079 3530 3208 3575 sunt
3268 3521 3462 3575 domus
3483 3521 3608 3591 ejus

2023 3611 2468 3677 exercitationes,
2509 3609 2694 3665 cibum
2721 3611 2898 3667 otiosa
2933 3627 3039 3666 non
3064 3613 3232 3682 capit.

2093 3793 2274 3850 Multae
2302 3793 2426 3849 ﬁliae
2450 3793 2666 3851 divitias
2689 3801 2746 3850 et
2796 3795 3097 3863 potentiam
3134 3805 3603 3864 comparaverunt,

2024 3894 2082 3942 tu
2110 3896 2292 3941 autem
2323 3885 2589 3954 superasti
2615 3899 2828 3950 omnes,
2849 3893 2904 3940 et
2933 3901 3100 3954 super
3121 3887 3241 3940 illas
3263 3894 3314 3940 te
3333 3886 3606 3953 extulisti;

2025 3977 2164 4034 falsa
2198 3976 2488 4033 affabilitas
2521 3985 2575 4032 et
2604 3977 2786 4034 inanis
2810 3978 3159 4050 pulchritudo
3190 3995 3295 4032 non
3333 3987 3415 4034 est
3446 3978 3497 4033 in
3531 3986 3606 4033 te.

2095 4155 2293 4212 Mulier
2321 4171 2488 4228 sagax
2517 4155 2882 4220 benedicitur,
2908 4157 3001 4211 sed
3027 4166 3201 4211 metus
3229 4155 3442 4210 Domini
3485 4173 3606 4212 eam

2029 4250 2410 4314 commendet;
2437 4250 2564 4304 date
2598 4247 2650 4303 ei
2681 4246 2749 4302 de
2765 4245 3039 4302 fructibus
3059 4248 3323 4302 labiorum
3358 4263 3608 4313 suorum,

2029 4348 2083 4394 ct
2113 4342 2197 4394 vir
2219 4340 2336 4408 ejus
2359 4339 2618 4395 laudetur
2647 4338 2705 4394 in
2737 4338 2934 4408 portis.

2100 4431 2268 4487 Ecclt'.
2303 4447 2400 4486 vn.
2452 4431 2589 4487 Vide
2621 4445 2691 4485 ne
2744 4430 2970 4486 excidas
3023 4443 3195 4484 uxore
3250 4431 3500 4500 sapiente
3551 4440 3614 4487 et

1957 4535 2003 4593 ι)
2030 4522 2208 4590 bona;
2235 4538 2360 4578 nam
2385 4523 2558 4592 gratia
2585 4522 2706 4590 ejus
2727 4536 2864 4576 auro
2887 4528 3134 4591 praestat.

2103 4613 2290 4670 Gratia
2332 4612 2604 4684 duplicata
2635 4611 2834 4667 mulier
2875 4613 3143 4666 taciturna
3163 4609 3327 4682 [alias
3359 4609 3605 4682 pudica];

2034 4721 2133 4759 nec
2155 4715 2238 4760 est
2261 4705 2559 4775 quldquam
2582 4704 2728 4774 quod
2762 4717 2887 4758 cum
2909 4701 3094 4757 animo
3124 4703 3268 4757 illius
3293 4703 3616 4758 continente

2033 4797 2337 4866 comparari
2373 4796 2564 4864 possit.

2107 4887 2246 4942 Ibid.
2278 4887 2468 4942 Probae
2499 4887 2744 4942 mulieris
2773 4887 2858 4940 vir
2877 4896 2961 4941 est
2983 4887 3198 4950 beatus,
3237 4895 3291 4938 et
3347 4899 3612 4938 numerus
3655 4914 3668 4924 -

2034 4979 2244 5034 dierum
2298 4980 2420 5049 eius
2481 4978 2869 5049 duplicabitur.
2919 4975 3067 5032 Uxor
3125 4977 3284 5032 fortis
3344 4975 3613 5030 exhilarat

2036 5075 2215 5130 virum
2245 5087 2428 5136 suum,
2455 5082 2510 5126 et
2539 5085 2710 5125 annos
2771 5069 2890 5141 ejus
2928 5085 3055 5125 cum
3113 5083 3250 5139 pace
3299 5068 3607 5137 cumplebit.

2029 5168 2225 5223 Mulier
2251 5167 2423 5237 proba
2459 5164 2641 5234 portio
2671 5163 2814 5218 bona
2847 5172 2930 5218 est
2961 5179 2978 5229 ;
3005 5172 3062 5216 et
3094 5161 3150 5216 in
3179 5172 3332 5231 parte
3362 5171 3612 5216 metuen-

2034 5261 2168 5312 tium
2195 5257 2482 5310 Dnminum
2509 5256 2754 5311 dabitur.

2109 5349 2310 5404 Uxoris
2361 5349 2536 5418 gratia
2582 5349 2760 5403 virum
2791 5347 3081 5413 exhilarat,
3136 5352 3191 5401 et
3218 5344 3446 5400 scientia
3492 5343 3613 5413 ejus

2044 5456 2173 5495 ossa
2209 5441 2312 5495 viri
2347 5442 2582 5509 saginat.

2105 5533 2368 5603 T/zeologi.
2399 5531 2495 5586 Vir
2522 5531 2733 5587 nullam
2761 5545 2873 5587 rem
2898 5529 3182 5602 acquirere
3217 5535 3398 5600 potest
3443 5541 3615 5582 uxore

2035 5627 2204 5696 proba
2233 5624 2623 5692 honestiorem,
2651 5621 3114 5695 quemadmodum
3147 5621 3353 5679 nullam
3381 5617 3614 5674 deterio-

2039 5734 2149 5775 rem
2181 5717 2448 5786 improba.

430 5827 507 5898 (1)
542 5827 748 5886 Versus
778 5827 1054 5886 constabit
1094 5827 1138 5894 si
1172 5825 1340 5895 legas,
1376 5823 1610 5877 Κάλλιον
1637 5821 1858 5889 ἐσθλῆς,
1883 5835 1912 5870 ο

2040 5816 2223 5883 χεῖρον
2256 5812 2528 5872 ἐναντίας.
