  <div class='ocr_page' id='page_1' title='image "/cluster/home/n/w/nwhite01/storage/ocr_20150623/136/coo.31924054870419/549.png"; bbox 0 0 4056 6424; ppageno 0'>
   <div class='ocr_carea' id='block_1_1' title="bbox 468 381 605 446">
    <p class='ocr_par' dir='ltr' id='par_1_1' title="bbox 468 381 605 446">
     <span class='ocr_line' id='line_1_1' title="bbox 468 381 605 446; baseline 0.007 -1"><span class='ocrx_word' id='word_1_1' title='bbox 468 381 605 446; x_wconf 83' lang='grc'><strong>1087</strong></span> 
     </span>
    </p>
   </div>
   <div class='ocr_carea' id='block_1_2' title="bbox 1736 384 2444 448">
    <p class='ocr_par' dir='ltr' id='par_1_2' title="bbox 1736 384 2444 448">
     <span class='ocr_line' id='line_1_2' title="bbox 1736 384 2444 448; baseline 0.007 -5"><span class='ocrx_word' id='word_1_2' title='bbox 1736 384 2064 446; x_wconf 81' lang='grc' dir='ltr'><strong>ΑΝΤΟΝΙΙ</strong></span> <span class='ocrx_word' id='word_1_3' title='bbox 2095 387 2444 448; x_wconf 66' lang='lat' dir='ltr'><strong>MELISSIE</strong></span> 
     </span>
    </p>
   </div>
   <div class='ocr_carea' id='block_1_3' title="bbox 3579 391 3738 460">
    <p class='ocr_par' dir='ltr' id='par_1_3' title="bbox 3579 391 3738 460">
     <span class='ocr_line' id='line_1_3' title="bbox 3579 391 3738 460; baseline 0.025 -4"><span class='ocrx_word' id='word_1_4' title='bbox 3579 391 3738 460; x_wconf 60' lang='lat'>1088‘</span> 
     </span>
    </p>
   </div>
   <div class='ocr_carea' id='block_1_4' title="bbox 540 495 2048 578">
    <p class='ocr_par' dir='ltr' id='par_1_4' title="bbox 540 495 2046 570">
     <span class='ocr_line' id='line_1_4' title="bbox 540 495 2046 570; baseline -0.001 -18"><span class='ocrx_word' id='word_1_5' title='bbox 540 495 599 552; x_wconf 92' lang='lat' dir='ltr'><strong>S.</strong></span> <span class='ocrx_word' id='word_1_6' title='bbox 635 496 846 567; x_wconf 82' lang='lat' dir='ltr'><strong>Cyrilli.</strong></span> <span class='ocrx_word' id='word_1_7' title='bbox 903 496 1166 554; x_wconf 82' lang='lat' dir='ltr'><strong>Muliebre</strong></span> <span class='ocrx_word' id='word_1_8' title='bbox 1219 512 1386 570; x_wconf 84' lang='lat' dir='ltr'><strong>genus</strong></span> <span class='ocrx_word' id='word_1_9' title='bbox 1419 497 1820 570; x_wconf 91' lang='lat' dir='ltr'><strong>quodammodo</strong></span> <span class='ocrx_word' id='word_1_10' title='bbox 1870 500 2046 568; x_wconf 86' lang='lat' dir='ltr'><strong>lacry-</strong></span> 
     </span>
    </p>
   </div>
   <div class='ocr_carea' id='block_1_5' title="bbox 2148 495 3736 578">
    <p class='ocr_par' dir='ltr' id='par_1_5' title="bbox 2218 500 3736 578">
     <span class='ocr_line' id='line_1_5' title="bbox 2218 500 3736 578; baseline 0.009 -25"><span class='ocrx_word' id='word_1_11' title='bbox 2218 500 2516 573; x_wconf 82' lang='grc' dir='ltr'>Φιλόδακρύ</span> <span class='ocrx_word' id='word_1_12' title='bbox 2549 519 2664 566; x_wconf 91' lang='grc' dir='ltr'><strong>πως</strong></span> <span class='ocrx_word' id='word_1_13' title='bbox 2698 503 2785 557; x_wconf 76' lang='grc' dir='ltr'>ἀεὶ</span> <span class='ocrx_word' id='word_1_14' title='bbox 2835 501 2896 558; x_wconf 84' lang='grc' dir='ltr'><strong>τδ</strong></span> <span class='ocrx_word' id='word_1_15' title='bbox 2937 504 3072 576; x_wconf 84' lang='grc' dir='ltr'>θῆλυ</span> <span class='ocrx_word' id='word_1_16' title='bbox 3120 505 3296 578; x_wconf 88' lang='grc' dir='ltr'>γένος,</span> <span class='ocrx_word' id='word_1_17' title='bbox 3333 507 3426 563; x_wconf 75' lang='grc' dir='ltr'>καὶ</span> <span class='ocrx_word' id='word_1_18' title='bbox 3471 509 3563 564; x_wconf 80' lang='grc' dir='ltr'><strong>τὸν</strong></span> <span class='ocrx_word' id='word_1_19' title='bbox 3596 512 3736 566; x_wconf 79' lang='grc' dir='ltr'>νοῦν</span> 
     </span>
    </p>
   </div>
   <div class='ocr_carea' id='block_1_6' title="bbox 465 588 2036 648">
    <p class='ocr_par' dir='ltr' id='par_1_6' title="bbox 465 588 2036 648">
     <span class='ocr_line' id='line_1_6' title="bbox 465 588 2036 648; baseline 0.001 -6"><span class='ocrx_word' id='word_1_20' title='bbox 465 603 680 643; x_wconf 88' lang='lat' dir='ltr'><strong>marum</strong></span> <span class='ocrx_word' id='word_1_21' title='bbox 710 604 903 645; x_wconf 88' lang='lat' dir='ltr'><strong>amans</strong></span> <span class='ocrx_word' id='word_1_22' title='bbox 926 598 1011 645; x_wconf 91' lang='lat' dir='ltr'><strong>est</strong></span> <span class='ocrx_word' id='word_1_23' title='bbox 1063 597 1117 646; x_wconf 92' lang='lat' dir='ltr'><strong>et</strong></span> <span class='ocrx_word' id='word_1_24' title='bbox 1140 591 1326 647; x_wconf 88' lang='lat' dir='ltr'><strong>animo</strong></span> <span class='ocrx_word' id='word_1_25' title='bbox 1359 593 1428 647; x_wconf 89' lang='lat' dir='ltr'><strong>ad</strong></span> <span class='ocrx_word' id='word_1_26' title='bbox 1457 588 1895 648; x_wconf 88' lang='lat' dir='ltr'><strong>misericordiam</strong></span> <span class='ocrx_word' id='word_1_27' title='bbox 1950 589 2036 644; x_wconf 89' lang='lat' dir='ltr'><strong>fa-</strong></span> 
     </span>
    </p>
   </div>
   <div class='ocr_carea' id='block_1_7' title="bbox 466 679 886 748">
    <p class='ocr_par' dir='ltr' id='par_1_7' title="bbox 466 679 886 748">
     <span class='ocr_line' id='line_1_7' title="bbox 466 679 886 748; baseline 0.005 -14"><span class='ocrx_word' id='word_1_28' title='bbox 466 679 555 734; x_wconf 85' lang='lat' dir='ltr'><strong>cili</strong></span> <span class='ocrx_word' id='word_1_29' title='bbox 583 681 886 748; x_wconf 67' lang='lat' dir='ltr'><strong>praeditum.</strong></span> 
     </span>
    </p>
   </div>
   <div class='ocr_carea' id='block_1_8' title="bbox 539 767 2037 840">
    <p class='ocr_par' dir='ltr' id='par_1_8' title="bbox 539 767 2037 840">
     <span class='ocr_line' id='line_1_8' title="bbox 539 767 2037 840; baseline 0.004 -20"><span class='ocrx_word' id='word_1_30' title='bbox 539 767 732 823; x_wconf 79' lang='lat' dir='ltr'><strong>Mulier</strong></span> <span class='ocrx_word' id='word_1_31' title='bbox 773 771 905 825; x_wconf 92' lang='lat' dir='ltr'><strong>vitat</strong></span> <span class='ocrx_word' id='word_1_32' title='bbox 953 786 1144 827; x_wconf 89' lang='lat' dir='ltr'><strong>omnes</strong></span> <span class='ocrx_word' id='word_1_33' title='bbox 1199 769 1601 827; x_wconf 84' lang='lat' dir='ltr'><strong>calumniarum</strong></span> <span class='ocrx_word' id='word_1_34' title='bbox 1650 771 2037 840; x_wconf 80' lang='lat' dir='ltr'><strong>suspiciones;</strong></span> 
     </span>
    </p>
   </div>
   <div class='ocr_carea' id='block_1_9' title="bbox 471 862 2044 933">
    <p class='ocr_par' dir='ltr' id='par_1_9' title="bbox 471 862 2044 933">
     <span class='ocr_line' id='line_1_9' title="bbox 471 862 2044 933; baseline 0.004 -21"><span class='ocrx_word' id='word_1_35' title='bbox 471 862 513 912; x_wconf 88' lang='lat' dir='ltr'><strong>si</strong></span> <span class='ocrx_word' id='word_1_36' title='bbox 542 875 717 928; x_wconf 79' lang='lat' dir='ltr'><strong>neque</strong></span> <span class='ocrx_word' id='word_1_37' title='bbox 745 876 804 916; x_wconf 91' lang='lat' dir='ltr'><strong>se</strong></span> <span class='ocrx_word' id='word_1_38' title='bbox 835 872 1034 928; x_wconf 91' lang='lat' dir='ltr'><strong>comat,</strong></span> <span class='ocrx_word' id='word_1_39' title='bbox 1056 878 1235 933; x_wconf 90' lang='lat' dir='ltr'><strong>neque</strong></span> <span class='ocrx_word' id='word_1_40' title='bbox 1264 871 1418 918; x_wconf 89' lang='lat' dir='ltr'><strong>ornet</strong></span> <span class='ocrx_word' id='word_1_41' title='bbox 1440 877 1606 931; x_wconf 85' lang='lat' dir='ltr'><strong>supra</strong></span> <span class='ocrx_word' id='word_1_42' title='bbox 1634 862 1880 929; x_wconf 86' lang='lat' dir='ltr'><strong>modum,</strong></span> <span class='ocrx_word' id='word_1_43' title='bbox 1913 879 2044 931; x_wconf 81' lang='lat' dir='ltr'><strong>pre-</strong></span> 
     </span>
    </p>
   </div>
   <div class='ocr_carea' id='block_1_10' title="bbox 465 951 2042 1022">
    <p class='ocr_par' dir='ltr' id='par_1_10' title="bbox 465 951 2042 1022">
     <span class='ocr_line' id='line_1_10' title="bbox 465 951 2042 1022; baseline 0 -16"><span class='ocrx_word' id='word_1_44' title='bbox 465 951 773 1006; x_wconf 79' lang='lat' dir='ltr'><strong>cationibus</strong></span> <span class='ocrx_word' id='word_1_45' title='bbox 807 959 862 1007; x_wconf 90' lang='lat' dir='ltr'><strong>et</strong></span> <span class='ocrx_word' id='word_1_46' title='bbox 884 952 1358 1022; x_wconf 89' lang='lat' dir='ltr'><strong>deprecationibus</strong></span> <span class='ocrx_word' id='word_1_47' title='bbox 1381 951 1676 1006; x_wconf 84' lang='lat' dir='ltr'><strong>attentione</strong></span> <span class='ocrx_word' id='word_1_48' title='bbox 1711 966 1926 1006; x_wconf 85' lang='lat' dir='ltr'><strong>summa</strong></span> <span class='ocrx_word' id='word_1_49' title='bbox 1947 967 2042 1006; x_wconf 87' lang='lat' dir='ltr'><strong>va-</strong></span> 
     </span>
    </p>
   </div>
   <div class='ocr_carea' id='block_1_11' title="bbox 468 1057 618 1094">
    <p class='ocr_par' dir='ltr' id='par_1_11' title="bbox 468 1057 618 1094">
     <span class='ocr_line' id='line_1_11' title="bbox 468 1057 618 1094; baseline 0.007 0"><span class='ocrx_word' id='word_1_50' title='bbox 468 1057 618 1094; x_wconf 71' lang='lat' dir='ltr'><strong>CilllS.</strong></span> 
     </span>
    </p>
   </div>
   <div class='ocr_carea' id='block_1_12' title="bbox 542 1131 2041 1205">
    <p class='ocr_par' dir='ltr' id='par_1_12' title="bbox 542 1131 2041 1205">
     <span class='ocr_line' id='line_1_12' title="bbox 542 1131 2041 1205; baseline 0.003 -20"><span class='ocrx_word' id='word_1_51' title='bbox 542 1133 808 1190; x_wconf 74' lang='lat' dir='ltr'><strong>Philonis.</strong></span> <span class='ocrx_word' id='word_1_52' title='bbox 838 1131 1075 1189; x_wconf 85' lang='lat' dir='ltr'><strong>Narrant</strong></span> <span class='ocrx_word' id='word_1_53' title='bbox 1139 1133 1348 1205; x_wconf 86' lang='lat' dir='ltr'><strong>physici</strong></span> <span class='ocrx_word' id='word_1_54' title='bbox 1399 1131 1654 1188; x_wconf 82' lang='lat' dir='ltr'><strong>feminam</strong></span> <span class='ocrx_word' id='word_1_55' title='bbox 1701 1132 1838 1188; x_wconf 89' lang='lat' dir='ltr'><strong>nihil</strong></span> <span class='ocrx_word' id='word_1_56' title='bbox 1890 1133 2041 1189; x_wconf 88' lang='lat' dir='ltr'><strong>aliud</strong></span> 
     </span>
    </p>
   </div>
   <div class='ocr_carea' id='block_1_13' title="bbox 467 1225 1442 1296">
    <p class='ocr_par' dir='ltr' id='par_1_13' title="bbox 467 1225 1442 1296">
     <span class='ocr_line' id='line_1_13' title="bbox 467 1225 1442 1296; baseline 0 -17"><span class='ocrx_word' id='word_1_57' title='bbox 467 1239 587 1279; x_wconf 51' lang='lat' dir='ltr'><strong>esse</strong></span> <span class='ocrx_word' id='word_1_58' title='bbox 607 1242 770 1295; x_wconf 88' lang='lat' dir='ltr'><strong>quam</strong></span> <span class='ocrx_word' id='word_1_59' title='bbox 797 1225 1173 1296; x_wconf 87' lang='lat' dir='ltr'><strong>imperfectum</strong></span> <span class='ocrx_word' id='word_1_60' title='bbox 1217 1239 1442 1280; x_wconf 88' lang='lat' dir='ltr'><strong>marem.</strong></span> 
     </span>
    </p>
   </div>
   <div class='ocr_carea' id='block_1_14' title="bbox 540 1313 2042 1385">
    <p class='ocr_par' dir='ltr' id='par_1_14' title="bbox 540 1313 2042 1385">
     <span class='ocr_line' id='line_1_14' title="bbox 540 1313 2042 1385; baseline 0 -18"><span class='ocrx_word' id='word_1_61' title='bbox 540 1314 847 1370; x_wconf 84' lang='lat' dir='ltr'><strong>lnﬁrmiora</strong></span> <span class='ocrx_word' id='word_1_62' title='bbox 878 1315 1285 1385; x_wconf 87' lang='lat' dir='ltr'><strong>quodammodo</strong></span> <span class='ocrx_word' id='word_1_63' title='bbox 1323 1322 1453 1370; x_wconf 92' lang='lat' dir='ltr'><strong>sunt</strong></span> <span class='ocrx_word' id='word_1_64' title='bbox 1481 1313 1769 1368; x_wconf 80' lang='lat' dir='ltr'><strong>mulierum</strong></span> <span class='ocrx_word' id='word_1_65' title='bbox 1792 1315 2042 1381; x_wconf 84' lang='lat' dir='ltr'><strong>consilia,</strong></span> 
     </span>
    </p>
   </div>
   <div class='ocr_carea' id='block_1_15' title="bbox 471 1406 2042 1476">
    <p class='ocr_par' dir='ltr' id='par_1_15' title="bbox 471 1406 2042 1476">
     <span class='ocr_line' id='line_1_15' title="bbox 471 1406 2042 1476; baseline 0.001 -17"><span class='ocrx_word' id='word_1_66' title='bbox 471 1420 571 1460; x_wconf 89' lang='lat' dir='ltr'><strong>nec</strong></span> <span class='ocrx_word' id='word_1_67' title='bbox 621 1416 774 1460; x_wconf 80' lang='lat' dir='ltr'><strong>extra</strong></span> <span class='ocrx_word' id='word_1_68' title='bbox 835 1421 922 1460; x_wconf 90' lang='lat' dir='ltr'><strong>res</strong></span> <span class='ocrx_word' id='word_1_69' title='bbox 947 1421 1068 1476; x_wconf 67' lang='lat' dir='ltr'><strong>qua:</strong></span> <span class='ocrx_word' id='word_1_70' title='bbox 1095 1406 1195 1460; x_wconf 85' lang='lat' dir='ltr'><strong>sub</strong></span> <span class='ocrx_word' id='word_1_71' title='bbox 1249 1420 1444 1460; x_wconf 86' lang='lat' dir='ltr'><strong>sensus</strong></span> <span class='ocrx_word' id='word_1_72' title='bbox 1477 1407 1702 1469; x_wconf 85' lang='lat' dir='ltr'><strong>cadunt,</strong></span> <span class='ocrx_word' id='word_1_73' title='bbox 1747 1407 2042 1475; x_wconf 81' lang='lat' dir='ltr'><strong>quidquam</strong></span> 
     </span>
    </p>
   </div>
   <div class='ocr_carea' id='block_1_16' title="bbox 470 1496 2045 1568">
    <p class='ocr_par' dir='ltr' id='par_1_16' title="bbox 470 1496 2045 1568">
     <span class='ocr_line' id='line_1_16' title="bbox 470 1496 2045 1568; baseline 0.001 -18"><span class='ocrx_word' id='word_1_74' title='bbox 470 1507 700 1568; x_wconf 85' lang='lat' dir='ltr'><strong>possunt</strong></span> <span class='ocrx_word' id='word_1_75' title='bbox 723 1513 910 1552; x_wconf 90' lang='lat' dir='ltr'><strong>eorum</strong></span> <span class='ocrx_word' id='word_1_76' title='bbox 944 1512 1066 1567; x_wconf 74' lang='lat' dir='ltr'><strong>quae</strong></span> <span class='ocrx_word' id='word_1_77' title='bbox 1116 1505 1323 1552; x_wconf 89' lang='lat' dir='ltr'><strong>tantum</strong></span> <span class='ocrx_word' id='word_1_78' title='bbox 1357 1496 1461 1552; x_wconf 91' lang='lat' dir='ltr'><strong>sub</strong></span> <span class='ocrx_word' id='word_1_79' title='bbox 1496 1497 1908 1568; x_wconf 77' lang='lat' dir='ltr'><strong>intelligentiam</strong></span> <span class='ocrx_word' id='word_1_80' title='bbox 1950 1513 2045 1554; x_wconf 87' lang='lat' dir='ltr'><strong>ca-</strong></span> 
     </span>
    </p>
   </div>
   <div class='ocr_carea' id='block_1_17' title="bbox 471 1586 1146 1656">
    <p class='ocr_par' dir='ltr' id='par_1_17' title="bbox 471 1586 1146 1656">
     <span class='ocr_line' id='line_1_17' title="bbox 471 1586 1146 1656; baseline 0.001 -16"><span class='ocrx_word' id='word_1_81' title='bbox 471 1588 627 1650; x_wconf 89' lang='lat' dir='ltr'><strong>dunt,</strong></span> <span class='ocrx_word' id='word_1_82' title='bbox 659 1586 1146 1656; x_wconf 88' lang='lat' dir='ltr'><strong>comprehendere.</strong></span> 
     </span>
    </p>
   </div>
   <div class='ocr_carea' id='block_1_18' title="bbox 551 1678 2044 1752">
    <p class='ocr_par' dir='ltr' id='par_1_18' title="bbox 551 1678 2044 1752">
     <span class='ocr_line' id='line_1_18' title="bbox 551 1678 2044 1752; baseline -0.001 -17"><span class='ocrx_word' id='word_1_83' title='bbox 551 1680 712 1752; x_wconf 62' lang='grc' dir='ltr'><strong>1³74Ι</strong></span> <span class='ocrx_word' id='word_1_84' title='bbox 742 1679 990 1736; x_wconf 87' lang='lat' dir='ltr'><strong>Philonis</strong></span> <span class='ocrx_word' id='word_1_85' title='bbox 1021 1695 1158 1736; x_wconf 78' lang='lat' dir='ltr'><strong>uxor</strong></span> <span class='ocrx_word' id='word_1_86' title='bbox 1209 1679 1265 1734; x_wconf 89' lang='lat' dir='ltr'><strong>in</strong></span> <span class='ocrx_word' id='word_1_87' title='bbox 1311 1679 1674 1749; x_wconf 85' lang='lat' dir='ltr'><strong>complurium</strong></span> <span class='ocrx_word' id='word_1_88' title='bbox 1720 1678 2044 1734; x_wconf 79' lang='lat' dir='ltr'><strong>feminarum</strong></span> 
     </span>
    </p>
   </div>
   <div class='ocr_carea' id='block_1_19' title="bbox 2142 592 2998 668">
    <p class='ocr_par' dir='ltr' id='par_1_19' title="bbox 2142 592 2998 668">
     <span class='ocr_line' id='line_1_19' title="bbox 2142 592 2998 668; baseline 0.009 -25"><span class='ocrx_word' id='word_1_89' title='bbox 2142 593 2220 654; x_wconf 86' lang='grc' dir='ltr'><strong>είς</strong></span> <span class='ocrx_word' id='word_1_90' title='bbox 2250 592 2399 647; x_wconf 77' lang='grc' dir='ltr'>ἔλεον</span> <span class='ocrx_word' id='word_1_91' title='bbox 2429 593 2824 666; x_wconf 84' lang='grc' dir='ltr'>εὑδιάθρυπτον</span> <span class='ocrx_word' id='word_1_92' title='bbox 2854 597 2998 668; x_wconf 74' lang='grc' dir='ltr'>ἔχον.</span> 
     </span>
    </p>
   </div>
   <div class='ocr_carea' id='block_1_20' title="bbox 2227 767 3732 859">
    <p class='ocr_par' dir='ltr' id='par_1_20' title="bbox 2227 767 3732 859">
     <span class='ocr_line' id='line_1_20' title="bbox 2227 767 3732 859; baseline 0.005 -38"><span class='ocrx_word' id='word_1_93' title='bbox 2227 767 2568 824; x_wconf 80' lang='grc' dir='ltr'>Ἀνύποπτον</span> <span class='ocrx_word' id='word_1_94' title='bbox 2600 771 2681 836; x_wconf 77' lang='grc' dir='ltr'><strong>είς</strong></span> <span class='ocrx_word' id='word_1_95' title='bbox 2701 771 2954 844; x_wconf 76' lang='grc' dir='ltr'>διαϐολὴν</span> <span class='ocrx_word' id='word_1_96' title='bbox 2982 773 3226 828; x_wconf 86' lang='grc' dir='ltr'>δείκνυσι</span> <span class='ocrx_word' id='word_1_97' title='bbox 3252 778 3486 844; x_wconf 87' lang='grc' dir='ltr'>γυναῖκα</span> <span class='ocrx_word' id='word_1_98' title='bbox 3544 779 3604 830; x_wconf 63' lang='grc' dir='ltr'>τὸ</span> <span class='ocrx_word' id='word_1_99' title='bbox 3628 779 3732 859; x_wconf 63' lang='grc' dir='ltr'><strong>⁸μὴ</strong></span> 
     </span>
    </p>
   </div>
   <div class='ocr_carea' id='block_1_21' title="bbox 2143 861 3731 939">
    <p class='ocr_par' dir='ltr' id='par_1_21' title="bbox 2143 861 3731 939">
     <span class='ocr_line' id='line_1_21' title="bbox 2143 861 3731 939; baseline 0.006 -24"><span class='ocrx_word' id='word_1_100' title='bbox 2143 861 2604 929; x_wconf 77' lang='grc' dir='ltr'><strong>καλλωπίζεσθαι,</strong></span> <span class='ocrx_word' id='word_1_101' title='bbox 2673 865 2814 934; x_wconf 86' lang='grc' dir='ltr'>μήτε</span> <span class='ocrx_word' id='word_1_102' title='bbox 2879 865 2986 934; x_wconf 82' lang='grc' dir='ltr'>μὴν</span> <span class='ocrx_word' id='word_1_103' title='bbox 3039 866 3364 934; x_wconf 78' lang='grc' dir='ltr'><strong>κοσμεῖσθαι</strong></span> <span class='ocrx_word' id='word_1_104' title='bbox 3425 868 3571 939; x_wconf 86' lang='grc' dir='ltr'>πέρα</span> <span class='ocrx_word' id='word_1_105' title='bbox 3624 875 3731 924; x_wconf 78' lang='grc' dir='ltr'>τοῦ</span> 
     </span>
    </p>
   </div>
   <div class='ocr_carea' id='block_1_22' title="bbox 2144 953 3735 1030">
    <p class='ocr_par' dir='ltr' id='par_1_22' title="bbox 2144 953 3735 1030">
     <span class='ocr_line' id='line_1_22' title="bbox 2144 953 3735 1030; baseline 0.008 -27"><span class='ocrx_word' id='word_1_106' title='bbox 2144 953 2467 1021; x_wconf 85' lang='grc' dir='ltr'><strong>πρέποντος,</strong></span> <span class='ocrx_word' id='word_1_107' title='bbox 2515 956 2702 1026; x_wconf 84' lang='grc' dir='ltr'><strong>εὐχαῖς</strong></span> <span class='ocrx_word' id='word_1_108' title='bbox 2746 957 2843 1010; x_wconf 80' lang='grc' dir='ltr'>καὶ</span> <span class='ocrx_word' id='word_1_109' title='bbox 2885 955 3105 1028; x_wconf 82' lang='grc' dir='ltr'>δεήσεσι</span> <span class='ocrx_word' id='word_1_110' title='bbox 3139 959 3582 1030; x_wconf 88' lang='grc' dir='ltr'>προσανέχουσαν</span> <span class='ocrx_word' id='word_1_111' title='bbox 3628 964 3735 1015; x_wconf 82' lang='grc' dir='ltr'><strong>ὲκ-</strong></span> 
     </span>
    </p>
   </div>
   <div class='ocr_carea' id='block_1_23' title="bbox 2143 1061 2330 1108">
    <p class='ocr_par' dir='ltr' id='par_1_23' title="bbox 2143 1061 2330 1108">
     <span class='ocr_line' id='line_1_23' title="bbox 2143 1061 2330 1108; baseline 0.016 -11"><span class='ocrx_word' id='word_1_112' title='bbox 2143 1061 2330 1108; x_wconf 87' lang='grc' dir='ltr'>τενως.</span> 
     </span>
    </p>
   </div>
   <div class='ocr_carea' id='block_1_24' title="bbox 2215 1139 3733 1220">
    <p class='ocr_par' dir='ltr' id='par_1_24' title="bbox 2215 1139 3733 1220">
     <span class='ocr_line' id='line_1_24' title="bbox 2215 1139 3733 1220; baseline 0.01 -30"><span class='ocrx_word' id='word_1_113' title='bbox 2215 1139 2447 1207; x_wconf 79' lang='grc' dir='ltr'><strong>Λέγεται</strong></span> <span class='ocrx_word' id='word_1_114' title='bbox 2478 1141 2584 1195; x_wconf 73' lang='grc' dir='ltr'>ὑπὸ</span> <span class='ocrx_word' id='word_1_115' title='bbox 2613 1143 2862 1210; x_wconf 82' lang='grc' dir='ltr'>φυσικῶν</span> <span class='ocrx_word' id='word_1_116' title='bbox 2901 1144 3112 1217; x_wconf 85' lang='grc' dir='ltr'>ἀνδρῶν</span> <span class='ocrx_word' id='word_1_117' title='bbox 3159 1146 3311 1202; x_wconf 83' lang='grc' dir='ltr'>οὐδὲν</span> <span class='ocrx_word' id='word_1_118' title='bbox 3357 1149 3545 1220; x_wconf 73' lang='grc' dir='ltr'>ἕτερον</span> <span class='ocrx_word' id='word_1_119' title='bbox 3581 1145 3733 1206; x_wconf 71' lang='grc' dir='ltr'>εἶναι</span> 
     </span>
    </p>
   </div>
   <div class='ocr_carea' id='block_1_25' title="bbox 2147 1228 2782 1305">
    <p class='ocr_par' dir='ltr' id='par_1_25' title="bbox 2147 1228 2782 1305">
     <span class='ocr_line' id='line_1_25' title="bbox 2147 1228 2782 1305; baseline 0.013 -23"><span class='ocrx_word' id='word_1_120' title='bbox 2147 1228 2281 1300; x_wconf 87' lang='grc' dir='ltr'>θῆλυ</span> <span class='ocrx_word' id='word_1_121' title='bbox 2312 1230 2344 1298; x_wconf 81' lang='grc' dir='ltr'><strong>ἢ</strong></span> <span class='ocrx_word' id='word_1_122' title='bbox 2375 1232 2563 1298; x_wconf 74' lang='grc' dir='ltr'>ἀτελὲς</span> <span class='ocrx_word' id='word_1_123' title='bbox 2592 1235 2782 1305; x_wconf 56' lang='lat' dir='ltr'><strong>appeto.</strong></span> 
     </span>
    </p>
   </div>
   <div class='ocr_carea' id='block_1_26' title="bbox 2226 1323 3732 1406">
    <p class='ocr_par' dir='ltr' id='par_1_26' title="bbox 2226 1323 3732 1406">
     <span class='ocr_line' id='line_1_26' title="bbox 2226 1323 3732 1406; baseline 0.009 -28"><span class='ocrx_word' id='word_1_124' title='bbox 2226 1323 2642 1397; x_wconf 82' lang='grc' dir='ltr'>Ἀσθενέστεραί</span> <span class='ocrx_word' id='word_1_125' title='bbox 2679 1329 2798 1391; x_wconf 85' lang='grc' dir='ltr'><strong>πώς</strong></span> <span class='ocrx_word' id='word_1_126' title='bbox 2827 1330 2966 1384; x_wconf 77' lang='grc' dir='ltr'>εἰσιν</span> <span class='ocrx_word' id='word_1_127' title='bbox 3015 1331 3073 1385; x_wconf 78' lang='grc' dir='ltr'>αἱ</span> <span class='ocrx_word' id='word_1_128' title='bbox 3107 1333 3321 1403; x_wconf 85' lang='grc' dir='ltr'>γνῶμαι</span> <span class='ocrx_word' id='word_1_129' title='bbox 3373 1337 3484 1390; x_wconf 86' lang='grc' dir='ltr'><strong>τῶν</strong></span> <span class='ocrx_word' id='word_1_130' title='bbox 3528 1355 3732 1406; x_wconf 85' lang='grc' dir='ltr'>γυναι-</span> 
     </span>
    </p>
   </div>
   <div class='ocr_carea' id='block_1_27' title="bbox 2145 1415 3730 1500">
    <p class='ocr_par' dir='ltr' id='par_1_27' title="bbox 2145 1415 3730 1500">
     <span class='ocr_line' id='line_1_27' title="bbox 2145 1415 3730 1500; baseline 0.011 -33"><span class='ocrx_word' id='word_1_131' title='bbox 2145 1415 2276 1481; x_wconf 87' lang='grc' dir='ltr'>κῶν,</span> <span class='ocrx_word' id='word_1_132' title='bbox 2312 1416 2417 1482; x_wconf 78' lang='grc' dir='ltr'><strong>ἔξω</strong></span> <span class='ocrx_word' id='word_1_133' title='bbox 2439 1419 2547 1473; x_wconf 86' lang='grc' dir='ltr'><strong>τῶν</strong></span> <span class='ocrx_word' id='word_1_134' title='bbox 2567 1419 2843 1490; x_wconf 75' lang='grc' dir='ltr'><strong>αἰσθητῶν</strong></span> <span class='ocrx_word' id='word_1_135' title='bbox 2876 1421 3044 1494; x_wconf 76' lang='grc' dir='ltr'>μηδὲν</span> <span class='ocrx_word' id='word_1_136' title='bbox 3089 1423 3370 1494; x_wconf 80' lang='grc' dir='ltr'>ίσχύουσαι</span> <span class='ocrx_word' id='word_1_137' title='bbox 3401 1431 3590 1500; x_wconf 72' lang='grc' dir='ltr'>νοητὸν</span> <span class='ocrx_word' id='word_1_138' title='bbox 3618 1448 3730 1484; x_wconf 82' lang='grc' dir='ltr'>κα-</span> 
     </span>
    </p>
   </div>
   <div class='ocr_carea' id='block_1_28' title="bbox 2146 1508 2424 1565">
    <p class='ocr_par' dir='ltr' id='par_1_28' title="bbox 2146 1508 2424 1565">
     <span class='ocr_line' id='line_1_28' title="bbox 2146 1508 2424 1565; baseline 0.007 -3"><span class='ocrx_word' id='word_1_139' title='bbox 2146 1508 2424 1565; x_wconf 80' lang='grc' dir='ltr'>ταλασεῖν.</span> 
     </span>
    </p>
   </div>
   <div class='ocr_carea' id='block_1_29' title="bbox 2230 1688 3726 1774">
    <p class='ocr_par' dir='ltr' id='par_1_29' title="bbox 2230 1688 3726 1774">
     <span class='ocr_line' id='line_1_29' title="bbox 2230 1688 3726 1774; baseline 0.012 -33"><span class='ocrx_word' id='word_1_140' title='bbox 2230 1688 2294 1742; x_wconf 87' lang='grc' dir='ltr'><strong>Ἦ</strong></span> <span class='ocrx_word' id='word_1_141' title='bbox 2317 1690 2554 1756; x_wconf 79' lang='grc' dir='ltr'><strong>Φίλωνος</strong></span> <span class='ocrx_word' id='word_1_142' title='bbox 2584 1693 2723 1766; x_wconf 81' lang='grc' dir='ltr'>γυνὴ</span> <span class='ocrx_word' id='word_1_143' title='bbox 2757 1695 3094 1768; x_wconf 72' lang='grc' dir='ltr'>ἐρωτηθεῖσα</span> <span class='ocrx_word' id='word_1_144' title='bbox 3125 1701 3183 1754; x_wconf 80' lang='grc' dir='ltr'>ὲν</span> <span class='ocrx_word' id='word_1_145' title='bbox 3216 1701 3422 1774; x_wconf 84' lang='grc' dir='ltr'>συνόδῳ</span> <span class='ocrx_word' id='word_1_146' title='bbox 3453 1703 3726 1759; x_wconf 86' lang='grc' dir='ltr'>πλειόνων</span> 
     </span>
    </p>
   </div>
   <div class='ocr_carea' id='block_1_30' title="bbox 474 1771 2048 1868">
    <p class='ocr_par' dir='ltr' id='par_1_30' title="bbox 474 1771 2042 1842">
     <span class='ocr_line' id='line_1_30' title="bbox 474 1771 2042 1842; baseline -0.002 -15"><span class='ocrx_word' id='word_1_147' title='bbox 474 1785 618 1828; x_wconf 73' lang='lat' dir='ltr'><strong>cmtu</strong></span> <span class='ocrx_word' id='word_1_148' title='bbox 650 1775 1004 1842; x_wconf 84' lang='lat' dir='ltr'><strong>interrogata,</strong></span> <span class='ocrx_word' id='word_1_149' title='bbox 1049 1788 1148 1828; x_wconf 91' lang='lat' dir='ltr'><strong>cur</strong></span> <span class='ocrx_word' id='word_1_150' title='bbox 1183 1771 1296 1827; x_wconf 82' lang='lat' dir='ltr'><strong>sola</strong></span> <span class='ocrx_word' id='word_1_151' title='bbox 1326 1786 1390 1825; x_wconf 82' lang='lat' dir='ltr'><strong>ex</strong></span> <span class='ocrx_word' id='word_1_152' title='bbox 1426 1773 1681 1827; x_wconf 91' lang='lat' dir='ltr'><strong>omnibus</strong></span> <span class='ocrx_word' id='word_1_153' title='bbox 1719 1786 1886 1825; x_wconf 90' lang='lat' dir='ltr'><strong>aureo</strong></span> <span class='ocrx_word' id='word_1_154' title='bbox 1934 1785 2042 1825; x_wconf 92' lang='lat' dir='ltr'><strong>non</strong></span> 
     </span>
    </p>
   </div>
   <div class='ocr_carea' id='block_1_31' title="bbox 2148 1771 3730 1868">
    <p class='ocr_par' dir='ltr' id='par_1_31' title="bbox 2148 1771 3730 1868">
     <span class='ocr_line' id='line_1_31' title="bbox 2148 1771 3730 1868; baseline 0.013 -36"><span class='ocrx_word' id='word_1_155' title='bbox 2148 1783 2447 1851; x_wconf 89' lang='grc' dir='ltr'>γυναικῶν,</span> <span class='ocrx_word' id='word_1_156' title='bbox 2485 1785 2628 1841; x_wconf 91' lang='grc' dir='ltr'>διατι</span> <span class='ocrx_word' id='word_1_157' title='bbox 2670 1789 2808 1860; x_wconf 86' lang='grc' dir='ltr'>μόνη</span> <span class='ocrx_word' id='word_1_158' title='bbox 2854 1791 2962 1846; x_wconf 89' lang='grc' dir='ltr'><strong>τῶν</strong></span> <span class='ocrx_word' id='word_1_159' title='bbox 3006 1792 3183 1848; x_wconf 78' lang='grc' dir='ltr'>ἄλλων</span> <span class='ocrx_word' id='word_1_160' title='bbox 3211 1796 3274 1848; x_wconf 81' lang='grc' dir='ltr'>οὖ</span> <span class='ocrx_word' id='word_1_161' title='bbox 3303 1771 3459 1868; x_wconf 83' lang='grc' dir='ltr'>φορεῖ</span> <span class='ocrx_word' id='word_1_162' title='bbox 3482 1799 3730 1867; x_wconf 78' lang='grc' dir='ltr'>χρυσοῦν</span> 
     </span>
    </p>
   </div>
   <div class='ocr_carea' id='block_1_32' title="bbox 475 1858 2048 1961">
    <p class='ocr_par' dir='ltr' id='par_1_32' title="bbox 475 1862 2046 1933">
     <span class='ocr_line' id='line_1_32' title="bbox 475 1862 2046 1933; baseline -0.001 -16"><span class='ocrx_word' id='word_1_163' title='bbox 475 1873 724 1919; x_wconf 83' lang='lat' dir='ltr'><strong>uteretur</strong></span> <span class='ocrx_word' id='word_1_164' title='bbox 763 1873 958 1918; x_wconf 88' lang='lat' dir='ltr'><strong>ornatu</strong></span> <span class='ocrx_word' id='word_1_165' title='bbox 993 1881 1006 1916; x_wconf 90' lang='lat'><strong>:</strong></span> <span class='ocrx_word' id='word_1_166' title='bbox 1053 1862 1200 1918; x_wconf 84' lang='lat' dir='ltr'><strong>Satis</strong></span> <span class='ocrx_word' id='word_1_167' title='bbox 1235 1863 1459 1933; x_wconf 89' lang='lat' dir='ltr'><strong>(inquit)</strong></span> <span class='ocrx_word' id='word_1_168' title='bbox 1506 1864 1660 1917; x_wconf 80' lang='lat' dir='ltr'><strong>uxori</strong></span> <span class='ocrx_word' id='word_1_169' title='bbox 1693 1877 1922 1932; x_wconf 88' lang='lat' dir='ltr'><strong>magnus</strong></span> <span class='ocrx_word' id='word_1_170' title='bbox 1956 1877 2046 1916; x_wconf 89' lang='lat' dir='ltr'><strong>or-</strong></span> 
     </span>
    </p>
   </div>
   <div class='ocr_carea' id='block_1_33' title="bbox 2148 1858 3725 1961">
    <p class='ocr_par' dir='ltr' id='par_1_33' title="bbox 2148 1858 3725 1961">
     <span class='ocr_line' id='line_1_33' title="bbox 2148 1858 3725 1961; baseline 0.011 -33"><span class='ocrx_word' id='word_1_171' title='bbox 2148 1874 2374 1944; x_wconf 81' lang='grc' dir='ltr'>κόσμον,</span> <span class='ocrx_word' id='word_1_172' title='bbox 2402 1876 2506 1947; x_wconf 80' lang='grc' dir='ltr'><strong>ἔφη</strong></span> <span class='ocrx_word' id='word_1_173' title='bbox 2527 1893 2542 1909; x_wconf 81' lang='grc'><strong><em>⁸</em></strong></span> <span class='ocrx_word' id='word_1_174' title='bbox 2575 1858 2869 1954; x_wconf 66' lang='grc' dir='ltr'>Αὐτάρκης</span> <span class='ocrx_word' id='word_1_175' title='bbox 2901 1884 3106 1954; x_wconf 89' lang='grc' dir='ltr'>κόσμος</span> <span class='ocrx_word' id='word_1_176' title='bbox 3135 1886 3254 1940; x_wconf 66' lang='grc' dir='ltr'>εστὶ</span> <span class='ocrx_word' id='word_1_177' title='bbox 3297 1858 3533 1956; x_wconf 48' lang='grc' dir='ltr'>έυῷαωέῖ</span> <span class='ocrx_word' id='word_1_178' title='bbox 3559 1892 3592 1961; x_wconf 85' lang='grc' dir='ltr'><strong>ἡ</strong></span> <span class='ocrx_word' id='word_1_179' title='bbox 3626 1892 3725 1944; x_wconf 79' lang='grc' dir='ltr'>τοῦ</span> 
     </span>
    </p>
   </div>
   <div class='ocr_carea' id='block_1_34' title="bbox 477 1955 1237 2011">
    <p class='ocr_par' dir='ltr' id='par_1_34' title="bbox 477 1955 1237 2011">
     <span class='ocr_line' id='line_1_34' title="bbox 477 1955 1237 2011; baseline -0.001 -2"><span class='ocrx_word' id='word_1_180' title='bbox 477 1965 638 2011; x_wconf 89' lang='lat' dir='ltr'><strong>natus</strong></span> <span class='ocrx_word' id='word_1_181' title='bbox 666 1955 766 2008; x_wconf 80' lang='lat' dir='ltr'><strong>viri</strong></span> <span class='ocrx_word' id='word_1_182' title='bbox 803 1955 886 2009; x_wconf 87' lang='lat' dir='ltr'><strong>sui</strong></span> <span class='ocrx_word' id='word_1_183' title='bbox 930 1956 1105 2008; x_wconf 89' lang='lat' dir='ltr'><strong>virtus</strong></span> <span class='ocrx_word' id='word_1_184' title='bbox 1136 1962 1237 2009; x_wconf 90' lang='lat' dir='ltr'><strong>est.</strong></span> 
     </span>
    </p>
   </div>
   <div class='ocr_carea' id='block_1_35' title="bbox 544 2045 2046 2116">
    <p class='ocr_par' dir='ltr' id='par_1_35' title="bbox 544 2045 2046 2116">
     <span class='ocr_line' id='line_1_35' title="bbox 544 2045 2046 2116; baseline -0.002 -13"><span class='ocrx_word' id='word_1_185' title='bbox 544 2048 854 2116; x_wconf 84' lang='lat' dir='ltr'><strong>Aristippus</strong></span> <span class='ocrx_word' id='word_1_186' title='bbox 895 2045 1176 2100; x_wconf 80' lang='lat' dir='ltr'><strong>n-ulierem</strong></span> <span class='ocrx_word' id='word_1_187' title='bbox 1211 2060 1458 2115; x_wconf 87' lang='lat' dir='ltr'><strong>parvam,</strong></span> <span class='ocrx_word' id='word_1_188' title='bbox 1491 2045 1585 2100; x_wconf 90' lang='lat' dir='ltr'><strong>sed</strong></span> <span class='ocrx_word' id='word_1_189' title='bbox 1613 2045 1894 2115; x_wconf 81' lang='lat' dir='ltr'><strong>pulchram</strong></span> <span class='ocrx_word' id='word_1_190' title='bbox 1916 2060 2046 2100; x_wconf 87' lang='lat' dir='ltr'><strong>con-</strong></span> 
     </span>
    </p>
   </div>
   <div class='ocr_carea' id='block_1_36' title="bbox 475 2137 2046 2210">
    <p class='ocr_par' dir='ltr' id='par_1_36' title="bbox 475 2137 2046 2210">
     <span class='ocr_line' id='line_1_36' title="bbox 475 2137 2046 2210; baseline -0.004 -14"><span class='ocrx_word' id='word_1_191' title='bbox 475 2140 720 2210; x_wconf 80' lang='lat' dir='ltr'><strong>Spicatus</strong></span> <span class='ocrx_word' id='word_1_192' title='bbox 759 2156 773 2191; x_wconf 88' lang='lat'><strong>:</strong></span> <span class='ocrx_word' id='word_1_193' title='bbox 828 2139 1087 2201; x_wconf 83' lang='lat' dir='ltr'><strong>Parvum,</strong></span> <span class='ocrx_word' id='word_1_194' title='bbox 1139 2138 1346 2207; x_wconf 85' lang='lat' dir='ltr'><strong>inquit,</strong></span> <span class='ocrx_word' id='word_1_195' title='bbox 1380 2137 1603 2203; x_wconf 84' lang='lat' dir='ltr'><strong>malum,</strong></span> <span class='ocrx_word' id='word_1_196' title='bbox 1648 2137 1742 2193; x_wconf 90' lang='lat' dir='ltr'><strong>sed</strong></span> <span class='ocrx_word' id='word_1_197' title='bbox 1786 2151 2046 2207; x_wconf 85' lang='lat' dir='ltr'><strong>magnum</strong></span> 
     </span>
    </p>
   </div>
   <div class='ocr_carea' id='block_1_37' title="bbox 474 2230 897 2302">
    <p class='ocr_par' dir='ltr' id='par_1_37' title="bbox 474 2230 897 2302">
     <span class='ocr_line' id='line_1_37' title="bbox 474 2230 897 2302; baseline -0.012 -15"><span class='ocrx_word' id='word_1_198' title='bbox 474 2231 764 2302; x_wconf 90' lang='lat' dir='ltr'><strong>pulchrum</strong></span> <span class='ocrx_word' id='word_1_199' title='bbox 797 2230 897 2302; x_wconf 94' lang='lat' dir='ltr'><strong>(l).</strong></span> 
     </span>
    </p>
   </div>
   <div class='ocr_carea' id='block_1_38' title="bbox 549 2344 2050 2418">
    <p class='ocr_par' dir='ltr' id='par_1_38' title="bbox 549 2344 2050 2418">
     <span class='ocr_line' id='line_1_38' title="bbox 549 2344 2050 2418; baseline -0.002 -14"><span class='ocrx_word' id='word_1_200' title='bbox 549 2348 784 2404; x_wconf 81' lang='lat' dir='ltr'><strong>Uxorem</strong></span> <span class='ocrx_word' id='word_1_201' title='bbox 843 2356 1235 2418; x_wconf 86' lang='lat' dir='ltr'><strong>temperantem</strong></span> <span class='ocrx_word' id='word_1_202' title='bbox 1312 2346 1543 2416; x_wconf 68' lang='lat' dir='ltr'><strong>quaerito</strong></span> <span class='ocrx_word' id='word_1_203' title='bbox 1567 2385 1582 2411; x_wconf 90' lang='lat'><strong>,</strong></span> <span class='ocrx_word' id='word_1_204' title='bbox 1618 2360 1718 2401; x_wconf 91' lang='lat' dir='ltr'><strong>nec</strong></span> <span class='ocrx_word' id='word_1_205' title='bbox 1758 2344 2050 2401; x_wconf 86' lang='lat' dir='ltr'><strong>formosio-</strong></span> 
     </span>
    </p>
   </div>
   <div class='ocr_carea' id='block_1_39' title="bbox 474 2438 2046 2509">
    <p class='ocr_par' dir='ltr' id='par_1_39' title="bbox 474 2438 2046 2509">
     <span class='ocr_line' id='line_1_39' title="bbox 474 2438 2046 2509; baseline -0.002 -15"><span class='ocrx_word' id='word_1_206' title='bbox 474 2453 614 2505; x_wconf 86' lang='lat' dir='ltr'><strong>rem;</strong></span> <span class='ocrx_word' id='word_1_207' title='bbox 636 2439 768 2493; x_wconf 90' lang='lat' dir='ltr'><strong>illud</strong></span> <span class='ocrx_word' id='word_1_208' title='bbox 786 2439 930 2494; x_wconf 91' lang='lat' dir='ltr'><strong>enim</strong></span> <span class='ocrx_word' id='word_1_209' title='bbox 951 2450 1034 2494; x_wconf 91' lang='lat' dir='ltr'><strong>est</strong></span> <span class='ocrx_word' id='word_1_210' title='bbox 1057 2440 1352 2495; x_wconf 84' lang='lat' dir='ltr'><strong>thesaurus</strong></span> <span class='ocrx_word' id='word_1_211' title='bbox 1377 2439 1469 2508; x_wconf 88' lang='lat' dir='ltr'><strong>qui</strong></span> <span class='ocrx_word' id='word_1_212' title='bbox 1493 2438 1690 2508; x_wconf 89' lang='lat' dir='ltr'><strong>surripi</strong></span> <span class='ocrx_word' id='word_1_213' title='bbox 1711 2453 1818 2492; x_wconf 91' lang='lat' dir='ltr'><strong>non</strong></span> <span class='ocrx_word' id='word_1_214' title='bbox 1841 2446 2046 2509; x_wconf 87' lang='lat' dir='ltr'><strong>potest,</strong></span> 
     </span>
    </p>
   </div>
   <div class='ocr_carea' id='block_1_40' title="bbox 477 2529 1691 2601">
    <p class='ocr_par' dir='ltr' id='par_1_40' title="bbox 477 2529 1691 2601">
     <span class='ocr_line' id='line_1_40' title="bbox 477 2529 1691 2601; baseline -0.002 -16"><span class='ocrx_word' id='word_1_215' title='bbox 477 2530 581 2586; x_wconf 91' lang='lat' dir='ltr'><strong>hoc</strong></span> <span class='ocrx_word' id='word_1_216' title='bbox 611 2540 790 2584; x_wconf 92' lang='lat' dir='ltr'><strong>autem</strong></span> <span class='ocrx_word' id='word_1_217' title='bbox 825 2530 993 2585; x_wconf 89' lang='lat' dir='ltr'><strong>animi</strong></span> <span class='ocrx_word' id='word_1_218' title='bbox 1027 2532 1208 2600; x_wconf 83' lang='lat' dir='ltr'><strong>Opinio</strong></span> <span class='ocrx_word' id='word_1_219' title='bbox 1241 2531 1356 2586; x_wconf 86' lang='lat' dir='ltr'><strong>sive</strong></span> <span class='ocrx_word' id='word_1_220' title='bbox 1385 2529 1691 2601; x_wconf 81' lang='lat' dir='ltr'><strong>persuasio.</strong></span> 
     </span>
    </p>
   </div>
   <div class='ocr_carea' id='block_1_41' title="bbox 544 2620 2048 2693">
    <p class='ocr_par' dir='ltr' id='par_1_41' title="bbox 544 2620 2048 2693">
     <span class='ocr_line' id='line_1_41' title="bbox 544 2620 2048 2693; baseline 0 -16"><span class='ocrx_word' id='word_1_221' title='bbox 544 2622 834 2693; x_wconf 85' lang='lat' dir='ltr'><strong>Protagor.</strong></span> <span class='ocrx_word' id='word_1_222' title='bbox 885 2620 1182 2677; x_wconf 86' lang='lat' dir='ltr'><strong>lionestam</strong></span> <span class='ocrx_word' id='word_1_223' title='bbox 1217 2637 1440 2678; x_wconf 80' lang='lat' dir='ltr'><strong>uxorem</strong></span> <span class='ocrx_word' id='word_1_224' title='bbox 1491 2630 1545 2676; x_wconf 90' lang='lat' dir='ltr'><strong>et</strong></span> <span class='ocrx_word' id='word_1_225' title='bbox 1601 2621 1798 2676; x_wconf 88' lang='lat' dir='ltr'><strong>bonam</strong></span> <span class='ocrx_word' id='word_1_226' title='bbox 1847 2621 1892 2678; x_wconf 88' lang='lat' dir='ltr'><strong>si</strong></span> <span class='ocrx_word' id='word_1_227' title='bbox 1935 2621 2048 2677; x_wconf 80' lang='lat' dir='ltr'><strong>eris</strong></span> 
     </span>
    </p>
   </div>
   <div class='ocr_carea' id='block_1_42' title="bbox 476 2711 1736 2782">
    <p class='ocr_par' dir='ltr' id='par_1_42' title="bbox 476 2711 1736 2782">
     <span class='ocr_line' id='line_1_42' title="bbox 476 2711 1736 2782; baseline -0.002 -14"><span class='ocrx_word' id='word_1_228' title='bbox 476 2722 786 2780; x_wconf 85' lang='lat' dir='ltr'><strong>assecutus,</strong></span> <span class='ocrx_word' id='word_1_229' title='bbox 819 2713 984 2768; x_wconf 90' lang='lat' dir='ltr'><strong>vitam</strong></span> <span class='ocrx_word' id='word_1_230' title='bbox 1019 2713 1207 2768; x_wconf 91' lang='lat' dir='ltr'><strong>dolore</strong></span> <span class='ocrx_word' id='word_1_231' title='bbox 1237 2721 1517 2768; x_wconf 89' lang='lat' dir='ltr'><strong>vacantem</strong></span> <span class='ocrx_word' id='word_1_232' title='bbox 1552 2711 1736 2782; x_wconf 82' lang='lat' dir='ltr'><strong>deges.</strong></span> 
     </span>
    </p>
   </div>
   <div class='ocr_carea' id='block_1_43' title="bbox 813 2843 1726 2918">
    <p class='ocr_par' dir='ltr' id='par_1_43' title="bbox 813 2843 1726 2918">
     <span class='ocr_line' id='line_1_43' title="bbox 813 2843 1726 2918; baseline -0.004 -13"><span class='ocrx_word' id='word_1_233' title='bbox 813 2847 1048 2906; x_wconf 82' lang='lat' dir='ltr'><strong>SERMO</strong></span> <span class='ocrx_word' id='word_1_234' title='bbox 1087 2846 1304 2903; x_wconf 80' lang='lat' dir='ltr'><strong>XXXIV</strong></span> <span class='ocrx_word' id='word_1_235' title='bbox 1339 2847 1441 2918; x_wconf 85' lang='grc' dir='ltr'>[αι.</span> <span class='ocrx_word' id='word_1_236' title='bbox 1466 2843 1726 2918; x_wconf 82' lang='lat' dir='ltr'><strong>CXXIV].</strong></span> 
     </span>
    </p>
   </div>
   <div class='ocr_carea' id='block_1_44' title="bbox 514 2981 2018 3106">
    <p class='ocr_par' dir='ltr' id='par_1_44' title="bbox 514 2981 2018 3106">
     <span class='ocr_line' id='line_1_44' title="bbox 514 2981 2018 3106; baseline -0.004 -63"><span class='ocrx_word' id='word_1_237' title='bbox 514 2987 592 3043; x_wconf 85' lang='lat' dir='ltr'><strong>De</strong></span> <span class='ocrx_word' id='word_1_238' title='bbox 627 2986 879 3057; x_wconf 78' lang='lat' dir='ltr'><strong>improbis</strong></span> <span class='ocrx_word' id='word_1_239' title='bbox 909 2983 1220 3106; x_wconf 70' lang='lat' dir='ltr'><strong>mulieribusl</strong></span> <span class='ocrx_word' id='word_1_240' title='bbox 1244 2993 1305 3066; x_wconf 44' lang='lat' dir='ltr'><strong>et.</strong></span> <span class='ocrx_word' id='word_1_241' title='bbox 1325 2981 1583 3038; x_wconf 77' lang='lat' dir='ltr'><strong>adulteris</strong></span> <span class='ocrx_word' id='word_1_242' title='bbox 1616 2983 1859 3053; x_wconf 81' lang='lat' dir='ltr'><strong>omnique</strong></span> <span class='ocrx_word' id='word_1_243' title='bbox 1889 2982 2018 3037; x_wconf 82' lang='lat' dir='ltr'><strong>vitio</strong></span> 
     </span>
     <span class='ocr_line' id='line_1_45' title="bbox 1166 3071 1352 3106; baseline 0 0"><span class='ocrx_word' id='word_1_244' title='bbox 1166 3072 1199 3106; x_wconf 79' lang='grc' dir='ltr'><em>υ</em></span> <span class='ocrx_word' id='word_1_245' title='bbox 1222 3071 1352 3106; x_wconf 88' lang='lat' dir='ltr'><strong>ems.</strong></span> 
     </span>
    </p>
   </div>
   <div class='ocr_carea' id='block_1_45' title="bbox 1166 3071 1352 3125">
    <p class='ocr_par' dir='ltr' id='par_1_45' title="bbox 1166 3071 1352 3125">
     <span class='ocr_line' id='line_1_46' title="bbox 1166 3071 1352 3125; baseline 0 -18"><span class='ocrx_word' id='word_1_246' title='bbox 1166 3071 1352 3125; x_wconf 81' lang='lat' dir='ltr'><strong>ptems.</strong></span> 
     </span>
    </p>
   </div>
   <div class='ocr_carea' id='block_1_46' title="bbox 551 3163 2122 3252">
    <p class='ocr_par' dir='ltr' id='par_1_46' title="bbox 551 3163 2122 3252">
     <span class='ocr_line' id='line_1_47' title="bbox 551 3163 2122 3252; baseline -0.006 -27"><span class='ocrx_word' id='word_1_247' title='bbox 551 3170 710 3225; x_wconf 79' lang='lat' dir='ltr'><strong>Prov.</strong></span> <span class='ocrx_word' id='word_1_248' title='bbox 743 3185 797 3234; x_wconf 88' lang='lat' dir='ltr'><strong>v,</strong></span> <span class='ocrx_word' id='word_1_249' title='bbox 834 3183 932 3223; x_wconf 84' lang='lat' dir='ltr'><strong>vn.</strong></span> <span class='ocrx_word' id='word_1_250' title='bbox 971 3166 1182 3222; x_wconf 78' lang='lat' dir='ltr'><strong>Mulieri</strong></span> <span class='ocrx_word' id='word_1_251' title='bbox 1217 3165 1480 3234; x_wconf 66' lang='lat' dir='ltr'><strong>improbae</strong></span> <span class='ocrx_word' id='word_1_252' title='bbox 1518 3179 1586 3219; x_wconf 91' lang='lat' dir='ltr'><strong>ne</strong></span> <span class='ocrx_word' id='word_1_253' title='bbox 1622 3171 1858 3218; x_wconf 89' lang='lat' dir='ltr'><strong>mentem</strong></span> <span class='ocrx_word' id='word_1_254' title='bbox 1891 3163 2048 3219; x_wconf 87' lang='lat' dir='ltr'><strong>adhi-</strong></span> <span class='ocrx_word' id='word_1_255' title='bbox 2075 3189 2122 3252; x_wconf 64' lang='grc' dir='ltr'>α</span> 
     </span>
    </p>
   </div>
   <div class='ocr_carea' id='block_1_47' title="bbox 482 3253 2046 3328">
    <p class='ocr_par' dir='ltr' id='par_1_47' title="bbox 482 3253 2046 3328">
     <span class='ocr_line' id='line_1_48' title="bbox 482 3253 2046 3328; baseline -0.004 -12"><span class='ocrx_word' id='word_1_256' title='bbox 482 3261 649 3328; x_wconf 89' lang='lat' dir='ltr'><strong>beto;</strong></span> <span class='ocrx_word' id='word_1_257' title='bbox 702 3259 808 3314; x_wconf 91' lang='lat' dir='ltr'><strong>mel</strong></span> <span class='ocrx_word' id='word_1_258' title='bbox 833 3258 974 3312; x_wconf 91' lang='lat' dir='ltr'><strong>enim</strong></span> <span class='ocrx_word' id='word_1_259' title='bbox 1009 3271 1077 3312; x_wconf 83' lang='lat' dir='ltr'><strong>ex</strong></span> <span class='ocrx_word' id='word_1_260' title='bbox 1113 3256 1414 3312; x_wconf 87' lang='lat' dir='ltr'><strong>meretricis</strong></span> <span class='ocrx_word' id='word_1_261' title='bbox 1463 3269 1560 3309; x_wconf 94' lang='lat' dir='ltr'><strong>ore</strong></span> <span class='ocrx_word' id='word_1_262' title='bbox 1587 3253 1732 3319; x_wconf 84' lang='lat' dir='ltr'><strong>ﬂuit,</strong></span> <span class='ocrx_word' id='word_1_263' title='bbox 1790 3253 1935 3324; x_wconf 90' lang='lat' dir='ltr'><strong>quod</strong></span> <span class='ocrx_word' id='word_1_264' title='bbox 1978 3254 2046 3310; x_wconf 91' lang='lat' dir='ltr'><strong>ad</strong></span> 
     </span>
    </p>
   </div>
   <div class='ocr_carea' id='block_1_48' title="bbox 473 3346 2042 3422">
    <p class='ocr_par' dir='ltr' id='par_1_48' title="bbox 473 3346 2042 3422">
     <span class='ocr_line' id='line_1_49' title="bbox 473 3346 2042 3422; baseline -0.002 -15"><span class='ocrx_word' id='word_1_265' title='bbox 473 3362 692 3420; x_wconf 88' lang='lat' dir='ltr'><strong>tempus</strong></span> <span class='ocrx_word' id='word_1_266' title='bbox 727 3349 881 3422; x_wconf 89' lang='lat' dir='ltr'><strong>ungit</strong></span> <span class='ocrx_word' id='word_1_267' title='bbox 926 3355 1134 3420; x_wconf 78' lang='lat' dir='ltr'><strong>guttur,</strong></span> <span class='ocrx_word' id='word_1_268' title='bbox 1176 3355 1361 3418; x_wconf 90' lang='lat' dir='ltr'><strong>postea</strong></span> <span class='ocrx_word' id='word_1_269' title='bbox 1403 3356 1584 3401; x_wconf 88' lang='lat' dir='ltr'><strong>tamen</strong></span> <span class='ocrx_word' id='word_1_270' title='bbox 1633 3346 1757 3402; x_wconf 82' lang='lat' dir='ltr'><strong>felle</strong></span> <span class='ocrx_word' id='word_1_271' title='bbox 1802 3349 2042 3404; x_wconf 85' lang='lat' dir='ltr'><strong>amarius</strong></span> 
     </span>
    </p>
   </div>
   <div class='ocr_carea' id='block_1_49' title="bbox 473 3439 1562 3512">
    <p class='ocr_par' dir='ltr' id='par_1_49' title="bbox 473 3439 1562 3512">
     <span class='ocr_line' id='line_1_50' title="bbox 473 3439 1562 3512; baseline -0.005 -14"><span class='ocrx_word' id='word_1_272' title='bbox 473 3444 740 3510; x_wconf 87' lang='lat' dir='ltr'><strong>invenies,</strong></span> <span class='ocrx_word' id='word_1_273' title='bbox 774 3452 827 3498; x_wconf 91' lang='lat' dir='ltr'><strong>et</strong></span> <span class='ocrx_word' id='word_1_274' title='bbox 855 3441 1036 3512; x_wconf 87' lang='lat' dir='ltr'><strong>gladio</strong></span> <span class='ocrx_word' id='word_1_275' title='bbox 1068 3439 1293 3510; x_wconf 85' lang='lat' dir='ltr'><strong>ancipiti</strong></span> <span class='ocrx_word' id='word_1_276' title='bbox 1330 3439 1562 3494; x_wconf 87' lang='lat' dir='ltr'><strong>acutius.</strong></span> 
     </span>
    </p>
   </div>
   <div class='ocr_carea' id='block_1_50' title="bbox 541 3619 1315 3689">
    <p class='ocr_par' dir='ltr' id='par_1_50' title="bbox 541 3619 1315 3689">
     <span class='ocr_line' id='line_1_51' title="bbox 541 3619 1315 3689; baseline -0.008 -13"><span class='ocrx_word' id='word_1_277' title='bbox 541 3621 620 3678; x_wconf 88' lang='lat' dir='ltr'><strong>Ne</strong></span> <span class='ocrx_word' id='word_1_278' title='bbox 649 3623 746 3678; x_wconf 86' lang='lat' dir='ltr'><strong>des</strong></span> <span class='ocrx_word' id='word_1_279' title='bbox 773 3619 987 3676; x_wconf 89' lang='lat' dir='ltr'><strong>mulieri</strong></span> <span class='ocrx_word' id='word_1_280' title='bbox 1012 3633 1145 3689; x_wconf 92' lang='lat' dir='ltr'><strong>opes</strong></span> <span class='ocrx_word' id='word_1_281' title='bbox 1168 3625 1315 3675; x_wconf 84' lang='lat' dir='ltr'><strong>tuas.</strong></span> 
     </span>
    </p>
   </div>
   <div class='ocr_carea' id='block_1_51' title="bbox 542 3705 2043 3780">
    <p class='ocr_par' dir='ltr' id='par_1_51' title="bbox 542 3705 2043 3780">
     <span class='ocr_line' id='line_1_52' title="bbox 542 3705 2043 3780; baseline -0.003 -12"><span class='ocrx_word' id='word_1_282' title='bbox 542 3712 670 3780; x_wconf 82' lang='lat' dir='ltr'><strong>Fili,</strong></span> <span class='ocrx_word' id='word_1_283' title='bbox 714 3726 871 3768; x_wconf 89' lang='lat' dir='ltr'><strong>serva</strong></span> <span class='ocrx_word' id='word_1_284' title='bbox 904 3710 1160 3766; x_wconf 89' lang='lat' dir='ltr'><strong>mandata</strong></span> <span class='ocrx_word' id='word_1_285' title='bbox 1187 3723 1332 3773; x_wconf 87' lang='lat' dir='ltr'><strong>mea,</strong></span> <span class='ocrx_word' id='word_1_286' title='bbox 1359 3714 1416 3765; x_wconf 89' lang='lat' dir='ltr'><strong>et</strong></span> <span class='ocrx_word' id='word_1_287' title='bbox 1441 3705 1612 3776; x_wconf 83' lang='lat' dir='ltr'><strong>vives,</strong></span> <span class='ocrx_word' id='word_1_288' title='bbox 1641 3717 1704 3764; x_wconf 88' lang='lat' dir='ltr'><strong>ut</strong></span> <span class='ocrx_word' id='word_1_289' title='bbox 1736 3716 1789 3764; x_wconf 92' lang='lat' dir='ltr'><strong>te</strong></span> <span class='ocrx_word' id='word_1_290' title='bbox 1823 3717 2043 3766; x_wconf 87' lang='lat' dir='ltr'><strong>servent</strong></span> 
     </span>
    </p>
   </div>
   <div class='ocr_carea' id='block_1_52' title="bbox 473 3800 1463 3875">
    <p class='ocr_par' dir='ltr' id='par_1_52' title="bbox 473 3800 1463 3875">
     <span class='ocr_line' id='line_1_53' title="bbox 473 3800 1463 3875; baseline -0.006 -15"><span class='ocrx_word' id='word_1_291' title='bbox 473 3822 501 3860; x_wconf 91' lang='lat' dir='ltr'><strong>a</strong></span> <span class='ocrx_word' id='word_1_292' title='bbox 530 3809 814 3875; x_wconf 87' lang='lat' dir='ltr'><strong>peregrina</strong></span> <span class='ocrx_word' id='word_1_293' title='bbox 846 3803 1079 3858; x_wconf 88' lang='lat' dir='ltr'><strong>muliere</strong></span> <span class='ocrx_word' id='word_1_294' title='bbox 1113 3809 1168 3857; x_wconf 91' lang='lat' dir='ltr'><strong>et</strong></span> <span class='ocrx_word' id='word_1_295' title='bbox 1193 3800 1463 3870; x_wconf 90' lang='lat' dir='ltr'><strong>improba.</strong></span> 
     </span>
    </p>
   </div>
   <div class='ocr_carea' id='block_1_53' title="bbox 542 3890 1861 3964">
    <p class='ocr_par' dir='ltr' id='par_1_53' title="bbox 542 3890 1861 3964">
     <span class='ocr_line' id='line_1_54' title="bbox 542 3890 1861 3964; baseline -0.005 -14"><span class='ocrx_word' id='word_1_296' title='bbox 542 3897 734 3951; x_wconf 81' lang='lat' dir='ltr'><strong>Mulier</strong></span> <span class='ocrx_word' id='word_1_297' title='bbox 761 3895 1029 3964; x_wconf 89' lang='lat' dir='ltr'><strong>pretiosas</strong></span> <span class='ocrx_word' id='word_1_298' title='bbox 1059 3893 1300 3946; x_wconf 89' lang='lat' dir='ltr'><strong>virorum</strong></span> <span class='ocrx_word' id='word_1_299' title='bbox 1329 3890 1542 3948; x_wconf 90' lang='lat' dir='ltr'><strong>animas</strong></span> <span class='ocrx_word' id='word_1_300' title='bbox 1570 3890 1861 3961; x_wconf 63' lang='lat' dir='ltr'><strong>praedatur.</strong></span> 
     </span>
    </p>
   </div>
   <div class='ocr_carea' id='block_1_54' title="bbox 543 3981 2044 4056">
    <p class='ocr_par' dir='ltr' id='par_1_54' title="bbox 543 3981 2044 4056">
     <span class='ocr_line' id='line_1_55' title="bbox 543 3981 2044 4056; baseline -0.003 -14"><span class='ocrx_word' id='word_1_301' title='bbox 543 3989 783 4056; x_wconf 88' lang='lat' dir='ltr'><strong>Tempus</strong></span> <span class='ocrx_word' id='word_1_302' title='bbox 811 3993 898 4040; x_wconf 89' lang='lat' dir='ltr'><strong>est</strong></span> <span class='ocrx_word' id='word_1_303' title='bbox 931 3983 1262 4053; x_wconf 64' lang='lat' dir='ltr'><strong>ignominiaa,</strong></span> <span class='ocrx_word' id='word_1_304' title='bbox 1293 3981 1488 4035; x_wconf 86' lang='lat' dir='ltr'><strong>mulier</strong></span> <span class='ocrx_word' id='word_1_305' title='bbox 1512 3996 1632 4049; x_wconf 68' lang='lat' dir='ltr'><strong>quae</strong></span> <span class='ocrx_word' id='word_1_306' title='bbox 1652 3981 1768 4036; x_wconf 89' lang='lat' dir='ltr'><strong>odit</strong></span> <span class='ocrx_word' id='word_1_307' title='bbox 1795 3981 2044 4037; x_wconf 87' lang='lat' dir='ltr'><strong>honesta.</strong></span> 
     </span>
    </p>
   </div>
   <div class='ocr_carea' id='block_1_55' title="bbox 545 4072 2039 4144">
    <p class='ocr_par' dir='ltr' id='par_1_55' title="bbox 545 4072 2039 4144">
     <span class='ocr_line' id='line_1_56' title="bbox 545 4072 2039 4144; baseline -0.004 -10"><span class='ocrx_word' id='word_1_308' title='bbox 545 4080 703 4134; x_wconf 81' lang='lat' dir='ltr'><strong>Prov.</strong></span> <span class='ocrx_word' id='word_1_309' title='bbox 755 4093 835 4132; x_wconf 69' lang='grc' dir='ltr'>ιι.</span> <span class='ocrx_word' id='word_1_310' title='bbox 888 4075 1082 4130; x_wconf 86' lang='lat' dir='ltr'><strong>Mulier</strong></span> <span class='ocrx_word' id='word_1_311' title='bbox 1117 4073 1385 4142; x_wconf 87' lang='lat' dir='ltr'><strong>insipiens</strong></span> <span class='ocrx_word' id='word_1_312' title='bbox 1432 4081 1487 4128; x_wconf 86' lang='lat' dir='ltr'><strong>et</strong></span> <span class='ocrx_word' id='word_1_313' title='bbox 1537 4073 1715 4128; x_wconf 78' lang='lat' dir='ltr'><strong>audax</strong></span> <span class='ocrx_word' id='word_1_314' title='bbox 1759 4072 1884 4126; x_wconf 90' lang='lat' dir='ltr'><strong>cibo</strong></span> <span class='ocrx_word' id='word_1_315' title='bbox 1929 4088 2039 4144; x_wconf 87' lang='lat' dir='ltr'><strong>quo</strong></span> 
     </span>
    </p>
   </div>
   <div class='ocr_carea' id='block_1_56' title="bbox 471 4163 2043 4236">
    <p class='ocr_par' dir='ltr' id='par_1_56' title="bbox 471 4163 2043 4236">
     <span class='ocr_line' id='line_1_57' title="bbox 471 4163 2043 4236; baseline -0.005 -11"><span class='ocrx_word' id='word_1_316' title='bbox 471 4173 646 4226; x_wconf 85' lang='lat' dir='ltr'><strong>alatur</strong></span> <span class='ocrx_word' id='word_1_317' title='bbox 684 4166 912 4233; x_wconf 87' lang='lat' dir='ltr'><strong>carebit,</strong></span> <span class='ocrx_word' id='word_1_318' title='bbox 953 4179 1078 4236; x_wconf 66' lang='lat' dir='ltr'><strong>qua:</strong></span> <span class='ocrx_word' id='word_1_319' title='bbox 1132 4164 1349 4221; x_wconf 88' lang='lat' dir='ltr'><strong>scilicet</strong></span> <span class='ocrx_word' id='word_1_320' title='bbox 1379 4163 1763 4219; x_wconf 85' lang='lat' dir='ltr'><strong>verecundiam</strong></span> <span class='ocrx_word' id='word_1_321' title='bbox 1799 4178 1906 4218; x_wconf 88' lang='lat' dir='ltr'><strong>non</strong></span> <span class='ocrx_word' id='word_1_322' title='bbox 1948 4177 2043 4217; x_wconf 90' lang='lat' dir='ltr'><strong>co-</strong></span> 
     </span>
    </p>
   </div>
   <div class='ocr_carea' id='block_1_57' title="bbox 471 4257 981 4330">
    <p class='ocr_par' dir='ltr' id='par_1_57' title="bbox 471 4257 981 4330">
     <span class='ocr_line' id='line_1_58' title="bbox 471 4257 981 4330; baseline -0.002 -14"><span class='ocrx_word' id='word_1_323' title='bbox 471 4263 706 4330; x_wconf 74' lang='lat' dir='ltr'><strong>gnoscit.</strong></span> <span class='ocrx_word' id='word_1_324' title='bbox 971 4257 981 4266; x_wconf 40' lang='grc'><em>’⁴</em></span> 
     </span>
    </p>
   </div>
   <div class='ocr_carea' id='block_1_58' title="bbox 547 4346 2037 4416">
    <p class='ocr_par' dir='ltr' id='par_1_58' title="bbox 547 4346 2037 4416">
     <span class='ocr_line' id='line_1_59' title="bbox 547 4346 2037 4416; baseline -0.003 -10"><span class='ocrx_word' id='word_1_325' title='bbox 547 4354 688 4407; x_wconf 85' lang='lat' dir='ltr'><strong>Ibid.</strong></span> <span class='ocrx_word' id='word_1_326' title='bbox 727 4367 802 4408; x_wconf 86' lang='lat' dir='ltr'><strong>xt.</strong></span> <span class='ocrx_word' id='word_1_327' title='bbox 841 4351 912 4407; x_wconf 93' lang='lat' dir='ltr'><strong>Ut</strong></span> <span class='ocrx_word' id='word_1_328' title='bbox 936 4350 1145 4406; x_wconf 90' lang='lat' dir='ltr'><strong>inauris</strong></span> <span class='ocrx_word' id='word_1_329' title='bbox 1167 4349 1223 4404; x_wconf 92' lang='lat' dir='ltr'><strong>in</strong></span> <span class='ocrx_word' id='word_1_330' title='bbox 1253 4363 1388 4405; x_wconf 87' lang='lat' dir='ltr'><strong>nare</strong></span> <span class='ocrx_word' id='word_1_331' title='bbox 1433 4349 1572 4416; x_wconf 88' lang='lat' dir='ltr'><strong>suis,</strong></span> <span class='ocrx_word' id='word_1_332' title='bbox 1605 4349 1686 4407; x_wconf 88' lang='lat' dir='ltr'><strong>sic</strong></span> <span class='ocrx_word' id='word_1_333' title='bbox 1725 4348 1780 4403; x_wconf 91' lang='lat' dir='ltr'><strong>in</strong></span> <span class='ocrx_word' id='word_1_334' title='bbox 1809 4346 2037 4402; x_wconf 86' lang='lat' dir='ltr'><strong>muliere</strong></span> 
     </span>
    </p>
   </div>
   <div class='ocr_carea' id='block_1_59' title="bbox 471 4426 2008 4516">
    <p class='ocr_par' dir='ltr' id='par_1_59' title="bbox 471 4426 2008 4516">
     <span class='ocr_line' id='line_1_60' title="bbox 471 4426 2008 4516; baseline -0.008 -13"><span class='ocrx_word' id='word_1_335' title='bbox 471 4447 742 4503; x_wconf 84' lang='lat' dir='ltr'><strong>malitiosa</strong></span> <span class='ocrx_word' id='word_1_336' title='bbox 771 4443 1140 4516; x_wconf 87' lang='lat' dir='ltr'><strong>pulchritudo.</strong></span> <span class='ocrx_word' id='word_1_337' title='bbox 1989 4426 2008 4444; x_wconf 71' lang='grc'><strong><em>⁸</em></strong></span> 
     </span>
    </p>
   </div>
   <div class='ocr_carea' id='block_1_60' title="bbox 544 4529 2117 4610">
    <p class='ocr_par' dir='ltr' id='par_1_60' title="bbox 544 4529 2117 4610">
     <span class='ocr_line' id='line_1_61' title="bbox 544 4529 2117 4610; baseline -0.006 -18"><span class='ocrx_word' id='word_1_338' title='bbox 544 4540 646 4604; x_wconf 83' lang='lat' dir='ltr'><strong>Qui</strong></span> <span class='ocrx_word' id='word_1_339' title='bbox 680 4537 984 4592; x_wconf 89' lang='lat' dir='ltr'><strong>adulteram</strong></span> <span class='ocrx_word' id='word_1_340' title='bbox 1013 4533 1235 4599; x_wconf 87' lang='lat' dir='ltr'><strong>retinet,</strong></span> <span class='ocrx_word' id='word_1_341' title='bbox 1258 4531 1530 4599; x_wconf 87' lang='lat' dir='ltr'><strong>insipiens</strong></span> <span class='ocrx_word' id='word_1_342' title='bbox 1561 4539 1616 4586; x_wconf 91' lang='lat' dir='ltr'><strong>et</strong></span> <span class='ocrx_word' id='word_1_343' title='bbox 1648 4529 1846 4600; x_wconf 88' lang='lat' dir='ltr'><strong>impius</strong></span> <span class='ocrx_word' id='word_1_344' title='bbox 1873 4537 1977 4584; x_wconf 92' lang='lat' dir='ltr'><strong>est.</strong></span> <span class='ocrx_word' id='word_1_345' title='bbox 2061 4548 2117 4610; x_wconf 74' lang='grc' dir='ltr'><strong>ι)</strong></span> 
     </span>
    </p>
   </div>
   <div class='ocr_carea' id='block_1_61' title="bbox 541 4622 2038 4691">
    <p class='ocr_par' dir='ltr' id='par_1_61' title="bbox 541 4622 2038 4691">
     <span class='ocr_line' id='line_1_62' title="bbox 541 4622 2038 4691; baseline -0.005 -8"><span class='ocrx_word' id='word_1_346' title='bbox 541 4627 737 4684; x_wconf 86' lang='lat' dir='ltr'><strong>Melius</strong></span> <span class='ocrx_word' id='word_1_347' title='bbox 771 4637 856 4683; x_wconf 88' lang='lat' dir='ltr'><strong>est</strong></span> <span class='ocrx_word' id='word_1_348' title='bbox 875 4627 1122 4681; x_wconf 85' lang='lat' dir='ltr'><strong>habitare</strong></span> <span class='ocrx_word' id='word_1_349' title='bbox 1152 4624 1206 4677; x_wconf 93' lang='lat' dir='ltr'><strong>in</strong></span> <span class='ocrx_word' id='word_1_350' title='bbox 1236 4622 1555 4686; x_wconf 89' lang='lat' dir='ltr'><strong>solitudine,</strong></span> <span class='ocrx_word' id='word_1_351' title='bbox 1575 4635 1739 4691; x_wconf 89' lang='lat' dir='ltr'><strong>quam</strong></span> <span class='ocrx_word' id='word_1_352' title='bbox 1770 4635 1896 4675; x_wconf 90' lang='lat' dir='ltr'><strong>eum</strong></span> <span class='ocrx_word' id='word_1_353' title='bbox 1922 4637 2038 4675; x_wconf 90' lang='lat' dir='ltr'><strong>mu-</strong></span> 
     </span>
    </p>
   </div>
   <div class='ocr_carea' id='block_1_62' title="bbox 471 4714 1624 4792">
    <p class='ocr_par' dir='ltr' id='par_1_62' title="bbox 471 4714 1624 4792">
     <span class='ocr_line' id='line_1_63' title="bbox 471 4714 1624 4792; baseline -0.01 -14"><span class='ocrx_word' id='word_1_354' title='bbox 471 4725 601 4779; x_wconf 89' lang='lat' dir='ltr'><strong>liere</strong></span> <span class='ocrx_word' id='word_1_355' title='bbox 633 4735 877 4792; x_wconf 87' lang='lat' dir='ltr'><strong>pugnace</strong></span> <span class='ocrx_word' id='word_1_356' title='bbox 903 4731 956 4773; x_wconf 91' lang='lat' dir='ltr'><strong>et</strong></span> <span class='ocrx_word' id='word_1_357' title='bbox 984 4719 1232 4788; x_wconf 85' lang='lat' dir='ltr'><strong>linguace</strong></span> <span class='ocrx_word' id='word_1_358' title='bbox 1265 4725 1319 4770; x_wconf 90' lang='lat' dir='ltr'><strong>et</strong></span> <span class='ocrx_word' id='word_1_359' title='bbox 1343 4714 1624 4769; x_wconf 88' lang='lat' dir='ltr'><strong>iracunda.</strong></span> 
     </span>
    </p>
   </div>
   <div class='ocr_carea' id='block_1_63' title="bbox 550 4801 2051 4879">
    <p class='ocr_par' dir='ltr' id='par_1_63' title="bbox 550 4801 2051 4879">
     <span class='ocr_line' id='line_1_64' title="bbox 550 4801 2051 4879; baseline -0.003 -13"><span class='ocrx_word' id='word_1_360' title='bbox 550 4810 796 4866; x_wconf 81' lang='lat' dir='ltr'><strong>Malach.</strong></span> <span class='ocrx_word' id='word_1_361' title='bbox 842 4809 1028 4879; x_wconf 75' lang='lat' dir='ltr'><strong>proph.</strong></span> <span class='ocrx_word' id='word_1_362' title='bbox 1073 4811 1113 4859; x_wconf 87' lang='lat' dir='ltr'><strong>A</strong></span> <span class='ocrx_word' id='word_1_363' title='bbox 1168 4806 1400 4876; x_wconf 82' lang='lat' dir='ltr'><strong>conjuge</strong></span> <span class='ocrx_word' id='word_1_364' title='bbox 1457 4813 1549 4859; x_wconf 90' lang='lat' dir='ltr'><strong>tua</strong></span> <span class='ocrx_word' id='word_1_365' title='bbox 1598 4801 1699 4857; x_wconf 85' lang='lat' dir='ltr'><strong>tibi</strong></span> <span class='ocrx_word' id='word_1_366' title='bbox 1741 4817 1907 4872; x_wconf 87' lang='lat' dir='ltr'><strong>cave;</strong></span> <span class='ocrx_word' id='word_1_367' title='bbox 1950 4819 2051 4862; x_wconf 90' lang='lat' dir='ltr'><strong>nec</strong></span> 
     </span>
    </p>
   </div>
   <div class='ocr_carea' id='block_1_64' title="bbox 467 4899 1374 4975">
    <p class='ocr_par' dir='ltr' id='par_1_64' title="bbox 467 4899 1374 4975">
     <span class='ocr_line' id='line_1_65' title="bbox 467 4899 1374 4975; baseline -0.008 -15"><span class='ocrx_word' id='word_1_368' title='bbox 467 4905 610 4975; x_wconf 91' lang='lat' dir='ltr'><strong>quod</strong></span> <span class='ocrx_word' id='word_1_369' title='bbox 646 4902 886 4958; x_wconf 88' lang='lat' dir='ltr'><strong>facturus</strong></span> <span class='ocrx_word' id='word_1_370' title='bbox 913 4915 995 4964; x_wconf 90' lang='lat' dir='ltr'><strong>es,</strong></span> <span class='ocrx_word' id='word_1_371' title='bbox 1033 4899 1110 4954; x_wconf 91' lang='lat' dir='ltr'><strong>illi</strong></span> <span class='ocrx_word' id='word_1_372' title='bbox 1145 4899 1374 4969; x_wconf 89' lang='lat' dir='ltr'><strong>aperito.</strong></span> 
     </span>
    </p>
   </div>
   <div class='ocr_carea' id='block_1_65' title="bbox 541 4989 2046 5059">
    <p class='ocr_par' dir='ltr' id='par_1_65' title="bbox 541 4989 2046 5059">
     <span class='ocr_line' id='line_1_66' title="bbox 541 4989 2046 5059; baseline -0.001 -11"><span class='ocrx_word' id='word_1_373' title='bbox 541 4995 730 5049; x_wconf 86' lang='lat' dir='ltr'><strong>Sirach</strong></span> <span class='ocrx_word' id='word_1_374' title='bbox 761 5007 836 5047; x_wconf 74' lang='grc' dir='ltr'>ιι.</span> <span class='ocrx_word' id='word_1_375' title='bbox 879 4989 960 5046; x_wconf 86' lang='lat' dir='ltr'><strong>Ne</strong></span> <span class='ocrx_word' id='word_1_376' title='bbox 998 4989 1182 5044; x_wconf 87' lang='lat' dir='ltr'><strong>tradas</strong></span> <span class='ocrx_word' id='word_1_377' title='bbox 1215 4989 1424 5044; x_wconf 89' lang='lat' dir='ltr'><strong>mulieri</strong></span> <span class='ocrx_word' id='word_1_378' title='bbox 1458 4989 1695 5044; x_wconf 90' lang='lat' dir='ltr'><strong>animam</strong></span> <span class='ocrx_word' id='word_1_379' title='bbox 1729 4999 1904 5059; x_wconf 90' lang='lat' dir='ltr'><strong>tuam;</strong></span> <span class='ocrx_word' id='word_1_380' title='bbox 1930 5005 2046 5046; x_wconf 90' lang='lat' dir='ltr'><strong>me-</strong></span> 
     </span>
    </p>
   </div>
   <div class='ocr_carea' id='block_1_66' title="bbox 471 5081 2040 5150">
    <p class='ocr_par' dir='ltr' id='par_1_66' title="bbox 471 5081 2040 5150">
     <span class='ocr_line' id='line_1_67' title="bbox 471 5081 2040 5150; baseline -0.004 -8"><span class='ocrx_word' id='word_1_381' title='bbox 471 5086 758 5142; x_wconf 89' lang='lat' dir='ltr'><strong>retricibus</strong></span> <span class='ocrx_word' id='word_1_382' title='bbox 800 5083 1017 5138; x_wconf 84' lang='lat' dir='ltr'><strong>obviam</strong></span> <span class='ocrx_word' id='word_1_383' title='bbox 1062 5095 1130 5136; x_wconf 92' lang='lat' dir='ltr'><strong>ne</strong></span> <span class='ocrx_word' id='word_1_384' title='bbox 1165 5081 1275 5148; x_wconf 91' lang='lat' dir='ltr'><strong>ito;</strong></span> <span class='ocrx_word' id='word_1_385' title='bbox 1312 5095 1381 5135; x_wconf 92' lang='lat' dir='ltr'><strong>ne</strong></span> <span class='ocrx_word' id='word_1_386' title='bbox 1431 5081 1714 5150; x_wconf 87' lang='lat' dir='ltr'><strong>psaltriam</strong></span> <span class='ocrx_word' id='word_1_387' title='bbox 1761 5093 2040 5136; x_wconf 82' lang='lat' dir='ltr'><strong>canentem</strong></span> 
     </span>
    </p>
   </div>
   <div class='ocr_carea' id='block_1_67' title="bbox 469 5171 2036 5246">
    <p class='ocr_par' dir='ltr' id='par_1_67' title="bbox 469 5171 2036 5246">
     <span class='ocr_line' id='line_1_68' title="bbox 469 5171 2036 5246; baseline -0.004 -16"><span class='ocrx_word' id='word_1_388' title='bbox 469 5179 852 5246; x_wconf 79' lang='lat' dir='ltr'><strong>frcquentato;</strong></span> <span class='ocrx_word' id='word_1_389' title='bbox 879 5173 1148 5240; x_wconf 84' lang='lat' dir='ltr'><strong>virginem</strong></span> <span class='ocrx_word' id='word_1_390' title='bbox 1182 5185 1250 5225; x_wconf 91' lang='lat' dir='ltr'><strong>ne</strong></span> <span class='ocrx_word' id='word_1_391' title='bbox 1279 5171 1666 5237; x_wconf 88' lang='lat' dir='ltr'><strong>considerato;</strong></span> <span class='ocrx_word' id='word_1_392' title='bbox 1695 5181 1878 5226; x_wconf 83' lang='lat' dir='ltr'><strong>averte</strong></span> <span class='ocrx_word' id='word_1_393' title='bbox 1901 5187 2036 5227; x_wconf 86' lang='lat' dir='ltr'><strong>ocu-</strong></span> 
     </span>
    </p>
   </div>
   <div class='ocr_carea' id='block_1_68' title="bbox 471 5258 2038 5325">
    <p class='ocr_par' dir='ltr' id='par_1_68' title="bbox 471 5258 2038 5325">
     <span class='ocr_line' id='line_1_69' title="bbox 471 5258 2038 5325; baseline -0.003 -6"><span class='ocrx_word' id='word_1_394' title='bbox 471 5265 554 5319; x_wconf 84' lang='lat' dir='ltr'><strong>los</strong></span> <span class='ocrx_word' id='word_1_395' title='bbox 587 5275 709 5317; x_wconf 89' lang='lat' dir='ltr'><strong>tuos</strong></span> <span class='ocrx_word' id='word_1_396' title='bbox 740 5276 771 5315; x_wconf 91' lang='lat' dir='ltr'><strong>a</strong></span> <span class='ocrx_word' id='word_1_397' title='bbox 827 5262 1057 5315; x_wconf 89' lang='lat' dir='ltr'><strong>muliere</strong></span> <span class='ocrx_word' id='word_1_398' title='bbox 1107 5258 1389 5325; x_wconf 87' lang='lat' dir='ltr'><strong>formosa;</strong></span> <span class='ocrx_word' id='word_1_399' title='bbox 1424 5275 1550 5315; x_wconf 92' lang='lat' dir='ltr'><strong>cum</strong></span> <span class='ocrx_word' id='word_1_400' title='bbox 1603 5276 1776 5316; x_wconf 82' lang='lat' dir='ltr'><strong>uxore</strong></span> <span class='ocrx_word' id='word_1_401' title='bbox 1811 5261 2038 5316; x_wconf 91' lang='lat' dir='ltr'><strong>alterius</strong></span> 
     </span>
    </p>
   </div>
   <div class='ocr_carea' id='block_1_69' title="bbox 469 5351 2038 5421">
    <p class='ocr_par' dir='ltr' id='par_1_69' title="bbox 469 5351 2038 5421">
     <span class='ocr_line' id='line_1_70' title="bbox 469 5351 2038 5421; baseline -0.002 -10"><span class='ocrx_word' id='word_1_402' title='bbox 469 5357 690 5411; x_wconf 88' lang='lat' dir='ltr'><strong>omnino</strong></span> <span class='ocrx_word' id='word_1_403' title='bbox 721 5367 789 5407; x_wconf 90' lang='lat' dir='ltr'><strong>ne</strong></span> <span class='ocrx_word' id='word_1_404' title='bbox 813 5353 1036 5418; x_wconf 80' lang='lat' dir='ltr'><strong>sedete;</strong></span> <span class='ocrx_word' id='word_1_405' title='bbox 1095 5351 1270 5406; x_wconf 88' lang='lat' dir='ltr'><strong>forma</strong></span> <span class='ocrx_word' id='word_1_406' title='bbox 1322 5352 1470 5405; x_wconf 91' lang='lat' dir='ltr'><strong>enim</strong></span> <span class='ocrx_word' id='word_1_407' title='bbox 1527 5360 1582 5407; x_wconf 90' lang='lat' dir='ltr'><strong>et</strong></span> <span class='ocrx_word' id='word_1_408' title='bbox 1624 5352 2038 5421; x_wconf 90' lang='lat' dir='ltr'><strong>pulchritudine</strong></span> 
     </span>
    </p>
   </div>
   <div class='ocr_carea' id='block_1_70' title="bbox 470 5443 1472 5513">
    <p class='ocr_par' dir='ltr' id='par_1_70' title="bbox 470 5443 1472 5513">
     <span class='ocr_line' id='line_1_71' title="bbox 470 5443 1472 5513; baseline -0.005 -11"><span class='ocrx_word' id='word_1_409' title='bbox 470 5444 728 5502; x_wconf 79' lang='lat' dir='ltr'><strong>muliebri</strong></span> <span class='ocrx_word' id='word_1_410' title='bbox 750 5443 1060 5513; x_wconf 87' lang='lat' dir='ltr'><strong>complures</strong></span> <span class='ocrx_word' id='word_1_411' title='bbox 1087 5443 1297 5498; x_wconf 90' lang='lat' dir='ltr'><strong>seducti</strong></span> <span class='ocrx_word' id='word_1_412' title='bbox 1321 5452 1472 5499; x_wconf 82' lang='lat' dir='ltr'><strong>sunt.</strong></span> 
     </span>
    </p>
   </div>
   <div class='ocr_carea' id='block_1_71' title="bbox 542 5532 2038 5606">
    <p class='ocr_par' dir='ltr' id='par_1_71' title="bbox 542 5532 2038 5606">
     <span class='ocr_line' id='line_1_72' title="bbox 542 5532 2038 5606; baseline -0.001 -15"><span class='ocrx_word' id='word_1_413' title='bbox 542 5535 741 5591; x_wconf 80' lang='lat' dir='ltr'><strong>Vinum</strong></span> <span class='ocrx_word' id='word_1_414' title='bbox 768 5542 826 5590; x_wconf 90' lang='lat' dir='ltr'><strong>et</strong></span> <span class='ocrx_word' id='word_1_415' title='bbox 877 5532 1143 5590; x_wconf 87' lang='lat' dir='ltr'><strong>mulieres</strong></span> <span class='ocrx_word' id='word_1_416' title='bbox 1199 5534 1268 5589; x_wconf 91' lang='lat' dir='ltr'><strong>ad</strong></span> <span class='ocrx_word' id='word_1_417' title='bbox 1327 5533 1692 5590; x_wconf 81' lang='lat' dir='ltr'><strong>deﬁciendum</strong></span> <span class='ocrx_word' id='word_1_418' title='bbox 1753 5533 2038 5606; x_wconf 90' lang='lat' dir='ltr'><strong>impellunt</strong></span> 
     </span>
    </p>
   </div>
   <div class='ocr_carea' id='block_1_72' title="bbox 464 5625 961 5697">
    <p class='ocr_par' dir='ltr' id='par_1_72' title="bbox 464 5625 961 5697">
     <span class='ocr_line' id='line_1_73' title="bbox 464 5625 961 5697; baseline -0.006 -16"><span class='ocrx_word' id='word_1_419' title='bbox 464 5627 628 5682; x_wconf 90' lang='lat' dir='ltr'><strong>etiam</strong></span> <span class='ocrx_word' id='word_1_420' title='bbox 661 5625 961 5697; x_wconf 88' lang='lat' dir='ltr'><strong>sapientes.</strong></span> 
     </span>
    </p>
   </div>
   <div class='ocr_carea' id='block_1_73' title="bbox 2145 1965 2568 2038">
    <p class='ocr_par' dir='ltr' id='par_1_73' title="bbox 2145 1965 2568 2038">
     <span class='ocr_line' id='line_1_74' title="bbox 2145 1965 2568 2038; baseline 0.017 -21"><span class='ocrx_word' id='word_1_421' title='bbox 2145 1965 2340 2036; x_wconf 86' lang='grc' dir='ltr'>ἀνδρὸς</span> <span class='ocrx_word' id='word_1_422' title='bbox 2372 1968 2568 2038; x_wconf 88' lang='grc' dir='ltr'>άρετή.</span> 
     </span>
    </p>
   </div>
   <div class='ocr_carea' id='block_1_74' title="bbox 2231 2058 3726 2143">
    <p class='ocr_par' dir='ltr' id='par_1_74' title="bbox 2231 2058 3726 2143">
     <span class='ocr_line' id='line_1_75' title="bbox 2231 2058 3726 2143; baseline 0.013 -34"><span class='ocrx_word' id='word_1_423' title='bbox 2231 2058 2588 2129; x_wconf 82' lang='grc' dir='ltr'><strong>Ἀρίστιππος</strong></span> <span class='ocrx_word' id='word_1_424' title='bbox 2647 2067 2879 2133; x_wconf 87' lang='grc' dir='ltr'>γυναῖκα</span> <span class='ocrx_word' id='word_1_425' title='bbox 2928 2067 3100 2141; x_wconf 83' lang='grc' dir='ltr'>καλὴν</span> <span class='ocrx_word' id='word_1_426' title='bbox 3154 2071 3362 2143; x_wconf 82' lang='grc' dir='ltr'>μικρὰν</span> <span class='ocrx_word' id='word_1_427' title='bbox 3407 2073 3568 2142; x_wconf 79' lang='grc' dir='ltr'>ἰδὼν,</span> <span class='ocrx_word' id='word_1_428' title='bbox 3609 2076 3726 2129; x_wconf 87' lang='grc' dir='ltr'><strong>Μι-</strong></span> 
     </span>
    </p>
   </div>
   <div class='ocr_carea' id='block_1_75' title="bbox 2149 2151 3728 2238">
    <p class='ocr_par' dir='ltr' id='par_1_75' title="bbox 2149 2151 3728 2238">
     <span class='ocr_line' id='line_1_76' title="bbox 2149 2151 3728 2238; baseline 0.011 -34"><span class='ocrx_word' id='word_1_429' title='bbox 2149 2151 2280 2222; x_wconf 83' lang='grc' dir='ltr'>κρὸν</span> <span class='ocrx_word' id='word_1_430' title='bbox 2304 2153 2472 2208; x_wconf 73' lang='grc' dir='ltr'>κακὸν</span> <span class='ocrx_word' id='word_1_431' title='bbox 2496 2155 2613 2226; x_wconf 85' lang='grc' dir='ltr'>μὲν,</span> <span class='ocrx_word' id='word_1_432' title='bbox 2645 2158 2865 2226; x_wconf 84' lang='grc' dir='ltr'>μέγα“δὲ</span> <span class='ocrx_word' id='word_1_433' title='bbox 2890 2160 3072 2228; x_wconf 82' lang='grc' dir='ltr'>καλὸν,</span> <span class='ocrx_word' id='word_1_434' title='bbox 3098 2161 3223 2233; x_wconf 74' lang='grc' dir='ltr'>ἔφη.</span> <span class='ocrx_word' id='word_1_435' title='bbox 3250 2163 3338 2219; x_wconf 81' lang='lat' dir='ltr'><strong>Al.</strong></span> <span class='ocrx_word' id='word_1_436' title='bbox 3372 2166 3583 2238; x_wconf 82' lang='grc' dir='ltr'>Μικρὸν</span> <span class='ocrx_word' id='word_1_437' title='bbox 3619 2168 3728 2238; x_wconf 86' lang='grc' dir='ltr'>μὲν</span> 
     </span>
    </p>
   </div>
   <div class='ocr_carea' id='block_1_76' title="bbox 2148 2240 2838 2312">
    <p class='ocr_par' dir='ltr' id='par_1_76' title="bbox 2148 2240 2838 2312">
     <span class='ocr_line' id='line_1_77' title="bbox 2148 2240 2838 2312; baseline 0.016 -19"><span class='ocrx_word' id='word_1_438' title='bbox 2148 2240 2331 2308; x_wconf 81' lang='grc' dir='ltr'>καλὸν,</span> <span class='ocrx_word' id='word_1_439' title='bbox 2365 2245 2509 2312; x_wconf 82' lang='grc' dir='ltr'><strong>μέγα</strong></span> <span class='ocrx_word' id='word_1_440' title='bbox 2551 2246 2608 2300; x_wconf 82' lang='grc' dir='ltr'>δὲ</span> <span class='ocrx_word' id='word_1_441' title='bbox 2646 2248 2838 2304; x_wconf 84' lang='grc' dir='ltr'>κακόν.</span> 
     </span>
    </p>
   </div>
   <div class='ocr_carea' id='block_1_77' title="bbox 2219 2352 3726 2438">
    <p class='ocr_par' dir='ltr' id='par_1_77' title="bbox 2219 2352 3726 2438">
     <span class='ocr_line' id='line_1_78' title="bbox 2219 2352 3726 2438; baseline 0.013 -32"><span class='ocrx_word' id='word_1_442' title='bbox 2219 2352 2459 2409; x_wconf 78' lang='grc' dir='ltr'>Γυναῖκα</span> <span class='ocrx_word' id='word_1_443' title='bbox 2503 2357 2758 2430; x_wconf 85' lang='grc' dir='ltr'>σώφρονα</span> <span class='ocrx_word' id='word_1_444' title='bbox 2793 2362 2966 2433; x_wconf 79' lang='grc' dir='ltr'>ζήτει,</span> <span class='ocrx_word' id='word_1_445' title='bbox 3019 2365 3115 2420; x_wconf 78' lang='grc' dir='ltr'>καὶ</span> <span class='ocrx_word' id='word_1_446' title='bbox 3173 2365 3250 2437; x_wconf 83' lang='grc' dir='ltr'>μὴ</span> <span class='ocrx_word' id='word_1_447' title='bbox 3300 2367 3596 2438; x_wconf 78' lang='grc' dir='ltr'>εὔμορφον.</span> <span class='ocrx_word' id='word_1_448' title='bbox 3649 2372 3726 2425; x_wconf 81' lang='grc' dir='ltr'>Τὸ</span> 
     </span>
    </p>
   </div>
   <div class='ocr_carea' id='block_1_78' title="bbox 2151 2446 3728 2532">
    <p class='ocr_par' dir='ltr' id='par_1_78' title="bbox 2151 2446 3728 2532">
     <span class='ocr_line' id='line_1_79' title="bbox 2151 2446 3728 2532; baseline 0.013 -34"><span class='ocrx_word' id='word_1_449' title='bbox 2151 2446 2252 2516; x_wconf 75' lang='grc' dir='ltr'>μὲν</span> <span class='ocrx_word' id='word_1_450' title='bbox 2285 2447 2393 2517; x_wconf 85' lang='grc' dir='ltr'><strong>γὰρ</strong></span> <span class='ocrx_word' id='word_1_451' title='bbox 2434 2446 2707 2522; x_wconf 82' lang='grc' dir='ltr'>θησαυρὸς</span> <span class='ocrx_word' id='word_1_452' title='bbox 2743 2456 3117 2525; x_wconf 85' lang='grc' dir='ltr'>ἀνέκλειπτος,</span> <span class='ocrx_word' id='word_1_453' title='bbox 3159 2459 3219 2513; x_wconf 83' lang='grc' dir='ltr'>τὸ</span> <span class='ocrx_word' id='word_1_454' title='bbox 3248 2459 3308 2514; x_wconf 82' lang='grc' dir='ltr'>δὲ</span> <span class='ocrx_word' id='word_1_455' title='bbox 3345 2461 3551 2532; x_wconf 79' lang='grc' dir='ltr'>ὑποψία</span> <span class='ocrx_word' id='word_1_456' title='bbox 3585 2463 3728 2531; x_wconf 85' lang='grc' dir='ltr'>γνὼ-</span> 
     </span>
    </p>
   </div>
   <div class='ocr_carea' id='block_1_79' title="bbox 2151 2555 2285 2608">
    <p class='ocr_par' dir='ltr' id='par_1_79' title="bbox 2151 2555 2285 2608">
     <span class='ocr_line' id='line_1_80' title="bbox 2151 2555 2285 2608; baseline -0.037 -1"><span class='ocrx_word' id='word_1_457' title='bbox 2151 2555 2263 2608; x_wconf 85' lang='grc' dir='ltr'>μης</span> <span class='ocrx_word' id='word_1_458' title='bbox 2269 2577 2285 2595; x_wconf 83' lang='grc' dir='ltr'><strong><em>ο</em></strong></span> 
     </span>
    </p>
   </div>
   <div class='ocr_carea' id='block_1_80' title="bbox 2219 2631 3726 2724">
    <p class='ocr_par' dir='ltr' id='par_1_80' title="bbox 2219 2631 3726 2724">
     <span class='ocr_line' id='line_1_81' title="bbox 2219 2631 3726 2724; baseline 0.015 -40"><span class='ocrx_word' id='word_1_459' title='bbox 2219 2631 2433 2703; x_wconf 85' lang='grc' dir='ltr'>Σεμνῆς</span> <span class='ocrx_word' id='word_1_460' title='bbox 2466 2637 2722 2705; x_wconf 79' lang='grc' dir='ltr'>γυναικὸς</span> <span class='ocrx_word' id='word_1_461' title='bbox 2751 2641 2844 2696; x_wconf 78' lang='grc' dir='ltr'>καὶ</span> <span class='ocrx_word' id='word_1_462' title='bbox 2870 2642 3084 2715; x_wconf 85' lang='grc' dir='ltr'>ἀγαθῆς</span> <span class='ocrx_word' id='word_1_463' title='bbox 3114 2645 3241 2701; x_wconf 80' lang='grc' dir='ltr'>ὅταν</span> <span class='ocrx_word' id='word_1_464' title='bbox 3267 2647 3462 2723; x_wconf 83' lang='grc' dir='ltr'><strong>τύχῃς,</strong></span> <span class='ocrx_word' id='word_1_465' title='bbox 3492 2651 3584 2705; x_wconf 85' lang='grc' dir='ltr'>τὸν</span> <span class='ocrx_word' id='word_1_466' title='bbox 3606 2653 3726 2724; x_wconf 78' lang='grc' dir='ltr'>βίον</span> 
     </span>
    </p>
   </div>
   <div class='ocr_carea' id='block_1_81' title="bbox 2147 2721 2664 2794">
    <p class='ocr_par' dir='ltr' id='par_1_81' title="bbox 2147 2721 2664 2794">
     <span class='ocr_line' id='line_1_82' title="bbox 2147 2721 2664 2794; baseline 0.014 -16"><span class='ocrx_word' id='word_1_467' title='bbox 2147 2721 2355 2778; x_wconf 78' lang='grc' dir='ltr'>ἄλυπον</span> <span class='ocrx_word' id='word_1_468' title='bbox 2378 2725 2664 2794; x_wconf 83' lang='grc' dir='ltr'>διατελεῖς.</span> 
     </span>
    </p>
   </div>
   <div class='ocr_carea' id='block_1_82' title="bbox 2751 2850 3122 2909">
    <p class='ocr_par' dir='ltr' id='par_1_82' title="bbox 2751 2850 3122 2909">
     <span class='ocr_line' id='line_1_83' title="bbox 2751 2850 3122 2909; baseline 0.013 -5"><span class='ocrx_word' id='word_1_469' title='bbox 2751 2850 2973 2905; x_wconf 86' lang='grc' dir='ltr'><strong>ΛΟΓΟΣ</strong></span> <span class='ocrx_word' id='word_1_470' title='bbox 2999 2855 3122 2909; x_wconf 86' lang='grc' dir='ltr'><strong>ΔΔ’.</strong></span> 
     </span>
    </p>
   </div>
   <div class='ocr_carea' id='block_1_83' title="bbox 2149 2981 3724 3062">
    <p class='ocr_par' dir='ltr' id='par_1_83' title="bbox 2149 2981 3724 3062">
     <span class='ocr_line' id='line_1_84' title="bbox 2149 2981 3724 3062; baseline 0.014 -28"><span class='ocrx_word' id='word_1_471' title='bbox 2149 2981 2292 3049; x_wconf 81' lang='grc' dir='ltr'>Περὶ</span> <span class='ocrx_word' id='word_1_472' title='bbox 2315 2983 2612 3053; x_wconf 74' lang='grc' dir='ltr'>γὺναικῶν</span> <span class='ocrx_word' id='word_1_473' title='bbox 2633 2986 2918 3062; x_wconf 72' lang='grc' dir='ltr'>πονηρῶν</span> <span class='ocrx_word' id='word_1_474' title='bbox 2939 2988 3037 3042; x_wconf 77' lang='grc' dir='ltr'>καὶ</span> <span class='ocrx_word' id='word_1_475' title='bbox 3062 2991 3456 3062; x_wconf 74' lang='grc' dir='ltr'>μοιχαλίδων,</span> <span class='ocrx_word' id='word_1_476' title='bbox 3489 2998 3588 3054; x_wconf 77' lang='grc' dir='ltr'><strong>καί</strong></span> <span class='ocrx_word' id='word_1_477' title='bbox 3613 3001 3724 3055; x_wconf 80' lang='grc' dir='ltr'>πά-</span> 
     </span>
    </p>
   </div>
   <div class='ocr_carea' id='block_1_84' title="bbox 2478 3058 3362 3130">
    <p class='ocr_par' dir='ltr' id='par_1_84' title="bbox 2478 3058 3362 3130">
     <span class='ocr_line' id='line_1_85' title="bbox 2478 3058 3362 3130; baseline 0.012 -22"><span class='ocrx_word' id='word_1_478' title='bbox 2478 3069 2598 3123; x_wconf 84' lang='grc' dir='ltr'><strong>σης</strong></span> <span class='ocrx_word' id='word_1_479' title='bbox 2626 3058 2841 3123; x_wconf 82' lang='grc' dir='ltr'>κακίας</span> <span class='ocrx_word' id='word_1_480' title='bbox 2865 3058 3362 3130; x_wconf 70' lang='grc' dir='ltr'>πεπληρωμένων.</span> 
     </span>
    </p>
   </div>
   <div class='ocr_carea' id='block_1_85' title="bbox 2218 3161 3722 3246">
    <p class='ocr_par' dir='ltr' id='par_1_85' title="bbox 2218 3161 3722 3246">
     <span class='ocr_line' id='line_1_86' title="bbox 2218 3161 3722 3246; baseline 0.013 -30"><span class='ocrx_word' id='word_1_481' title='bbox 2218 3161 2310 3234; x_wconf 86' lang='grc' dir='ltr'><strong>Μὴ</strong></span> <span class='ocrx_word' id='word_1_482' title='bbox 2336 3165 2574 3236; x_wconf 76' lang='grc' dir='ltr'>πρόσεχε</span> <span class='ocrx_word' id='word_1_483' title='bbox 2603 3168 2781 3240; x_wconf 80' lang='grc' dir='ltr'>φαύλῃ</span> <span class='ocrx_word' id='word_1_484' title='bbox 2826 3172 3065 3238; x_wconf 81' lang='grc' dir='ltr'>γυναικί.</span> <span class='ocrx_word' id='word_1_485' title='bbox 3096 3173 3238 3228; x_wconf 84' lang='grc' dir='ltr'>Μέλι</span> <span class='ocrx_word' id='word_1_486' title='bbox 3278 3176 3386 3246; x_wconf 82' lang='grc' dir='ltr'><strong>γὰρ</strong></span> <span class='ocrx_word' id='word_1_487' title='bbox 3419 3177 3722 3236; x_wconf 82' lang='grc' dir='ltr'>ἀποστάσει</span> 
     </span>
    </p>
   </div>
   <div class='ocr_carea' id='block_1_86' title="bbox 2151 3253 3717 3344">
    <p class='ocr_par' dir='ltr' id='par_1_86' title="bbox 2151 3253 3717 3344">
     <span class='ocr_line' id='line_1_87' title="bbox 2151 3253 3717 3344; baseline 0.012 -36"><span class='ocrx_word' id='word_1_488' title='bbox 2151 3253 2260 3308; x_wconf 82' lang='grc' dir='ltr'>ἀπὸ</span> <span class='ocrx_word' id='word_1_489' title='bbox 2285 3257 2512 3325; x_wconf 80' lang='grc' dir='ltr'>χειλέων</span> <span class='ocrx_word' id='word_1_490' title='bbox 2557 3262 2833 3328; x_wconf 74' lang='grc' dir='ltr'>γυναικὸς</span> <span class='ocrx_word' id='word_1_491' title='bbox 2870 3263 3096 3334; x_wconf 84' lang='grc' dir='ltr'>πόρνης,</span> <span class='ocrx_word' id='word_1_492' title='bbox 3145 3268 3178 3338; x_wconf 78' lang='grc' dir='ltr'>ἢ</span> <span class='ocrx_word' id='word_1_493' title='bbox 3222 3269 3358 3338; x_wconf 80' lang='grc' dir='ltr'>πρὸς</span> <span class='ocrx_word' id='word_1_494' title='bbox 3400 3273 3592 3344; x_wconf 68' lang='grc' dir='ltr'>καιρδν</span> <span class='ocrx_word' id='word_1_495' title='bbox 3638 3275 3717 3327; x_wconf 74' lang='grc' dir='ltr'><strong>λι⁸</strong></span> 
     </span>
    </p>
   </div>
   <div class='ocr_carea' id='block_1_87' title="bbox 2151 3347 3724 3436">
    <p class='ocr_par' dir='ltr' id='par_1_87' title="bbox 2151 3347 3724 3436">
     <span class='ocr_line' id='line_1_88' title="bbox 2151 3347 3724 3436; baseline 0.013 -36"><span class='ocrx_word' id='word_1_496' title='bbox 2151 3347 2333 3402; x_wconf 81' lang='grc' dir='ltr'>παίνει</span> <span class='ocrx_word' id='word_1_497' title='bbox 2383 3349 2477 3405; x_wconf 73' lang='grc' dir='ltr'><strong>σὺν</strong></span> <span class='ocrx_word' id='word_1_498' title='bbox 2523 3352 2803 3423; x_wconf 83' lang='grc' dir='ltr'>φάρυγγα,</span> <span class='ocrx_word' id='word_1_499' title='bbox 2868 3354 3095 3428; x_wconf 83' lang='grc' dir='ltr'>ὕστερον</span> <span class='ocrx_word' id='word_1_500' title='bbox 3152 3361 3333 3429; x_wconf 86' lang='grc' dir='ltr'>μέντοι</span> <span class='ocrx_word' id='word_1_501' title='bbox 3396 3367 3724 3436; x_wconf 75' lang='grc' dir='ltr'>πικρότερον</span> 
     </span>
    </p>
   </div>
   <div class='ocr_carea' id='block_1_88' title="bbox 2154 3438 3722 3531">
    <p class='ocr_par' dir='ltr' id='par_1_88' title="bbox 2154 3438 3722 3531">
     <span class='ocr_line' id='line_1_89' title="bbox 2154 3438 3722 3531; baseline 0.017 -42"><span class='ocrx_word' id='word_1_502' title='bbox 2154 3438 2354 3531; x_wconf 79' lang='grc' dir='ltr'>σχολῆς</span> <span class='ocrx_word' id='word_1_503' title='bbox 2387 3441 2668 3514; x_wconf 81' lang='grc' dir='ltr'>εὑρήσεις,</span> <span class='ocrx_word' id='word_1_504' title='bbox 2697 3447 2789 3502; x_wconf 78' lang='grc' dir='ltr'>καὶ</span> <span class='ocrx_word' id='word_1_505' title='bbox 2823 3448 3164 3522; x_wconf 77' lang='grc' dir='ltr'>ἠκονημένον</span> <span class='ocrx_word' id='word_1_506' title='bbox 3201 3455 3408 3524; x_wconf 82' lang='grc' dir='ltr'>μᾶλλον</span> <span class='ocrx_word' id='word_1_507' title='bbox 3445 3460 3722 3531; x_wconf 83' lang='grc' dir='ltr'>μαχαίρας</span> 
     </span>
    </p>
   </div>
   <div class='ocr_carea' id='block_1_89' title="bbox 2148 3529 2429 3604">
    <p class='ocr_par' dir='ltr' id='par_1_89' title="bbox 2148 3529 2429 3604">
     <span class='ocr_line' id='line_1_90' title="bbox 2148 3529 2429 3604; baseline 0.025 -21"><span class='ocrx_word' id='word_1_508' title='bbox 2148 3529 2429 3604; x_wconf 88' lang='grc' dir='ltr'>διστόμου.</span> 
     </span>
    </p>
   </div>
   <div class='ocr_carea' id='block_1_90' title="bbox 2220 3623 3238 3696">
    <p class='ocr_par' dir='ltr' id='par_1_90' title="bbox 2220 3623 3238 3696">
     <span class='ocr_line' id='line_1_91' title="bbox 2220 3623 3238 3696; baseline 0.014 -18"><span class='ocrx_word' id='word_1_509' title='bbox 2220 3623 2314 3694; x_wconf 86' lang='grc' dir='ltr'><strong>Μὴ</strong></span> <span class='ocrx_word' id='word_1_510' title='bbox 2348 3624 2454 3696; x_wconf 83' lang='grc' dir='ltr'><strong>δῷς</strong></span> <span class='ocrx_word' id='word_1_511' title='bbox 2480 3629 2702 3696; x_wconf 77' lang='grc' dir='ltr'>γυναικὶ</span> <span class='ocrx_word' id='word_1_512' title='bbox 2733 3630 2827 3686; x_wconf 84' lang='grc' dir='ltr'>τὸν</span> <span class='ocrx_word' id='word_1_513' title='bbox 2865 3631 2960 3686; x_wconf 80' lang='grc' dir='ltr'><strong>σὺν</strong></span> <span class='ocrx_word' id='word_1_514' title='bbox 2988 3633 3238 3692; x_wconf 81' lang='grc' dir='ltr'>πλοῦτον.</span> 
     </span>
    </p>
   </div>
   <div class='ocr_carea' id='block_1_91' title="bbox 2220 3715 3725 3809">
    <p class='ocr_par' dir='ltr' id='par_1_91' title="bbox 2220 3715 3725 3809">
     <span class='ocr_line' id='line_1_92' title="bbox 2220 3715 3725 3809; baseline 0.016 -42"><span class='ocrx_word' id='word_1_515' title='bbox 2220 3715 2340 3780; x_wconf 64' lang='lat' dir='ltr'><strong>rte,</strong></span> <span class='ocrx_word' id='word_1_516' title='bbox 2361 3716 2601 3786; x_wconf 86' lang='grc' dir='ltr'>φύλασσε</span> <span class='ocrx_word' id='word_1_517' title='bbox 2631 3719 2771 3790; x_wconf 86' lang='grc' dir='ltr'>ὲμὰς</span> <span class='ocrx_word' id='word_1_518' title='bbox 2798 3724 3034 3793; x_wconf 79' lang='grc' dir='ltr'>ἐντολὰς,</span> <span class='ocrx_word' id='word_1_519' title='bbox 3054 3726 3151 3780; x_wconf 74' lang='grc' dir='ltr'>καὶ</span> <span class='ocrx_word' id='word_1_520' title='bbox 3167 3728 3408 3800; x_wconf 81' lang='grc' dir='ltr'>βιώσεις,</span> <span class='ocrx_word' id='word_1_521' title='bbox 3435 3733 3521 3788; x_wconf 76' lang='grc' dir='ltr'><strong>ἵνα</strong></span> <span class='ocrx_word' id='word_1_522' title='bbox 3547 3753 3607 3790; x_wconf 90' lang='grc' dir='ltr'><strong>σε</strong></span> <span class='ocrx_word' id='word_1_523' title='bbox 3627 3753 3725 3809; x_wconf 77' lang='grc' dir='ltr'><strong>τη-</strong></span> 
     </span>
    </p>
   </div>
   <div class='ocr_carea' id='block_1_92' title="bbox 2153 3804 3558 3895">
    <p class='ocr_par' dir='ltr' id='par_1_92' title="bbox 2153 3804 3558 3895">
     <span class='ocr_line' id='line_1_93' title="bbox 2153 3804 3558 3895; baseline 0.017 -38"><span class='ocrx_word' id='word_1_524' title='bbox 2153 3804 2396 3875; x_wconf 85' lang='grc' dir='ltr'>ρήσωσιν</span> <span class='ocrx_word' id='word_1_525' title='bbox 2428 3810 2537 3862; x_wconf 87' lang='grc' dir='ltr'>ἀπὸ</span> <span class='ocrx_word' id='word_1_526' title='bbox 2566 3812 2826 3879; x_wconf 76' lang='grc' dir='ltr'>γυναικδς</span> <span class='ocrx_word' id='word_1_527' title='bbox 2851 3814 3137 3886; x_wconf 83' lang='grc' dir='ltr'>ἀλλοτρίας</span> <span class='ocrx_word' id='word_1_528' title='bbox 3168 3819 3264 3873; x_wconf 77' lang='grc' dir='ltr'>καὶ</span> <span class='ocrx_word' id='word_1_529' title='bbox 3295 3827 3558 3895; x_wconf 80' lang='grc' dir='ltr'>πονηρᾶς.</span> 
     </span>
    </p>
   </div>
   <div class='ocr_carea' id='block_1_93' title="bbox 2220 3898 3268 3981">
    <p class='ocr_par' dir='ltr' id='par_1_93' title="bbox 2220 3898 3268 3981">
     <span class='ocr_line' id='line_1_94' title="bbox 2220 3898 3268 3981; baseline 0.014 -31"><span class='ocrx_word' id='word_1_530' title='bbox 2220 3898 2363 3967; x_wconf 84' lang='grc' dir='ltr'>Γυνὴ</span> <span class='ocrx_word' id='word_1_531' title='bbox 2387 3900 2576 3969; x_wconf 83' lang='grc' dir='ltr'>τιμίας</span> <span class='ocrx_word' id='word_1_532' title='bbox 2595 3901 2774 3974; x_wconf 79' lang='grc' dir='ltr'>ψυχὰς</span> <span class='ocrx_word' id='word_1_533' title='bbox 2794 3907 3002 3980; x_wconf 87' lang='grc' dir='ltr'>ἀνδρῶν</span> <span class='ocrx_word' id='word_1_534' title='bbox 3022 3909 3268 3981; x_wconf 83' lang='grc' dir='ltr'>ἀγρεύει.</span> 
     </span>
    </p>
   </div>
   <div class='ocr_carea' id='block_1_94' title="bbox 2220 3987 3328 4065">
    <p class='ocr_par' dir='ltr' id='par_1_94' title="bbox 2220 3987 3328 4065">
     <span class='ocr_line' id='line_1_95' title="bbox 2220 3987 3328 4065; baseline 0.014 -26"><span class='ocrx_word' id='word_1_535' title='bbox 2220 3987 2429 4058; x_wconf 82' lang='grc' dir='ltr'>Χρόνος</span> <span class='ocrx_word' id='word_1_536' title='bbox 2451 3991 2676 4062; x_wconf 86' lang='grc' dir='ltr'>ἀτιμίας</span> <span class='ocrx_word' id='word_1_537' title='bbox 2699 3995 2835 4064; x_wconf 80' lang='grc' dir='ltr'>γυνὴ</span> <span class='ocrx_word' id='word_1_538' title='bbox 2861 3995 3095 4065; x_wconf 84' lang='grc' dir='ltr'>μισοῦσα</span> <span class='ocrx_word' id='word_1_539' title='bbox 3123 3998 3328 4056; x_wconf 85' lang='grc' dir='ltr'>δίκαια.</span> 
     </span>
    </p>
   </div>
   <div class='ocr_carea' id='block_1_95' title="bbox 2221 4079 3720 4170">
    <p class='ocr_par' dir='ltr' id='par_1_95' title="bbox 2221 4079 3720 4170">
     <span class='ocr_line' id='line_1_96' title="bbox 2221 4079 3720 4170; baseline 0.013 -38"><span class='ocrx_word' id='word_1_540' title='bbox 2221 4079 2363 4150; x_wconf 83' lang='grc' dir='ltr'>Γυνὴ</span> <span class='ocrx_word' id='word_1_541' title='bbox 2385 4081 2575 4166; x_wconf 87' lang='grc' dir='ltr'>άφρων</span> <span class='ocrx_word' id='word_1_542' title='bbox 2599 4084 2694 4138; x_wconf 75' lang='grc' dir='ltr'>καὶ</span> <span class='ocrx_word' id='word_1_543' title='bbox 2717 4085 2944 4156; x_wconf 85' lang='grc' dir='ltr'>θρασεῖα</span> <span class='ocrx_word' id='word_1_544' title='bbox 2976 4088 3164 4160; x_wconf 76' lang='grc' dir='ltr'>ἐνδεὴς</span> <span class='ocrx_word' id='word_1_545' title='bbox 3185 4090 3380 4162; x_wconf 80' lang='grc' dir='ltr'>ψωμοῦ</span> <span class='ocrx_word' id='word_1_546' title='bbox 3416 4094 3645 4165; x_wconf 82' lang='grc' dir='ltr'>γίνεται,</span> <span class='ocrx_word' id='word_1_547' title='bbox 3682 4098 3720 4170; x_wconf 73' lang='grc' dir='ltr'>ἢ</span> 
     </span>
    </p>
   </div>
   <div class='ocr_carea' id='block_1_96' title="bbox 2147 4172 2892 4250">
    <p class='ocr_par' dir='ltr' id='par_1_96' title="bbox 2147 4172 2892 4250">
     <span class='ocr_line' id='line_1_97' title="bbox 2147 4172 2892 4250; baseline 0.009 -24"><span class='ocrx_word' id='word_1_548' title='bbox 2147 4172 2248 4227; x_wconf 82' lang='grc' dir='ltr'>οὐκ</span> <span class='ocrx_word' id='word_1_549' title='bbox 2279 4175 2574 4231; x_wconf 76' lang='grc' dir='ltr'>ἐπίσταται</span> <span class='ocrx_word' id='word_1_550' title='bbox 2601 4178 2892 4250; x_wconf 82' lang='grc' dir='ltr'>αίσχύνην.</span> 
     </span>
    </p>
   </div>
   <div class='ocr_carea' id='block_1_97' title="bbox 2219 4349 3714 4427">
    <p class='ocr_par' dir='ltr' id='par_1_97' title="bbox 2219 4349 3714 4427">
     <span class='ocr_line' id='line_1_98' title="bbox 2219 4349 3714 4427; baseline 0.01 -24"><span class='ocrx_word' id='word_1_551' title='bbox 2219 4349 2430 4420; x_wconf 85' lang='grc' dir='ltr'>Ὠσπερ</span> <span class='ocrx_word' id='word_1_552' title='bbox 2459 4349 2679 4406; x_wconf 71' lang='grc' dir='ltr'>ἐνώτιον</span> <span class='ocrx_word' id='word_1_553' title='bbox 2708 4353 2766 4406; x_wconf 79' lang='grc' dir='ltr'>ἐν</span> <span class='ocrx_word' id='word_1_554' title='bbox 2811 4352 2920 4422; x_wconf 81' lang='grc' dir='ltr'>ῥινὶ</span> <span class='ocrx_word' id='word_1_555' title='bbox 2950 4353 3062 4422; x_wconf 84' lang='grc' dir='ltr'>ὑὸς,</span> <span class='ocrx_word' id='word_1_556' title='bbox 3084 4354 3259 4421; x_wconf 77' lang='grc' dir='ltr'>οὕτως</span> <span class='ocrx_word' id='word_1_557' title='bbox 3290 4361 3511 4427; x_wconf 78' lang='grc' dir='ltr'>γυναικὶ</span> <span class='ocrx_word' id='word_1_558' title='bbox 3547 4363 3714 4417; x_wconf 77' lang='grc' dir='ltr'>κακόο</span> 
     </span>
    </p>
   </div>
   <div class='ocr_carea' id='block_1_98' title="bbox 2145 4441 2661 4511">
    <p class='ocr_par' dir='ltr' id='par_1_98' title="bbox 2145 4441 2661 4511">
     <span class='ocr_line' id='line_1_99' title="bbox 2145 4441 2661 4511; baseline 0.008 -17"><span class='ocrx_word' id='word_1_559' title='bbox 2145 4456 2184 4510; x_wconf 89' lang='grc' dir='ltr'><strong>φ</strong></span> <span class='ocrx_word' id='word_1_560' title='bbox 2191 4456 2305 4511; x_wconf 89' lang='grc' dir='ltr'>ρονι</span> <span class='ocrx_word' id='word_1_561' title='bbox 2334 4441 2550 4506; x_wconf 88' lang='grc' dir='ltr'>κάλλος.</span> <span class='ocrx_word' id='word_1_562' title='bbox 2658 4472 2661 4476; x_wconf 96' lang='grc'><strong><em>-</em></strong></span> 
     </span>
    </p>
   </div>
   <div class='ocr_carea' id='block_1_99' title="bbox 2225 4532 3474 4614">
    <p class='ocr_par' dir='ltr' id='par_1_99' title="bbox 2225 4532 3474 4614">
     <span class='ocr_line' id='line_1_100' title="bbox 2225 4532 3474 4614; baseline 0.01 -28"><span class='ocrx_word' id='word_1_563' title='bbox 2225 4532 2285 4586; x_wconf 84' lang='grc'><strong>⁸0</strong></span> <span class='ocrx_word' id='word_1_564' title='bbox 2314 4534 2559 4604; x_wconf 88' lang='grc' dir='ltr'>κατέχων</span> <span class='ocrx_word' id='word_1_565' title='bbox 2589 4536 2877 4607; x_wconf 84' lang='grc' dir='ltr'>μοιχαλίδα</span> <span class='ocrx_word' id='word_1_566' title='bbox 2903 4537 3093 4609; x_wconf 80' lang='grc' dir='ltr'>ἄφρων</span> <span class='ocrx_word' id='word_1_567' title='bbox 3123 4540 3220 4595; x_wconf 76' lang='grc' dir='ltr'>καὶ</span> <span class='ocrx_word' id='word_1_568' title='bbox 3246 4540 3474 4614; x_wconf 78' lang='grc' dir='ltr'>ἀσεϐής.</span> 
     </span>
    </p>
   </div>
   <div class='ocr_carea' id='block_1_100' title="bbox 2215 4626 3718 4707">
    <p class='ocr_par' dir='ltr' id='par_1_100' title="bbox 2215 4626 3718 4707">
     <span class='ocr_line' id='line_1_101' title="bbox 2215 4626 3718 4707; baseline 0.007 -28"><span class='ocrx_word' id='word_1_569' title='bbox 2215 4626 2483 4697; x_wconf 85' lang='grc' dir='ltr'>Κρεῖσσον</span> <span class='ocrx_word' id='word_1_570' title='bbox 2507 4629 2677 4682; x_wconf 75' lang='grc' dir='ltr'>οἰκεῖν</span> <span class='ocrx_word' id='word_1_571' title='bbox 2707 4631 2765 4683; x_wconf 82' lang='grc' dir='ltr'>ὲν</span> <span class='ocrx_word' id='word_1_572' title='bbox 2805 4632 2998 4701; x_wconf 79' lang='grc' dir='ltr'>ἐρήμῳ</span> <span class='ocrx_word' id='word_1_573' title='bbox 3032 4631 3064 4702; x_wconf 79' lang='grc' dir='ltr'>ἢ</span> <span class='ocrx_word' id='word_1_574' title='bbox 3098 4633 3239 4702; x_wconf 85' lang='grc' dir='ltr'>μετὰ</span> <span class='ocrx_word' id='word_1_575' title='bbox 3267 4639 3524 4704; x_wconf 61' lang='grc' dir='ltr'>γυναικὸς</span> <span class='ocrx_word' id='word_1_576' title='bbox 3555 4639 3718 4707; x_wconf 86' lang='grc' dir='ltr'>μαχί-</span> 
     </span>
    </p>
   </div>
   <div class='ocr_carea' id='block_1_101' title="bbox 2147 4719 3157 4792">
    <p class='ocr_par' dir='ltr' id='par_1_101' title="bbox 2147 4719 3157 4792">
     <span class='ocr_line' id='line_1_102' title="bbox 2147 4719 3157 4792; baseline 0.008 -22"><span class='ocrx_word' id='word_1_577' title='bbox 2147 4734 2253 4787; x_wconf 87' lang='grc' dir='ltr'><strong>μου</strong></span> <span class='ocrx_word' id='word_1_578' title='bbox 2285 4721 2375 4771; x_wconf 73' lang='grc' dir='ltr'>καὶ</span> <span class='ocrx_word' id='word_1_579' title='bbox 2409 4719 2760 4787; x_wconf 83' lang='grc' dir='ltr'>γλωσσώδους</span> <span class='ocrx_word' id='word_1_580' title='bbox 2794 4723 2888 4775; x_wconf 78' lang='grc' dir='ltr'>καὶ</span> <span class='ocrx_word' id='word_1_581' title='bbox 2914 4723 3157 4792; x_wconf 80' lang='grc' dir='ltr'>ὀργίλου.</span> 
     </span>
    </p>
   </div>
   <div class='ocr_carea' id='block_1_102' title="bbox 2229 4809 3717 4885">
    <p class='ocr_par' dir='ltr' id='par_1_102' title="bbox 2229 4809 3717 4885">
     <span class='ocr_line' id='line_1_103' title="bbox 2229 4809 3717 4885; baseline 0.009 -23"><span class='ocrx_word' id='word_1_582' title='bbox 2229 4809 2362 4863; x_wconf 82' lang='grc' dir='ltr'><strong>Ἀπὸ</strong></span> <span class='ocrx_word' id='word_1_583' title='bbox 2389 4811 2488 4881; x_wconf 83' lang='grc' dir='ltr'><strong>τῆς</strong></span> <span class='ocrx_word' id='word_1_584' title='bbox 2519 4812 2810 4881; x_wconf 88' lang='grc' dir='ltr'>συγκοίτου</span> <span class='ocrx_word' id='word_1_585' title='bbox 2857 4830 2952 4868; x_wconf 91' lang='grc' dir='ltr'><strong>σου</strong></span> <span class='ocrx_word' id='word_1_586' title='bbox 3003 4815 3241 4885; x_wconf 80' lang='grc' dir='ltr'>φύλαξαι</span> <span class='ocrx_word' id='word_1_587' title='bbox 3288 4819 3382 4873; x_wconf 86' lang='grc' dir='ltr'><strong>τοῦ</strong></span> <span class='ocrx_word' id='word_1_588' title='bbox 3423 4821 3717 4876; x_wconf 73' lang='grc' dir='ltr'>ἀναθέσθαι</span> 
     </span>
    </p>
   </div>
   <div class='ocr_carea' id='block_1_103' title="bbox 2147 4899 2614 4970">
    <p class='ocr_par' dir='ltr' id='par_1_103' title="bbox 2147 4899 2614 4970">
     <span class='ocr_line' id='line_1_104' title="bbox 2147 4899 2614 4970; baseline 0.015 -18"><span class='ocrx_word' id='word_1_589' title='bbox 2147 4899 2310 4970; x_wconf 81' lang='grc' dir='ltr'>αὐτῇ,</span> <span class='ocrx_word' id='word_1_590' title='bbox 2344 4903 2399 4954; x_wconf 75' lang='grc' dir='ltr'>τὶ</span> <span class='ocrx_word' id='word_1_591' title='bbox 2425 4903 2614 4959; x_wconf 89' lang='grc' dir='ltr'>ποιῶν.</span> 
     </span>
    </p>
   </div>
   <div class='ocr_carea' id='block_1_104' title="bbox 2217 4992 3719 5074">
    <p class='ocr_par' dir='ltr' id='par_1_104' title="bbox 2217 4992 3719 5074">
     <span class='ocr_line' id='line_1_105' title="bbox 2217 4992 3719 5074; baseline 0.009 -29"><span class='ocrx_word' id='word_1_592' title='bbox 2217 4992 2310 5062; x_wconf 80' lang='grc' dir='ltr'><strong>Μὴ</strong></span> <span class='ocrx_word' id='word_1_593' title='bbox 2339 4992 2445 5063; x_wconf 84' lang='grc' dir='ltr'><strong>δῷς</strong></span> <span class='ocrx_word' id='word_1_594' title='bbox 2470 4997 2692 5065; x_wconf 77' lang='grc' dir='ltr'>γυναικὶ</span> <span class='ocrx_word' id='word_1_595' title='bbox 2715 4998 2814 5069; x_wconf 84' lang='grc' dir='ltr'>τὴν</span> <span class='ocrx_word' id='word_1_596' title='bbox 2841 4999 3024 5072; x_wconf 78' lang='grc' dir='ltr'>ψυχήν</span> <span class='ocrx_word' id='word_1_597' title='bbox 3048 5018 3142 5056; x_wconf 88' lang='grc' dir='ltr'><strong>σου</strong></span> <span class='ocrx_word' id='word_1_598' title='bbox 3167 5016 3181 5032; x_wconf 86' lang='grc'>⁶</span> <span class='ocrx_word' id='word_1_599' title='bbox 3216 5004 3292 5074; x_wconf 82' lang='grc' dir='ltr'>μὴ</span> <span class='ocrx_word' id='word_1_600' title='bbox 3329 5005 3543 5061; x_wconf 81' lang='grc' dir='ltr'>ὑπάντα</span> <span class='ocrx_word' id='word_1_601' title='bbox 3567 5007 3719 5060; x_wconf 72' lang='grc' dir='ltr'>ἐταιο</span> 
     </span>
    </p>
   </div>
   <div class='ocr_carea' id='block_1_105' title="bbox 2152 5084 3720 5168">
    <p class='ocr_par' dir='ltr' id='par_1_105' title="bbox 2152 5084 3720 5168">
     <span class='ocr_line' id='line_1_106' title="bbox 2152 5084 3720 5168; baseline 0.006 -29"><span class='ocrx_word' id='word_1_602' title='bbox 2152 5084 2432 5158; x_wconf 77' lang='grc' dir='ltr'>ριζομένῃ,</span> <span class='ocrx_word' id='word_1_603' title='bbox 2476 5089 2617 5157; x_wconf 81' lang='grc' dir='ltr'>μετὰ</span> <span class='ocrx_word' id='word_1_604' title='bbox 2635 5090 2944 5164; x_wconf 82' lang='grc' dir='ltr'>ψαλλούσης</span> <span class='ocrx_word' id='word_1_605' title='bbox 2969 5095 3045 5166; x_wconf 78' lang='grc' dir='ltr'>μὴ</span> <span class='ocrx_word' id='word_1_606' title='bbox 3079 5095 3404 5167; x_wconf 74' lang='grc' dir='ltr'>ἐνδελέχιξε.</span> <span class='ocrx_word' id='word_1_607' title='bbox 3439 5098 3720 5168; x_wconf 85' lang='grc' dir='ltr'>Παρθένον</span> 
     </span>
    </p>
   </div>
   <div class='ocr_carea' id='block_1_106' title="bbox 2150 5173 3720 5257">
    <p class='ocr_par' dir='ltr' id='par_1_106' title="bbox 2150 5173 3720 5257">
     <span class='ocr_line' id='line_1_107' title="bbox 2150 5173 3720 5257; baseline 0.007 -30"><span class='ocrx_word' id='word_1_608' title='bbox 2150 5173 2226 5243; x_wconf 82' lang='grc' dir='ltr'>μὴ</span> <span class='ocrx_word' id='word_1_609' title='bbox 2254 5177 2659 5244; x_wconf 88' lang='grc' dir='ltr'>καταμάνθανε.</span> <span class='ocrx_word' id='word_1_610' title='bbox 2690 5180 3065 5254; x_wconf 80' lang='grc' dir='ltr'>Ἀπόστρεψον</span> <span class='ocrx_word' id='word_1_611' title='bbox 3093 5186 3217 5250; x_wconf 83' lang='grc' dir='ltr'>τοὺς</span> <span class='ocrx_word' id='word_1_612' title='bbox 3262 5188 3576 5257; x_wconf 78' lang='grc' dir='ltr'>ὀφθαλμούς</span> <span class='ocrx_word' id='word_1_613' title='bbox 3622 5205 3720 5239; x_wconf 80' lang='grc' dir='ltr'><strong>σου</strong></span> 
     </span>
    </p>
   </div>
   <div class='ocr_carea' id='block_1_107' title="bbox 2144 5264 3724 5348">
    <p class='ocr_par' dir='ltr' id='par_1_107' title="bbox 2144 5264 3724 5348">
     <span class='ocr_line' id='line_1_108' title="bbox 2144 5264 3724 5348; baseline 0.01 -32"><span class='ocrx_word' id='word_1_614' title='bbox 2144 5264 2253 5318; x_wconf 82' lang='grc' dir='ltr'>ἀπὸ</span> <span class='ocrx_word' id='word_1_615' title='bbox 2289 5271 2547 5334; x_wconf 89' lang='grc' dir='ltr'>γυναικὸς</span> <span class='ocrx_word' id='word_1_616' title='bbox 2576 5271 2875 5342; x_wconf 83' lang='grc' dir='ltr'>εὐμόρφου.</span> <span class='ocrx_word' id='word_1_617' title='bbox 2923 5277 3078 5332; x_wconf 88' lang='grc' dir='ltr'>Μετά</span> <span class='ocrx_word' id='word_1_618' title='bbox 3129 5279 3405 5348; x_wconf 82' lang='grc' dir='ltr'>ὑπάνδρου</span> <span class='ocrx_word' id='word_1_619' title='bbox 3459 5279 3724 5347; x_wconf 76' lang='grc' dir='ltr'>γυναικὸς</span> 
     </span>
    </p>
   </div>
   <div class='ocr_carea' id='block_1_108' title="bbox 2147 5355 3723 5441">
    <p class='ocr_par' dir='ltr' id='par_1_108' title="bbox 2147 5355 3723 5441">
     <span class='ocr_line' id='line_1_109' title="bbox 2147 5355 3723 5441; baseline 0.011 -33"><span class='ocrx_word' id='word_1_620' title='bbox 2147 5355 2224 5425; x_wconf 82' lang='grc' dir='ltr'>μὴ</span> <span class='ocrx_word' id='word_1_621' title='bbox 2259 5357 2426 5412; x_wconf 86' lang='grc' dir='ltr'>κάθου</span> <span class='ocrx_word' id='word_1_622' title='bbox 2459 5361 2520 5413; x_wconf 82' lang='grc' dir='ltr'>τὸ</span> <span class='ocrx_word' id='word_1_623' title='bbox 2551 5362 2795 5420; x_wconf 88' lang='grc' dir='ltr'>σύνολον.</span> <span class='ocrx_word' id='word_1_624' title='bbox 2830 5368 2918 5422; x_wconf 87' lang='grc' dir='ltr'>Ἐν</span> <span class='ocrx_word' id='word_1_625' title='bbox 2946 5369 3130 5423; x_wconf 84' lang='grc' dir='ltr'>κάλλει</span> <span class='ocrx_word' id='word_1_626' title='bbox 3157 5372 3265 5440; x_wconf 89' lang='grc' dir='ltr'><strong>γὰρ</strong></span> <span class='ocrx_word' id='word_1_627' title='bbox 3295 5374 3557 5441; x_wconf 86' lang='grc' dir='ltr'>γυναικὸς</span> <span class='ocrx_word' id='word_1_628' title='bbox 3591 5374 3723 5426; x_wconf 84' lang='grc' dir='ltr'>πολ-</span> 
     </span>
    </p>
   </div>
   <div class='ocr_carea' id='block_1_109' title="bbox 2143 5446 2669 5524">
    <p class='ocr_par' dir='ltr' id='par_1_109' title="bbox 2143 5446 2669 5524">
     <span class='ocr_line' id='line_1_110' title="bbox 2143 5446 2669 5524; baseline 0.021 -24"><span class='ocrx_word' id='word_1_629' title='bbox 2143 5446 2228 5501; x_wconf 84' lang='grc' dir='ltr'>λοὶ</span> <span class='ocrx_word' id='word_1_630' title='bbox 2263 5449 2669 5524; x_wconf 76' lang='grc' dir='ltr'>ἐπλανήθησαν.</span> 
     </span>
    </p>
   </div>
   <div class='ocr_carea' id='block_1_110' title="bbox 2217 5533 3496 5620">
    <p class='ocr_par' dir='ltr' id='par_1_110' title="bbox 2217 5533 3496 5620">
     <span class='ocr_line' id='line_1_111' title="bbox 2217 5533 3496 5620; baseline 0.011 -29"><span class='ocrx_word' id='word_1_631' title='bbox 2217 5533 2376 5604; x_wconf 76' lang='grc' dir='ltr'>Οἶνος</span> <span class='ocrx_word' id='word_1_632' title='bbox 2407 5543 2498 5595; x_wconf 77' lang='grc' dir='ltr'>καὶ</span> <span class='ocrx_word' id='word_1_633' title='bbox 2521 5546 2780 5612; x_wconf 88' lang='grc' dir='ltr'>γυναῖκες</span> <span class='ocrx_word' id='word_1_634' title='bbox 2809 5547 3184 5620; x_wconf 83' lang='grc' dir='ltr'>ἀποστήσουσι</span> <span class='ocrx_word' id='word_1_635' title='bbox 3214 5553 3496 5616; x_wconf 81' lang='grc' dir='ltr'>συνετούς.</span> 
     </span>
    </p>
   </div>
   <div class='ocr_carea' id='block_1_111' title="bbox 538 5752 3726 5833">
    <p class='ocr_par' dir='ltr' id='par_1_111' title="bbox 538 5752 3726 5833">
     <span class='ocr_line' id='line_1_112' title="bbox 538 5752 3726 5833; baseline 0.005 -22"><span class='ocrx_word' id='word_1_636' title='bbox 538 5759 618 5833; x_wconf 87' lang='lat' dir='ltr'><strong>(l_)</strong></span> <span class='ocrx_word' id='word_1_637' title='bbox 649 5757 888 5833; x_wconf 64' lang='lat' dir='ltr'><strong>Videtur</strong></span> <span class='ocrx_word' id='word_1_638' title='bbox 913 5754 1093 5824; x_wconf 90' lang='lat' dir='ltr'><strong>potius</strong></span> <span class='ocrx_word' id='word_1_639' title='bbox 1109 5753 1514 5833; x_wconf 73' lang='lat' dir='ltr'><strong>_invertendum_</strong></span> <span class='ocrx_word' id='word_1_640' title='bbox 1554 5762 1615 5833; x_wconf 76' lang='lat' dir='ltr'><strong>ut</strong></span> <span class='ocrx_word' id='word_1_641' title='bbox 1640 5752 1711 5808; x_wconf 85' lang='lat' dir='ltr'><strong>sit</strong></span> <span class='ocrx_word' id='word_1_642' title='bbox 1749 5771 1765 5808; x_wconf 89' lang='lat'><strong>:</strong></span> <span class='ocrx_word' id='word_1_643' title='bbox 1802 5752 2034 5810; x_wconf 77' lang='lat' dir='ltr'><strong>Parvum</strong></span> <span class='ocrx_word' id='word_1_644' title='bbox 2067 5753 2278 5825; x_wconf 86' lang='lat' dir='ltr'><strong>quidem</strong></span> <span class='ocrx_word' id='word_1_645' title='bbox 2306 5755 2606 5827; x_wconf 82' lang='lat' dir='ltr'><strong>pulchrum,</strong></span> <span class='ocrx_word' id='word_1_646' title='bbox 2635 5776 2886 5833; x_wconf 85' lang='lat' dir='ltr'><strong>magnum</strong></span> <span class='ocrx_word' id='word_1_647' title='bbox 2919 5773 3100 5820; x_wconf 83' lang='lat' dir='ltr'><strong>autem</strong></span> <span class='ocrx_word' id='word_1_648' title='bbox 3153 5767 3393 5832; x_wconf 80' lang='lat' dir='ltr'><strong>malum;</strong></span> <span class='ocrx_word' id='word_1_649' title='bbox 3443 5771 3614 5827; x_wconf 82' lang='grc' dir='ltr'>καλὸν</span> <span class='ocrx_word' id='word_1_650' title='bbox 3665 5781 3726 5831; x_wconf 91' lang='lat' dir='ltr'><strong>et</strong></span> 
     </span>
    </p>
   </div>
   <div class='ocr_carea' id='block_1_112' title="bbox 471 5824 1892 5898">
    <p class='ocr_par' dir='ltr' id='par_1_112' title="bbox 471 5824 1892 5898">
     <span class='ocr_line' id='line_1_113' title="bbox 471 5824 1892 5898; baseline -0.003 -17"><span class='ocrx_word' id='word_1_651' title='bbox 471 5824 640 5884; x_wconf 57' lang='grc' dir='ltr'>καθιδν</span> <span class='ocrx_word' id='word_1_652' title='bbox 671 5827 813 5898; x_wconf 90' lang='lat' dir='ltr'><strong>apud</strong></span> <span class='ocrx_word' id='word_1_653' title='bbox 847 5826 1067 5884; x_wconf 85' lang='lat' dir='ltr'><strong>Graecos</strong></span> <span class='ocrx_word' id='word_1_654' title='bbox 1104 5824 1264 5881; x_wconf 89' lang='lat' dir='ltr'><strong>facile</strong></span> <span class='ocrx_word' id='word_1_655' title='bbox 1303 5824 1606 5894; x_wconf 88' lang='lat' dir='ltr'><strong>permutari</strong></span> <span class='ocrx_word' id='word_1_656' title='bbox 1638 5833 1892 5894; x_wconf 85' lang='lat' dir='ltr'><strong>possunt.</strong></span> 
     </span>
    </p>
   </div>
  </div>
