4056 6416
337 371 475 434 1089

410 481 596 536 Πᾶσαν
625 481 893 550 πονηρίαν
929 482 1023 536 καὶ
1048 483 1125 553 μὴ
1156 482 1421 554 πονηρίαν
1455 482 1742 550 γυναικός.

409 575 503 644 Μὴ
531 573 637 644 δῷς
669 572 822 626 ὕδατι
852 573 1104 642 διέξοδον,
1141 574 1276 645 μηδέ
1303 575 1531 642 γυναικὶ
1559 575 1774 644 πονηρᾷ
1797 573 1918 628 ἆνε-

342 683 448 722 σιν.
475 665 539 720 El
576 667 650 736 μὴ
676 665 974 736 πορεύεται
994 666 1154 721 ,κατὰ
1178 667 1369 738 χεῖράς
1393 684 1508 734 σου,
1533 666 1642 721 ἀπὸ
1661 665 1770 720 τῶν
1790 683 1921 738 σαρ-

344 758 457 811 κῶν
484 773 581 810 σου
604 757 851 827 ἀπότεμε
882 758 1072 829 αὐτήν.

410 850 744 920 Συνοικῆσαι
766 850 944 904 λέοντι
978 851 1078 905 καὶ
1108 852 1363 919 δράκοντι
1398 851 1712 923 εύδόκησαι,
1739 854 1772 925 ἢ
1798 870 1922 908 συν·

342 943 562 1012 οικῆσαι
601 944 739 1014 μετὰ
766 943 1026 1012 γυναικὸς
1048 947 1318 1017 πονηρᾶς.

414 1035 605 1105 Μικρὰ
634 1037 783 1089 πᾶσα
807 1037 980 1091 κακία
1007 1037 1144 1107 πρὸς
1168 1037 1370 1092 κακίαν
1393 1036 1656 1106 γυναικός
1681 1051 1695 1067 ·
1722 1036 1925 1112 κλῆρος

348 1125 676 1198 ἁμαρτωλοῦ
705 1128 941 1198 ἐπιπέσῃ
973 1129 1058 1181 ἐπ’
1092 1129 1288 1199 αὐτήν.

435 1219 566 1272 ’Δπὸ
594 1220 857 1287 γυναικὸς
886 1220 1028 1291 ἀρχὴ
1055 1221 1358 1293 ἁμαρτίας,
1382 1223 1477 1278 καὶ
1505 1223 1554 1277 δι
1601 1224 1769 1294 αὐτῆς
1795 1224 1928 1278 ἀπο-

346 1311 656 1381 θνήσκομεν
689 1312 914 1376 πάντες.

415 1401 509 1471 Μὴ
539 1401 646 1472 δῷς
680 1403 903 1470 γυναικὶ
937 1406 1153 1477 πονηρᾷ
1177 1407 1516 1478 παρρησίαν.

430 1582 600 1652 Ὀργὴ
634 1584 846 1656 μεγάλη
878 1585 1018 1656 γυνὴ
1052 1585 1332 1655 μέθυσος.

421 1679 637 1750 Καρδία
683 1679 901 1747 πονηρὰ
951 1679 1050 1734 καὶ
1088 1682 1383 1750 πρόσωπον
1436 1680 1786 1752 σκυθρωπὸν,
1834 1683 1930 1736 καὶ

350 1770 537 1842 πληγὴ
575 1769 823 1841 καρδίας,
857 1771 996 1842 γυνὴ
1025 1772 1240 1842 πονηρὰ
1263 1772 1701 1843 ἁντιτασσομένη
1731 1772 1810 1842 τῷ
1835 1774 1929 1827 ἅν-

354 1864 444 1932 δρὶ
475 1863 669 1932 αὐτῆς.

423 1953 660 2024 Πορνεία
692 1953 955 2022 γυναικὸς
978 1955 1036 2008 ἐν
1062 1956 1466 2027 μετεωρισμοῖς
1487 1954 1786 2026 ὀφθαλμῶν
1833 1956 1928 2011 καὶ

356 2049 413 2096 ὲν
446 2048 558 2109 τοῖς
588 2045 884 2117 βλεφάροις
917 2046 1089 2119 αὐτῆς
1121 2048 1520 2117 γνωσθήσεται.

421 2138 696 2208 Κρεῖσσον
726 2137 965 2210 πονηρία
996 2138 1190 2210 ἀνδρός
1219 2139 1252 2210 ἢ
1282 2137 1612 2206 ἀγαθοποιός
1637 2140 1797 2208 γυνή.

429 2224 567 2278 Ἀπὸ
598 2225 835 2296 ἱματίων
867 2225 1230 2297 ἐκπορεύεται
1265 2228 1386 2298 σὴς,
1418 2229 1514 2282 καὶ
1541 2228 1648 2282 ἀπο
1670 2229 1932 2298 γυναικὸς

353 2315 614 2386 πονηρία.

439 2405 568 2460 Ἐπὶ
602 2406 828 2475 γυναικὶ
859 2409 1079 2480 πονηρᾷ
1117 2408 1282 2462 καλὸν
1317 2410 1577 2480 σφραγίς.

428 2497 572 2570 Γυνὴ
605 2499 986 2570 μεγαλόφωνος
1015 2501 1111 2554 καὶ
1133 2500 1460 2573 γλωσσὼδης
1483 2502 1672 2577 ὥσπερ
1695 2505 1933 2577 σάλπιγξ

357 2590 634 2660 πολεμίων
661 2591 746 2654 είς
770 2591 979 2664 τροπὴν
1011 2591 1448 2665 θεωρηθήσεται.

430 2681 646 2755 Ὥσπερ
677 2684 787 2755 γὰρ
817 2685 884 2738 τὰ
913 2685 1193 2756 ἐπίσαθρα
1236 2686 1344 2742 τῶν
1375 2688 1579 2742 πλοίων
1617 2691 1934 2761 καταιγίδες

358 2773 454 2827 καὶ
497 2771 657 2839 ξάλαι
705 2775 1018 2847 ὑποϐρύχια
1049 2779 1325 2848 φέρουσιν,
1373 2778 1548 2845 οὕτως
1591 2782 1650 2835 αἱ
1696 2789 1934 2856 πονηραὶ

356 2863 467 2918 τῶν
521 2867 801 2935 γυναικῶν
855 2867 1126 2932 διαθέσεις
1179 2870 1280 2934 τὰς
1323 2870 1574 2937 ἀσθενεῖς
1617 2872 1794 2946 ψυχὰς
1823 2877 1932 2932 τῶν

358 2959 761 3013 συνοικούντων
790 2959 1198 3027 καταϐαπτίζου
1207 2980 1313 3019 σιν.
1911 3026 1917 3030 ,

428 3050 565 3105 Τότε
622 3048 804 3123 [πότε]
861 3049 956 3105 οὖν
1000 3052 1181 3124 ψυχῆς
1227 3055 1623 3126 ἐπιμελήσεται
1675 3058 1705 3112 ὁ
1745 3076 1934 3127 γυναι-

358 3140 539 3206 κείαις
595 3141 913 3214 ἐπιθυμίαις
973 3145 1406 3216 δεδουλωμένος;
1459 3149 1636 3214 οὐδεὶς
1687 3150 1796 3222 γὰρ
1847 3152 1935 3220 ἐξ-

356 3235 522 3304 αρκεῖ
570 3235 824 3304 πλοῦτος,
867 3237 1210 3306 γυναικείαις
1254 3239 1573 3311 ἐπιθυμίαις
1626 3242 1932 3316 ὑπηρετού-

363 3342 545 3395 μενος.

426 3420 494 3473 Δί
522 3421 632 3474 τῶν
673 3421 950 3490 γυναικῶν
1003 3425 1428 3496 ἀφρονέσταται,
1457 3426 1760 3496 ἀποροῦσαι
1805 3430 1936 3483 κάλ-

360 3508 487 3575 λους
518 3513 748 3583 οἰκείου,
781 3515 920 3585 πρὸς
970 3517 1038 3569 τὰ
1068 3519 1327 3587 χρήματα
1367 3519 1809 3587 καταφεύγουσι·
1845 3523 1938 3576 καὶ

361 3601 522 3668 εἰσὶν,
553 3603 629 3668 ὠς
687 3605 755 3660 ἂν
805 3607 1036 3678 εἴποιμι,
1085 3608 1333 3678 κοσμίως
1381 3609 1823 3681 θεατριζόμεναι,
1868 3613 1937 3666 δι’

358 3695 780 3771 εὐσχημοσύνην
837 3703 1169 3772 ἀσχήμονες,
1220 3701 1317 3757 καὶ
1359 3702 1434 3759 δι’
1475 3699 1664 3778 αἶσχος
1716 3709 1940 3780 αἰσχρό-

357 3804 538 3858 τεραι.

439 3881 504 3934 Ὠ
535 3883 706 3937 κακὸν
733 3888 906 3940 κακοῦ
935 3890 1218 3957 κάκιστον,
1253 3890 1390 3964 γυνὴ
1417 3893 1653 3964 πονηρά.

434 4066 616 4119 Δεινὸν
644 4065 960 4136 δράκοντες,
993 4071 1091 4124 καὶ
1123 4071 1436 4144 κακοῦργον
1467 4073 1717 4138 ἀσπίδες.

435 4158 607 4225 Διπλῆ
640 4160 905 4226 γυναικὸς
939 4161 1182 4234 δεινότης
1207 4165 1264 4217 ἐν
1303 4164 1537 4235 θηρίοις.

436 4247 580 4317 Γυνὴ
615 4249 1136 4320 πονηρὰ-οὐδέποτε
1181 4252 1510 4323 ἡμεροῦται,
1555 4253 1672 4308 ἀλλ’
1709 4254 1933 4326 ὑϐριζο-

364 4334 500 4406 μένη
529 4337 806 4406 μαίνεται,
836 4341 933 4394 καὶ
963 4342 1375 4414 κολακευομένη
1402 4343 1715 4416 ἐπαίρεται.

1108 367 1281 429 LOCI
1321 367 1760 430 COMMUNES.
1806 391 1853 400 -
1900 367 2093 426 PARS
2134 367 2212 428 II.
2258 366 2514 425 SERMO
2546 364 2815 429 XXXIV.

3461 365 3603 430 1090

1939 485 1993 544 Α
2088 481 2315 536 Omnem
2353 482 2616 536 malitiam
2649 491 2704 536 et
2736 497 2844 535 non
2896 481 3160 535 malitiam
3195 478 3462 537 mulieris.

2091 574 2261 643 Aqua:
2291 589 2362 630 ne
2385 574 2484 629 des
2510 576 2718 630 exitum
2736 613 2752 638 ,
2774 589 2873 628 nec
2901 574 3113 628 mulieri
3147 573 3410 644 improbae
3437 576 3604 630 licen-

2023 663 2154 718 tiam
2183 665 2266 720 :si
2291 665 2430 720 nolit
2458 674 2770 721 monentem
2796 674 2847 721 te
2867 665 3079 730 audire,
3113 665 3371 720 desecato
3395 681 3512 720 eam
3535 667 3606 722 de

2024 771 2192 811 carne
2226 767 2340 812 lllﬂ.

2099 848 2258 918 175
2313 848 2446 905 Cum
2501 852 2659 907 leone
2712 860 2768 908 et
2801 851 3043 907 dracone
3074 851 3259 919 potius
3312 850 3600 917 babitato,

2025 953 2189 1007 quam
2232 955 2355 993 cum
2390 942 2615 997 muliere
2646 944 2916 1013 improba.

2097 1029 2293 1085 Omnia
2321 1033 2453 1088 vitia
2487 1049 2653 1103 parva
2691 1047 2840 1099 sunt,
2891 1037 2937 1091 si
2985 1053 3108 1091 cum
3163 1037 3411 1092 mulieris
3447 1036 3600 1094 vitiis

2027 1131 2442 1191 comparentur.
2473 1122 2607 1180 Sors
2631 1126 2888 1181 scelerati
2918 1128 2972 1181 in
3010 1144 3128 1182 eam
3159 1128 3390 1184 incidat.

2099 1212 2180 1270 Ex
2213 1216 2444 1272 muliere
2480 1217 2688 1286 peccati
2724 1219 2938 1273 initium
2982 1229 3090 1286 est,
3117 1230 3170 1276 et
3197 1237 3292 1291 per
3325 1237 3446 1277 eam
3481 1238 3608 1278 om-

2029 1322 2129 1363 nes
2167 1308 2330 1363 morti
2359 1308 2646 1365 debemur.

2102 1400 2371 1470 Improbat
2415 1402 2629 1458 mulieri
2673 1403 2953 1459 licentiam
3012 1405 3269 1476 loquendi
3317 1423 3385 1463 ne
3415 1424 3609 1463 conce-

2029 1492 2167 1548 dito.

2101 1585 2184 1638 Ira
2235 1602 2428 1657 magna
2473 1598 2558 1644 est
2597 1591 2790 1645 mulier
2825 1593 3064 1648 ebriosa.

2100 1677 2208 1732 Cor
2233 1679 2436 1733 malum
2467 1689 2520 1735 et
2574 1684 2758 1738 vultus
2810 1686 2982 1740 tristis
3021 1686 3313 1756 cordisque
3363 1668 3564 1744 vulnus
3591 1728 3608 1756 ,

2035 1767 2176 1822 mala
2209 1771 2406 1826 mulier
2432 1773 2551 1829 viro
2582 1788 2682 1828 suo
2719 1775 3008 1833 resistens.

2107 1941 2380 2000 Scortatio
2427 1945 2672 2002 mulieris
2709 1947 2763 2003 in
2808 1949 3048 2009 elatione
3115 1955 3400 2011 oculorum
3447 1966 3501 2013 et
3551 1957 3607 2014 in

2033 2033 2309 2103 palpebris
2339 2035 2453 2092 suis
2484 2048 2837 2106 aguoscetur.

2109 2126 2335 2180 Przestat
2361 2128 2570 2182 malitia
2603 2130 2730 2198 viri,
2765 2147 2928 2202 quam
2963 2135 3208 2192 beneﬁca
3243 2140 3460 2196 mulier.

2102 2217 2178 2269 Ex
2223 2219 2562 2276 vestimentis
2614 2224 2899 2280 enascitur
2943 2225 3110 2294 tinea,
3167 2239 3222 2286 et
3263 2246 3328 2286 ex
3384 2235 3610 2291 muliere

2035 2306 2264 2360 malitia.

2108 2394 2165 2449 ln
2199 2399 2429 2454 muliere
2457 2399 2704 2470 improba
2747 2403 2949 2459 bonum
2975 2414 3059 2461 est
3088 2408 3352 2476 sigillum.

2110 2489 2306 2546 Mulier
2343 2493 2584 2550 clamosa
2646 2505 2697 2551 et
2731 2496 2954 2568 linguax
2995 2504 3150 2570 quasi
3191 2505 3322 2559 tuba
3371 2505 3609 2566 hostium

2037 2579 2104 2636 ad
2141 2580 2321 2652 fugam
2347 2585 2707 2655 spectabitur.

2110 2671 2173 2729 S.
2222 2673 2438 2732 Basilii.
2491 2676 2565 2733 Ut
2610 2679 2756 2734 enim
2805 2696 2974 2740 naves
3023 2695 3212 2755 putres
3261 2692 3508 2758 procellae
3555 2702 3614 2749 et

2040 2772 2394 2836 tempestates
2457 2769 2804 2842 demergunt,
2865 2777 2944 2831 sic
2995 2776 3240 2848 improba
3317 2787 3608 2842 mulierum

2037 2860 2221 2916 studia
2252 2871 2308 2916 et
2361 2861 2678 2920 aﬂ‘ectiones
2708 2866 3011 2926 imbecillas
3037 2873 3465 2934 cohabitantium
3495 2882 3614 2937 ani-

2039 2965 2158 3007 mas
2189 2951 2387 3008 misere
2417 2958 2780 3026 submergunt
2827 2967 2882 3013 et
2909 2962 3166 3031 perdunt.

2110 3042 2341 3109 Quando
2392 3047 2555 3118 igitur
2627 3050 2795 3105 animi
2868 3053 2952 3108 sui
3012 3070 3202 3112 curam
3264 3071 3451 3129 geret,
3517 3080 3613 3134 qui

2042 3135 2322 3191 amoribus
2357 3139 2656 3222 mulierum
2725 3145 2882 3213 quasi
2933 3161 3128 3204 servus
3178 3149 3428 3208 addictus
3480 3157 3614 3211 est?

2038 3226 2211 3285 Nullae
2259 3231 2403 3286 enim
2455 3249 2587 3305 opes
2620 3236 2755 3292 satis
2793 3245 2922 3294 sunt
2971 3242 3362 3311 cupiditatibus
3412 3249 3610 3305 mulie-

2039 3335 2184 3376 rum.

2114 3413 2379 3486 Tlieologi.
2405 3415 2662 3476 Mulieres
2694 3420 3172 3492 insipientissimte
3201 3428 3614 3498 pulchritudine

2043 3519 2143 3560 sua
2168 3516 2420 3562 carentes
2451 3510 2515 3563 ad
2571 3514 2834 3580 pecunias
2863 3516 3186 3586 confugiunt
3215 3535 3228 3572 :
3269 3533 3333 3573 ac
3369 3531 3499 3577 sunt
3534 3523 3617 3589 (ut

2042 3599 2125 3653 sic
2150 3597 2351 3669 dicam)
2387 3601 2644 3658 theatrali
2671 3614 2864 3660 ornatu
2890 3609 3224 3675 conspicuae,
3259 3611 3619 3680 prapterfur-

2043 3703 2185 3742 mam
2233 3689 2504 3746 deformes
2571 3701 2626 3747 et
2695 3704 2914 3764 propter
2969 3695 3373 3753 deformitatem
3428 3699 3614 3755 defor-

2042 3782 2154 3838 mio
2162 3798 2268 3840 res.

2111 3877 2172 3935 S.
2205 3882 2475 3954 Cltrysost.
2513 3883 2558 3940 Ο
2587 3884 2789 3940 malum
2824 3884 3018 3954 quovis
3050 3884 3196 3940 malo
3237 3884 3393 3956 pejus
3426 3887 3619 3942 mulie-

2043 3986 2160 4031 rem
2195 3977 2499 4048 improbam
2529 3975 2542 4029 l

2116 4071 2306 4139 Asperi
2357 4078 2487 4125 sunt
2534 4070 2838 4136 dracones,
2884 4067 3103 4139 aspides
3155 4068 3465 4133 maleﬁcae;

2119 4162 2226 4216 Sed
2258 4163 2500 4236 mulieris
2534 4162 2802 4232 asperitas
2839 4161 3092 4216 acerbior
3119 4175 3283 4232 quam
3315 4161 3582 4216 ferarum.

2118 4251 2368 4323 lmproba
2435 4255 2631 4308 mulier
2664 4269 2942 4324 nunquam
2996 4255 3360 4320 mansueﬁet;
3412 4255 3473 4314 .'si
3521 4254 3623 4308 du-

2045 4343 2162 4399 rius
2194 4354 2480 4411 tractetur,
2514 4345 2648 4400 furit
2677 4364 2692 4401 :
2725 4347 2772 4402 si
2800 4346 3076 4412 blandius,
3111 4345 3322 4401 tollitur
3379 4354 3433 4401 et
3481 4346 3622 4402 elata

1939 4481 1945 4488 .
2042 4445 2152 4492 est.

436 4516 665 4588 Σίδηρον
695 4517 867 4586 ἐψείν,
891 4517 924 4590 ἦ
960 4519 1234 4575 νουθετεῖν
1263 4523 1496 4591 γυναῖκα
1525 4524 1674 4595 ῥᾷον.

436 4695 762 4749 Γινωσκέτω
797 4695 824 4749 ὁ
850 4693 990 4766 ἔχων
1011 4697 1247 4762 γυναῖκα
1273 4697 1538 4767 πονηρὰν,
1572 4696 1654 4751 ὅτι
1681 4695 1782 4768 ἤδη
1817 4697 1945 4762 τοὺς

369 4788 596 4858 μισθοὺς
631 4787 798 4841 αὐτοῦ
827 4790 935 4843 τῶν
961 4787 1204 4857 ἀνομιῶν
1235 4789 1556 4860 ἐκομίσατο.

440 4881 609 4935 Οὐδὲν
662 4883 720 4936 ἐν
760 4882 953 4954 κόσμῳ
986 4883 1176 4956 θηρίον
1206 4883 1511 4955 ἐφάμιλλον
1540 4885 1804 4953 γυναικὸς
1846 4903 1946 4942 πο-

369 4976 566 5044 νηρᾶς.

442 5065 508 5119 Τί
533 5064 838 5136 δεινότερον
879 5067 1095 5132 λέοντος
1143 5069 1202 5123 ἐν
1241 5068 1606 5140 τετράποσιν;
1636 5069 1772 5124 τίδὲ
1804 5071 1951 5141 ὠμό-

1973 4526 2020 4583 1)
2119 4526 2348 4584 Ferrum
2369 4542 2626 4598 coquere,
2644 4543 2807 4599 quam
2841 4527 3126 4585 mulierem
3161 4527 3454 4584 emendare
3480 4527 3620 4585 laci-

2049 4620 2177 4675 lius.

2121 4714 2222 4780 Qui
2255 4705 2439 4768 habet
2482 4728 2708 4768 uxorem
2752 4713 2968 4776 malam,
3004 4728 3230 4770 suorum
3268 4728 3328 4769 se
3367 4721 3617 4784 peccato-

2049 4821 2170 4861 rum
2208 4806 2514 4860 mercedem
2544 4804 2824 4873 accepisse
2853 4805 3137 4875 intelligat.
3592 4808 3594 4810 ’

2122 4897 2279 4951 Nulla
2309 4897 2363 4950 in
2393 4895 2592 4952 mundo
2614 4896 2793 4951 bellua
2817 4903 2920 4962 est,
2946 4911 3068 4965 quae
3097 4912 3221 4953 cum
3249 4897 3479 4952 muliere
3505 4898 3610 4954 im-

2051 4990 2221 5060 proba
2250 4987 2584 5043 conferatur.

2121 5078 2262 5144 Quid
2308 5080 2464 5134 leone
2509 5078 2654 5133 inter
2705 5078 3087 5148 quadrupedes
3152 5079 3426 5136 ferocius?
3477 5080 3620 5150 Quid

367 5175 528 5229 τερον
555 5159 850 5228 δράκοντος
875 5160 933 5214 ἐν
967 5160 1258 5233 ἐρπετοῖς;
1291 5161 1434 5216 Ἀλλ’
1468 5162 1643 5230 οὐδὲν,
1682 5161 1820 5234 πλὴν
1847 5180 1932 5232 γυ-

2053 5172 2329 5228 crudelius
2358 5173 2594 5228 dracone
2632 5171 2774 5227 inter
2805 5173 3116 5242 serpentia?
3142 5173 3292 5230 Nihil
3343 5176 3447 5232 nisi
3501 5192 3624 5234 mu-

369 5250 554 5314 ναικὸς
587 5252 859 5322 πονηρᾶς.

446 5342 629 5398 Δεινὸν
652 5343 1048 5416 πενιχροτὲραν
1073 5345 1270 5402 ἑαυτοῦ
1294 5343 1481 5400 λαϐεῖν
1505 5349 1762 5416 γυναῖκα,
1777 5345 1952 5400 δεινὸν

2052 5263 2154 5318 lier
2187 5264 2453 5334 improba.
3101 5320 3106 5324 .

2125 5355 2394 5409 Acerbum
2424 5362 2510 5411 est
2528 5356 2907 5425 pauperiorem
2940 5356 3166 5414 duxisse
3194 5373 3446 5424 uxorem,
3474 5376 3626 5417 acer-

373 5437 778 5508 εὐπορωτέραν.
809 5439 882 5493 Τὸ
909 5440 1008 5511 μὲν
1033 5441 1142 5511 γὰρ
1172 5442 1253 5504 είς
1273 5441 1376 5514 τὴν
1420 5443 1611 5496 οὐσίαν
1642 5443 1866 5512 ἔϐλαψε,
1893 5441 1932 5500 τί

2055 5448 2185 5501 bum
2217 5447 2344 5501 item
2374 5448 2770 5517 opulentiorem
2794 5465 2806 5501 :
2829 5449 2960 5505 illud
2981 5451 3126 5505 enim
3157 5467 3296 5517 rem,
3315 5452 3418 5507 boc
3442 5466 3629 5509 aucto-

373 5529 428 5582 δέ
456 5530 535 5594 είς
566 5532 862 5587 αὐθεντίαν
892 5532 988 5586 καὶ
1026 5533 1346 5602 ἐλευθερίαν
1375 5534 1467 5588 τὸν
1491 5535 1679 5606 ἄνδρα.

452 5619 591 5674 Ὑπὸ
617 5624 879 5691 γυναικὸς
907 5622 1174 5695 ἄρχεσθαι
1202 5623 1360 5695 ὖ6ρις
1381 5625 1448 5678 ἂν
1471 5623 1556 5696 εἴη
1586 5629 1812 5699 ἐσχάτη.

447 5713 632 5767 Δεινδν
661 5715 801 5786 γυνὴ
828 5715 1058 5787 γνώμην
1086 5717 1283 5788 ἀνδρὸς
1314 5716 1628 5786 παραλῦσαι
1660 5722 1751 5774 καὶ
1775 5740 1950 5794 παρα-

374 5805 590 5874 γαγεῖν,
621 5805 716 5888 καὶ
751 5805 988 5876 μάλιστα
1019 5807 1248 5880 μάχλος.
1282 5807 1482 5862 Ἕνεκα
1517 5810 1626 5878 γὰρ
1675 5811 1768 5865 τοῦ
1818 5833 1946 5870 συν-

2057 5541 2273 5593 ritatem
2311 5546 2365 5593 et
2392 5539 2700 5594 libertatem
2732 5540 2836 5595 viri
2873 5543 3071 5597 minuit
3106 5553 3160 5599 et
3199 5545 3363 5599 laedit.

2131 5629 2394 5686 Philonis.
2428 5629 2638 5686 Mulieri
2669 5647 2862 5702 parere
2885 5635 3216 5689 contumelia
3239 5643 3319 5688 est
3349 5650 3627 5703 suprema.

2137 5723 2298 5794 176
2332 5721 2759 5790 Callidissimum
2808 5735 2892 5782 est
2941 5728 3186 5783 mulieris
3239 5727 3513 5796 ingenium
3565 5729 3630 5781 ad

2065 5824 2306 5894 mentem
2347 5816 2446 5871 viri
2483 5816 2778 5873 luxandam
2810 5827 2863 5874 et
2905 5828 3052 5877 statu
3090 5833 3189 5875 suo
3220 5818 3636 5887 deturbandani,
