4056 6464
463 391 587 455 100i

1694 387 1735 443 Δ
1747 382 1936 444 ΝΤΟΝ
1955 384 2009 441 ll
2053 380 2396 441 MELISSE

3583 379 3602 439 1
3615 379 3721 439 892

469 503 712 559 maxime
740 501 786 556 si
821 497 992 556 .fuerit
1031 500 1421 570 intemperans;
1469 497 1596 566 quia
1629 499 1773 550 enim
1815 495 2038 551 conscia

2144 495 2342 555 ειδότος
2372 493 2799 566 μαλακικωτέρα
2826 493 2888 566 [Ῑ.
2921 495 3308 565 μαχλικωτέρα
3339 497 3422 549 vel
3459 511 3725 564 μαλακω-

469 596 578 652 sibi
611 605 698 651 est
738 593 899 663 hujus
933 593 1078 656 vitii,
1113 592 1327 644 mollior
1356 589 1592 645 subinde
1621 588 1885 642 redditur.

546 689 640 742 Sui
675 703 864 740 amans
894 694 978 739 est
1023 684 1238 749 mulier,
1287 692 1342 738 et
1390 683 1636 752 zelotypa
1681 679 2038 735 immoderate

471 795 534 834 ac
571 779 706 832 mire
734 778 1020 840 industria,
1055 785 1113 829 ut
1146 776 1316 845 possit
1357 775 1456 828 viri
1490 789 1670 829 mores
1704 783 2036 843 pervertere.

538 871 809 941 Diogenis.
861 869 1122 938 Diogenes
1172 868 1520 936 conspicatus
1588 866 1852 920 mulieres
1899 865 2042 917 inter

473 980 532 1017 se
583 963 996 1031 colloquentes:
1033 960 1219 1029 Aspis,
1259 961 1456 1029 inquit,
1492 973 1522 1011 a
1553 957 1732 1027 vipera
1765 973 2036 1012 venenum

468 1063 771 1109 llllllltallll'.

542 1148 821 1218 Aristippi.
843 1147 1150 1216 Aristippus
1169 1144 1898 1215 Cyrenaei:s?philosophus,a
1915 1158 2046 1212 quo-

466 1240 613 1309 piam
647 1242 1034 1307 interrogatus,
1065 1253 1134 1290 an
1155 1238 1256 1290 sibi
1290 1237 1487 1290 ducere
1506 1251 1730 1290 uxorem
1745 1235 2043 1304 expediret,

465 1333 702 1399 negavit.
744 1330 801 1384 Si
843 1331 988 1384 enim
1043 1329 1266 1383 duxeris
1327 1327 1653 1398 (inquiebat)
1725 1328 2043 1391 formosam,

465 1423 692 1476 habebis
713 1436 1094 1484 communem;
1133 1420 1218 1475 sin
1247 1428 1426 1473 autem
1455 1418 1776 1478 deformem.
1806 1433 2042 1487 poenam.

535 1511 730 1567 Mulier
759 1527 821 1567 os
854 1525 1130 1566 exornans
1171 1511 1411 1564 animum
1470 1510 1766 1566 deformem
1815 1508 2042 1563 indicat.

534 1691 778 1746 Democr.
809 1687 947 1743 Cum
981 1686 1349 1742 Democritum
1381 1687 1602 1756 quidam
1646 1693 2038 1754 percunctare-

464 1793 575 1848 tur,
605 1797 702 1836 cur
730 1794 960 1850 magnus
989 1793 1112 1831 cum
1143 1788 1307 1845 esset,
1355 1792 1575 1846 parvam
1621 1779 1865 1832 duxisset
1896 1792 2033 1831 uxo—

463 1891 580 1930 rem
626 1891 642 1930 :
693 1873 829 1942 Ego,
859 1873 1056 1940 inquit.
1102 1873 1154 1924 in
1194 1871 1336 1924 malo
1375 1871 1651 1941 eligendo,
1697 1871 1840 1940 quod
1875 1870 2036 1923 mini-

469 1982 614 2020 mum
649 1975 786 2029 erat,
822 1964 976 2032 elegi.

541 2059 800 2113 Socratis.
841 2058 976 2111 Cum
1020 2064 1071 2110 te
1100 2055 1326 2123 diligere
1368 2064 1422 2110 et
1458 2063 1715 2124 appetere
1751 2063 1804 2108 te
1840 2053 2039 2108 dixerit

469 2151 688 2213 mulier,
737 2158 851 2203 tum
899 2149 967 2202 ab
1000 2147 1088 2201 illa
1143 2147 1314 2212 magis
1372 2148 1720 2202 metuendum
1791 2145 1890 2200 tibi
1951 2154 2038 2200 est

469 2258 634 2312 quam
675 2257 799 2295 cum
829 2241 1197 2294 conviciatur.
1813 2233 1817 2240 ’

539 2333 868 2403 Ρνοιαροτιε.
923 2329 1248 2396 Protagoras
1332 2329 1700 2398 interrogatus
1747 2327 1818 2382 oh
1872 2341 2037 2396 quam

461 2440 684 2480 causam
719 2424 945 2477 inimico
977 2422 1144 2475 filiam
1173 2433 1402 2489 nuptum
1430 2419 1669 2475 dedisset
1701 2435 1715 2472 :
1751 2418 1914 2484 Quia,
1953 2421 2038 2473 iu-

464 2519 606 2587 quit,
641 2516 774 2568 nihil
797 2515 849 2568 ei
877 2514 1008 2568 dare
1042 2523 1284 2581 poteram
1315 2512 1493 2581 pejus.

535 2609 676 2662 Idem
707 2623 830 2661 cum
863 2605 1083 2659 vidisset
1106 2619 1272 2658 anum
1316 2610 1640 2657 exornatam
1670 2621 1684 2655 :
1720 2601 1804 2671 Si,
1842 2603 2038 2672 inquit,

473 2703 628 2769 viris,
664 2698 906 2764 falleris;
942 2696 988 2751 si
1027 2697 1304 2764 sepulcro,
1337 2703 1529 2748 ornata
1564 2711 1644 2750 es.

535 2879 796 2935 Socratis.
847 2876 1104 2933 Socrates
1137 2877 1318 2930 dicere
1362 2875 1613 2940 solebat,
1659 2875 1761 2929 tria
1807 2890 1869 2931 se
1901 2877 2042 2931 mala

463 2982 799 3037 assecutum,
818 2971 1256 3042 grammaticam,
1283 2976 1655 3037 paupertatem
1687 2977 1743 3022 et
1772 2968 2042 3036 pernicio-

461 3080 580 3121 sam
610 3077 870 3127 uxorem;
898 3076 1130 3130 quorum
1159 3063 1270 3114 duo
1290 3075 1413 3113 cum
1439 3058 1740 3130 elfugisset,
1773 3060 2044 3130 pernicio-

464 3171 580 3212 sam
615 3168 840 3210 uxorem
875 3151 1111 3223 effugere
1139 3166 1246 3206 non
1279 3152 1541 3220 potuisse.

535 3249 681 3303 Idem
731 3263 790 3301 se
840 3244 1259 3300 consulentibus
1318 3243 1388 3298 de
1437 3243 1650 3298 ratione
1699 3243 2039 3299 matrimonii

462 3337 845 3402 eontrahendi,
876 3336 1016 3391 dixit
1049 3353 1064 3390 :
1099 3333 1570 3401 Quemadmodum
1603 3337 1806 3404 pisces,
1845 3350 1877 3390 ο
1907 3335 2042 3390 ado-

464 3431 770 3495 lescentuli,
818 3429 911 3499 qui
954 3426 1197 3483 nondum
1242 3429 1383 3482 intra
1427 3441 1620 3480 nassas
1669 3438 1822 3491 sunt,
1852 3427 2042 3482 volunt

466 3525 695 3588 intrare,
739 3521 834 3592 qui
868 3527 1051 3574 autem
1097 3519 1206 3588 jam
1259 3519 1407 3572 intus
1452 3527 1600 3584 sunt,
1625 3519 1819 3573 volunt
1849 3517 2036 3585 exire;

466 3615 549 3673 sic
579 3622 634 3669 et
666 3627 761 3666 vos
790 3627 857 3665 ne
892 3611 1033 3665 idem
1067 3609 1220 3664 vobis
1247 3610 1456 3663 accidat
1485 3611 1690 3664 videte.

543 3703 688 3758 ldem
724 3682 1067 3769 Xanthippen
1098 3707 1347 3752 ornatam
1378 3705 1434 3751 et
1461 3697 1526 3750 ad
1559 3694 1868 3766 spectacula
1905 3709 2040 3749 eun-

466 3805 577 3850 tem
611 3793 961 3863 conspicatus
997 3809 1011 3843 :
1044 3789 1167 3845 Non
1199 3789 1399 3860 inquit,
1431 3799 1491 3844 ut
1534 3799 1772 3858 spectes,
1807 3802 1840 3841 ο
1875 3801 2038 3852 uxor,

469 3886 607 3949 exis,
638 3885 733 3939 sed
761 3893 820 3938 ut
848 3881 1132 3952 specteris.

548 3974 854 4028 Philoxeni.
909 3972 1246 4026 Philoxenus
1288 3978 1445 4038 poeta
1482 3985 1606 4023 cum
1640 3968 1860 4038 quidam
1912 3981 2036 4021 eum

474 4073 947 4137 percunctaretur,
1001 4061 1360 4130 quamobrem
1397 4059 1698 4130 Sophocles
1741 4061 1909 4114 bonas
1954 4060 2037 4110 in-

469 4157 722 4211 troducat
756 4153 1004 4218 feminas,
1066 4151 1182 4220 ipse
1205 4159 1390 4204 autem
1422 4152 1590 4206 malas
1616 4169 1629 4206 :
1654 4150 1815 4216 Quia,
1841 4149 2038 4220 inquit,

469 4251 660 4320 quales
676 4257 892 4319 oportet
918 4259 1042 4301 esse
1063 4242 1297 4300 feminas
1324 4243 1620 4315 Saphocles
1644 4245 1908 4311 ostendit,
1931 4259 2033 4315 ego

467 4358 602 4400 vero
640 4339 828 4410 quales
864 4347 1013 4392 sunt.

540 4433 780 4489 Catonis.
839 4429 1042 4484 Omnes
1091 4429 1343 4485 homines
1401 4428 1666 4484 uxoribus
1723 4430 2038 4498 imperant,

467 4539 570 4580 nos
602 4522 859 4578 omnibus
892 4517 1230 4584 hominibus,
1269 4519 1428 4574 nobis
1457 4530 1638 4574 autem
1676 4533 1896 4572 uxores.

882 4715 1116 4772 δεξιΜο
1155 4714 1351 4769 xxxv
1397 4713 1500 4788 [αι.
1532 4714 1622 4787 x1.

470 4833 547 4888 De
591 4829 993 4900 congregatione
1026 4828 1283 4900 bonorum
1309 4827 1575 4888 virorum;
1622 4837 1672 4880 et
1705 4828 2040 4897 praestantis-

575 4899 724 4956 simis
772 4899 1148 4954 adhwrendum
1199 4913 1330 4965 esse,
1363 4913 1465 4950 non
1499 4900 1623 4952 item
1657 4900 1930 4967 improbis.

549 5055 705 5125 177
752 5019 913 5108 Pico.
947 5067 1068 5107 xm.
1103 5050 1353 5117 Quicum
1385 5051 1717 5120 sapientibus
1749 5066 2039 5107 conversa-

465 5157 578 5208 tur,
610 5144 829 5214 sapiens
861 5144 1076 5199 evadet.

537 5234 595 5290 Si
629 5235 833 5290 videris
865 5247 1115 5303 sagacem
1170 5247 1233 5288 ac
1287 5233 1633 5302 prudentem,
1675 5249 1832 5288 mane
1885 5235 2036 5288 illum

465 5326 637 5392 adito,
669 5339 723 5381 et
747 5327 934 5380 limina
972 5329 1262 5397 januarum
1297 5328 1418 5394 ejus
1464 5326 1692 5394 pedibus
1735 5327 1845 5379 tuis
1889 5328 2039 5381 dcte-

464 5427 590 5471 ιῚιυ.

537 5512 594 5565 In
635 5509 982 5564 multitudine
1033 5511 1310 5563 seniorum
1360 5518 1520 5573 stato,
1553 5511 1690 5564 etsi
1749 5512 1870 5578 quis
1931 5514 2036 5565 erit

465 5603 708 5670 sapiens,
751 5599 874 5653 huic
905 5609 957 5654 te
990 5599 1291 5669 adjungito.

537 5693 886 5746 Narrationes
915 5691 1223 5760 sapientum
1257 5707 1324 5746 ne
1358 5703 1701 5757 contemnas,
1735 5702 1788 5748 et
1821 5693 1876 5748 in
1908 5709 2034 5763 pro-

461 5785 658 5840 verbiis
691 5782 905 5837 illorum
932 5783 1192 5839 verset-is.

2064 3202 2111 3262 ϐ

2143 586 2302 659 τέρα]
2331 589 2562 656 γίνεται.

2211 683 2476 734 Φίλαυτον
2499 681 2659 752 γυνὴ,
2687 683 2779 736 καὶ
2809 681 3110 748 ζηλότυπον
3139 683 3200 735 οὐ
3230 681 3467 752 μετρίως
3495 683 3593 737 καὶ
3614 681 3732 735 δεισ-

2147 773 2236 826 νδν
2271 775 2583 844 παραλῦσαι
2613 775 2718 846 ἤθη
2751 777 2964 847 ἀνδρός.

2215 868 2473 936 Διογένης
2527 867 3010 938 κοινολογουμένας
3051 870 3317 937 γυναῖκας
3359 866 3724 938 θεασάμενος.

2146 959 2249 1030 ἔφη
2274 977 2288 991 ·
2335 961 2526 1023 Ἀσπὶς
2562 962 2694 1032 παρ’
2723 962 2941 1032 ἐχίδνης
2967 962 3258 1032 φάρμακον
3285 959 3612 1025 δανείζεται.

2229 1145 2586 1214 Ἀρίστιππος
2638 1145 2667 1195 ὀ
2715 1145 3024 1215 Κυρηναῖος
3077 1144 3389 1212 φιλόσοφος,
3424 1141 3729 1211 ἐρωτηθεδς

2148 1236 2255 1288 ὑπό
2282 1253 2430 1298 τινος
2475 1238 2524 1288 εί
2558 1236 2821 1305 συμφέρει
2858 1238 3007 1306 αὺτῷ
3033 1238 3232 1306 γῆμαι,
3258 1233 3442 1289 εἶπεν·
3480 1233 3598 1288 Οὔκ
3625 1251 3638 1264 ·
3675 1235 3728 1285 εἰ

2151 1329 2251 1400 μὲν
2287 1331 2395 1399 γὰρ
2430 1330 2622 1399 καλὴν,
2657 1331 2844 1400 κοινὴν
2873 1328 3044 1394 ἔξεις·
3078 1332 3126 1382 εί
3155 1330 3212 1383 δὲ
3234 1329 3465 1400 φαύλην,
3502 1329 3722 1395 ποινήν.

2213 1508 2354 1577 Γυνὴ
2402 1507 2479 1577 τῷ
2534 1506 2814 1578 προσώπῳ
2867 1508 3239 1578 κοσμουμένη.
3277 1507 3380 1577 τὴν
3415 1507 3511 1576 τῆς
3538 1507 3726 1576 ψυχῆς

2147 1600 2424 1669 ἀμορφίαν
2460 1599 2737 1668 ἐμφαίνει.

2213 1694 2540 1761 Δημοκρίτῳ
2569 1689 2673 1760 ἔφη
2703 1705 2809 1751 τις’
2843 1688 3016 1752 Διατί,
3050 1689 3222 1759 μέγας
3244 1687 3340 1751 ὢν,
3363 1689 3565 1758 μικρὰν
3595 1689 3730 1758 ἔγη-

2150 1802 2256 1854 μας
2290 1786 2566 1850 γυναῖκας
2618 1784 2886 1844 Κάκεῖνος
2927 1781 3076 1836 εἶπε·
3113 1781 3219 1836 Τοῦ
3265 1783 3437 1836 κακοῦ
3485 1785 3725 1851 ἐκλογὴν

2145 1875 2496 1944 ποιούμενος,
2532 1872 2594 1926 τὸ
2621 1873 2908 1943 ἐλάχιστον
2941 1870 3296 1942 ἐξελεξάμην.

2215 2063 2386 2115 Ὅταν
2418 2061 2607 2114 ποθεῖν
2637 2076 2696 2113 σε
2741 2061 2836 2112 καλ⁵
2880 2059 3130 2127 στέργειν
3173 2057 3306 2129 λέγῃ
3350 2059 3511 2126 γυνὴ,
3548 2056 3724 2125 φοϐοῦ

2141 2153 2272 2225 παρ’
2298 2153 2471 2223 αὐτῆς
2507 2154 2689 2218 πλέον,
2717 2147 2791 2206 ὧν
2823 2152 2972 2220 λέγει
3007 2153 3171 2206 κακά.

2215 2330 2586 2399 Πρωταγόρας
2605 2323 2925 2395 ἐρωτηθεὶς,
2954 2324 3053 2377 Διὰ
3076 2323 3196 2377 τίνα
3221 2323 3404 2378 αἰτίαν
3424 2323 3603 2394 ἐχθρῷ
3623 2327 3727 2394 τὴν

2142 2419 2420 2487 θυγατέρα
2477 2416 2718 2477 δέδωκας
2772 2414 2910 2483 πρὸς
2941 2414 3146 2484 γάμον,
3180 2411 3337 2468 εἶπεν
3361 2431 3375 2444 ⁸
3427 2416 3541 2467 Οὐκ
3573 2412 3728 2485 εἶχον

2139 2514 2250 2583 γὰρ
2284 2511 2434 2580 αὐτῷ
2462 2509 2753 2563 δεδωκέναι
2791 2510 2996 2579 χεῖρον.

2226 2605 2285 2657 '0
2313 2603 2502 2668 αὐτὸς,
2534 2598 2799 2671 ἑωρακὼς
2827 2601 3250 2671 κεκοσμημένην
3277 2602 3473 2671 γραῦν,
3507 2601 3634 2670 ἔφη’
3661 2602 3729 2653 Εἰ

2144 2695 2245 2767 μὲν
2290 2693 2428 2766 πρὸς
2489 2692 2712 2764 ἄνδρας,
2768 2691 3112 2764 ἐπλανήθης·
3155 2692 3204 2745 ei
3235 2692 3294 2745 δὲ
3339 2692 3476 2761 πρὸς
3523 2693 3724 2761 τάφον,

2141 2785 2480 2856 ἐκοσμήθης.

2214 2877 2514 2946 Σωκράτης
2562 2876 2692 2948 ἔφη,
2736 2875 2918 2946 Τριῶν
2956 2878 3142 2932 κακῶν
3180 2879 3500 2947 τέτευγμαι,
3532 2895 3724 2945 γραμ-

2148 2970 2404 3041 ματικῆς,
2434 2966 2630 3037 πενίης
2690 2970 2787 3023 καὶ
2820 2969 3117 3040 οὐλομένης
3157 2972 3444 3040 γυναικός’
3486 2970 3596 3022 τῶν
3627 2971 3729 3022 δύο

2145 3063 2430 3132 ἐξέφυγον,
2487 3062 2788 3132 οὐλομένης
2847 3064 3106 3131 γυναικὸς
3151 3063 3416 3134 ἐκφυγεῖν
3460 3063 3561 3116 οὐκ
3601 3063 3730 3116 ἐδυ-

2145 3156 2338 3228 νήθην.

2223 3251 2284 3303 '0
2319 3250 2480 3313 αὐτὸς
2506 3251 2643 3320 πρὸς
2670 3251 2796 3314 τοὺς
2824 3251 2989 3305 αὑτὸν
3023 3251 3568 3322 συμϐουλευομένους
3591 3251 3729 3320 περὶ

2139 3339 2235 3394 τοῦ
2271 3342 2472 3412 γῆμαι,
2505 3343 2646 3413 ἐφη;’
2683 3344 2895 3413 Ὠσπερ
2931 3347 2978 3398 οἱ
3020 3344 3222 3414 ἰχθύες,
3251 3338 3296 3398 ὦ
3340 3345 3642 3409 νεανίσκοι,
3669 3343 3730 3396 οῖ

2142 3433 2272 3501 περὶ
2303 3435 2433 3496 τοὺς
2460 3435 2718 3504 κύρτους,
2751 3437 2801 3488 oi
2837 3436 2938 3506 μὲν
2968 3435 3168 3502 ἔξωθεν
3228 3435 3381 3498 ὄντες
3436 3434 3727 3504 βούλονται

2142 3529 2428 3596 εἰσελθεῖν,
2474 3530 2525 3582 oi
2555 3529 2613 3582 δὲ
2645 3529 2792 3584 ἔνδον
2821 3529 2972 3593 ὄντες
3005 3529 3290 3599 βούλονται
3320 3527 3558 3596 ἐξελθεῖν
3581 3543 3596 3558 ο
3627 3525 3729 3579 οὗ-

2140 3637 2252 3684 τως
2279 3621 2337 3674 δὲ
2362 3621 2524 3691 ὑμεῖς
2551 3621 2737 3692 ὁρᾶτε,
2773 3621 2851 3693 μὴ
2881 3622 2941 3675 τὸ
2971 3623 3103 3675 αὐτὸ
3133 3621 3368 3694 πάθητε.

2221 3712 2284 3765 Ὀ
2316 3712 2504 3780 αὐτὸς,
2537 3710 2860 3782 Ξανθίππην
2889 3714 3315 3784 κεκοσμημένην
3347 3713 3439 3768 καὶ
3469 3713 3563 3764 ἐπὶ
3589 3711 3727 3765 θέαν

2143 3804 2527 3873 πορευομένην
2560 3803 2704 3865 ἰδὼν,
2733 3803 2872 3876 ἔφη·
2906 3805 3018 3875 Οὐχ
3050 3805 3139 3859 ἵνα
3165 3805 3358 3877 θεάσῃ,
3394 3807 3578 3874 γύναι,
3620 3823 3725 3857 πο-

2148 3894 2303 3966 ρεύῃ,
2338 3896 2570 3949 ἀλλ’ἵνα
2606 3895 2826 3966 θεαθῇς.

2210 3986 2490 4052 Φιλόξενος
2527 3988 2556 4040 ὁ
2597 3988 2846 4058 ποιητὴς,
2869 3988 3115 4052 εἰπόντος
3145 3989 3312 4054 τινὸς,
3338 3988 3437 4040 Διὰ
3459 3988 3510 4040 τί
3551 3989 3726 4051 Σοφο-

2141 4077 2278 4148 κλῆς
2319 4077 2564 4148 χρηστὰς
2614 4079 2945 4150 παρεισάγει
3000 4081 3100 4143 τὰς
3145 4083 3435 4149 γυναῖκας,
3470 4080 3635 4142 αὐτὸς
3664 4081 3726 4133 δὲ

2142 4167 2372 4236 φαύλας,
2397 4163 2582 4222 εἷπεν·
2617 4170 2738 4223 Ὅτι
2769 4170 3044 4240 Σοφοκλῆς
3077 4172 3177 4240 μὲν
3201 4171 3314 4235 οἵας
3345 4171 3425 4226 δεῖ
3447 4169 3588 4224 εἶναι
3618 4173 3720 4233 τὰς

2140 4262 2406 4328 γυναῖκας
2435 4261 2604 4330 λέγει,
2633 4261 2744 4331 ἐγὼ
2763 4263 2822 4317 δὲ
2847 4259 2961 4317 οἷαι
2988 4263 3149 4318 εἰσίν.

2210 4439 2419 4502 Πάντες
2485 4440 2536 4493 οἱ
2601 4441 2878 4511 ἄνθρωποι
2940 4443 3049 4498 τῶν
3104 4447 3382 4512 γυναικῶν
3432 4446 3720 4516 ἄρχουςιν,

2073 4531 2301 4601 υὴμεῖς
2356 4531 2413 4584 δὲ
2473 4533 2777 4604 ἀνθρώπων
2845 4535 3124 4604 ἁπάντων,
3182 4539 3340 4607 ἡμῶν
3395 4537 3452 4589 δὲ
3505 4539 3560 4589 αἱ
3613 4555 3717 4603 γυ-

2141 4627 2346 4687 ναῖκες.

2737 4741 2956 4792 ΛΟΓΟΣ
2993 4742 3116 4796 AE'.

2144 4825 2284 4906 Περὶ
2302 4828 2670 4906 ,συναγωγῆς
2703 4831 2984 4906 χρηστῶν
3007 4831 3253 4906 ᾀνδρῶν
3281 4850 3294 4864 ·
3343 4836 3460 4906 καὶ,
3483 4835 3571 4889 ὅτι
3595 4838 3718 4906 χρὴ

2204 4898 2481 5034 ἐὲιὲστοις
2529 4899 2787 4967 ἀνδράσι
2838 4898 3196 4970 κολλᾶσθαι,
3254 4906 3354 4958 καὶ
3396 4904 3480 4975 μὴ
3528 4898 3723 4975 ero-ira:-

2309 4987 2361 5032 ς.

2224 5079 2286 5134 Ὀ
2321 5081 2798 5152 συμπορευὸμενος
2834 5088 3016 5153 σοφοῖς
3049 5087 3211 5156 σοφὸς
3252 5089 3426 5145 ἔσται.

2224 5248 2349 5302 Ἑὰν
2394 5249 2509 5320 ἴδῃς
2540 5250 2779 5314 συνετὸν,
2810 5250 3030 5320 δρθριζε
3065 5253 3201 5324 πρὸς
3235 5255 3417 5322 αὐτὸν,
3451 5259 3544 5310 καὶ
3581 5255 3721 5325 Bato-

2146 5340 2280 5408 μους
2305 5338 2484 5410 θυρῶν
2517 5341 2682 5393 αὑτοῦ
2708 5343 3007 5412 ὲκτριὸἐτω
3038 5346 3064 5397 ὁ
3102 5346 3237 5406 πούς
3269 5363 3382 5399 σου.

2222 5512 2311 5580 Ἐν
2361 5513 2557 5582 πλήθει
2595 5515 2984 5586 πρεσϐυτέρων
3022 5517 3214 5588 στῆθι⁸
3272 5521 3367 5574 καὶ
3417 5523 3471 5574 εἴ
3505 5539 3586 5585 τις
3627 5541 3722 5576 σο-

2140 5603 2259 5671 φὸς,
2295 5605 2730 5674 προσκολλήθητι
2765 5608 2933 5678 αὐτῷ.

2213 5694 2302 5763 Μὴ
2340 5696 2572 5768 παρίδθῖ
2606 5697 2852 5769 διήγημα
2888 5703 3087 5771 σοφῶν,
3124 5705 3219 5758 καὶ
3253 5705 3312 5760 ἐν
3362 5708 3480 5770 ταῖς
3517 5724 3721 5779 παροι-

2139 5788 2292 5855 μίαις
2325 5789 2502 5841 αὐτῶν
2529 5793 2894 5861 ἀναστρέφου.
