4056 6458
355 327 494 392 1093

419 447 575 513 Λόγῳ
607 445 754 516 σοφῷ
784 446 1070 518 παράϐαλε
1099 449 1191 501 σὺν
1225 447 1339 512 οὖς.

425 540 658 609 Ἄνδρες
687 540 885 594 δίκαιοι
917 539 1160 594 ἔστωσαν
1188 541 1496 597 σύνδειπνοι
1527 560 1643 601 σου.

420 631 576 685 Μετά
601 632 794 703 ἀνδρὸς
823 632 1084 696 εὐσεϐοῦς
1121 634 1447 704 ἐνδελέχιζε.

423 723 652 776 Πετεινὰ
695 723 833 792 πρὸς
873 725 941 778 τὰ
969 724 1131 792 ὅμοια
1171 727 1463 779 καταλύει·
1496 727 1802 798 λειτουργοὶ
1830 731 1926 783 αἰ·-

1132 336 1300 397 ιοιλῑ
1343 335 1778 398 COMMUNES.
1819 365 1887 376 --
1914 339 2108 398 PARS
2143 339 2232 401 Π.
2285 339 2543 399 SERMO
2578 339 2849 402 XXXVI.

3483 334 3622 400 109!

1951 455 1997 508 A
2099 451 2354 508 Sermoni
2387 454 2650 523 sapientis
2684 469 2849 510 aures
2894 453 3334 510 accommodato.

2102 545 2218 601 Viri
2251 547 2526 615 sapientes
2557 548 2670 602 sint
2701 546 2780 603 tui
2816 547 3080 602 conviva.

2103 637 2237 693 Viro
2267 641 2355 708 pio
2385 639 2617 694 multum
2656 639 2990 710 assidueque
3021 639 3212 694 utitor.

2109 730 2372 787 Volueres
2401 733 2466 787 ad
2504 748 2662 801 pares
2689 733 2975 788 divortunt
3010 751 3024 788 :
3059 730 3320 798 ministri,
3345 739 3402 785 et
3423 743 3616 786 omnes

350 815 468 878 τοῦ,
503 816 598 869 καὶ
629 820 772 871 κατὰ
803 818 897 870 τὸν
922 819 1224 889 ἡγούμενον
1257 821 1356 888 τῆς
1383 821 1610 886 πόλεως,
1640 827 1841 888 πάντες
1876 827 1926 878 οἱ

2032 824 2127 894 qui
2159 825 2346 879 urbem
2383 824 2654 892 incolunt,
2687 825 2932 896 praefecti
2965 839 3145 880 mores
3189 823 3505 880 imitamur.

351 906 734 970 κατοικοῦντες
763 909 822 962 ὲν
854 910 1018 979 αὐτῇ.

433 997 902 1067 Ἀποστυγοῦντες
959 1001 1021 1054 τὸ
1084 1001 1364 1073 πονηρὸν,
1439 1001 1770 1072 κολλώμενοι
1848 1007 1926 1075 τῷ

349 1089 561 1156 ἀγαθῷ.

427 1181 642 1252 Ὥσπερ
674 1183 723 1235 οἰ
755 1181 1039 1254 ζωγράφοι
1065 1183 1194 1238 ὅταν
1222 1186 1332 1241 ἀπὸ
1354 1187 1561 1251 εἰκόνος
1581 1188 1769 1245 εἰκόνα
1793 1191 1930 1260 γρά-

354 1290 521 1342 φωσι,
573 1275 752 1328 πυκνὰ
796 1276 936 1346 πρὸς
984 1278 1047 1330 τὸ
1091 1279 1452 1350 παράδειγμα
1489 1279 1806 1350 βλέποντες,
1837 1281 1929 1334 τὸν

355 1365 568 1418 ἐκείνου
625 1367 956 1440 χαρακτῆρα
1012 1368 1154 1440 πρὸς
1198 1370 1261 1424 τὺ
1293 1371 1508 1425 ἑαυτῶν
1562 1372 1929 1436 σπουδάζουσι

357 1457 673 1526 μεταθεῖναι
702 1459 1107 1532 φιλοτέχνημα,
1139 1461 1285 1516 οὕτω
1309 1462 1372 1532 δὴ
1404 1465 1504 1518 καὶ
1539 1463 1631 1517 τὸν
1660 1465 1931 1519 ἐσπουδα-

353 1551 487 1604 κότα
519 1552 714 1606 ἑαυτὸν
742 1554 878 1607 πᾶσι
907 1555 1022 1617 τοίς
1075 1555 1271 1626 μέρεσι
1300 1555 1399 1626 τῆς
1447 1558 1648 1629 ἀρετῆς
1684 1559 1930 1629 ἀπεργά-

357 1644 556 1698 σασθαι
605 1645 838 1710 τέλειον,
874 1644 1039 1700 οἱονεί
1075 1647 1216 1718 πρὸς
1257 1648 1553 1719 ἀγάλματά
1583 1668 1707 1706 τινα
1744 1652 1930 1707 κινού·

359 1754 496 1807 μενα
527 1737 622 1791 καὶ
653 1737 969 1808 ἔμπρακτα,
1003 1738 1132 1802 τοὺς
1169 1739 1319 1809 βίους
1351 1741 1460 1797 τῶν
1489 1743 1663 1811 ἁγίων
1697 1746 1929 1800 ἀποϐλέ-

356 1845 482 1882 πειν
512 1828 640 1900 χρὴ.
695 1829 790 1884 καὶ
820 1830 882 1884 τὸ
920 1831 1149 1887 ἐκείνων
1179 1832 1382 1902 ἀγαθὸν
1413 1834 1616 1892 οἰκεῖον
1654 1839 1927 1894 ποιεῖσθαι

354 1921 443 1976 διὰ
476 1923 761 1993 μιμήσεως

437 2013 566 2069 Ἐὰν
587 2015 699 2085 ῐόῃς
735 2016 966 2081 ὲθνικδν,
1018 2017 1136 2089 βίου
1178 2018 1453 2087 σώφρονος
1487 2020 1580 2074 καὶ
1607 2019 1705 2090 τῆς
1733 2020 1928 2090 λοιπῆς

355 2109 502 2161 κατὰ
521 2108 583 2161 τὸ
612 2104 745 2178 ἦθος
772 2110 1028 2173 εὐταξίας
1060 2111 1456 2181 ἐπιλαϐόμενον
1485 2111 1645 2164 πλέον
1675 2110 1929 2180 σεαυτοῦ,

354 2201 418 2254 τὸ
446 2202 734 2256 σπουδαῖον
774 2205 1063 2259 ἐπίτεινον.

465 2377 527 2431 Εἰ
553 2381 666 2442 mi;
701 2381 888 2441 καλοῖς
923 2380 1078 2435 ἕποιο
1111 2383 1555 2455 νουθετούμενος,

461 2473 577 2524 Οὐκ
606 2471 924 2544 ὲντραπήσῃ
953 2475 1067 2536 τοῖς
1090 2475 1280 2538 κακοῖς
1315 2474 1647 2545 γελώμενος.

464 2563 652 2633 Σοφῶν
683 2563 856 2636 θύρας
889 2564 1132 2635 ἔκτριϐε,
1164 2567 1436 2622 πλουσίων
1468 2567 1526 2623 δὲ
1557 2570 1656 2640 μή.

429 2744 522 2814 Μὴ
572 2745 796 2818 κλείσῃς
843 2744 913 2798 τὰ
955 2738 1068 2799 ὦτα
1093 2747 1236 2815 πρδς
1298 2745 1545 2799 παιδείαν
1590 2745 1800 2819 Κυρίου
1837 2750 1937 2804 καὶ

358 2838 665 2905 νουθεσίαν,
695 2837 768 2900 ὡς
798 2839 964 2900 ἀσπὶς
995 2838 1130 2906 πρὸς
1157 2839 1472 2910 ὲπᾴτματα.

433 2929 511 2983 Οὐ
546 2929 742 2999 μικρὸν
772 2931 884 2992 τοῖς
931 2928 1247 2992 σπουδαίοις
1279 2933 1377 2985 καὶ
1407 2933 1584 3003 μικρὰ
1618 2933 1730 2988 τῶν
1776 2934 1935 3005 μεγί-

362 3038 504 3077 στων
531 3025 565 3095 ή
601 3023 857 3094 μίμησις.

2112 999 2262 1056 Rom.
2298 1015 2393 1056 xu.
2425 1001 2563 1057 Odio
2591 1003 2660 1057 sit
2694 1003 2848 1058 vobis
2877 1002 3081 1058 malum
3109 1020 3124 1059 :
3152 1009 3208 1058 at
3242 1002 3388 1058 bono
3419 1001 3614 1073 agglu-

2033 1095 2306 1149 tinamini.

2105 1185 2164 1242 S.
2197 1186 2392 1242 Basilii
2426 1185 2525 1259 (l).
2558 1187 3032 1253 Quemadmodum
3063 1188 3303 1258 pictores
3330 1203 3452 1242 eum
3479 1186 3618 1242 ima-

2031 1281 2211 1349 ginem
2273 1280 2342 1334 ab
2391 1279 2627 1348 imagine
2659 1281 2912 1349 pingunt,
2949 1279 3244 1335 identidem
3284 1279 3612 1348 exemplaria

2033 1378 2368 1440 spectantes,
2435 1369 2653 1425 illorum
2706 1369 3040 1424 lineamenta
3083 1366 3151 1422 ad
3197 1383 3355 1424 suum
3407 1367 3613 1437 opiﬁeii

2033 1479 2190 1520 usum
2217 1461 2519 1517 transferre
2549 1461 2772 1518 student
2820 1479 2836 1517 :
2893 1461 2975 1516 sic
3005 1459 3100 1531 qui
3132 1460 3316 1516 studet
3343 1475 3402 1516 se
3436 1460 3617 1514 omni-

2032 1557 2137 1612 bus
2201 1556 2425 1612 virtutis
2475 1555 2728 1626 partibus
2791 1552 3095 1625 perfectum
3144 1553 3400 1619 edicere,
3459 1552 3622 1608 debet

2032 1649 2336 1715 elaborare,
2382 1657 2442 1704 ut
2489 1649 2646 1718 quasi
2685 1647 2752 1703 ad
2799 1647 3095 1703 simulacra
3121 1655 3276 1702 motu
3303 1657 3357 1702 et
3399 1645 3622 1700 actione

2039 1741 2292 1814 praedita,
2317 1742 2462 1798 vitas
2487 1742 2613 1798 dico
2642 1747 2986 1806 sanctorum,
3039 1754 3184 1810 sape
3227 1739 3422 1796 oculos
3449 1738 3620 1793 animi

2033 1844 2336 1893 convertat.

2106 2019 2162 2075 Si
2203 2019 2410 2076 videris
2445 2019 2750 2084 ethnicum,
2802 2018 2974 2073 vitam
3027 2022 3389 2083 temperatam
3438 2022 3494 2067 et
3527 2027 3618 2068 re-

2034 2113 2242 2184 liquam
2313 2113 2368 2167 in
2441 2113 2684 2166 moribus
2751 2108 3183 2164 moderationem
3255 2104 3616 2175 diligentius,

2037 2222 2202 2278 quam
2241 2205 2502 2275 teipsum,
2538 2216 2883 2264 conservare,
2919 2200 3008 2258 fac
3037 2207 3099 2255 ut
3120 2197 3363 2256 studium
3389 2206 3540 2251 tuum
3563 2200 3620 2248 et

2039 2298 2378 2372 diligentiam
2411 2296 2560 2352 circa
2584 2295 2775 2352 eadem
2807 2308 3034 2365 augeas.

2253 2387 2311 2444 Si
2342 2389 2606 2445 honestos
2639 2386 2885 2457 sequeris
2921 2383 3185 2447 monitus,

2259 2480 2381 2536 Non
2413 2480 2712 2535 erubesces
2747 2493 2777 2531 a
2809 2477 2967 2532 malis
2994 2475 3233 2530 derisus.

2251 2575 2406 2632 Ostia
2435 2574 2768 2644 sapientum,
2801 2585 2912 2626 non
2943 2569 3178 2624 divitum
3207 2565 3402 2620 terito.

3195 2653 3514 2729 (ΤΙιθοΙοςί.)

2107 2763 2188 2819 Ad
2232 2759 2618 2819 eruditionem'
2645 2765 2701 2812 et
2759 2754 3116 2810 monitionem
3179 2750 3392 2805 Domini
3428 2763 3497 2801 ne
3525 2746 3622 2800 ob-

2036 2864 2218 2912 turato
2250 2867 2430 2918 aures,
2457 2860 2520 2906 ut
2542 2849 2688 2918 aspis
2717 2847 2781 2901 ad
2822 2846 3253 2900 incantamenta.

2107 2947 2229 3004 Non
2283 2944 2539 3014 exiguum
2580 2938 2710 3010 quid
2748 2938 2966 2991 videtur
3007 2934 3199 2998 bonis,
3246 2929 3377 2986 licet
3423 2928 3620 2999 exigua

2054 3042 2418 3098 maximarum
2450 3051 2631 3093 rerum
2663 3033 2920 3091 imitatio.

435 3115 704 3185 Κρείσσον
743 3114 976 3187 δεύτερα
1013 3115 1160 3188 ἔχειν
1213 3118 1466 3188 μεγάλων
1496 3120 1529 3190 ἦ
1559 3119 1754 3190 πρῶτα
1789 3139 1930 3177 πενι-

2111 3130 2345 3184 Praestat
2374 3137 2700 3196 magnorum
2733 3131 2918 3191 partes
2954 3115 3256 3180 secundas,
3288 3126 3450 3182 quam
3492 3122 3623 3179 par-

436 3225 533 3263 ων.

436 3225 533 3263 ων.

362 3225 584 3355 χρΦιλεί
613 3300 751 3373 πρὸς
779 3300 879 3364 τὰς
903 3303 1255 3375 ἀναστροφὰς
1283 3303 1353 3356 τὰ
1376 3303 1484 3375 ἢθη
1512 3304 1902 3377 ῥυθμίζεσθαι.

439 3477 702 3548 Ἔλεγχος
739 3476 933 3547 ἀνδρὸς
971 3477 1135 3550 ἤθους
1178 3479 1212 3547 ἡ
1241 3477 1387 3546 μετὰ
1415 3477 1526 3530 τῶν
1569 3479 1790 3532 τοιῶνδε
1818 3496 1943 3533 συν-

364 3571 559 3625 ουσία⁶
607 3571 636 3624 ὃ
684 3587 744 3624 τε
791 3571 902 3641 γὰρ
935 3569 1139 3638 φαύλος
1169 3568 1229 3635 ἐξ
1276 3569 1527 3638 ἀνάγκης
1568 3572 1679 3632 τοῖς
1731 3570 1942 3640 ὁμοίοις

368 3663 660 3718 συνέσται·
687 3665 715 3717 δ
745 3681 804 3716 τε
839 3665 884 3718 δ’
919 3660 983 3716 αὖ
1022 3662 1184 3715 πάλιν
1225 3661 1461 3732 σώφρων
1501 3661 1596 3715 καὶ
1631 3664 1796 3730 σοφὸς
1827 3666 1942 3727 τοῖς

364 3763 438 3816 τὰ
465 3761 691 3816 τοιαῦτα
727 3759 1024 3830 μετιοῦσιν.

441 3853 620 3907 Καλὸν
645 3853 733 3906 ἀεὶ
770 3852 847 3919 τῷ
880 3852 1154 3922 κρείττονι
1188 3850 1249 3904 τὸ
1294 3855 1479 3922 χεῖρον
1509 3851 1824 3906 ἀκολουθεῖν
1853 3848 1943 3902 διὰ

369 3944 707 4016 βελτιώσεως
737 3943 950 3999 ἐλπίδα.

959 4059 1178 4114 ΛΟΓΟΣ
1205 4059 1346 4126 AG".

372 4173 512 4243 Περί
560 4173 922 4243 συναγωγῆς
977 4169 1180 4225 κακῶν
1233 4169 1492 4243 ᾀνδρῶνο
1541 4168 1641 4243 καὶ
1679 4167 1771 4243 ὅτι
1826 4169 1944 4243 χρὴ

441 4239 686 4314 gestirem
712 4239 818 4314 τὰς
849 4241 965 4314 τῶν
989 4240 1310 4310 μοχθηρῶν
1336 4239 1654 4308 ἑταιρείας,
1700 4239 1782 4305 ὡς
1816 4239 1948 4294 ὄλε-

444 4313 588 4382 θρον
622 4313 1066 4381 προξενούσας.

455 4404 780 4474 Ἀφανίσατε
803 4405 898 4456 τὸν
922 4402 1160 4476 πονηρὸν
1189 4401 1246 4468 ἐξ
1275 4400 1430 4471 ὑμῶν
1458 4399 1662 4456 αὐτῶν.

443 4498 516 4551 Τὸ
539 4496 841 4568 ἀπέχεσθαι
867 4495 976 4550 ἀπὸ
1006 4495 1191 4549 κακῶν
1225 4497 1374 4549 ἐστιν
1397 4495 1697 4565 ἐπιστήμη.

445 4675 733 4746 Μακάριος
756 4675 920 4747 ἀνὴρ,
945 4675 1005 4738 ὃς
1028 4673 1128 4728 οὐκ
1154 4672 1422 4744 ἐπορεύθη
1442 4675 1500 4727 ὲν
1525 4671 1690 4745 βουλῇ
1713 4673 1949 4742 ἀσεϐῶν,

2044 3235 2236 3276 verum
2266 3219 2476 3288 primas
2517 3225 2724 3271 tenere.

2113 3311 2305 3367 Solent
2333 3309 2402 3365 ad
2433 3309 2703 3363 rationem
2734 3299 3176 3361 conversationis
3203 3293 3622 3386 convivo-utinm

2041 3418 2225 3460 mores
2256 3400 2531 3471 componi.

2115 3495 2400 3563 Cujusque
2427 3490 2704 3562 ingenium
2749 3488 2913 3559 quale
2970 3487 3046 3544 sit
3088 3500 3156 3542 ex
3201 3479 3626 3539 conversatione

2043 3589 2318 3656 arguitur;
2369 3584 2568 3640 etenim
2629 3581 2910 3652 improbus
2981 3576 3296 3634 necessario
3360 3588 3482 3626 eum
3535 3570 3620 3625 sui

2043 3679 2315 3735 similibus
2342 3676 2696 3741 versabitur;
2735 3681 2933 3726 contra
2983 3677 3168 3723 autem
3225 3674 3539 3732 temperans
3571 3671 3626 3713 et

2044 3772 2258 3842 sapiens
2289 3783 2412 3823 cum
2445 3768 2512 3821 iis
2536 3766 2629 3834 qui
2659 3764 2847 3820 eadem
2875 3767 3150 3817 exercent.

2118 3861 2385 3916 Philonis.
2420 3859 2633 3914 Bonum
2661 3863 2748 3911 est
2795 3867 3013 3921 semper
3057 3861 3118 3905 ut
3152 3847 3458 3917 improbior
3511 3857 3627 3898 mea

2045 3956 2239 4011 liorem
2277 3960 2570 4022 sequatur,
2603 3956 2819 4018 propter
2864 3941 3268 3999 emendationis
3307 3953 3483 4010 spem.

2417 4059 2651 4116 εει).Μο
2683 4055 2904 4113 xxxv:
2945 4054 3043 4128 [αί.
3076 4051 3226 4124 XX].

2051 4179 2124 4232 De
2154 4169 2843 4246 congregationemalorum
2869 4168 3141 4246 viroram;
3171 4175 3220 4219 et
3259 4164 3401 4246 quod
3424 4172 3627 4234 oportet

2222 4236 2534 4301 sodalitates
2559 4240 2919 4308 improborum
2951 4238 3204 4290 exitiosa:
3236 4236 3454 4289 evitare.

2121 4403 2272 4456 Deut.
2308 4414 2346 4452 ι.
2378 4397 2638 4450 Amovete
2669 4409 2734 4447 ex
2765 4391 2918 4446 vobis
2949 4388 3282 4459 improbum.

1977 4485 2022 4541 Ι)
2121 4493 2148 4547 1
2179 4491 2306 4547 Cor.
2352 4507 2404 4547 v.
2457 4489 2528 4542 Se
2592 4485 2864 4540 abstinere
2921 4483 2988 4537 ab
3043 4481 3309 4551 improbis
3368 4477 3523 4543 viris,
3573 4475 3631 4531 id

2049 4585 2267 4640 demum
2296 4579 2526 4636 scientia
2559 4585 2665 4631 est.

2119 4670 2271 4728 Psal.
2303 4685 2344 4726 1.
2375 4667 2574 4722 Beatus
2595 4663 2687 4735 qui
2714 4663 2768 4718 in
2801 4660 3036 4718 concilio
3060 4659 3351 4729 impiorum
3375 4672 3487 4712 non
3511 4673 3633 4712 επιε-

370 4766 469 4820 καὶ
498 4769 556 4820 ἐν
583 4764 688 4837 όδῷ
724 4765 1068 4836 ἁμαρτωλῶν
1105 4763 1207 4817 οὐκ
1235 4763 1390 4834 ἔστη,
1423 4764 1520 4818 καὶ
1548 4762 1644 4818 ἐπὶ
1675 4761 1930 4835 καθέδραι

2047 4764 2223 4829 bulat,
2259 4774 2361 4815 nec
2404 4759 2457 4812 in
2491 4757 2585 4812 via
2639 4753 3045 4810 scelerosorum
3079 4750 3243 4822 178
3273 4757 3535 4816 stat,.nec
3567 4748 3625 4804 iu

368 4857 579 4928 λοιμῶν
611 4859 710 4912 οὐκ
754 4856 1033 4911 ἐκάθισεν.

447 4951 564 5005 Οὐκ
612 4949 842 5004 ἐκάθισα
889 4951 1032 5020 μετὰ
1073 4949 1354 5020 συνεδρίου
1407 4947 1794 5020 ματαιότητος,
1854 4949 1953 5003 xui.

376 5042 522 5114 μετὰ
548 5040 1012 5113 παρανομούντων
1039 5041 1100 5094 οὐ
1142 5042 1220 5111 μὴ
1270 5039 1523 5096 εἰσέλθω.

452 5134 560 5203 Ἀφ
569 5151 677 5206 ρων
699 5132 878 5203 ἐαυτῷ
903 5130 1186 5196 πεποιθὼς
1223 5131 1480 5203 μίγνυται
1504 5131 1715 5203 ἀνόμῳ.

451 5314 571 5381 Υἱὲ,
609 5316 686 5385 μή
741 5332 804 5369 σε
850 5314 1227 5385 πλανήσουσιν
1282 5315 1476 5384 ἄνδρες
1523 5313 1762 5379 ἀσεϐεῖς,
1815 5313 1956 5384 μήτε

2048 4855 2178 4912 sede
2211 4849 2595 4922 pestiferorum
2631 4845 2794 4901 sedit.

2129 4944 2247 5000 Non
2278 4941 2398 4998 sedi
2456 4939 2514 4996 in
2573 4950 2840 4995 consessu
2891 4933 3170 5003 vanitatis,
3205 4946 3309 4989 nec
3353 4929 3630 5004 ingrediar

2053 5051 2179 5094 cum
2207 5031 2514 5103 exlegibus.

2135 5125 2410 5183 Solomon.
2471 5121 2743 5193 [nsipiens
2785 5117 3129 5176 conﬁdenter
3177 5133 3237 5174 se
3270 5131 3396 5172 cum
3444 5114 3630 5184 exlege

2053 5220 2396 5279 commiscet.

2131 5315 2257 5382 Fili,
2301 5315 2428 5370 vide
2465 5328 2532 5370 ne
2571 5322 2622 5370 te
2677 5314 2942 5371 sedueant
2993 5309 3169 5380 impii,
3221 5320 3323 5362 nec
3379 5302 3632 5374 sequaris

381 5407 654 5480 πορευθῇς
677 5409 736 5463 ὲν
763 5407 869 5479 ὁδῷ
894 5409 1012 5478 μετ’
1040 5409 1245 5462 αὐτῶν.
1277 5409 1563 5462 Ἐκκλινον
1585 5410 1680 5462 τὸν
1705 5407 1839 5461 πόδα
1862 5423 1930 5459 σοι

2057 5423 2246 5465 eorum
2286 5408 2562 5464 instituta.
2598 5405 2831 5462 Deﬂecte
2863 5420 2894 5460 a
2920 5403 3022 5460 viis
3051 5401 3309 5463 illorum;
3347 5413 3454 5451 non
3483 5396 3626 5450 enim

378 5499 488 5553 ἀπὸ
515 5500 623 5553 τῶν
652 5499 856 5570 τρίϐων
874 5498 1075 5554 αὐτῶν.
1097 5499 1172 5553 Οὐ
1209 5498 1319 5571 γὰρ
1355 5500 1430 5570 μὴ
1466 5500 1829 5567 ὑπνώσουσιν,
1864 5499 1930 5552 ὲὰη

2058 5513 2310 5556 somnum
2359 5513 2559 5570 capere
2588 5505 2841 5570 possunt,
2887 5495 2995 5552 nisi
3050 5491 3378 5549 malelieium
3413 5487 3630 5557 aliquod

383 5593 462 5665 μὴ
511 5595 980 5665 κακοποιήσωσιν.

459 5784 532 5855 (ἰ)
572 5783 629 5837 In
661 5783 825 5852 epist.
857 5779 922 5835 ad
977 5777 1138 5849 (ἔπι-ες.
1175 5776 1248 5831 De
1278 5777 1380 5830 vita
1412 5774 1673 5829 sofitaria.

2060 5592 2457 5649 commiserint.
