4056 6414
445 345 597 413 1(95

1758 332 2069 394 ANTONII
2113 329 2458 393 MELISSE

3599 315 3746 380 1096

526 463 646 518 Noli
709 461 952 517 aemulari
1007 459 1263 529 exleges;
1321 454 1634 522 ubicunque
1701 458 1885 505 castra
1935 463 2034 504 sua

2213 447 2306 517 Μὴ
2341 441 2593 524 ζηλώσῃς
2624 441 2778 505 ὁδοὺς
2810 439 3026 510 ἀνόμων
3055 451 3070 467 °
3099 434 3157 490 ἐν
3186 427 3231 504 ᾧ
3281 436 3350 490 ἂν
3379 436 3532 505 τόπῳ
3564 453 3750 504 στρα.

457 554 768 626 posuerint,
823 569 888 607 co
944 552 1030 606 fac
1081 565 1152 605 ne
1202 547 1460 612 accedas;
1510 543 1725 600 declina
1782 542 1905 596 illos
1972 554 2035 594 ac

459 646 674 717 prasteri
704 662 720 710 ;
756 660 865 698 non
897 643 1044 698 enim
1093 654 1347 697 somnum
1393 637 1636 708 capient,
1667 635 1772 690 nisi
1824 632 2036 687 malcli~

454 740 601 792 cium
638 735 1036 792 commiserint.

528 829 686 884 Viam
720 830 1010 899 impiorum
1036 842 1105 882 ne
1131 825 1480 899 ingrediaris,
1515 839 1618 880 nec
1651 821 1894 892 exlegum
1920 817 2035 873 vias

456 923 764 990 quaesieris.

531 1014 636 1079 Qui
667 1028 790 1067 cum
831 1012 1224 1082 insipientibus
1246 1011 1621 1079 congreditur,
1648 995 1996 1075 agnoscatur.

531 1104 658 1170 Fili,
689 1107 863 1160 malos
893 1107 1040 1160 viros
1071 1120 1137 1159 ne
1164 1103 1456 1167 aémuleris,
1485 1116 1583 1156 nec
1616 1101 1830 1154 illorum
1858 1106 2035 1153 cretus

460 1207 736 1268 appetas:
773 1196 910 1253 falsa
966 1197 1115 1251 enim
1173 1195 1469 1249 meditatur
1529 1207 1624 1246 cor
1680 1191 1919 1254 illorum,
1983 1197 2039 1244 et

459 1289 690 1342 molesta
721 1286 860 1341 labia
893 1284 1212 1340 eorumdem
1256 1283 1574 1351 loquuntur.

463 1411 468 1414 -
535 1378 698 1433 Prov.
733 1393 928 1431 χχχιιι.
956 1374 1036 1430 Ne
1066 1385 1118 1428 te
1145 1373 1414 1444 adiungas
1463 1372 1705 1428 sodalem
1744 1369 2027 1436 iracundo,

459 1479 555 1524 aut
586 1469 764 1524 amico
793 1467 1062 1523 iracundo
1091 1465 1563 1531 contubernalem,
1605 1480 1674 1519 ne
1713 1465 1891 1519 discas
1921 1475 2037 1518 tan-

460 1562 584 1618 dem
624 1562 773 1617 illius
808 1561 948 1624 vias,
982 1571 1038 1615 ct
1069 1560 1322 1629 laqueum
1355 1558 1541 1627 capias
1571 1557 1764 1611 animae
1803 1564 1929 1611 tute.

534 1654 645 1709 Isa.
673 1654 902 1709 A'bstinc
943 1653 1012 1708 ab
1049 1653 1277 1722 injusto,
1325 1657 1380 1706 et
1426 1663 1535 1705 non
1585 1648 1898 1714 terreberis,
1937 1662 2037 1703 nec

461 1757 669 1804 tremor
698 1745 1157 1818 appropinquabit
1187 1744 1304 1799 tibi.

528 1839 558 1894 Ι
587 1838 766 1892 Thess.
800 1855 852 1892 v.
906 1836 1264 1906 Praecipimus
1318 1834 1498 1901 vobis,
1554 1832 1774 1899 fratres,
1813 1835 2034 1889 nomine

461 1931 673 1985 Domini
720 1930 891 1985 nostri
938 1927 1068 1984 Jesu
1103 1929 1335 1991 Christi,
1385 1935 1444 1982 ut
1476 1927 1746 1983 secedatis
1791 1928 1859 1982 ab
1892 1943 2034 1981 uno-

457 2039 680 2094 quoque
730 2023 900 2078 fratre
957 2022 1322 2076 immoderate
1373 2030 1432 2075 et
1483 2019 1604 2074 sine
1632 2019 1824 2075 ordine
1855 2035 1914 2075 se
1943 2037 2034 2090 ge-

457 2123 634 2178 reote,
660 2123 714 2170 et
751 2129 860 2170 non
909 2129 972 2170 ea
1018 2114 1234 2170 ratione
1268 2127 1435 2184 quam
1487 2127 1518 2166 a
1567 2111 1727 2168 nobis
1778 2115 2033 2169 traditam

459 2205 814 2274 acceperatis.

531 2294 725 2364 Fugite
758 2295 1092 2350 imitationes
1131 2294 1643 2350 condemnatorum.

527 2385 558 2440 Ι
593 2386 716 2442 Car.
750 2403 803 2441 v.
835 2387 894 2441 Si
928 2388 1082 2457 quis,
1107 2386 1277 2442 frater
1321 2399 1448 2442 cum
1485 2385 1814 2451 nominetur,
1872 2386 2038 2441 fuerit

463 2480 550 2532 vel
587 2487 884 2544 scortator,
914 2479 1000 2532 vel
1025 2477 1451 2533 simulacrorum
1495 2473 1699 2538 cultor,
1735 2475 1819 2529 vel
1851 2477 2039 2537 conui-

460 2570 661 2634 ciator,
695 2568 779 2623 vel
799 2583 990 2638 rapax,
1023 2583 1148 2622 cum
1179 2565 1451 2636 ejusmodi
1501 2579 1570 2620 ne
1601 2564 1784 2620 cibum
1815 2566 2034 2634 quidem

459 2661 693 2727 sumite;
738 2661 911 2716 tollite
945 2676 1012 2714 ex
1048 2659 1203 2715 vobis
1234 2658 1568 2728 improbum.

534 2752 749 2808 Sirach.
778 2753 914 2809 Cum
947 2751 1238 2821 disciplina
1279 2750 1594 2806 carentibus
1647 2765 1718 2806 ne
1763 2749 2034 2813 colludas,

461 2858 530 2900 ne
564 2852 820 2915 parentes
846 2844 924 2898 tui
957 2843 1159 2912 probro
1187 2842 1510 2898 afficiantur.

533 2935 595 2993 S.
628 2936 842 2992 Basilii.
863 2935 1194 2992 Perniciosa!
1232 2944 1361 2992 sunt
1400 2937 1667 2991 malorum
1696 2936 2039 3007 congressio-

2137 537 2531 598 τοπεδεύσωσι,
2568 533 2644 603 μὴ
2667 530 2907 602 ἐπέλθῃς
2938 529 3086 583 ἐκεῖο
3117 528 3366 582 ἕκκλινον
3421 529 3519 581 ἀπ’
3546 529 3745 581 αὐτῶν

2137 632 2234 686 καὶ
2266 628 2632 700 παράλλαξον.
2659 627 2737 680 Οὐ
2772 624 2880 696 γὰρ
2913 621 2989 696 μὴ
3019 621 3384 689 ύπνώσουσιν,
3409 620 3502 674 ἐὰν
3527 621 3607 692 μὴ
3636 639 3752 675 κα-

2137 723 2535 791 κοποιὴσωσιν.

2221 813 2406 874 Ὁδοὺς
2437 809 2654 864 ἀσεϐῶν
2683 805 2760 878 μὴ
2798 803 3055 876 ἐπέλθῃς,
3104 803 3240 874 μηδὲ
3279 801 3524 875 ζητήσῃς
3573 802 3752 865 ὁδοὺς

2138 905 2497 976 παρανόμων.

2219 1000 2278 1051 '0
2311 995 2859 1067 συμπεριφερόμενος
2898 993 3101 1061 ἄφροσι
3129 989 3538 1060 γνωσθήσεται.

2209 1090 2330 1158 Υίέ,
2361 1088 2436 1161 μὴ
2462 1088 2714 1160 ζηλώσῃς
2737 1086 2941 1147 κακοὺς
2968 1085 3189 1151 ἄνδρας,
3219 1083 3353 1152 μηδὲ
3377 1082 3751 1150 ἐπιθυμήσῃς

2138 1181 2279 1239 εἶναι
2306 1179 2425 1254 μετ’
2453 1181 2657 1236 αὐτῶν.
2681 1178 2872 1248 Ψευδῆ
2891 1179 3002 1246 γὰρ
3029 1175 3230 1247 μελετᾷ
3247 1177 3290 1246 ἡ,
3305 1175 3502 1245 καρδία
3520 1174 3748 1239 αὐτῶν,

2138 1276 2233 1331 καὶ
2258 1276 2452 1336 πόνους
2479 1273 2548 1326 τὰ
2576 1271 2729 1342 χείλη
2769 1268 2951 1325 αὐτῶν
2979 1268 3152 1322 λαλεῖ.

2211 1366 2302 1436 Μὴ
2333 1363 2444 1418 ῐσθι
2478 1365 2694 1433 ἑταῖρος
2734 1360 2892 1430 ἀνδρὶ
2924 1359 3189 1430 θυμώδει,
3231 1356 3368 1430 μηδέ
3400 1355 3747 1415 συναυλίζου

2137 1463 2277 1532 φίλῳ
2306 1461 2530 1533 ὀργίλῳ,
2561 1460 2769 1529 μήποτε
2803 1456 2980 1528 μάθῃς
3005 1455 3116 1508 τῶν
3138 1453 3275 1508 ὁδῶν
3306 1451 3493 1517 αὐτοῦ,
3513 1452 3612 1508 καὶ
3637 1452 3751 1505 λά-

2139 1558 2240 1627 θῃς
2277 1555 2505 1625 βρόχους
2537 1555 2602 1621 τῇ
2643 1555 2706 1621 σῇ
2739 1551 2907 1621 ψυχῇ

2219 1650 2451 1718 Ἀπέχου
2480 1645 2576 1700 τοῦ
2604 1644 2813 1710 ἀδίκου,
2845 1643 2941 1696 καὶ
2962 1642 3024 1695 οὐ
3047 1639 3360 1713 φοῦηθήσῃ,
3396 1637 3494 1692 καὶ
3521 1636 3747 1708 τρόμος

2137 1741 2239 1797 οὒκ
2266 1743 2443 1809 ἐγγιεῖ
2460 1756 2563 1794 σοι.

2213 1833 2678 1905 Παραγγέλλομεν
2705 1831 2855 1900 ὑμῖν,
2887 1827 3128 1895 ἀδελφοὶ,
3155 1827 3212 1878 ἐν
3233 1824 3456 1896 ὀνόματι
3485 1824 3582 1876 τοῦ
3616 1825 3746 1876 Κιθ-

2142 1929 2259 2000 ρίου
2289 1926 2449 1998 ἡμῶν
2485 1921 2661 1993 Ἰησοῦ
2686 1921 2948 1988 Χριστοῦ,
2977 1919 3263 1972 στέλλεσθε
3284 1919 3427 1986 ὑμᾶς
3455 1917 3562 1969 ἀπὸ
3596 1933 3743 1968 παν-

2138 2020 2232 2083 τὸς
2264 2018 2501 2087 ἀδελφοῦ
2533 2017 2785 2077 ἀτάκτως
2840 2010 3296 2082 περιπατοῦντος,
3327 2009 3424 2062 καὶ
3455 2008 3532 2079 μὴ
3580 2009 3739 2061 κατὰ

2137 2112 2238 2183 τὴν
2271 2107 2574 2178 παράδοσιν
2601 2105 2669 2176 ἥν
2697 2100 3042 2173 παρελάϐετε
3079 2097 3210 2169 παρ’
3248 2096 3407 2168 ἐμοῦ.

2208 2293 2448 2362 Φεύγετε
2478 2290 2578 2352 τὰς
2611 2288 2874 2358 μιμήσεις
2909 2284 3018 2336 τῶν
3053 2280 3544 2350 κατεγνωσμένων.

2223 2387 2350 2440 Ἐάν
2379 2401 2465 2447 τις
2492 2379 2720 2448 ἁδελφὸς
2743 2375 3144 2447 ὀνομαζόμενος
3249 2373 3471 2443 πόρνος,
3498 2374 3532 2442 ἢ
3568 2373 3736 2426 είδωο

2140 2480 2432 2551 λολάτρης,
2464 2476 2498 2546 ἢ
2543 2474 2811 2544 λοίδορος,
2836 2472 2871 2542 ἦ
2931 2469 3140 2542 ἅρπαξ,
3173 2467 3252 2538 τῷ
3277 2467 3531 2537 -τοιούτῳ
3587 2469 3736 2538 μηδέ

2144 2571 2450 2626 συνεσθίειν
2483 2584 2498 2600 ·
2563 2564 2798 2637 ἐξάρατε
2846 2563 2939 2618 τὸν
2995 2559 3236 2631 πονηρὸν
3299 2558 3360 2625 ἐξ
3420 2558 3574 2628 ὑμῶν
3622 2560 3733 2613 αύ-

2139 2683 2272 2718 των.

2211 2753 2306 2822 Μὴ
2334 2747 2647 2823 πρόσπαιζε
2696 2745 3069 2812 ἀπαιδεύτοις,
3111 2745 3201 2800 ἵνα
3230 2743 3309 2816 μὴ
3354 2743 3735 2815 ἀτιμάζωνται

2141 2850 2192 2902 οἱ
2228 2849 2404 2915 γονεῖς
2433 2862 2552 2899 σου.

2213 2936 2489 3005 Βλαϐεραὶ
2513 2933 2569 2987 αί
2603 2931 2742 3004 πρὸς
2775 2929 2902 2992 τοὺς
2936 2927 3144 2990 κακοὺς
3177 2926 3462 2981 συνουσίαι
3487 2943 3503 2958 ο
3535 2926 3733 2996 ἐπειδὴ

457 3045 554 3086 nes
574 3045 590 3085 :
609 3029 876 3100 siquidem
898 3030 1015 3084 haec
1031 3036 1114 3085 est
1137 3027 1390 3084 amicitiae
1407 3029 1490 3083 lex
1515 3043 1580 3084 ac
1596 3029 1956 3096 consuetudo,
1978 3040 2036 3084 ut

2161 3033 2302 3104 νόμος
2329 3025 2483 3093 οὗτος
2509 3025 2691 3098 φιλίας
2716 3021 2785 3077 δι’
2805 3021 3122 3093 ὁμοιότητος
3141 3019 3441 3088 πεφυκέναι
3465 3019 3577 3080 τοῖς
3599 3035 3699 3070 συν
3715 3049 3734 3058 ο

464 3139 562 3193 per
601 3122 1010 3180 similitudinem
1045 3121 1392 3192 ingeneretur
1417 3121 1752 3191 conjunctis.
1785 3119 1856 3176 Ut
1884 3121 2028 3176 enim

2161 3122 2466 3194 ιπτομένοις
2509 3114 2848 3187 ἐγγίνεσθαι.
2883 3114 2975 3175 Ὠς
3013 3112 3121 3181 γὰρ
3163 3111 3222 3164 ἐν
3275 3112 3391 3172 τοῖς
3425 3112 3734 3172 νοσοποιοῖς

463 3218 518 3271 in
562 3214 952 3286 peStilentibus
978 3213 1114 3269 locis
1146 3211 1409 3282 paulatim
1437 3227 1534 3268 aer
1580 3213 1862 3269 immissus
1885 3227 2035 3268 mor-

463 3310 592 3365 bum
625 3308 839 3364 occulte
883 3307 998 3363 illic
1035 3307 1360 3379 degentibus
1391 3305 1652 3374 immittit,
1708 3307 1790 3363 sic
1835 3306 2043 3376 impro-

464 3400 658 3453 borum
716 3399 1062 3455 consuetudo
1105 3399 1274 3454 multa
1332 3398 1473 3453 mala
1525 3397 2034 3468 importat,etiam-

464 3486 513 3541 si
544 3487 827 3544 calamitas
852 3487 908 3544 in
934 3489 1222 3558 praesentia
1250 3488 1444 3544 oculos
1483 3486 1669 3557 fugiat.

613 3667 792 3724 Bonos
825 3683 932 3724 non
975 3668 1137 3725 bonis
1163 3682 1384 3737 semper
1412 3671 1754 3738 anteponito.

606 3758 742 3814 Nam
767 3760 812 3814 si
837 3774 963 3815 cum
985 3759 1140 3816 malis
1161 3761 1422 3828 verseris,
1444 3761 1619 3816 malus
1641 3760 1863 3816 omnino
1893 3759 2011 3816 ﬁes.

1577 3852 1597 3917 (
1604 3850 1896 3922 Tlteologi.)

541 3945 603 4000 S.
639 3945 915 4016 Chrysost.
951 3942 1225 3999 Delicatos
1254 3951 1310 3999 et
1340 3943 1643 4000 dissolutos
1675 3958 1739 3999 ac
1765 3944 2042 4014 improbos

469 4041 668 4104 vitato,
703 4051 768 4093 ac
791 4037 956 4091 etiam
993 4049 1090 4092 eos
1124 4035 1216 4105 qui
1262 4044 1443 4090 scorta
1479 4035 1722 4090 ductant.

542 4130 604 4186 S.
635 4131 893 4184 Alhanas.
922 4127 1040 4184 Non
1069 4129 1230 4182 modo
1269 4143 1298 4182 a
1347 4127 1491 4183 vitiis
1521 4141 1713 4183 cavere
1756 4127 2039 4196 debemus,

471 4241 537 4281 ac
591 4239 654 4280 ea
678 4223 873 4289 vitare,
935 4236 1127 4278 verum
1175 4221 1341 4277 etiam
1377 4235 1472 4277 eos
1517 4223 1608 4292 qui
1655 4221 1783 4277 talia
1831 4221 2040 4278 faciunt

465 4312 734 4368 aversari.

543 4404 707 4476 179
741 4403 800 4459 S.
835 4403 1044 4475 Cyrilli.
1075 4403 1345 4476 lmprobis
1371 4403 1682 4472 connivere,
1717 4412 1769 4460 et
1811 4405 2036 4461 noxium

465 4509 550 4554 est
579 4507 634 4554 et
665 4497 1063 4566 vituperatione
1084 4497 1328 4566 dignum.

539 4589 842 4644 Clementis.
863 4588 906 4643 A
928 4589 1209 4647 sceleratis
1238 4588 1481 4653 liberari,
1513 4596 1596 4642 est
1621 4587 1782 4642 saluti
1811 4587 2037 4644 initiari.

540 4681 678 4739 Nili.
714 4682 877 4739 Probi
901 4683 1002 4738 viri
1053 4684 1120 4739 ad
1158 4685 1433 4755 improbos
1490 4687 1809 4742 accedentes
1871 4684 2042 4739 multo

467 4775 683 4832 facilius
707 4776 835 4832 vitia
859 4775 1100 4843 trahunt,
1129 4792 1294 4847 quam
1327 4778 1579 4834 virtutem
1616 4779 1948 4848 impertiunt.

541 4953 802 5010 Philonis.
834 4952 1158 5009 Perniciosa:
1199 4962 1330 5007 sunt
1375 4955 1668 5009 stultorum
1703 4954 2041 5022 congressio-

469 5060 570 5103 nes
607 5064 622 5102 :
656 5053 711 5102 et
753 5045 936 5102 animo
998 5059 1140 5115 saepe
1196 5045 1436 5100 audienti
1494 5046 1710 5101 illorum
1759 5045 2044 5102 dementiae

468 5137 760 5193 simulacra
793 5138 1201 5209 imprimuntur.

537 5228 655 5283 Non
699 5244 794 5285 rus
831 5230 1128 5300 improbos,
1179 5247 1286 5288 non
1331 5230 1460 5286 urbs
1503 5232 1674 5286 bonos
1711 5229 1899 5296 efﬁcit,
1947 5230 2042 5287 sed

468 5318 659 5376 talium
686 5322 1047 5378 consuetudo.

858 5434 1089 5492 SERMO
1125 5437 1358 5492 XXXVII
1396 5437 1488 5510 [αί.
1524 5437 1668 5512 XII].

567 5528 641 5584 De
670 5527 779 5583 illis
803 5529 890 5600 qui
916 5528 1138 5598 optimos
1172 5541 1219 5584 et
1248 5540 1464 5584 sanctas
1485 5533 1625 5586 viros
1658 5535 1941 5586 honorant.

541 5685 674 5741 Gen.
702 5701 793 5741 xx.
825 5683 1206 5740 Abimelechus
1250 5684 1396 5738 mille
1436 5685 1752 5740 didracbma
1807 5685 2039 5756 argenti,

469 5791 623 5840 oves.
655 5779 872 5844 vitulos,
898 5791 1097 5842 pueros
1123 5785 1175 5834 et
1206 5777 1414 5848 puellas
1446 5779 1754 5834 Abrahamo
1779 5779 2036 5835 donavit:

2146 3216 2370 3289 χωρίοις
2389 3211 2532 3266 κατὰ
2568 3210 2734 3278 μέρος
2765 3203 3224 3272 ἀναπεμπόμενος
3253 3203 3280 3254 ὁ
3301 3200 3410 3271 ἀήρ
3437 3200 3736 3254 λανθάνου-

2147 3325 2248 3361 σαν
2281 3303 2438 3357 νόσον
2468 3301 2581 3360 τοῖς
2597 3293 3038 3364 ἐνδιαιτωμένοις
3055 3290 3465 3361 ἐναποτίθησιν,
3496 3289 3672 3351 οὕτως
3693 3293 3732 3361 ἡ

2145 3399 2285 3469 πρὸς
2313 3396 2440 3456 τοὺς
2466 3389 2706 3461 φαύλους
2741 3385 3002 3455 συνουσία
3038 3382 3252 3452 μεγάλα
3299 3381 3449 3435 κακὰ
3475 3385 3597 3445 ταῖς
3623 3381 3732 3450 ψυ-

2144 3491 2268 3561 χαῖς
2296 3483 2574 3553 ἐναφίησι,
2593 3479 2708 3534 κᾶν
2733 3477 2833 3548 τὴν
2865 3473 3184 3545 παραυτίκα
3205 3472 3462 3540 αἴσθησιν
3497 3471 3560 3526 τὸ
3600 3471 3735 3542 βλα-

2146 3579 2311 3650 ϐερὸν
2339 3573 2628 3644 διαφεύγῃ.

2230 3670 2345 3724 Ἀεὶ
2371 3667 2616 3738 προτίμα
2643 3665 2772 3725 τοὺς
2803 3661 3008 3723 καλοὺς
3044 3658 3153 3712 τῶν
3193 3657 3268 3728 μὴ
3303 3656 3444 3712 καλιῖ

2168 3767 2191 3796 ⁸
2218 3764 2428 3827 Κακοῖς
2452 3761 2498 3814 δ’
2518 3756 2724 3829 ὁμιλῶν
2743 3754 2837 3809 καὶ
2868 3752 3039 3816 κακὸς
3071 3752 3291 3814 πάντως
3319 3749 3441 3820 ἔσῃ.

2214 3942 2387 4011 Φεῢγε
2415 3939 2540 4002 τοὺς
2567 3935 2774 4005 βλάκας
2801 3932 2896 3987 καὶ
2929 3929 3190 3993 ἐκλύτους
3215 3927 3412 3999 ἄνδρας
3430 3927 3529 3981 καὶ
3555 3942 3729 3997 πονη-

2149 4037 2297 4108 ροὺς,
2329 4035 2424 4087 καὶ
2465 4028 2860 4102 ήταιρηκότας.

2219 4128 2310 4180 Δεῖ
2339 4125 2414 4196 μὴ
2455 4123 2616 4193 μόνον
2652 4117 2953 4186 ἀπέχεσθαι
3011 4116 3119 4169 τῶν
3173 4113 3385 4179 κακῶν,
3443 4111 3582 4168 ἀλλὰ
3635 4113 3737 4167 καὶ

2144 4222 2270 4284 τοὺς
2297 4219 2370 4272 τὰ
2393 4215 2618 4270 τοιαῦτα
2647 4212 2991 4282 πράσσοντας
3007 4205 3476 4277 ἀποστρέφεσθαι.

2218 4396 2293 4451 Τὸ
2320 4391 2726 4449 συνδιαιτᾶσθαι
2759 4391 2871 4452 τοῖς
2904 4387 3132 4457 φαύλοις
3161 4385 3454 4450 emanet;
3484 4387 3579 4441 ml.
3611 4387 3734 4440 ἐπί-

2072 4498 2121 4558 D
2147 4492 2334 4562 ψογον.

2226 4584 2292 4635 Ἦ
2341 4581 2448 4634 τῶν
2505 4579 2693 4633 κακῶν
2739 4574 3035 4644 ἀπαλλαγὴ
3085 4571 3357 4644 σωτηρίας
3383 4571 3534 4624 ἐστὶν
3559 4572 3732 4641 ἀρχή.

2216 4672 2484 4734 Πολλάκις
2529 4670 2720 4738 ἄνδρες
2771 4667 2988 4736 ἁγαθοὶ,
3023 4667 3215 4728 κακοῖς
3267 4662 3726 4733 προσγενόμενοι,

2145 4765 2327 4836 πολλῷ
2360 4764 2552 4818 θᾶττον
2579 4761 2778 4822 κακίας
2837 4755 3155 4828 μέτελαϐον,
3202 4753 3237 4823 ἢ
3275 4754 3571 4824 μετέδοσαν
3601 4753 3732 4822 ἀρε-

2141 4859 2258 4929 τῆς.

2213 4947 2491 5018 Βλαὸεραὶ
2523 4945 2632 4999 τῶν
2673 4943 2919 5013 ἀνοήτων
2967 4941 3026 4996 αἱ
3075 4938 3390 4992 συνουσίαι·
3439 4937 3535 4991 καὶ
3564 4937 3725 4990 ἀκού-

2140 5060 2276 5098 ουσα
2323 5038 2584 5102 πολλάκις
2637 5035 2804 5106 ψυχὴ,
2855 5033 2956 5104 τῆς
3007 5033 3232 5088 ἐκείνων
3299 5029 3728 5101 φρενοδλαόεέας

2141 5134 2445 5204 ἀπομάττει
2473 5131 2541 5186 τὰ
2561 5128 2774 5184 εἴδωλα.

2214 5225 2291 5280 υύ
2321 5224 2470 5278 ποιεῖ
2503 5221 2673 5291 ἀγρὸς
2725 5218 2985 5290 φαύλους,
3037 5216 3157 5272 οὐδὲ
3189 5217 3322 5272 ἄστυ
3372 5213 3725 5279 σπουδαίους,

2141 5313 2257 5371 ἀλλ’
2283 5317 2319 5387 ἡ
2352 5313 2490 5385 μετὰ
2521 5313 2632 5366 τῶν
2663 5310 2886 5365 τοιῶνδε
2917 5308 3292 5377 συνδιατρισή.

2732 5423 2954 5478 ΛΟΓΟΣ
2998 5423 3118 5478 ΛΖ’.

2143 5521 2285 5592 Περὶ
2337 5519 2456 5574 τῶν
2508 5518 2652 5587 τοὺς
2680 5518 2972 5592 ἀρίστρυς
3018 5513 3348 5583 καὶάγίους
3389 5509 3618 5578 ἄνδρας
3643 5524 3736 5562 τιμ-

2843 5585 3065 5639 ώντων.

2843 5604 3065 5639 corner.

2215 5687 2328 5740 Καὶ
2357 5684 2548 5740 ἐλαϐεν
2592 5604 2885 5749 ’Δὸιμὲλῗέχ
2932 5679 3082 5749 χίλια
3114 5676 3388 5746 δίδραχμα
3423 5673 3729 5742 ἀργυρίου,

2146 5777 2241 5830 καὶ
2293 5774 2562 5843 πρόϐατα,
2613 5772 2706 5825 καὶ
2756 5770 3012 5839 μόσχους,
3042 5765 3137 5819 καὶ
3174 5764 3368 5825 παῖδας
3415 5763 3509 5814 καὶ
3546 5763 3730 5817 παιδί-
