  <div class='ocr_page' id='page_1' title='image "/cluster/home/n/w/nwhite01/storage/ocr_20150623/136/coo.31924054870419/554.png"; bbox 0 0 4056 6404; ppageno 0'>
   <div class='ocr_carea' id='block_1_1' title="bbox 1805 208 1994 231">
    <p class='ocr_par' dir='ltr' id='par_1_1' title="bbox 1863 208 1994 220">
     <span class='ocr_line' id='line_1_1' title="bbox 1863 208 1994 220; baseline 0.015 -8"><span class='ocrx_word' id='word_1_1' title='bbox 1863 213 1906 220; x_wconf 52' lang='grc'><strong>,,</strong></span> <span class='ocrx_word' id='word_1_2' title='bbox 1967 208 1994 214; x_wconf 86' lang='grc'><strong>,..</strong></span> 
     </span>
    </p>
   </div>
   <div class='ocr_carea' id='block_1_2' title="bbox 353 325 485 384">
    <p class='ocr_par' dir='ltr' id='par_1_2' title="bbox 353 325 485 384">
     <span class='ocr_line' id='line_1_2' title="bbox 353 325 485 384; baseline 0 -2"><span class='ocrx_word' id='word_1_3' title='bbox 353 325 485 384; x_wconf 79' lang='lat'><strong>1097</strong></span> 
     </span>
    </p>
   </div>
   <div class='ocr_carea' id='block_1_3' title="bbox 1073 331 2853 446">
    <p class='ocr_par' dir='ltr' id='par_1_3' title="bbox 1073 331 2853 446">
     <span class='ocr_line' id='line_1_3' title="bbox 1073 331 2853 446; baseline 0.011 -56"><span class='ocrx_word' id='word_1_4' title='bbox 1073 331 1245 393; x_wconf 89' lang='lat' dir='ltr'><strong>LOCI</strong></span> <span class='ocrx_word' id='word_1_5' title='bbox 1288 332 1729 403; x_wconf 85' lang='lat' dir='ltr'><strong>COMMUNES.</strong></span> <span class='ocrx_word' id='word_1_6' title='bbox 1772 364 1846 378; x_wconf 89' lang='lat'><strong>—</strong></span> <span class='ocrx_word' id='word_1_7' title='bbox 1874 339 2072 402; x_wconf 80' lang='lat' dir='ltr'><strong>PARS</strong></span> <span class='ocrx_word' id='word_1_8' title='bbox 2102 343 2182 406; x_wconf 88' lang='lat' dir='ltr'><strong>Il.</strong></span> <span class='ocrx_word' id='word_1_9' title='bbox 2220 345 2480 407; x_wconf 80' lang='lat' dir='ltr'><strong>SERMO</strong></span> <span class='ocrx_word' id='word_1_10' title='bbox 2519 349 2853 446; x_wconf 85' lang='lat' dir='ltr'><strong>XXXVIII.</strong></span> 
     </span>
    </p>
   </div>
   <div class='ocr_carea' id='block_1_4' title="bbox 3475 361 3612 427">
    <p class='ocr_par' dir='ltr' id='par_1_4' title="bbox 3475 361 3612 427">
     <span class='ocr_line' id='line_1_4' title="bbox 3475 361 3612 427; baseline -0.022 0"><span class='ocrx_word' id='word_1_11' title='bbox 3475 361 3612 427; x_wconf 82' lang='lat'><strong>1098</strong></span> 
     </span>
    </p>
   </div>
   <div class='ocr_carea' id='block_1_5' title="bbox 351 439 1931 539">
    <p class='ocr_par' dir='ltr' id='par_1_5' title="bbox 351 439 1915 525">
     <span class='ocr_line' id='line_1_5' title="bbox 351 439 1915 525; baseline 0.011 -33"><span class='ocrx_word' id='word_1_12' title='bbox 351 458 510 508; x_wconf 84' lang='grc' dir='ltr'>σκας,</span> <span class='ocrx_word' id='word_1_13' title='bbox 542 441 639 494; x_wconf 72' lang='grc' dir='ltr'><strong>καὶ</strong></span> <span class='ocrx_word' id='word_1_14' title='bbox 669 439 836 495; x_wconf 78' lang='grc' dir='ltr'>ἔδωκε</span> <span class='ocrx_word' id='word_1_15' title='bbox 875 440 952 511; x_wconf 82' lang='grc' dir='ltr'><strong>τῷ</strong></span> <span class='ocrx_word' id='word_1_16' title='bbox 1002 442 1277 515; x_wconf 70' lang='grc' dir='ltr'>Ἁϐραάμ.</span> <span class='ocrx_word' id='word_1_17' title='bbox 1323 450 1434 502; x_wconf 76' lang='lat' dir='ltr'><strong>Kal.</strong></span> <span class='ocrx_word' id='word_1_18' title='bbox 1464 453 1746 508; x_wconf 79' lang='grc' dir='ltr'>ἀπέδωκεν</span> <span class='ocrx_word' id='word_1_19' title='bbox 1769 456 1915 525; x_wconf 79' lang='grc' dir='ltr'>αὐτῷ</span> 
     </span>
    </p>
   </div>
   <div class='ocr_carea' id='block_1_6' title="bbox 2033 439 3610 539">
    <p class='ocr_par' dir='ltr' id='par_1_6' title="bbox 2033 459 3610 539">
     <span class='ocr_line' id='line_1_6' title="bbox 2033 459 3610 539; baseline 0.013 -29"><span class='ocrx_word' id='word_1_20' title='bbox 2033 459 2255 513; x_wconf 83' lang='lat' dir='ltr'><strong>reddidit</strong></span> <span class='ocrx_word' id='word_1_21' title='bbox 2277 462 2438 515; x_wconf 88' lang='lat' dir='ltr'><strong>etiam</strong></span> <span class='ocrx_word' id='word_1_22' title='bbox 2464 462 2681 518; x_wconf 90' lang='lat' dir='ltr'><strong>Sarram</strong></span> <span class='ocrx_word' id='word_1_23' title='bbox 2717 481 2962 533; x_wconf 71' lang='lat' dir='ltr'><strong>uxorem,</strong></span> <span class='ocrx_word' id='word_1_24' title='bbox 2996 482 3230 539; x_wconf 84' lang='lat' dir='ltr'><strong>eumque</strong></span> <span class='ocrx_word' id='word_1_25' title='bbox 3257 472 3335 527; x_wconf 89' lang='lat' dir='ltr'><strong>sic</strong></span> <span class='ocrx_word' id='word_1_26' title='bbox 3382 473 3610 532; x_wconf 78' lang='lat' dir='ltr'><strong>all‘atur:</strong></span> 
     </span>
    </p>
   </div>
   <div class='ocr_carea' id='block_1_7' title="bbox 353 531 1926 618">
    <p class='ocr_par' dir='ltr' id='par_1_7' title="bbox 353 531 1926 618">
     <span class='ocr_line' id='line_1_7' title="bbox 353 531 1926 618; baseline 0.013 -34"><span class='ocrx_word' id='word_1_27' title='bbox 353 531 572 604; x_wconf 78' lang='grc' dir='ltr'>Σάρῤαν</span> <span class='ocrx_word' id='word_1_28' title='bbox 623 533 725 605; x_wconf 83' lang='grc' dir='ltr'>τὴν</span> <span class='ocrx_word' id='word_1_29' title='bbox 756 537 994 602; x_wconf 79' lang='grc' dir='ltr'>γυναῖκα</span> <span class='ocrx_word' id='word_1_30' title='bbox 1029 536 1217 600; x_wconf 81' lang='grc' dir='ltr'>αὐτοῦ,</span> <span class='ocrx_word' id='word_1_31' title='bbox 1251 539 1343 592; x_wconf 72' lang='grc' dir='ltr'>καὶ</span> <span class='ocrx_word' id='word_1_32' title='bbox 1379 537 1530 596; x_wconf 78' lang='grc' dir='ltr'>εἶπεν</span> <span class='ocrx_word' id='word_1_33' title='bbox 1583 548 1750 618; x_wconf 82' lang='grc' dir='ltr'>αὐτῷ·</span> <span class='ocrx_word' id='word_1_34' title='bbox 1796 550 1926 604; x_wconf 80' lang='grc' dir='ltr'>Ἰδοὺ</span> 
     </span>
    </p>
   </div>
   <div class='ocr_carea' id='block_1_8' title="bbox 353 626 1924 714">
    <p class='ocr_par' dir='ltr' id='par_1_8' title="bbox 353 626 1924 714">
     <span class='ocr_line' id='line_1_8' title="bbox 353 626 1924 714; baseline 0.011 -34"><span class='ocrx_word' id='word_1_35' title='bbox 353 626 390 696; x_wconf 79' lang='grc' dir='ltr'><strong>ἠ</strong></span> <span class='ocrx_word' id='word_1_36' title='bbox 419 627 490 694; x_wconf 85' lang='grc' dir='ltr'>γῆ</span> <span class='ocrx_word' id='word_1_37' title='bbox 556 644 660 696; x_wconf 89' lang='grc' dir='ltr'><strong>μου</strong></span> <span class='ocrx_word' id='word_1_38' title='bbox 705 627 947 681; x_wconf 77' lang='grc' dir='ltr'>ἐναντίον</span> <span class='ocrx_word' id='word_1_39' title='bbox 1006 646 1121 696; x_wconf 88' lang='grc' dir='ltr'>σου,</span> <span class='ocrx_word' id='word_1_40' title='bbox 1158 631 1252 684; x_wconf 79' lang='grc' dir='ltr'>καὶ</span> <span class='ocrx_word' id='word_1_41' title='bbox 1301 631 1363 686; x_wconf 81' lang='grc' dir='ltr'>οὖ</span> <span class='ocrx_word' id='word_1_42' title='bbox 1429 637 1523 690; x_wconf 83' lang='grc' dir='ltr'><strong>ἐὰν</strong></span> <span class='ocrx_word' id='word_1_43' title='bbox 1565 639 1774 714; x_wconf 77' lang='grc' dir='ltr'>ἀρέσκῃ</span> <span class='ocrx_word' id='word_1_44' title='bbox 1822 660 1924 712; x_wconf 91' lang='grc' dir='ltr'>σοι,</span> 
     </span>
    </p>
   </div>
   <div class='ocr_carea' id='block_1_9' title="bbox 352 719 627 788">
    <p class='ocr_par' dir='ltr' id='par_1_9' title="bbox 352 719 627 788">
     <span class='ocr_line' id='line_1_9' title="bbox 352 719 627 788; baseline 0.007 -17"><span class='ocrx_word' id='word_1_45' title='bbox 352 719 627 788; x_wconf 89' lang='grc' dir='ltr'>παροίκει.</span> 
     </span>
    </p>
   </div>
   <div class='ocr_carea' id='block_1_10' title="bbox 425 809 1928 896">
    <p class='ocr_par' dir='ltr' id='par_1_10' title="bbox 425 809 1928 896">
     <span class='ocr_line' id='line_1_10' title="bbox 425 809 1928 896; baseline 0.012 -32"><span class='ocrx_word' id='word_1_46' title='bbox 425 809 595 866; x_wconf 81' lang='grc' dir='ltr'>Εἶπεν</span> <span class='ocrx_word' id='word_1_47' title='bbox 621 817 654 886; x_wconf 79' lang='grc' dir='ltr'><strong>ἡ</strong></span> <span class='ocrx_word' id='word_1_48' title='bbox 683 817 820 888; x_wconf 80' lang='grc' dir='ltr'>γυνὴ</span> <span class='ocrx_word' id='word_1_49' title='bbox 847 821 984 889; x_wconf 77' lang='grc' dir='ltr'>πρὸς</span> <span class='ocrx_word' id='word_1_50' title='bbox 1016 821 1107 874; x_wconf 74' lang='grc' dir='ltr'><strong>τὸν</strong></span> <span class='ocrx_word' id='word_1_51' title='bbox 1155 823 1324 894; x_wconf 84' lang='grc' dir='ltr'>ἄνδρα</span> <span class='ocrx_word' id='word_1_52' title='bbox 1357 827 1550 896; x_wconf 79' lang='grc' dir='ltr'>αὐτῆς·</span> <span class='ocrx_word' id='word_1_53' title='bbox 1587 828 1718 882; x_wconf 73' lang='grc' dir='ltr'>’ἰδοὺ</span> <span class='ocrx_word' id='word_1_54' title='bbox 1757 827 1928 896; x_wconf 75' lang='grc' dir='ltr'>ἔγνων</span> 
     </span>
    </p>
   </div>
   <div class='ocr_carea' id='block_1_11' title="bbox 352 903 1928 990">
    <p class='ocr_par' dir='ltr' id='par_1_11' title="bbox 352 903 1928 990">
     <span class='ocr_line' id='line_1_11' title="bbox 352 903 1928 990; baseline 0.012 -35"><span class='ocrx_word' id='word_1_55' title='bbox 352 903 434 956; x_wconf 87' lang='grc' dir='ltr'>ὅτι</span> <span class='ocrx_word' id='word_1_56' title='bbox 460 905 740 975; x_wconf 76' lang='grc' dir='ltr'>ἄνθρωπος</span> <span class='ocrx_word' id='word_1_57' title='bbox 776 910 868 963; x_wconf 80' lang='grc' dir='ltr'>τοῦ</span> <span class='ocrx_word' id='word_1_58' title='bbox 902 911 1037 965; x_wconf 81' lang='grc' dir='ltr'>Θεοῦ</span> <span class='ocrx_word' id='word_1_59' title='bbox 1071 914 1099 966; x_wconf 99' lang='lat'><strong>6</strong></span> <span class='ocrx_word' id='word_1_60' title='bbox 1144 913 1300 982; x_wconf 82' lang='grc' dir='ltr'>ἆγιος</span> <span class='ocrx_word' id='word_1_61' title='bbox 1346 908 1502 980; x_wconf 76' lang='grc' dir='ltr'>οὗτος</span> <span class='ocrx_word' id='word_1_62' title='bbox 1532 918 1928 990; x_wconf 77' lang='grc' dir='ltr'><strong>διαπορεύεται</strong></span> 
     </span>
    </p>
   </div>
   <div class='ocr_carea' id='block_1_12' title="bbox 355 996 1924 1080">
    <p class='ocr_par' dir='ltr' id='par_1_12' title="bbox 355 996 1924 1080">
     <span class='ocr_line' id='line_1_12' title="bbox 355 996 1924 1080; baseline 0.011 -33"><span class='ocrx_word' id='word_1_63' title='bbox 355 996 442 1066; x_wconf 69' lang='grc' dir='ltr'><strong>ἐφ’</strong></span> <span class='ocrx_word' id='word_1_64' title='bbox 471 999 619 1068; x_wconf 75' lang='grc' dir='ltr'>ἡμᾶς</span> <span class='ocrx_word' id='word_1_65' title='bbox 647 999 961 1064; x_wconf 75' lang='grc' dir='ltr'>διαπαντόςο</span> <span class='ocrx_word' id='word_1_66' title='bbox 1001 1005 1322 1074; x_wconf 84' lang='grc' dir='ltr'>ποιήσωμεν</span> <span class='ocrx_word' id='word_1_67' title='bbox 1365 1007 1429 1077; x_wconf 84' lang='grc' dir='ltr'>δὴ</span> <span class='ocrx_word' id='word_1_68' title='bbox 1471 1009 1721 1080; x_wconf 81' lang='grc' dir='ltr'><strong>ὑπερῷον</strong></span> <span class='ocrx_word' id='word_1_69' title='bbox 1753 1013 1924 1065; x_wconf 87' lang='grc' dir='ltr'>τόπον</span> 
     </span>
    </p>
   </div>
   <div class='ocr_carea' id='block_1_13' title="bbox 359 1087 1950 1169">
    <p class='ocr_par' dir='ltr' id='par_1_13' title="bbox 359 1087 1950 1169">
     <span class='ocr_line' id='line_1_13' title="bbox 359 1087 1950 1169; baseline 0.012 -32"><span class='ocrx_word' id='word_1_70' title='bbox 359 1087 578 1155; x_wconf 77' lang='grc' dir='ltr'>μικρὸν,</span> <span class='ocrx_word' id='word_1_71' title='bbox 615 1090 713 1143; x_wconf 80' lang='grc' dir='ltr'>καὶ</span> <span class='ocrx_word' id='word_1_72' title='bbox 742 1089 926 1160; x_wconf 85' lang='grc' dir='ltr'>θῶμεν</span> <span class='ocrx_word' id='word_1_73' title='bbox 958 1093 1105 1164; x_wconf 84' lang='grc' dir='ltr'><strong>αὐτῷ</strong></span> <span class='ocrx_word' id='word_1_74' title='bbox 1138 1096 1255 1149; x_wconf 72' lang='grc' dir='ltr'>ἐκεῖ</span> <span class='ocrx_word' id='word_1_75' title='bbox 1278 1096 1466 1166; x_wconf 82' lang='grc' dir='ltr'><strong>κλίνην</strong></span> <span class='ocrx_word' id='word_1_76' title='bbox 1499 1099 1594 1152; x_wconf 83' lang='grc' dir='ltr'>καὶ</span> <span class='ocrx_word' id='word_1_77' title='bbox 1625 1101 1950 1169; x_wconf 75' lang='grc' dir='ltr'>τράπεζαν,</span> 
     </span>
    </p>
   </div>
   <div class='ocr_carea' id='block_1_14' title="bbox 282 1179 1929 1264">
    <p class='ocr_par' dir='ltr' id='par_1_14' title="bbox 282 1179 1929 1264">
     <span class='ocr_line' id='line_1_14' title="bbox 282 1179 1929 1264; baseline 0.012 -35"><span class='ocrx_word' id='word_1_78' title='bbox 282 1249 292 1260; x_wconf 37' lang='grc'><strong>⁸</strong></span> <span class='ocrx_word' id='word_1_79' title='bbox 355 1180 452 1231; x_wconf 78' lang='grc' dir='ltr'>καὶ</span> <span class='ocrx_word' id='word_1_80' title='bbox 492 1179 704 1250; x_wconf 78' lang='grc' dir='ltr'>δίφρον,</span> <span class='ocrx_word' id='word_1_81' title='bbox 731 1185 822 1235; x_wconf 75' lang='grc' dir='ltr'><strong>καὶ</strong></span> <span class='ocrx_word' id='word_1_82' title='bbox 850 1183 1070 1256; x_wconf 85' lang='grc' dir='ltr'>λυχνίαν</span> <span class='ocrx_word' id='word_1_83' title='bbox 1093 1203 1109 1220; x_wconf 80' lang='grc' dir='ltr'><strong>ο</strong></span> <span class='ocrx_word' id='word_1_84' title='bbox 1138 1189 1232 1241; x_wconf 79' lang='grc' dir='ltr'>καὶ</span> <span class='ocrx_word' id='word_1_85' title='bbox 1260 1187 1414 1242; x_wconf 75' lang='grc' dir='ltr'>ἔσται</span> <span class='ocrx_word' id='word_1_86' title='bbox 1442 1191 1501 1244; x_wconf 85' lang='grc' dir='ltr'>ὲν</span> <span class='ocrx_word' id='word_1_87' title='bbox 1531 1190 1611 1260; x_wconf 83' lang='grc' dir='ltr'>τῷ</span> <span class='ocrx_word' id='word_1_88' title='bbox 1641 1194 1929 1264; x_wconf 78' lang='grc' dir='ltr'>εἰσπορεύ-</span> 
     </span>
    </p>
   </div>
   <div class='ocr_carea' id='block_1_15' title="bbox 285 1261 1930 1354">
    <p class='ocr_par' dir='ltr' id='par_1_15' title="bbox 285 1261 1930 1354">
     <span class='ocr_line' id='line_1_15' title="bbox 285 1261 1930 1354; baseline 0.012 -32"><span class='ocrx_word' id='word_1_89' title='bbox 285 1261 289 1270; x_wconf 72' lang='grc'><strong>’</strong></span> <span class='ocrx_word' id='word_1_90' title='bbox 357 1271 518 1324; x_wconf 85' lang='grc' dir='ltr'>εσθαι</span> <span class='ocrx_word' id='word_1_91' title='bbox 572 1273 709 1342; x_wconf 79' lang='grc' dir='ltr'>πρὸς</span> <span class='ocrx_word' id='word_1_92' title='bbox 779 1276 967 1344; x_wconf 81' lang='grc' dir='ltr'>ἡμᾶς,</span> <span class='ocrx_word' id='word_1_93' title='bbox 1039 1279 1278 1333; x_wconf 83' lang='grc' dir='ltr'>ὲκκλινεί</span> <span class='ocrx_word' id='word_1_94' title='bbox 1335 1282 1472 1338; x_wconf 81' lang='grc' dir='ltr'>ἐκεῖ.</span> <span class='ocrx_word' id='word_1_95' title='bbox 1537 1283 1651 1336; x_wconf 77' lang='grc' dir='ltr'><strong>Καὶ</strong></span> <span class='ocrx_word' id='word_1_96' title='bbox 1711 1261 1930 1354; x_wconf 81' lang='grc' dir='ltr'>ἐγένετο</span> 
     </span>
    </p>
   </div>
   <div class='ocr_carea' id='block_1_16' title="bbox 353 1364 1931 1441">
    <p class='ocr_par' dir='ltr' id='par_1_16' title="bbox 353 1364 1931 1441">
     <span class='ocr_line' id='line_1_16' title="bbox 353 1364 1931 1441; baseline 0.009 -24"><span class='ocrx_word' id='word_1_97' title='bbox 353 1364 558 1435; x_wconf 80' lang='grc' dir='ltr'>ἡμέρα,</span> <span class='ocrx_word' id='word_1_98' title='bbox 600 1367 696 1419; x_wconf 81' lang='grc' dir='ltr'>καὶ</span> <span class='ocrx_word' id='word_1_99' title='bbox 715 1368 970 1430; x_wconf 75' lang='grc' dir='ltr'>εἰσῆλθεν</span> <span class='ocrx_word' id='word_1_100' title='bbox 1012 1370 1308 1440; x_wconf 73' lang='grc' dir='ltr'>Ἐλισσαιὲ,</span> <span class='ocrx_word' id='word_1_101' title='bbox 1339 1372 1433 1428; x_wconf 76' lang='grc' dir='ltr'>καὶ</span> <span class='ocrx_word' id='word_1_102' title='bbox 1456 1373 1729 1440; x_wconf 76' lang='grc' dir='ltr'>ἐξέκλινεν</span> <span class='ocrx_word' id='word_1_103' title='bbox 1757 1377 1840 1441; x_wconf 88' lang='grc' dir='ltr'><strong>είς</strong></span> <span class='ocrx_word' id='word_1_104' title='bbox 1870 1379 1931 1431; x_wconf 84' lang='grc' dir='ltr'>τὸ</span> 
     </span>
    </p>
   </div>
   <div class='ocr_carea' id='block_1_17' title="bbox 353 1455 1231 1531">
    <p class='ocr_par' dir='ltr' id='par_1_17' title="bbox 353 1455 1231 1531">
     <span class='ocr_line' id='line_1_17' title="bbox 353 1455 1231 1531; baseline 0.009 -23"><span class='ocrx_word' id='word_1_105' title='bbox 353 1455 622 1525; x_wconf 76' lang='grc' dir='ltr'><strong>ὑπερῷον,</strong></span> <span class='ocrx_word' id='word_1_106' title='bbox 669 1459 765 1511; x_wconf 81' lang='grc' dir='ltr'>καὶ</span> <span class='ocrx_word' id='word_1_107' title='bbox 796 1459 1063 1531; x_wconf 80' lang='grc' dir='ltr'><strong>ἐκοιμήθη</strong></span> <span class='ocrx_word' id='word_1_108' title='bbox 1097 1462 1231 1517; x_wconf 73' lang='grc' dir='ltr'>ἐκεῖ.</span> 
     </span>
    </p>
   </div>
   <div class='ocr_carea' id='block_1_18' title="bbox 441 1545 1925 1626">
    <p class='ocr_par' dir='ltr' id='par_1_18' title="bbox 441 1545 1925 1626">
     <span class='ocr_line' id='line_1_18' title="bbox 441 1545 1925 1626; baseline 0.018 -31"><span class='ocrx_word' id='word_1_109' title='bbox 441 1545 599 1617; x_wconf 80' lang='grc' dir='ltr'>Ἐμοὶ</span> <span class='ocrx_word' id='word_1_110' title='bbox 626 1548 682 1602; x_wconf 83' lang='grc' dir='ltr'>δὲ</span> <span class='ocrx_word' id='word_1_111' title='bbox 728 1549 850 1603; x_wconf 88' lang='grc' dir='ltr'>λίαν</span> <span class='ocrx_word' id='word_1_112' title='bbox 877 1551 1235 1623; x_wconf 63' lang='grc' dir='ltr'>,ἐτιμήθησαν</span> <span class='ocrx_word' id='word_1_113' title='bbox 1283 1554 1334 1609; x_wconf 74' lang='lat' dir='ltr'><strong>oi</strong></span> <span class='ocrx_word' id='word_1_114' title='bbox 1367 1556 1514 1624; x_wconf 85' lang='grc' dir='ltr'>φίλοι</span> <span class='ocrx_word' id='word_1_115' title='bbox 1548 1575 1664 1626; x_wconf 89' lang='grc' dir='ltr'>σου,</span> <span class='ocrx_word' id='word_1_116' title='bbox 1697 1559 1727 1613; x_wconf 82' lang='lat'><strong>6</strong></span> <span class='ocrx_word' id='word_1_117' title='bbox 1773 1558 1925 1625; x_wconf 78' lang='grc' dir='ltr'>Θεός·</span> 
     </span>
    </p>
   </div>
   <div class='ocr_carea' id='block_1_19' title="bbox 353 1635 1468 1717">
    <p class='ocr_par' dir='ltr' id='par_1_19' title="bbox 353 1635 1468 1717">
     <span class='ocr_line' id='line_1_19' title="bbox 353 1635 1468 1717; baseline 0.013 -26"><span class='ocrx_word' id='word_1_118' title='bbox 353 1635 475 1693; x_wconf 84' lang='grc' dir='ltr'>λίαν</span> <span class='ocrx_word' id='word_1_119' title='bbox 505 1641 954 1712; x_wconf 79' lang='grc' dir='ltr'>ἐκραταιώθησαν</span> <span class='ocrx_word' id='word_1_120' title='bbox 983 1645 1040 1698; x_wconf 76' lang='lat' dir='ltr'><strong>ai</strong></span> <span class='ocrx_word' id='word_1_121' title='bbox 1066 1645 1232 1717; x_wconf 76' lang='grc' dir='ltr'>ἀρχαὶ</span> <span class='ocrx_word' id='word_1_122' title='bbox 1263 1648 1468 1707; x_wconf 84' lang='grc' dir='ltr'>αὐτῶν.</span> 
     </span>
    </p>
   </div>
   <div class='ocr_carea' id='block_1_20' title="bbox 2032 548 3616 634">
    <p class='ocr_par' dir='ltr' id='par_1_20' title="bbox 2032 548 3616 634">
     <span class='ocr_line' id='line_1_20' title="bbox 2032 548 3616 634; baseline 0.012 -32"><span class='ocrx_word' id='word_1_123' title='bbox 2032 548 2108 602; x_wconf 86' lang='lat' dir='ltr'><strong>Eu</strong></span> <span class='ocrx_word' id='word_1_124' title='bbox 2140 559 2282 604; x_wconf 91' lang='lat' dir='ltr'><strong>terra</strong></span> <span class='ocrx_word' id='word_1_125' title='bbox 2314 568 2428 607; x_wconf 89' lang='lat' dir='ltr'><strong>mea</strong></span> <span class='ocrx_word' id='word_1_126' title='bbox 2459 563 2542 609; x_wconf 90' lang='lat' dir='ltr'><strong>est</strong></span> <span class='ocrx_word' id='word_1_127' title='bbox 2573 554 2624 607; x_wconf 93' lang='lat' dir='ltr'><strong>in</strong></span> <span class='ocrx_word' id='word_1_128' title='bbox 2654 568 2948 626; x_wconf 88' lang='lat' dir='ltr'><strong>conspectu</strong></span> <span class='ocrx_word' id='word_1_129' title='bbox 3000 569 3128 629; x_wconf 85' lang='lat' dir='ltr'><strong>tuo;</strong></span> <span class='ocrx_word' id='word_1_130' title='bbox 3156 561 3466 634; x_wconf 80' lang='lat' dir='ltr'><strong>ubicunque</strong></span> <span class='ocrx_word' id='word_1_131' title='bbox 3494 567 3616 621; x_wconf 86' lang='lat' dir='ltr'><strong>libi-</strong></span> 
     </span>
    </p>
   </div>
   <div class='ocr_carea' id='block_1_21' title="bbox 2029 639 2745 708">
    <p class='ocr_par' dir='ltr' id='par_1_21' title="bbox 2029 639 2745 708">
     <span class='ocr_line' id='line_1_21' title="bbox 2029 639 2745 708; baseline 0.018 -17"><span class='ocrx_word' id='word_1_132' title='bbox 2029 646 2142 693; x_wconf 88' lang='lat' dir='ltr'><strong>tum</strong></span> <span class='ocrx_word' id='word_1_133' title='bbox 2164 639 2344 708; x_wconf 82' lang='lat' dir='ltr'><strong>fuerit,</strong></span> <span class='ocrx_word' id='word_1_134' title='bbox 2375 643 2446 698; x_wconf 89' lang='lat' dir='ltr'><strong>ibi</strong></span> <span class='ocrx_word' id='word_1_135' title='bbox 2482 645 2745 706; x_wconf 90' lang='lat' dir='ltr'><strong>habitato.</strong></span> 
     </span>
    </p>
   </div>
   <div class='ocr_carea' id='block_1_22' title="bbox 2108 813 3615 892">
    <p class='ocr_par' dir='ltr' id='par_1_22' title="bbox 2108 813 3615 892">
     <span class='ocr_line' id='line_1_22' title="bbox 2108 813 3615 892; baseline 0.018 -26"><span class='ocrx_word' id='word_1_136' title='bbox 2108 813 2196 867; x_wconf 84' lang='lat' dir='ltr'><strong>1V</strong></span> <span class='ocrx_word' id='word_1_137' title='bbox 2250 815 2375 885; x_wconf 86' lang='lat' dir='ltr'><strong>Reg.</strong></span> <span class='ocrx_word' id='word_1_138' title='bbox 2414 834 2486 875; x_wconf 78' lang='grc' dir='ltr'><strong>ιν.</strong></span> <span class='ocrx_word' id='word_1_139' title='bbox 2520 818 2670 876; x_wconf 78' lang='lat' dir='ltr'><strong>Uxor</strong></span> <span class='ocrx_word' id='word_1_140' title='bbox 2721 822 2858 879; x_wconf 81' lang='lat' dir='ltr'><strong>dixit</strong></span> <span class='ocrx_word' id='word_1_141' title='bbox 2894 827 3013 881; x_wconf 90' lang='lat' dir='ltr'><strong>viro</strong></span> <span class='ocrx_word' id='word_1_142' title='bbox 3075 843 3175 885; x_wconf 88' lang='lat' dir='ltr'><strong>suo</strong></span> <span class='ocrx_word' id='word_1_143' title='bbox 3215 849 3229 887; x_wconf 90' lang='lat'><strong>:</strong></span> <span class='ocrx_word' id='word_1_144' title='bbox 3273 829 3410 887; x_wconf 85' lang='lat' dir='ltr'><strong>Novi</strong></span> <span class='ocrx_word' id='word_1_145' title='bbox 3471 835 3615 892; x_wconf 86' lang='lat' dir='ltr'><strong>hunc</strong></span> 
     </span>
    </p>
   </div>
   <div class='ocr_carea' id='block_1_23' title="bbox 2029 905 3612 985">
    <p class='ocr_par' dir='ltr' id='par_1_23' title="bbox 2029 905 3612 985">
     <span class='ocr_line' id='line_1_23' title="bbox 2029 905 3612 985; baseline 0.016 -28"><span class='ocrx_word' id='word_1_146' title='bbox 2029 905 2302 961; x_wconf 89' lang='lat' dir='ltr'><strong>hominem</strong></span> <span class='ocrx_word' id='word_1_147' title='bbox 2326 909 2418 964; x_wconf 87' lang='lat' dir='ltr'><strong>Dei</strong></span> <span class='ocrx_word' id='word_1_148' title='bbox 2434 921 2678 967; x_wconf 90' lang='lat' dir='ltr'><strong>sanctum</strong></span> <span class='ocrx_word' id='word_1_149' title='bbox 2698 913 3012 985; x_wconf 77' lang='lat' dir='ltr'><strong>frequenter</strong></span> <span class='ocrx_word' id='word_1_150' title='bbox 3030 920 3130 976; x_wconf 82' lang='lat' dir='ltr'><strong>hac</strong></span> <span class='ocrx_word' id='word_1_151' title='bbox 3154 925 3406 980; x_wconf 86' lang='lat' dir='ltr'><strong>transire.</strong></span> <span class='ocrx_word' id='word_1_152' title='bbox 3426 924 3612 982; x_wconf 83' lang='lat' dir='ltr'><strong>Facia-</strong></span> 
     </span>
    </p>
   </div>
   <div class='ocr_carea' id='block_1_24' title="bbox 2031 999 3609 1085">
    <p class='ocr_par' dir='ltr' id='par_1_24' title="bbox 2031 999 3609 1085">
     <span class='ocr_line' id='line_1_24' title="bbox 2031 999 3609 1085; baseline 0.018 -37"><span class='ocrx_word' id='word_1_153' title='bbox 2031 1011 2154 1050; x_wconf 88' lang='lat' dir='ltr'><strong>mus</strong></span> <span class='ocrx_word' id='word_1_154' title='bbox 2188 999 2238 1052; x_wconf 88' lang='lat' dir='ltr'><strong>ei</strong></span> <span class='ocrx_word' id='word_1_155' title='bbox 2268 1004 2612 1056; x_wconf 75' lang='lat' dir='ltr'><strong>cmnaculuin</strong></span> <span class='ocrx_word' id='word_1_156' title='bbox 2645 1006 2699 1059; x_wconf 93' lang='lat' dir='ltr'><strong>in</strong></span> <span class='ocrx_word' id='word_1_157' title='bbox 2731 1021 2898 1075; x_wconf 85' lang='lat' dir='ltr'><strong>parvo</strong></span> <span class='ocrx_word' id='word_1_158' title='bbox 2925 1012 3107 1081; x_wconf 88' lang='lat' dir='ltr'><strong>aliquo</strong></span> <span class='ocrx_word' id='word_1_159' title='bbox 3142 1015 3288 1085; x_wconf 90' lang='lat' dir='ltr'><strong>loco,</strong></span> <span class='ocrx_word' id='word_1_160' title='bbox 3314 1017 3408 1073; x_wconf 89' lang='lat' dir='ltr'><strong>ubi</strong></span> <span class='ocrx_word' id='word_1_161' title='bbox 3437 1020 3609 1075; x_wconf 92' lang='lat' dir='ltr'><strong>collo-</strong></span> 
     </span>
    </p>
   </div>
   <div class='ocr_carea' id='block_1_25' title="bbox 2030 1089 3626 1166">
    <p class='ocr_par' dir='ltr' id='par_1_25' title="bbox 2030 1089 3626 1166">
     <span class='ocr_line' id='line_1_25' title="bbox 2030 1089 3626 1166; baseline 0.016 -28"><span class='ocrx_word' id='word_1_162' title='bbox 2030 1099 2220 1142; x_wconf 90' lang='lat' dir='ltr'><strong>cemus</strong></span> <span class='ocrx_word' id='word_1_163' title='bbox 2244 1091 2291 1142; x_wconf 92' lang='lat' dir='ltr'><strong>ei</strong></span> <span class='ocrx_word' id='word_1_164' title='bbox 2317 1089 2514 1145; x_wconf 89' lang='lat' dir='ltr'><strong>lectum</strong></span> <span class='ocrx_word' id='word_1_165' title='bbox 2557 1103 2612 1148; x_wconf 93' lang='lat' dir='ltr'><strong>et</strong></span> <span class='ocrx_word' id='word_1_166' title='bbox 2642 1111 2909 1166; x_wconf 86' lang='lat' dir='ltr'><strong>mensam,</strong></span> <span class='ocrx_word' id='word_1_167' title='bbox 2949 1108 3003 1155; x_wconf 90' lang='lat' dir='ltr'><strong>et</strong></span> <span class='ocrx_word' id='word_1_168' title='bbox 3041 1104 3224 1160; x_wconf 86' lang='lat' dir='ltr'><strong>sedem</strong></span> <span class='ocrx_word' id='word_1_169' title='bbox 3266 1121 3329 1162; x_wconf 93' lang='lat' dir='ltr'><strong>ac</strong></span> <span class='ocrx_word' id='word_1_170' title='bbox 3360 1109 3626 1164; x_wconf 46' lang='lat' dir='ltr'><strong>candela»</strong></span> 
     </span>
    </p>
   </div>
   <div class='ocr_carea' id='block_1_26' title="bbox 2031 1175 3608 1266">
    <p class='ocr_par' dir='ltr' id='par_1_26' title="bbox 2031 1175 3608 1266">
     <span class='ocr_line' id='line_1_26' title="bbox 2031 1175 3608 1266; baseline 0.016 -38"><span class='ocrx_word' id='word_1_171' title='bbox 2031 1175 2211 1241; x_wconf 86' lang='lat' dir='ltr'><strong>brum,</strong></span> <span class='ocrx_word' id='word_1_172' title='bbox 2236 1188 2293 1233; x_wconf 88' lang='lat' dir='ltr'><strong>ut</strong></span> <span class='ocrx_word' id='word_1_173' title='bbox 2321 1195 2445 1236; x_wconf 87' lang='lat' dir='ltr'><strong>cum</strong></span> <span class='ocrx_word' id='word_1_174' title='bbox 2471 1187 2774 1253; x_wconf 76' lang='lat' dir='ltr'><strong>praeteribit</strong></span> <span class='ocrx_word' id='word_1_175' title='bbox 2805 1189 2928 1258; x_wconf 83' lang='lat' dir='ltr'><strong>hac,</strong></span> <span class='ocrx_word' id='word_1_176' title='bbox 2964 1193 3070 1248; x_wconf 88' lang='lat' dir='ltr'><strong>huc</strong></span> <span class='ocrx_word' id='word_1_177' title='bbox 3103 1195 3377 1254; x_wconf 87' lang='lat' dir='ltr'><strong>divertere</strong></span> <span class='ocrx_word' id='word_1_178' title='bbox 3410 1201 3608 1266; x_wconf 74' lang='lat' dir='ltr'><strong>possit.</strong></span> 
     </span>
    </p>
   </div>
   <div class='ocr_carea' id='block_1_27' title="bbox 2029 1265 3607 1358">
    <p class='ocr_par' dir='ltr' id='par_1_27' title="bbox 2029 1265 3607 1358">
     <span class='ocr_line' id='line_1_27' title="bbox 2029 1265 3607 1358; baseline 0.016 -37"><span class='ocrx_word' id='word_1_179' title='bbox 2029 1265 2226 1324; x_wconf 83' lang='lat' dir='ltr'><strong>Postea</strong></span> <span class='ocrx_word' id='word_1_180' title='bbox 2250 1281 2430 1329; x_wconf 91' lang='lat' dir='ltr'><strong>autem</strong></span> <span class='ocrx_word' id='word_1_181' title='bbox 2451 1277 2742 1347; x_wconf 89' lang='lat' dir='ltr'><strong>aliquando</strong></span> <span class='ocrx_word' id='word_1_182' title='bbox 2769 1284 2990 1351; x_wconf 88' lang='lat' dir='ltr'><strong>accidit,</strong></span> <span class='ocrx_word' id='word_1_183' title='bbox 3030 1295 3088 1341; x_wconf 89' lang='lat' dir='ltr'><strong>ut</strong></span> <span class='ocrx_word' id='word_1_184' title='bbox 3117 1290 3325 1346; x_wconf 87' lang='lat' dir='ltr'><strong>veniret</strong></span> <span class='ocrx_word' id='word_1_185' title='bbox 3354 1265 3607 1358; x_wconf 67' lang='lat' dir='ltr'><strong>Elisaeus,</strong></span> 
     </span>
    </p>
   </div>
   <div class='ocr_carea' id='block_1_28' title="bbox 2030 1362 3610 1448">
    <p class='ocr_par' dir='ltr' id='par_1_28' title="bbox 2030 1362 3610 1448">
     <span class='ocr_line' id='line_1_28' title="bbox 2030 1362 3610 1448; baseline 0.016 -37"><span class='ocrx_word' id='word_1_186' title='bbox 2030 1365 2085 1411; x_wconf 87' lang='lat' dir='ltr'><strong>et</strong></span> <span class='ocrx_word' id='word_1_187' title='bbox 2113 1373 2172 1413; x_wconf 87' lang='lat' dir='ltr'><strong>se</strong></span> <span class='ocrx_word' id='word_1_188' title='bbox 2213 1362 2417 1432; x_wconf 80' lang='lat' dir='ltr'><strong>recepit</strong></span> <span class='ocrx_word' id='word_1_189' title='bbox 2449 1364 2503 1420; x_wconf 91' lang='lat' dir='ltr'><strong>in</strong></span> <span class='ocrx_word' id='word_1_190' title='bbox 2535 1366 2666 1423; x_wconf 93' lang='lat' dir='ltr'><strong>illud</strong></span> <span class='ocrx_word' id='word_1_191' title='bbox 2709 1375 3073 1442; x_wconf 82' lang='lat' dir='ltr'><strong>ccenaculum,</strong></span> <span class='ocrx_word' id='word_1_192' title='bbox 3107 1375 3291 1448; x_wconf 85' lang='lat' dir='ltr'><strong>ibique</strong></span> <span class='ocrx_word' id='word_1_193' title='bbox 3332 1380 3610 1436; x_wconf 83' lang='lat' dir='ltr'><strong>dormivit.</strong></span> 
     </span>
    </p>
   </div>
   <div class='ocr_carea' id='block_1_29' title="bbox 2101 1529 3612 1608">
    <p class='ocr_par' dir='ltr' id='par_1_29' title="bbox 2101 1529 3612 1608">
     <span class='ocr_line' id='line_1_29' title="bbox 2101 1529 3612 1608; baseline 0.015 -24"><span class='ocrx_word' id='word_1_194' title='bbox 2101 1529 2531 1590; x_wconf 76' lang='lat' dir='ltr'><strong>Psal.cxxxvm.</strong></span> <span class='ocrx_word' id='word_1_195' title='bbox 2569 1536 2734 1593; x_wconf 83' lang='lat' dir='ltr'><strong>Valde</strong></span> <span class='ocrx_word' id='word_1_196' title='bbox 2774 1550 2954 1596; x_wconf 90' lang='lat' dir='ltr'><strong>autem</strong></span> <span class='ocrx_word' id='word_1_197' title='bbox 2994 1543 3248 1601; x_wconf 88' lang='lat' dir='ltr'><strong>bonorati</strong></span> <span class='ocrx_word' id='word_1_198' title='bbox 3292 1556 3423 1602; x_wconf 90' lang='lat' dir='ltr'><strong>sunt</strong></span> <span class='ocrx_word' id='word_1_199' title='bbox 3459 1565 3491 1606; x_wconf 89' lang='lat' dir='ltr'><strong>a</strong></span> <span class='ocrx_word' id='word_1_200' title='bbox 3523 1567 3612 1608; x_wconf 90' lang='lat' dir='ltr'><strong>me</strong></span> 
     </span>
    </p>
   </div>
   <div class='ocr_carea' id='block_1_30' title="bbox 2031 1619 3616 1707">
    <p class='ocr_par' dir='ltr' id='par_1_30' title="bbox 2031 1619 3616 1707">
     <span class='ocr_line' id='line_1_30' title="bbox 2031 1619 3616 1707; baseline 0.015 -35"><span class='ocrx_word' id='word_1_201' title='bbox 2031 1619 2191 1674; x_wconf 89' lang='lat' dir='ltr'><strong>amici</strong></span> <span class='ocrx_word' id='word_1_202' title='bbox 2225 1621 2324 1688; x_wconf 89' lang='lat' dir='ltr'><strong>tui,</strong></span> <span class='ocrx_word' id='word_1_203' title='bbox 2355 1622 2498 1680; x_wconf 83' lang='lat' dir='ltr'><strong>Deus</strong></span> <span class='ocrx_word' id='word_1_204' title='bbox 2532 1640 2548 1678; x_wconf 89' lang='lat'><strong>:</strong></span> <span class='ocrx_word' id='word_1_205' title='bbox 2576 1627 2912 1686; x_wconf 86' lang='lat' dir='ltr'><strong>corroborati</strong></span> <span class='ocrx_word' id='word_1_206' title='bbox 2935 1641 3064 1686; x_wconf 87' lang='lat' dir='ltr'><strong>sunt</strong></span> <span class='ocrx_word' id='word_1_207' title='bbox 3092 1634 3384 1690; x_wconf 87' lang='lat' dir='ltr'><strong>admodum</strong></span> <span class='ocrx_word' id='word_1_208' title='bbox 3411 1638 3616 1707; x_wconf 82' lang='lat' dir='ltr'><strong>princi-</strong></span> 
     </span>
    </p>
   </div>
   <div class='ocr_carea' id='block_1_31' title="bbox 2032 1718 2439 1781">
    <p class='ocr_par' dir='ltr' id='par_1_31' title="bbox 2032 1718 2439 1781">
     <span class='ocr_line' id='line_1_31' title="bbox 2032 1718 2439 1781; baseline 0.01 -16"><span class='ocrx_word' id='word_1_209' title='bbox 2032 1718 2193 1781; x_wconf 89' lang='lat' dir='ltr'><strong>patus</strong></span> <span class='ocrx_word' id='word_1_210' title='bbox 2223 1729 2439 1770; x_wconf 89' lang='lat' dir='ltr'><strong>eorum.</strong></span> 
     </span>
    </p>
   </div>
   <div class='ocr_carea' id='block_1_32' title="bbox 439 1803 1931 1896">
    <p class='ocr_par' dir='ltr' id='par_1_32' title="bbox 439 1817 1924 1896">
     <span class='ocr_line' id='line_1_32' title="bbox 439 1817 1924 1896; baseline 0.011 -24"><span class='ocrx_word' id='word_1_211' title='bbox 439 1817 498 1872; x_wconf 90' lang='lat'><strong>&#39;0</strong></span> <span class='ocrx_word' id='word_1_212' title='bbox 551 1822 1088 1893; x_wconf 85' lang='grc' dir='ltr'>ἀντιλαμϐανόμενος</span> <span class='ocrx_word' id='word_1_213' title='bbox 1131 1826 1394 1896; x_wconf 87' lang='grc' dir='ltr'>δικαίων,</span> <span class='ocrx_word' id='word_1_214' title='bbox 1436 1825 1592 1895; x_wconf 70' lang='grc' dir='ltr'>οὗτος</span> <span class='ocrx_word' id='word_1_215' title='bbox 1652 1829 1924 1888; x_wconf 80' lang='grc' dir='ltr'>ἀνατελετ.</span> 
     </span>
    </p>
   </div>
   <div class='ocr_carea' id='block_1_33' title="bbox 2033 1803 3615 1896">
    <p class='ocr_par' dir='ltr' id='par_1_33' title="bbox 2108 1803 3615 1891">
     <span class='ocr_line' id='line_1_33' title="bbox 2108 1803 3615 1891; baseline 0.013 -32"><span class='ocrx_word' id='word_1_216' title='bbox 2108 1803 2270 1859; x_wconf 88' lang='lat' dir='ltr'><strong>Prov.</strong></span> <span class='ocrx_word' id='word_1_217' title='bbox 2311 1823 2371 1862; x_wconf 89' lang='lat' dir='ltr'><strong>ll.</strong></span> <span class='ocrx_word' id='word_1_218' title='bbox 2410 1807 2510 1875; x_wconf 85' lang='lat' dir='ltr'><strong>Qui</strong></span> <span class='ocrx_word' id='word_1_219' title='bbox 2566 1810 2728 1866; x_wconf 82' lang='lat' dir='ltr'><strong>bonis</strong></span> <span class='ocrx_word' id='word_1_220' title='bbox 2773 1817 3070 1886; x_wconf 83' lang='lat' dir='ltr'><strong>succurrit,</strong></span> <span class='ocrx_word' id='word_1_221' title='bbox 3122 1833 3352 1891; x_wconf 82' lang='lat' dir='ltr'><strong>magnus</strong></span> <span class='ocrx_word' id='word_1_222' title='bbox 3397 1821 3615 1878; x_wconf 85' lang='lat' dir='ltr'><strong>tandem</strong></span> 
     </span>
    </p>
   </div>
   <div class='ocr_carea' id='block_1_34' title="bbox 431 2000 1392 2078">
    <p class='ocr_par' dir='ltr' id='par_1_34' title="bbox 431 2000 1392 2078">
     <span class='ocr_line' id='line_1_34' title="bbox 431 2000 1392 2078; baseline 0.005 -20"><span class='ocrx_word' id='word_1_223' title='bbox 431 2000 636 2071; x_wconf 73' lang='grc' dir='ltr'>Μνήμη</span> <span class='ocrx_word' id='word_1_224' title='bbox 665 2000 888 2057; x_wconf 83' lang='grc' dir='ltr'>δικαίων</span> <span class='ocrx_word' id='word_1_225' title='bbox 924 2004 1042 2074; x_wconf 87' lang='grc' dir='ltr'>μετ’</span> <span class='ocrx_word' id='word_1_226' title='bbox 1076 2005 1392 2078; x_wconf 74' lang='grc' dir='ltr'>ἐγκωμίων.</span> 
     </span>
    </p>
   </div>
   <div class='ocr_carea' id='block_1_35' title="bbox 426 2174 1928 2258">
    <p class='ocr_par' dir='ltr' id='par_1_35' title="bbox 426 2174 1928 2258">
     <span class='ocr_line' id='line_1_35' title="bbox 426 2174 1928 2258; baseline 0.009 -30"><span class='ocrx_word' id='word_1_227' title='bbox 426 2174 501 2228; x_wconf 85' lang='grc' dir='ltr'><strong>Εὖ</strong></span> <span class='ocrx_word' id='word_1_228' title='bbox 553 2177 782 2248; x_wconf 88' lang='grc' dir='ltr'>ποίησον</span> <span class='ocrx_word' id='word_1_229' title='bbox 844 2179 1078 2247; x_wconf 79' lang='grc' dir='ltr'>εὐσεϐεῖ,</span> <span class='ocrx_word' id='word_1_230' title='bbox 1116 2183 1214 2238; x_wconf 78' lang='grc' dir='ltr'>καὶ</span> <span class='ocrx_word' id='word_1_231' title='bbox 1246 2183 1505 2256; x_wconf 80' lang='grc' dir='ltr'>εὑρήσεις</span> <span class='ocrx_word' id='word_1_232' title='bbox 1555 2187 1928 2258; x_wconf 83' lang='grc' dir='ltr'>ἀνταπόδομα,</span> 
     </span>
    </p>
   </div>
   <div class='ocr_carea' id='block_1_36' title="bbox 358 2268 1819 2350">
    <p class='ocr_par' dir='ltr' id='par_1_36' title="bbox 358 2268 1819 2350">
     <span class='ocr_line' id='line_1_36' title="bbox 358 2268 1819 2350; baseline 0.01 -30"><span class='ocrx_word' id='word_1_233' title='bbox 358 2268 455 2322; x_wconf 72' lang='grc' dir='ltr'>καὶ</span> <span class='ocrx_word' id='word_1_234' title='bbox 483 2269 531 2321; x_wconf 86' lang='grc' dir='ltr'><strong>εί</strong></span> <span class='ocrx_word' id='word_1_235' title='bbox 561 2268 635 2338; x_wconf 82' lang='grc' dir='ltr'>μὴ</span> <span class='ocrx_word' id='word_1_236' title='bbox 670 2273 802 2341; x_wconf 87' lang='grc' dir='ltr'>παρ’</span> <span class='ocrx_word' id='word_1_237' title='bbox 835 2270 1024 2340; x_wconf 79' lang='grc' dir='ltr'>αὐτοῦ,</span> <span class='ocrx_word' id='word_1_238' title='bbox 1055 2273 1193 2328; x_wconf 82' lang='grc' dir='ltr'>ἀλλὰ</span> <span class='ocrx_word' id='word_1_239' title='bbox 1232 2275 1384 2346; x_wconf 86' lang='grc' dir='ltr'>παρὰ</span> <span class='ocrx_word' id='word_1_240' title='bbox 1407 2277 1500 2331; x_wconf 84' lang='grc' dir='ltr'>τοῦ</span> <span class='ocrx_word' id='word_1_241' title='bbox 1537 2277 1819 2350; x_wconf 78' lang='grc' dir='ltr'><strong>Ὑψίστου.</strong></span> 
     </span>
    </p>
   </div>
   <div class='ocr_carea' id='block_1_37' title="bbox 448 2357 1931 2440">
    <p class='ocr_par' dir='ltr' id='par_1_37' title="bbox 448 2357 1931 2440">
     <span class='ocr_line' id='line_1_37' title="bbox 448 2357 1931 2440; baseline 0.009 -30"><span class='ocrx_word' id='word_1_242' title='bbox 448 2358 508 2410; x_wconf 88' lang='lat'><strong>&#39;0</strong></span> <span class='ocrx_word' id='word_1_243' title='bbox 543 2357 836 2428; x_wconf 80' lang='grc' dir='ltr'>δεχόμενος</span> <span class='ocrx_word' id='word_1_244' title='bbox 863 2361 1156 2434; x_wconf 81' lang='grc' dir='ltr'>προφήτην</span> <span class='ocrx_word' id='word_1_245' title='bbox 1183 2365 1263 2427; x_wconf 82' lang='grc' dir='ltr'><strong>εἰς</strong></span> <span class='ocrx_word' id='word_1_246' title='bbox 1309 2364 1480 2435; x_wconf 74' lang='grc' dir='ltr'>ὄνομα</span> <span class='ocrx_word' id='word_1_247' title='bbox 1525 2369 1808 2440; x_wconf 83' lang='grc' dir='ltr'>προφήτου</span> <span class='ocrx_word' id='word_1_248' title='bbox 1842 2386 1931 2437; x_wconf 80' lang='grc' dir='ltr'>μι-</span> 
     </span>
    </p>
   </div>
   <div class='ocr_carea' id='block_1_38' title="bbox 359 2446 1930 2528">
    <p class='ocr_par' dir='ltr' id='par_1_38' title="bbox 359 2446 1930 2528">
     <span class='ocr_line' id='line_1_38' title="bbox 359 2446 1930 2528; baseline 0.01 -29"><span class='ocrx_word' id='word_1_249' title='bbox 359 2446 484 2500; x_wconf 77' lang='grc' dir='ltr'>σθὸν</span> <span class='ocrx_word' id='word_1_250' title='bbox 535 2452 817 2521; x_wconf 76' lang='grc' dir='ltr'>προφήτου</span> <span class='ocrx_word' id='word_1_251' title='bbox 849 2451 1118 2523; x_wconf 76' lang='grc' dir='ltr'>λήψεταιο</span> <span class='ocrx_word' id='word_1_252' title='bbox 1170 2455 1264 2508; x_wconf 71' lang='grc' dir='ltr'><strong>καὶ</strong></span> <span class='ocrx_word' id='word_1_253' title='bbox 1311 2459 1339 2510; x_wconf 90' lang='lat'><strong>6</strong></span> <span class='ocrx_word' id='word_1_254' title='bbox 1380 2457 1673 2528; x_wconf 78' lang='grc' dir='ltr'>δεχόμενος</span> <span class='ocrx_word' id='word_1_255' title='bbox 1720 2459 1930 2515; x_wconf 86' lang='grc' dir='ltr'>δίκαιον</span> 
     </span>
    </p>
   </div>
   <div class='ocr_carea' id='block_1_39' title="bbox 355 2537 1646 2618">
    <p class='ocr_par' dir='ltr' id='par_1_39' title="bbox 355 2537 1646 2618">
     <span class='ocr_line' id='line_1_39' title="bbox 355 2537 1646 2618; baseline 0.012 -30"><span class='ocrx_word' id='word_1_256' title='bbox 355 2539 437 2600; x_wconf 80' lang='grc' dir='ltr'><strong>είς</strong></span> <span class='ocrx_word' id='word_1_257' title='bbox 466 2537 636 2608; x_wconf 74' lang='grc' dir='ltr'>ὄνομα</span> <span class='ocrx_word' id='word_1_258' title='bbox 669 2541 880 2594; x_wconf 86' lang='grc' dir='ltr'>δικαίου</span> <span class='ocrx_word' id='word_1_259' title='bbox 929 2543 1122 2613; x_wconf 77' lang='grc' dir='ltr'>μισθὸν</span> <span class='ocrx_word' id='word_1_260' title='bbox 1151 2545 1366 2600; x_wconf 85' lang='grc' dir='ltr'>δικαίου</span> <span class='ocrx_word' id='word_1_261' title='bbox 1392 2546 1646 2618; x_wconf 71' lang='grc' dir='ltr'>λήψεται.</span> 
     </span>
    </p>
   </div>
   <div class='ocr_carea' id='block_1_40' title="bbox 441 2629 1931 2704">
    <p class='ocr_par' dir='ltr' id='par_1_40' title="bbox 441 2629 1931 2704">
     <span class='ocr_line' id='line_1_40' title="bbox 441 2629 1931 2704; baseline 0.011 -26"><span class='ocrx_word' id='word_1_262' title='bbox 441 2629 768 2699; x_wconf 84' lang='grc' dir='ltr'>Ἐρωτῶμεν</span> <span class='ocrx_word' id='word_1_263' title='bbox 815 2631 871 2684; x_wconf 82' lang='grc' dir='ltr'>δὲ</span> <span class='ocrx_word' id='word_1_264' title='bbox 909 2632 1087 2702; x_wconf 65' lang='grc' dir='ltr'>Ὀμᾶς,</span> <span class='ocrx_word' id='word_1_265' title='bbox 1138 2635 1396 2704; x_wconf 80' lang='grc' dir='ltr'>ἀδελφοὶ,</span> <span class='ocrx_word' id='word_1_266' title='bbox 1430 2638 1631 2693; x_wconf 76' lang='grc' dir='ltr'>εἰδέναι</span> <span class='ocrx_word' id='word_1_267' title='bbox 1677 2638 1806 2703; x_wconf 78' lang='grc' dir='ltr'>τοὺς</span> <span class='ocrx_word' id='word_1_268' title='bbox 1838 2657 1931 2694; x_wconf 88' lang='grc' dir='ltr'>κο-</span> 
     </span>
    </p>
   </div>
   <div class='ocr_carea' id='block_1_41' title="bbox 355 2720 1930 2800">
    <p class='ocr_par' dir='ltr' id='par_1_41' title="bbox 355 2720 1930 2800">
     <span class='ocr_line' id='line_1_41' title="bbox 355 2720 1930 2800; baseline 0.01 -29"><span class='ocrx_word' id='word_1_269' title='bbox 355 2720 598 2783; x_wconf 83' lang='grc' dir='ltr'>πιῶντας</span> <span class='ocrx_word' id='word_1_270' title='bbox 633 2723 692 2774; x_wconf 84' lang='grc' dir='ltr'>ὲν</span> <span class='ocrx_word' id='word_1_271' title='bbox 722 2723 872 2791; x_wconf 80' lang='grc' dir='ltr'>ὑμῖν,</span> <span class='ocrx_word' id='word_1_272' title='bbox 902 2725 999 2778; x_wconf 80' lang='grc' dir='ltr'>καὶ</span> <span class='ocrx_word' id='word_1_273' title='bbox 1048 2729 1481 2797; x_wconf 82' lang='grc' dir='ltr'>προϊσταμένους</span> <span class='ocrx_word' id='word_1_274' title='bbox 1527 2730 1682 2800; x_wconf 77' lang='grc' dir='ltr'>ὑμῶν</span> <span class='ocrx_word' id='word_1_275' title='bbox 1729 2732 1788 2785; x_wconf 77' lang='grc' dir='ltr'>ὲν</span> <span class='ocrx_word' id='word_1_276' title='bbox 1818 2733 1930 2785; x_wconf 82' lang='grc' dir='ltr'><strong>Κυ-</strong></span> 
     </span>
    </p>
   </div>
   <div class='ocr_carea' id='block_1_42' title="bbox 359 2809 1928 2890">
    <p class='ocr_par' dir='ltr' id='par_1_42' title="bbox 359 2809 1928 2890">
     <span class='ocr_line' id='line_1_42' title="bbox 359 2809 1928 2890; baseline 0.011 -30"><span class='ocrx_word' id='word_1_277' title='bbox 359 2809 459 2878; x_wconf 86' lang='grc' dir='ltr'><strong>ρίῳ</strong></span> <span class='ocrx_word' id='word_1_278' title='bbox 511 2813 606 2864; x_wconf 73' lang='grc' dir='ltr'>καὶ</span> <span class='ocrx_word' id='word_1_279' title='bbox 641 2814 1030 2879; x_wconf 80' lang='grc' dir='ltr'>νουθετοῦντας</span> <span class='ocrx_word' id='word_1_280' title='bbox 1078 2816 1262 2887; x_wconf 73' lang='grc' dir='ltr'>ὑμᾶς,</span> <span class='ocrx_word' id='word_1_281' title='bbox 1297 2820 1393 2873; x_wconf 74' lang='grc' dir='ltr'>καὶ</span> <span class='ocrx_word' id='word_1_282' title='bbox 1440 2820 1693 2890; x_wconf 78' lang='grc' dir='ltr'>ἡγεῖσθαι</span> <span class='ocrx_word' id='word_1_283' title='bbox 1729 2822 1928 2886; x_wconf 83' lang='grc' dir='ltr'>αὐτοὺς</span> 
     </span>
    </p>
   </div>
   <div class='ocr_carea' id='block_1_43' title="bbox 356 2903 1784 2984">
    <p class='ocr_par' dir='ltr' id='par_1_43' title="bbox 356 2903 1784 2984">
     <span class='ocr_line' id='line_1_43' title="bbox 356 2903 1784 2984; baseline 0.011 -30"><span class='ocrx_word' id='word_1_284' title='bbox 356 2903 832 2976; x_wconf 77' lang='grc' dir='ltr'>ὑπερεκπερισσοῦ</span> <span class='ocrx_word' id='word_1_285' title='bbox 860 2909 919 2961; x_wconf 83' lang='grc' dir='ltr'>ὲν</span> <span class='ocrx_word' id='word_1_286' title='bbox 951 2910 1143 2984; x_wconf 81' lang='grc' dir='ltr'><strong>ἀγάπῃ</strong></span> <span class='ocrx_word' id='word_1_287' title='bbox 1179 2910 1269 2965; x_wconf 81' lang='grc' dir='ltr'>διὰ</span> <span class='ocrx_word' id='word_1_288' title='bbox 1295 2913 1356 2966; x_wconf 87' lang='grc' dir='ltr'>τὸ</span> <span class='ocrx_word' id='word_1_289' title='bbox 1393 2913 1554 2984; x_wconf 78' lang='grc' dir='ltr'>ἔργον</span> <span class='ocrx_word' id='word_1_290' title='bbox 1581 2913 1784 2971; x_wconf 84' lang='grc' dir='ltr'>αὐτῶν.</span> 
     </span>
    </p>
   </div>
   <div class='ocr_carea' id='block_1_44' title="bbox 2038 1893 2564 1962">
    <p class='ocr_par' dir='ltr' id='par_1_44' title="bbox 2038 1893 2564 1962">
     <span class='ocr_line' id='line_1_44' title="bbox 2038 1893 2564 1962; baseline 0.015 -16"><span class='ocrx_word' id='word_1_291' title='bbox 2038 1893 2329 1962; x_wconf 79' lang='lat' dir='ltr'><strong>aliquando</strong></span> <span class='ocrx_word' id='word_1_292' title='bbox 2351 1900 2564 1954; x_wconf 84' lang='lat' dir='ltr'><strong>evadet.</strong></span> 
     </span>
    </p>
   </div>
   <div class='ocr_carea' id='block_1_45' title="bbox 2111 1983 3617 2066">
    <p class='ocr_par' dir='ltr' id='par_1_45' title="bbox 2111 1983 3617 2066">
     <span class='ocr_line' id='line_1_45' title="bbox 2111 1983 3617 2066; baseline 0.017 -30"><span class='ocrx_word' id='word_1_293' title='bbox 2111 1983 2281 2040; x_wconf 84' lang='lat' dir='ltr'><strong>Eccli.</strong></span> <span class='ocrx_word' id='word_1_294' title='bbox 2312 2005 2409 2044; x_wconf 84' lang='lat' dir='ltr'><strong>xu.</strong></span> <span class='ocrx_word' id='word_1_295' title='bbox 2441 1991 2700 2050; x_wconf 82' lang='lat' dir='ltr'><strong>Memoria</strong></span> <span class='ocrx_word' id='word_1_296' title='bbox 2737 1995 3008 2066; x_wconf 73' lang='lat' dir='ltr'><strong>iustorum</strong></span> <span class='ocrx_word' id='word_1_297' title='bbox 3042 2014 3169 2056; x_wconf 91' lang='lat' dir='ltr'><strong>cum</strong></span> <span class='ocrx_word' id='word_1_298' title='bbox 3207 2001 3457 2060; x_wconf 89' lang='lat' dir='ltr'><strong>laudibus</strong></span> <span class='ocrx_word' id='word_1_299' title='bbox 3485 2019 3617 2060; x_wconf 88' lang='lat' dir='ltr'><strong>con-</strong></span> 
     </span>
    </p>
   </div>
   <div class='ocr_carea' id='block_1_46' title="bbox 2031 2075 2345 2146">
    <p class='ocr_par' dir='ltr' id='par_1_46' title="bbox 2031 2075 2345 2146">
     <span class='ocr_line' id='line_1_46' title="bbox 2031 2075 2345 2146; baseline 0.013 -19"><span class='ocrx_word' id='word_1_300' title='bbox 2031 2075 2219 2146; x_wconf 83' lang='lat' dir='ltr'><strong>juncta</strong></span> <span class='ocrx_word' id='word_1_301' title='bbox 2241 2087 2345 2134; x_wconf 87' lang='lat' dir='ltr'><strong>est.</strong></span> 
     </span>
    </p>
   </div>
   <div class='ocr_carea' id='block_1_47' title="bbox 2107 2167 3615 2259">
    <p class='ocr_par' dir='ltr' id='par_1_47' title="bbox 2107 2167 3615 2259">
     <span class='ocr_line' id='line_1_47' title="bbox 2107 2167 3615 2259; baseline 0.015 -37"><span class='ocrx_word' id='word_1_302' title='bbox 2107 2167 2204 2224; x_wconf 80' lang='lat' dir='ltr'><strong>Pio</strong></span> <span class='ocrx_word' id='word_1_303' title='bbox 2221 2169 2548 2240; x_wconf 81' lang='lat' dir='ltr'><strong>benefacito,</strong></span> <span class='ocrx_word' id='word_1_304' title='bbox 2569 2184 2624 2230; x_wconf 82' lang='lat' dir='ltr'><strong>et</strong></span> <span class='ocrx_word' id='word_1_305' title='bbox 2644 2181 3135 2238; x_wconf 85' lang='lat' dir='ltr'><strong>remunerationem</strong></span> <span class='ocrx_word' id='word_1_306' title='bbox 3155 2187 3540 2259; x_wconf 67' lang='lat' dir='ltr'><strong>consequeris.</strong></span> <span class='ocrx_word' id='word_1_307' title='bbox 3557 2196 3615 2245; x_wconf 84' lang='lat' dir='ltr'><strong>et</strong></span> 
     </span>
    </p>
   </div>
   <div class='ocr_carea' id='block_1_48' title="bbox 2036 2259 3210 2340">
    <p class='ocr_par' dir='ltr' id='par_1_48' title="bbox 2036 2259 3210 2340">
     <span class='ocr_line' id='line_1_48' title="bbox 2036 2259 3210 2340; baseline 0.013 -24"><span class='ocrx_word' id='word_1_308' title='bbox 2036 2259 2084 2316; x_wconf 84' lang='lat' dir='ltr'><strong>si</strong></span> <span class='ocrx_word' id='word_1_309' title='bbox 2109 2275 2215 2314; x_wconf 90' lang='lat' dir='ltr'><strong>non</strong></span> <span class='ocrx_word' id='word_1_310' title='bbox 2235 2262 2304 2317; x_wconf 89' lang='lat' dir='ltr'><strong>ab</strong></span> <span class='ocrx_word' id='word_1_311' title='bbox 2332 2264 2444 2327; x_wconf 89' lang='lat' dir='ltr'><strong>illo,</strong></span> <span class='ocrx_word' id='word_1_312' title='bbox 2467 2275 2616 2322; x_wconf 89' lang='lat' dir='ltr'><strong>certe</strong></span> <span class='ocrx_word' id='word_1_313' title='bbox 2641 2269 2708 2322; x_wconf 86' lang='lat' dir='ltr'><strong>ab</strong></span> <span class='ocrx_word' id='word_1_314' title='bbox 2732 2269 2848 2340; x_wconf 92' lang='lat' dir='ltr'><strong>ipso</strong></span> <span class='ocrx_word' id='word_1_315' title='bbox 2871 2270 3210 2330; x_wconf 87' lang='lat' dir='ltr'><strong>Celsissimo.</strong></span> 
     </span>
    </p>
   </div>
   <div class='ocr_carea' id='block_1_49' title="bbox 2107 2350 3616 2432">
    <p class='ocr_par' dir='ltr' id='par_1_49' title="bbox 2107 2350 3616 2432">
     <span class='ocr_line' id='line_1_49' title="bbox 2107 2350 3616 2432; baseline 0.012 -27"><span class='ocrx_word' id='word_1_316' title='bbox 2107 2350 2308 2409; x_wconf 79' lang='lat' dir='ltr'><strong>Matth.</strong></span> <span class='ocrx_word' id='word_1_317' title='bbox 2332 2369 2388 2410; x_wconf 77' lang='grc' dir='ltr'>ι.</span> <span class='ocrx_word' id='word_1_318' title='bbox 2422 2355 2526 2422; x_wconf 86' lang='lat' dir='ltr'><strong>Qui</strong></span> <span class='ocrx_word' id='word_1_319' title='bbox 2549 2359 2866 2429; x_wconf 85' lang='lat' dir='ltr'><strong>prophetam</strong></span> <span class='ocrx_word' id='word_1_320' title='bbox 2907 2365 3184 2432; x_wconf 80' lang='lat' dir='ltr'><strong>prophetae</strong></span> <span class='ocrx_word' id='word_1_321' title='bbox 3219 2370 3439 2426; x_wconf 91' lang='lat' dir='ltr'><strong>nomine</strong></span> <span class='ocrx_word' id='word_1_322' title='bbox 3477 2369 3616 2426; x_wconf 91' lang='lat' dir='ltr'><strong>reci-</strong></span> 
     </span>
    </p>
   </div>
   <div class='ocr_carea' id='block_1_50' title="bbox 2035 2439 3615 2524">
    <p class='ocr_par' dir='ltr' id='par_1_50' title="bbox 2035 2439 3615 2524">
     <span class='ocr_line' id='line_1_50' title="bbox 2035 2439 3615 2524; baseline 0.012 -31"><span class='ocrx_word' id='word_1_323' title='bbox 2035 2439 2135 2510; x_wconf 88' lang='lat' dir='ltr'><strong>pit,</strong></span> <span class='ocrx_word' id='word_1_324' title='bbox 2178 2445 2482 2498; x_wconf 88' lang='lat' dir='ltr'><strong>mercedem</strong></span> <span class='ocrx_word' id='word_1_325' title='bbox 2520 2447 2798 2516; x_wconf 65' lang='lat' dir='ltr'><strong>propbetae</strong></span> <span class='ocrx_word' id='word_1_326' title='bbox 2841 2451 3073 2520; x_wconf 87' lang='lat' dir='ltr'><strong>accipiet</strong></span> <span class='ocrx_word' id='word_1_327' title='bbox 3105 2470 3120 2506; x_wconf 88' lang='lat'><strong>:</strong></span> <span class='ocrx_word' id='word_1_328' title='bbox 3151 2461 3206 2506; x_wconf 93' lang='lat' dir='ltr'><strong>et</strong></span> <span class='ocrx_word' id='word_1_329' title='bbox 3250 2454 3344 2524; x_wconf 87' lang='lat' dir='ltr'><strong>qui</strong></span> <span class='ocrx_word' id='word_1_330' title='bbox 3397 2454 3615 2524; x_wconf 87' lang='lat' dir='ltr'><strong>justum</strong></span> 
     </span>
    </p>
   </div>
   <div class='ocr_carea' id='block_1_51' title="bbox 2040 2533 3438 2615">
    <p class='ocr_par' dir='ltr' id='par_1_51' title="bbox 2040 2533 3438 2615">
     <span class='ocr_line' id='line_1_51' title="bbox 2040 2533 3438 2615; baseline 0.009 -29"><span class='ocrx_word' id='word_1_331' title='bbox 2040 2533 2235 2600; x_wconf 84' lang='lat' dir='ltr'><strong>recipit</strong></span> <span class='ocrx_word' id='word_1_332' title='bbox 2264 2533 2396 2603; x_wconf 85' lang='lat' dir='ltr'><strong>justi</strong></span> <span class='ocrx_word' id='word_1_333' title='bbox 2426 2537 2820 2608; x_wconf 87' lang='lat' dir='ltr'><strong>nomine,justi</strong></span> <span class='ocrx_word' id='word_1_334' title='bbox 2855 2544 3157 2598; x_wconf 83' lang='lat' dir='ltr'><strong>mercedem</strong></span> <span class='ocrx_word' id='word_1_335' title='bbox 3182 2543 3438 2615; x_wconf 82' lang='lat' dir='ltr'><strong>accipiet.</strong></span> 
     </span>
    </p>
   </div>
   <div class='ocr_carea' id='block_1_52' title="bbox 2109 2624 3617 2702">
    <p class='ocr_par' dir='ltr' id='par_1_52' title="bbox 2109 2624 3617 2702">
     <span class='ocr_line' id='line_1_52' title="bbox 2109 2624 3617 2702; baseline 0.008 -22"><span class='ocrx_word' id='word_1_336' title='bbox 2109 2624 2142 2680; x_wconf 86' lang='grc'><em>1</em></span> <span class='ocrx_word' id='word_1_337' title='bbox 2167 2624 2345 2682; x_wconf 71' lang='lat' dir='ltr'><strong>Thess.</strong></span> <span class='ocrx_word' id='word_1_338' title='bbox 2379 2643 2435 2684; x_wconf 87' lang='lat' dir='ltr'><strong>v.</strong></span> <span class='ocrx_word' id='word_1_339' title='bbox 2467 2626 2744 2699; x_wconf 79' lang='lat' dir='ltr'><strong>Rogamus</strong></span> <span class='ocrx_word' id='word_1_340' title='bbox 2791 2639 2971 2686; x_wconf 90' lang='lat' dir='ltr'><strong>autem</strong></span> <span class='ocrx_word' id='word_1_341' title='bbox 3005 2646 3122 2699; x_wconf 88' lang='lat' dir='ltr'><strong>vos,</strong></span> <span class='ocrx_word' id='word_1_342' title='bbox 3153 2633 3372 2702; x_wconf 79' lang='lat' dir='ltr'><strong>fratres,</strong></span> <span class='ocrx_word' id='word_1_343' title='bbox 3415 2641 3476 2690; x_wconf 86' lang='lat' dir='ltr'><strong>ut</strong></span> <span class='ocrx_word' id='word_1_344' title='bbox 3521 2648 3617 2692; x_wconf 85' lang='lat' dir='ltr'><strong>eos</strong></span> 
     </span>
    </p>
   </div>
   <div class='ocr_carea' id='block_1_53' title="bbox 2035 2719 3616 2797">
    <p class='ocr_par' dir='ltr' id='par_1_53' title="bbox 2035 2719 3616 2797">
     <span class='ocr_line' id='line_1_53' title="bbox 2035 2719 3616 2797; baseline 0.006 -25"><span class='ocrx_word' id='word_1_345' title='bbox 2035 2719 2348 2789; x_wconf 79' lang='lat' dir='ltr'><strong>agnoscatis</strong></span> <span class='ocrx_word' id='word_1_346' title='bbox 2387 2719 2481 2789; x_wconf 92' lang='lat' dir='ltr'><strong>qui</strong></span> <span class='ocrx_word' id='word_1_347' title='bbox 2519 2720 2662 2776; x_wconf 89' lang='lat' dir='ltr'><strong>inter</strong></span> <span class='ocrx_word' id='word_1_348' title='bbox 2687 2736 2783 2776; x_wconf 82' lang='lat' dir='ltr'><strong>vos</strong></span> <span class='ocrx_word' id='word_1_349' title='bbox 2810 2721 3062 2778; x_wconf 86' lang='lat' dir='ltr'><strong>laborant</strong></span> <span class='ocrx_word' id='word_1_350' title='bbox 3088 2735 3104 2778; x_wconf 88' lang='lat'><strong>:</strong></span> <span class='ocrx_word' id='word_1_351' title='bbox 3135 2725 3374 2796; x_wconf 88' lang='lat' dir='ltr'><strong>itemque</strong></span> <span class='ocrx_word' id='word_1_352' title='bbox 3397 2742 3492 2782; x_wconf 88' lang='lat' dir='ltr'><strong>eos</strong></span> <span class='ocrx_word' id='word_1_353' title='bbox 3521 2743 3616 2797; x_wconf 84' lang='lat' dir='ltr'><strong>qut</strong></span> 
     </span>
    </p>
   </div>
   <div class='ocr_carea' id='block_1_54' title="bbox 2035 2807 3618 2884">
    <p class='ocr_par' dir='ltr' id='par_1_54' title="bbox 2035 2807 3618 2884">
     <span class='ocr_line' id='line_1_54' title="bbox 2035 2807 3618 2884; baseline 0.007 -22"><span class='ocrx_word' id='word_1_354' title='bbox 2035 2816 2273 2876; x_wconf 81' lang='lat' dir='ltr'><strong>praesunt</strong></span> <span class='ocrx_word' id='word_1_355' title='bbox 2292 2807 2555 2876; x_wconf 51' lang='lat' dir='ltr'><strong>vobis,.ad</strong></span> <span class='ocrx_word' id='word_1_356' title='bbox 2577 2810 2788 2866; x_wconf 91' lang='lat' dir='ltr'><strong>Domini</strong></span> <span class='ocrx_word' id='word_1_357' title='bbox 2827 2811 3067 2878; x_wconf 89' lang='lat' dir='ltr'><strong>laudem,</strong></span> <span class='ocrx_word' id='word_1_358' title='bbox 3085 2814 3289 2884; x_wconf 89' lang='lat' dir='ltr'><strong>quique</strong></span> <span class='ocrx_word' id='word_1_359' title='bbox 3312 2832 3407 2871; x_wconf 87' lang='lat' dir='ltr'><strong>vos</strong></span> <span class='ocrx_word' id='word_1_360' title='bbox 3427 2816 3618 2873; x_wconf 86' lang='lat' dir='ltr'><strong>admo-</strong></span> 
     </span>
    </p>
   </div>
   <div class='ocr_carea' id='block_1_55' title="bbox 2035 2900 3615 2974">
    <p class='ocr_par' dir='ltr' id='par_1_55' title="bbox 2035 2900 3615 2974">
     <span class='ocr_line' id='line_1_55' title="bbox 2035 2900 3615 2974; baseline 0.009 -20"><span class='ocrx_word' id='word_1_361' title='bbox 2035 2900 2343 2956; x_wconf 85' lang='lat' dir='ltr'><strong>nitionibus</strong></span> <span class='ocrx_word' id='word_1_362' title='bbox 2373 2903 2631 2957; x_wconf 90' lang='lat' dir='ltr'><strong>erudiunt</strong></span> <span class='ocrx_word' id='word_1_363' title='bbox 2656 2913 2710 2959; x_wconf 92' lang='lat' dir='ltr'><strong>et</strong></span> <span class='ocrx_word' id='word_1_364' title='bbox 2732 2906 3024 2974; x_wconf 76' lang='lat' dir='ltr'><strong>castigant,</strong></span> <span class='ocrx_word' id='word_1_365' title='bbox 3058 2916 3113 2962; x_wconf 89' lang='lat' dir='ltr'><strong>et</strong></span> <span class='ocrx_word' id='word_1_366' title='bbox 3137 2909 3383 2965; x_wconf 84' lang='lat' dir='ltr'><strong>habeatis</strong></span> <span class='ocrx_word' id='word_1_367' title='bbox 3403 2912 3526 2968; x_wconf 89' lang='lat' dir='ltr'><strong>illos</strong></span> <span class='ocrx_word' id='word_1_368' title='bbox 3557 2913 3615 2968; x_wconf 91' lang='lat' dir='ltr'><strong>in</strong></span> 
     </span>
    </p>
   </div>
   <div class='ocr_carea' id='block_1_56' title="bbox 2036 2992 3616 3072">
    <p class='ocr_par' dir='ltr' id='par_1_56' title="bbox 2036 2992 3616 3072">
     <span class='ocr_line' id='line_1_56' title="bbox 2036 2992 3616 3072; baseline 0.008 -24"><span class='ocrx_word' id='word_1_369' title='bbox 2036 3006 2257 3048; x_wconf 87' lang='lat' dir='ltr'><strong>summo</strong></span> <span class='ocrx_word' id='word_1_370' title='bbox 2300 2992 2509 3048; x_wconf 89' lang='lat' dir='ltr'><strong>honore</strong></span> <span class='ocrx_word' id='word_1_371' title='bbox 2555 3009 2652 3064; x_wconf 88' lang='lat' dir='ltr'><strong>per</strong></span> <span class='ocrx_word' id='word_1_372' title='bbox 2699 2997 3048 3062; x_wconf 86' lang='lat' dir='ltr'><strong>charitatem,</strong></span> <span class='ocrx_word' id='word_1_373' title='bbox 3090 3009 3310 3072; x_wconf 89' lang='lat' dir='ltr'><strong>propter</strong></span> <span class='ocrx_word' id='word_1_374' title='bbox 3339 3019 3536 3061; x_wconf 89' lang='lat' dir='ltr'><strong>munus</strong></span> <span class='ocrx_word' id='word_1_375' title='bbox 3561 3019 3616 3062; x_wconf 84' lang='lat' dir='ltr'><strong>et</strong></span> 
     </span>
    </p>
   </div>
   <div class='ocr_carea' id='block_1_57' title="bbox 2037 3083 2766 3156">
    <p class='ocr_par' dir='ltr' id='par_1_57' title="bbox 2037 3083 2766 3156">
     <span class='ocr_line' id='line_1_57' title="bbox 2037 3083 2766 3156; baseline 0.005 -18"><span class='ocrx_word' id='word_1_376' title='bbox 2037 3083 2294 3146; x_wconf 81' lang='lat' dir='ltr'><strong>olIicium,</strong></span> <span class='ocrx_word' id='word_1_377' title='bbox 2313 3099 2423 3154; x_wconf 89' lang='lat' dir='ltr'><strong>quo</strong></span> <span class='ocrx_word' id='word_1_378' title='bbox 2451 3087 2766 3156; x_wconf 82' lang='lat' dir='ltr'><strong>funguntur.</strong></span> 
     </span>
    </p>
   </div>
   <div class='ocr_carea' id='block_1_58' title="bbox 432 3151 1931 3249">
    <p class='ocr_par' dir='ltr' id='par_1_58' title="bbox 432 3165 1931 3241">
     <span class='ocr_line' id='line_1_58' title="bbox 432 3165 1931 3241; baseline 0.008 -22"><span class='ocrx_word' id='word_1_379' title='bbox 432 3165 634 3238; x_wconf 84' lang='grc' dir='ltr'>Πρώτη</span> <span class='ocrx_word' id='word_1_380' title='bbox 674 3169 782 3222; x_wconf 85' lang='grc' dir='ltr'><strong>τῶν</strong></span> <span class='ocrx_word' id='word_1_381' title='bbox 825 3169 1161 3241; x_wconf 83' lang='grc' dir='ltr'>εὐεργεσιῶν</span> <span class='ocrx_word' id='word_1_382' title='bbox 1198 3172 1262 3227; x_wconf 83' lang='grc' dir='ltr'>τὸ</span> <span class='ocrx_word' id='word_1_383' title='bbox 1305 3173 1654 3230; x_wconf 76' lang='grc' dir='ltr'>ἐπαινεῖσθαι</span> <span class='ocrx_word' id='word_1_384' title='bbox 1678 3177 1804 3241; x_wconf 81' lang='grc' dir='ltr'>τοὺς</span> <span class='ocrx_word' id='word_1_385' title='bbox 1833 3194 1931 3231; x_wconf 90' lang='grc' dir='ltr'>κα-</span> 
     </span>
    </p>
   </div>
   <div class='ocr_carea' id='block_1_59' title="bbox 2033 3151 3613 3249">
    <p class='ocr_par' dir='ltr' id='par_1_59' title="bbox 2111 3151 3613 3249">
     <span class='ocr_line' id='line_1_59' title="bbox 2111 3151 3613 3249; baseline 0.009 -21"><span class='ocrx_word' id='word_1_386' title='bbox 2111 3151 2377 3246; x_wconf 64' lang='grc' dir='ltr'>Τιιεοιορὶ,</span> <span class='ocrx_word' id='word_1_387' title='bbox 2408 3151 2651 3232; x_wconf 73' lang='lat' dir='ltr'><strong>Primum</strong></span> <span class='ocrx_word' id='word_1_388' title='bbox 2712 3179 2852 3236; x_wconf 87' lang='lat' dir='ltr'><strong>inter</strong></span> <span class='ocrx_word' id='word_1_389' title='bbox 2895 3180 3162 3238; x_wconf 79' lang='lat' dir='ltr'><strong>beneﬁcia</strong></span> <span class='ocrx_word' id='word_1_390' title='bbox 3209 3190 3314 3249; x_wconf 87' lang='lat' dir='ltr'><strong>est,</strong></span> <span class='ocrx_word' id='word_1_391' title='bbox 3371 3193 3433 3240; x_wconf 91' lang='lat' dir='ltr'><strong>ut</strong></span> <span class='ocrx_word' id='word_1_392' title='bbox 3486 3186 3613 3241; x_wconf 90' lang='lat' dir='ltr'><strong>boni</strong></span> 
     </span>
    </p>
   </div>
   <div class='ocr_carea' id='block_1_60' title="bbox 355 3257 1936 3340">
    <p class='ocr_par' dir='ltr' id='par_1_60' title="bbox 355 3257 1936 3340">
     <span class='ocr_line' id='line_1_60' title="bbox 355 3257 1936 3340; baseline 0.009 -30"><span class='ocrx_word' id='word_1_393' title='bbox 355 3257 508 3324; x_wconf 85' lang='grc' dir='ltr'>λούς.</span> <span class='ocrx_word' id='word_1_394' title='bbox 543 3259 718 3331; x_wconf 84' lang='grc' dir='ltr'>Ζήλου</span> <span class='ocrx_word' id='word_1_395' title='bbox 741 3261 854 3333; x_wconf 66' lang='grc' dir='ltr'><strong>γὰρ</strong></span> <span class='ocrx_word' id='word_1_396' title='bbox 882 3262 912 3316; x_wconf 90' lang='lat'><strong>6</strong></span> <span class='ocrx_word' id='word_1_397' title='bbox 946 3262 1174 3329; x_wconf 70' lang='grc' dir='ltr'>ἔπαινος</span> <span class='ocrx_word' id='word_1_398' title='bbox 1206 3265 1490 3334; x_wconf 79' lang='grc' dir='ltr'>πρόξενος,</span> <span class='ocrx_word' id='word_1_399' title='bbox 1519 3265 1686 3338; x_wconf 75' lang='grc' dir='ltr'>ζῆλος</span> <span class='ocrx_word' id='word_1_400' title='bbox 1717 3269 1775 3323; x_wconf 75' lang='grc' dir='ltr'>δὲ</span> <span class='ocrx_word' id='word_1_401' title='bbox 1803 3270 1936 3340; x_wconf 80' lang='grc' dir='ltr'>ἀρε-</span> 
     </span>
    </p>
   </div>
   <div class='ocr_carea' id='block_1_61' title="bbox 355 3371 476 3407">
    <p class='ocr_par' dir='ltr' id='par_1_61' title="bbox 355 3371 476 3407">
     <span class='ocr_line' id='line_1_61' title="bbox 355 3371 476 3407; baseline 0.017 -2"><span class='ocrx_word' id='word_1_402' title='bbox 355 3371 476 3407; x_wconf 76' lang='grc' dir='ltr'>της.</span> 
     </span>
    </p>
   </div>
   <div class='ocr_carea' id='block_1_62' title="bbox 391 3369 1936 3521">
    <p class='ocr_par' dir='ltr' id='par_1_62' title="bbox 391 3369 1936 3521">
     <span class='ocr_line' id='line_1_62' title="bbox 391 3369 1936 3521; baseline 0.008 -25"><span class='ocrx_word' id='word_1_403' title='bbox 391 3369 559 3498; x_wconf 49' lang='lat' dir='ltr'><strong>“SMN</strong></span> <span class='ocrx_word' id='word_1_404' title='bbox 592 3446 831 3518; x_wconf 83' lang='grc' dir='ltr'>ἀρίστων</span> <span class='ocrx_word' id='word_1_405' title='bbox 877 3448 1117 3518; x_wconf 84' lang='grc' dir='ltr'>μάλιστα</span> <span class='ocrx_word' id='word_1_406' title='bbox 1145 3452 1566 3521; x_wconf 78' lang='grc' dir='ltr'>μνημονευτέον,</span> <span class='ocrx_word' id='word_1_407' title='bbox 1598 3449 1675 3509; x_wconf 88' lang='grc' dir='ltr'>ὧν</span> <span class='ocrx_word' id='word_1_408' title='bbox 1722 3453 1816 3515; x_wconf 75' lang='grc' dir='ltr'>καὶ</span> <span class='ocrx_word' id='word_1_409' title='bbox 1874 3453 1936 3514; x_wconf 79' lang='grc' dir='ltr'>τὸ</span> 
     </span>
    </p>
   </div>
   <div class='ocr_carea' id='block_1_63' title="bbox 369 3539 1435 3616">
    <p class='ocr_par' dir='ltr' id='par_1_63' title="bbox 369 3539 1435 3616">
     <span class='ocr_line' id='line_1_63' title="bbox 369 3539 1435 3616; baseline 0.011 -26"><span class='ocrx_word' id='word_1_410' title='bbox 369 3539 682 3609; x_wconf 80' lang='grc' dir='ltr'>μεμνῆσθαι</span> <span class='ocrx_word' id='word_1_411' title='bbox 705 3539 831 3594; x_wconf 81' lang='grc' dir='ltr'>ὅσον</span> <span class='ocrx_word' id='word_1_412' title='bbox 855 3541 980 3611; x_wconf 73' lang='grc' dir='ltr'>ἐμοὶ</span> <span class='ocrx_word' id='word_1_413' title='bbox 1007 3542 1104 3597; x_wconf 79' lang='grc' dir='ltr'>καὶ</span> <span class='ocrx_word' id='word_1_414' title='bbox 1137 3542 1435 3616; x_wconf 82' lang='grc' dir='ltr'>ὠφέλιμον.</span> 
     </span>
    </p>
   </div>
   <div class='ocr_carea' id='block_1_64' title="bbox 435 3714 1442 3791">
    <p class='ocr_par' dir='ltr' id='par_1_64' title="bbox 435 3714 1442 3791">
     <span class='ocr_line' id='line_1_64' title="bbox 435 3714 1442 3791; baseline 0.009 -21"><span class='ocrx_word' id='word_1_415' title='bbox 435 3714 578 3770; x_wconf 70' lang='lat' dir='ltr'><strong>IIth</strong></span> <span class='ocrx_word' id='word_1_416' title='bbox 606 3714 668 3768; x_wconf 84' lang='grc' dir='ltr'>τὸ</span> <span class='ocrx_word' id='word_1_417' title='bbox 709 3714 874 3770; x_wconf 83' lang='grc' dir='ltr'>καλὸν</span> <span class='ocrx_word' id='word_1_418' title='bbox 902 3717 1104 3789; x_wconf 87' lang='grc' dir='ltr'>ὁμοίως</span> <span class='ocrx_word' id='word_1_419' title='bbox 1137 3719 1442 3791; x_wconf 75' lang='grc' dir='ltr'>αἰδέσιμον.</span> 
     </span>
    </p>
   </div>
   <div class='ocr_carea' id='block_1_65' title="bbox 433 3895 1934 3971">
    <p class='ocr_par' dir='ltr' id='par_1_65' title="bbox 433 3895 1934 3971">
     <span class='ocr_line' id='line_1_65' title="bbox 433 3895 1934 3971; baseline 0.008 -24"><span class='ocrx_word' id='word_1_420' title='bbox 433 3895 497 3948; x_wconf 81' lang='lat' dir='ltr'><strong>Oi</strong></span> <span class='ocrx_word' id='word_1_421' title='bbox 543 3895 669 3959; x_wconf 76' lang='grc' dir='ltr'>τοὺς</span> <span class='ocrx_word' id='word_1_422' title='bbox 701 3895 940 3962; x_wconf 80' lang='grc' dir='ltr'>ἀγαθοὺς</span> <span class='ocrx_word' id='word_1_423' title='bbox 971 3896 1323 3962; x_wconf 77' lang='grc' dir='ltr'>ἐπαινοῦντες</span> <span class='ocrx_word' id='word_1_424' title='bbox 1355 3901 1618 3971; x_wconf 79' lang='grc' dir='ltr'>μερισταὶ</span> <span class='ocrx_word' id='word_1_425' title='bbox 1651 3902 1759 3958; x_wconf 84' lang='grc' dir='ltr'><strong>τῶν</strong></span> <span class='ocrx_word' id='word_1_426' title='bbox 1792 3906 1934 3959; x_wconf 87' lang='grc' dir='ltr'>ὲκεί-</span> 
     </span>
    </p>
   </div>
   <div class='ocr_carea' id='block_1_66' title="bbox 357 3988 1403 4055">
    <p class='ocr_par' dir='ltr' id='par_1_66' title="bbox 357 3988 1403 4055">
     <span class='ocr_line' id='line_1_66' title="bbox 357 3988 1403 4055; baseline 0.006 -14"><span class='ocrx_word' id='word_1_427' title='bbox 357 4002 471 4047; x_wconf 78' lang='lat' dir='ltr'><strong>vet;</strong></span> <span class='ocrx_word' id='word_1_428' title='bbox 516 3988 895 4055; x_wconf 78' lang='grc' dir='ltr'>ἀποκειμένων</span> <span class='ocrx_word' id='word_1_429' title='bbox 931 3988 1210 4054; x_wconf 69' lang='grc' dir='ltr'>στεφάνων</span> <span class='ocrx_word' id='word_1_430' title='bbox 1244 3992 1403 4048; x_wconf 76' lang='grc' dir='ltr'>εἰσίν.</span> 
     </span>
    </p>
   </div>
   <div class='ocr_carea' id='block_1_67' title="bbox 432 4077 1935 4162">
    <p class='ocr_par' dir='ltr' id='par_1_67' title="bbox 432 4077 1935 4162">
     <span class='ocr_line' id='line_1_67' title="bbox 432 4077 1935 4162; baseline 0.009 -32"><span class='ocrx_word' id='word_1_431' title='bbox 432 4077 500 4132; x_wconf 77' lang='grc' dir='ltr'><strong>Εἴ</strong></span> <span class='ocrx_word' id='word_1_432' title='bbox 525 4095 609 4141; x_wconf 90' lang='grc' dir='ltr'><strong>τις</strong></span> <span class='ocrx_word' id='word_1_433' title='bbox 643 4078 731 4146; x_wconf 86' lang='grc' dir='ltr'><strong>είη</strong></span> <span class='ocrx_word' id='word_1_434' title='bbox 758 4079 818 4132; x_wconf 80' lang='grc' dir='ltr'>ὲν</span> <span class='ocrx_word' id='word_1_435' title='bbox 857 4080 988 4148; x_wconf 85' lang='grc' dir='ltr'>ἡμῖν</span> <span class='ocrx_word' id='word_1_436' title='bbox 1026 4083 1128 4150; x_wconf 86' lang='grc' dir='ltr'>τῆς</span> <span class='ocrx_word' id='word_1_437' title='bbox 1175 4081 1459 4152; x_wconf 81' lang='grc' dir='ltr'>ὲξαιρέτου</span> <span class='ocrx_word' id='word_1_438' title='bbox 1497 4084 1643 4158; x_wconf 79' lang='grc' dir='ltr'>ζωῆς</span> <span class='ocrx_word' id='word_1_439' title='bbox 1670 4087 1935 4162; x_wconf 75' lang='grc' dir='ltr'>ἐπιμελη-</span> 
     </span>
    </p>
   </div>
   <div class='ocr_carea' id='block_1_68' title="bbox 357 4167 1932 4249">
    <p class='ocr_par' dir='ltr' id='par_1_68' title="bbox 357 4167 1932 4249">
     <span class='ocr_line' id='line_1_68' title="bbox 357 4167 1932 4249; baseline 0.01 -28"><span class='ocrx_word' id='word_1_440' title='bbox 357 4167 481 4236; x_wconf 75' lang='grc' dir='ltr'>τὴς,</span> <span class='ocrx_word' id='word_1_441' title='bbox 538 4170 636 4222; x_wconf 78' lang='grc' dir='ltr'>καὶ</span> <span class='ocrx_word' id='word_1_442' title='bbox 686 4171 753 4240; x_wconf 79' lang='grc' dir='ltr'>τῇ</span> <span class='ocrx_word' id='word_1_443' title='bbox 782 4169 875 4223; x_wconf 80' lang='grc' dir='ltr'>τοῦ</span> <span class='ocrx_word' id='word_1_444' title='bbox 908 4169 1024 4240; x_wconf 84' lang='grc' dir='ltr'>βίου</span> <span class='ocrx_word' id='word_1_445' title='bbox 1053 4170 1403 4242; x_wconf 84' lang='grc' dir='ltr'>λαμπρότητι</span> <span class='ocrx_word' id='word_1_446' title='bbox 1455 4177 1932 4249; x_wconf 79' lang='grc' dir='ltr'>μαρτυρούμενος,</span> 
     </span>
    </p>
   </div>
   <div class='ocr_carea' id='block_1_69' title="bbox 355 4260 1933 4343">
    <p class='ocr_par' dir='ltr' id='par_1_69' title="bbox 355 4260 1933 4343">
     <span class='ocr_line' id='line_1_69' title="bbox 355 4260 1933 4343; baseline 0.01 -31"><span class='ocrx_word' id='word_1_447' title='bbox 355 4260 539 4332; x_wconf 79' lang='grc' dir='ltr'>τούτῳ</span> <span class='ocrx_word' id='word_1_448' title='bbox 589 4261 768 4333; x_wconf 82' lang='grc' dir='ltr'>πάντη</span> <span class='ocrx_word' id='word_1_449' title='bbox 823 4278 884 4314; x_wconf 86' lang='grc' dir='ltr'><strong>τε</strong></span> <span class='ocrx_word' id='word_1_450' title='bbox 923 4261 1021 4321; x_wconf 78' lang='grc' dir='ltr'>καὶ</span> <span class='ocrx_word' id='word_1_451' title='bbox 1067 4263 1284 4328; x_wconf 79' lang='grc' dir='ltr'>πάντως</span> <span class='ocrx_word' id='word_1_452' title='bbox 1315 4263 1513 4321; x_wconf 74' lang='grc' dir='ltr'>ἕποιτο</span> <span class='ocrx_word' id='word_1_453' title='bbox 1546 4269 1614 4323; x_wconf 84' lang='grc' dir='ltr'>ἂν</span> <span class='ocrx_word' id='word_1_454' title='bbox 1643 4271 1704 4325; x_wconf 84' lang='grc' dir='ltr'>τὸ</span> <span class='ocrx_word' id='word_1_455' title='bbox 1733 4273 1933 4343; x_wconf 79' lang='grc' dir='ltr'>χρῆναι</span> 
     </span>
    </p>
   </div>
   <div class='ocr_carea' id='block_1_70' title="bbox 355 4352 1934 4430">
    <p class='ocr_par' dir='ltr' id='par_1_70' title="bbox 355 4352 1934 4430">
     <span class='ocr_line' id='line_1_70' title="bbox 355 4352 1934 4430; baseline 0.008 -24"><span class='ocrx_word' id='word_1_456' title='bbox 355 4353 633 4419; x_wconf 82' lang='grc' dir='ltr'>τιμᾶσθαι</span> <span class='ocrx_word' id='word_1_457' title='bbox 665 4355 762 4407; x_wconf 79' lang='grc' dir='ltr'>καὶ</span> <span class='ocrx_word' id='word_1_458' title='bbox 800 4352 876 4424; x_wconf 77' lang='grc' dir='ltr'>μὴ</span> <span class='ocrx_word' id='word_1_459' title='bbox 908 4354 1259 4409; x_wconf 75' lang='grc' dir='ltr'>ἀπιστεῖσθαι</span> <span class='ocrx_word' id='word_1_460' title='bbox 1310 4358 1446 4428; x_wconf 84' lang='grc' dir='ltr'>πρός</span> <span class='ocrx_word' id='word_1_461' title='bbox 1487 4377 1673 4426; x_wconf 88' lang='grc' dir='ltr'>τινων,</span> <span class='ocrx_word' id='word_1_462' title='bbox 1711 4363 1827 4417; x_wconf 82' lang='grc' dir='ltr'>ἀλλ’</span> <span class='ocrx_word' id='word_1_463' title='bbox 1853 4367 1934 4430; x_wconf 84' lang='grc' dir='ltr'><strong>είς</strong></span> 
     </span>
    </p>
   </div>
   <div class='ocr_carea' id='block_1_71' title="bbox 2039 3265 3610 3345">
    <p class='ocr_par' dir='ltr' id='par_1_71' title="bbox 2039 3265 3610 3345">
     <span class='ocr_line' id='line_1_71' title="bbox 2039 3265 3610 3345; baseline 0.012 -25"><span class='ocrx_word' id='word_1_464' title='bbox 2039 3265 2195 3322; x_wconf 87' lang='lat' dir='ltr'><strong>laude</strong></span> <span class='ocrx_word' id='word_1_465' title='bbox 2234 3266 2568 3323; x_wconf 71' lang='lat' dir='ltr'><strong>adiciantur.</strong></span> <span class='ocrx_word' id='word_1_466' title='bbox 2607 3267 2755 3326; x_wconf 89' lang='lat' dir='ltr'><strong>Laus</strong></span> <span class='ocrx_word' id='word_1_467' title='bbox 2801 3272 2946 3328; x_wconf 87' lang='lat' dir='ltr'><strong>enim</strong></span> <span class='ocrx_word' id='word_1_468' title='bbox 2997 3275 3144 3345; x_wconf 90' lang='lat' dir='ltr'><strong>parit</strong></span> <span class='ocrx_word' id='word_1_469' title='bbox 3183 3277 3610 3344; x_wconf 76' lang='lat' dir='ltr'><strong>aemulationem,</strong></span> 
     </span>
    </p>
   </div>
   <div class='ocr_carea' id='block_1_72' title="bbox 2039 3359 2628 3418">
    <p class='ocr_par' dir='ltr' id='par_1_72' title="bbox 2039 3359 2628 3418">
     <span class='ocr_line' id='line_1_72' title="bbox 2039 3359 2628 3418; baseline 0.005 -3"><span class='ocrx_word' id='word_1_470' title='bbox 2039 3359 2316 3415; x_wconf 77' lang='lat' dir='ltr'><strong>aemulatio</strong></span> <span class='ocrx_word' id='word_1_471' title='bbox 2348 3361 2628 3418; x_wconf 83' lang='lat' dir='ltr'><strong>virtutem.</strong></span> 
     </span>
    </p>
   </div>
   <div class='ocr_carea' id='block_1_73' title="bbox 2108 3442 3610 3519">
    <p class='ocr_par' dir='ltr' id='par_1_73' title="bbox 2108 3442 3610 3519">
     <span class='ocr_line' id='line_1_73' title="bbox 2108 3442 3610 3519; baseline 0.011 -15"><span class='ocrx_word' id='word_1_472' title='bbox 2108 3442 2690 3510; x_wconf 66' lang='lat' dir='ltr'><strong>Praestantissimorum</strong></span> <span class='ocrx_word' id='word_1_473' title='bbox 2719 3457 2960 3514; x_wconf 82' lang='lat' dir='ltr'><strong>maxime</strong></span> <span class='ocrx_word' id='word_1_474' title='bbox 2992 3473 3260 3516; x_wconf 83' lang='lat' dir='ltr'><strong>memores</strong></span> <span class='ocrx_word' id='word_1_475' title='bbox 3289 3476 3411 3519; x_wconf 88' lang='lat' dir='ltr'><strong>esse</strong></span> <span class='ocrx_word' id='word_1_476' title='bbox 3442 3461 3610 3519; x_wconf 65' lang='lat' dir='ltr'><strong>debeo</strong></span> 
     </span>
    </p>
   </div>
   <div class='ocr_carea' id='block_1_74' title="bbox 2036 3546 3611 3614">
    <p class='ocr_par' dir='ltr' id='par_1_74' title="bbox 2036 3546 3611 3614">
     <span class='ocr_line' id='line_1_74' title="bbox 2036 3546 3611 3614; baseline 0.008 -16"><span class='ocrx_word' id='word_1_477' title='bbox 2036 3559 2178 3609; x_wconf 89' lang='lat' dir='ltr'><strong>mus,</strong></span> <span class='ocrx_word' id='word_1_478' title='bbox 2205 3559 2438 3614; x_wconf 91' lang='lat' dir='ltr'><strong>quorum</strong></span> <span class='ocrx_word' id='word_1_479' title='bbox 2461 3546 2545 3600; x_wconf 80' lang='lat' dir='ltr'><strong>vel</strong></span> <span class='ocrx_word' id='word_1_480' title='bbox 2578 3547 2690 3602; x_wconf 90' lang='lat' dir='ltr'><strong>sola</strong></span> <span class='ocrx_word' id='word_1_481' title='bbox 2710 3549 3014 3606; x_wconf 90' lang='lat' dir='ltr'><strong>recordatio</strong></span> <span class='ocrx_word' id='word_1_482' title='bbox 3038 3561 3225 3608; x_wconf 89' lang='lat' dir='ltr'><strong>sancta</strong></span> <span class='ocrx_word' id='word_1_483' title='bbox 3257 3553 3391 3608; x_wconf 87' lang='lat' dir='ltr'><strong>mihi</strong></span> <span class='ocrx_word' id='word_1_484' title='bbox 3424 3564 3478 3610; x_wconf 90' lang='lat' dir='ltr'><strong>et</strong></span> <span class='ocrx_word' id='word_1_485' title='bbox 3495 3557 3611 3610; x_wconf 77' lang='lat' dir='ltr'><strong>uti-</strong></span> 
     </span>
    </p>
   </div>
   <div class='ocr_carea' id='block_1_75' title="bbox 2037 3634 2233 3694">
    <p class='ocr_par' dir='ltr' id='par_1_75' title="bbox 2037 3634 2233 3694">
     <span class='ocr_line' id='line_1_75' title="bbox 2037 3634 2233 3694; baseline 0.015 -5"><span class='ocrx_word' id='word_1_486' title='bbox 2037 3634 2104 3694; x_wconf 87' lang='lat' dir='ltr'><strong>lis</strong></span> <span class='ocrx_word' id='word_1_487' title='bbox 2129 3643 2233 3692; x_wconf 89' lang='lat' dir='ltr'><strong>est.</strong></span> 
     </span>
    </p>
   </div>
   <div class='ocr_carea' id='block_1_76' title="bbox 2107 3724 3612 3804">
    <p class='ocr_par' dir='ltr' id='par_1_76' title="bbox 2107 3724 3612 3804">
     <span class='ocr_line' id='line_1_76' title="bbox 2107 3724 3612 3804; baseline 0.009 -22"><span class='ocrx_word' id='word_1_488' title='bbox 2107 3724 2388 3797; x_wconf 76' lang='lat' dir='ltr'><strong>Chrysost.</strong></span> <span class='ocrx_word' id='word_1_489' title='bbox 2413 3730 2713 3787; x_wconf 79' lang='lat' dir='ltr'><strong>Honestum</strong></span> <span class='ocrx_word' id='word_1_490' title='bbox 2732 3746 2795 3786; x_wconf 82' lang='lat' dir='ltr'><strong>ex</strong></span> <span class='ocrx_word' id='word_1_491' title='bbox 2811 3747 2970 3804; x_wconf 71' lang='lat' dir='ltr'><strong>aequo</strong></span> <span class='ocrx_word' id='word_1_492' title='bbox 2987 3736 3244 3794; x_wconf 79' lang='lat' dir='ltr'><strong>omnibus</strong></span> <span class='ocrx_word' id='word_1_493' title='bbox 3263 3738 3612 3795; x_wconf 86' lang='lat' dir='ltr'><strong>veneratione</strong></span> 
     </span>
    </p>
   </div>
   <div class='ocr_carea' id='block_1_77' title="bbox 2036 3815 2519 3888">
    <p class='ocr_par' dir='ltr' id='par_1_77' title="bbox 2036 3815 2519 3888">
     <span class='ocr_line' id='line_1_77' title="bbox 2036 3815 2519 3888; baseline 0.014 -18"><span class='ocrx_word' id='word_1_494' title='bbox 2036 3815 2258 3888; x_wconf 87' lang='lat' dir='ltr'><strong>dignum</strong></span> <span class='ocrx_word' id='word_1_495' title='bbox 2288 3820 2519 3877; x_wconf 84' lang='lat' dir='ltr'><strong>videtur.</strong></span> 
     </span>
    </p>
   </div>
   <div class='ocr_carea' id='block_1_78' title="bbox 2109 3910 3616 3993">
    <p class='ocr_par' dir='ltr' id='par_1_78' title="bbox 2109 3910 3616 3993">
     <span class='ocr_line' id='line_1_78' title="bbox 2109 3910 3616 3993; baseline -0.007 -24"><span class='ocrx_word' id='word_1_496' title='bbox 2109 3910 2270 3982; x_wconf 77' lang='lat'><strong>180</strong></span> <span class='ocrx_word' id='word_1_497' title='bbox 2296 3911 2398 3981; x_wconf 85' lang='lat' dir='ltr'><strong>Qui</strong></span> <span class='ocrx_word' id='word_1_498' title='bbox 2425 3912 2594 3971; x_wconf 87' lang='lat' dir='ltr'><strong>honos</strong></span> <span class='ocrx_word' id='word_1_499' title='bbox 2621 3916 2864 3985; x_wconf 81' lang='lat' dir='ltr'><strong>laudant,</strong></span> <span class='ocrx_word' id='word_1_500' title='bbox 2892 3933 3216 3975; x_wconf 65' lang='lat' dir='ltr'><strong>coronarum</strong></span> <span class='ocrx_word' id='word_1_501' title='bbox 3236 3935 3358 3993; x_wconf 55' lang='lat' dir='ltr'><strong>qua;</strong></span> <span class='ocrx_word' id='word_1_502' title='bbox 3385 3922 3492 3979; x_wconf 71' lang='lat' dir='ltr'><strong>mis</strong></span> <span class='ocrx_word' id='word_1_503' title='bbox 3528 3939 3616 3981; x_wconf 63' lang='grc' dir='ltr'><strong>πθ,</strong></span> 
     </span>
    </p>
   </div>
   <div class='ocr_carea' id='block_1_79' title="bbox 2037 4002 2908 4076">
    <p class='ocr_par' dir='ltr' id='par_1_79' title="bbox 2037 4002 2908 4076">
     <span class='ocr_line' id='line_1_79' title="bbox 2037 4002 2908 4076; baseline 0.01 -21"><span class='ocrx_word' id='word_1_504' title='bbox 2037 4002 2230 4072; x_wconf 78' lang='lat' dir='ltr'><strong>positae</strong></span> <span class='ocrx_word' id='word_1_505' title='bbox 2254 4013 2405 4066; x_wconf 89' lang='lat' dir='ltr'><strong>sunt,</strong></span> <span class='ocrx_word' id='word_1_506' title='bbox 2431 4007 2722 4076; x_wconf 87' lang='lat' dir='ltr'><strong>participes</strong></span> <span class='ocrx_word' id='word_1_507' title='bbox 2747 4009 2908 4064; x_wconf 85' lang='lat' dir='ltr'><strong>ﬁunt.</strong></span> 
     </span>
    </p>
   </div>
   <div class='ocr_carea' id='block_1_80' title="bbox 2113 4093 3614 4166">
    <p class='ocr_par' dir='ltr' id='par_1_80' title="bbox 2113 4093 3614 4166">
     <span class='ocr_line' id='line_1_80' title="bbox 2113 4093 3614 4166; baseline 0.009 -17"><span class='ocrx_word' id='word_1_508' title='bbox 2113 4093 2323 4166; x_wconf 81' lang='lat' dir='ltr'><strong>Cyrillt&#39;.</strong></span> <span class='ocrx_word' id='word_1_509' title='bbox 2350 4094 2406 4150; x_wconf 89' lang='lat' dir='ltr'><strong>Si</strong></span> <span class='ocrx_word' id='word_1_510' title='bbox 2434 4100 2558 4166; x_wconf 90' lang='lat' dir='ltr'><strong>quis</strong></span> <span class='ocrx_word' id='word_1_511' title='bbox 2591 4102 2859 4159; x_wconf 84' lang='lat' dir='ltr'><strong>exstiterit</strong></span> <span class='ocrx_word' id='word_1_512' title='bbox 2900 4104 3044 4161; x_wconf 90' lang='lat' dir='ltr'><strong>inter</strong></span> <span class='ocrx_word' id='word_1_513' title='bbox 3091 4119 3195 4162; x_wconf 88' lang='lat' dir='ltr'><strong>nos</strong></span> <span class='ocrx_word' id='word_1_514' title='bbox 3242 4105 3458 4162; x_wconf 62' lang='lat' dir='ltr'><strong>eximia</strong></span> <span class='ocrx_word' id='word_1_515' title='bbox 3486 4105 3614 4162; x_wconf 68' lang='lat' dir='ltr'><strong>vita:</strong></span> 
     </span>
    </p>
   </div>
   <div class='ocr_carea' id='block_1_81' title="bbox 2037 4187 3612 4270">
    <p class='ocr_par' dir='ltr' id='par_1_81' title="bbox 2037 4187 3612 4270">
     <span class='ocr_line' id='line_1_81' title="bbox 2037 4187 3612 4270; baseline 0.01 -32"><span class='ocrx_word' id='word_1_516' title='bbox 2037 4187 2348 4252; x_wconf 89' lang='lat' dir='ltr'><strong>meditator,</strong></span> <span class='ocrx_word' id='word_1_517' title='bbox 2381 4200 2433 4245; x_wconf 91' lang='lat' dir='ltr'><strong>et</strong></span> <span class='ocrx_word' id='word_1_518' title='bbox 2461 4193 2776 4250; x_wconf 87' lang='lat' dir='ltr'><strong>testimonio</strong></span> <span class='ocrx_word' id='word_1_519' title='bbox 2809 4197 3199 4266; x_wconf 81' lang='lat' dir='ltr'><strong>comprobatus</strong></span> <span class='ocrx_word' id='word_1_520' title='bbox 3228 4197 3295 4253; x_wconf 90' lang='lat' dir='ltr'><strong>de</strong></span> <span class='ocrx_word' id='word_1_521' title='bbox 3323 4199 3446 4253; x_wconf 85' lang='lat' dir='ltr'><strong>vitae</strong></span> <span class='ocrx_word' id='word_1_522' title='bbox 3471 4214 3612 4270; x_wconf 62' lang='lat' dir='ltr'><strong>pra?-</strong></span> 
     </span>
    </p>
   </div>
   <div class='ocr_carea' id='block_1_82' title="bbox 2037 4280 3614 4355">
    <p class='ocr_par' dir='ltr' id='par_1_82' title="bbox 2037 4280 3614 4355">
     <span class='ocr_line' id='line_1_82' title="bbox 2037 4280 3614 4355; baseline 0.006 -21"><span class='ocrx_word' id='word_1_523' title='bbox 2037 4280 2257 4346; x_wconf 80' lang='lat' dir='ltr'><strong>stantia,</strong></span> <span class='ocrx_word' id='word_1_524' title='bbox 2302 4281 2429 4335; x_wconf 88' lang='lat' dir='ltr'><strong>huic</strong></span> <span class='ocrx_word' id='word_1_525' title='bbox 2457 4285 2680 4338; x_wconf 93' lang='lat' dir='ltr'><strong>omnino</strong></span> <span class='ocrx_word' id='word_1_526' title='bbox 2707 4299 3053 4355; x_wconf 87' lang='lat' dir='ltr'><strong>consequens</strong></span> <span class='ocrx_word' id='word_1_527' title='bbox 3091 4296 3193 4353; x_wconf 90' lang='lat' dir='ltr'><strong>est,</strong></span> <span class='ocrx_word' id='word_1_528' title='bbox 3229 4297 3284 4346; x_wconf 88' lang='lat' dir='ltr'><strong>et</strong></span> <span class='ocrx_word' id='word_1_529' title='bbox 3301 4295 3359 4343; x_wconf 90' lang='lat' dir='ltr'><strong>ut</strong></span> <span class='ocrx_word' id='word_1_530' title='bbox 3380 4289 3614 4348; x_wconf 88' lang='lat' dir='ltr'><strong>honore-</strong></span> 
     </span>
    </p>
   </div>
   <div class='ocr_carea' id='block_1_83' title="bbox 2036 4371 3612 4448">
    <p class='ocr_par' dir='ltr' id='par_1_83' title="bbox 2036 4371 3612 4448">
     <span class='ocr_line' id='line_1_83' title="bbox 2036 4371 3612 4448; baseline 0.006 -23"><span class='ocrx_word' id='word_1_531' title='bbox 2036 4379 2146 4434; x_wconf 89' lang='lat' dir='ltr'><strong>tur,</strong></span> <span class='ocrx_word' id='word_1_532' title='bbox 2170 4381 2220 4424; x_wconf 85' lang='lat' dir='ltr'><strong>et</strong></span> <span class='ocrx_word' id='word_1_533' title='bbox 2241 4371 2373 4426; x_wconf 75' lang='lat' dir='ltr'><strong>fides</strong></span> <span class='ocrx_word' id='word_1_534' title='bbox 2399 4371 2449 4426; x_wconf 93' lang='lat' dir='ltr'><strong>ei</strong></span> <span class='ocrx_word' id='word_1_535' title='bbox 2475 4373 2768 4445; x_wconf 89' lang='lat' dir='ltr'><strong>habeatur;</strong></span> <span class='ocrx_word' id='word_1_536' title='bbox 2790 4378 2918 4447; x_wconf 89' lang='lat' dir='ltr'><strong>quin</strong></span> <span class='ocrx_word' id='word_1_537' title='bbox 2937 4377 3096 4432; x_wconf 88' lang='lat' dir='ltr'><strong>etiam</strong></span> <span class='ocrx_word' id='word_1_538' title='bbox 3119 4378 3474 4448; x_wconf 87' lang='lat' dir='ltr'><strong>jurisjurandi</strong></span> <span class='ocrx_word' id='word_1_539' title='bbox 3491 4380 3612 4435; x_wconf 83' lang='lat' dir='ltr'><strong>loco</strong></span> 
     </span>
    </p>
   </div>
   <div class='ocr_carea' id='block_1_84' title="bbox 357 4444 1931 4553">
    <p class='ocr_par' dir='ltr' id='par_1_84' title="bbox 357 4444 1931 4520">
     <span class='ocr_line' id='line_1_84' title="bbox 357 4444 1931 4520; baseline 0.008 -22"><span class='ocrx_word' id='word_1_540' title='bbox 357 4447 525 4515; x_wconf 81' lang='grc' dir='ltr'>ὅρκου</span> <span class='ocrx_word' id='word_1_541' title='bbox 549 4444 784 4517; x_wconf 76' lang='grc' dir='ltr'>δύναμιν</span> <span class='ocrx_word' id='word_1_542' title='bbox 813 4445 1063 4517; x_wconf 80' lang='grc' dir='ltr'>δέχεσθαι</span> <span class='ocrx_word' id='word_1_543' title='bbox 1086 4448 1216 4520; x_wconf 77' lang='grc' dir='ltr'>παρ’</span> <span class='ocrx_word' id='word_1_544' title='bbox 1235 4448 1402 4504; x_wconf 80' lang='grc' dir='ltr'>αὐτοῦ</span> <span class='ocrx_word' id='word_1_545' title='bbox 1425 4450 1484 4504; x_wconf 83' lang='grc' dir='ltr'>τὸ</span> <span class='ocrx_word' id='word_1_546' title='bbox 1509 4452 1596 4505; x_wconf 54' lang='grc' dir='ltr'><strong>ναὶ¹</strong></span> <span class='ocrx_word' id='word_1_547' title='bbox 1623 4454 1731 4519; x_wconf 74' lang='grc' dir='ltr'>ναὶ,</span> <span class='ocrx_word' id='word_1_548' title='bbox 1759 4456 1931 4510; x_wconf 75' lang='grc' dir='ltr'>καὶτὸ</span> 
     </span>
    </p>
   </div>
   <div class='ocr_carea' id='block_1_85' title="bbox 2033 4444 3538 4553">
    <p class='ocr_par' dir='ltr' id='par_1_85' title="bbox 2042 4444 3538 4537">
     <span class='ocr_line' id='line_1_85' title="bbox 2042 4444 3538 4537; baseline 0.007 -28"><span class='ocrx_word' id='word_1_549' title='bbox 2042 4469 2112 4509; x_wconf 82' lang='lat' dir='ltr'><strong>ex</strong></span> <span class='ocrx_word' id='word_1_550' title='bbox 2149 4456 2240 4511; x_wconf 93' lang='lat' dir='ltr'><strong>illo</strong></span> <span class='ocrx_word' id='word_1_551' title='bbox 2276 4458 2578 4528; x_wconf 88' lang='lat' dir='ltr'><strong>accipiatur</strong></span> <span class='ocrx_word' id='word_1_552' title='bbox 2603 4444 2836 4532; x_wconf 58' lang='lat' dir='ltr'><strong>simples</strong></span> <span class='ocrx_word' id='word_1_553' title='bbox 2857 4444 3146 4521; x_wconf 82' lang='lat' dir='ltr'><strong>alIirmatio</strong></span> <span class='ocrx_word' id='word_1_554' title='bbox 3174 4475 3269 4520; x_wconf 89' lang='lat' dir='ltr'><strong>aut</strong></span> <span class='ocrx_word' id='word_1_555' title='bbox 3297 4469 3538 4537; x_wconf 86' lang='lat' dir='ltr'><strong>negatio.</strong></span> 
     </span>
    </p>
   </div>
   <div class='ocr_carea' id='block_1_86' title="bbox 356 4536 536 4594">
    <p class='ocr_par' dir='ltr' id='par_1_86' title="bbox 356 4536 536 4594">
     <span class='ocr_line' id='line_1_86' title="bbox 356 4536 536 4594; baseline 0.011 -2"><span class='ocrx_word' id='word_1_556' title='bbox 356 4536 422 4592; x_wconf 83' lang='grc' dir='ltr'>οὓ</span> <span class='ocrx_word' id='word_1_557' title='bbox 451 4537 536 4594; x_wconf 73' lang='grc' dir='ltr'>οὗ.</span> 
     </span>
    </p>
   </div>
   <div class='ocr_carea' id='block_1_87' title="bbox 436 4629 1938 4704">
    <p class='ocr_par' dir='ltr' id='par_1_87' title="bbox 436 4629 1938 4704">
     <span class='ocr_line' id='line_1_87' title="bbox 436 4629 1938 4704; baseline 0.005 -19"><span class='ocrx_word' id='word_1_558' title='bbox 436 4631 550 4686; x_wconf 87' lang='grc' dir='ltr'>Οὐκ</span> <span class='ocrx_word' id='word_1_559' title='bbox 575 4629 691 4684; x_wconf 76' lang='grc' dir='ltr'>ἐστι</span> <span class='ocrx_word' id='word_1_560' title='bbox 718 4630 860 4700; x_wconf 82' lang='grc' dir='ltr'>μέγα</span> <span class='ocrx_word' id='word_1_561' title='bbox 883 4629 943 4683; x_wconf 82' lang='grc' dir='ltr'><strong>τὸ</strong></span> <span class='ocrx_word' id='word_1_562' title='bbox 970 4629 1277 4702; x_wconf 78' lang='grc' dir='ltr'>φροντίζειν</span> <span class='ocrx_word' id='word_1_563' title='bbox 1318 4633 1511 4704; x_wconf 82' lang='grc' dir='ltr'>ἀνδρὸς</span> <span class='ocrx_word' id='word_1_564' title='bbox 1541 4637 1776 4704; x_wconf 87' lang='grc' dir='ltr'>δικαίου,</span> <span class='ocrx_word' id='word_1_565' title='bbox 1803 4639 1938 4694; x_wconf 82' lang='grc' dir='ltr'>ἀλλὰ</span> 
     </span>
    </p>
   </div>
   <div class='ocr_carea' id='block_1_88' title="bbox 360 4723 1826 4802">
    <p class='ocr_par' dir='ltr' id='par_1_88' title="bbox 360 4723 1826 4802">
     <span class='ocr_line' id='line_1_88' title="bbox 360 4723 1826 4802; baseline 0.006 -26"><span class='ocrx_word' id='word_1_566' title='bbox 360 4725 524 4795; x_wconf 81' lang='grc' dir='ltr'>χάριν</span> <span class='ocrx_word' id='word_1_567' title='bbox 549 4723 818 4793; x_wconf 82' lang='grc' dir='ltr'>λαμϐάνει</span> <span class='ocrx_word' id='word_1_568' title='bbox 848 4725 890 4794; x_wconf 57' lang='grc' dir='ltr'><strong>ὁ,</strong></span> <span class='ocrx_word' id='word_1_569' title='bbox 917 4725 1344 4794; x_wconf 78' lang='grc' dir='ltr'>καταξιούμενος</span> <span class='ocrx_word' id='word_1_570' title='bbox 1369 4727 1632 4782; x_wconf 84' lang='grc' dir='ltr'>διακονεῖν</span> <span class='ocrx_word' id='word_1_571' title='bbox 1660 4729 1826 4802; x_wconf 81' lang='grc' dir='ltr'>αὐτῷ.</span> 
     </span>
    </p>
   </div>
   <div class='ocr_carea' id='block_1_89' title="bbox 965 4840 1353 4908">
    <p class='ocr_par' dir='ltr' id='par_1_89' title="bbox 965 4840 1353 4908">
     <span class='ocr_line' id='line_1_89' title="bbox 965 4840 1353 4908; baseline 0.008 -15"><span class='ocrx_word' id='word_1_572' title='bbox 965 4840 1185 4895; x_wconf 86' lang='grc' dir='ltr'><strong>ΛΟΓΟΣ</strong></span> <span class='ocrx_word' id='word_1_573' title='bbox 1209 4840 1353 4908; x_wconf 67' lang='grc' dir='ltr'>ΛΗ’.ἷ</span> 
     </span>
    </p>
   </div>
   <div class='ocr_carea' id='block_1_90' title="bbox 356 4931 1937 5063">
    <p class='ocr_par' dir='ltr' id='par_1_90' title="bbox 356 4931 1937 5063">
     <span class='ocr_line' id='line_1_90' title="bbox 356 4931 1937 5063; baseline 0.003 -74"><span class='ocrx_word' id='word_1_574' title='bbox 356 4933 499 5004; x_wconf 74' lang='grc' dir='ltr'>Περὶ</span> <span class='ocrx_word' id='word_1_575' title='bbox 527 4933 644 4987; x_wconf 67' lang='grc' dir='ltr'><strong>τῶν</strong></span> <span class='ocrx_word' id='word_1_576' title='bbox 664 4931 804 4996; x_wconf 83' lang='grc' dir='ltr'>τοὺς</span> <span class='ocrx_word' id='word_1_577' title='bbox 820 4931 1449 5063; x_wconf 55' lang='grc' dir='ltr'>ἀῄουςζὲιαὶάρίστους</span> <span class='ocrx_word' id='word_1_578' title='bbox 1477 4933 1702 5004; x_wconf 77' lang='grc' dir='ltr'>ἄνδρας</span> <span class='ocrx_word' id='word_1_579' title='bbox 1729 4937 1937 5006; x_wconf 82' lang='grc' dir='ltr'>ἀτιμα-</span> 
     </span>
     <span class='ocr_line' id='line_1_91' title="bbox 1086 5020 1264 5058; baseline 0.006 -1"><span class='ocrx_word' id='word_1_580' title='bbox 1086 5020 1264 5058; x_wconf 76' lang='grc' dir='ltr'>ντων.</span> 
     </span>
    </p>
   </div>
   <div class='ocr_carea' id='block_1_91' title="bbox 1086 5020 1264 5058">
    <p class='ocr_par' dir='ltr' id='par_1_91' title="bbox 1086 5020 1264 5058">
     <span class='ocr_line' id='line_1_92' title="bbox 1086 5020 1264 5058; baseline 0.006 -1"><span class='ocrx_word' id='word_1_581' title='bbox 1086 5020 1264 5058; x_wconf 75' lang='grc' dir='ltr'>ντων.</span> 
     </span>
    </p>
   </div>
   <div class='ocr_carea' id='block_1_92' title="bbox 435 5095 1935 5186">
    <p class='ocr_par' dir='ltr' id='par_1_92' title="bbox 435 5095 1935 5186">
     <span class='ocr_line' id='line_1_93' title="bbox 435 5095 1935 5186; baseline 0.002 -36"><span class='ocrx_word' id='word_1_582' title='bbox 435 5099 645 5151; x_wconf 81' lang='grc' dir='ltr'>Δίκαιοι</span> <span class='ocrx_word' id='word_1_583' title='bbox 674 5095 1104 5165; x_wconf 74' lang='grc' dir='ltr'>καταγελῶνται·</span> <span class='ocrx_word' id='word_1_584' title='bbox 1135 5097 1520 5168; x_wconf 86' lang='grc' dir='ltr'>παραδίδονται</span> <span class='ocrx_word' id='word_1_585' title='bbox 1549 5099 1653 5168; x_wconf 85' lang='grc' dir='ltr'>γὰρ</span> <span class='ocrx_word' id='word_1_586' title='bbox 1697 5101 1779 5186; x_wconf 71' lang='grc' dir='ltr'><strong>εἰς</strong></span> <span class='ocrx_word' id='word_1_587' title='bbox 1820 5103 1935 5171; x_wconf 66' lang='grc' dir='ltr'><strong>χεῖ.</strong></span> 
     </span>
    </p>
   </div>
   <div class='ocr_carea' id='block_1_93' title="bbox 357 5189 735 5262">
    <p class='ocr_par' dir='ltr' id='par_1_93' title="bbox 357 5189 735 5262">
     <span class='ocr_line' id='line_1_94' title="bbox 357 5189 735 5262; baseline -0.008 -16"><span class='ocrx_word' id='word_1_588' title='bbox 357 5208 461 5262; x_wconf 64' lang='grc' dir='ltr'>ραις</span> <span class='ocrx_word' id='word_1_589' title='bbox 501 5189 735 5243; x_wconf 84' lang='grc' dir='ltr'>ἀσεϐῶν.</span> 
     </span>
    </p>
   </div>
   <div class='ocr_carea' id='block_1_94' title="bbox 429 5277 1930 5353">
    <p class='ocr_par' dir='ltr' id='par_1_94' title="bbox 429 5277 1930 5353">
     <span class='ocr_line' id='line_1_95' title="bbox 429 5277 1930 5353; baseline 0.005 -22"><span class='ocrx_word' id='word_1_590' title='bbox 429 5279 649 5341; x_wconf 83' lang='grc' dir='ltr'>Δίκαιος</span> <span class='ocrx_word' id='word_1_591' title='bbox 680 5277 821 5349; x_wconf 74' lang='grc' dir='ltr'>ἀνὴρ</span> <span class='ocrx_word' id='word_1_592' title='bbox 869 5277 1162 5350; x_wconf 80' lang='grc' dir='ltr'>ἄμεμπτος</span> <span class='ocrx_word' id='word_1_593' title='bbox 1197 5280 1458 5353; x_wconf 76' lang='grc' dir='ltr'>ἐγεννήθη</span> <span class='ocrx_word' id='word_1_594' title='bbox 1513 5283 1594 5346; x_wconf 80' lang='grc' dir='ltr'><strong>είς</strong></span> <span class='ocrx_word' id='word_1_595' title='bbox 1624 5282 1930 5353; x_wconf 82' lang='grc' dir='ltr'>χλεύασμα.</span> 
     </span>
    </p>
   </div>
   <div class='ocr_carea' id='block_1_95' title="bbox 436 5459 1937 5531">
    <p class='ocr_par' dir='ltr' id='par_1_95' title="bbox 436 5459 1937 5531">
     <span class='ocr_line' id='line_1_96' title="bbox 436 5459 1937 5531; baseline 0.004 -18"><span class='ocrx_word' id='word_1_596' title='bbox 436 5459 645 5515; x_wconf 78' lang='grc' dir='ltr'>Ἀλαλα</span> <span class='ocrx_word' id='word_1_597' title='bbox 676 5460 963 5531; x_wconf 86' lang='grc' dir='ltr'>γενηθήτω</span> <span class='ocrx_word' id='word_1_598' title='bbox 991 5459 1060 5513; x_wconf 82' lang='grc' dir='ltr'><strong>τὰ</strong></span> <span class='ocrx_word' id='word_1_599' title='bbox 1097 5460 1252 5530; x_wconf 86' lang='grc' dir='ltr'>χείλη</span> <span class='ocrx_word' id='word_1_600' title='bbox 1274 5461 1344 5515; x_wconf 86' lang='grc' dir='ltr'><strong>τὰ</strong></span> <span class='ocrx_word' id='word_1_601' title='bbox 1368 5461 1543 5529; x_wconf 85' lang='grc' dir='ltr'>δόλια,</span> <span class='ocrx_word' id='word_1_602' title='bbox 1576 5462 1645 5516; x_wconf 87' lang='grc' dir='ltr'>τὰ</span> <span class='ocrx_word' id='word_1_603' title='bbox 1673 5461 1937 5519; x_wconf 80' lang='grc' dir='ltr'>λαλοῦντα</span> 
     </span>
    </p>
   </div>
   <div class='ocr_carea' id='block_1_96' title="bbox 351 5552 1154 5621">
    <p class='ocr_par' dir='ltr' id='par_1_96' title="bbox 351 5552 1154 5621">
     <span class='ocr_line' id='line_1_97' title="bbox 351 5552 1154 5621; baseline -0.002 -13"><span class='ocrx_word' id='word_1_604' title='bbox 351 5553 502 5608; x_wconf 78' lang='grc' dir='ltr'>κατὰ</span> <span class='ocrx_word' id='word_1_605' title='bbox 534 5553 629 5606; x_wconf 81' lang='grc' dir='ltr'>τοῦ</span> <span class='ocrx_word' id='word_1_606' title='bbox 663 5553 872 5605; x_wconf 79' lang='grc' dir='ltr'>δικαίου</span> <span class='ocrx_word' id='word_1_607' title='bbox 901 5552 1154 5621; x_wconf 86' lang='grc' dir='ltr'>ἀνομίαν.</span> 
     </span>
    </p>
   </div>
   <div class='ocr_carea' id='block_1_97' title="bbox 434 5643 1936 5720">
    <p class='ocr_par' dir='ltr' id='par_1_97' title="bbox 434 5643 1936 5720">
     <span class='ocr_line' id='line_1_98' title="bbox 434 5643 1936 5720; baseline 0.004 -24"><span class='ocrx_word' id='word_1_608' title='bbox 434 5645 702 5698; x_wconf 82' lang='grc' dir='ltr'>Κατανοεί</span> <span class='ocrx_word' id='word_1_609' title='bbox 729 5646 756 5697; x_wconf 88' lang='lat'><strong>6</strong></span> <span class='ocrx_word' id='word_1_610' title='bbox 788 5643 1113 5714; x_wconf 82' lang='grc' dir='ltr'>ἁμαρτωλὸς</span> <span class='ocrx_word' id='word_1_611' title='bbox 1163 5643 1254 5697; x_wconf 82' lang='grc' dir='ltr'>τὸν</span> <span class='ocrx_word' id='word_1_612' title='bbox 1329 5644 1537 5701; x_wconf 83' lang='grc' dir='ltr'>δίκαιον</span> <span class='ocrx_word' id='word_1_613' title='bbox 1559 5686 1575 5715; x_wconf 91' lang='grc'><strong>,</strong></span> <span class='ocrx_word' id='word_1_614' title='bbox 1601 5648 1696 5702; x_wconf 70' lang='grc' dir='ltr'>καὶ</span> <span class='ocrx_word' id='word_1_615' title='bbox 1751 5646 1936 5720; x_wconf 84' lang='grc' dir='ltr'>βρύξει</span> 
     </span>
    </p>
   </div>
   <div class='ocr_carea' id='block_1_98' title="bbox 351 5734 1228 5802">
    <p class='ocr_par' dir='ltr' id='par_1_98' title="bbox 351 5734 1228 5802">
     <span class='ocr_line' id='line_1_99' title="bbox 351 5734 1228 5802; baseline -0.005 -10"><span class='ocrx_word' id='word_1_616' title='bbox 351 5737 447 5802; x_wconf 61' lang='grc' dir='ltr'><strong>ἐπ’</strong></span> <span class='ocrx_word' id='word_1_617' title='bbox 472 5737 630 5792; x_wconf 72' lang='grc' dir='ltr'>αὐτὸν</span> <span class='ocrx_word' id='word_1_618' title='bbox 650 5737 775 5794; x_wconf 67' lang='grc' dir='ltr'>τοὺς</span> <span class='ocrx_word' id='word_1_619' title='bbox 801 5735 1020 5798; x_wconf 75' lang='grc' dir='ltr'>ὀδόντας</span> <span class='ocrx_word' id='word_1_620' title='bbox 1042 5734 1228 5788; x_wconf 80' lang='grc' dir='ltr'>αὑτοῦ.</span> 
     </span>
    </p>
   </div>
   <div class='ocr_carea' id='block_1_99' title="bbox 725 5824 1535 5891">
    <p class='ocr_par' dir='ltr' id='par_1_99' title="bbox 725 5824 1535 5891">
     <span class='ocr_line' id='line_1_100' title="bbox 725 5824 1535 5891; baseline 0.002 -5"><span class='ocrx_word' id='word_1_621' title='bbox 725 5824 1004 5886; x_wconf 75' lang='grc' dir='ltr'>ΡΑτιιοι..</span> <span class='ocrx_word' id='word_1_622' title='bbox 1043 5825 1160 5887; x_wconf 78' lang='lat' dir='ltr'><strong>Gn.</strong></span> <span class='ocrx_word' id='word_1_623' title='bbox 1211 5825 1535 5891; x_wconf 80' lang='lat' dir='ltr'><strong>CXXXVI.</strong></span> 
     </span>
    </p>
   </div>
   <div class='ocr_carea' id='block_1_100' title="bbox 2110 4633 3610 4717">
    <p class='ocr_par' dir='ltr' id='par_1_100' title="bbox 2110 4633 3610 4717">
     <span class='ocr_line' id='line_1_101' title="bbox 2110 4633 3610 4717; baseline 0.01 -30"><span class='ocrx_word' id='word_1_624' title='bbox 2110 4633 2218 4689; x_wconf 75' lang='lat' dir='ltr'><strong>[les</strong></span> <span class='ocrx_word' id='word_1_625' title='bbox 2250 4649 2441 4705; x_wconf 84' lang='lat' dir='ltr'><strong>magna</strong></span> <span class='ocrx_word' id='word_1_626' title='bbox 2473 4653 2579 4693; x_wconf 92' lang='lat' dir='ltr'><strong>non</strong></span> <span class='ocrx_word' id='word_1_627' title='bbox 2598 4639 2870 4694; x_wconf 83' lang='lat' dir='ltr'><strong>estvirum</strong></span> <span class='ocrx_word' id='word_1_628' title='bbox 2890 4641 3096 4713; x_wconf 86' lang='lat' dir='ltr'><strong>justum</strong></span> <span class='ocrx_word' id='word_1_629' title='bbox 3128 4657 3346 4711; x_wconf 88' lang='lat' dir='ltr'><strong>curare,</strong></span> <span class='ocrx_word' id='word_1_630' title='bbox 3367 4645 3459 4703; x_wconf 92' lang='lat' dir='ltr'><strong>sed</strong></span> <span class='ocrx_word' id='word_1_631' title='bbox 3487 4662 3610 4717; x_wconf 86' lang='lat' dir='ltr'><strong>gra-</strong></span> 
     </span>
    </p>
   </div>
   <div class='ocr_carea' id='block_1_101' title="bbox 2035 4723 3311 4805">
    <p class='ocr_par' dir='ltr' id='par_1_101' title="bbox 2035 4723 3311 4805">
     <span class='ocr_line' id='line_1_102' title="bbox 2035 4723 3311 4805; baseline 0.012 -30"><span class='ocrx_word' id='word_1_632' title='bbox 2035 4723 2167 4777; x_wconf 88' lang='lat' dir='ltr'><strong>tiam</strong></span> <span class='ocrx_word' id='word_1_633' title='bbox 2193 4733 2434 4780; x_wconf 89' lang='lat' dir='ltr'><strong>meretur</strong></span> <span class='ocrx_word' id='word_1_634' title='bbox 2464 4728 2550 4796; x_wconf 92' lang='lat' dir='ltr'><strong>qui</strong></span> <span class='ocrx_word' id='word_1_635' title='bbox 2574 4728 2728 4797; x_wconf 84' lang='lat' dir='ltr'><strong>justo</strong></span> <span class='ocrx_word' id='word_1_636' title='bbox 2756 4730 3065 4787; x_wconf 86' lang='lat' dir='ltr'><strong>ministrare</strong></span> <span class='ocrx_word' id='word_1_637' title='bbox 3096 4733 3311 4805; x_wconf 79' lang='lat' dir='ltr'><strong>satagit.</strong></span> 
     </span>
    </p>
   </div>
   <div class='ocr_carea' id='block_1_102' title="bbox 2395 4835 3258 4918">
    <p class='ocr_par' dir='ltr' id='par_1_102' title="bbox 2395 4835 3258 4918">
     <span class='ocr_line' id='line_1_103' title="bbox 2395 4835 3258 4918; baseline 0.013 -27"><span class='ocrx_word' id='word_1_638' title='bbox 2395 4835 2629 4895; x_wconf 84' lang='lat' dir='ltr'><strong>SERMO</strong></span> <span class='ocrx_word' id='word_1_639' title='bbox 2649 4840 2916 4897; x_wconf 82' lang='lat' dir='ltr'><strong>XXXVIII</strong></span> <span class='ocrx_word' id='word_1_640' title='bbox 2962 4843 3060 4916; x_wconf 82' lang='grc' dir='ltr'>[αι.</span> <span class='ocrx_word' id='word_1_641' title='bbox 3089 4845 3258 4918; x_wconf 78' lang='lat' dir='ltr'><strong>XXI].</strong></span> 
     </span>
    </p>
   </div>
   <div class='ocr_carea' id='block_1_103' title="bbox 2039 4923 3618 5012">
    <p class='ocr_par' dir='ltr' id='par_1_103' title="bbox 2039 4923 3618 5012">
     <span class='ocr_line' id='line_1_104' title="bbox 2039 4923 3618 5012; baseline 0.006 -34"><span class='ocrx_word' id='word_1_642' title='bbox 2039 4923 2118 4979; x_wconf 85' lang='lat' dir='ltr'><strong>De</strong></span> <span class='ocrx_word' id='word_1_643' title='bbox 2137 4925 2202 4980; x_wconf 77' lang='lat' dir='ltr'><strong>iis</strong></span> <span class='ocrx_word' id='word_1_644' title='bbox 2231 4927 2320 4996; x_wconf 86' lang='lat' dir='ltr'><strong>qui</strong></span> <span class='ocrx_word' id='word_1_645' title='bbox 2368 4939 2582 4990; x_wconf 75' lang='lat' dir='ltr'><strong>sanctos</strong></span> <span class='ocrx_word' id='word_1_646' title='bbox 2597 4938 2646 4983; x_wconf 84' lang='lat' dir='ltr'><strong>et</strong></span> <span class='ocrx_word' id='word_1_647' title='bbox 2670 4940 2984 5012; x_wconf 61' lang='lat' dir='ltr'><strong>praestantes</strong></span> <span class='ocrx_word' id='word_1_648' title='bbox 3009 4933 3146 4988; x_wconf 75' lang='lat' dir='ltr'><strong>viros</strong></span> <span class='ocrx_word' id='word_1_649' title='bbox 3195 4934 3482 5004; x_wconf 79' lang='lat' dir='ltr'><strong>ignominia</strong></span> <span class='ocrx_word' id='word_1_650' title='bbox 3507 4936 3618 5005; x_wconf 73' lang='lat' dir='ltr'><strong>afﬁ-</strong></span> 
     </span>
    </p>
   </div>
   <div class='ocr_carea' id='block_1_104' title="bbox 2748 5011 2916 5056">
    <p class='ocr_par' dir='ltr' id='par_1_104' title="bbox 2748 5011 2916 5056">
     <span class='ocr_line' id='line_1_105' title="bbox 2748 5011 2916 5056; baseline 0.012 -3"><span class='ocrx_word' id='word_1_651' title='bbox 2748 5011 2916 5056; x_wconf 76' lang='lat' dir='ltr'><strong>ctum.</strong></span> 
     </span>
    </p>
   </div>
   <div class='ocr_carea' id='block_1_105' title="bbox 2109 5086 3616 5166">
    <p class='ocr_par' dir='ltr' id='par_1_105' title="bbox 2109 5086 3616 5166">
     <span class='ocr_line' id='line_1_106' title="bbox 2109 5086 3616 5166; baseline 0.007 -26"><span class='ocrx_word' id='word_1_652' title='bbox 2109 5086 2205 5141; x_wconf 88' lang='lat' dir='ltr'><strong>Job</strong></span> <span class='ocrx_word' id='word_1_653' title='bbox 2242 5105 2338 5142; x_wconf 81' lang='lat' dir='ltr'><strong>xu.</strong></span> <span class='ocrx_word' id='word_1_654' title='bbox 2386 5089 2526 5146; x_wconf 85' lang='lat' dir='ltr'><strong>Justi</strong></span> <span class='ocrx_word' id='word_1_655' title='bbox 2559 5091 2903 5148; x_wconf 88' lang='lat' dir='ltr'><strong>deridentur:</strong></span> <span class='ocrx_word' id='word_1_656' title='bbox 2946 5109 3072 5148; x_wconf 86' lang='lat' dir='ltr'><strong>nam</strong></span> <span class='ocrx_word' id='word_1_657' title='bbox 3107 5095 3159 5150; x_wconf 91' lang='lat' dir='ltr'><strong>in</strong></span> <span class='ocrx_word' id='word_1_658' title='bbox 3185 5095 3475 5166; x_wconf 86' lang='lat' dir='ltr'><strong>impiorum</strong></span> <span class='ocrx_word' id='word_1_659' title='bbox 3500 5111 3616 5150; x_wconf 88' lang='lat' dir='ltr'><strong>ma-</strong></span> 
     </span>
    </p>
   </div>
   <div class='ocr_carea' id='block_1_106' title="bbox 2039 5180 2468 5236">
    <p class='ocr_par' dir='ltr' id='par_1_106' title="bbox 2039 5180 2468 5236">
     <span class='ocr_line' id='line_1_107' title="bbox 2039 5180 2468 5236; baseline 0.007 -3"><span class='ocrx_word' id='word_1_660' title='bbox 2039 5195 2140 5234; x_wconf 85' lang='lat' dir='ltr'><strong>nus</strong></span> <span class='ocrx_word' id='word_1_661' title='bbox 2159 5180 2468 5236; x_wconf 85' lang='lat' dir='ltr'><strong>traduntur.</strong></span> 
     </span>
    </p>
   </div>
   <div class='ocr_carea' id='block_1_107' title="bbox 2115 5271 3615 5346">
    <p class='ocr_par' dir='ltr' id='par_1_107' title="bbox 2115 5271 3615 5346">
     <span class='ocr_line' id='line_1_108' title="bbox 2115 5271 3615 5346; baseline 0.009 -23"><span class='ocrx_word' id='word_1_662' title='bbox 2115 5271 2208 5326; x_wconf 82' lang='lat' dir='ltr'><strong>Vir</strong></span> <span class='ocrx_word' id='word_1_663' title='bbox 2237 5273 2419 5344; x_wconf 84' lang='lat' dir='ltr'><strong>justus</strong></span> <span class='ocrx_word' id='word_1_664' title='bbox 2457 5281 2511 5330; x_wconf 88' lang='lat' dir='ltr'><strong>et</strong></span> <span class='ocrx_word' id='word_1_665' title='bbox 2539 5274 3035 5346; x_wconf 83' lang='lat' dir='ltr'><strong>irreprehensibilis</strong></span> <span class='ocrx_word' id='word_1_666' title='bbox 3058 5277 3235 5336; x_wconf 81' lang='lat' dir='ltr'><strong>factus</strong></span> <span class='ocrx_word' id='word_1_667' title='bbox 3264 5279 3430 5334; x_wconf 86' lang='lat' dir='ltr'><strong>estad</strong></span> <span class='ocrx_word' id='word_1_668' title='bbox 3475 5280 3615 5336; x_wconf 87' lang='lat' dir='ltr'><strong>ludi-</strong></span> 
     </span>
    </p>
   </div>
   <div class='ocr_carea' id='block_1_108' title="bbox 2039 5366 2244 5421">
    <p class='ocr_par' dir='ltr' id='par_1_108' title="bbox 2039 5366 2244 5421">
     <span class='ocr_line' id='line_1_109' title="bbox 2039 5366 2244 5421; baseline -0.015 0"><span class='ocrx_word' id='word_1_669' title='bbox 2039 5366 2244 5421; x_wconf 87' lang='lat' dir='ltr'><strong>brium.</strong></span> 
     </span>
    </p>
   </div>
   <div class='ocr_carea' id='block_1_109' title="bbox 2114 5456 3614 5532">
    <p class='ocr_par' dir='ltr' id='par_1_109' title="bbox 2114 5456 3614 5532">
     <span class='ocr_line' id='line_1_110' title="bbox 2114 5456 3614 5532; baseline 0.008 -22"><span class='ocrx_word' id='word_1_670' title='bbox 2114 5457 2306 5511; x_wconf 81' lang='lat' dir='ltr'><strong>Darid.</strong></span> <span class='ocrx_word' id='word_1_671' title='bbox 2374 5456 2519 5511; x_wconf 85' lang='lat' dir='ltr'><strong>Muta</strong></span> <span class='ocrx_word' id='word_1_672' title='bbox 2572 5457 2703 5512; x_wconf 85' lang='lat' dir='ltr'><strong>ﬁant</strong></span> <span class='ocrx_word' id='word_1_673' title='bbox 2764 5459 2907 5514; x_wconf 87' lang='lat' dir='ltr'><strong>labia</strong></span> <span class='ocrx_word' id='word_1_674' title='bbox 2965 5458 3192 5526; x_wconf 73' lang='lat' dir='ltr'><strong>dolosa,</strong></span> <span class='ocrx_word' id='word_1_675' title='bbox 3247 5478 3368 5532; x_wconf 79' lang='lat' dir='ltr'><strong>qua:</strong></span> <span class='ocrx_word' id='word_1_676' title='bbox 3429 5475 3614 5522; x_wconf 84' lang='lat' dir='ltr'><strong>contra</strong></span> 
     </span>
    </p>
   </div>
   <div class='ocr_carea' id='block_1_110' title="bbox 2034 5549 2783 5621">
    <p class='ocr_par' dir='ltr' id='par_1_110' title="bbox 2034 5549 2783 5621">
     <span class='ocr_line' id='line_1_111' title="bbox 2034 5549 2783 5621; baseline 0.004 -18"><span class='ocrx_word' id='word_1_677' title='bbox 2034 5549 2236 5621; x_wconf 82' lang='lat' dir='ltr'><strong>justum</strong></span> <span class='ocrx_word' id='word_1_678' title='bbox 2265 5549 2562 5620; x_wconf 62' lang='lat' dir='ltr'><strong>loquuntur</strong></span> <span class='ocrx_word' id='word_1_679' title='bbox 2581 5549 2783 5620; x_wconf 85' lang='lat' dir='ltr'><strong>inique.</strong></span> 
     </span>
    </p>
   </div>
   <div class='ocr_carea' id='block_1_111' title="bbox 2110 5641 3608 5716">
    <p class='ocr_par' dir='ltr' id='par_1_111' title="bbox 2110 5641 3608 5716">
     <span class='ocr_line' id='line_1_112' title="bbox 2110 5641 3608 5716; baseline 0.007 -20"><span class='ocrx_word' id='word_1_680' title='bbox 2110 5641 2381 5697; x_wconf 85' lang='lat' dir='ltr'><strong>Observat</strong></span> <span class='ocrx_word' id='word_1_681' title='bbox 2408 5643 2712 5699; x_wconf 88' lang='lat' dir='ltr'><strong>sceleratus</strong></span> <span class='ocrx_word' id='word_1_682' title='bbox 2763 5643 2999 5716; x_wconf 88' lang='lat' dir='ltr'><strong>justum,</strong></span> <span class='ocrx_word' id='word_1_683' title='bbox 3026 5656 3081 5703; x_wconf 90' lang='lat' dir='ltr'><strong>et</strong></span> <span class='ocrx_word' id='word_1_684' title='bbox 3110 5648 3366 5707; x_wconf 88' lang='lat' dir='ltr'><strong>dentibus</strong></span> <span class='ocrx_word' id='word_1_685' title='bbox 3399 5650 3451 5706; x_wconf 84' lang='lat' dir='ltr'><strong>in</strong></span> <span class='ocrx_word' id='word_1_686' title='bbox 3488 5667 3608 5714; x_wconf 89' lang='lat' dir='ltr'><strong>eum</strong></span> 
     </span>
    </p>
   </div>
   <div class='ocr_carea' id='block_1_112' title="bbox 2041 5734 2275 5792">
    <p class='ocr_par' dir='ltr' id='par_1_112' title="bbox 2041 5734 2275 5792">
     <span class='ocr_line' id='line_1_113' title="bbox 2041 5734 2275 5792; baseline -0.004 -1"><span class='ocrx_word' id='word_1_687' title='bbox 2041 5734 2275 5792; x_wconf 80' lang='lat' dir='ltr'><strong>Irendet.</strong></span> 
     </span>
    </p>
   </div>
   <div class='ocr_carea' id='block_1_113' title="bbox 3132 5832 3209 5899">
    <p class='ocr_par' dir='ltr' id='par_1_113' title="bbox 3132 5832 3209 5899">
     <span class='ocr_line' id='line_1_114' title="bbox 3132 5832 3209 5899; baseline -0.013 0"><span class='ocrx_word' id='word_1_688' title='bbox 3132 5832 3209 5899; x_wconf 81' lang='lat'><strong>35</strong></span> 
     </span>
    </p>
   </div>
  </div>
