4056 6428
489 352 632 416 1099

1779 349 2095 410 ANTONII
2139 351 2484 413 MELISSE

3599 349 3726 416 1100

561 461 715 517 Prov.
735 477 884 517 IIII.
913 461 1198 531 Sapientes
1221 469 1275 515 ct
1293 475 1515 530 sagaces
1534 458 1817 530 improbos
1843 468 2058 512 vocant.

2236 461 2376 525 Τοὺς
2409 459 2608 530 σοφοὺς
2635 461 2729 514 καὶ¹
2759 473 3016 520 συνετούς
3041 455 3282 526 φαύλους
3311 453 3594 514 καλοῦσιν.

557 553 669 606 Viri
703 553 1194 623 sanguinariiquod
1213 559 1460 607 sanctum
1493 559 1598 615 est,
1629 550 1884 604 oderunt.
1952 618 1960 624 _

556 643 976 698 Abominandus
1004 651 1089 698 est
1116 643 1386 698 scelerato
1427 643 1653 697 divinus
1681 643 1887 698 cultus.

563 735 622 788 in
647 735 868 804 regione
900 733 1190 804 impiorum
1220 735 1375 806 probi
1405 743 1667 807 gemunt:
1691 745 1746 789 at
1776 735 1828 789 in
1854 734 2066 789 illorum

488 826 655 881 exitio
681 827 806 882 boni
834 828 1195 895 augebuntur.

561 917 674 972 Isa.
711 933 791 972 ur.
828 917 988 972 Miser
1014 918 1233 972 animus
1271 915 1652 984 illorum,quia
1681 913 1877 968 malum
1913 928 2069 981 cepe-

491 1014 619 1059 runt
650 1006 939 1061 consilium
977 1016 1168 1061 contra
1195 1005 1429 1076 seipsos,
1485 1005 1733 1059 dicentes
1765 1021 1778 1058 :
1821 1000 2070 1058 Vinculis

493 1097 937 1167 constringamus
987 1099 1223 1164 justum,
1276 1097 1402 1166 quia
1445 1095 1602 1151 nobis
1648 1100 1732 1149 est
1777 1094 2068 1150 obnoxius.

493 1185 636 1258 Ergo
667 1186 878 1244 l‘ructus
913 1203 1142 1258 operum
1176 1188 1392 1242 illorum
1465 1184 1824 1242 devorabunt.

563 1278 690 1346 Sap.
715 1295 789 1334 Iv.
829 1279 887 1335 Si
914 1280 1149 1332 viderint
1172 1279 1407 1349 justum,
1436 1286 1828 1334 contemnent:
1886 1277 2072 1332 Domi-

495 1388 601 1427 nus
629 1382 809 1426 autem
876 1371 1123 1425 irridebit
1180 1386 1275 1426 eos
1309 1385 1324 1422 :
1362 1369 1554 1425 deinde
1608 1368 1970 1439 ignominiose
2019 1375 2074 1425 et

499 1463 892 1516 contumeliose
920 1462 1320 1516 tractabuntur.

574 1553 716 1607 Ibid.
752 1570 805 1608 v.
830 1552 984 1606 Tunc
1012 1568 1136 1607 cum
1171 1566 1364 1620 magna
1389 1549 1872 1607 constantiastabit
1895 1549 2076 1620 justus

2244 555 2470 624 ’Ἄνδρες
2502 553 2752 622 αἱμάτων
2783 551 3000 622 μέτοχοι
3033 551 3356 620 μισήσουσιν
3388 551 3562 606 ὅσιον.

2239 646 2521 714 Βδέλυγμα
2555 643 2866 714 ἁμαρτωλῷ
2910 643 3210 698 θεοσέϐεια.

2251 739 2343 793 Ἐν
2370 738 2558 802 τόποις
2577 736 2793 792 ἀσεϐῶν
2818 737 3065 790 στένουσι
3087 735 3310 790 δίκαιον
3337 737 3396 790 ὲν
3421 733 3479 789 δὶ
3505 737 3572 808 τῇ
3599 733 3730 790 Excl-

2169 847 2276 884 νων
2310 830 2555 902 ἀπωλείᾳ
2595 829 3064 900 πληθυνθὴσονται
3093 827 3310 882 δίκαιοι.

2241 922 2376 976 Οὐαὶ
2415 925 2482 994 τῇ
2531 923 2675 991 ψυχῇ
2712 921 2912 983 αὐτῶν,
2969 920 3051 973 ὅτι
3107 917 3491 989 βεϐούλευνται
3547 919 3731 992 βουλὴν

2171 1011 2416 1080 πονηρὰν
2439 1010 2562 1065 καθ’
2579 1011 2804 1074 ἑαυτῶν,
2828 1009 3094 1074 εἰπόντες·
3111 1011 3374 1080 Δήσωμεν
3391 1010 3486 1065 τὸν
3512 1010 3729 1077 δίκαιον,

2171 1106 2253 1158 ὅτι
2279 1104 2613 1174 δύσχρηστος
2635 1103 2766 1172 ἡμῖν
2795 1102 2965 1155 ἐστιν.
2992 1100 3182 1156 Τοίνυν
3204 1100 3271 1154 τὰ
3296 1101 3615 1173 γεννήματα
3636 1102 3734 1156 τῶν

2174 1196 2352 1270 ἔργων
2385 1196 2566 1250 αὐτῶν
2597 1196 2884 1265 φάγονται.

2249 1287 2508 1357 Ὄψονται
2531 1286 2625 1340 τὸν
2658 1286 2866 1340 δίκαιον
2893 1285 2989 1338 καὶ
3033 1283 3482 1355 ἐξουθενήσουσιν
3504 1299 3520 1315 ο
3551 1283 3735 1347 αὐτοὺς

2174 1379 2230 1433 δὶ
2259 1379 2464 1450 Κύριος
2492 1376 2867 1446 ὲγγελάσεταιο
2896 1377 2995 1429 καὶ
3041 1374 3258 1430 ἔσονται
3293 1373 3438 1446 μετά
3465 1373 3622 1430 τοῦτο
3663 1377 3736 1439 είς

2177 1470 2380 1540 πτῶμα
2411 1469 2605 1540 ἀτιμον
2637 1469 2731 1521 καὶ
2757 1469 2835 1531 εἰς
2863 1467 3045 1536 ῦϐριν.

2249 1561 2382 1615 Τότε
2415 1560 2677 1631 στήσεται
2701 1561 2760 1613 ὲν
2785 1557 3073 1630 παρρησίᾳ
3099 1557 3267 1627 πολλῇ
3319 1558 3350 1611 ό
3373 1555 3579 1620 δίκαιος
3603 1555 3734 1610 κατὰ

499 1646 765 1702 adversus
793 1660 886 1698 ora
917 1659 1099 1700 eorum
1133 1643 1224 1711 qui
1264 1643 1442 1712 ipsum
1490 1641 1783 1697 aliiixeriut
1822 1680 1838 1705 ,
1880 1648 1936 1696 et
1981 1641 2078 1711 qui

2184 1653 2472 1723 πρόσωπον
2499 1651 2609 1704 τῶν
2643 1649 2946 1719 θλιψάντων
2974 1647 3160 1714 αὐτὸν,
3193 1647 3290 1702 καὶ
3339 1648 3453 1702 τῶν
3501 1645 3736 1700 ἀθετούν-

496 1736 922 1806 repudiaverunt
943 1737 1159 1791 labores
1183 1735 1384 1805 ipsius,
1403 1748 1636 1802 cumque
1665 1732 1926 1800 viderint,
1951 1747 2077 1804 gra-

2179 1761 2287 1798 των
2311 1744 2438 1807 τοὺς
2473 1743 2668 1806 πόνους
2692 1739 2883 1794 αὐτοῦ.
2923 1739 3146 1802 Ἰδόντες
3196 1739 3256 1793 δὲ
3304 1738 3732 1809 ταραχθήσονται

501 1831 555 1884 vi
589 1839 735 1886 metu
769 1829 1152 1891 turbabuntur,
1183 1835 1238 1882 et
1284 1827 1652 1896 obswpelient
1681 1825 1748 1880 ad
1779 1823 2071 1880 admirabi-

2184 1832 2324 1902 φόϐῳ
2351 1832 2532 1902 δεινῷ,
2567 1831 2663 1886 καὶ
2684 1827 3044 1899 ἐκστήσονται
3075 1828 3171 1881 ἐπὶ
3210 1825 3292 1898 τῷ
3315 1826 3604 1896 παραδόξῳ
3646 1826 3734 1892 τῆς

500 1921 607 1975 lem
669 1920 816 1974 illius
867 1919 1061 1975 salutis
1114 1919 1428 1973 rationem:
1463 1931 1651 1972 secum
1721 1917 1867 1972 enim
1919 1915 2073 1971 taciti

499 2012 791 2081 loquentur
820 2011 1148 2080 pmnitentes
1173 2025 1187 2063 :
1217 2008 1320 2064 Hic
1344 2015 1429 2066 est
1461 2022 1621 2077 quem
1686 2006 1824 2062 risui
1885 2005 2074 2062 habui-

499 2113 621 2152 mus
647 2096 987 2166 insipienter,
1005 2105 1060 2152 et
1089 2096 1350 2152 conviciis
1377 2095 1762 2165 proscidimus,
1787 2109 1851 2150 ac
1877 2095 1931 2149 in
1948 2109 2074 2150 eum

499 2189 872 2246 conviciorum
901 2188 1184 2258 proverbia
1204 2187 1452 2257 iecimus,
1477 2186 1532 2241 in
1552 2187 1661 2241 vita
1682 2201 1806 2242 eum
1836 2187 2078 2243 insanire

500 2283 853 2351 putabamus,
889 2287 945 2336 et
969 2289 1202 2335 mortem
1251 2279 1424 2349 ipsius
1469 2279 1889 2349 ignominiosam
1929 2279 2075 2334 arbi-

501 2374 627 2428 trati
650 2388 838 2428 sumus
875 2390 890 2428 :
927 2371 1201 2441 quomodo
1240 2385 1370 2426 vero
1401 2369 1793 2426 adnumeratus
1817 2377 1899 2424 est
1936 2373 2077 2426 inter

510 2465 656 2519 ﬁlios
685 2464 802 2529 Dei,
827 2471 881 2519 et
911 2463 1055 2517 inter
1081 2472 1302 2518 sanctos
1338 2476 1460 2518 sors
1493 2461 1613 2531 ejus
1637 2461 1877 2517 cecidit?
1936 2463 2078 2532 Ergo

503 2556 879 2611 aberravimus
917 2569 947 2608 a
979 2555 1084 2618 via,
1117 2564 1172 2609 et
1199 2553 1430 2624 justitia:
1491 2555 1579 2610 lux
1616 2555 1774 2611 nobis
1809 2570 1917 2610 non
1949 2556 2075 2610 illu-

504 2647 604 2713 xit,
641 2656 695 2702 et
719 2646 797 2701 sol
831 2645 987 2701 nobis
1021 2661 1130 2700 non
1156 2657 1239 2700 est
1268 2652 1528 2711 exortus;
1561 2645 1690 2715 quid
1727 2644 1930 2714 profuit
1963 2659 2077 2700 no-

509 2738 594 2793 bis
626 2737 922 2806 superbia?
947 2737 1074 2807 quid
1109 2737 1389 2805 opulentia
1419 2749 1542 2790 cum
1579 2736 1884 2800 arrogantia
1921 2737 2076 2794 nobis

506 2828 776 2882 contulit?
801 2827 1067 2898 praeterita
1105 2835 1233 2882 sunt
1262 2826 1353 2880 illa
1385 2828 1594 2894 omnia,
1656 2827 1812 2896 quasi
1866 2827 2074 2894 umbra,

506 2931 559 2974 et
593 2919 750 2988 quasi
794 2919 932 2973 fama
960 2919 1368 2988 praetervolans.

574 3013 602 3066 I
644 3013 779 3067 Tim.
821 3029 900 3072 ιιι.
929 3013 1249 3082 Quicunque
1283 3012 1472 3067 volunt
1519 3010 1606 3080 pie
1630 3011 1811 3065 vivere
1833 3025 1894 3064 ex
1925 3010 2079 3064 Chri-

506 3104 726 3160 sliJesu
761 3106 1028 3171 instituto,
1066 3105 1100 3158 ii
1163 3103 1630 3174 persecutionibus
1689 3103 1842 3172 181
1905 3106 2076 3171 agita-

507 3202 748 3254 huutur:
779 3199 1011 3268 improbi
1063 3207 1244 3253 autem
1302 3196 1552 3250 homines
1575 3204 1625 3250 et
1653 3195 2076 3264 prestigiatores

507 3291 572 3345 ad
604 3291 784 3359 pejora
813 3291 1094 3360 proﬁcient
1121 3289 1442 3344 seducentes
1472 3295 1526 3342 et
1549 3287 1857 3341 seducendi.

577 3377 635 3433 S.
666 3379 879 3432 Basilii.
946 3377 1334 3448 Saepenumero
1381 3375 1719 3430 bonictiam
1773 3376 1825 3429 in
1885 3391 2078 3431 manus

509 3472 798 3540 impiorum
828 3470 1142 3531 traduntur,
1168 3485 1276 3522 non
1309 3477 1368 3522 ut
1395 3469 1470 3522 illi
1507 3468 1717 3524 honore
1752 3468 2079 3533 afﬁciantur,

508 3564 602 3617 scd
630 3572 688 3617 ut
728 3561 778 3616 bi
807 3569 1120 3630 contemptu
1156 3560 1472 3631 probentur.

582 3676 845 3747 Theologi.
883 3675 1158 3745 Siquidem
1195 3691 1300 3742 me,
1323 3676 1501 3730 malus
1529 3691 1652 3730 cum
1677 3675 2082 3743 sim,optimum

509 3770 813 3835 existimas,
839 3769 970 3838 quid
1000 3768 1134 3822 mihi
1162 3766 1466 3822 faciendum
1498 3769 1622 3822 est?
1649 3767 1732 3821 An
1783 3766 2084 3835 improbior

509 3875 626 3921 ero,
664 3870 724 3914 ut
779 3861 954 3928 magis
999 3859 1243 3928 placeam
1281 3857 1418 3912 tibi?
1445 3857 1797 3926 Nequaquam
1840 3871 1966 3910 vero
2008 3855 2086 3911 sic

512 3953 640 4005 mihi
674 3951 972 4005 consulam.
999 3950 1199 4004 Eodem
1227 3949 1384 4002 modo
1418 3963 1519 4002 nec
1550 3948 1618 4012 si,
1648 3963 1768 4002 cum
1799 3955 1942 4001 recte
1964 3945 2088 4000 l'un-

510 4059 606 4112 gar
626 4043 802 4098 ollicio
829 4055 969 4108 meo,
1000 4041 1107 4096 labi
1139 4049 1194 4096 et
1240 4053 1423 4096 errare
1477 4054 1564 4095 me
1608 4039 1810 4103 credis,
1863 4047 2070 4094 rectum

514 4133 749 4188 ollicinm
778 4140 997 4202 propter
1021 4138 1075 4186 te
1097 4131 1344 4186 deseram
1388 4148 1402 4183 :
1469 4131 1589 4184 vivo
1615 4131 1759 4184 cnim
1815 4146 1922 4185 non
1989 4128 2085 4183 tibi

512 4227 684 4294 magis
709 4239 870 4294 quam
899 4224 1030 4278 mihi
1064 4223 1189 4292 ipsi.

580 4336 945 4406 Fabricantur
1010 4336 1254 4392 scelerati
1309 4352 1469 4406 supra
1524 4336 1745 4390 dorsum
1819 4345 2085 4403 nostrum,

511 4428 752 4499 factique
777 4443 964 4484 sumus
1004 4442 1295 4484 commune
1331 4427 1603 4483 theatrum
1662 4436 1714 4481 et
1774 4428 1980 4498 angelis
2032 4434 2087 4481 et

517 4520 846 4577 hominibus.

590 4632 647 4687 S.
678 4629 947 4702 Chrysost.
978 4631 1120 4685 Ficri
1153 4647 1258 4686 non
1295 4639 1473 4699 potest
1509 4632 1684 4701 utqui
1713 4631 1895 4684 virtuti
1935 4630 2085 4685 dedi-

521 4727 557 4780 ti
583 4735 732 4789 sunt,
758 4726 899 4795 apud
930 4741 1121 4781 omnes
1153 4725 1376 4780 audiant
1411 4726 1568 4779 bene.

585 4836 644 4892 S.
665 4837 968 4893 Athanasii.
1018 4835 1333 4890 Traduntur
1357 4851 1500 4906 saepe
1538 4837 1700 4891 etiam
1727 4836 1862 4905 justi
1895 4835 1947 4889 in
1967 4849 2084 4891 scc-

515 4929 824 4984 lerosorum
876 4944 1094 4992 manus,
1123 4943 1230 4982 non
1276 4937 1332 4982 ut
1356 4929 1440 4983 isti
1482 4929 1836 4992 bonorentur,
1873 4928 1966 4983 sed
2025 4938 2087 4982 ut

515 5020 590 5072 illi
649 5020 948 5090 probentur
1006 5036 1020 5072 :
1067 5019 1385 5073 deridentur
1436 5019 1487 5072 in
1547 5034 1784 5087 praesens
1838 5019 2083 5087 quandiu

517 5111 716 5164 Christi
752 5110 967 5165 bonitas
997 5110 1285 5181 permittit,
1321 5111 1668 5165 occultantur
1690 5111 2082 5178 aliquantisper

410 5175 488 5192 ea“

519 5217 708 5271 magna
727 5212 778 5256 et
796 5211 1001 5257 secreta
1026 5202 1318 5270 penetralia
1345 5217 1532 5256 carum
1564 5216 1744 5256 rerum
1762 5217 1881 5271 quae
1910 5204 2078 5256 utris-

520 5306 622 5360 que
654 5301 778 5348 sunt
815 5303 1102 5349 reservata
1127 5296 1179 5347 in
1215 5294 1344 5346 illul
1387 5301 1622 5362 tempus,
1651 5309 1774 5347 cum
1799 5303 1851 5348 et
1882 5295 2082 5355 oratio,

519 5393 569 5439 et
605 5385 766 5448 actio,
787 5393 838 5436 et
865 5384 1120 5453 cogitatio
1136 5392 1305 5452 aequis
1334 5385 1581 5439 lancibus
1619 5385 1938 5453 pendentur,
1957 5400 2081 5439 cum

520 5485 703 5544 surget
741 5476 805 5527 ad
834 5475 1187 5544 judicandnm
1222 5479 1526 5530 universam
1565 5487 1788 5541 terram,
1817 5477 2072 5539 consilia,

527 5569 829 5621 vniunlales
859 5579 909 5620 ct
940 5583 1103 5636 opera
1129 5569 1241 5637 ipsa
1302 5576 1728 5637 congregaturus
1759 5578 1812 5622 et
1845 5568 2082 5638 aperitu-

520 5677 611 5713 rus
641 5677 757 5726 qua:
791 5660 928 5730 apud
964 5663 1083 5728 ipsu
1111 5679 1136 5713 η
1200 5663 1518 5731 consignata
1555 5673 1606 5715 ct
1653 5662 1836 5716 clausa
1865 5675 2086 5714 serran-

520 5766 626 5805 ‘Ul‘.

2179 1922 2473 1994 σωτηρίας.
2515 1920 2732 1990 Ἐροῦσι
2753 1919 2861 1990 γὰρ
2886 1919 2942 1973 ὲν
2967 1919 3177 1981 ἑαυτοῖς
3204 1915 3611 1988 μετανοοῦντες·
3641 1907 3734 1971 Οὖ-

2175 2017 2267 2080 τός
2300 2017 2446 2069 ἐστιν
2476 2015 2536 2068 ὃν
2559 2030 2690 2068 ποτε
2715 2014 2948 2083 ἔσχομεν
2977 2013 3059 2076 είς
3094 2011 3310 2080 γέλωτα
3339 2012 3438 2064 καὶ
3471 2012 3549 2074 είς
3570 2025 3734 2080 παρα·

2178 2105 2339 2178 ϐολὴν
2361 2103 2670 2174 όνειδισμοῦ
2698 2105 2746 2157 οί
2773 2105 3006 2174 ἄφρονες
3029 2120 3044 2134 ·
3093 2102 3183 2156 τὸν
3217 2101 3334 2171 βίον
3367 2099 3534 2155 αὐτοῦ
3575 2099 3733 2164 non.

2181 2197 2398 2267 σάμεθα
2425 2194 2645 2266 μανίαν,
2676 2194 2774 2248 καὶ
2795 2193 2894 2264 τὴν
2913 2193 3171 2263 τελευτὴν
3195 2191 3366 2245 αὐτοῦ
3386 2191 3596 2260 ἄτιμον·
3629 2187 3734 2250 πῶς

2180 2287 2546 2356 κατελογίσθη
2578 2287 2635 2339 ὲν
2662 2287 2800 2348 υἱοῖς
2831 2284 2988 2350 Θεοῦ,
3017 2284 3112 2338 καὶ
3160 2282 3219 2335 ὲν
3271 2282 3454 2350 ἁγίοις
3503 2281 3529 2334 ό
3555 2279 3734 2348 κλῆρος

2177 2378 2341 2433 αὑτοῦ
2376 2379 2558 2444 ἐστιν;
2587 2376 2732 2447 Ἀρα
2781 2372 3166 2444 ὲπλανήθημεν
3213 2371 3326 2426 ἀπὸ
3379 2370 3518 2436 ὁδοῦ,
3551 2370 3641 2423 καὶ
3683 2369 3735 2418 τδ

2177 2470 2276 2540 τῆς
2301 2466 2658 2536 δικαιοσύνης
2687 2466 2805 2534 φῶς
2857 2464 2958 2517 οὐκ
3024 2461 3347 2532 ἐπέλαμψεν
3405 2460 3663 2532 ἡμῖν,κώ
3707 2459 3732 2508 ὁ

2177 2561 2326 2630 ἥλιος
2373 2560 2474 2612 οὐκ
2524 2557 2804 2611 ἀνέτειλεν
2861 2558 3014 2627 ἡμῖν.
3055 2555 3121 2610 Τί
3177 2554 3467 2624 ὠφέλησεν
3521 2553 3658 2622 ἡμᾶς
3703 2550 3733 2618 ἡ

2180 2650 2565 2720 ύπερτιφανία;
2603 2649 2694 2702 καὶ
2719 2649 2770 2701 τί
2791 2650 2820 2701 ό
2844 2645 3071 2709 πλοῦτος
3108 2645 3244 2715 μετὰ
3273 2645 3592 2710 ἀλαζονείας
3611 2659 3734 2709 συμ-

2183 2744 2445 2812 ϐέϐληται
2484 2742 2616 2811 ἡμῖν
2639 2756 2655 2807 ;
2709 2739 2998 2808 Παρῆ).θεν
3029 2739 3214 2792 ἐκεῖνα
3260 2737 3444 2793 πάντα
3474 2735 3547 2801 ὡς
3599 2734 3733 2797 σκιὰ,

2180 2836 2275 2890 καὶ
2295 2835 2371 2899 ὡς
2401 2832 2633 2903 ἀγγελία
2674 2832 3114 2903 παρατρέχουσα.

2253 3014 2459 3075 Πάντες
2483 3011 2532 3064 oi
2565 3008 2810 3072 θέλοντες
2861 3005 3102 3068 εὐσεϐῶς
3133 3004 3235 3077 ζῇν
3273 3005 3336 3057 ὲν
3394 2999 3604 3074 Χριστῷ
3641 3001 3733 3068 Ἰηο

2183 3103 2277 3158 σοῦ
2308 3103 2727 3174 διωχθήσονταιο
2763 3100 2990 3170 πονηροὶ
3017 3097 3077 3150 δὲ
3110 3097 3393 3166 ἄνθρωποι
3423 3097 3514 3149 καὶ
3561 3093 3732 3162 γόητες

2180 3197 2546 3267 προκόψουσιν
2573 3195 2667 3248 ἐπὶ
2699 3192 2761 3246 τὸ
2781 3193 2981 3263 χεῖρον,
3023 3188 3338 3253 πλανῶντες
3384 3188 3478 3241 καὶ
3543 3181 3730 3240 πλανώο

2183 3308 2357 3361 μενοι.
3405 3319 3408 3322 ~

2252 3380 2638 3450 Παραδίδονται
2674 3378 2934 3440 πολλάκις
2960 3378 3054 3430 καὶ
3079 3376 3282 3430 δίκαιοι
3307 3377 3389 3439 είς
3418 3373 3594 3445 χεῖρας
3618 3370 3728 3446 ἀσε-

2184 3473 2318 3536 ϐῶν,
2357 3472 2455 3541 οὐχ
2483 3472 2572 3524 ἴνα
2597 3472 2798 3524 ἐκεῖνοι
2819 3466 3146 3539 τιμηθῶσιν,
3176 3466 3296 3521 ἀλλ’
3325 3467 3413 3521 ἵνα
3443 3457 3579 3519 οὗτοι
3601 3461 3729 3514 δοκι-

2187 3563 2435 3634 μασθῶσι
2464 3563 2552 3616 διὰ
2584 3563 2684 3630 τῆς
2727 3559 3159 3631 περιφροσύνης.

2256 3679 2320 3733 Εἰ
2344 3678 2398 3731 δέ
2431 3695 2496 3747 με
2529 3678 2657 3731 ὄντα
2701 3675 2866 3730 κακὸν
2912 3673 3136 3742 ἄριστον
3166 3671 3564 3741 ὑπελάμϐανες,
3594 3664 3643 3718 τί
3671 3677 3729 3731 με

2185 3772 2362 3822 ποιεῖν
2391 3770 2559 3840 ἐχρῆν
2585 3783 2602 3836 ;
2634 3761 2774 3821 εἶναι
2802 3765 3002 3836 μᾶλλον
3022 3765 3216 3826 κακὸν,
3242 3764 3334 3818 ἵνα
3358 3763 3514 3816 πλέον
3535 3757 3728 3826 ἀρέσκω

2189 3881 2309 3930 cm;
2343 3863 2457 3915 Οὐκ
2507 3861 2573 3915 ἂν
2615 3860 2776 3912 τοῦτο
2821 3857 3042 3928 ἐμαυτῷ
3099 3855 3513 3909 συνεϐούλευσα.
3568 3847 3729 3904 Οῦτως

2187 3955 2305 4008 οὐδὲ
2340 3955 2388 4007 εί
2433 3949 2804 4021 κατορθοῦντά
2853 3967 2921 4019 με
2973 3947 3190 4002 πταίειν
3241 3945 3651 4014 ὑπολαμϐάνεις.
3678 3934 3728 3986 τδ

2189 4043 2488 4113 κατορθοῦν
2520 4042 2606 4095 διὰ
2638 4041 2697 4094 σε
2730 4040 3131 4110 μεταϐήσομαι.
3169 4038 3256 4090 Ζῶ
3284 4037 3393 4108 γὰρ
3417 4035 3473 4089 ού
3507 4033 3584 4086 σοὶ
3615 4025 3729 4098 μᾶλ-

2188 4137 2280 4190 λον
2314 4135 2347 4206 ἦ
2376 4132 2615 4204 ἐμαυτῷ.

2263 4339 2651 4395 Τεκταίνουσιν
2683 4336 2774 4389 ἐπὶ
2801 4333 2892 4389 τὸν
2924 4333 3094 4385 νῶτον
3123 4330 3280 4400 ἡμῶν
3313 4331 3361 4383 oi
3417 4317 3723 4395 ἁμαρτωλοὶ.

2193 4437 2284 4490 καὶ
2338 4432 2644 4502 γεγόναμεν
2702 4428 2931 4482 Θέατοον
2987 4423 3162 4478 κοινὸν
3209 4420 3305 4476 καὶ
3365 4417 3602 4488 ἀγγέλοις
3647 4408 3725 4464 καὶ

2190 4525 2497 4597 ἀνθρώποις
2514 4563 2527 4578 .

2266 4641 2340 4693 Οὐ
2373 4634 2594 4691 δυνατὸν
2622 4632 2746 4695 τοὺς
2797 4631 2854 4683 ὲν
2901 4629 3067 4699 ἀρετῇ
3121 4625 3281 4690 ὄντας
3344 4621 3491 4694 παρὰ
3538 4617 3724 4671 πάντων

2195 4736 2414 4789 ἀκούειν
2448 4728 2644 4791 καλῶς.

2267 4842 2659 4912 Παραδίδονται
2720 4833 2982 4896 πολλάκις
3037 4829 3133 4885 καὶ
3193 4828 3392 4883 δίκαιοι
3446 4827 3520 4886 εἰς
3564 4819 3722 4912 xeipr

2195 4899 2561 5004 ἁμαρτωλῶν,
2591 4929 2690 4998 οὐχ
2709 4927 2795 4980 ἴνα
2827 4919 3376 4992 ὲκεῖνοι⁹τιμηθῶσιν.
3397 4915 3508 4969 ἀλλ’
3536 4912 3615 5004 ἵνα
3643 4899 3718 5004 οῦ-

2195 4997 2276 5080 τοι
2300 4997 2721 5091 δοκιμασθῶσιν.
2752 5013 3177 5083 Καταγελῶνται
3219 5012 3352 5080 πρὸς
3373 5009 3431 5062 τὸ
3458 5003 3639 5091 παρὸν.

2197 5117 2314 5170 ἔστι
2338 5112 2404 5185 Π.
2424 5081 2534 5181 ιέτι]
2565 5111 2594 5179 ἡ
2624 5107 2716 5162 τοῦ
2746 5103 2882 5158 Θεοῦ
2911 5081 3213 5174 χρηστότης
3233 5098 3542 5170 κρύπτεται,
3567 5088 3649 5185 διαὶ
3665 5081 3721 5133 τά

2201 5181 2413 5278 μεγάλα
2443 5203 2641 5271 ταμεῖα
2665 5199 2772 5252 τῶν
2801 5196 3027 5263 ὕστερον
3047 5192 3422 5260 ἀποκειμένων
3449 5181 3722 5278 Euripo?

2197 5265 2361 5368 ηνίκα
2389 5294 2482 5347 καὶ
2514 5265 2668 5357 λόγος
2701 5289 2796 5340 καὶ
2846 5281 3048 5354 πρᾶξις
3077 5283 3173 5336 καὶ
3221 5279 3485 5347 διανόημα
3533 5272 3632 5368 τοῖς
3657 5265 3720 5366 δξ·

2197 5363 2374 5450 italo-4;
2426 5381 2684 5451 σταθμοῖς
2731 5375 3142 5438 ταλαντεύεται,
3198 5373 3326 5424 ὅταν
3372 5363 3563 5428 ἀναστῇ
3618 5363 3720 5451 XM:

2317 5439 2414 5548 rip;
2451 5439 2576 5544 γῆν,
2605 5439 2703 5540 τὴν
2741 5467 2935 5539 βουλὴν
2963 5463 3160 5518 καὶ-τά
3201 5462 3334 5534 ἔργα
3365 5457 3614 5548 συνάγων,
3644 5439 3721 5548 ξῗῖ

2197 5532 2421 5640 γυμνῶν
2463 5532 2572 5620 ’τά
2603 5532 3018 5634 ἐσφραγισμένα
3069 5555 3200 5611 παρ’
3236 5532 3390 5624 αὐτῷ
3445 5545 3532 5602 καὶ
3579 5532 3722 5597 σωζό·

2200 5681 2360 5734 μενα.

2359 5813 2390 5831 μ
