4056 6414
348 388 484 456 1101

943 497 1164 552 ΛΟΓΟΣ
1203 496 1329 552 ΛΘ⁹.

349 610 488 680 Περὶ
517 607 983 680 μισοπονηρίας,
1016 607 1270 733 καὶέῖῶν
1313 609 1387 664 τὰ
1413 612 1608 666 ἄτοπα
1637 613 1929 680 ἀποστρε-

987 697 1108 733 mou
1181 696 1286 733 ων.

985 696 1286 748 φομενων.

431 771 679 840 Ἐγένετο
708 771 764 825 δέ
789 772 846 824 έν
870 773 990 834 ταῖς
1012 773 1253 844 ἡμέραις
1284 775 1403 837 ταῖς
1427 772 1649 836 πολλαῖς
1673 774 1927 842 ἐκείναις,

351 865 523 936 μέγας
549 865 840 935 γενόμενος
869 864 1076 933 Μωσῆς
1130 864 1320 935 ἐξῆλθε
1347 868 1483 934 πρὸς
1514 869 1642 931 τοὺς
1667 868 1930 938 ἀδελφοὺς

349 959 517 1014 αὐτοῦ
548 958 674 1021 τοὺς
705 959 856 1021 υἱοὺς
894 956 1131 1026 Ἰσραήλ.
1165 959 1524 1030 Κατανοήσας
1554 960 1609 1012 δέ
1640 960 1732 1012 τὸν
1764 962 1926 1014 πόνον

349 1051 536 1114 αὑτοῦ,
597 1051 698 1122 ὁρᾷ
765 1050 1054 1121 ἄνθρωπον
1111 1050 1409 1118 Αίγύπτιον
1472 1051 1746 1106 τύπτοντά
1807 1071 1931 1106 τινα

358 1145 614 1215 Ἐϐραῖον
664 1142 774 1196 τῶν
806 1142 999 1194 ἑαυτοῦ
1055 1141 1300 1209 ἀδελφῶν
1343 1144 1450 1194 τῶν
1498 1143 1628 1195 υἱῶν
1672 1144 1927 1214 Ἰσραήλ·

351 1235 821 1305 περιϐλεψάμενος
843 1233 900 1286 δέ
929 1227 1027 1286 ὧδε
1055 1235 1150 1286 καὶ
1177 1226 1300 1296 ὧδε,
1335 1233 1431 1303 οὐχ
1453 1232 1553 1302 ὁρᾷ
1583 1233 1791 1286 οὐδένα.
1818 1235 1931 1288 Καὶ

354 1329 602 1397 πατάξας
645 1329 734 1382 τὸν
783 1330 1103 1396 Αίγύπτιον,
1147 1328 1385 1400 ἔκρυψεν
1425 1328 1592 1382 αὑτὸν
1627 1331 1683 1383 ἐν
1713 1332 1779 1399 τῇ
1828 1330 1934 1397 ἄμ-

355 1444 464 1496 μῳ.
499 1423 763 1489 Ἐξελοὼν
802 1423 858 1476 δέ
896 1425 960 1492 τῇ
998 1422 1182 1492 ἡμέρα
1210 1424 1273 1492 τῇ
1301 1421 1550 1492 δευτέρᾳ,
1585 1423 1686 1492 ὁρᾷ
1723 1422 1816 1475 δύο
1838 1423 1932 1476 άν-

351 1519 484 1586 δρας
540 1515 826 1585 Ἐϐραίους
873 1514 1456 1582 διαπληκτιζομένους.
1513 1514 1608 1566 καὶ
1657 1513 1809 1580 λέγει
1851 1517 1932 1584 τῷ

353 1605 628 1660 ἀδικοῦντι
649 1623 662 1637 ο
691 1605 847 1659 Διατί
875 1604 1099 1668 τύπτεις
1129 1605 1220 1658 τὸν
1251 1605 1515 1672 πλησίον;
1563 1603 1623 1657 Ὀ
1651 1605 1704 1658 δὲ
1738 1600 1889 1658 εἶπεν
1914 1623 1930 1640 ο

352 1700 450 1761 Τίς
480 1715 539 1750 σε
565 1697 900 1765 κατέστησεν
929 1697 1166 1766 ἄρχοντα
1218 1696 1314 1748 καὶ
1342 1695 1601 1766 δικαστὴν
1635 1694 1720 1764 ἐφ’
1747 1696 1929 1765 ἡμᾶςς

350 1791 384 1857 ἢ
417 1792 626 1844 ἀνελεῖν
659 1808 724 1862 με
747 1789 943 1855 θέλεις,
969 1788 1028 1846 ὃν
1073 1789 1279 1857 τρόπον
1315 1789 1526 1851 ἀνεῖλες
1558 1788 1685 1859 χθὲς
1716 1788 1808 1841 τὸν
1837 1789 1934 1841 Αί-

353 1875 618 1944 γύπτιον;

438 1972 710 2040 Ἐμίσησα
772 1971 1071 2042 ἐκκλησίαν
1130 1973 1611 2042 πονηρευομένων,
1663 1969 1759 2024 καὶ
1792 1969 1931 2042 μετά

352 2064 564 2116 ἀσεϐῶν
592 2064 652 2116 οὐ
689 2063 762 2133 μὴ
793 2064 1026 2118 καθίσω.

423 2157 485 2210 Ol
510 2157 830 2223 ἀγαπῶντες
859 2156 952 2210 τὸν
984 2155 1208 2224 Κύριον,
1244 2157 1453 2226 μισεῖτε
1491 2157 1727 2228 πονηρά.

425 2338 501 2392 Οὐ
536 2335 904 2408 προετιθέμην
950 2336 1058 2406 πρδ
1089 2334 1388 2406 ὀφθαλμῶν
1425 2351 1528 2404 μου
1558 2335 1792 2406 πρᾶγμα
1830 2351 1937 2390 πα·-

354 2433 613 2502 ράνομον,
652 2430 940 2494 ποιοῦντας
971 2430 1314 2501 παραϐάσεις
1340 2429 1602 2500 ἐμίσησα.

440 2615 679 2669 Ἀδικίαν
713 2613 952 2685 ἐμίσησα
981 2613 1077 2666 καὶ
1121 2610 1498 2684 ἐϐδελυξάμην
1523 2625 1539 2645 ο
1569 2609 1661 2665 τὸν
1689 2610 1746 2665 δέ
1769 2611 1933 2684 νόμον

353 2725 450 2762 σου
489 2707 772 2776 ἠγάπησα.

426 2801 592 2865 Φόϐος
625 2801 828 2872 Κυρίου
874 2805 1024 2873 μισεῖ
1043 2802 1281 2868 ἀδικίαν,
1312 2800 1476 2874 ὕϐριν
1515 2819 1575 2856 τε
1608 2800 1703 2856 καὶ
1725 2799 1934 2872 ὑπερησ-

350 2895 548 2962 φανίαν
580 2894 672 2948 καὶ
706 2895 858 2959 ὁδοὺς
883 2898 1158 2967 πονηρῶν.

423 2988 722 3057 Μεμίσηκα
739 2988 1182 3059 διεστραμμένας
1210 2989 1362 3052 ὀδοὺς
1397 2987 1606 3044 κακῶν.

436 3080 496 3134 '0
529 3082 703 3151 μισῶν
726 3082 943 3136 ἀδικίαν
974 3082 1185 3151 μακρὸν
1220 3080 1478 3152 βιώσεται
1509 3082 1722 3154 χρόνον.

425 3175 829 3245 Περικάθαρμα
857 3174 1051 3244 δικαίῳ
1083 3175 1305 3243 ἄνομος.

424 3267 542 3320 Οὐκ
569 3268 760 3336 ἀρέσει
787 3267 980 3336 δικαίῳ
1012 3268 1164 3321 οὐδὲν
1187 3267 1408 3338 ἄνομον.

423 3357 595 3425 Λόγον
629 3357 813 3410 ἄδικον
849 3359 998 3424 μισεῖ
1024 3358 1256 3420 δίκαιος.

427 3449 643 3511 Δίκαιος
675 3449 733 3501 οὐ
757 3451 1015 3519 προσέχει
1040 3450 1242 3520 χείλεσι
1273 3450 1547 3520 ψευδέσιν.

421 3559 663 3614 «Εύδοκία
714 3559 920 3630 Κυρίου
975 3561 1280 3631 ἀποστῆναι
1325 3563 1435 3617 ἀπὸ
1479 3564 1770 3637 πονηρίας,
1835 3565 1932 3622 καὶ

349 3651 644 3720 ἐξιλασμὸς
679 3652 982 3721 ἀποστῆναι
1009 3653 1116 3706 ἀπὸ
1145 3653 1381 3718 ἀδικίας.

424 3765 627 3830 Δεῖξον,
671 3765 946 3834 ἄνθρωπε,
987 3766 1048 3819 τὸ
1082 3767 1472 3837 μισοπόνηρον,
1515 3770 1933 3839 ἀποστρεφόμε-

351 3875 442 3920 νος
468 3858 566 3928 μὲν
594 3857 692 3920 τὰς
737 3856 1034 3927 ἁμαρτίας,
1082 3857 1402 3927 ὑπερτιμῶν
1447 3859 1502 3912 δέ
1548 3860 1652 3923 τὰς
1706 3861 1930 3930 ἀρετάς.

365 3951 495 4004 Ἐὰν
531 3949 640 4019 γὰρ
693 3947 777 4018 ἐφ’
809 3949 1050 4018 ἑκάστης
1082 3949 1338 4020 πράξεως
1384 3953 1543 4022 νικᾷν
1576 3952 1813 4021 ποιήσῃς
1864 3953 1936 4008 τὰ

354 4043 620 4112 βελτίονα.
691 4043 962 4113 μακάριος
993 4040 1092 4114 ἔσῃ
1155 4041 1214 4092 ἐν
1270 4043 1338 4112 τῇ
1389 4043 1576 4113 ἡμέρᾳ
1607 4041 1811 4116 ἐκείνῃ,
1843 4043 1931 4097 ὅτε

352 4138 532 4205 κρινεῖ
553 4137 581 4189 ό
603 4135 738 4199 Θεὸς
766 4136 833 4188 τὰ
862 4135 1087 4206 κρυπτὰ
1118 4138 1228 4187 τῶν
1257 4136 1354 4188 ἀνθ
1367 4133 1583 4200 ρώπων.

420 4252 485 4303 Τί
515 4250 606 4303 τὸν
631 4251 822 4313 Φινεὲς
857 4250 1212 4317 ἐδικαίωσεν;
1254 4250 1378 4318 οὐχὶ
1407 4249 1593 4303 δικαία
1647 4251 1744 4303 καὶ
1783 4267 1938 4320 μισο-

353 4341 591 4411 πόνηρος
621 4341 755 4410 ὀργὴ
796 4341 937 4394 κατὰ
966 4341 1074 4393 τῶν
1104 4340 1516 4410 πορνευσάντων
1538 4357 1552 4407 ;
1573 4341 1631 4403 ὃς
1665 4341 1733 4394 τὰ
1767 4341 1934 4395 πολλὰ

352 4433 604 4502 ἐπιεικὴς
635 4433 710 4486 ὢν
742 4432 833 4485 καὶ
858 4433 1050 4502 πρᾶος,
1089 4432 1276 4502 ἐπειδὴ
1303 4428 1408 4484 εἶδε
1443 4432 1540 4502 τὴν
1563 4433 1818 4503 πορνείαν
1841 4432 1934 4486 τοῦ

353 4525 573 4594 Ζαμόρὶ
605 4524 812 4593 καὶτῆς
834 4523 1231 4593 Μαδιανήτιδος
1264 4523 1565 4592 ἀναφανδὸν
1588 4523 1684 4575 καὶ
1711 4523 1931 4594 ἀπηρυ-
1967 4553 2013 4611 D

354 4617 696 4684 θριασμένως
747 4615 1097 4683 γιγνομένην,
1161 4613 1283 4669 οὐδὲ
1323 4613 1810 4681 συγκαλυπτόντων
1836 4613 1934 4666 αὐ-

351 4707 460 4757 τῶν
490 4704 591 4775 τὴν
613 4706 893 4775 αἰσχύνην,
927 4707 1028 4774 τὴν
1062 4705 1348 4774 ἀσχήμονα
1370 4703 1499 4757 Θέαν
1525 4704 1627 4756 οὐκ
1665 4703 1932 4774 ἀνεχόμεο

278 4791 281 4794 ’
351 4813 461 4859 νος,
501 4799 580 4859 είς
612 4797 729 4851 δέον
758 4798 1032 4868 ἐχρήσατο
1065 4797 1143 4866 τῷ
1187 4796 1368 4866 Θυμῷ,
1402 4795 1472 4849 δι’
1503 4797 1705 4865 ἀμφοῖν
1732 4795 1934 4857 ἐλάσας

351 4886 442 4938 τὸν
476 4887 862 4956 σειρομάστην.
888 4885 1142 4957 Σαμουὴλ
1175 4886 1232 4938 δὲ
1259 4886 1350 4939 τὸν
1389 4885 1561 4953 Ἀγάγ
1587 4884 1811 4954 βασιλέα
1836 4882 1931 4936 τοῦ

365 4974 611 5045 Ἀμαλὴκ
642 4974 745 5028 ὑπὸ
775 4976 990 5039 δικαίας
1021 4975 1192 5047 ὀργῆς
1226 4976 1305 5037 είς
1333 4975 1496 5045 μέσον
1520 4971 1743 5042 ἀγαγὼν
1770 4989 1934 5026 κατε-

352 5064 636 5134 φόνευσεν.
671 5064 828 5119 Οὕτω
855 5067 1064 5130 γίνεται
1125 5067 1385 5128 πολλάκις
1420 5067 1446 5118 ὁ
1493 5064 1664 5135 ϐυμὸς
1710 5065 1933 5132 ἀγαθῶν

352 5157 448 5210 καὶ
477 5157 700 5210 δικαίων
740 5158 994 5228 πράξεων
1028 5159 1328 5230 ὑπηρέτης.
1381 5159 1568 5222 Ἠλίας
1594 5157 1651 5212 δὲ
1682 5159 1711 5210 δ
1757 5156 1932 5228 ζηλω-

351 5249 447 5318 τὴς
476 5250 860 5319 τετρακοσίους
891 5251 986 5304 καὶ
1035 5251 1376 5319 πεντήκοντα
1405 5251 1603 5320 ἄνδρας
1638 5251 1803 5316 ίερεῖς
1823 5248 1931 5303 τῶν

351 5341 550 5408 ἀλσῶν,
605 5343 888 5406 ἐσθίοντας
941 5343 1040 5413 τὴν
1082 5343 1359 5412 τράπεζαν
1415 5341 1671 5407 Ἰεζάϐελ,
1718 5341 1813 5394 καὶ
1840 5357 1931 5392 τε·

351 5434 672 5503 τρακοσίους
706 5435 907 5504 ἄνδρας
952 5435 1116 5505 ἱερεῖς
1146 5435 1242 5502 τῆς
1278 5435 1558 5504 αἰσχύνης,
1607 5433 1926 5501 λελογισμέ-

351 5542 427 5593 νῳ
451 5521 607 5596 Ουμῷ
637 5530 730 5578 καὶ
765 5526 1024 5597 σώφρονι,
1060 5528 1140 5590 είς
1171 5525 1364 5594 ὄφελος
1391 5525 1553 5576 παντὶ
1597 5521 1673 5590 τῷ
1707 5521 1928 5594 Ἰσραὴλ

351 5617 716 5675 ἐθανάτωσεν.

435 5731 608 5804 Ὠμῆς
640 5733 764 5806 δίχα
786 5735 963 5809 ψυχῆς
996 5735 1057 5789 οὐ
1086 5733 1406 5805 καθαίρεται
1433 5733 1623 5788 κακία.

1111 387 1282 448 Ι.Ο(Ἶ
1324 388 1764 454 COMMUNES.
1799 416 1863 427 —
1893 391 2091 454 PARS
2124 393 2204 455 II.
2250 396 2509 458 SERMO
2550 399 2818 466 ΧΧΧῐΧ.

1965 503 2013 560 Δ

2431 507 2674 564 SERMO
2713 507 2935 563 XXXIX
2975 507 3075 591 [at
3113 507 3245 581 vo].

2042 619 2119 676 De
2149 623 2505 692 improbitatis
2535 627 2682 690 odio,
2710 643 2772 679 ac
2803 627 2866 679 de
2888 627 2953 679 iis
2981 626 3070 693 qui
3099 640 3216 695 qua'
3245 624 3476 678 absurda
3505 635 3629 678 sunt

2699 695 2986 750 declinant.

2115 785 2290 842 Exod.
2319 805 2380 843 ιι.
2419 790 2632 844 Accidit
2665 799 2849 844 autem
2885 790 3049 860 longo
3097 795 3225 858 post
3262 794 3527 856 tempore,
3566 800 3627 842 ut

2040 874 2216 932 Moses
2240 879 2349 946 jam
2383 882 2604 947 grandis
2632 882 2873 936 inviserit
2906 881 3105 936 fratres
3143 895 3270 935 suos
3299 879 3437 934 filios
3456 877 3630 934 Israe-

2037 968 2104 1024 lis
2133 987 2148 1022 :
2182 986 2416 1040 cumque
2463 974 2936 1029 animadvertisso‘t
2990 988 3180 1029 eorum
3243 973 3525 1028 molestias
3559 986 3624 1027 ac

2037 1059 2296 1126 labores,
2364 1063 2510 1118 videt
2565 1064 2633 1119 ab
2687 1065 2904 1120 homine
2967 1063 3220 1135 Egyptio
3302 1077 3623 1134 percussum

2039 1149 2323 1206 llebrazum
2361 1153 2672 1222 quemdam,
2707 1170 2873 1208 unum
2938 1169 3004 1209 ex
3063 1155 3332 1208 fratribus
3389 1153 3622 1208 filiorum

2039 1241 2258 1298 Israelis
2293 1260 2586 1316 rcumque
2645 1247 2750 1302 huc
2805 1257 2858 1302 et
2916 1247 3048 1301 illuc
3112 1245 3623 1316 circumspexisset,

2039 1349 2141 1388 nec
2165 1351 2491 1405 quemquam
2520 1335 2768 1403 vidisset,
2795 1337 3070 1402 percussit
3095 1335 3406 1408 Egyptian)
3445 1335 3623 1397 illum.

2041 1440 2104 1480 ac
2132 1428 2424 1482 occultavit
2453 1444 2575 1483 eum
2607 1429 2660 1482 in
2699 1444 2886 1484 arena.
2941 1428 3215 1484 Postridie
3255 1437 3433 1482 autem
3498 1443 3622 1481 cum
3697 1415 3700 1418 ’

2042 1519 2361 1587 prodiisset,
2395 1520 2527 1574 vidit
2555 1519 2814 1576 Hebraeos
2869 1519 3010 1574 duos
3067 1527 3523 1588 compugnantes,
3561 1533 3628 1572 ac

2048 1610 2302 1677 injuriam
2359 1609 2574 1664 facit-nti
2625 1610 2807 1665 dixit:
2846 1610 2955 1665 Cur
3005 1609 3268 1665 verberas
3323 1606 3626 1676 proximum

2042 1700 2232 1755 tuum?
2267 1701 2358 1755 llle
2407 1709 2612 1762 autem,
2643 1701 2774 1767 Quis
2828 1709 2902 1764 te,
2969 1701 3172 1771 inquit,
3224 1699 3521 1770 principem
3571 1707 3658 1755 et.

2038 1791 2274 1860 judicent
2313 1793 2786 1861 constituitsnpcr
2803 1793 2943 1846 nos?
2975 1809 3040 1845 an
3069 1809 3155 1846 me
3181 1791 3488 1846 interficere
3518 1790 3626 1856 vis,

1968 1858 2008 1912 θ
2037 1858 2495 1951 quemadmodum
2534 1884 2647 1937 heri
2680 1858 2998 1938 interfecisti
3027 1882 3336 1953 Egyptium
3363 1882 3387 1934 ?

2111 1974 2264 2030 Psal.
2294 1991 2419 2029 xxv.
2445 1974 2546 2028 Odi
2588 1975 2906 2030 concionem
2934 1975 3178 2045 improbe
3201 1974 3501 2043 agentium,
3526 1986 3626 2028 nec

2042 2083 2168 2124 cum
2202 2068 2385 2137 impiis
2420 2067 2700 2121 habitabo.

2112 2161 2220 2227 Qui
2247 2161 2538 2215 Dominum
2571 2160 2817 2230 diligitis,
2853 2157 3262 2229 improbitatem
3291 2154 3475 2211 odisse
3527 2153 3626 2210 de-

2035 2255 2200 2312 betis.

2105 2346 2221 2402 Non
2247 2345 2618 2416 proponebam
2644 2343 2776 2398 mihi
2813 2352 2942 2397 ante
2972 2340 3165 2398 oculos
3202 2355 3316 2396 rem
3343 2357 3465 2412 quae
3491 2356 3624 2397 con»

2035 2445 2117 2492 tra
2149 2437 2320 2508 legem
2353 2447 2518 2502 esset,
2555 2444 2995 2506 transgressores
3051 2440 3108 2488 et
3171 2433 3625 2502 praevaricatores
3673 2451 3676 2454 ’

2039 2529 2154 2585 odi.

2109 2619 2466 2690 lniquitatem
2491 2617 2607 2683 odi,
2637 2623 2692 2672 et
2733 2616 3019 2673 abominor
3068 2630 3084 2670 :
3117 2615 3293 2689 legem
3338 2613 3499 2686 182
3528 2629 3627 2669 an.

2042 2722 2149 2768 tem
2186 2719 2334 2765 tuam
2365 2709 2553 2779 diligo.

2109 2801 2270 2856 Prov.
2313 2815 2432 2855 vm.
2482 2798 2659 2854 Metus
2713 2795 2930 2851 Domini
2984 2792 3310 2865 iniustitiam
3366 2792 3500 2863 odit,
3557 2799 3618 2850 οι

2032 2890 2436 2956 contumeliam,
2469 2887 2773 2958 superbiam
2805 2893 2860 2941 et
2890 2884 3264 2956 improborum
3298 2883 3442 2942 vias.

2103 2981 2202 3038 Odi
2233 2988 2508 3036 tortuosas
2535 2990 2828 3047 pravorum
2857 2976 2998 3032 vias.

2105 3074 2207 3142 Qui
2242 3074 2362 3130 odit
2399 3071 2750 3140 iniquitatem
2794 3069 2959 3138 longe
2987 3067 3135 3124 vivet
3165 3075 3430 3138 tempore.

2105 3167 2392 3224 Piaculum
2431 3171 2518 3220 est
2543 3163 2694 3235 justo
2721 3159 2901 3221 exlex.

2105 3261 2251 3317 Nihil
2283 3259 2385 3330 legi
2424 3259 2713 3315 adversum
2741 3252 2980 3324 placebit
3007 3253 3176 3326 iusto.

2108 3349 2349 3405 Verbum
2382 3347 2630 3416 iniquum
2665 3343 2782 3399 odit
2811 3344 3016 3412 iustus.

2106 3443 2295 3499 Justus
2325 3454 2432 3494 non
2474 3436 2706 3492 attendit
2728 3435 2891 3490 labiis
2923 3434 3307 3490 mendacibus.

2109 3555 2300 3612 Sirach
2355 3567 2518 3606 xxxv.
2551 3550 2777 3605 Gratum
2808 3555 2893 3604 est
2925 3548 3158 3604 Domino
3180 3549 3248 3603 ab
3274 3548 3626 3619 inprobitate

2039 3652 2325 3714 desistere,
2361 3658 2414 3704 et
2441 3648 2688 3717 placatur
2726 3659 2852 3699 cum
2886 3643 2958 3699 ab
2985 3643 3183 3713 injuria
3211 3643 3517 3700 desistitur.

2113 3762 2174 3819 S.
2207 3761 2422 3816 Basilii.
2453 3761 2798 3822 Demonstro,
2833 3773 2866 3814 ο
2897 3758 3086 3825 homo,
3137 3765 3191 3813 te
3221 3757 3626 3828 improbitatem

2041 3855 2251 3921 odisse,
2280 3863 2504 3922 peccata
2556 3851 2834 3922 rejiciens,
2887 3865 2943 3906 et
2985 3851 3217 3904 virtutes
3266 3850 3473 3904 honore
3512 3848 3630 3904 alli—

2041 3947 2213 4002 ciens.
2247 3945 2303 4000 Si
2345 3945 2490 4000 enim
2541 3944 2594 3998 in
2647 3957 2975 4015 unaquaque
3027 3942 3243 3998 actione
3274 3941 3520 3998 olfeceris
3568 3949 3628 3997 ut

2044 4039 2270 4094 meliora
2299 4038 2540 4101 vincant,
2572 4035 2766 4091 beatus
2800 4035 2913 4091 eris
2943 4034 3037 4090 illo
3069 4033 3179 4100 die,
3211 4049 3333 4089 cum
3369 4034 3510 4090 Deus
3535 4048 3629 4090 oc-

2042 4131 2187 4185 culta
2230 4128 2510 4182 hominum
2540 4126 2824 4196 iudicabit.

2114 4242 2488 4313 Quid-justum
2515 4241 2693 4296 ell‘ecit
2725 4241 2897 4309 ipsum
2928 4237 3230 4294 Phineem?
3265 4254 3446 4294 nonne
3468 4238 3617 4309 iusta

2043 4342 2098 4389 et
2147 4334 2546 4402 improbitatem
2593 4346 2759 4386 exosa
2810 4331 2890 4384 ira
2937 4331 3199 4385 adversus
3251 4329 3630 4399 scortatores]

2044 4429 2136 4496 qui
2192 4425 2398 4494 alioqui
2461 4432 2608 4478 esset
2643 4422 2782 4477 lenis
2821 4431 2875 4475 et
2926 4420 3188 4476 clemens.
3258 4420 3363 4474 Sed
3411 4429 3630 4488 postea-

2043 4533 2208 4588 quam
2241 4513 2627 4571 animadvertit
2657 4511 3064 4581 improbitatem
3097 4511 3304 4566 Jambri
3335 4519 3388 4566 et
3419 4510 3630 4566 Modia-

2043 4611 2230 4666 nitidis
2255 4607 2603 4663 manifestam
2630 4615 2684 4661 et
2708 4604 3156 4668 inverecundam,
3183 4602 3291 4658 illis
3315 4618 3421 4659 non
3446 4611 3630 4674 tegen-

2043 4705 2192 4760 tibus
2233 4701 2625 4770 turpitudinem
2655 4743 2668 4766 ,
2703 4697 2950 4754 deforme
2987 4696 3360 4767 spectaculum
3402 4711 3512 4750 non
3547 4694 3628 4750 fe-

2042 4813 2188 4862 rens,
2226 4797 2366 4851 sicut
2411 4795 2657 4859 decebat,
2715 4791 3054 4846 iracundiam
3106 4791 3158 4844 in
3201 4789 3324 4844 illos
3353 4787 3623 4853 exercuit,

2040 4903 2105 4942 ac
2164 4897 2456 4955 utrumque
2514 4884 2671 4938 hasta
2724 4897 2823 4937 sua
2874 4882 3184 4938 transfodit.
3231 4881 3450 4935 Samuel
3496 4895 3626 4935 vero

2038 4979 2277 5048 Agagum
2307 4991 2483 5043 regem
2505 4976 3065 5041 Amalecorum,justa
3097 4981 3405 5030 commotus
3432 4972 3533 5036 ira,
3569 4972 3624 5026 in

2039 5069 2280 5122 medium
2345 5066 2640 5120 adductum
2675 5065 2900 5120 occidit.
2939 5065 3016 5119 Ita
3048 5077 3423 5133 saepenumero
3451 5063 3625 5118 bona-

2039 5176 2157 5214 rum
2190 5169 2242 5214 et
2268 5160 2534 5225 iustarum
2563 5158 2842 5213 actionum
2869 5158 3116 5211 ministra
3138 5165 3225 5211 est
3250 5157 3356 5210 ira.
3383 5155 3625 5224 Itemque

2039 5251 2223 5306 Helias
2254 5252 2344 5305 ille
2369 5251 2655 5306 aemulator
2684 5249 3121 5322 quadringentos
3150 5255 3206 5302 et
3225 5247 3622 5318 quinquaginta

2035 5343 2350 5398 sacerdotes
2382 5342 2656 5405 lucorum,
2677 5344 2744 5396 de
2769 5355 2953 5395 mensa
2983 5338 3285 5394 Hiezabelis
3310 5339 3490 5392 cibum
3521 5353 3622 5392 su-

2037 5444 2267 5499 mentes,
2304 5442 2359 5489 et
2415 5433 2845 5503 quadringentos
2897 5430 3252 5501 turpitudinis
3287 5429 3620 5493 sacerdotes,

2034 5525 2290 5579 meditata
2313 5526 2523 5579 ratione
2550 5533 2604 5579 et
2633 5524 2711 5578 ira
2735 5524 2916 5579 sobria
2939 5532 3267 5588 contmotus,
3294 5528 3470 5576 morte
3496 5519 3626 5574 επεν

2035 5616 2110 5671 cit
2139 5616 2206 5671 ad
2239 5616 2479 5673 universi
2515 5616 2700 5688 populi
2736 5617 3024 5672 lsraelitici
3060 5615 3373 5671 utilitatem.

2109 5725 2368 5784 Philonis.
2441 5726 2572 5784 Sine
2635 5743 2780 5786 saevo
2848 5727 3030 5785 animo
3092 5741 3200 5784 non
3263 5729 3621 5796 repurgantut

2040 5817 2190 5874 sitia.
