4056 6420
492 358 556 418 '03

492 358 556 418 '03

421 357 478 422 Μ
830 457 1062 514 SEBMO
1103 460 1194 514 XL
1227 460 1325 532 [nl.
1370 460 1557 534 XVII].

407 573 482 627 De
523 575 587 628 iis
619 593 706 646 qm
741 577 895 630 malis
927 577 1284 645 delectantur,
1322 580 1648 635 vrobanlaue
1683 580 1990 647 improbita-

1135 660 1256 700 tem.

476 737 718 792 Davidis.
746 737 1299 807 Comprehenduntur
1328 740 1380 795 in
1408 740 1689 797 insidiosis
1721 741 1837 795 suis
1864 757 1992 797 con-
2021 729 2026 732 ’

413 828 554 882 siliis
586 845 710 897 qum
745 832 1152 901 excogitarunt,
1206 832 1332 900 quia
1389 833 1644 887 laudatur
1686 835 1995 889 scelerosus

412 921 464 973 in
494 922 884 992 cupiditatibus
935 925 1100 979 animi
1137 927 1242 990 sui,
1273 933 1327 980 et
1367 926 1667 996 injuriosus
1703 928 1757 981 in
1788 927 1992 984 eisdem

405 1017 542 1070 bene
583 1018 781 1072 audit.‘

478 1107 628 1163 Psal.
663 1126 805 1164 xux.
847 1109 1078 1176 Quando
1111 1111 1334 1166 videbas
1368 1111 1568 1173 l‘urem,
1608 1127 1712 1166 una
1746 1127 1870 1167 cum
1903 1113 1995 1169 illo

407 1203 688 1265 enrrebas,
731 1211 782 1256 et
809 1217 933 1256 cum
968 1203 1210 1257 adultero
1241 1203 1557 1256 societatem
1591 1203 1791 1258 inibas.

480 1295 624 1360 Quid
671 1295 937 1364 gloriatur
985 1297 1227 1366 potentia
1265 1295 1524 1363 przrditus
1575 1297 1626 1349 in
1668 1296 1842 1350 vitio?
1891 1297 1995 1350 ini-

412 1386 677 1452 quitatem
709 1394 850 1439 totos
877 1384 991 1440 dies
1015 1394 1063 1438 ct
1098 1385 1351 1439 iniuriam
1385 1395 1750 1439 commentata
1778 1394 1861 1442 est
1894 1386 1997 1440 lin-

414 1492 513 1544 gua
546 1485 660 1533 tua.

486 1568 590 1632 Qui
623 1568 758 1623 dicit
787 1569 1019 1637 impium
1051 1567 1258 1636 justum
1290 1583 1429 1632 esse,
1464 1570 1506 1623 is
1543 1579 1867 1625 exsecratus
1900 1587 1996 1642 po-

419 1661 566 1728 pulis
602 1660 724 1727 erit,
761 1669 815 1714 et
844 1661 988 1730 genti
1019 1661 1267 1715 odiosus.

485 1749 530 1806 Ο
571 1752 664 1820 qui
716 1751 877 1806 malis
912 1751 1283 1813 delectamini.
1331 1768 1394 1805 ac
1446 1753 1804 1822 perversitate
1854 1755 1995 1809 mala

418 1844 694 1914 gaudetis,
726 1859 958 1914 quorum
999 1843 1101 1899 viae
1138 1853 1416 1911 tortuosae,
1467 1857 1518 1899 et
1548 1843 1769 1914 obliqua
1802 1859 1997 1902 cursus

418 1936 665 2000 vestigia.

491 2028 648 2098 183
679 2028 940 2093 Quaarens
1001 2027 1139 2080 mala
1177 2029 1670 2096 comprehendetur
1700 2029 1767 2085 ab
1797 2029 1924 2086 illis.

489 2118 591 2184 Qui
637 2118 864 2173 alterius
894 2117 1117 2172 interitu
1160 2118 1376 2185 gaudet,
1419 2135 1524 2175 non
1557 2120 1662 2174 erit
1705 2121 1993 2176 innocens.

487 2212 689 2276 Quoris
719 2219 962 2280 tempore
991 2209 1136 2264 oculi
1170 2209 1546 2278 improborum
1580 2212 1877 2267 admittunt
1903 2212 2002 2268 ﬂa-

419 2305 572 2372 gitizt.

489 2396 669 2451 Amos.
700 2394 779 2450 Ne
801 2395 1060 2466 gaudeas,
1092 2397 1310 2452 inimica
1335 2412 1474 2462 mea,
1497 2397 1637 2466 quod
1671 2396 1959 2453 ceciderim
1984 2414 1998 2462 ;

421 2503 545 2542 nam
583 2504 885 2558 resurgam,
915 2500 1199 2561 propterea
1233 2492 1379 2561 quod
1460 2490 1675 2545 etiamsi
1713 2489 1910 2545 sedero
1947 2488 2000 2542 in

424 2581 692 2648 tenebris,
742 2580 1008 2639 Dominus
1059 2581 1356 2638 illustrabit
1404 2597 1490 2637 me
1539 2599 1551 2632 :
1604 2582 1741 2636 iram
1789 2580 2002 2636 Domini

423 2673 730 2741 sustinebo,
763 2673 888 2743 quia
921 2673 977 2729 in
1009 2688 1133 2729 eum
1167 2675 1391 2746 peccavi
1426 2673 1603 2728 donec
1644 2673 1760 2740 ipse
1796 2669 1999 2740 iustitio

422 2767 564 2822 carit
621 2782 845 2822 causam
879 2781 1078 2833 meam,
1114 2775 1166 2822 et
1202 2765 1455 2822 eduxerit
1485 2779 1568 2820 me
1605 2766 1656 2818 in
1694 2765 1900 2828 lumen,
1943 2777 2007 2818 ac

425 2857 603 2926 ipsius
639 2857 908 2926 justitiam
945 2855 1154 2912 videro.
1193 2854 1408 2912 Videbit
1456 2855 1583 2909 item
1635 2854 1808 2910 hostis
1843 2867 1960 2906 mea
1989 2890 2005 2917 ,

429 2962 483 3006 et
517 2949 840 3006 confusione
874 2949 1018 3020 turpi
1055 2948 1333 3012 induetur,
1379 2962 1501 3018 quae
1532 2945 1664 3001 mihi
1699 2946 1883 3001 dicere
1916 2959 2007 2998 sn-

427 3046 596 3111 lcbat,
629 3045 733 3102 Ubi
761 3051 850 3103 ‘est
879 3043 1140 3101 Dominus
1175 3044 1318 3100 Deus
1353 3044 1516 3099 tuus?

504 3134 617 3191 Isa.
653 3153 708 3192 v.
735 3135 915 3193 Miseri
945 3149 1062 3200 vos,
1113 3135 1206 3206 qui
1237 3134 1417 3190 dicitis
1451 3134 1650 3188 malum
1681 3133 1886 3188 bonum
1908 3171 1922 3196 ,
1954 3137 2006 3184 et
2034 3159 2077 3218 ο

425 3230 666 3284 vicissim
713 3231 920 3294 bonum
953 3230 1158 3283 malum
1200 3245 1215 3282 :
1249 3229 1340 3298 qui
1389 3228 1591 3298 ponitis
1633 3227 1884 3282 tenebras
1924 3226 2009 3280 lu-

428 3339 569 3384 cem,
608 3330 662 3377 ct
693 3323 870 3378 lucem
907 3321 1203 3376 tenebras:
1239 3320 1478 3390 itemque
1523 3333 1769 3372 amarum
1821 3317 2012 3380 dulce,

435 3424 490 3468 et
520 3413 678 3468 dulce
714 3425 986 3488 amarum.

506 3505 724 3570 Laqueo
757 3503 1047 3573 capientur
1079 3503 1174 3572 qui
1209 3503 1422 3572 piorum
1459 3501 1616 3555 ruina
1653 3499 1928 3570 gaudent,
1960 3506 2013 3554 et

435 3602 727 3652 vehemens
752 3595 910 3650 dolor
939 3593 1189 3652 conﬁciet
1225 3593 1372 3663 ipsos
1406 3600 1532 3648 ante
1564 3601 1811 3647 mortem.

509 3772 624 3826 Non
657 3771 909 3827 convenit
939 3769 1267 3825 scelerosum
1297 3765 1554 3822 laudibus
1583 3764 1784 3821 efferri.

505 3863 824 3918 Scelerosus
854 3860 1059 3914 amicos
1082 3873 1209 3914 suos
1233 3856 1492 3919 turbabit,
1522 3863 1577 3910 et
1605 3855 1745 3909 inter
1788 3869 1880 3909 eos
1921 3852 2012 3923 qui

437 3957 665 4028 paciﬂee
698 3956 908 4015 vivunt,
944 3951 1152 4018 injiciet
1179 3948 1534 4003 calumniam.

514 4048 616 4115 Qui
647 4046 887 4116 gestiunt
917 4041 1116 4114 gaudio
1149 4048 1368 4110 propter
1398 4039 1496 4093 viri
1531 4035 1694 4102 mala,
1722 4035 1789 4092 iis
1819 4049 2015 4091 conse-

442 4147 666 4196 nescent
697 4137 862 4192 mala.

513 4232 668 4287 Rom.
695 4246 735 4284 ι.
773 4227 873 4293 Qui
910 4223 1128 4294 quidem
1160 4223 1307 4293 justa
1355 4219 1448 4276 Dei
1496 4220 1710 4276 decreta
1747 4234 1870 4274 cum
1919 4233 2016 4275 c0-

441 4329 726 4398 gnoscant,
758 4332 959 4388 eosque
990 4317 1082 4386 qui
1110 4315 1236 4370 talia
1259 4315 1640 4384 designassent
1671 4311 1865 4366 mortis
1890 4325 2016 4380 sup-

442 4414 816 4488 pliciodignos
833 4424 974 4476 esse,
1003 4422 1109 4462 non
1145 4407 1320 4462 solum
1349 4405 1439 4460 illa
1469 4402 1694 4468 faciunt,
1724 4402 1817 4458 sed
1850 4400 2013 4456 etiam

443 4508 748 4578 approbant
777 4517 872 4559 eos
903 4501 995 4571 qui
1029 4498 1257 4554 faciunt.
1341 4490 1343 4493 ’

515 4599 760 4655 Proditio
789 4604 873 4651 est
909 4591 1197 4654 veritatis,
1237 4595 1290 4643 et
1335 4585 1662 4643 assuefactio
1711 4584 1779 4639 ad
1828 4597 2011 4639 rerum

439 4688 865 4748 indiﬂerentiam
900 4683 1144 4752 improbe
1181 4680 1473 4735 viventium
1514 4677 1770 4748 receptio.

513 4784 664 4838 Multi
733 4779 906 4834 malas
981 4776 1221 4829 actiones
1271 4771 1590 4841 approbant,
1650 4784 1714 4823 ac
1761 4767 2013 4824 festivum

445 4878 747 4950 gratiosum
787 4870 977 4926 dicunt
1009 4883 1023 4921 :
1059 4873 1109 4922 et
1156 4864 1495 4920 obscenitate
1540 4860 1827 4915 verborum
1861 4868 2017 4914 uten-

444 4980 556 5026 tem
616 4964 828 5021 civilem
878 4951 1165 5016 nominant
1199 4971 1213 5009 :
1247 4961 1300 5009 et
1331 4969 1451 5023 quae
1477 4951 1737 5021 deinceps
1767 4965 2014 5021 sequun-

446 5074 554 5117 tur.

366 5167 420 5216 _t
515 5153 632 5207 Non
667 5151 842 5206 solum
872 5145 1058 5201 vitium
1082 5141 1308 5206 imitari,
1335 5138 1428 5196 sed
1451 5137 1615 5192 etiam
1646 5149 1768 5191 eum
1793 5139 2018 5202 peccato

450 5246 697 5300 viventes
767 5239 1013 5302 laudare,
1047 5248 1210 5306 paena
1252 5221 1476 5303 dignum
1519 5235 1603 5283 est
1651 5235 1705 5280 et
1755 5225 2019 5294 supplicio

451 5353 558 5394 non
593 5333 805 5403 vulgari
845 5348 856 5383 :
889 5337 1030 5385 etut
1077 5328 1242 5382 etiam
1275 5321 1598 5378 admirabile
1642 5318 1900 5390 quiddam
1937 5317 2020 5372 di-

450 5443 593 5494 cam,
650 5427 694 5480 si
745 5424 895 5486 licet,
955 5420 1114 5475 nobis
1153 5417 1371 5487 gravius
1421 5412 1670 5468 imminet
1718 5407 2019 5478 perieulum

450 5533 613 5589 quam
640 5513 840 5584 iis_qui
877 5514 931 5566 in
976 5513 1092 5580 ipso
1141 5509 1345 5564 scelere
1373 5505 1602 5569 vivunt;
1638 5516 1759 5555 nam
1802 5499 2021 5554 laudare

453 5618 742 5683 peccantes
795 5606 1000 5674 majore
1083 5597 1559 5655 animadversione
1621 5593 1845 5660 dignum
1899 5599 2018 5654 est,

454 5680 617 5773 quam
645 5712 893 5771 peccare,
921 5700 976 5749 et
1010 5692 1225 5747 merito.
1257 5690 1354 5743 Est
1381 5687 1526 5743 enim
1565 5683 1808 5752 corrupti
1853 5680 2018 5736 animi

458 5772 510 5850 et
549 5793 740 5851 morbo
775 5786 1064 5844 incurabili
1090 5781 1390 5839 laborantis
1421 5779 1538 5835 bace
1564 5773 1831 5833 sententia
1861 5780 1912 5830 et
1939 5772 2024 5845 ju-

1675 325 2000 406 ANTONII
2044 348 2388 412 inmissa:

3536 357 3684 424 1104

2715 473 2935 528 ΛΟΓΟΣ
2962 476 3053 534 Μ’.

2099 582 2235 651 Περὶ
2264 584 2638 652 χαιρεκάκων
2681 585 2780 640 καί
2813 585 3277 657 ἀποδεχομένων
3310 585 3384 640 τὰ
3411 588 3686 656 πονηρά.

2166 738 2647 809 Συλλαμϐάνονται
2681 741 2739 792 ὲν
2774 740 3102 805 διαϐουλίοις
3126 737 3204 805 οἷς
3246 740 3683 811 διαλογίζονται.

2096 827 2221 880 Ὀτι
2256 829 2558 882 ἐπαινεῖται
2600 831 2626 881 ό
2676 829 3004 899 ἁμαρτωλὸς
3061 831 3118 882 ἐν
3173 833 3292 893 ταῖς
3348 831 3683 902 ἐπιθυμίαις

2094 920 2190 988 τῆς
2217 920 2395 990 ψυχῆς
2422 919 2612 984 αὑτοῦ,
2647 922 2739 975 καὶ
2772 925 2800 975 ό
2839 922 3039 977 ἀδικῶν
3068 924 3452 992 ὲνευλογεῖται.

2169 1101 2228 1153 Εἰ
2264 1099 2525 1168 ὲοεώρεις
2555 1102 2824 1173 κλέπτην,
2856 1103 3179 1174 συνέτρεχες
3209 1103 3378 1174 αὐτῷ,
3403 1103 3497 1156 καὶ
3529 1105 3683 1174 μετᾶ

2099 1191 2288 1262 μοιχοῦ
2323 1195 2422 1263 τὴν
2457 1193 2654 1263 μερίδα
2689 1211 2783 1246 σου
2824 1194 3008 1264 ἐτίθης
3427 1185 3442 1193 ’

2169 1286 2232 1338 Τί
2291 1286 2538 1356 ὲγκαυχᾷ
2567 1287 2626 1338 ὲν
2679 1287 2852 1359 κακίᾳ
2885 1290 2912 1340 ό
2969 1288 3233 1355 δυνατό;;
3270 1286 3501 1358 ἀνομίαν
3544 1287 3683 1360 ὃλην

2096 1378 2194 1448 τὴν
2234 1378 2470 1448 ἡμέραν,
2502 1377 2716 1432 ἀδικίαν
2750 1379 3038 1448 ἐλογίσατο
3060 1382 3093 1452 ἡ
3119 1381 3340 1448 γλῶσσά
3373 1399 3494 1438 σου.

2181 1561 2238 1613 Ὀ
2261 1560 2431 1614 είπὼν
2457 1563 2549 1614 τὸν
2571 1561 2766 1632 ἀσεϐῆ,
2794 1561 2875 1615 ὅτι
2903 1561 3110 1626 δίκαιός
3133 1562 3302 1629 ἐστιν,
3334 1563 3682 1636 ὲπικατάρα-

2097 1667 2188 1712 τος
2219 1650 2372 1714 λαοῖς
2411 1652 2588 1718 ἔσται,
2623 1653 2714 1705 καὶ
2753 1654 2980 1721 μισητδς
3009 1652 3174 1708 ἔθνει.

2179 1740 2241 1794 Ὢ
2277 1741 2326 1794 oi
2355 1740 2772 1812 εὐφραινόμενοι
2795 1743 2886 1793 ἐπὶ
2915 1743 3128 1806 κακοῖς,
3150 1741 3249 1794 καὶ
3276 1741 3560 1814 χαίροντες
3583 1744 3682 1798 ἐπὶ

2099 1833 2402 1904 διαστροφῇ
2435 1834 2606 1903 κακῇ,
2633 1829 2708 1886 ὧν
2730 1833 2786 1886 αί
2813 1831 2992 1903 τρίσοι
3010 1833 3249 1900 σκολιαὶ,
3273 1835 3368 1888 καὶ
3390 1835 3682 1906 καμπύλαι

2101 1926 2158 1978 αἱ
2181 1926 2396 1996 τροχιαὶ
2419 1925 2620 1981 αὐτῶν.

2184 2019 2550 2086 Ἐκζητοῦντα
2579 2020 2726 2074 κακὰ
2759 2019 3135 2090 καταλήψεται
3171 2022 3359 2078 αὐτόν.

2187 2109 2244 2162 '0
2275 2109 2577 2179 ἐπικαίρων
2607 2110 2968 2180 ἀπολλυμένῳ
2997 2110 3097 2163 οὐκ
3123 2109 3538 2182 ἀθωωθήσεται.

2174 2202 2361 2254 Πάντα
2389 2201 2482 2254 τὸν
2521 2201 2712 2271 χρόνον
2753 2203 2800 2254 οἱ
2837 2200 3106 2272 ὀφθαλμοὶ
3138 2202 3247 2257 τῶν
3279 2203 3468 2258 κακῶν
3507 2220 3684 2275 προσ·

2104 2293 2350 2363 δέχονται
2383 2292 2552 2346 κακά.

2173 2385 2262 2452 Μὴ
2293 2382 2546 2454 ὲπίχαιρὲ
2591 2400 2701 2451 μοι,
2752 2383 2925 2454 ἐχθρά
2975 2401 3101 2455 μου,
3128 2385 3212 2439 ὅτι
3261 2386 3550 2452 πέπτωκα,
3584 2387 3686 2440 καὶ

2106 2473 2510 2545 ἁναστήσομαι.
2544 2475 2690 2528 Διότι
2719 2475 2814 2527 καὶ
2841 2476 2937 2528 ἐὰν
2977 2476 3188 2530 καθίσω
3231 2477 3287 2529 ὲν
3330 2479 3533 2544 σκότει,
3569 2478 3688 2532 Κῦ-

2109 2585 2222 2638 ριος
2255 2569 2446 2636 φωτιεῖ
2469 2584 2580 2635 μοι.
2617 2566 2819 2636 Ὀργὴν
2854 2567 3062 2636 Κυρίου
3102 2567 3332 2632 ὐποίσω,
3387 2569 3467 2622 ὅτι
3504 2570 3689 2640 ἦμαρ-

2105 2679 2198 2714 τον
2235 2660 2402 2730 αὐτῷ,
2439 2660 2542 2722 ἓως
2569 2658 2664 2712 τοῦ
2691 2658 2984 2713 δικαιῶσαι
3024 2658 3188 2712 αὐτὸν
3221 2659 3320 2730 τὴν
3371 2660 3527 2730 δίκην
3557 2678 3686 2730 μου,

2107 2753 2202 2805 καὶ
2227 2751 2404 2816 ἐξάξει
2440 2767 2506 2820 με
2535 2751 2616 2813 είς
2649 2749 2790 2818 φῶς,
2831 2749 2927 2802 καὶ
2965 2749 3172 2820 ὂψομαι
3202 2750 3301 2820 τὴν
3333 2749 3690 2820 δικαιοσύνην

2109 2844 2298 2899 αὑτοῦ.
2335 2843 2444 2896 Καὶ
2482 2841 2674 2911 ὄψεται
2699 2843 2733 2911 ἡ
2782 2841 2954 2912 ἐχθρά
2999 2858 3122 2908 μου,
3159 2842 3255 2895 καὶ
3305 2827 3690 2911 περιϐαλεῖται

2114 2936 2401 3006 αἰσχύνην,
2438 2935 2470 3004 ή
2523 2934 2759 3003 λέγουσα
2788 2933 2926 3004 πρός
2961 2950 3052 3002 με,
3086 2932 3198 2986 Ποῦ
3242 2932 3450 3003 Κύριος
3498 2933 3527 2984 ὁ
3555 2934 3693 2996 Θεός

2113 3045 2206 3081 σου
2226 3045 2240 3094 ;

2184 3105 2322 3174 Clod.
2352 3121 2400 3172 οἱ
2429 3119 2680 3187 λέγοντες
2707 3117 2770 3172 τὸ
2809 3117 3045 3189 πονηρὸν
3077 3119 3263 3184 καλὸν,
3298 3117 3391 3172 καὶ
3433 3118 3493 3170 τὺ
3524 3116 3692 3173 καλὸν

2115 3213 2372 3283 πονηρόν·
2402 3211 2452 3264 οἱ
2501 3209 2740 3273 τιθέντες
2791 3209 2852 3264 τὸ
2903 3211 3094 3275 σκότος
3147 3212 3284 3276 φῶς,
3339 3212 3434 3264 καὶ
3477 3210 3538 3262 τὸ
3572 3211 3691 3277 φῶς

2117 3304 2328 3364 σκότος’
2361 3303 2408 3354 οἱ
2438 3299 2678 3364 τιθέντες
2711 3300 2771 3355 τδ
2809 3301 3008 3371 πικρὸν
3041 3300 3237 3369 γλυκὺ,
3273 3300 3370 3354 καὶ
3397 3300 3458 3353 τὸ
3510 3298 3691 3368 γλυκὺ

2117 3397 2334 3462 πικρόν.

2188 3489 2383 3557 Παγίδι
2410 3487 2708 3542 ἁλώσονται
2733 3486 2783 3540 οί
2817 3485 3235 3557 εὐφραινόμενοι
3261 3485 3350 3540 ἐπὶ
3373 3483 3582 3538 πτώσει
3600 3483 3696 3536 εὖ-

2118 3582 2315 3645 σεϐὧν,
2347 3581 2438 3634 καὶ
2469 3580 2628 3651 ὀδύνη
2657 3579 3035 3635 καταναλῶσαι
3086 3579 3284 3642 αὐτοὺς
3323 3577 3430 3649 πρὸ
3459 3575 3554 3631 τοῦ
3588 3575 3694 3629 θα·

2117 3671 2278 3724 νάτου
2321 3669 2523 3723 αὐτῶν.

2189 3763 2264 3815 Οὐ
2297 3763 2536 3830 καθῆκον
2579 3761 2803 3824 δοξάσαι
2855 3760 3024 3830 ἄνδρα
3059 3758 3407 3830 άμαρτωλόν.

2199 3854 2365 3922 Ἀνὴρ
2395 3853 2716 3924 ἁμαρτωλὸς
2749 3851 2976 3922 ταράξει
3006 3851 3219 3921 φίλους,
3250 3854 3346 3907 καὶ
3385 3848 3493 3904 ἀνὰ
3523 3847 3697 3920 μέσον

2118 3945 2509 4015 εἰρηνευόντων
2546 3944 2700 4013 βαλεῖ
2727 3943 3003 4012 διαϐολήν.
3091 3967 3097 3970 ·

2189 4039 2313 4102 Τοῖς
2350 4037 2654 4106 γαυριῶσιν
2698 4036 2790 4090 ἐπὶ
2820 4037 2885 4106 τῇ
2935 4033 3104 4106 κακίᾳ
3136 4033 3388 4105 συγγηρᾷ
3416 4031 3485 4087 τὰ
3518 4032 3692 4088 κακά.

2189 4216 2400 4277 Οῗτινες
2431 4215 2500 4266 τὰ
2533 4211 2876 4278 δικαιώματα
2911 4210 3006 4264 τοῦ
3052 4208 3186 4263 Θεοῦ
3239 4209 3579 4276 ἐπιγνόντες,
3605 4210 3695 4266 ὅτι

2118 4309 2167 4363 οἱ
2201 4307 2272 4360 τὰ
2315 4305 2542 4360 τοιαῦτα
2591 4303 2928 4374 πράσσοντες
2981 4302 3122 4367 ἄξιοι
3149 4301 3382 4356 θατάτου
3431 4301 3590 4362 εἰσὶν,
3622 4301 3691 4355 οὗ

2122 4404 2284 4473 μόνον
2313 4400 2454 4454 αὐτὰ
2503 4397 2772 4461 ποιοῦσιν,
2823 4395 2960 4450 ἀλλὰ
3011 4377 3108 4448 καλ.
3169 4390 3545 4447 συνευδοκοῦσι
3575 4391 3696 4456 τοῖς

2043 4509 2088 4564 ι)
2118 4493 2469 4566 πράττουσιν.

2189 4581 2456 4654 Προδοσία
2499 4578 2599 4648 τῆς
2648 4575 2907 4645 ἀληθείας
2965 4575 3084 4628 ἐστὶ
3137 4573 3232 4628 καὶ
3289 4564 3512 4641 ἐθισμὸς
3553 4571 3696 4643 πρὸς

2116 4675 2440 4744 ἀδιαφορίαν
2468 4675 2502 4742 ἡ
2534 4672 2642 4726 τῶν
2675 4669 3132 4740 πονηρευομένων
3161 4667 3425 4737 ἀποδοχῇ.

2190 4767 2384 4821 Πολλοί
2410 4766 2548 4820 εἰσιν
2577 4766 2625 4818 oi
2668 4764 2766 4828 τὰς
2795 4762 3043 4835 πονηρὰς
3091 4761 3324 4832 πράξεις
3354 4758 3694 4830 ἀποδεχόμεο

2118 4878 2219 4924 νοι,
2253 4860 2348 4914 καὶ
2374 4859 2636 4929 χαρίεντα
2665 4856 2763 4926 μὲν
2801 4856 2891 4909 τὸν
2927 4853 3262 4921 εὐτράπελον
3289 4851 3563 4920 λέγοντες,
3601 4850 3693 4903 τὸν

2118 4951 2174 5005 δὲ
2207 4948 2558 5019 αίσχρολόγον
2587 4944 2888 5010 πολιτικὸν,
2921 4941 3106 4998 καὶτὰ
3137 4941 3285 5007 ἑξῆς.

2191 5131 2263 5184 Οὐ
2295 5129 2354 5182 τὸ
2380 5125 2575 5197 ζηλοῦν
2613 5121 2834 5190 κακίαν,
2885 5120 3020 5175 ἀλλὰ
3048 5120 3142 5173 καὶ
3190 5121 3251 5172 τὸ
3277 5121 3405 5182 τοὺς
3449 5118 3507 5172 ὲν
3554 5117 3697 5188 αὖτῇ

2121 5224 2332 5289 ζῶντας
2361 5219 2626 5278 ἐπαινεῖν,
2658 5217 2814 5286 φέρει
2861 5215 2983 5268 τινὰ
3013 5213 3233 5266 κόλασιν
3280 5211 3342 5264 οὐ
3372 5209 3471 5280 τὴν
3499 5207 3702 5278 τυχοῦ-

2123 5333 2221 5371 σαν
2252 5315 2406 5386 ἠμῖν,
2438 5313 2532 5366 καὶ
2560 5311 2608 5364 εί
2637 5310 2740 5379 χρή
2769 5326 2820 5362 τι
2843 5308 2936 5361 καὶ
2958 5305 3270 5375 θαυμαστὸν
3289 5303 3488 5366 εἰπεῖν,
3515 5301 3702 5355 αὐτῶν

2121 5407 2229 5462 τῶν
2280 5407 2338 5457 ὲν
2387 5400 2624 5471 πονηρίᾳ
2680 5399 2900 5462 ζώντων
2963 5395 3395 5467 χαλεπωτέρανο
3453 5391 3551 5446 τοῦ
3586 5393 3700 5461 γὰρ

2125 5494 2461 5567 ἁμαρτάνειν
2495 5491 2738 5544 ἐπαινεῖν
2766 5489 2892 5549 τοὺς
2943 5485 3357 5556 ἁμαρτάνοντας
3385 5482 3522 5536 πολὺ
3575 5483 3704 5552 μεῖ-

2125 5588 2216 5650 ζον
2243 5588 2324 5649 είς
2355 5582 2625 5643 κολάσεως
2649 5579 2826 5648 λόγον,
2854 5580 2952 5631 καὶ
2976 5577 3119 5647 μάλα
3154 5575 3400 5636 εἰκότως.
3429 5571 3710 5641 Διεφθαρ-

2103 5679 2295 5748 ,μένης
2312 5675 2420 5745 γάρ
2453 5674 2570 5726 ἐστι
2599 5670 2848 5742 γνώμης,
2879 5668 2973 5723 καὶ
2996 5666 3176 5737 ψυχῆς
3191 5665 3386 5718 ἀνίατα
3411 5661 3704 5731 νοσούσης,

2127 5769 2265 5841 αὕτη
2300 5770 2334 5841 ἡ
2366 5768 2566 5838 ψῆφος.
2639 5763 2700 5816 '0
2755 5761 2864 5832 γὰρ
2899 5759 3138 5814 ἐπαινῶν
3166 5756 3436 5823 πονηρίαν
3485 5754 3586 5818 τῆς
3642 5755 3711 5808 ἐκ
