4056 6410
384 400 550 469 1105

1205 406 1376 468 LOCI
1418 404 1862 469 COMMUNES.
1897 398 2184 461 —PARS
2227 402 2310 463 Il.
2354 404 2610 467 SEBMO
2658 404 2848 466 XLII.

3527 403 3663 469 1106

399 524 494 578 τοῦ
559 522 891 593 μετανοῆσαι
948 523 1248 596 θεραπείας
1302 529 1497 582 ἑαυτὸν
1549 528 1927 598 ἀπεστέρησεν
1961 539 2019 580 ’Δ

2095 519 2306 577 dicium.
2333 523 2436 590 Qui
2467 524 2610 580 enim
2634 524 2958 596 probitatem
2982 523 3189 589 laudat,
3217 522 3263 577 is
3289 536 3347 578 se
3367 524 3661 594 panitendi

399 615 541 672 ὥστε
569 617 794 702 είκότως
817 617 977 671 τοῦτο
1001 618 1212 675 ἐκείνου
1258 620 1644 691 χαλεπώτερον
1678 622 1706 674 ό
1763 619 1977 682 Παῦλος

399 702 539 762 εἶναι
570 708 950 780 ἐνομοθέτησε.
979 709 1077 765 Διά
1100 711 1258 765 τοῦτο
1288 711 1388 781 οὐχ
1423 713 1473 766 οἱ
1500 713 1567 765 τὰ
1587 711 1770 782 φαῦλα
1796 710 1977 782 πράσ-

402 815 588 863 σοντες
625 799 806 866 μόνον,
843 801 980 855 ἀλλά
1017 803 1112 857 καὶ
1137 805 1185 856 el
1239 803 1465 868 τούτους
1509 804 1977 875 ἐγκωμιάζοντες,

399 892 501 960 τῆς
529 893 701 964 αὐτῆς
726 895 760 965 ἦ
789 895 881 949 καὶ
908 894 1294 969 χαλεπωτέρας
1318 898 1551 961 ἐκείνοις
1581 899 1976 952 κοινωνήσωσι

400 985 674 1050 κολάσεως
696 1025 712 1042 .

484 1078 941 1172 Ἐπιχαιρεκακία
992 1084 1272 1160 ἀλλότριον
1303 1090 1534 1159 σοφῶνυ

983 1257 1204 1313 ΛΟΓΟΣ
1248 1261 1385 1315 MA'.

811 1351 952 1420 Περὶ
1002 1355 1271 1411 πολιτῶν
1303 1355 1563 1426 ἀγαθῶν.

475 1435 642 1495 Εἶπεν
684 1440 935 1514 Ἀϐραὰμ
973 1446 1113 1515 πρδς
1171 1449 1394 1519 Κύριον·
1436 1450 1579 1504 Ἐἀνε
1612 1444 1715 1505 ὦσι
1780 1454 1980 1524 πεντή-

2081 616 2367 670 curatione
2399 617 2597 685 privat,
2622 624 2680 670 ut
2711 617 2908 672 merito
2939 613 3145 671 Paulus
3176 615 3284 671 hoc
3313 616 3406 671 illo
3443 617 3662 687 gravius

2077 720 2203 761 esse
2233 705 2519 776 judicarit.
2566 705 2759 777 Itaque
2806 724 2911 763 non
2954 706 3116 762 modo
3150 707 3246 776 qui
3289 706 3538 776 improbe
3587 706 3661 759 fa-

2080 797 2260 863 ciunt,
2294 798 2389 853 sed
2424 800 2588 854 etiam
2649 799 2767 870 qui;
2796 800 2934 855 istos
2982 799 3229 862 laudant,
3284 799 3528 870 ejusdem
3580 799 3663 853 vel

2081 889 2249 942 etiam
2287 889 2590 945 acerbioris
2636 889 2929 961 participes
2954 896 3117 945 erunt
3147 888 3662 945 animadversionis.

2160 1067 2426 1124 Philonis.
2461 1069 2838 1126 Malevoleutia
2886 1086 2950 1125 ac
2987 1080 3209 1142 propter
3253 1071 3384 1125 vitia
3429 1068 3663 1125 delecta-

2080 1160 2156 1216 tio
2190 1159 2352 1233 184
2376 1176 2406 1216 a
2435 1162 2769 1230 sapientibus
2794 1161 2968 1217 aliena
2995 1170 3100 1217 est.

2544 1250 2776 1308 SERMO
2801 1251 2917 1305 xu
2950 1251 3049 1320 [aL
3084 1250 3205 1324 XI].

2617 1340 2695 1396 De
2726 1342 2875 1397 bonis
2906 1342 3127 1398 civibus.

2150 1433 2280 1489 Cen.
2314 1448 2469 1489 xvm.
2505 1433 2650 1487 uixit
2679 1432 2983 1488 Abraamus
3016 1434 3081 1487 ad
3116 1433 3437 1490 Dominum:
3465 1432 3521 1488 Si
3547 1432 3667 1487 fue-

407 1547 576 1585 κοντα
605 1532 805 1586 δίκαιοι
853 1534 913 1587 ἐν
956 1537 1023 1606 τῇ
1069 1537 1245 1601 πόλει,
1287 1540 1576 1605 ἀπολέσεις
1611 1543 1807 1607 αὐτούς
1832 1560 1849 1611 ;
1877 1546 1976 1598 οὐκ
2077 1525 2190 1581 τίω
2234 1525 2629 1597 (ιυίυαυθιιῖηιίι
2673 1524 2807 1595 ius“
2861 1525 2914 1579 Ῑη
2965 1525 3212 1593 είνίιθιθο
3273 1526 3470 1595 Ρθνάεδ
3531 1526 3669 1580 εοεῗ

410 1623 636 1693 ἀνήσεις
667 1625 841 1679 πάντα
870 1625 964 1680 τὸν
995 1627 1161 1683 τόπον
1190 1630 1354 1685 ἕνεκα
1397 1631 1507 1684 τῶν
1538 1635 1875 1704 πεντήκοντα
1902 1636 1980 1688 δι-

404 1715 581 1769 καίων
597 1732 612 1783 ;
672 1717 939 1788 μηδαμῶς
977 1721 1038 1774 οὐ
1072 1723 1326 1793 ποιήσεις
1378 1724 1440 1778 τὸ
1496 1724 1649 1798 ῥῆμα
1697 1728 1856 1780 τοῦτο
1884 1727 1977 1782 τοῦ

407 1808 731 1864 ἀποκτεῖναι
787 1809 999 1865 δίκαιον
1055 1814 1192 1884 μετά
1238 1814 1492 1882 ἀσεϐοῦς,
1524 1819 1621 1872 καὶ
1651 1817 1807 1873 ἔσται
1834 1820 1862 1873 ὁ
1900 1818 1978 1872 δί-

408 1916 565 1964 καιος
595 1900 671 1965 ὡς
704 1903 731 1954 ό
758 1902 966 1974 ἀσεϐὴς
994 1905 1285 1976 μηδαμῶς.
1338 1906 1399 1960 '0
1428 1908 1631 1978 κρίνων
1662 1912 1845 1964 πᾶσαν
1882 1910 1982 1982 τὴν

2079 1632 2265 1672 nonne
2312 1617 2653 1672 condonabis
2721 1624 2946 1686 propter
2992 1616 3391 1687 quinquaginta
3441 1616 3670 1688 iustos?

2081 1705 2438 1776 Nequaquam
2477 1706 2623 1762 istud
2652 1706 2989 1771 committas,
3024 1706 3312 1777 utjustum
3348 1722 3470 1762 cum
3501 1706 3670 1777 impio

2086 1797 2409 1864 interﬁcias,
2440 1798 2620 1869 sitque
2643 1798 2836 1853 eadem
2866 1797 3185 1853 conditione
3211 1798 3396 1869 justus
3422 1813 3543 1854 cum
3569 1797 3672 1852 im-

2017 1875 2062 1939 Β
2089 1892 2178 1964 pio
2214 1909 2230 1947 :
2264 1906 2633 1962 nequaquam,
2660 1892 2753 1962 qui
2789 1892 3008 1959 iudicas
3057 1892 3373 1947 universam
3420 1897 3625 1945 terram
3652 1929 3668 1955 ,

406 1989 512 2059 γῆν
561 1991 622 2043 οὐ
679 1993 929 2063 ποιήσεις
1003 1995 1217 2065 κρίσινς
1278 1993 1413 2051 Eine
1472 1998 1530 2053 δὲ
1582 1999 1817 2071 Κύριοςθ
1858 1980 1984 2054 Ἐάν

2095 1997 2194 2038 non
2224 1981 2393 2038 facias
2420 1981 2714 2052 judicium.
2743 1981 3010 2037 Dominus
3044 1991 3225 2037 autem
3263 1997 3276 2035 :
3327 1980 3407 2047 Si,
3463 1980 3668 2051 inquit,

408 2081 557 2151 εὐρω
588 2087 672 2138 ’ὲν
722 2084 978 2154 Σοδόμοις
1024 2088 1370 2160 πεντήκοντα
1420 2090 1685 2157 δικαίους,
1713 2093 1815 2147 οὐκ
1848 2094 1985 2148 ἀπο-

409 2175 552 2232 λέσω
583 2177 746 2233 ἕνεκα
782 2179 890 2234 τῶν
929 2187 1295 2252 πεντήκονταο
1328 2186 1425 2238 καὶ
1452 2185 1521 2240 τὰ
1554 2186 1704 2256 ἑξῆς.

497 2271 588 2325 Ἐν
615 2272 841 2341 ἀγαθοῖς
867 2274 1096 2330 δικαίων
1121 2277 1571 2350 κατωρθώθησαν
1596 2280 1803 2345 πόλεις.

497 2448 590 2503 Ἐν
620 2451 896 2516 εὐλογίαις
924 2452 1150 2509 δικαίων
1177 2455 1524 2529 ὑψωθήσεται
1560 2459 1735 2523 πόλις.

499 2540 786 2603 Ἐπαύλεις
814 2540 1043 2598 δικαίων
1072 2545 1446 2615 εὐλογοῦνται.

499 2631 635 2688 Ἀπὸ
669 2633 789 2699 ἑνὸς
820 2636 1046 2693 συνετοῦ
1081 2640 1559 2713 συνοικισθήσεται
1594 2642 1776 2707 πόλις.

484 2814 595 2868 Καί
651 2830 713 2884 γε
754 2815 913 2872 τοῦτο
955 2814 1117 2885 εἶδον,
1168 2823 1361 2893 σοφίαν
1411 2823 1517 2878 ὐπὸ
1545 2824 1637 2878 τὸν
1664 2823 1837 2897 ἥλιον.
1876 2827 1988 2880 Καὶ

417 2905 633 2974 μεγάλη
674 2906 792 2960 ἐστὶ
839 2908 978 2977 πρός
1030 2926 1099 2978 με
1130 2910 1284 2974 πόλις
1323 2914 1518 2984 μικρὰ,
1568 2913 1665 2968 καὶ
1704 2916 1897 2986 ἄνδρες
1928 2917 1987 2969 ὲν

413 2997 553 3069 αὐτῇ
594 2997 806 3067 ὀλίγοιο
850 3002 949 3056 καὶ
981 3001 1112 3074 ἔλθῃ
1152 3003 1240 3056 ἐπ’
1272 3005 1443 3075 αὐτὴν
1494 3006 1751 3075 βασιλεὺς
1787 3007 1986 3077 μέγας,

417 3090 512 3143 καὶ
563 3088 840 3146 κυκλώσει
897 3094 1088 3166 αὐτὴν,
1145 3096 1242 3150 καὶ
1293 3098 1640 3169 οἰκοδομήσει
1680 3099 1768 3154 ὶπ*
1816 3093 1987 3171 αὐτὴν

413 3179 665 3251 χάρακας
692 3182 983 3250 μεγάλους·
1028 3185 1123 3238 καὶ
1158 3183 1295 3256 εὕρῃ
1327 3186 1385 3239 ὲν
1405 3186 1544 3257 αὐτῇ
1578 3185 1747 3256 ἄνδρα
1777 3187 1987 3259 πένητα

413 3273 512 3325 καὶ
558 3272 767 3343 σοφὸν,
801 3275 897 3328 καὶ
947 3275 1192 3349 διασώσῃ
1242 3278 1406 3343 αὐτὸς
1462 3279 1562 3350 τὴν
1608 3279 1764 3334 πόλιν
1809 3282 1868 3335 ἑν
1920 3284 1989 3354 τῇ

416 3367 583 3438 σοφίᾳ
626 3367 813 3425 αὐτοῦ.

491 3460 705 3531 Ὠσπερ
752 3461 826 3517 τὰ
872 3462 1046 3536 εὐώδη
1088 3464 1197 3519 τῶν
1240 3467 1553 3537 ἀρωμάτων
1583 3468 1685 3535 τῆς
1734 3469 1872 3533 ἰδίας
1903 3469 1994 3525 εὐ-

417 3550 622 3613 πνοίας
641 3551 731 3603 τὸν
762 3554 1168 3624 παρακείμενον
1195 3557 1336 3627 ἀέρα
1385 3557 1566 3630 πλήρη
1621 3562 1785 3628 ποιεῖ,
1818 3559 1992 3625 οὕτως

416 3640 609 3712 ἀνδρὸς
640 3642 847 3712 ἀγαθοῦ
877 3647 1149 3718 παρουσία
1175 3648 1303 3713 τοὺς
1326 3650 1490 3715 πέλας
1517 3652 1778 3723 ὀνίνησιν.

502 3735 643 3805 Ἐγὼ
671 3738 801 3792 ὅταν
828 3738 952 3794 τινὰ
995 3740 1106 3794 τῶν
1137 3742 1441 3799 σπουδαίων
1488 3745 1843 3817 διαιτώμενον
1870 3749 1990 3801 κατ’

418 3825 597 3881 οἰκίαν
621 3827 656 3898 ἢ
695 3827 850 3882 πόλιν
893 3829 1197 3900 θεάσωμαι,
1252 3831 1353 3905 τὴν
1393 3834 1574 3888 οἰκίαν
1622 3835 1656 3904 ἢ
1692 3835 1793 3907 τὴν
1838 3836 1993 3891 πόλιν

421 3918 640 3989 εκείνην
666 3918 1050 3989 εὐδαιμονίζω,
1084 3922 1180 3977 καὶ
1217 3916 1374 3993 οἶμαι
1405 3924 1505 3995 τήν
1550 3942 1608 3979 τε
1648 3926 1755 3979 τῶν
1785 3928 1991 3996 παρόν-

415 4026 528 4065 των
555 4010 779 4079 ἀγαθῶν
808 4013 1111 4067 ἀπόλαυσιν
1143 4013 1391 4085 βεϐαίαν,
1431 4016 1527 4069 καὶ
1564 4015 1664 4085 τὴν
1687 4017 1796 4072 τῶν
1830 4020 1995 4073 ἀπόν-

417 4120 528 4158 των
564 4105 894 4175 προσδοκίαν
921 4107 1427 4179 τελεσφορουμένην
1452 4112 1703 4181 σχήσειν,
1731 4111 1824 4166 τοῦ
1853 4112 1992 4167 Θεοῦ

417 4198 511 4252 τὶν
550 4198 933 4269 ἀπεριόριστον
979 4202 1077 4254 καὶ
1132 4202 1515 4273 ἀπερίγραφον
1564 4204 1796 4258 πλοῦτον
1825 4206 1992 4261 αὐτοῦ

417 4289 513 4344 διὰ
542 4291 670 4354 τοὺς
709 4290 895 4357 ἀξίους
932 4293 1027 4346 καὶ
1069 4292 1197 4358 τοὺς
1226 4293 1480 4360 ἀναξίους
1505 4295 1881 4366 δωρουμένου.

493 4381 947 4451 Εὐδαιμονιστόον
979 4382 1078 4452 μὲν
1127 4384 1222 4437 καὶ
1274 4383 1462 4455 χώραν
1488 4386 1584 4438 καὶ
1629 4385 1834 4452 οἰκίαν,
1861 4387 1993 4441 ὅταν

421 4469 521 4543 ἔχῃ
549 4472 675 4526 τινὰ
703 4473 1012 4527 σπουδαῖονο
1058 4474 1578 4545 κακοδαιμονιστέον
1603 4475 1681 4544 δὲ,
1712 4476 1840 4531 ὅταν
1866 4477 1993 4549 ἔρη-

422 4580 524 4634 μος
631 4564 898 4622 τοιούτου.

496 4654 702 4710 Ἕνεκα
756 4658 857 4727 μὲν
884 4659 994 4712 τῶν
1025 4659 1247 4728 φαύλων
1275 4660 1506 4730 οὐδεμία
1541 4661 1694 4722 πόλις
1734 4659 2000 4729 ήρὲμισεν

421 4753 509 4810 ἄν·
540 4753 854 4823 διαμένουσι
897 4752 955 4807 δὲ
988 4755 1336 4808 ἀστασίαστοι
1393 4753 1460 4808 δι’
1493 4753 1611 4817 ἑνὸς
1743 4752 2001 4823 δευτέρου

426 4843 823 4910 συνοικοῦντος,
848 4845 908 4899 οῦ
934 4848 967 4917 ή
990 4845 1158 4917 ἀρετὴ
1180 4846 1277 4907 τὰς
1299 4844 1581 4908 πολιτικὰς
1611 4844 1800 4906 νόσους
1830 4845 2001 4911 ἰᾶται,

422 4938 594 5009 γέρας
627 4938 995 5008 ἀπονέμοντος
1037 4938 1130 4994 τοῦ
1164 4938 1459 5009 φιλαρέτου
1496 4935 1633 4990 Θεοῦ
1688 4937 2004 5004 καλοκαγα-

425 5030 569 5094 θίας.
622 5030 683 5085 τὸ
719 5030 792 5102 μὴ
831 5032 994 5101 μόνον
1035 5031 1226 5098 αὐτὸν,
1262 5030 1396 5085 ἀλλά
1448 5030 1545 5084 καὶ
1589 5029 1718 5092 τούς
1765 5030 2003 5098 πλησιά-

428 5118 627 5184 ζοντας
661 5120 914 5189 ὠφελεῖν.

392 5226 399 5229 ·
502 5213 734 5283 Ἄνδρες
787 5214 1025 5282 ἀγαθοὶ,
1081 5213 1489 5284 τροπικώτερον
1536 5212 1715 5266 εἰπεῖν
1746 5253 1762 5278 ,
1821 5210 2002 5275 κίονές

426 5303 558 5366 είσι,
593 5302 769 5374 δῆμον
801 5303 924 5357 ὅλον
952 5302 1355 5374 ὑπερείδοντες,
1394 5302 1653 5372 καθάπερ
1688 5300 1869 5366 οἰκίας
1905 5315 2002 5370 με·

429 5395 624 5466 τάλας,
658 5395 756 5460 τὰς
792 5394 978 5458 πόλεις
1005 5394 1100 5448 καὶ
1134 5394 1233 5457 τὰς
1264 5393 1575 5457 πολιτείας.

1027 5482 1247 5539 ΛΟΓΟΣ
1270 5484 1406 5539 MB’.

833 5577 974 5647 Περὶ
1003 5575 1267 5631 πολιτῶν
1285 5573 1630 5646 μοχθηρῶν.

502 5676 567 5730 Οί
600 5672 697 5730 ἀνθ
707 5689 878 5744 ρωποι
902 5672 953 5725 οἱ
986 5672 1045 5725 ὲν
1067 5670 1319 5739 Σοδόμοις
1347 5668 1664 5741 ἁμαρτωλοὶ
1719 5670 1819 5726 καὶ
1846 5686 2005 5742 now;-

431 5769 514 5838 po‘z
551 5764 794 5819 ἐναντίον
822 5762 914 5816 τοῦ
944 5762 1081 5817 Θεοῦ
1113 5762 1339 5832 σφόδρα.

499 5858 578 5911 Οὐ
612 5855 853 5928 πορεύσῃ
882 5854 1071 5920 δολίως
1094 5856 1151 5909 ἐν
1174 5852 1253 5924 τῷ
1286 5851 1575 5930 ἕθνεισου.

2086 2074 2349 2131 invenero
2371 2073 2624 2131 Sodomis
2647 2075 3044 2147 quinquaginta
3062 2074 3265 2144 iustos,
3291 2082 3516 2146 propter
3546 2072 3672 2129 illos

2086 2168 2480 2240 quinquaginta
2509 2182 2616 2224 non
2650 2169 2872 2238 perdam
2903 2184 2918 2235 ;
2963 2175 3019 2224 et
3052 2167 3284 2239 reliqua.

2159 2260 2317 2315 Prov.
2345 2276 2404 2316 ιι.
2446 2261 2675 2330 Propter
2709 2260 3007 2317 bonitatem
3051 2257 3328 2328 iustorum
3375 2257 3671 2315 fortunatae

2088 2352 2310 2408 fuerunt
2348 2352 2621 2409 civitates.

2157 2443 2216 2498 lu
2252 2442 2726 2499 benedictionibus
2768 2441 3047 2513 iustorum
3080 2442 3415 2498 exaltabitur
3452 2443 3672 2501 civitas.

2161 2534 2538 2591 Habitationes
2564 2534 2837 2606 iustorum
2879 2533 3169 2590 fortunatae
3202 2543 3256 2590 et
3285 2533 3493 2590 felices.

2164 2627 2267 2682 Per
2307 2629 2470 2683 unius
2515 2628 2726 2699 sagacis
2760 2626 2999 2683 hominis
3032 2626 3380 2698 prudentiam
3415 2625 3675 2697 frequens

2089 2723 2195 2778 erit
2223 2722 2417 2777 incolis
2450 2721 2662 2776 civitas.

2163 2814 2337 2871 Eccle.
2369 2814 2480 2871 Hoc
2527 2814 2697 2870 etiam
2740 2812 2869 2882 vidi,
2920 2812 3244 2883 sapientiam
3293 2811 3396 2868 sub
3441 2811 3579 2875 sole,
3626 2822 3681 2867 et

2092 2922 2289 2978 magna
2322 2914 2410 2965 est
2438 2908 2581 2978 apud
2617 2922 2704 2963 me
2734 2922 2900 2978 parva
2940 2906 3154 2970 civitas,
3204 2913 3258 2960 et
3302 2904 3459 2975 pauci
3508 2905 3562 2960 in
3611 2919 3678 2959 ea

2091 2999 2219 3065 viri,
2260 2999 2529 3055 adversus
2559 3012 2723 3069 quam
2750 2998 2905 3054 venit
2937 3011 3032 3052 rex
3066 3010 3320 3065 magnus,
3352 2995 3681 3065 obseditque

2092 3101 2148 3147 et
2179 3106 2405 3162 magnos
2430 3105 2654 3162 aggeres
2676 3091 2941 3146 adversus
2968 3103 3088 3145 eam
3118 3087 3399 3158 congessit
3422 3096 3477 3142 et
3493 3085 3682 3141 obval-

2096 3179 2248 3235 lavit.
2293 3179 2550 3236 Iuventus
2570 3186 2751 3234 autem
2780 3186 2863 3233 est
2895 3191 3099 3248 pauper
3126 3176 3180 3231 in
3204 3188 3286 3242 ca,
3313 3174 3406 3230 sed
3434 3173 3679 3244 sapiens,

2093 3274 2186 3344 qui
2223 3289 2345 3330 eam
2378 3273 2569 3329 urbem
2603 3271 2809 3329 salvam
2848 3268 3105 3342 praestitit
3134 3282 3234 3324 sua
3260 3266 3550 3338 sapientia.

2165 3456 2236 3515 Ut
2265 3467 2512 3514 aromata
2548 3458 2774 3514 odorata
2806 3453 3107 3526 fragrantia
3139 3466 3238 3508 sua
3287 3449 3682 3506 circumfusum

2093 3563 2271 3604 aerem
2331 3547 2629 3615 complent,
2661 3547 2743 3602 sic
2774 3546 2877 3600 viri
2917 3543 3043 3600 boni
3075 3538 3366 3612 praesentia
3407 3540 3684 3610 proximis

2096 3638 2360 3694 utilitates
2390 3638 2568 3693 adfert
2591 3636 2881 3707 plurimas.

2167 3728 2428 3784 Philonis.
2472 3726 2608 3784 Cum
2642 3727 2823 3783 virum
2857 3726 3093 3798 aliquem
3126 3728 3331 3785 bonum
3379 3727 3480 3783 vel.
3506 3725 3563 3781 in
3608 3724 3688 3783 fa-

2096 3822 2243 3878 milia
2266 3818 2449 3892 aliqua
2477 3820 2561 3875 vel
2586 3819 2639 3874 itt
2662 3820 2887 3875 civitate
2914 3820 3118 3875 versari
3148 3818 3546 3885 animadverto,
3564 3833 3687 3873 eam

2095 3914 2362 3970 familiam
2396 3922 2491 3969 aut
2517 3913 2798 3968 civitatem
2841 3913 3054 3969 beatam
3090 3913 3348 3982 prmdico,
3394 3911 3689 3968 existimo-

2094 4022 2202 4078 que
2223 4021 2344 4062 eam
2375 4014 2430 4062 et
2463 4004 2834 4076 praésentibus
2867 4004 3034 4063 bonis
3084 4004 3293 4079 perfrui
3348 4004 3601 4069 ﬁrmiter,
3636 4015 3691 4060 et

2094 4114 2281 4155 eorum
2317 4113 2441 4169 quae
2466 4098 2667 4153 desunt
2695 4097 3002 4168 exspectari
3050 4112 3156 4153 non
3198 4097 3411 4160 frustra.
3439 4096 3691 4168 copiam,

2095 4205 2216 4246 cum
2247 4190 2389 4246 Deus
2414 4189 2684 4244 infinitam
2713 4198 2771 4245 et
2794 4189 3329 4260 incircumscriptam
3357 4188 3692 4259 opulentiam

2095 4294 2252 4336 suam
2281 4290 2499 4350 propter
2528 4279 2723 4349 dignos
2756 4279 2994 4351 indignis
3021 4281 3187 4336 etiam
3220 4279 3407 4353 largiri
3438 4282 3631 4337 soleat.

2166 4371 2317 4430 Felix
2348 4371 2583 4442 iudicari
2611 4379 2853 4427 meretur
2875 4379 2929 4426 et
2954 4371 3148 4427 civitas
3174 4379 3228 4427 et
3266 4371 3419 4443 regio
3445 4381 3501 4426 et
3531 4371 3693 4425 fami-

2100 4465 2194 4531 lia,
2225 4480 2351 4519 cunt
2386 4463 2624 4534 aliquem
2661 4462 2860 4518 virtute
2886 4462 3175 4533 praeditum
3206 4462 3460 4519 habuerit
3491 4478 3505 4514 :
3543 4463 3683 4517 infe-

2026 4585 2076 4644 υ
2099 4558 2174 4613 lix
2207 4566 2413 4622 autem,
2454 4570 2578 4611 cum
2608 4554 2702 4610 tali
2746 4556 2865 4609 viro
2900 4555 3164 4609 caruerit.

2176 4649 2559 4720 improborum
2585 4647 2805 4716 quidem
2833 4661 2998 4702 causa
3024 4646 3175 4702 nulla
3208 4645 3519 4715 respublica
3549 4654 3696 4701 tran-

2106 4743 2276 4812 quilla
2327 4749 2494 4806 esset,
2558 4739 2649 4796 sed
2712 4738 2831 4793 sine
2884 4736 3155 4793 seditione
3212 4735 3415 4791 durant
3466 4744 3695 4805 promer

2105 4849 2275 4890 unum
2334 4841 2428 4888 aut
2470 4831 2702 4886 alterum
2760 4829 2957 4895 civem,
3008 4827 3165 4899 cujus
3217 4828 3393 4882 virtus
3439 4827 3694 4883 civilibus

2106 4924 2317 4982 morbis
2351 4923 2619 4987 medetur,
2649 4920 2761 4977 Deo
2793 4919 2906 4991 (cui
2937 4919 3113 4975 virtus
3138 4925 3193 4974 et
3226 4917 3470 4988 probitas
3499 4917 3699 4987 placet)
3728 4940 3731 4943 λ

2108 5018 2214 5074 boc
2245 5017 2527 5088 praemium
2553 5014 2776 5070 virtutis
2809 5013 3010 5069 cultori
3057 5011 3352 5074 tribuente,
3391 5018 3450 5065 ut
3490 5009 3549 5066 id
3588 5026 3698 5065 non

2113 5110 2291 5165 solum
2332 5108 2599 5178 seipsunt,
2640 5106 2733 5160 sed
2766 5104 2927 5160 etiam
2959 5103 3238 5173 proximos
3267 5100 3508 5172 adjuvet.

2181 5200 2316 5255 Boni
2349 5177 2452 5253 viri
2494 5199 2585 5269 (ut.
2614 5196 2899 5268 figuratius
2918 5177 3413 5260 dicam/columnae
3443 5202 3570 5248 sunt
3602 5207 3698 5262 po-

2112 5294 2301 5363 pulum
2328 5301 2503 5347 totum
2535 5290 2897 5351 sustinentes,
2918 5296 3178 5357 tanquam
3208 5298 3438 5356 magnas
3467 5285 3654 5342 domos
3678 5326 3694 5351 ,

2109 5385 2364 5441 civitates
2398 5390 2454 5438 et
2492 5380 2855 5450 respublicas.

2513 5470 2747 5529 SEBMO
2778 5469 2918 5525 XLII
2956 5469 3055 5543 [αί.
3087 5466 3313 5540 XXIX].

2600 5563 2675 5618 De
2705 5562 2903 5618 civibus
2935 5559 3210 5630 improbis.
3324 5566 3329 5573 ‘

2185 5659 2343 5731 185
2372 5657 2501 5714 Gen.
2551 5671 2664 5709 nx.
2717 5654 2878 5709 Cives
2927 5650 3289 5706 Sodomorum
3348 5644 3607 5704 scclerosi
3640 5653 3705 5701 et.

2111 5753 2347 5824 improbi
2378 5751 2428 5805 in
2458 5756 2757 5817 conSpectu
2795 5744 2887 5800 Dei
2929 5744 3303 5798 vehementer.

2186 5844 2355 5903 Leuit.
2386 5858 2497 5898 tux.
2533 5839 2591 5896 In
2629 5837 2825 5910 popqu
2853 5843 2947 5892 tuo
2976 5849 3043 5891 ne
3069 5832 3261 5892 dolose
3298 5832 3466 5902 agito.
