2028 3207
250 167 319 203 1107

284 226 335 258 Per
347 230 462 259 stultum
475 240 507 262 os
516 234 678 270 illaqueatur
695 240 804 269 civitas.

281 273 432 312 lmpiorum
448 287 495 308 ore
508 280 608 310 dirutae
623 289 687 313 sunt
701 286 793 315 urbes.

280 322 361 352 Prov.
377 332 445 353 xvu.
459 324 623 356 Perversum
641 338 688 359 cor
708 331 858 362 fabricatur
870 338 943 365 mala
967 346 1038 373 quo-

243 368 287 397 vis
303 374 424 405 tempore
439 380 446 398 :
461 377 488 401 et
501 373 584 403 homo
601 377 662 405 talis
676 379 780 408 civitati
797 382 892 411 turbas
914 385 1036 419 excitat,

243 416 278 444 ob
295 424 377 452 quam
395 426 505 448 causam
522 429 635 457 repente
657 426 732 453 venit
756 427 830 456 illius
847 429 971 464 exitium,
994 432 1036 459 di-

240 461 375 491 scinditur
401 469 427 492 et
443 467 606 502 conteritur,
622 469 659 497 ita
677 476 708 499 ut
724 473 830 501 nullum
846 476 934 510 possit
959 478 1036 506 inve-

240 507 292 534 niri
309 510 472 545 remedium,
490 513 554 548 quia
578 515 731 545 delectatur
755 519 790 547 iis
810 507 956 556 omnibus,
973 532 1035 558 quae

238 552 371 583 Dominus
388 556 446 590 ipse
458 558 526 591 odit,
539 562 695 590 conteritur
718 569 807 592 autem
825 573 937 603 propter
947 552 1033 598 animi

238 596 441 632 impuritatem.

1055 251 1079 280 A

273 641 431 673 Subsannat
449 647 523 676 cives
547 651 645 679 mentis
673 651 764 688 inops,
785 655 827 683 vir
856 661 947 686 autem
967 668 1032 696 pru-

235 687 304 716 dens
316 690 427 723 quietus
440 696 494 719 est.

272 733 360 764 Eccle.
377 744 416 765 ll.
436 738 558 769 Peccans
571 749 643 770 unus
655 744 747 778 perdit
765 745 914 777 bonitatem
930 751 1028 780 multa-

234 783 308 808 tum.

267 826 368 856 Musam
395 836 512 861 mortuae
534 835 657 870 putidam
685 838 802 868 reddunt
828 842 1026 873 coniectionem

232 871 284 899 olei
300 877 496 906 suaveolentis.

266 918 318 951 Qui
335 920 362 947 in
378 929 411 949 ea
425 922 594 960 habitabant,
607 928 675 957 falsa
687 929 1016 973 loquebantur,'etliugu.t
1035 931 1055 959 Β

229 963 352 999 ipsorum
368 967 437 996 elata
453 975 495 998 est
509 972 535 999 in
553 973 675 1009 ipsorum
690 985 749 1006 ore.

265 1010 312 1039 lsti
330 1019 395 1042 sunt
418 1015 468 1044 viri
491 1018 538 1053 qui
554 1020 624 1048 mala
651 1024 855 1059 excogitarunt,
874 1031 902 1055 et
922 1029 1023 1057 malum

228 1058 373 1086 consilium
417 1062 554 1096 capientes
585 1065 612 1094 in
647 1058 758 1097 civitate
794 1072 844 1100 hac
874 1074 1022 1102 dixerunt:

227 1102 291 1130 llaec
315 1110 358 1132 est
375 1106 461 1140 lebes,
476 1116 526 1137 nos
542 1115 630 1138 autem
656 1121 753 1143 carnes
779 1116 806 1144 in
831 1119 921 1146 medio
947 1121 1016 1154 ejus.

226 1147 322 1183 ltaque
340 1151 471 1180 Dominus
487 1155 572 1183 dicit:
590 1157 687 1186 Mortui
705 1163 787 1189 vestri
805 1170 874 1197 quos
890 1166 915 1192 in
932 1168 1021 1194 medio

225 1195 285 1228 ejus
306 1200 491 1233 percussistis,
504 1201 529 1228 hi
545 1209 608 1230 sttnt
627 1213 732 1240 carnes,
747 1208 802 1236 bzec
818 1216 908 1237 autem
925 1218 966 1239 est
983 1213 1020 1240 le-

227 1239 285 1271 bes,
303 1249 407 1277 vosque
421 1244 534 1272 educaui
553 1256 567 1274 e
581 1250 669 1278 medio
686 1252 744 1286 ejus
758 1262 764 1284 ;
780 1255 902 1289 gladium
922 1259 1019 1285 metui-

227 1285 272 1317 tis,
293 1293 322 1313 at
334 1295 383 1323 ego
400 1289 519 1322 gladium
535 1294 667 1330 adducam
686 1298 712 1324 in
729 1307 778 1327 vos
792 1301 867 1334 (dicit
886 1303 1019 1332 Dominus

223 1334 345 1361 omnium
362 1343 449 1363 rerum
464 1342 636 1377 praepotens),
650 1349 676 1371 et
692 1345 796 1373 tradant
813 1356 859 1376 vos
872 1349 899 1377 in
915 1351 1019 1379 alieno-

223 1385 284 1405 rum
301 1388 412 1415 manus,
425 1387 453 1410 et
472 1388 605 1415 exercebo
627 1389 652 1416 in
671 1398 718 1419 vos
733 1391 846 1426 judicia.

424 1483 538 1511 SERMO
555 1486 634 1513 XLIII
651 1489 699 1522 [αι.
717 1489 799 1527 XIII].

331 1528 370 1555 De
385 1532 519 1559 motum/tis
534 1534 623 1568 probis
637 1540 661 1562 et
677 1536 751 1565 bonis
766 1539 906 1573 pne/entia.

254 1603 286 1632 ll
310 1605 402 1635 Paral.
423 1616 468 1636 xx.
490 1609 585 1639 Estotc
608 1612 694 1641 fortes
707 1635 714 1648 ,
732 1623 783 1643 nec
798 1625 895 1646 manus
913 1627 1012 1650 vestrae
1026 1603 1048 1632 ο

219 1651 419 1687 dissolvantur,
437 1657 501 1690 quia
518 1664 622 1686 merces
636 1664 677 1687 est
693 1669 782 1695 operae
795 1669 903 1693 vestrae.

253 1698 268 1724 1
282 1697 343 1733 Reg.
361 1708 389 1729 ιι.
406 1700 520 1729 Domino
532 1704 644 1738 iuvante
661 1713 782 1742 curram,
800 1710 931 1746 singulari
949 1722 1010 1741 cer-

218 1746 321 1773 tamine
339 1754 475 1782 pugnans,
491 1754 517 1777 et
533 1751 685 1780 auxiliante
708 1753 765 1782 Deo
788 1759 938 1787 transiliam
951 1769 1010 1789 mu-

216 1795 289 1815 rum.

255 1833 450 1867 Paul.cxxxlt.
478 1841 548 1870 Ecce
574 1844 658 1880 igitur
686 1848 751 1883 quid
780 1849 934 1883 honestius.
962 1858 1009 1880 aut

215 1881 280 1915 quid
294 1882 443 1916 jucundius
461 1895 541 1922 quam
562 1890 662 1920 fratres
675 1881 850 1923 concorditer
863 1898 1009 1925 habitare?

252 1926 331 1956 Prov.
354 1930 475 1959 Salutem
507 1935 585 1968 quasi
613 1938 768 1966 thesaurum
792 1942 915 1969 recondit
936 1950 1007 1972 recte

214 1979 244 1999 se
260 1976 416 2008 gerentibus
433 1977 575 2013 Dominus,
597 1986 667 2017 teget
678 1985 756 2018 qttasi
772 1986 869 2022 clypeo
881 1996 1005 2023 gressum

213 2019 335 2054 illorum,
349 2026 378 2048 ut
392 2030 501 2051 servent
520 2027 651 2055 rationem
665 2030 802 2064 justorum
818 2034 1001 2064 decretorum.

251 2066 338 2094 Eccle.
358 2076 393 2096 tv.
411 2069 469 2097 Duo
487 2077 617 2106 praestant
631 2076 688 2107 uni,
705 2078 804 2112 quibus
821 2081 888 2114 ipsis
901 2087 942 2109 est
957 2092 1005 2118 op-

212 2113 277 2139 tima
302 2122 407 2143 merces
434 2119 459 2143 in
481 2119 575 2147 labore
591 2124 728 2150 communi
746 2133 753 2149 :
776 2127 839 2159 quia
856 2129 880 2154 si
897 2130 1003 2157 cecide-

213 2158 283 2190 rint,
313 2160 381 2187 alter
400 2162 475 2189 tollet
494 2165 597 2191 socium
625 2175 713 2195 sumn.
745 2158 879 2199 Etrtniser
899 2180 940 2201 cst
957 2176 1001 2208 qui

210 2204 283 2232 solus
302 2211 352 2238 est.
369 2207 391 2235 si
409 2210 539 2238 ceciderit
554 2233 560 2244 ,
579 2213 640 2247 quia
657 2222 708 2242 non
724 2217 759 2244 sit
781 2217 860 2251 alter,
876 2220 921 2254 qui
941 2228 1001 2248 eum

210 2252 295 2285 possit
308 2253 423 2288 erigere.

244 2296 323 2324 Cant.
342 2307 366 2326 v.
381 2299 450 2327 Exui
470 2302 591 2330 tunicam
609 2312 707 2337 meam,
727 2308 866 2341 quomodo
880 2317 939 2336 eam
956 2310 999 2336 in-

208 2341 307 2370 (luam?
328 2344 392 2372 Lavi
420 2348 501 2381 pedes
529 2357 615 2382 meos.
635 2352 772 2385 quomodo
807 2355 999 2383 eontaminabo

206 2388 274 2415 eos?

245 2434 300 2463 Isa.
323 2444 396 2465 Ln't.
412 2438 497 2472 Quem
512 2442 656 2477 respiciam
677 2445 727 2472 nisi
743 2446 871 2474 humilem
886 2452 911 2475 et
924 2450 999 2484 quie-

208 2485 276 2512 tum.
287 2486 314 2509 et
329 2487 487 2512 trementem
503 2494 643 2516 sermones
661 2491 759 2517 meos?

242 2525 313 2554 Ibid.
332 2536 377 2555 XL.
394 2530 445 2562 Qui
462 2531 605 2560 Dominum
622 2541 793 2569 exspectant,
822 2546 906 2567 novas
928 2542 996 2568 sub-

206 2569 269 2597 inde
287 2572 357 2601 vires
373 2575 514 2610 recipient,
528 2584 554 2605 et
572 2580 724 2614 aquilarum
741 2583 821 2619 186
838 2592 912 2613 more
929 2595 997 2621 pen-

206 2623 255 2643 nas
274 2618 413 2652 emittent;
430 2628 552 2656 current,
571 2629 598 2652 et
614 2634 667 2654 non
682 2618 920 2665 dcl'atigabuntur;
939 2640 997 2660 am-

206 2661 354 2696 bulabunt,
370 2670 397 2691 et
410 2674 463 2693 non
478 2671 608 2698 esurient.

240 2706 338 2735 Jerem.
356 2709 429 2739 Utile
443 2720 484 2741 est
508 2717 606 2751 cuique
634 2719 694 2746 viro
718 2721 768 2749 sub
792 2723 857 2757 jugo
887 2723 993 2752 Domini

206 2750 292 2779 fuisse
303 2752 330 2779 in
345 2754 487 2788 juventute
502 2750 568 2792 sua,
579 2762 684 2790 Sedebit
701 2765 776 2792 solus
792 2750 819 2793 et
834 2769 943 2795 tact-bit.

243 2796 333 2827 Bonus
347 2807 390 2829 est
408 2802 540 2832 Dominus
553 2807 586 2834 iis
604 2810 649 2843 qui
669 2810 757 2844 ipsum
789 2813 922 2846 patientur
948 2824 992 2842 (-x<

207 2849 338 2876 spectant.

242 2887 323 2917 Ercli.
339 2900 366 2919 ιι.
383 2892 443 2927 ι-’ῑιὶΖ
461 2896 482 2923 si
494 2899 609 2927 auctius
626 2900 658 2927 ad
675 2903 847 2932 serviendum
865 2904 989 2940 liciniuo,

1013 2273 1034 2300 ί)

879 188 1037 222 ΑΝΤΟΝΙΙ
1059 194 1085 224 Μ
1091 194 1231 229 ΕΠΞΞΑΕ

1816 208 1899 243 1108

1135 252 1178 280 Ἐν
1196 255 1312 290 στόματι
1329 258 1457 294 ἀφρόνων
1473 261 1558 296 παγὶς
1570 262 1708 296 πολίταις.

1128 299 1248 334 Στόματι
1260 302 1367 331 ἀσεδῶν
1377 307 1591 343 κατεσκάφησαν
1605 309 1708 342 πόλεις.

1129 345 1337 385 Διιστραμμένη
1350 352 1450 386 καρδία
1470 354 1642 382 τεκταίνεται
1666 357 1739 384 κακὰ
1759 357 1790 385 ἐν
1803 362 1902 388 παντὶ

1092 391 1192 427 καιρῷ.
1224 392 1256 421 '0
1277 396 1398 429 τοιοῦτος
1417 400 1542 434 ταραχὰς
1569 401 1713 438 συνίστησι
1731 404 1824 437 πόλει,
1848 406 1900 433 διὰ

1089 437 1170 464 τοῦτο
1183 438 1315 476 ἐξαπίνης
1330 441 1442 478 ἔρχεται
1455 445 1472 479 ἡ
1501 443 1626 474 ἀπώλεια
1640 448 1736 482 αὐτοῦ,
1764 450 1899 488 διακοπὴ

1091 483 1139 509 καὶ
1156 486 1287 522 συντρισὴ
1302 487 1423 521 ἀνίατος,
1437 490 1479 517 ὅτι
1494 492 1585 527 χαίρει
1602 493 1649 520 ἐπὶ
1673 497 1758 522 πᾶσιν
1773 495 1816 529 οἷς
1841 483 1896 532 tat-

1090 529 1159 556 σεῖό
1174 529 1287 566 Κύριος,
1312 534 1487 569 συντρίϐεται
1516 537 1546 564 δὲ
1567 538 1614 566 διὰ
1641 539 1816 577 ἀκαθαρσίαν
1835 529 1897 579 dm-

1087 574 1150 610 κῆςο

1121 663 1293 701 Μυκτηρίζει
1308 668 1419 702 πολίτας
1430 670 1522 707 ινδεὴς
1537 674 1654 709 φρενῶν.
1677 675 1758 714 Ἀνὴρ
1767 678 1798 706 δὲ
1812 681 1893 716 φρό-

1085 717 1163 745 νιμος
1174 712 1291 748 ἡσυχίαν
1303 715 1375 750 ἄγει.

1125 756 1306 794 ’Δμαρτάνων
1338 759 1380 794 εἷς
1417 764 1546 793 ἀπολέσει
1584 767 1771 805 ἀγαθωσύνην
1809 771 1888 799 πολ-

1083 800 1148 829 λῶν.

1117 849 1204 877 Μυῖαι
1234 851 1398 881 θανατοῦσαι
1427 856 1573 891 σαπριοῦσι
1602 860 1753 888 σκευασίαν
1780 862 1886 892 ἐλαίου

1081 893 1247 930 ἡδύσματος.

1104 941 1136 967 Oi
1163 943 1353 977 κατοικοῦντες
1384 947 1469 984 αὐτὴν
1501 949 1614 979 ἐλάλουν
1641 952 1738 988 ψευδῆ,
1767 957 1820 984 καὶ
1859 958 1882 993 ὴ

1076 986 1186 1020 γλῶσσα
1199 988 1290 1016 αὐτῶν
1301 991 1395 1028 ὑψώθη
1413 994 1443 1020 ἐν
1457 995 1495 1029 τῷ
1511 997 1625 1031 στόματι
1642 986 1744 1028 αὐτῶν.

1112 1028 1193 1060 Οὗτοι
1209 1034 1234 1060 οι
1253 1035 1349 1071 ἄνδρες
1370 1038 1395 1064 oi
1412 1028 1584 1075 λογιζόμενοι
1601 1043 1714 1078 μάταια,
1739 1047 1788 1074 καὶ
1805 1047 1879 1083 Bou-

1075 1077 1216 1112 λευόμενοι
1231 1080 1332 1117 βουλὴν
1343 1086 1466 1119 πονηρὰν
1489 1086 1519 1113 ἑν
1533 1088 1565 1123 τῇ
1591 1077 1668 1116 τιόλει
1693 1092 1793 1128 ταύτῃ,
1805 1077 1876 1122 ,καὶ

1074 1122 1210 1157 λέγοντες·
1231 1125 1304 1163 Αὕτη
1322 1130 1395 1156 ἐστὶν
1409 1131 1423 1157 ὁ
1449 1132 1540 1166 λέϐης,
1560 1122 1653 1169 ἡμεῖς
1680 1137 1709 1164 δὲ
1724 1122 1872 1174 talpa.

1074 1171 1121 1196 Διὰ
1142 1170 1219 1198 τοῦτο
1231 1174 1293 1200 τάδε
1311 1175 1383 1209 λέγει
1400 1177 1512 1213 Κύριος·
1541 1178 1610 1211 Τοὺς
1625 1183 1741 1217 νεκροὺς
1771 1185 1870 1220 ὑμῶν,

1072 1214 1117 1246 οὓς
1129 1217 1280 1250 ἐπα-τάξατε
1292 1220 1321 1246 ὲν
1337 1223 1412 1257 μέσῳ
1437 1223 1534 1258 αὐτῆς,
1559 1225 1633 1253 οὗτοι
1663 1229 1717 1254 εισι
1731 1229 1766 1255 τὰ
1781 1231 1869 1265 κρέα.

1071 1260 1143 1295 Αὕτη
1158 1263 1184 1289 δέ
1198 1265 1297 1291 ἐστινὸ
1314 1266 1406 1301 λέδης.
1439 1269 1495 1296 Καὶ
1524 1270 1598 1305 ὑμᾶς
1622 1272 1710 1306 ἐξάξω
1729 1275 1763 1301 ἐκ
1777 1260 1869 1311 μέσον

1070 1308 1167 1341 αὐτῆς.
1190 1309 1340 1344 Ῥομφαίαν
1367 1314 1507 1348 φοόεϊσθε,
1532 1318 1582 1344 καὶ
1601 1319 1743 1354 ῥομφαίαν
1765 1308 1867 1356 ἔνπάξω

1069 1353 1112 1386 ἐφ’
1137 1354 1220 1388 ὑμᾶς,
1242 1356 1315 1390 λέγει
1334 1359 1438 1394 Κύριος
1465 1353 1676 1400 παντοκρᾶτιυρν,
1706 1368 1755 1394 καὶ
1779 1353 1866 1396 δώᾶω

1069 1399 1140 1433 ὑμᾶς
1163 1402 1202 1432 εἰς
1230 1404 1324 1437 χεῖρας
1361 1406 1520 1443 ἀλλοτρίων,
1547 1412 1594 1439 καὶ
1619 1413 1726 1448 ποιήσω
1738 1414 1768 1441 ἐν
1792 1415 1865 1451 ὑμῖν

1067 1445 1199 1480 κρίματα.

1361 1510 1470 1538 ΛΟΓΟΣ
1494 1512 1561 1541 MF’.

1066 1550 1134 1583 Περὶ
1157 1552 1298 1587 μοναχῶν
1323 1557 1467 1620 χρηστᾱόις
1493 1558 1543 1585 καὶ
1579 1560 1756 1596 ἡγουμένων
1780 1562 1860 1598 ἀτα-

1448 1602 1501 1620 ων.

1448 1602 1501 1621 ων.

1108 1632 1260 1668 Ἰσχύσατε,
1278 1637 1326 1663 καὶ
1344 1638 1382 1673 μὴ
1397 1639 1590 1668 ὲκλυέσθωσαν
1610 1643 1640 1669 αἱ
1660 1644 1751 1679 χεῖρες
1765 1643 1858 1679 ὑμῶν,

1063 1677 1103 1704 ὅτι
1118 1679 1176 1705 ἐστὶ
1193 1681 1288 1714 μισθὸς
1309 1683 1359 1718 τῆς
1383 1686 1515 1720 ἐργασίας
1538 1687 1626 1721 ὑμῶν.

1103 1723 1149 1749 Ἐν
1165 1724 1261 1761 Κυρίῳ
1276 1727 1435 1764 δραμοῦμαι
1456 1732 1618 1767 μονόζωνος,
1634 1734 1681 1760 καὶ
1691 1734 1719 1761 ὲν
1730 1734 1790 1770 Θεῷ
1807 1743 1856 1762 33')

1062 1768 1254 1805 ὑπερῦήσομαι
1275 1774 1375 1808 τεῖχος.

1101 1859 1166 1886 Ἰδοὺ
1187 1860 1219 1896 δὴ
1232 1861 1258 1888 τί
1275 1862 1369 1897 καλὸν,
1387 1865 1403 1900 ἢ
1418 1866 1445 1892 τί
1466 1866 1595 1902 τερπνὸν,
1607 1867 1664 1896 ἀλλ’
1679 1868 1695 1904 ἦ
1711 1869 1740 1896 τὺ
1756 1876 1853 1897 κατοι-

1060 1905 1117 1931 κεῖν
1132 1906 1266 1941 ἀδελφοὺς
1284 1910 1329 1935 ἐπὶ
1344 1910 1374 1936 τὸ
1391 1912 1458 1938 αὑτό
1471 1920 1479 1945 ς

1095 1949 1260 1986 Θησαυρίζει
1290 1954 1392 1989 Κύριος
1419 1957 1475 1988 τοῖς
1503 1958 1667 1994 κατορθοῦσι
1689 1961 1842 1996 σωτηρίαν·

1058 1996 1223 2030 ὑπερασπιΞῖ
1243 1999 1293 2034 τὴν
1314 2001 1427 2037 πορείαν
1453 2003 1555 2038 αὐτῶν,
1571 2005 1618 2031 τοῦ
1645 2005 1764 2040 φυλάξαι
1787 2008 1851 2035 ὁδὸν

1057 2042 1258 2078 δικαιωμάτων.

1099 2088 1213 2121 ’Λγαοὸν
1234 2091 1258 2116 οἱ
1284 2091 1330 2118 δύο
1350 2092 1421 2128 ὑπὲρ
1433 2093 1478 2120 τὸν
1495 2094 1554 2128 ἕνα,
1567 2092 1608 2127 οἷς
1631 2096 1706 2123 ἐστιν
1725 2098 1822 2130 αὐτοῖς
1835 2100 1850 2126 ὁ

1056 2134 1152 2168 μισθὸς
1168 2136 1273 2169 ἀγαθὸς
1295 2138 1324 2164 ἐν
1343 2139 1435 2174 μόχθῳ
1449 2140 1552 2166 αὐτῶν
1567 2141 1607 2168 ὃτι
1625 2142 1673 2168 ἐὰν
1691 2142 1820 2178 πέσωσιν,
1834 2146 1850 2172 6

1055 2178 1095 2211 εἷς
1107 2181 1199 2216 ἐγερεῖ
1214 2183 1259 2208 τὸν
1273 2183 1388 2219 μέτοχον
1405 2186 1498 2212 αὑτοῦ.
1517 2187 1571 2212 Καὶ
1587 2187 1650 2214 οὐαὶ
1660 2187 1698 2223 τῷ
1714 2189 1764 2221 ἑνὶ,
1780 2190 1848 2218 ὅταν

1056 2226 1137 2261 πέσῃ,
1154 2227 1202 2253 καὶ
1219 2228 1256 2263 μὴ
1302 2229 1431 2266 δεύτερος
1448 2232 1555 2266 ἐγεῖραι
1572 2233 1666 2262 αὐτόν.

1093 2317 1277 2353 Ἐξεδυσάμην
1303 2319 1349 2346 τὸν
1379 2320 1483 2355 χιτῶνά
1509 2330 1578 2355 μου,
1606 2322 1665 2354 πῶς
1695 2323 1845 2360 ἐνδύσομαι

1051 2362 1150 2395 αὑτόν;
1177 2364 1329 2400 Ἐνιψάμην
1359 2367 1423 2398 τοὺς
1449 2366 1534 2398 πόδας
1564 2376 1628 2402 μου,
1659 2369 1719 2402 πῶς
1737 2370 1846 2406 μολυνῶ

1050 2407 1148 2440 αὐτούς
1159 2417 1167 2441 ;

1091 2454 1153 2481 Ἐπὶ
1165 2456 1227 2483 τινα
1241 2457 1390 2492 ἐπιϐλέψω,
1412 2460 1471 2486 ἀλλ’
1486 2461 1502 2496 ἢ
1520 2462 1566 2489 ἐπὶ
1582 2462 1629 2489 τὸν
1643 2463 1773 2491 ταπεινὸν
1794 2472 1843 2492 και

1049 2499 1173 2535 ἡσύχιον,
1185 2503 1233 2529 καὶ
1247 2503 1384 2538 τρέμοντά
1400 2514 1450 2539 μου
1464 2508 1527 2539 τοὺς
1543 2508 1658 2543 λόγους;

1085 2547 1116 2573 Oi
1139 2548 1322 2583 ὑπομένοντες
1351 2551 1397 2578 τὸν
1426 2552 1530 2587 Κύριον
1553 2554 1718 2589 ἀλλάξουσιν
1749 2557 1840 2593 ἰσχὺν,

1048 2594 1287 2628 πτεροφυήσουσιν
1310 2596 1347 2627 ὡς
1373 2597 1449 2624 ἀετοὶ
1462 2606 1470 2613 ⁸
1486 2598 1665 2634 δραμοῦνται,
1680 2602 1729 2628 καὶ
1744 2602 1776 2629 οὺ
1793 2611 1842 2630 xo-

1047 2639 1176 2665 πιάσουσι
1194 2647 1200 2654 ·
1216 2640 1385 2676 βαδιοῦνται,
1401 2644 1448 2671 καὶ
1462 2644 1493 2671 οὺ
1510 2646 1695 2674 πεινάσουσιν.

1093 2728 1209 2762 Ἀγαθὸν
1227 2730 1306 2766 ἀνδρὶ
1322 2731 1385 2758 ὅταν
1400 2733 1454 2769 ἄρῃ
1475 2735 1557 2768 ζυγὸν
1573 2735 1602 2762 ἐν
1616 2737 1723 2772 νεότητι
1738 2737 1837 2765 αὐτοῦ·

1047 2774 1188 2800 καίλὶσεται
1205 2777 1276 2802 κατὰ
1294 2777 1378 2812 μόνας
1392 2779 1440 2805 καὶ
1459 2782 1641 2816 σιωπήσεται.

1087 2820 1200 2854 ’Λγαθὸς
1222 2822 1325 2858 Κύριος
1340 2826 1396 2857 τοῖς
1416 2826 1600 2861 ὑπομένουσιν
1616 2829 1709 2856 αὐτόν.

1080 2911 1192 2945 Τέκνον,
1210 2914 1233 2940 εἰ

1260 2915 1400 2952 προσέρχῃ
1417 2917 1553 2946 δουλεύειν
1573 2919 1610 2955 τῷ
1632 2919 1739 2956 Κυρίῳ,
1764 2920 1838 2949 ἑτοί-
