4056 6418
393 380 532 447 ιιυο

390 588 619 659 καρδίαν
648 604 764 653 σου,
801 588 896 640 καὶ
924 588 1298 658 καρτέρησον·
1334 591 1431 644 καὶ
1481 590 1556 660 μὴ
1615 591 1856 662 σπεύσῃς
1904 593 1960 643 ἐν

1160 381 1332 443 LOCI
1353 383 1788 445 COMMUNES.
1832 409 1900 420 -
1951 385 2145 445 PARS
2189 386 2265 448 ll.
2309 385 2564 446 SERMO
2607 387 2822 450 XLIII.

395 514 569 568 μασου
615 495 714 564 τήν
761 495 942 566 ψυχήν
974 511 1066 549 σου
1109 497 1187 558 είς
1225 500 1532 568 πειρασμόν
1557 517 1570 532 ο
1614 499 1838 553 εὔθυνον
1867 499 1998 569 τὴν,

2075 500 2134 554 ad
2190 503 2544 557 tentationem
2597 503 2838 557 animum
2911 512 3059 558 tuum
3115 513 3440 575 praeparato.

3534 504 3641 560 Cor

2068 598 2217 643 tuum
2257 602 2466 646 rectum
2489 592 2678 661 facito,
2713 601 2769 648 et
2823 595 3040 660 durato,
3105 610 3204 650 nec
3261 593 3488 649 feStines
3527 595 3646 665 ipso

389 679 568 751 καιρῷ
614 680 933 748 ἐπαγωγῆς.
973 680 1283 752 Κολλήθητι
1345 681 1516 751 αὐτῷ,
1569 683 1665 736 καὶ
1698 682 1772 753 μὴ
1829 683 1963 736 ἀπο-

2075 683 2399 750 captivitatis
2432 692 2678 755 tempore
2709 705 2721 751 ;
2759 686 2994 757 abjuuge
3042 694 3094 740 te
3146 685 3224 739 illi
3267 701 3369 740 nec
3407 685 3643 752 deﬁcito,

391 775 542 841 στῇς,
575 772 659 824 ῖνα
684 771 924 842 αὐξηθῇς
953 773 1040 825 ἐπ’
1075 773 1320 842 ἐσχάτων
1348 788 1463 825 σοιν
1500 775 1607 827 πᾶν
1657 773 1686 827 ὃ
1739 773 1832 826 ὲάν
1863 775 1965 826 ἐπ-

393 865 532 935 αχθῇ
562 881 664 932 σοι,
691 865 860 930 δέξαι·
885 867 978 918 καὶ
1000 867 1056 918 ὲν
1086 865 1393 935 ἀλλάγματι
1449 865 1828 926 ταπεινώσεως
1871 884 1963 920 σου

395 957 859 1026 μακροθύμησον·
896 957 978 1010 ὅτι
1031 959 1086 1010 ὲν
1134 958 1269 1028 πυρὶ
1316 957 1674 1027 δοκιμάζεται
1722 959 1962 1028 χρυσός·

390 1049 478 1100 καὶ
529 1047 805 1116 ἄνθρωποι
850 1047 1030 1100 δεκτοὶ
1081 1048 1140 1100 ὲν
1183 1048 1405 1118 καμίνῳ
1448 1046 1856 1109 ταπεινώσεως.

476 1141 565 1192 Ἐν
629 1142 782 1210 μέσῳ
838 1139 1085 1209 ἀδελφῶν
1132 1140 1163 1192 ό
1217 1138 1519 1208 ἡγούμενος
1589 1139 1769 1193 αὐτῶν
1824 1140 1968 1193 ἐντι-

395 1248 518 1298 μοςο

463 1321 556 1390 Μὴ
590 1319 852 1374 ὲκλύεσθε
906 1318 1112 1390 ίσχύειν
1145 1319 1204 1372 έν
1248 1320 1468 1390 Κυρίῳ,
1521 1321 1612 1375 ἵνα
1650 1321 1970 1394 κραταιὼσῃ

391 1414 535 1482 ὑμᾶς
574 1413 762 1475 αὐτός.

461 1504 552 1574 Μὴ
582 1503 915 1573 περιϐλέπου
965 1507 1024 1560 ὲν
1077 1505 1280 1569 πύλαις
1331 1505 1562 1573 πόλεως,
1616 1505 1711 1560 καὶ
1745 1506 1803 1558 έν
1839 1507 1962 1570 ταῖς

392 1593 671 1655 πλατείαις
709 1593 878 1662 αὐτῆς
909 1593 984 1665 μὴ
1014 1592 1219 1650 πλανῶ.

475 1682 810 1752 Ὶιγούμενόν
847 1699 906 1736 σε
962 1685 1332 1756 κατέστησαν,
1366 1683 1442 1756 μὴ
1501 1684 1754 1756 ὲπαίρου.
1809 1685 1967 1738 Γίνου

391 1775 574 1836 αὐτοῖς
620 1773 695 1839 ὡς
747 1769 828 1839 είς
884 1775 946 1841 ἐξ
1001 1777 1223 1830 αὐτῶν·
1276 1778 1569 1848 φρόντισον
1618 1777 1821 1843 αὐτῶν,
1872 1779 1967 1830 καὶ

2067 781 2126 826 ut
2157 773 2223 827 ad
2244 782 2548 829 extremum
2573 791 2828 844 augeare.
2855 776 3128 846 Quidquid
3143 791 3306 847 grave
3325 777 3644 846 impositum

2069 863 2253 927 fuerit,
2280 863 2330 918 id
2360 865 2600 934 suscipe.
2641 864 2825 921 Vicem
2857 866 3183 934 abjrctiunis
3219 873 3273 920 et
3319 863 3644 919 humilitatis

2068 953 2392 1008 tumleniter
2433 953 2618 1009 ferto:
2663 957 2793 1023 quia
2839 963 2898 1010 ut
2938 957 3061 1026 igne.
3115 971 3304 1011 aurum
3361 954 3644 1026 probatur,

2068 1045 2148 1099 sic
2176 1046 2426 1102 homines
2452 1048 2657 1117 accepti
2681 1048 2734 1101 in
2774 1048 3103 1103 humilitatis
3151 1048 3398 1104 fornace.

2140 1137 2199 1192 In
2233 1138 2415 1193 medio
2445 1138 2671 1204 fatrum,
2704 1140 3034 1210 quiﬂductor
3072 1151 3154 1196 est
3186 1140 3427 1205 illorum,
3455 1138 3510 1194 In
3548 1139 3647 1195 ho-

2069 1244 2202 1283 nore
2241 1238 2341 1283 CSL

2141 1322 2216 1376 Ne
2249 1321 2540 1388 deﬁcitote,
2586 1337 2679 1377 seu
2711 1332 2954 1378 va.entes
2978 1330 3157 1378 estote
3225 1321 3439 1376 Domini
3489 1323 3649 1378 auxi-

2069 1413 2169 1492 lio,
2209 1424 2266 1468 ut
2299 1415 2413 1484 ipse
2450 1429 2547 1471 vos
2570 1415 2910 1470 corroboret.

2141 1501 2334 1557 Portas
2365 1503 2520 1559 urbis
2552 1517 2654 1558 nec
2689 1490 3093 1573 circumspicito
3126 1503 3366 1568 curiose,
3408 1518 3507 1559 nec
3553 1519 3648 1574 per

2071 1593 2189 1648 vias
2219 1592 2339 1661 ejus
2373 1603 2578 1649 errato.

2145 1683 2202 1737 Si
2230 1693 2279 1735 te
2301 1683 2463 1738 alicui
2491 1684 2706 1739 muneri
2741 1685 3095 1754 pra‘positum
3124 1685 3348 1750 videris,
3397 1699 3466 1738 ne
3513 1685 3646 1739 θεῖο-

2074 1786 2212 1838 rare,
2249 1774 2340 1828 sed
2375 1785 2433 1827 ut
2465 1788 2608 1828 unus
2631 1774 2697 1829 de
2729 1774 2913 1829 multis
2942 1783 3098 1830 esto:
3150 1789 3336 1828 curam
3375 1789 3501 1844 gere
3531 1773 3650 1827 illo-

397 1867 568 1929 οὕτως
605 1867 834 1922 κάθισον
858 1883 873 1901 ο
910 1868 1004 1923 καὶ
1039 1870 1224 1924 πᾶσαν
1257 1847 1355 1942 τῇ
1389 1872 1578 1942 χρείαν
1609 1888 1704 1925 σου
1736 1871 1966 1943 ποιήσας

2075 1879 2216 1930 rum,
2266 1865 2454 1935 sicque
2497 1865 2685 1921 sedeto
2723 1881 3003 1937 :cumque
3040 1876 3093 1924 te
3153 1866 3411 1922 omnibus
3469 1866 3645 1921 modis

401 1962 664 2017 ἀνάπεσε.

471 2053 565 2121 Μὴ
598 2052 791 2121 φοϐοῦ,
839 2055 902 2108 τδ
935 2055 1135 2125 μικρὶν
1183 2054 1454 2125 ποίμνιον,
1489 2055 1570 2111 ὅτι
1601 2055 1904 2126 ηὐδόκησεν
1941 2059 1971 2110 ό

407 2141 598 2214 Πατήρ
626 2145 802 2209 ὑμῶν,
837 2145 1021 2200 δοῦναι
1045 2147 1174 2215 ὑμῖν
1199 2147 1299 2216 τὴν
1330 2146 1634 2218 βασιλείαν.
1678 2145 1972 2217 Πωλήσατε

401 2236 469 2288 τὰ
501 2237 816 2306 ὑπάρχοντα
847 2237 1030 2307 ὑμῶν,
1087 2241 1181 2292 καὶ
1213 2239 1330 2293 δότε
1365 2239 1761 2310 ἐλεημοσύνην.
1808 2241 1972 2309 Ποιή-

403 2344 531 2380 σατε
562 2328 779 2388 ἑαυτοῖς
813 2327 1095 2398 βαλάντια,
1135 2328 1211 2400 μὴ
1258 2329 1664 2400 παλαιούμενα,
1696 2332 1972 2401 θησαυρὸν

395 2418 751 2474 ἀνέκλειπτον
807 2423 866 2473 ἐν
921 2422 1035 2485 τοῖς
1091 2423 1345 2490 οὐρανοῖς
1370 2461 1386 2486 ,
1418 2424 1554 2478 ὅπου
1603 2424 1844 2494 κλέπτης
1870 2427 1971 2478 οὐκ

394 2507 625 2575 ἐγγίζει,
667 2508 788 2562 ούδδ
837 2509 935 2582 σὴς
981 2510 1315 2584 διαφθείρει.
1365 2513 1541 2568 Ὅπου
1578 2515 1690 2584 γάρ
1736 2515 1890 2568 ἐστιν
1941 2519 1971 2570 ό

393 2600 665 2669 θησαυρὸς
717 2600 872 2670 ὑμῶν
903 2641 918 2667 ,
954 2603 1074 2656 ἐκεῖ
1108 2604 1205 2657 καὶ
1253 2605 1287 2675 ή
1338 2605 1538 2676 καρδία
1593 2605 1748 2674 ὑμῶν
1797 2605 1969 2663 ἔσται.

402 2691 694 2746 Ἔστωσαν
733 2691 793 2746 δι
813 2694 869 2747 αῖ
903 2692 1107 2760 ὀσφύες
1130 2693 1286 2764 ὑμῶν
1313 2695 1772 2765 περιεζωσμέναι,
1802 2698 1897 2751 καὶ
1921 2699 1970 2750 oi

393 2780 579 2851 λύχνοι
603 2784 912 2854 καιόμενοι,
940 2787 1036 2838 καὶ
1064 2786 1224 2855 ὑμεῖς
1250 2786 1429 2855 ὅμοιοι
1459 2785 1770 2858 ἀνθρώποις
1803 2805 1973 2860 προσ-

391 2873 705 2942 δεχομένοις
751 2874 844 2928 τὸν
895 2875 1087 2945 κύριον
1145 2875 1362 2944 αὐτῶν,
1420 2879 1552 2930 πότε
1613 2878 1872 2934 ἀναλύσει
1903 2882 1971 2934 ὲκ

391 2965 502 3017 τῶν
546 2964 764 3035 γάμων,
815 2965 904 3020 ἵνα
956 2967 1200 3032 ἐλθόντος
1243 2968 1406 3022 αὑτοῦ
1480 2969 1578 3023 καὶ
1612 2971 1967 3040 κρούσαντος,

392 3055 594 3120 εὐθέως
649 3057 938 3126 ἀνοίξωσιν
985 3059 1157 3131 αὐτῷ.
1199 3061 1480 3132 Μακάριοι
1521 3063 1571 3116 οί
1606 3062 1783 3116 δοῦλοι
1829 3064 1971 3117 ἐκεῖ·

2073 1957 2259 2011 utilem
2288 1957 2607 2028 praebueris,
2649 1961 2975 2016 recurnbito.

2142 2048 2273 2106 Luc.
2314 2065 2410 2106 xu.
2436 2041 2744 2117 Ne'metue,
2772 2052 2962 2119 exigue
2990 2050 3278 2121 grex,quia
3307 2047 3452 2106 Patri
3478 2050 3649 2120 placi-

2070 2148 2186 2194 tum
2217 2150 2300 2196 est
2343 2141 2474 2197 dare
2507 2143 2660 2197 vobis
2691 2157 2942 2212 regnum.
2973 2143 3197 2198 Vendite
3241 2143 3378 2199 bona
3413 2159 3531 2210 qua:
3556 2143 3654 2198 ha-

2071 2233 2236 2297 betis,
2270 2242 2324 2288 et
2347 2235 2413 2287 ad
2441 2232 2858 2288 beneﬁcentiam
2921 2233 3200 2288 conferte:
3259 2244 3445 2302 parate
3493 2235 3649 2290 vobis

2072 2327 2323 2383 sacculos
2352 2325 2444 2396 qui
2487 2340 2592 2381 non
2633 2327 3225 2382 sentiuntvetustatem
3263 2344 3278 2380 :
3313 2327 3647 2394 thesaurum,

2072 2417 2166 2488 qui
2201 2433 2310 2472 non
2341 2417 2556 2472 deliciat
2585 2416 2639 2471 iu
2669 2419 2845 2478 caelis.
2879 2433 2988 2487 quo
3018 2417 3105 2471 fur
3157 2433 3265 2471 non
3299 2417 3536 2480 accedit,
3596 2427 3651 2472 et

2075 2512 2165 2565 ubi
2197 2511 2339 2565 tinea
2369 2526 2476 2564 non
2507 2510 2809 2580 corrumpit
2844 2527 2860 2564 :
2898 2510 2988 2565 ubi
3042 2511 3186 2564 enim
3218 2509 3381 2564 fuerit
3434 2511 3652 2565 thesau-

2073 2615 2169 2656 rus
2199 2609 2401 2664 vester,
2429 2601 2504 2656 ibi
2529 2602 2632 2655 erit
2660 2608 2714 2654 et
2736 2614 2832 2656 cor
2858 2610 3125 2654 vestrum.
3157 2598 3280 2654 Sint
3311 2611 3492 2654 autem
3510 2599 3652 2654 lum-

2071 2692 2125 2746 bi
2153 2691 2319 2748 vestri
2355 2691 2658 2761 praecincti,
2713 2697 2768 2746 et
2807 2690 3046 2745 lucernae
3106 2689 3381 2754 ardentes,
3439 2698 3492 2744 et
3555 2705 3653 2743 vos

2073 2784 2278 2839 similes
2311 2784 2377 2838 iis
2406 2784 2497 2853 qui
2526 2790 2847 2852 exspectant
2887 2781 3165 2836 dominum
3221 2796 3404 2846 suum,
3435 2781 3656 2849 quando

2073 2884 2431 2929 revertature
2458 2874 2686 2942 nuptiis,
2742 2881 2800 2927 ut
2832 2889 2959 2927 cum
3023 2873 3231 2928 venerit
3289 2883 3342 2927 et
3396 2874 3650 2943 pulsarit,

2071 2967 2253 3024 statim
2288 2965 2537 3037 aperiant
2559 2966 2634 3020 illi
2662 2983 2676 3019 :
2703 2963 2848 3020 beati
2877 2973 3007 3019 sunt
3030 2965 3175 3019 servi
3235 2965 3331 3029 illi,
3362 2981 3500 3036 quos
3531 2982 3655 3022 cum

2071 3059 2281 3115 venerit
2349 3058 2606 3113 dominus
2664 3057 2909 3126 ipsorum
2985 3056 3271 3125 vigilantes
3361 3058 3654 3113 invenerit.

393 3166 496 3215 νοι,
524 3147 618 3212 οὓς
661 3150 832 3204 ἐλθὼν
865 3153 894 3205 ό
919 3151 1112 3221 κύριος
1144 3152 1325 3206 αὐτῶν
1364 3153 1591 3226 εὑρήσει
1636 3156 1973 3225 γρηγοροῦν-

2077 3148 2194 3205 Hoc
2227 3149 2372 3203 enim
2412 3149 2567 3203 vobis
2598 3147 2860 3201 conﬁrmo
2887 3145 3021 3207 fore,
3047 3156 3105 3199 ut
3133 3146 3222 3199 ille
3263 3161 3320 3201 se
3373 3149 3660 3218 succingat

393 3255 514 3302 ταςο
545 3241 694 3310 ἀμὴν
736 3241 883 3309 λέγω
908 3243 1038 3314 ὑμῖν
1062 3285 1078 3310 ,
1113 3245 1197 3298 ὅτι
1229 3245 1598 3313 περιζώσεται
1623 3245 1718 3299 κα)⁵
1753 3246 1975 3302 ἀνακλι-

396 3331 479 3383 νεῖ
505 3330 728 3398 αὐτοὺς,
755 3331 852 3386 καὶ
882 3333 1174 3403 παρελθὼν
1201 3335 1515 3404 διακονήσει
1539 3336 1750 3400 αὐτοῖς.

476 3421 717 3487 Ἐκεῖνος
747 3425 775 3477 ό
797 3422 983 3488 δοῦλος
1006 3425 1054 3494 [ό
1087 3425 1253 3494 γνοὺς
1295 3426 1354 3479 τὸ
1406 3426 1621 3496 θέλημα
1662 3427 1757 3482 τοῦ
1784 3429 1973 3500 κυρίου

393 3511 581 3579 αὑτοῦ,
608 3513 804 3586 καὶμὴ
838 3516 1094 3584 ποιήσας,
1130 3517 1430 3588 δαρήσεται
1475 3517 1714 3581 πολλάς⁹
1749 3522 1777 3574 ὁ
1807 3521 1864 3575 δὲ
1895 3521 1972 3594 μὴ

396 3604 588 3672 γνοὺς,
623 3607 861 3675 ποιήσας
886 3607 944 3660 δὲ
971 3607 1098 3672 ἄξια
1141 3610 1390 3681 πληγῶν,
1422 3612 1718 3684 δαρήσεται
1761 3614 1970 3682 ὀλίγας.

399 3696 570 3750 Παντὶ
617 3696 674 3750 δὲ
713 3690 758 3765 ᾧ
809 3698 968 3768 ἐδόθη
1009 3700 1145 3754 πολὺ
1170 3740 1187 3766 ,
1233 3702 1370 3756 πολὺ
1415 3701 1798 3774 ζητηθήσεται
1835 3705 1972 3776 παρ’

396 3786 586 3840 αὑτοῦ*
619 3789 715 3841 καὶ
745 3781 789 3856 ᾧ
825 3791 1125 3860 παρέθεντο
1173 3793 1333 3861 πολὺ,
1377 3795 1767 3867 περισσότερον
1804 3798 1973 3852 άπαι-

395 3880 654 3948 τήσουσιν
688 3881 874 3936 αὐτόν.

468 4059 660 4121 Οὐδεὶς
707 4057 926 4128 οίκὲτης
977 4057 1207 4114 δύναται
1263 4059 1383 4114 δυσι
1427 4059 1640 4128 κυρίοις
1674 4060 1971 4116 δουλεύειν.

478 4147 654 4218 Ἀμὴν
683 4147 832 4216 ἀμὴν
882 4148 1026 4215 λέγω
1067 4148 1219 4217 ὑμῖν,
1269 4149 1441 4213 οὐδείς
1485 4153 1634 4204 ἐστιν
1663 4151 1721 4214 ὃς
1761 4152 1974 4221 ἀφῆκεν

395 4238 594 4306 οίκίας,
632 4238 664 4308 ἢ
695 4241 895 4306 γονεῖς,
930 4239 963 4310 ἢ
999 4240 1282 4309 ἀδελφοὺς,
1314 4242 1347 4311 ἢ
1391 4244 1626 4310 γυναῖκα
1655 4282 1671 4307 ,
1712 4243 1744 4313 ἢ
1782 4244 1970 4308 τέκνα,

393 4328 584 4382 ἕνεκεν
615 4331 716 4401 τῆς
761 4331 1045 4403 βασιλείας
1097 4331 1190 4384 τοῦ
1223 4332 1380 4399 Θεοῦ,
1421 4332 1480 4395 ὃς
1503 4334 1564 4386 ού
1603 4333 1679 4404 μὴ
1720 4332 1970 4404 ἀπολάϐῃ

395 4421 805 4476 πολυπλασίονα
839 4425 895 4476 ἐν
933 4422 1012 4494 τῷ
1063 4424 1244 4495 καιρῷ
1273 4422 1471 4494 τούτῳ,
1506 4425 1603 4478 καὶ
1636 4427 1694 4478 ἐν
1717 4424 1797 4495 τῷ
1830 4426 1966 4495 μέλ-

395 4513 540 4567 λοντι
581 4513 731 4583 ζωὴν
765 4514 1011 4568 αἰώνιον.

465 4607 528 4661 Οί
557 4605 616 4659 ὲν
647 4607 845 4676 σταδίῳ
868 4605 1153 4676 τρέχοντες
1183 4605 1387 4670 πάντες
1422 4607 1522 4678 μὲν
1548 4607 1858 4677 τρέχουσιν,
1890 4604 1972 4671 εἷς

394 4698 451 4752 δὲ
481 4695 753 4768 λαμϐάνει
784 4697 846 4749 τὸ
883 4697 1163 4767 βραϐεῖον.
1220 4697 1378 4752 Οὕτω
1411 4699 1653 4769 τρέχετε,
1687 4701 1772 4753 ἵνα
1805 4718 1974 4754 κατα-

395 4791 619 4861 λάϐητε.
652 4791 762 4851 lli,
794 4789 852 4842 δὲ
896 4790 925 4842 ό
965 4788 1371 4859 ἀγωνιζόμενος
1416 4792 1596 4845 πάντα
1638 4793 1973 4862 ἐγκρατεύε-

395 4901 505 4936 ται·
542 4884 744 4935 ὲκεῖνοι
796 4882 917 4951 μὲν,
965 4882 1054 4936 ῖνα
1105 4882 1346 4952 φθαρτὸν
1400 4883 1665 4951 στέφανον
1709 4884 1970 4952 λάϐωσιν,

399 4977 558 5046 ἡμεῖς
589 4974 647 5027 δὲ
684 4973 983 5044 ἄφθαρτον.

480 5159 748 5228 Ἀδελφοί,
777 5158 980 5228 ἑδραῖοι
1029 5158 1273 5228 γίνεσθε,
1325 5161 1748 5232 ἀμετακίνητοι,
1783 5179 1974 5232 περισ-

398 5250 646 5314 σεύοντες
696 5252 754 5303 ὲν
803 5250 882 5321 τῷ
911 5251 1058 5322 ἔργῳ
1093 5253 1187 5304 τοῦ
1229 5255 1440 5324 Κυρίου
1486 5255 1740 5320 πάντοτε,
1774 5255 1975 5319 εἰδότες

397 5340 480 5394 ὃτι
511 5341 539 5393 ὁ
571 5341 742 5404 κόπος
766 5341 921 5410 ὑμῶν
946 5342 1048 5396 οὐκ
1091 5343 1210 5397 ἐστι
1246 5346 1401 5408 κενθς
1433 5346 1492 5398 ὲν
1523 5345 1735 5418 Κυρίῳ.

481 5515 750 5586 Ἀδελφοί,
790 5516 1196 5587 ἐνδυναμοῦσθε
1252 5521 1311 5573 ἐν
1354 5523 1587 5594 Κυρίῳ,
1622 5525 1720 5578 καὶ
1765 5526 1825 5578 ἐν
1888 5527 1965 5597 τῷ

396 5609 594 5674 κράτει
627 5607 727 5676 τῆς
762 5607 948 5678 ἰσχύος
983 5609 1150 5664 αύτοῦ
1189 5611 1489 5668 ἐνδύσασθε
1517 5615 1619 5687 τὴν
1662 5617 1970 5672 πανοπλίαν

397 5698 492 5751 τοῦ
527 5699 688 5754 Θεοῦ.

470 5794 859 5864 Μνημονεύετε
898 5795 1006 5851 τῶν
1031 5796 1356 5868 ἡγουμένων
1401 5798 1580 5868 ὑμῶν,
1614 5799 1812 5867 οῖτινες
1846 5800 1974 5858 ἐλά·

2076 3250 2130 3297 et
2165 3242 2288 3298 iilos
2315 3241 2584 3297 accubare
2603 3239 2811 3311 jubeat,
2842 3253 2906 3294 ac
2935 3237 3045 3294 illis
3073 3239 3530 3296 accumbentibus
3553 3243 3661 3295 mi-

2075 3333 2298 3388 nistret.

2147 3421 2292 3478 Ibid.
2327 3420 2530 3478 Servus
2587 3419 2677 3476 ille
2738 3420 2831 3490 qui
2889 3419 3224 3476 voluntatem
3283 3418 3492 3474 domini
3568 3419 3656 3474 sui

2075 3513 2240 3576 norit,
2277 3527 2376 3567 nec
2406 3513 2657 3584 explerit,
2699 3512 2930 3581 largiter
2991 3511 3293 3578 vapulabit,
3349 3511 3658 3580 multasque

2074 3605 2302 3674 accipiet
2325 3605 2510 3675 plagas
2545 3621 2559 3658 :
2595 3605 2685 3674 qui
2750 3613 2932 3660 autem
2965 3619 3072 3659 non
3107 3604 3274 3666 norit,
3333 3604 3427 3658 sed
3481 3604 3658 3674 plagis

2074 3697 2236 3765 digna
2309 3695 2522 3763 iecerit,
2578 3709 2779 3766 paucas
2831 3695 3083 3766 accipiet.
3116 3696 3434 3767 Cuicumque
3472 3705 3652 3751 auten.

2074 3788 2307 3842 multum
2331 3789 2517 3841 (latum
2550 3795 2654 3850 est,
2686 3787 2755 3840 ah
2795 3801 2860 3841 eo
2888 3787 3006 3857 ipso
3071 3787 3302 3841 multum
3361 3797 3654 3857 repetetur,

2075 3886 2128 3934 et
2159 3878 2248 3934 cui
2283 3879 2515 3933 multum
2552 3879 2909 3934 commissum
2941 3877 3126 3944 fuerit,
3161 3879 3228 3934 ab
3259 3895 3324 3934 eo
3354 3881 3475 3950 plus
3498 3897 3658 3951 repo-

2076 3983 2284 4028 scetur.

2147 4063 2338 4120 Nullus
2373 4080 2564 4124 servus
2590 4078 2772 4138 potest
2799 4069 3015 4124 duobus
3051 4068 3288 4123 dominis
3322 4067 3550 4122 servire.

2146 4155 2254 4210 Pro
2284 4168 2431 4214 certo
2461 4159 2566 4214 hoc
2623 4162 2784 4216 vobis
2818 4163 3105 4228 confirmo,
3141 4161 3346 4214 nullum
3383 4175 3504 4215 esse
3564 4160 3658 4229 qui

2074 4246 2360 4316 reliquerit
2414 4249 2631 4317 domos,
2690 4261 2784 4307 aut
2851 4263 3128 4322 parentes,
3165 4261 3258 4306 aut
3317 4251 3533 4314 fratres,
3568 4263 3662 4306 aut

2073 4339 2382 4408 conjugem,
2428 4349 2522 4394 aut
2559 4341 2761 4397 liberos
2799 4343 2974 4411 gratia
3040 4344 3190 4411 regni
3249 4342 3516 4407 cmlcstis,
3563 4343 3660 4411 qui

2074 4446 2180 4485 non
2214 4442 2529 4500 recepturus
2559 4433 2650 4500 sit,
2677 4436 2778 4489 hoc
2806 4436 3027 4504 quidem
3056 4447 3300 4504 tempore
3327 4433 3486 4503 187
3519 4434 3663 4488 mul-

1996 4520 2045 4579 D
2074 4533 2126 4576 to
2151 4523 2326 4590 plura,
2351 4535 2402 4577 ct
2432 4524 2484 4577 iu
2519 4523 2762 4579 futurum
2798 4527 2962 4580 vitam
2994 4536 3272 4580 artcrnam.

2149 4613 2175 4666 l
2211 4614 2338 4669 Cor.
2373 4631 2445 4670 ιι.
2475 4617 2535 4671 ln
2572 4618 2846 4673 curriculo
2905 4633 3096 4673 omnes
3137 4617 3358 4688 quidem
3406 4628 3658 4683 currunt.

2084 4711 2178 4762 sed
2213 4724 2356 4762 unus
2388 4709 2586 4779 accipit
2615 4713 2923 4779 praemium.
2977 4711 3070 4767 Sic
3127 4713 3331 4766 currite
3374 4722 3432 4766 ut
3469 4729 3664 4784 appre-

2089 4800 2366 4856 lu-ndatis.
2402 4801 2725 4873 Quicunque
2754 4811 2930 4858 certat
2973 4803 3224 4859 omnibus
3253 4805 3430 4860 modis
3482 4807 3665 4862 conti-

2087 4908 2222 4946 nens
2255 4902 2338 4944 est
2367 4909 2381 4945 :
2411 4904 2464 4946 at
2486 4892 2584 4955 illi,
2621 4901 2682 4946 ut
2715 4893 3055 4962 corruptioni
3093 4893 3383 4948 obnoxiam
3403 4909 3660 4949 coronant

2085 4984 2353 5051 accipiant
2381 4998 2396 5033 ε
2431 4998 2527 5038 vos
2551 4995 2756 5047 autem,
2784 4993 2844 5038 ut
2867 4984 3229 5038 immortalem
3249 4994 3302 5038 et
3321 4986 3663 5056 corruptioni

2087 5075 2310 5128 minime
2339 5075 2654 5130 obnoxiam.

2160 5164 2406 5231 Fratres,
2442 5166 2585 5219 ﬁl‘llli
2631 5177 2828 5233 estote,
2881 5165 3210 5232 immobiles,
3244 5166 3666 5238 diligentissime

2085 5271 2368 5311 versantes
2395 5257 2447 5310 in
2478 5273 2642 5326 opere
2680 5258 2892 5313 Domini
2918 5258 3158 5322 assidue,
3193 5259 3324 5314 illud
3355 5261 3665 5333 intelligen-

2089 5355 2168 5402 tcs
2203 5346 2442 5402 laborem
2478 5358 2720 5404 vestrum
2756 5349 2973 5404 Domini
3013 5366 3182 5408 causa
3239 5367 3347 5407 non
3380 5369 3505 5412 esse
3549 5356 3668 5410 ina-

2087 5455 2233 5494 DBHL

2161 5530 2401 5599 Fratres,
2447 5536 2614 5592 fortes
2643 5547 2700 5592 et
2753 5538 2968 5594 rebvsti
3017 5548 3190 5595 estote
3241 5541 3298 5596 in
3327 5540 3577 5608 Domino,
3617 5549 3674 5597 et

2088 5621 2406 5681 inﬁrmitate
2436 5628 2648 5683 roboris
2675 5631 2792 5701 ejus
2823 5632 3034 5689 induite
3050 5631 3291 5688 divinam
3313 5643 3671 5691 armaturam.

2161 5803 2484 5863 Mementote
2516 5824 2703 5864 eorum
2740 5813 2833 5882 qui
2897 5813 3052 5874 vobis
3083 5813 3339 5870 ductores
3395 5814 3676 5886 praepositi.
