4056 6476
409 438 540 514 1111
1687 441 2007 506 ΑΝΤΟΝΙΙ
2057 439 2403 502 ΜΕΙᾸΞΒΙΕ
3550 427 3611 492 11
3636 427 3714 491 12

408 573 558 630 sunt,
587 562 683 634 qui
753 559 908 620 vobis
957 560 1287 617 annuntiant
1323 561 1562 615 divinum
1622 574 1932 614 sermonem
1967 575 1983 610 :

2097 557 2263 627 λησαν
2295 555 2426 626 ὑμῖν
2465 551 2559 606 τὸν
2583 550 2744 621 λόγον
2787 547 2881 604 τοῦ
2913 539 3186 616 Θεοῦδιῶν
3221 542 3699 616 ἀναθεωροῦντες

403 667 634 725 quorum
675 653 1105 724 contemplantes
1127 651 1567 707 conversationis
1587 653 1796 707 exitum
1824 649 1984 704 ﬁdem

2107 649 2192 718 τήν
2246 643 2476 700 ἔκϐασιν
2525 644 2627 714 τῆς
2685 640 3077 714 ἀναστροφῆς,
3121 637 3382 712 μιμεῖσθε
3434 638 3540 710 τὴν
3595 639 3709 690 πί-

403 747 719 801 imitamini.
2094 756 2210 793 στιν

474 839 666 894 Parete
695 839 1022 896 ductoribus
1079 840 1300 906 vestris,
1361 846 1416 894 et
1443 837 1640 902 cedite,
1706 833 1811 904 ipsi
1843 833 1987 888 enim

2165 829 2433 888 Πείθεσθε
2485 833 2600 896 τοῖς
2657 829 2986 902 ἡγουμένοις
3034 826 3211 896 ὑμῶν,
3245 823 3344 878 καὶ
3382 821 3709 878 ὑπείκετε·

401 931 629 997 vrgilant
654 947 752 1000 pro
786 931 985 986 animis
1017 931 1234 986 vestris.

2094 927 2251 981 αὐτοὶ
2281 923 2392 994 γάρ
2427 922 2809 991 ἀγρυπνοῦσιν
2841 920 2984 989 ὑπὲρ
3018 918 3128 972 τῶν
3157 915 3351 987 ψυχῶν
3393 915 3577 986 ὑμῶν.

474 1022 644 1077 Nemo
701 1022 942 1078 militans
999 1022 1236 1092 negotiis
1288 1032 1387 1090 pro
1443 1022 1588 1074 victu
1645 1017 1987 1087 implicatur,

2165 1008 2358 1077 Οὑδεὶς
2395 1011 2830 1084 στρατευόμενος
2875 1008 3219 1080 ἐμπλέκεται
3269 1007 3389 1069 ταῖς
3433 1005 3528 1058 τοῦ
3567 1004 3704 1074 βίου

411 1122 472 1168 ut
509 1114 556 1168 ei
588 1113 680 1183 qui
715 1129 774 1170 se
806 1114 859 1169 in
891 1113 1135 1169 militiam
1172 1111 1812 1183 acccrsitrerit,fpla(:eat:
1845 1109 1992 1179 quod

2109 1105 2537 1175 πραγματείαις,
2569 1105 2660 1158 ἵνα
2693 1103 2769 1172 τῷ
2797 1101 3302 1173 στρατολογήσαντι
3327 1099 3516 1173 ζάρέσῃ
3544 1116 3560 1132 ο
3591 1099 3711 1152 ἐὰν

406 1200 453 1258 si
477 1204 602 1275 quis
622 1213 818 1272 certet,
845 1221 952 1261 non
975 1214 1275 1262 coronatur
1294 1205 1582 1270 continuo,
1615 1204 1722 1259 nisi
1749 1202 1990 1273 legitime

2106 1195 2152 1249 Βέ
2204 1197 2299 1251 καὶ
2331 1189 2470 1267 ἀθλῇ
2503 1212 2612 1262 τις,
2644 1195 2705 1248 οὑ
2741 1193 3147 1264 στεφανοῦται,
3179 1192 3279 1248 ἐὰν
3316 1190 3394 1263 μὴ
3424 1190 3708 1262 νομίμως

406 1297 718 1352 certaverit.

2094 1289 2335 1361 ἀθλήσῃ.

474 1385 663 1442 Videte
707 1403 776 1445 ne
821 1385 1065 1457 perdatis
1108 1402 1172 1442 ea
1215 1388 1332 1457 ipsa
1364 1401 1483 1457 quae
1515 1383 1845 1456 perfecistis,
1899 1387 1994 1444 sed

2166 1373 2406 1436 Βλέπετε
2441 1381 2706 1448 ἑαυτοὺς,
2745 1381 2833 1435 ἵνα
2872 1380 2951 1451 μὴ
2993 1379 3307 1450 ἀπολέσητε
3336 1377 3371 1432 ἃ
3417 1377 3700 1448 εἰργάσα-

405 1483 467 1532 ut
504 1476 719 1546 plenam
751 1475 1054 1530 mercedem
1092 1474 1397 1544 accipiatis.
1921 1497 1933 1508 -

1921 1497 1933 1508 -
2099 1475 2218 1536 σθε,
2252 1473 2369 1528 ἀλλ’
2394 1474 2482 1528 ῖνα
2519 1472 2713 1544 μισθὸν
2749 1472 2935 1542 πλήρη
2965 1471 3191 1556 λάϐητε.

480 1565 542 1622 S.
575 1565 786 1620 Basilii.
813 1563 1064 1621 Certatur
1087 1566 1287 1628 bonus,
1318 1565 1411 1633 qui
1449 1566 1619 1621 semel
1671 1565 1740 1620 ad
1773 1563 1994 1634 pietatis

2168 1558 2274 1621 Τὸν
2317 1565 2630 1636 ἀγωνιστὴν
2672 1565 2765 1619 τὸν
2804 1565 2973 1619 καλὸν
3003 1563 3153 1630 ἅπαξ
3183 1564 3277 1617 ἐπὶ
3309 1557 3370 1616 τδ
3399 1563 3499 1631 τῆς
3527 1563 3709 1616 εὐσε-

407 1657 747 1714 curriculum
779 1664 980 1712 exutus
1040 1664 1145 1719 est,
1182 1654 1399 1712 fortiter
1445 1667 1499 1712 et
1529 1671 1793 1728 generose
1852 1657 1997 1712 ferre

2105 1657 2254 1722 ϐείας
2303 1657 2519 1712 στάδιον
2557 1657 2921 1723 άποδυθέντα,
2955 1657 3143 1727 φέρειν
3175 1656 3257 1710 δεῖ
3281 1652 3550 1725 γενναίως
3584 1655 3707 1717 τὰς

408 1749 574 1806 debet
597 1749 741 1805 ictus
806 1749 1280 1815 adversariorum,
1311 1763 1410 1820 spe
1444 1765 1777 1805 coronarum
1821 1748 1996 1804 laudis

2100 1747 2314 1820 πληγὰς
2343 1748 2454 1802 τῶν
2503 1746 2816 1802 ἀντιπάλων
2858 1745 3032 1800 ἑλπίδι
3072 1746 3170 1816 τῆς
3221 1745 3382 1814 δόξης
3426 1744 3526 1813 τῆς
3572 1743 3702 1796 ἀπὸ

407 1840 794 1911 adipiscendae.
831 1841 1045 1896 Etenim
1068 1840 1120 1894 in
1155 1841 1421 1913 gymnicis
1455 1841 1850 1897 certaminibus
1901 1841 1994 1910 qui

2098 1839 2209 1894 τῶν
2260 1841 2565 1908 στεφάνων.
2597 1838 2707 1902 Καὶ
2739 1839 2850 1910 γάρ
2881 1839 2942 1892 ἐν
2971 1840 3088 1902 τοῖς
3133 1838 3427 1908 γυμνικοῖς
3469 1831 3700 1903 ἀγῶσιν

408 1933 702 1990 assuefacti
738 1943 868 1991 sunt
890 1935 1160 2004 palarsme
1189 1935 1492 1999 laboribus,
1524 1951 1635 1989 non
1660 1941 1996 1990 contrahun-

2096 1932 2146 1986 οί
2186 1932 2330 1987 κατὰ
2367 1932 2466 1997 τὰς
2500 1931 2846 2004 παλαίστρας
2887 1934 3004 1994 τοῖς
3049 1930 3232 1990 πόνοις
3293 1925 3698 1998 προσεθισθέν-

414 2039 504 2082 tur
539 2029 604 2083 ad
646 2028 886 2087 dolorem
915 2028 1220 2099 plagarum,
1256 2028 1350 2084 sed
1392 2029 1690 2096 cupiditate
1720 2028 1994 2083 laudatio-

2097 2045 2188 2092 τες
2227 2029 2288 2082 οὑ
2324 2031 2464 2098 πρὸς
2497 2028 2557 2082 τὸ
2586 2026 2836 2093 ἀλγεινὸν
2881 2025 3265 2081 συστέλλονται
3293 2023 3394 2093 τῆς
3438 2021 3691 2090 πληγῆς,

410 2116 495 2172 nis
522 2130 642 2187 quae
675 2133 703 2172 a
734 2133 987 2188 pracone
1017 2118 1100 2186 lit,
1133 2133 1258 2173 cum
1310 2119 1766 2175 colluctatoribus
1797 2118 1988 2190 pedem

2097 2121 2213 2175 ἀλλ’
2272 2121 2440 2191 ὁμόσε
2523 2118 2763 2192 χωροῦσι
2833 2120 2948 2182 τοῖς
3001 2114 3360 2178 ἀντιπάλοις,
3418 2111 3698 2178 ἐπιθυμία

409 2209 541 2264 conf
571 2219 719 2272 runt,
745 2209 1036 2280 praesentia
1064 2210 1250 2265 omnia
1276 2210 1664 2281 despicientes.

2101 2213 2166 2286 [ι’.
2196 2213 2499 2283 ἐπιθυμίαν
2533 2211 2615 2286 δὲ]
2652 2212 2753 2282 τὴν
2809 2213 2910 2282 τῆς
2957 2210 3318 2282 ἀναρρήσεως
3368 2205 3479 2259 τῶν
3533 2219 3697 2272 παρ’

663 2365 673 2380 ,
2105 2305 2534 2360 αυτίκαπάντων
2563 2305 2971 2376 ὑπερορῶντες.

481 2385 734 2442 Vinculis
794 2386 1147 2442 aﬂ‘ectionum
1237 2393 1290 2439 ει
1348 2384 1821 2454 perturbationum
1873 2385 1998 2438 vitae

2169 2397 2416 2469 Λυθῆναι
2460 2399 2543 2452 δεῖ
2597 2397 2708 2452 τῶν
2748 2395 2967 2466 δεσμῶν
3017 2395 3115 2466 τῆς
3148 2389 3525 2468 προσπᾳθεὶας
3589 2383 3694 2441 τοῦ

410 2481 665 2534 humana:
691 2479 825 2533 Solvi
859 2479 1041 2543 debet,
1077 2477 1169 2546 qui
1193 2491 1319 2531 vere
1347 2475 1514 2530 Deum
1532 2476 1683 2546 sequi
1714 2486 1782 2532 ex
1811 2477 1999 2530 animo

2102 2489 2218 2560 βίου
2265 2486 2359 2547 τδν
2401 2492 2674 2562 ἀληθινῶς
2703 2491 2792 2558 τῷ
2810 2489 2928 2561 Θεῷ
2959 2469 3348 2558 ἀκολουθῆναι¹
3374 2484 3650 2555 μέλλοντα
3669 2493 3688 2512 ⁸

412 2572 678 2637 decrevit,
724 2569 774 2623 id
800 2569 944 2640 quod
995 2584 1090 2639 per
1127 2583 1404 2623 secessum
1458 2569 1618 2635 plane
1690 2566 1991 2642 perfectum

2100 2579 2258 2636 τοῦτο
2309 2581 2367 2636 δὲ
2419 2580 2510 2635 διὰ
2558 2579 2860 2644 παντελοῦς
2905 2578 3312 2648 ἀναχωρήσεως
3359 2575 3457 2628 καὶ
3512 2573 3695 2643 λήθης

412 2676 467 2720 et
494 2674 735 2718 veterum
767 2675 982 2715 morum
1021 2660 1352 2714 oblivionem
1389 2668 1534 2714 recte
1571 2669 1832 2728 paratur;
1870 2674 1995 2712 nam

2098 2676 2208 2729 τῶν
2249 2668 2496 2729 παλαιῶν
2545 2675 2696 2745 ἠθῶν
2729 2673 3134 2745 κατορθοῦται·
3182 2673 3259 2734 ὼς
3294 2671 3342 2723 εί
3377 2670 3454 2740 μὴ
3489 2667 3699 2732 άποξευ

411 2759 522 2814 nisi
572 2767 684 2812 eta
733 2755 1065 2826 cognatione
1123 2753 1640 2822 propinquitateque
1684 2750 1916 2816 carnali,
1944 2759 1999 2804 et

2103 2767 2381 2837 νώσαιμεν
2429 2767 2660 2830 ἑαυτοὺς
2699 2765 2795 2820 καὶ
2848 2764 3174 2832 συγγενείας
3225 2760 3547 2832 σαρκικῆς,
3595 2760 3693 2812 καὶ

413 2851 537 2905 vitae
567 2847 964 2904 communione
996 2860 1094 2901 nos
1118 2846 1267 2916 ipsos
1301 2844 1817 2908 abalienaverimus,
1840 2843 1994 2914 quasi

2101 2858 2394 2922 κοινωνίας
2428 2858 2568 2930 βίου,
2599 2859 2765 2913 οἱονεὶ
2817 2857 2955 2928 πρὸς
2992 2856 3185 2927 ἕτερον
3220 2856 3429 2923 κόσμον
3461 2853 3551 2906 διὰ
3586 2853 3694 2920 τῆς

411 2941 467 2995 in
516 2939 746 2994 alterum
772 2936 1064 3007 quemdam
1098 2935 1360 2990 mundum
1385 2935 1777 2990 exercitatione
1805 2943 1858 2989 et
1886 2949 2001 2988 me-

2103 2951 2394 3022 ἀσκήσεως
2427 2949 2791 3019 μεταϐάντες,
2829 2948 2975 3003 κατὰ
3021 2948 3115 3001 τὸν
3146 2945 3400 3006 εἰπόντα,
3427 2961 3446 2995 ι
3489 2939 3691 3012 Ἦμῶν

409 3031 679 3088 «litatione
726 3030 1048 3100 migrantes,
1076 3027 1197 3099 ejus
1225 3028 1518 3084 consilium
1554 3037 1866 3098 sequentes,
1907 3029 2000 3096 qui

2103 3042 2162 3096 δὲ
2194 3043 2254 3095 τὸ
2285 3044 2590 3113 πολίτευμα
2637 3045 2695 3096 ἐν
2734 3042 2993 3113 οὐρανοῖς
3043 3037 3311 3109 ὑπάρχει,
3351 3055 3370 3088 ι
3405 3034 3699 3105 ἀμήχανον

409 3121 550 3177 dixit
583 3139 597 3174 :
638 3139 657 3172 ι
700 3120 896 3176 Nostra
925 3128 1108 3173 autem
1137 3119 1483 3174 conversatio
1527 3118 1580 3172 in
1615 3117 1768 3173 caelis
1823 3126 1925 3183 est,
1971 3136 1988 3170 ι

2106 3135 2257 3206 ἡμᾶς
2293 3135 2686 3206 περιγενέσθαι
2707 3133 2801 3188 τοῦ
2829 3133 3038 3188 σκοποῦ
3078 3133 3177 3202 τῆς
3220 3130 3358 3198 πρὸς
3401 3126 3540 3181 Θεὸν
3567 3126 3698 3177 εὐα-

412 3214 636 3268 omnino
667 3212 783 3267 lieni
830 3211 1040 3280 nequit,
1069 3219 1129 3265 ut
1151 3211 1514 3281 scopum,qui
1545 3220 1629 3266 est
1659 3209 1768 3266 Deo
1795 3210 2002 3280 gratiﬂ-
2033 3284 2072 3300 Α
2110 3229 2457 3300 ρεστήσεως.
2502 3227 2596 3281 τοῦ
2651 3225 2860 3297 Κυρίου
2924 3224 3223 3297 ὁριστικῶς
3277 3221 3554 3283 εἰπόντος,
3611 3219 3699 3271 δτι

409 3305 590 3372 candi,
633 3304 1163 3374 attingamus:cum
1219 3303 1484 3361 Dominus
1549 3302 1771 3358 deﬁnite
1839 3303 1997 3358 dixe-

2110 3284 2129 3372 ;
2353 3284 2421 3385 ἐέ
2467 3318 2645 3389 ὑμῶν,
2707 3284 2767 3380 δὲ
2813 3318 2916 3371 οὑκ
2955 3284 3330 3372 ἀποτάσσεται
3374 3314 3492 3375 τοῖς
3523 3308 3697 3365 αὑτοῦ

409 3395 485 3449 rit
517 3410 532 3448 :
565 3411 585 3444 ι
624 3393 951 3462 Quicunque
990 3407 1058 3447 ex
1108 3392 1265 3448 vobis
1293 3407 1401 3447 non
1431 3393 1614 3449 valere
1636 3393 1792 3462 jubet
1816 3391 1998 3447 omnia

1950 3391 1998 3446 ίθ
2105 3412 2470 3482 ὑπάρχουσιν,
2523 3412 2584 3466 οὑ
2628 3410 2856 3466 δύναταί
2889 3427 2992 3481 μου
3026 3407 3169 3465 εἶναι
3217 3407 3494 3479 μαθητήςο
3525 3423 3546 3458 ³

413 3500 532 3546 sua,
561 3498 670 3540 non
704 3492 883 3554 potest
912 3498 1035 3539 esse
1059 3482 1363 3554 discipulus
1391 3499 1564 3538 mens.
1603 3504 1622 3536 ι

485 3576 585 3632 Est
616 3585 796 3632 autem
831 3582 1108 3646 postrema
1148 3575 1408 3631 salutatio
1443 3577 1709 3631 bonorum
1748 3592 1777 3631 e
1836 3576 2003 3631 corde

2205 3602 2469 3655 Αποταγη
2509 3601 2626 3638 εστι
2653 3601 2887 3656 καρο.ας
2917 3581 3278 3653 ανθρωπίνης
3315 3579 3455 3651 πρὸς
3502 3577 3603 3649 τὴν
3637 3577 3702 3631 ἐν

411 3669 678 3740 profecta,
705 3683 832 3724 cum
865 3668 930 3722 ad
995 3667 1272 3724 ccelestem
1323 3667 1488 3738 188
1530 3667 2001 3724 conversationem

1458 3668 1488 3738 Β
1530 3667 2001 3724 conversationem
2104 3679 2362 3752 οὐρανοῖς
2405 3677 2691 3733 πολιτείαν
2739 3675 3060 3748 μετάθεσις.

413 3770 468 3817 et
500 3759 1033 3816 administrationem
1064 3774 1122 3813 se
1152 3759 1448 3813 convertit.

487 3851 893 3908 Continentiam
917 3851 1154 3906 dicimus
1178 3865 1290 3905 non
1327 3851 1553 3905 omnino
1587 3851 1767 3905 omnis
1789 3848 2004 3920 generis

2189 3857 2558 3933 Ἐγκράτειαν
2587 3859 2824 3930 λέγομεν
2862 3858 2924 3912 οὑ
2959 3859 3179 3920 πάντως
3211 3855 3312 3926 τὴν
3355 3853 3439 3918 εἰς
3463 3851 3524 3906 τὸ
3559 3867 3703 3905 παν.

417 3945 665 3999 ciborum
729 3939 1118 3995 abstinentiam
1175 3941 1316 4010 (haec
1360 3941 1503 3994 enim
1535 3951 1618 3995 est
1654 3941 1888 3996 violenta
1921 3941 2004 3995 vi-

2105 3953 2263 4018 τελές
2305 3955 2521 4024 ἀποχὴν
2570 3955 2681 4007 τῶν
2711 3952 3047 4025 βρωμάτων,
3078 3949 3237 4003 τοῦτο
3271 3948 3382 4018 γάρ
3429 3944 3586 4016 βιαία
3611 3945 3698 4008 τίς

416 4046 482 4088 ne
506 4033 840 4105 dissolutio),
865 4033 958 4089 sed
980 4049 1100 4089 eam
1123 4034 1388 4088 duntaxat
1409 4049 1528 4103 quae
1556 4035 1812 4103 puritatis
1837 4049 2004 4091 causa

1963 4049 2004 4090 ia
2106 4049 2222 4101 ἐστι
2251 4045 2497 4108 διάλυσις
2517 4047 2616 4117 τῆς
2643 4045 2808 4117 ζωῆς,
2843 4043 2982 4099 ἀλλά
3014 4043 3113 4114 τήν
3153 4041 3247 4094 ἐπὶ
3272 4039 3565 4110 καθάρσει.

416 4124 740 4193 δυειιίρὶιιιτ.

486 4215 836 4268 Continentia
868 4221 952 4268 est
989 4213 1194 4278 peccati
1253 4212 1537 4280 detractio,
1595 4216 1665 4270 ab
1721 4214 2004 4273 aﬂectibus

2189 4221 2518 4294 Ἐγκράτειά
2572 4222 2721 4274 ἐστιν
2773 4219 3054 4292 ἁμαρτίας
3107 4218 3441 4289 ἀναίρεσις,
3497 4213 3695 4268 παθῶν

418 4307 772 4372 abalienatio,
814 4307 1062 4375 corporis
1086 4307 1382 4362 exstinctio
1407 4324 1581 4378 usque
1609 4309 1674 4364 ad
1710 4310 2004 4379 perturba-

2108 4314 2474 4384 ἀλλοτρίωσις
2503 4354 2518 4379 ,
2555 4313 2808 4382 σώματος
2857 4313 3128 4382 νέκρωσις
3165 4313 3331 4381 μέχρι
3385 4308 3482 4363 καὶ
3515 4307 3698 4361 αὐτῶν

417 4402 597 4455 tiones
626 4399 788 4454 etiam
815 4398 1096 4454 naturales
1127 4408 1180 4454 et
1205 4400 1554 4471 cupiditates.

2107 4408 2218 4461 τῶν
2246 4406 2495 4475 φυσικῶν
2524 4405 2871 4474 παθημάτων
2897 4422 2958 4458 τε
2985 4405 3082 4457 καὶ⁵
3107 4402 3442 4473 ἐπιθυμιῶν.

489 4493 806 4547 Institutum
836 4500 891 4547 et
930 4493 1148 4563 pietatis
1198 4492 1540 4562 propositum
1598 4509 1704 4547 non
1740 4495 2003 4550 debemus

2179 4499 2254 4553 Οὑ
2297 4497 2572 4568 πρόφασιν
2612 4497 2835 4568 ἀργίας,
2865 4496 2987 4551 οὑδέ
3035 4496 3328 4566 ἀποφυγὴν
3379 4494 3568 4558 πόνου,
3606 4494 3698 4548 τὸν

416 4585 734 4639 existimare
771 4585 864 4639 otii
891 4592 1213 4655 prmtettum
1234 4584 1546 4638 antlaborls
1576 4588 2000 4653 recusationem,

2111 4598 2210 4666 τῆς
2257 4594 2546 4659 εὐσεϐείας
2582 4592 2786 4647 σκοπὸν
2817 4590 3072 4662 ἡγεῖσθαι
3109 4588 3255 4660 χρὴ’,
3291 4586 3410 4642 ἀλλ’
3437 4585 3699 4640 ὑπόθεσιν

418 4678 511 4732 sed
538 4688 923 4748 argumentum
947 4677 1269 4732 certationis
1293 4685 1347 4731 et
1374 4678 1612 4746 plurium
1642 4677 1913 4739 laborum.
1943 4693 2007 4733 ac

2112 4688 2414 4758 ἀθλήσεως,
2450 4686 2547 4741 καὶ
2580 4685 2758 4740 πόνων
2791 4685 3242 4755 περισσοτέρων,
3277 4681 3374 4735 καὶ
3418 4680 3700 4750 ὑπομονῆς

420 4769 476 4823 in
509 4767 898 4823 amictionibus
931 4768 1226 4838 patientia}.

982 4768 1226 4822 ttienlite.
2109 4780 2208 4851 τῆς
2234 4780 2291 4832 ἐν
2319 4779 2584 4848 θλίψεσιν.

494 4861 575 4916 Ad
613 4861 761 4916 hunc
785 4861 1006 4916 modum
1065 4859 1156 4914 Dei
1211 4861 1470 4929 templum
1531 4859 1818 4928 cﬂicimur,
1882 4877 2008 4917 cum

2181 4872 2338 4928 Οὕτω
2364 4872 2628 4943 γινόμεθα
2658 4871 2785 4935 ναὸς
2818 4870 2977 4936 Θεοῦ,
3011 4871 3139 4924 ὅταν
3183 4869 3261 4940 μὴ
3295 4866 3544 4938 φροντίσι
3574 4865 3701 4934 γηΐ-

402 4953 570 5026 ;curis
599 4952 832 5007 terrenis
866 4953 1148 5007 contentio
1178 4954 1458 5006 memoriae
1495 4961 1756 5023 perpetua
1789 4969 1899 5008 non
1931 4955 2004 5008 in-

2111 4984 2232 5031 ναις
2265 4967 2325 5021 τὸ
2350 4966 2576 5036 συνεχὲς
2611 4966 2712 5037 τῆς
2747 4966 2972 5036 μνήμης
3013 4963 3403 5031 διακόπτηται⁶
3444 4960 3575 5013 ὅταν
3625 4959 3701 5028 μὴ

399 5045 806 5123 fterrumpitur,
841 5060 966 5102 cum
1021 5045 1600 5116 mensinexspcctatis
1651 5047 2001 5116 perturbatio-

2114 5061 2225 5122 τοῖς
2258 5059 2694 5130 ἀπροσδοκήτοις
2752 5058 2988 5111 πάθεσιν
3027 5056 3056 5108 ὁ
3092 5052 3220 5118 νοῦς
3267 5051 3703 5120 ἐκταράττηται,

400 5137 588 5210 (nibus
613 5152 719 5192 non
758 5136 1012 5191 turbatur
1045 5154 1058 5190 :
1094 5136 1188 5192 sed
1224 5136 1342 5192 [nec
1390 5138 1574 5191 omnia
1604 5153 1727 5192 cum
1762 5135 2002 5208 effugerit

2114 5153 2250 5205 ἀλλὰ
2284 5155 2465 5205 πάντα
2516 5150 2706 5220 φυγὼν
2737 5151 2764 5202 ὁ
2812 5149 3086 5218 φιλόθεος,
3135 5148 3230 5201 ἐπὶ
3273 5146 3366 5200 τὸν
3401 5143 3537 5198 Θεὸν
3569 5144 3707 5196 ἀνα-

321 5282 373 5293 __
425 5229 736 5282 divinarum
783 5241 969 5282 rerum
1018 5228 1268 5297 cupidus,
1316 5229 1381 5282 ad
1437 5226 1605 5282 Deum
1656 5232 1832 5298 ipsum
1859 5245 1923 5285 set

2116 5249 2311 5317 χωρῇ,
2355 5246 2450 5300 καὶ
2489 5244 2794 5312 ἐξελαύνων
2853 5245 2922 5298 τὰ
2977 5242 3118 5313 πρὸς
3173 5240 3412 5304 κακίαν,
3454 5241 3570 5302 τοῖς
3629 5239 3709 5300 είς

424 5321 522 5388 dit,
557 5336 619 5376 ac
648 5322 922 5390 depellens
959 5338 1021 5378 ea
1078 5338 1198 5392 quze
1237 5325 1302 5378 ad
1367 5325 1492 5379 vitia
1550 5325 1799 5392 incitant,
1832 5327 1887 5380 in
1948 5326 2016 5379 iis

1832 5327 1887 5380 in
1948 5326 2016 5379 iis
2119 5337 2320 5407 ἀρετὴν
2353 5336 2578 5406 ἄγουσιν
2609 5334 3043 5408 ἐπιτηδεύμασιν
3079 5334 3417 5406 ἐνδιατρίϐῃ.

427 5423 640 5477 tantum
670 5413 991 5470 immoratur
1019 5415 1210 5472 ofﬁciis
1228 5426 1281 5471 et
1301 5419 1642 5484 muneribus,
1661 5434 1782 5489 qua:
1808 5418 1876 5472 ad
1908 5418 2011 5472 vir-

431 5513 603 5560 tutem
632 5505 859 5559 ducunt.

501 5595 560 5651 S.
596 5595 825 5666 Ignatii.
861 5596 916 5650 Si
943 5599 1116 5655 bonos
1156 5609 1212 5655 et
1254 5601 1520 5656 honestos
1579 5608 1794 5655 tantum
1853 5599 2022 5655 disci-

2195 5604 2408 5662 Καλοὺς
2445 5599 2694 5670 μαθητὰς
2727 5601 2823 5653 ἐὰν
2869 5599 3055 5670 φιλῇς,
3090 5600 3253 5670 χάρις
3305 5617 3387 5654 σοι
3417 5601 3520 5653 οὐκ
3553 5598 3674 5655 ἐστι
3701 5618 3714 5632 ·

431 5690 588 5759 pulos
613 5687 817 5758 diligis,
851 5689 995 5743 nulla
1022 5691 1116 5745 tibi
1151 5692 1323 5759 gratia
1344 5692 1590 5746 debetur.
1638 5693 1813 5762 Magis
1847 5692 2019 5746 rebel-

2129 5698 2332 5768 μᾶλλον
2367 5697 2492 5757 τοὺς
2538 5692 2970 5763 ἀπειθεστέρους
3001 5695 3060 5746 ἐν
3099 5693 3373 5764 πραΰτητι
3403 5693 3714 5749 ὑπόταασε.

432 5783 510 5836 les
556 5781 781 5836 lenitate
837 5788 1071 5836 tractare
1121 5783 1307 5846 debes,
1368 5795 1430 5836 ut
1482 5783 1837 5851 crudiantur;
1914 5800 2020 5839 non

2125 5793 2199 5844 Ο)
2238 5791 2347 5843 πᾶν
2375 5786 2597 5856 τραῦμα
2644 5789 2710 5856 τῇ
2765 5787 2906 5856 αὐτῇ
2943 5787 3281 5858 ἐμπλάστρῳ
3323 5786 3723 5860 θεραπεύεται.

433 5876 577 5927 enim
614 5889 775 5929 omne
807 5875 1008 5928 Vulnus
1039 5877 1228 5930 eodem
1264 5876 1560 5944 emplastro
1588 5889 1834 5932 curatur.
1886 5878 2022 5932 Exa-

1622 5889 1834 5932 uratur.
1886 5878 2022 5932 Exa-
2128 5887 2267 5950 Τοὺς
2308 5883 2694 5954 παροξυσμοὺς
2727 5881 3030 5954 ἐμϐροχαῖς
3058 5881 3216 5937 παῦε.

437 5968 788 6024 cerbationes
815 5966 1227 6038 perfusionibus
1265 5970 1412 6024 suda.
