4056 6432
404 420 542 493 1113

1137 426 1309 488 LOCI
1350 417 1791 488 COMMUNES.
1821 449 1892 459 —
1931 421 2125 486 PARS
2165 425 2249 489 Π.
2290 420 2551 486 SERMO
2587 425 2810 489 XLIII.

3527 422 3662 489 illi

483 533 956 607 'I'ttwas'otbttsea.
986 534 1082 589 καὶ
1118 535 1259 605 Θεῷ,
1290 536 1387 589 καὶ
1419 534 1696 606 ἀλλήλοις,
1727 535 1824 587 καὶ
1858 535 1973 591 τοῖς
2006 578 2010 592 ι

2156 532 2817 608 Tliea.’ogi.Suhjiciamur
2858 545 2974 592 tum
3015 536 3280 602 Deo,tum
3327 533 3485 590 nobis
3532 537 3668 590 luvi-

403 629 497 685 ἐπὶ
546 629 648 698 γῆς
682 628 935 698 ἄρχουσι*
963 626 1083 695 Θεῷ
1117 626 1205 680 διὰ
1234 628 1432 680 πάνταο
1464 626 1555 680 διὰ
1586 627 1685 696 τὴν
1730 624 1977 694 φιλαδελ-

405 725 535 794 φίαν
563 721 815 790 ἀλλήλοις
837 736 854 753 ⁸
887 720 955 773 δι’
987 719 1244 785 εὐταξίαν
1286 722 1406 783 τοῖς
1432 719 1662 789 ἄρχουσι
1690 733 1704 749 ο
1751 718 1846 770 καὶ
1887 734 1978 769 το-

407 816 600 870 σοῦτον
634 814 859 886 μᾶλλον,
890 814 1114 884 ὅσῳπερ
1165 813 1231 867 ἂν
1285 807 1418 867 ὦσιν
1478 811 1847 892 ἡμερώτεροι.
1883 809 1975 863 καὶ

405 908 769 979 χρηστότεροι
800 906 993 977 (δεινὸν
1030 907 1138 975 γὰρ
1194 905 1496 958 ἐπιείκειαν
1531 904 1844 971 δαπανῆσαι
1891 899 1970 971 τῷ

408 997 624 1069 συνεχεί
652 1001 750 1065 τῆς
790 1000 1168 1069 συγγνώμης).
1204 998 1292 1051 ἵνα
1343 996 1418 1066 μὴ
1464 997 1560 1051 καὶ
1602 997 1705 1064 τῆς
1753 996 1980 1055 ἐκείνων

407 1092 744 1164 τραχύτητος
768 1093 920 1146 αὐτοὶ
934 1092 1092 1156 δίκας
1116 1090 1531 1160 ἀπαιτηθῶμεν,
1554 1090 1797 1157 γαλήνην
1816 1087 1983 1142 πνεύη

410 1197 545 1251 ματι
573 1181 858 1245 λύσαντες,
912 1182 1007 1236 καὶ
1057 1184 1196 1251 φωτὶ
1258 1178 1422 1251 ζόφον
1469 1181 1769 1249 ἐπάγοντες
1806 1217 1822 1244 ,
1887 1181 1983 1233 καὶ

408 1270 589 1342 μέλιτι
622 1269 1061 1344 καταμιγνύντες
1095 1273 1368 1343 ἅψίνθιον.

480 1453 545 1507 Ol
581 1452 788 1524 κόσμου
818 1452 1147 1523 χωρίζοντες
1196 1451 1426 1516 ἑαυτοὺς
1448 1492 1465 1518 ,
1498 1452 1594 1505 καὶ
1642 1451 1743 1523 τὴν
1774 1450 1985 1523 ἔρημον

407 1539 804 1610 ἀσπαζόμενοι,
842 1540 981 1604 ζῶσι
1010 1541 1152 1610 Θεῷ,
1201 1543 1420 1597 πάντων
1472 1541 1679 1609 μᾶλλον
1710 1543 1985 1612 τρεφομέ-

408 1648 515 1683 νων
538 1632 596 1683 ὲν
626 1629 843 1701 σώματι
870 1646 883 1660 ·
911 1632 962 1684 οί
1011 1631 1171 1701 μόνον
1200 1632 1290 1684 τὶν
1320 1631 1500 1701 πάντη
1541 1630 1838 1701 μοναδικόν
1869 1631 1985 1685 δια-

411 1717 667 1786 θλοῦντες
690 1721 864 1791 εβίον,
897 1722 1113 1786 ἑαυτοῖς
1155 1724 1339 1792 μόνοις
1376 1723 1822 1793 προσλαλοῦντες
1878 1724 1979 1776 καὶ

2089 644 2229 694 com,
2269 639 2381 683 tum
2422 629 2508 686 his
2534 629 2856 700 quiinterra
2886 637 3207 693 potestatem
3242 637 3457 697 gerunt,
3479 642 3542 682 ac
3563 627 3670 682 Deo

2091 721 2308 790 quidem
2334 720 2821 787 omnibusmodis;
2852 719 3084 777 invicem
3122 728 3339 788 propter
3366 722 3667 772 fraternam

2094 807 2412 864 cbaritatem
2441 818 2495 864 ct
2523 811 2872 875 societatem;
2900 807 3307 879 magistratibus
3333 817 3554 879 propter
3582 822 3673 861 ore

2094 901 2236 954 diuis
2265 903 2755 966 conservationem,
2778 916 2951 971 coque
2981 900 3177 970 magis,
3209 901 3254 953 si
3287 899 3491 954 fuerint
3519 915 3672 953 mau-

2093 992 2360 1045 suetiores
2386 1002 2441 1046 et
2467 992 2834 1063 benigniores.
2865 993 3199 1062 (Improbum
3225 992 3368 1046 enim
3394 1001 3476 1045 est
3503 992 3674 1059 atqui-

2095 1092 2258 1136 tatcm
2291 1098 2618 1138 consumere
2641 1094 2908 1154 perpetuo
2938 1084 3298 1155 ignoscendo)
3330 1093 3389 1139 ιιι
3412 1099 3479 1137 ne
3502 1093 3667 1138 etiam

2091 1174 2308 1228 illorum
2342 1174 2650 1242 asperitatis
2673 1174 2776 1244 ipsi
2808 1190 2999 1244 pmnas
3040 1176 3271 1241 luamus,
3308 1175 3672 1245 tranquillita-

2095 1273 2201 1320 tem
2237 1264 2485 1319 immisso
2509 1275 2669 1320 vento
2691 1268 2984 1332 solventes,
3020 1278 3076 1323 et
3108 1270 3216 1325 luci
3270 1269 3552 1324 tenebram
3584 1270 3670 1323 in-

2096 1360 2379 1423 ducentes,
2393 1365 2444 1413 et
2461 1358 2619 1413 melle
2641 1358 3057 1415 commiscentes
3075 1361 3429 1416 absinthium.

2169 1450 2270 1516 Qui
2299 1449 2466 1520 seipsi
2520 1465 2549 1503 a
2587 1451 2793 1504 mundo
2842 1462 3186 1518 separarum,
3217 1456 3296 1505 et'
3320 1449 3669 1505 solitudinem

2098 1545 2523 1611 amplectuntur,
2556 1542 2664 1598 Deo
2726 1543 2935 1606 vivunt,
2988 1540 3236 1596 omnium
3288 1545 3521 1595 maxime
3575 1541 3671 1611 qui

2097 1647 2327 1699 corpore
2354 1635 2572 1688 aluntur
2597 1651 2612 1687 :
2635 1634 2726 1702 qui
2755 1634 3101 1689 solummodo
3126 1645 3350 1702 prorsus
3370 1631 3667 1686 solitariam

2098 1738 2145 1792 pv
2161 1721 2446 1778 seferentes
2473 1726 2635 1778 vitam
2667 1739 2852 1779 secum
2883 1732 2937 1779 et
2968 1739 3092 1779 cum
3119 1724 3230 1779 Deo
3255 1725 3666 1794 colloquuntur,

408 1813 486 1882 τῷ
511 1812 653 1883 Θεῷ,
676 1813 774 1866 καὶ
802 1811 965 1865 τοῦτο
991 1813 1152 1884 μόνον
1182 1813 1392 1884 κόσμου
1424 1814 1648 1879 εἰδότες,
1675 1815 1799 1868 ὅσον
1827 1815 1885 1869 ἐν
1914 1815 1980 1884 τῇ

2095 1815 2223 1870 illud
2257 1824 2466 1870 tantum
2494 1810 2562 1871 de
2595 1818 2800 1872 mundo
2848 1826 3261 1887 cognoscentes.
3315 1827 3580 1886 quantum
3616 1817 3669 1870 in

410 1904 620 1976 ιρημίᾳ
646 1903 998 1973 γνωρίζουσιο
1031 1907 1147 1969 τοῖς
1186 1907 1287 1976 μὶν
1315 1907 1504 1969 ἄλλοις
1531 1906 1859 1977 τεθνηκότες
1896 1908 1988 1959 ἀν-

413 1993 677 2063 θρώποις,
720 1995 816 2048 καὶ
846 1997 1200 2065 πράγμασιν,
1230 1997 1331 2052 ὅσα
1375 2000 1434 2052 ἓν
1470 1997 1620 2068 μέσῳ
1667 1998 1986 2068 στρέφεται,

414 2083 747 2156 στροϐοῦντά
779 2103 838 2140 τε
868 2088 963 2141 καὶ
1008 2087 1399 2158 στροῦοῦμενα,
1428 2088 1525 2143 καὶ
1558 2088 1822 2154 παίζοντα
1844 2089 1990 2160 ἡμᾶς

413 2177 534 2238 ταῖς
587 2175 976 2248 ἀγχιστρόφοις
1046 2177 1426 2247 μεταϐολαῖς·
1483 2178 1740 2247 ἀλλήλοις
1788 2178 1846 2232 δὲ
1899 2179 1991 2232 κό-

416 2282 554 2336 σμος
605 2267 788 2336 ὄντες,
823 2269 920 2323 καὶ
959 2271 1027 2341 τῇ
1085 2270 1386 2339 παραθέσει
1444 2274 1511 2342 τῇ
1561 2272 1731 2342 ἀρετῇ
1790 2270 1987 2341 θήγον-

414 2376 528 2424 τις.

487 2454 561 2507 To
598 2455 855 2523 μονάζειν
898 2455 958 2508 έν
1007 2457 1072 2524 τῇ
1123 2455 1419 2526 εὐσταθείᾳ
1465 2454 1561 2508 τοῦ
1610 2455 1820 2526 τρόπου
1853 2456 1991 2526 μᾶλ·

415 2545 508 2599 λον
560 2544 599 2614 ἦ
630 2547 695 2616 τῇ
739 2544 833 2599 τοῦ
889 2545 1146 2617 σώματος
1186 2547 1538 2619 ἀναχωρήσει
1588 2547 1994 2619 χαρακτηρίζε-

414 2652 531 2692 ται.

497 2730 664 2801 Ὁρᾷς
705 2729 834 2794 τοὺς
886 2728 1077 2795 ἀδίους
1141 2729 1374 2793 τούτους
1433 2729 1529 2784 καὶ
1572 2729 1863 2794 ἀνεστίους
1895 2730 1993 2784 καὶ

418 2820 714 2891 ἀσάρκους,
748 2821 980 2892 μικροὺς
1018 2821 1115 2875 καὶ
1173 2822 1499 2891 ἀναίμονας,
1558 2821 1655 2876 καὶ
1693 2821 1815 2893 Θέῷ
1847 2823 1994 2877 κατὰ

415 2911 579 2964 τοῦτο
635 2908 1062 2981 πλησιάζοντας,
1112 2912 1243 2975 τοὺς
1276 2913 1693 2979 ἁνιπτόποδας,
1744 2914 1843 2967 καὶ
1893 2931 1992 2984 χα-

419 3001 709 3072 μαιεῦνας,
739 3004 867 3067 τοὺς
916 3002 1068 3057 κάτω
1128 3003 1225 3057 καὶ
1275 3004 1417 3074 ὑπὲρ
1463 3002 1533 3058 τὰ
1565 3005 1740 3067 κάτω.
1766 3003 1897 3068 τοὺς
1934 3007 1993 3058 ιν

415 3092 728 3162 ἀνθρώποις
756 3095 853 3148 καὶ
878 3093 1022 3164 ὑπὲρ
1047 3093 1118 3147 τὰ
1144 3093 1486 3164 ἀνθρώπινα,
1514 3095 1642 3159 τοὺς
1672 3095 1995 3166 δεδεμένους

415 3183 513 3238 καὶ
544 3183 917 3281 ἐλευθέρους,Δ
947 3185 1077 3281 τοὺς
1117 3188 1565 3281 κεκρατημένους
1617 3189 1713 3244 καὶ
1736 3189 1990 3281 ,ἀκρατη-
2019 3222 2064 3281 c

415 3288 563 3335 τουςο
594 3268 669 3327 ὧν
703 3275 854 3329 οὐδὲν
903 3278 962 3330 έν
1014 3277 1228 3347 κόσμῳ,
1282 3283 1379 3332 καὶ
1411 3280 1589 3332 πάντα
1630 3282 1698 3333 τὰ
1726 3277 1870 3348 ὑπὲρ
1897 3278 1993 3334 κό-

418 3375 578 3433 σμον⁹
627 3357 704 3417 ὧν
728 3362 951 3418 διπλοῦν
984 3364 1045 3418 τὸ
1078 3363 1203 3437 ζῇν,
1228 3366 1289 3420 τὸ
1317 3366 1418 3436 μὲν
1449 3369 1898 3440 ὑπερορώμενον,
1929 3369 1991 3423 τὸ

415 3453 475 3506 δὲ
524 3454 967 3525 σπουδαζόμενον
991 3474 1007 3489 ο
1047 3458 1178 3520 τοὺς
1203 3457 1293 3513 διὰ
1328 3459 1430 3528 τὴν
1470 3459 1742 3531 νέκρωσιν
1785 3462 1993 3518 ἀθανά-

414 3555 561 3608 τους,
588 3544 714 3609 τοὺς
744 3547 834 3600 διὰ
882 3546 1039 3601 λύσιν
1077 3547 1217 3618 ,Θεῷ
1258 3551 1666 3619 συνημμένους,
1711 3551 1844 3617 τοὺς
1886 3552 1993 3619 ἔξω

417 3635 605 3702 πόθου,
638 3638 735 3688 καὶ
770 3636 909 3705 μετὰ
949 3636 1097 3691 θείου
1146 3639 1241 3691 καὶ
1285 3639 1533 3704 ἀπαθοῦς
1569 3639 1795 3712 ἔρωτος’
1835 3637 1913 3697 ὧν
1935 3644 1991 3697 αἱ

417 3727 595 3795 πηγαὶ
634 3727 730 3780 τοῦ
768 3727 970 3797 φωτὸς,
1024 3730 1124 3783 καὶ
1180 3722 1257 3785 ὧν
1302 3730 1404 3802 ἢδη
1437 3732 1505 3786 τὰ
1534 3733 1988 3805 ἀπαυγάσματα·

414 3810 493 3872 ὧν
530 3819 587 3872 αί
626 3819 920 3887 ἀγγελικαὶ
964 3819 1296 3891 ψαλμῳδίαι,
1327 3823 1424 3875 καὶ
1470 3823 1525 3876 ai
1571 3824 1831 3895 πάννυχοι
1859 3825 1990 3880 στά-

419 3925 555 3973 σεις,
593 3911 691 3963 καὶ
736 3911 769 3981 ἡ
823 3909 915 3963 τοῦ
966 3910 1059 3964 νοῦ
1103 3911 1239 3982 πρὸς
1267 3912 1402 3965 Θεὸν
1435 3913 1672 3984 ἔκδημία
1702 3932 1992 3986 προαρπα-

417 3995 679 4073 ζομένου·
720 3988 808 4055 ίῶν
843 4002 877 4073 ἡ
912 4001 1183 4074 κάθαρσις
1206 4043 1224 4071 ,
1270 4003 1371 4056 καὶ
1402 3996 1477 4057 ὧν
1508 4004 1571 4058 τδ
1603 4004 1988 4076 καθαίρεσθαι.

489 4182 562 4235 Τὸ
591 4180 904 4251 φιλοσοφεῖν
937 4181 1064 4234 ὅσον
1100 4182 1383 4251 μέγιστον,
1409 4182 1668 4236 τοσοῦτον
1697 4184 1794 4238 καὶ
1827 4185 1960 4255 χαλε
1978 4213 1992 4227 -

418 4272 687 4345 πώτερον,
728 4273 829 4327 καὶ
851 4274 913 4327 οὐ
944 4272 1160 4326 πολλῶν
1203 4274 1265 4326 τὸ
1311 4274 1646 4345 ἐγχείρημα,
1682 4275 1716 4346 ἦ
1746 4275 1856 4330 τῶν
1886 4277 1991 4331 ὑπὸ

416 4363 519 4435 τῆς
556 4364 710 4428 θείας
745 4363 1106 4435 κεκλημένων
1153 4364 1538 4433 μεγαλονοίας,
1579 4367 1764 4449 ἡντοϊς
1815 4384 1993 4443 προῃ-

420 4457 684 4529 ρημένοις
711 4456 895 4520 καλῶς
933 4458 1096 4527 χεῖρα
1127 4455 1364 4510 δίδωσιν.

2094 1906 2210 1975 ipsa
2236 1907 2534 1962 solitudine
2576 1919 2905 1979 agnoscunt,
2933 1909 3054 1963 aliis
3088 1908 3306 1978 quidem
3339 1910 3538 1962 mortui
3574 1908 3672 1962 ho-

2099 1999 2358 2063 minibus,
2395 2008 2448 2053 et
2475 2000 2641 2056 rebus
2666 2016 2786 2070 qua!
2809 2002 2862 2056 in
2897 2001 3079 2057 medio
3124 2001 3405 2055 hominum
3449 2015 3673 2056 versan-

2093 2100 2182 2146 tur
2209 2101 2320 2147 tum
2347 2092 2783 2162 agilantes,‘tum
2815 2094 3032 2162 agitata:
3065 2093 3118 2147 in
3161 2108 3377 2149 omnem
3434 2104 3668 2162 partem,

2095 2191 2207 2238 tum
2242 2198 2344 2239 nos
2371 2183 2718 2241 ludiﬁcantes
2749 2185 3081 2240 volubilibus
3107 2185 3535 2240 mutationibus:
3563 2185 3670 2239 sibi

2092 2270 2328 2327 invicem
2372 2288 2504 2329 vero
2563 2274 2804 2330 mundus
2858 2282 3007 2341 sunt,
3056 2282 3113 2331 et
3147 2284 3332 2330 mutua
3382 2275 3673 2331 collatione

2092 2362 2345 2418 virtutem
2378 2373 2604 2419 acuunt.

2165 2452 2352 2508 Solum
2381 2470 2522 2520 esse,
2552 2472 2763 2510 morum
2794 2456 2968 2528 magis
2994 2457 3297 2512 constantia
3325 2457 3486 2528 189
3506 2471 3670 2528 quam

2093 2546 2341 2616 corporis
2375 2561 2592 2604 secessu
2626 2546 2897 2603 formatur
2924 2565 2987 2605 ac
3012 2550 3360 2617 exprimitu.

2175 2727 2339 2785 Vides
2374 2730 2509 2785 istos
2541 2728 2736 2799 opibus
2782 2736 2839 2784 et
2891 2727 3145 2784 domibus
3169 2737 3438 2791 carentes.
3475 2743 3670 2783 excar-

2095 2834 2216 2887 ncs,
2249 2819 2423 2874 exiles
2452 2826 2506 2874 et
2547 2834 2879 2891 exsangues,
2930 2819 3095 2873 etiam
3149 2819 3259 2874 Deo
3305 2819 3408 2874 hac
3457 2820 3667 2874 ratione

2093 2912 2616 2981 appropinquantes,
2644 2911 2808 2966 illotis
2837 2910 3069 2981 pedibus
3099 2920 3154 2965 et
3183 2910 3333 2965 humi
3362 2911 3663 2969 cubantes:

2094 3003 2187 3074 qui
2216 3003 2357 3057 infra
2391 3017 2515 3058 cum
2553 3003 2687 3067 sint,
2716 3003 2975 3058 inferiora
3003 3011 3284 3073 superant,
3321 3015 3377 3058 et
3405 3003 3547 3059 inter
3571 3004 3666 3059 bo-

2092 3096 2271 3151 mines
2294 3109 2458 3165 supra
2477 3094 2768 3150 humanam
2800 3095 3164 3151 conditionem
3193 3105 3345 3162 sunt,
3366 3097 3574 3151 vinctos
3611 3104 3665 3154 ct

2095 3184 2329 3248 liberos;
2361 3184 2612 3239 detentos
2670 3192 2726 3238 et
2754 3193 2934 3239 tamen
2970 3198 3081 3238 non
3114 3185 3322 3252 teneri;
3351 3199 3580 3254 quorum
3612 3186 3667 3240 in

2097 3275 2301 3331 mundo
2324 3274 2459 3329 nihil
2489 3282 2593 3341 est,
2612 3283 2667 3330 et
2688 3274 2871 3330 omnia
2905 3288 3071 3346 supra
3101 3275 3362 3331 mundum
3387 3290 3405 3342 ;
3431 3289 3666 3344 quorum

2093 3367 2290 3436 duplex
2350 3374 2436 3423 est
2474 3367 2612 3435 vita,
2669 3381 2776 3421 una
2817 3382 2939 3436 qua:
2994 3366 3308 3435 despicitur,
3339 3366 3510 3422 altera
3544 3379 3667 3437 quis

2094 3458 2401 3527 appetitur;
2432 3456 2524 3525 qui
2558 3469 2655 3524 per
2680 3453 3158 3510 mortiﬁcationem
3205 3464 3335 3512 sunt
3375 3457 3666 3510 immorta-

2094 3548 2214 3615 les;
2249 3547 2340 3617 qui
2377 3562 2475 3618 per
2502 3547 2830 3603 solutionem
2858 3545 2969 3601 Deo
3002 3546 3242 3616 copulati
3266 3557 3319 3603 et
3350 3547 3461 3618 apti
3492 3556 3663 3614 sunt;

2093 3641 2184 3711 qui
2207 3647 2396 3696 carent
2423 3639 2628 3695 amoris
2649 3637 2937 3704 desiderio,
2961 3647 3016 3693 et
3053 3639 3111 3693 iu
3143 3637 3330 3694 divino
3360 3649 3415 3694 et
3446 3644 3663 3709 pertur-

2093 3731 2332 3787 bationis
2361 3739 2582 3801 experte
2610 3729 2866 3800 cupidine
2889 3745 2906 3797 ;
2938 3744 3172 3800 quorum
3207 3738 3337 3785 sunt
3366 3729 3544 3786 fontes
3578 3732 3667 3786 lus

2093 3823 2195 3885 cis.
2218 3831 2272 3877 et
2301 3836 2538 3892 quorum
2564 3820 2678 3892 jam
2704 3831 2835 3877 sunt
2858 3820 3279 3888 irradiationcs;
3300 3836 3537 3891 quorum
3568 3837 3667 3877 an-

2092 3913 2277 3986 gelicae
2312 3913 2647 3982 psalmodiis,
2666 3921 2721 3968 et
2746 3921 3040 3984 pernoctes
3070 3911 3358 3979 stationes,
3384 3920 3439 3967 et
3466 3913 3665 3969 mentis

2092 4005 2157 4059 ad
2207 4005 2375 4060 Deum
2448 4012 2617 4083 raptas
2668 3993 3069 4076 peregrinatio;
3132 4019 3364 4075 quorum
3427 4004 3666 4077 denique

2086 4097 2363 4168 purgatio,
2396 4112 2745 4168 quorumque
2777 4098 3065 4169 repurgari
3094 4105 3201 4154 est.

2163 4188 2544 4258 PhilosOpbari
2568 4196 2776 4259 quanto
2798 4197 2881 4245 est
2904 4189 3107 4258 majus,
3141 4199 3293 4246 tanto
3329 4192 3493 4247 etiam
3521 4192 3665 4248 ditii-

2093 4281 2278 4347 cilius,
2309 4279 2455 4351 quod
2491 4295 2598 4335 non
2648 4280 2809 4336 multi
2858 4279 3041 4335 facere
3069 4288 3363 4348 conantur,
3415 4284 3522 4339 nisi
3567 4299 3664 4353 per

2090 4369 2285 4424 divina!
2325 4368 2523 4424 mentis
2565 4368 2865 4422 invitentur
2907 4366 3308 4432 excelsitatem,
3361 4384 3484 4439 quae
3531 4368 3662 4425 boni

2091 4458 2367 4529 quippiam
2401 4456 2833 4527 proponentibus
2859 4470 3082 4510 manum
3114 4456 3360 4526 porrigit.

487 4544 582 4612 Οἷς
626 4551 746 4602 ἑστι
778 4547 960 4620 τρυφὴ
998 4549 1322 4618 ἐγκράτεια,
1355 4547 1452 4602 καὶ
1493 4548 1696 4618 πρᾶξις
1732 4551 1767 4622 η
1799 4550 1985 4622 ἀπρα.

2160 4550 2376 4621 Gregor.
2410 4546 2565 4619 Nysa.
2585 4547 2794 4614 Quibus
2825 4546 3035 4603 delicia:
3053 4554 3183 4603 sunt
3216 4548 3575 4615 continentia,
3606 4557 3662 4605 et

415 4640 526 4712 ξία,
566 4643 662 4696 καὶ
689 4640 816 4706 δόξα
843 4641 904 4695 τὸ
933 4639 1010 4711 μὴ
1038 4638 1429 4709 γινώσκεσθαι.

486 4733 667 4788 Καλὸν
695 4734 729 4804 ἡ
762 4731 1000 4804 ἄσκησις
1033 4732 1173 4802 μετὰ
1207 4731 1554 4803 συμμετρίας
1599 4731 1696 4788 καὶ
1732 4732 1990 4804 γνώσεως

415 4823 676 4896 ἀληθοῦς.

488 4916 675 4979 Οὕτως
703 4915 910 4981 ὀφείλει
960 4917 988 4968 ὁ
1039 4912 1274 4985 μοναχδς
1311 4912 1578 4970 πάντοθεν
1605 4915 1802 4971 ἑαυτὸν
1835 4933 1992 4991 περι-

417 5010 665 5072 σκοπεῖν,
701 4992 809 5061 καῗ
834 5005 1092 5075 ἀκίνητον
1120 5004 1209 5075 ἔχε
1221 5022 1269 5059 ιν
1299 5004 1436 5075 πρὸς
1467 5006 1565 5075 τὴν
1592 5006 1786 5061 ἑαυτοῦ
1812 5009 1991 5078 φυλα-

414 5102 523 5172 κὴν
550 5099 611 5155 τὸ
641 5099 740 5170 τῆς
762 5096 941 5168 ψυχῆς
987 5096 1163 5167 ὄμμα.
1195 5093 1270 5159 ὡς
1304 5097 1363 5149 ἐν
1419 5096 1570 5168 μέσῳ
1602 5099 1849 5168 παγίδων
1877 5099 1989 5153 διο-

414 5193 583 5248 δεύων
619 5190 726 5247 ἀεί.
1912 5190 1915 5191 ν

486 5374 552 5429 Οἱ
608 5372 708 5442 μὲν
759 5369 1036 5440 μάρτυρες
1087 5365 1349 5430 πολλάκις
1387 5368 1484 5422 καὶ
1535 5369 1595 5419 ἐν
1649 5367 1749 5437 μιᾷ
1794 5365 1991 5437 καιροῦ

418 5468 559 5540 ῥοπῇ
613 5461 1018 5532 ἀγωνισάμενοι
1061 5455 1457 5527 ἐτελειώθησαν
1482 5472 1497 5489 ο
1535 5459 1569 5529 ἡ
1599 5456 1659 5511 δὲ
1684 5457 1794 5510 τῶν
1826 5474 1993 5527 μονα-

362 5588 369 5597 -
416 5560 528 5632 χῶν
578 5554 819 5610 πολιτεία
844 5592 862 5619 ,
895 5549 1020 5606 καθ’
1052 5549 1293 5619 ἑκάστην
1345 5548 1566 5619 ἡμέραν
1620 5549 1865 5604 ἀθλοῦσα
1901 5549 1991 5603 διὰ

417 5652 513 5704 τὸν
565 5645 822 5718 Χριστὸν,
867 5640 1174 5714 μαρτυρεῖ,
1226 5640 1289 5692 οὐ
1325 5639 1462 5709 πρὸς
1512 5635 1653 5708 αἷμα
1687 5640 1784 5693 καὶ
1814 5639 1995 5710 σάρκα

419 5737 910 5810 παρατασσομένη,
966 5732 1103 5789 ἀλλὰ
1166 5734 1303 5802 πρὸς
1337 5731 1435 5794 τὰς
1477 5729 1673 5802 ἀρχὰς,
1712 5732 1851 5802 πρὸς
1896 5733 1995 5797 τὰς

422 5834 680 5905 ἐξουσίας
707 5866 723 5898 ,
763 5828 900 5902 πρὸς
948 5822 1703 5913 τοὺςλιοσμοκράτοραςὲῦ
1742 5824 1994 5907 σκότους,

1085 5907 1189 5916 ›-ι-..
1264 5907 1303 5912 ——-
1354 5908 1359 5913 -.
1374 5905 1449 5913 -—

2092 4645 2238 4698 aCtio
2268 4642 2464 4707 otium,
2495 4649 2548 4697 et
2579 4638 2749 4711 gloria
2780 4654 2812 4694 a
2845 4637 3060 4693 nomine
3089 4637 3374 4709 cognosci.

2160 4911 2220 4968 S.
2260 4909 2561 4966 Athanasii.
2590 4908 2831 4966 Honesta
2859 4922 2948 4964 res
2980 4914 3067 4963 est
3125 4905 3470 4971 exercitatio,
3532 4918 3659 4961 cum

2094 5001 2464 5057 moderatione
2500 5010 2556 5056 et
2604 4999 2915 5068 cognitione
2964 5013 3115 5054 vera.
3155 4996 3250 5054 Sic
3280 4997 3442 5054 debet
3473 5011 3663 5052 mona-

2092 5093 2231 5150 chus
2262 5093 2503 5163 undique
2528 5092 2766 5161 seipsum
2808 5088 3254 5159 circumspicere,
3311 5097 3366 5143 et
3412 5087 3662 5142 humobia

2092 5185 2199 5241 lem
2231 5193 2413 5240 tenere
2439 5183 2605 5237 animi
2627 5182 2849 5238 oculum
2870 5180 2939 5237 ad
2972 5195 3127 5238 suam
3149 5178 3479 5246 custodiam,
3503 5180 3661 5248 quasi

2091 5291 2191 5348 per
2218 5275 2431 5331 medios
2457 5275 2681 5346 laqueos
2710 5288 2927 5341 semper
2958 5274 3200 5329 incedat.

2164 5369 2433 5440 Martyres
2471 5368 2694 5438 quidem
2746 5381 2891 5435 saepe
2941 5367 3026 5422 vel
3086 5378 3198 5422 uno
3235 5362 3499 5435 temporis
3542 5379 3685 5443 mo-V

2094 5470 2279 5518 mento
2293 5475 2417 5516 cum
2448 5467 2777 5523 certassent,
2802 5456 3193 5529 perfectionem
3226 5454 3459 5512 assecuti
3497 5464 3660 5521 sunt;

2094 5561 2151 5607 at
2188 5551 2583 5607 monachorum
2616 5548 2728 5605 vita
2764 5548 2994 5620 singulis
3023 5546 3223 5604 diebus
3254 5562 3350 5617 per
3380 5545 3664 5602 Christum

2095 5650 2315 5697 certans
2365 5647 2572 5711 martyr
2615 5647 2734 5707 est,
2772 5637 2827 5694 id
2886 5649 2992 5704 est,
3041 5638 3415 5696 testimonium
3445 5635 3666 5692 Christo

2096 5733 2252 5797 dicit,
2285 5746 2394 5787 non
2419 5729 2683 5786 adversus
2710 5730 3032 5799 sanguinem
3079 5738 3135 5786 et
3173 5743 3399 5786 carnem
3452 5727 3509 5783 in
3541 5728 3664 5784 acie

2098 5826 2384 5895 instructa,
2430 5822 2526 5880 sed
2559 5821 2823 5880 adversus
2866 5820 3232 5893 principatus,
3271 5818 3534 5878 adversus
3562 5833 3663 5886 po-
