4056 6400
541 367 681 428 1115

1774 365 2098 424 ΛΝΤΟΝῘΙ
2145 365 2489 426 MELISS/E

3627 356 3742 420 ιιιθ

534 485 778 539 tes-tates,
805 477 1061 532 adversus
1086 477 1271 532 mundi
1295 478 1548 533 dominos
1579 486 1821 534 rectores
1849 470 2099 532 ie‘ii’ebra-

2220 482 2342 548 πρὸς
2393 481 2462 534 τὰ
2496 477 2843 548 πνευματικᾶ
2895 476 2993 544 τῆς
3050 477 3333 544 πονηρίας,
3381 474 3486 536 ἓως
3537 474 3743 544 ἐσχάτης

537 584 681 632 rum,
703 568 966 622 adversus
985 569 1294 636 spirituales
1316 569 1544 622 astutias
1567 583 1739 637 usque
1763 567 1828 622 ad
1855 568 2102 622 ultimum

535 660 790 728 spiritum
833 673 1111 714 cer:amen
1139 661 1368 729 habens,
1399 670 1454 717 et
1498 671 1674 718 certat
1723 673 1779 718 et
1809 674 2106 718 coronatur

537 759 814 804 armatura
845 750 939 803 Dei
969 751 1177 805 induta.

607 841 667 897 S.
699 840 1027 910 Serapionis.
1055 843 1368 898 Continenti
1396 844 1650 900 convenit
1679 845 1872 900 turbas
1893 844 2100 916 fugere,

533 941 593 984 ιιι
627 943 865 986 mentem
918 949 1028 986 non
1068 933 1390 988 distractam
1436 936 1672 989 retineat
1731 943 1782 990 et
1824 938 2108 1004 perturba-

534 1021 680 1074 tione
697 1035 948 1088 vacuam;
964 1022 1131 1076 multa
1146 1023 1291 1078 enim
1313 1035 1395 1078 est
1421 1024 1473 1077 in
1491 1023 1668 1078 turbis
1687 1025 2049 1092 perturbatio.

603 1111 721 1166 Non
769 1113 1161 1168 dormientium
1210 1124 1264 1169 et
1311 1114 1720 1170 desidiosorum
1765 1126 1849 1171 est
1877 1132 2106 1188 regnum

532 1202 650 1271 Dei,
698 1205 791 1258 sed
847 1205 1070 1262 violenti
1127 1207 1346 1276 rapiunt
1394 1207 1554 1263 illud.
1593 1207 1720 1263 limo
1765 1219 1945 1264 autem
1993 1211 2105 1265 sola

536 1294 790 1350 violentia
821 1297 1048 1352 honesta
1077 1309 1188 1363 est,
1227 1301 1336 1354 Deo
1369 1299 1477 1354 vim
1518 1299 1736 1364 aﬂ'erre,
1780 1301 1848 1356 ab
1883 1303 2108 1358 eodem-

536 1402 645 1456 que
683 1389 850 1443 vitam
892 1404 1104 1457 rapere.
1151 1390 1246 1445 Ille
1274 1406 1406 1446 vero
1439 1406 1778 1462 cognoscens
1813 1391 2106 1458 violentos,

536 1478 621 1532 vel
650 1480 830 1548 potius
859 1483 1122 1535 tenaciter
1152 1482 1205 1534 in
1241 1485 1521 1552 proposito
1548 1483 1834 1548 durantes,
1866 1485 1947 1540 eis
1976 1500 2109 1540 con-

536 1569 728 1622 cedere
759 1569 916 1623 solet.
952 1569 1163 1624 Gaudet
1193 1572 1335 1625 vnim
1369 1571 1514 1628 Deus
1546 1589 1606 1629 se
1635 1574 1736 1628 hac
1768 1575 1824 1628 in
1851 1590 1911 1630 re
1938 1576 2110 1629 vinci.

613 1659 772 1729 190
802 1657 1004 1713 Juslim'
1033 1659 1350 1730 philosophi.
1383 1661 1536 1716 Finis
1563 1678 1727 1732 quem
1775 1663 1877 1719 sibi
1916 1679 2112 1734 propo-

2207 573 2482 640 ἀναπνοῆς
2531 570 2630 640 τὴν
2677 572 2853 640 πάλην
2889 568 3112 638 ἔχουσα,
3152 568 3245 620 καὶ
3277 565 3427 618 ἀθλεῖ
3466 565 3556 618 καὶ
3582 582 3748 632 στεοςα·

2207 661 2428 728 νοῦται,
2469 663 2566 734 τὴν
2607 662 2912 717 πανοπλίαν
2956 657 3051 713 τοῦ
3107 657 3244 711 Θεοῦ
3285 657 3502 728 ἔχουσα.

2309 843 2548 916 Δρμόζει
2588 844 2665 914 τῷ
2700 843 2958 912 ἐγκρατεῖ
3003 843 3098 894 καὶ
3151 841 3276 901 τοὺς
3317 836 3506 906 ὄχλους
3533 834 3748 904 φεύγειν,

2209 934 2297 988 La.
2319 933 2408 986 τὸν
2433 931 2557 986 νοῦν
2579 931 2989 1002 ἀπερίσπαστον
3015 929 3135 1000 ἔχη,
3163 929 3256 980 καὶ
3279 926 3375 996 τὴν
3399 927 3624 979 διάνοιαν
3643 925 3751 976 ἀτα-

2213 1043 2394 1097 ραχον·
2428 1025 2602 1094 πολλὴ
2635 1025 2742 1092 γὰρ
2777 1025 2836 1076 ὲν
2869 1023 2980 1084 τοῖς
3021 1021 3202 1090 δχλοις
3228 1020 3261 1088 ή
3291 1018 3526 1087 ταραχή.

2281 1117 2356 1170 Οὐ
2403 1117 2512 1169 τῶν
2544 1114 2910 1169 καθευδόντων
2939 1113 3033 1166 καὶ
3064 1110 3436 1182 βλακευόντων
3472 1109 3504 1176 ἡ
3533 1104 3752 1176 βασιλεία

2209 1206 2302 1261 τοῦ
2338 1206 2472 1260 Θεοῦ
2496 1223 2510 1238 ο
2545 1207 2659 1261 ἀλλ’
2699 1206 2748 1259 οἱ
2783 1205 3001 1274 βιασταὶ
3038 1199 3378 1274 ἁρπάζουσιν
3418 1198 3612 1267 αὐτήνο
3639 1195 3753 1264 αὕτη

2210 1299 2322 1370 γὰρ
2355 1300 2492 1369 μόνη
2529 1298 2563 1368 ἡ
2596 1297 2689 1366 βία
2740 1295 2924 1366 καλὴ,
2981 1293 3099 1365 Θεῷ
3153 1289 3468 1363 βιάσασθαι,
3499 1289 3590 1342 καὶ
3623 1289 3752 1354 ποιρά

2210 1391 2346 1444 Θεοῦ
2387 1391 2532 1460 ζωὴν
2569 1389 2838 1462 ἁρπάσαι.
2877 1389 2937 1443 Ὀ
2969 1389 3022 1442 δὲ
3047 1387 3211 1458 γνοὺς
3245 1384 3370 1447 τοὺς
3403 1382 3620 1452 βιαίους,
3650 1380 3757 1448 μᾶλα

2211 1486 2302 1537 λον
2341 1484 2397 1538 δὲ
2433 1484 2668 1555 βεϐαίως
2693 1481 3112 1553 ἀντεχομένους,
3151 1477 3503 1548 συνεχώρησε
3529 1474 3617 1529 καὶ
3646 1467 3754 1538 εἶξε.

2213 1575 2411 1644 Χαίρει
2441 1577 2550 1646 γὰρ
2584 1577 2611 1628 6
2641 1574 2773 1638 Θεὸς
2803 1575 2872 1627 τὰ
2905 1571 3130 1626 τοιαῦτα
3161 1569 3492 1641 ἡττώμενος.

2287 1665 2452 1730 Τέλος
2507 1666 2586 1736 τῷ
2632 1665 3015 1736 φιλοσοφοῦντι
3060 1665 3095 1734 ή
3156 1662 3290 1733 πρὸς
3352 1661 3485 1714 Θεὸν
3536 1657 3758 1728 ὁμοίωσις

538 1750 618 1804 nit
651 1752 742 1818 qui
794 1751 1238 1822 pliilos=‘phatur,
1271 1766 1376 1820 εει,
1412 1761 1472 1807 ιιι
1512 1752 1606 1808 Dei
1656 1754 1888 1820 similis,
1923 1755 2108 1827 quoad

2220 1760 2356 1814 κατά
2389 1760 2447 1812 τὸ
2480 1758 2725 1812 δυνατόν.

533 1839 653 1910 ejus
685 1841 798 1894 fieri
829 1853 1026 1910 potest,
1077 1843 1150 1896 sit

605 1933 874 1988 Philonis.
911 1933 1182 2006 Inmquale
1211 1936 1471 2005 quiddam
1498 1949 1695 1994 natura
1717 1945 1805 1996 est
1829 1935 2110 1994 meditatio

529 2033 586 2078 ct
631 2027 974 2093 exercitatio,
1028 2029 1188 2083 modo
1242 2030 1388 2085 enim
1440 2031 1492 2084 in
1540 2030 1709 2085 altum
1760 2031 2108 2096 conscendit,

532 2123 695 2177 modo
725 2123 780 2178 in
821 2125 1162 2179 contrarium
1197 2135 1427 2181 remeat.
1459 2127 1525 2180 Et
1562 2129 1698 2182 alias
1760 2125 2115 2197 quemadmov

529 2215 660 2270 dum
707 2215 864 2271 navis
910 2216 1050 2271 bona
1083 2225 1136 2273 et
1183 2217 1325 2272 felici
1364 2218 1710 2288 navigatione
1791 2219 1936 2280 vitae,
1977 2216 2113 2271 alias

533 2316 713 2362 autem
747 2306 953 2362 infelici
993 2316 1152 2362 utens
1181 2307 1567 2362 meditatorum
1610 2309 1716 2363 vita
1761 2307 2016 2373 alternat,
2053 2317 2113 2362 ut

533 2399 755 2468 quidam
797 2397 896 2463 ait,
925 2397 1201 2452 interdum
1231 2398 1419 2452 vivens
1442 2406 1496 2451 et
1532 2397 1785 2468 vigilans,
1833 2397 2108 2452 interdum

533 2504 663 2543 vero
699 2496 914 2541 mortua
945 2497 1038 2542 aut
1071 2487 1369 2543 dormiens.
1393 2487 1582 2558 Neque
1613 2503 1743 2543 vero
1784 2489 1900 2543 haec
1929 2505 1956 2543 a
1988 2503 2114 2558 pro-

537 2585 720 2653 posito
751 2582 1067 2635 aberrantia
1096 2580 1375 2636 dicuntur.
1426 2581 1719 2650 Sapientes
1748 2580 1890 2634 enim
1922 2579 2113 2633 huma-

539 2691 668 2730 num
695 2673 877 2730 locum
898 2673 1218 2729 sortitisunt
1235 2680 1293 2728 ut
1313 2671 1870 2735 habitarent,sursum
1891 2672 2114 2726 tendere

545 2779 763 2834 semper
794 2766 996 2819 assueti
1031 2780 1046 2817 :
1084 2761 1214 2818 mali
1279 2771 1461 2816 autem
1511 2760 1809 2817 inferorum
1859 2777 2113 2817 secessus

539 2864 596 2912 ct
639 2855 868 2926 angulos
925 2861 1138 2924 petunt,
1198 2869 1229 2908 a
1287 2853 1557 2924 principio
1608 2852 1679 2909 ad
1725 2852 1886 2909 finem
1939 2867 2114 2922 usque

539 2949 678 3004 mori
710 2945 1029 3010 assuefacti,
1063 2957 1118 3002 et
1146 2947 1200 3002 in
1247 2953 1584 3002 senectutem
1617 2961 1648 3000 a
1678 2945 1966 3002 cunabulis
1993 2961 2116 3001 cor-

536 3039 787 3111 ruptioni
823 3039 1128 3096 familiares
1161 3037 1338 3093 eﬂ'ecti
1387 3053 1403 3092 :
1453 3045 1510 3092 at
1557 3037 1911 3092 meditatores
1951 3035 2112 3090 medii

535 3141 668 3187 sunt
716 3132 859 3187 inter
891 3140 1164 3198 extrema,
1214 3141 1269 3186 et
1317 3143 1537 3186 sursum
1586 3143 1652 3184 ac
1696 3129 1955 3186 deorsum
2002 3127 2114 3185 fre-

536 3232 770 3294 quenter
793 3223 951 3293 quasi
975 3223 1028 3277 in
1053 3222 1314 3294 gradibus
1340 3228 1493 3288 eunt,
1520 3220 1602 3276 vel
1632 3221 1856 3277 meliore
1881 3221 2118 3292 quodam

538 3313 652 3370 fato
677 3329 896 3369 sursum
921 3315 1164 3379 attracti,
1190 3312 1274 3368 vel
1302 3314 1489 3384 pejore
1511 3311 1936 3378 retracti,donec
1952 3313 2120 3384 hujus

537 3404 858 3460 certaminis
879 3413 932 3460 et
963 3419 1155 3474 pugna:
1181 3403 1472 3474 praefectus
1497 3401 1641 3458 Deus
1681 3401 1874 3458 reddat
1896 3405 2119 3473 praemia

536 3496 1102 3568 praestantioriparti,
1146 3496 1481 3552 contrariam
1527 3495 1583 3551 in
1625 3494 1938 3551 universum
1986 3496 2121 3551 abo-

537 3583 682 3638 lens.

916 3695 1148 3753 SERMO
1199 3695 1363 3752 XLIV
1406 3697 1505 3771 [αι.
1545 3696 1743 3770 XXII].

539 3785 614 3841 De
665 3786 934 3844 monachis
991 3789 1410 3909 inconstantilzus
1460 3798 1511 3843 et
1541 3786 1611 3842 ad
1674 3789 1802 3842 vitia
1859 3797 2121 3845 reverten-

1279 3867 1318 3909 ιι
1359 3874 1442 3909 us.

1279 3867 1442 3913 tibus.

607 3947 800 4002 David.
834 3946 1179 4002 Declinantes
1202 3947 1270 4002 ad
1318 3946 1540 4002 fraudes
1581 3945 1813 4002 abducet
1848 3945 2117 4004 Dominus

537 4053 664 4093 cum
693 4039 761 4092 iis
787 4034 880 4106 qui
911 4038 1128 4106 exleges
1157 4051 1306 4094 sunt.

615 4128 773 4181 Prov.
821 4142 968 4181 τινι.
1023 4126 1094 4183 Ut
1138 4129 1291 4184 canis
1349 4143 1472 4182 cum
1539 4127 1681 4184 redit
1733 4129 1803 4185 ad
1854 4132 2115 4187 vomitum

539 4234 699 4275 suum
748 4219 974 4274 odiosus
1022 4229 1127 4286 est,
1181 4220 1262 4275 sic
1317 4219 1580 4291 insipiens
1633 4220 1701 4275 ad
1731 4221 1919 4276 vitium
1955 4236 2116 4278 suum

539 4325 818 4366 reversus.

613 4400 794 4457 Eccle.
820 4415 918 4456 vn.
949 4401 1324 4458 Animadverti
1354 4403 1564 4473 justum
1599 4415 1925 4476 pereuntem
1957 4407 2114 4462 vani-

541 4501 652 4547 tate
676 4508 797 4559 sua,
837 4501 1000 4562 atque
1032 4493 1088 4548 id
1123 4494 1342 4564 quidem
1373 4497 1589 4552 vanitas
1617 4505 1722 4553 est.

611 4584 843 4639 Zachar.
874 4600 991 4641 vni.
1020 4585 1352 4657 ingredienti
1377 4595 1434 4643 et
1485 4589 1706 4644 exeunti
1752 4604 1865 4646 non
1897 4596 1982 4646 est
2010 4603 2116 4658 pax

538 4676 610 4730 ab
649 4673 961 4731 amictione.

617 4767 735 4822 ιεα.
796 4765 1006 4821 Deiecit
1065 4781 1296 4823 currens
1348 4765 1502 4822 velut
1572 4781 1752 4839 equus
1815 4767 2117 4827 hinniendo

541 4862 741 4917 fessus.

614 4948 817 5004 Ezech.
855 4960 1048 5001 xxxm.
1083 4941 1142 4998 Si
1171 4943 1356 5015 justus
1384 4944 1666 5001 deﬂexerit
1697 4959 1728 5000 a
1751 4945 1965 5016 justitia
1991 4961 2113 5014 sua,

542 5041 857 5110 iniustaque
903 5037 1096 5095 fecerit
1148 5038 1216 5092 ad
1268 5037 1517 5108 exempla
1564 5049 1935 5107 peccatorum,
1997 5055 2120 5109 quae

543 5131 897 5189 committunt
915 5131 1154 5200 exleges,
1177 5129 1298 5199 eius
1327 5144 1518 5185 omnes
1537 5128 1815 5199 iniustitiae
1845 5131 1898 5184 in
1920 5131 2120 5199 quibus

541 5233 670 5278 ante
703 5237 762 5278 se
791 5222 1118 5286 exercuerit,
1162 5221 1218 5275 in
1244 5219 1572 5276 oblivionem
1621 5220 1842 5274 venient
1889 5233 2118 5290 propter

542 5323 787 5370 erratum
811 5315 1002 5384 ipsius,
1021 5329 1132 5384 quo
1163 5313 1352 5384 lapsus
1378 5312 1566 5380 fuerit,
1595 5325 1661 5367 ac
1685 5311 1740 5367 in
1767 5311 1900 5382 ipsis
1929 5326 2121 5381 pecca-

543 5408 615 5463 tis
635 5417 760 5477 qua:
790 5405 1071 5462 admiserit
1101 5405 1395 5461 morietur.

613 5495 828 5553 Iustum
865 5511 975 5550 non
1003 5497 1201 5566 eripiet
1229 5511 1261 5552 e
1290 5495 1432 5551 malo
1481 5510 1582 5552 sua
1620 5494 1856 5566 justitia,
1896 5509 2007 5566 quo
2032 5494 2120 5550 die

544 5591 662 5660 ipse
704 5587 1077 5644 aberraverit:
1126 5597 1181 5643 et
1241 5588 1466 5656 impium
1505 5588 1796 5658 iniquitate
1851 5603 1951 5644 sua
1999 5603 2110 5644 non

542 5681 747 5753 atlliget
793 5695 905 5752 quo
955 5681 1045 5737 die
1081 5681 1150 5736 ab
1196 5679 1485 5748 iniquitate
1524 5695 1624 5736 sua
1681 5681 2014 5738 discesserit.
2060 5681 2117 5736 In

545 5774 661 5827 suis
706 5787 980 5844 quemque
1005 5772 1106 5828 viis
1137 5780 1192 5826 et
1226 5771 1490 5826 institutis
1527 5771 1804 5842 iudicabo,
1851 5787 1884 5829 ο
1915 5773 2114 5830 domus

549 5866 862 5924 Israelitica.

2301 1938 2607 2010 ’Δνώμαλον
2646 1937 2807 2008 φύσει
2841 1938 2877 2008 ἡ
2923 1937 3182 2008 ἄσκησις,
3213 1935 3348 1988 ποτὲ
3399 1931 3498 2002 μὲν
3541 1933 3614 1995 είς
3647 1929 3760 1999 ὕψος

2221 2034 2394 2098 ίοῦσα,
2433 2033 2563 2086 ποτε
2602 2031 2661 2085 δὲ
2688 2030 3109 2101 ὑποστρέφουσιν.
3151 2027 3288 2099 πρὸς
3321 2025 3649 2088 τούναντίον,
3679 2024 3758 2074 καὶ

2218 2126 2347 2178 ποτε
2385 2123 2484 2194 μὲν
2519 2122 2794 2194 (καθάπερ
2818 2121 2970 2192 ναῦς)
2993 2119 3225 2190 εύπλοίᾳ
3259 2121 3325 2188 τῇ
3359 2117 3455 2170 τοῦ
3489 2117 3620 2185 βίον,
3647 2112 3757 2164 ποτὲ

2216 2217 2291 2282 δὲ,
2313 2215 2578 2288 δυσπλοίᾳ
2600 2215 2879 2286 χρωμένη,
2910 2213 3247 2284 ἐτερήμερος
3282 2211 3385 2281 (ὡς
3416 2209 3519 2278 ἔφη
3547 2206 3644 2274 τις)
3671 2205 3760 2256 τῶν

2219 2311 2476 2382 ἀσκητῶν
2505 2313 2534 2366 6
2563 2311 2678 2382 βίος
2702 2326 2718 2342 ⁸
2750 2310 2938 2366 ἄλλοτε
2975 2309 3074 2380 μὲν
3123 2305 3233 2370 ζῶν
3283 2305 3387 2359 καὶ⁵
3444 2298 3752 2374 ἐγρηγορὼς,

2218 2403 2408 2458 ἄλλοτε
2455 2401 2512 2455 δὲ
2571 2399 2852 2471 τεθνηκὼς
2899 2399 2934 2471 ἢ
2973 2397 3339 2472 κοιμώμενος.
3386 2396 3497 2451 Καὶ
3546 2393 3660 2447 τάδε
3679 2390 3763 2445 οὐκ

2217 2493 2326 2548 ἀπὸ
2360 2492 2568 2547 σκοποῦ
2594 2491 2840 2562 λέγεταυ
2873 2491 3031 2562 σοφοὶ
3063 2491 3164 2560 μὲν
3191 2489 3298 2561 γὰρ
3327 2487 3423 2542 τδν
3455 2483 3762 2554 ἀνθρώπινον

2220 2585 2398 2656 χῶρον
2429 2583 2626 2655 ἔλαχον
2651 2584 2850 2648 οίκεῖν,
2882 2582 2997 2637 ἀνω
3030 2582 3227 2653 φοιτᾷν
3255 2580 3350 2635 ἀεὶ
3400 2575 3762 2650 μεμαθηκότες.

2221 2677 2382 2732 κακοὶ
2407 2676 2464 2731 δὲ
2490 2677 2618 2739 τοὺς
2651 2675 2710 2730 ἐν
2737 2674 2842 2747 ᾇδη
2877 2674 3110 2745 μυχοὺς,
3142 2672 3202 2738 ιε
3245 2671 3426 2743 ἀρχῆς
3459 2671 3584 2743 ἄχρι
3607 2668 3764 2726 τέλους

2219 2768 2596 2838 ἀποθνήσκειν
2631 2765 3042 2838 μεμαθηκότες,
3073 2764 3170 2820 καὶ
3217 2763 3298 2826 είς
3328 2763 3504 2832 γῆρας
3534 2762 3592 2813 ἐκ
3617 2772 3764 2827 σπαρο

2219 2859 2398 2929 γάνων
2445 2857 2650 2929 φθορᾶς
2680 2857 2871 2918 ἐθάδες
2907 2856 3062 2920 ὅντες
3089 2873 3103 2889 ο
3136 2857 3187 2909 oi
3216 2855 3260 2908 δ’
3283 2853 3527 2924 ἀσκηταὶ
3554 2851 3765 2924 μεθόριοι

2219 2947 2329 3000 τῶν
2376 2946 2564 3016 ἄκρων
2593 2946 2752 3010 εἰσιν,
2788 2945 2903 3001 ἀνω
2961 2944 3060 2998 καὶ
3114 2944 3267 3000 κάτω
3303 2943 3568 3004 πολλάκις
3594 2940 3661 3001 ὡς
3689 2935 3766 2988 ἐπὶ

2222 3037 2486 3108 κλίμακος
2527 3037 2868 3109 βαδίζουσιν,
2900 3037 2935 3111 ἢ
2987 3035 3094 3090 ὑπὸ
3123 3037 3222 3108 τῆς
3259 3038 3573 3106 κρείττονος
3599 3032 3766 3103 μοίρας

2220 3129 2606 3199 ἀνελκόμενοι,
2629 3129 2664 3200 ἦ
2696 3128 2805 3184 ὑπὸ
2832 3129 2934 3198 τῆς
2963 3128 3206 3200 χείρονος
3235 3126 3655 3196 ἀντισπώμενα,
3689 3120 3765 3188 μέ-

2219 3236 2343 3291 χρις
2374 3220 2441 3275 ἂν
2488 3221 2517 3274 ὁ
2550 3220 2649 3292 τῆς
2699 3222 2937 3292 ἁμίλλης
2989 3220 3086 3276 καὶ
3123 3219 3400 3288 διαμάχης
3436 3217 3626 3281 ταύτης
3657 3213 3764 3282 βρα·

2219 3312 2418 3383 δευτὴς
2461 3312 2594 3376 Θεὸς
2641 3312 2834 3386 ἀναδῷ
2860 3313 2930 3367 τά
2968 3311 3197 3384 βραδεῖα
3249 3311 3405 3378 τάξει
3445 3311 3510 3381 τῇ
3545 3304 3762 3378 βελτίονι.

2213 3403 2318 3474 τὴν
2351 3403 2601 3459 ἐναντίαν
2633 3406 2712 3469 είς
2741 3406 2889 3461 διπαν
2921 3403 3192 3460 καθελών.

2805 3699 3026 3758 ΛΟΓΟΣ
3071 3694 3206 3754 MA'.

2220 3801 2356 3868 Περι
2401 3809 2689 3868 μοναχων
2728 3793 3118 3868 armtthde
3147 3788 3270 3868 ,καί
3318 3784 3766 3856 παλινδρομούν·

2747 3879 2864 3923 των
2876 3859 2989 3926 ἐίς
3019 3859 3258 3914 κακίαν.

2286 3956 2428 4019 Τοὺς
2483 3953 2836 4016 δκκλίνοντας
2888 3952 2969 4015 είς
3014 3951 3114 4014 τάς
3165 3949 3542 4019 στραγγαλιάς
3592 3944 3766 4011 ἀπάξει

2217 4047 2423 4117 Κύριος
2449 4045 2588 4115 μετά
2617 4043 2725 4097 τῶν
2746 4041 3129 4113 ἐργαζομένων
3158 4041 3258 4108 τὴν
3289 4041 3546 4111 ἀνομίαν.

2289 4138 2500 4207 Ὠσπερ
2525 4135 2672 4190 κύων
2701 4135 2830 4188 ὅταν
2875 4131 3080 4204 ἐπέλθῃ
3126 4131 3221 4184 ἐπὶ
3249 4133 3344 4185 τδν
3372 4130 3564 4186 ἑαυτοῦ
3599 4128 3766 4196 ἔμετον

2217 4230 2445 4302 μισητὸς
2493 4228 2707 4298 γίνεται
2733 4266 2751 4293 ,
2806 4222 2978 4286 οὕτως
3035 4223 3227 4292 ἄφρων
3273 4225 3342 4292 τῇ
3394 4217 3586 4276 ἑαυτοῦ
3625 4214 3766 4282 κακίᾳ

2213 4319 2558 4391 ἀναστρέψας
2616 4318 2709 4370 ἐπὶ
2738 4317 2803 4386 τῇ
2829 4313 3021 4369 ἑαυτοῦ
3050 4313 3314 4383 ἁμαρτίᾳ.

2285 4406 2439 4465 Εῐδον
2465 4408 2672 4461 δίκαιον
2704 4405 3080 4474 ἀπολλύμενον
3108 4404 3166 4456 ἐν
3207 4405 3274 4474 τῇ
3325 4401 3644 4474 ματαιότητι
3681 4393 3764 4450 αύ-

2143 4506 2190 4565 D
2216 4501 2332 4568 τοῦ,
2364 4501 2457 4555 καί
2485 4515 2550 4568 γε
2579 4497 2737 4551 τοῦτο
2769 4494 3089 4566 ματαιότης.

2287 4595 2378 4665 Τῷ
2411 4589 2848 4663 εἰσπορευομένῳ
2883 4589 2980 4642 καὶ
3029 4588 3452 4657 ἐκπορευομένῳ
3493 4584 3589 4638 οὐκ
3633 4581 3760 4634 ἐστιν

2219 4689 2410 4758 εἰρήνη
2445 4685 2552 4737 ἀπὺ
2588 4682 2689 4752 τῆς
2721 4682 2974 4750 θλίψεως.

2288 4777 2538 4830 Διέλιπεν
2563 4773 2591 4826 6
2629 4773 2866 4844 τρέχων,
2892 4773 2967 4836 ώς
2999 4771 3163 4835 ἵππος
3194 4770 3456 4841 καθιδρος
3489 4770 3546 4823 ιν
3579 4779 3759 4838 χρεμε’

2218 4867 2398 4939 σεισμῷ
2424 4864 2608 4920 αὐτοῦ.

2301 4958 2392 5011 Ἐν
2430 4955 2506 5026 τῷ
2547 4953 2873 5024 ἐπιπρέψαι
2929 4952 3138 5007 δίκαιον
3186 4951 3252 5004 ὲκ
3307 4951 3407 5019 τῆς
3446 4944 3762 5004 δικαιοσύνης
3806 4963 3827 4981 δ

2219 5047 2410 5114 αὑτοῦ,
2455 5049 2549 5102 καὶ
2599 5046 2824 5116 ποιῆσαι
2870 5045 3086 5100 ἀδικίαν
3133 5043 3278 5098 κατά
3329 5044 3510 5106 πάσας
3538 5043 3630 5103 τὰς
3661 5041 3767 5090 ἀνο-

2224 5141 2352 5212 μίας
2404 5141 2470 5204 at;
2516 5140 2774 5207 ἐποίησεν
2815 5139 2842 5190 6
2885 5136 3110 5205 ἄνομος,
3142 5138 3316 5190 πᾶσαι
3350 5135 3409 5188 αί
3460 5128 3767 5188 δικαιοσύναι

2220 5229 2387 5284 αὑτοῦ
2427 5227 2495 5292 ἀς
2551 5230 2827 5298 ἐποίησεν,
2859 5229 2920 5279 ού
2975 5226 3050 5296 μὴ
3104 5227 3420 5296 μνησθῶσιν
3469 5228 3528 5278 ἐν
3577 5221 3648 5290 τῷ
3678 5233 3766 5268 πα-

2225 5319 2547 5392 ραπτώματι
2579 5318 2769 5383 αὑτοῦ,
2808 5309 2853 5386 ᾧ
2883 5322 3165 5385 παρέπεσε
3187 5333 3203 5350 ο
3235 5317 3326 5371 καὶ
3364 5319 3424 5369 ὲν
3453 5318 3570 5376 ταῖς
3601 5314 3764 5380 ἁμαρ·

2221 5411 2366 5474 τίαις
2399 5408 2562 5464 αὑτοῦ
2598 5407 2664 5472 ἀς
2691 5409 2959 5477 ἥμαρτεν,
2991 5407 3048 5460 ὲν
3083 5407 3264 5470 αὐτοῖς
3293 5407 3656 5460 ἀποθαιεῖται.

2295 5501 2614 5570 Δικαιοσύνη
2663 5474 2876 5554 δικαίου
2925 5499 2986 5551 οὑ
3045 5498 3121 5569 μὴ
3160 5498 3414 5566 ἐξέληται
3452 5497 3628 5558 αὐτὸν,
3658 5474 3764 5559 ἐνῇ

2220 5595 2288 5650 ἂν
2323 5595 2506 5664 ἡμέρᾳ
2544 5593 2794 5663 πλανηθῇ
2820 5607 2834 5622 '
2866 5593 2960 5646 καὶ
3001 5591 3202 5662 ἀνομία
3233 5589 3462 5651 ἀσεϐοῦς
3513 5588 3570 5641 οὐ
3602 5578 3764 5637 κακώ-

2225 5701 2307 5740 σει
2333 5684 2519 5747 αύτδν,
2548 5684 2607 5738 ἐν
2693 5683 2759 5734 ἂν
2797 5683 2979 5755 ἡμέρᾳ
3020 5683 3346 5752 ἀποστραςρῇ
3397 5678 3505 5731 ἀπὸ
3546 5676 3637 5744 τῆς
3661 5672 3768 5724 ἀνο-

2227 5780 2355 5849 μίας
2403 5777 2590 5831 αὐτοῦ.
2631 5779 2900 5830 Ἐκαστον
2957 5779 3016 5831 ὲν
3066 5779 3183 5840 ταῖς
3243 5775 3379 5836 ὁδοῖς
3428 5769 3590 5826 αἰτοῦ
3618 5761 3767 5839 κρινῶ

2221 5873 2384 5938 ὑμᾶς,
2421 5867 2561 5932 οἶκος
2603 5869 2838 5936 Ἰσραήλ.
