4056 6412
382 397 515 467 ιιιι

1193 397 1358 457 LOCI
1400 397 1846 458 COMMUNES.
1885 395 2166 455 -PARS
2201 395 2258 455 ΙΙ
2311 394 2564 454 SERMO
2606 395 2809 455 XLIV.

3481 391 3618 450 1118

461 513 778 580 Ἐπανὰγων
825 513 931 565 ἀπὸ
956 508 1303 576 δικαιοσύνης
1333 510 1411 570 είς
1442 507 1740 576 ἁμαρτίαν,
1773 507 1800 557 ὁ
1831 504 1943 558 Κὺ-
1972 533 1985 565 λ

2117 505 2219 570 Qui
2270 521 2300 558 a
2353 505 2557 571 iustitia
2613 503 2677 556 ad
2718 500 2920 570 ﬂagitia
2969 497 3226 565 deflectit,
3261 497 3308 551 ei
3365 495 3630 551 Dominus

379 623 492 678 ριος
524 607 802 674 ἑτοιμάσει
833 603 1109 672 ῥομφαίαν
1141 599 1289 669 αὑτῷ
1571 649 1583 672 Γ

449 699 541 769 Μὴ
571 696 1030 765 καταδεσμεύσεις
1053 694 1241 756 δισσὰς
1270 692 1544 764 ἁμαρτίας
1565 710 1579 725 ·
1607 692 1727 746 οὐδὲ
1760 691 1867 761 γὰρ
1895 693 1954 745 ἐν

381 793 480 864 μιᾷ
514 790 839 861 ἁθωωθήσῃ.

451 966 856 1035 Βαπτιζόμενος
890 966 998 1020 ἀπὸ
1031 965 1254 1034 νεκροῦ,
1285 966 1378 1018 καὶ
1430 963 1594 1018 πάλιν
1647 961 1954 1030 ἁπτόμενος

381 1056 570 1124 αὐτοῦ,
605 1058 656 1110 τί
689 1057 974 1127 ὠφέλησεν
1021 1058 1079 1109 ἐν
1129 1057 1207 1126 τῷ
1254 1053 1464 1125 λουτρῷ
1509 1053 1719 1118 αὐτοῦς
1771 1051 1956 1112 Οὕτως

288 1183 300 1211 ι
381 1151 667 1221 ἄνθρωπος
710 1150 988 1221 νηστεύων
1028 1152 1120 1202 ἐπὶ
1153 1149 1262 1202 τῶν
1317 1147 1602 1216 ἁμαρτιῶν
1636 1145 1823 1208 αὐτοῦ,
1860 1143 1956 1195 καὶ

379 1241 545 1294 πάλιν
573 1243 961 1312 πορευόμενος,
987 1241 1082 1293 καὶ
1102 1241 1170 1292 τὰ
1198 1239 1338 1292 αὑτά
1367 1237 1564 1300 ποιῶν,
1593 1236 1694 1305 τῆς
1725 1250 1960 1304 προσευ-

377 1334 483 1406 χῆς
515 1335 680 1387 αὑτοῦ
709 1334 788 1393 τίς
816 1331 1194 1386 εἰσακούσεται
1219 1347 1235 1397 ;
1275 1330 1370 1384 καὶ
1397 1330 1452 1382 τί
1478 1327 1761 1397 ὠφέλησεν
1790 1326 1851 1378 ἐν
1877 1324 1955 1394 τῷ

381 1425 781 1495 ταπεινωθῆναι
808 1425 970 1478 αὐτόν
995 1441 1010 1491 ;

455 1517 660 1584 Οὐδεὶς,
683 1515 963 1570 ἐπιϐαλὼν
1001 1515 1101 1586 τὴν
1150 1515 1308 1585 χεῖρα
1351 1512 1518 1566 αὐτοῦ
1569 1512 1656 1566 ἐπ’
1703 1512 1956 1582 ἄροτρον,

311 1639 314 1641 λ
386 1609 480 1662 καὶ
530 1609 784 1679 στραφεὶς
816 1610 897 1671 εἰς
956 1607 1027 1661 τὰ
1077 1606 1275 1673 ὀπίσω,
1318 1605 1536 1668 εῦθετός
1590 1607 1738 1658 ἐστιν
1783 1605 1842 1656 ὲν
1887 1604 1955 1672 τῇ

384 1701 634 1772 βασιλείᾳ
665 1699 771 1754 τῶν
808 1698 1077 1769 οὐρανῶν.

455 1795 519 1847 Et
550 1793 655 1862 γάρ
684 1791 1058 1860 ἀποφυγόντες
1089 1791 1160 1846 τά
1200 1790 1484 1860 μιάσματα
1531 1789 1630 1844 τοῦ
1667 1789 1874 1858 κόσμου
1902 1789 1957 1839 ἐν

384 1881 675 1952 ἐπιγνώσει
717 1883 812 1936 τοῦ
862 1883 1066 1952 Κυρίου
1122 1885 1216 1936 καὶ
1271 1883 1520 1954 Σωτῆρος
1573 1882 1729 1951 ἡμῶν
1778 1879 1955 1949 Ἰησοῦ

386 1973 644 2044 Χριστοῦ,
671 1976 882 2037 τούτοις
928 1975 986 2027 δὲ
1032 1974 1194 2028 πάλιν
1231 1973 1626 2042 ἐμπλακέντες,
1666 1972 1953 2042 ἥττηνται,

385 2066 610 2134 γέγονεν
656 2063 840 2125 αὐτοῖς
895 2064 962 2116 τὰ
1009 2063 1210 2132 ἔσχατα
1261 2063 1480 2131 χείρονα
1535 2061 1646 2114 τῶν
1701 2061 1955 2129 πρώτων.

388 2158 652 2227 Κρεῖττον
701 2163 809 2225 γαρ
848 2150 917 2224 ἦν
952 2156 1135 2216 αὐτοῖς
1175 2153 1251 2225 μὴ
1294 2153 1668 2222 ἐπεγνωκέναι
1698 2152 1796 2222 τὴν
1833 2152 1956 2204 ὁδὸν

385 2253 485 2317 τῆς
517 2246 951 2318 δικαιοσύνης,ἢ
997 2247 1310 2316 ἐπιγνοῦσιν
1355 2249 1436 2308 εἰς
1479 2246 1550 2298 τὰ
1597 2245 1772 2298 ὀπίσω
1821 2245 1954 2296 ὑπο-

390 2341 622 2410 στρέψαι
648 2342 712 2394 ἐκ
738 2340 834 2408 τῆς
871 2339 1270 2410 παραδοθείσης
1298 2339 1483 2402 αὐτοῖς
1521 2338 1680 2408 ἁγίας
1712 2337 1953 2407 ἐντολῆς.

385 2433 709 2502 Συμϐέϐηκε
759 2433 817 2484 δέ
861 2432 1045 2494 αὐτοῖς
1087 2432 1147 2485 τὺ
1193 2431 1292 2500 τῆς
1337 2431 1573 2501 ἀληθοῦς
1625 2429 1952 2500 παροιμίας,

383 2526 548 2580 Κύων
598 2526 930 2596 ἐπιστρέψας
989 2527 1082 2579 ἐπὶ
1142 2525 1204 2577 τὸ
1255 2524 1388 2578 ίδιον
1445 2523 1710 2594 ἐξέραμα,
1740 2525 1834 2576 καὶ
1889 2515 1952 2585 ὗς

381 2615 693 2686 λουσαμένη
723 2618 803 2678 είς
827 2616 1068 2686 κύλισμα
1100 2616 1391 2686 βορϐόρου.

464 2707 729 2762 Ἐλεεινδν
769 2707 972 2776 θέαμα,
1009 2707 1147 2777 μετά
1204 2708 1478 2776 νηστείαν,
1512 2711 1651 2778 μετά
1701 2711 1951 2782 σκληραο

382 2799 615 2869 γωγίαν,
674 2800 812 2868 μετά
875 2799 1184 2869 προσευχὴν
1245 2801 1459 2868 ἐκτενῆ,
1514 2804 1656 2870 μετὰ
1714 2802 1952 2873 δάκρυον

382 2890 623 2961 δαψιλὲς,
663 2890 802 2960 μετὰ
833 2889 1158 2958 ἐγκράτειαν
1189 2891 1328 2945 ἐτῶν
1371 2890 1546 2944 εἴκοσί
1592 2909 1695 2946 που
1731 2895 1764 2966 ἢ
1800 2898 1954 2964 τριά-

385 2997 570 3046 κοντα,
605 2980 669 3032 δι’
698 2977 1028 3050 ἀπροσεξίαν
1073 2979 1249 3049 ψυχῆς
1301 2980 1392 3033 καί⁵
1422 2980 1710 3049 ἀμέλειαν,
1743 2987 1952 3055 γυμνὸν

385 3074 494 3126 ἀπὸ
535 3071 755 3125 πάντων
805 3070 1216 3140 ἀποδειχθῆναι,
1248 3072 1339 3124 καὶ
1387 3073 1771 3144 παραπλήσιον
1799 3078 1951 3143 γενέο

2060 600 2388 669 praeparabit
2426 597 2693 668 gladium.

2130 691 2208 745 Ne
2247 699 2540 744 connectas
2602 687 2816 757 gemina
2867 691 3130 755 peccata;
3183 697 3304 736 nam
3337 696 3403 752 ne
3438 679 3490 732 in
3525 694 3634 731 uno

2059 783 2281 850 quidem
2313 782 2574 836 innocens
2597 780 2707 834 eris
2737 779 2812 850 (id
2843 786 2942 843 est,
2971 774 3126 846 quasi
3155 774 3417 827 innocens
3451 771 3633 826 absol-

2058 875 2252 944 veris).

2133 964 2305 1018 Eccli.
2332 979 2518 1018 xxxtv.
2556 965 2613 1018 Ei
2648 965 2738 1034 qni
2769 979 2825 1020 se
2851 963 3043 1017 laverit
3063 963 3129 1016 ob
3155 972 3355 1015 tactum
3381 959 3632 1023 cadaver,

2061 1068 2115 1111 et
2166 1059 2364 1112 iterum
2422 1057 2566 1111 idem
2615 1056 2805 1126 tangit,
2861 1057 2990 1121 quid
3033 1055 3253 1123 prodest
3307 1049 3633 1106 lavacrum?

2059 1147 2260 1203 Eadem
2299 1156 2385 1204 est
2438 1147 2579 1202 ratio
2633 1146 2752 1216 ejus
2801 1145 2954 1214 191
3007 1145 3098 1214 qui
3148 1143 3361 1213 jejunat
3417 1150 3638 1211 propter

2060 1249 2288 1308 peccata
2318 1254 2440 1304 sua,
2473 1247 2528 1292 et
2558 1239 2752 1292 iterum
2785 1237 3015 1291 reditad
3043 1237 3268 1303 eadem;
3301 1236 3422 1304 quis
3455 1234 3639 1288 istius.

2061 1331 2208 1384 modi
2241 1329 2612 1400 precationem
2649 1325 2878 1381 audiet?
2907 1335 2960 1379 et
2991 1323 3120 1394 quid
3153 1324 3228 1377 illi
3259 1321 3462 1392 profuit
3491 1319 3632 1388 quod

2061 1437 2120 1476 se
2150 1419 2569 1475 humiliaverit?

2125 1509 2258 1565 Luc.
2285 1527 2356 1564 ιιι.
2388 1509 2556 1564 Nemo
2584 1524 2706 1564 cum
2750 1522 2969 1561 manum
3013 1521 3166 1558 suam
3199 1513 3382 1558 aratro
3417 1502 3580 1555 admo
3602 1529 3635 1541 ο

2059 1601 2219 1666 verit,
2269 1609 2324 1655 et
2357 1601 2424 1654 ad
2473 1602 2776 1669 posteriora
2811 1615 2870 1654 se
2902 1595 3233 1653 converterit
3267 1603 3429 1663 aptus
3458 1599 3542 1646 est
3569 1590 3636 1646 ad

2062 1705 2290 1760 regnum
2326 1691 2579 1745 cmlesle.

2130 1779 2184 1834 li
2232 1780 2381 1836 Pelr.
2417 1797 2479 1835 ιι.
2527 1779 2664 1834 Nam
2697 1779 2764 1845 si,
2800 1787 3154 1848 posteaquam
3190 1774 3508 1844 refugerunt
3554 1770 3643 1824 in-

2061 1874 2414 1942 quinamenta
2445 1872 2633 1925 mundi
2674 1886 2769 1940 per
2802 1871 3134 1939 agnitionem
3179 1867 3389 1921 Domini
3417 1874 3472 1918 et
3513 1863 3641 1916 Ser-

2061 1965 2262 2020 vatoris
2299 1964 2470 2019 nostri
2501 1961 2627 2017 Jesn
2649 1961 2877 2026 Christi,
2919 1975 3106 2015 rursus
3136 1969 3316 2013 tamen
3351 1957 3434 2010 his
3460 1955 3640 2024 impli-

2059 2059 2174 2122 citi,
2215 2057 2452 2125 superuti
2503 2055 2728 2121 fuerint,
2759 2054 2866 2109 illis
2905 2062 3180 2123 postrema
3218 2050 3399 2120 pejora
3449 2048 3638 2115 primis

2057 2150 2394 2205 acciderunt.
2440 2147 2632 2204 Melius
2661 2151 2805 2203 enim
2843 2148 2948 2202 illis
2980 2146 3179 2202 fuisset
3205 2160 3312 2198 non
3343 2143 3638 2212 agnovisse

2059 2244 2200 2296 viam
2225 2242 2473 2311 justitize,
2497 2256 2659 2310 quam
2687 2255 2751 2295 ea
2782 2240 2966 2306 agnita
2993 2247 3292 2293 retrorsum
3322 2233 3634 2296 revertisse,

2055 2343 2112 2387 et
2144 2349 2174 2387 a
2209 2341 2400 2388 sancto
2433 2334 2526 2387 illo
2558 2342 2832 2406 praecepto
2879 2331 3016 2399 ipsis
3062 2329 3262 2382 tradito
3311 2325 3636 2389 deﬂexisse;

2058 2425 2260 2479 accidit
2289 2425 2434 2481 enim
2470 2426 2576 2480 illis
2612 2425 2755 2495 quod
2788 2438 2922 2480 vero
2953 2421 3239 2489 proverbio
3285 2417 3392 2472 dici
3441 2416 3579 2470 solet
3620 2432 3636 2468 :

2055 2516 2222 2572 Canis
2260 2532 2516 2572 reversus
2567 2518 2632 2572 ad
2675 2531 2833 2572 suum
2882 2515 3170 2578 vomitum,
3202 2518 3258 2567 et
3297 2524 3394 2567 sus
3431 2510 3539 2563 lota
3567 2505 3635 2561 ad

2054 2608 2400 2663 volutabrum
2434 2609 2600 2664 caeni.

2123 2699 2181 2754 S.
2204 2698 2416 2754 Basilii.
2439 2700 2825 2771 Spectaculum
2847 2699 3180 2763 miserabile,
3200 2705 3323 2766 post
3345 2692 3610 2764 jejunium
3634 2740 3642 2752 .

2054 2803 2176 2861 post
2206 2793 2398 2846 duram
2439 2792 2882 2847 exercitationem
2911 2831 2926 2858 ,
2959 2803 3084 2862 post
3119 2797 3464 2863 precationes
3495 2795 3638 2846 assi-

2056 2882 2225 2948 duas,
2256 2894 2374 2952 post
2411 2885 2613 2938 multas
2650 2893 2705 2938 et
2735 2884 2988 2952 copiosas
3025 2888 3314 2958 lacrymas,
3351 2899 3474 2956 post
3501 2905 3641 2943 con-

2057 2974 2337 3031 tinentiam
2395 2989 2664 3030 annorum
2691 2977 2882 3047 viginti
2921 2978 3152 3032 fortasse
3189 2980 3274 3034 vel
3324 2982 3488 3035 etiam
3539 2983 3642 3037 tri-

2054 3067 2205 3136 ginta
2223 3081 2318 3134 per
2341 3067 2754 3134 incogitantiam
2779 3076 2836 3124 et
2866 3069 3280 3139 negligentiam,
3305 3071 3639 3127 denudatum

385 3163 511 3218 σθαι
539 3163 606 3230 τῇ
636 3162 868 3232 ἐργασίᾳ
896 3161 1006 3217 τῶν
1036 3161 1262 3216 ἐντολῶν
1293 3162 1690 3233 εὐθηνούμενον
1719 3167 1948 3238 ἐμπόρῳ
1980 3189 1985 3221 ι

2060 3159 2336 3214 omnibus
2378 3159 2640 3224 ostendi,
2703 3173 2768 3214 ac
2827 3171 3221 3230 praeceptorum
3299 3165 3640 3233 perfectione

385 3255 493 3307 τινὶ
543 3252 990 3324 μεγαλοπλούτῳ,
1022 3253 1081 3316 ὃς
1132 3253 1212 3325 τῷ
1248 3254 1442 3324 πλήθει
1491 3256 1599 3309 τῶν
1649 3257 1956 3328 ἀγωγίμων

389 3341 851 3412 ἐπαγαλλόμενος,
885 3343 944 3406 ἐξ
995 3342 1184 3414 οὐρίας
1223 3344 1372 3414 αὐτῷ
1411 3345 1511 3415 τῆς
1562 3345 1690 3416 νηδς
1721 3347 1958 3417 φερομέ-

389 3449 507 3501 νης,
544 3433 614 3486 τά
663 3433 872 3502 φοϐερά
927 3433 1139 3504 πελάγη
1193 3434 1530 3505 διαδραμὼν,
1576 3437 1717 3507 πρὸς
1775 3439 1958 3503 αὐτοῖς

390 3525 501 3587 τοῖς
531 3523 713 3594 λιμέσι
737 3524 1167 3596 διαρῤαγγέντος
1207 3523 1301 3578 τοῦ
1332 3526 1546 3594 πλοίου,
1581 3528 1803 3584 πάντων
1828 3529 1959 3602 ἐρηυ

395 3633 496 3687 μσς
529 3617 738 3685 ἀθρόως
783 3617 1076 3686 ἀπεδείχθη
1105 3633 1121 3649 °
1153 3617 1248 3671 ἐὰν
1297 3620 1392 3673 ιιαλ⁸
1423 3613 1578 3684 οὗτος
1625 3621 1696 3674 τὰ
1739 3622 1959 3692 μυρίοις

395 3710 579 3773 πόνοις
623 3709 893 3781 κτηθέντα
942 3710 1043 3780 μιᾷ
1081 3710 1353 3782 προσϐολῇ
1385 3711 1638 3782 δαίμονος
1687 3714 1958 3786 ἀπολέσῃ,

395 3802 581 3872 ὥσπερ
624 3803 731 3856 τινὶ¹
781 3802 952 3874 ἀγρίᾳ
999 3802 1223 3856 λαίλαπι
1269 3806 1335 3874 τῇ
1384 3804 1632 3876 ἁμαρτίᾳ
1661 3805 1958 3876 βυθισθείς.

397 3895 689 3963 Πρέπουσα
722 3894 873 3966 φωνὴ
917 3893 995 3964 τῷ
1027 3896 1206 3948 πᾶσαν
1235 3894 1372 3966 ὁμοῦ
1416 3896 1515 3967 τὴν
1555 3898 1760 3966 ἀρετὴν
1794 3915 1961 3951 ναυα-

393 3984 648 4053 γήσαντι,
691 3979 895 4036 Ἦλθον
945 3985 1025 4047 εἰς
1070 3985 1139 4037 τά
1192 3985 1330 4056 βάθη
1369 3985 1468 4056 τῆς
1515 3986 1811 4060 θαλάσσης,
1868 3990 1963 4042 καὶ

396 4074 651 4143 καταιγὶς
684 4073 1042 4128 κατεπόντισέ
1078 4091 1171 4142 με.

476 4160 536 4215 '0
587 4163 646 4216 ἐν
695 4165 946 4234 προκοπῇ
995 4163 1285 4234 γενόμενος
1333 4165 1554 4233 ἀγαθῶν
1595 4166 1796 4236 ἔργων,
1846 4168 1967 4223 εἶτα

397 4254 834 4325 παλινδρομήσας
881 4255 1017 4326 πρὸς
1075 4253 1177 4327 τὴν
1227 4257 1460 4326 ἀρχαίαν
1515 4261 1844 4328 συνήθειαν,
1899 4262 1962 4314 οὑ

400 4345 561 4414 μόνον
585 4345 676 4398 τὸν
703 4346 794 4398 ἐπὶ
823 4349 936 4407 τοῖς
966 4347 1370 4415 πεπονημένοις
1419 4348 1611 4417 μισθὸν
1655 4349 1963 4422 ἐζημιώθη,

397 4436 535 4492 ἀλλά
567 4436 661 4490 καὶ
700 4435 1007 4506 βαρυτέρας
1038 4435 1293 4502 ἀξιοῦται
1323 4437 1422 4507 τῆς
1454 4442 1856 4510 κατακρίσεως.

470 4613 539 4669 Ei
592 4630 676 4666 σοι
721 4612 1174 4683 μηδὲνιήλπίζετο
1201 4615 1497 4687 δυσχερὲς,
1534 4619 1694 4689 ἡνίκα
1723 4621 1789 4692 τῇ
1816 4621 1973 4691 φιλο·

403 4707 566 4778 σοφίᾳ
596 4706 952 4776 προσέϐαλες,
987 4706 1312 4776 ἁφιλόσοφος
1343 4710 1377 4778 ή
1409 4711 1550 4780 ἀρχή
1575 4727 1590 4742 ο
1619 4712 1670 4764 εί
1702 4712 1761 4766 δὲ
1812 4715 1972 4785 ήλπε-

2060 3249 2429 3304 abundantem
2464 3250 2700 3305 similem
2735 3265 2857 3306 esse
2901 3255 3188 3308 mercatori
3222 3255 3383 3309 alicui
3411 3258 3643 3325 opulen-

2058 3341 2298 3405 tissimo,
2318 3341 2412 3411 qui
2439 3343 2594 3411 copia
2623 3342 2888 3398 mercium
2913 3343 3641 3412 advectitiarumexsultans,

2058 3434 2181 3487 navi
2212 3435 2469 3490 secundis
2498 3435 2877 3506 progrediente
2907 3437 3107 3503 ventis,
3135 3437 3444 3508 periculosa
3471 3441 3642 3494 maria

2058 3527 2548 3596 praetervectus,‘in
2579 3528 2698 3597 ipso
2731 3529 2949 3584 tandem
2979 3538 3138 3598 portu
3163 3531 3286 3585 navi
3317 3530 3490 3586 fracta
3521 3532 3642 3586 uni-

2059 3619 2237 3674 versis
2265 3619 2374 3674 illis
2401 3620 2561 3674 simul
2591 3621 2836 3686 privatur
2866 3637 2881 3674 :
2907 3620 3051 3691 quod
3085 3621 3173 3676 hic
3217 3639 3433 3692 quoque
3465 3624 3642 3677 inlini-

2063 3704 2134 3766 lis
2163 3710 2443 3768 laboribus
2471 3720 2786 3782 comparata
2847 3728 2959 3767 uno
2986 3713 3188 3767 diaboli
3220 3714 3421 3782 impetu
3459 3716 3642 3784 perdat

2061 3815 2159 3871 per
2190 3811 2497 3871 peccatum,
2535 3803 2693 3872 quasi
2743 3819 2842 3872 per
2873 3805 3168 3874 procellam
3206 3808 3500 3874 quamdam
3538 3809 3644 3874 im;

2063 3905 2278 3945 manem
2302 3892 2641 3948 submersus.
2679 3891 2809 3949 llaec
2830 3910 2938 3951 vox
2961 3896 3012 3950 ei
3036 3898 3292 3952 convenit
3313 3899 3405 3968 qui
3427 3913 3642 3953 omnem

2064 3983 2228 4038 simul
2262 3983 2518 4039 virtutem
2550 3984 2835 4055 naufragio
2871 3986 3121 4044 amiserit
3151 4005 3168 4044 :
3216 3989 3352 4045 Vetti
3384 3991 3437 4044 itt
3474 3993 3642 4045 altunt

2066 4087 2238 4139 mare,
2271 4082 2324 4128 et
2350 4075 2588 4143 procella
2615 4077 2916 4133 submersit
2945 4092 3054 4136 me.

2135 4157 2223 4214 1d.
2256 4159 2313 4212 in
2345 4159 2600 4216 Oratione
2630 4172 2818 4217 contra
2846 4165 3040 4222 ebrios.
3071 4165 3176 4232 Qui
3212 4182 3554 4238 progressum
3589 4170 3645 4224 in

2065 4249 2225 4306 bonis
2251 4251 2560 4308 actionibus
2605 4253 2819 4322 fecerit,
2845 4256 3042 4312 deinde
3069 4261 3138 4313 ad
3175 4261 3460 4330 pristinam
3509 4277 3645 4316 cott-

2068 4341 2411 4396 suetudinem
2459 4359 2718 4400 reversus
2778 4344 2981 4414 fuerit,
3035 4365 3139 4403 non
3193 4351 3356 4406 modo
3399 4353 3644 4410 laborum

2068 4435 2470 4504 praeteritorum
2496 4436 2744 4492 mercede
2771 4439 3038 4507 privatur,
3060 4443 3153 4497 sed
3173 4444 3336 4498 etiam
3359 4446 3648 4501 acerbiore

1995 4517 2045 4576 D
2071 4525 2525 4581 condemnatione
2556 4526 2752 4596 dignus
2777 4529 3074 4599 iudicatur.

2143 4613 2409 4686 Theologi.
2441 4615 2498 4671 Si
2530 4626 2588 4671 tu
2627 4618 2726 4672 tibi
2757 4619 2890 4674 nihil
2929 4621 3301 4678 molestiarum
3337 4624 3452 4682 fore
3486 4638 3645 4698 puta-

2073 4707 2174 4764 bas
2193 4722 2316 4762 cnm
2338 4709 2404 4763 ad
2427 4709 2828 4780 philosophiam
2861 4712 3164 4778 accessisti,
3197 4714 3434 4771 alienum
3466 4733 3496 4772 a
3524 4719 3646 4788 phi-

403 4801 545 4863 ζετο,
582 4799 631 4851 εί
671 4798 776 4869 μὲν
809 4799 912 4853 οὐκ
970 4799 1274 4870 ἀπήντησε,
1311 4799 1388 4870 τῷ
1435 4801 1554 4872 Θεῷ
1589 4803 1789 4874 χάρις’
1830 4807 1880 4859 εί
1915 4807 1974 4860 δέ

2076 4798 2325 4868 losophia
2363 4799 2465 4855 fuit
2498 4800 2740 4857 initium.
2771 4800 2869 4857 Stu
2917 4803 3149 4870 putabas
3178 4813 3232 4860 et
3264 4822 3372 4862 non
3404 4810 3600 4864 accidit
3627 4852 3647 4876 ,

404 4893 742 4962 ἀπήντησεν,
773 4890 806 4962 ἢ
839 4892 1095 4962 καρτέρει
1149 4892 1452 4965 πάσχων,ῆ
1491 4894 1600 4949 ίσθι
1627 4896 1974 4968 ψευσάμενος

2081 4889 2193 4946 Deo
2225 4893 2401 4961 gratia
2437 4899 2523 4948 est
2553 4891 2801 4948 habenda
2837 4906 2855 4946 :
2885 4892 2970 4950 sin
3002 4895 3284 4964 acciderit,
3309 4907 3404 4954 aut
3432 4902 3645 4970 patien-

402 4982 503 5055 τὴν
529 4982 844 5053 ὑπόσχεσιν.

2079 4987 2160 5033 ter
2196 4979 2356 5047 ferto,
2383 4988 2478 5035 aut
2506 4981 2791 5050 promissis
2820 4982 2970 5038 scias
3005 4991 3058 5038 te
3092 4999 3200 5040 non
3229 4988 3471 5046 stetisse.
3529 5012 3538 5018 >

478 5075 654 5130 Ἔνιοι
716 5073 1093 5145 προκόψαντες
1139 5078 1242 5130 ,ἐπ’
1299 5077 1526 5151 ἀρετὴν,
1593 5081 1975 5151 ὑπενόστησαν

2148 5067 2413 5125 Philonis.
2447 5069 2703 5127 Nonnulli
2729 5087 2854 5128 eum
2888 5074 2944 5128 in
3000 5073 3201 5130 virtute
3243 5078 3646 5149 profecissent,

399 5164 604 5236 πρὶνῆ
652 5165 941 5234 ἐφικέσθαι
979 5166 1076 5220 τοῦ
1128 5169 1340 5239 τέλους,
1369 5171 1472 5242 τὴν
1521 5171 1648 5238 ἁρτι
1695 5174 1978 5244 φυομένην

2079 5159 2416 5217 deflexerunt
2443 5172 2497 5218 et
2527 5175 2916 5222 revocaverunt
2943 5182 3002 5223 se
3030 5169 3349 5240 priusquam
3379 5172 3449 5227 ad
3484 5174 3648 5230 tinem

404 5255 832 5328 ἀριστοκρατίαν
879 5258 940 5312 ἐν
987 5261 1054 5330 τῇ
1103 5259 1249 5332 ψυχῇ
1309 5263 1647 5334 καθελούσης
1691 5265 1788 5334 τῆς
1826 5265 1980 5335 ὀχλοο

2083 5255 2478 5323 pervenissent.
2501 5253 2715 5310 Etenim
2748 5255 3006 5325 optimam
3040 5259 3252 5317 vivendi
3287 5265 3550 5320 rationem
3581 5281 3646 5322 ex

407 5346 678 5416 κρατίας,
724 5347 758 5418 ἢ
820 5349 962 5417 πρὸς
1030 5348 1213 5417 ὀλίγον
1278 5351 1645 5422 ἡρεμήσασα,
1699 5353 1865 5408 πάλιν
1919 5355 1978 5421 ἐξ

2082 5345 2266 5400 animo
2298 5347 2536 5402 detrahit
2585 5349 2900 5404 turbulenta
2949 5358 3004 5406 et
3050 5354 3285 5421 pessima
3332 5357 3496 5424 ratio,
3530 5375 3645 5426 qui!

404 5437 658 5508 ὑπαρχῆς
689 5439 830 5508 μετά
862 5437 1105 5502 πλείονος
1136 5439 1420 5511 δυνάμεως
1450 5443 1802 5497 ἀντεπέθετο.

2092 5452 2217 5491 cuin
2252 5439 2530 5508 paulisper
2559 5440 2759 5510 quierit
2787 5442 2854 5498 de
2881 5442 3090 5513 integro
3117 5445 3415 5515 majoribus
3447 5452 3650 5507 viribus

2087 5529 2360 5584 renititur.

481 5615 672 5672 Πολλοὶ
717 5617 955 5688 ἀσκηταὶ
998 5619 1280 5689 γενόμενοι
1325 5619 1418 5673 ἐπὶ
1467 5621 1560 5674 τοῦ
1606 5623 1794 5687 τέλους
1825 5625 1980 5694 μετέ-

2153 5622 2478 5694 Complures
2501 5627 2998 5691 meditator-escum
3026 5642 3228 5698 essent,
3256 5634 3321 5688 ad
3350 5647 3646 5691 extremum

409 5707 572 5760 ϐαλον
613 5707 712 5778 τῆς
757 5708 961 5778 ἀρετῆς
993 5708 1061 5780 [Ῑ.
1087 5711 1187 5778 τὴν
1232 5710 1458 5784 ἀρετήν]
1483 5728 1497 5742 ο
1527 5706 1572 5781 ᾧ
1601 5713 1658 5766 δὲ
1695 5717 1925 5786 παρέχει
1954 5717 1983 5770 ό

2084 5713 2337 5769 virtutem
2388 5728 2687 5773 mutarunt.
2727 5721 2887 5791 192
2915 5726 2982 5776 At
3009 5725 3096 5778 cui
3131 5725 3271 5779 Deus
3304 5726 3511 5779 firmam
3547 5726 3645 5778 lar-

407 5799 538 5860 Θεδς
575 5799 884 5866 ἐπιστήμην
923 5800 1168 5871 βεϐαίαν,
1203 5803 1378 5872 τούτῳ
1424 5803 1641 5860 δίδωσιν
1670 5807 1978 5880 ἀμφότερα,

2086 5806 2229 5878 gitur
2261 5807 2574 5873 scientiam,
2605 5812 2732 5868 huic
2772 5824 3001 5884 utraqtm
3037 5815 3288 5885 largitur,
3335 5827 3388 5873 ct
3420 5826 3653 5874 Virtutes
