4056 6410
459 422 598 489 1119

1679 415 2004 480 ANTONII
2046 410 2394 475 MELISSE

3572 393 3718 456 1ιὲξο

441 549 742 610 ;exercere,
783 541 838 588 et
886 531 956 588 ab
997 531 1192 587 iisdem
1247 543 1527 598 nunquam
1588 529 1860 590 deficere,
1915 527 2008 581 sed

2146 521 2440 594 ργάζεσοαί
2495 535 2553 572 τε
2610 518 2709 580 τὰς
2758 515 2984 583 ἀρετὰς,
3036 511 3132 564 καὶ
3189 509 3462 580 μηδέποτε
3526 508 3716 558 αὐτῶν

442 611 670 695 semper
706 622 1026 688 recondere,
1071 629 1126 678 et
1173 634 1614 691 unamquamque
1649 633 1864 689 semper
1893 631 2023 672 cou-

454 733 697 776 scrvare.

442 785 445 790 h
521 811 637 866 Jam
668 811 888 880 quidam
918 817 1177 863 noVarum
1205 818 1390 860 rerum
1427 801 1611 871 cupidi
1641 809 1695 856 et
1728 800 2020 866 fastidiosi,

453 919 578 958 eum
622 903 942 972 probitatem
994 899 1393 968 degustasseut,
1425 910 1488 950 ac
1519 908 1668 964 spem
1701 899 1878 947 status
1919 908 2026 945 me-

454 993 608 1048 lioris
637 992 932 1056 dedissent,
972 990 1024 1042 in
1055 989 1310 1042 eunuleru
1346 985 1585 1039 recidere
1618 983 1892 1037 morbum.

807 1101 1040 1158 SERMO
1073 1098 1209 1154 XLV
1239 1097 1337 1171 ιαι.
1369 1089 1682 1166 LXXXlX].

2124 615 2497 686 ἀφῖστασοαι,
2564 611 2680 667 ἀλλ’
2742 609 2832 663 ἀεὶ
2897 604 3190 677 ταμιεύειν
3255 602 3350 654 καὶ
3414 599 3719 670 φυλάττειν

2123 706 2389 774 ἑκάστην.

2198 797 2338 864 Ἤδη
2371 794 2516 855 τινὲς
2565 791 2842 862 ἁψίκοροι,
2892 787 3220 858 γευσάμενοι
3271 786 3718 854 καλοκαγαθίας.

2124 890 2218 943 καὶ
2241 888 2431 941 ἐλπίδα
2456 885 2828 956 παρασχόντες
2852 881 3064 950 ὑγείας,
3085 879 3170 944 είς
3197 877 3297 950 τὴν
3317 877 3489 948 αὐτὴν
3513 877 3722 930 ἐπανε-

2127 978 2365 1050 στρεψαν
2397 977 2577 1031 νόσον.

2720 1087 2940 1142 ΛΟΓΟΣ
2970 1087 3024 1140 Μ
3031 1087 3107 1142 E'.

439 1178 533 1269 :De
563 1199 630 1251 iis
679 1199 778 1269 qui
823 1211 952 1261 opus
1011 1191 1549 1269 libenterfociuut‘e‘l
1584 1186 1838 1269 studiose:
1889 1180 2026 1269 Item

2142 1185 2266 1254 Περὶ
2300 1175 2601 1254 φιλερτῶν
2625 1179 2732 1269 ’καί
2747 1176 3148 1269 ⁴(γθιπουδειίωῖο
3183 1176 3274 1231 ὅτι
3307 1176 3425 1246 χρὴ
3472 1177 3725 1243 πονεῖν,

523 1255 871 1322 laborandum
897 1280 1028 1328 esse,
1057 1267 1192 1332 quod
1236 1255 1386 1313 lobor
1417 1255 1708 1312 utilitatem
1743 1256 1954 1309 habeat.

523 1360 650 1416 Gen.
680 1373 758 1412 ιιι.
790 1357 925 1412 Cum
955 1356 1156 1408 sudore
1183 1352 1294 1405 oris
1323 1350 1452 1404 edes
1485 1361 1678 1418 panem
1709 1356 1883 1400 tuum.

523 1449 588 1504 II
621 1447 808 1503 Paral.
839 1462 966 1500 xxv.
995 1443 1226 1499 Robusti
1254 1449 1450 1504 estote,
1479 1454 1579 1493 nec
1603 1437 1896 1506 fatigentur
1921 1449 2033 1488 ma-

453 1560 557 1599 nus
594 1551 804 1603 vestrae,
834 1537 961 1606 quia
988 1545 1076 1611 est
1101 1547 1310 1587 merces
1339 1545 1518 1600 Operae
1550 1539 1762 1584 vestrae.

519 1629 642 1684 Job.
679 1627 756 1682 Ex
801 1623 1162 1682 sollicitudine
1196 1629 1250 1676 et
1295 1635 1424 1676 cura
1462 1619 1559 1674 tibi
1589 1617 1866 1672 exorietur
1900 1631 2026 1687 pax.

521 1800 664 1856 Psal.
699 1814 796 1854 cu.
826 1795 1005 1851 Exibit
1036 1797 1198 1850 homo
1226 1795 1290 1848 ad
1323 1807 1461 1863 opus
1491 1808 1650 1849 suum
1673 1832 1690 1860 ,
1726 1800 1781 1847 et
1810 1790 1874 1846 ad
1903 1789 2025 1845 eul-

441 1871 632 1945 λιιι-ειη
661 1903 814 1945 suam
848 1901 1018 1956 usque
1045 1885 1110 1940 ad
1151 1899 1458 1952 vesperam.

441 1972 447 1977 ’
527 1981 762 2034 Labores
813 1977 1084 2031 fructuum
1133 1985 1348 2029 tuorum
1397 1973 1550 2039 edes,
1603 1972 1796 2028 beatus
1851 1987 1934 2035 es,
1977 1978 2033 2026 et

459 2069 593 2122 bene
622 2066 716 2120 tibi
740 2065 861 2119 erit.

532 2159 689 2212 Prov.
724 2175 799 2214 vr.
838 2157 894 2210 Si
935 2156 1164 2226 impiger
1216 2154 1424 2219 fueris,
1469 2153 1648 2208 veniet
1693 2152 1858 2207 veluti
1909 2150 2030 2206 fons

2606 1250 2904 1321 ὠφέλειαν
2935 1251 3047 1318 γὰρ
3073 1249 3104 1302 ἕ
3108 1264 3198 1316 χει
3211 1283 3227 1300 .

2213 1345 2302 1398 Ἐν
2337 1343 2520 1415 ἱδρῶτι
2553 1343 2648 1396 τοῦ
2691 1342 2985 1413 προσώπου
3037 1342 3188 1412 φάγῃ
3248 1340 3340 1393 τὸν
3368 1339 3536 1409 ἄρτον
3598 1357 3726 1394 σου.

2213 1439 2512 1508 Ἰσχύσατε,
2547 1436 2638 1490 καὶ
2675 1436 2750 1507 μὴ
2785 1433 3168 1488 ἔκλυέσθωσαν
3216 1433 3272 1486 αἱ
3305 1436 3487 1505 χεῖρες
3529 1433 3727 1504 ὑμῶν,

2127 1531 2265 1586 διότι
2304 1532 2421 1584 ἐστὶ
2461 1528 2654 1597 μισθὸς
2679 1527 2780 1596 τῆς
2813 1527 3077 1597 ἐργασίας
3115 1525 3294 1594 ὑμῶν.

2217 1624 2315 1678 Ἐκ
2349 1620 2620 1691 μερίμνης
2650 1619 2745 1672 καὶ
2769 1617 3053 1688 φροντίδος
3101 1617 3469 1686 ἀναφανεῖται
3506 1633 3592 1668 σοι
3635 1617 3729 1670 εἱ-

2207 1732 2235 1763 ν
2281 1753 2295 1766 ο

2135 1716 2585 1868 ρή’ἐξελεύσεται
2617 1798 2904 1864 ἄνθρωπος
2955 1797 3048 1851 ἐπὶ
3077 1797 3138 1850 τὸ
3174 1796 3336 1866 ἔργον
3366 1795 3558 1863 αὑτοῦ,
3619 1797 3732 1850 καὶ

2061 1859 2102 1914 Β
2131 1895 2224 1948 ἐπὶ
2251 1859 2352 1962 την
2383 1891 2646 1963 ἐργασίαν
2679 1859 2845 1944 αῦτοῦ
2876 1859 2982 1952 ἔως
3018 1859 3284 1957 ἑσπέρας.

2201 1986 2342 2047 Τοὺς
2373 1985 2566 2046 πόνους
2595 1982 2702 2036 τῶν
2738 1981 2969 2052 καρπῶν
3011 1997 3105 2034 σου
3142 1981 3404 2049 φάγεσαι,
3439 1980 3730 2051 μακάριος

2130 2073 2202 2142 εἳ,
2235 2077 2330 2128 καὶ
2359 2075 2540 2139 καλῶς
2575 2089 2657 2128 σοι
2686 2073 2861 2127 ἔσται.

2213 2167 2343 2221 Ἐὰν
2375 2166 2570 2229 ἄοκνος
2595 2160 2682 2238 ᾖς,
2705 2161 2826 2236 ἥξει
2850 2163 3038 2233 ὥσπερ
3087 2163 3238 2235 πηγὴ
3273 2163 3301 2215 ό
3333 2163 3540 2233 ἀμητός
3576 2180 3679 2215 σου
3713 2179 3730 2195 ·

456 2249 653 2302 messis
687 2255 812 2314 tua;
853 2245 1149 2314 indigentia
1174 2251 1354 2298 autem
1379 2242 1524 2298 velut
1550 2241 1803 2312 egregius
1837 2257 2033 2298 cursor

2142 2259 2164 2328 ἡ
2200 2258 2257 2312 δὲ
2288 2257 2465 2312 ἔνδεια
2499 2257 2688 2327 ὥσπερ
2743 2256 2910 2320 καλὸς
2948 2256 3184 2326 δρομεὺς
3243 2254 3731 2326 ἀπαυτομολήσει.

452 2339 691 2407 cﬂ'ugiet'.

527 2430 722 2485 Manus
758 2427 983 2482 fortium
1010 2425 1371 2496 locupletant.

529 2522 586 2575 ln
627 2521 773 2576 omni
805 2520 1041 2577 sollicite
1078 2517 1345 2590 cogitanti
1393 2515 1538 2574 inest
1591 2514 1795 2588 aliquid
1830 2516 2028 2574 redun-

453 2614 613 2669 dans.

527 2703 630 2772 Qui
661 2703 976 2760 accumulat
1016 2702 1120 2760 sibi
1151 2717 1273 2759 cum
1300 2701 1522 2774 pietate,
1554 2702 1994 2774 locupletabitur.

527 2883 688 2938 Prov.
716 2897 870 2937 xxxi.
899 2879 1151 2936 Porrexit
1181 2879 1404 2936 brachia
1439 2894 1540 2937 sua
1566 2881 1633 2935 ad
1659 2895 1820 2951 opus,
1851 2895 1916 2938 ac
1948 2883 2033 2936 in-

455 2977 663 3031 tellexit
711 2975 1002 3030 honestum
1043 2988 1165 3029 esse
1201 2973 1454 3044 operari,
1488 2983 1543 3028 et
1592 2981 1760 3028 totam
1815 2985 2028 3030 noctem

457 3071 681 3124 lucerna
721 3067 892 3138 ipsius
930 3081 1038 3122 non
1071 3066 1456 3136 exstinguitur.

523 3161 918 3217 Condemnabit
942 3158 1126 3229 justus
1161 3157 1414 3212 laborans
1445 3157 1690 3214 viventes
1729 3157 1947 3229 impios.

529 3253 804 3308 Bonorum
838 3253 1086 3306 laborum
1117 3249 1328 3304 fructus
1355 3249 1540 3320 gloriae
1568 3253 1897 3322 conjunctus
1927 3260 2030 3308 est.

527 3345 697 3400 Ercli.
731 3343 790 3400 in
839 3344 1099 3399 omnibus
1144 3342 1407 3412 operibus
1455 3343 1567 3399 tuis
1607 3344 1859 3400 assiduus
1888 3354 2029 3413 esto,

459 3446 515 3492 et
543 3437 723 3492 nullus
750 3445 799 3490 te
826 3435 1050 3490 morbus
1071 3433 1354 3503 corripiet.

538 3528 714 3582 Eccle.
755 3543 813 3580 ιι.
842 3526 1014 3581 Crede
1059 3523 1290 3580 Domino
1314 3567 1330 3591 ,
1359 3533 1415 3579 et
1455 3525 1686 3596 persiste
1739 3525 1793 3582 in
1846 3527 2032 3583 labore

459 3630 553 3676 tuo
584 3637 597 3673 :
626 3620 754 3690 quia
789 3617 902 3673 leve
927 3625 1010 3673 est
1035 3617 1090 3671 in
1120 3615 1295 3672 oculis
1337 3615 1550 3671 Domini
1597 3626 1820 3687 repente
1851 3617 2033 3673 ditare

459 3725 778 3783 pauperem.

533 3803 701 3857 Eccli.
727 3817 802 3857 ι.ι.
832 3800 1016 3858 Facite
1065 3815 1202 3870 opus
1243 3807 1484 3856 vestrum
1528 3807 1657 3856 ante
1708 3809 1944 3872 tempus,
1979 3807 2032 3856 et

460 3895 612 3950 dabit
638 3893 792 3948 vobis
822 3891 1124 3947 mercedem
1152 3893 1207 3944 in
1235 3900 1480 3959 tempore
1510 3905 1638 3947 suo.

534 3985 760 4039 Praestat
801 3983 894 4052 qui
951 3983 1007 4036 in
1055 3983 1310 4038 omnibus
1364 3983 1569 4052 aliquid
1627 3980 1814 4046 operis
1877 3979 2030 4047 facit,

464 4091 629 4148 quam
667 4074 761 4143 qui
795 4073 966 4143 gloria
997 4071 1250 4138 afﬁcitur,
1280 4073 1441 4143 panis
1475 4073 1746 4145 indigens.

534 4167 592 4221 In
625 4181 788 4236 opere
817 4173 909 4220 tuo
934 4165 1329 4220 eousenescito.

532 4257 614 4311 Ad
674 4255 863 4310 horam
933 4255 1306 4325 praescriptam
1370 4254 1618 4327 surgito,
1683 4268 1788 4310 nec
1845 4253 2036 4312 tardus

459 4363 602 4408 0510.

528 4439 691 4494 Joan.
739 4455 792 4494 v.
834 4437 995 4494 Pater
1035 4452 1192 4494 meus
1248 4437 1429 4493 adhuc
1481 4445 1760 4508 operatur,
1818 4446 1876 4494 et
1932 4450 2035 4509 ego

457 4547 675 4602 cperur.

531 4622 720 4677 Matth.
753 4635 879 4676 xxv.
916 4618 1090 4676 Homo
1135 4620 1358 4690 quidam
1410 4635 1640 4692 peregre
1690 4620 2038 4691 profecturus

461 4715 668 4770 vocatis
717 4712 894 4768 servis
922 4713 1039 4769 suis
1063 4711 1214 4767 dedit
1254 4727 1352 4768 sua
1383 4712 1523 4767 bona
1543 4752 1557 4777 ,
1591 4712 1682 4766 alii
1710 4713 1929 4782 quidem
1956 4722 2042 4768 ta-

459 4803 604 4860 lenta
641 4808 902 4874 quinque,
934 4803 1095 4857 alteri
1151 4811 1328 4856 autem
1365 4804 1496 4866 duo,
1542 4803 1692 4858 alteri
1738 4817 1930 4867 unum,
1977 4817 2044 4858 ac

462 4911 564 4964 pro
597 4895 857 4951 facultate
886 4893 1106 4964 cuique,
1147 4901 1202 4949 et
1252 4907 1476 4966 peregre
1508 4893 1788 4964 profectus
1827 4902 1946 4961 est,
1987 4905 2040 4952 et

463 4988 692 5056 reliqua.

533 5080 654 5135 Aet.
704 5093 796 5134 xx.
848 5078 952 5148 Ipsi
999 5078 1172 5134 nostis
1224 5092 1420 5133 manus
1465 5078 1564 5133 bas
1613 5080 2038 5136 necessitatibus
2115 5115 2120 5118 -

464 5171 604 5226 meis
657 5178 712 5224 et
763 5185 953 5224 eorum
1013 5168 1109 5238 qui
1162 5183 1373 5224 mecum
1427 5177 1586 5224 erant
1631 5171 1975 5225 ministrasse
2019 5187 2035 5225 :

461 5262 714 5331 exemplo
744 5261 1110 5318 demonstravi
1149 5259 1305 5330 193
1335 5260 1513 5324 vobis,
1549 5262 1630 5317 sic
1677 5261 2036 5316 laborandum

461 5369 611 5418 esse,
647 5364 707 5408 ut
736 5353 968 5408 inﬁrmis
1013 5354 1407 5419 subveniatur;
1458 5353 1732 5407 recordari
1765 5354 1908 5407 enim
1941 5354 2036 5408 de-

467 5444 606 5500 betis
651 5444 815 5499 verba
865 5442 1099 5510 Domini,
1149 5459 1276 5499 eum
1309 5443 1427 5515 ipse
1464 5445 1704 5499 dixerit:
1749 5461 1768 5496 ι
1801 5442 2038 5500 Felicius

463 5545 552 5593 est
581 5535 734 5602 dare,
774 5551 934 5606 quam
973 5537 1240 5607 accipere.
1267 5556 1287 5590 ι

539 5628 571 5684 Ι
619 5629 802 5685 Thess.
855 5645 930 5685 tv.
983 5627 1277 5684 Hortamur
1332 5638 1514 5686 autem
1564 5645 1684 5695 vos,
1716 5627 1948 5692 fratres,
1980 5637 2040 5684 ut

469 5721 896 5776 abundantiores
939 5717 1082 5785 sitis,
1114 5727 1169 5773 et
1199 5719 1459 5776 studeatis
1488 5721 1698 5789 quieti,
1737 5730 1790 5775 et
1829 5719 2036 5788 privata

469 5826 637 5883 opera
668 5811 901 5879 faciatis,
927 5809 1286 5880 manibusque
1308 5811 1504 5868 vestris
1532 5825 1668 5882 opus
1695 5810 2031 5870 conﬁciatis:

2201 2441 2398 2511 Χεϊρες
2420 2437 2681 2508 ἀνδρείων
2713 2436 3002 2501 πλουτίζου
3013 2453 3120 2490 σιν.

2213 2534 2305 2589 Ἐν
2339 2533 2501 2588 παντὶ
2536 2531 2879 2604 μεριμνῶντι
2923 2530 3104 2587 ἔνεστι
3139 2530 3423 2603 περισσόν.

2105 2705 2116 2742 ι’
2211 2708 2272 2763 Ὀ
2309 2707 2562 2776 συνάγων
2614 2705 2794 2777 ἔαυτῷ
2848 2703 2972 2777 μετ’
3010 2705 3299 2770 εὐσεϐείας
3331 2704 3730 2776 1:qu)ququ-

2130 2816 2222 2855 ται

2206 2892 2434 2961 Ἥρεισε
2451 2889 2575 2950 τοὺς
2605 2888 2896 2958 βραχίονας
2919 2888 3091 2958 αὐτῆς
3118 2889 3198 2951 είς
3221 2886 3404 2957 ἔργον,
3435 2889 3534 2942 καὶ
3557 2890 3728 2956 ὲγεύ..

2135 2999 2265 3036 caro
2294 2984 2375 3037 ὅτι
2406 2981 2571 3034 καλόν
2609 2983 2730 3034 ἐστι
2765 2979 2828 3032 τὸ
2870 2980 3201 3052 ἐργάζεσθαι
3227 2995 3241 3010 ο
3281 2981 3378 3035 καὶ
3431 2981 3494 3034 οὐ
3547 2999 3731 3038 κατα-

2136 3073 2425 3128 σϐέννυται
2454 3075 2481 3125 ὁ
2498 3071 2694 3142 λύχνος
2726 3071 2896 3142 αὐτῆς
2913 3072 3043 3142 ὃλην
3067 3071 3166 3141 τὴν
3194 3071 3389 3129 νύκτα.

2051 3179 2102 3242 c
2205 3166 2538 3234 Κατακρινεϊ
2583 3163 2791 3227 δίκαιος
2829 3162 3025 3232 καμὼν
3057 3163 3184 3226 τοὺς
3219 3162 3426 3227 ζῶντας
3469 3163 3720 3228 ἀσεϐεῖς.

2218 3252 2464 3321 Ἀγαθῶν
2485 3251 2666 3306 πόνων
2691 3249 2905 3320 καρπὸς
2928 3250 3181 3321 εὐκλεής.

2218 3344 2307 3398 Ἐν
2331 3344 2466 3397 πᾶσι
2496 3344 2610 3406 τοῖς
2643 3341 2828 3413 ἔργοις
2859 3357 2955 3394 σου
2986 3341 3139 3410 γίνου
3163 3341 3444 3411 ἑντρεχὴς,
3475 3341 3573 3394 καὶ
3604 3342 3717 3396 πᾶν

2135 3433 2474 3507 ἀρρώστημα
2503 3435 2566 3488 οὑ
2601 3435 2674 3504 μή
2705 3451 2765 3487 σε
2797 3435 3112 3505 ἀπαντήσῃ.

2205 3527 2438 3580 Πίστευε
2467 3525 2544 3595 τῷ
2576 3526 2767 3596 Κυρίῳ
2812 3527 2906 3579 καὶ
2950 3524 3157 3596 ἔμμενε
3188 3525 3268 3596 τῷ
3306 3525 3454 3596 πόνῳ
3484 3542 3602 3588 σου,
3633 3527 3722 3580 ὅτι

2138 3617 2342 3684 κοῦφον
2388 3618 2446 3671 ἔν
2499 3617 2800 3687 ὀφθαλμοῖς
2847 3617 3057 3688 Κυρίου
3111 3617 3374 3689 ἐξαπίνης
3425 3617 3720 3672 πλουτίσαι

2139 3713 2374 3781 πένητα.

2217 3802 2552 3873 Ἐργάζεσθε
2604 3802 2665 3857 τὺ
2696 3801 2858 3870 ἔργον
2887 3799 3044 3872 ὑμῶν
3091 3799 3198 3872 πρὸ
3245 3799 3465 3872 καιροῦ,
3498 3801 3594 3854 καὶ
3621 3800 3727 3854 δὼ-

2135 3909 2219 3950 σει
2254 3895 2347 3948 τὸν
2374 3895 2568 3964 μισθὸν
2599 3893 2755 3956 ὑμῶν
2787 3895 2846 3945 ὲν
2887 3892 2966 3962 τῷ
2997 3893 3180 3963 καιρῷ
3212 3891 3400 3946 αὑτοῦ.

2210 3986 2477 4055 Κρεῐσσον
2533 3983 2902 4055 ἐργαζόμενος
2937 3983 2996 4036 ἔν
3047 3982 3309 4053 πᾶσιν,ἢ
3356 3978 3726 4052 δοξαζόμενος

2135 4077 2229 4131 καὶ
2249 4075 2470 4146 ἀπορῶν
2517 4075 2710 4144 ἄρτου.

2218 4165 2309 4219 Ἐν
2333 4165 2410 4236 τῷ
2447 4164 2596 4236 ἔργῳ
2619 4181 2710 4218 σου
2738 4163 3101 4234 παλαιώθητι.

2218 4255 2308 4311 Ἐν
2337 4259 2406 4329 τῇ
2447 4255 2568 4328 ὥρᾳ
2599 4272 2692 4309 σου
2717 4253 3017 4324 ὲξεγείρου,
3058 4252 3153 4308 καὶ
3180 4253 3257 4326 μὴ
3294 4253 3585 4328 βραδύνῃς.

2215 4441 2277 4495 '0
2297 4439 2488 4509 Πατήρ
2526 4454 2628 4509 μου
2657 4437 2762 4502 ἔως
2789 4438 2916 4510 ἀρτι
2943 4436 3263 4508 ἐργάζεται,
3301 4437 3459 4508 κάγὼ
3491 4439 3730 4509 ἐργάζο-

2069 4526 2114 4582 D
2143 4549 2266 4604 μαι.

2219 4620 2538 4692 ’Ἄνθρωπός
2607 4637 2694 4684 τις
2741 4620 3046 4692 ἀποδημῶν
3087 4623 3316 4677 ἐκάλεσε
3365 4625 3498 4688 τοὺς
3558 4626 3728 4690 ίδίους

2142 4711 2385 4778 δούλους,
2419 4715 2514 4766 καὶ
2540 4712 2859 4784 παρέδωκεν
2883 4714 3072 4779 αὐτοῖς
3096 4715 3166 4769 τὰ
3186 4716 3507 4787 ὑπάρχοντα
3531 4719 3724 4772 αὐτοῦ’

2142 4806 2236 4859 καὶ
2269 4797 2313 4872 ᾧ
2347 4803 2446 4874 μὲν
2473 4804 2642 4857 ἔδωκε
2669 4807 2835 4858 πέντε
2868 4806 3128 4874 τάλαντα,
3161 4799 3206 4875 ᾧ
3237 4807 3296 4860 δὲ
3342 4808 3456 4876 δύο,
3480 4801 3523 4875 ᾧ
3551 4810 3608 4862 δὲ
3638 4810 3723 4874 ἓν,

2143 4895 2358 4965 ἑκάστῳ
2385 4895 2527 4948 κατά
2551 4893 2652 4966 τὴν
2705 4895 2843 4950 ἰδίαν
2893 4895 3169 4966 δύναμινο
3213 4899 3312 4951 καὶ
3363 4899 3726 4970 ἀπεδήμησεν

2140 4987 2366 5053 εὐθέως,
2393 4987 2488 5042 καὶ
2507 4987 2577 5040 τὰ
2607 4985 2759 5056 ἑξῆς.

2211 5075 2379 5128 Αὐτοὶ
2431 5075 2739 5143 γινώσκετε
2768 5076 2852 5131 δτι
2900 5079 3024 5143 ταῖς
3070 5077 3289 5150 χρείαις
3339 5096 3445 5151 μου
3475 5083 3570 5136 καὶ
3612 5085 3729 5146 τοῖς

2138 5163 2260 5220 οὖσι
2296 5165 2412 5236 μετ’
2443 5165 2576 5234 ἐμοῦ
2602 5167 2962 5240 ὑπηρέτησαν
2989 5169 3046 5224 αἱ
3080 5172 3266 5242 χεῖρες
3329 5170 3517 5226 αῦται.
3558 5173 3730 5226 Ὑπέ-

2139 5257 2291 5324 δειξα
2321 5259 2414 5314 οῦν
2445 5261 2596 5330 ὑμῖν,
2641 5261 2723 5314 ὃτι
2750 5259 2926 5325 οὕτως
2973 5261 3286 5324 κοπιῶντας
3319 5261 3403 5316 δεῖ
3459 5264 3734 5330 ἀντιλαμο

2143 5351 2408 5404 ϐάνεσθαι
2434 5352 2544 5404 τῶν
2574 5352 2972 5420 ἀσθενούντων,
3009 5352 3374 5424 μνημονεύειν
3408 5369 3469 5406 τε
3505 5353 3616 5406 τῶν
3639 5353 3734 5406 λό-

2141 5460 2252 5512 γων
2279 5443 2374 5496 τοῦ
2409 5444 2616 5514 Κυρίου
2662 5443 2859 5513 Ἰησοῦ,
2891 5445 2976 5497 ὃτι
3009 5446 3176 5508 αὐτὸς
3224 5439 3345 5498 εἶπε
3372 5459 3387 5475 °
3434 5445 3734 5516 Μακάριον

2140 5535 2200 5585 τὸ
2227 5531 2426 5586 διδόναι
2466 5531 2665 5601 μᾶλλον
2692 5533 2725 5603 ἢ
2753 5533 3073 5602 λαμϐάνειν.

2213 5622 2650 5694 Παρακαλοῦμεν
2705 5623 2764 5676 δὲ
2823 5623 2991 5694 ὑμᾶς,
3065 5623 3308 5692 ἀδελφοὶ,
3376 5626 3738 5696 περισσεύειν

2146 5716 2348 5789 μᾶλλον
2400 5717 2498 5772 καὶ
2552 5716 2954 5789 φιλοτιμεῖσθαι
3013 5718 3328 5790 ἡσυχάζειν,
3393 5721 3488 5773 καὶ
3545 5723 3739 5791 πράσ-

2149 5827 2263 5867 σειν
2291 5809 2358 5864 τά
2411 5808 2540 5879 ἴδια,
2572 5809 2714 5885 ικαὶ,
2740 5807 3076 5880 ἐργάζεσθαι
3120 5810 3242 5875 ταῖς
3296 5812 3486 5880 χερσὶν
3547 5811 3735 5882 ὑμῶν,
