4056 6416
311 345 439 410 lll’Zl

1085 349 1256 410 LOCI
1298 349 1741 412 COMMUNES.
1781 371 1850 387 ·-
1889 350 2080 412 PARS
2118 349 2201 412 II.
2243 350 2503 414 SERMO
2541 353 2712 417 XLV.

3435 356 3575 422 1122

309 453 493 517 καθὼς
543 455 997 526 παρηγγείλαμεν
1050 457 1204 526 ὑμῖν,
1258 461 1348 516 ἵνα
1408 470 1753 539 περιπατῆτε
1805 468 1946 528 εὐο)

2022 468 2460 534 ιιιεηιεάηιοᾱιιηι
2491 482 2924 538 ρι’ωεεμετληιιις
2979 470 3156 538 vobis,
3210 480 3272 527 ut
3318 470 3580 528 dect-nter

311 545 602 616 σχημόνως
659 549 796 620 πρὸς
852 551 980 615 τοὺς
1058 552 1184 620 ἔξω,
1241 557 1338 609 καὶ
1412 559 1642 628 μηδενὸς
1702 565 1893 633 χρείαν

311 639 492 693 ἔγητε.

414 657 492 693 τε.

339 657 456 785 xta”
493 731 606 803 γὰρ
652 733 799 804 πόνῳ
860 735 1061 805 κτηοὲν
1107 740 1422 811 περιχαρῶς
1475 741 1772 818 ὑπεδέχθη,
1804 754 1897 806 καὶ

2001 573 2095 612 vos
2121 558 2326 629 geratis
2349 574 2477 630 erga
2519 570 2836 626 extraneos,
2870 563 3130 634 nullaque
3170 579 3228 619 re
3264 563 3581 634 indigentis.

2075 735 2272 790 Incerti
2301 740 2553 794 auctoris.
2586 739 2739 807 Quod
2769 742 2915 796 enim
2966 742 3157 799 labore
3204 752 3420 814 partum
3459 753 3541 798 est
3567 782 3584 809 ,

316 823 624 889 φιλοπόνως
674 824 1005 900 διεφυλάχθη
1035 844 1052 862 ο
1110 823 1185 885 ὧν
1249 834 1439 902 μέντοι
1501 840 1796 912 πρόχειρος
1870 849 1899 902 δ

2022 826 2209 895 najore
2238 827 2422 882 laatitia
2450 832 2738 901 accipitur,
2768 831 3194 902 diligentiusque
3224 845 3538 889 asservatur
3567 853 3585 902 ;

316 915 608 987 πορισμὸς,
683 919 892 974 τούτων
969 921 1065 975 καὶ
1121 923 1155 993 ὴ
1219 929 1411 996 κτῆσις
1481 931 1900 1010 εὐκαταφρόνη-

314 1023 424 1061 τος.

389 1097 597 1192 Micon;
627 1098 798 1166 ὅντως
877 1106 975 1170 ξία
1029 1113 1124 1165 καὶ
1178 1117 1654 1192 καταγνώσεωςή
1708 1123 1899 1191 ἀργία,

323 1188 615 1261 μύρμηκος
647 1195 742 1247 καὶ
797 1199 1062 1272 μελίσσης
1123 1209 1342 1278 χείρονα
1393 1213 1621 1266 ποιοῦσα
1643 1188 1766 1270 -τὸν
1796 1188 1903 1270 ’ἆνέ

320 1279 562 1346 θρωπονο
607 1287 662 1345 ὃς
692 1305 755 1357 γε
789 1291 883 1344 καὶ
908 1294 962 1360 ἐξ
992 1297 1168 1368 ἀρχῆς
1203 1302 1467 1367 πλασθεὶς
1509 1306 1668 1378 ἐτέθη
1704 1311 1783 1372 εἰς
1812 1312 1904 1365 τὸν

323 1378 685 1446 παράδεισον,
768 1384 1102 1455 ἐργάζεσθαι
1183 1393 1278 1446 καὶ
1347 1395 1646 1464 φυλάσσειν
1719 1402 1902 1456 αὐτόν.

324 1466 488 1522 Ὥστε
521 1471 582 1523 τὸ
620 1473 840 1543 πρῶτον
875 1480 972 1532 καὶ
1025 1483 1365 1540 οἰκειότατον
1387 1491 1496 1544 τῶν
1541 1493 1847 1560 ἀνθρώπιον
1873 1499 1906 1567 ἡ

323 1563 455 1662 περὶ
480 1564 590 1662 τῶν
611 1565 788 1636 ἔργων
809 1574 1038 1646 σπουδὴ,
1068 1578 1162 1631 καὶ
1189 1579 1354 1635 οἱονεὶ
1375 1584 1527 1653 παρᾶ
1560 1585 1724 1654 φύσιν
1758 1563 1909 1662 αὺτῷ

323 1656 356 1724 ἡ
384 1657 575 1724 ἀργία.

397 1753 462 1805 Τί
493 1753 604 1807 τῶν
633 1756 858 1826 ἀγαθῶν
908 1761 1169 1834 εὖκολον;
1202 1767 1283 1832 τίς
1323 1771 1604 1828 καθεύδων
1641 1778 1906 1846 τρόπαιον

326 1841 593 1912 ἔστησε-νς
644 1851 726 1912 τίς
774 1853 1000 1922 τρυφῶν
1034 1859 1129 1911 καὶ
1175 1863 1609 1930 καταυλούμενος
1660 1872 1775 1934 τοῖς
1806 1873 1906 1941 τῆς

322 1939 609 2004 εὐσεϐείας
637 1944 925 2012 στεφάνοις
953 1953 1346 2024 κατεκοσμήθη
1380 1971 1394 2021 ;
1438 1958 1630 2022 Οὐδεὶς
1668 1961 1744 2032 μὴ
1774 1939 1907 2032 δρα-

327 2029 444 2097 μὼν
469 2033 709 2086 ἀνείλετο
740 2035 1018 2106 βραϐεῖον.
1054 2043 1216 2097 Πόνοι
1249 2048 1482 2115 γεννῶσι
1510 2050 1693 2121 δόξαν,
1722 2056 1906 2126 κάμα-

323 2139 406 2176 τοι
437 2125 762 2194 προξενοῦσι
797 2133 1119 2202 στεφάνους.

398 2313 472 2364 Τὸ
504 2313 602 2381 μὲν
629 2313 828 2371 ἑαυτοῦ
873 2318 1062 2375 ἕνεκεν
1114 2325 1408 2396 μεριμνᾷς),
1467 2328 1500 2399 ἦ
1547 2330 1906 2399 ἐργάξεσθαι,

327 2407 678 2462 παντάπασιν
731 2411 1142 2481 ἀπηγόρευταιο
1176 2421 1301 2471 κατ’
1347 2421 1566 2494 ἐντολὴν
1590 2424 1646 2476 δὲ
1673 2428 1768 2479 τοῦ
1798 2431 1909 2482 Κυ-

329 2498 446 2567 ρίου
478 2500 568 2554 διὰ
603 2502 702 2572 τὴν
730 2507 923 2574 χρείαν
959 2508 1057 2562 τοῦ
1103 2509 1336 2581 πλησίον
1385 2518 1658 2587 μεριμνᾷν
1694 2519 1789 2572 καὶ
1822 2522 1913 2592 ἐρ-

327 2591 594 2659 γάζεσθαι
625 2597 1050 2670 σπουδαιότερον
1085 2604 1215 2672 χρή.

403 2688 466 2739 Οί
521 2689 586 2741 ἐκ
651 2692 869 2761 μακρᾶς
932 2677 1226 2764 σῦνηθείας
1299 2700 1689 2771 μελετηθέντες
1759 2709 1912 2764 πόνοι

333 2778 674 2852 ἀλυπότερον
716 2786 1128 2854 προσπίπτουσι
1184 2793 1297 2854 τοῖς
1346 2795 1909 2869 ἐγγεγυμνασμένοις.

410 2870 600 2926 Ἔστιν
631 2873 696 2927 ὲκ
745 2875 927 2930 πόνων
976 2877 1159 2948 ὑγεία,
1212 2884 1306 2936 καὶ
1350 2885 1410 2950 ἑξ
1464 2887 1707 2956 ἱδρώτων
1735 2908 1915 2963 σωτη-

332 2962 448 3030 ρία.
1188 2973 1192 2978 ’

419 3053 545 3148 ξΕὰν
571 3057 837 3128 φύγωμεν
871 3061 972 3132 τῆς
1017 3063 1220 3135 σαρκὸς
1250 3066 1317 3120 τὰ
1349 3069 1601 3139 επίπονα,
1656 3075 1755 3129 οὐκ
1786 3076 1917 3148 ὀψό-

336 3147 477 3216 μεθα
501 3149 570 3202 τὰ
596 3150 780 3218 ἀγαθὰ
807 3152 919 3205 τῶν
948 3155 1192 3211 δικαίων.

405 3240 479 3292 Τὸ
523 3243 719 3311 μικρὸν
770 3246 861 3298 ἐπὶ
911 3248 1131 3319 σμικρῷ
1186 3251 1574 3311 κατατίθεσθαι
1638 3259 1700 3311 οὐ
1759 3260 1918 3331 μόνον

337 3335 416 3396 εἰς
476 3333 743 3406 ἀργυρίου
798 3341 1140 3413 προσθήκην,
1169 3343 1304 3399 ἀλλὰ
1350 3349 1443 3400 καὶ
1490 3351 1572 3413 είς
1631 3353 1920 3422 ἡντιναοῦν

337 3427 652 3499 ἐπιστήμην
705 3430 883 3502 ὀρθῶς
941 3432 1108 3502 ἔχειν,
1158 3435 1239 3506 τῷ
1287 3440 1563 3510 σπουδαίῳ
1613 3445 1917 3515 προσῆκεν.

409 3609 523 3679 Τῆς
573 3609 744 3680 αὐτῆς
802 3612 920 3684 ἐστι
971 3611 1316 3684 δυσχερείας,
1371 3618 1470 3670 καὶ
1525 3619 1836 3689 κτήσασθαί
1868 3639 1921 3675 τι

336 3701 447 3754 τῶν
481 3701 702 3770 ἀγαθῶν
733 3703 834 3774 οὐχ
867 3703 1132 3775 ὑπάρχον,
1167 3707 1262 3759 καὶ
1284 3709 1484 3776 κτηθὲν
1519 3710 1917 3770 διασώσασθαι.

339 3794 609 3859 Πολλάκις
635 3797 768 3865 γὰρ,
805 3796 834 3849 ὃ
873 3796 974 3866 μὲν
1019 3799 1224 3869 σπουδὴ
1286 3802 1615 3869 προσέλασε,
1676 3807 1923 3878 ῥᾳθυμία

335 3885 666 3957 διέφθειρεν·
699 3887 728 3940 ὃ
758 3889 814 3941 δὲ
853 3889 1011 3952 ὄκνος
1047 3890 1350 3958 ἀπώλεσεν,
1390 3894 1762 3952 ἀνεκαλέσατο
1803 3902 1924 3955 ἐπι-

343 3980 474 4050 μέλε
484 3998 555 4036 ια.
714 3972 716 3974 ⁷

419 4075 569 4128 Φιλεί
595 4075 656 4128 τὸ
689 4074 790 4144 μὲν
819 4074 967 4146 πόνῳ
1012 4075 1213 4146 κτηθὲν
1251 4076 1454 4145 μᾶλλον
1486 4081 1831 4150 κρατεῖσθαι,
1866 4085 1927 4140 τὸ

347 4170 405 4223 δὲ
435 4169 634 4242 ῥᾳδίως
667 4169 866 4240 κτηθὲν
907 4170 1288 4225 ἀποπτύεσθαι
1334 4173 1590 4244 τάχιστα,
1633 4174 1705 4240 ὡς
1764 4178 1926 4233 πάλιν

342 4265 618 4335 ληφθῆναι
653 4264 974 4332 δυνάμενον.

417 4360 482 4411 Δί
513 4360 758 4427 γενναῖαι
789 4357 1001 4427 φύσεις,
1062 4355 1224 4427 λόγου
1258 4358 1358 4429 μὲν
1416 4359 1589 4424 αὐτὰς
1645 4362 1928 4432 παιδαγω-

337 4452 565 4522 γοῦντος
593 4451 684 4505 καὶ
709 4451 1107 4516 διευθύνοντος,
1144 4450 1286 4520 μέγα
1318 4467 1371 4504 τι
1399 4453 1591 4521 χρῆμα
1626 4454 1764 4523 πρὸς
1797 4456 1928 4525 ἀρε-

2002 933 2234 986 quorum
2267 929 2445 974 autem
2495 919 2670 976 facilis
2704 933 2788 978 est
2818 925 3176 993 comparatio,
3208 940 3400 980 eorum
3437 915 3583 994 ipso~

2005 1027 2124 1065 rum
2155 1017 2550 1070 contemnenda
2581 1029 2663 1072 est
2704 1023 3000 1088 possessio.

2079 1103 2260 1158 Otium
2303 1106 2549 1175 profecto
2595 1114 3052 1171 condemnatione
3092 1127 3144 1170 et
3193 1117 3321 1172 odio
3360 1118 3586 1188 dignun:

2006 1204 2110 1259 εει,
2154 1210 2263 1264 quo
2297 1197 2542 1253 formicis
2589 1210 2642 1255 et
2685 1203 2879 1272 apibus
2919 1207 3156 1262 deterior
3196 1209 3359 1263 homo
3406 1208 3590 1264 reddi—

2011 1295 2100 1341 tur
2134 1305 2148 1344 ;
2178 1289 2272 1356 qui
2327 1290 2548 1358 quidem
2577 1309 2712 1346 -cum
2762 1296 2939 1365 primo
2985 1297 3250 1354 formatus
3297 1309 3481 1368 esset,
3534 1302 3588 1355 in

2009 1381 2263 1448 paradiso
2300 1382 2598 1438 collocatus
2647 1395 2752 1453 est,
2811 1397 2871 1441 ut
2917 1404 3041 1443 cum
3076 1392 3346 1446 excoleret
3395 1400 3449 1446 et
3496 1408 3594 1446 cu-

2011 1472 2263 1528 stodiret.
2296 1473 2477 1540 Quare
2511 1477 2745 1546 primum
2779 1491 2828 1534 et
2861 1480 3096 1534 maxime
3119 1484 3592 1537 accommodatum

2011 1575 2098 1620 cst
2150 1580 2358 1622 natura:
2407 1570 2649 1625 hominis
2680 1573 2863 1642 operis
2913 1583 2968 1628 et
3004 1574 3208 1630 laboris
3243 1577 3503 1643 studium,
3538 1585 3595 1630 et

2013 1661 2168 1728 quasi
2201 1672 2389 1716 contra
2425 1676 2670 1719 naturam
2704 1667 2876 1735 ipsius
2905 1667 3103 1722 otimn.

2086 1751 2226 1817 Qu‘:d
2258 1769 2321 1808 ex
2358 1771 2586 1812 numero
2623 1759 2887 1812 bonorum
2938 1759 3094 1814 facile
3142 1761 3261 1816 est?
3291 1762 3416 1831 quis
3465 1762 3598 1818 dor-

2015 1844 2187 1899 iniens
2211 1862 2445 1914 unquam
2479 1858 2741 1918 tropzeum
2765 1851 2880 1904 ﬁxit
2900 1852 3062 1920 ?quis
3089 1853 3141 1907 in
3169 1853 3384 1910 deliciis
3407 1855 3509 1910 νὶνι
3533 1873 3598 1912 ns

2009 1944 2062 1990 ct
2102 1940 2355 1995 cautibus
2391 1956 2513 1996 sese
2536 1943 2844 2008 oblcctans,
2877 1947 3094 2014 pietatis
3123 1947 3344 2002 coronis
3383 1959 3466 2004 est
3498 1966 3598 2002 un-

2011 2044 2173 2098 quam
2207 2031 2535 2089 decoratus?
2573 2035 2743 2092 Nemo
2773 2039 2866 2106 qui
2901 2055 3007 2094 non
3060 2043 3307 2097 cucurrit
3353 2043 3595 2112 palmam

2009 2130 2064 2172 et
2113 2120 2362 2178 bravium
2399 2127 2604 2182 retulit.
2659 2126 2899 2185 Laborcs
2952 2131 3181 2201 gloriam
3232 2133 3468 2203 pariunt,
3507 2148 3600 2187 su-

2013 2213 2174 2269 dores
2205 2229 2440 2272 coronas
2470 2229 2817 2289 comparant.
2965 2293 2972 2298 η

2084 2305 2158 2361 Ut
2185 2307 2268 2362 sui
2303 2323 2472 2365 causa
2499 2313 2623 2380 quis
2650 2313 2918 2371 sollicitus
2946 2316 3018 2372 sit
3049 2328 3100 2372 et
3129 2332 3266 2388 opus
3296 2317 3484 2386 faciat,
3515 2321 3598 2374 in-

2016 2398 2307 2454 terdiclum
2341 2411 2426 2456 est
2455 2405 2716 2470 omnino;
2760 2415 2816 2460 at
2853 2420 3178 2476 praeceptum
3218 2421 3302 2464 est
3326 2411 3599 2477 divinum,

2017 2499 2073 2539 ιιι
2117 2499 2338 2560 propter
2371 2495 2603 2562 proximi
2637 2498 3016 2554 necessitatem
3055 2509 3108 2554 et
3152 2501 3372 2556 solliciti
3401 2501 3600 2567 simus,

2015 2587 2069 2634 et
2102 2581 2524 2653 diligentissime
2551 2587 2605 2642 in
2635 2605 2772 2658 opus
2802 2591 3206 2649 incumbamus.

2089 2672 2271 2744 Longa
2316 2681 2718 2735 consuetudine
2775 2685 3058 2740 exercitati
3118 2687 3336 2744 labores
3382 2689 3600 2746 minore

2019 2767 2268 2820 molestia
2301 2769 2368 2823 ab
2399 2772 2716 2828 exercitatis
2741 2775 3139 2846 suscipiuntur.

2089 2854 2166 2910 Ex
2204 2856 2486 2917 laboribus
2516 2863 2791 2930 valetudo,
2824 2881 2888 2921 ex
2922 2867 3218 2926 sudoribus
3249 2871 3423 2928 salus.

2093 3040 2150 3096 Si
2181 3057 2304 3110 qua:
2336 3042 2489 3097 carni
2529 3052 2656 3097 sunt
2693 3043 2919 3100 molesta
2953 3045 3276 3119 ingerimus,
3319 3067 3424 3108 non
3461 3053 3607 3110 frun-

1941 3173 1986 3233 c
2020 3147 2143 3187 mur
2167 3133 2440 3202 justorum
2482 3134 2660 3190 bonis.

2100 3224 2387 3281 Paululum
2421 3227 2643 3296 paulqu
2671 3227 2967 3300 adiungere
2991 3274 3007 3300 ,
3046 3248 3155 3288 non
3193 3235 3370 3291 solum
3407 3239 3474 3295 ad
3509 3257 3608 3311 pe-

2025 3321 2202 3374 cuniae
2249 3322 2754 3391 ampliﬁcationem,
2790 3323 2885 3380 sed
2921 3326 3086 3380 etiam
3121 3328 3187 3384 ad
3217 3346 3605 3405 quamcunque

2025 3413 2306 3467 scientiam
2343 3414 2494 3481 utile,
2531 3418 2759 3474 studiosi
2811 3426 2867 3474 et
2912 3418 3195 3490 diligentis
3225 3422 3465 3484 hominis
3496 3430 3607 3486 uiii-

2025 3509 2168 3562 cium
2199 3518 2305 3564 est.

2045 3654 2048 3656 γ
2103 3597 2372 3670 Theolngi.
2415 3599 2676 3670 Ejusdem
2713 3610 2798 3658 est
2836 3603 3172 3660 diliicultatis
3223 3605 3429 3675 aliquid
3480 3605 3610 3662 boni

2026 3693 2314 3761 acquirere
2345 3695 2489 3762 quod
2521 3695 2764 3750 nondum
2802 3695 3028 3764 habeas,
3057 3707 3112 3754 et
3141 3699 3409 3768 acquisita
3445 3701 3610 3754 tueri.

2028 3784 2182 3852 Saepe
2229 3787 2373 3840 enim
2422 3787 2570 3857 quod
2617 3787 2803 3842 studio
2846 3799 3060 3857 partum
3103 3798 3244 3855 erat,
3279 3790 3611 3860 negligentia

2029 3879 2309 3949 perdidit:
2351 3889 2407 3934 et
2452 3881 2599 3951 quod
2652 3881 2983 3951 negligentia
3021 3882 3280 3953 perdidit,
3328 3885 3611 3956 diligentia

2029 3975 2396 4044 recuperavit.

2100 4065 2255 4132 Quod
2288 4066 2474 4122 labore
2510 4078 2724 4136 partum
2757 4076 2875 4136 est,
2911 4069 3226 4138 diligentius
3257 4070 3485 4127 retineri
3519 4087 3616 4128 so-

2030 4158 2105 4213 let
2133 4176 2146 4212 :
2175 4160 2322 4229 quod
2362 4169 2543 4214 autem
2575 4159 2733 4215 facile
2763 4162 3052 4230 quaesitum
3093 4172 3212 4230 est,
3252 4180 3413 4233 quam
3444 4167 3616 4220 celer-

2030 4251 2167 4305 rime
2196 4252 2492 4320 respuitur,
2545 4258 2806 4323 tanquam
2845 4251 3007 4308 facile
3049 4257 3361 4325 recuperari
3419 4258 3613 4326 possit.

2019 4381 2024 4390 -
2103 4342 2380 4398 Generosa
2420 4343 2634 4412 ingenia
2660 4381 2678 4409 ,
2710 4345 2924 4400 ratione
2962 4346 3182 4414 quidem
3213 4350 3535 4405 moderante
3561 4360 3616 4406 et

2033 4435 2324 4504 dirigente,
2364 4449 2619 4503 magnum
2655 4435 2858 4490 habent
2892 4449 3229 4492 momentum
3251 4439 3317 4494 ad
3358 4442 3612 4497 virtutem

339 4549 462 4615 τήν·
493 4544 882 4614 ἐπιλειπούσης
933 4543 992 4596 δὲ
1020 4543 1334 4615 ἐπιστήμης
1369 4543 1464 4596 καὶ
1495 4544 1680 4612 λόγου,
1713 4545 1776 4599 τὸ
1814 4546 1926 4601 ἴσον

2035 4525 2366 4596 sequendam
2395 4543 2406 4577 :
2438 4525 2599 4598 194.
2631 4537 2688 4582 at
2721 4526 2766 4582 si
2798 4527 2939 4582 desit
2967 4527 3195 4584 scientia
3227 4536 3282 4584 et
3306 4531 3468 4597 ratio,
3505 4547 3614 4587 non

341 4643 422 4700 είς
454 4639 657 4694 κακίαν
683 4637 1057 4708 εὑρίσκονται.

417 4733 632 4802 Μικρὸν
653 4731 1012 4804 κοπιάσωμεν
1034 4731 1251 4802 χρόνον,
1276 4731 1574 4802 ἀγαπητοὶ,
1606 4731 1694 4786 ἵνα
1721 4730 1797 4804 μὴ
1823 4731 1930 4785 τῶν

343 4826 581 4879 αἰωνίων
617 4825 944 4894 ἐκπέσωμεν
973 4823 1219 4893 ἀγαθῶν.

423 4919 565 4990 Πρὸς
605 4917 785 4988 ὀλίγον
828 4919 1024 4990 χρόνον
1056 4920 1085 4973 ὁ
1129 4917 1401 4989 κάματος,
1465 4917 1560 4971 καὶ
1617 4918 1700 4979 είς
1757 4917 1933 4972 αἰῶνα

347 5011 548 5076 αἰῶνος
575 5013 608 5082 ἡ
638 5011 975 5074 ἀνάπαυσις.

423 5107 599 5160 Ὅπου
625 5106 829 5158 πλείων
853 5107 882 5157 ὁ
913 5104 1096 5170 πόνος,
1124 5105 1240 5157 ἐκεῖ
1270 5100 1476 5174 μείζων
1502 5103 1535 5167 ή
1565 5102 1752 5172 ἡδονή.

422 5201 537 5253 Ούκ
558 5199 707 5252 ὀκνεῖ
731 5198 760 5251 ὁ
792 5193 852 5251 εὖ
882 5197 1097 5268 φρονῶν
1123 5196 1260 5267 πρὸς
1293 5198 1421 5262 τοὺς
1464 5199 1660 5260 πόνους
1689 5195 1776 5250 διὰ
1807 5197 1934 5258 τοὺς

346 5297 414 5348 ὲκ
443 5293 550 5347 τῶν
576 5292 755 5347 πόνων
783 5288 1056 5362 καρπούς.

423 5473 712 5544 Πανταχοΰ
758 5471 847 5526 διὰ
896 5468 1188 5531 δυσκολίας
1225 5468 1320 5522 καὶ
1363 5467 1545 5521 πόνων
1590 5467 1705 5529 τοῖς
1729 5465 1939 5533 ἀνθρώ-

347 5587 477 5632 ποις
513 5567 727 5636 πέφυκε
760 5565 830 5618 τὰ
860 5565 1109 5634 χρήσιμα
1149 5556 1579 5630 παραγίνεσθαι.

422 5663 486 5715 Οἱ
515 5661 669 5714 πόνοι
695 5657 806 5712 τῶν
837 5655 1062 5725 ἀγαθῶν
1096 5649 1373 5723 πανταχοῦ
1402 5649 1652 5721 χορηγοί.

420 5755 614 5826 Μικρὰ
631 5755 688 5808 ὲν
711 5751 981 5813 πετεινοῖς
1005 5748 1040 5820 ἡ
1061 5746 1318 5820 μέλισσα,
1341 5742 1593 5815 καὶάρχὴ
1619 5742 1941 5814 γλυκασμα-

349 5867 461 5908 των
484 5852 513 5903 ὁ
551 5846 768 5921 καρπὸς
789 5844 988 5916 αὐτῆς.

2031 4622 2213 4675 minus
2249 4630 2496 4690 prompte
2535 4622 2599 4674 ad
2632 4618 2759 4674 vitia
2793 4620 3074 4678 labuntur.

2100 4710 2162 4766 S.
2190 4710 2466 4781 Chrysost.
2503 4711 2710 4782 Exiguo
2747 4720 3010 4786 tempore,
3051 4727 3084 4766 ο
3113 4711 3320 4781 dilecti,
3371 4713 3620 4773 elabore-

2033 4819 2177 4871 mus,
2216 4819 2284 4859 ne
2318 4804 2479 4859 bonis
2513 4804 2830 4859 excidamus
2861 4803 3104 4859 aeternis.

2105 4897 2292 4953 Brevis
2322 4907 2408 4953 est
2445 4899 2710 4968 temporis
2743 4896 2917 4965 labor,
2945 4905 3000 4953 at
3030 4897 3087 4954 in
3114 4897 3314 4955 sarcula
3343 4897 3509 4954 multa
3544 4915 3625 4957 re-

2033 4989 2210 5058 quies.

2109 5080 2209 5136 Ubi
2243 5080 2416 5151 major
2441 5081 2618 5145 labor,
2647 5079 2720 5134 ibi
2761 5080 2933 5150 major
2963 5081 3238 5151 voluptas.

2105 5172 2212 5238 Qui
2273 5172 2564 5242 prudentia
2617 5170 2882 5242 praeditus
2937 5184 3044 5237 est,
3096 5172 3163 5227 ad
3219 5172 3460 5228 laborem
3511 5189 3621 5230 non

2037 5275 2259 5335 gravate
2311 5263 2565 5330 accedit,
2617 5273 2839 5334 propter
2900 5273 3307 5336 consequentes
3372 5266 3622 5322 laborum

2039 5356 2272 5412 fructus.

2111 5446 2279 5504 Utilia
2307 5463 2580 5518 nusquam
2612 5448 2720 5507 nisi
2754 5446 3071 5506 dinicultatc
3102 5457 3158 5506 et
3185 5448 3468 5508 laboribus
3500 5463 3629 5520 sup.
3663 5473 3666 5476 ~

2038 5540 2271 5609 peditari
2303 5542 2504 5597 solent.

2113 5634 2353 5691 Labores
2385 5635 2659 5691 bonorum
2689 5635 2892 5706 ubique
2917 5643 3046 5691 sunt
3079 5634 3389 5704 largitores.

2114 5732 2326 5802 Exigua
2356 5736 2440 5786 est
2468 5729 2612 5786 inter
2642 5730 2893 5785 volucres
2942 5729 3101 5798 apis,
3152 5735 3208 5782 at
3258 5726 3401 5783 inter
3443 5721 3630 5781 dulcia

2047 5823 2282 5894 primum
2311 5821 2488 5880 locum
2517 5828 2666 5874 tenet
2695 5819 2905 5876 fructus
2938 5817 3132 5884 ipsius.
